ts,close,volume,bid_price,bid_volume,ask_price,ask_volume,tick_type,datetime
1648026000104113000,153.0,249,153.0,67,154.0,6,1,2022-03-23 09:00:00
1648026000135981000,154.0,6,153.0,67,155.0,13,1,2022-03-23 09:00:00
1648026000151257000,155.0,1,153.0,67,155.0,12,1,2022-03-23 09:00:00
1648026000155582000,155.0,1,153.0,67,155.0,11,1,2022-03-23 09:00:00
1648026000156916000,155.0,10,153.0,67,155.0,1,1,2022-03-23 09:00:00
1648026000162767000,155.0,1,153.0,68,155.5,2,1,2022-03-23 09:00:00
1648026000171978000,156.0,1,153.5,1,157.0,9,1,2022-03-23 09:00:00
1648026000185965000,155.5,1,153.5,1,155.5,1,1,2022-03-23 09:00:00
1648026000191774000,157.0,3,153.5,2,157.0,6,1,2022-03-23 09:00:00
1648026000209709000,157.0,1,153.5,2,157.0,7,1,2022-03-23 09:00:00
1648026000225540000,153.5,2,153.0,71,157.0,5,2,2022-03-23 09:00:00
1648026000239003000,157.0,5,153.0,71,157.5,2,1,2022-03-23 09:00:00
1648026000489998000,153.0,2,153.0,72,156.5,1,2,2022-03-23 09:00:00
1648026000551026000,154.0,1,153.0,72,156.5,1,2,2022-03-23 09:00:00
1648026000911284000,155.0,5,153.0,69,156.5,2,2,2022-03-23 09:00:00
1648026000911284000,153.0,4,153.0,69,156.5,2,2,2022-03-23 09:00:00
1648026001712393000,154.0,1,153.0,72,156.0,1,2,2022-03-23 09:00:01
1648026001755763000,153.0,1,153.0,70,156.0,2,2,2022-03-23 09:00:01
1648026001978568000,153.0,33,153.0,37,156.0,2,2,2022-03-23 09:00:01
1648026001985755000,153.0,6,153.0,31,156.0,2,2,2022-03-23 09:00:01
1648026001994789000,153.0,3,153.0,28,156.0,2,2,2022-03-23 09:00:01
1648026002048224000,153.5,1,153.0,26,155.5,1,2,2022-03-23 09:00:02
1648026002048224000,153.0,2,153.0,26,155.5,1,2,2022-03-23 09:00:02
1648026002071824000,155.0,1,155.0,2,155.5,1,2,2022-03-23 09:00:02
1648026002138815000,155.5,1,155.0,2,156.0,1,1,2022-03-23 09:00:02
1648026002625103000,156.0,1,155.0,2,157.5,3,1,2022-03-23 09:00:02
1648026002625103000,156.5,1,155.0,2,157.5,3,1,2022-03-23 09:00:02
1648026002625182000,155.0,1,155.0,1,157.5,3,2,2022-03-23 09:00:02
1648026003628933000,155.5,1,155.0,10,157.0,1,2,2022-03-23 09:00:03
1648026003784646000,157.0,1,155.0,10,157.5,2,1,2022-03-23 09:00:03
1648026004374423000,157.0,1,157.0,5,157.5,2,1,2022-03-23 09:00:04
1648026004398547000,157.5,1,157.0,5,157.5,1,1,2022-03-23 09:00:04
1648026004406560000,157.0,5,156.0,2,157.5,1,2,2022-03-23 09:00:04
1648026005066517000,157.5,1,156.0,1,157.5,2,1,2022-03-23 09:00:05
1648026005713835000,157.5,1,156.5,2,157.5,1,1,2022-03-23 09:00:05
1648026006145874000,157.5,1,157.0,1,158.0,48,1,2022-03-23 09:00:06
1648026006145874000,158.0,1,157.0,1,158.0,48,1,2022-03-23 09:00:06
1648026006227579000,157.0,1,156.5,1,158.0,48,2,2022-03-23 09:00:06
1648026006281488000,158.0,1,157.0,1,158.0,47,1,2022-03-23 09:00:06
1648026006897230000,158.0,1,157.0,2,158.0,46,1,2022-03-23 09:00:06
1648026007694662000,158.0,1,157.0,2,158.0,45,1,2022-03-23 09:00:07
1648026007843657000,157.0,1,157.0,1,158.0,45,2,2022-03-23 09:00:07
1648026008790218000,157.5,2,157.0,2,158.0,45,1,2022-03-23 09:00:08
1648026008790218000,158.0,3,157.0,2,158.0,45,1,2022-03-23 09:00:08
1648026009429009000,157.5,1,157.0,3,158.0,66,1,2022-03-23 09:00:09
1648026009442305000,158.0,1,157.0,3,158.0,65,1,2022-03-23 09:00:09
1648026009775562000,157.0,1,157.0,2,158.0,65,2,2022-03-23 09:00:09
1648026009845645000,157.0,1,157.0,1,158.0,65,2,2022-03-23 09:00:09
1648026010292788000,157.5,2,157.5,14,158.0,65,2,2022-03-23 09:00:10
1648026010720540000,158.0,1,157.5,14,158.0,64,1,2022-03-23 09:00:10
1648026010738041000,157.5,2,157.5,12,158.0,64,2,2022-03-23 09:00:10
1648026010965521000,158.0,1,157.5,12,158.0,63,1,2022-03-23 09:00:10
1648026011008821000,157.5,12,157.0,5,158.0,63,2,2022-03-23 09:00:11
1648026011104148000,157.5,1,157.5,4,158.0,63,2,2022-03-23 09:00:11
1648026011556902000,158.0,1,157.5,4,158.0,63,1,2022-03-23 09:00:11
1648026011630602000,158.0,1,157.5,4,158.0,63,1,2022-03-23 09:00:11
1648026011703225000,158.0,5,157.5,4,158.0,58,1,2022-03-23 09:00:11
1648026011861104000,158.0,1,157.5,4,158.0,57,1,2022-03-23 09:00:11
1648026011884498000,157.5,1,157.5,3,158.0,57,2,2022-03-23 09:00:11
1648026011906585000,157.5,3,157.0,6,158.0,57,2,2022-03-23 09:00:11
1648026012112171000,158.0,1,157.5,1,158.0,57,1,2022-03-23 09:00:12
1648026012405477000,158.0,1,157.5,1,158.0,56,1,2022-03-23 09:00:12
1648026012720706000,158.0,1,157.5,2,158.0,55,1,2022-03-23 09:00:12
1648026012777022000,158.0,1,157.5,2,158.0,54,1,2022-03-23 09:00:12
1648026013374944000,158.0,1,157.5,2,158.0,56,1,2022-03-23 09:00:13
1648026013449185000,157.5,1,157.5,1,158.0,56,2,2022-03-23 09:00:13
1648026013650451000,157.5,1,157.0,8,158.0,56,2,2022-03-23 09:00:13
1648026013686794000,157.0,8,156.5,1,158.0,56,2,2022-03-23 09:00:13
1648026013782977000,157.0,1,156.5,1,158.0,56,1,2022-03-23 09:00:13
1648026013982315000,157.5,1,156.5,1,158.0,58,1,2022-03-23 09:00:13
1648026014220661000,157.5,1,157.0,2,158.0,59,2,2022-03-23 09:00:14
1648026014292212000,157.0,1,156.5,1,158.0,59,2,2022-03-23 09:00:14
1648026014515341000,157.5,1,156.5,1,158.0,58,1,2022-03-23 09:00:14
1648026014515341000,158.0,1,156.5,1,158.0,58,1,2022-03-23 09:00:14
1648026014938664000,157.5,1,156.5,1,157.5,3,1,2022-03-23 09:00:14
1648026015418930000,156.5,1,156.5,1,157.5,4,2,2022-03-23 09:00:15
1648026015669811000,157.5,1,156.5,1,157.5,7,1,2022-03-23 09:00:15
1648026015777951000,156.5,1,156.0,1,157.5,9,2,2022-03-23 09:00:15
1648026015927787000,157.5,6,157.0,1,157.5,3,1,2022-03-23 09:00:15
1648026016001775000,157.5,3,157.0,2,158.0,61,1,2022-03-23 09:00:16
1648026016129780000,157.0,1,157.0,1,158.0,61,2,2022-03-23 09:00:16
1648026016235908000,157.0,1,156.0,1,157.5,1,2,2022-03-23 09:00:16
1648026016295224000,157.5,1,156.0,1,158.0,61,1,2022-03-23 09:00:16
1648026016777352000,157.5,1,157.0,1,157.5,1,1,2022-03-23 09:00:16
1648026017263371000,157.0,1,156.0,4,157.5,1,2,2022-03-23 09:00:17
1648026017816011000,156.0,5,155.5,2,157.5,3,2,2022-03-23 09:00:17
1648026018648149000,157.0,1,156.0,2,157.0,4,1,2022-03-23 09:00:18
1648026018737554000,157.0,1,156.0,2,157.0,3,1,2022-03-23 09:00:18
1648026018858725000,157.0,1,156.0,2,157.0,2,1,2022-03-23 09:00:18
1648026018892245000,157.0,1,156.0,2,157.0,1,1,2022-03-23 09:00:18
1648026018927237000,157.0,1,156.0,2,157.5,9,1,2022-03-23 09:00:18
1648026018958592000,157.5,1,156.5,1,157.5,8,1,2022-03-23 09:00:18
1648026018992370000,156.5,1,156.0,2,157.5,8,2,2022-03-23 09:00:18
1648026019978945000,156.5,3,156.0,7,157.0,6,2,2022-03-23 09:00:19
1648026019985635000,156.0,1,156.0,6,157.0,6,2,2022-03-23 09:00:19
1648026020084021000,156.0,3,156.0,3,157.0,6,2,2022-03-23 09:00:20
1648026020407981000,156.5,1,156.0,2,157.0,7,2,2022-03-23 09:00:20
1648026020407981000,156.0,1,156.0,2,157.0,7,2,2022-03-23 09:00:20
1648026020463586000,157.0,1,156.0,2,157.0,6,1,2022-03-23 09:00:20
1648026020881937000,156.0,2,155.5,2,157.0,6,2,2022-03-23 09:00:20
1648026020965726000,156.5,2,156.0,2,157.5,12,1,2022-03-23 09:00:20
1648026020965726000,157.0,6,156.0,2,157.5,12,1,2022-03-23 09:00:20
1648026020965726000,157.5,6,156.0,2,157.5,12,1,2022-03-23 09:00:20
1648026021440141000,157.0,1,156.0,2,157.0,2,1,2022-03-23 09:00:21
1648026021908727000,156.5,1,156.0,2,157.0,6,2,2022-03-23 09:00:21
1648026023066018000,157.0,1,156.0,3,157.0,17,1,2022-03-23 09:00:23
1648026024135317000,156.5,2,156.0,6,157.0,27,2,2022-03-23 09:00:24
1648026024193300000,157.0,2,156.0,6,157.0,25,1,2022-03-23 09:00:24
1648026024204603000,157.0,1,156.0,6,157.0,24,1,2022-03-23 09:00:24
1648026024353829000,157.0,1,156.0,6,157.0,23,1,2022-03-23 09:00:24
1648026024369222000,157.0,1,156.0,6,157.0,22,1,2022-03-23 09:00:24
1648026024718950000,156.0,5,156.0,1,157.0,22,2,2022-03-23 09:00:24
1648026026699649000,156.5,3,156.0,5,156.5,5,1,2022-03-23 09:00:26
1648026027508199000,156.5,2,156.0,6,156.5,4,1,2022-03-23 09:00:27
1648026027607930000,156.0,3,156.0,3,156.5,4,2,2022-03-23 09:00:27
1648026028133816000,156.5,1,156.0,3,156.5,5,1,2022-03-23 09:00:28
1648026028929216000,156.5,6,156.0,4,157.0,41,1,2022-03-23 09:00:28
1648026028929216000,157.0,14,156.0,4,157.0,41,1,2022-03-23 09:00:28
1648026029116432000,156.0,5,155.5,10,156.0,5,2,2022-03-23 09:00:29
1648026029151751000,156.0,5,155.5,10,157.0,41,1,2022-03-23 09:00:29
1648026029560113000,156.0,1,156.0,1,156.5,3,2,2022-03-23 09:00:29
1648026029874520000,156.5,3,156.0,2,157.0,40,1,2022-03-23 09:00:29
1648026029874520000,157.0,1,156.0,2,157.0,40,1,2022-03-23 09:00:29
1648026030354361000,156.0,1,156.0,1,157.0,44,2,2022-03-23 09:00:30
1648026032475580000,156.5,1,156.0,8,156.5,24,1,2022-03-23 09:00:32
1648026032560491000,156.0,1,156.0,7,156.5,24,2,2022-03-23 09:00:32
1648026032683644000,156.0,7,155.5,10,156.5,25,2,2022-03-23 09:00:32
1648026033165936000,156.5,1,155.5,10,156.5,25,1,2022-03-23 09:00:33
1648026033443473000,155.5,1,155.5,9,156.5,25,2,2022-03-23 09:00:33
1648026034088107000,156.0,1,155.5,9,156.5,27,2,2022-03-23 09:00:34
1648026034119515000,155.5,9,155.0,20,156.5,27,2,2022-03-23 09:00:34
1648026034709674000,156.0,1,155.5,2,156.0,1,1,2022-03-23 09:00:34
1648026034793820000,155.5,1,155.5,1,156.0,4,2,2022-03-23 09:00:34
1648026034818904000,155.5,1,155.0,20,156.0,4,2,2022-03-23 09:00:34
1648026034824426000,156.0,2,155.0,20,156.0,3,1,2022-03-23 09:00:34
1648026035103945000,156.0,1,155.0,20,156.0,2,1,2022-03-23 09:00:35
1648026035375602000,156.0,3,155.0,20,156.5,28,1,2022-03-23 09:00:35
1648026036294555000,155.5,1,155.5,1,156.0,8,2,2022-03-23 09:00:36
1648026036337872000,155.5,1,155.0,20,156.0,8,2,2022-03-23 09:00:36
1648026037072847000,156.0,1,155.0,20,156.0,8,1,2022-03-23 09:00:37
1648026037262504000,155.0,1,155.0,20,156.0,9,2,2022-03-23 09:00:37
1648026037464973000,155.5,1,155.0,20,156.0,10,2,2022-03-23 09:00:37
1648026038115843000,156.0,1,155.0,19,156.0,10,1,2022-03-23 09:00:38
1648026038921558000,156.0,5,155.0,20,156.0,5,1,2022-03-23 09:00:38
1648026038979262000,156.0,3,155.0,20,156.0,2,1,2022-03-23 09:00:38
1648026039012847000,156.0,2,155.0,20,156.5,29,1,2022-03-23 09:00:39
1648026039474363000,155.5,1,155.5,1,156.0,4,2,2022-03-23 09:00:39
1648026039559081000,156.0,4,155.5,1,156.5,28,1,2022-03-23 09:00:39
1648026039559081000,156.5,1,155.5,1,156.5,28,1,2022-03-23 09:00:39
1648026040546461000,156.0,1,155.5,10,156.0,2,1,2022-03-23 09:00:40
1648026040578651000,156.0,1,155.5,10,156.0,2,1,2022-03-23 09:00:40
1648026040667540000,156.0,1,155.5,10,156.0,1,1,2022-03-23 09:00:40
1648026041714574000,156.0,4,156.0,1,156.5,27,1,2022-03-23 09:00:41
1648026042219579000,156.0,1,155.5,8,156.5,28,2,2022-03-23 09:00:42
1648026042219579000,155.5,1,155.5,8,156.5,28,2,2022-03-23 09:00:42
1648026042545460000,156.0,1,155.5,9,156.0,4,2,2022-03-23 09:00:42
1648026043074514000,156.0,2,155.5,12,156.0,14,1,2022-03-23 09:00:43
1648026043285077000,156.0,1,155.5,12,156.0,13,1,2022-03-23 09:00:43
1648026044207623000,155.5,12,155.0,21,156.0,17,2,2022-03-23 09:00:44
1648026044215437000,156.0,1,155.0,21,156.0,16,1,2022-03-23 09:00:44
1648026044635916000,156.0,3,155.0,21,156.0,13,1,2022-03-23 09:00:44
1648026044849894000,156.0,1,155.0,21,156.0,14,1,2022-03-23 09:00:44
1648026045043379000,156.0,2,155.0,21,156.0,12,1,2022-03-23 09:00:45
1648026045660176000,156.0,1,155.0,21,156.0,11,1,2022-03-23 09:00:45
1648026045778353000,156.0,1,155.0,21,156.0,12,1,2022-03-23 09:00:45
1648026046017922000,156.0,1,155.5,1,156.0,13,1,2022-03-23 09:00:46
1648026046174219000,156.0,1,155.5,1,156.0,12,1,2022-03-23 09:00:46
1648026046312722000,156.0,1,155.5,1,156.0,11,1,2022-03-23 09:00:46
1648026046608483000,156.0,1,155.5,1,156.0,14,1,2022-03-23 09:00:46
1648026046844454000,155.5,1,155.5,1,156.0,16,2,2022-03-23 09:00:46
1648026047173724000,156.0,1,155.5,1,156.0,25,1,2022-03-23 09:00:47
1648026047953419000,155.5,1,155.5,1,156.0,25,2,2022-03-23 09:00:47
1648026048783436000,156.0,1,155.5,2,156.0,26,1,2022-03-23 09:00:48
1648026049104799000,155.5,1,155.5,3,156.0,26,2,2022-03-23 09:00:49
1648026049855885000,156.0,1,155.5,6,156.0,25,1,2022-03-23 09:00:49
1648026050301974000,155.5,1,155.5,10,156.0,25,2,2022-03-23 09:00:50
1648026052263207000,156.0,3,155.5,16,156.0,22,1,2022-03-23 09:00:52
1648026052298914000,156.0,22,155.5,16,156.5,27,1,2022-03-23 09:00:52
1648026052880438000,156.0,1,155.5,20,156.0,1,1,2022-03-23 09:00:52
1648026052880567000,156.0,1,155.5,20,156.5,27,1,2022-03-23 09:00:52
1648026053572493000,156.5,17,156.0,2,156.5,10,1,2022-03-23 09:00:53
1648026053602828000,156.5,10,156.0,2,157.0,41,1,2022-03-23 09:00:53
1648026053658420000,156.0,1,156.0,1,157.0,41,2,2022-03-23 09:00:53
1648026054762846000,156.0,7,156.0,4,157.0,41,2,2022-03-23 09:00:54
1648026054941747000,156.5,1,156.0,4,157.0,41,1,2022-03-23 09:00:54
1648026055985362000,156.0,1,156.0,4,157.0,41,2,2022-03-23 09:00:55
1648026056144573000,157.0,4,156.0,5,157.0,37,1,2022-03-23 09:00:56
1648026056178542000,157.0,2,156.0,5,157.0,35,1,2022-03-23 09:00:56
1648026056267681000,157.0,1,156.0,5,157.0,34,1,2022-03-23 09:00:56
1648026056800677000,157.0,3,156.0,5,157.0,31,1,2022-03-23 09:00:56
1648026056839666000,157.0,2,156.0,5,157.0,29,1,2022-03-23 09:00:56
1648026057042449000,156.5,1,156.0,5,157.0,29,1,2022-03-23 09:00:57
1648026057303081000,156.0,3,156.0,2,157.0,29,2,2022-03-23 09:00:57
1648026057965969000,157.0,12,156.5,1,157.0,17,1,2022-03-23 09:00:57
1648026058002867000,157.0,1,156.5,1,157.0,16,1,2022-03-23 09:00:58
1648026058836072000,156.5,1,156.0,2,157.0,16,2,2022-03-23 09:00:58
1648026058924704000,156.0,2,156.0,2,157.0,16,2,2022-03-23 09:00:58
1648026061792533000,157.0,1,156.0,12,157.0,37,1,2022-03-23 09:01:01
1648026062101756000,156.0,1,156.0,11,157.0,37,2,2022-03-23 09:01:02
1648026063700697000,156.0,1,156.0,16,156.5,1,2,2022-03-23 09:01:03
1648026063782964000,156.5,1,156.0,16,157.0,37,1,2022-03-23 09:01:03
1648026064037621000,156.5,1,156.0,29,157.0,36,2,2022-03-23 09:01:04
1648026064263838000,157.0,1,156.0,29,157.0,37,1,2022-03-23 09:01:04
1648026064850489000,157.0,10,156.0,33,157.0,27,1,2022-03-23 09:01:04
1648026064981996000,156.0,2,156.0,31,157.0,27,2,2022-03-23 09:01:04
1648026065556345000,156.0,1,156.0,30,156.5,1,2,2022-03-23 09:01:05
1648026066141626000,156.5,1,156.0,36,156.5,4,1,2022-03-23 09:01:06
1648026066906518000,156.0,2,156.0,34,156.5,7,2,2022-03-23 09:01:06
1648026067946773000,156.5,4,156.0,35,156.5,3,1,2022-03-23 09:01:07
1648026070132375000,156.5,1,156.0,38,156.5,8,1,2022-03-23 09:01:10
1648026070547149000,156.0,11,156.0,27,156.5,15,2,2022-03-23 09:01:10
1648026070658900000,156.0,4,156.0,23,156.5,15,2,2022-03-23 09:01:10
1648026072857714000,156.0,1,156.0,24,156.5,23,2,2022-03-23 09:01:12
1648026073735529000,156.0,3,156.0,26,156.5,23,2,2022-03-23 09:01:13
1648026073737197000,156.5,1,156.0,26,156.5,22,1,2022-03-23 09:01:13
1648026074008843000,156.0,1,156.0,25,156.5,22,2,2022-03-23 09:01:14
1648026074164723000,156.5,1,156.0,25,156.5,21,1,2022-03-23 09:01:14
1648026074196910000,156.0,25,155.5,19,156.5,21,2,2022-03-23 09:01:14
1648026074292623000,155.5,12,155.5,7,156.0,2,2,2022-03-23 09:01:14
1648026074330982000,155.5,7,155.0,40,156.0,2,2,2022-03-23 09:01:14
1648026074715410000,156.0,1,155.0,40,156.0,5,1,2022-03-23 09:01:14
1648026074906306000,155.5,1,155.0,40,156.0,5,1,2022-03-23 09:01:14
1648026075115903000,155.5,1,155.0,40,156.0,5,1,2022-03-23 09:01:15
1648026075360029000,156.0,1,155.0,40,156.0,9,1,2022-03-23 09:01:15
1648026076217564000,156.0,1,155.0,40,156.0,15,1,2022-03-23 09:01:16
1648026076241658000,156.0,1,155.0,40,156.0,14,1,2022-03-23 09:01:16
1648026077152307000,156.0,10,155.0,40,156.0,6,1,2022-03-23 09:01:17
1648026077597194000,156.0,1,155.0,44,156.0,5,1,2022-03-23 09:01:17
1648026078456568000,155.5,1,155.0,45,155.5,3,1,2022-03-23 09:01:18
1648026078739606000,155.0,3,155.0,42,155.5,3,2,2022-03-23 09:01:18
1648026079444333000,155.5,1,155.0,42,155.5,5,1,2022-03-23 09:01:19
1648026079554447000,155.5,1,155.0,42,155.5,4,1,2022-03-23 09:01:19
1648026079694983000,155.5,1,155.0,41,155.5,3,1,2022-03-23 09:01:19
1648026079750472000,155.5,1,155.0,41,155.5,2,1,2022-03-23 09:01:19
1648026079824602000,155.5,1,155.0,41,155.5,1,1,2022-03-23 09:01:19
1648026080158336000,155.5,1,156.0,3,156.5,25,1,2022-03-23 09:01:20
1648026080158336000,156.0,6,156.0,3,156.5,25,1,2022-03-23 09:01:20
1648026080185863000,156.0,3,154.5,5,155.0,6,2,2022-03-23 09:01:20
1648026080185863000,155.0,41,154.5,5,155.0,6,2,2022-03-23 09:01:20
1648026080231213000,154.5,1,154.5,6,155.0,6,2,2022-03-23 09:01:20
1648026080231720000,154.5,1,154.5,5,155.0,6,2,2022-03-23 09:01:20
1648026080255276000,154.5,1,154.5,4,155.0,6,2,2022-03-23 09:01:20
1648026080255631000,154.5,1,154.5,3,155.0,6,2,2022-03-23 09:01:20
1648026080875262000,155.0,3,154.5,3,155.0,6,1,2022-03-23 09:01:20
1648026080912215000,154.5,1,154.5,2,155.0,6,2,2022-03-23 09:01:20
1648026081027770000,155.0,1,154.5,2,155.0,5,1,2022-03-23 09:01:21
1648026081467404000,154.5,2,154.0,11,154.5,1,2,2022-03-23 09:01:21
1648026081489692000,154.5,1,154.0,11,155.0,5,1,2022-03-23 09:01:21
1648026081552767000,154.5,1,154.0,11,155.0,5,1,2022-03-23 09:01:21
1648026082142214000,155.0,1,154.0,11,155.0,4,1,2022-03-23 09:01:22
1648026082463520000,154.5,1,154.0,11,155.0,15,1,2022-03-23 09:01:22
1648026082463520000,155.0,1,154.0,11,155.0,15,1,2022-03-23 09:01:22
1648026083116284000,155.0,6,154.0,11,155.0,9,1,2022-03-23 09:01:23
1648026083475304000,154.5,1,154.0,11,155.0,9,1,2022-03-23 09:01:23
1648026084130969000,154.0,2,154.0,10,154.5,1,2,2022-03-23 09:01:24
1648026085084792000,154.0,1,154.0,9,154.5,3,2,2022-03-23 09:01:25
1648026085141341000,154.5,1,154.0,9,154.5,2,1,2022-03-23 09:01:25
1648026085426027000,154.0,1,154.0,8,154.5,2,2,2022-03-23 09:01:25
1648026085458164000,154.0,1,154.0,7,154.5,2,2,2022-03-23 09:01:25
1648026085634289000,154.5,2,154.0,7,155.0,18,1,2022-03-23 09:01:25
1648026085634289000,155.0,3,154.0,7,155.0,18,1,2022-03-23 09:01:25
1648026086091412000,154.0,2,154.0,5,155.0,18,2,2022-03-23 09:01:26
1648026086790061000,154.0,1,154.0,8,154.5,1,2,2022-03-23 09:01:26
1648026087177368000,154.0,1,154.0,7,154.5,1,2,2022-03-23 09:01:27
1648026087178510000,154.0,2,154.0,5,154.5,1,2,2022-03-23 09:01:27
1648026087767448000,154.5,1,154.0,6,155.0,20,1,2022-03-23 09:01:27
1648026087931239000,154.5,1,154.0,3,155.0,20,2,2022-03-23 09:01:27
1648026087931239000,154.0,3,154.0,3,155.0,20,2,2022-03-23 09:01:27
1648026089756357000,154.5,1,154.0,5,155.0,22,1,2022-03-23 09:01:29
1648026090980728000,154.5,1,154.0,10,154.5,23,2,2022-03-23 09:01:30
1648026092046545000,154.5,1,154.0,10,154.5,26,1,2022-03-23 09:01:32
1648026092064663000,154.5,1,154.0,10,154.5,25,1,2022-03-23 09:01:32
1648026092428979000,154.0,1,154.0,9,154.5,25,2,2022-03-23 09:01:32
1648026093119835000,154.0,5,154.0,6,154.5,25,2,2022-03-23 09:01:33
1648026093179461000,154.0,4,154.0,2,154.5,26,2,2022-03-23 09:01:33
1648026093218519000,154.0,2,153.5,8,154.5,26,2,2022-03-23 09:01:33
1648026093241735000,154.5,1,153.5,8,154.5,25,1,2022-03-23 09:01:33
1648026094075456000,154.0,1,153.5,7,154.0,4,2,2022-03-23 09:01:34
1648026094112794000,153.5,1,153.5,6,154.0,4,2,2022-03-23 09:01:34
1648026094178506000,154.0,1,153.5,6,154.0,3,1,2022-03-23 09:01:34
1648026094269789000,154.0,1,153.5,7,154.0,2,1,2022-03-23 09:01:34
1648026094303806000,154.0,2,153.5,7,154.5,28,1,2022-03-23 09:01:34
1648026094327538000,153.5,1,153.5,6,154.5,28,2,2022-03-23 09:01:34
1648026094831920000,154.0,1,153.5,6,154.0,2,1,2022-03-23 09:01:34
1648026094862515000,154.0,2,153.5,6,154.5,28,1,2022-03-23 09:01:34
1648026094900897000,154.5,1,153.5,6,154.5,27,1,2022-03-23 09:01:34
1648026095536880000,154.0,1,153.5,6,154.5,27,1,2022-03-23 09:01:35
1648026097062935000,154.0,1,154.0,15,154.5,40,2,2022-03-23 09:01:37
1648026097186529000,154.0,6,154.0,9,154.5,37,2,2022-03-23 09:01:37
1648026097838539000,154.5,1,154.0,10,154.5,36,1,2022-03-23 09:01:37
1648026098406754000,154.5,1,154.0,11,154.5,34,1,2022-03-23 09:01:38
1648026098577149000,154.5,1,154.0,11,154.5,33,1,2022-03-23 09:01:38
1648026098680299000,154.0,3,154.0,8,154.5,33,2,2022-03-23 09:01:38
1648026099524232000,154.0,1,154.0,7,154.5,33,2,2022-03-23 09:01:39
1648026099571365000,154.0,1,154.0,6,154.5,33,2,2022-03-23 09:01:39
1648026100085705000,154.0,1,154.0,6,154.5,36,2,2022-03-23 09:01:40
1648026101142407000,154.0,1,154.0,6,154.5,36,2,2022-03-23 09:01:41
1648026101379375000,154.0,1,154.0,5,154.5,37,2,2022-03-23 09:01:41
1648026101407187000,154.5,10,154.0,5,154.5,27,1,2022-03-23 09:01:41
1648026101471650000,154.0,1,154.0,4,154.5,27,2,2022-03-23 09:01:41
1648026102057489000,154.0,2,154.0,3,154.5,27,2,2022-03-23 09:01:42
1648026102399768000,154.0,2,154.0,5,154.5,27,2,2022-03-23 09:01:42
1648026102548638000,154.0,1,154.0,4,154.5,27,2,2022-03-23 09:01:42
1648026102727778000,154.0,5,153.5,19,154.5,28,2,2022-03-23 09:01:42
1648026103439761000,154.0,1,154.0,6,154.5,28,2,2022-03-23 09:01:43
1648026103856424000,154.0,1,154.0,9,154.5,29,2,2022-03-23 09:01:43
1648026104325809000,154.0,1,154.0,8,154.5,29,2,2022-03-23 09:01:44
1648026104392227000,154.5,15,154.0,8,154.5,14,1,2022-03-23 09:01:44
1648026104425444000,154.5,13,154.0,8,154.5,1,1,2022-03-23 09:01:44
1648026104456186000,154.0,1,154.0,7,154.5,1,2,2022-03-23 09:01:44
1648026104456966000,154.5,1,154.0,7,155.0,17,1,2022-03-23 09:01:44
1648026104460995000,154.0,1,154.0,6,155.0,17,2,2022-03-23 09:01:44
1648026105150917000,154.0,1,154.0,9,154.5,1,2,2022-03-23 09:01:45
1648026105288349000,154.5,1,154.5,5,155.0,17,1,2022-03-23 09:01:45
1648026105322272000,154.5,1,154.5,4,155.0,17,2,2022-03-23 09:01:45
1648026105628501000,155.0,2,154.5,4,155.0,14,1,2022-03-23 09:01:45
1648026106551928000,154.5,1,154.5,6,155.0,13,2,2022-03-23 09:01:46
1648026106586833000,154.5,1,154.5,5,155.0,13,2,2022-03-23 09:01:46
1648026106859193000,154.5,1,154.5,9,155.0,12,2,2022-03-23 09:01:46
1648026107187025000,155.0,1,154.5,10,155.0,11,1,2022-03-23 09:01:47
1648026107676324000,154.5,1,154.5,10,155.0,11,2,2022-03-23 09:01:47
1648026108466448000,154.5,1,154.5,10,155.0,11,2,2022-03-23 09:01:48
1648026108788580000,154.5,1,154.5,9,155.0,11,2,2022-03-23 09:01:48
1648026109449697000,155.0,1,154.5,10,155.0,10,1,2022-03-23 09:01:49
1648026109709338000,155.0,10,154.5,10,155.5,6,1,2022-03-23 09:01:49
1648026111630630000,155.0,5,154.5,11,155.5,6,2,2022-03-23 09:01:51
1648026111742020000,154.5,3,154.5,8,155.5,6,2,2022-03-23 09:01:51
1648026115684412000,155.0,1,155.0,15,155.5,8,2,2022-03-23 09:01:55
1648026116066861000,155.5,1,155.0,15,155.5,7,1,2022-03-23 09:01:56
1648026116143211000,155.5,1,155.0,15,155.5,6,1,2022-03-23 09:01:56
1648026116646304000,155.5,2,155.0,16,155.5,4,1,2022-03-23 09:01:56
1648026117712497000,155.5,2,155.0,22,155.5,3,1,2022-03-23 09:01:57
1648026118070184000,155.5,1,155.0,22,155.5,2,1,2022-03-23 09:01:58
1648026118109581000,155.5,1,155.0,22,155.5,1,1,2022-03-23 09:01:58
1648026120748935000,155.0,1,155.0,24,155.5,8,2,2022-03-23 09:02:00
1648026121425264000,155.0,1,155.0,25,155.5,10,2,2022-03-23 09:02:01
1648026121436398000,155.0,1,155.0,24,155.5,10,2,2022-03-23 09:02:01
1648026121459506000,155.0,2,155.0,22,155.5,10,2,2022-03-23 09:02:01
1648026121465892000,155.5,1,155.0,22,155.5,9,1,2022-03-23 09:02:01
1648026121477054000,155.0,10,155.0,12,155.5,9,2,2022-03-23 09:02:01
1648026121497500000,155.0,4,155.0,8,155.5,9,2,2022-03-23 09:02:01
1648026121517775000,155.0,8,154.5,10,155.5,9,2,2022-03-23 09:02:01
1648026121894139000,155.5,2,154.5,10,155.5,7,1,2022-03-23 09:02:01
1648026122596453000,155.0,1,154.5,12,155.0,1,1,2022-03-23 09:02:02
1648026122768181000,155.0,1,154.5,12,155.5,9,1,2022-03-23 09:02:02
1648026125034776000,155.0,1,154.5,11,155.5,12,2,2022-03-23 09:02:05
1648026125034776000,154.5,2,154.5,11,155.5,12,2,2022-03-23 09:02:05
1648026125349732000,155.0,1,154.5,11,155.5,12,2,2022-03-23 09:02:05
1648026125495233000,155.5,1,154.5,11,155.5,11,1,2022-03-23 09:02:05
1648026126666661000,155.0,1,154.5,12,155.5,12,1,2022-03-23 09:02:06
1648026127799226000,155.0,1,154.5,13,155.0,1,2,2022-03-23 09:02:07
1648026128490811000,155.0,1,154.5,13,155.0,3,1,2022-03-23 09:02:08
1648026129104804000,155.0,1,154.5,15,155.0,2,1,2022-03-23 09:02:09
1648026129458481000,155.0,1,154.5,15,155.0,1,1,2022-03-23 09:02:09
1648026130743822000,155.0,1,154.5,19,155.0,1,1,2022-03-23 09:02:10
1648026131186398000,155.0,1,154.5,20,155.5,10,1,2022-03-23 09:02:11
1648026131524569000,155.0,3,154.5,20,155.5,10,2,2022-03-23 09:02:11
1648026133554735000,155.0,1,155.0,2,155.5,6,2,2022-03-23 09:02:13
1648026134102411000,155.0,2,155.0,4,155.5,6,2,2022-03-23 09:02:14
1648026135485370000,155.0,5,154.5,25,155.5,6,2,2022-03-23 09:02:15
1648026137582934000,155.0,3,155.0,6,155.5,6,2,2022-03-23 09:02:17
1648026137797268000,155.0,1,155.0,6,155.5,6,2,2022-03-23 09:02:17
1648026140592217000,155.0,1,155.0,6,155.5,6,2,2022-03-23 09:02:20
1648026140764312000,155.0,3,155.0,3,155.5,6,2,2022-03-23 09:02:20
1648026140973984000,155.0,2,155.0,1,155.5,6,2,2022-03-23 09:02:20
1648026141010534000,155.0,1,154.5,27,155.5,6,2,2022-03-23 09:02:21
1648026142941773000,155.0,2,154.5,27,155.5,6,2,2022-03-23 09:02:22
1648026146152032000,155.0,5,154.5,27,155.0,2,1,2022-03-23 09:02:26
1648026149956602000,154.5,30,154.0,30,155.0,3,2,2022-03-23 09:02:29
1648026150201477000,155.0,3,155.0,2,155.5,9,1,2022-03-23 09:02:30
1648026150240680000,155.0,2,154.0,31,155.5,9,2,2022-03-23 09:02:30
1648026150470307000,155.0,1,154.5,2,155.0,1,1,2022-03-23 09:02:30
1648026151926920000,155.0,1,154.5,2,155.0,10,1,2022-03-23 09:02:31
1648026155607528000,154.5,2,154.5,2,155.0,14,2,2022-03-23 09:02:35
1648026155636776000,154.5,2,154.0,33,155.0,14,2,2022-03-23 09:02:35
1648026156068775000,155.0,1,154.5,5,155.0,13,1,2022-03-23 09:02:36
1648026157254236000,154.5,1,154.5,4,155.0,14,2,2022-03-23 09:02:37
1648026158278423000,155.0,5,154.5,4,155.0,9,1,2022-03-23 09:02:38
1648026158705266000,154.5,1,154.5,3,155.0,9,2,2022-03-23 09:02:38
1648026159723340000,154.5,1,154.5,2,155.0,9,2,2022-03-23 09:02:39
1648026160694031000,154.5,1,154.5,3,155.0,10,2,2022-03-23 09:02:40
1648026161051225000,154.5,1,154.5,2,155.0,20,2,2022-03-23 09:02:41
1648026161660754000,155.0,7,154.5,7,155.0,13,1,2022-03-23 09:02:41
1648026162425832000,154.5,1,154.5,11,155.0,13,2,2022-03-23 09:02:42
1648026162599167000,154.5,1,154.5,10,155.0,14,2,2022-03-23 09:02:42
1648026164011495000,154.5,1,154.5,10,155.0,22,2,2022-03-23 09:02:44
1648026164603494000,154.5,1,154.5,11,155.0,22,2,2022-03-23 09:02:44
1648026169173446000,155.0,5,154.5,25,155.0,31,1,2022-03-23 09:02:49
1648026170993941000,154.5,6,154.5,36,155.0,32,2,2022-03-23 09:02:50
1648026171048619000,154.5,1,154.5,35,155.0,32,2,2022-03-23 09:02:51
1648026177391991000,155.0,7,154.5,43,155.0,26,1,2022-03-23 09:02:57
1648026177419334000,155.0,4,154.5,43,155.0,22,1,2022-03-23 09:02:57
1648026177449892000,155.0,12,154.5,43,155.0,10,1,2022-03-23 09:02:57
1648026177482689000,155.0,10,154.5,43,155.5,15,1,2022-03-23 09:02:57
1648026178431269000,155.0,1,155.0,1,155.5,13,2,2022-03-23 09:02:58
1648026179048394000,155.0,1,154.5,45,155.5,13,2,2022-03-23 09:02:59
1648026181536236000,155.0,1,155.0,1,155.5,13,2,2022-03-23 09:03:01
1648026182091849000,155.0,1,155.0,3,155.5,13,2,2022-03-23 09:03:02
1648026182284224000,155.0,3,154.5,47,155.0,1,2,2022-03-23 09:03:02
1648026182407791000,154.5,1,154.5,46,155.0,1,2,2022-03-23 09:03:02
1648026182665864000,155.0,1,154.5,46,155.5,13,1,2022-03-23 09:03:02
1648026184820000000,155.0,1,155.0,3,155.5,13,2,2022-03-23 09:03:04
1648026184866047000,155.0,1,155.0,2,155.5,13,2,2022-03-23 09:03:04
1648026186233186000,155.0,1,155.0,1,155.5,14,2,2022-03-23 09:03:06
1648026187080283000,155.0,2,154.5,44,155.0,1,2,2022-03-23 09:03:07
1648026189139723000,155.0,1,154.5,44,155.0,1,1,2022-03-23 09:03:09
1648026189950653000,155.0,1,155.0,1,155.5,20,1,2022-03-23 09:03:09
1648026190890475000,155.0,1,154.5,44,155.5,20,2,2022-03-23 09:03:10
1648026192116888000,155.5,1,155.0,1,155.5,19,1,2022-03-23 09:03:12
1648026194264755000,155.0,1,155.0,11,155.5,19,2,2022-03-23 09:03:14
1648026196489236000,155.5,1,155.0,14,155.5,18,1,2022-03-23 09:03:16
1648026198711562000,155.0,2,155.0,13,155.5,18,2,2022-03-23 09:03:18
1648026199940066000,155.5,1,155.0,14,155.5,17,1,2022-03-23 09:03:19
1648026202741382000,155.0,1,155.0,15,155.5,18,2,2022-03-23 09:03:22
1648026202764314000,155.0,15,154.5,41,155.5,18,2,2022-03-23 09:03:22
1648026203647836000,155.0,3,154.5,41,155.5,19,2,2022-03-23 09:03:23
1648026204507235000,155.5,1,154.5,41,155.5,18,1,2022-03-23 09:03:24
1648026205869912000,155.0,2,154.5,42,155.5,19,2,2022-03-23 09:03:25
1648026206222180000,155.5,2,154.5,42,155.5,17,1,2022-03-23 09:03:26
1648026209818497000,155.5,5,155.0,1,155.5,12,1,2022-03-23 09:03:29
1648026210062187000,155.5,1,155.0,1,155.5,11,1,2022-03-23 09:03:30
1648026214967452000,155.0,1,155.0,4,155.5,11,2,2022-03-23 09:03:34
1648026216408320000,155.0,1,155.0,3,155.5,11,2,2022-03-23 09:03:36
1648026216446899000,155.0,3,154.5,41,155.5,11,2,2022-03-23 09:03:36
1648026224761316000,155.5,1,155.0,3,155.5,12,1,2022-03-23 09:03:44
1648026225738510000,155.0,1,155.0,2,155.5,12,2,2022-03-23 09:03:45
1648026227571201000,155.0,1,155.0,1,155.5,12,2,2022-03-23 09:03:47
1648026231777604000,155.0,1,155.0,4,155.5,15,2,2022-03-23 09:03:51
1648026232566897000,155.0,1,155.0,3,155.5,15,2,2022-03-23 09:03:52
1648026234323685000,155.0,4,154.5,43,155.5,14,2,2022-03-23 09:03:54
1648026234323685000,154.5,2,154.5,43,155.5,14,2,2022-03-23 09:03:54
1648026235610457000,155.0,1,154.5,43,155.0,1,1,2022-03-23 09:03:55
1648026238106042000,154.5,4,154.5,39,155.0,2,2,2022-03-23 09:03:58
1648026244340691000,155.0,7,155.0,8,155.5,13,1,2022-03-23 09:04:04
1648026244637914000,155.0,1,155.0,8,155.5,13,2,2022-03-23 09:04:04
1648026244660256000,155.0,1,155.0,7,155.5,13,2,2022-03-23 09:04:04
1648026246385865000,155.0,1,155.0,6,155.5,14,2,2022-03-23 09:04:06
1648026247632157000,155.0,1,155.0,5,155.5,14,2,2022-03-23 09:04:07
1648026247679821000,155.0,1,155.0,4,155.5,14,2,2022-03-23 09:04:07
1648026249948285000,155.0,1,155.0,3,155.5,14,2,2022-03-23 09:04:09
1648026256118949000,155.0,1,155.0,6,155.5,14,2,2022-03-23 09:04:16
1648026256809532000,155.0,6,154.5,40,155.0,4,2,2022-03-23 09:04:16
1648026260698257000,155.0,1,154.5,40,155.0,3,1,2022-03-23 09:04:20
1648026265982907000,154.5,15,154.5,31,155.0,12,2,2022-03-23 09:04:25
1648026266014294000,154.5,26,154.5,5,155.0,12,2,2022-03-23 09:04:26
1648026266015847000,154.5,4,154.5,1,155.0,12,2,2022-03-23 09:04:26
1648026266045569000,154.5,1,154.0,95,155.0,12,2,2022-03-23 09:04:26
1648026268830922000,154.5,1,154.0,95,154.5,5,1,2022-03-23 09:04:28
1648026269260908000,154.0,5,154.0,90,154.5,5,2,2022-03-23 09:04:29
1648026270471586000,154.5,1,154.0,90,154.5,5,1,2022-03-23 09:04:30
1648026270786362000,154.0,1,154.0,89,154.5,5,2,2022-03-23 09:04:30
1648026271321685000,154.0,1,154.0,88,154.5,5,2,2022-03-23 09:04:31
1648026271448317000,154.0,12,154.0,76,154.5,5,2,2022-03-23 09:04:31
1648026271489075000,154.0,1,154.0,75,154.5,5,2,2022-03-23 09:04:31
1648026271518210000,154.0,1,154.0,74,154.5,5,2,2022-03-23 09:04:31
1648026272323209000,154.0,1,154.0,73,154.5,5,2,2022-03-23 09:04:32
1648026272690259000,154.0,1,154.0,72,154.5,5,2,2022-03-23 09:04:32
1648026273371478000,154.0,15,154.0,57,154.5,17,2,2022-03-23 09:04:33
1648026273408572000,154.0,39,154.0,18,154.5,17,2,2022-03-23 09:04:33
1648026273450705000,154.5,2,154.0,18,154.5,15,1,2022-03-23 09:04:33
1648026273476803000,154.0,3,154.0,15,154.5,15,2,2022-03-23 09:04:33
1648026273697006000,154.0,1,154.0,14,154.5,15,2,2022-03-23 09:04:33
1648026273725638000,154.0,8,154.0,6,154.5,15,2,2022-03-23 09:04:33
1648026273911376000,154.0,1,154.0,5,154.5,15,2,2022-03-23 09:04:33
1648026274165435000,154.0,1,154.0,4,154.5,15,2,2022-03-23 09:04:34
1648026274262335000,154.0,1,154.0,3,154.5,15,2,2022-03-23 09:04:34
1648026274335817000,154.0,2,154.0,1,154.5,15,2,2022-03-23 09:04:34
1648026274462646000,154.0,1,153.5,43,154.0,1,2,2022-03-23 09:04:34
1648026274498754000,154.0,1,153.5,41,154.5,15,1,2022-03-23 09:04:34
1648026274608671000,154.0,1,153.5,41,154.0,1,2,2022-03-23 09:04:34
1648026274648842000,154.0,1,153.5,41,154.5,17,1,2022-03-23 09:04:34
1648026276283853000,153.5,5,153.5,36,154.0,2,2,2022-03-23 09:04:36
1648026276319014000,154.0,2,153.5,36,154.5,17,1,2022-03-23 09:04:36
1648026282687248000,153.5,1,153.5,36,154.0,15,2,2022-03-23 09:04:42
1648026283862785000,154.0,2,153.5,36,154.0,13,1,2022-03-23 09:04:43
1648026283888983000,154.0,13,153.5,36,154.5,17,1,2022-03-23 09:04:43
1648026284504610000,154.5,1,154.0,1,154.5,14,1,2022-03-23 09:04:44
1648026284895739000,154.5,9,154.0,1,154.5,5,1,2022-03-23 09:04:44
1648026284929686000,154.5,5,154.0,1,155.0,14,1,2022-03-23 09:04:44
1648026285798995000,155.0,5,154.0,1,155.0,10,1,2022-03-23 09:04:45
1648026285816997000,155.0,3,154.0,1,155.0,7,1,2022-03-23 09:04:45
1648026286098482000,154.0,3,153.5,37,155.0,7,2,2022-03-23 09:04:46
1648026286161937000,154.5,3,154.0,3,155.0,7,1,2022-03-23 09:04:46
1648026288138695000,155.0,3,154.0,16,155.0,4,1,2022-03-23 09:04:48
1648026289495842000,154.5,1,153.5,25,155.0,14,2,2022-03-23 09:04:49
1648026289495842000,154.0,18,153.5,25,155.0,14,2,2022-03-23 09:04:49
1648026289495842000,153.5,11,153.5,25,155.0,14,2,2022-03-23 09:04:49
1648026290682121000,154.0,1,154.0,3,154.5,3,2,2022-03-23 09:04:50
1648026290897242000,154.0,1,154.0,2,154.5,3,2,2022-03-23 09:04:50
1648026291767098000,154.0,1,154.0,1,154.5,3,2,2022-03-23 09:04:51
1648026292535510000,154.0,1,153.5,35,154.5,3,2,2022-03-23 09:04:52
1648026294409183000,154.0,5,153.5,35,154.0,5,1,2022-03-23 09:04:54
1648026294441917000,154.0,5,153.5,35,154.5,5,1,2022-03-23 09:04:54
1648026296550056000,154.0,9,153.5,23,154.5,5,2,2022-03-23 09:04:56
1648026296550056000,153.5,11,153.5,23,154.5,5,2,2022-03-23 09:04:56
1648026296963050000,154.0,1,154.0,2,154.5,10,2,2022-03-23 09:04:56
1648026298868015000,154.0,1,154.0,4,154.5,11,2,2022-03-23 09:04:58
1648026299265212000,154.0,1,154.0,3,154.5,11,2,2022-03-23 09:04:59
1648026299450551000,154.0,1,154.0,2,154.5,11,2,2022-03-23 09:04:59
1648026300270506000,154.0,1,154.0,1,154.5,9,2,2022-03-23 09:05:00
1648026300635028000,154.0,1,153.5,22,154.5,9,2,2022-03-23 09:05:00
1648026300635028000,153.5,3,153.5,22,154.5,9,2,2022-03-23 09:05:00
1648026300635887000,153.5,3,153.5,19,154.5,9,2,2022-03-23 09:05:00
1648026300663885000,153.5,1,153.5,18,154.5,9,2,2022-03-23 09:05:00
1648026300685668000,153.5,3,153.5,13,154.5,11,2,2022-03-23 09:05:00
1648026301862851000,154.0,3,154.0,2,154.5,13,2,2022-03-23 09:05:01
1648026302875584000,154.0,1,154.0,1,154.5,13,2,2022-03-23 09:05:02
1648026303898245000,154.0,1,154.0,4,154.5,11,2,2022-03-23 09:05:03
1648026304544879000,154.0,4,153.5,17,154.0,1,2,2022-03-23 09:05:04
1648026304579689000,154.0,1,153.5,17,154.5,6,1,2022-03-23 09:05:04
1648026305559101000,154.0,4,153.5,18,154.5,6,1,2022-03-23 09:05:05
1648026306536321000,153.5,1,153.5,18,154.5,8,2,2022-03-23 09:05:06
1648026306997643000,154.0,1,153.5,9,154.5,8,2,2022-03-23 09:05:06
1648026306997643000,153.5,9,153.5,9,154.5,8,2,2022-03-23 09:05:06
1648026308077570000,153.5,2,153.5,7,154.0,1,2,2022-03-23 09:05:08
1648026309343045000,154.0,1,153.5,8,154.5,8,1,2022-03-23 09:05:09
1648026310333747000,153.5,5,153.5,9,154.0,1,2,2022-03-23 09:05:10
1648026311880293000,153.5,1,153.5,8,154.0,2,2,2022-03-23 09:05:11
1648026315423928000,153.5,1,153.5,11,154.0,12,2,2022-03-23 09:05:15
1648026320349059000,154.0,14,153.5,17,154.5,12,1,2022-03-23 09:05:20
1648026320399757000,154.0,1,153.5,17,154.5,12,1,2022-03-23 09:05:20
1648026322686165000,154.0,1,154.0,1,154.5,11,2,2022-03-23 09:05:22
1648026327921403000,154.0,1,154.0,3,154.5,11,2,2022-03-23 09:05:27
1648026328882531000,154.0,2,154.0,3,154.5,11,2,2022-03-23 09:05:28
1648026331152956000,154.0,1,154.0,2,154.5,11,2,2022-03-23 09:05:31
1648026331350835000,154.0,1,154.0,1,154.5,11,2,2022-03-23 09:05:31
1648026335446870000,154.0,1,154.0,2,154.5,11,2,2022-03-23 09:05:35
1648026341688140000,154.0,1,154.0,3,154.5,13,2,2022-03-23 09:05:41
1648026343660230000,154.0,1,154.0,3,154.5,14,2,2022-03-23 09:05:43
1648026344986910000,154.0,1,154.0,6,154.5,16,2,2022-03-23 09:05:44
1648026349062758000,154.0,1,154.0,13,154.5,16,2,2022-03-23 09:05:49
1648026349235880000,154.0,1,154.0,12,154.5,16,2,2022-03-23 09:05:49
1648026355809912000,154.0,1,154.0,12,154.5,17,2,2022-03-23 09:05:55
1648026357583398000,154.5,1,154.0,13,154.5,16,1,2022-03-23 09:05:57
1648026357675557000,154.5,1,154.0,13,154.5,15,1,2022-03-23 09:05:57
1648026357833711000,154.0,1,154.0,12,154.5,15,2,2022-03-23 09:05:57
1648026361425591000,154.0,1,154.0,13,154.5,16,2,2022-03-23 09:06:01
1648026362423662000,154.0,1,154.0,22,154.5,16,2,2022-03-23 09:06:02
1648026369197522000,154.5,2,154.0,29,154.5,14,1,2022-03-23 09:06:09
1648026371560676000,154.5,2,154.0,29,154.5,12,1,2022-03-23 09:06:11
1648026373858559000,154.5,1,154.0,30,154.5,11,1,2022-03-23 09:06:13
1648026374274738000,154.5,1,154.0,30,154.5,10,1,2022-03-23 09:06:14
1648026374309493000,154.5,1,154.0,30,154.5,9,1,2022-03-23 09:06:14
1648026375003174000,154.5,1,154.0,30,154.5,8,1,2022-03-23 09:06:15
1648026375041143000,154.5,2,154.0,30,154.5,7,1,2022-03-23 09:06:15
1648026375153863000,154.5,1,154.0,30,154.5,6,1,2022-03-23 09:06:15
1648026375274860000,154.5,1,154.0,30,154.5,5,1,2022-03-23 09:06:15
1648026375432319000,154.0,1,154.0,29,154.5,5,2,2022-03-23 09:06:15
1648026376062671000,154.5,2,154.0,30,154.5,3,1,2022-03-23 09:06:16
1648026376077571000,154.5,2,154.0,30,154.5,1,1,2022-03-23 09:06:16
1648026376100526000,154.5,1,154.0,30,155.0,32,1,2022-03-23 09:06:16
1648026385184421000,155.0,1,154.5,11,155.0,31,1,2022-03-23 09:06:25
1648026388119892000,154.5,1,154.5,11,155.0,31,2,2022-03-23 09:06:28
1648026389244410000,155.0,1,154.5,11,155.0,30,1,2022-03-23 09:06:29
1648026392444446000,155.0,1,154.5,16,155.0,29,1,2022-03-23 09:06:32
1648026394270949000,155.0,5,154.5,27,155.0,24,1,2022-03-23 09:06:34
1648026394309641000,155.0,1,154.5,27,155.0,23,1,2022-03-23 09:06:34
1648026395760141000,155.0,1,154.5,17,155.0,22,1,2022-03-23 09:06:35
1648026399926761000,155.0,1,154.5,15,155.0,21,1,2022-03-23 09:06:39
1648026401992343000,155.0,1,154.5,15,155.0,20,1,2022-03-23 09:06:41
1648026404540738000,155.0,5,154.5,17,155.0,15,1,2022-03-23 09:06:44
1648026404567435000,155.0,3,154.5,17,155.0,12,1,2022-03-23 09:06:44
1648026406435604000,155.0,1,154.5,17,155.0,11,1,2022-03-23 09:06:46
1648026406472032000,155.0,3,154.5,17,155.0,8,1,2022-03-23 09:06:46
1648026406472581000,155.0,3,154.5,17,155.0,5,1,2022-03-23 09:06:46
1648026406728117000,155.0,2,154.5,17,155.0,3,1,2022-03-23 09:06:46
1648026407299838000,155.0,3,154.5,17,155.5,20,1,2022-03-23 09:06:47
1648026410310134000,155.0,1,155.0,2,155.5,20,2,2022-03-23 09:06:50
1648026413181801000,155.0,1,155.0,8,155.5,17,2,2022-03-23 09:06:53
1648026413844956000,155.0,5,155.0,5,155.5,14,2,2022-03-23 09:06:53
1648026414424793000,155.0,1,155.0,4,155.5,14,2,2022-03-23 09:06:54
1648026414851711000,155.5,5,155.0,4,155.5,9,1,2022-03-23 09:06:54
1648026416002667000,155.0,1,155.0,3,155.5,9,2,2022-03-23 09:06:56
1648026416253482000,155.5,1,155.0,4,155.5,8,1,2022-03-23 09:06:56
1648026416748283000,155.0,4,154.5,19,155.0,1,2,2022-03-23 09:06:56
1648026417011431000,155.0,1,154.5,17,155.5,9,1,2022-03-23 09:06:57
1648026417946651000,155.0,1,154.5,17,155.5,9,2,2022-03-23 09:06:57
1648026419577456000,155.0,1,154.5,17,155.0,3,1,2022-03-23 09:06:59
1648026421782143000,155.0,1,154.5,18,155.0,4,1,2022-03-23 09:07:01
1648026422798795000,155.0,1,154.5,18,155.0,2,1,2022-03-23 09:07:02
1648026423174900000,155.0,2,154.5,18,155.5,16,1,2022-03-23 09:07:03
1648026423605303000,155.0,2,154.5,20,155.5,16,2,2022-03-23 09:07:03
1648026424923713000,155.0,1,154.5,20,155.5,19,2,2022-03-23 09:07:04
1648026427697533000,155.5,10,154.5,18,155.5,12,1,2022-03-23 09:07:07
1648026428589721000,155.0,1,154.5,19,155.5,12,2,2022-03-23 09:07:08
1648026431813878000,155.0,1,154.5,19,155.0,4,1,2022-03-23 09:07:11
1648026434888638000,155.0,1,154.5,21,155.0,3,1,2022-03-23 09:07:14
1648026435692924000,154.5,1,154.5,20,155.0,3,2,2022-03-23 09:07:15
1648026441591082000,154.5,1,154.5,21,155.0,10,2,2022-03-23 09:07:21
1648026448602381000,155.0,1,154.5,27,155.0,14,1,2022-03-23 09:07:28
1648026450767619000,155.0,1,154.5,27,155.0,14,1,2022-03-23 09:07:30
1648026451200174000,154.5,1,154.5,26,155.0,18,2,2022-03-23 09:07:31
1648026451230868000,154.5,4,154.5,22,155.0,18,2,2022-03-23 09:07:31
1648026451261668000,154.5,14,154.5,8,155.0,18,2,2022-03-23 09:07:31
1648026451290198000,154.5,3,154.5,5,155.0,18,2,2022-03-23 09:07:31
1648026451290650000,154.5,5,154.0,50,155.0,18,2,2022-03-23 09:07:31
1648026453585020000,154.5,3,154.0,49,154.5,2,1,2022-03-23 09:07:33
1648026456740380000,154.5,1,154.0,49,154.5,11,1,2022-03-23 09:07:36
1648026457522363000,154.5,1,154.0,49,154.5,10,1,2022-03-23 09:07:37
1648026457802338000,154.5,1,154.0,49,154.5,9,1,2022-03-23 09:07:37
1648026460344751000,154.5,1,154.0,49,154.5,6,1,2022-03-23 09:07:40
1648026460400321000,154.5,1,154.0,49,154.5,5,1,2022-03-23 09:07:40
1648026460585936000,154.5,1,154.0,49,154.5,4,1,2022-03-23 09:07:40
1648026461032762000,154.5,1,154.0,49,154.5,3,1,2022-03-23 09:07:41
1648026462192541000,154.5,3,154.5,7,155.0,22,1,2022-03-23 09:07:42
1648026467081172000,154.5,1,154.5,6,155.0,21,2,2022-03-23 09:07:47
1648026469135064000,155.0,1,154.5,8,155.0,20,1,2022-03-23 09:07:49
1648026470729285000,154.5,1,154.5,7,155.0,20,2,2022-03-23 09:07:50
1648026472305338000,154.5,3,154.5,4,155.0,20,2,2022-03-23 09:07:52
1648026475383905000,155.0,1,154.5,4,155.0,19,1,2022-03-23 09:07:55
1648026476513370000,154.5,1,154.5,5,155.0,19,2,2022-03-23 09:07:56
1648026477025156000,154.5,1,154.5,4,155.0,19,2,2022-03-23 09:07:57
1648026477055610000,154.5,1,154.5,3,155.0,19,2,2022-03-23 09:07:57
1648026479383313000,154.5,1,154.5,2,155.0,23,2,2022-03-23 09:07:59
1648026493151924000,154.5,1,154.5,5,155.0,24,2,2022-03-23 09:08:13
1648026494266228000,154.5,1,154.5,4,155.0,24,2,2022-03-23 09:08:14
1648026500148132000,154.5,1,154.5,5,155.0,25,2,2022-03-23 09:08:20
1648026501956624000,154.5,1,154.5,4,155.0,25,2,2022-03-23 09:08:21
1648026502025918000,154.5,1,154.5,3,155.0,25,2,2022-03-23 09:08:22
1648026503044837000,154.5,1,154.5,2,155.0,27,2,2022-03-23 09:08:23
1648026503311313000,154.5,1,154.5,1,155.0,27,2,2022-03-23 09:08:23
1648026503627770000,154.5,1,154.0,53,155.0,27,2,2022-03-23 09:08:23
1648026505674702000,154.5,1,154.5,1,155.0,27,2,2022-03-23 09:08:25
1648026506432301000,154.5,1,154.0,53,155.0,27,2,2022-03-23 09:08:26
1648026512505668000,154.5,2,154.5,1,155.0,27,2,2022-03-23 09:08:32
1648026512546326000,154.5,1,154.0,52,155.0,27,2,2022-03-23 09:08:32
1648026523108566000,154.5,1,154.0,52,155.0,27,2,2022-03-23 09:08:43
1648026532674539000,154.5,1,154.0,51,154.5,2,1,2022-03-23 09:08:52
1648026537253972000,154.0,10,154.0,43,154.5,12,2,2022-03-23 09:08:57
1648026545066780000,154.5,1,154.0,37,154.5,12,1,2022-03-23 09:09:05
1648026549615187000,154.0,1,154.0,37,154.5,12,2,2022-03-23 09:09:09
1648026550528652000,154.5,1,154.0,37,154.5,12,1,2022-03-23 09:09:10
1648026553798040000,154.5,1,154.0,36,154.5,13,1,2022-03-23 09:09:13
1648026564451369000,154.0,1,154.0,35,154.5,19,2,2022-03-23 09:09:24
1648026570157189000,154.5,1,154.0,36,154.5,18,1,2022-03-23 09:09:30
1648026573023698000,154.0,1,154.0,34,154.5,18,2,2022-03-23 09:09:33
1648026579414325000,154.5,2,154.0,34,154.5,18,1,2022-03-23 09:09:39
1648026585391703000,154.5,18,154.0,42,155.0,18,1,2022-03-23 09:09:45
1648026586101667000,154.5,1,154.5,2,155.0,17,2,2022-03-23 09:09:46
1648026587247151000,155.0,1,154.0,42,155.0,16,1,2022-03-23 09:09:47
1648026587839825000,154.5,1,154.0,42,154.5,1,2,2022-03-23 09:09:47
1648026587876224000,154.5,1,154.0,42,155.0,16,1,2022-03-23 09:09:47
1648026595864349000,155.0,11,154.5,106,155.0,25,1,2022-03-23 09:09:55
1648026595891433000,155.0,25,154.5,156,155.5,11,1,2022-03-23 09:09:55
1648026603365574000,155.0,2,155.0,2,155.5,61,2,2022-03-23 09:10:03
1648026604687452000,155.5,1,155.0,2,155.5,60,1,2022-03-23 09:10:04
1648026604900081000,155.5,1,155.0,2,155.5,59,1,2022-03-23 09:10:04
1648026606217561000,155.0,2,155.0,2,155.5,59,2,2022-03-23 09:10:06
1648026606582993000,155.5,5,155.0,2,155.5,54,1,2022-03-23 09:10:06
1648026608385670000,155.5,2,155.0,2,155.5,54,1,2022-03-23 09:10:08
1648026609877918000,155.0,1,155.0,1,155.5,54,2,2022-03-23 09:10:09
1648026612700565000,155.5,5,155.0,6,155.5,50,1,2022-03-23 09:10:12
1648026613442750000,155.5,1,155.0,6,155.5,49,1,2022-03-23 09:10:13
1648026618854952000,155.5,4,155.0,14,155.5,45,1,2022-03-23 09:10:18
1648026619086444000,155.5,4,155.0,15,155.5,41,1,2022-03-23 09:10:19
1648026619922605000,155.0,1,155.0,14,155.5,41,2,2022-03-23 09:10:19
1648026620457331000,155.5,1,155.0,14,155.5,40,1,2022-03-23 09:10:20
1648026621209803000,155.5,2,155.0,15,155.5,38,1,2022-03-23 09:10:21
1648026621451190000,155.5,4,155.0,15,155.5,34,1,2022-03-23 09:10:21
1648026621793039000,155.5,1,155.0,16,155.5,33,1,2022-03-23 09:10:21
1648026621834218000,155.5,1,155.0,16,155.5,32,1,2022-03-23 09:10:21
1648026622365229000,155.5,1,155.0,16,155.5,31,1,2022-03-23 09:10:22
1648026622756134000,155.5,1,155.0,17,155.5,30,1,2022-03-23 09:10:22
1648026622875460000,155.5,1,155.0,17,155.5,29,1,2022-03-23 09:10:22
1648026622984296000,155.5,4,155.0,17,155.5,25,1,2022-03-23 09:10:22
1648026623697392000,155.5,2,155.0,17,155.5,23,1,2022-03-23 09:10:23
1648026623739265000,155.5,1,155.0,17,155.5,22,1,2022-03-23 09:10:23
1648026623742649000,155.5,5,155.0,17,155.5,17,1,2022-03-23 09:10:23
1648026623766427000,155.5,2,155.0,17,155.5,15,1,2022-03-23 09:10:23
1648026623969339000,155.5,4,155.0,17,155.5,11,1,2022-03-23 09:10:23
1648026623993174000,155.5,5,155.0,17,155.5,6,1,2022-03-23 09:10:23
1648026624016328000,155.5,2,155.0,17,155.5,4,1,2022-03-23 09:10:24
1648026624038078000,155.5,4,155.0,17,156.0,38,1,2022-03-23 09:10:24
1648026626519602000,156.0,2,155.5,31,156.0,35,1,2022-03-23 09:10:26
1648026626561438000,156.0,1,155.5,31,156.0,34,1,2022-03-23 09:10:26
1648026626747131000,156.0,4,155.5,33,156.0,30,1,2022-03-23 09:10:26
1648026629325144000,156.0,1,155.5,34,156.0,28,1,2022-03-23 09:10:29
1648026629556351000,156.0,4,155.5,34,156.0,24,1,2022-03-23 09:10:29
1648026629598482000,156.0,2,155.5,34,156.0,22,1,2022-03-23 09:10:29
1648026630074250000,156.0,20,155.5,36,156.0,2,1,2022-03-23 09:10:30
1648026630103862000,156.0,1,155.5,36,156.0,1,1,2022-03-23 09:10:30
1648026630104193000,156.0,1,155.5,36,156.5,14,1,2022-03-23 09:10:30
1648026630124614000,156.5,1,155.5,36,156.5,13,1,2022-03-23 09:10:30
1648026630175715000,156.5,2,155.5,38,156.5,11,1,2022-03-23 09:10:30
1648026630327175000,156.5,1,155.5,42,156.5,11,1,2022-03-23 09:10:30
1648026630364812000,156.5,1,156.0,4,156.5,10,1,2022-03-23 09:10:30
1648026630897232000,156.5,1,156.0,15,156.5,9,1,2022-03-23 09:10:30
1648026631179297000,156.5,2,156.0,18,156.5,7,1,2022-03-23 09:10:31
1648026631501607000,156.5,7,156.0,19,157.0,39,1,2022-03-23 09:10:31
1648026631564699000,156.0,1,156.0,8,157.0,39,2,2022-03-23 09:10:31
1648026632236107000,157.0,10,156.5,3,157.0,31,1,2022-03-23 09:10:32
1648026633541399000,156.5,2,156.5,1,157.0,31,2,2022-03-23 09:10:33
1648026634410782000,156.5,1,156.0,8,156.5,1,2,2022-03-23 09:10:34
1648026634416099000,156.5,1,156.0,8,157.0,31,1,2022-03-23 09:10:34
1648026635389996000,157.0,1,156.0,6,157.0,30,1,2022-03-23 09:10:35
1648026635662028000,157.0,1,156.0,6,157.0,31,1,2022-03-23 09:10:35
1648026635896784000,157.0,1,156.0,11,157.0,29,1,2022-03-23 09:10:35
1648026637939015000,156.5,1,156.0,17,157.0,26,2,2022-03-23 09:10:37
1648026638073155000,157.0,28,157.0,12,157.5,31,1,2022-03-23 09:10:38
1648026638133063000,157.0,1,157.0,11,157.5,31,2,2022-03-23 09:10:38
1648026638351831000,157.0,5,157.0,6,157.5,31,2,2022-03-23 09:10:38
1648026638411147000,157.0,1,157.0,5,157.5,31,2,2022-03-23 09:10:38
1648026638734406000,157.5,1,157.0,6,157.5,30,1,2022-03-23 09:10:38
1648026638776518000,157.5,3,157.0,6,157.5,27,1,2022-03-23 09:10:38
1648026639100592000,157.0,1,157.0,9,157.5,27,2,2022-03-23 09:10:39
1648026639442824000,157.5,1,157.0,9,157.5,26,1,2022-03-23 09:10:39
1648026639669351000,157.0,1,157.0,9,157.5,26,2,2022-03-23 09:10:39
1648026639811083000,157.0,1,157.0,8,157.5,26,2,2022-03-23 09:10:39
1648026639862657000,157.0,2,157.0,6,157.5,26,2,2022-03-23 09:10:39
1648026640784888000,157.5,2,157.0,6,157.5,25,1,2022-03-23 09:10:40
1648026640914115000,157.5,1,157.0,6,157.5,24,1,2022-03-23 09:10:40
1648026642038343000,157.5,1,157.0,18,157.5,30,1,2022-03-23 09:10:42
1648026642418256000,157.0,1,157.0,17,157.5,30,2,2022-03-23 09:10:42
1648026642775065000,157.5,1,157.0,17,157.5,29,1,2022-03-23 09:10:42
1648026643013299000,157.5,1,157.0,17,157.5,28,1,2022-03-23 09:10:43
1648026644077999000,157.5,1,157.0,18,157.5,21,1,2022-03-23 09:10:44
1648026645074120000,157.0,1,157.0,18,157.5,23,2,2022-03-23 09:10:45
1648026645170838000,157.5,2,157.0,18,157.5,21,1,2022-03-23 09:10:45
1648026645708276000,157.0,2,157.0,17,157.5,23,2,2022-03-23 09:10:45
1648026645770913000,157.0,1,157.0,16,157.5,23,2,2022-03-23 09:10:45
1648026645921730000,157.5,2,157.0,16,157.5,21,1,2022-03-23 09:10:45
1648026645951702000,157.5,1,157.0,16,157.5,20,1,2022-03-23 09:10:45
1648026647050726000,157.5,1,157.0,16,157.5,20,1,2022-03-23 09:10:47
1648026648230169000,157.5,4,157.0,17,157.5,19,1,2022-03-23 09:10:48
1648026648302577000,157.5,2,157.0,17,157.5,17,1,2022-03-23 09:10:48
1648026648314248000,157.5,1,157.0,17,157.5,16,1,2022-03-23 09:10:48
1648026648426634000,157.0,3,157.0,14,157.5,16,2,2022-03-23 09:10:48
1648026648656068000,157.5,1,157.0,14,157.5,16,1,2022-03-23 09:10:48
1648026648920509000,157.5,1,157.0,14,157.5,15,1,2022-03-23 09:10:48
1648026649109106000,157.5,1,157.0,14,157.5,14,1,2022-03-23 09:10:49
1648026649355245000,157.5,14,157.0,14,158.0,44,1,2022-03-23 09:10:49
1648026649355245000,158.0,6,157.0,14,158.0,44,1,2022-03-23 09:10:49
1648026649394789000,158.0,1,157.0,14,158.0,43,1,2022-03-23 09:10:49
1648026649638712000,158.0,1,157.0,14,158.0,42,1,2022-03-23 09:10:49
1648026649922149000,157.5,1,157.0,15,157.5,1,1,2022-03-23 09:10:49
1648026650247712000,157.5,1,157.0,15,158.0,42,1,2022-03-23 09:10:50
1648026650925858000,158.0,1,157.5,5,158.0,41,1,2022-03-23 09:10:50
1648026651124557000,158.0,1,157.5,7,158.0,41,1,2022-03-23 09:10:51
1648026651186058000,158.0,3,157.5,7,158.0,38,1,2022-03-23 09:10:51
1648026653347922000,157.5,1,157.5,15,158.0,40,2,2022-03-23 09:10:53
1648026653880768000,158.0,1,157.5,16,158.0,38,1,2022-03-23 09:10:53
1648026654174464000,158.0,1,157.5,16,158.0,37,1,2022-03-23 09:10:54
1648026654475040000,158.0,1,157.5,16,158.0,36,1,2022-03-23 09:10:54
1648026654833212000,158.0,1,157.5,16,158.0,35,1,2022-03-23 09:10:54
1648026655744950000,158.0,1,157.5,18,158.0,35,1,2022-03-23 09:10:55
1648026656079136000,158.0,1,157.5,18,158.0,35,1,2022-03-23 09:10:56
1648026656451846000,158.0,10,157.5,19,158.0,23,1,2022-03-23 09:10:56
1648026657075179000,158.0,1,157.5,27,158.0,72,1,2022-03-23 09:10:57
1648026657104583000,158.0,1,157.5,27,158.0,71,1,2022-03-23 09:10:57
1648026657229907000,158.0,1,157.5,27,158.0,70,1,2022-03-23 09:10:57
1648026657246189000,158.0,3,157.5,27,158.0,67,1,2022-03-23 09:10:57
1648026657392754000,158.0,1,157.5,27,158.0,66,1,2022-03-23 09:10:57
1648026657402890000,158.0,1,157.5,27,158.0,65,1,2022-03-23 09:10:57
1648026657518906000,158.0,1,157.5,27,158.0,64,1,2022-03-23 09:10:57
1648026657535068000,158.0,1,157.5,27,158.0,63,1,2022-03-23 09:10:57
1648026657897150000,157.5,1,157.5,26,158.0,63,2,2022-03-23 09:10:57
1648026657965479000,158.0,1,157.5,26,158.0,62,1,2022-03-23 09:10:57
1648026657969593000,158.0,5,157.5,26,158.0,57,1,2022-03-23 09:10:57
1648026658170653000,158.0,1,157.5,26,158.0,56,1,2022-03-23 09:10:58
1648026658182191000,158.0,2,157.5,26,158.0,54,1,2022-03-23 09:10:58
1648026658245160000,157.5,3,157.5,23,158.0,54,2,2022-03-23 09:10:58
1648026658855200000,158.0,1,157.5,22,158.0,53,1,2022-03-23 09:10:58
1648026659171344000,158.0,2,157.5,23,158.0,54,1,2022-03-23 09:10:59
1648026659204296000,158.0,2,157.5,23,158.0,52,1,2022-03-23 09:10:59
1648026659481317000,158.0,1,157.5,24,158.0,51,1,2022-03-23 09:10:59
1648026659766902000,158.0,1,157.5,24,158.0,51,1,2022-03-23 09:10:59
1648026659892431000,157.5,1,157.5,23,158.0,51,2,2022-03-23 09:10:59
1648026660306839000,157.5,1,157.5,23,158.0,51,2,2022-03-23 09:11:00
1648026660448096000,157.5,2,157.5,21,158.0,51,2,2022-03-23 09:11:00
1648026661049315000,158.0,1,157.5,21,158.0,50,1,2022-03-23 09:11:01
1648026661198828000,158.0,1,157.5,21,158.0,49,1,2022-03-23 09:11:01
1648026661555638000,157.5,2,157.5,16,158.0,49,2,2022-03-23 09:11:01
1648026661607843000,158.0,1,157.5,17,158.0,48,1,2022-03-23 09:11:01
1648026661760637000,157.5,1,157.5,16,158.0,49,2,2022-03-23 09:11:01
1648026661781218000,158.0,2,157.5,16,158.0,47,1,2022-03-23 09:11:01
1648026662236029000,157.5,1,157.5,18,158.0,48,2,2022-03-23 09:11:02
1648026662561946000,158.0,1,157.5,18,158.0,47,1,2022-03-23 09:11:02
1648026662635771000,157.5,1,157.5,17,158.0,47,2,2022-03-23 09:11:02
1648026662665040000,158.0,1,157.5,17,158.0,46,1,2022-03-23 09:11:02
1648026662981357000,158.0,46,158.0,4,158.5,18,1,2022-03-23 09:11:02
1648026663544325000,158.0,1,158.0,3,158.5,20,2,2022-03-23 09:11:03
1648026663566292000,158.0,3,157.5,17,158.5,20,2,2022-03-23 09:11:03
1648026663828052000,157.5,1,157.5,16,158.5,20,2,2022-03-23 09:11:03
1648026664266466000,158.0,1,158.0,1,158.5,20,2,2022-03-23 09:11:04
1648026664353532000,158.0,1,158.0,11,158.5,20,2,2022-03-23 09:11:04
1648026664610480000,158.0,1,158.0,11,158.5,20,2,2022-03-23 09:11:04
1648026664676939000,158.0,1,158.0,11,158.5,20,2,2022-03-23 09:11:04
1648026665164131000,158.0,1,158.0,10,158.5,20,2,2022-03-23 09:11:05
1648026665356239000,158.0,1,158.0,9,158.5,20,2,2022-03-23 09:11:05
1648026666361827000,158.0,1,158.0,3,158.5,20,2,2022-03-23 09:11:06
1648026666539545000,158.5,1,158.0,4,158.5,19,1,2022-03-23 09:11:06
1648026666665753000,158.5,1,158.0,6,158.5,18,1,2022-03-23 09:11:06
1648026666711797000,158.5,1,158.0,6,158.5,17,1,2022-03-23 09:11:06
1648026666909335000,158.0,1,158.0,5,158.5,17,2,2022-03-23 09:11:06
1648026666971478000,158.5,1,158.0,5,158.5,16,1,2022-03-23 09:11:06
1648026667071442000,158.0,2,158.0,4,158.5,16,2,2022-03-23 09:11:07
1648026667229029000,158.5,1,158.0,4,158.5,16,1,2022-03-23 09:11:07
1648026667268746000,158.0,1,158.0,3,158.5,16,2,2022-03-23 09:11:07
1648026667765636000,158.0,2,158.0,5,158.5,16,2,2022-03-23 09:11:07
1648026667903441000,158.5,3,158.0,5,158.5,13,1,2022-03-23 09:11:07
1648026668351426000,158.0,1,158.0,5,158.5,13,2,2022-03-23 09:11:08
1648026668459076000,158.0,1,158.0,5,158.5,13,2,2022-03-23 09:11:08
1648026668481936000,158.5,8,158.0,5,158.5,5,1,2022-03-23 09:11:08
1648026668522185000,158.5,1,158.0,5,158.5,4,1,2022-03-23 09:11:08
1648026668748741000,158.5,1,158.0,5,158.5,3,1,2022-03-23 09:11:08
1648026669048873000,158.0,1,158.0,4,158.5,5,2,2022-03-23 09:11:09
1648026669303896000,158.5,1,158.0,4,158.5,5,1,2022-03-23 09:11:09
1648026669335270000,158.5,1,158.0,4,158.5,4,1,2022-03-23 09:11:09
1648026669503680000,158.0,3,158.0,1,158.5,4,2,2022-03-23 09:11:09
1648026669661885000,158.5,2,158.0,1,158.5,2,1,2022-03-23 09:11:09
1648026670126649000,158.5,2,158.5,8,159.0,25,1,2022-03-23 09:11:10
1648026670384601000,159.0,1,158.5,14,159.0,24,1,2022-03-23 09:11:10
1648026670411246000,159.0,1,158.5,14,159.0,23,1,2022-03-23 09:11:10
1648026670412415000,159.0,1,158.5,14,159.0,22,1,2022-03-23 09:11:10
1648026670417191000,159.0,1,158.5,14,159.0,21,1,2022-03-23 09:11:10
1648026670418148000,159.0,1,158.5,14,159.0,20,1,2022-03-23 09:11:10
1648026670443727000,159.0,1,158.5,15,159.0,19,1,2022-03-23 09:11:10
1648026670509090000,158.5,5,158.5,10,159.0,19,2,2022-03-23 09:11:10
1648026670538608000,158.5,4,158.5,6,159.0,19,2,2022-03-23 09:11:10
1648026670661623000,158.5,1,158.5,5,159.0,19,2,2022-03-23 09:11:10
1648026670970299000,158.5,3,158.5,4,159.0,19,2,2022-03-23 09:11:10
1648026671512135000,158.5,1,158.5,14,159.0,19,2,2022-03-23 09:11:11
1648026671513607000,158.5,11,158.5,3,159.0,19,2,2022-03-23 09:11:11
1648026671513901000,158.5,3,158.0,6,158.5,1,2,2022-03-23 09:11:11
1648026671919943000,158.5,1,158.0,15,159.0,19,1,2022-03-23 09:11:11
1648026673014499000,158.5,1,158.0,17,158.5,10,1,2022-03-23 09:11:13
1648026673163816000,158.5,1,158.0,17,158.5,9,1,2022-03-23 09:11:13
1648026673838897000,158.0,1,158.0,18,158.5,10,2,2022-03-23 09:11:13
1648026674491573000,158.5,1,158.0,16,158.5,15,1,2022-03-23 09:11:14
1648026674671543000,158.5,1,158.0,17,158.5,17,1,2022-03-23 09:11:14
1648026675321017000,158.5,5,158.0,17,158.5,17,1,2022-03-23 09:11:15
1648026676764455000,158.5,1,158.0,25,158.5,19,1,2022-03-23 09:11:16
1648026676839791000,158.0,1,158.0,24,158.5,19,2,2022-03-23 09:11:16
1648026676928260000,158.5,10,158.0,24,158.5,9,1,2022-03-23 09:11:16
1648026676965863000,158.5,1,158.0,24,158.5,8,1,2022-03-23 09:11:16
1648026677702996000,158.5,1,158.0,26,158.5,14,1,2022-03-23 09:11:17
1648026678872004000,158.5,3,158.0,31,158.5,13,1,2022-03-23 09:11:18
1648026679020147000,158.5,1,158.0,31,158.5,12,1,2022-03-23 09:11:19
1648026679156786000,158.0,3,158.0,28,158.5,12,2,2022-03-23 09:11:19
1648026679312794000,158.0,1,158.0,28,158.5,12,2,2022-03-23 09:11:19
1648026679714294000,158.5,1,158.0,28,158.5,11,1,2022-03-23 09:11:19
1648026679731631000,158.0,1,158.0,27,158.5,11,2,2022-03-23 09:11:19
1648026679864724000,158.5,1,158.0,27,158.5,10,1,2022-03-23 09:11:19
1648026680004558000,158.5,1,158.0,27,158.5,9,1,2022-03-23 09:11:20
1648026680870373000,158.5,1,158.0,28,158.5,14,1,2022-03-23 09:11:20
1648026681616493000,158.5,1,158.0,28,158.5,20,1,2022-03-23 09:11:21
1648026683247627000,158.0,10,158.0,18,158.5,29,2,2022-03-23 09:11:23
1648026683277666000,158.0,18,157.5,16,158.5,29,2,2022-03-23 09:11:23
1648026683970470000,158.0,1,157.5,16,158.0,3,1,2022-03-23 09:11:23
1648026684272210000,158.0,2,157.5,16,158.0,2,1,2022-03-23 09:11:24
1648026685810629000,157.5,4,157.5,13,158.0,14,2,2022-03-23 09:11:25
1648026685832312000,157.5,8,157.5,5,158.0,14,2,2022-03-23 09:11:25
1648026685832725000,157.5,5,157.0,11,158.0,14,2,2022-03-23 09:11:25
1648026686355209000,158.0,1,157.0,11,158.0,14,1,2022-03-23 09:11:26
1648026687850178000,157.5,1,157.0,11,157.5,4,1,2022-03-23 09:11:27
1648026690308642000,157.0,2,157.0,9,157.5,5,2,2022-03-23 09:11:30
1648026690882183000,157.5,1,157.0,9,157.5,4,1,2022-03-23 09:11:30
1648026691104637000,157.0,1,157.0,8,157.5,4,2,2022-03-23 09:11:31
1648026692208189000,157.0,8,156.5,19,157.5,6,2,2022-03-23 09:11:32
1648026692886463000,157.0,1,156.5,19,157.5,12,1,2022-03-23 09:11:32
1648026693489271000,157.5,1,156.5,19,157.5,12,1,2022-03-23 09:11:33
1648026693641891000,157.5,1,156.5,19,157.5,11,1,2022-03-23 09:11:33
1648026696564703000,157.0,1,156.5,19,157.5,16,2,2022-03-23 09:11:36
1648026696995531000,157.0,2,156.5,19,157.5,16,2,2022-03-23 09:11:36
1648026698456790000,157.5,1,157.0,1,157.5,14,1,2022-03-23 09:11:38
1648026698611597000,157.5,1,157.0,1,157.5,13,1,2022-03-23 09:11:38
1648026699046337000,157.5,3,157.0,1,157.5,10,1,2022-03-23 09:11:39
1648026700325933000,157.0,1,156.5,20,157.0,9,2,2022-03-23 09:11:40
1648026700760198000,157.0,1,156.5,20,157.0,8,1,2022-03-23 09:11:40
1648026701180994000,157.0,1,156.5,20,157.0,7,1,2022-03-23 09:11:41
1648026701213145000,157.0,2,156.5,20,157.0,5,1,2022-03-23 09:11:41
1648026702620752000,157.0,1,156.5,19,157.0,7,1,2022-03-23 09:11:42
1648026703750944000,157.0,1,156.5,18,157.0,6,1,2022-03-23 09:11:43
1648026704713817000,157.0,1,156.5,18,157.0,5,1,2022-03-23 09:11:44
1648026706734450000,157.0,5,156.5,19,157.5,34,1,2022-03-23 09:11:46
1648026707322861000,157.5,8,156.5,19,157.5,26,1,2022-03-23 09:11:47
1648026707653512000,157.0,1,156.5,19,157.5,26,2,2022-03-23 09:11:47
1648026708136299000,157.0,1,156.5,19,157.0,4,1,2022-03-23 09:11:48
1648026708431297000,156.5,1,156.5,18,157.0,4,2,2022-03-23 09:11:48
1648026708438720000,157.0,2,156.5,18,157.0,2,1,2022-03-23 09:11:48
1648026708546587000,157.0,1,156.5,18,157.0,1,1,2022-03-23 09:11:48
1648026708689580000,157.0,1,156.5,18,157.5,31,1,2022-03-23 09:11:48
1648026709854290000,157.0,1,156.5,18,157.0,1,1,2022-03-23 09:11:49
1648026709931496000,157.0,1,156.5,18,157.5,31,1,2022-03-23 09:11:49
1648026712087308000,157.0,2,156.5,19,157.0,3,2,2022-03-23 09:11:52
1648026712173423000,157.0,2,156.5,19,157.0,1,1,2022-03-23 09:11:52
1648026712210500000,157.0,1,156.5,19,157.5,33,1,2022-03-23 09:11:52
1648026716438619000,157.0,1,157.0,1,157.5,33,2,2022-03-23 09:11:56
1648026717076376000,157.0,1,156.5,19,157.5,33,2,2022-03-23 09:11:57
1648026717259631000,157.5,2,156.5,19,157.5,31,1,2022-03-23 09:11:57
1648026721222380000,157.0,3,156.5,18,157.5,31,1,2022-03-23 09:12:01
1648026721949610000,157.0,1,156.5,18,157.0,4,1,2022-03-23 09:12:01
1648026723910435000,156.5,1,156.5,18,157.0,5,2,2022-03-23 09:12:03
1648026724029700000,157.0,1,156.5,18,157.0,4,1,2022-03-23 09:12:04
1648026724503244000,156.5,1,156.5,17,157.0,4,2,2022-03-23 09:12:04
1648026724755784000,157.0,2,156.5,17,157.0,2,1,2022-03-23 09:12:04
1648026725109884000,157.0,2,156.5,17,157.5,32,1,2022-03-23 09:12:05
1648026727538760000,157.0,1,156.5,18,157.0,4,1,2022-03-23 09:12:07
1648026728297318000,157.0,1,156.5,17,157.0,3,1,2022-03-23 09:12:08
1648026729487919000,157.0,1,156.5,18,157.0,2,1,2022-03-23 09:12:09
1648026732141407000,157.0,2,156.5,17,157.5,32,1,2022-03-23 09:12:12
1648026735393579000,157.0,1,157.0,1,157.5,32,2,2022-03-23 09:12:15
1648026739858060000,157.0,1,157.0,3,157.5,32,2,2022-03-23 09:12:19
1648026740319900000,157.0,1,157.0,3,157.5,32,2,2022-03-23 09:12:20
1648026742401543000,157.0,5,157.0,2,157.5,32,2,2022-03-23 09:12:22
1648026742845069000,157.0,1,157.0,1,157.5,32,2,2022-03-23 09:12:22
1648026747173777000,157.0,1,156.5,23,157.5,33,2,2022-03-23 09:12:27
1648026750043913000,157.0,1,156.5,24,157.0,4,2,2022-03-23 09:12:30
1648026752765553000,156.5,5,156.5,19,157.0,5,2,2022-03-23 09:12:32
1648026760811423000,156.5,4,156.5,13,157.0,17,2,2022-03-23 09:12:40
1648026760977234000,157.0,1,156.5,13,157.0,16,1,2022-03-23 09:12:40
1648026762257172000,156.5,1,156.5,12,157.0,11,2,2022-03-23 09:12:42
1648026764727528000,156.5,1,156.5,11,157.0,13,2,2022-03-23 09:12:44
1648026764755748000,156.5,11,156.0,29,157.0,13,2,2022-03-23 09:12:44
1648026768787531000,156.5,1,156.0,28,156.5,7,1,2022-03-23 09:12:48
1648026779271651000,156.5,4,156.0,32,156.5,8,1,2022-03-23 09:12:59
1648026782199831000,156.5,3,156.0,32,156.5,4,1,2022-03-23 09:13:02
1648026787072259000,156.5,1,156.0,31,156.5,5,1,2022-03-23 09:13:07
1648026789861044000,156.0,1,156.0,30,156.5,5,2,2022-03-23 09:13:09
1648026789995154000,156.0,1,156.0,29,156.5,5,2,2022-03-23 09:13:09
1648026792907005000,156.5,1,156.0,30,156.5,5,1,2022-03-23 09:13:12
1648026801083323000,156.0,1,156.0,31,156.5,10,2,2022-03-23 09:13:21
1648026803985837000,156.0,31,155.5,20,156.0,4,2,2022-03-23 09:13:23
1648026804023952000,155.5,1,155.5,17,156.0,4,2,2022-03-23 09:13:24
1648026804133262000,155.5,1,155.5,16,156.0,4,2,2022-03-23 09:13:24
1648026807093088000,155.5,1,155.5,15,156.0,13,2,2022-03-23 09:13:27
1648026807815363000,155.5,1,155.5,14,156.0,13,2,2022-03-23 09:13:27
1648026810889112000,155.5,1,155.5,13,156.0,12,2,2022-03-23 09:13:30
1648026810920886000,155.5,3,155.5,10,156.0,12,2,2022-03-23 09:13:30
1648026811921698000,155.5,1,155.5,10,156.0,11,2,2022-03-23 09:13:31
1648026812234065000,155.5,1,155.5,9,156.0,11,2,2022-03-23 09:13:32
1648026812612777000,156.0,10,155.5,9,156.0,1,1,2022-03-23 09:13:32
1648026812898747000,155.5,6,155.5,3,156.0,1,2,2022-03-23 09:13:32
1648026813372157000,155.5,1,155.5,2,156.0,1,2,2022-03-23 09:13:33
1648026813583826000,155.5,1,155.5,1,156.0,1,2,2022-03-23 09:13:33
1648026814264371000,155.5,1,155.0,17,156.0,1,2,2022-03-23 09:13:34
1648026814393792000,156.0,1,155.0,19,156.5,9,1,2022-03-23 09:13:34
1648026815495175000,155.5,1,155.0,19,156.5,9,1,2022-03-23 09:13:35
1648026820851456000,155.5,1,155.5,14,156.5,12,2,2022-03-23 09:13:40
1648026820955680000,156.0,1,155.5,14,156.5,12,1,2022-03-23 09:13:40
1648026820964237000,155.5,1,155.5,13,156.5,12,2,2022-03-23 09:13:40
1648026821379556000,156.0,1,155.5,11,156.5,12,1,2022-03-23 09:13:41
1648026821892660000,156.0,1,155.5,11,156.5,12,1,2022-03-23 09:13:41
1648026830267555000,156.0,1,156.0,2,156.5,12,2,2022-03-23 09:13:50
1648026830299845000,156.0,1,156.0,1,156.5,12,2,2022-03-23 09:13:50
1648026833481683000,156.0,1,156.0,3,156.5,11,2,2022-03-23 09:13:53
1648026839251675000,156.0,1,156.0,12,156.5,11,2,2022-03-23 09:13:59
1648026847190478000,156.5,5,156.0,19,156.5,5,1,2022-03-23 09:14:07
1648026847219050000,156.5,5,156.0,19,157.0,16,1,2022-03-23 09:14:07
1648026851565479000,157.0,1,156.5,2,157.0,16,1,2022-03-23 09:14:11
1648026856361222000,157.0,2,156.5,8,157.0,14,1,2022-03-23 09:14:16
1648026859433119000,157.0,1,156.5,8,157.0,18,1,2022-03-23 09:14:19
1648026862306333000,157.0,1,156.5,10,157.0,18,1,2022-03-23 09:14:22
1648026863260563000,157.0,1,156.5,10,157.0,17,1,2022-03-23 09:14:23
1648026863539042000,157.0,3,156.5,10,157.0,14,1,2022-03-23 09:14:23
1648026864042650000,157.0,5,156.5,10,157.0,9,1,2022-03-23 09:14:24
1648026864576395000,157.0,2,156.5,11,157.0,7,1,2022-03-23 09:14:24
1648026865092318000,157.0,1,156.5,11,157.0,6,1,2022-03-23 09:14:25
1648026865277676000,157.0,1,156.5,11,157.0,5,1,2022-03-23 09:14:25
1648026865298221000,157.0,1,156.5,11,157.0,4,1,2022-03-23 09:14:25
1648026865306188000,157.0,4,156.5,11,157.5,28,1,2022-03-23 09:14:25
1648026869055393000,157.5,4,157.0,111,157.5,24,1,2022-03-23 09:14:29
1648026869081922000,157.5,8,157.0,111,157.5,16,1,2022-03-23 09:14:29
1648026869082244000,157.5,6,157.0,111,157.5,10,1,2022-03-23 09:14:29
1648026869113194000,157.5,10,157.0,111,158.0,65,1,2022-03-23 09:14:29
1648026869766154000,158.0,1,157.5,5,158.0,63,1,2022-03-23 09:14:29
1648026871218032000,158.0,11,157.5,255,158.0,52,1,2022-03-23 09:14:31
1648026871254032000,158.0,1,157.5,255,158.0,51,1,2022-03-23 09:14:31
1648026871258543000,158.0,5,157.5,255,158.0,46,1,2022-03-23 09:14:31
1648026871544068000,158.0,1,157.5,355,158.0,45,1,2022-03-23 09:14:31
1648026871571201000,158.0,2,157.5,355,158.0,43,1,2022-03-23 09:14:31
1648026871586935000,158.0,1,157.5,355,158.0,42,1,2022-03-23 09:14:31
1648026871852571000,158.0,1,157.5,405,158.0,41,1,2022-03-23 09:14:31
1648026871880207000,157.5,4,157.5,401,158.0,41,2,2022-03-23 09:14:31
1648026872008277000,158.0,3,157.5,401,158.0,38,1,2022-03-23 09:14:32
1648026872071223000,158.0,1,157.5,401,158.0,37,1,2022-03-23 09:14:32
1648026872586339000,157.5,1,157.0,261,158.0,37,2,2022-03-23 09:14:32
1648026873078695000,158.0,1,157.0,13,158.0,36,1,2022-03-23 09:14:33
1648026874077957000,157.5,1,157.0,13,158.0,36,1,2022-03-23 09:14:34
1648026874244886000,157.5,1,157.0,13,158.0,36,1,2022-03-23 09:14:34
1648026874602875000,157.5,1,157.0,13,158.0,36,2,2022-03-23 09:14:34
1648026874726349000,157.0,7,157.0,6,157.5,5,2,2022-03-23 09:14:34
1648026874747034000,157.0,6,156.5,17,157.5,5,2,2022-03-23 09:14:34
1648026876371333000,157.0,1,156.5,17,157.5,11,2,2022-03-23 09:14:36
1648026876599506000,157.0,1,156.5,17,157.5,11,2,2022-03-23 09:14:36
1648026876737954000,157.5,1,156.5,17,157.5,15,1,2022-03-23 09:14:36
1648026878254011000,157.0,1,157.0,9,157.5,16,1,2022-03-23 09:14:38
1648026878275508000,157.0,9,156.5,15,157.5,16,2,2022-03-23 09:14:38
1648026879202252000,157.5,1,156.5,15,157.5,18,1,2022-03-23 09:14:39
1648026879739456000,157.5,1,156.5,15,157.5,18,1,2022-03-23 09:14:39
1648026881109131000,157.0,1,156.5,15,157.5,18,2,2022-03-23 09:14:41
1648026881306481000,157.0,1,156.5,15,157.5,16,2,2022-03-23 09:14:41
1648026882837612000,157.5,1,156.5,17,157.5,15,1,2022-03-23 09:14:42
1648026884640991000,157.5,1,156.5,19,157.5,9,1,2022-03-23 09:14:44
1648026886668642000,157.5,5,156.5,14,157.5,4,1,2022-03-23 09:14:46
1648026889298175000,157.5,1,157.0,2,157.5,3,1,2022-03-23 09:14:49
1648026894237358000,157.5,1,157.0,4,157.5,5,1,2022-03-23 09:14:54
1648026894849939000,157.5,1,157.0,4,157.5,4,1,2022-03-23 09:14:54
1648026898954172000,157.5,1,157.0,7,157.5,3,1,2022-03-23 09:14:58
1648026900233361000,157.5,1,157.0,7,157.5,2,1,2022-03-23 09:15:00
1648026900416364000,157.0,1,157.0,6,157.5,2,2,2022-03-23 09:15:00
1648026900484262000,157.0,1,157.0,5,157.5,2,2,2022-03-23 09:15:00
1648026900491785000,157.5,1,157.0,5,157.5,1,1,2022-03-23 09:15:00
1648026900656025000,157.0,1,157.0,4,157.5,1,2,2022-03-23 09:15:00
1648026900662983000,157.0,1,157.0,3,157.5,1,2,2022-03-23 09:15:00
1648026900677520000,157.0,1,157.0,2,157.5,1,2,2022-03-23 09:15:00
1648026901080851000,157.5,1,157.0,2,158.0,40,1,2022-03-23 09:15:01
1648026901832678000,157.0,2,156.5,17,157.5,5,2,2022-03-23 09:15:01
1648026902177611000,157.0,1,156.5,15,157.0,4,1,2022-03-23 09:15:02
1648026902447005000,157.0,1,156.5,15,157.0,3,1,2022-03-23 09:15:02
1648026902572841000,157.0,1,156.5,15,157.0,2,1,2022-03-23 09:15:02
1648026902588855000,156.5,3,156.5,12,157.0,2,2,2022-03-23 09:15:02
1648026902667567000,157.0,1,156.5,12,157.0,1,1,2022-03-23 09:15:02
1648026903502322000,157.0,1,156.5,12,157.5,6,1,2022-03-23 09:15:03
1648026903678052000,157.5,1,156.5,12,157.5,5,1,2022-03-23 09:15:03
1648026903935061000,157.5,1,156.5,12,157.5,10,1,2022-03-23 09:15:03
1648026904809934000,157.5,2,156.5,12,157.5,8,1,2022-03-23 09:15:04
1648026906182629000,157.0,1,156.5,12,157.5,10,1,2022-03-23 09:15:06
1648026908344351000,157.0,1,156.5,12,157.5,15,2,2022-03-23 09:15:08
1648026908932458000,157.0,1,156.5,15,157.5,15,2,2022-03-23 09:15:08
1648026910979095000,157.0,2,156.5,15,157.5,11,2,2022-03-23 09:15:10
1648026911096381000,156.5,3,156.5,12,157.5,12,2,2022-03-23 09:15:11
1648026911731881000,157.0,2,156.5,10,157.0,3,1,2022-03-23 09:15:11
1648026914351104000,157.0,1,156.5,10,157.0,7,1,2022-03-23 09:15:14
1648026915503002000,156.5,4,156.5,7,157.0,12,2,2022-03-23 09:15:15
1648026915534823000,156.5,7,156.0,34,157.0,12,2,2022-03-23 09:15:15
1648026916305478000,157.0,10,156.0,34,157.0,2,1,2022-03-23 09:15:16
1648026922233190000,157.0,2,156.5,2,157.0,6,1,2022-03-23 09:15:22
1648026923036347000,157.0,2,156.5,2,157.0,4,1,2022-03-23 09:15:23
1648026923484346000,157.0,1,156.5,2,157.0,3,1,2022-03-23 09:15:23
1648026927873208000,157.0,1,156.5,9,157.0,3,1,2022-03-23 09:15:27
1648026927957738000,157.0,1,156.5,9,157.0,2,1,2022-03-23 09:15:27
1648026929788401000,157.0,1,157.0,1,157.5,9,1,2022-03-23 09:15:29
1648026936431564000,157.0,3,157.0,2,157.5,8,2,2022-03-23 09:15:36
1648026940876839000,157.5,1,157.0,2498,157.5,6,1,2022-03-23 09:15:40
1648026940906191000,157.5,6,157.0,2498,158.0,63,1,2022-03-23 09:15:40
1648026942040740000,158.0,1,157.0,3,158.0,60,1,2022-03-23 09:15:42
1648026942290363000,157.5,1,157.0,3,158.0,60,2,2022-03-23 09:15:42
1648026944697325000,157.5,1,157.0,6,158.0,60,1,2022-03-23 09:15:44
1648026945624860000,158.0,1,157.0,6,158.0,59,1,2022-03-23 09:15:45
1648026950142408000,157.5,1,157.0,13,158.0,58,1,2022-03-23 09:15:50
1648026950303448000,158.0,1,157.5,1,158.0,57,1,2022-03-23 09:15:50
1648026950320711000,157.5,1,157.0,13,158.0,57,2,2022-03-23 09:15:50
1648026950506963000,158.0,2,157.0,13,158.0,55,1,2022-03-23 09:15:50
1648026951896911000,158.0,2,157.5,1,158.0,53,1,2022-03-23 09:15:51
1648026952874879000,158.0,1,157.5,1,158.0,52,1,2022-03-23 09:15:52
1648026953880146000,158.0,1,157.5,4,158.0,53,1,2022-03-23 09:15:53
1648026957116945000,157.5,1,157.5,3,158.0,52,2,2022-03-23 09:15:57
1648026961161195000,157.5,1,157.5,14,158.0,53,2,2022-03-23 09:16:01
1648026967839898000,157.5,1,157.5,17,158.0,54,2,2022-03-23 09:16:07
1648026969619748000,157.5,5,157.5,14,158.0,54,2,2022-03-23 09:16:09
1648026969650110000,157.5,14,157.0,24,158.0,54,2,2022-03-23 09:16:09
1648026970594713000,157.5,1,157.0,28,157.5,2,1,2022-03-23 09:16:10
1648026972732584000,157.0,4,157.0,21,157.5,17,2,2022-03-23 09:16:12
1648026972757682000,157.0,3,157.0,18,157.5,17,2,2022-03-23 09:16:12
1648026972789362000,157.0,1,157.0,17,157.5,17,2,2022-03-23 09:16:12
1648026972819382000,157.0,14,157.0,3,157.5,17,2,2022-03-23 09:16:12
1648026973026112000,157.0,3,156.5,15,157.5,21,2,2022-03-23 09:16:13
1648026976199874000,157.0,4,156.5,15,157.5,15,1,2022-03-23 09:16:16
1648026976199874000,157.5,6,156.5,15,157.5,15,1,2022-03-23 09:16:16
1648026976812120000,157.0,1,156.5,15,157.5,18,2,2022-03-23 09:16:16
1648026977260601000,156.5,1,156.5,17,157.5,14,2,2022-03-23 09:16:17
1648026978218382000,156.5,1,156.5,11,157.5,19,2,2022-03-23 09:16:18
1648026982417080000,156.5,1,156.5,12,157.5,20,2,2022-03-23 09:16:22
1648026983427783000,157.5,1,156.5,12,157.5,21,1,2022-03-23 09:16:23
1648026985133976000,156.5,1,156.5,12,157.5,18,2,2022-03-23 09:16:25
1648026999360523000,156.5,1,156.5,12,157.0,21,2,2022-03-23 09:16:39
1648026999587491000,156.5,4,156.5,8,157.0,21,2,2022-03-23 09:16:39
1648027000428256000,156.5,2,156.5,6,157.0,21,2,2022-03-23 09:16:40
1648027000459553000,156.5,1,156.5,5,157.0,21,2,2022-03-23 09:16:40
1648027001375680000,156.5,1,156.5,4,157.0,30,2,2022-03-23 09:16:41
1648027001394041000,156.5,1,156.5,3,157.0,30,2,2022-03-23 09:16:41
1648027001398782000,156.5,1,156.5,2,157.0,30,2,2022-03-23 09:16:41
1648027001589530000,156.5,1,156.5,1,157.0,30,2,2022-03-23 09:16:41
1648027001614090000,156.5,1,156.0,50,157.0,30,2,2022-03-23 09:16:41
1648027002912815000,156.0,1,156.0,49,156.5,12,2,2022-03-23 09:16:42
1648027007137136000,156.0,50,155.5,25,156.5,10,2,2022-03-23 09:16:47
1648027008585709000,156.0,1,155.5,24,156.0,4,1,2022-03-23 09:16:48
1648027008665521000,155.5,3,155.5,21,156.0,4,2,2022-03-23 09:16:48
1648027011469421000,155.5,2,155.5,17,156.0,1,2,2022-03-23 09:16:51
1648027011772262000,156.0,1,155.5,17,156.5,1,1,2022-03-23 09:16:51
1648027012917724000,156.0,1,155.5,17,156.0,1,2,2022-03-23 09:16:52
1648027013166499000,156.0,1,155.5,18,156.5,6,1,2022-03-23 09:16:53
1648027015304445000,156.0,1,155.5,16,156.5,6,2,2022-03-23 09:16:55
1648027024191311000,155.5,10,155.5,557,156.0,53,2,2022-03-23 09:17:04
1648027025899634000,155.5,7,155.0,41,156.0,54,2,2022-03-23 09:17:05
1648027026565521000,156.0,1,155.5,6,156.0,53,1,2022-03-23 09:17:06
1648027027502946000,155.5,1,155.5,5,156.0,53,2,2022-03-23 09:17:07
1648027028211751000,156.0,1,155.5,5,156.0,52,1,2022-03-23 09:17:08
1648027028372597000,155.5,1,155.5,4,156.0,52,2,2022-03-23 09:17:08
1648027029826951000,155.5,1,155.5,3,156.0,50,2,2022-03-23 09:17:09
1648027030639998000,155.5,2,155.5,1,156.0,50,2,2022-03-23 09:17:10
1648027031108174000,155.5,1,155.0,41,156.0,50,2,2022-03-23 09:17:11
1648027033171742000,155.5,1,155.0,40,155.5,16,1,2022-03-23 09:17:13
1648027035722900000,155.5,1,155.0,39,155.5,16,1,2022-03-23 09:17:15
1648027038559091000,155.0,1,155.0,36,155.5,19,2,2022-03-23 09:17:18
1648027038663647000,155.0,1,155.0,35,155.5,19,2,2022-03-23 09:17:18
1648027038997463000,155.0,2,155.0,33,155.5,19,2,2022-03-23 09:17:18
1648027040319117000,155.0,1,155.0,32,155.5,19,2,2022-03-23 09:17:20
1648027042293320000,155.0,3,155.0,29,155.5,19,2,2022-03-23 09:17:22
1648027043792485000,155.5,1,155.0,29,155.5,18,1,2022-03-23 09:17:23
1648027047475494000,155.0,1,155.0,36,155.5,19,2,2022-03-23 09:17:27
1648027051805191000,155.0,1,155.0,34,155.5,26,2,2022-03-23 09:17:31
1648027052034754000,155.0,1,155.0,33,155.5,27,2,2022-03-23 09:17:32
1648027053135692000,155.5,1,155.0,34,155.5,26,1,2022-03-23 09:17:33
1648027054816336000,155.0,1,155.0,33,155.5,26,2,2022-03-23 09:17:34
1648027056356988000,155.5,1,155.0,35,155.5,25,1,2022-03-23 09:17:36
1648027057617602000,155.5,1,155.0,36,155.5,25,1,2022-03-23 09:17:37
1648027060734441000,155.0,1,155.0,36,155.5,26,2,2022-03-23 09:17:40
1648027061432079000,155.0,1,155.0,37,155.5,26,2,2022-03-23 09:17:41
1648027069350681000,155.0,3,155.0,41,155.5,26,2,2022-03-23 09:17:49
1648027069476716000,155.0,20,155.0,21,155.5,26,2,2022-03-23 09:17:49
1648027070256976000,155.0,1,155.0,18,155.5,26,2,2022-03-23 09:17:50
1648027071100250000,155.0,1,155.0,17,155.5,30,2,2022-03-23 09:17:51
1648027071295034000,155.0,3,155.0,14,155.5,30,2,2022-03-23 09:17:51
1648027071987778000,155.0,2,155.0,14,155.5,30,2,2022-03-23 09:17:51
1648027072011029000,155.0,3,155.0,11,155.5,30,2,2022-03-23 09:17:52
1648027072075756000,155.0,1,155.0,10,155.5,30,2,2022-03-23 09:17:52
1648027072169073000,155.0,6,155.0,4,155.5,24,2,2022-03-23 09:17:52
1648027072196748000,155.0,4,154.5,42,155.0,1,2,2022-03-23 09:17:52
1648027072231315000,155.0,1,154.5,42,155.5,24,1,2022-03-23 09:17:52
1648027072399119000,155.0,1,154.5,42,155.5,24,1,2022-03-23 09:17:52
1648027072802736000,155.0,1,154.5,42,155.5,25,1,2022-03-23 09:17:52
1648027072843687000,155.0,1,154.5,42,155.5,25,1,2022-03-23 09:17:52
1648027072938134000,155.0,1,154.5,42,155.5,25,1,2022-03-23 09:17:52
1648027073409253000,155.0,3,154.5,41,155.5,25,1,2022-03-23 09:17:53
1648027073415878000,154.5,1,154.5,40,155.5,25,2,2022-03-23 09:17:53
1648027073453585000,154.5,1,154.5,39,155.5,25,2,2022-03-23 09:17:53
1648027073565028000,155.0,1,154.5,39,155.5,28,1,2022-03-23 09:17:53
1648027074513707000,155.0,1,154.5,39,155.5,28,1,2022-03-23 09:17:54
1648027075826117000,155.0,1,154.5,37,155.5,28,1,2022-03-23 09:17:55
1648027076425168000,155.0,1,154.5,32,155.5,28,2,2022-03-23 09:17:56
1648027076425168000,154.5,5,154.5,32,155.5,28,2,2022-03-23 09:17:56
1648027076998838000,155.0,1,154.5,32,155.5,28,2,2022-03-23 09:17:56
1648027083007349000,154.5,1,154.5,33,155.0,8,2,2022-03-23 09:18:03
1648027084339127000,154.5,1,154.5,32,155.0,8,2,2022-03-23 09:18:04
1648027084720414000,154.5,1,154.5,32,155.0,8,2,2022-03-23 09:18:04
1648027089040454000,154.5,1,154.5,35,155.0,18,2,2022-03-23 09:18:09
1648027090342399000,154.5,1,154.5,34,155.0,19,2,2022-03-23 09:18:10
1648027092132537000,154.5,2,154.5,33,155.0,19,2,2022-03-23 09:18:12
1648027092202732000,154.5,2,154.5,31,155.0,19,2,2022-03-23 09:18:12
1648027095775979000,154.5,1,154.5,30,155.0,20,2,2022-03-23 09:18:15
1648027097992439000,154.5,1,154.5,30,155.0,19,2,2022-03-23 09:18:17
1648027101888756000,154.5,10,154.5,21,155.0,20,2,2022-03-23 09:18:21
1648027104568549000,154.5,1,154.5,22,155.0,23,2,2022-03-23 09:18:24
1648027106740342000,154.5,1,154.5,21,155.0,23,2,2022-03-23 09:18:26
1648027107294688000,154.5,2,154.5,19,155.0,23,2,2022-03-23 09:18:27
1648027107337007000,154.5,19,154.0,86,155.0,23,2,2022-03-23 09:18:27
1648027109207797000,154.0,2,154.0,86,154.5,8,2,2022-03-23 09:18:29
1648027111774363000,154.0,1,154.0,83,154.5,13,2,2022-03-23 09:18:31
1648027112363198000,154.5,1,154.0,83,154.5,12,1,2022-03-23 09:18:32
1648027112811799000,154.0,1,154.0,82,154.5,12,2,2022-03-23 09:18:32
1648027115958412000,154.0,1,154.0,81,154.5,13,2,2022-03-23 09:18:35
1648027116024282000,154.0,2,154.0,79,154.5,11,2,2022-03-23 09:18:36
1648027116222837000,154.0,1,154.0,79,154.5,11,2,2022-03-23 09:18:36
1648027118014952000,154.5,2,154.0,79,154.5,9,1,2022-03-23 09:18:38
1648027119690204000,154.0,1,154.0,75,154.5,10,2,2022-03-23 09:18:39
1648027120140133000,154.5,1,154.0,75,154.5,10,1,2022-03-23 09:18:40
1648027120942346000,154.5,5,154.0,75,154.5,5,1,2022-03-23 09:18:40
1648027122515509000,154.5,4,154.0,75,154.5,2,1,2022-03-23 09:18:42
1648027122548520000,154.5,2,154.0,77,155.0,31,1,2022-03-23 09:18:42
1648027123036182000,154.5,1,154.5,4,155.0,31,2,2022-03-23 09:18:43
1648027126967244000,155.0,1,154.5,26,155.0,25,1,2022-03-23 09:18:46
1648027127001979000,155.0,3,154.5,26,155.0,22,1,2022-03-23 09:18:47
1648027127234642000,155.0,4,154.5,26,155.0,18,1,2022-03-23 09:18:47
1648027127271636000,155.0,11,154.5,26,155.0,7,1,2022-03-23 09:18:47
1648027127302067000,155.0,7,154.5,26,155.5,21,1,2022-03-23 09:18:47
1648027128387958000,155.0,1,155.0,8,155.5,21,2,2022-03-23 09:18:48
1648027128875651000,154.5,1,154.5,25,155.5,21,2,2022-03-23 09:18:48
1648027131382149000,155.0,1,154.5,26,155.5,21,2,2022-03-23 09:18:51
1648027135128858000,155.0,1,155.0,7,155.5,13,2,2022-03-23 09:18:55
1648027135769379000,155.0,1,155.0,6,155.5,13,2,2022-03-23 09:18:55
1648027148328016000,155.0,1,155.0,11,155.5,13,2,2022-03-23 09:19:08
1648027151127038000,155.0,2,155.0,9,155.5,13,2,2022-03-23 09:19:11
1648027151404434000,155.0,1,155.0,8,155.5,13,2,2022-03-23 09:19:11
1648027151850460000,155.0,1,155.0,7,155.5,13,2,2022-03-23 09:19:11
1648027153788383000,155.0,2,155.0,6,155.5,13,2,2022-03-23 09:19:13
1648027154390934000,155.0,1,155.0,5,155.5,13,2,2022-03-23 09:19:14
1648027154527017000,155.0,1,155.0,4,155.5,13,2,2022-03-23 09:19:14
1648027155484461000,155.0,1,155.0,3,155.5,13,2,2022-03-23 09:19:15
1648027155512429000,155.0,1,155.0,2,155.5,13,2,2022-03-23 09:19:15
1648027156278355000,155.0,1,155.0,1,155.5,13,2,2022-03-23 09:19:16
1648027156672162000,155.0,1,154.5,31,155.5,13,2,2022-03-23 09:19:16
1648027156918863000,155.0,1,155.0,1,155.5,13,2,2022-03-23 09:19:16
1648027157190089000,155.0,1,155.0,2,155.5,13,2,2022-03-23 09:19:17
1648027161068996000,155.0,3,154.5,32,155.5,13,2,2022-03-23 09:19:21
1648027168736025000,155.0,1,155.0,1,155.5,14,2,2022-03-23 09:19:28
1648027174991508000,155.5,2,155.0,24,155.5,13,1,2022-03-23 09:19:34
1648027176552165000,155.5,10,155.0,24,155.5,3,1,2022-03-23 09:19:36
1648027177466167000,155.5,1,155.0,24,155.5,2,1,2022-03-23 09:19:37
1648027177947776000,155.5,1,155.0,24,155.5,1,1,2022-03-23 09:19:37
1648027178595568000,155.5,1,155.0,24,156.0,34,1,2022-03-23 09:19:38
1648027189850617000,155.5,6,155.5,3,156.0,29,2,2022-03-23 09:19:49
1648027192861957000,155.5,4,155.0,24,156.0,29,2,2022-03-23 09:19:52
1648027192861957000,155.0,1,155.0,24,156.0,29,2,2022-03-23 09:19:52
1648027194473017000,155.5,1,155.5,1,156.0,29,1,2022-03-23 09:19:54
1648027194518800000,155.5,1,155.0,24,155.5,4,2,2022-03-23 09:19:54
1648027206286021000,155.5,5,155.0,28,155.5,8,1,2022-03-23 09:20:06
1648027210224910000,155.5,1,155.0,27,155.5,11,1,2022-03-23 09:20:10
1648027211112900000,155.5,1,155.0,27,155.5,11,1,2022-03-23 09:20:11
1648027213156610000,155.5,1,155.0,27,155.5,10,1,2022-03-23 09:20:13
1648027214256868000,155.5,5,155.0,27,155.5,5,1,2022-03-23 09:20:14
1648027215438332000,155.5,2,155.0,32,155.5,3,1,2022-03-23 09:20:15
1648027216859792000,155.5,1,155.0,32,155.5,2,1,2022-03-23 09:20:16
1648027218943846000,155.5,1,155.0,31,155.5,1,1,2022-03-23 09:20:18
1648027220050751000,155.5,1,155.5,1,156.0,28,1,2022-03-23 09:20:20
1648027237464741000,155.5,1,155.5,7,156.0,27,2,2022-03-23 09:20:37
1648027240687421000,155.5,1,155.5,5,156.0,27,2,2022-03-23 09:20:40
1648027247420705000,155.5,1,155.5,6,156.0,33,2,2022-03-23 09:20:47
1648027247910089000,155.5,6,155.0,37,156.0,33,2,2022-03-23 09:20:47
1648027259054100000,155.0,10,155.0,28,155.5,8,2,2022-03-23 09:20:59
1648027259086406000,155.0,17,155.0,11,155.5,8,2,2022-03-23 09:20:59
1648027259310593000,155.0,4,155.0,7,155.5,8,2,2022-03-23 09:20:59
1648027259332250000,155.0,7,155.0,1,155.5,11,2,2022-03-23 09:20:59
1648027259670377000,155.0,1,154.5,43,155.5,11,2,2022-03-23 09:20:59
1648027262744089000,155.0,1,154.5,45,155.0,1,1,2022-03-23 09:21:02
1648027263589482000,154.5,1,154.5,44,155.0,1,2,2022-03-23 09:21:03
1648027279074684000,154.5,3,154.5,22,155.0,8,2,2022-03-23 09:21:19
1648027279330436000,154.5,4,154.5,18,155.0,8,2,2022-03-23 09:21:19
1648027281382203000,154.5,3,154.5,15,155.0,5,2,2022-03-23 09:21:21
1648027282643788000,154.5,18,154.0,114,155.0,5,2,2022-03-23 09:21:22
1648027282643788000,154.0,2,154.0,114,155.0,5,2,2022-03-23 09:21:22
1648027283627571000,154.5,1,154.5,2,155.0,10,2,2022-03-23 09:21:23
1648027283725109000,154.5,1,154.5,1,155.0,10,2,2022-03-23 09:21:23
1648027284590230000,154.5,1,154.0,115,155.0,10,2,2022-03-23 09:21:24
1648027286867832000,154.5,1,154.0,114,155.0,9,2,2022-03-23 09:21:26
1648027288541343000,154.5,1,154.0,113,154.5,1,2,2022-03-23 09:21:28
1648027288571687000,154.5,1,154.0,113,155.0,7,1,2022-03-23 09:21:28
1648027292374307000,154.5,1,154.0,117,154.5,1,2,2022-03-23 09:21:32
1648027292404624000,154.5,1,154.0,117,155.0,9,1,2022-03-23 09:21:32
1648027295065843000,154.5,5,154.0,117,155.0,9,1,2022-03-23 09:21:35
1648027298900555000,154.5,2,154.5,1,155.0,12,2,2022-03-23 09:21:38
1648027302249976000,154.5,1,154.5,3,155.0,12,2,2022-03-23 09:21:42
1648027304063238000,154.5,1,154.5,2,155.0,12,2,2022-03-23 09:21:44
1648027307705101000,154.5,1,154.5,1,155.0,12,2,2022-03-23 09:21:47
1648027308593512000,154.5,1,154.0,112,155.0,12,2,2022-03-23 09:21:48
1648027315306702000,154.5,1,154.0,116,155.0,11,2,2022-03-23 09:21:55
1648027316835410000,154.5,1,154.0,114,155.0,11,1,2022-03-23 09:21:56
1648027324705651000,154.5,1,154.5,1,155.0,12,2,2022-03-23 09:22:04
1648027324941127000,154.5,1,154.0,114,155.0,12,2,2022-03-23 09:22:04
1648027326494840000,154.5,1,154.0,114,154.5,19,1,2022-03-23 09:22:06
1648027327251493000,154.5,13,154.0,115,154.5,6,1,2022-03-23 09:22:07
1648027327281985000,154.5,6,154.0,115,155.0,13,1,2022-03-23 09:22:07
1648027329046828000,154.5,1,154.0,115,154.5,1,1,2022-03-23 09:22:09
1648027331175610000,154.5,1,154.0,115,155.0,12,1,2022-03-23 09:22:11
1648027337039427000,154.5,1,154.5,6,155.0,12,2,2022-03-23 09:22:17
1648027346670924000,154.5,1,154.5,12,155.0,14,2,2022-03-23 09:22:26
1648027349501349000,154.5,1,154.5,13,155.0,15,2,2022-03-23 09:22:29
1648027352147667000,154.5,2,154.5,11,155.0,15,2,2022-03-23 09:22:32
1648027358170099000,155.0,2,154.5,13,155.0,23,1,2022-03-23 09:22:38
1648027358922994000,154.5,7,154.5,6,155.0,23,2,2022-03-23 09:22:38
1648027364475505000,155.0,2,154.5,10,155.0,23,1,2022-03-23 09:22:44
1648027388411880000,155.0,1,154.5,18,155.0,32,1,2022-03-23 09:23:08
1648027419107211000,155.0,1,154.5,23,155.0,31,1,2022-03-23 09:23:39
1648027428030517000,155.0,1,154.5,25,155.0,30,1,2022-03-23 09:23:48
1648027429150754000,155.0,1,154.5,25,155.0,29,1,2022-03-23 09:23:49
1648027429471653000,155.0,1,154.5,25,155.0,28,1,2022-03-23 09:23:49
1648027429964023000,154.5,1,154.5,24,155.0,28,2,2022-03-23 09:23:49
1648027444655036000,154.5,1,154.5,25,155.0,28,2,2022-03-23 09:24:04
1648027465510564000,154.5,1,154.5,32,155.0,29,2,2022-03-23 09:24:25
1648027477197265000,154.5,1,154.5,31,155.0,30,2,2022-03-23 09:24:37
1648027481764348000,154.5,10,154.5,23,155.0,30,2,2022-03-23 09:24:41
1648027482000922000,154.5,11,154.5,12,155.0,30,2,2022-03-23 09:24:42
1648027482035021000,154.5,8,154.5,4,155.0,30,2,2022-03-23 09:24:42
1648027482035675000,154.5,1,154.5,3,155.0,30,2,2022-03-23 09:24:42
1648027482071962000,154.5,2,154.5,1,155.0,30,2,2022-03-23 09:24:42
1648027482105080000,154.5,1,154.0,129,155.0,30,2,2022-03-23 09:24:42
1648027487033010000,154.5,1,154.0,129,154.5,1,1,2022-03-23 09:24:47
1648027495278156000,154.5,1,154.0,129,154.5,1,1,2022-03-23 09:24:55
1648027495968729000,154.5,1,154.0,129,155.0,30,1,2022-03-23 09:24:55
1648027498866097000,155.0,2,154.5,4,155.0,28,1,2022-03-23 09:24:58
1648027509139181000,155.0,1,154.5,6,155.0,27,1,2022-03-23 09:25:09
1648027511721243000,154.5,1,154.5,8,155.0,27,2,2022-03-23 09:25:11
1648027528621877000,155.0,1,154.5,10,155.0,27,1,2022-03-23 09:25:28
1648027580201639000,155.0,1,154.5,24,155.0,27,1,2022-03-23 09:26:20
1648027605754526000,154.5,1,154.5,24,155.0,41,2,2022-03-23 09:26:45
1648027611181098000,155.0,1,154.5,30,155.0,39,1,2022-03-23 09:26:51
1648027627082725000,155.0,1,154.5,32,155.0,38,1,2022-03-23 09:27:07
1648027642558785000,155.0,2,154.5,39,155.0,37,1,2022-03-23 09:27:22
1648027651881539000,154.5,1,154.5,39,155.0,37,2,2022-03-23 09:27:31
1648027659852471000,155.0,6,154.5,46,155.0,31,1,2022-03-23 09:27:39
1648027662152154000,154.5,1,154.5,46,155.0,30,2,2022-03-23 09:27:42
1648027664402311000,155.0,1,154.5,45,155.0,29,1,2022-03-23 09:27:44
1648027666507925000,155.0,2,154.5,46,155.0,27,1,2022-03-23 09:27:46
1648027666898862000,155.0,1,154.5,46,155.0,26,1,2022-03-23 09:27:46
1648027669722275000,155.0,1,154.5,46,155.0,26,1,2022-03-23 09:27:49
1648027670779003000,155.0,10,154.5,46,155.0,16,1,2022-03-23 09:27:50
1648027671730537000,155.0,2,154.5,46,155.0,14,1,2022-03-23 09:27:51
1648027671882195000,155.0,2,154.5,46,155.0,12,1,2022-03-23 09:27:51
1648027671962411000,155.0,2,154.5,46,155.0,10,1,2022-03-23 09:27:51
1648027673034358000,155.0,10,154.5,46,155.0,1,1,2022-03-23 09:27:53
1648027673069238000,155.0,1,154.5,46,155.5,13,1,2022-03-23 09:27:53
1648027674219458000,155.0,1,155.0,13,155.5,13,2,2022-03-23 09:27:54
1648027674700886000,155.5,1,155.0,16,155.5,12,1,2022-03-23 09:27:54
1648027699559289000,155.5,1,155.0,18,155.5,11,1,2022-03-23 09:28:19
1648027699789957000,155.5,4,155.0,18,155.5,7,1,2022-03-23 09:28:19
1648027702889611000,155.5,1,155.0,18,155.5,7,1,2022-03-23 09:28:22
1648027703277253000,155.5,7,155.5,3,156.0,36,1,2022-03-23 09:28:23
1648027712855029000,155.5,1,155.5,8,156.0,35,2,2022-03-23 09:28:32
1648027717346866000,156.0,1,155.5,8,156.0,34,1,2022-03-23 09:28:37
1648027717550580000,155.5,2,155.5,6,156.0,34,2,2022-03-23 09:28:37
1648027720468394000,155.5,1,155.5,8,156.0,34,2,2022-03-23 09:28:40
1648027724455318000,156.0,1,155.5,8,156.0,37,1,2022-03-23 09:28:44
1648027740871516000,156.0,1,155.5,11,156.0,29,1,2022-03-23 09:29:00
1648027742149684000,156.0,1,155.5,10,156.0,28,1,2022-03-23 09:29:02
1648027744396245000,156.0,10,155.5,10,156.0,18,1,2022-03-23 09:29:04
1648027748477388000,156.0,1,155.5,10,156.0,22,1,2022-03-23 09:29:08
1648027749081546000,156.0,1,155.5,10,156.0,21,1,2022-03-23 09:29:09
1648027749547474000,156.0,1,155.5,10,156.0,20,1,2022-03-23 09:29:09
1648027750700218000,156.0,1,155.5,10,156.0,19,1,2022-03-23 09:29:10
1648027750750675000,156.0,1,155.5,10,156.0,18,1,2022-03-23 09:29:10
1648027751014617000,156.0,1,155.5,10,156.0,17,1,2022-03-23 09:29:11
1648027751836333000,156.0,5,155.5,10,156.0,12,1,2022-03-23 09:29:11
1648027753540282000,156.0,1,155.5,10,156.0,11,1,2022-03-23 09:29:13
1648027754398284000,156.0,1,155.5,11,156.0,10,1,2022-03-23 09:29:14
1648027755845142000,156.0,1,155.5,12,156.0,9,1,2022-03-23 09:29:15
1648027756712267000,156.0,1,155.5,13,156.0,8,1,2022-03-23 09:29:16
1648027756737797000,156.0,1,155.5,13,156.0,7,1,2022-03-23 09:29:16
1648027761648853000,156.0,1,155.5,14,156.0,7,1,2022-03-23 09:29:21
1648027762242487000,156.0,1,155.5,14,156.0,6,1,2022-03-23 09:29:22
1648027764184412000,156.0,1,155.5,14,156.0,5,1,2022-03-23 09:29:24
1648027764791177000,156.0,2,155.5,14,156.0,3,1,2022-03-23 09:29:24
1648027766282527000,156.0,1,155.5,14,156.0,2,1,2022-03-23 09:29:26
1648027766335047000,156.0,2,155.5,14,156.5,16,1,2022-03-23 09:29:26
1648027769530969000,155.5,3,155.5,11,156.0,15,2,2022-03-23 09:29:29
1648027769559668000,155.5,1,155.5,10,156.0,15,2,2022-03-23 09:29:29
1648027769560253000,155.5,6,155.5,4,156.0,15,2,2022-03-23 09:29:29
1648027769592132000,155.5,4,155.0,11,156.0,15,2,2022-03-23 09:29:29
1648027770193231000,155.5,1,155.0,11,155.5,3,1,2022-03-23 09:29:30
1648027773554205000,155.5,3,155.0,11,156.0,18,1,2022-03-23 09:29:33
1648027790257089000,155.5,1,155.0,11,155.5,12,1,2022-03-23 09:29:50
1648027791411622000,155.5,1,155.0,11,155.5,11,1,2022-03-23 09:29:51
1648027829761299000,155.5,1,155.0,15,155.5,9,1,2022-03-23 09:30:29
1648027849802248000,155.5,5,155.0,15,155.5,14,1,2022-03-23 09:30:49
1648027860782117000,155.5,1,155.0,14,155.5,13,1,2022-03-23 09:31:00
1648027875910608000,155.5,5,155.0,16,155.5,8,1,2022-03-23 09:31:15
1648027878997978000,155.5,1,155.0,15,155.5,7,1,2022-03-23 09:31:18
1648027882233996000,155.5,1,155.0,15,155.5,6,1,2022-03-23 09:31:22
1648027882840171000,155.5,1,155.0,15,155.5,5,1,2022-03-23 09:31:22
1648027886507315000,155.5,1,155.0,13,155.5,4,1,2022-03-23 09:31:26
1648027887376022000,155.5,1,155.0,13,155.5,3,1,2022-03-23 09:31:27
1648027888396711000,155.5,1,155.0,13,155.5,2,1,2022-03-23 09:31:28
1648027888420781000,155.5,2,155.0,13,156.0,34,1,2022-03-23 09:31:28
1648027896440979000,155.5,1,155.5,4,156.0,32,2,2022-03-23 09:31:36
1648027896472501000,155.5,2,155.5,2,156.0,32,2,2022-03-23 09:31:36
1648027905695037000,156.0,2,155.5,4,156.0,31,1,2022-03-23 09:31:45
1648027941486346000,156.0,1,155.5,8,156.0,34,1,2022-03-23 09:32:21
1648027942653216000,156.0,1,155.5,8,156.0,34,1,2022-03-23 09:32:22
1648027964841261000,155.5,1,155.5,8,156.0,34,2,2022-03-23 09:32:44
1648027991518102000,155.5,1,155.5,6,156.0,33,2,2022-03-23 09:33:11
1648028013404605000,155.5,1,155.5,5,156.0,33,2,2022-03-23 09:33:33
1648028021270763000,155.5,1,155.5,4,156.0,33,2,2022-03-23 09:33:41
1648028022740523000,155.5,1,155.5,3,156.0,35,2,2022-03-23 09:33:42
1648028022757680000,155.5,2,155.5,1,156.0,35,2,2022-03-23 09:33:42
1648028024136630000,155.5,1,155.0,30,156.0,36,2,2022-03-23 09:33:44
1648028094638830000,155.5,1,155.0,25,155.5,9,1,2022-03-23 09:34:54
1648028100228485000,155.5,1,155.0,26,155.5,11,1,2022-03-23 09:35:00
1648028118900526000,155.0,4,155.0,20,155.5,22,2,2022-03-23 09:35:18
1648028119699330000,155.5,1,155.0,20,155.5,21,1,2022-03-23 09:35:19
1648028120448417000,155.0,1,155.0,19,155.5,21,2,2022-03-23 09:35:20
1648028124679439000,155.0,2,155.0,18,155.5,21,2,2022-03-23 09:35:24
1648028124947308000,155.0,4,155.0,14,155.5,21,2,2022-03-23 09:35:24
1648028127855086000,155.0,1,155.0,13,155.5,21,2,2022-03-23 09:35:27
1648028128173472000,155.0,1,155.0,12,155.5,21,2,2022-03-23 09:35:28
1648028129835786000,155.0,1,155.0,12,155.5,22,2,2022-03-23 09:35:29
1648028130631688000,155.0,2,155.0,10,155.5,24,2,2022-03-23 09:35:30
1648028130645031000,155.0,1,155.0,9,155.5,24,2,2022-03-23 09:35:30
1648028130891796000,155.0,4,155.0,5,155.5,24,2,2022-03-23 09:35:30
1648028131665268000,155.0,1,155.0,4,155.5,24,2,2022-03-23 09:35:31
1648028132769001000,155.0,1,155.0,3,155.5,24,2,2022-03-23 09:35:32
1648028132770846000,155.0,1,155.0,2,155.5,24,2,2022-03-23 09:35:32
1648028132806242000,155.0,2,154.5,64,155.5,24,2,2022-03-23 09:35:32
1648028222857234000,155.0,1,154.5,59,155.0,18,1,2022-03-23 09:37:02
1648028229240953000,155.0,1,154.5,59,155.0,17,1,2022-03-23 09:37:09
1648028298813013000,155.0,1,154.5,57,155.0,28,1,2022-03-23 09:38:18
1648028343513069000,155.0,1,154.5,356,155.0,29,1,2022-03-23 09:39:03
1648028351854944000,155.0,6,154.5,350,155.0,24,1,2022-03-23 09:39:11
1648028351886399000,155.0,4,154.5,350,155.0,20,1,2022-03-23 09:39:11
1648028351919118000,155.0,4,154.5,350,155.0,16,1,2022-03-23 09:39:11
1648028351948363000,155.0,8,154.5,350,155.0,8,1,2022-03-23 09:39:11
1648028351979242000,155.0,8,154.5,350,155.5,22,1,2022-03-23 09:39:11
1648028356034754000,155.0,2,154.5,350,155.0,13,2,2022-03-23 09:39:16
1648028356451694000,155.0,1,154.5,350,155.0,12,1,2022-03-23 09:39:16
1648028371635007000,155.0,1,154.5,50,155.0,13,1,2022-03-23 09:39:31
1648028372257193000,155.0,1,154.5,50,155.0,12,1,2022-03-23 09:39:32
1648028424100376000,154.5,11,154.5,40,155.0,25,2,2022-03-23 09:40:24
1648028424140259000,154.5,24,154.5,16,155.0,25,2,2022-03-23 09:40:24
1648028424140414000,154.5,7,154.5,9,155.0,25,2,2022-03-23 09:40:24
1648028424140590000,154.5,1,154.5,8,155.0,25,2,2022-03-23 09:40:24
1648028424181319000,154.5,6,154.5,2,155.0,25,2,2022-03-23 09:40:24
1648028424182541000,154.5,2,154.0,186,155.0,28,2,2022-03-23 09:40:24
1648028439907522000,154.5,4,154.0,186,155.0,28,1,2022-03-23 09:40:39
1648028456876528000,154.5,1,154.0,185,154.5,5,1,2022-03-23 09:40:56
1648028468921475000,154.5,1,154.0,185,154.5,9,1,2022-03-23 09:41:08
1648028470338782000,154.0,10,154.0,176,154.5,10,2,2022-03-23 09:41:10
1648028470384839000,154.0,10,154.0,166,154.5,10,2,2022-03-23 09:41:10
1648028470545504000,154.0,1,154.0,165,154.5,10,2,2022-03-23 09:41:10
1648028470570710000,154.0,4,154.0,161,154.5,10,2,2022-03-23 09:41:10
1648028471069612000,154.0,2,154.0,159,154.5,11,2,2022-03-23 09:41:11
1648028471299966000,154.0,4,154.0,155,154.5,11,2,2022-03-23 09:41:11
1648028482097139000,154.0,1,154.0,153,154.5,20,2,2022-03-23 09:41:22
1648028487752860000,154.0,1,154.0,152,154.5,20,2,2022-03-23 09:41:27
1648028493196802000,154.0,1,154.0,151,154.5,25,2,2022-03-23 09:41:33
1648028498952032000,154.0,1,154.0,149,154.5,24,2,2022-03-23 09:41:38
1648028500570283000,154.0,1,154.0,147,154.5,24,2,2022-03-23 09:41:40
1648028502381955000,154.0,1,154.0,146,154.5,25,2,2022-03-23 09:41:42
1648028503578733000,154.0,1,154.0,145,154.5,25,2,2022-03-23 09:41:43
1648028503610967000,154.0,1,154.0,144,154.5,25,2,2022-03-23 09:41:43
1648028503778464000,154.0,144,153.5,73,154.0,6,2,2022-03-23 09:41:43
1648028504001914000,153.5,11,153.5,62,154.0,6,2,2022-03-23 09:41:44
1648028504034292000,153.5,1,153.5,61,154.0,6,2,2022-03-23 09:41:44
1648028504184892000,153.5,1,153.5,60,154.0,10,2,2022-03-23 09:41:44
1648028504307245000,153.5,2,153.5,58,154.0,12,2,2022-03-23 09:41:44
1648028504331441000,153.5,1,153.5,57,154.0,12,2,2022-03-23 09:41:44
1648028504674278000,153.5,1,153.5,56,154.0,18,2,2022-03-23 09:41:44
1648028504710115000,153.5,1,153.5,55,154.0,18,2,2022-03-23 09:41:44
1648028504990285000,153.5,4,153.5,51,154.0,30,2,2022-03-23 09:41:44
1648028505031466000,153.5,3,153.5,48,154.0,30,2,2022-03-23 09:41:45
1648028505643393000,153.5,1,153.5,47,154.0,42,2,2022-03-23 09:41:45
1648028505755528000,153.5,1,153.5,46,154.0,42,2,2022-03-23 09:41:45
1648028506033101000,153.5,46,153.0,99,153.5,4,2,2022-03-23 09:41:46
1648028507768038000,153.0,5,153.0,93,153.5,28,2,2022-03-23 09:41:47
1648028507793896000,153.0,5,153.0,88,153.5,28,2,2022-03-23 09:41:47
1648028507794339000,153.0,3,153.0,85,153.5,28,2,2022-03-23 09:41:47
1648028507806794000,153.0,1,153.0,84,153.5,28,2,2022-03-23 09:41:47
1648028507939197000,153.0,1,153.0,83,153.5,28,2,2022-03-23 09:41:47
1648028507940476000,153.0,1,153.0,82,153.5,28,2,2022-03-23 09:41:47
1648028507965369000,153.0,4,153.0,78,153.5,28,2,2022-03-23 09:41:47
1648028508034156000,153.0,6,153.0,72,153.5,29,2,2022-03-23 09:41:48
1648028508058140000,153.0,6,153.0,66,153.5,29,2,2022-03-23 09:41:48
1648028508167345000,153.0,4,153.0,62,153.5,29,2,2022-03-23 09:41:48
1648028508252813000,153.0,11,153.0,51,153.5,29,2,2022-03-23 09:41:48
1648028508254778000,153.0,2,153.0,49,153.5,29,2,2022-03-23 09:41:48
1648028508294706000,153.0,5,153.0,44,153.5,29,2,2022-03-23 09:41:48
1648028509239979000,153.0,5,153.0,39,153.5,33,2,2022-03-23 09:41:49
1648028509295052000,153.0,1,153.0,38,153.5,33,2,2022-03-23 09:41:49
1648028509297789000,153.0,38,152.5,26,153.0,12,2,2022-03-23 09:41:49
1648028510152068000,153.0,1,152.5,26,153.0,5,1,2022-03-23 09:41:50
1648028512741979000,152.5,1,152.5,25,153.0,14,2,2022-03-23 09:41:52
1648028512757446000,152.5,1,152.5,24,153.0,14,2,2022-03-23 09:41:52
1648028512776770000,152.5,7,152.5,17,153.0,17,2,2022-03-23 09:41:52
1648028512782013000,152.5,2,152.5,15,153.0,17,2,2022-03-23 09:41:52
1648028512900720000,152.5,1,152.5,14,153.0,17,2,2022-03-23 09:41:52
1648028512940550000,152.5,1,152.5,13,153.0,17,2,2022-03-23 09:41:52
1648028513257857000,152.5,1,152.5,12,153.0,17,2,2022-03-23 09:41:53
1648028513572996000,153.0,1,152.5,12,153.0,17,1,2022-03-23 09:41:53
1648028513989899000,152.5,12,152.0,35,153.0,17,2,2022-03-23 09:41:53
1648028513989899000,152.0,1,152.0,35,153.0,17,2,2022-03-23 09:41:53
1648028514077656000,153.0,1,152.0,35,153.0,16,1,2022-03-23 09:41:54
1648028514467547000,152.5,1,152.0,35,153.0,16,2,2022-03-23 09:41:54
1648028514776723000,153.0,1,152.0,35,153.0,24,1,2022-03-23 09:41:54
1648028515408188000,153.0,16,152.0,35,153.0,8,1,2022-03-23 09:41:55
1648028515625977000,152.0,1,152.0,34,153.0,8,2,2022-03-23 09:41:55
1648028516753051000,152.0,2,152.0,32,152.5,3,2,2022-03-23 09:41:56
1648028516758443000,152.0,8,152.0,24,152.5,3,2,2022-03-23 09:41:56
1648028516863341000,152.0,1,152.0,23,152.5,3,2,2022-03-23 09:41:56
1648028517757862000,152.5,1,152.0,26,152.5,4,1,2022-03-23 09:41:57
1648028517913012000,152.0,1,152.0,25,152.5,4,2,2022-03-23 09:41:57
1648028518112850000,152.5,2,152.0,25,152.5,2,1,2022-03-23 09:41:58
1648028519706122000,152.5,2,152.0,25,153.0,3,1,2022-03-23 09:41:59
1648028520672458000,152.5,1,152.5,3,153.0,1,2,2022-03-23 09:42:00
1648028523969180000,152.5,4,152.5,10,153.0,2,2,2022-03-23 09:42:03
1648028525101016000,152.5,1,152.5,9,153.0,4,2,2022-03-23 09:42:05
1648028525111045000,153.0,1,152.5,12,153.0,3,1,2022-03-23 09:42:05
1648028525978667000,153.0,3,153.0,1,153.5,18,1,2022-03-23 09:42:05
1648028526039530000,153.0,1,152.5,8,153.5,14,2,2022-03-23 09:42:06
1648028526039530000,152.5,2,152.5,8,153.5,14,2,2022-03-23 09:42:06
1648028528448313000,153.0,1,153.0,3,153.5,14,2,2022-03-23 09:42:08
1648028529978367000,153.0,3,152.5,6,153.5,14,2,2022-03-23 09:42:09
1648028529978367000,152.5,2,152.5,6,153.5,14,2,2022-03-23 09:42:09
1648028533647435000,153.0,3,152.5,20,153.0,8,1,2022-03-23 09:42:13
1648028533789154000,152.5,5,152.5,15,153.0,8,2,2022-03-23 09:42:13
1648028533805152000,153.0,1,152.5,15,153.0,7,1,2022-03-23 09:42:13
1648028536331283000,153.0,6,152.5,17,153.0,5,1,2022-03-23 09:42:16
1648028536935691000,152.5,1,152.5,16,153.0,7,2,2022-03-23 09:42:16
1648028537821703000,152.5,1,152.5,17,153.0,8,2,2022-03-23 09:42:17
1648028538961761000,153.0,1,152.5,17,153.0,9,1,2022-03-23 09:42:18
1648028539273127000,152.5,1,152.5,16,153.0,9,2,2022-03-23 09:42:19
1648028539849480000,152.5,4,152.5,14,153.0,10,2,2022-03-23 09:42:19
1648028540344647000,153.0,1,152.5,14,153.0,9,1,2022-03-23 09:42:20
1648028540729437000,152.5,1,152.5,14,153.0,10,2,2022-03-23 09:42:20
