ts,close,volume,bid_price,bid_volume,ask_price,ask_volume,tick_type,datetime
1648026009726670000,76.1,598,76.1,16,76.4,1,2,2022-03-23 09:00:09
1648026009849269000,76.1,2,76.1,14,76.4,1,2,2022-03-23 09:00:09
1648026009889765000,76.1,1,76.1,13,76.4,2,2,2022-03-23 09:00:09
1648026009937153000,76.1,5,76.1,8,76.4,3,2,2022-03-23 09:00:09
1648026010564777000,76.4,2,76.1,12,76.4,1,1,2022-03-23 09:00:10
1648026010596626000,76.4,1,76.1,12,76.5,34,1,2022-03-23 09:00:10
1648026010870759000,76.5,1,76.1,12,76.5,33,1,2022-03-23 09:00:10
1648026011925972000,76.5,10,76.2,27,76.5,26,1,2022-03-23 09:00:11
1648026012318979000,76.5,10,76.3,4,76.5,19,1,2022-03-23 09:00:12
1648026012483085000,76.3,4,76.2,34,76.5,25,2,2022-03-23 09:00:12
1648026012483085000,76.2,2,76.2,34,76.5,25,2,2022-03-23 09:00:12
1648026012751479000,76.5,10,76.4,10,76.5,18,1,2022-03-23 09:00:12
1648026013053403000,76.5,5,76.4,10,76.5,16,1,2022-03-23 09:00:13
1648026013415084000,76.5,2,76.4,10,76.5,14,1,2022-03-23 09:00:13
1648026013437440000,76.5,5,76.4,10,76.5,9,1,2022-03-23 09:00:13
1648026013461249000,76.5,9,76.5,11,76.6,9,1,2022-03-23 09:00:13
1648026014009537000,76.6,2,76.5,14,76.6,7,1,2022-03-23 09:00:14
1648026014040813000,76.5,1,76.5,13,76.6,7,2,2022-03-23 09:00:14
1648026014142211000,76.6,3,76.5,13,76.6,4,1,2022-03-23 09:00:14
1648026014246481000,76.5,5,76.5,8,76.6,4,2,2022-03-23 09:00:14
1648026014251780000,76.6,1,76.5,8,76.6,3,1,2022-03-23 09:00:14
1648026014273664000,76.5,2,76.5,6,76.6,3,2,2022-03-23 09:00:14
1648026014627605000,76.6,1,76.5,5,76.6,2,1,2022-03-23 09:00:14
1648026014764324000,76.6,1,76.5,5,76.6,1,1,2022-03-23 09:00:14
1648026014939733000,76.6,1,76.6,9,76.7,3,1,2022-03-23 09:00:14
1648026015368167000,76.7,2,76.6,9,76.7,1,1,2022-03-23 09:00:15
1648026015540734000,76.7,1,76.6,9,76.8,20,1,2022-03-23 09:00:15
1648026015540734000,76.8,9,76.6,9,76.8,20,1,2022-03-23 09:00:15
1648026015769715000,76.6,3,76.6,8,76.8,20,2,2022-03-23 09:00:15
1648026015915082000,76.8,10,76.6,9,76.8,10,1,2022-03-23 09:00:15
1648026016016332000,76.6,3,76.6,16,76.8,10,2,2022-03-23 09:00:16
1648026016120514000,76.6,3,76.6,13,76.8,10,2,2022-03-23 09:00:16
1648026016155966000,76.6,4,76.6,9,76.8,10,2,2022-03-23 09:00:16
1648026016230025000,76.8,1,76.6,9,76.8,9,1,2022-03-23 09:00:16
1648026016292904000,76.8,9,76.6,9,77.0,11,1,2022-03-23 09:00:16
1648026016292904000,76.9,30,76.6,9,77.0,11,1,2022-03-23 09:00:16
1648026016292904000,77.0,11,76.6,9,77.0,11,1,2022-03-23 09:00:16
1648026016729190000,77.0,5,76.9,1,77.0,7,1,2022-03-23 09:00:16
1648026016795507000,76.9,1,76.7,16,77.0,7,2,2022-03-23 09:00:16
1648026016831404000,77.0,7,76.7,16,77.2,19,1,2022-03-23 09:00:16
1648026016831404000,77.1,2,76.7,16,77.2,19,1,2022-03-23 09:00:16
1648026016831404000,77.2,1,76.7,16,77.2,19,1,2022-03-23 09:00:16
1648026016831799000,76.7,3,76.7,13,77.2,19,2,2022-03-23 09:00:16
1648026016850416000,77.2,1,76.7,13,77.2,18,1,2022-03-23 09:00:16
1648026017036617000,76.8,2,76.7,17,76.9,1,2,2022-03-23 09:00:17
1648026017036617000,76.7,1,76.7,17,76.9,1,2,2022-03-23 09:00:17
1648026017244210000,76.8,1,76.8,11,76.9,1,2,2022-03-23 09:00:17
1648026017266960000,76.9,1,76.8,11,77.1,1,1,2022-03-23 09:00:17
1648026017266960000,77.1,1,76.8,11,77.1,1,1,2022-03-23 09:00:17
1648026017864287000,76.9,2,76.8,11,76.9,1,2,2022-03-23 09:00:17
1648026018110498000,76.9,1,76.8,16,76.9,1,1,2022-03-23 09:00:18
1648026018174350000,76.9,1,76.8,16,77.1,1,1,2022-03-23 09:00:18
1648026018177123000,77.1,1,76.8,16,77.2,10,1,2022-03-23 09:00:18
1648026018976339000,76.9,1,76.8,18,76.9,5,1,2022-03-23 09:00:18
1648026019085680000,76.9,1,76.8,18,76.9,4,1,2022-03-23 09:00:19
1648026019110361000,76.8,5,76.8,13,76.9,4,2,2022-03-23 09:00:19
1648026019136571000,76.8,13,76.7,12,76.9,4,2,2022-03-23 09:00:19
1648026019156950000,76.9,3,76.7,12,76.9,1,1,2022-03-23 09:00:19
1648026019454431000,76.7,2,76.7,10,76.9,1,2,2022-03-23 09:00:19
1648026019461027000,76.7,1,76.7,9,76.9,1,2,2022-03-23 09:00:19
1648026019489133000,76.7,9,76.6,12,76.9,1,2,2022-03-23 09:00:19
1648026019525068000,76.9,1,76.6,12,77.0,5,1,2022-03-23 09:00:19
1648026019820907000,77.0,2,76.6,14,77.0,3,1,2022-03-23 09:00:19
1648026020021149000,76.6,14,76.5,13,76.8,12,2,2022-03-23 09:00:20
1648026020089994000,76.5,13,76.4,14,76.8,12,2,2022-03-23 09:00:20
1648026020484291000,76.7,5,76.4,14,76.7,1,1,2022-03-23 09:00:20
1648026020557734000,76.7,1,76.4,4,76.8,24,1,2022-03-23 09:00:20
1648026020591808000,76.7,2,76.4,4,76.7,2,1,2022-03-23 09:00:20
1648026020835165000,76.5,2,76.4,4,76.5,8,1,2022-03-23 09:00:20
1648026020858576000,76.5,1,76.4,4,76.5,7,1,2022-03-23 09:00:20
1648026020868976000,76.5,1,76.4,4,76.5,6,1,2022-03-23 09:00:20
1648026021015582000,76.4,4,76.2,14,76.5,17,2,2022-03-23 09:00:21
1648026021015582000,76.3,1,76.2,14,76.5,17,2,2022-03-23 09:00:21
1648026021015582000,76.2,5,76.2,14,76.5,17,2,2022-03-23 09:00:21
1648026021112922000,76.5,1,76.2,14,76.5,16,1,2022-03-23 09:00:21
1648026021120625000,76.5,1,76.2,14,76.5,15,1,2022-03-23 09:00:21
1648026021411154000,76.2,14,76.1,14,76.5,27,2,2022-03-23 09:00:21
1648026021573256000,76.4,1,76.1,14,76.4,2,1,2022-03-23 09:00:21
1648026021577012000,76.4,1,76.1,14,76.4,1,1,2022-03-23 09:00:21
1648026021784651000,76.4,1,76.1,14,76.4,4,1,2022-03-23 09:00:21
1648026021858336000,76.1,3,76.1,11,76.3,2,2,2022-03-23 09:00:21
1648026021866946000,76.1,2,76.1,9,76.3,2,2,2022-03-23 09:00:21
1648026021877216000,76.1,9,76.0,169,76.3,2,2,2022-03-23 09:00:21
1648026021877216000,76.0,1,76.0,169,76.3,2,2,2022-03-23 09:00:21
1648026021909005000,76.3,2,76.0,169,76.4,1,1,2022-03-23 09:00:21
1648026021909005000,76.4,3,76.0,169,76.4,1,1,2022-03-23 09:00:21
1648026021966906000,76.4,1,76.0,169,76.5,27,1,2022-03-23 09:00:21
1648026022016984000,76.1,2,76.0,77,76.4,2,2,2022-03-23 09:00:22
1648026022016984000,76.0,92,76.0,77,76.4,2,2,2022-03-23 09:00:22
1648026022119925000,76.3,1,76.0,77,76.3,9,1,2022-03-23 09:00:22
1648026022132531000,76.3,2,76.0,77,76.3,7,1,2022-03-23 09:00:22
1648026022372708000,76.0,10,76.0,67,76.3,11,2,2022-03-23 09:00:22
1648026022397627000,76.0,42,76.0,25,76.3,11,2,2022-03-23 09:00:22
1648026022751693000,76.1,1,76.0,25,76.1,2,1,2022-03-23 09:00:22
1648026023012500000,76.1,1,76.0,25,76.1,5,1,2022-03-23 09:00:23
1648026023185638000,76.1,1,76.0,25,76.1,4,1,2022-03-23 09:00:23
1648026023334966000,76.0,20,76.0,5,76.1,4,2,2022-03-23 09:00:23
1648026023420765000,76.0,5,75.9,3,76.1,4,2,2022-03-23 09:00:23
1648026023420765000,75.9,5,75.9,3,76.1,4,2,2022-03-23 09:00:23
1648026023618123000,75.9,1,75.9,2,76.0,5,2,2022-03-23 09:00:23
1648026023690937000,76.0,1,75.9,2,76.0,4,1,2022-03-23 09:00:23
1648026023729537000,76.0,1,75.9,2,76.0,8,1,2022-03-23 09:00:23
1648026023776883000,75.9,1,75.9,1,76.0,9,2,2022-03-23 09:00:23
1648026023851033000,76.0,1,75.9,1,76.0,8,1,2022-03-23 09:00:23
1648026024000418000,75.9,1,75.8,11,76.0,14,2,2022-03-23 09:00:24
1648026024000418000,75.8,9,75.8,11,76.0,14,2,2022-03-23 09:00:24
1648026024054557000,75.8,1,75.8,10,76.0,14,2,2022-03-23 09:00:24
1648026024116607000,76.0,2,75.8,10,76.0,13,1,2022-03-23 09:00:24
1648026024165258000,76.0,7,75.8,10,76.0,6,1,2022-03-23 09:00:24
1648026024172805000,76.0,1,75.8,10,76.0,5,1,2022-03-23 09:00:24
1648026024266466000,75.9,1,75.8,10,75.9,20,1,2022-03-23 09:00:24
1648026024291676000,75.9,1,75.8,10,75.9,19,1,2022-03-23 09:00:24
1648026024346113000,75.8,1,75.8,9,75.9,19,2,2022-03-23 09:00:24
1648026024461196000,75.9,1,75.8,9,75.9,18,1,2022-03-23 09:00:24
1648026024600703000,75.8,5,75.8,4,75.9,18,2,2022-03-23 09:00:24
1648026024612957000,75.8,4,75.7,18,75.8,54,2,2022-03-23 09:00:24
1648026024774936000,75.7,4,75.7,14,75.8,54,2,2022-03-23 09:00:24
1648026024796513000,75.7,1,75.7,13,75.8,54,2,2022-03-23 09:00:24
1648026024813482000,75.7,3,75.7,10,75.8,54,2,2022-03-23 09:00:24
1648026024908264000,75.7,5,75.7,5,75.8,54,2,2022-03-23 09:00:24
1648026025026532000,75.8,1,75.7,5,75.8,53,1,2022-03-23 09:00:25
1648026025067564000,75.7,5,75.6,17,75.8,53,2,2022-03-23 09:00:25
1648026025121015000,75.6,1,75.6,16,75.8,53,2,2022-03-23 09:00:25
1648026025122458000,75.6,1,75.6,15,75.8,53,2,2022-03-23 09:00:25
1648026025166050000,75.6,1,75.6,14,75.8,53,2,2022-03-23 09:00:25
1648026025171770000,75.8,1,75.6,14,75.8,52,1,2022-03-23 09:00:25
1648026025264860000,75.8,1,75.6,14,75.8,51,1,2022-03-23 09:00:25
1648026025275749000,75.8,1,75.6,14,75.8,50,1,2022-03-23 09:00:25
1648026025570025000,75.8,1,75.6,14,75.8,50,1,2022-03-23 09:00:25
1648026025627261000,75.6,5,75.6,9,75.8,50,2,2022-03-23 09:00:25
1648026025754255000,75.7,1,75.6,9,75.7,2,1,2022-03-23 09:00:25
1648026025859761000,75.7,1,75.6,9,75.7,1,1,2022-03-23 09:00:25
1648026026114998000,75.6,2,75.6,7,75.7,2,2,2022-03-23 09:00:26
1648026026123388000,75.6,3,75.6,4,75.7,2,2,2022-03-23 09:00:26
1648026026131939000,75.6,4,75.5,69,75.7,2,2,2022-03-23 09:00:26
1648026026131939000,75.5,1,75.5,69,75.7,2,2,2022-03-23 09:00:26
1648026026209422000,75.7,1,75.5,69,75.7,1,1,2022-03-23 09:00:26
1648026026310862000,75.5,1,75.5,68,75.7,1,2,2022-03-23 09:00:26
1648026026683645000,75.7,1,75.5,68,75.8,41,1,2022-03-23 09:00:26
1648026026683645000,75.8,9,75.5,68,75.8,41,1,2022-03-23 09:00:26
1648026026719894000,75.8,1,75.5,68,75.8,40,1,2022-03-23 09:00:26
1648026027091356000,75.8,1,75.5,68,75.8,39,1,2022-03-23 09:00:27
1648026027215604000,75.6,1,75.6,2,75.8,39,2,2022-03-23 09:00:27
1648026027305685000,75.8,2,75.6,2,75.8,37,1,2022-03-23 09:00:27
1648026027309582000,75.6,1,75.6,1,75.8,37,2,2022-03-23 09:00:27
1648026027411742000,75.6,1,75.5,67,75.8,37,2,2022-03-23 09:00:27
1648026027411742000,75.5,1,75.5,67,75.8,37,2,2022-03-23 09:00:27
1648026027757565000,75.7,1,75.7,4,75.8,37,2,2022-03-23 09:00:27
1648026027797798000,75.8,2,75.7,4,75.8,35,1,2022-03-23 09:00:27
1648026028105739000,75.7,3,75.7,1,75.8,35,2,2022-03-23 09:00:28
1648026028312030000,75.8,1,75.7,1,75.8,34,1,2022-03-23 09:00:28
1648026028424833000,75.7,1,75.6,11,75.7,1,2,2022-03-23 09:00:28
1648026028448851000,75.7,1,75.6,11,75.8,34,1,2022-03-23 09:00:28
1648026028457584000,75.8,3,75.6,11,75.8,31,1,2022-03-23 09:00:28
1648026029097581000,75.6,3,75.6,8,75.7,1,2,2022-03-23 09:00:29
1648026029127844000,75.7,1,75.6,8,75.8,1,1,2022-03-23 09:00:29
1648026029776406000,75.7,1,75.7,4,75.8,11,2,2022-03-23 09:00:29
1648026029836690000,75.7,2,75.7,2,75.8,11,2,2022-03-23 09:00:29
1648026029944061000,75.7,2,75.6,11,75.8,11,2,2022-03-23 09:00:29
1648026029944061000,75.6,1,75.6,11,75.8,11,2,2022-03-23 09:00:29
1648026030070914000,75.7,3,75.6,7,75.7,7,2,2022-03-23 09:00:30
1648026030140081000,75.6,1,75.6,6,75.7,7,2,2022-03-23 09:00:30
1648026030142653000,75.7,2,75.6,6,75.7,5,1,2022-03-23 09:00:30
1648026030584343000,75.6,2,75.6,5,75.7,5,2,2022-03-23 09:00:30
1648026030631952000,75.6,1,75.6,4,75.7,9,2,2022-03-23 09:00:30
1648026030645014000,75.7,1,75.6,4,75.7,8,1,2022-03-23 09:00:30
1648026030845830000,75.7,1,75.6,4,75.7,7,1,2022-03-23 09:00:30
1648026031146419000,75.7,1,75.6,4,75.7,6,1,2022-03-23 09:00:31
1648026031199295000,75.6,1,75.6,3,75.7,6,2,2022-03-23 09:00:31
1648026031590783000,75.7,6,75.6,2,75.8,10,1,2022-03-23 09:00:31
1648026031590783000,75.8,4,75.6,2,75.8,10,1,2022-03-23 09:00:31
1648026031760354000,75.7,1,75.6,2,75.8,14,2,2022-03-23 09:00:31
1648026031990091000,75.7,1,75.6,2,75.8,14,1,2022-03-23 09:00:31
1648026032014265000,75.6,1,75.6,1,75.8,14,2,2022-03-23 09:00:32
1648026032032185000,75.8,1,75.6,1,75.8,13,1,2022-03-23 09:00:32
1648026032154285000,75.7,1,75.6,1,75.8,13,2,2022-03-23 09:00:32
1648026032474169000,75.7,1,75.7,21,75.8,13,2,2022-03-23 09:00:32
1648026032528478000,75.7,3,75.7,19,75.8,13,2,2022-03-23 09:00:32
1648026032615563000,75.8,1,75.7,19,75.8,12,1,2022-03-23 09:00:32
1648026032689389000,75.8,1,75.7,19,75.8,11,1,2022-03-23 09:00:32
1648026032714364000,75.8,11,75.7,19,75.9,20,1,2022-03-23 09:00:32
1648026033147519000,75.9,1,75.7,24,75.9,23,1,2022-03-23 09:00:33
1648026033272040000,75.8,1,75.7,20,75.9,22,1,2022-03-23 09:00:33
1648026033732681000,75.8,1,75.7,20,75.9,22,2,2022-03-23 09:00:33
1648026033732681000,75.7,1,75.7,20,75.9,22,2,2022-03-23 09:00:33
1648026033940682000,75.8,3,75.7,18,75.9,22,2,2022-03-23 09:00:33
1648026033940682000,75.7,2,75.7,18,75.9,22,2,2022-03-23 09:00:33
1648026034100405000,75.9,13,75.7,18,75.9,9,1,2022-03-23 09:00:34
1648026034129617000,75.9,9,75.7,18,76.0,9,1,2022-03-23 09:00:34
1648026034246564000,76.0,1,75.8,3,76.0,12,1,2022-03-23 09:00:34
1648026034523008000,75.8,1,75.8,9,76.0,12,2,2022-03-23 09:00:34
1648026035376657000,76.0,13,75.9,3,76.0,1,1,2022-03-23 09:00:35
1648026035397699000,76.0,1,75.9,3,76.1,1,1,2022-03-23 09:00:35
1648026035571342000,76.1,1,75.9,7,76.2,2,1,2022-03-23 09:00:35
1648026036634722000,76.2,8,76.0,13,76.3,4,1,2022-03-23 09:00:36
1648026036735088000,76.0,5,76.0,12,76.3,7,2,2022-03-23 09:00:36
1648026036769533000,76.3,1,76.0,12,76.3,6,1,2022-03-23 09:00:36
1648026036833545000,76.0,1,76.0,11,76.3,6,2,2022-03-23 09:00:36
1648026036888579000,76.1,1,76.1,9,76.3,6,2,2022-03-23 09:00:36
1648026036982696000,76.1,1,76.1,8,76.3,6,2,2022-03-23 09:00:36
1648026037480694000,76.1,1,76.1,11,76.3,6,2,2022-03-23 09:00:37
1648026037720710000,76.3,1,76.1,11,76.3,5,1,2022-03-23 09:00:37
1648026038159814000,76.3,1,76.1,14,76.3,4,1,2022-03-23 09:00:38
1648026038438302000,76.1,1,76.1,13,76.3,4,2,2022-03-23 09:00:38
1648026038457764000,76.3,4,76.1,13,76.4,25,1,2022-03-23 09:00:38
1648026038457764000,76.4,1,76.1,13,76.4,25,1,2022-03-23 09:00:38
1648026038554887000,76.4,2,76.1,13,76.4,23,1,2022-03-23 09:00:38
1648026038624642000,76.1,3,76.1,10,76.4,23,2,2022-03-23 09:00:38
1648026038874074000,76.1,1,76.1,9,76.3,3,2,2022-03-23 09:00:38
1648026039460202000,76.2,4,76.1,5,76.2,8,2,2022-03-23 09:00:39
1648026039808607000,76.2,3,76.1,6,76.2,5,1,2022-03-23 09:00:39
1648026040111013000,76.1,5,76.1,7,76.2,8,2,2022-03-23 09:00:40
1648026040499770000,76.1,3,76.1,4,76.2,8,2,2022-03-23 09:00:40
1648026040552884000,76.1,3,76.1,1,76.2,8,2,2022-03-23 09:00:40
1648026040903423000,76.2,1,76.1,1,76.2,7,1,2022-03-23 09:00:40
1648026040973639000,76.1,1,76.0,34,76.1,19,2,2022-03-23 09:00:40
1648026041295874000,76.1,1,76.0,34,76.1,18,1,2022-03-23 09:00:41
1648026041526789000,76.1,1,76.0,34,76.1,17,1,2022-03-23 09:00:41
1648026041601648000,76.0,1,76.0,33,76.1,20,2,2022-03-23 09:00:41
1648026041644245000,76.1,2,76.0,33,76.1,18,1,2022-03-23 09:00:41
1648026041739816000,76.0,1,76.0,32,76.1,18,2,2022-03-23 09:00:41
1648026042085547000,76.1,1,76.0,32,76.1,18,1,2022-03-23 09:00:42
1648026042104407000,76.1,10,76.0,32,76.1,8,1,2022-03-23 09:00:42
1648026042250460000,76.1,1,76.0,32,76.1,7,1,2022-03-23 09:00:42
1648026042311543000,76.0,10,76.0,22,76.1,7,2,2022-03-23 09:00:42
1648026042718016000,76.1,1,76.0,23,76.1,6,1,2022-03-23 09:00:42
1648026042851662000,76.1,1,76.0,23,76.1,5,1,2022-03-23 09:00:42
1648026042979370000,76.1,4,76.0,23,76.1,1,1,2022-03-23 09:00:42
1648026043006466000,76.1,1,76.0,23,76.2,7,1,2022-03-23 09:00:43
1648026043145779000,76.2,1,76.1,1,76.2,6,1,2022-03-23 09:00:43
1648026043295968000,76.2,1,76.1,2,76.2,8,1,2022-03-23 09:00:43
1648026043492322000,76.2,2,76.1,2,76.2,6,1,2022-03-23 09:00:43
1648026043743251000,76.2,1,76.1,2,76.2,8,1,2022-03-23 09:00:43
1648026043925217000,76.2,1,76.1,2,76.2,7,1,2022-03-23 09:00:43
1648026044176477000,76.1,11,76.1,1,76.2,10,2,2022-03-23 09:00:44
1648026044272168000,76.1,1,76.0,27,76.2,10,2,2022-03-23 09:00:44
1648026044272168000,76.0,1,76.0,27,76.2,10,2,2022-03-23 09:00:44
1648026044917429000,76.1,1,76.0,30,76.1,2,1,2022-03-23 09:00:44
1648026045232954000,76.1,1,76.0,30,76.1,1,1,2022-03-23 09:00:45
1648026045468086000,76.1,3,76.1,22,76.2,12,1,2022-03-23 09:00:45
1648026045712529000,76.2,1,76.1,22,76.2,21,1,2022-03-23 09:00:45
1648026046206765000,76.1,1,76.1,21,76.2,23,2,2022-03-23 09:00:46
1648026046290259000,76.1,1,76.1,33,76.2,23,2,2022-03-23 09:00:46
1648026046370102000,76.2,5,76.1,33,76.2,19,1,2022-03-23 09:00:46
1648026046398483000,76.1,1,76.1,32,76.2,19,2,2022-03-23 09:00:46
1648026046487343000,76.2,1,76.1,33,76.2,18,1,2022-03-23 09:00:46
1648026046538814000,76.2,1,76.1,33,76.2,17,1,2022-03-23 09:00:46
1648026046790113000,76.1,7,76.1,33,76.2,17,2,2022-03-23 09:00:46
1648026046887173000,76.2,1,76.1,33,76.2,16,1,2022-03-23 09:00:46
1648026047161454000,76.2,2,76.1,33,76.2,14,1,2022-03-23 09:00:47
1648026047737403000,76.2,1,76.1,37,76.2,13,1,2022-03-23 09:00:47
1648026048154790000,76.2,1,76.1,27,76.2,12,1,2022-03-23 09:00:48
1648026048226621000,76.2,1,76.1,27,76.2,11,1,2022-03-23 09:00:48
1648026048286206000,76.2,1,76.1,27,76.2,10,1,2022-03-23 09:00:48
1648026048404718000,76.1,1,76.1,26,76.2,10,2,2022-03-23 09:00:48
1648026048736254000,76.2,10,76.2,3,76.3,28,1,2022-03-23 09:00:48
1648026048752314000,76.2,3,76.1,26,76.2,7,2,2022-03-23 09:00:48
1648026048777519000,76.1,2,76.1,24,76.2,7,2,2022-03-23 09:00:48
1648026048968813000,76.2,1,76.1,24,76.2,6,1,2022-03-23 09:00:48
1648026049121812000,76.1,1,76.1,23,76.2,6,2,2022-03-23 09:00:49
1648026049341904000,76.2,2,76.1,23,76.2,4,1,2022-03-23 09:00:49
1648026049350799000,76.2,2,76.1,23,76.2,2,1,2022-03-23 09:00:49
1648026049357211000,76.1,1,76.1,22,76.2,2,2,2022-03-23 09:00:49
1648026049942935000,76.2,2,76.1,22,76.2,3,1,2022-03-23 09:00:49
1648026050002301000,76.2,3,76.2,2,76.3,18,1,2022-03-23 09:00:50
1648026050038694000,76.2,2,76.1,22,76.3,18,2,2022-03-23 09:00:50
1648026050073885000,76.3,18,76.1,22,76.4,31,1,2022-03-23 09:00:50
1648026050073885000,76.4,2,76.1,22,76.4,31,1,2022-03-23 09:00:50
1648026050160021000,76.4,10,76.2,5,76.4,21,1,2022-03-23 09:00:50
1648026050295677000,76.4,1,76.2,5,76.4,20,1,2022-03-23 09:00:50
1648026050328593000,76.4,1,76.2,5,76.4,19,1,2022-03-23 09:00:50
1648026050662533000,76.2,5,76.2,6,76.3,2,2,2022-03-23 09:00:50
1648026050770302000,76.3,2,76.2,6,76.4,20,1,2022-03-23 09:00:50
1648026050856326000,76.2,1,76.2,1,76.4,20,2,2022-03-23 09:00:50
1648026050903889000,76.4,20,76.2,1,76.5,16,1,2022-03-23 09:00:50
1648026051055575000,76.5,10,76.2,11,76.5,6,1,2022-03-23 09:00:51
1648026051095454000,76.5,6,76.2,11,76.6,4,1,2022-03-23 09:00:51
1648026051112076000,76.2,1,76.2,10,76.6,4,2,2022-03-23 09:00:51
1648026051213666000,76.2,1,76.2,13,76.6,7,2,2022-03-23 09:00:51
1648026051922356000,76.3,1,76.3,7,76.6,7,2,2022-03-23 09:00:51
1648026052145000000,76.5,1,76.3,6,76.6,7,2,2022-03-23 09:00:52
1648026052145000000,76.3,1,76.3,6,76.6,7,2,2022-03-23 09:00:52
1648026052826314000,76.4,1,76.4,4,76.6,7,2,2022-03-23 09:00:52
1648026052892980000,76.4,1,76.4,3,76.6,7,2,2022-03-23 09:00:52
1648026052946554000,76.4,2,76.4,1,76.6,7,2,2022-03-23 09:00:52
1648026052987832000,76.4,1,76.3,5,76.6,7,2,2022-03-23 09:00:52
1648026053962171000,76.5,7,76.3,1,76.5,6,1,2022-03-23 09:00:53
1648026054657204000,76.4,2,76.3,1,76.4,10,1,2022-03-23 09:00:54
1648026055144585000,76.4,1,76.3,1,76.4,9,1,2022-03-23 09:00:55
1648026055266092000,76.4,1,76.3,1,76.4,8,1,2022-03-23 09:00:55
1648026055737562000,76.3,5,76.3,3,76.4,8,2,2022-03-23 09:00:55
1648026055954879000,76.3,2,76.3,2,76.4,8,2,2022-03-23 09:00:55
1648026055983815000,76.3,2,76.2,16,76.4,8,2,2022-03-23 09:00:55
1648026056606495000,76.3,1,76.2,16,76.4,19,1,2022-03-23 09:00:56
1648026056698396000,76.2,2,76.2,14,76.3,2,2,2022-03-23 09:00:56
1648026056704389000,76.2,1,76.2,13,76.3,2,2,2022-03-23 09:00:56
1648026056900074000,76.2,1,76.2,12,76.3,2,2,2022-03-23 09:00:56
1648026057314144000,76.2,1,76.2,11,76.3,3,2,2022-03-23 09:00:57
1648026057329576000,76.3,1,76.2,11,76.3,2,1,2022-03-23 09:00:57
1648026057342041000,76.2,11,76.1,25,76.3,2,2,2022-03-23 09:00:57
1648026057516790000,76.3,3,76.2,2,76.4,20,1,2022-03-23 09:00:57
1648026057619056000,76.4,1,76.2,2,76.4,19,1,2022-03-23 09:00:57
1648026057811885000,76.3,1,76.2,3,76.4,18,1,2022-03-23 09:00:57
1648026057811885000,76.4,1,76.2,3,76.4,18,1,2022-03-23 09:00:57
1648026057970573000,76.4,1,76.3,1,76.4,17,1,2022-03-23 09:00:57
1648026058059686000,76.3,1,76.2,3,76.4,17,2,2022-03-23 09:00:58
1648026058088479000,76.2,3,76.1,30,76.2,2,2,2022-03-23 09:00:58
1648026058174394000,76.2,1,76.1,30,76.2,1,1,2022-03-23 09:00:58
1648026058723028000,76.2,1,76.1,30,76.2,20,1,2022-03-23 09:00:58
1648026058767338000,76.2,1,76.1,30,76.2,19,1,2022-03-23 09:00:58
1648026059015975000,76.2,1,76.1,30,76.2,18,1,2022-03-23 09:00:59
1648026059025599000,76.1,1,76.1,29,76.2,18,2,2022-03-23 09:00:59
1648026059318557000,76.2,5,76.1,29,76.2,15,1,2022-03-23 09:00:59
1648026059327032000,76.2,1,76.1,29,76.2,14,1,2022-03-23 09:00:59
1648026059352528000,76.2,14,76.1,29,76.3,18,1,2022-03-23 09:00:59
1648026059496183000,76.3,1,76.1,30,76.3,17,1,2022-03-23 09:00:59
1648026059737753000,76.1,1,76.1,29,76.3,19,2,2022-03-23 09:00:59
1648026059835864000,76.1,5,76.1,24,76.3,19,2,2022-03-23 09:00:59
1648026059862413000,76.1,16,76.1,8,76.3,19,2,2022-03-23 09:00:59
1648026060009412000,76.1,2,76.1,6,76.3,26,2,2022-03-23 09:01:00
1648026060030240000,76.3,1,76.1,6,76.3,25,1,2022-03-23 09:01:00
1648026060076902000,76.1,3,76.1,3,76.3,25,2,2022-03-23 09:01:00
1648026060412895000,76.2,1,76.1,3,76.3,11,1,2022-03-23 09:01:00
1648026060412895000,76.3,9,76.1,3,76.3,11,1,2022-03-23 09:01:00
1648026060610955000,76.1,3,76.0,74,76.2,17,2,2022-03-23 09:01:00
1648026060775753000,76.2,1,76.0,74,76.2,22,1,2022-03-23 09:01:00
1648026060957263000,76.1,1,76.0,74,76.1,8,1,2022-03-23 09:01:00
1648026060979485000,76.1,1,76.0,74,76.1,7,1,2022-03-23 09:01:00
1648026061189259000,76.0,5,76.0,69,76.1,8,2,2022-03-23 09:01:01
1648026061334354000,76.1,1,76.0,70,76.1,9,1,2022-03-23 09:01:01
1648026061370655000,76.1,2,76.0,70,76.1,7,1,2022-03-23 09:01:01
1648026061692431000,76.0,4,76.0,69,76.1,12,2,2022-03-23 09:01:01
1648026061714906000,76.1,3,76.0,69,76.1,9,1,2022-03-23 09:01:01
1648026061730378000,76.0,2,76.0,67,76.1,9,2,2022-03-23 09:01:01
1648026061859979000,76.0,5,76.0,62,76.1,15,2,2022-03-23 09:01:01
1648026062097809000,76.0,13,76.0,49,76.1,19,2,2022-03-23 09:01:02
1648026062416482000,76.1,1,76.0,49,76.1,24,1,2022-03-23 09:01:02
1648026062513778000,76.0,13,76.0,36,76.1,25,2,2022-03-23 09:01:02
1648026062563194000,76.1,20,76.0,36,76.1,5,1,2022-03-23 09:01:02
1648026062620688000,76.0,3,76.0,33,76.1,9,2,2022-03-23 09:01:02
1648026062771652000,76.0,13,76.0,20,76.1,10,2,2022-03-23 09:01:02
1648026062955387000,76.0,1,76.0,19,76.1,6,2,2022-03-23 09:01:02
1648026063032505000,76.0,19,75.8,16,76.1,10,2,2022-03-23 09:01:03
1648026063032505000,75.9,5,75.8,16,76.1,10,2,2022-03-23 09:01:03
1648026063032505000,75.8,26,75.8,16,76.1,10,2,2022-03-23 09:01:03
1648026063246134000,76.0,1,75.8,16,76.1,6,1,2022-03-23 09:01:03
1648026063436093000,76.0,1,75.8,16,76.0,4,1,2022-03-23 09:01:03
1648026063675629000,76.0,1,75.8,16,76.0,5,1,2022-03-23 09:01:03
1648026063789742000,75.8,2,75.8,14,76.0,5,2,2022-03-23 09:01:03
1648026063957307000,76.0,1,75.8,14,76.0,4,1,2022-03-23 09:01:03
1648026064432934000,76.0,5,75.8,14,76.0,7,1,2022-03-23 09:01:04
1648026064487026000,76.0,10,75.8,14,76.0,1,1,2022-03-23 09:01:04
1648026064566993000,75.8,12,75.8,3,75.9,9,2,2022-03-23 09:01:04
1648026064604315000,75.9,1,75.8,3,75.9,8,1,2022-03-23 09:01:04
1648026064751067000,75.9,1,75.8,3,75.9,12,1,2022-03-23 09:01:04
1648026064803003000,75.8,1,75.8,2,75.9,12,2,2022-03-23 09:01:04
1648026065238281000,75.8,2,75.7,29,75.9,13,2,2022-03-23 09:01:05
1648026065327346000,75.9,5,75.7,29,75.9,12,1,2022-03-23 09:01:05
1648026065331733000,75.9,1,75.7,29,75.9,11,1,2022-03-23 09:01:05
1648026065400893000,75.9,5,75.7,29,75.9,6,1,2022-03-23 09:01:05
1648026065434709000,75.7,2,75.7,27,75.9,6,2,2022-03-23 09:01:05
1648026065674726000,75.7,5,75.7,22,75.8,2,2,2022-03-23 09:01:05
1648026066043420000,75.8,5,75.7,22,75.8,3,1,2022-03-23 09:01:06
1648026066133162000,75.7,2,75.7,20,75.8,4,2,2022-03-23 09:01:06
1648026066263209000,75.8,1,75.7,20,75.8,3,1,2022-03-23 09:01:06
1648026066512705000,75.8,3,75.7,20,75.9,2,1,2022-03-23 09:01:06
1648026066512705000,75.9,2,75.7,20,75.9,2,1,2022-03-23 09:01:06
1648026066838413000,75.7,1,75.7,19,75.8,9,2,2022-03-23 09:01:06
1648026066966313000,75.7,1,75.7,18,75.8,9,2,2022-03-23 09:01:06
1648026067422361000,75.7,1,75.7,17,75.8,9,2,2022-03-23 09:01:07
1648026068135619000,75.8,1,75.7,17,75.8,9,1,2022-03-23 09:01:08
1648026068362703000,75.7,10,75.7,7,75.8,9,2,2022-03-23 09:01:08
1648026068369426000,75.7,7,75.6,8,75.8,9,2,2022-03-23 09:01:08
1648026068614064000,75.7,1,75.6,8,75.8,9,1,2022-03-23 09:01:08
1648026068658002000,75.8,1,75.6,8,75.8,8,1,2022-03-23 09:01:08
1648026068875755000,75.6,5,75.6,2,75.8,8,2,2022-03-23 09:01:08
1648026068948032000,75.7,1,75.6,2,75.8,8,1,2022-03-23 09:01:08
1648026069183815000,75.7,2,75.6,2,75.7,3,1,2022-03-23 09:01:09
1648026069329204000,75.7,2,75.6,2,75.7,39,1,2022-03-23 09:01:09
1648026069384682000,75.6,1,75.6,1,75.7,40,2,2022-03-23 09:01:09
1648026070005105000,75.6,1,75.5,77,75.7,45,2,2022-03-23 09:01:10
1648026070077414000,75.5,1,75.5,76,75.7,45,2,2022-03-23 09:01:10
1648026070279517000,75.5,1,75.5,75,75.6,1,2,2022-03-23 09:01:10
1648026070286715000,75.5,1,75.5,74,75.6,1,2,2022-03-23 09:01:10
1648026070416063000,75.5,1,75.5,73,75.6,1,2,2022-03-23 09:01:10
1648026070445597000,75.5,5,75.5,68,75.6,1,2,2022-03-23 09:01:10
1648026070627666000,75.5,1,75.5,67,75.6,3,2,2022-03-23 09:01:10
1648026070969502000,75.6,1,75.5,67,75.6,11,1,2022-03-23 09:01:10
1648026071159680000,75.6,1,75.5,67,75.6,10,1,2022-03-23 09:01:11
1648026071194146000,75.5,1,75.5,66,75.6,10,2,2022-03-23 09:01:11
1648026071611073000,75.6,1,75.5,66,75.6,11,1,2022-03-23 09:01:11
1648026071944715000,75.6,1,75.5,66,75.6,14,1,2022-03-23 09:01:11
1648026072144163000,75.5,1,75.5,65,75.6,15,2,2022-03-23 09:01:12
1648026072178897000,75.5,1,75.5,64,75.6,15,2,2022-03-23 09:01:12
1648026072394531000,75.5,1,75.5,63,75.6,15,2,2022-03-23 09:01:12
1648026072476749000,75.6,1,75.5,63,75.6,14,1,2022-03-23 09:01:12
1648026072731443000,75.5,5,75.5,58,75.6,15,2,2022-03-23 09:01:12
1648026072761401000,75.6,1,75.5,58,75.6,14,1,2022-03-23 09:01:12
1648026072886433000,75.5,1,75.5,57,75.6,14,2,2022-03-23 09:01:12
1648026072970283000,75.6,1,75.5,57,75.6,13,1,2022-03-23 09:01:12
1648026073028592000,75.5,1,75.5,56,75.6,13,2,2022-03-23 09:01:13
1648026073180958000,75.5,3,75.5,53,75.6,14,2,2022-03-23 09:01:13
1648026073438610000,75.5,5,75.5,49,75.6,14,2,2022-03-23 09:01:13
1648026074010061000,75.6,2,75.5,50,75.6,8,1,2022-03-23 09:01:14
1648026074118686000,75.5,1,75.5,49,75.6,8,2,2022-03-23 09:01:14
1648026074200221000,75.5,5,75.5,44,75.6,8,2,2022-03-23 09:01:14
1648026074251921000,75.5,1,75.5,43,75.6,10,2,2022-03-23 09:01:14
1648026074362596000,75.5,1,75.5,42,75.6,10,2,2022-03-23 09:01:14
1648026074378424000,75.5,20,75.5,22,75.6,10,2,2022-03-23 09:01:14
1648026074417440000,75.5,1,75.5,21,75.6,10,2,2022-03-23 09:01:14
1648026074418313000,75.5,1,75.5,20,75.6,10,2,2022-03-23 09:01:14
1648026074613194000,75.5,5,75.5,16,75.6,10,2,2022-03-23 09:01:14
1648026074655488000,75.5,1,75.5,15,75.6,11,2,2022-03-23 09:01:14
1648026074719212000,75.6,11,75.5,15,75.7,41,1,2022-03-23 09:01:14
1648026074719212000,75.7,4,75.5,15,75.7,41,1,2022-03-23 09:01:14
1648026074765313000,75.5,16,75.2,24,75.7,42,2,2022-03-23 09:01:14
1648026074765313000,75.4,10,75.2,24,75.7,42,2,2022-03-23 09:01:14
1648026074765313000,75.3,18,75.2,24,75.7,42,2,2022-03-23 09:01:14
1648026074765313000,75.2,6,75.2,24,75.7,42,2,2022-03-23 09:01:14
1648026074805744000,75.3,2,75.2,24,75.5,1,2,2022-03-23 09:01:14
1648026074805744000,75.2,2,75.2,24,75.5,1,2,2022-03-23 09:01:14
1648026074843801000,75.4,2,75.2,24,75.5,8,1,2022-03-23 09:01:14
1648026074894452000,75.2,3,75.2,21,75.5,8,2,2022-03-23 09:01:14
1648026075056549000,75.5,1,75.2,21,75.5,7,1,2022-03-23 09:01:15
1648026075227822000,75.5,1,75.2,21,75.5,10,1,2022-03-23 09:01:15
1648026075786904000,75.3,1,75.3,6,75.5,10,2,2022-03-23 09:01:15
1648026075808664000,75.3,1,75.3,5,75.5,10,2,2022-03-23 09:01:15
1648026075846414000,75.3,1,75.3,4,75.5,10,2,2022-03-23 09:01:15
1648026076256576000,75.3,3,75.3,1,75.5,10,2,2022-03-23 09:01:16
1648026076634904000,75.4,1,75.4,4,75.5,12,2,2022-03-23 09:01:16
1648026076683832000,75.5,1,75.4,4,75.5,11,1,2022-03-23 09:01:16
1648026076720661000,75.4,1,75.4,3,75.5,11,2,2022-03-23 09:01:16
1648026076783031000,75.5,1,75.4,3,75.5,10,1,2022-03-23 09:01:16
1648026076840373000,75.4,1,75.4,2,75.5,10,2,2022-03-23 09:01:16
1648026077078143000,75.5,1,75.4,2,75.5,9,1,2022-03-23 09:01:17
1648026077302748000,75.4,2,75.3,1,75.5,13,2,2022-03-23 09:01:17
1648026077476860000,75.3,1,75.2,18,75.5,13,2,2022-03-23 09:01:17
1648026077476860000,75.2,3,75.2,18,75.5,13,2,2022-03-23 09:01:17
1648026077662236000,75.2,1,75.2,17,75.5,14,2,2022-03-23 09:01:17
1648026078259871000,75.3,1,75.3,4,75.4,1,2,2022-03-23 09:01:18
1648026078287578000,75.4,6,75.4,4,75.5,15,1,2022-03-23 09:01:18
1648026078333913000,75.4,1,75.4,3,75.5,15,2,2022-03-23 09:01:18
1648026078514825000,75.4,3,75.3,2,75.5,15,2,2022-03-23 09:01:18
1648026078514825000,75.3,2,75.3,2,75.5,15,2,2022-03-23 09:01:18
1648026078515923000,75.3,2,75.2,15,75.5,15,2,2022-03-23 09:01:18
1648026078913002000,75.2,1,75.2,14,75.5,16,2,2022-03-23 09:01:18
1648026078979276000,75.3,1,75.3,4,75.5,16,2,2022-03-23 09:01:18
1648026079012260000,75.3,2,75.3,2,75.5,16,2,2022-03-23 09:01:19
1648026079482791000,75.3,2,75.2,11,75.5,16,2,2022-03-23 09:01:19
1648026079482791000,75.2,3,75.2,11,75.5,16,2,2022-03-23 09:01:19
1648026079631964000,75.2,5,75.2,6,75.3,5,2,2022-03-23 09:01:19
1648026079765823000,75.3,2,75.2,6,75.3,3,1,2022-03-23 09:01:19
1648026079790649000,75.3,2,75.2,6,75.3,1,1,2022-03-23 09:01:19
1648026080495524000,75.3,1,75.2,6,75.3,4,1,2022-03-23 09:01:20
1648026080527359000,75.3,4,75.2,6,75.4,6,1,2022-03-23 09:01:20
1648026081179693000,75.2,2,75.2,5,75.3,1,2,2022-03-23 09:01:21
1648026081461940000,75.2,1,75.2,4,75.3,1,2,2022-03-23 09:01:21
1648026081742562000,75.3,1,75.2,4,75.4,5,1,2022-03-23 09:01:21
1648026081742562000,75.4,1,75.2,4,75.4,5,1,2022-03-23 09:01:21
1648026081974142000,75.2,1,75.2,3,75.3,1,2,2022-03-23 09:01:21
1648026082525443000,75.2,1,75.2,3,75.3,7,2,2022-03-23 09:01:22
1648026082609518000,75.2,2,75.2,1,75.3,7,2,2022-03-23 09:01:22
1648026083016591000,75.2,5,75.2,16,75.3,7,2,2022-03-23 09:01:23
1648026083217110000,75.2,1,75.2,20,75.3,7,2,2022-03-23 09:01:23
1648026083329340000,75.2,1,75.2,19,75.3,7,2,2022-03-23 09:01:23
1648026083606428000,75.3,1,75.2,21,75.3,6,1,2022-03-23 09:01:23
1648026083634823000,75.3,6,75.2,21,75.4,9,1,2022-03-23 09:01:23
1648026083811094000,75.3,2,75.2,22,75.4,9,2,2022-03-23 09:01:23
1648026083841505000,75.4,9,75.2,22,75.5,19,1,2022-03-23 09:01:23
1648026083869525000,75.2,1,75.2,21,75.5,19,2,2022-03-23 09:01:23
1648026084051393000,75.2,1,75.2,20,75.5,19,2,2022-03-23 09:01:24
1648026084099953000,75.3,1,75.2,24,75.5,19,1,2022-03-23 09:01:24
1648026084750736000,75.5,10,75.3,8,75.5,9,1,2022-03-23 09:01:24
1648026084780083000,75.5,9,75.3,8,75.6,11,1,2022-03-23 09:01:24
1648026085340929000,75.5,1,75.4,5,75.6,11,1,2022-03-23 09:01:25
1648026085568188000,75.6,6,75.4,29,75.6,5,1,2022-03-23 09:01:25
1648026085568979000,75.6,5,75.4,29,75.7,47,1,2022-03-23 09:01:25
1648026085757449000,75.5,1,75.4,29,75.7,47,1,2022-03-23 09:01:25
1648026085808998000,75.5,1,75.5,3,75.7,47,2,2022-03-23 09:01:25
1648026085892814000,75.7,5,75.5,3,75.7,42,1,2022-03-23 09:01:25
1648026086129396000,75.7,13,75.6,9,75.7,29,1,2022-03-23 09:01:26
1648026086381152000,75.7,13,75.6,9,75.7,16,1,2022-03-23 09:01:26
1648026086408426000,75.7,16,75.6,9,75.8,7,1,2022-03-23 09:01:26
1648026086579226000,75.7,1,75.6,9,75.8,7,2,2022-03-23 09:01:26
1648026086592683000,75.6,5,75.6,4,75.8,7,2,2022-03-23 09:01:26
1648026086603941000,75.6,4,75.5,2,75.6,6,2,2022-03-23 09:01:26
1648026086776612000,75.6,4,75.5,2,75.6,2,1,2022-03-23 09:01:26
1648026086815785000,75.6,2,75.5,2,75.8,7,1,2022-03-23 09:01:26
1648026087147076000,75.8,5,75.5,9,75.8,2,1,2022-03-23 09:01:27
1648026088381281000,75.7,1,75.7,5,75.8,2,2,2022-03-23 09:01:28
1648026088519472000,75.7,1,75.7,4,75.8,2,2,2022-03-23 09:01:28
1648026088605812000,75.8,2,75.7,5,75.9,3,1,2022-03-23 09:01:28
1648026088616547000,75.7,4,75.7,1,75.9,3,2,2022-03-23 09:01:28
1648026089022008000,75.7,1,75.7,4,75.9,4,2,2022-03-23 09:01:29
1648026089176247000,75.8,1,75.7,4,75.8,1,1,2022-03-23 09:01:29
1648026089917990000,75.8,1,75.7,9,75.9,4,1,2022-03-23 09:01:29
1648026091077426000,75.8,1,75.8,1,75.9,9,2,2022-03-23 09:01:31
1648026091237250000,75.8,2,75.7,11,75.9,9,2,2022-03-23 09:01:31
1648026091237250000,75.7,3,75.7,11,75.9,9,2,2022-03-23 09:01:31
1648026091596591000,75.8,1,75.7,7,75.8,2,1,2022-03-23 09:01:31
1648026092356982000,75.8,2,75.7,7,75.9,9,1,2022-03-23 09:01:32
1648026092362222000,75.7,1,75.7,6,75.9,9,2,2022-03-23 09:01:32
1648026092881171000,75.7,2,75.7,4,75.9,9,2,2022-03-23 09:01:32
1648026093143143000,75.7,4,75.6,19,75.9,12,2,2022-03-23 09:01:33
1648026093194379000,75.9,2,75.6,19,75.9,10,1,2022-03-23 09:01:33
1648026093391094000,75.9,1,75.7,2,75.9,9,1,2022-03-23 09:01:33
1648026094049784000,75.7,2,75.6,19,75.9,9,2,2022-03-23 09:01:34
1648026094274856000,75.8,1,75.8,1,75.9,9,2,2022-03-23 09:01:34
1648026094456642000,75.8,1,75.6,10,75.9,9,2,2022-03-23 09:01:34
1648026095562707000,75.9,10,75.7,2,75.9,6,1,2022-03-23 09:01:35
1648026095877831000,75.8,1,75.7,6,75.9,6,1,2022-03-23 09:01:35
1648026095954637000,75.7,1,75.7,5,75.8,4,2,2022-03-23 09:01:35
1648026096113415000,75.7,6,75.6,10,75.7,4,2,2022-03-23 09:01:36
1648026096196259000,75.7,1,75.6,10,75.7,3,1,2022-03-23 09:01:36
1648026096424283000,75.6,2,75.6,8,75.7,3,2,2022-03-23 09:01:36
1648026096635894000,75.6,2,75.6,6,75.7,3,2,2022-03-23 09:01:36
1648026096772070000,75.7,1,75.6,6,75.7,2,1,2022-03-23 09:01:36
1648026097159725000,75.7,1,75.6,6,75.7,1,1,2022-03-23 09:01:37
1648026097713165000,75.7,1,75.7,1,75.8,9,1,2022-03-23 09:01:37
1648026097961456000,75.7,1,75.5,9,75.8,10,2,2022-03-23 09:01:37
1648026097961456000,75.6,7,75.5,9,75.8,10,2,2022-03-23 09:01:37
1648026097961456000,75.5,2,75.5,9,75.8,10,2,2022-03-23 09:01:37
1648026098213134000,75.7,1,75.5,9,75.7,4,2,2022-03-23 09:01:38
1648026098500513000,75.7,1,75.5,9,75.7,3,1,2022-03-23 09:01:38
1648026098777823000,75.7,1,75.5,9,75.7,2,1,2022-03-23 09:01:38
1648026099244790000,75.7,1,75.5,9,75.7,1,1,2022-03-23 09:01:39
1648026099738828000,75.7,4,75.5,10,75.8,15,1,2022-03-23 09:01:39
1648026099738828000,75.8,6,75.5,10,75.8,15,1,2022-03-23 09:01:39
1648026100119888000,75.8,1,75.7,1,75.8,14,1,2022-03-23 09:01:40
1648026100348921000,75.7,1,75.5,10,75.8,14,2,2022-03-23 09:01:40
1648026100619498000,75.7,1,75.5,12,75.8,14,2,2022-03-23 09:01:40
1648026100766808000,75.8,10,75.5,12,75.8,4,1,2022-03-23 09:01:40
1648026101303555000,75.8,4,75.8,11,75.9,14,1,2022-03-23 09:01:41
1648026101320780000,75.8,1,75.8,10,75.9,14,2,2022-03-23 09:01:41
1648026101369461000,75.8,2,75.8,8,75.9,14,2,2022-03-23 09:01:41
1648026101389002000,75.8,1,75.8,7,75.9,14,2,2022-03-23 09:01:41
1648026101456177000,75.8,7,75.7,1,75.8,3,2,2022-03-23 09:01:41
1648026102048367000,75.8,2,75.7,1,75.8,1,1,2022-03-23 09:01:42
1648026102131931000,75.8,1,75.7,1,75.9,6,1,2022-03-23 09:01:42
1648026102131931000,75.9,4,75.7,1,75.9,6,1,2022-03-23 09:01:42
1648026102815289000,75.7,3,75.7,6,75.8,8,2,2022-03-23 09:01:42
1648026103454795000,75.8,5,75.7,7,75.8,4,1,2022-03-23 09:01:43
1648026103534461000,75.8,4,75.8,1,75.9,6,1,2022-03-23 09:01:43
1648026103682074000,75.8,1,75.7,7,75.9,6,2,2022-03-23 09:01:43
1648026103908658000,75.9,1,75.7,7,75.9,5,1,2022-03-23 09:01:43
1648026104327549000,75.8,1,75.7,7,75.9,5,2,2022-03-23 09:01:44
1648026104725488000,75.7,1,75.7,7,75.9,5,2,2022-03-23 09:01:44
1648026107623982000,75.9,1,75.8,5,75.9,5,1,2022-03-23 09:01:47
1648026108283677000,75.9,1,75.8,5,75.9,6,1,2022-03-23 09:01:48
1648026108335836000,75.8,5,75.7,12,75.9,6,2,2022-03-23 09:01:48
1648026108335836000,75.7,6,75.7,12,75.9,6,2,2022-03-23 09:01:48
1648026108697580000,75.8,1,75.7,14,75.9,3,1,2022-03-23 09:01:48
1648026108697580000,75.9,4,75.7,14,75.9,3,1,2022-03-23 09:01:48
1648026108748282000,75.9,1,75.7,14,75.9,3,1,2022-03-23 09:01:48
1648026108802708000,75.9,3,75.9,2,76.0,29,1,2022-03-23 09:01:48
1648026109188741000,75.9,2,75.7,14,75.9,8,2,2022-03-23 09:01:49
1648026109297956000,75.9,1,75.7,14,75.9,7,1,2022-03-23 09:01:49
1648026109380851000,75.9,5,75.7,14,75.9,2,1,2022-03-23 09:01:49
1648026109442974000,75.7,3,75.7,11,75.9,2,2,2022-03-23 09:01:49
1648026110007690000,75.8,1,75.7,12,75.8,5,1,2022-03-23 09:01:50
1648026110050989000,75.7,1,75.7,11,75.8,5,2,2022-03-23 09:01:50
1648026110200796000,75.8,1,75.7,11,75.8,4,1,2022-03-23 09:01:50
1648026111916531000,75.8,2,75.7,12,75.8,2,1,2022-03-23 09:01:51
1648026111939435000,75.7,2,75.7,10,75.8,2,2,2022-03-23 09:01:51
1648026112037740000,75.8,1,75.7,11,75.8,1,1,2022-03-23 09:01:52
1648026113004229000,75.7,2,75.7,9,75.8,1,2,2022-03-23 09:01:53
1648026113040159000,75.8,1,75.7,9,75.9,8,1,2022-03-23 09:01:53
1648026113940439000,75.9,8,75.8,1,76.0,31,1,2022-03-23 09:01:53
1648026113940439000,76.0,2,75.8,1,76.0,31,1,2022-03-23 09:01:53
1648026113993316000,75.8,1,75.7,9,76.0,34,2,2022-03-23 09:01:53
1648026113993316000,75.7,1,75.7,9,76.0,34,2,2022-03-23 09:01:53
1648026114443380000,75.8,1,75.8,1,76.0,44,2,2022-03-23 09:01:54
1648026114484060000,75.8,1,75.7,3,75.9,2,2,2022-03-23 09:01:54
1648026114484060000,75.7,6,75.7,3,75.9,2,2,2022-03-23 09:01:54
1648026114494882000,75.7,3,75.6,5,75.9,2,2,2022-03-23 09:01:54
1648026114646873000,75.8,1,75.6,5,75.8,5,1,2022-03-23 09:01:54
1648026115010515000,75.8,5,75.6,6,75.8,1,1,2022-03-23 09:01:55
1648026116431595000,75.8,1,75.6,8,75.8,10,1,2022-03-23 09:01:56
1648026117066808000,75.8,1,75.7,1,75.8,12,1,2022-03-23 09:01:57
1648026117260298000,75.8,1,75.7,1,75.8,11,1,2022-03-23 09:01:57
1648026117532673000,75.8,2,75.7,5,75.8,9,1,2022-03-23 09:01:57
1648026117617085000,75.8,1,75.7,5,75.8,9,1,2022-03-23 09:01:57
1648026117782591000,75.7,5,75.6,9,75.8,9,2,2022-03-23 09:01:57
1648026118060015000,75.7,1,75.6,9,75.8,9,1,2022-03-23 09:01:58
1648026118074133000,75.8,1,75.6,9,75.8,8,1,2022-03-23 09:01:58
1648026118407933000,75.8,5,75.6,11,75.8,3,1,2022-03-23 09:01:58
1648026118427567000,75.6,4,75.6,7,75.8,3,2,2022-03-23 09:01:58
1648026118771270000,75.7,1,75.6,7,75.7,4,2,2022-03-23 09:01:58
1648026118826483000,75.7,1,75.6,7,75.7,3,1,2022-03-23 09:01:58
1648026119566840000,75.7,1,75.6,8,75.7,7,1,2022-03-23 09:01:59
1648026119631663000,75.7,5,75.6,8,75.7,2,1,2022-03-23 09:01:59
1648026119997553000,75.6,13,75.5,21,75.7,2,2,2022-03-23 09:01:59
1648026119997553000,75.5,17,75.5,21,75.7,2,2,2022-03-23 09:01:59
1648026120257274000,75.5,2,75.5,19,75.6,7,2,2022-03-23 09:02:00
1648026120294995000,75.5,1,75.5,18,75.6,7,2,2022-03-23 09:02:00
1648026120701954000,75.6,1,75.5,19,75.6,6,1,2022-03-23 09:02:00
1648026120772990000,75.6,1,75.5,19,75.6,5,1,2022-03-23 09:02:00
1648026120787997000,75.5,2,75.5,17,75.6,5,2,2022-03-23 09:02:00
1648026120796280000,75.6,2,75.5,17,75.6,3,1,2022-03-23 09:02:00
1648026120823995000,75.5,1,75.5,16,75.6,4,2,2022-03-23 09:02:00
1648026120827805000,75.6,1,75.5,16,75.6,3,1,2022-03-23 09:02:00
1648026120920074000,75.5,16,75.3,19,75.6,3,2,2022-03-23 09:02:00
1648026120920074000,75.4,7,75.3,19,75.6,3,2,2022-03-23 09:02:00
1648026120920074000,75.3,7,75.3,19,75.6,3,2,2022-03-23 09:02:00
1648026121012488000,75.6,1,75.5,5,75.6,2,1,2022-03-23 09:02:01
1648026121094238000,75.6,2,75.5,5,75.7,3,1,2022-03-23 09:02:01
1648026121261753000,75.7,1,75.5,5,75.7,2,1,2022-03-23 09:02:01
1648026121322879000,75.6,1,75.3,14,75.4,2,2,2022-03-23 09:02:01
1648026121322879000,75.5,5,75.3,14,75.4,2,2,2022-03-23 09:02:01
1648026121350448000,75.4,2,75.3,14,75.7,2,1,2022-03-23 09:02:01
1648026121352922000,75.3,1,75.3,13,75.7,2,2,2022-03-23 09:02:01
1648026121359075000,75.3,1,75.3,12,75.7,2,2,2022-03-23 09:02:01
1648026121976664000,75.5,4,75.3,12,75.7,5,1,2022-03-23 09:02:01
1648026121976664000,75.7,1,75.3,12,75.7,5,1,2022-03-23 09:02:01
1648026122163807000,75.3,2,75.3,10,75.6,6,2,2022-03-23 09:02:02
1648026122487190000,75.6,2,75.3,10,75.6,4,1,2022-03-23 09:02:02
1648026122606728000,75.4,1,75.3,10,75.6,4,2,2022-03-23 09:02:02
1648026123048065000,75.3,2,75.3,8,75.6,4,2,2022-03-23 09:02:03
1648026123230352000,75.4,1,75.3,8,75.6,10,1,2022-03-23 09:02:03
1648026124615934000,75.5,1,75.4,2,75.5,1,1,2022-03-23 09:02:04
1648026124644776000,75.4,1,75.4,1,75.5,1,2,2022-03-23 09:02:04
1648026125205942000,75.4,1,75.3,9,75.5,1,2,2022-03-23 09:02:05
1648026125560361000,75.4,1,75.3,9,75.5,1,1,2022-03-23 09:02:05
1648026125802188000,75.3,10,75.2,7,75.5,1,2,2022-03-23 09:02:05
1648026125802188000,75.2,10,75.2,7,75.5,1,2,2022-03-23 09:02:05
1648026125821198000,75.5,1,75.2,7,75.6,12,1,2022-03-23 09:02:05
1648026127054038000,75.4,1,75.3,3,75.5,2,2,2022-03-23 09:02:07
1648026127098015000,75.5,1,75.3,3,75.5,1,1,2022-03-23 09:02:07
1648026127585696000,75.4,2,75.3,3,75.4,2,1,2022-03-23 09:02:07
1648026127835808000,75.4,2,75.4,3,75.5,1,1,2022-03-23 09:02:07
1648026127975098000,75.6,1,75.4,3,75.6,11,1,2022-03-23 09:02:07
1648026129058250000,75.5,1,75.4,3,75.5,6,1,2022-03-23 09:02:09
1648026129268084000,75.5,1,75.4,3,75.5,5,1,2022-03-23 09:02:09
1648026129326123000,75.5,1,75.4,3,75.5,4,1,2022-03-23 09:02:09
1648026129528556000,75.5,1,75.4,3,75.5,3,1,2022-03-23 09:02:09
1648026129615250000,75.5,1,75.4,3,75.5,2,1,2022-03-23 09:02:09
1648026130120787000,75.4,1,75.4,3,75.5,2,2,2022-03-23 09:02:10
1648026130295662000,75.4,2,75.4,1,75.5,2,2,2022-03-23 09:02:10
1648026130612329000,75.4,1,75.3,19,75.4,1,2,2022-03-23 09:02:10
1648026130648251000,75.4,1,75.3,19,75.5,13,1,2022-03-23 09:02:10
1648026130653639000,75.3,1,75.3,18,75.5,13,2,2022-03-23 09:02:10
1648026132185949000,75.5,1,75.4,3,75.5,13,1,2022-03-23 09:02:12
1648026132262042000,75.4,1,75.4,2,75.5,13,2,2022-03-23 09:02:12
1648026132514970000,75.5,1,75.4,2,75.5,12,1,2022-03-23 09:02:12
1648026132889447000,75.4,1,75.4,1,75.5,13,2,2022-03-23 09:02:12
1648026133105835000,75.4,1,75.3,18,75.4,1,2,2022-03-23 09:02:13
1648026133386745000,75.4,1,75.3,18,75.4,6,1,2022-03-23 09:02:13
1648026133419852000,75.4,6,75.3,18,75.5,14,1,2022-03-23 09:02:13
1648026133527482000,75.5,2,75.3,18,75.5,12,1,2022-03-23 09:02:13
1648026134888635000,75.4,1,75.4,1,75.5,12,2,2022-03-23 09:02:14
1648026135043947000,75.4,1,75.3,16,75.5,13,2,2022-03-23 09:02:15
1648026135603637000,75.5,5,75.3,18,75.5,13,1,2022-03-23 09:02:15
1648026135640053000,75.5,13,75.3,18,75.6,15,1,2022-03-23 09:02:15
1648026135841042000,75.4,1,75.3,8,75.5,1,2,2022-03-23 09:02:15
1648026135841042000,75.3,10,75.3,8,75.5,1,2,2022-03-23 09:02:15
1648026136220928000,75.4,1,75.4,17,75.5,1,2,2022-03-23 09:02:16
1648026136763962000,75.5,1,75.4,17,75.6,15,1,2022-03-23 09:02:16
1648026136787412000,75.4,2,75.4,15,75.6,15,2,2022-03-23 09:02:16
1648026137752610000,75.5,4,75.5,1,75.6,15,2,2022-03-23 09:02:17
1648026138315608000,75.5,2,75.5,7,75.6,15,2,2022-03-23 09:02:18
1648026138509207000,75.6,13,75.5,8,75.6,2,1,2022-03-23 09:02:18
1648026138856977000,75.6,2,75.6,8,75.7,7,1,2022-03-23 09:02:18
1648026138899541000,75.6,1,75.6,7,75.7,10,2,2022-03-23 09:02:18
1648026139071156000,75.6,1,75.6,6,75.7,10,2,2022-03-23 09:02:19
1648026139408257000,75.6,1,75.6,5,75.7,10,2,2022-03-23 09:02:19
1648026139908572000,75.6,2,75.6,3,75.7,10,2,2022-03-23 09:02:19
1648026140668426000,75.7,5,75.6,8,75.7,5,1,2022-03-23 09:02:20
1648026140818873000,75.6,5,75.6,3,75.7,5,2,2022-03-23 09:02:20
1648026141045086000,75.6,1,75.6,2,75.7,5,2,2022-03-23 09:02:21
1648026141073321000,75.6,2,75.5,18,75.7,5,2,2022-03-23 09:02:21
1648026141073321000,75.5,1,75.5,18,75.7,5,2,2022-03-23 09:02:21
1648026141113211000,75.7,3,75.5,18,75.7,2,1,2022-03-23 09:02:21
1648026141221391000,75.7,2,75.7,3,75.8,24,1,2022-03-23 09:02:21
1648026142172655000,75.8,1,75.7,5,75.8,26,1,2022-03-23 09:02:22
1648026142184596000,75.7,5,75.5,9,75.8,26,2,2022-03-23 09:02:22
1648026142184596000,75.5,5,75.5,9,75.8,26,2,2022-03-23 09:02:22
1648026143448346000,75.7,1,75.5,16,75.7,9,1,2022-03-23 09:02:23
1648026143480833000,75.7,9,75.5,16,75.8,21,1,2022-03-23 09:02:23
1648026144138381000,75.7,1,75.5,21,75.7,4,1,2022-03-23 09:02:24
1648026145865170000,75.7,1,75.6,7,75.7,3,1,2022-03-23 09:02:25
1648026146422148000,75.7,1,75.6,23,75.7,2,1,2022-03-23 09:02:26
1648026147096684000,75.7,4,75.6,23,75.8,22,1,2022-03-23 09:02:27
1648026147123509000,75.8,18,75.6,23,75.8,4,1,2022-03-23 09:02:27
1648026147631812000,75.7,2,75.6,25,75.8,4,1,2022-03-23 09:02:27
1648026147735388000,75.8,4,75.6,25,76.0,22,1,2022-03-23 09:02:27
1648026147735388000,75.9,10,75.6,25,76.0,22,1,2022-03-23 09:02:27
1648026147735388000,76.0,16,75.6,25,76.0,22,1,2022-03-23 09:02:27
1648026148610053000,75.7,4,75.7,2,76.0,25,2,2022-03-23 09:02:28
1648026148716786000,76.0,8,75.7,2,76.0,17,1,2022-03-23 09:02:28
1648026148825410000,75.7,1,75.7,2,76.0,17,2,2022-03-23 09:02:28
1648026149017466000,75.7,1,75.7,3,76.0,17,2,2022-03-23 09:02:29
1648026149070404000,75.7,2,75.7,1,76.0,17,2,2022-03-23 09:02:29
1648026150093797000,75.9,1,75.7,18,76.0,17,1,2022-03-23 09:02:30
1648026150140951000,75.7,1,75.7,17,75.9,3,2,2022-03-23 09:02:30
1648026150234776000,75.9,2,75.7,17,75.9,1,1,2022-03-23 09:02:30
1648026151179546000,75.9,1,75.7,18,76.1,15,1,2022-03-23 09:02:31
1648026151179546000,76.0,17,75.7,18,76.1,15,1,2022-03-23 09:02:31
1648026151179546000,76.1,2,75.7,18,76.1,15,1,2022-03-23 09:02:31
1648026151234643000,76.1,5,75.7,20,76.1,9,1,2022-03-23 09:02:31
1648026153251209000,76.1,10,75.9,6,76.1,2,1,2022-03-23 09:02:33
1648026153289216000,76.0,1,75.9,6,76.1,2,1,2022-03-23 09:02:33
1648026153444930000,76.1,2,75.9,6,76.2,13,1,2022-03-23 09:02:33
1648026153444930000,76.2,18,75.9,6,76.2,13,1,2022-03-23 09:02:33
1648026154163133000,76.0,2,75.9,6,76.4,11,1,2022-03-23 09:02:34
1648026154163133000,76.2,13,75.9,6,76.4,11,1,2022-03-23 09:02:34
1648026154163133000,76.3,8,75.9,6,76.4,11,1,2022-03-23 09:02:34
1648026154163133000,76.4,1,75.9,6,76.4,11,1,2022-03-23 09:02:34
1648026154354393000,76.3,2,76.0,2,76.4,11,1,2022-03-23 09:02:34
1648026154373795000,76.4,2,76.0,2,76.4,9,1,2022-03-23 09:02:34
1648026154386674000,76.4,2,76.0,2,76.4,7,1,2022-03-23 09:02:34
1648026154406167000,76.0,3,75.9,8,76.0,2,2,2022-03-23 09:02:34
1648026154429097000,76.0,1,75.9,8,76.0,1,1,2022-03-23 09:02:34
1648026154556474000,76.0,1,76.0,4,76.4,7,1,2022-03-23 09:02:34
1648026155499561000,76.2,4,75.8,10,76.3,5,2,2022-03-23 09:02:35
1648026155499561000,76.0,2,75.8,10,76.3,5,2,2022-03-23 09:02:35
1648026155499561000,75.9,3,75.8,10,76.3,5,2,2022-03-23 09:02:35
1648026155499561000,75.8,1,75.8,10,76.3,5,2,2022-03-23 09:02:35
1648026155682317000,76.2,2,76.2,8,76.3,4,1,2022-03-23 09:02:35
1648026155713342000,76.2,8,75.8,10,76.3,4,2,2022-03-23 09:02:35
1648026156360578000,76.3,4,75.9,1,76.5,31,1,2022-03-23 09:02:36
1648026156360578000,76.4,7,75.9,1,76.5,31,1,2022-03-23 09:02:36
1648026156360578000,76.5,9,75.9,1,76.5,31,1,2022-03-23 09:02:36
1648026156971906000,76.4,3,76.4,2,76.5,31,1,2022-03-23 09:02:36
1648026157010557000,76.4,2,76.0,3,76.5,31,2,2022-03-23 09:02:37
1648026157133581000,76.1,1,76.0,3,76.5,31,1,2022-03-23 09:02:37
1648026157369295000,76.0,1,76.0,2,76.5,31,2,2022-03-23 09:02:37
1648026157411837000,76.0,2,75.9,1,76.5,34,2,2022-03-23 09:02:37
1648026157834567000,76.0,3,76.0,2,76.4,3,2,2022-03-23 09:02:37
1648026157874568000,76.0,2,75.9,1,76.4,3,2,2022-03-23 09:02:37
1648026157970646000,76.4,1,75.9,1,76.4,2,1,2022-03-23 09:02:37
1648026158571944000,76.0,1,76.0,9,76.2,5,2,2022-03-23 09:02:38
1648026158756943000,76.2,2,76.0,9,76.2,3,1,2022-03-23 09:02:38
1648026160080767000,76.2,1,76.1,5,76.2,2,1,2022-03-23 09:02:40
1648026160401597000,76.1,2,76.1,3,76.2,3,2,2022-03-23 09:02:40
1648026160703344000,76.2,3,76.1,3,76.4,10,1,2022-03-23 09:02:40
1648026160703344000,76.3,5,76.1,3,76.4,10,1,2022-03-23 09:02:40
1648026160703344000,76.4,2,76.1,3,76.4,10,1,2022-03-23 09:02:40
1648026161231466000,76.2,2,76.1,3,76.2,1,1,2022-03-23 09:02:41
1648026161424567000,76.2,1,76.1,3,76.4,10,1,2022-03-23 09:02:41
1648026161483504000,76.1,3,76.0,38,76.4,11,2,2022-03-23 09:02:41
1648026162331490000,76.1,2,76.0,33,76.2,1,2,2022-03-23 09:02:42
1648026162331490000,76.0,8,76.0,33,76.2,1,2,2022-03-23 09:02:42
1648026163171719000,76.2,1,76.1,10,76.3,3,1,2022-03-23 09:02:43
1648026163288641000,76.2,1,76.1,10,76.3,5,2,2022-03-23 09:02:43
1648026165271187000,76.3,1,76.2,7,76.3,10,1,2022-03-23 09:02:45
1648026165476442000,76.3,1,76.2,7,76.3,9,1,2022-03-23 09:02:45
1648026165579178000,76.3,1,76.2,7,76.3,8,1,2022-03-23 09:02:45
1648026166127615000,76.2,1,76.2,6,76.3,9,2,2022-03-23 09:02:46
1648026166164434000,76.2,3,76.2,3,76.3,9,2,2022-03-23 09:02:46
1648026166187301000,76.3,1,76.2,3,76.3,8,1,2022-03-23 09:02:46
1648026167162955000,76.3,1,76.2,5,76.3,8,1,2022-03-23 09:02:47
1648026167270605000,76.3,1,76.2,5,76.3,7,1,2022-03-23 09:02:47
1648026167607100000,76.3,3,76.2,5,76.3,6,1,2022-03-23 09:02:47
1648026167870501000,76.3,1,76.2,5,76.3,5,1,2022-03-23 09:02:47
1648026168508602000,76.3,1,76.2,11,76.3,9,1,2022-03-23 09:02:48
1648026168608927000,76.2,1,76.2,10,76.3,9,2,2022-03-23 09:02:48
1648026168627943000,76.3,2,76.2,10,76.3,7,1,2022-03-23 09:02:48
1648026168760289000,76.3,1,76.2,10,76.3,7,1,2022-03-23 09:02:48
1648026169071078000,76.2,1,76.2,14,76.3,7,2,2022-03-23 09:02:49
1648026169306456000,76.2,2,76.2,12,76.3,7,2,2022-03-23 09:02:49
1648026169435822000,76.3,3,76.2,12,76.3,4,1,2022-03-23 09:02:49
1648026169775273000,76.3,1,76.2,16,76.3,4,1,2022-03-23 09:02:49
1648026169796519000,76.3,1,76.2,16,76.3,3,1,2022-03-23 09:02:49
1648026170190468000,76.3,1,76.2,16,76.3,2,1,2022-03-23 09:02:50
1648026170392998000,76.3,1,76.2,17,76.3,1,1,2022-03-23 09:02:50
1648026170562030000,76.3,1,76.3,2,76.4,17,1,2022-03-23 09:02:50
1648026170594415000,76.3,2,76.2,17,76.4,17,2,2022-03-23 09:02:50
1648026170744059000,76.3,3,76.2,15,76.4,17,2,2022-03-23 09:02:50
1648026170744059000,76.2,2,76.2,15,76.4,17,2,2022-03-23 09:02:50
1648026170951329000,76.4,10,76.2,17,76.4,7,1,2022-03-23 09:02:50
1648026171075701000,76.4,6,76.4,14,76.5,41,1,2022-03-23 09:02:51
1648026171493521000,76.4,1,76.4,13,76.5,43,2,2022-03-23 09:02:51
1648026171807883000,76.4,5,76.4,8,76.5,43,2,2022-03-23 09:02:51
1648026171867759000,76.4,8,76.3,2,76.4,12,2,2022-03-23 09:02:51
1648026172615155000,76.4,12,76.4,3,76.5,37,1,2022-03-23 09:02:52
1648026172632050000,76.5,1,76.4,3,76.5,36,1,2022-03-23 09:02:52
1648026173058978000,76.4,3,76.3,3,76.5,36,2,2022-03-23 09:02:53
1648026173871388000,76.4,1,76.3,4,76.5,36,1,2022-03-23 09:02:53
1648026174503889000,76.5,33,76.4,1,76.6,41,1,2022-03-23 09:02:54
1648026174503889000,76.6,7,76.4,1,76.6,41,1,2022-03-23 09:02:54
1648026174509141000,76.6,1,76.4,1,76.6,40,1,2022-03-23 09:02:54
1648026174703751000,76.4,1,76.3,6,76.4,4,2,2022-03-23 09:02:54
1648026174970427000,76.4,1,76.3,6,76.4,4,1,2022-03-23 09:02:54
1648026175353152000,76.4,5,76.3,6,76.4,1,1,2022-03-23 09:02:55
1648026175424358000,76.4,1,76.3,6,76.5,1,1,2022-03-23 09:02:55
1648026175560585000,76.5,2,76.3,6,76.6,39,1,2022-03-23 09:02:55
1648026175560585000,76.6,1,76.3,6,76.6,39,1,2022-03-23 09:02:55
1648026175759401000,76.5,1,76.3,6,76.5,7,1,2022-03-23 09:02:55
1648026175779528000,76.5,1,76.3,6,76.5,6,1,2022-03-23 09:02:55
1648026176044643000,76.5,1,76.4,6,76.5,5,1,2022-03-23 09:02:56
1648026176074637000,76.5,1,76.4,6,76.5,4,1,2022-03-23 09:02:56
1648026177131797000,76.5,1,76.4,8,76.5,4,1,2022-03-23 09:02:57
1648026177385919000,76.5,4,76.5,1,76.6,39,1,2022-03-23 09:02:57
1648026177932898000,76.5,1,76.4,10,76.6,39,2,2022-03-23 09:02:57
1648026178378990000,76.4,1,76.4,9,76.5,5,2,2022-03-23 09:02:58
1648026178413815000,76.4,1,76.4,8,76.5,6,2,2022-03-23 09:02:58
1648026178493985000,76.5,3,76.4,8,76.5,3,1,2022-03-23 09:02:58
1648026178667974000,76.5,2,76.4,8,76.5,1,1,2022-03-23 09:02:58
1648026178758327000,76.5,1,76.4,9,76.6,41,1,2022-03-23 09:02:58
1648026178758327000,76.6,1,76.4,9,76.6,41,1,2022-03-23 09:02:58
1648026179250001000,76.5,1,76.5,1,76.6,41,2,2022-03-23 09:02:59
1648026179428171000,76.6,1,76.5,1,76.6,40,1,2022-03-23 09:02:59
1648026179439768000,76.5,1,76.4,13,76.6,40,2,2022-03-23 09:02:59
1648026179476591000,76.6,2,76.4,13,76.6,38,1,2022-03-23 09:02:59
1648026180348419000,76.4,2,76.4,19,76.5,1,2,2022-03-23 09:03:00
1648026180921985000,76.4,1,76.4,24,76.5,1,2,2022-03-23 09:03:00
1648026180975178000,76.5,1,76.4,24,76.6,15,1,2022-03-23 09:03:00
1648026180975178000,76.6,29,76.4,24,76.6,15,1,2022-03-23 09:03:00
1648026181385095000,76.5,9,76.4,24,76.5,1,1,2022-03-23 09:03:01
1648026181567486000,76.5,1,76.4,26,76.5,3,1,2022-03-23 09:03:01
1648026181668174000,76.5,1,76.4,26,76.5,2,1,2022-03-23 09:03:01
1648026181833791000,76.5,1,76.4,27,76.5,1,1,2022-03-23 09:03:01
1648026182090683000,76.5,2,76.4,27,76.6,15,1,2022-03-23 09:03:02
1648026182090683000,76.6,3,76.4,27,76.6,15,1,2022-03-23 09:03:02
1648026182448247000,76.6,1,76.5,8,76.6,14,1,2022-03-23 09:03:02
1648026182963794000,76.5,2,76.5,11,76.6,14,2,2022-03-23 09:03:02
1648026183321196000,76.6,1,76.5,12,76.6,13,1,2022-03-23 09:03:03
1648026183758384000,76.5,1,76.5,13,76.6,13,2,2022-03-23 09:03:03
1648026183966717000,76.6,2,76.5,13,76.6,11,1,2022-03-23 09:03:03
1648026184259869000,76.5,1,76.5,12,76.6,11,2,2022-03-23 09:03:04
1648026185220398000,76.5,10,76.5,6,76.6,13,2,2022-03-23 09:03:05
1648026185516509000,76.5,5,76.5,1,76.6,14,2,2022-03-23 09:03:05
1648026185691243000,76.6,1,76.5,1,76.6,13,1,2022-03-23 09:03:05
1648026185717639000,76.6,5,76.5,1,76.6,8,1,2022-03-23 09:03:05
1648026185846046000,76.5,2,76.4,45,76.5,28,2,2022-03-23 09:03:05
1648026185869886000,76.4,2,76.4,43,76.5,28,2,2022-03-23 09:03:05
1648026186085123000,76.5,1,76.4,43,76.5,37,1,2022-03-23 09:03:06
1648026186089944000,76.5,37,76.4,43,76.7,36,1,2022-03-23 09:03:06
1648026186089944000,76.6,8,76.4,43,76.7,36,1,2022-03-23 09:03:06
1648026186089944000,76.7,5,76.4,43,76.7,36,1,2022-03-23 09:03:06
1648026186164809000,76.6,1,76.4,43,76.6,1,1,2022-03-23 09:03:06
1648026186228234000,76.6,1,76.5,1,76.7,35,1,2022-03-23 09:03:06
1648026186228234000,76.7,1,76.5,1,76.7,35,1,2022-03-23 09:03:06
1648026186634535000,76.5,1,76.5,1,76.7,35,2,2022-03-23 09:03:06
1648026186877601000,76.5,1,76.5,5,76.6,1,2,2022-03-23 09:03:06
1648026186934248000,76.5,4,76.5,2,76.6,1,2,2022-03-23 09:03:06
1648026186963028000,76.6,1,76.5,2,76.7,19,1,2022-03-23 09:03:06
1648026186963028000,76.7,19,76.5,2,76.7,19,1,2022-03-23 09:03:06
1648026187032748000,76.5,1,76.5,1,76.7,19,2,2022-03-23 09:03:07
1648026188762071000,76.6,2,76.5,47,76.6,1,1,2022-03-23 09:03:08
1648026188901703000,76.6,2,76.6,6,76.7,19,1,2022-03-23 09:03:08
1648026189021395000,76.6,5,76.6,1,76.7,19,2,2022-03-23 09:03:09
1648026189295196000,76.6,4,76.5,49,76.6,1,2,2022-03-23 09:03:09
1648026189371765000,76.6,1,76.6,4,76.7,19,1,2022-03-23 09:03:09
1648026190082317000,76.7,1,76.6,6,76.7,25,1,2022-03-23 09:03:10
1648026190345101000,76.7,1,76.6,6,76.7,24,1,2022-03-23 09:03:10
1648026191170460000,76.7,1,76.6,16,76.7,24,1,2022-03-23 09:03:11
1648026191542154000,76.7,5,76.6,16,76.7,19,1,2022-03-23 09:03:11
1648026191658259000,76.6,1,76.6,15,76.7,19,2,2022-03-23 09:03:11
1648026191737476000,76.7,10,76.6,15,76.7,9,1,2022-03-23 09:03:11
1648026191842382000,76.7,9,76.6,15,76.8,27,1,2022-03-23 09:03:11
1648026191842382000,76.8,1,76.6,15,76.8,27,1,2022-03-23 09:03:11
1648026192071993000,76.8,3,76.6,15,76.8,24,1,2022-03-23 09:03:12
1648026192919583000,76.8,1,76.7,5,76.8,26,1,2022-03-23 09:03:12
1648026193437383000,76.8,5,76.7,5,76.8,21,1,2022-03-23 09:03:13
1648026193777786000,76.8,5,76.7,7,76.8,16,1,2022-03-23 09:03:13
1648026193846711000,76.8,1,76.7,7,76.8,15,1,2022-03-23 09:03:13
1648026193997217000,76.8,1,76.7,7,76.8,15,1,2022-03-23 09:03:13
1648026194267313000,76.8,1,76.7,10,76.8,14,1,2022-03-23 09:03:14
1648026194312435000,76.8,5,76.7,10,76.8,9,1,2022-03-23 09:03:14
1648026194312790000,76.7,1,76.7,9,76.8,9,2,2022-03-23 09:03:14
1648026194592313000,76.7,1,76.7,4,76.8,9,2,2022-03-23 09:03:14
1648026194787707000,76.8,5,76.7,6,76.8,4,1,2022-03-23 09:03:14
1648026194818617000,76.8,1,76.7,6,76.8,3,1,2022-03-23 09:03:14
1648026194859253000,76.8,1,76.7,6,76.8,2,1,2022-03-23 09:03:14
1648026195053246000,76.8,1,76.7,6,76.8,1,1,2022-03-23 09:03:15
1648026195088515000,76.8,1,76.7,6,76.9,12,1,2022-03-23 09:03:15
1648026195444940000,76.8,1,76.7,12,76.9,12,1,2022-03-23 09:03:15
1648026195675147000,76.8,1,76.8,1,76.9,15,2,2022-03-23 09:03:15
1648026195754679000,76.9,1,76.8,1,76.9,14,1,2022-03-23 09:03:15
1648026196157868000,76.9,5,76.8,2,76.9,10,1,2022-03-23 09:03:16
1648026196209185000,76.8,1,76.8,1,76.9,10,2,2022-03-23 09:03:16
1648026196210721000,76.8,1,76.7,13,76.8,1,2,2022-03-23 09:03:16
1648026196362435000,76.8,1,76.7,13,76.9,10,1,2022-03-23 09:03:16
1648026196471331000,76.8,1,76.7,13,76.9,10,1,2022-03-23 09:03:16
1648026197054567000,76.8,1,76.7,13,76.8,2,1,2022-03-23 09:03:17
1648026197223013000,76.8,1,76.7,15,76.8,1,1,2022-03-23 09:03:17
1648026197331113000,76.8,1,76.7,15,76.9,10,1,2022-03-23 09:03:17
1648026197364499000,76.9,1,76.7,15,76.9,9,1,2022-03-23 09:03:17
1648026197460237000,76.9,1,76.7,15,76.9,8,1,2022-03-23 09:03:17
1648026197696537000,76.8,1,76.8,1,76.9,8,1,2022-03-23 09:03:17
1648026197742567000,76.9,2,76.8,1,76.9,6,1,2022-03-23 09:03:17
1648026198271953000,76.8,6,76.7,15,76.8,14,2,2022-03-23 09:03:18
1648026198349244000,76.8,1,76.7,15,76.8,13,1,2022-03-23 09:03:18
1648026198768051000,76.8,1,76.7,15,76.8,13,1,2022-03-23 09:03:18
1648026198957413000,76.8,6,76.7,15,76.8,8,1,2022-03-23 09:03:18
1648026199123721000,76.8,1,76.7,17,76.8,12,1,2022-03-23 09:03:19
1648026199169091000,76.8,2,76.7,17,76.8,10,1,2022-03-23 09:03:19
1648026199528695000,76.8,1,76.7,19,76.8,9,1,2022-03-23 09:03:19
1648026199848868000,76.8,1,76.7,19,76.8,11,1,2022-03-23 09:03:19
1648026199941725000,76.8,4,76.7,19,76.8,7,1,2022-03-23 09:03:19
1648026200120425000,76.8,1,76.7,24,76.8,6,1,2022-03-23 09:03:20
1648026200133685000,76.7,2,76.7,22,76.8,6,2,2022-03-23 09:03:20
1648026200171393000,76.7,1,76.7,22,76.8,6,2,2022-03-23 09:03:20
1648026200175625000,76.8,1,76.7,22,76.8,5,1,2022-03-23 09:03:20
1648026200212963000,76.8,5,76.7,23,76.9,18,1,2022-03-23 09:03:20
1648026200441305000,76.7,10,76.7,13,76.9,10,2,2022-03-23 09:03:20
1648026200506031000,76.9,1,76.7,14,76.9,10,1,2022-03-23 09:03:20
1648026200542418000,76.9,1,76.7,14,76.9,9,1,2022-03-23 09:03:20
1648026200576489000,76.9,1,76.7,14,76.9,8,1,2022-03-23 09:03:20
1648026200651994000,76.8,1,76.7,14,76.9,8,2,2022-03-23 09:03:20
1648026200754069000,76.8,1,76.8,9,76.9,8,1,2022-03-23 09:03:20
1648026200853887000,76.8,1,76.8,8,76.9,8,2,2022-03-23 09:03:20
1648026200860172000,76.8,1,76.8,7,76.9,8,2,2022-03-23 09:03:20
1648026201353742000,76.8,3,76.8,28,76.9,10,2,2022-03-23 09:03:21
1648026201972586000,76.9,6,76.8,34,76.9,25,1,2022-03-23 09:03:21
1648026202120537000,76.9,2,76.8,34,76.9,23,1,2022-03-23 09:03:22
1648026202130565000,76.9,1,76.8,34,76.9,22,1,2022-03-23 09:03:22
1648026202313781000,76.9,3,76.8,34,76.9,19,1,2022-03-23 09:03:22
1648026202477569000,76.8,25,76.8,9,76.9,19,2,2022-03-23 09:03:22
1648026202596767000,76.9,7,76.8,9,76.9,12,1,2022-03-23 09:03:22
1648026202603879000,76.9,1,76.8,9,76.9,11,1,2022-03-23 09:03:22
1648026202781639000,76.8,1,76.8,11,76.9,12,2,2022-03-23 09:03:22
1648026202852217000,76.8,1,76.8,10,76.9,12,2,2022-03-23 09:03:22
1648026202868054000,76.9,2,76.8,10,76.9,10,1,2022-03-23 09:03:22
1648026203118339000,76.9,1,76.8,20,76.9,10,1,2022-03-23 09:03:23
1648026203264957000,76.9,1,76.8,25,76.9,9,1,2022-03-23 09:03:23
1648026203450374000,76.9,10,76.8,25,77.0,55,1,2022-03-23 09:03:23
1648026203511875000,76.8,4,76.8,21,77.0,55,2,2022-03-23 09:03:23
1648026203607294000,76.8,1,76.8,20,77.0,55,2,2022-03-23 09:03:23
1648026203753163000,77.0,2,76.8,20,77.0,53,1,2022-03-23 09:03:23
1648026204075986000,76.8,3,76.8,21,76.9,3,2,2022-03-23 09:03:24
1648026204318250000,76.9,3,76.9,3,77.0,54,1,2022-03-23 09:03:24
1648026204415013000,76.9,1,76.9,2,77.0,55,2,2022-03-23 09:03:24
1648026204459641000,77.0,1,76.9,2,77.0,54,1,2022-03-23 09:03:24
1648026204574368000,76.9,1,76.9,1,77.0,54,2,2022-03-23 09:03:24
1648026204828685000,76.9,1,76.8,24,77.0,54,2,2022-03-23 09:03:24
1648026205094191000,77.0,10,76.9,3,77.0,44,1,2022-03-23 09:03:25
1648026205258787000,76.9,4,76.8,25,76.9,21,2,2022-03-23 09:03:25
1648026205778187000,76.9,15,76.8,25,76.9,17,1,2022-03-23 09:03:25
1648026205784230000,76.9,5,76.8,25,76.9,12,1,2022-03-23 09:03:25
1648026205932198000,76.9,1,76.8,25,76.9,11,1,2022-03-23 09:03:25
1648026206022338000,76.8,2,76.8,23,76.9,11,2,2022-03-23 09:03:26
1648026206113001000,76.9,1,76.8,23,76.9,10,1,2022-03-23 09:03:26
1648026206211231000,76.9,3,76.8,23,76.9,7,1,2022-03-23 09:03:26
1648026206295294000,76.9,1,76.8,24,76.9,6,1,2022-03-23 09:03:26
1648026206436886000,76.8,1,76.8,24,76.9,6,2,2022-03-23 09:03:26
1648026206438014000,76.9,6,76.8,24,77.0,42,1,2022-03-23 09:03:26
1648026206438014000,77.0,2,76.8,24,77.0,42,1,2022-03-23 09:03:26
1648026206524886000,76.9,1,76.8,24,77.0,42,1,2022-03-23 09:03:26
1648026206525984000,77.0,1,76.8,24,77.0,41,1,2022-03-23 09:03:26
1648026206606489000,77.0,1,76.8,24,77.0,40,1,2022-03-23 09:03:26
1648026206724619000,76.8,3,76.8,22,77.0,40,2,2022-03-23 09:03:26
1648026206823678000,76.9,1,76.8,22,77.0,40,1,2022-03-23 09:03:26
1648026206960148000,76.8,3,76.8,21,77.0,40,2,2022-03-23 09:03:26
1648026207057524000,76.8,1,76.8,20,77.0,40,2,2022-03-23 09:03:27
1648026207139255000,77.0,10,76.8,20,77.0,30,1,2022-03-23 09:03:27
1648026207657832000,77.0,5,76.9,1,77.0,25,1,2022-03-23 09:03:27
1648026207860945000,77.0,1,76.9,1,77.0,24,1,2022-03-23 09:03:27
1648026207945170000,77.0,2,76.9,1,77.0,23,1,2022-03-23 09:03:27
1648026208143135000,76.9,1,76.8,31,77.0,23,2,2022-03-23 09:03:28
1648026208323250000,76.9,1,76.8,33,77.0,23,2,2022-03-23 09:03:28
1648026208531046000,77.0,23,77.0,37,77.1,7,1,2022-03-23 09:03:28
1648026208545033000,77.0,1,77.0,36,77.1,7,2,2022-03-23 09:03:28
1648026208736060000,77.0,1,77.0,35,77.1,7,2,2022-03-23 09:03:28
1648026208794589000,77.1,7,77.1,3,77.2,29,1,2022-03-23 09:03:28
1648026208988149000,77.1,2,77.1,1,77.2,32,2,2022-03-23 09:03:28
1648026209345915000,77.2,2,77.1,3,77.2,30,1,2022-03-23 09:03:29
1648026209510801000,77.2,1,77.1,3,77.2,29,1,2022-03-23 09:03:29
1648026209728083000,77.1,5,77.0,48,77.2,30,2,2022-03-23 09:03:29
1648026209836127000,77.2,10,77.0,48,77.2,20,1,2022-03-23 09:03:29
1648026210656254000,77.0,1,77.0,49,77.1,7,2,2022-03-23 09:03:30
1648026210664478000,77.0,1,77.0,48,77.1,7,2,2022-03-23 09:03:30
1648026210771058000,77.1,1,77.0,59,77.1,6,1,2022-03-23 09:03:30
1648026211075843000,77.1,6,77.0,59,77.2,18,1,2022-03-23 09:03:31
1648026211075843000,77.2,2,77.0,59,77.2,18,1,2022-03-23 09:03:31
1648026211405678000,77.0,1,77.0,58,77.2,18,2,2022-03-23 09:03:31
1648026211461661000,77.2,1,77.0,58,77.2,17,1,2022-03-23 09:03:31
1648026211603761000,77.2,1,77.0,58,77.2,16,1,2022-03-23 09:03:31
1648026211931657000,77.0,1,77.0,57,77.1,1,2,2022-03-23 09:03:31
1648026212095327000,77.1,1,77.0,57,77.2,15,1,2022-03-23 09:03:32
1648026212095327000,77.2,1,77.0,57,77.2,15,1,2022-03-23 09:03:32
1648026212119199000,77.2,1,77.0,57,77.2,14,1,2022-03-23 09:03:32
1648026212331582000,77.0,3,77.0,57,77.1,5,2,2022-03-23 09:03:32
1648026212628128000,77.1,1,77.0,59,77.1,24,1,2022-03-23 09:03:32
1648026212750740000,77.1,5,77.0,59,77.1,19,1,2022-03-23 09:03:32
1648026212852808000,77.1,1,77.0,59,77.1,18,1,2022-03-23 09:03:32
1648026212915546000,77.1,1,77.0,60,77.1,17,1,2022-03-23 09:03:32
1648026213060632000,77.1,1,77.0,61,77.1,17,1,2022-03-23 09:03:33
1648026213214143000,77.1,1,77.0,61,77.1,16,1,2022-03-23 09:03:33
1648026213382215000,77.1,1,77.0,61,77.1,15,1,2022-03-23 09:03:33
1648026213413348000,77.1,5,77.0,72,77.1,10,1,2022-03-23 09:03:33
1648026213435343000,77.1,1,77.0,72,77.1,9,1,2022-03-23 09:03:33
1648026213538720000,77.1,1,77.0,72,77.1,8,1,2022-03-23 09:03:33
1648026213543298000,77.1,1,77.0,72,77.1,7,1,2022-03-23 09:03:33
1648026213550558000,77.1,1,77.0,72,77.1,6,1,2022-03-23 09:03:33
1648026213624767000,77.1,1,77.0,72,77.1,5,1,2022-03-23 09:03:33
1648026213664170000,77.1,5,77.0,72,77.2,11,1,2022-03-23 09:03:33
1648026213664170000,77.2,5,77.0,72,77.2,11,1,2022-03-23 09:03:33
1648026213992336000,77.2,2,77.1,1,77.2,9,1,2022-03-23 09:03:33
1648026214134094000,77.1,1,77.0,73,77.2,9,2,2022-03-23 09:03:34
1648026214416116000,77.1,1,77.1,4,77.2,10,1,2022-03-23 09:03:34
1648026214474544000,77.1,1,77.1,3,77.2,10,2,2022-03-23 09:03:34
1648026214541463000,77.1,2,77.1,2,77.2,10,2,2022-03-23 09:03:34
1648026214556827000,77.2,3,77.1,12,77.2,7,1,2022-03-23 09:03:34
1648026214761475000,77.1,2,77.1,10,77.2,7,2,2022-03-23 09:03:34
1648026214935211000,77.2,1,77.1,10,77.2,6,1,2022-03-23 09:03:34
1648026214942937000,77.1,1,77.1,9,77.2,6,2,2022-03-23 09:03:34
1648026215222655000,77.1,1,77.1,9,77.2,6,2,2022-03-23 09:03:35
1648026215259379000,77.1,3,77.1,6,77.2,7,2,2022-03-23 09:03:35
1648026215274866000,77.2,5,77.1,6,77.2,2,1,2022-03-23 09:03:35
1648026215326964000,77.1,2,77.1,4,77.2,2,2,2022-03-23 09:03:35
1648026215376363000,77.2,1,77.1,4,77.2,1,1,2022-03-23 09:03:35
1648026215691626000,77.2,2,77.1,6,77.2,4,1,2022-03-23 09:03:35
1648026215773095000,77.1,1,77.1,5,77.2,4,2,2022-03-23 09:03:35
1648026215851156000,77.1,1,77.1,4,77.2,5,2,2022-03-23 09:03:35
1648026215962435000,77.1,1,77.1,3,77.2,5,2,2022-03-23 09:03:35
1648026216071267000,77.2,1,77.1,3,77.2,4,1,2022-03-23 09:03:36
1648026216119883000,77.2,1,77.1,3,77.2,3,1,2022-03-23 09:03:36
1648026216167673000,77.2,1,77.1,3,77.2,4,1,2022-03-23 09:03:36
1648026216230802000,77.2,1,77.1,4,77.2,3,1,2022-03-23 09:03:36
1648026216278655000,77.2,1,77.1,4,77.2,2,1,2022-03-23 09:03:36
1648026216502222000,77.2,1,77.1,5,77.2,1,1,2022-03-23 09:03:36
1648026216853401000,77.1,10,77.1,10,77.2,1,2,2022-03-23 09:03:36
1648026217019022000,77.2,1,77.1,10,77.2,6,1,2022-03-23 09:03:37
1648026217160814000,77.2,1,77.1,12,77.2,6,1,2022-03-23 09:03:37
1648026217198084000,77.2,1,77.1,12,77.2,5,1,2022-03-23 09:03:37
1648026217284516000,77.2,1,77.1,13,77.2,4,1,2022-03-23 09:03:37
1648026217328155000,77.1,3,77.1,11,77.2,4,2,2022-03-23 09:03:37
1648026217369736000,77.1,10,77.1,1,77.2,4,2,2022-03-23 09:03:37
1648026217482778000,77.1,1,77.0,106,77.2,11,2,2022-03-23 09:03:37
1648026217761062000,77.2,2,77.0,107,77.2,11,1,2022-03-23 09:03:37
1648026217957000000,77.2,1,77.0,107,77.2,10,1,2022-03-23 09:03:37
1648026217966588000,77.2,1,77.0,107,77.2,9,1,2022-03-23 09:03:37
1648026218074771000,77.2,1,77.0,112,77.2,11,1,2022-03-23 09:03:38
1648026218122965000,77.2,5,77.1,5,77.2,6,1,2022-03-23 09:03:38
1648026218226453000,77.1,1,77.1,5,77.2,6,2,2022-03-23 09:03:38
1648026218247999000,77.1,5,77.0,113,77.1,1,2,2022-03-23 09:03:38
1648026218389533000,77.1,1,77.0,115,77.2,8,1,2022-03-23 09:03:38
1648026218482928000,77.1,1,77.1,1,77.2,8,2,2022-03-23 09:03:38
1648026218524888000,77.1,1,77.0,66,77.2,9,2,2022-03-23 09:03:38
1648026218524888000,77.0,49,77.0,66,77.2,9,2,2022-03-23 09:03:38
1648026218533830000,77.2,1,77.0,66,77.2,8,1,2022-03-23 09:03:38
1648026218535650000,77.2,2,77.0,66,77.2,6,1,2022-03-23 09:03:38
1648026218557669000,77.2,1,77.0,66,77.2,5,1,2022-03-23 09:03:38
1648026218693963000,77.0,50,77.0,18,77.1,9,2,2022-03-23 09:03:38
1648026218718600000,77.1,1,77.0,18,77.1,8,1,2022-03-23 09:03:38
1648026218735971000,77.0,18,76.9,21,77.1,8,2,2022-03-23 09:03:38
1648026218755476000,77.0,1,76.9,21,77.1,8,1,2022-03-23 09:03:38
1648026218783674000,77.0,1,76.9,21,77.1,9,2,2022-03-23 09:03:38
1648026218915783000,77.0,1,77.0,1,77.1,9,1,2022-03-23 09:03:38
1648026218939735000,77.1,1,77.0,1,77.1,8,1,2022-03-23 09:03:38
1648026218940987000,77.0,1,76.9,21,77.1,8,2,2022-03-23 09:03:38
1648026219069482000,77.1,8,76.9,21,77.3,18,1,2022-03-23 09:03:39
1648026219069482000,77.2,8,76.9,21,77.3,18,1,2022-03-23 09:03:39
1648026219243652000,76.9,4,76.9,17,77.1,5,2,2022-03-23 09:03:39
1648026219263125000,76.9,12,76.9,5,77.1,5,2,2022-03-23 09:03:39
1648026219309092000,77.1,1,76.9,5,77.1,4,1,2022-03-23 09:03:39
1648026219334547000,76.9,5,76.8,67,77.1,4,2,2022-03-23 09:03:39
1648026219363688000,77.0,1,76.8,67,77.1,3,1,2022-03-23 09:03:39
1648026219363688000,77.1,1,76.8,67,77.1,3,1,2022-03-23 09:03:39
1648026219446322000,77.0,1,76.8,67,77.1,4,2,2022-03-23 09:03:39
1648026219451059000,77.1,4,77.1,6,77.2,1,1,2022-03-23 09:03:39
1648026219515069000,77.1,2,77.1,4,77.2,1,2,2022-03-23 09:03:39
1648026219541635000,77.1,4,76.8,67,77.2,1,2,2022-03-23 09:03:39
1648026219948885000,77.0,1,76.8,67,77.0,3,1,2022-03-23 09:03:39
1648026219975978000,76.8,1,76.8,66,77.0,3,2,2022-03-23 09:03:39
1648026219983391000,76.8,1,76.8,65,77.0,3,2,2022-03-23 09:03:39
1648026220158203000,77.0,2,76.8,65,77.0,1,1,2022-03-23 09:03:40
1648026220219050000,76.8,10,76.8,55,77.0,1,2,2022-03-23 09:03:40
1648026220314088000,77.0,1,77.0,1,77.1,5,1,2022-03-23 09:03:40
1648026220342390000,77.0,1,76.8,55,77.1,5,2,2022-03-23 09:03:40
1648026220412276000,76.9,1,76.8,54,76.9,3,1,2022-03-23 09:03:40
1648026220424535000,76.9,1,76.8,54,76.9,2,1,2022-03-23 09:03:40
1648026220444974000,76.9,2,76.8,54,77.0,5,1,2022-03-23 09:03:40
1648026220452594000,77.0,2,76.8,54,77.0,3,1,2022-03-23 09:03:40
1648026220467776000,76.8,2,76.8,52,77.0,3,2,2022-03-23 09:03:40
1648026220476614000,77.0,1,76.8,52,77.0,2,1,2022-03-23 09:03:40
1648026220477423000,77.0,1,76.8,52,77.0,1,1,2022-03-23 09:03:40
1648026220535736000,77.0,1,77.0,9,77.1,7,1,2022-03-23 09:03:40
1648026220551487000,77.1,1,77.0,9,77.1,6,1,2022-03-23 09:03:40
1648026220554998000,77.1,1,77.0,9,77.1,5,1,2022-03-23 09:03:40
1648026220557964000,77.0,9,76.8,41,77.1,15,2,2022-03-23 09:03:40
1648026220557964000,76.8,1,76.8,41,77.1,15,2,2022-03-23 09:03:40
1648026220624392000,77.1,5,76.8,41,77.1,15,1,2022-03-23 09:03:40
1648026220733637000,77.0,10,76.8,41,77.1,17,1,2022-03-23 09:03:40
1648026220859943000,77.0,4,76.8,41,77.1,11,1,2022-03-23 09:03:40
1648026220859943000,77.1,6,76.8,41,77.1,11,1,2022-03-23 09:03:40
1648026221040472000,76.8,5,76.8,35,77.0,8,2,2022-03-23 09:03:41
1648026221049441000,77.0,5,76.8,35,77.0,3,1,2022-03-23 09:03:41
1648026221067711000,76.8,3,76.8,32,77.0,3,2,2022-03-23 09:03:41
1648026221328636000,76.9,1,76.8,32,77.0,10,1,2022-03-23 09:03:41
1648026221361751000,77.0,5,76.8,32,77.0,5,1,2022-03-23 09:03:41
1648026221367472000,77.0,2,76.8,32,77.0,3,1,2022-03-23 09:03:41
1648026221501872000,77.0,3,77.0,3,77.1,31,1,2022-03-23 09:03:41
1648026221649233000,77.1,2,77.0,3,77.1,34,1,2022-03-23 09:03:41
1648026221675127000,77.0,3,76.9,1,77.1,34,2,2022-03-23 09:03:41
1648026221732104000,76.9,1,76.8,32,77.1,34,2,2022-03-23 09:03:41
1648026221760506000,76.8,4,76.8,28,77.1,31,2,2022-03-23 09:03:41
1648026221876122000,76.8,1,76.8,27,77.0,1,2,2022-03-23 09:03:41
1648026222008928000,76.8,1,76.8,26,77.0,1,2,2022-03-23 09:03:42
1648026222009332000,77.0,1,76.8,26,77.1,28,1,2022-03-23 09:03:42
1648026222009332000,77.1,8,76.8,26,77.1,28,1,2022-03-23 09:03:42
1648026222103178000,77.0,1,76.8,26,77.0,4,2,2022-03-23 09:03:42
1648026222201986000,76.9,1,76.8,26,77.0,3,1,2022-03-23 09:03:42
1648026222201986000,77.0,1,76.8,26,77.0,3,1,2022-03-23 09:03:42
1648026222383974000,77.0,1,76.8,27,77.0,2,1,2022-03-23 09:03:42
1648026222781709000,77.0,1,76.8,26,77.0,24,1,2022-03-23 09:03:42
1648026222789650000,76.8,5,76.8,21,77.0,24,2,2022-03-23 09:03:42
1648026222890837000,77.0,3,76.8,21,77.0,21,1,2022-03-23 09:03:42
1648026223018869000,76.8,5,76.8,16,77.0,21,2,2022-03-23 09:03:43
1648026223238585000,76.9,1,76.8,17,77.0,22,1,2022-03-23 09:03:43
1648026223238585000,77.0,4,76.8,17,77.0,22,1,2022-03-23 09:03:43
1648026223326366000,76.9,1,76.8,17,77.0,22,1,2022-03-23 09:03:43
1648026223944493000,76.8,1,76.8,20,77.0,18,2,2022-03-23 09:03:43
1648026224392459000,76.8,5,76.8,15,77.0,20,2,2022-03-23 09:03:44
1648026224920128000,77.0,1,76.9,2,77.0,25,1,2022-03-23 09:03:44
1648026224930058000,76.9,2,76.8,15,77.0,25,2,2022-03-23 09:03:44
1648026225394511000,76.9,1,76.8,16,77.0,20,2,2022-03-23 09:03:45
1648026226252598000,76.9,1,76.8,17,76.9,13,1,2022-03-23 09:03:46
1648026226538752000,76.8,1,76.8,16,76.9,23,2,2022-03-23 09:03:46
1648026226804826000,76.8,2,76.8,14,76.9,23,2,2022-03-23 09:03:46
1648026227033576000,76.9,5,76.8,16,76.9,19,1,2022-03-23 09:03:47
1648026227388143000,76.9,2,76.8,18,76.9,17,1,2022-03-23 09:03:47
1648026227689337000,76.8,1,76.8,19,76.9,17,2,2022-03-23 09:03:47
1648026227763463000,76.9,1,76.8,19,76.9,18,1,2022-03-23 09:03:47
1648026227841390000,76.9,3,76.8,19,76.9,15,1,2022-03-23 09:03:47
1648026227989226000,76.9,1,76.8,19,76.9,14,1,2022-03-23 09:03:47
1648026228239323000,76.9,1,76.8,20,76.9,13,1,2022-03-23 09:03:48
1648026228261959000,76.9,1,76.8,20,76.9,12,1,2022-03-23 09:03:48
1648026228729510000,76.9,3,76.8,27,76.9,10,1,2022-03-23 09:03:48
1648026228761483000,76.9,10,76.8,27,77.0,42,1,2022-03-23 09:03:48
1648026229329972000,76.8,10,76.8,19,76.9,3,2,2022-03-23 09:03:49
1648026229630021000,76.9,3,76.8,20,77.0,41,1,2022-03-23 09:03:49
1648026229630021000,77.0,1,76.8,20,77.0,41,1,2022-03-23 09:03:49
1648026229818675000,76.8,1,76.8,26,77.0,41,2,2022-03-23 09:03:49
1648026229963146000,76.9,1,76.8,26,77.0,41,1,2022-03-23 09:03:49
1648026230089346000,76.9,1,76.8,26,77.0,41,1,2022-03-23 09:03:50
1648026230923425000,77.0,1,76.9,3,77.0,42,1,2022-03-23 09:03:50
1648026231928791000,76.9,2,76.9,9,77.0,43,2,2022-03-23 09:03:51
1648026232021567000,76.9,1,76.9,8,77.0,43,2,2022-03-23 09:03:52
1648026232089970000,77.0,1,76.9,8,77.0,42,1,2022-03-23 09:03:52
1648026232197570000,76.9,1,76.9,7,77.0,42,2,2022-03-23 09:03:52
1648026232906160000,76.9,4,76.9,4,77.0,42,2,2022-03-23 09:03:52
1648026233310522000,76.9,5,76.8,43,76.9,5,2,2022-03-23 09:03:53
1648026233461035000,76.9,1,76.8,44,76.9,4,1,2022-03-23 09:03:53
1648026233591252000,76.9,4,76.9,1,77.0,47,1,2022-03-23 09:03:53
1648026233732212000,77.0,1,76.9,2,77.0,47,1,2022-03-23 09:03:53
1648026234142843000,76.9,1,76.9,1,77.0,54,2,2022-03-23 09:03:54
1648026234174578000,76.9,1,76.8,50,77.0,54,2,2022-03-23 09:03:54
1648026235216687000,76.9,4,76.8,55,76.9,1,2,2022-03-23 09:03:55
1648026235327111000,76.9,1,76.8,55,76.9,1,1,2022-03-23 09:03:55
1648026235496834000,76.9,1,76.8,56,77.0,56,1,2022-03-23 09:03:55
1648026235571456000,77.0,1,76.8,56,77.0,57,1,2022-03-23 09:03:55
1648026235862298000,76.9,1,76.8,57,76.9,1,1,2022-03-23 09:03:55
1648026236441984000,76.9,2,76.8,59,76.9,6,1,2022-03-23 09:03:56
1648026236870517000,76.9,2,76.8,60,76.9,5,1,2022-03-23 09:03:56
1648026236981872000,76.9,1,76.8,60,76.9,4,1,2022-03-23 09:03:56
1648026237241221000,76.9,5,76.9,10,77.0,62,1,2022-03-23 09:03:57
1648026237291838000,76.9,1,76.9,9,77.0,65,2,2022-03-23 09:03:57
1648026237448106000,76.9,1,76.9,9,77.0,65,2,2022-03-23 09:03:57
1648026237534772000,76.9,1,76.9,8,77.0,65,2,2022-03-23 09:03:57
1648026237656220000,77.0,1,76.9,8,77.0,64,1,2022-03-23 09:03:57
1648026237733491000,76.9,1,76.9,7,77.0,64,2,2022-03-23 09:03:57
1648026237804179000,76.9,1,76.9,6,77.0,64,2,2022-03-23 09:03:57
1648026237954943000,76.9,1,76.9,5,77.0,64,2,2022-03-23 09:03:57
1648026237955569000,77.0,1,76.9,5,77.0,63,1,2022-03-23 09:03:57
1648026238113823000,77.0,1,76.9,5,77.0,62,1,2022-03-23 09:03:58
1648026238351714000,76.9,2,76.9,3,77.0,62,2,2022-03-23 09:03:58
1648026238374703000,76.9,3,76.8,61,76.9,2,2,2022-03-23 09:03:58
1648026238453363000,76.9,1,76.8,61,76.9,1,1,2022-03-23 09:03:58
1648026238545322000,76.9,1,76.8,61,77.0,62,1,2022-03-23 09:03:58
1648026238782606000,76.9,1,76.8,62,77.0,62,1,2022-03-23 09:03:58
1648026239008259000,76.8,1,76.8,61,77.0,62,2,2022-03-23 09:03:59
1648026239309250000,76.9,1,76.9,1,77.0,62,2,2022-03-23 09:03:59
1648026239820784000,76.9,1,76.8,61,76.9,29,2,2022-03-23 09:03:59
1648026240470873000,76.9,2,76.8,61,76.9,29,1,2022-03-23 09:04:00
1648026241005149000,76.9,5,76.8,63,76.9,32,1,2022-03-23 09:04:01
1648026241080590000,76.9,10,76.8,63,76.9,22,1,2022-03-23 09:04:01
1648026241115595000,76.9,1,76.8,63,76.9,21,1,2022-03-23 09:04:01
1648026241298896000,76.9,2,76.8,63,76.9,19,1,2022-03-23 09:04:01
1648026241487869000,76.9,1,76.8,65,76.9,18,1,2022-03-23 09:04:01
1648026241709959000,76.8,1,76.8,64,76.9,18,2,2022-03-23 09:04:01
1648026241751920000,76.9,2,76.8,64,76.9,16,1,2022-03-23 09:04:01
1648026241847495000,76.9,1,76.8,67,76.9,15,1,2022-03-23 09:04:01
1648026241961763000,76.9,1,76.8,68,76.9,14,1,2022-03-23 09:04:01
1648026241992552000,76.9,10,76.8,68,76.9,4,1,2022-03-23 09:04:01
1648026242022483000,76.9,4,76.8,68,77.0,66,1,2022-03-23 09:04:02
1648026242154643000,76.9,2,76.8,69,76.9,10,1,2022-03-23 09:04:02
1648026242560121000,76.9,1,76.8,69,76.9,10,1,2022-03-23 09:04:02
1648026242600022000,76.9,1,76.8,69,76.9,9,1,2022-03-23 09:04:02
1648026242748958000,76.8,1,76.8,68,76.9,9,2,2022-03-23 09:04:02
1648026242755782000,76.9,6,76.8,62,76.9,3,1,2022-03-23 09:04:02
1648026242897816000,76.9,1,76.8,66,76.9,2,1,2022-03-23 09:04:02
1648026243045910000,76.9,1,76.8,66,76.9,1,1,2022-03-23 09:04:03
1648026243098986000,76.8,2,76.8,64,76.9,1,2,2022-03-23 09:04:03
1648026243186715000,76.8,40,76.8,24,76.9,1,2,2022-03-23 09:04:03
1648026243535809000,76.9,1,76.8,25,76.9,2,1,2022-03-23 09:04:03
1648026243864506000,76.9,3,76.8,26,76.9,1,1,2022-03-23 09:04:03
1648026244165980000,76.9,1,76.8,26,76.9,4,1,2022-03-23 09:04:04
1648026244312400000,76.8,5,76.8,21,76.9,4,2,2022-03-23 09:04:04
1648026244338719000,76.8,19,76.8,2,76.9,4,2,2022-03-23 09:04:04
1648026244352705000,76.8,2,76.7,25,76.9,4,2,2022-03-23 09:04:04
1648026244369713000,76.7,1,76.7,24,76.9,4,2,2022-03-23 09:04:04
1648026244427431000,76.9,1,76.7,24,76.9,3,1,2022-03-23 09:04:04
1648026244504227000,76.7,5,76.7,19,76.9,3,2,2022-03-23 09:04:04
1648026244597535000,76.7,2,76.7,17,76.8,1,2,2022-03-23 09:04:04
1648026244748597000,76.8,1,76.7,17,76.8,6,1,2022-03-23 09:04:04
1648026244811225000,76.8,1,76.7,17,76.8,5,1,2022-03-23 09:04:04
1648026244832706000,76.8,5,76.7,17,76.9,3,1,2022-03-23 09:04:04
1648026245304384000,76.8,1,76.7,17,76.8,1,2,2022-03-23 09:04:05
1648026245610939000,76.7,1,76.7,16,76.8,1,2,2022-03-23 09:04:05
1648026245638855000,76.8,1,76.7,16,76.9,10,1,2022-03-23 09:04:05
1648026245638855000,76.9,2,76.7,16,76.9,10,1,2022-03-23 09:04:05
1648026245645538000,76.7,2,76.7,14,76.9,10,2,2022-03-23 09:04:05
1648026247190402000,76.8,1,76.7,14,76.8,7,1,2022-03-23 09:04:07
1648026249320061000,76.7,2,76.7,13,76.8,9,2,2022-03-23 09:04:09
1648026249353191000,76.7,2,76.7,11,76.8,9,2,2022-03-23 09:04:09
1648026249689926000,76.8,1,76.7,11,76.8,8,1,2022-03-23 09:04:09
1648026249816196000,76.7,10,76.7,6,76.8,9,2,2022-03-23 09:04:09
1648026249939259000,76.7,1,76.7,5,76.8,10,2,2022-03-23 09:04:09
1648026250033633000,76.8,5,76.7,5,76.8,6,1,2022-03-23 09:04:10
1648026250069498000,76.7,1,76.7,4,76.8,6,2,2022-03-23 09:04:10
1648026250875207000,76.8,1,76.7,12,76.8,10,1,2022-03-23 09:04:10
1648026250908048000,76.7,10,76.7,2,76.8,10,2,2022-03-23 09:04:10
1648026250933561000,76.7,2,76.6,27,76.8,10,2,2022-03-23 09:04:10
1648026251443678000,76.8,2,76.6,27,76.8,10,1,2022-03-23 09:04:11
1648026251613624000,76.8,1,76.6,32,76.8,10,1,2022-03-23 09:04:11
1648026251614903000,76.6,5,76.6,27,76.8,10,2,2022-03-23 09:04:11
1648026251764717000,76.7,1,76.6,27,76.8,12,1,2022-03-23 09:04:11
1648026251824527000,76.8,1,76.6,27,76.8,11,1,2022-03-23 09:04:11
1648026251913161000,76.8,1,76.6,27,76.8,10,1,2022-03-23 09:04:11
1648026252241286000,76.6,5,76.6,23,76.8,10,2,2022-03-23 09:04:12
1648026252529517000,76.7,1,76.7,3,76.8,11,2,2022-03-23 09:04:12
1648026252705024000,76.7,1,76.7,2,76.8,11,2,2022-03-23 09:04:12
1648026252725075000,76.7,2,76.6,23,76.8,11,2,2022-03-23 09:04:12
1648026252738271000,76.6,20,76.6,3,76.8,11,2,2022-03-23 09:04:12
1648026252968922000,76.7,2,76.7,3,76.8,13,2,2022-03-23 09:04:12
1648026253105078000,76.7,1,76.7,2,76.8,13,2,2022-03-23 09:04:13
1648026253495634000,76.7,1,76.7,5,76.8,14,2,2022-03-23 09:04:13
1648026253622414000,76.7,1,76.7,4,76.8,14,2,2022-03-23 09:04:13
1648026254469217000,76.8,1,76.7,4,76.8,13,1,2022-03-23 09:04:14
1648026255597925000,76.7,1,76.7,3,76.8,19,2,2022-03-23 09:04:15
1648026256063570000,76.7,3,76.6,10,76.8,19,2,2022-03-23 09:04:16
1648026256088880000,76.6,10,76.5,91,76.8,19,2,2022-03-23 09:04:16
1648026256798782000,76.7,1,76.5,71,76.7,9,1,2022-03-23 09:04:16
1648026258160512000,76.7,5,76.5,76,76.7,18,1,2022-03-23 09:04:18
1648026258861969000,76.7,1,76.6,8,76.7,17,1,2022-03-23 09:04:18
1648026258946894000,76.7,2,76.6,8,76.7,15,1,2022-03-23 09:04:18
1648026259337802000,76.6,8,76.5,53,76.7,13,2,2022-03-23 09:04:19
1648026259337802000,76.5,22,76.5,53,76.7,13,2,2022-03-23 09:04:19
1648026259507946000,76.6,1,76.6,4,76.7,15,1,2022-03-23 09:04:19
1648026259735010000,76.6,1,76.6,3,76.7,21,2,2022-03-23 09:04:19
1648026259796716000,76.7,2,76.6,3,76.7,19,1,2022-03-23 09:04:19
1648026260953344000,76.6,4,76.5,54,76.6,2,2,2022-03-23 09:04:20
1648026261593668000,76.5,51,76.5,3,76.6,7,2,2022-03-23 09:04:21
1648026261622190000,76.6,1,76.5,3,76.6,6,1,2022-03-23 09:04:21
1648026261741716000,76.6,1,76.5,3,76.6,5,1,2022-03-23 09:04:21
1648026261819295000,76.5,3,76.4,28,76.6,5,2,2022-03-23 09:04:21
1648026261826275000,76.6,1,76.4,28,76.6,4,1,2022-03-23 09:04:21
1648026261924639000,76.6,1,76.4,29,76.6,7,1,2022-03-23 09:04:21
1648026262112381000,76.6,1,76.4,29,76.6,2,1,2022-03-23 09:04:22
1648026262175151000,76.4,1,76.4,28,76.6,2,2,2022-03-23 09:04:22
1648026266330789000,76.5,2,76.4,28,76.5,5,1,2022-03-23 09:04:26
1648026266356158000,76.5,5,76.4,28,76.6,13,1,2022-03-23 09:04:26
1648026266359599000,76.4,1,76.4,27,76.6,13,2,2022-03-23 09:04:26
1648026266876935000,76.5,5,76.5,9,76.6,13,1,2022-03-23 09:04:26
1648026267139977000,76.5,1,76.5,8,76.6,13,2,2022-03-23 09:04:27
1648026267663279000,76.5,1,76.5,7,76.6,17,2,2022-03-23 09:04:27
1648026268109675000,76.5,1,76.5,11,76.6,17,2,2022-03-23 09:04:28
1648026269960943000,76.5,1,76.5,14,76.6,17,2,2022-03-23 09:04:29
1648026270029762000,76.5,1,76.5,13,76.6,17,2,2022-03-23 09:04:30
1648026270099098000,76.5,5,76.5,8,76.6,17,2,2022-03-23 09:04:30
1648026270319506000,76.5,2,76.5,7,76.6,17,2,2022-03-23 09:04:30
1648026270814879000,76.5,1,76.5,6,76.6,17,2,2022-03-23 09:04:30
1648026271231801000,76.5,9,76.4,25,76.6,17,2,2022-03-23 09:04:31
1648026271231801000,76.4,1,76.4,25,76.6,17,2,2022-03-23 09:04:31
1648026271330587000,76.6,3,76.4,25,76.6,14,1,2022-03-23 09:04:31
1648026271361862000,76.6,14,76.4,25,76.7,24,1,2022-03-23 09:04:31
1648026271670872000,76.7,24,76.5,25,76.8,23,1,2022-03-23 09:04:31
1648026273156979000,76.6,4,76.6,8,76.7,10,2,2022-03-23 09:04:33
1648026273237761000,76.7,3,76.6,8,76.7,7,1,2022-03-23 09:04:33
1648026273603293000,76.7,1,76.6,8,76.7,6,1,2022-03-23 09:04:33
1648026273683859000,76.6,1,76.6,7,76.7,6,2,2022-03-23 09:04:33
1648026273704637000,76.7,2,76.6,7,76.7,4,1,2022-03-23 09:04:33
1648026273747352000,76.7,1,76.6,7,76.7,3,1,2022-03-23 09:04:33
1648026274640649000,76.7,1,76.6,10,76.7,2,1,2022-03-23 09:04:34
1648026274785544000,76.7,2,76.7,3,76.8,23,1,2022-03-23 09:04:34
1648026274818731000,76.8,1,76.7,3,76.8,22,1,2022-03-23 09:04:34
1648026275051033000,76.7,2,76.7,1,76.8,22,2,2022-03-23 09:04:35
1648026275877450000,76.7,1,76.6,10,76.8,26,2,2022-03-23 09:04:35
1648026275977759000,76.8,2,76.6,10,76.8,24,1,2022-03-23 09:04:35
1648026276316596000,76.6,10,76.5,27,76.8,24,2,2022-03-23 09:04:36
1648026276316596000,76.5,10,76.5,27,76.8,24,2,2022-03-23 09:04:36
1648026276650921000,76.5,1,76.5,26,76.8,26,2,2022-03-23 09:04:36
1648026277446714000,76.5,11,76.5,15,76.8,26,2,2022-03-23 09:04:37
1648026278266751000,76.8,1,76.7,1,76.8,23,1,2022-03-23 09:04:38
1648026278367012000,76.7,2,76.5,16,76.8,23,2,2022-03-23 09:04:38
1648026279077100000,76.7,1,76.6,7,76.8,23,2,2022-03-23 09:04:39
1648026279165248000,76.6,7,76.5,11,76.7,1,2,2022-03-23 09:04:39
1648026279768738000,76.5,1,76.5,11,76.7,1,2,2022-03-23 09:04:39
1648026280150292000,76.7,1,76.5,12,76.8,23,1,2022-03-23 09:04:40
1648026282724353000,76.7,1,76.5,22,76.7,5,1,2022-03-23 09:04:42
1648026283918749000,76.7,1,76.5,34,76.7,6,1,2022-03-23 09:04:43
1648026284939479000,76.6,1,76.5,37,76.7,11,2,2022-03-23 09:04:44
1648026284973779000,76.5,1,76.5,36,76.7,11,2,2022-03-23 09:04:44
1648026285207746000,76.5,3,76.5,33,76.7,12,2,2022-03-23 09:04:45
1648026286096605000,76.7,6,76.5,35,76.7,6,1,2022-03-23 09:04:46
1648026286379673000,76.7,7,76.8,2,76.9,34,1,2022-03-23 09:04:46
1648026286379673000,76.8,26,76.8,2,76.9,34,1,2022-03-23 09:04:46
1648026286788321000,76.8,1,76.8,1,76.9,34,2,2022-03-23 09:04:46
1648026287515600000,76.8,1,76.7,1,76.9,38,2,2022-03-23 09:04:47
1648026287515600000,76.7,1,76.7,1,76.9,38,2,2022-03-23 09:04:47
1648026288629969000,76.7,1,76.6,5,76.8,1,2,2022-03-23 09:04:48
1648026290904412000,76.7,1,76.7,3,76.8,12,2,2022-03-23 09:04:50
1648026291848893000,76.7,2,76.7,3,76.8,30,2,2022-03-23 09:04:51
1648026292075147000,76.7,1,76.7,2,76.8,30,2,2022-03-23 09:04:52
1648026292156735000,76.7,1,76.7,1,76.8,30,2,2022-03-23 09:04:52
1648026292321645000,76.7,1,76.6,14,76.8,32,2,2022-03-23 09:04:52
1648026295666303000,76.7,1,76.7,2,76.8,30,2,2022-03-23 09:04:55
1648026296500850000,76.7,1,76.7,2,76.8,30,2,2022-03-23 09:04:56
1648026296805077000,76.7,2,76.6,10,76.7,3,2,2022-03-23 09:04:56
1648026297027138000,76.7,3,76.6,10,76.8,23,1,2022-03-23 09:04:57
1648026297027138000,76.8,7,76.6,10,76.8,23,1,2022-03-23 09:04:57
1648026298851789000,76.7,1,76.6,11,76.7,5,1,2022-03-23 09:04:58
1648026300527816000,76.7,1,76.6,12,76.7,9,1,2022-03-23 09:05:00
1648026300752793000,76.7,1,76.6,12,76.7,8,1,2022-03-23 09:05:00
1648026301759036000,76.6,1,76.6,11,76.7,9,2,2022-03-23 09:05:01
1648026302251731000,76.7,5,76.6,11,76.7,5,1,2022-03-23 09:05:02
1648026305728904000,76.7,1,76.6,12,76.7,12,1,2022-03-23 09:05:05
1648026305949562000,76.7,3,76.6,12,76.7,9,1,2022-03-23 09:05:05
1648026305951376000,76.7,1,76.6,12,76.7,8,1,2022-03-23 09:05:05
1648026306363303000,76.6,1,76.6,11,76.7,8,2,2022-03-23 09:05:06
1648026306374069000,76.7,1,76.6,11,76.7,7,1,2022-03-23 09:05:06
1648026306428238000,76.7,5,76.6,11,76.7,2,1,2022-03-23 09:05:06
1648026307462520000,76.7,2,76.7,3,76.8,30,1,2022-03-23 09:05:07
1648026307485994000,76.7,3,76.6,11,76.8,30,2,2022-03-23 09:05:07
1648026308196982000,76.6,1,76.6,10,76.8,34,2,2022-03-23 09:05:08
1648026309196330000,76.7,1,76.6,10,76.7,2,1,2022-03-23 09:05:09
1648026310496005000,76.6,5,76.6,5,76.7,3,2,2022-03-23 09:05:10
1648026311070267000,76.7,1,76.6,5,76.7,2,1,2022-03-23 09:05:11
1648026311442430000,76.7,2,76.7,3,76.8,34,1,2022-03-23 09:05:11
1648026311471013000,76.7,3,76.6,5,76.8,34,2,2022-03-23 09:05:11
1648026312302422000,76.6,5,76.5,78,76.7,100,2,2022-03-23 09:05:12
1648026312952245000,76.7,2,76.5,78,76.7,99,1,2022-03-23 09:05:12
1648026313581207000,76.5,2,76.5,76,76.6,5,2,2022-03-23 09:05:13
1648026313854641000,76.6,1,76.5,76,76.6,4,1,2022-03-23 09:05:13
1648026313961263000,76.6,3,76.5,76,76.6,1,1,2022-03-23 09:05:13
1648026314358355000,76.5,1,76.5,75,76.6,1,2,2022-03-23 09:05:14
1648026314992117000,76.6,1,76.6,2,76.7,104,1,2022-03-23 09:05:14
1648026315009945000,76.6,2,76.5,75,76.7,104,2,2022-03-23 09:05:15
1648026315156241000,76.7,1,76.5,75,76.7,103,1,2022-03-23 09:05:15
1648026316044984000,76.5,1,76.5,72,76.6,5,2,2022-03-23 09:05:16
1648026316333800000,76.5,2,76.5,70,76.6,5,2,2022-03-23 09:05:16
1648026316817692000,76.6,3,76.5,70,76.6,3,1,2022-03-23 09:05:16
1648026318485604000,76.5,13,76.5,57,76.6,34,2,2022-03-23 09:05:18
1648026319050554000,76.6,3,76.5,57,76.6,32,1,2022-03-23 09:05:19
1648026319713346000,76.5,5,76.5,52,76.6,33,2,2022-03-23 09:05:19
1648026319893776000,76.5,1,76.5,51,76.6,33,2,2022-03-23 09:05:19
1648026320191912000,76.5,20,76.5,31,76.6,36,2,2022-03-23 09:05:20
1648026320217395000,76.5,1,76.5,30,76.6,36,2,2022-03-23 09:05:20
1648026320413511000,76.5,5,76.5,25,76.6,36,2,2022-03-23 09:05:20
1648026320517019000,76.5,5,76.5,20,76.6,36,2,2022-03-23 09:05:20
1648026320547910000,76.5,20,76.4,32,76.6,36,2,2022-03-23 09:05:20
1648026320778268000,76.5,5,76.4,32,76.5,1,1,2022-03-23 09:05:20
1648026320864938000,76.5,1,76.4,32,76.5,10,1,2022-03-23 09:05:20
1648026320932045000,76.5,2,76.4,32,76.5,8,1,2022-03-23 09:05:20
1648026321534036000,76.4,3,76.4,29,76.5,10,2,2022-03-23 09:05:21
1648026321568926000,76.4,1,76.4,28,76.5,10,2,2022-03-23 09:05:21
1648026321693303000,76.5,1,76.4,28,76.5,9,1,2022-03-23 09:05:21
1648026321791320000,76.4,3,76.4,25,76.5,9,2,2022-03-23 09:05:21
1648026322817935000,76.4,10,76.4,15,76.5,15,2,2022-03-23 09:05:22
1648026322984389000,76.4,2,76.4,13,76.5,15,2,2022-03-23 09:05:22
1648026323031342000,76.5,1,76.4,13,76.5,14,1,2022-03-23 09:05:23
1648026324492212000,76.4,1,76.4,12,76.5,16,2,2022-03-23 09:05:24
1648026324503820000,76.4,5,76.4,7,76.5,16,2,2022-03-23 09:05:24
1648026324834282000,76.4,2,76.4,5,76.5,16,2,2022-03-23 09:05:24
1648026326264261000,76.4,5,76.4,3,76.5,11,2,2022-03-23 09:05:26
1648026326816525000,76.5,2,76.4,3,76.5,10,1,2022-03-23 09:05:26
1648026327393651000,76.4,3,76.3,20,76.4,2,2,2022-03-23 09:05:27
1648026327575540000,76.3,5,76.3,15,76.4,6,2,2022-03-23 09:05:27
1648026328608959000,76.4,1,76.3,15,76.4,6,1,2022-03-23 09:05:28
1648026329816013000,76.4,4,76.3,16,76.4,3,1,2022-03-23 09:05:29
1648026329840870000,76.4,3,76.3,16,76.5,10,1,2022-03-23 09:05:29
1648026330584809000,76.4,1,76.4,2,76.5,10,1,2022-03-23 09:05:30
1648026330811711000,76.4,2,76.3,16,76.5,10,2,2022-03-23 09:05:30
1648026331760645000,76.4,5,76.3,16,76.5,7,2,2022-03-23 09:05:31
1648026332107864000,76.3,5,76.3,11,76.5,10,2,2022-03-23 09:05:32
1648026332828023000,76.4,2,76.4,23,76.5,13,2,2022-03-23 09:05:32
1648026332840760000,76.4,5,76.4,18,76.5,13,2,2022-03-23 09:05:32
1648026333147216000,76.4,1,76.4,22,76.5,15,2,2022-03-23 09:05:33
1648026333186440000,76.5,1,76.4,22,76.5,12,1,2022-03-23 09:05:33
1648026333348055000,76.5,1,76.4,22,76.5,11,1,2022-03-23 09:05:33
1648026333370807000,76.5,4,76.4,22,76.5,7,1,2022-03-23 09:05:33
1648026333492781000,76.5,1,76.4,22,76.5,6,1,2022-03-23 09:05:33
1648026333795466000,76.4,1,76.4,21,76.5,6,2,2022-03-23 09:05:33
1648026335594661000,76.4,1,76.4,20,76.5,7,2,2022-03-23 09:05:35
1648026335973390000,76.4,1,76.4,19,76.5,9,2,2022-03-23 09:05:35
1648026336242085000,76.4,1,76.4,18,76.5,9,2,2022-03-23 09:05:36
1648026336297813000,76.5,1,76.4,18,76.5,8,1,2022-03-23 09:05:36
1648026336502786000,76.5,1,76.4,19,76.5,7,1,2022-03-23 09:05:36
1648026338368091000,76.4,2,76.4,19,76.5,7,2,2022-03-23 09:05:38
1648026338714596000,76.5,5,76.4,19,76.5,2,1,2022-03-23 09:05:38
1648026338749337000,76.5,2,76.4,19,76.6,34,1,2022-03-23 09:05:38
1648026338816184000,76.4,1,76.4,18,76.6,34,2,2022-03-23 09:05:38
1648026339318623000,76.4,2,76.4,16,76.6,34,2,2022-03-23 09:05:39
1648026339445536000,76.4,5,76.4,11,76.6,34,2,2022-03-23 09:05:39
1648026340349321000,76.5,3,76.4,11,76.5,7,2,2022-03-23 09:05:40
1648026340481714000,76.4,1,76.4,10,76.5,7,2,2022-03-23 09:05:40
1648026340614842000,76.5,4,76.4,11,76.5,3,1,2022-03-23 09:05:40
1648026340645768000,76.5,3,76.4,11,76.6,34,1,2022-03-23 09:05:40
1648026341131849000,76.5,1,76.4,11,76.6,34,2,2022-03-23 09:05:41
1648026342547886000,76.5,1,76.4,12,76.5,2,1,2022-03-23 09:05:42
1648026342587695000,76.5,2,76.4,12,76.6,34,1,2022-03-23 09:05:42
1648026342851756000,76.4,1,76.4,11,76.6,34,2,2022-03-23 09:05:42
1648026343844339000,76.5,1,76.5,4,76.6,37,2,2022-03-23 09:05:43
1648026343980375000,76.5,4,76.4,13,76.5,1,2,2022-03-23 09:05:43
1648026345135896000,76.5,1,76.4,19,76.5,3,1,2022-03-23 09:05:45
1648026345528305000,76.4,1,76.4,19,76.5,3,2,2022-03-23 09:05:45
1648026346648785000,76.4,10,76.4,10,76.5,3,2,2022-03-23 09:05:46
1648026347499389000,76.4,1,76.4,9,76.5,7,2,2022-03-23 09:05:47
1648026347973706000,76.5,1,76.4,9,76.5,6,1,2022-03-23 09:05:47
1648026348026048000,76.4,5,76.4,4,76.5,6,2,2022-03-23 09:05:48
1648026348111208000,76.4,5,76.3,15,76.4,5,2,2022-03-23 09:05:48
1648026348297593000,76.4,1,76.3,15,76.4,4,1,2022-03-23 09:05:48
1648026348315314000,76.4,1,76.3,15,76.4,3,1,2022-03-23 09:05:48
1648026348318975000,76.4,3,76.4,2,76.5,6,1,2022-03-23 09:05:48
1648026349748505000,76.4,1,76.4,12,76.5,8,2,2022-03-23 09:05:49
1648026350615715000,76.5,1,76.4,14,76.5,6,1,2022-03-23 09:05:50
1648026353084960000,76.4,1,76.4,19,76.5,9,2,2022-03-23 09:05:53
1648026353279873000,76.5,2,76.4,20,76.5,7,1,2022-03-23 09:05:53
1648026353310540000,76.5,3,76.4,20,76.5,4,1,2022-03-23 09:05:53
1648026353368350000,76.4,1,76.4,22,76.5,5,2,2022-03-23 09:05:53
1648026353838773000,76.5,1,76.4,23,76.5,4,1,2022-03-23 09:05:53
1648026353868088000,76.5,4,76.4,23,76.5,1,1,2022-03-23 09:05:53
1648026353935445000,76.4,1,76.4,22,76.5,1,2,2022-03-23 09:05:53
1648026355834546000,76.5,3,76.4,27,76.6,37,1,2022-03-23 09:05:55
1648026355853243000,76.4,19,76.4,8,76.6,37,2,2022-03-23 09:05:55
1648026355883008000,76.4,8,76.3,15,76.6,37,2,2022-03-23 09:05:55
1648026356392536000,76.5,1,76.5,1,76.6,39,2,2022-03-23 09:05:56
1648026356660573000,76.5,1,76.3,15,76.5,1,2,2022-03-23 09:05:56
1648026356673161000,76.5,1,76.3,15,76.6,39,1,2022-03-23 09:05:56
1648026356711136000,76.4,1,76.3,15,76.5,3,1,2022-03-23 09:05:56
1648026356935469000,76.5,3,76.5,2,76.6,39,1,2022-03-23 09:05:56
1648026356969582000,76.5,2,76.3,15,76.6,37,2,2022-03-23 09:05:56
1648026359724778000,76.5,2,76.3,19,76.5,5,1,2022-03-23 09:05:59
1648026360171198000,76.5,1,76.3,19,76.5,5,1,2022-03-23 09:06:00
1648026360192562000,76.5,5,76.3,19,76.6,37,1,2022-03-23 09:06:00
1648026361206939000,76.5,1,76.4,2,76.5,1,1,2022-03-23 09:06:01
1648026361553915000,76.5,1,76.4,2,76.5,5,1,2022-03-23 09:06:01
1648026361563000000,76.5,1,76.4,2,76.5,4,1,2022-03-23 09:06:01
1648026362423678000,76.4,1,76.4,1,76.5,4,2,2022-03-23 09:06:02
1648026365575854000,76.4,1,76.3,19,76.4,4,2,2022-03-23 09:06:05
1648026366147727000,76.3,8,76.3,12,76.4,4,2,2022-03-23 09:06:06
1648026368947726000,76.3,13,76.2,43,76.3,5,2,2022-03-23 09:06:08
1648026368972729000,76.3,5,76.2,43,76.4,4,1,2022-03-23 09:06:08
1648026368976265000,76.2,1,76.2,42,76.5,8,2,2022-03-23 09:06:08
1648026369022464000,76.2,2,76.2,40,76.5,10,2,2022-03-23 09:06:09
1648026370277339000,76.2,2,76.2,38,76.3,2,2,2022-03-23 09:06:10
1648026372388958000,76.3,3,76.2,39,76.3,9,1,2022-03-23 09:06:12
1648026372423775000,76.2,1,76.2,38,76.3,9,2,2022-03-23 09:06:12
1648026373603406000,76.2,40,76.1,27,76.2,10,2,2022-03-23 09:06:13
1648026373640218000,76.1,1,76.1,26,76.2,10,2,2022-03-23 09:06:13
1648026373805655000,76.1,5,76.1,21,76.2,13,2,2022-03-23 09:06:13
1648026374035683000,76.1,21,76.0,109,76.2,23,2,2022-03-23 09:06:14
1648026374414990000,76.0,4,76.0,105,76.1,1,2,2022-03-23 09:06:14
1648026374460713000,76.0,1,76.0,104,76.1,4,2,2022-03-23 09:06:14
1648026374851646000,76.0,1,76.0,103,76.1,19,2,2022-03-23 09:06:14
1648026375489794000,76.1,1,76.0,103,76.1,18,1,2022-03-23 09:06:15
1648026376316078000,76.0,10,76.0,94,76.1,8,2,2022-03-23 09:06:16
1648026376353468000,76.0,1,76.0,93,76.1,8,2,2022-03-23 09:06:16
1648026376760876000,76.0,5,76.0,87,76.1,3,2,2022-03-23 09:06:16
1648026376808722000,76.0,1,76.0,86,76.1,3,2,2022-03-23 09:06:16
1648026377042847000,76.0,10,76.0,76,76.1,3,2,2022-03-23 09:06:17
1648026377606793000,76.0,1,76.0,75,76.1,3,2,2022-03-23 09:06:17
1648026377938117000,76.0,1,76.0,71,76.1,3,2,2022-03-23 09:06:17
1648026378172767000,76.0,5,76.0,66,76.1,3,2,2022-03-23 09:06:18
1648026378437392000,76.0,1,76.0,65,76.1,3,2,2022-03-23 09:06:18
1648026378467420000,76.0,1,76.0,64,76.1,3,2,2022-03-23 09:06:18
1648026378625280000,76.0,1,76.0,63,76.1,3,2,2022-03-23 09:06:18
1648026378734336000,76.0,5,76.0,58,76.1,3,2,2022-03-23 09:06:18
1648026378780919000,76.1,1,76.0,58,76.1,2,1,2022-03-23 09:06:18
1648026378812739000,76.0,1,76.0,57,76.1,2,2,2022-03-23 09:06:18
1648026379137257000,76.0,2,76.0,55,76.1,2,2,2022-03-23 09:06:19
1648026379341956000,76.0,1,76.0,55,76.1,2,2,2022-03-23 09:06:19
1648026379373158000,76.0,1,76.0,54,76.1,2,2,2022-03-23 09:06:19
1648026379464934000,76.0,1,76.0,53,76.1,2,2,2022-03-23 09:06:19
1648026379874286000,76.0,1,76.0,55,76.1,2,2,2022-03-23 09:06:19
1648026379878125000,76.0,1,76.0,54,76.1,2,2,2022-03-23 09:06:19
1648026379904007000,76.0,1,76.0,53,76.1,2,2,2022-03-23 09:06:19
1648026379973683000,76.0,1,76.0,52,76.1,2,2,2022-03-23 09:06:19
1648026380380003000,76.0,10,76.0,43,76.1,3,2,2022-03-23 09:06:20
1648026380380514000,76.0,5,76.0,38,76.1,3,2,2022-03-23 09:06:20
1648026380405287000,76.0,1,76.0,37,76.1,3,2,2022-03-23 09:06:20
1648026380433175000,76.0,5,76.0,32,76.1,3,2,2022-03-23 09:06:20
1648026380534578000,76.0,1,76.0,31,76.1,3,2,2022-03-23 09:06:20
1648026380558654000,76.0,1,76.0,30,76.1,3,2,2022-03-23 09:06:20
1648026380567406000,76.0,2,76.0,28,76.1,3,2,2022-03-23 09:06:20
1648026381278550000,76.0,3,76.0,26,76.1,8,2,2022-03-23 09:06:21
1648026381331248000,76.0,5,76.0,21,76.1,8,2,2022-03-23 09:06:21
1648026381359553000,76.0,1,76.0,20,76.1,8,2,2022-03-23 09:06:21
1648026381425235000,76.0,1,76.0,19,76.1,8,2,2022-03-23 09:06:21
1648026381452445000,76.0,3,76.0,16,76.1,8,2,2022-03-23 09:06:21
1648026382213444000,76.0,1,76.0,18,76.1,10,2,2022-03-23 09:06:22
1648026382483993000,76.0,1,76.0,17,76.1,10,2,2022-03-23 09:06:22
1648026382535217000,76.0,1,76.0,16,76.1,10,2,2022-03-23 09:06:22
1648026382929806000,76.0,1,76.0,15,76.1,10,2,2022-03-23 09:06:22
1648026382974289000,76.0,1,76.0,14,76.1,10,2,2022-03-23 09:06:22
1648026383251194000,76.0,1,76.0,13,76.1,10,2,2022-03-23 09:06:23
1648026383375298000,76.0,1,76.0,12,76.1,10,2,2022-03-23 09:06:23
1648026383422555000,76.0,1,76.0,11,76.1,10,2,2022-03-23 09:06:23
1648026383549361000,76.0,3,76.0,13,76.1,10,2,2022-03-23 09:06:23
1648026383554144000,76.0,1,76.0,12,76.1,10,2,2022-03-23 09:06:23
1648026384084860000,76.0,1,76.0,11,76.1,10,2,2022-03-23 09:06:24
1648026384331254000,76.0,1,76.0,12,76.1,10,2,2022-03-23 09:06:24
1648026384540683000,76.0,1,76.0,14,76.1,10,2,2022-03-23 09:06:24
1648026384703246000,76.0,1,76.0,13,76.1,10,2,2022-03-23 09:06:24
1648026384867356000,76.0,2,76.0,12,76.1,7,2,2022-03-23 09:06:24
1648026384872621000,76.1,5,76.0,12,76.1,2,1,2022-03-23 09:06:24
1648026384915525000,76.0,1,76.0,11,76.1,2,2,2022-03-23 09:06:24
1648026385044187000,76.0,1,76.0,10,76.1,2,2,2022-03-23 09:06:25
1648026385926161000,76.0,1,76.0,13,76.1,2,2,2022-03-23 09:06:25
1648026385953698000,76.0,2,76.0,11,76.1,2,2,2022-03-23 09:06:25
1648026386028388000,76.0,2,76.0,9,76.1,2,2,2022-03-23 09:06:26
1648026386312825000,76.0,1,76.0,8,76.1,2,2,2022-03-23 09:06:26
1648026386766350000,76.1,2,76.1,8,76.2,24,1,2022-03-23 09:06:26
1648026386998137000,76.1,1,76.1,7,76.2,24,2,2022-03-23 09:06:26
1648026387444238000,76.2,3,76.1,7,76.2,21,1,2022-03-23 09:06:27
1648026387828416000,76.2,2,76.1,12,76.2,19,1,2022-03-23 09:06:27
1648026387841070000,76.1,1,76.1,11,76.2,19,2,2022-03-23 09:06:27
1648026387963144000,76.2,2,76.1,12,76.2,17,1,2022-03-23 09:06:27
1648026387998821000,76.2,13,76.1,12,76.2,4,1,2022-03-23 09:06:27
1648026388084598000,76.2,4,76.1,12,76.3,9,1,2022-03-23 09:06:28
1648026388281774000,76.1,1,76.1,17,76.3,9,2,2022-03-23 09:06:28
1648026389350523000,76.1,1,76.1,19,76.3,9,2,2022-03-23 09:06:29
1648026389352158000,76.3,2,76.1,19,76.3,7,1,2022-03-23 09:06:29
1648026389383826000,76.3,7,76.1,19,76.3,1,1,2022-03-23 09:06:29
1648026390601677000,76.3,1,76.2,1,76.4,6,1,2022-03-23 09:06:30
1648026392028806000,76.4,7,76.3,5,76.5,18,1,2022-03-23 09:06:32
1648026392707632000,76.3,5,76.2,6,76.5,16,2,2022-03-23 09:06:32
1648026392707632000,76.2,5,76.2,6,76.5,16,2,2022-03-23 09:06:32
1648026392939767000,76.3,2,76.3,3,76.5,16,2,2022-03-23 09:06:32
1648026394667941000,76.3,1,76.3,12,76.5,16,2,2022-03-23 09:06:34
1648026396103144000,76.3,1,76.3,11,76.4,1,2,2022-03-23 09:06:36
1648026397214575000,76.3,1,76.3,10,76.4,1,2,2022-03-23 09:06:37
1648026400329396000,76.4,3,76.3,13,76.5,15,1,2022-03-23 09:06:40
1648026401287014000,76.3,1,76.3,12,76.5,15,2,2022-03-23 09:06:41
1648026401485533000,76.3,10,76.3,7,76.5,15,2,2022-03-23 09:06:41
1648026403697256000,76.3,1,76.3,7,76.4,1,2,2022-03-23 09:06:43
1648026404167924000,76.3,1,76.3,11,76.4,1,2,2022-03-23 09:06:44
1648026405110224000,76.3,2,76.3,13,76.4,1,2,2022-03-23 09:06:45
1648026405483685000,76.4,1,76.4,1,76.5,15,1,2022-03-23 09:06:45
1648026405645321000,76.4,1,76.3,18,76.5,15,2,2022-03-23 09:06:45
1648026406673952000,76.4,1,76.3,18,76.5,15,2,2022-03-23 09:06:46
1648026410785497000,76.4,1,76.3,24,76.4,1,1,2022-03-23 09:06:50
1648026412624230000,76.4,1,76.3,29,76.4,4,1,2022-03-23 09:06:52
1648026413128387000,76.4,5,76.3,29,76.4,1,1,2022-03-23 09:06:53
1648026413587389000,76.4,1,76.3,29,76.4,1,1,2022-03-23 09:06:53
1648026415153655000,76.4,1,76.3,29,76.5,17,1,2022-03-23 09:06:55
1648026416657237000,76.4,1,76.3,39,76.5,28,1,2022-03-23 09:06:56
1648026416658139000,76.3,2,76.3,37,76.5,28,2,2022-03-23 09:06:56
1648026417436222000,76.4,1,76.3,37,76.5,18,2,2022-03-23 09:06:57
1648026418069494000,76.4,1,76.3,37,76.5,18,1,2022-03-23 09:06:58
1648026419131501000,76.3,1,76.3,36,76.5,19,2,2022-03-23 09:06:59
1648026422662625000,76.3,1,76.3,38,76.4,2,2,2022-03-23 09:07:02
1648026423276115000,76.4,1,76.3,39,76.4,1,1,2022-03-23 09:07:03
