ts,close,volume,bid_price,bid_volume,ask_price,ask_volume,tick_type,datetime
1658826007927144000,32.05,739,32.05,36,32.1,15,0,2022-07-26 09:00:07
1658826007984561000,32.1,1,32.05,36,32.1,14,1,2022-07-26 09:00:07
1658826008005686000,32.1,1,32.05,36,32.1,13,1,2022-07-26 09:00:08
1658826008022539000,32.1,1,32.05,36,32.1,12,1,2022-07-26 09:00:08
1658826008044065000,32.1,2,32.05,36,32.1,10,1,2022-07-26 09:00:08
1658826008052609000,32.1,10,32.05,36,32.15,9,1,2022-07-26 09:00:08
1658826008099706000,32.15,2,32.05,37,32.15,7,1,2022-07-26 09:00:08
1658826008128504000,32.15,7,32.05,37,32.2,100,1,2022-07-26 09:00:08
1658826008695275000,32.1,1,32.05,31,32.2,100,2,2022-07-26 09:00:08
1658826008695275000,32.05,6,32.05,31,32.2,100,2,2022-07-26 09:00:08
1658826009327470000,32.2,3,32.15,6,32.2,100,1,2022-07-26 09:00:09
1658826009942509000,32.15,1,32.15,5,32.2,97,2,2022-07-26 09:00:09
1658826010164525000,32.2,1,32.15,5,32.2,96,1,2022-07-26 09:00:10
1658826010922829000,32.2,1,32.15,5,32.2,100,1,2022-07-26 09:00:10
1658826010955692000,32.2,85,32.15,5,32.2,15,1,2022-07-26 09:00:10
1658826010955842000,32.2,15,32.15,5,32.25,3,1,2022-07-26 09:00:10
1658826010978543000,32.25,3,32.15,5,32.3,3,1,2022-07-26 09:00:10
1658826011620690000,32.3,1,32.2,10,32.3,2,1,2022-07-26 09:00:11
1658826011645948000,32.3,2,32.2,10,32.4,17,1,2022-07-26 09:00:11
1658826011679444000,32.4,10,32.25,8,32.45,3,1,2022-07-26 09:00:11
1658826012523247000,32.45,2,32.25,13,32.45,7,1,2022-07-26 09:00:12
1658826012748548000,32.45,1,32.25,13,32.45,7,1,2022-07-26 09:00:12
1658826013725822000,32.5,1,32.25,13,32.5,8,1,2022-07-26 09:00:13
1658826014302712000,32.5,1,32.3,6,32.5,8,1,2022-07-26 09:00:14
1658826015325510000,32.5,3,32.45,1,32.5,3,1,2022-07-26 09:00:15
1658826015337766000,32.45,1,32.3,13,32.5,3,2,2022-07-26 09:00:15
1658826016079688000,32.45,1,32.4,3,32.45,19,1,2022-07-26 09:00:16
1658826016079839000,32.4,3,32.3,4,32.45,19,2,2022-07-26 09:00:16
1658826016098002000,32.45,10,32.3,4,32.45,9,1,2022-07-26 09:00:16
1658826016179873000,32.45,5,32.3,12,32.45,4,1,2022-07-26 09:00:16
1658826017352528000,32.45,2,32.3,12,32.45,2,1,2022-07-26 09:00:17
1658826017447976000,32.45,2,32.3,12,32.5,12,1,2022-07-26 09:00:17
1658826017447976000,32.5,3,32.3,12,32.5,12,1,2022-07-26 09:00:17
1658826017688070000,32.45,1,32.35,3,32.5,10,1,2022-07-26 09:00:17
1658826018179271000,32.5,3,32.35,11,32.5,7,1,2022-07-26 09:00:18
1658826018305749000,32.45,1,32.35,3,32.5,7,1,2022-07-26 09:00:18
1658826018342674000,32.45,1,32.35,4,32.5,7,2,2022-07-26 09:00:18
1658826018349461000,32.5,1,32.35,4,32.5,6,1,2022-07-26 09:00:18
1658826018382220000,32.5,2,32.35,4,32.5,4,1,2022-07-26 09:00:18
1658826018723312000,32.5,1,32.45,2,32.5,4,1,2022-07-26 09:00:18
1658826019305955000,32.5,1,32.45,2,32.5,3,1,2022-07-26 09:00:19
1658826019396169000,32.5,1,32.45,2,32.5,1,1,2022-07-26 09:00:19
1658826019422782000,32.5,1,32.45,2,32.55,2,1,2022-07-26 09:00:19
1658826019422782000,32.55,4,32.45,2,32.55,2,1,2022-07-26 09:00:19
1658826019603659000,32.55,2,32.45,3,32.6,2,1,2022-07-26 09:00:19
1658826019781847000,32.6,1,32.45,12,32.6,2,1,2022-07-26 09:00:19
1658826020606836000,32.6,1,32.5,1,32.65,6,1,2022-07-26 09:00:20
1658826020930210000,32.65,1,32.5,8,32.65,5,1,2022-07-26 09:00:20
1658826021304013000,32.65,4,32.5,17,32.65,5,1,2022-07-26 09:00:21
1658826021447011000,32.65,1,32.5,17,32.7,11,1,2022-07-26 09:00:21
1658826021640133000,32.7,1,32.55,8,32.7,10,1,2022-07-26 09:00:21
1658826021765120000,32.7,4,32.55,8,32.7,6,1,2022-07-26 09:00:21
1658826021797122000,32.7,2,32.55,8,32.7,4,1,2022-07-26 09:00:21
1658826021829580000,32.7,4,32.55,9,32.7,4,1,2022-07-26 09:00:21
1658826021938610000,32.55,5,32.55,4,32.75,7,2,2022-07-26 09:00:21
1658826021956915000,32.75,1,32.55,4,32.75,6,1,2022-07-26 09:00:21
1658826022279812000,32.55,3,32.55,1,32.7,5,2,2022-07-26 09:00:22
1658826022550131000,32.7,4,32.55,1,32.7,4,1,2022-07-26 09:00:22
1658826022682097000,32.55,1,32.5,19,32.7,4,2,2022-07-26 09:00:22
1658826022682097000,32.5,2,32.5,19,32.7,4,2,2022-07-26 09:00:22
1658826022763282000,32.7,4,32.5,19,32.75,9,1,2022-07-26 09:00:22
1658826022763282000,32.75,1,32.5,19,32.75,9,1,2022-07-26 09:00:22
1658826022809637000,32.75,1,32.55,1,32.75,9,1,2022-07-26 09:00:22
1658826022983898000,32.75,4,32.55,9,32.75,4,1,2022-07-26 09:00:22
1658826023088416000,32.75,3,32.6,5,32.75,1,1,2022-07-26 09:00:23
1658826023414815000,32.8,1,32.65,11,32.8,4,1,2022-07-26 09:00:23
1658826023472807000,32.8,4,32.65,11,32.85,8,1,2022-07-26 09:00:23
1658826023472807000,32.85,1,32.65,11,32.85,8,1,2022-07-26 09:00:23
1658826023540092000,32.7,2,32.65,12,32.7,9,1,2022-07-26 09:00:23
1658826023563645000,32.7,7,32.65,3,32.7,2,1,2022-07-26 09:00:23
1658826023593148000,32.7,2,32.65,3,32.85,8,1,2022-07-26 09:00:23
1658826024650006000,32.85,5,32.7,3,32.9,4,1,2022-07-26 09:00:24
1658826025024428000,32.9,4,32.7,4,33.0,14,1,2022-07-26 09:00:25
1658826025024428000,32.95,6,32.7,4,33.0,14,1,2022-07-26 09:00:25
1658826025070135000,33.0,9,32.75,4,33.0,5,1,2022-07-26 09:00:25
1658826025151650000,32.85,1,32.75,13,33.0,5,1,2022-07-26 09:00:25
1658826025714329000,33.0,3,32.75,13,33.0,5,1,2022-07-26 09:00:25
1658826025960312000,32.75,4,32.75,9,33.0,2,2,2022-07-26 09:00:25
1658826026355348000,32.75,2,32.75,7,32.95,4,2,2022-07-26 09:00:26
1658826026542143000,32.9,2,32.75,6,32.95,2,1,2022-07-26 09:00:26
1658826026542143000,32.95,2,32.75,6,32.95,2,1,2022-07-26 09:00:26
1658826026795526000,33.0,2,32.8,2,33.1,1,1,2022-07-26 09:00:26
1658826026795526000,33.05,3,32.8,2,33.1,1,1,2022-07-26 09:00:26
1658826026851293000,32.85,1,32.85,3,33.1,4,2,2022-07-26 09:00:26
1658826027306424000,33.1,1,32.85,4,33.1,5,1,2022-07-26 09:00:27
1658826027383513000,32.85,4,32.8,1,32.85,6,2,2022-07-26 09:00:27
1658826027419412000,32.8,1,32.7,11,32.85,6,2,2022-07-26 09:00:27
1658826027774915000,32.85,5,32.7,11,32.85,6,1,2022-07-26 09:00:27
1658826028464418000,32.7,1,32.7,10,32.85,1,2,2022-07-26 09:00:28
1658826029939971000,32.85,2,32.85,2,32.95,1,1,2022-07-26 09:00:29
1658826029964330000,32.85,2,32.8,1,32.95,1,2,2022-07-26 09:00:29
1658826030054572000,32.8,1,32.7,15,32.8,19,2,2022-07-26 09:00:30
1658826030191933000,32.8,1,32.7,15,32.8,18,1,2022-07-26 09:00:30
1658826030720207000,32.75,1,32.75,1,32.8,28,2,2022-07-26 09:00:30
1658826030947511000,32.7,15,32.65,21,32.8,28,2,2022-07-26 09:00:30
1658826030981121000,32.65,9,32.65,12,32.8,28,2,2022-07-26 09:00:30
1658826031011820000,32.65,7,32.65,5,32.8,28,2,2022-07-26 09:00:31
1658826031673718000,32.75,1,32.65,6,32.75,3,1,2022-07-26 09:00:31
1658826031724315000,32.65,6,32.6,9,32.75,3,2,2022-07-26 09:00:31
1658826031850426000,32.75,1,32.6,9,32.75,2,1,2022-07-26 09:00:31
1658826032103167000,32.75,1,32.6,9,32.75,2,1,2022-07-26 09:00:32
1658826032519186000,32.75,1,32.6,9,32.8,30,1,2022-07-26 09:00:32
1658826032519186000,32.8,1,32.6,9,32.8,30,1,2022-07-26 09:00:32
1658826032910113000,32.75,1,32.6,9,32.8,30,1,2022-07-26 09:00:32
1658826033061867000,32.65,8,32.6,9,32.8,27,2,2022-07-26 09:00:33
1658826033061867000,32.6,1,32.6,9,32.8,27,2,2022-07-26 09:00:33
1658826033880799000,32.75,1,32.6,8,32.75,7,1,2022-07-26 09:00:33
1658826033881154000,32.75,3,32.6,8,32.75,4,1,2022-07-26 09:00:33
1658826033979860000,32.75,1,32.6,8,32.75,3,1,2022-07-26 09:00:33
1658826034220822000,32.75,3,32.6,8,32.8,27,1,2022-07-26 09:00:34
1658826034220822000,32.8,3,32.6,8,32.8,27,1,2022-07-26 09:00:34
1658826034302173000,32.8,1,32.6,9,32.8,26,1,2022-07-26 09:00:34
1658826034303215000,32.8,2,32.6,9,32.8,27,1,2022-07-26 09:00:34
1658826034400861000,32.8,5,32.65,8,32.8,16,1,2022-07-26 09:00:34
1658826034623483000,32.75,1,32.65,9,32.8,16,2,2022-07-26 09:00:34
1658826034814220000,32.8,1,32.65,9,32.8,16,1,2022-07-26 09:00:34
1658826034985078000,32.8,2,32.65,9,32.8,13,1,2022-07-26 09:00:34
1658826035246089000,32.65,1,32.65,8,32.8,13,2,2022-07-26 09:00:35
1658826035477403000,32.75,1,32.65,8,32.8,12,1,2022-07-26 09:00:35
1658826035477403000,32.8,1,32.65,8,32.8,12,1,2022-07-26 09:00:35
1658826036159025000,32.7,14,32.6,9,32.65,32,2,2022-07-26 09:00:36
1658826036159025000,32.65,4,32.6,9,32.65,32,2,2022-07-26 09:00:36
1658826036196326000,32.6,8,32.55,18,32.65,32,2,2022-07-26 09:00:36
1658826036196326000,32.55,12,32.55,18,32.65,32,2,2022-07-26 09:00:36
1658826036620935000,32.65,1,32.55,18,32.65,31,1,2022-07-26 09:00:36
1658826037207388000,32.65,1,32.6,5,32.65,30,1,2022-07-26 09:00:37
1658826037263001000,32.65,1,32.6,5,32.65,31,1,2022-07-26 09:00:37
1658826037508644000,32.65,10,32.6,5,32.65,19,1,2022-07-26 09:00:37
1658826037532411000,32.65,8,32.6,5,32.65,11,1,2022-07-26 09:00:37
1658826037532442000,32.65,3,32.6,5,32.65,8,1,2022-07-26 09:00:37
1658826037532458000,32.65,8,32.6,5,32.75,7,1,2022-07-26 09:00:37
1658826037805791000,32.75,8,32.6,13,32.8,14,1,2022-07-26 09:00:37
1658826037805791000,32.8,2,32.6,13,32.8,14,1,2022-07-26 09:00:37
1658826037842872000,32.8,11,32.6,13,33.2,17,1,2022-07-26 09:00:37
1658826037842872000,32.85,1,32.6,13,33.2,17,1,2022-07-26 09:00:37
1658826037842872000,32.95,1,32.6,13,33.2,17,1,2022-07-26 09:00:37
1658826037842872000,33.0,1,32.6,13,33.2,17,1,2022-07-26 09:00:37
1658826037842872000,33.05,1,32.6,13,33.2,17,1,2022-07-26 09:00:37
1658826037842872000,33.15,2,32.6,13,33.2,17,1,2022-07-26 09:00:37
1658826037901308000,32.65,1,32.6,12,33.2,17,2,2022-07-26 09:00:37
1658826037901308000,32.6,1,32.6,12,33.2,17,2,2022-07-26 09:00:37
1658826038037061000,33.15,4,32.6,13,33.2,17,1,2022-07-26 09:00:38
1658826038886059000,32.8,1,32.65,14,33.15,3,1,2022-07-26 09:00:38
1658826039068795000,32.85,1,32.75,1,33.2,20,2,2022-07-26 09:00:39
1658826039325542000,32.7,2,32.7,12,33.2,20,2,2022-07-26 09:00:39
1658826039685112000,32.8,2,32.85,3,33.05,3,1,2022-07-26 09:00:39
1658826039689527000,32.85,1,32.85,2,33.05,3,2,2022-07-26 09:00:39
1658826039713059000,32.85,2,32.75,4,33.1,10,2,2022-07-26 09:00:39
1658826039751538000,32.75,4,32.7,1,32.75,1,2,2022-07-26 09:00:39
1658826039777426000,32.75,1,32.7,1,33.1,10,1,2022-07-26 09:00:39
1658826040048250000,32.75,1,32.75,3,32.9,3,2,2022-07-26 09:00:40
1658826040859949000,32.75,2,32.7,10,32.9,3,2,2022-07-26 09:00:40
1658826040889134000,32.7,5,32.7,5,32.9,3,2,2022-07-26 09:00:40
1658826040985002000,32.75,3,32.7,1,32.85,5,2,2022-07-26 09:00:40
1658826041029421000,32.8,1,32.7,1,32.85,5,1,2022-07-26 09:00:41
1658826041078060000,32.7,1,32.65,9,32.85,8,2,2022-07-26 09:00:41
1658826041401362000,32.75,1,32.65,6,32.8,10,2,2022-07-26 09:00:41
1658826041528020000,32.65,1,32.65,5,32.8,10,2,2022-07-26 09:00:41
1658826041650848000,32.65,1,32.65,4,32.8,10,2,2022-07-26 09:00:41
1658826041675653000,32.65,3,32.65,6,32.8,10,2,2022-07-26 09:00:41
1658826042120984000,32.75,5,32.65,1,32.8,10,2,2022-07-26 09:00:42
1658826042143753000,32.65,1,32.6,13,32.8,10,2,2022-07-26 09:00:42
1658826042586411000,32.6,2,32.6,7,32.65,2,2,2022-07-26 09:00:42
1658826042643122000,32.65,2,32.75,10,32.8,14,1,2022-07-26 09:00:42
1658826042677068000,32.75,9,32.75,1,32.8,10,2,2022-07-26 09:00:42
1658826042677118000,32.75,1,32.6,7,32.75,9,2,2022-07-26 09:00:42
1658826042849727000,32.75,1,32.6,7,32.75,18,1,2022-07-26 09:00:42
1658826043056778000,32.6,7,32.55,22,32.75,18,2,2022-07-26 09:00:43
1658826043119362000,32.7,2,32.55,18,32.7,1,1,2022-07-26 09:00:43
1658826043496764000,32.65,1,32.55,19,32.75,20,1,2022-07-26 09:00:43
1658826043496764000,32.7,1,32.55,19,32.75,20,1,2022-07-26 09:00:43
1658826043496764000,32.75,2,32.55,19,32.75,20,1,2022-07-26 09:00:43
1658826043585281000,32.55,1,32.55,22,32.75,20,2,2022-07-26 09:00:43
1658826043898414000,32.65,1,32.55,18,32.75,20,2,2022-07-26 09:00:43
1658826044595116000,32.7,1,32.7,1,32.75,20,2,2022-07-26 09:00:44
1658826044728736000,32.7,1,32.6,1,32.7,3,2,2022-07-26 09:00:44
1658826045691119000,32.65,1,32.6,1,32.7,3,2,2022-07-26 09:00:45
1658826046788920000,32.65,5,32.55,18,32.7,3,1,2022-07-26 09:00:46
1658826047607041000,32.7,3,32.6,14,32.8,13,1,2022-07-26 09:00:47
1658826047607041000,32.75,16,32.6,14,32.8,13,1,2022-07-26 09:00:47
1658826047607041000,32.8,1,32.6,14,32.8,13,1,2022-07-26 09:00:47
1658826047641818000,32.6,1,32.6,13,32.8,9,2,2022-07-26 09:00:47
1658826048766264000,32.75,5,32.65,1,32.8,10,2,2022-07-26 09:00:48
1658826048904719000,32.7,1,32.65,1,32.8,10,1,2022-07-26 09:00:48
1658826049711691000,32.8,1,32.65,1,32.8,9,1,2022-07-26 09:00:49
1658826049796558000,32.65,1,32.65,1,32.8,10,2,2022-07-26 09:00:49
1658826049796558000,32.6,1,32.65,1,32.8,10,2,2022-07-26 09:00:49
1658826050187047000,32.8,1,32.65,2,32.8,12,1,2022-07-26 09:00:50
1658826051224633000,32.8,1,32.7,1,32.8,7,1,2022-07-26 09:00:51
1658826051224749000,32.8,1,32.7,1,32.8,8,1,2022-07-26 09:00:51
1658826051692024000,32.8,3,32.7,1,32.8,3,1,2022-07-26 09:00:51
1658826051718744000,32.8,3,32.7,1,32.85,8,1,2022-07-26 09:00:51
1658826052705191000,32.85,1,32.7,1,32.85,7,1,2022-07-26 09:00:52
1658826052942293000,32.7,1,32.65,9,32.85,7,2,2022-07-26 09:00:52
1658826053141224000,32.7,7,32.65,10,32.8,1,1,2022-07-26 09:00:53
1658826053746077000,32.75,5,32.65,5,32.8,2,2,2022-07-26 09:00:53
1658826054646795000,32.75,1,32.7,16,32.8,3,1,2022-07-26 09:00:54
1658826054991988000,32.7,1,32.7,15,32.8,3,2,2022-07-26 09:00:54
1658826055771088000,32.8,1,32.7,15,32.8,3,1,2022-07-26 09:00:55
1658826057043319000,32.8,2,32.7,16,32.8,14,1,2022-07-26 09:00:57
1658826057048620000,32.8,1,32.7,16,32.8,13,1,2022-07-26 09:00:57
1658826057098135000,32.8,13,32.7,16,33.2,9,1,2022-07-26 09:00:57
1658826057098135000,32.9,7,32.7,16,33.2,9,1,2022-07-26 09:00:57
1658826057098135000,33.0,12,32.7,16,33.2,9,1,2022-07-26 09:00:57
1658826057098135000,33.15,3,32.7,16,33.2,9,1,2022-07-26 09:00:57
1658826058071989000,32.8,5,32.8,4,33.15,1,2,2022-07-26 09:00:58
1658826058741283000,32.8,1,32.8,5,33.15,8,2,2022-07-26 09:00:58
1658826059236425000,32.8,5,32.75,4,33.15,8,2,2022-07-26 09:00:59
1658826059236425000,32.75,5,32.75,4,33.15,8,2,2022-07-26 09:00:59
1658826059752987000,32.85,3,32.75,4,33.1,4,2,2022-07-26 09:00:59
1658826059856298000,32.75,4,32.7,18,33.1,4,2,2022-07-26 09:00:59
1658826059856298000,32.7,1,32.7,18,33.1,4,2,2022-07-26 09:00:59
1658826060115717000,32.7,1,32.7,18,33.1,8,2,2022-07-26 09:01:00
1658826060506956000,32.75,4,32.7,18,32.8,30,2,2022-07-26 09:01:00
1658826060506956000,32.7,5,32.7,18,32.8,30,2,2022-07-26 09:01:00
1658826060813110000,32.7,18,32.7,18,32.8,30,2,2022-07-26 09:01:00
1658826061009633000,32.75,1,32.65,18,32.8,30,2,2022-07-26 09:01:01
1658826062057189000,32.8,5,32.75,1,32.8,25,1,2022-07-26 09:01:02
1658826062074177000,32.8,1,32.75,1,32.8,24,1,2022-07-26 09:01:02
1658826062088574000,32.75,1,32.7,1,32.8,24,2,2022-07-26 09:01:02
1658826062240228000,32.8,2,32.7,1,32.8,24,1,2022-07-26 09:01:02
1658826062387160000,32.75,1,32.75,1,32.8,22,2,2022-07-26 09:01:02
1658826062613983000,32.8,1,32.75,1,32.8,21,1,2022-07-26 09:01:02
1658826062641079000,32.75,1,32.7,1,32.8,21,2,2022-07-26 09:01:02
1658826062894887000,32.8,10,32.7,1,32.8,11,1,2022-07-26 09:01:02
1658826062926270000,32.8,11,32.7,1,32.85,2,1,2022-07-26 09:01:02
1658826062988022000,32.85,3,32.7,9,32.85,1,1,2022-07-26 09:01:02
1658826063108803000,32.7,1,32.7,8,32.85,2,2,2022-07-26 09:01:03
1658826064012033000,32.75,1,32.65,20,32.85,6,1,2022-07-26 09:01:04
1658826064780688000,32.75,1,32.7,10,32.85,3,2,2022-07-26 09:01:04
1658826064941004000,32.8,1,32.7,10,32.85,3,2,2022-07-26 09:01:04
1658826065253098000,32.7,1,32.7,11,32.85,3,2,2022-07-26 09:01:05
1658826065311904000,32.8,1,32.7,12,32.8,1,1,2022-07-26 09:01:05
1658826065526957000,32.7,1,32.7,11,32.85,3,2,2022-07-26 09:01:05
1658826066427832000,32.8,1,32.7,8,32.85,1,1,2022-07-26 09:01:06
1658826066427832000,32.85,2,32.7,8,32.85,1,1,2022-07-26 09:01:06
1658826066772954000,32.85,1,32.7,20,33.0,1,1,2022-07-26 09:01:06
1658826066772954000,32.9,8,32.7,20,33.0,1,1,2022-07-26 09:01:06
1658826066772954000,32.95,7,32.7,20,33.0,1,1,2022-07-26 09:01:06
1658826066772954000,33.0,4,32.7,20,33.0,1,1,2022-07-26 09:01:06
1658826067155282000,32.75,10,32.75,3,33.0,6,2,2022-07-26 09:01:07
1658826068067247000,32.75,4,32.7,21,32.95,12,2,2022-07-26 09:01:08
1658826068742736000,32.7,1,32.7,8,32.9,4,2,2022-07-26 09:01:08
1658826068933740000,32.85,1,32.75,20,32.9,1,1,2022-07-26 09:01:08
1658826069004029000,32.85,1,32.75,20,32.85,2,1,2022-07-26 09:01:09
1658826069679904000,32.85,1,32.75,20,32.85,1,1,2022-07-26 09:01:09
1658826069722904000,32.8,1,32.8,2,32.85,1,1,2022-07-26 09:01:09
1658826069856037000,32.85,1,32.8,2,32.95,9,1,2022-07-26 09:01:09
1658826069856037000,32.9,3,32.8,2,32.95,9,1,2022-07-26 09:01:09
1658826070083902000,32.9,1,32.8,2,32.95,9,2,2022-07-26 09:01:10
1658826070669666000,32.9,1,32.9,1,32.95,8,1,2022-07-26 09:01:10
1658826070698531000,32.9,1,32.8,5,32.95,8,2,2022-07-26 09:01:10
1658826070910940000,32.95,8,32.8,5,33.1,8,1,2022-07-26 09:01:10
1658826070910940000,33.0,6,32.8,5,33.1,8,1,2022-07-26 09:01:10
1658826070910940000,33.05,3,32.8,5,33.1,8,1,2022-07-26 09:01:10
1658826070910940000,33.1,2,32.8,5,33.1,8,1,2022-07-26 09:01:10
1658826071441086000,33.0,1,32.85,4,33.0,1,1,2022-07-26 09:01:11
1658826071678551000,32.9,1,32.85,4,33.0,1,1,2022-07-26 09:01:11
1658826072970955000,33.0,1,32.9,4,33.1,9,1,2022-07-26 09:01:12
1658826072970955000,33.1,2,32.9,4,33.1,9,1,2022-07-26 09:01:12
1658826073076125000,32.9,4,32.9,9,33.1,9,2,2022-07-26 09:01:13
1658826073616972000,32.9,5,32.9,4,33.1,9,2,2022-07-26 09:01:13
1658826073730529000,32.95,6,32.85,10,33.05,5,2,2022-07-26 09:01:13
1658826073915131000,32.9,1,32.85,9,33.05,5,2,2022-07-26 09:01:13
1658826074252855000,32.95,4,32.85,10,33.0,1,2,2022-07-26 09:01:14
1658826074314553000,33.0,1,32.85,10,33.0,1,1,2022-07-26 09:01:14
1658826074314553000,33.05,4,32.85,10,33.0,1,1,2022-07-26 09:01:14
1658826074909723000,33.0,1,32.85,10,33.05,4,2,2022-07-26 09:01:14
1658826075657634000,33.05,4,32.85,11,33.1,6,1,2022-07-26 09:01:15
1658826076443235000,33.05,1,32.9,5,33.1,9,1,2022-07-26 09:01:16
1658826076443235000,33.1,1,32.9,5,33.1,9,1,2022-07-26 09:01:16
1658826077841676000,32.95,2,32.9,6,33.05,1,2,2022-07-26 09:01:17
1658826078141090000,32.9,6,32.85,11,33.05,1,2,2022-07-26 09:01:18
1658826078155592000,33.05,1,32.85,11,33.1,1,1,2022-07-26 09:01:18
1658826078155592000,33.1,9,32.85,11,33.1,1,1,2022-07-26 09:01:18
1658826078272583000,33.0,1,32.9,11,33.1,10,2,2022-07-26 09:01:18
1658826078339042000,32.9,1,32.9,11,33.05,5,2,2022-07-26 09:01:18
1658826078880020000,33.0,1,33.0,9,33.05,5,2,2022-07-26 09:01:18
1658826078991903000,33.05,1,33.0,9,33.05,4,1,2022-07-26 09:01:18
1658826079210144000,33.05,4,33.0,9,33.1,10,1,2022-07-26 09:01:19
1658826079921412000,33.1,5,33.0,9,33.1,5,1,2022-07-26 09:01:19
1658826079957302000,33.0,1,33.0,8,33.1,5,2,2022-07-26 09:01:19
1658826080733495000,33.1,3,33.0,9,33.1,2,1,2022-07-26 09:01:20
1658826080801590000,33.0,9,32.9,5,33.05,4,2,2022-07-26 09:01:20
1658826082125354000,33.05,1,32.9,5,33.05,7,1,2022-07-26 09:01:22
1658826082467864000,33.05,1,32.9,13,33.05,6,1,2022-07-26 09:01:22
1658826082982343000,33.05,6,33.0,1,33.15,16,1,2022-07-26 09:01:22
1658826082982343000,33.1,2,33.0,1,33.15,16,1,2022-07-26 09:01:22
1658826082982343000,33.15,2,33.0,1,33.15,16,1,2022-07-26 09:01:22
1658826083661624000,33.1,1,33.0,2,33.1,2,1,2022-07-26 09:01:23
1658826083761020000,33.0,1,33.0,2,33.1,3,2,2022-07-26 09:01:23
1658826083965927000,33.1,2,33.0,3,33.15,16,1,2022-07-26 09:01:23
1658826084008873000,33.05,1,33.0,3,33.05,9,1,2022-07-26 09:01:24
1658826084073793000,33.0,3,32.9,12,33.05,9,2,2022-07-26 09:01:24
1658826084097581000,33.05,9,32.9,12,33.15,16,1,2022-07-26 09:01:24
1658826084097581000,33.1,1,32.9,12,33.15,16,1,2022-07-26 09:01:24
1658826084243703000,33.05,1,32.95,9,33.15,17,2,2022-07-26 09:01:24
1658826084530129000,33.15,1,32.95,10,33.15,19,1,2022-07-26 09:01:24
1658826085095478000,33.0,1,32.95,6,33.15,19,1,2022-07-26 09:01:25
1658826086124123000,33.05,2,33.05,3,33.15,15,2,2022-07-26 09:01:26
1658826087038175000,33.1,1,33.05,3,33.1,4,1,2022-07-26 09:01:27
1658826087115803000,33.05,1,33.05,2,33.1,4,2,2022-07-26 09:01:27
1658826087267940000,33.05,3,33.05,2,33.1,4,2,2022-07-26 09:01:27
1658826087366856000,33.05,4,33.0,15,33.1,6,2,2022-07-26 09:01:27
1658826087447558000,33.0,5,33.0,10,33.05,1,2,2022-07-26 09:01:27
1658826087474655000,33.0,10,32.95,5,33.05,1,2,2022-07-26 09:01:27
1658826087791336000,33.0,2,33.0,1,33.05,6,1,2022-07-26 09:01:27
1658826087801344000,33.05,1,33.0,1,33.05,5,1,2022-07-26 09:01:27
1658826088150308000,33.0,1,32.95,6,33.05,5,2,2022-07-26 09:01:28
1658826088158546000,33.05,2,32.95,6,33.05,3,1,2022-07-26 09:01:28
1658826088253725000,33.05,1,32.95,6,33.05,3,1,2022-07-26 09:01:28
1658826088412577000,33.05,2,32.95,6,33.1,7,1,2022-07-26 09:01:28
1658826088728668000,33.05,1,32.95,6,33.1,7,1,2022-07-26 09:01:28
1658826089173140000,33.0,1,32.95,14,33.0,29,2,2022-07-26 09:01:29
1658826089479667000,33.0,1,32.95,6,33.0,28,1,2022-07-26 09:01:29
1658826089519083000,33.0,28,32.95,6,33.05,2,1,2022-07-26 09:01:29
1658826089519083000,33.05,3,32.95,6,33.05,2,1,2022-07-26 09:01:29
1658826089713372000,33.0,1,32.95,6,33.05,5,1,2022-07-26 09:01:29
1658826089729319000,33.05,1,32.95,6,33.05,4,1,2022-07-26 09:01:29
1658826089931930000,33.05,1,33.0,5,33.05,3,1,2022-07-26 09:01:29
1658826090115766000,33.05,6,33.0,5,33.1,7,1,2022-07-26 09:01:30
1658826090745436000,33.05,1,33.0,5,33.1,7,1,2022-07-26 09:01:30
1658826090776258000,33.0,5,32.95,6,33.1,7,2,2022-07-26 09:01:30
1658826090984929000,33.05,1,32.95,6,33.1,8,1,2022-07-26 09:01:30
1658826091115394000,33.1,3,32.95,14,33.1,5,1,2022-07-26 09:01:31
1658826091725550000,33.1,5,33.0,5,33.15,15,1,2022-07-26 09:01:31
1658826092168822000,33.15,15,33.0,8,33.2,15,1,2022-07-26 09:01:32
1658826092852356000,33.1,2,33.05,2,33.1,1,1,2022-07-26 09:01:32
1658826092857908000,33.1,1,33.1,9,33.15,1,1,2022-07-26 09:01:32
1658826092936847000,33.15,1,33.1,9,33.2,12,1,2022-07-26 09:01:32
1658826093049925000,33.1,4,33.1,5,33.2,12,2,2022-07-26 09:01:33
1658826093086289000,33.1,5,33.05,3,33.2,12,2,2022-07-26 09:01:33
1658826093588328000,33.1,1,33.05,3,33.2,13,2,2022-07-26 09:01:33
1658826214294947000,33.0,388,32.95,12,33.0,126,2,2022-07-26 09:03:34
1658826214324818000,32.95,12,32.9,20,33.0,126,2,2022-07-26 09:03:34
1658826214484123000,32.95,2,32.9,20,33.0,117,1,2022-07-26 09:03:34
1658826214484123000,33.0,9,32.9,20,33.0,117,1,2022-07-26 09:03:34
1658826214546977000,32.95,1,32.9,20,33.0,117,2,2022-07-26 09:03:34
1658826215619283000,33.0,2,32.9,20,33.0,115,1,2022-07-26 09:03:35
1658826216547684000,32.9,24,32.8,51,33.0,115,2,2022-07-26 09:03:36
1658826216547684000,32.85,5,32.8,51,33.0,115,2,2022-07-26 09:03:36
1658826216547684000,32.8,1,32.8,51,33.0,115,2,2022-07-26 09:03:36
1658826217796237000,32.95,1,32.8,52,32.95,11,1,2022-07-26 09:03:37
1658826219094652000,32.9,1,32.85,1,32.9,2,1,2022-07-26 09:03:39
1658826219445354000,32.9,1,32.85,1,32.9,2,1,2022-07-26 09:03:39
1658826220915645000,32.85,1,32.85,3,32.9,1,2,2022-07-26 09:03:40
1658826220934931000,32.85,3,32.8,55,32.9,1,2,2022-07-26 09:03:40
1658826220993112000,32.85,1,32.8,55,32.85,1,1,2022-07-26 09:03:40
1658826221026174000,32.8,1,32.8,54,32.85,1,2,2022-07-26 09:03:41
1658826221783139000,32.85,1,32.8,54,32.9,1,1,2022-07-26 09:03:41
1658826223821436000,32.85,1,32.8,60,32.9,2,1,2022-07-26 09:03:43
1658826223821436000,32.9,2,32.8,60,32.9,2,1,2022-07-26 09:03:43
1658826224348783000,32.85,1,32.85,7,32.9,2,2,2022-07-26 09:03:44
1658826224745604000,32.9,2,32.9,3,32.95,11,1,2022-07-26 09:03:44
1658826225295491000,32.95,1,32.9,3,32.95,9,1,2022-07-26 09:03:45
1658826225633640000,32.95,1,32.9,5,32.95,8,1,2022-07-26 09:03:45
1658826225634001000,32.95,1,32.9,5,32.95,7,1,2022-07-26 09:03:45
1658826225687763000,32.9,1,32.9,4,32.95,7,2,2022-07-26 09:03:45
1658826225698870000,32.95,7,32.95,3,33.0,121,1,2022-07-26 09:03:45
1658826225730776000,32.95,1,32.95,2,33.0,121,2,2022-07-26 09:03:45
1658826225758467000,32.95,2,32.9,4,33.0,121,2,2022-07-26 09:03:45
1658826225877713000,32.9,4,32.8,44,32.95,1,2,2022-07-26 09:03:45
1658826225877713000,32.85,23,32.8,44,32.95,1,2,2022-07-26 09:03:45
1658826225877713000,32.8,3,32.8,44,32.95,1,2,2022-07-26 09:03:45
1658826225948493000,32.95,1,32.8,45,32.95,3,1,2022-07-26 09:03:45
1658826226030249000,32.9,5,32.8,45,32.95,2,2,2022-07-26 09:03:46
1658826226210260000,32.95,1,32.8,45,32.95,2,1,2022-07-26 09:03:46
1658826226905479000,32.8,1,32.8,44,32.95,1,2,2022-07-26 09:03:46
1658826227246282000,32.9,1,32.9,10,32.95,1,2,2022-07-26 09:03:47
1658826228088626000,32.9,1,32.9,8,32.95,1,2,2022-07-26 09:03:48
1658826228118031000,32.9,1,32.9,7,32.95,1,2,2022-07-26 09:03:48
1658826228462943000,32.95,1,32.9,7,32.95,1,1,2022-07-26 09:03:48
1658826228462943000,33.0,1,32.9,7,32.95,1,1,2022-07-26 09:03:48
1658826228605543000,33.0,6,32.9,7,33.0,115,1,2022-07-26 09:03:48
1658826228977983000,32.9,1,32.9,7,33.0,115,2,2022-07-26 09:03:48
1658826229692139000,33.0,2,32.9,6,33.0,138,1,2022-07-26 09:03:49
1658826231244523000,32.9,1,32.9,11,33.0,138,2,2022-07-26 09:03:51
1658826232015209000,32.95,1,32.9,10,33.0,138,2,2022-07-26 09:03:52
1658826232456161000,33.0,1,32.9,10,33.0,138,1,2022-07-26 09:03:52
1658826232871005000,32.9,2,32.9,8,33.0,137,2,2022-07-26 09:03:52
1658826232916173000,32.9,1,32.9,7,33.0,137,2,2022-07-26 09:03:52
1658826233554627000,32.95,1,32.9,7,33.0,137,1,2022-07-26 09:03:53
1658826234153530000,32.95,1,32.9,8,33.0,137,2,2022-07-26 09:03:54
1658826234389357000,32.95,1,32.9,8,33.0,136,1,2022-07-26 09:03:54
1658826234389357000,33.0,1,32.9,8,33.0,136,1,2022-07-26 09:03:54
1658826235646906000,33.0,4,32.95,1,33.0,132,1,2022-07-26 09:03:55
1658826235747096000,33.0,3,32.95,1,33.0,129,1,2022-07-26 09:03:55
1658826235839852000,32.95,1,32.9,42,32.95,1,2,2022-07-26 09:03:55
1658826236216582000,32.95,1,32.9,42,33.0,110,1,2022-07-26 09:03:56
1658826236216582000,33.0,19,32.9,42,33.0,110,1,2022-07-26 09:03:56
1658826236623259000,33.0,10,32.9,42,33.0,98,1,2022-07-26 09:03:56
1658826237168104000,33.0,1,32.9,41,33.0,98,1,2022-07-26 09:03:57
1658826237561397000,33.0,20,32.9,42,33.0,78,1,2022-07-26 09:03:57
1658826237870683000,33.0,5,32.9,42,33.0,73,1,2022-07-26 09:03:57
1658826237912200000,32.9,1,32.9,41,33.0,73,2,2022-07-26 09:03:57
1658826238521743000,33.0,5,32.9,42,33.0,68,1,2022-07-26 09:03:58
1658826238638996000,32.9,1,32.9,41,33.0,68,2,2022-07-26 09:03:58
1658826238681008000,33.0,2,32.95,10,33.0,66,1,2022-07-26 09:03:58
1658826238813054000,33.0,20,32.95,10,33.0,46,1,2022-07-26 09:03:58
1658826238828816000,33.0,25,32.95,10,33.0,21,1,2022-07-26 09:03:58
1658826238916885000,33.0,12,32.95,11,33.0,11,1,2022-07-26 09:03:58
1658826238948111000,33.0,2,32.95,11,33.0,9,1,2022-07-26 09:03:58
1658826238948198000,33.0,9,32.95,11,33.05,9,1,2022-07-26 09:03:58
1658826239017873000,33.0,1,32.9,33,33.05,9,2,2022-07-26 09:03:59
1658826239017873000,32.95,11,32.9,33,33.05,9,2,2022-07-26 09:03:59
1658826239017873000,32.9,8,32.9,33,33.05,9,2,2022-07-26 09:03:59
1658826239354378000,33.0,1,32.95,2,33.0,1,1,2022-07-26 09:03:59
1658826239383339000,33.0,1,32.95,2,33.05,13,1,2022-07-26 09:03:59
1658826239419105000,33.05,10,33.0,6,33.05,3,1,2022-07-26 09:03:59
1658826239525318000,33.05,2,33.0,6,33.05,1,1,2022-07-26 09:03:59
1658826239525449000,33.05,1,33.0,6,33.1,21,1,2022-07-26 09:03:59
1658826239525449000,33.1,1,33.0,6,33.1,21,1,2022-07-26 09:03:59
1658826239550030000,33.1,11,33.0,11,33.1,10,1,2022-07-26 09:03:59
1658826239641185000,33.1,1,33.0,15,33.1,9,1,2022-07-26 09:03:59
1658826239652436000,33.0,5,33.0,10,33.1,9,2,2022-07-26 09:03:59
1658826239684052000,33.1,2,33.0,11,33.1,7,1,2022-07-26 09:03:59
1658826239818490000,33.1,1,33.0,16,33.1,6,1,2022-07-26 09:03:59
1658826239884186000,33.1,1,33.0,16,33.1,5,1,2022-07-26 09:03:59
1658826239904469000,33.1,2,33.0,17,33.1,5,1,2022-07-26 09:03:59
1658826240088533000,33.1,3,33.1,7,33.15,7,1,2022-07-26 09:04:00
1658826240265876000,33.15,7,33.15,2,33.2,21,1,2022-07-26 09:04:00
1658826240384145000,33.15,1,33.15,1,33.2,21,2,2022-07-26 09:04:00
1658826240413901000,33.15,1,33.1,7,33.2,16,2,2022-07-26 09:04:00
1658826240444713000,33.1,7,33.0,45,33.05,2,2,2022-07-26 09:04:00
1658826240468257000,33.05,2,33.0,46,33.2,16,1,2022-07-26 09:04:00
1658826240501286000,33.05,8,33.0,45,33.05,1,2,2022-07-26 09:04:00
1658826240519548000,33.05,1,33.0,46,33.2,20,1,2022-07-26 09:04:00
1658826240787275000,33.15,1,33.05,1,33.15,7,1,2022-07-26 09:04:00
1658826240845571000,33.15,5,33.05,1,33.15,2,1,2022-07-26 09:04:00
1658826240979509000,33.15,2,33.05,1,33.2,15,1,2022-07-26 09:04:00
1658826240979509000,33.2,3,33.05,1,33.2,15,1,2022-07-26 09:04:00
1658826241162748000,33.15,5,33.05,2,33.15,5,1,2022-07-26 09:04:01
1658826241211557000,33.15,5,33.05,2,33.2,10,1,2022-07-26 09:04:01
1658826241211557000,33.2,5,33.05,2,33.2,10,1,2022-07-26 09:04:01
1658826241240222000,33.2,1,33.05,11,33.2,9,1,2022-07-26 09:04:01
1658826241886365000,33.2,3,33.05,11,33.2,6,1,2022-07-26 09:04:01
1658826242041121000,33.05,2,33.05,9,33.2,4,2,2022-07-26 09:04:02
1658826242149175000,33.05,6,33.05,3,33.2,4,2,2022-07-26 09:04:02
1658826242173003000,33.05,2,33.05,1,33.2,4,2,2022-07-26 09:04:02
1658826242278422000,33.15,1,33.0,48,33.15,7,1,2022-07-26 09:04:02
1658826242608691000,33.15,7,33.0,43,33.2,5,1,2022-07-26 09:04:02
1658826242608691000,33.2,3,33.0,43,33.2,5,1,2022-07-26 09:04:02
1658826242705049000,33.2,3,33.0,46,33.2,2,1,2022-07-26 09:04:02
1658826242776470000,33.1,1,33.05,12,33.25,15,2,2022-07-26 09:04:02
1658826243324829000,33.15,1,33.15,4,33.25,19,2,2022-07-26 09:04:03
1658826243326297000,33.25,3,33.15,4,33.25,16,1,2022-07-26 09:04:03
1658826243337832000,33.15,4,33.05,10,33.25,12,2,2022-07-26 09:04:03
1658826243360434000,33.1,8,33.05,2,33.25,12,2,2022-07-26 09:04:03
1658826243514246000,33.2,5,33.05,2,33.2,3,1,2022-07-26 09:04:03
1658826243515497000,33.2,3,33.05,2,33.2,8,1,2022-07-26 09:04:03
1658826243515497000,33.25,2,33.05,2,33.2,8,1,2022-07-26 09:04:03
1658826243817011000,33.1,1,33.05,4,33.25,14,1,2022-07-26 09:04:03
1658826244209899000,33.25,1,33.05,12,33.25,13,1,2022-07-26 09:04:04
1658826244274630000,33.25,1,33.05,12,33.25,12,1,2022-07-26 09:04:04
1658826244319988000,33.2,1,33.1,5,33.25,8,2,2022-07-26 09:04:04
1658826244727628000,33.1,1,33.1,12,33.25,8,2,2022-07-26 09:04:04
1658826245039827000,33.1,3,33.1,1,33.2,5,2,2022-07-26 09:04:05
1658826245208399000,33.2,1,33.1,1,33.2,4,1,2022-07-26 09:04:05
1658826245732692000,33.05,2,33.05,12,33.2,6,2,2022-07-26 09:04:05
1658826245917003000,33.2,6,33.05,12,33.25,9,1,2022-07-26 09:04:05
1658826245917003000,33.25,4,33.05,12,33.25,9,1,2022-07-26 09:04:05
1658826246236131000,33.2,1,33.1,11,33.25,5,2,2022-07-26 09:04:06
1658826246297556000,33.25,4,33.1,3,33.3,25,1,2022-07-26 09:04:06
1658826246297556000,33.3,3,33.1,3,33.3,25,1,2022-07-26 09:04:06
1658826246340949000,33.15,1,33.1,11,33.3,25,1,2022-07-26 09:04:06
1658826246446498000,33.2,1,33.1,13,33.15,4,2,2022-07-26 09:04:06
1658826246468327000,33.15,4,33.1,13,33.3,20,1,2022-07-26 09:04:06
1658826246468327000,33.3,1,33.1,13,33.3,20,1,2022-07-26 09:04:06
1658826246469931000,33.3,5,33.1,13,33.3,15,1,2022-07-26 09:04:06
1658826246652195000,33.25,2,33.25,3,33.3,19,1,2022-07-26 09:04:06
1658826246659498000,33.25,3,33.1,11,33.2,2,2,2022-07-26 09:04:06
1658826246680307000,33.2,2,33.1,11,33.3,11,1,2022-07-26 09:04:06
1658826246680307000,33.3,4,33.1,11,33.3,11,1,2022-07-26 09:04:06
1658826246822924000,33.25,1,33.1,3,33.3,15,1,2022-07-26 09:04:06
1658826247036956000,33.2,1,33.1,3,33.2,4,1,2022-07-26 09:04:07
1658826248311390000,33.2,1,33.1,3,33.2,9,1,2022-07-26 09:04:08
1658826248573545000,33.15,1,33.1,6,33.15,1,1,2022-07-26 09:04:08
1658826248604281000,33.1,3,33.1,3,33.15,1,2,2022-07-26 09:04:08
1658826248635498000,33.1,1,33.1,2,33.15,1,2,2022-07-26 09:04:08
1658826248645736000,33.1,1,33.1,1,33.15,2,2,2022-07-26 09:04:08
1658826248651686000,33.1,1,33.05,7,33.15,2,2,2022-07-26 09:04:08
1658826249176281000,33.1,2,33.1,1,33.15,2,1,2022-07-26 09:04:09
1658826249274125000,33.15,2,33.1,1,33.2,2,1,2022-07-26 09:04:09
1658826249274125000,33.2,8,33.1,1,33.2,2,1,2022-07-26 09:04:09
1658826249457468000,33.15,1,33.1,2,33.2,52,2,2022-07-26 09:04:09
1658826249480642000,33.1,2,33.05,6,33.2,52,2,2022-07-26 09:04:09
1658826251130859000,33.1,2,33.05,12,33.15,1,2,2022-07-26 09:04:11
1658826251152998000,33.05,12,33.0,47,33.15,1,2,2022-07-26 09:04:11
1658826251217279000,33.0,11,33.0,36,33.1,3,2,2022-07-26 09:04:11
1658826251247942000,33.0,22,33.0,14,33.1,3,2,2022-07-26 09:04:11
1658826251279085000,33.0,7,33.0,7,33.05,4,2,2022-07-26 09:04:11
1658826251279577000,33.0,7,32.95,10,33.05,4,2,2022-07-26 09:04:11
1658826251386069000,32.95,10,32.9,49,33.0,15,2,2022-07-26 09:04:11
1658826251386069000,32.9,1,32.9,49,33.0,15,2,2022-07-26 09:04:11
1658826251410102000,32.9,3,32.9,46,33.0,15,2,2022-07-26 09:04:11
1658826251593364000,32.95,4,32.9,46,33.0,15,1,2022-07-26 09:04:11
1658826251608997000,32.9,5,32.9,41,33.0,15,2,2022-07-26 09:04:11
1658826251625005000,32.9,2,32.9,39,33.0,15,2,2022-07-26 09:04:11
1658826251644734000,32.9,39,32.85,10,32.95,1,2,2022-07-26 09:04:11
1658826251711979000,32.9,2,32.85,11,32.9,1,1,2022-07-26 09:04:11
1658826251848978000,32.9,1,32.85,11,32.9,1,1,2022-07-26 09:04:11
1658826252065973000,32.9,1,32.85,11,32.9,1,1,2022-07-26 09:04:12
1658826252129065000,32.85,1,32.85,10,32.9,1,2,2022-07-26 09:04:12
1658826252136875000,32.85,1,32.85,9,32.9,1,2,2022-07-26 09:04:12
1658826252142757000,32.9,1,32.85,9,32.95,10,1,2022-07-26 09:04:12
1658826252142757000,32.95,4,32.85,9,32.95,10,1,2022-07-26 09:04:12
1658826252175215000,32.9,1,32.85,9,32.95,9,1,2022-07-26 09:04:12
1658826252175215000,32.95,1,32.85,9,32.95,9,1,2022-07-26 09:04:12
1658826252273219000,32.85,9,32.8,31,32.85,1,2,2022-07-26 09:04:12
1658826252446412000,32.9,1,32.8,31,32.95,9,1,2022-07-26 09:04:12
1658826252602961000,32.8,2,32.8,29,32.9,1,2,2022-07-26 09:04:12
1658826252660263000,32.9,1,32.8,29,32.9,1,1,2022-07-26 09:04:12
1658826252988072000,32.85,1,32.8,29,32.85,11,1,2022-07-26 09:04:12
1658826253017509000,32.85,1,32.8,29,32.85,9,1,2022-07-26 09:04:13
1658826253054299000,32.85,2,32.8,29,32.85,7,1,2022-07-26 09:04:13
1658826253089217000,32.8,1,32.8,28,32.85,7,2,2022-07-26 09:04:13
1658826253090200000,32.8,1,32.8,27,32.85,7,2,2022-07-26 09:04:13
1658826253105737000,32.8,1,32.8,26,32.85,7,2,2022-07-26 09:04:13
1658826253123538000,32.85,7,32.8,26,32.9,1,1,2022-07-26 09:04:13
1658826253156787000,32.9,1,32.8,26,32.9,1,1,2022-07-26 09:04:13
1658826253691607000,32.9,1,32.8,27,32.95,9,1,2022-07-26 09:04:13
1658826253807868000,32.9,1,32.8,27,32.95,9,2,2022-07-26 09:04:13
1658826255173757000,32.85,1,32.8,27,32.85,1,1,2022-07-26 09:04:15
1658826255200080000,32.85,1,32.8,27,32.9,4,1,2022-07-26 09:04:15
1658826256297264000,32.9,2,32.85,1,32.9,2,1,2022-07-26 09:04:16
1658826256567905000,32.85,1,32.8,26,32.9,2,2,2022-07-26 09:04:16
1658826256930756000,32.85,1,32.8,26,32.9,2,1,2022-07-26 09:04:16
1658826258138908000,32.8,2,32.8,24,32.9,2,2,2022-07-26 09:04:18
1658826258318755000,32.8,20,32.8,4,32.85,2,2,2022-07-26 09:04:18
1658826258348091000,32.8,4,32.75,31,32.85,2,2,2022-07-26 09:04:18
1658826258363752000,32.8,1,32.8,4,32.85,4,1,2022-07-26 09:04:18
1658826258371080000,32.8,1,32.8,3,32.85,4,2,2022-07-26 09:04:18
1658826258385239000,32.8,1,32.8,2,32.85,4,2,2022-07-26 09:04:18
1658826258741351000,32.85,1,32.8,2,32.85,4,1,2022-07-26 09:04:18
1658826258851572000,32.8,2,32.75,31,32.85,4,2,2022-07-26 09:04:18
1658826259271005000,32.85,4,32.75,31,32.9,10,1,2022-07-26 09:04:19
1658826259518545000,32.9,1,32.75,33,32.9,9,1,2022-07-26 09:04:19
1658826259663691000,32.85,2,32.85,2,32.9,9,1,2022-07-26 09:04:19
1658826259938789000,32.9,1,32.9,2,32.95,9,1,2022-07-26 09:04:19
1658826260355777000,32.9,2,32.85,2,32.95,9,2,2022-07-26 09:04:20
1658826260585562000,32.85,2,32.75,35,32.8,8,2,2022-07-26 09:04:20
1658826260615068000,32.8,6,32.75,31,32.8,2,1,2022-07-26 09:04:20
1658826260637126000,32.75,1,32.75,30,32.8,2,2,2022-07-26 09:04:20
1658826260675767000,32.75,1,32.75,29,32.8,2,2,2022-07-26 09:04:20
1658826260954843000,32.75,29,32.7,9,32.8,3,2,2022-07-26 09:04:20
1658826260978666000,32.7,9,32.65,14,32.8,3,2,2022-07-26 09:04:20
1658826261139334000,32.75,5,32.65,14,32.75,2,1,2022-07-26 09:04:21
1658826261861754000,32.75,1,32.7,1,32.75,1,1,2022-07-26 09:04:21
1658826261893493000,32.75,1,32.7,1,32.8,6,1,2022-07-26 09:04:21
1658826262056104000,32.8,1,32.7,1,32.8,5,1,2022-07-26 09:04:22
1658826262303418000,32.75,2,32.7,1,32.8,5,1,2022-07-26 09:04:22
1658826263067043000,32.7,1,32.65,14,32.75,5,2,2022-07-26 09:04:23
1658826263194348000,32.75,5,32.85,14,32.9,12,1,2022-07-26 09:04:23
1658826263194348000,32.8,5,32.85,14,32.9,12,1,2022-07-26 09:04:23
1658826263194348000,32.85,6,32.85,14,32.9,12,1,2022-07-26 09:04:23
1658826263231436000,32.85,6,32.85,8,32.9,12,2,2022-07-26 09:04:23
1658826263231456000,32.85,8,32.65,14,32.9,12,2,2022-07-26 09:04:23
1658826264039547000,32.8,1,32.75,4,32.85,3,1,2022-07-26 09:04:24
1658826264086497000,32.85,3,32.75,4,32.9,8,1,2022-07-26 09:04:24
1658826264086497000,32.9,4,32.75,4,32.9,8,1,2022-07-26 09:04:24
1658826265190288000,32.8,1,32.7,1,32.85,2,2,2022-07-26 09:04:25
1658826265190288000,32.75,4,32.7,1,32.85,2,2,2022-07-26 09:04:25
1658826265359219000,32.85,4,32.7,2,32.85,10,1,2022-07-26 09:04:25
1658826265481254000,32.85,5,32.75,2,32.85,5,1,2022-07-26 09:04:25
1658826265484326000,32.75,2,32.65,16,32.85,5,2,2022-07-26 09:04:25
1658826265484326000,32.7,2,32.65,16,32.85,5,2,2022-07-26 09:04:25
1658826266131454000,32.8,1,32.75,3,32.8,3,1,2022-07-26 09:04:26
1658826266556429000,32.8,3,32.75,5,32.85,5,1,2022-07-26 09:04:26
1658826267565959000,32.85,2,32.75,6,32.85,2,1,2022-07-26 09:04:27
1658826267635120000,32.75,1,32.75,5,32.85,2,2,2022-07-26 09:04:27
1658826267961796000,32.85,1,32.75,5,32.85,1,1,2022-07-26 09:04:27
1658826268809099000,32.85,1,32.8,3,32.85,1,1,2022-07-26 09:04:28
1658826269123240000,32.8,2,32.8,1,32.85,2,2,2022-07-26 09:04:29
1658826269677674000,32.85,1,32.8,1,32.85,1,1,2022-07-26 09:04:29
1658826270832317000,32.85,2,32.8,3,32.85,7,1,2022-07-26 09:04:30
1658826271598408000,32.8,1,32.8,2,32.85,5,2,2022-07-26 09:04:31
1658826271872294000,32.85,5,32.8,3,32.9,17,1,2022-07-26 09:04:31
1658826272234759000,32.8,2,32.8,2,32.85,2,2,2022-07-26 09:04:32
1658826272874889000,32.8,1,32.8,2,32.85,3,2,2022-07-26 09:04:32
1658826273816285000,32.8,2,32.8,48,32.85,5,2,2022-07-26 09:04:33
1658826273858581000,32.8,1,32.8,50,32.85,5,2,2022-07-26 09:04:33
1658826274425523000,32.85,2,32.8,47,32.85,3,1,2022-07-26 09:04:34
1658826275096918000,32.85,1,32.8,47,32.85,5,1,2022-07-26 09:04:35
1658826275136442000,32.85,5,32.8,47,32.9,14,1,2022-07-26 09:04:35
1658826275136442000,32.9,3,32.8,47,32.9,14,1,2022-07-26 09:04:35
1658826275584596000,32.85,1,32.8,48,32.85,4,1,2022-07-26 09:04:35
1658826276005794000,32.85,3,32.8,48,32.85,1,1,2022-07-26 09:04:36
1658826276503484000,32.85,1,32.85,1,32.9,14,1,2022-07-26 09:04:36
1658826276650962000,32.9,5,32.85,2,32.9,9,1,2022-07-26 09:04:36
1658826277408307000,32.9,7,32.85,2,32.95,16,1,2022-07-26 09:04:37
1658826277836558000,32.9,2,32.85,2,32.95,15,1,2022-07-26 09:04:37
1658826277836558000,32.95,1,32.85,2,32.95,15,1,2022-07-26 09:04:37
1658826277947241000,32.85,1,32.85,2,32.95,15,2,2022-07-26 09:04:37
1658826278324604000,32.85,3,32.8,49,32.95,15,2,2022-07-26 09:04:38
1658826278371252000,32.95,5,32.8,49,32.95,10,1,2022-07-26 09:04:38
1658826278880338000,32.95,8,32.8,51,32.95,10,1,2022-07-26 09:04:38
1658826279047284000,32.8,1,32.8,50,32.95,2,2,2022-07-26 09:04:39
1658826279330213000,32.85,1,32.85,2,32.95,2,2,2022-07-26 09:04:39
1658826279766896000,32.85,1,32.8,55,32.85,49,2,2022-07-26 09:04:39
1658826280638603000,32.85,1,32.8,54,32.85,48,1,2022-07-26 09:04:40
1658826280817477000,32.85,1,32.8,54,32.85,47,1,2022-07-26 09:04:40
1658826280886289000,32.8,8,32.8,46,32.85,47,2,2022-07-26 09:04:40
1658826280912046000,32.8,1,32.8,45,32.85,47,2,2022-07-26 09:04:40
1658826280913117000,32.8,1,32.8,44,32.85,47,2,2022-07-26 09:04:40
1658826281117027000,32.85,1,32.8,44,32.85,46,1,2022-07-26 09:04:41
1658826281802877000,32.85,1,32.8,44,32.85,45,1,2022-07-26 09:04:41
1658826281966762000,32.85,1,32.8,44,32.85,44,1,2022-07-26 09:04:41
1658826282816320000,32.85,6,32.8,44,32.85,38,1,2022-07-26 09:04:42
1658826283163669000,32.8,2,32.8,42,32.85,38,2,2022-07-26 09:04:43
1658826283194328000,32.8,1,32.8,41,32.85,38,2,2022-07-26 09:04:43
1658826283891027000,32.8,1,32.8,42,32.85,38,2,2022-07-26 09:04:43
1658826283955523000,32.8,15,32.8,27,32.85,38,2,2022-07-26 09:04:43
1658826283992135000,32.8,7,32.8,20,32.85,38,2,2022-07-26 09:04:43
1658826283992192000,32.8,5,32.8,15,32.85,38,2,2022-07-26 09:04:43
1658826283992300000,32.8,15,32.75,17,32.85,38,2,2022-07-26 09:04:43
1658826284094049000,32.8,2,32.75,17,32.8,2,1,2022-07-26 09:04:44
1658826284125720000,32.8,2,32.75,17,32.85,38,1,2022-07-26 09:04:44
1658826284291987000,32.8,1,32.75,17,32.85,38,2,2022-07-26 09:04:44
1658826284311950000,32.85,1,32.75,17,32.85,37,1,2022-07-26 09:04:44
1658826284986443000,32.75,1,32.75,17,32.8,1,2,2022-07-26 09:04:44
1658826285218971000,32.8,1,32.75,16,32.8,1,1,2022-07-26 09:04:45
1658826285281249000,32.75,1,32.75,15,32.8,1,2,2022-07-26 09:04:45
1658826285358830000,32.8,1,32.75,15,32.85,36,1,2022-07-26 09:04:45
1658826285358830000,32.85,1,32.75,15,32.85,36,1,2022-07-26 09:04:45
1658826286532650000,32.85,1,32.75,15,32.85,40,1,2022-07-26 09:04:46
1658826286544084000,32.75,11,32.75,4,32.85,40,2,2022-07-26 09:04:46
1658826286629662000,32.8,1,32.75,4,32.8,3,1,2022-07-26 09:04:46
1658826286886604000,32.8,1,32.75,4,32.8,2,1,2022-07-26 09:04:46
1658826286924298000,32.75,1,32.75,4,32.8,4,2,2022-07-26 09:04:46
1658826287220355000,32.8,1,32.75,2,32.8,1,1,2022-07-26 09:04:47
1658826287477365000,32.8,1,32.8,1,32.85,40,1,2022-07-26 09:04:47
1658826287810884000,32.8,1,32.75,1,32.85,40,2,2022-07-26 09:04:47
1658826287810884000,32.75,1,32.75,1,32.85,40,2,2022-07-26 09:04:47
1658826289011021000,32.8,1,32.75,1,32.8,1,1,2022-07-26 09:04:49
1658826291971953000,32.8,1,32.75,1,32.8,4,1,2022-07-26 09:04:51
1658826291996348000,32.75,1,32.7,21,32.8,4,2,2022-07-26 09:04:51
1658826293157090000,32.8,4,32.8,6,32.85,42,1,2022-07-26 09:04:53
1658826293986028000,32.8,1,32.8,6,32.85,42,2,2022-07-26 09:04:53
1658826295131153000,32.85,3,32.8,6,32.85,39,1,2022-07-26 09:04:55
1658826297635235000,32.85,1,32.8,11,32.85,38,1,2022-07-26 09:04:57
1658826298166694000,32.85,1,32.8,13,32.85,37,1,2022-07-26 09:04:58
1658826299343974000,32.8,13,32.75,6,32.8,9,2,2022-07-26 09:04:59
1658826299368856000,32.75,1,32.75,5,32.8,9,2,2022-07-26 09:04:59
1658826299368996000,32.75,1,32.75,4,32.8,9,2,2022-07-26 09:04:59
1658826300244898000,32.8,2,32.75,4,32.8,8,1,2022-07-26 09:05:00
1658826300455012000,32.75,1,32.75,3,32.8,8,2,2022-07-26 09:05:00
1658826300556603000,32.75,3,32.7,42,32.75,6,2,2022-07-26 09:05:00
1658826300561689000,32.7,18,32.7,24,32.75,6,2,2022-07-26 09:05:00
1658826300569121000,32.7,19,32.7,5,32.75,6,2,2022-07-26 09:05:00
1658826300589196000,32.7,1,32.7,4,32.75,6,2,2022-07-26 09:05:00
1658826300595353000,32.7,1,32.7,3,32.75,8,2,2022-07-26 09:05:00
1658826300601107000,32.7,1,32.7,2,32.75,9,2,2022-07-26 09:05:00
1658826300610741000,32.7,1,32.7,1,32.75,9,2,2022-07-26 09:05:00
1658826300611235000,32.7,1,32.65,18,32.75,9,2,2022-07-26 09:05:00
1658826300827391000,32.7,1,32.65,18,32.7,11,1,2022-07-26 09:05:00
1658826300905887000,32.65,1,32.65,17,32.7,11,2,2022-07-26 09:05:00
1658826300940454000,32.65,17,32.6,42,32.7,11,2,2022-07-26 09:05:00
1658826301056856000,32.65,1,32.6,42,32.65,2,1,2022-07-26 09:05:01
1658826301073716000,32.65,1,32.6,42,32.65,1,1,2022-07-26 09:05:01
1658826301265535000,32.65,1,32.6,42,32.7,11,1,2022-07-26 09:05:01
1658826303768239000,32.65,1,32.6,42,32.65,3,1,2022-07-26 09:05:03
1658826303801697000,32.65,3,32.6,42,32.7,11,1,2022-07-26 09:05:03
1658826303805223000,32.6,1,32.6,41,32.7,11,2,2022-07-26 09:05:03
1658826304099321000,32.7,1,32.6,41,32.7,10,1,2022-07-26 09:05:04
1658826304321726000,32.7,10,32.6,41,32.75,14,1,2022-07-26 09:05:04
1658826306263664000,32.75,10,32.65,5,32.75,4,1,2022-07-26 09:05:06
1658826306379756000,32.75,4,32.65,5,32.8,13,1,2022-07-26 09:05:06
1658826306379756000,32.8,1,32.65,5,32.8,13,1,2022-07-26 09:05:06
1658826311691731000,32.7,1,32.7,1,32.75,4,2,2022-07-26 09:05:11
1658826311862873000,32.75,1,32.7,6,32.75,3,1,2022-07-26 09:05:11
1658826312252735000,32.7,1,32.7,5,32.75,3,2,2022-07-26 09:05:12
1658826312476869000,32.7,1,32.7,4,32.75,3,2,2022-07-26 09:05:12
1658826313780928000,32.7,4,32.65,21,32.7,6,2,2022-07-26 09:05:13
1658826313908235000,32.7,1,32.65,21,32.7,5,1,2022-07-26 09:05:13
1658826314070236000,32.7,2,32.65,21,32.7,3,1,2022-07-26 09:05:14
1658826314102182000,32.7,3,32.65,21,32.75,3,1,2022-07-26 09:05:14
1658826317277454000,32.7,9,32.7,1,32.75,3,1,2022-07-26 09:05:17
1658826317306702000,32.7,1,32.65,21,32.75,3,2,2022-07-26 09:05:17
1658826318153323000,32.75,3,32.7,2,32.8,13,1,2022-07-26 09:05:18
1658826318153323000,32.8,2,32.7,2,32.8,13,1,2022-07-26 09:05:18
1658826318981338000,32.7,2,32.65,3,32.8,13,2,2022-07-26 09:05:18
1658826318981338000,32.65,18,32.65,3,32.8,13,2,2022-07-26 09:05:18
1658826319349528000,32.7,1,32.65,3,32.75,6,2,2022-07-26 09:05:19
1658826320827906000,32.75,1,32.7,8,32.75,6,1,2022-07-26 09:05:20
1658826322545367000,32.75,1,32.7,11,32.75,5,1,2022-07-26 09:05:22
1658826323114599000,32.7,2,32.7,10,32.75,4,2,2022-07-26 09:05:23
1658826323940349000,32.75,1,32.7,10,32.75,3,1,2022-07-26 09:05:23
1658826324940951000,32.75,3,32.7,10,32.8,12,1,2022-07-26 09:05:24
1658826324940951000,32.8,1,32.7,10,32.8,12,1,2022-07-26 09:05:24
1658826324975005000,32.8,2,32.7,10,32.8,10,1,2022-07-26 09:05:24
1658826325960282000,32.7,1,32.7,12,32.75,5,2,2022-07-26 09:05:25
1658826327046601000,32.7,11,32.65,4,32.7,40,2,2022-07-26 09:05:27
1658826327072032000,32.65,2,32.65,2,32.7,40,2,2022-07-26 09:05:27
1658826327078371000,32.65,1,32.65,1,32.7,40,2,2022-07-26 09:05:27
1658826327093975000,32.65,1,32.6,43,32.7,40,2,2022-07-26 09:05:27
1658826327403995000,32.65,1,32.6,43,32.7,39,1,2022-07-26 09:05:27
1658826327403995000,32.7,1,32.6,43,32.7,39,1,2022-07-26 09:05:27
1658826329168611000,32.65,1,32.6,44,32.7,39,1,2022-07-26 09:05:29
1658826330581566000,32.6,1,32.6,43,32.7,39,2,2022-07-26 09:05:30
1658826331358833000,32.65,1,32.6,43,32.7,35,1,2022-07-26 09:05:31
1658826331358833000,32.7,4,32.6,43,32.7,35,1,2022-07-26 09:05:31
1658826333438927000,32.7,1,32.65,1,32.7,34,1,2022-07-26 09:05:33
1658826333465364000,32.7,34,32.65,3,32.75,13,1,2022-07-26 09:05:33
1658826333490474000,32.65,1,32.65,2,32.7,1,2,2022-07-26 09:05:33
1658826335294780000,32.65,2,32.65,1,32.7,8,2,2022-07-26 09:05:35
1658826336408018000,32.65,1,32.6,47,32.7,8,2,2022-07-26 09:05:36
1658826336408018000,32.6,1,32.6,47,32.7,8,2,2022-07-26 09:05:36
1658826337340301000,32.65,1,32.6,47,32.65,2,1,2022-07-26 09:05:37
1658826338232517000,32.65,2,32.6,57,32.65,1,1,2022-07-26 09:05:38
1658826338693848000,32.6,1,32.6,56,32.65,1,2,2022-07-26 09:05:38
1658826340111464000,32.65,2,32.6,56,32.7,26,1,2022-07-26 09:05:40
1658826340573910000,32.65,1,32.65,9,32.7,26,2,2022-07-26 09:05:40
1658826340573927000,32.65,1,32.65,8,32.7,26,2,2022-07-26 09:05:40
1658826340585041000,32.65,1,32.65,7,32.7,26,2,2022-07-26 09:05:40
1658826340611793000,32.65,1,32.65,6,32.7,26,2,2022-07-26 09:05:40
1658826340707271000,32.65,1,32.65,5,32.7,26,2,2022-07-26 09:05:40
1658826341192702000,32.65,1,32.65,4,32.7,26,2,2022-07-26 09:05:41
1658826342220461000,32.65,5,32.6,57,32.65,5,2,2022-07-26 09:05:42
1658826342589403000,32.65,1,32.6,57,32.65,4,1,2022-07-26 09:05:42
1658826344303693000,32.65,1,32.6,57,32.65,6,1,2022-07-26 09:05:44
1658826346429052000,32.6,57,32.5,45,32.65,5,2,2022-07-26 09:05:46
1658826346429052000,32.55,10,32.5,45,32.65,5,2,2022-07-26 09:05:46
1658826346429052000,32.5,33,32.5,45,32.65,5,2,2022-07-26 09:05:46
1658826346495993000,32.5,6,32.5,39,32.6,9,2,2022-07-26 09:05:46
1658826346496018000,32.5,7,32.5,32,32.6,9,2,2022-07-26 09:05:46
1658826346516335000,32.5,2,32.5,30,32.6,12,2,2022-07-26 09:05:46
1658826346516351000,32.5,2,32.5,28,32.6,12,2,2022-07-26 09:05:46
1658826346516355000,32.5,5,32.5,23,32.6,12,2,2022-07-26 09:05:46
1658826346516397000,32.5,3,32.5,20,32.6,12,2,2022-07-26 09:05:46
1658826346516414000,32.5,5,32.5,15,32.6,12,2,2022-07-26 09:05:46
1658826346516615000,32.5,15,32.45,2,32.6,12,2,2022-07-26 09:05:46
1658826346591124000,32.45,2,32.4,6,32.55,4,2,2022-07-26 09:05:46
1658826346591124000,32.4,1,32.4,6,32.55,4,2,2022-07-26 09:05:46
1658826347272840000,32.5,1,32.4,6,32.55,3,1,2022-07-26 09:05:47
1658826347272840000,32.55,1,32.4,6,32.55,3,1,2022-07-26 09:05:47
1658826349148647000,32.55,1,32.4,6,32.55,2,1,2022-07-26 09:05:49
1658826349503593000,32.4,1,32.4,5,32.5,1,2,2022-07-26 09:05:49
1658826349533133000,32.4,3,32.4,2,32.5,1,2,2022-07-26 09:05:49
1658826349535724000,32.4,2,32.35,48,32.5,1,2,2022-07-26 09:05:49
1658826349535724000,32.35,1,32.35,48,32.5,1,2,2022-07-26 09:05:49
1658826350479884000,32.5,1,32.35,48,32.5,2,1,2022-07-26 09:05:50
1658826351278244000,32.35,8,32.35,40,32.5,1,2,2022-07-26 09:05:51
1658826351415978000,32.45,1,32.35,40,32.5,3,1,2022-07-26 09:05:51
1658826351819227000,32.5,1,32.35,40,32.5,2,1,2022-07-26 09:05:51
1658826352298713000,32.5,2,32.35,40,32.55,2,1,2022-07-26 09:05:52
1658826353770261000,32.35,1,32.35,39,32.45,1,2,2022-07-26 09:05:53
1658826354228886000,32.35,6,32.35,33,32.45,2,2,2022-07-26 09:05:54
1658826354233510000,32.35,1,32.35,32,32.45,2,2,2022-07-26 09:05:54
1658826354517531000,32.35,1,32.35,31,32.4,2,2,2022-07-26 09:05:54
1658826356060057000,32.35,1,32.35,39,32.4,2,2,2022-07-26 09:05:56
1658826356088358000,32.35,1,32.35,38,32.4,2,2,2022-07-26 09:05:56
1658826356556440000,32.4,1,32.35,38,32.4,1,1,2022-07-26 09:05:56
1658826356923218000,32.4,1,32.35,38,32.45,2,1,2022-07-26 09:05:56
1658826357801747000,32.35,1,32.35,37,32.45,2,2,2022-07-26 09:05:57
1658826357965540000,32.45,1,32.4,2,32.45,2,1,2022-07-26 09:05:57
1658826358086706000,32.4,1,32.4,1,32.45,1,2,2022-07-26 09:05:58
1658826359106123000,32.4,1,32.4,1,32.45,1,2,2022-07-26 09:05:59
1658826361134045000,32.4,1,32.4,2,32.45,1,2,2022-07-26 09:06:01
1658826361576917000,32.45,1,32.4,4,32.55,1,1,2022-07-26 09:06:01
1658826361576917000,32.5,2,32.4,4,32.55,1,1,2022-07-26 09:06:01
1658826361576917000,32.55,1,32.4,4,32.55,1,1,2022-07-26 09:06:01
1658826362571705000,32.55,1,32.45,1,32.55,1,1,2022-07-26 09:06:02
1658826362571705000,32.6,1,32.45,1,32.55,1,1,2022-07-26 09:06:02
1658826362792380000,32.6,1,32.45,1,32.6,11,1,2022-07-26 09:06:02
1658826363804248000,32.45,1,32.45,1,32.6,11,2,2022-07-26 09:06:03
1658826363861399000,32.45,1,32.4,8,32.55,1,2,2022-07-26 09:06:03
1658826363861399000,32.4,1,32.4,8,32.55,1,2,2022-07-26 09:06:03
1658826366102720000,32.55,1,32.4,10,32.55,3,1,2022-07-26 09:06:06
1658826366477027000,32.45,1,32.4,11,32.6,11,1,2022-07-26 09:06:06
1658826369403944000,32.5,1,32.45,8,32.6,11,1,2022-07-26 09:06:09
1658826374502434000,32.5,5,32.45,20,32.5,15,2,2022-07-26 09:06:14
1658826375682061000,32.5,1,32.45,21,32.5,14,1,2022-07-26 09:06:15
1658826375708608000,32.5,3,32.45,21,32.5,11,1,2022-07-26 09:06:15
1658826375731876000,32.5,4,32.45,21,32.5,7,1,2022-07-26 09:06:15
1658826375765146000,32.5,7,32.45,21,32.6,12,1,2022-07-26 09:06:15
1658826375798030000,32.6,3,32.45,21,32.6,9,1,2022-07-26 09:06:15
1658826376828311000,32.5,1,32.45,21,32.5,1,2,2022-07-26 09:06:16
1658826376854660000,32.5,1,32.45,21,32.6,9,1,2022-07-26 09:06:16
1658826377485363000,32.6,1,32.55,2,32.6,8,1,2022-07-26 09:06:17
1658826377632526000,32.6,1,32.55,2,32.6,7,1,2022-07-26 09:06:17
1658826378205911000,32.55,2,32.45,23,32.5,1,2,2022-07-26 09:06:18
1658826378230674000,32.5,1,32.45,23,32.6,7,1,2022-07-26 09:06:18
1658826383333542000,32.6,2,32.5,17,32.6,5,1,2022-07-26 09:06:23
1658826383690955000,32.6,5,32.5,27,32.65,47,1,2022-07-26 09:06:23
1658826384011294000,32.65,1,32.55,1,32.65,47,1,2022-07-26 09:06:24
1658826384217224000,32.55,1,32.5,27,32.65,46,2,2022-07-26 09:06:24
1658826385883696000,32.6,1,32.55,2,32.65,46,2,2022-07-26 09:06:25
1658826387113986000,32.55,1,32.55,1,32.65,46,2,2022-07-26 09:06:27
1658826387126550000,32.65,10,32.55,1,32.65,36,1,2022-07-26 09:06:27
1658826388064517000,32.6,1,32.6,1,32.65,36,2,2022-07-26 09:06:28
1658826390493129000,32.6,1,32.55,3,32.65,36,2,2022-07-26 09:06:30
1658826390912413000,32.55,1,32.55,2,32.65,36,2,2022-07-26 09:06:30
1658826391150770000,32.55,1,32.55,1,32.65,36,2,2022-07-26 09:06:31
1658826395398717000,32.6,1,32.6,7,32.65,37,2,2022-07-26 09:06:35
1658826395464019000,32.6,7,32.5,30,32.55,6,2,2022-07-26 09:06:35
1658826395464019000,32.55,2,32.5,30,32.55,6,2,2022-07-26 09:06:35
1658826396249274000,32.55,1,32.5,30,32.55,5,1,2022-07-26 09:06:36
1658826396713893000,32.55,5,32.5,30,32.6,5,1,2022-07-26 09:06:36
1658826397136340000,32.6,5,32.6,5,32.65,37,1,2022-07-26 09:06:37
1658826398050387000,32.6,2,32.6,3,32.65,37,2,2022-07-26 09:06:38
1658826398092276000,32.6,3,32.5,30,32.6,3,2,2022-07-26 09:06:38
1658826398562253000,32.6,8,32.55,3,32.6,3,1,2022-07-26 09:06:38
1658826398602761000,32.55,1,32.55,3,32.6,4,2,2022-07-26 09:06:38
1658826399071617000,32.6,2,32.55,2,32.6,2,1,2022-07-26 09:06:39
1658826400542477000,32.6,2,32.55,3,32.65,37,1,2022-07-26 09:06:40
1658826400663210000,32.65,1,32.6,1,32.65,36,1,2022-07-26 09:06:40
1658826401619771000,32.65,11,32.6,2,32.65,25,1,2022-07-26 09:06:41
1658826401757497000,32.65,1,32.6,2,32.65,24,1,2022-07-26 09:06:41
1658826403524683000,32.6,1,32.6,4,32.65,24,2,2022-07-26 09:06:43
1658826404424642000,32.65,24,32.65,6,32.7,26,1,2022-07-26 09:06:44
1658826404539594000,32.65,3,32.65,3,32.7,26,2,2022-07-26 09:06:44
1658826405219692000,32.7,1,32.65,3,32.7,25,1,2022-07-26 09:06:45
1658826405979879000,32.7,1,32.65,3,32.7,24,1,2022-07-26 09:06:45
1658826408183419000,32.7,1,32.65,4,32.7,23,1,2022-07-26 09:06:48
1658826408973385000,32.7,1,32.65,4,32.7,23,1,2022-07-26 09:06:48
1658826409892106000,32.7,1,32.65,4,32.7,21,1,2022-07-26 09:06:49
1658826411667153000,32.7,1,32.65,7,32.7,20,1,2022-07-26 09:06:51
1658826411695024000,32.65,6,32.65,1,32.7,20,2,2022-07-26 09:06:51
1658826411696781000,32.65,1,32.6,15,32.7,20,2,2022-07-26 09:06:51
1658826413088260000,32.7,1,32.6,15,32.7,19,1,2022-07-26 09:06:53
1658826413104642000,32.7,5,32.6,15,32.7,14,1,2022-07-26 09:06:53
1658826413603614000,32.7,1,32.65,2,32.7,14,1,2022-07-26 09:06:53
1658826414946522000,32.65,1,32.65,8,32.7,13,2,2022-07-26 09:06:54
1658826415587530000,32.7,2,32.65,8,32.7,11,1,2022-07-26 09:06:55
1658826415592451000,32.7,1,32.65,8,32.7,10,1,2022-07-26 09:06:55
1658826416306718000,32.7,2,32.65,8,32.7,8,1,2022-07-26 09:06:56
1658826416564164000,32.7,8,32.7,2,32.8,26,1,2022-07-26 09:06:56
1658826416887117000,32.8,1,32.7,2,32.8,25,1,2022-07-26 09:06:56
1658826417573135000,32.7,1,32.7,3,32.8,25,2,2022-07-26 09:06:57
1658826419498557000,32.8,4,32.7,2,32.8,22,1,2022-07-26 09:06:59
1658826423113291000,32.8,5,32.75,4,32.8,22,1,2022-07-26 09:07:03
1658826423463403000,32.8,1,32.75,4,32.8,16,1,2022-07-26 09:07:03
1658826423468339000,32.75,4,32.7,7,32.75,5,2,2022-07-26 09:07:03
1658826423610244000,32.7,7,32.7,7,32.75,41,2,2022-07-26 09:07:03
1658826424168641000,32.75,1,32.65,16,32.75,40,1,2022-07-26 09:07:04
1658826425298945000,32.7,1,32.65,16,32.75,40,2,2022-07-26 09:07:05
1658826425735539000,32.65,1,32.65,15,32.75,40,2,2022-07-26 09:07:05
1658826426227739000,32.75,2,32.7,1,32.75,38,1,2022-07-26 09:07:06
1658826426864650000,32.75,1,32.7,1,32.75,37,1,2022-07-26 09:07:06
1658826427037262000,32.75,5,32.7,2,32.75,32,1,2022-07-26 09:07:07
1658826427789118000,32.75,1,32.7,2,32.75,31,1,2022-07-26 09:07:07
1658826427793946000,32.7,2,32.65,15,32.75,31,2,2022-07-26 09:07:07
1658826429881750000,32.75,1,32.65,15,32.75,30,1,2022-07-26 09:07:09
1658826430108004000,32.75,1,32.65,15,32.75,29,1,2022-07-26 09:07:10
1658826430853894000,32.75,1,32.65,15,32.75,28,1,2022-07-26 09:07:10
1658826432050729000,32.75,1,32.7,1,32.75,27,1,2022-07-26 09:07:12
1658826432417402000,32.75,1,32.7,1,32.75,26,1,2022-07-26 09:07:12
1658826432584342000,32.75,1,32.7,1,32.75,25,1,2022-07-26 09:07:12
1658826435711987000,32.7,7,32.65,11,32.75,25,2,2022-07-26 09:07:15
1658826435711987000,32.65,3,32.65,11,32.75,25,2,2022-07-26 09:07:15
1658826436079537000,32.7,1,32.65,11,32.75,25,1,2022-07-26 09:07:16
1658826436221151000,32.7,1,32.65,10,32.75,25,2,2022-07-26 09:07:16
1658826437494605000,32.7,1,32.7,9,32.75,25,2,2022-07-26 09:07:17
1658826438103213000,32.7,1,32.7,8,32.75,25,2,2022-07-26 09:07:18
1658826438280267000,32.7,1,32.7,7,32.75,25,2,2022-07-26 09:07:18
1658826439278894000,32.7,1,32.7,6,32.75,25,2,2022-07-26 09:07:19
1658826439654944000,32.7,1,32.7,5,32.75,25,2,2022-07-26 09:07:19
1658826439690541000,32.7,1,32.7,4,32.75,25,2,2022-07-26 09:07:19
1658826439740500000,32.7,1,32.7,3,32.75,25,2,2022-07-26 09:07:19
1658826441319751000,32.7,1,32.7,4,32.75,25,2,2022-07-26 09:07:21
1658826441352182000,32.7,4,32.65,25,32.75,25,2,2022-07-26 09:07:21
1658826442874282000,32.7,1,32.65,35,32.75,25,1,2022-07-26 09:07:22
1658826443551136000,32.7,2,32.65,35,32.75,27,2,2022-07-26 09:07:23
1658826447573841000,32.7,10,32.65,35,32.7,3,1,2022-07-26 09:07:27
1658826447620369000,32.65,1,32.65,35,32.7,13,2,2022-07-26 09:07:27
1658826449434110000,32.7,1,32.65,34,32.7,2,1,2022-07-26 09:07:29
1658826449902488000,32.7,1,32.65,34,32.7,1,1,2022-07-26 09:07:29
1658826450527019000,32.7,2,32.7,8,32.75,25,1,2022-07-26 09:07:30
1658826451343466000,32.7,8,32.65,34,32.7,22,2,2022-07-26 09:07:31
1658826451827831000,32.7,3,32.65,35,32.7,19,1,2022-07-26 09:07:31
1658826452214644000,32.7,5,32.65,35,32.7,14,1,2022-07-26 09:07:32
1658826452666583000,32.7,1,32.65,35,32.7,13,1,2022-07-26 09:07:32
1658826452705404000,32.65,1,32.65,34,32.7,13,2,2022-07-26 09:07:32
1658826455010014000,32.7,1,32.65,34,32.7,19,1,2022-07-26 09:07:35
1658826455781781000,32.65,2,32.65,32,32.7,19,2,2022-07-26 09:07:35
1658826455840966000,32.65,1,32.65,31,32.7,19,2,2022-07-26 09:07:35
1658826456309158000,32.7,10,32.65,31,32.7,9,1,2022-07-26 09:07:36
1658826456389721000,32.7,2,32.65,31,32.7,7,1,2022-07-26 09:07:36
1658826457580100000,32.7,7,32.7,3,32.75,25,1,2022-07-26 09:07:37
1658826457786177000,32.7,3,32.65,32,32.7,2,2,2022-07-26 09:07:37
1658826459496096000,32.65,4,32.65,29,32.75,25,2,2022-07-26 09:07:39
1658826459515805000,32.75,10,32.65,29,32.75,15,1,2022-07-26 09:07:39
1658826459555409000,32.7,2,32.65,29,32.7,1,1,2022-07-26 09:07:39
1658826460132274000,32.7,1,32.65,29,32.7,10,1,2022-07-26 09:07:40
1658826460677522000,32.7,1,32.65,29,32.7,10,1,2022-07-26 09:07:40
1658826460678725000,32.7,2,32.65,29,32.7,8,1,2022-07-26 09:07:40
1658826460795769000,32.7,1,32.65,29,32.7,7,1,2022-07-26 09:07:40
1658826461040729000,32.7,1,32.65,29,32.7,6,1,2022-07-26 09:07:41
1658826461605975000,32.7,6,32.7,4,32.75,15,1,2022-07-26 09:07:41
1658826464109041000,32.7,1,32.7,5,32.75,15,2,2022-07-26 09:07:44
1658826469039705000,32.7,8,32.65,29,32.7,2,2,2022-07-26 09:07:49
1658826469079756000,32.65,1,32.65,28,32.7,2,2,2022-07-26 09:07:49
1658826469831736000,32.7,1,32.65,28,32.7,6,1,2022-07-26 09:07:49
1658826470399320000,32.7,2,32.65,28,32.7,4,1,2022-07-26 09:07:50
1658826472915166000,32.7,1,32.65,28,32.7,3,1,2022-07-26 09:07:52
1658826472982730000,32.7,1,32.65,28,32.7,2,1,2022-07-26 09:07:52
1658826474031393000,32.7,2,32.65,28,32.75,15,1,2022-07-26 09:07:54
1658826474896493000,32.65,1,32.65,27,32.75,15,2,2022-07-26 09:07:54
1658826476526596000,32.7,13,32.7,17,32.75,15,1,2022-07-26 09:07:56
1658826478770237000,32.7,5,32.7,12,32.75,15,2,2022-07-26 09:07:58
1658826478806349000,32.7,12,32.65,29,32.75,15,2,2022-07-26 09:07:58
1658826479756199000,32.7,1,32.7,1,32.75,15,2,2022-07-26 09:07:59
1658826482049945000,32.7,1,32.7,4,32.75,15,2,2022-07-26 09:08:02
1658826483407087000,32.7,3,32.7,1,32.75,15,2,2022-07-26 09:08:03
1658826483590082000,32.7,1,32.65,28,32.75,15,2,2022-07-26 09:08:03
1658826483590082000,32.65,1,32.65,28,32.75,15,2,2022-07-26 09:08:03
1658826484139743000,32.65,2,32.65,26,32.7,11,2,2022-07-26 09:08:04
1658826492596394000,32.65,11,32.65,15,32.7,1,2,2022-07-26 09:08:12
1658826492626930000,32.65,1,32.65,14,32.7,1,2,2022-07-26 09:08:12
1658826493180471000,32.65,1,32.65,13,32.7,3,2,2022-07-26 09:08:13
1658826498539852000,32.65,1,32.65,12,32.7,6,2,2022-07-26 09:08:18
1658826501430779000,32.65,11,32.65,1,32.7,7,2,2022-07-26 09:08:21
1658826501462126000,32.65,1,32.6,29,32.7,7,2,2022-07-26 09:08:21
1658826502471314000,32.6,10,32.6,19,32.65,5,2,2022-07-26 09:08:22
1658826502486481000,32.6,18,32.6,1,32.65,5,2,2022-07-26 09:08:22
1658826502507968000,32.6,1,32.55,11,32.65,6,2,2022-07-26 09:08:22
1658826503090329000,32.55,1,32.55,10,32.6,7,2,2022-07-26 09:08:23
1658826507737787000,32.55,5,32.55,5,32.6,9,2,2022-07-26 09:08:27
1658826507775690000,32.55,1,32.55,4,32.6,11,2,2022-07-26 09:08:27
1658826507802605000,32.55,1,32.55,4,32.6,12,2,2022-07-26 09:08:27
1658826510860039000,32.55,3,32.5,50,32.55,7,2,2022-07-26 09:08:30
1658826510921560000,32.5,1,32.5,49,32.55,12,2,2022-07-26 09:08:30
1658826511028574000,32.55,1,32.5,49,32.55,12,1,2022-07-26 09:08:31
1658826511719342000,32.5,1,32.5,48,32.55,17,2,2022-07-26 09:08:31
1658826511767646000,32.5,1,32.5,47,32.55,17,2,2022-07-26 09:08:31
1658826511811412000,32.5,3,32.5,44,32.55,17,2,2022-07-26 09:08:31
1658826511845341000,32.5,1,32.5,43,32.55,17,2,2022-07-26 09:08:31
1658826511846783000,32.5,1,32.5,42,32.55,17,2,2022-07-26 09:08:31
1658826511930810000,32.55,2,32.5,49,32.55,17,1,2022-07-26 09:08:31
1658826516095783000,32.55,1,32.5,43,32.55,14,1,2022-07-26 09:08:36
1658826516136781000,32.5,1,32.5,42,32.55,14,2,2022-07-26 09:08:36
1658826516368191000,32.5,1,32.5,41,32.55,17,2,2022-07-26 09:08:36
1658826516598542000,32.55,1,32.5,42,32.55,17,1,2022-07-26 09:08:36
1658826517956100000,32.55,1,32.5,42,32.55,15,1,2022-07-26 09:08:37
1658826519710753000,32.5,1,32.5,51,32.55,15,2,2022-07-26 09:08:39
1658826519778045000,32.55,1,32.5,51,32.55,14,1,2022-07-26 09:08:39
1658826521076962000,32.55,1,32.5,52,32.55,13,1,2022-07-26 09:08:41
1658826522182301000,32.55,1,32.5,57,32.55,12,1,2022-07-26 09:08:42
1658826522220231000,32.5,1,32.5,56,32.55,12,2,2022-07-26 09:08:42
1658826522240936000,32.5,1,32.5,55,32.55,12,2,2022-07-26 09:08:42
1658826522449319000,32.55,1,32.5,55,32.55,11,1,2022-07-26 09:08:42
1658826522859930000,32.55,5,32.5,55,32.55,6,1,2022-07-26 09:08:42
1658826525733353000,32.55,1,32.5,52,32.55,5,1,2022-07-26 09:08:45
1658826525752452000,32.5,1,32.5,51,32.55,5,2,2022-07-26 09:08:45
1658826525856712000,32.55,5,32.5,51,32.6,13,1,2022-07-26 09:08:45
1658826526524135000,32.55,2,32.5,51,32.6,9,1,2022-07-26 09:08:46
1658826526558634000,32.6,3,32.5,51,32.6,6,1,2022-07-26 09:08:46
1658826527650969000,32.55,1,32.5,50,32.55,3,1,2022-07-26 09:08:47
1658826528050388000,32.55,1,32.5,50,32.55,2,1,2022-07-26 09:08:48
1658826528078434000,32.55,2,32.5,50,32.6,4,1,2022-07-26 09:08:48
1658826528101305000,32.6,4,32.5,50,32.65,14,1,2022-07-26 09:08:48
1658826528133370000,32.55,1,32.5,50,32.55,1,1,2022-07-26 09:08:48
1658826528133591000,32.55,1,32.5,50,32.65,14,1,2022-07-26 09:08:48
1658826538448403000,32.55,5,32.55,15,32.6,3,2,2022-07-26 09:08:58
1658826540338187000,32.55,1,32.55,19,32.6,4,2,2022-07-26 09:09:00
1658826540842583000,32.55,15,32.55,4,32.6,4,2,2022-07-26 09:09:00
1658826541612806000,32.55,4,32.5,51,32.55,36,2,2022-07-26 09:09:01
1658826541905870000,32.55,5,32.5,51,32.55,35,1,2022-07-26 09:09:01
1658826541940540000,32.5,1,32.5,51,32.55,40,2,2022-07-26 09:09:01
1658826544352093000,32.5,1,32.5,49,32.55,35,2,2022-07-26 09:09:04
1658826544382616000,32.5,49,32.45,16,32.55,35,2,2022-07-26 09:09:04
1658826544471000000,32.45,2,32.45,14,32.5,9,2,2022-07-26 09:09:04
1658826544471044000,32.45,2,32.45,12,32.5,9,2,2022-07-26 09:09:04
1658826544493404000,32.45,1,32.45,11,32.5,9,2,2022-07-26 09:09:04
1658826544543687000,32.45,1,32.45,10,32.5,9,2,2022-07-26 09:09:04
1658826544549089000,32.45,6,32.45,4,32.5,9,2,2022-07-26 09:09:04
1658826544581311000,32.45,1,32.45,3,32.5,10,2,2022-07-26 09:09:04
1658826545479148000,32.45,2,32.45,1,32.5,12,2,2022-07-26 09:09:05
1658826545481093000,32.45,1,32.4,20,32.5,12,2,2022-07-26 09:09:05
1658826546741741000,32.45,1,32.4,20,32.5,17,1,2022-07-26 09:09:06
1658826548525141000,32.5,10,32.4,20,32.5,6,1,2022-07-26 09:09:08
1658826548562335000,32.5,6,32.4,20,32.55,31,1,2022-07-26 09:09:08
1658826551039097000,32.4,1,32.4,18,32.55,31,2,2022-07-26 09:09:11
1658826551287853000,32.5,1,32.5,9,32.55,33,1,2022-07-26 09:09:11
1658826552481507000,32.5,1,32.5,8,32.55,33,2,2022-07-26 09:09:12
1658826552720322000,32.55,20,32.5,8,32.55,11,1,2022-07-26 09:09:12
1658826556714540000,32.55,1,32.5,8,32.55,10,1,2022-07-26 09:09:16
1658826556745832000,32.55,10,32.5,8,32.6,5,1,2022-07-26 09:09:16
1658826556964689000,32.5,7,32.5,1,32.6,5,2,2022-07-26 09:09:16
1658826560023018000,32.5,1,32.5,1,32.6,7,2,2022-07-26 09:09:20
1658826560937535000,32.5,1,32.5,1,32.6,9,2,2022-07-26 09:09:20
1658826562355173000,32.45,1,32.4,34,32.55,2,2,2022-07-26 09:09:22
1658826565201409000,32.5,1,32.5,1,32.55,2,1,2022-07-26 09:09:25
1658826565228796000,32.5,1,32.45,3,32.55,2,2,2022-07-26 09:09:25
1658826568286599000,32.45,1,32.45,3,32.5,1,2,2022-07-26 09:09:28
1658826569395948000,32.5,5,32.45,4,32.5,1,1,2022-07-26 09:09:29
1658826569508607000,32.5,1,32.45,4,32.55,2,1,2022-07-26 09:09:29
1658826569541557000,32.55,2,32.45,4,32.6,12,1,2022-07-26 09:09:29
1658826570050136000,32.45,1,32.45,4,32.6,12,2,2022-07-26 09:09:30
1658826570721664000,32.45,1,32.45,3,32.5,1,2,2022-07-26 09:09:30
1658826571333457000,32.45,1,32.45,2,32.5,1,2,2022-07-26 09:09:31
1658826571755471000,32.5,2,32.45,6,32.55,1,1,2022-07-26 09:09:31
1658826574234655000,32.5,1,32.5,2,32.55,1,2,2022-07-26 09:09:34
1658826574407367000,32.5,2,32.4,37,32.55,1,2,2022-07-26 09:09:34
1658826574407367000,32.45,7,32.4,37,32.55,1,2,2022-07-26 09:09:34
1658826574407367000,32.4,1,32.4,37,32.55,1,2,2022-07-26 09:09:34
1658826576060620000,32.5,2,32.4,36,32.5,1,1,2022-07-26 09:09:36
1658826576097308000,32.5,1,32.4,36,32.55,9,1,2022-07-26 09:09:36
1658826576443953000,32.5,1,32.4,35,32.5,4,1,2022-07-26 09:09:36
1658826577359112000,32.45,1,32.4,35,32.45,4,2,2022-07-26 09:09:37
1658826577390078000,32.45,4,32.4,35,32.5,3,1,2022-07-26 09:09:37
1658826577401314000,32.4,1,32.4,34,32.5,3,2,2022-07-26 09:09:37
1658826580379885000,32.4,1,32.4,34,32.45,1,2,2022-07-26 09:09:40
1658826581128726000,32.45,1,32.4,34,32.5,3,1,2022-07-26 09:09:41
1658826581151499000,32.5,3,32.4,34,32.55,5,1,2022-07-26 09:09:41
1658826582643663000,32.4,15,32.4,21,32.55,8,2,2022-07-26 09:09:42
1658826586887913000,32.45,1,32.4,21,32.45,7,2,2022-07-26 09:09:46
1658826586905489000,32.4,1,32.4,20,32.45,7,2,2022-07-26 09:09:46
1658826586925462000,32.4,1,32.4,19,32.45,11,2,2022-07-26 09:09:46
1658826587392859000,32.4,5,32.4,20,32.45,11,2,2022-07-26 09:09:47
1658826587460411000,32.4,1,32.4,14,32.45,11,2,2022-07-26 09:09:47
1658826587497752000,32.4,1,32.4,13,32.45,11,2,2022-07-26 09:09:47
1658826589893467000,32.4,1,32.4,17,32.45,11,2,2022-07-26 09:09:49
1658826590841877000,32.4,1,32.4,16,32.45,11,2,2022-07-26 09:09:50
1658826591471611000,32.4,2,32.4,14,32.45,13,2,2022-07-26 09:09:51
1658826591711229000,32.4,1,32.4,13,32.45,13,2,2022-07-26 09:09:51
1658826591725342000,32.4,1,32.4,12,32.45,13,2,2022-07-26 09:09:51
1658826592379324000,32.45,1,32.4,12,32.45,12,1,2022-07-26 09:09:52
1658826598795483000,32.4,1,32.4,16,32.45,12,2,2022-07-26 09:09:58
1658826598966962000,32.45,10,32.4,16,32.45,2,1,2022-07-26 09:09:58
1658826598998638000,32.45,2,32.4,16,32.5,15,1,2022-07-26 09:09:58
1658826599031899000,32.4,1,32.4,15,32.5,15,2,2022-07-26 09:09:59
1658826600805139000,32.5,1,32.45,7,32.5,14,1,2022-07-26 09:10:00
1658826600876444000,32.5,10,32.45,7,32.55,13,1,2022-07-26 09:10:00
1658826601752082000,32.45,7,32.4,18,32.55,9,2,2022-07-26 09:10:01
1658826601752082000,32.4,1,32.4,18,32.55,9,2,2022-07-26 09:10:01
1658826601937078000,32.5,1,32.5,1,32.55,11,1,2022-07-26 09:10:01
1658826602809624000,32.55,5,32.5,1,32.55,6,1,2022-07-26 09:10:02
1658826602909044000,32.55,6,32.5,1,32.6,14,1,2022-07-26 09:10:02
1658826602994361000,32.6,12,32.5,1,32.65,7,1,2022-07-26 09:10:02
1658826603216816000,32.65,2,32.4,21,32.65,5,1,2022-07-26 09:10:03
1658826603238068000,32.65,5,32.4,19,32.7,37,1,2022-07-26 09:10:03
1658826604516386000,32.45,1,32.4,21,32.7,43,2,2022-07-26 09:10:04
1658826606454680000,32.65,1,32.5,3,32.65,1,1,2022-07-26 09:10:06
1658826606454680000,32.7,1,32.5,3,32.65,1,1,2022-07-26 09:10:06
1658826606693085000,32.7,3,32.5,3,32.7,33,1,2022-07-26 09:10:06
1658826606802781000,32.5,1,32.5,3,32.7,33,2,2022-07-26 09:10:06
1658826607578258000,32.6,2,32.5,2,32.7,33,1,2022-07-26 09:10:07
1658826607994452000,32.5,1,32.5,1,32.7,33,2,2022-07-26 09:10:07
1658826609563802000,32.5,1,32.45,17,32.7,35,2,2022-07-26 09:10:09
1658826611981715000,32.6,4,32.45,16,32.7,35,1,2022-07-26 09:10:11
1658826618262179000,32.6,13,32.5,23,32.65,3,1,2022-07-26 09:10:18
1658826618297146000,32.65,3,32.5,23,32.7,35,1,2022-07-26 09:10:18
1658826618445072000,32.65,1,32.5,23,32.7,35,1,2022-07-26 09:10:18
1658826620907822000,32.6,1,32.5,23,32.65,2,1,2022-07-26 09:10:20
1658826620940835000,32.65,2,32.5,23,32.65,2,1,2022-07-26 09:10:20
1658826620995885000,32.65,1,32.5,23,32.7,35,1,2022-07-26 09:10:20
1658826631555210000,32.65,2,32.6,5,32.7,42,1,2022-07-26 09:10:31
1658826634163846000,32.7,5,32.65,3,32.7,37,1,2022-07-26 09:10:34
1658826634199947000,32.7,6,32.65,3,32.7,29,1,2022-07-26 09:10:34
1658826635332111000,32.7,29,32.65,13,32.75,19,1,2022-07-26 09:10:35
1658826635364687000,32.75,3,32.65,13,32.75,16,1,2022-07-26 09:10:35
1658826636592185000,32.75,3,32.65,13,32.75,13,1,2022-07-26 09:10:36
1658826636672619000,32.65,2,32.65,11,32.75,13,2,2022-07-26 09:10:36
1658826637072025000,32.65,1,32.65,10,32.7,1,2,2022-07-26 09:10:37
1658826637496138000,32.7,1,32.7,1,32.75,13,1,2022-07-26 09:10:37
1658826637959974000,32.75,1,32.7,1,32.75,12,1,2022-07-26 09:10:37
1658826638591760000,32.75,12,32.75,38,32.8,15,1,2022-07-26 09:10:38
1658826642242089000,32.8,3,32.75,39,32.8,12,1,2022-07-26 09:10:42
1658826642262278000,32.8,12,32.75,39,32.85,14,1,2022-07-26 09:10:42
1658826645157668000,32.85,10,32.8,4,32.85,6,1,2022-07-26 09:10:45
1658826645180777000,32.85,6,32.8,4,32.9,4,1,2022-07-26 09:10:45
1658826645357561000,32.9,1,32.8,4,32.9,6,1,2022-07-26 09:10:45
1658826646302666000,32.9,1,32.8,4,32.9,4,1,2022-07-26 09:10:46
1658826647437040000,32.9,4,32.85,1,32.95,12,1,2022-07-26 09:10:47
1658826647437040000,32.95,2,32.85,1,32.95,12,1,2022-07-26 09:10:47
1658826648170241000,32.95,2,32.85,1,32.95,12,1,2022-07-26 09:10:48
1658826650206053000,32.95,2,32.9,1,32.95,8,1,2022-07-26 09:10:50
1658826651602815000,32.95,1,32.9,1,32.95,8,1,2022-07-26 09:10:51
1658826653108516000,32.95,1,32.9,1,32.95,11,1,2022-07-26 09:10:53
1658826653133687000,32.95,2,32.9,1,32.95,12,1,2022-07-26 09:10:53
1658826653602393000,32.95,5,32.9,1,32.95,4,1,2022-07-26 09:10:53
1658826653629559000,32.95,3,32.9,1,32.95,1,1,2022-07-26 09:10:53
1658826653744991000,32.95,1,32.9,1,33.0,29,1,2022-07-26 09:10:53
1658826653836308000,33.0,2,32.9,1,33.0,27,1,2022-07-26 09:10:53
1658826653930639000,33.0,1,32.9,1,33.0,29,1,2022-07-26 09:10:53
1658826654785564000,33.0,10,32.9,1,33.0,16,1,2022-07-26 09:10:54
1658826654943745000,33.0,2,32.95,1,33.0,14,1,2022-07-26 09:10:54
1658826655112177000,33.0,14,32.95,11,33.05,10,1,2022-07-26 09:10:55
1658826656959803000,32.95,12,32.9,1,32.95,16,2,2022-07-26 09:10:56
1658826657089862000,32.95,1,32.9,1,32.95,15,1,2022-07-26 09:10:57
1658826657110754000,32.9,1,32.85,3,32.95,15,2,2022-07-26 09:10:57
1658826657628904000,32.95,10,32.85,3,32.95,6,1,2022-07-26 09:10:57
1658826657650085000,32.95,6,32.85,3,33.0,1,1,2022-07-26 09:10:57
1658826657726045000,32.95,1,32.85,3,33.0,2,1,2022-07-26 09:10:57
1658826658270004000,32.9,1,32.85,3,33.0,3,1,2022-07-26 09:10:58
1658826659608009000,32.95,5,32.85,3,33.0,4,1,2022-07-26 09:10:59
1658826660353295000,33.0,1,32.9,1,33.0,4,1,2022-07-26 09:11:00
1658826660788992000,32.9,1,32.85,3,33.0,3,2,2022-07-26 09:11:00
1658826660899838000,33.0,2,32.85,3,33.0,3,1,2022-07-26 09:11:00
1658826661672287000,32.95,2,33.0,1,33.05,10,1,2022-07-26 09:11:01
1658826661672287000,33.0,1,33.0,1,33.05,10,1,2022-07-26 09:11:01
1658826661716720000,33.0,1,32.9,2,33.05,10,2,2022-07-26 09:11:01
1658826663850357000,33.0,5,33.0,5,33.05,10,1,2022-07-26 09:11:03
1658826664379218000,33.05,3,33.0,5,33.05,10,1,2022-07-26 09:11:04
1658826664560295000,33.05,7,33.0,5,33.15,10,1,2022-07-26 09:11:04
1658826664560295000,33.1,3,33.0,5,33.15,10,1,2022-07-26 09:11:04
1658826664571719000,33.15,5,33.0,5,33.15,5,1,2022-07-26 09:11:04
1658826664787314000,33.15,1,33.0,7,33.15,6,1,2022-07-26 09:11:04
1658826667513313000,33.1,1,33.0,7,33.15,6,1,2022-07-26 09:11:07
1658826668600118000,33.1,1,33.0,6,33.15,7,2,2022-07-26 09:11:08
1658826668600118000,33.0,1,33.0,6,33.15,7,2,2022-07-26 09:11:08
1658826671213654000,33.1,1,33.0,6,33.1,2,1,2022-07-26 09:11:11
1658826673626958000,33.0,3,33.0,4,33.05,1,2,2022-07-26 09:11:13
1658826673653138000,33.0,1,33.0,3,33.05,1,2,2022-07-26 09:11:13
1658826673673734000,33.0,3,32.95,2,33.05,1,2,2022-07-26 09:11:13
1658826675191739000,33.05,1,32.95,2,33.05,2,1,2022-07-26 09:11:15
1658826675512371000,33.05,1,32.95,2,33.1,13,1,2022-07-26 09:11:15
1658826675775136000,33.0,1,33.0,1,33.1,13,1,2022-07-26 09:11:15
1658826676123057000,33.1,4,33.0,1,33.1,9,1,2022-07-26 09:11:16
1658826679119230000,33.05,1,33.0,6,33.1,12,1,2022-07-26 09:11:19
1658826681239029000,33.05,1,33.0,20,33.1,12,2,2022-07-26 09:11:21
1658826681239029000,33.0,1,33.0,20,33.1,12,2,2022-07-26 09:11:21
1658826682836031000,33.05,1,33.0,24,33.1,13,1,2022-07-26 09:11:22
1658826683459031000,33.1,1,33.0,24,33.1,12,1,2022-07-26 09:11:23
1658826684932560000,33.1,3,33.0,25,33.1,9,1,2022-07-26 09:11:24
1658826685054408000,33.1,9,33.0,25,33.15,15,1,2022-07-26 09:11:25
1658826685177514000,33.05,1,33.0,25,33.15,15,1,2022-07-26 09:11:25
1658826685230145000,33.05,1,33.0,25,33.15,15,2,2022-07-26 09:11:25
1658826686187127000,33.1,3,33.1,4,33.15,15,2,2022-07-26 09:11:26
1658826686637286000,33.1,1,33.1,3,33.15,15,2,2022-07-26 09:11:26
1658826687053434000,33.1,1,33.1,2,33.15,15,2,2022-07-26 09:11:27
1658826687991918000,33.1,1,33.1,1,33.15,15,2,2022-07-26 09:11:27
1658826688017510000,33.1,1,33.05,1,33.15,15,2,2022-07-26 09:11:28
1658826688181608000,33.05,1,33.0,26,33.15,15,2,2022-07-26 09:11:28
1658826688822027000,33.15,5,33.1,1,33.15,15,1,2022-07-26 09:11:28
1658826689801936000,33.1,1,33.0,27,33.1,3,2,2022-07-26 09:11:29
1658826690835904000,33.05,1,33.0,27,33.05,9,2,2022-07-26 09:11:30
1658826691361576000,33.05,2,33.0,27,33.05,10,1,2022-07-26 09:11:31
1658826692010359000,33.05,1,33.0,26,33.05,7,1,2022-07-26 09:11:32
1658826692038128000,33.05,7,33.0,26,33.1,7,1,2022-07-26 09:11:32
1658826692041422000,33.0,1,33.0,25,33.1,7,2,2022-07-26 09:11:32
1658826692224195000,33.1,1,33.0,25,33.1,8,1,2022-07-26 09:11:32
1658826693013073000,33.1,1,33.05,2,33.1,7,1,2022-07-26 09:11:33
1658826693952295000,33.1,1,33.05,4,33.1,6,1,2022-07-26 09:11:33
1658826694748485000,33.1,1,33.05,4,33.1,6,1,2022-07-26 09:11:34
1658826696027559000,33.05,1,33.05,8,33.1,6,2,2022-07-26 09:11:36
1658826696052717000,33.1,1,33.05,8,33.1,5,1,2022-07-26 09:11:36
1658826696505655000,33.1,5,33.05,8,33.15,16,1,2022-07-26 09:11:36
1658826696627666000,33.15,1,33.05,8,33.15,15,1,2022-07-26 09:11:36
1658826697007426000,33.1,1,33.05,18,33.15,15,2,2022-07-26 09:11:37
1658826697991998000,33.1,1,33.05,28,33.15,15,2,2022-07-26 09:11:37
1658826697991998000,33.05,1,33.05,28,33.15,15,2,2022-07-26 09:11:37
1658826698173641000,33.05,5,33.05,23,33.15,15,2,2022-07-26 09:11:38
1658826698231287000,33.1,1,33.05,23,33.15,15,1,2022-07-26 09:11:38
1658826699065073000,33.1,1,33.05,23,33.15,26,1,2022-07-26 09:11:39
1658826699261062000,33.15,2,33.05,24,33.15,28,1,2022-07-26 09:11:39
1658826699924327000,33.05,1,33.05,23,33.15,26,2,2022-07-26 09:11:39
1658826700653959000,33.1,1,33.1,1,33.15,26,1,2022-07-26 09:11:40
1658826700688121000,33.1,1,33.05,24,33.15,26,2,2022-07-26 09:11:40
1658826701554732000,33.1,1,33.05,24,33.15,26,1,2022-07-26 09:11:41
1658826702013557000,33.1,1,33.05,24,33.1,4,1,2022-07-26 09:11:42
1658826702618533000,33.1,2,33.05,25,33.1,2,1,2022-07-26 09:11:42
1658826703577023000,33.1,3,33.05,26,33.15,34,1,2022-07-26 09:11:43
1658826703577023000,33.15,2,33.05,26,33.15,34,1,2022-07-26 09:11:43
1658826703630332000,33.1,1,33.05,26,33.15,36,2,2022-07-26 09:11:43
1658826705300709000,33.05,10,33.05,19,33.15,36,2,2022-07-26 09:11:45
1658826705307684000,33.15,10,33.05,19,33.15,26,1,2022-07-26 09:11:45
1658826705703087000,33.1,2,33.05,19,33.15,26,2,2022-07-26 09:11:45
1658826707713838000,33.15,1,33.05,19,33.15,25,1,2022-07-26 09:11:47
1658826707728035000,33.15,1,33.05,19,33.15,24,1,2022-07-26 09:11:47
1658826707792426000,33.05,2,33.05,22,33.15,24,2,2022-07-26 09:11:47
1658826708558895000,33.05,1,33.05,21,33.15,24,2,2022-07-26 09:11:48
1658826711593295000,33.1,1,33.05,21,33.1,2,1,2022-07-26 09:11:51
1658826713648028000,33.1,4,33.05,22,33.1,1,1,2022-07-26 09:11:53
1658826714265853000,33.05,1,33.05,21,33.1,1,2,2022-07-26 09:11:54
1658826714314264000,33.05,1,33.05,20,33.1,1,2,2022-07-26 09:11:54
1658826715075583000,33.1,1,33.05,21,33.15,29,1,2022-07-26 09:11:55
1658826715883177000,33.05,1,33.05,21,33.1,1,2,2022-07-26 09:11:55
1658826716228893000,33.1,1,33.05,19,33.15,29,1,2022-07-26 09:11:56
1658826716931827000,33.1,5,33.05,19,33.1,15,1,2022-07-26 09:11:56
1658826717230536000,33.1,10,33.05,19,33.1,5,1,2022-07-26 09:11:57
1658826718615320000,33.1,5,33.05,14,33.1,6,1,2022-07-26 09:11:58
1658826718651650000,33.05,1,33.05,13,33.1,6,2,2022-07-26 09:11:58
1658826720119278000,33.1,7,33.05,25,33.1,3,1,2022-07-26 09:12:00
1658826720363782000,33.1,3,33.05,25,33.15,28,1,2022-07-26 09:12:00
1658826723184563000,33.05,1,33.05,24,33.1,1,2,2022-07-26 09:12:03
1658826723630895000,33.1,2,33.1,2,33.15,30,1,2022-07-26 09:12:03
1658826723666757000,33.1,2,33.05,24,33.15,30,2,2022-07-26 09:12:03
1658826724831039000,33.1,3,33.05,24,33.1,1,1,2022-07-26 09:12:04
1658826725415507000,33.05,17,33.05,6,33.1,4,2,2022-07-26 09:12:05
1658826725445306000,33.05,6,33.0,34,33.1,4,2,2022-07-26 09:12:05
1658826725485440000,33.05,1,33.0,34,33.05,3,1,2022-07-26 09:12:05
1658826725491975000,33.05,1,33.0,34,33.05,2,1,2022-07-26 09:12:05
1658826725597608000,33.0,2,33.0,32,33.05,2,2,2022-07-26 09:12:05
1658826725647241000,33.0,1,33.0,34,33.05,4,2,2022-07-26 09:12:05
1658826726065615000,33.05,2,33.0,31,33.1,6,1,2022-07-26 09:12:06
1658826726347461000,33.1,1,33.0,31,33.1,6,1,2022-07-26 09:12:06
1658826731098860000,33.1,10,33.0,34,33.1,17,1,2022-07-26 09:12:11
1658826731488850000,33.1,1,33.0,34,33.1,7,1,2022-07-26 09:12:11
1658826731946744000,33.0,1,33.0,35,33.1,9,2,2022-07-26 09:12:11
1658826732044925000,33.05,1,33.05,4,33.1,9,1,2022-07-26 09:12:12
1658826734127184000,33.1,2,33.05,5,33.1,11,1,2022-07-26 09:12:14
1658826734412260000,33.1,2,33.05,5,33.1,9,1,2022-07-26 09:12:14
1658826735812058000,33.05,1,33.05,4,33.1,9,2,2022-07-26 09:12:15
1658826735891055000,33.1,9,33.1,1,33.15,29,1,2022-07-26 09:12:15
1658826735912271000,33.1,1,33.05,4,33.15,29,2,2022-07-26 09:12:15
1658826737167072000,33.05,1,33.05,5,33.1,3,2,2022-07-26 09:12:17
1658826737761535000,33.1,3,33.05,5,33.1,7,1,2022-07-26 09:12:17
1658826738413355000,33.1,4,33.05,5,33.15,29,1,2022-07-26 09:12:18
1658826739891378000,33.1,1,33.15,9,33.2,19,1,2022-07-26 09:12:19
1658826739891378000,33.15,28,33.15,9,33.2,19,1,2022-07-26 09:12:19
1658826739910213000,33.15,9,33.05,5,33.2,19,2,2022-07-26 09:12:19
1658826740724340000,33.1,1,33.05,5,33.2,19,1,2022-07-26 09:12:20
1658826743329118000,33.2,1,33.15,1,33.2,19,1,2022-07-26 09:12:23
1658826743615457000,33.2,1,33.15,1,33.2,17,1,2022-07-26 09:12:23
1658826743672061000,33.2,2,33.15,1,33.2,15,1,2022-07-26 09:12:23
1658826744182865000,33.15,4,33.15,2,33.2,15,2,2022-07-26 09:12:24
1658826744448127000,33.2,10,33.15,2,33.2,5,1,2022-07-26 09:12:24
1658826746066567000,33.15,3,33.0,33,33.2,6,2,2022-07-26 09:12:26
1658826746066567000,33.1,5,33.0,33,33.2,6,2,2022-07-26 09:12:26
1658826746066567000,33.05,5,33.0,33,33.2,6,2,2022-07-26 09:12:26
1658826746066567000,33.0,1,33.0,33,33.2,6,2,2022-07-26 09:12:26
1658826746198721000,33.2,8,33.0,53,33.25,42,1,2022-07-26 09:12:26
1658826748280008000,33.25,1,33.15,1,33.25,35,1,2022-07-26 09:12:28
1658826748342339000,33.15,1,33.05,2,33.25,35,2,2022-07-26 09:12:28
1658826748420678000,33.05,1,33.05,1,33.2,1,2,2022-07-26 09:12:28
1658826748455001000,33.2,1,33.05,1,33.25,34,1,2022-07-26 09:12:28
1658826748455001000,33.25,1,33.05,1,33.25,34,1,2022-07-26 09:12:28
1658826749588325000,33.15,12,33.1,40,33.2,1,1,2022-07-26 09:12:29
1658826749651289000,33.15,1,33.1,40,33.2,1,1,2022-07-26 09:12:29
1658826749651532000,33.2,1,33.1,40,33.25,34,1,2022-07-26 09:12:29
1658826750674753000,33.15,1,33.15,2,33.25,34,2,2022-07-26 09:12:30
1658826750674906000,33.15,2,33.1,40,33.25,34,2,2022-07-26 09:12:30
1658826750918601000,33.25,30,33.1,40,33.25,4,1,2022-07-26 09:12:30
1658826751017845000,33.2,3,33.1,40,33.2,4,1,2022-07-26 09:12:31
1658826751023823000,33.2,4,33.25,12,33.3,28,1,2022-07-26 09:12:31
1658826751023823000,33.25,4,33.25,12,33.3,28,1,2022-07-26 09:12:31
1658826751042273000,33.25,1,33.25,11,33.3,28,2,2022-07-26 09:12:31
1658826751042831000,33.25,1,33.25,10,33.3,28,2,2022-07-26 09:12:31
1658826751825675000,33.25,1,33.25,9,33.3,28,2,2022-07-26 09:12:31
1658826752077262000,33.3,1,33.25,9,33.3,27,1,2022-07-26 09:12:32
1658826752125480000,33.3,1,33.25,9,33.3,26,1,2022-07-26 09:12:32
1658826752126898000,33.3,2,33.25,9,33.3,24,1,2022-07-26 09:12:32
1658826752226672000,33.3,2,33.25,9,33.3,22,1,2022-07-26 09:12:32
1658826752390701000,33.3,10,33.25,9,33.3,12,1,2022-07-26 09:12:32
1658826752981617000,33.3,10,33.25,9,33.3,2,1,2022-07-26 09:12:32
1658826753207366000,33.25,1,33.25,8,33.3,2,2,2022-07-26 09:12:33
1658826753585828000,33.3,2,33.3,23,33.35,22,1,2022-07-26 09:12:33
1658826753604441000,33.3,4,33.3,19,33.35,22,2,2022-07-26 09:12:33
1658826754328791000,33.35,1,33.3,20,33.35,21,1,2022-07-26 09:12:34
1658826754390276000,33.35,2,33.3,20,33.35,22,1,2022-07-26 09:12:34
1658826754431045000,33.35,1,33.3,20,33.35,18,1,2022-07-26 09:12:34
1658826754504524000,33.35,1,33.3,20,33.35,17,1,2022-07-26 09:12:34
1658826754506714000,33.35,1,33.3,20,33.35,16,1,2022-07-26 09:12:34
1658826754519913000,33.35,1,33.3,20,33.35,15,1,2022-07-26 09:12:34
1658826754534110000,33.35,1,33.3,20,33.35,14,1,2022-07-26 09:12:34
1658826754549861000,33.35,1,33.3,20,33.35,13,1,2022-07-26 09:12:34
1658826754573139000,33.35,13,33.3,20,33.4,15,1,2022-07-26 09:12:34
1658826755038422000,33.4,1,33.35,20,33.4,14,1,2022-07-26 09:12:35
1658826755130410000,33.4,10,33.35,20,33.4,4,1,2022-07-26 09:12:35
1658826755156153000,33.4,4,33.35,23,33.45,20,1,2022-07-26 09:12:35
1658826755332146000,33.45,1,33.35,26,33.45,19,1,2022-07-26 09:12:35
1658826756112146000,33.45,7,33.4,3,33.45,11,1,2022-07-26 09:12:36
1658826756140347000,33.45,11,33.4,3,33.5,47,1,2022-07-26 09:12:36
1658826756533273000,33.5,1,33.4,3,33.5,46,1,2022-07-26 09:12:36
1658826756728534000,33.5,1,33.45,3,33.5,45,1,2022-07-26 09:12:36
1658826756883006000,33.45,3,33.4,4,33.5,45,2,2022-07-26 09:12:36
1658826756883006000,33.4,1,33.4,4,33.5,45,2,2022-07-26 09:12:36
1658826757608251000,33.5,5,33.45,30,33.5,40,1,2022-07-26 09:12:37
1658826757766893000,33.45,1,33.45,30,33.5,45,2,2022-07-26 09:12:37
1658826758055211000,33.5,1,33.45,29,33.5,39,1,2022-07-26 09:12:38
1658826758156260000,33.5,1,33.45,29,33.5,38,1,2022-07-26 09:12:38
1658826758572966000,33.5,2,33.45,30,33.5,36,1,2022-07-26 09:12:38
1658826759574948000,33.45,1,33.45,30,33.5,36,2,2022-07-26 09:12:39
1658826760137554000,33.5,1,33.45,31,33.5,35,1,2022-07-26 09:12:40
1658826760166611000,33.5,1,33.45,31,33.5,34,1,2022-07-26 09:12:40
1658826760283261000,33.45,2,33.45,29,33.5,34,2,2022-07-26 09:12:40
1658826760519356000,33.45,5,33.45,24,33.5,34,2,2022-07-26 09:12:40
1658826760838915000,33.5,1,33.45,24,33.5,33,1,2022-07-26 09:12:40
1658826761187015000,33.5,10,33.45,25,33.5,23,1,2022-07-26 09:12:41
1658826761768688000,33.45,1,33.45,25,33.5,23,2,2022-07-26 09:12:41
1658826761913919000,33.5,5,33.45,25,33.5,18,1,2022-07-26 09:12:41
1658826762345020000,33.5,2,33.45,25,33.5,16,1,2022-07-26 09:12:42
1658826762821014000,33.5,10,33.45,25,33.5,6,1,2022-07-26 09:12:42
1658826762838858000,33.5,6,33.45,25,33.55,15,1,2022-07-26 09:12:42
1658826763219262000,33.5,2,33.5,8,33.55,16,1,2022-07-26 09:12:43
1658826763475458000,33.55,1,33.5,28,33.55,15,1,2022-07-26 09:12:43
1658826763500365000,33.55,1,33.5,28,33.55,14,1,2022-07-26 09:12:43
1658826763506315000,33.55,1,33.5,28,33.55,13,1,2022-07-26 09:12:43
1658826763512616000,33.55,1,33.5,28,33.55,12,1,2022-07-26 09:12:43
1658826763528325000,33.55,1,33.5,28,33.55,11,1,2022-07-26 09:12:43
1658826763913486000,33.55,2,33.5,35,33.55,9,1,2022-07-26 09:12:43
1658826763936165000,33.55,1,33.5,35,33.55,7,1,2022-07-26 09:12:43
1658826764023959000,33.5,2,33.5,33,33.55,6,2,2022-07-26 09:12:44
1658826764140458000,33.55,3,33.5,33,33.55,3,1,2022-07-26 09:12:44
1658826764165502000,33.55,3,33.5,33,33.6,20,1,2022-07-26 09:12:44
1658826764255064000,33.5,1,33.5,32,33.6,20,2,2022-07-26 09:12:44
1658826764288980000,33.6,11,33.5,32,33.6,9,1,2022-07-26 09:12:44
1658826764359484000,33.6,9,33.55,6,33.65,3,1,2022-07-26 09:12:44
1658826764359484000,33.65,1,33.55,6,33.65,3,1,2022-07-26 09:12:44
1658826764710862000,33.55,1,33.55,10,33.6,2,2,2022-07-26 09:12:44
1658826764771359000,33.6,1,33.55,10,33.6,1,1,2022-07-26 09:12:44
1658826765262478000,33.6,1,33.6,19,33.65,3,1,2022-07-26 09:12:45
1658826765508117000,33.65,1,33.6,25,33.65,2,1,2022-07-26 09:12:45
1658826765795647000,33.6,1,33.6,25,33.65,2,2,2022-07-26 09:12:45
1658826766004648000,33.6,1,33.6,23,33.65,2,2,2022-07-26 09:12:46
1658826766735277000,33.65,1,33.6,24,33.65,1,1,2022-07-26 09:12:46
1658826766792925000,33.65,1,33.6,24,33.7,6,1,2022-07-26 09:12:46
1658826767034966000,33.7,2,33.6,18,33.7,4,1,2022-07-26 09:12:47
1658826767310964000,33.7,4,33.65,7,33.75,5,1,2022-07-26 09:12:47
1658826767310964000,33.75,6,33.65,7,33.75,5,1,2022-07-26 09:12:47
1658826767463534000,33.65,1,33.65,17,33.75,5,2,2022-07-26 09:12:47
1658826768063709000,33.65,1,33.65,17,33.75,4,2,2022-07-26 09:12:48
1658826769093429000,33.7,2,33.7,2,33.75,6,2,2022-07-26 09:12:49
1658826769327521000,33.7,2,33.65,18,33.75,6,2,2022-07-26 09:12:49
1658826770127849000,33.75,5,33.7,1,33.75,2,1,2022-07-26 09:12:50
1658826770216283000,33.7,1,33.65,18,33.75,2,2,2022-07-26 09:12:50
1658826771017949000,33.75,2,33.65,20,33.75,5,1,2022-07-26 09:12:51
1658826771559804000,33.65,1,33.65,17,33.75,5,2,2022-07-26 09:12:51
1658826771610549000,33.65,1,33.65,16,33.75,5,2,2022-07-26 09:12:51
1658826771775475000,33.75,5,33.65,16,33.8,40,1,2022-07-26 09:12:51
1658826771961609000,33.7,1,33.7,2,33.8,40,1,2022-07-26 09:12:51
1658826772252813000,33.8,1,33.7,2,33.8,39,1,2022-07-26 09:12:52
1658826772327539000,33.7,1,33.7,9,33.8,39,2,2022-07-26 09:12:52
1658826772918261000,33.8,2,33.75,2,33.8,37,1,2022-07-26 09:12:52
1658826772926471000,33.75,2,33.7,9,33.75,9,2,2022-07-26 09:12:52
1658826773134930000,33.75,2,33.7,9,33.75,7,1,2022-07-26 09:12:53
1658826773616986000,33.75,1,33.7,11,33.75,6,1,2022-07-26 09:12:53
1658826774066444000,33.75,2,33.7,11,33.75,7,1,2022-07-26 09:12:54
1658826774167592000,33.7,5,33.7,6,33.75,7,2,2022-07-26 09:12:54
1658826774341781000,33.75,2,33.7,6,33.75,5,1,2022-07-26 09:12:54
1658826774525416000,33.7,2,33.7,5,33.75,8,2,2022-07-26 09:12:54
1658826774744774000,33.7,4,33.7,7,33.75,8,2,2022-07-26 09:12:54
1658826775257488000,33.7,1,33.65,21,33.75,22,2,2022-07-26 09:12:55
1658826775811103000,33.7,1,33.65,24,33.7,2,1,2022-07-26 09:12:55
1658826775811970000,33.65,1,33.65,23,33.7,2,2,2022-07-26 09:12:55
1658826775872105000,33.7,1,33.65,23,33.7,4,1,2022-07-26 09:12:55
1658826776070605000,33.7,1,33.65,23,33.7,2,1,2022-07-26 09:12:56
1658826776375088000,33.65,20,33.65,3,33.7,32,2,2022-07-26 09:12:56
1658826776394393000,33.65,3,33.6,28,33.7,32,2,2022-07-26 09:12:56
1658826776492343000,33.65,3,33.6,28,33.7,17,1,2022-07-26 09:12:56
1658826776492343000,33.7,17,33.6,28,33.7,17,1,2022-07-26 09:12:56
1658826776624599000,33.7,3,33.6,28,33.7,22,1,2022-07-26 09:12:56
1658826776673124000,33.7,1,33.6,28,33.7,21,1,2022-07-26 09:12:56
1658826777021471000,33.6,2,33.6,27,33.65,10,2,2022-07-26 09:12:57
1658826777106524000,33.65,1,33.6,25,33.65,9,1,2022-07-26 09:12:57
1658826777229925000,33.65,1,33.6,25,33.65,9,1,2022-07-26 09:12:57
1658826777574331000,33.65,1,33.6,25,33.65,8,1,2022-07-26 09:12:57
1658826777574834000,33.65,2,33.6,25,33.65,6,1,2022-07-26 09:12:57
1658826777639059000,33.65,5,33.6,25,33.65,1,1,2022-07-26 09:12:57
1658826777806131000,33.6,2,33.6,23,33.65,5,2,2022-07-26 09:12:57
1658826777920442000,33.6,2,33.6,23,33.65,6,2,2022-07-26 09:12:57
1658826778035392000,33.65,6,33.6,21,33.7,30,1,2022-07-26 09:12:58
1658826778035392000,33.7,4,33.6,21,33.7,30,1,2022-07-26 09:12:58
1658826778064754000,33.7,1,33.6,21,33.7,29,1,2022-07-26 09:12:58
1658826778340248000,33.7,5,33.6,21,33.7,24,1,2022-07-26 09:12:58
1658826778646295000,33.7,1,33.6,21,33.7,23,1,2022-07-26 09:12:58
1658826778654213000,33.7,1,33.6,21,33.7,22,1,2022-07-26 09:12:58
1658826778857464000,33.7,2,33.6,21,33.7,19,1,2022-07-26 09:12:58
1658826779789611000,33.65,2,33.6,21,33.7,12,1,2022-07-26 09:12:59
1658826779789611000,33.7,8,33.6,21,33.7,12,1,2022-07-26 09:12:59
1658826780299499000,33.7,1,33.6,21,33.7,11,1,2022-07-26 09:13:00
1658826780549238000,33.7,1,33.65,1,33.7,11,1,2022-07-26 09:13:00
1658826780590987000,33.65,1,33.6,21,33.65,7,2,2022-07-26 09:13:00
1658826780622439000,33.65,3,33.6,21,33.65,4,1,2022-07-26 09:13:00
1658826781259345000,33.6,6,33.6,15,33.65,36,2,2022-07-26 09:13:01
1658826781296353000,33.6,1,33.6,14,33.65,36,2,2022-07-26 09:13:01
1658826781304815000,33.65,1,33.6,14,33.65,35,1,2022-07-26 09:13:01
1658826781316323000,33.65,5,33.6,14,33.65,30,1,2022-07-26 09:13:01
1658826781340167000,33.6,1,33.6,13,33.65,30,2,2022-07-26 09:13:01
1658826781392762000,33.65,4,33.6,13,33.65,26,1,2022-07-26 09:13:01
1658826781437555000,33.6,1,33.6,12,33.65,26,2,2022-07-26 09:13:01
1658826781474262000,33.65,1,33.6,12,33.65,25,1,2022-07-26 09:13:01
1658826781497679000,33.6,1,33.6,11,33.65,25,2,2022-07-26 09:13:01
1658826781527745000,33.6,1,33.6,21,33.65,36,2,2022-07-26 09:13:01
1658826781951143000,33.65,2,33.6,10,33.65,23,1,2022-07-26 09:13:01
1658826782077999000,33.65,1,33.6,11,33.65,22,1,2022-07-26 09:13:02
1658826782159081000,33.65,2,33.6,11,33.65,20,1,2022-07-26 09:13:02
1658826782302496000,33.6,11,33.55,16,33.65,20,2,2022-07-26 09:13:02
1658826782378353000,33.65,2,33.55,16,33.65,18,1,2022-07-26 09:13:02
1658826782386688000,33.55,7,33.55,16,33.65,20,2,2022-07-26 09:13:02
1658826783237525000,33.65,3,33.55,10,33.65,18,1,2022-07-26 09:13:03
1658826784139498000,33.6,1,33.55,10,33.6,1,1,2022-07-26 09:13:04
1658826784965586000,33.6,2,33.55,10,33.65,20,1,2022-07-26 09:13:04
1658826784965586000,33.65,8,33.55,10,33.65,20,1,2022-07-26 09:13:04
1658826785168912000,33.55,1,33.55,9,33.65,22,2,2022-07-26 09:13:05
1658826785395752000,33.6,1,33.55,9,33.65,21,1,2022-07-26 09:13:05
1658826785395752000,33.65,1,33.55,9,33.65,21,1,2022-07-26 09:13:05
1658826785827053000,33.6,1,33.6,1,33.65,21,2,2022-07-26 09:13:05
1658826785852220000,33.6,1,33.55,9,33.65,21,2,2022-07-26 09:13:05
1658826786011778000,33.55,3,33.55,6,33.65,21,2,2022-07-26 09:13:06
1658826786071638000,33.55,6,33.5,19,33.6,1,2,2022-07-26 09:13:06
1658826786113956000,33.55,1,33.5,19,33.65,13,1,2022-07-26 09:13:06
1658826786113956000,33.6,1,33.5,19,33.65,13,1,2022-07-26 09:13:06
1658826786113956000,33.65,8,33.5,19,33.65,13,1,2022-07-26 09:13:06
1658826786894863000,33.55,3,33.5,12,33.6,1,2,2022-07-26 09:13:06
1658826786894863000,33.5,7,33.5,12,33.6,1,2,2022-07-26 09:13:06
1658826786932694000,33.55,1,33.5,12,33.6,1,1,2022-07-26 09:13:06
1658826787459432000,33.6,1,33.55,12,33.65,5,1,2022-07-26 09:13:07
1658826787459432000,33.65,9,33.55,12,33.65,5,1,2022-07-26 09:13:07
1658826787769551000,33.55,1,33.55,11,33.65,6,2,2022-07-26 09:13:07
1658826788349775000,33.6,1,33.55,11,33.65,6,1,2022-07-26 09:13:08
1658826788377242000,33.65,5,33.55,11,33.65,1,1,2022-07-26 09:13:08
1658826788570431000,33.65,1,33.55,11,33.7,52,1,2022-07-26 09:13:08
1658826789833095000,33.6,1,33.55,15,33.65,11,1,2022-07-26 09:13:09
1658826791108899000,33.55,12,33.5,14,33.65,24,2,2022-07-26 09:13:11
1658826791131551000,33.5,1,33.5,13,33.65,24,2,2022-07-26 09:13:11
1658826792387797000,33.5,15,33.45,16,33.6,15,2,2022-07-26 09:13:12
1658826792387797000,33.45,10,33.45,16,33.6,15,2,2022-07-26 09:13:12
1658826792513687000,33.55,1,33.45,16,33.55,2,1,2022-07-26 09:13:12
1658826793526366000,33.55,1,33.45,16,33.6,16,1,2022-07-26 09:13:13
1658826793526366000,33.6,9,33.45,16,33.6,16,1,2022-07-26 09:13:13
1658826793682402000,33.45,1,33.45,15,33.6,18,2,2022-07-26 09:13:13
1658826794346011000,33.55,1,33.45,15,33.6,14,1,2022-07-26 09:13:14
1658826794346011000,33.6,4,33.45,15,33.6,14,1,2022-07-26 09:13:14
1658826795084407000,33.55,1,33.55,9,33.6,11,2,2022-07-26 09:13:15
1658826795305796000,33.6,1,33.55,9,33.6,10,1,2022-07-26 09:13:15
1658826795348011000,33.55,1,33.55,8,33.6,10,2,2022-07-26 09:13:15
1658826795781539000,33.6,1,33.55,8,33.6,10,1,2022-07-26 09:13:15
1658826795806125000,33.6,10,33.55,8,33.65,25,1,2022-07-26 09:13:15
1658826795917976000,33.6,1,33.55,8,33.65,25,1,2022-07-26 09:13:15
1658826796452708000,33.6,10,33.55,8,33.65,25,1,2022-07-26 09:13:16
1658826796604999000,33.6,1,33.55,8,33.65,25,1,2022-07-26 09:13:16
1658826796922076000,33.55,3,33.55,6,33.65,25,2,2022-07-26 09:13:16
1658826797669320000,33.6,1,33.55,9,33.6,9,1,2022-07-26 09:13:17
1658826798224374000,33.55,1,33.55,8,33.6,9,2,2022-07-26 09:13:18
1658826798431096000,33.55,1,33.55,7,33.6,9,2,2022-07-26 09:13:18
1658826798674959000,33.55,1,33.55,6,33.6,9,2,2022-07-26 09:13:18
1658826799543756000,33.6,2,33.55,6,33.6,7,1,2022-07-26 09:13:19
1658826799623257000,33.55,6,33.5,8,33.55,19,2,2022-07-26 09:13:19
1658826799664951000,33.5,1,33.5,7,33.55,19,2,2022-07-26 09:13:19
1658826799667264000,33.5,1,33.5,6,33.55,19,2,2022-07-26 09:13:19
1658826799684146000,33.55,1,33.5,6,33.55,18,1,2022-07-26 09:13:19
1658826799709015000,33.5,1,33.5,5,33.55,18,2,2022-07-26 09:13:19
1658826800765957000,33.5,1,33.5,4,33.55,18,2,2022-07-26 09:13:20
1658826801674987000,33.55,1,33.5,5,33.55,17,1,2022-07-26 09:13:21
1658826802855469000,33.5,1,33.5,6,33.55,17,2,2022-07-26 09:13:22
1658826803448442000,33.5,1,33.5,6,33.55,17,2,2022-07-26 09:13:23
1658826803698208000,33.55,1,33.5,6,33.55,16,1,2022-07-26 09:13:23
1658826803804235000,33.55,2,33.5,6,33.55,14,1,2022-07-26 09:13:23
1658826804019552000,33.55,1,33.5,8,33.55,14,1,2022-07-26 09:13:24
1658826804527377000,33.55,8,33.5,8,33.55,5,1,2022-07-26 09:13:24
1658826804548328000,33.55,5,33.5,8,33.6,11,1,2022-07-26 09:13:24
1658826805453591000,33.55,1,33.5,8,33.55,2,1,2022-07-26 09:13:25
1658826806777315000,33.5,1,33.5,11,33.55,2,2,2022-07-26 09:13:26
1658826807218366000,33.55,2,33.5,10,33.6,18,1,2022-07-26 09:13:27
1658826808399637000,33.55,1,33.5,10,33.55,4,2,2022-07-26 09:13:28
1658826808592053000,33.55,1,33.5,10,33.55,8,1,2022-07-26 09:13:28
1658826809401416000,33.5,1,33.5,9,33.55,8,2,2022-07-26 09:13:29
1658826809438742000,33.5,1,33.5,8,33.55,8,2,2022-07-26 09:13:29
1658826809850891000,33.55,1,33.5,9,33.55,10,1,2022-07-26 09:13:29
1658826810704116000,33.5,1,33.5,8,33.55,9,2,2022-07-26 09:13:30
1658826810747898000,33.5,1,33.5,7,33.55,9,2,2022-07-26 09:13:30
1658826811268075000,33.55,1,33.5,10,33.55,8,1,2022-07-26 09:13:31
1658826812078420000,33.5,1,33.5,9,33.55,13,2,2022-07-26 09:13:32
1658826812400876000,33.5,9,33.45,24,33.55,13,2,2022-07-26 09:13:32
1658826812400876000,33.45,1,33.45,24,33.55,13,2,2022-07-26 09:13:32
1658826812763289000,33.45,1,33.45,23,33.55,13,2,2022-07-26 09:13:32
1658826813386299000,33.5,1,33.45,23,33.55,13,1,2022-07-26 09:13:33
1658826813386299000,33.55,2,33.45,23,33.55,13,1,2022-07-26 09:13:33
1658826814401443000,33.5,1,33.45,23,33.55,11,1,2022-07-26 09:13:34
1658826814401443000,33.55,2,33.45,23,33.55,11,1,2022-07-26 09:13:34
1658826815183970000,33.45,23,33.4,11,33.45,17,2,2022-07-26 09:13:35
1658826815226375000,33.4,1,33.4,10,33.45,17,2,2022-07-26 09:13:35
1658826815227282000,33.4,1,33.4,9,33.45,17,2,2022-07-26 09:13:35
1658826815227439000,33.4,1,33.4,8,33.45,17,2,2022-07-26 09:13:35
1658826815227820000,33.4,1,33.4,7,33.45,17,2,2022-07-26 09:13:35
1658826815272440000,33.4,1,33.4,6,33.45,17,2,2022-07-26 09:13:35
1658826815301460000,33.4,6,33.35,15,33.45,17,2,2022-07-26 09:13:35
1658826816175365000,33.4,1,33.35,12,33.4,1,1,2022-07-26 09:13:36
1658826817610203000,33.35,1,33.35,11,33.4,1,2,2022-07-26 09:13:37
1658826820456040000,33.35,10,33.35,1,33.4,1,2,2022-07-26 09:13:40
1658826820492060000,33.35,1,33.3,6,33.4,1,2,2022-07-26 09:13:40
1658826820781585000,33.4,1,33.3,6,33.45,27,1,2022-07-26 09:13:40
1658826821394867000,33.3,1,33.3,5,33.35,1,2,2022-07-26 09:13:41
1658826822903378000,33.35,1,33.3,6,33.35,3,1,2022-07-26 09:13:42
1658826822939828000,33.3,1,33.3,5,33.35,3,2,2022-07-26 09:13:42
1658826822974026000,33.35,1,33.3,6,33.35,4,1,2022-07-26 09:13:42
1658826823381703000,33.35,1,33.3,5,33.35,2,1,2022-07-26 09:13:43
1658826823752735000,33.3,1,33.3,4,33.35,1,2,2022-07-26 09:13:43
1658826823872338000,33.35,1,33.3,4,33.45,29,1,2022-07-26 09:13:43
1658826824338908000,33.35,1,33.35,4,33.4,2,2,2022-07-26 09:13:44
1658826824789273000,33.35,2,33.35,1,33.4,2,2,2022-07-26 09:13:44
1658826824813373000,33.35,1,33.3,4,33.4,2,2,2022-07-26 09:13:44
1658826825263159000,33.35,3,33.35,1,33.4,2,2,2022-07-26 09:13:45
1658826825287815000,33.35,1,33.3,4,33.4,2,2,2022-07-26 09:13:45
1658826826978826000,33.3,3,33.25,3,33.3,4,2,2022-07-26 09:13:46
1658826827778900000,33.3,1,33.25,3,33.3,4,1,2022-07-26 09:13:47
1658826828465442000,33.3,4,33.3,1,33.35,9,1,2022-07-26 09:13:48
1658826828491382000,33.3,1,33.25,3,33.35,9,2,2022-07-26 09:13:48
1658826828815431000,33.3,1,33.15,8,33.35,9,2,2022-07-26 09:13:48
1658826828815431000,33.25,3,33.15,8,33.35,9,2,2022-07-26 09:13:48
1658826828815431000,33.2,5,33.15,8,33.35,9,2,2022-07-26 09:13:48
1658826828815431000,33.15,1,33.15,8,33.35,9,2,2022-07-26 09:13:48
1658826829178172000,33.3,1,33.3,2,33.35,11,1,2022-07-26 09:13:49
1658826829201634000,33.3,2,33.15,10,33.35,11,2,2022-07-26 09:13:49
1658826831217240000,33.25,1,33.2,3,33.25,2,1,2022-07-26 09:13:51
1658826831474207000,33.2,1,33.2,2,33.25,2,2,2022-07-26 09:13:51
1658826832469124000,33.2,1,33.2,1,33.25,2,2,2022-07-26 09:13:52
1658826832473123000,33.2,1,33.15,10,33.25,2,2,2022-07-26 09:13:52
1658826832473123000,33.15,1,33.15,10,33.25,2,2,2022-07-26 09:13:52
1658826834818994000,33.15,1,33.15,10,33.25,4,2,2022-07-26 09:13:54
1658826836329356000,33.2,1,33.15,10,33.25,5,2,2022-07-26 09:13:56
1658826836332872000,33.15,1,33.15,9,33.25,5,2,2022-07-26 09:13:56
1658826837894407000,33.15,2,33.15,8,33.25,6,2,2022-07-26 09:13:57
1658826838038680000,33.15,1,33.15,9,33.2,2,2,2022-07-26 09:13:58
1658826841983275000,33.15,1,33.15,10,33.2,9,2,2022-07-26 09:14:01
1658826842207820000,33.15,5,33.15,5,33.2,9,2,2022-07-26 09:14:02
1658826842247660000,33.15,1,33.15,4,33.2,9,2,2022-07-26 09:14:02
1658826842249230000,33.15,1,33.15,3,33.2,9,2,2022-07-26 09:14:02
1658826842253759000,33.2,1,33.15,3,33.2,8,1,2022-07-26 09:14:02
1658826842317863000,33.15,1,33.15,2,33.2,8,2,2022-07-26 09:14:02
1658826842585902000,33.2,1,33.15,3,33.2,7,1,2022-07-26 09:14:02
1658826844642318000,33.2,1,33.15,15,33.2,6,1,2022-07-26 09:14:04
1658826844797139000,33.2,1,33.15,15,33.2,5,1,2022-07-26 09:14:04
1658826845439809000,33.2,1,33.15,15,33.2,4,1,2022-07-26 09:14:05
1658826845469212000,33.15,15,33.1,55,33.2,4,2,2022-07-26 09:14:05
1658826845525071000,33.15,1,33.1,55,33.2,6,1,2022-07-26 09:14:05
1658826845795167000,33.15,1,33.1,55,33.15,1,1,2022-07-26 09:14:05
1658826845819455000,33.15,1,33.1,55,33.2,6,1,2022-07-26 09:14:05
1658826846109742000,33.1,1,33.1,61,33.2,6,2,2022-07-26 09:14:06
1658826846630972000,33.15,2,33.1,61,33.15,15,2,2022-07-26 09:14:06
1658826846764982000,33.1,1,33.1,60,33.15,16,2,2022-07-26 09:14:06
1658826847942364000,33.1,10,33.1,47,33.15,17,2,2022-07-26 09:14:07
1658826847964100000,33.1,1,33.1,46,33.15,17,2,2022-07-26 09:14:07
1658826847968936000,33.1,1,33.1,45,33.15,17,2,2022-07-26 09:14:07
1658826847969093000,33.1,1,33.1,44,33.15,17,2,2022-07-26 09:14:07
1658826848001151000,33.1,1,33.1,43,33.15,17,2,2022-07-26 09:14:08
1658826848002233000,33.1,1,33.1,42,33.15,17,2,2022-07-26 09:14:08
1658826848209429000,33.1,1,33.1,41,33.15,17,2,2022-07-26 09:14:08
1658826848557441000,33.15,5,33.1,41,33.15,12,1,2022-07-26 09:14:08
1658826848834751000,33.1,15,33.1,26,33.15,12,2,2022-07-26 09:14:08
1658826848864426000,33.1,1,33.1,25,33.15,12,2,2022-07-26 09:14:08
