ts,close,volume,bid_price,bid_volume,ask_price,ask_volume,tick_type,datetime
1641891732316181000,53.7,617,53.6,25,53.7,11,2,2022-01-11 09:02:12
1641891733285912000,53.6,1,53.6,25,53.7,14,2,2022-01-11 09:02:13
1641891733313101000,53.6,3,53.6,22,53.7,14,2,2022-01-11 09:02:13
1641891733349264000,53.6,1,53.6,21,53.7,14,2,2022-01-11 09:02:13
1641891733351335000,53.6,1,53.6,20,53.7,14,2,2022-01-11 09:02:13
1641891733370651000,53.6,16,53.6,4,53.7,14,2,2022-01-11 09:02:13
1641891733392121000,53.6,4,53.5,11,53.7,16,2,2022-01-11 09:02:13
1641891733575189000,53.5,3,53.5,8,53.6,4,2,2022-01-11 09:02:13
1641891733642899000,53.5,1,53.5,7,53.6,4,2,2022-01-11 09:02:13
1641891734393338000,53.5,4,53.5,3,53.6,11,2,2022-01-11 09:02:14
1641891734419271000,53.5,1,53.5,2,53.6,11,2,2022-01-11 09:02:14
1641891734426077000,53.6,1,53.5,2,53.6,10,1,2022-01-11 09:02:14
1641891735007803000,53.6,1,53.5,2,53.6,9,1,2022-01-11 09:02:15
1641891735016036000,53.5,1,53.5,1,53.6,9,2,2022-01-11 09:02:15
1641891735062914000,53.5,1,53.4,3,53.6,11,2,2022-01-11 09:02:15
1641891736551647000,53.4,3,53.2,6,53.4,5,2,2022-01-11 09:02:16
1641891737043005000,53.4,1,53.2,6,53.4,5,1,2022-01-11 09:02:17
1641891737093403000,53.3,1,53.2,6,53.4,6,1,2022-01-11 09:02:17
1641891737378347000,53.2,4,53.2,2,53.4,6,2,2022-01-11 09:02:17
1641891737452056000,53.3,1,53.2,2,53.3,2,1,2022-01-11 09:02:17
1641891737487435000,53.3,2,53.2,2,53.4,7,1,2022-01-11 09:02:17
1641891738075346000,53.2,3,53.1,30,53.4,9,2,2022-01-11 09:02:18
1641891738304240000,53.1,1,53.1,29,53.3,1,2,2022-01-11 09:02:18
1641891738769558000,53.3,2,53.1,29,53.4,9,1,2022-01-11 09:02:18
1641891739239290000,53.2,5,53.1,29,53.4,9,1,2022-01-11 09:02:19
1641891739487594000,53.2,1,53.1,29,53.4,9,1,2022-01-11 09:02:19
1641891739504847000,53.1,1,53.1,28,53.4,9,2,2022-01-11 09:02:19
1641891739656694000,53.2,2,53.1,26,53.4,9,2,2022-01-11 09:02:19
1641891739656694000,53.1,2,53.1,26,53.4,9,2,2022-01-11 09:02:19
1641891740331477000,53.1,2,53.1,24,53.3,2,2,2022-01-11 09:02:20
1641891740342811000,53.3,1,53.1,24,53.3,1,1,2022-01-11 09:02:20
1641891740354108000,53.1,1,53.1,23,53.3,1,2,2022-01-11 09:02:20
1641891740464310000,53.3,1,53.1,23,53.4,9,1,2022-01-11 09:02:20
1641891740539170000,53.2,2,53.1,5,53.3,1,2,2022-01-11 09:02:20
1641891740539170000,53.1,18,53.1,5,53.3,1,2,2022-01-11 09:02:20
1641891740937748000,53.1,1,53.1,4,53.2,2,2,2022-01-11 09:02:20
1641891740950897000,53.1,1,53.1,3,53.2,2,2,2022-01-11 09:02:20
1641891740975962000,53.1,1,53.1,2,53.2,2,2,2022-01-11 09:02:20
1641891741122390000,53.1,2,53.0,128,53.2,3,2,2022-01-11 09:02:21
1641891741289132000,53.2,2,53.0,128,53.2,1,1,2022-01-11 09:02:21
1641891741321873000,53.2,1,53.0,128,53.3,12,1,2022-01-11 09:02:21
1641891742217520000,53.0,1,53.0,127,53.1,5,2,2022-01-11 09:02:22
1641891742584772000,53.0,1,53.0,126,53.1,5,2,2022-01-11 09:02:22
1641891743434194000,53.0,10,53.0,116,53.1,25,2,2022-01-11 09:02:23
1641891743474898000,53.0,1,53.0,115,53.1,25,2,2022-01-11 09:02:23
1641891743515158000,53.0,45,53.0,70,53.1,25,2,2022-01-11 09:02:23
1641891743550231000,53.0,5,53.0,65,53.1,25,2,2022-01-11 09:02:23
1641891743554073000,53.0,1,53.0,64,53.1,25,2,2022-01-11 09:02:23
1641891743554573000,53.0,1,53.0,63,53.1,25,2,2022-01-11 09:02:23
1641891743574543000,53.0,1,53.0,62,53.1,25,2,2022-01-11 09:02:23
1641891743574991000,53.0,1,53.0,61,53.1,25,2,2022-01-11 09:02:23
1641891743588394000,53.0,1,53.0,60,53.1,25,2,2022-01-11 09:02:23
1641891743629817000,53.0,1,53.0,59,53.1,25,2,2022-01-11 09:02:23
1641891743636725000,53.0,1,53.0,58,53.1,25,2,2022-01-11 09:02:23
1641891744059274000,53.0,2,53.0,56,53.1,25,2,2022-01-11 09:02:24
1641891744099595000,53.0,1,53.0,55,53.1,25,2,2022-01-11 09:02:24
1641891744213756000,53.1,7,53.0,55,53.1,18,1,2022-01-11 09:02:24
1641891744261553000,53.0,1,53.0,54,53.1,18,2,2022-01-11 09:02:24
1641891744266623000,53.0,1,53.0,53,53.1,18,2,2022-01-11 09:02:24
1641891744327647000,53.0,1,53.0,52,53.1,18,2,2022-01-11 09:02:24
1641891744412118000,53.0,1,53.0,51,53.1,18,2,2022-01-11 09:02:24
1641891744884317000,53.0,5,53.0,46,53.1,18,2,2022-01-11 09:02:24
1641891744918889000,53.0,1,53.0,45,53.1,18,2,2022-01-11 09:02:24
1641891744958936000,53.0,1,53.0,44,53.1,18,2,2022-01-11 09:02:24
1641891744970848000,53.0,1,53.0,43,53.1,18,2,2022-01-11 09:02:24
1641891745791977000,53.1,1,53.0,43,53.1,17,1,2022-01-11 09:02:25
1641891746437533000,53.0,2,53.0,41,53.1,17,2,2022-01-11 09:02:26
1641891746745107000,53.1,3,53.0,41,53.1,14,1,2022-01-11 09:02:26
1641891746977437000,53.0,5,53.0,36,53.1,14,2,2022-01-11 09:02:26
1641891747004315000,53.0,1,53.0,35,53.1,14,2,2022-01-11 09:02:27
1641891747386014000,53.0,1,53.0,34,53.1,15,2,2022-01-11 09:02:27
1641891747666511000,53.0,1,53.0,34,53.1,17,2,2022-01-11 09:02:27
1641891749160779000,53.0,1,53.0,34,53.1,17,2,2022-01-11 09:02:29
1641891749291151000,53.1,5,53.0,34,53.1,12,1,2022-01-11 09:02:29
1641891749452536000,53.0,3,53.0,31,53.1,12,2,2022-01-11 09:02:29
1641891749466576000,53.1,12,53.1,4,53.2,6,1,2022-01-11 09:02:29
1641891749488154000,53.2,1,53.1,4,53.2,5,1,2022-01-11 09:02:29
1641891749531713000,53.1,3,53.1,1,53.2,5,2,2022-01-11 09:02:29
1641891749937580000,53.1,1,53.0,31,53.2,5,2,2022-01-11 09:02:29
1641891750010035000,53.0,1,53.0,30,53.2,5,2,2022-01-11 09:02:30
1641891750021175000,53.0,5,53.0,25,53.2,5,2,2022-01-11 09:02:30
1641891750125748000,53.2,1,53.0,25,53.2,4,1,2022-01-11 09:02:30
1641891750130036000,53.2,1,53.0,25,53.2,3,1,2022-01-11 09:02:30
1641891750317778000,53.0,10,53.0,15,53.2,3,2,2022-01-11 09:02:30
1641891750998143000,53.2,3,53.1,7,53.3,12,1,2022-01-11 09:02:30
1641891751193903000,53.1,4,53.1,3,53.3,12,2,2022-01-11 09:02:31
1641891751204991000,53.1,2,53.1,1,53.3,12,2,2022-01-11 09:02:31
1641891751605360000,53.2,1,53.0,16,53.3,12,2,2022-01-11 09:02:31
1641891751605360000,53.1,1,53.0,16,53.3,12,2,2022-01-11 09:02:31
1641891751605360000,53.0,2,53.0,16,53.3,12,2,2022-01-11 09:02:31
1641891751678178000,53.1,1,53.0,15,53.3,12,2,2022-01-11 09:02:31
1641891751678178000,53.0,1,53.0,15,53.3,12,2,2022-01-11 09:02:31
1641891752224344000,53.0,1,53.0,14,53.3,12,2,2022-01-11 09:02:32
1641891752704865000,53.2,1,53.0,15,53.3,12,2,2022-01-11 09:02:32
1641891752704865000,53.1,1,53.0,15,53.3,12,2,2022-01-11 09:02:32
1641891753427476000,53.2,2,53.1,1,53.3,12,1,2022-01-11 09:02:33
1641891753981573000,53.2,1,53.1,2,53.3,12,1,2022-01-11 09:02:33
1641891754705402000,53.1,2,53.1,1,53.3,12,2,2022-01-11 09:02:34
1641891754872772000,53.1,1,53.0,16,53.3,12,2,2022-01-11 09:02:34
1641891754872772000,53.0,1,53.0,16,53.3,12,2,2022-01-11 09:02:34
1641891755129584000,53.0,1,53.0,16,53.3,12,2,2022-01-11 09:02:35
1641891756072826000,53.3,5,53.2,5,53.3,7,1,2022-01-11 09:02:36
1641891756116647000,53.3,6,53.2,5,53.3,1,1,2022-01-11 09:02:36
1641891756139857000,53.3,1,53.2,5,53.4,6,1,2022-01-11 09:02:36
1641891756677964000,53.2,1,53.2,4,53.4,6,2,2022-01-11 09:02:36
1641891756868951000,53.2,1,53.2,3,53.4,6,2,2022-01-11 09:02:36
1641891756961035000,53.2,1,53.2,2,53.4,6,2,2022-01-11 09:02:36
1641891757323996000,53.4,1,53.2,2,53.4,5,1,2022-01-11 09:02:37
1641891758414056000,53.4,1,53.2,2,53.4,4,1,2022-01-11 09:02:38
1641891758428031000,53.4,1,53.2,2,53.4,3,1,2022-01-11 09:02:38
1641891758455081000,53.4,2,53.2,2,53.4,1,1,2022-01-11 09:02:38
1641891758477812000,53.4,1,53.2,2,53.5,1,1,2022-01-11 09:02:38
1641891758631714000,53.2,1,53.2,1,53.5,1,2,2022-01-11 09:02:38
1641891758685666000,53.5,8,53.2,1,53.6,7,1,2022-01-11 09:02:38
1641891758685666000,53.6,2,53.2,1,53.6,7,1,2022-01-11 09:02:38
1641891760443622000,53.5,2,53.3,9,53.7,11,1,2022-01-11 09:02:40
1641891760443622000,53.6,7,53.3,9,53.7,11,1,2022-01-11 09:02:40
1641891760443622000,53.7,1,53.3,9,53.7,11,1,2022-01-11 09:02:40
1641891761299662000,53.4,3,53.4,1,53.7,11,2,2022-01-11 09:02:41
1641891761645468000,53.5,1,53.5,1,53.7,11,2,2022-01-11 09:02:41
1641891762171145000,53.7,1,53.5,1,53.7,10,1,2022-01-11 09:02:42
1641891762577728000,53.7,1,53.5,1,53.7,9,1,2022-01-11 09:02:42
1641891762979160000,53.7,1,53.5,1,53.7,8,1,2022-01-11 09:02:42
1641891763362062000,53.7,8,53.5,1,53.8,15,1,2022-01-11 09:02:43
1641891763362062000,53.8,2,53.5,1,53.8,15,1,2022-01-11 09:02:43
1641891763860155000,53.6,1,53.5,1,53.8,15,1,2022-01-11 09:02:43
1641891763866016000,53.8,1,53.5,1,53.8,14,1,2022-01-11 09:02:43
1641891764108666000,53.5,1,53.5,1,53.8,14,2,2022-01-11 09:02:44
1641891764552726000,53.8,2,53.5,1,53.8,12,1,2022-01-11 09:02:44
1641891764589958000,53.5,1,53.4,4,53.8,12,2,2022-01-11 09:02:44
1641891766305004000,53.8,9,53.7,3,53.8,8,1,2022-01-11 09:02:46
1641891766305430000,53.8,8,53.8,9,53.9,25,1,2022-01-11 09:02:46
1641891766809475000,53.8,3,53.8,6,53.9,25,2,2022-01-11 09:02:46
1641891768230365000,53.8,1,53.8,5,53.9,25,2,2022-01-11 09:02:48
1641891768936205000,53.8,2,53.8,3,53.9,25,2,2022-01-11 09:02:48
1641891768972467000,53.8,3,53.7,3,53.9,25,2,2022-01-11 09:02:48
1641891768990593000,53.7,1,53.7,2,53.9,25,2,2022-01-11 09:02:48
1641891770030115000,53.7,2,53.4,4,53.8,1,2,2022-01-11 09:02:50
1641891770030115000,53.6,2,53.4,4,53.8,1,2,2022-01-11 09:02:50
1641891770030115000,53.5,2,53.4,4,53.8,1,2,2022-01-11 09:02:50
1641891770030115000,53.4,2,53.4,4,53.8,1,2,2022-01-11 09:02:50
1641891770428583000,53.4,1,53.4,3,53.8,3,2,2022-01-11 09:02:50
1641891770889385000,53.8,3,53.4,3,53.9,20,1,2022-01-11 09:02:50
1641891770889385000,53.9,4,53.4,3,53.9,20,1,2022-01-11 09:02:50
1641891771046547000,53.5,1,53.4,3,53.9,20,2,2022-01-11 09:02:51
1641891772467061000,53.8,7,53.8,14,53.9,20,1,2022-01-11 09:02:52
1641891772471223000,53.8,4,53.8,10,53.9,20,2,2022-01-11 09:02:52
1641891772486893000,53.8,10,53.5,7,53.9,20,2,2022-01-11 09:02:52
1641891772650520000,53.8,2,53.5,7,53.8,9,1,2022-01-11 09:02:52
1641891772715985000,53.5,1,53.5,6,53.8,9,2,2022-01-11 09:02:52
1641891772978584000,53.5,1,53.5,5,53.7,1,2,2022-01-11 09:02:52
1641891774423623000,53.7,1,53.5,5,53.7,1,1,2022-01-11 09:02:54
1641891774643729000,53.5,1,53.5,4,53.7,2,2,2022-01-11 09:02:54
1641891774710223000,53.5,1,53.5,3,53.7,2,2,2022-01-11 09:02:54
1641891774733350000,53.5,2,53.5,1,53.7,2,2,2022-01-11 09:02:54
1641891775387792000,53.5,1,53.4,4,53.7,4,2,2022-01-11 09:02:55
1641891776759304000,53.4,1,53.4,3,53.5,1,2,2022-01-11 09:02:56
1641891776788681000,53.4,1,53.4,2,53.5,1,2,2022-01-11 09:02:56
1641891776810279000,53.5,1,53.4,2,53.6,1,1,2022-01-11 09:02:56
1641891776920956000,53.5,1,53.4,2,53.6,1,1,2022-01-11 09:02:56
1641891777312649000,53.6,1,53.4,2,53.7,6,1,2022-01-11 09:02:57
1641891777417923000,53.4,1,53.4,1,53.7,6,2,2022-01-11 09:02:57
1641891777633447000,53.4,1,53.2,9,53.5,5,2,2022-01-11 09:02:57
1641891777633447000,53.3,2,53.2,9,53.5,5,2,2022-01-11 09:02:57
1641891777746904000,53.5,3,53.2,9,53.5,2,1,2022-01-11 09:02:57
1641891777786575000,53.5,2,53.2,9,53.6,7,1,2022-01-11 09:02:57
1641891778137944000,53.4,1,53.2,9,53.5,1,1,2022-01-11 09:02:58
1641891778969409000,53.2,2,53.2,7,53.4,7,2,2022-01-11 09:02:58
1641891779392648000,53.2,5,53.2,2,53.4,8,2,2022-01-11 09:02:59
1641891779418328000,53.2,1,53.2,1,53.4,8,2,2022-01-11 09:02:59
1641891779418587000,53.2,1,53.1,6,53.4,8,2,2022-01-11 09:02:59
1641891780033341000,53.1,1,53.1,5,53.3,2,2,2022-01-11 09:03:00
1641891780344892000,53.1,5,53.0,31,53.2,6,2,2022-01-11 09:03:00
1641891780367633000,53.0,7,53.0,24,53.2,6,2,2022-01-11 09:03:00
1641891780368149000,53.2,6,53.0,24,53.3,6,1,2022-01-11 09:03:00
1641891780693737000,53.1,1,53.0,24,53.1,1,1,2022-01-11 09:03:00
1641891780719377000,53.0,6,53.0,18,53.1,1,2,2022-01-11 09:03:00
1641891781183509000,53.1,1,53.0,18,53.1,1,1,2022-01-11 09:03:01
1641891781658970000,53.0,11,53.0,7,53.1,1,2,2022-01-11 09:03:01
1641891781693439000,53.0,1,53.0,6,53.1,1,2,2022-01-11 09:03:01
1641891781794037000,53.1,1,53.1,1,53.2,3,1,2022-01-11 09:03:01
1641891781842761000,53.2,2,53.1,1,53.2,1,1,2022-01-11 09:03:01
1641891781901482000,53.1,1,53.0,6,53.2,1,2,2022-01-11 09:03:01
1641891782389274000,53.1,1,53.0,6,53.1,11,1,2022-01-11 09:03:02
1641891782396846000,53.1,2,53.0,6,53.1,9,1,2022-01-11 09:03:02
1641891782411091000,53.0,1,53.0,5,53.1,9,2,2022-01-11 09:03:02
1641891782438489000,53.0,1,53.0,4,53.1,9,2,2022-01-11 09:03:02
1641891782481254000,53.0,1,53.0,3,53.1,9,2,2022-01-11 09:03:02
1641891782515078000,53.0,2,53.0,1,53.1,9,2,2022-01-11 09:03:02
1641891782933287000,53.1,1,53.0,1,53.1,8,1,2022-01-11 09:03:02
1641891783821756000,53.0,1,53.0,3,53.1,8,2,2022-01-11 09:03:03
1641891783975238000,53.0,3,52.8,2,53.1,8,2,2022-01-11 09:03:03
1641891783975238000,52.9,2,52.8,2,53.1,8,2,2022-01-11 09:03:03
1641891783975238000,52.8,1,52.8,2,53.1,8,2,2022-01-11 09:03:03
1641891784052979000,53.0,1,52.8,2,53.1,9,2,2022-01-11 09:03:04
1641891784052979000,52.8,1,52.8,2,53.1,9,2,2022-01-11 09:03:04
1641891785400295000,52.9,2,52.8,2,52.9,18,1,2022-01-11 09:03:05
1641891786110733000,52.8,1,52.7,2,52.9,18,2,2022-01-11 09:03:06
1641891786297554000,52.7,1,52.7,1,52.9,18,2,2022-01-11 09:03:06
1641891786919274000,52.7,1,52.6,4,52.9,18,2,2022-01-11 09:03:06
1641891786919274000,52.6,1,52.6,4,52.9,18,2,2022-01-11 09:03:06
1641891787283720000,52.6,4,52.5,15,52.9,18,2,2022-01-11 09:03:07
1641891787283720000,52.5,1,52.5,15,52.9,18,2,2022-01-11 09:03:07
1641891788454946000,52.8,2,52.6,2,52.9,18,1,2022-01-11 09:03:08
1641891789176850000,52.8,2,52.6,3,52.8,10,1,2022-01-11 09:03:09
1641891789445056000,52.6,1,52.6,2,52.8,10,2,2022-01-11 09:03:09
1641891790040426000,52.6,1,52.6,1,52.8,10,2,2022-01-11 09:03:10
1641891790316329000,52.6,1,52.5,15,52.8,10,2,2022-01-11 09:03:10
1641891790691909000,52.5,15,52.3,2,52.8,10,2,2022-01-11 09:03:10
1641891790691909000,52.4,3,52.3,2,52.8,10,2,2022-01-11 09:03:10
1641891790691909000,52.3,4,52.3,2,52.8,10,2,2022-01-11 09:03:10
1641891790727265000,52.7,1,52.4,2,52.7,11,1,2022-01-11 09:03:10
1641891791093112000,52.4,1,52.4,1,52.6,1,2,2022-01-11 09:03:11
1641891791434288000,52.6,1,52.4,1,52.7,11,1,2022-01-11 09:03:11
1641891792812883000,52.6,1,52.5,3,52.6,2,2,2022-01-11 09:03:12
1641891792845986000,52.6,2,52.5,3,52.7,5,1,2022-01-11 09:03:12
1641891792912404000,52.7,3,52.5,3,52.7,2,1,2022-01-11 09:03:12
1641891794603195000,52.7,1,52.5,25,52.7,8,1,2022-01-11 09:03:14
1641891795196773000,52.6,1,52.6,1,52.7,8,2,2022-01-11 09:03:15
1641891795229451000,52.6,1,52.5,25,52.7,8,2,2022-01-11 09:03:15
1641891795415049000,52.5,6,52.5,19,52.7,8,2,2022-01-11 09:03:15
1641891795915548000,52.6,2,52.6,1,52.7,8,2,2022-01-11 09:03:15
1641891796743015000,52.6,1,52.5,16,52.7,8,2,2022-01-11 09:03:16
1641891796743015000,52.5,3,52.5,16,52.7,8,2,2022-01-11 09:03:16
1641891797901128000,52.5,1,52.5,15,52.6,11,2,2022-01-11 09:03:17
1641891797978027000,52.6,1,52.5,15,52.6,10,1,2022-01-11 09:03:17
1641891798057037000,52.6,3,52.5,15,52.6,7,1,2022-01-11 09:03:18
1641891798102400000,52.5,1,52.5,14,52.6,7,2,2022-01-11 09:03:18
1641891798160389000,52.5,1,52.5,13,52.6,8,2,2022-01-11 09:03:18
1641891798386698000,52.5,3,52.5,10,52.6,10,2,2022-01-11 09:03:18
1641891798535688000,52.6,1,52.5,10,52.6,9,1,2022-01-11 09:03:18
1641891798947747000,52.6,1,52.5,10,52.6,8,1,2022-01-11 09:03:18
1641891799028164000,52.5,1,52.5,9,52.6,8,2,2022-01-11 09:03:19
1641891799053681000,52.5,3,52.5,6,52.6,8,2,2022-01-11 09:03:19
1641891799102894000,52.6,1,52.5,6,52.6,7,1,2022-01-11 09:03:19
1641891799197380000,52.5,3,52.5,3,52.6,7,2,2022-01-11 09:03:19
1641891799762576000,52.6,4,52.5,3,52.6,3,1,2022-01-11 09:03:19
1641891799804878000,52.5,1,52.5,2,52.6,3,2,2022-01-11 09:03:19
1641891800452577000,52.5,2,52.4,1,52.6,6,2,2022-01-11 09:03:20
1641891800515683000,52.5,1,52.4,2,52.6,6,1,2022-01-11 09:03:20
1641891801042167000,52.6,1,52.4,2,52.6,6,1,2022-01-11 09:03:21
1641891801178166000,52.5,1,52.4,2,52.5,1,1,2022-01-11 09:03:21
1641891801210217000,52.5,1,52.4,2,52.6,6,1,2022-01-11 09:03:21
1641891801591810000,52.4,1,52.4,1,52.6,6,2,2022-01-11 09:03:21
1641891801881805000,52.6,2,52.3,4,52.6,4,1,2022-01-11 09:03:21
1641891802158182000,52.6,2,52.3,4,52.6,2,1,2022-01-11 09:03:22
1641891802178715000,52.5,1,52.3,4,52.6,1,1,2022-01-11 09:03:22
1641891802178715000,52.6,1,52.3,4,52.6,1,1,2022-01-11 09:03:22
1641891803222372000,52.5,1,52.3,4,52.5,1,1,2022-01-11 09:03:23
1641891803245692000,52.5,1,52.3,4,52.6,1,1,2022-01-11 09:03:23
1641891803666201000,52.4,5,52.3,4,52.6,1,1,2022-01-11 09:03:23
1641891804667417000,52.5,1,52.5,4,52.6,1,2,2022-01-11 09:03:24
1641891805181416000,52.5,2,52.5,2,52.6,1,2,2022-01-11 09:03:25
1641891805282417000,52.5,2,52.4,6,52.6,2,2,2022-01-11 09:03:25
1641891805282417000,52.4,3,52.4,6,52.6,2,2,2022-01-11 09:03:25
1641891806222459000,52.5,1,52.4,6,52.5,3,1,2022-01-11 09:03:26
1641891806253122000,52.5,3,52.4,6,52.6,3,1,2022-01-11 09:03:26
1641891806518175000,52.5,2,52.5,3,52.6,3,2,2022-01-11 09:03:26
1641891806833738000,52.6,1,52.5,3,52.6,2,1,2022-01-11 09:03:26
1641891806871843000,52.6,1,52.5,3,52.6,1,1,2022-01-11 09:03:26
1641891806878379000,52.5,3,52.4,6,52.6,1,2,2022-01-11 09:03:26
1641891806882031000,52.4,6,52.3,4,52.6,1,2,2022-01-11 09:03:26
1641891806882031000,52.3,10,52.3,4,52.6,1,2,2022-01-11 09:03:26
1641891806943158000,52.5,1,52.4,1,52.6,3,1,2022-01-11 09:03:26
1641891808601896000,52.5,1,52.4,2,52.6,3,1,2022-01-11 09:03:28
1641891809561744000,52.5,1,52.4,2,52.6,3,1,2022-01-11 09:03:29
1641891809619017000,52.6,1,52.4,2,52.6,2,1,2022-01-11 09:03:29
1641891809979117000,52.5,1,52.4,3,52.6,2,2,2022-01-11 09:03:29
1641891810010326000,52.6,2,52.6,3,52.7,8,1,2022-01-11 09:03:30
1641891810482487000,52.6,3,52.4,4,52.7,8,2,2022-01-11 09:03:30
1641891811001258000,52.5,6,52.4,3,52.7,8,2,2022-01-11 09:03:31
1641891811001258000,52.4,1,52.4,3,52.7,8,2,2022-01-11 09:03:31
1641891811077955000,52.4,1,52.4,2,52.7,8,2,2022-01-11 09:03:31
1641891811622460000,52.5,8,52.4,1,52.7,9,2,2022-01-11 09:03:31
1641891811622460000,52.4,2,52.4,1,52.7,9,2,2022-01-11 09:03:31
1641891811682467000,52.7,5,52.4,1,52.7,4,1,2022-01-11 09:03:31
1641891811713046000,52.7,3,52.4,1,52.7,1,1,2022-01-11 09:03:31
1641891811775632000,52.5,1,52.4,1,52.7,1,1,2022-01-11 09:03:31
1641891812863907000,52.6,1,52.6,1,52.7,2,2,2022-01-11 09:03:32
1641891812890645000,52.6,1,52.5,1,52.7,2,2,2022-01-11 09:03:32
1641891812942367000,52.5,1,52.4,2,52.7,2,2,2022-01-11 09:03:32
1641891813340388000,52.4,2,52.3,2,52.7,2,2,2022-01-11 09:03:33
1641891813340388000,52.3,2,52.3,2,52.7,2,2,2022-01-11 09:03:33
1641891814336863000,52.5,1,52.5,4,52.7,3,2,2022-01-11 09:03:34
1641891814618051000,52.5,1,52.5,3,52.7,3,2,2022-01-11 09:03:34
1641891816466687000,52.5,1,52.5,3,52.6,1,2,2022-01-11 09:03:36
1641891816890102000,52.6,1,52.5,3,52.7,3,1,2022-01-11 09:03:36
1641891817238170000,52.5,3,52.4,1,52.5,7,2,2022-01-11 09:03:37
1641891817276728000,52.5,7,52.4,1,52.7,3,1,2022-01-11 09:03:37
1641891818306000000,52.7,1,52.5,2,52.7,2,1,2022-01-11 09:03:38
1641891819196862000,52.5,1,52.5,7,52.7,2,2,2022-01-11 09:03:39
1641891819785114000,52.5,11,52.4,1,52.5,9,2,2022-01-11 09:03:39
1641891819815161000,52.5,9,52.4,1,52.7,2,1,2022-01-11 09:03:39
1641891820502918000,52.4,3,52.4,3,52.7,2,2,2022-01-11 09:03:40
1641891820793991000,52.6,1,52.4,3,52.7,3,2,2022-01-11 09:03:40
1641891822708977000,52.6,1,52.5,2,52.7,4,1,2022-01-11 09:03:42
1641891823652952000,52.7,3,52.6,1,52.8,1,1,2022-01-11 09:03:43
1641891824091320000,52.6,1,52.5,3,52.8,1,2,2022-01-11 09:03:44
1641891824091320000,52.5,1,52.5,3,52.8,1,2,2022-01-11 09:03:44
1641891824360447000,52.5,1,52.5,2,52.8,1,2,2022-01-11 09:03:44
1641891824844344000,52.6,2,52.6,2,52.7,1,2,2022-01-11 09:03:44
1641891824856162000,52.7,1,52.6,2,52.8,1,1,2022-01-11 09:03:44
1641891825371218000,52.7,1,52.7,9,52.8,1,2,2022-01-11 09:03:45
1641891825900520000,52.7,1,52.7,8,52.8,1,2,2022-01-11 09:03:45
1641891826583777000,52.7,1,52.7,7,52.8,1,2,2022-01-11 09:03:46
1641891826626230000,52.7,3,52.7,4,52.8,1,2,2022-01-11 09:03:46
1641891826626279000,52.7,4,52.6,2,52.8,1,2,2022-01-11 09:03:46
1641891826867050000,52.6,2,52.5,1,52.8,1,2,2022-01-11 09:03:46
1641891826867050000,52.5,4,52.5,1,52.8,1,2,2022-01-11 09:03:46
1641891827349134000,52.5,1,52.4,7,52.8,1,2,2022-01-11 09:03:47
1641891827349134000,52.4,4,52.4,7,52.8,1,2,2022-01-11 09:03:47
1641891827478166000,52.5,2,52.4,7,52.7,2,2,2022-01-11 09:03:47
1641891830163292000,52.7,1,52.5,2,52.7,3,1,2022-01-11 09:03:50
1641891830427494000,52.5,2,52.4,27,52.7,5,2,2022-01-11 09:03:50
1641891830427494000,52.4,1,52.4,27,52.7,5,2,2022-01-11 09:03:50
1641891832189015000,52.7,1,52.4,27,52.7,8,1,2022-01-11 09:03:52
1641891832232054000,52.4,1,52.4,26,52.7,8,2,2022-01-11 09:03:52
1641891832718796000,52.4,2,52.4,24,52.7,8,2,2022-01-11 09:03:52
1641891833726827000,52.5,1,52.4,24,52.7,8,2,2022-01-11 09:03:53
1641891833802740000,52.5,1,52.4,24,52.7,8,1,2022-01-11 09:03:53
1641891834135654000,52.5,1,52.4,24,52.7,8,2,2022-01-11 09:03:54
1641891834284739000,52.4,1,52.4,23,52.7,8,2,2022-01-11 09:03:54
1641891835138100000,52.5,5,52.4,24,52.5,1,1,2022-01-11 09:03:55
1641891835160295000,52.5,1,52.4,24,52.7,8,1,2022-01-11 09:03:55
1641891835706084000,52.5,1,52.4,24,52.7,8,1,2022-01-11 09:03:55
1641891836490742000,52.4,1,52.4,23,52.7,8,2,2022-01-11 09:03:56
1641891837800440000,52.5,1,52.5,1,52.7,8,2,2022-01-11 09:03:57
1641891839424268000,52.6,1,52.6,4,52.7,8,2,2022-01-11 09:03:59
1641891839460438000,52.6,4,52.5,4,52.7,8,2,2022-01-11 09:03:59
1641891839485601000,52.5,1,52.5,3,52.7,8,2,2022-01-11 09:03:59
1641891840336407000,52.6,1,52.5,4,52.7,4,1,2022-01-11 09:04:00
1641891840336407000,52.7,4,52.5,4,52.7,4,1,2022-01-11 09:04:00
1641891840457124000,52.5,1,52.5,3,52.7,4,2,2022-01-11 09:04:00
1641891840721171000,52.5,3,52.4,26,52.7,4,2,2022-01-11 09:04:00
1641891841291336000,52.5,1,52.4,26,52.5,1,1,2022-01-11 09:04:01
1641891841300750000,52.5,1,52.5,2,52.6,2,1,2022-01-11 09:04:01
1641891841389276000,52.5,1,52.5,1,52.6,2,2,2022-01-11 09:04:01
1641891841834616000,52.5,1,52.4,26,52.6,2,2,2022-01-11 09:04:01
1641891841992593000,52.4,3,52.4,23,52.6,3,2,2022-01-11 09:04:01
1641891842391932000,52.4,2,52.4,21,52.6,3,2,2022-01-11 09:04:02
1641891843464967000,52.4,1,52.4,21,52.6,9,2,2022-01-11 09:04:03
1641891844045527000,52.4,1,52.4,20,52.6,9,2,2022-01-11 09:04:04
1641891845853791000,52.5,2,52.5,15,52.6,20,2,2022-01-11 09:04:05
1641891848368632000,52.5,1,52.5,14,52.6,19,2,2022-01-11 09:04:08
1641891848395687000,52.5,3,52.5,11,52.6,18,2,2022-01-11 09:04:08
1641891848514761000,52.5,1,52.5,10,52.6,18,2,2022-01-11 09:04:08
1641891848811724000,52.5,1,52.5,10,52.6,18,2,2022-01-11 09:04:08
1641891849087669000,52.5,2,52.5,8,52.6,18,2,2022-01-11 09:04:09
1641891849256309000,52.5,1,52.5,9,52.6,18,2,2022-01-11 09:04:09
1641891849694430000,52.5,9,52.4,27,52.5,1,2,2022-01-11 09:04:09
1641891849717446000,52.4,1,52.4,26,52.5,1,2,2022-01-11 09:04:09
1641891849736470000,52.4,1,52.4,25,52.5,2,2,2022-01-11 09:04:09
1641891850472373000,52.5,1,52.4,26,52.5,2,1,2022-01-11 09:04:10
1641891850861182000,52.4,5,52.4,21,52.5,15,2,2022-01-11 09:04:10
1641891851837129000,52.4,2,52.4,19,52.5,27,2,2022-01-11 09:04:11
1641891852382294000,52.4,1,52.4,18,52.5,31,2,2022-01-11 09:04:12
1641891852781832000,52.4,10,52.4,8,52.5,31,2,2022-01-11 09:04:12
1641891852821634000,52.4,8,52.3,12,52.5,31,2,2022-01-11 09:04:12
1641891852890345000,52.3,3,52.3,8,52.4,1,2,2022-01-11 09:04:12
1641891852923673000,52.3,8,52.2,9,52.4,1,2,2022-01-11 09:04:12
1641891853077755000,52.2,9,52.1,28,52.3,1,2,2022-01-11 09:04:13
1641891853077755000,52.1,1,52.1,28,52.3,1,2,2022-01-11 09:04:13
1641891853095665000,52.1,5,52.1,23,52.3,1,2,2022-01-11 09:04:13
1641891853274368000,52.3,1,52.1,23,52.5,31,1,2022-01-11 09:04:13
1641891853274368000,52.4,9,52.1,23,52.5,31,1,2022-01-11 09:04:13
1641891853799666000,52.3,10,52.2,7,52.3,2,1,2022-01-11 09:04:13
1641891854174338000,52.3,1,52.2,7,52.3,1,1,2022-01-11 09:04:14
1641891855887678000,52.3,1,52.2,9,52.4,1,1,2022-01-11 09:04:15
1641891856716774000,52.4,1,52.3,1,52.5,30,1,2022-01-11 09:04:16
1641891856930648000,52.3,1,52.1,24,52.5,22,2,2022-01-11 09:04:16
1641891856930648000,52.2,9,52.1,24,52.5,22,2,2022-01-11 09:04:16
1641891858259600000,52.4,1,52.2,2,52.4,1,1,2022-01-11 09:04:18
1641891859242993000,52.2,1,52.2,2,52.4,1,2,2022-01-11 09:04:19
1641891859791971000,52.4,1,52.4,1,52.5,25,1,2022-01-11 09:04:19
1641891860761407000,52.5,1,52.4,1,52.5,24,1,2022-01-11 09:04:20
1641891861631192000,52.4,1,52.3,10,52.5,22,2,2022-01-11 09:04:21
1641891861631192000,52.3,1,52.3,10,52.5,22,2,2022-01-11 09:04:21
1641891862506142000,52.5,5,52.3,10,52.5,16,1,2022-01-11 09:04:22
1641891864862629000,52.3,5,52.3,15,52.4,4,2,2022-01-11 09:04:24
1641891865139052000,52.3,7,52.3,8,52.4,7,2,2022-01-11 09:04:25
1641891865155883000,52.3,7,52.3,1,52.4,7,2,2022-01-11 09:04:25
1641891865331654000,52.3,1,52.2,7,52.4,8,2,2022-01-11 09:04:25
1641891866821269000,52.2,1,52.2,6,52.4,8,2,2022-01-11 09:04:26
1641891866835624000,52.2,1,52.2,5,52.4,8,2,2022-01-11 09:04:26
1641891866838536000,52.2,1,52.2,4,52.4,8,2,2022-01-11 09:04:26
1641891866841082000,52.2,1,52.2,3,52.4,8,2,2022-01-11 09:04:26
1641891867692592000,52.4,8,52.4,2,52.5,16,1,2022-01-11 09:04:27
1641891867710413000,52.4,2,52.2,3,52.5,16,2,2022-01-11 09:04:27
1641891868404940000,52.4,1,52.2,3,52.5,22,1,2022-01-11 09:04:28
1641891868743072000,52.5,1,52.3,1,52.5,21,1,2022-01-11 09:04:28
1641891868941974000,52.3,1,52.2,3,52.3,1,2,2022-01-11 09:04:28
1641891871817523000,52.2,1,52.2,4,52.3,2,2,2022-01-11 09:04:31
1641891871976688000,52.2,1,52.2,4,52.3,2,2,2022-01-11 09:04:31
1641891873558155000,52.3,1,52.2,9,52.3,1,1,2022-01-11 09:04:33
1641891873584637000,52.3,1,52.2,9,52.3,1,1,2022-01-11 09:04:33
1641891874134412000,52.3,1,52.2,9,52.4,1,1,2022-01-11 09:04:34
1641891874287805000,52.2,1,52.2,8,52.4,2,2,2022-01-11 09:04:34
1641891874390784000,52.2,1,52.2,7,52.4,2,2,2022-01-11 09:04:34
1641891874752243000,52.2,1,52.2,6,52.4,2,2,2022-01-11 09:04:34
1641891876561189000,52.3,1,52.2,6,52.4,5,2,2022-01-11 09:04:36
1641891876561189000,52.2,1,52.2,6,52.4,5,2,2022-01-11 09:04:36
1641891876818514000,52.2,2,52.2,4,52.4,5,2,2022-01-11 09:04:36
1641891877794241000,52.3,1,52.3,9,52.4,5,1,2022-01-11 09:04:37
1641891878085204000,52.3,5,52.3,4,52.4,5,2,2022-01-11 09:04:38
1641891878959467000,52.3,1,52.3,3,52.4,5,2,2022-01-11 09:04:38
1641891879972693000,52.3,1,52.3,2,52.4,5,2,2022-01-11 09:04:39
1641891880011239000,52.3,2,52.2,6,52.4,5,2,2022-01-11 09:04:40
1641891880548925000,52.4,1,52.2,6,52.4,4,1,2022-01-11 09:04:40
1641891881373393000,52.2,1,52.2,6,52.4,4,2,2022-01-11 09:04:41
1641891882449830000,52.2,1,52.2,5,52.3,2,2,2022-01-11 09:04:42
1641891884511790000,52.3,1,52.2,7,52.3,3,1,2022-01-11 09:04:44
1641891884964624000,52.2,1,52.2,6,52.3,3,2,2022-01-11 09:04:44
1641891886534114000,52.2,1,52.2,8,52.3,8,2,2022-01-11 09:04:46
1641891886674649000,52.2,1,52.2,7,52.3,8,2,2022-01-11 09:04:46
1641891886862879000,52.3,2,52.2,7,52.3,6,1,2022-01-11 09:04:46
1641891889044872000,52.2,1,52.2,7,52.3,6,2,2022-01-11 09:04:49
1641891889312532000,52.3,1,52.2,7,52.3,5,1,2022-01-11 09:04:49
1641891889656780000,52.3,1,52.2,8,52.3,4,1,2022-01-11 09:04:49
1641891891451187000,52.2,3,52.2,5,52.3,4,2,2022-01-11 09:04:51
1641891891579465000,52.2,1,52.2,4,52.3,4,2,2022-01-11 09:04:51
1641891892081294000,52.3,1,52.2,4,52.3,3,1,2022-01-11 09:04:52
1641891892200111000,52.3,1,52.2,5,52.3,2,1,2022-01-11 09:04:52
1641891893424035000,52.3,1,52.2,11,52.3,1,1,2022-01-11 09:04:53
1641891895225640000,52.3,1,52.2,11,52.3,1,1,2022-01-11 09:04:55
1641891896590333000,52.3,1,52.3,1,52.4,14,1,2022-01-11 09:04:56
1641891896792066000,52.3,1,52.2,12,52.4,14,2,2022-01-11 09:04:56
1641891898190297000,52.3,1,52.2,12,52.4,14,1,2022-01-11 09:04:58
1641891898299435000,52.4,1,52.2,11,52.4,13,1,2022-01-11 09:04:58
1641891899111050000,52.2,5,52.2,11,52.3,1,2,2022-01-11 09:04:59
1641891899139791000,52.3,1,52.2,11,52.4,13,1,2022-01-11 09:04:59
1641891899623992000,52.3,2,52.3,3,52.4,13,2,2022-01-11 09:04:59
1641891899921123000,52.3,2,52.3,1,52.4,13,2,2022-01-11 09:04:59
1641891900353090000,52.3,1,52.2,11,52.4,13,2,2022-01-11 09:05:00
1641891903376346000,52.4,1,52.3,2,52.4,14,1,2022-01-11 09:05:03
1641891903407560000,52.4,4,52.3,2,52.4,10,1,2022-01-11 09:05:03
1641891904186269000,52.4,2,52.3,2,52.4,8,1,2022-01-11 09:05:04
1641891904212826000,52.4,8,52.3,2,52.5,14,1,2022-01-11 09:05:04
1641891905149941000,52.3,2,52.2,9,52.5,14,2,2022-01-11 09:05:05
1641891905149941000,52.2,2,52.2,9,52.5,14,2,2022-01-11 09:05:05
1641891905456673000,52.5,3,52.2,10,52.5,11,1,2022-01-11 09:05:05
1641891905748093000,52.3,1,52.2,10,52.5,11,1,2022-01-11 09:05:05
1641891907695183000,52.4,1,52.2,10,52.5,11,2,2022-01-11 09:05:07
1641891907837059000,52.5,1,52.2,10,52.5,10,1,2022-01-11 09:05:07
1641891911177838000,52.4,3,52.3,2,52.5,12,2,2022-01-11 09:05:11
1641891911177838000,52.3,2,52.3,2,52.5,12,2,2022-01-11 09:05:11
1641891912253132000,52.4,1,52.4,14,52.5,12,2,2022-01-11 09:05:12
1641891913784495000,52.5,2,52.4,14,52.5,10,1,2022-01-11 09:05:13
1641891915287695000,52.5,2,52.4,14,52.5,9,1,2022-01-11 09:05:15
1641891915514102000,52.5,9,52.4,16,52.6,4,1,2022-01-11 09:05:15
1641891915514102000,52.6,1,52.4,16,52.6,4,1,2022-01-11 09:05:15
1641891916230729000,52.5,1,52.4,16,52.6,4,2,2022-01-11 09:05:16
1641891916244901000,52.4,1,52.4,15,52.6,4,2,2022-01-11 09:05:16
1641891916584494000,52.6,1,52.4,15,52.6,3,1,2022-01-11 09:05:16
1641891920918064000,52.6,1,52.5,2,52.6,2,1,2022-01-11 09:05:20
1641891921177590000,52.6,2,52.5,5,52.7,5,1,2022-01-11 09:05:21
1641891922725259000,52.5,3,52.5,4,52.7,8,2,2022-01-11 09:05:22
1641891923263026000,52.5,5,52.4,19,52.7,8,2,2022-01-11 09:05:23
1641891923572179000,52.6,1,52.4,21,52.7,7,1,2022-01-11 09:05:23
1641891923572179000,52.7,1,52.4,21,52.7,7,1,2022-01-11 09:05:23
1641891923912113000,52.4,1,52.4,20,52.7,7,2,2022-01-11 09:05:23
1641891925236885000,52.4,1,52.4,19,52.7,7,2,2022-01-11 09:05:25
1641891925699383000,52.5,1,52.4,19,52.5,1,1,2022-01-11 09:05:25
1641891926178912000,52.4,3,52.4,19,52.5,1,2,2022-01-11 09:05:26
1641891926358997000,52.5,1,52.4,19,52.7,7,1,2022-01-11 09:05:26
1641891927283680000,52.6,1,52.4,19,52.7,6,1,2022-01-11 09:05:27
1641891927283680000,52.7,1,52.4,19,52.7,6,1,2022-01-11 09:05:27
1641891927662821000,52.7,3,52.4,20,52.7,23,1,2022-01-11 09:05:27
1641891932799831000,52.7,10,52.5,4,52.7,13,1,2022-01-11 09:05:32
1641891934477173000,52.6,2,52.5,4,52.7,18,2,2022-01-11 09:05:34
1641891934899154000,52.7,1,52.5,4,52.7,17,1,2022-01-11 09:05:34
1641891934903977000,52.7,1,52.5,4,52.7,16,1,2022-01-11 09:05:34
1641891935422892000,52.5,1,52.5,3,52.7,16,2,2022-01-11 09:05:35
1641891935463378000,52.7,6,52.5,3,52.7,10,1,2022-01-11 09:05:35
1641891935842848000,52.7,1,52.5,3,52.7,9,1,2022-01-11 09:05:35
1641891936099975000,52.5,3,52.4,20,52.7,9,2,2022-01-11 09:05:36
1641891936307999000,52.7,1,52.4,20,52.7,8,1,2022-01-11 09:05:36
1641891937554283000,52.7,1,52.4,19,52.7,8,1,2022-01-11 09:05:37
1641891938136489000,52.7,2,52.5,1,52.7,6,1,2022-01-11 09:05:38
1641891939230241000,52.7,5,52.5,1,52.7,1,1,2022-01-11 09:05:39
1641891939271429000,52.7,1,52.5,1,52.8,2,1,2022-01-11 09:05:39
1641891941278682000,52.5,1,52.5,1,52.8,3,2,2022-01-11 09:05:41
1641891941925093000,52.7,1,52.5,1,52.8,2,2,2022-01-11 09:05:41
1641891943632718000,52.6,1,52.5,3,52.8,2,2,2022-01-11 09:05:43
1641891944931753000,52.6,2,52.6,6,52.8,22,2,2022-01-11 09:05:44
1641891945157429000,52.8,2,52.6,6,52.8,20,1,2022-01-11 09:05:45
1641891947871061000,52.6,3,52.6,3,52.8,20,2,2022-01-11 09:05:47
1641891948343043000,52.8,1,52.6,3,52.8,20,1,2022-01-11 09:05:48
1641891948581777000,52.8,1,52.6,3,52.8,19,1,2022-01-11 09:05:48
1641891949640514000,52.7,2,52.6,3,52.8,11,1,2022-01-11 09:05:49
1641891949640514000,52.8,8,52.6,3,52.8,11,1,2022-01-11 09:05:49
1641891950151150000,52.7,1,52.6,3,52.8,10,2,2022-01-11 09:05:50
1641891950200472000,52.8,1,52.6,3,52.8,9,1,2022-01-11 09:05:50
1641891951914112000,52.8,3,52.6,7,52.8,11,1,2022-01-11 09:05:51
1641891956364297000,52.8,10,52.6,9,52.8,5,1,2022-01-11 09:05:56
1641891956803449000,52.8,1,52.7,1,52.8,4,1,2022-01-11 09:05:56
1641891958156305000,52.7,1,52.6,11,52.7,1,2,2022-01-11 09:05:58
1641891958461660000,52.7,1,52.6,11,52.8,2,1,2022-01-11 09:05:58
1641891958461660000,52.8,2,52.6,11,52.8,2,1,2022-01-11 09:05:58
1641891958949187000,52.8,1,52.6,11,52.8,1,1,2022-01-11 09:05:58
1641891960729348000,52.8,4,52.6,13,52.9,3,1,2022-01-11 09:06:00
1641891961165633000,52.7,10,52.6,13,52.9,5,2,2022-01-11 09:06:01
1641891961933145000,52.8,1,52.7,1,52.9,10,2,2022-01-11 09:06:01
1641891962460025000,52.8,2,52.7,2,52.9,10,1,2022-01-11 09:06:02
1641891963141858000,52.7,1,52.7,3,52.9,10,2,2022-01-11 09:06:03
1641891963195078000,52.9,4,52.7,3,52.9,6,1,2022-01-11 09:06:03
1641891963901247000,52.8,1,52.6,12,52.9,6,2,2022-01-11 09:06:03
1641891963901247000,52.7,3,52.6,12,52.9,6,2,2022-01-11 09:06:03
1641891965293809000,52.6,1,52.6,8,52.7,7,2,2022-01-11 09:06:05
1641891968117868000,52.6,1,52.6,6,52.7,7,2,2022-01-11 09:06:08
1641891969973702000,52.7,1,52.6,6,52.7,6,1,2022-01-11 09:06:09
1641891970012438000,52.6,6,52.5,13,52.7,6,2,2022-01-11 09:06:10
1641891972328901000,52.6,2,52.5,9,52.7,6,2,2022-01-11 09:06:12
1641891972328901000,52.5,6,52.5,9,52.7,6,2,2022-01-11 09:06:12
1641891973734487000,52.6,1,52.5,9,52.7,10,1,2022-01-11 09:06:13
1641891974949762000,52.7,2,52.5,10,52.7,10,1,2022-01-11 09:06:14
1641891975931823000,52.7,1,52.5,10,52.7,10,1,2022-01-11 09:06:15
1641891976368219000,52.6,1,52.5,10,52.6,3,1,2022-01-11 09:06:16
1641891978351340000,52.6,2,52.5,11,52.6,2,1,2022-01-11 09:06:18
1641891980818974000,52.6,1,52.5,18,52.7,10,1,2022-01-11 09:06:20
1641891981055200000,52.7,1,52.5,19,52.7,9,1,2022-01-11 09:06:21
1641891981227624000,52.7,1,52.5,19,52.7,8,1,2022-01-11 09:06:21
1641891983856707000,52.6,2,52.5,29,52.7,9,2,2022-01-11 09:06:23
1641891987042219000,52.6,1,52.5,28,52.7,11,2,2022-01-11 09:06:27
1641891989255346000,52.6,1,52.5,31,52.7,11,2,2022-01-11 09:06:29
1641891992117962000,52.6,1,52.5,31,52.6,1,1,2022-01-11 09:06:32
1641891995232597000,52.6,1,52.5,32,52.6,3,1,2022-01-11 09:06:35
1641891996345092000,52.6,1,52.5,32,52.6,2,1,2022-01-11 09:06:36
1641891996750908000,52.5,5,52.5,27,52.6,4,2,2022-01-11 09:06:36
1641891996785999000,52.6,1,52.5,27,52.6,3,1,2022-01-11 09:06:36
1641891997250990000,52.6,1,52.5,27,52.6,3,1,2022-01-11 09:06:37
1641891998031947000,52.5,1,52.5,26,52.6,4,2,2022-01-11 09:06:38
1641891999830133000,52.6,1,52.5,26,52.6,15,1,2022-01-11 09:06:39
1641891999839700000,52.5,2,52.5,24,52.6,15,2,2022-01-11 09:06:39
1641892000271762000,52.5,15,52.5,10,52.6,13,2,2022-01-11 09:06:40
1641892000294600000,52.5,10,52.4,17,52.6,13,2,2022-01-11 09:06:40
1641892001120962000,52.5,1,52.4,17,52.5,5,1,2022-01-11 09:06:41
1641892006981802000,52.5,1,52.4,17,52.5,7,1,2022-01-11 09:06:46
1641892008436384000,52.4,1,52.4,16,52.5,7,2,2022-01-11 09:06:48
1641892009422730000,52.5,1,52.4,16,52.5,7,1,2022-01-11 09:06:49
1641892010119056000,52.5,1,52.4,16,52.5,6,1,2022-01-11 09:06:50
1641892010629805000,52.5,5,52.4,16,52.5,1,1,2022-01-11 09:06:50
1641892011995578000,52.5,1,52.4,19,52.5,1,1,2022-01-11 09:06:51
1641892012025713000,52.5,1,52.4,19,52.6,14,1,2022-01-11 09:06:52
1641892012209431000,52.4,10,52.4,9,52.6,14,2,2022-01-11 09:06:52
1641892013186354000,52.5,1,52.5,9,52.6,14,2,2022-01-11 09:06:53
1641892014121298000,52.6,2,52.5,11,52.6,12,1,2022-01-11 09:06:54
1641892014491779000,52.6,2,52.5,11,52.6,10,1,2022-01-11 09:06:54
1641892015426453000,52.5,1,52.5,14,52.6,10,2,2022-01-11 09:06:55
1641892018719882000,52.6,1,52.5,12,52.6,9,1,2022-01-11 09:06:58
1641892019523019000,52.5,1,52.5,11,52.6,9,2,2022-01-11 09:06:59
1641892020206354000,52.5,2,52.5,9,52.6,9,2,2022-01-11 09:07:00
1641892020625838000,52.5,1,52.5,8,52.6,9,2,2022-01-11 09:07:00
1641892022382788000,52.5,1,52.5,18,52.6,9,2,2022-01-11 09:07:02
1641892023260853000,52.6,2,52.5,19,52.6,7,1,2022-01-11 09:07:03
1641892023533425000,52.5,1,52.5,19,52.6,7,2,2022-01-11 09:07:03
1641892024611658000,52.5,1,52.5,19,52.6,7,2,2022-01-11 09:07:04
1641892025568266000,52.5,2,52.5,17,52.6,7,2,2022-01-11 09:07:05
1641892025604602000,52.5,12,52.5,5,52.6,7,2,2022-01-11 09:07:05
1641892028550441000,52.6,1,52.5,10,52.6,11,1,2022-01-11 09:07:08
1641892028936261000,52.5,3,52.5,7,52.6,11,2,2022-01-11 09:07:08
1641892028968404000,52.5,1,52.5,6,52.6,11,2,2022-01-11 09:07:08
1641892029462752000,52.5,1,52.5,5,52.6,11,2,2022-01-11 09:07:09
1641892029591589000,52.6,11,52.5,5,52.9,4,1,2022-01-11 09:07:09
1641892029591589000,52.7,5,52.5,5,52.9,4,1,2022-01-11 09:07:09
1641892029591589000,52.8,2,52.5,5,52.9,4,1,2022-01-11 09:07:09
1641892029591589000,52.9,2,52.5,5,52.9,4,1,2022-01-11 09:07:09
1641892030098805000,52.6,1,52.5,5,52.8,4,2,2022-01-11 09:07:10
1641892030554957000,52.5,1,52.5,4,52.8,4,2,2022-01-11 09:07:10
1641892033051625000,52.5,1,52.5,4,52.8,4,2,2022-01-11 09:07:13
1641892044583802000,52.8,5,52.6,4,52.8,2,1,2022-01-11 09:07:24
1641892045066266000,52.6,1,52.6,5,52.8,1,2,2022-01-11 09:07:25
1641892045837198000,52.6,2,52.6,5,52.8,1,2,2022-01-11 09:07:25
1641892050990642000,52.6,8,52.5,14,52.8,5,2,2022-01-11 09:07:30
1641892050990642000,52.5,1,52.5,14,52.8,5,2,2022-01-11 09:07:30
1641892054261608000,52.5,1,52.5,14,52.7,5,2,2022-01-11 09:07:34
1641892058933119000,52.6,1,52.6,1,52.7,5,2,2022-01-11 09:07:38
1641892059997662000,52.5,1,52.5,16,52.6,1,2,2022-01-11 09:07:39
1641892060547399000,52.6,1,52.5,16,52.7,5,1,2022-01-11 09:07:40
1641892063516885000,52.6,1,52.5,17,52.7,5,2,2022-01-11 09:07:43
1641892065143276000,52.6,1,52.5,19,52.6,1,1,2022-01-11 09:07:45
1641892065158339000,52.6,1,52.5,19,52.7,5,1,2022-01-11 09:07:45
1641892065460246000,52.5,1,52.5,18,52.7,5,2,2022-01-11 09:07:45
1641892066178014000,52.7,2,52.6,1,52.7,3,1,2022-01-11 09:07:46
1641892067938040000,52.6,1,52.5,18,52.7,3,2,2022-01-11 09:07:47
1641892068785816000,52.6,1,52.6,1,52.7,3,2,2022-01-11 09:07:48
1641892069549629000,52.6,1,52.6,10,52.7,3,2,2022-01-11 09:07:49
1641892071956868000,52.7,1,52.6,22,52.7,4,1,2022-01-11 09:07:51
1641892072108307000,52.7,1,52.6,22,52.7,3,1,2022-01-11 09:07:52
1641892072161457000,52.7,1,52.6,22,52.7,2,1,2022-01-11 09:07:52
1641892072387187000,52.6,9,52.6,13,52.7,3,2,2022-01-11 09:07:52
1641892080107864000,52.6,1,52.6,15,52.7,3,2,2022-01-11 09:08:00
1641892081304413000,52.7,1,52.6,15,52.7,2,1,2022-01-11 09:08:01
1641892082553618000,52.6,6,52.6,9,52.7,2,2,2022-01-11 09:08:02
1641892084331187000,52.7,1,52.6,9,52.7,2,1,2022-01-11 09:08:04
1641892085213551000,52.6,1,52.6,8,52.7,3,2,2022-01-11 09:08:05
1641892085581809000,52.6,1,52.6,7,52.7,3,2,2022-01-11 09:08:05
1641892088484264000,52.6,7,52.5,16,52.7,3,2,2022-01-11 09:08:08
1641892088484264000,52.5,3,52.5,16,52.7,3,2,2022-01-11 09:08:08
1641892089974399000,52.6,1,52.5,16,52.7,4,2,2022-01-11 09:08:09
1641892090628763000,52.7,1,52.5,16,52.7,4,1,2022-01-11 09:08:10
1641892103762486000,52.7,1,52.6,5,52.7,6,1,2022-01-11 09:08:23
1641892105292669000,52.7,1,52.6,5,52.7,5,1,2022-01-11 09:08:25
1641892106598949000,52.7,1,52.6,5,52.7,4,1,2022-01-11 09:08:26
1641892109915767000,52.7,2,52.6,6,52.7,4,1,2022-01-11 09:08:29
1641892110412378000,52.7,1,52.6,6,52.7,3,1,2022-01-11 09:08:30
1641892112264453000,52.7,3,52.7,2,52.8,9,1,2022-01-11 09:08:32
1641892112318650000,52.7,2,52.6,11,52.8,9,2,2022-01-11 09:08:32
1641892113596613000,52.6,1,52.6,11,52.8,9,2,2022-01-11 09:08:33
1641892117500202000,52.7,1,52.7,4,52.8,12,2,2022-01-11 09:08:37
1641892117919762000,52.7,2,52.7,2,52.8,12,2,2022-01-11 09:08:37
1641892121214570000,52.8,2,52.7,3,52.8,12,1,2022-01-11 09:08:41
1641892125150176000,52.7,2,52.7,2,52.8,12,2,2022-01-11 09:08:45
1641892126247479000,52.8,4,52.7,2,52.8,8,1,2022-01-11 09:08:46
1641892127252723000,52.8,1,52.7,2,52.8,7,1,2022-01-11 09:08:47
1641892129348684000,52.8,2,52.7,2,52.8,5,1,2022-01-11 09:08:49
1641892130138195000,52.7,2,52.6,14,52.7,8,2,2022-01-11 09:08:50
1641892130303042000,52.7,1,52.6,14,52.7,7,1,2022-01-11 09:08:50
1641892132312132000,52.7,1,52.6,13,52.7,6,1,2022-01-11 09:08:52
1641892132407442000,52.7,1,52.6,13,52.7,5,1,2022-01-11 09:08:52
1641892133336556000,52.7,5,52.6,14,52.8,8,1,2022-01-11 09:08:53
1641892137022328000,52.7,1,52.6,14,52.7,9,1,2022-01-11 09:08:57
1641892138531226000,52.6,1,52.6,13,52.7,9,2,2022-01-11 09:08:58
1641892139490039000,52.6,13,52.5,15,52.6,3,2,2022-01-11 09:08:59
1641892139514361000,52.5,9,52.5,6,52.6,3,2,2022-01-11 09:08:59
1641892139544449000,52.5,6,52.4,9,52.6,4,2,2022-01-11 09:08:59
1641892139863278000,52.6,3,52.4,9,52.6,4,1,2022-01-11 09:08:59
1641892146730547000,52.4,3,52.4,8,52.6,8,2,2022-01-11 09:09:06
1641892148571417000,52.6,1,52.4,8,52.6,7,1,2022-01-11 09:09:08
1641892149201150000,52.5,3,52.4,8,52.6,7,1,2022-01-11 09:09:09
1641892149679050000,52.4,2,52.4,6,52.6,8,2,2022-01-11 09:09:09
1641892151075536000,52.5,1,52.5,1,52.6,8,2,2022-01-11 09:09:11
1641892151974465000,52.6,3,52.5,1,52.6,5,1,2022-01-11 09:09:11
1641892154723217000,52.6,1,52.5,1,52.6,5,1,2022-01-11 09:09:14
1641892156316157000,52.5,1,52.5,1,52.6,5,2,2022-01-11 09:09:16
1641892156596001000,52.5,1,52.4,1,52.6,5,2,2022-01-11 09:09:16
1641892156596001000,52.4,4,52.4,1,52.6,5,2,2022-01-11 09:09:16
1641892163738558000,52.5,1,52.4,7,52.6,6,2,2022-01-11 09:09:23
1641892166407789000,52.4,4,52.4,3,52.5,1,2,2022-01-11 09:09:26
1641892167840564000,52.4,2,52.4,1,52.5,1,2,2022-01-11 09:09:27
1641892167934284000,52.4,1,52.3,14,52.4,5,2,2022-01-11 09:09:27
1641892168044377000,52.3,4,52.3,10,52.4,6,2,2022-01-11 09:09:28
1641892168067886000,52.3,10,52.2,34,52.4,6,2,2022-01-11 09:09:28
1641892168995448000,52.4,1,52.2,34,52.4,7,1,2022-01-11 09:09:28
1641892169496076000,52.3,1,52.2,35,52.4,5,1,2022-01-11 09:09:29
1641892170797920000,52.4,1,52.2,35,52.4,7,1,2022-01-11 09:09:30
1641892171994691000,52.3,1,52.2,35,52.3,4,1,2022-01-11 09:09:31
1641892172671341000,52.3,5,52.3,5,52.4,7,1,2022-01-11 09:09:32
1641892173866824000,52.4,1,52.3,5,52.4,4,1,2022-01-11 09:09:33
1641892177581651000,52.4,1,52.2,35,52.4,8,1,2022-01-11 09:09:37
1641892181764502000,52.3,1,52.2,39,52.4,11,2,2022-01-11 09:09:41
1641892183377270000,52.4,3,52.2,39,52.4,10,1,2022-01-11 09:09:43
1641892184252758000,52.4,1,52.3,1,52.4,9,1,2022-01-11 09:09:44
1641892186730206000,52.4,1,52.3,1,52.4,8,1,2022-01-11 09:09:46
1641892187550034000,52.3,1,52.2,39,52.4,8,2,2022-01-11 09:09:47
1641892188834437000,52.2,20,52.2,19,52.4,8,2,2022-01-11 09:09:48
1641892189414261000,52.4,1,52.2,19,52.4,9,1,2022-01-11 09:09:49
1641892189496121000,52.2,10,52.2,9,52.4,9,2,2022-01-11 09:09:49
1641892189513080000,52.2,9,52.1,39,52.4,9,2,2022-01-11 09:09:49
1641892191718994000,52.2,1,52.1,39,52.3,3,1,2022-01-11 09:09:51
1641892192343347000,52.1,2,52.1,37,52.3,3,2,2022-01-11 09:09:52
1641892193993062000,52.3,1,52.1,33,52.3,2,1,2022-01-11 09:09:53
1641892195432955000,52.1,9,52.1,24,52.3,3,2,2022-01-11 09:09:55
1641892199611226000,52.2,1,52.2,4,52.3,3,2,2022-01-11 09:09:59
1641892205898286000,52.2,1,52.2,4,52.3,2,2,2022-01-11 09:10:05
1641892207829388000,52.2,1,52.2,4,52.3,4,2,2022-01-11 09:10:07
1641892207872623000,52.2,1,52.2,3,52.3,4,2,2022-01-11 09:10:07
1641892208776959000,52.2,1,52.2,2,52.3,5,2,2022-01-11 09:10:08
1641892210341810000,52.2,1,52.2,1,52.3,7,2,2022-01-11 09:10:10
1641892210381746000,52.2,1,52.1,24,52.3,7,2,2022-01-11 09:10:10
1641892213468319000,52.2,1,52.1,24,52.2,1,1,2022-01-11 09:10:13
1641892215443371000,52.2,1,52.1,22,52.2,2,1,2022-01-11 09:10:15
1641892215878980000,52.2,1,52.1,22,52.2,1,1,2022-01-11 09:10:15
1641892216414676000,52.2,1,52.1,23,52.2,12,1,2022-01-11 09:10:16
1641892218051655000,52.2,1,52.1,23,52.2,11,1,2022-01-11 09:10:18
1641892218613265000,52.1,1,52.1,22,52.2,11,2,2022-01-11 09:10:18
1641892218911030000,52.1,1,52.1,21,52.2,11,2,2022-01-11 09:10:18
1641892218940814000,52.2,2,52.1,21,52.2,9,1,2022-01-11 09:10:18
1641892220289994000,52.1,2,52.1,19,52.2,9,2,2022-01-11 09:10:20
1641892220322266000,52.2,2,52.1,19,52.2,7,1,2022-01-11 09:10:20
1641892227698758000,52.2,3,52.1,19,52.2,6,1,2022-01-11 09:10:27
1641892227800465000,52.1,1,52.1,18,52.2,6,2,2022-01-11 09:10:27
1641892229095999000,52.1,1,52.1,17,52.2,6,2,2022-01-11 09:10:29
1641892230168963000,52.1,2,52.1,15,52.2,6,2,2022-01-11 09:10:30
1641892231107937000,52.1,3,52.1,12,52.2,9,2,2022-01-11 09:10:31
1641892231451430000,52.1,4,52.1,8,52.2,15,2,2022-01-11 09:10:31
1641892232660346000,52.1,1,52.1,7,52.2,15,2,2022-01-11 09:10:32
1641892233060466000,52.1,7,52.0,79,52.2,15,2,2022-01-11 09:10:33
1641892233060466000,52.0,3,52.0,79,52.2,15,2,2022-01-11 09:10:33
1641892233103278000,52.0,1,52.0,78,52.2,15,2,2022-01-11 09:10:33
1641892234454645000,52.0,1,52.0,77,52.1,7,2,2022-01-11 09:10:34
1641892234523283000,52.1,5,52.0,77,52.1,2,1,2022-01-11 09:10:34
1641892235590168000,52.1,5,52.0,81,52.1,2,1,2022-01-11 09:10:35
1641892236542021000,52.1,1,52.0,81,52.1,2,1,2022-01-11 09:10:36
1641892239485838000,52.1,1,52.0,81,52.1,2,1,2022-01-11 09:10:39
1641892240522839000,52.1,1,52.0,81,52.1,1,1,2022-01-11 09:10:40
1641892240543775000,52.1,1,52.0,81,52.2,14,1,2022-01-11 09:10:40
1641892243230089000,52.1,1,52.0,79,52.1,1,2,2022-01-11 09:10:43
1641892243251268000,52.1,1,52.1,3,52.2,16,1,2022-01-11 09:10:43
1641892244969454000,52.1,1,52.1,3,52.2,16,2,2022-01-11 09:10:44
1641892246124280000,52.1,1,52.1,2,52.2,16,2,2022-01-11 09:10:46
1641892246848784000,52.1,1,52.1,1,52.2,16,2,2022-01-11 09:10:46
1641892247720513000,52.1,1,52.0,72,52.2,16,2,2022-01-11 09:10:47
1641892247720513000,52.0,1,52.0,72,52.2,16,2,2022-01-11 09:10:47
1641892248448263000,52.1,1,52.1,1,52.2,16,2,2022-01-11 09:10:48
1641892248869758000,52.1,1,52.0,73,52.2,16,2,2022-01-11 09:10:48
1641892249940383000,52.0,20,52.0,53,52.1,2,2,2022-01-11 09:10:49
1641892250118241000,52.0,11,52.0,42,52.1,3,2,2022-01-11 09:10:50
1641892250856687000,52.0,5,52.0,37,52.1,6,2,2022-01-11 09:10:50
1641892251692308000,52.0,10,52.0,27,52.1,6,2,2022-01-11 09:10:51
1641892252392897000,52.0,3,52.0,24,52.1,8,2,2022-01-11 09:10:52
1641892252451065000,52.0,2,52.0,22,52.1,8,2,2022-01-11 09:10:52
1641892252496204000,52.1,1,52.0,22,52.1,7,1,2022-01-11 09:10:52
1641892253099461000,52.0,3,52.0,19,52.1,7,2,2022-01-11 09:10:53
1641892253391604000,52.0,19,51.9,5,52.0,1,2,2022-01-11 09:10:53
1641892253474111000,51.9,1,51.9,4,52.0,3,2,2022-01-11 09:10:53
1641892253570066000,51.9,1,51.9,3,52.0,13,2,2022-01-11 09:10:53
1641892253613061000,51.9,2,51.9,1,52.0,13,2,2022-01-11 09:10:53
1641892253737457000,51.9,1,51.8,16,52.0,13,2,2022-01-11 09:10:53
1641892253737457000,51.8,4,51.8,16,52.0,13,2,2022-01-11 09:10:53
1641892253843453000,51.8,2,51.8,14,52.0,13,2,2022-01-11 09:10:53
1641892256776358000,51.8,1,51.8,13,51.9,6,2,2022-01-11 09:10:56
1641892256785987000,51.8,12,51.8,1,51.9,6,2,2022-01-11 09:10:56
1641892256843931000,51.8,1,51.7,16,51.9,6,2,2022-01-11 09:10:56
1641892257619429000,51.8,1,51.7,14,51.9,6,1,2022-01-11 09:10:57
1641892259845965000,51.7,10,51.7,4,51.8,3,2,2022-01-11 09:10:59
1641892259875211000,51.7,1,51.7,3,51.8,3,2,2022-01-11 09:10:59
1641892259938014000,51.7,3,51.6,11,51.8,3,2,2022-01-11 09:10:59
1641892259938014000,51.6,7,51.6,11,51.8,3,2,2022-01-11 09:10:59
1641892261964713000,51.6,7,51.6,4,51.7,3,2,2022-01-11 09:11:01
1641892262007099000,51.7,3,51.7,7,51.8,9,1,2022-01-11 09:11:02
1641892262233589000,51.8,1,51.7,7,51.8,8,1,2022-01-11 09:11:02
1641892263068404000,51.7,1,51.7,6,51.8,8,2,2022-01-11 09:11:03
1641892263088262000,51.8,2,51.7,6,51.8,6,1,2022-01-11 09:11:03
1641892263767668000,51.7,1,51.7,5,51.8,6,2,2022-01-11 09:11:03
1641892264053833000,51.7,1,51.7,4,51.8,6,2,2022-01-11 09:11:04
1641892264104736000,51.8,5,51.7,4,51.8,1,1,2022-01-11 09:11:04
1641892264406009000,51.7,2,51.7,2,51.8,2,2,2022-01-11 09:11:04
1641892265571209000,51.7,3,51.7,2,51.8,2,2,2022-01-11 09:11:05
1641892265793202000,51.7,1,51.7,1,51.8,2,2,2022-01-11 09:11:05
1641892266363838000,51.7,1,51.7,1,51.8,2,2,2022-01-11 09:11:06
1641892266399820000,51.8,2,51.8,8,51.9,5,1,2022-01-11 09:11:06
1641892266500254000,51.8,1,51.8,7,51.9,5,2,2022-01-11 09:11:06
1641892266840279000,51.8,2,51.8,6,51.9,5,2,2022-01-11 09:11:06
1641892268066380000,51.8,1,51.8,5,51.9,5,2,2022-01-11 09:11:08
1641892269106411000,51.8,1,51.8,4,51.9,5,2,2022-01-11 09:11:09
1641892269333287000,51.9,5,51.9,5,52.0,6,1,2022-01-11 09:11:09
1641892270017350000,51.9,1,51.9,4,52.0,6,2,2022-01-11 09:11:10
1641892270986506000,51.9,1,51.9,3,52.0,6,2,2022-01-11 09:11:10
1641892274666299000,51.9,1,51.9,5,52.0,9,2,2022-01-11 09:11:14
1641892275299805000,51.9,1,51.9,4,52.0,9,2,2022-01-11 09:11:15
1641892275748564000,51.9,1,51.9,3,52.0,9,2,2022-01-11 09:11:15
1641892277232325000,51.9,3,51.9,2,52.0,9,2,2022-01-11 09:11:17
1641892279114579000,51.9,1,51.9,1,52.0,13,2,2022-01-11 09:11:19
1641892281362122000,51.9,1,51.8,6,52.0,13,2,2022-01-11 09:11:21
1641892281362122000,51.8,1,51.8,6,52.0,13,2,2022-01-11 09:11:21
1641892281892637000,51.9,1,51.8,6,52.0,13,1,2022-01-11 09:11:21
1641892284564978000,51.8,1,51.8,3,52.0,23,2,2022-01-11 09:11:24
1641892285219251000,51.9,1,51.8,6,51.9,5,1,2022-01-11 09:11:25
1641892286426217000,51.9,5,51.8,6,51.9,1,1,2022-01-11 09:11:26
1641892287323203000,51.8,2,51.8,6,51.9,1,2,2022-01-11 09:11:27
1641892287652776000,51.8,1,51.8,5,51.9,1,2,2022-01-11 09:11:27
1641892288200544000,51.9,1,51.8,5,52.0,25,1,2022-01-11 09:11:28
1641892289129310000,51.8,6,51.7,8,52.0,25,2,2022-01-11 09:11:29
1641892289195693000,51.7,5,51.7,3,52.0,25,2,2022-01-11 09:11:29
1641892289482960000,51.7,1,51.7,2,52.0,25,2,2022-01-11 09:11:29
1641892290465142000,51.7,2,51.6,3,52.0,27,2,2022-01-11 09:11:30
1641892290465142000,51.6,3,51.6,3,52.0,27,2,2022-01-11 09:11:30
1641892292713028000,51.9,1,51.8,10,52.0,27,2,2022-01-11 09:11:32
1641892292993289000,51.9,1,51.9,2,52.0,27,2,2022-01-11 09:11:32
1641892293010129000,51.9,1,51.9,1,52.0,27,2,2022-01-11 09:11:33
1641892294010226000,51.9,1,51.8,10,51.9,5,2,2022-01-11 09:11:34
1641892294199246000,51.8,2,51.8,8,51.9,5,2,2022-01-11 09:11:34
1641892295333443000,51.9,1,51.8,10,51.9,4,1,2022-01-11 09:11:35
1641892295364832000,51.9,4,51.8,10,52.0,28,1,2022-01-11 09:11:35
1641892295614823000,51.9,1,51.8,10,52.0,28,2,2022-01-11 09:11:35
1641892295767113000,51.8,1,51.8,9,52.0,28,2,2022-01-11 09:11:35
1641892297950264000,51.8,1,51.8,8,52.0,29,2,2022-01-11 09:11:37
1641892298997605000,51.8,1,51.8,7,52.0,29,2,2022-01-11 09:11:38
1641892299573644000,51.8,1,51.8,6,52.0,29,2,2022-01-11 09:11:39
1641892299664685000,51.8,2,51.8,4,52.0,29,2,2022-01-11 09:11:39
1641892300123293000,51.8,1,51.8,3,52.0,30,2,2022-01-11 09:11:40
1641892300218368000,51.8,1,51.8,2,52.0,30,2,2022-01-11 09:11:40
1641892301423970000,51.8,1,51.8,1,52.0,30,2,2022-01-11 09:11:41
1641892301780719000,51.8,2,51.8,2,52.0,30,2,2022-01-11 09:11:41
1641892302854564000,51.8,2,51.7,2,51.8,4,2,2022-01-11 09:11:42
1641892303414370000,51.8,2,51.7,2,51.8,2,1,2022-01-11 09:11:43
1641892303438582000,51.7,1,51.7,1,51.8,2,2,2022-01-11 09:11:43
1641892303444527000,51.8,2,51.7,1,52.0,31,1,2022-01-11 09:11:43
1641892307659263000,51.8,1,51.7,3,51.8,1,2,2022-01-11 09:11:47
1641892308328742000,51.7,2,51.5,16,51.8,1,2,2022-01-11 09:11:48
1641892308328742000,51.6,4,51.5,16,51.8,1,2,2022-01-11 09:11:48
1641892308328742000,51.5,2,51.5,16,51.8,1,2,2022-01-11 09:11:48
1641892310805636000,51.7,1,51.6,1,51.7,1,1,2022-01-11 09:11:50
1641892310836081000,51.7,1,51.6,1,51.8,2,1,2022-01-11 09:11:50
1641892312517032000,51.8,1,51.6,6,51.8,5,1,2022-01-11 09:11:52
1641892312892339000,51.8,1,51.6,6,51.8,4,1,2022-01-11 09:11:52
1641892313469531000,51.8,4,51.6,14,51.9,16,1,2022-01-11 09:11:53
1641892313677042000,51.9,1,51.7,2,51.9,15,1,2022-01-11 09:11:53
1641892314179289000,51.8,1,51.7,2,51.9,15,1,2022-01-11 09:11:54
1641892314348347000,51.9,1,51.7,2,51.9,14,1,2022-01-11 09:11:54
1641892315307289000,51.9,10,51.8,10,51.9,4,1,2022-01-11 09:11:55
1641892315331148000,51.9,2,51.8,10,51.9,2,1,2022-01-11 09:11:55
1641892315340170000,51.9,2,51.8,12,52.0,41,1,2022-01-11 09:11:55
1641892315834155000,51.9,1,51.9,1,52.0,41,2,2022-01-11 09:11:55
1641892316600952000,51.9,1,51.8,12,51.9,3,2,2022-01-11 09:11:56
1641892316612968000,51.9,2,51.8,12,51.9,1,1,2022-01-11 09:11:56
1641892316656803000,51.9,1,51.8,12,52.0,41,1,2022-01-11 09:11:56
1641892317398240000,52.0,9,51.8,10,52.0,32,1,2022-01-11 09:11:57
1641892317420371000,52.0,4,51.8,10,52.0,28,1,2022-01-11 09:11:57
1641892321142826000,51.9,1,51.9,1,52.0,28,2,2022-01-11 09:12:01
1641892322303319000,52.0,1,51.9,2,52.0,27,1,2022-01-11 09:12:02
1641892322384729000,52.0,10,51.9,2,52.0,17,1,2022-01-11 09:12:02
1641892322403423000,52.0,17,51.9,2,52.1,8,1,2022-01-11 09:12:02
1641892323168113000,51.9,1,51.9,3,52.1,8,2,2022-01-11 09:12:03
1641892327798040000,51.9,1,51.9,5,52.1,8,2,2022-01-11 09:12:07
1641892328796481000,52.0,1,52.0,3,52.1,8,2,2022-01-11 09:12:08
1641892332607871000,52.0,1,51.9,7,52.0,3,2,2022-01-11 09:12:12
1641892333507677000,51.9,2,51.9,4,52.0,3,2,2022-01-11 09:12:13
1641892334384881000,51.9,1,51.9,3,52.0,3,2,2022-01-11 09:12:14
1641892335539687000,51.9,3,51.7,5,52.0,7,2,2022-01-11 09:12:15
1641892335539687000,51.8,1,51.7,5,52.0,7,2,2022-01-11 09:12:15
1641892335539687000,51.7,5,51.7,5,52.0,7,2,2022-01-11 09:12:15
1641892336939856000,52.0,1,51.8,2,52.0,6,1,2022-01-11 09:12:16
1641892341724446000,51.9,1,51.8,5,52.0,8,1,2022-01-11 09:12:21
1641892352562020000,52.0,1,51.9,1,52.0,8,1,2022-01-11 09:12:32
1641892352848020000,51.9,1,51.8,9,52.0,8,2,2022-01-11 09:12:32
1641892355173217000,51.8,1,51.8,10,52.0,8,2,2022-01-11 09:12:35
1641892360270750000,51.8,1,51.8,10,52.0,8,2,2022-01-11 09:12:40
1641892360628403000,51.8,1,51.8,9,52.0,8,2,2022-01-11 09:12:40
1641892363674033000,51.8,1,51.8,10,52.0,8,2,2022-01-11 09:12:43
1641892368217900000,51.8,4,51.8,7,52.0,10,2,2022-01-11 09:12:48
1641892369755398000,51.8,1,51.8,7,52.0,9,2,2022-01-11 09:12:49
1641892376750833000,51.9,1,51.8,7,52.0,10,2,2022-01-11 09:12:56
1641892380457417000,51.9,2,51.8,7,52.0,10,1,2022-01-11 09:13:00
1641892382313745000,51.9,1,51.8,6,52.0,10,2,2022-01-11 09:13:02
1641892382313745000,51.8,2,51.8,6,52.0,10,2,2022-01-11 09:13:02
1641892387781048000,51.9,2,51.9,1,52.0,22,2,2022-01-11 09:13:07
1641892390331124000,52.0,5,51.9,1,52.0,17,1,2022-01-11 09:13:10
1641892390629092000,51.9,1,51.8,10,52.0,17,2,2022-01-11 09:13:10
1641892394122234000,51.8,2,51.8,8,52.0,22,2,2022-01-11 09:13:14
1641892394158357000,52.0,1,51.8,8,52.0,21,1,2022-01-11 09:13:14
1641892394170180000,51.8,2,51.8,6,52.0,21,2,2022-01-11 09:13:14
1641892397388530000,51.9,5,51.8,6,52.0,21,1,2022-01-11 09:13:17
1641892403849166000,51.9,1,51.8,6,52.0,22,2,2022-01-11 09:13:23
1641892410753156000,51.9,1,51.8,18,51.9,4,1,2022-01-11 09:13:30
1641892411176106000,51.9,2,51.8,18,51.9,2,1,2022-01-11 09:13:31
1641892411196038000,51.9,2,51.8,18,52.0,23,1,2022-01-11 09:13:31
1641892413182074000,52.0,10,51.9,10,52.0,13,1,2022-01-11 09:13:33
1641892413206091000,52.0,7,51.9,10,52.0,6,1,2022-01-11 09:13:33
1641892413206904000,52.0,6,51.9,10,52.1,5,1,2022-01-11 09:13:33
1641892417743651000,52.0,1,52.0,1,52.1,5,2,2022-01-11 09:13:37
1641892418583500000,52.1,1,51.9,13,52.1,4,1,2022-01-11 09:13:38
1641892421511866000,52.0,1,51.9,13,52.0,9,2,2022-01-11 09:13:41
1641892421538960000,52.0,9,51.9,13,52.1,4,1,2022-01-11 09:13:41
1641892424512407000,51.9,1,51.9,13,52.1,4,2,2022-01-11 09:13:44
1641892424845345000,52.1,1,51.9,13,52.1,3,1,2022-01-11 09:13:44
1641892426036937000,52.0,1,51.9,13,52.0,1,2,2022-01-11 09:13:46
1641892428125092000,52.0,2,51.9,13,52.0,1,1,2022-01-11 09:13:48
1641892431738349000,52.0,1,51.9,13,52.1,1,1,2022-01-11 09:13:51
1641892439340953000,52.1,2,51.9,13,52.2,2,1,2022-01-11 09:13:59
1641892448333495000,52.1,1,52.0,5,52.2,3,2,2022-01-11 09:14:08
1641892448333495000,52.0,1,52.0,5,52.2,3,2,2022-01-11 09:14:08
1641892451957173000,52.0,1,52.0,5,52.1,5,2,2022-01-11 09:14:11
1641892452617999000,52.0,1,52.0,4,52.1,5,2,2022-01-11 09:14:12
1641892454305061000,52.0,1,52.0,4,52.1,5,2,2022-01-11 09:14:14
1641892455363022000,52.0,1,52.0,4,52.1,5,2,2022-01-11 09:14:15
1641892460709868000,52.0,2,52.0,3,52.1,5,2,2022-01-11 09:14:20
1641892464676596000,52.0,1,52.0,14,52.1,5,2,2022-01-11 09:14:24
1641892467107516000,52.1,1,52.0,19,52.1,4,1,2022-01-11 09:14:27
1641892468503131000,52.1,1,52.0,19,52.1,3,1,2022-01-11 09:14:28
1641892470148804000,52.1,1,52.0,19,52.1,2,1,2022-01-11 09:14:30
1641892470173216000,52.1,2,52.0,19,52.2,4,1,2022-01-11 09:14:30
1641892478197852000,52.1,1,52.1,6,52.2,6,2,2022-01-11 09:14:38
1641892479082863000,52.1,1,52.1,6,52.2,6,2,2022-01-11 09:14:39
1641892480570018000,52.1,1,52.1,5,52.2,6,2,2022-01-11 09:14:40
1641892493370676000,52.2,1,52.1,8,52.2,5,1,2022-01-11 09:14:53
1641892496796021000,52.2,3,52.1,8,52.2,2,1,2022-01-11 09:14:56
1641892496821349000,52.2,2,52.1,8,52.3,1,1,2022-01-11 09:14:56
1641892503056622000,52.2,2,52.1,8,52.3,2,2,2022-01-11 09:15:03
1641892505843887000,52.3,2,52.2,4,52.5,3,1,2022-01-11 09:15:05
1641892505843887000,52.4,4,52.2,4,52.5,3,1,2022-01-11 09:15:05
1641892505843887000,52.5,4,52.2,4,52.5,3,1,2022-01-11 09:15:05
1641892506540044000,52.2,1,52.2,4,52.5,4,2,2022-01-11 09:15:06
1641892511456131000,52.3,1,52.2,5,52.5,9,2,2022-01-11 09:15:11
1641892516984476000,52.2,1,52.2,6,52.3,2,2,2022-01-11 09:15:16
1641892517328069000,52.3,1,52.2,6,52.3,1,1,2022-01-11 09:15:17
1641892519907406000,52.3,1,52.3,2,52.5,11,1,2022-01-11 09:15:19
1641892525996543000,52.3,4,52.2,7,52.4,4,2,2022-01-11 09:15:25
1641892528272878000,52.4,4,52.2,7,52.5,8,1,2022-01-11 09:15:28
1641892531277537000,52.3,1,52.2,7,52.3,1,2,2022-01-11 09:15:31
1641892537308155000,52.3,1,52.2,7,52.4,4,1,2022-01-11 09:15:37
1641892537308155000,52.4,1,52.2,7,52.4,4,1,2022-01-11 09:15:37
1641892540413558000,52.2,3,52.2,4,52.3,2,2,2022-01-11 09:15:40
1641892542347250000,52.2,9,52.1,5,52.3,2,2,2022-01-11 09:15:42
1641892542347250000,52.1,1,52.1,5,52.3,2,2,2022-01-11 09:15:42
1641892543297016000,52.1,3,52.1,2,52.3,4,2,2022-01-11 09:15:43
1641892545740340000,52.3,2,52.1,2,52.3,2,1,2022-01-11 09:15:45
1641892552299066000,52.3,1,52.1,3,52.3,3,1,2022-01-11 09:15:52
1641892552369404000,52.1,3,52.0,16,52.2,1,2,2022-01-11 09:15:52
1641892556503387000,52.1,1,52.0,16,52.2,1,2,2022-01-11 09:15:56
1641892558587597000,52.1,1,52.0,16,52.2,1,1,2022-01-11 09:15:58
1641892570601099000,52.2,1,52.0,12,52.2,3,1,2022-01-11 09:16:10
1641892574254627000,52.0,1,52.0,11,52.2,1,2,2022-01-11 09:16:14
1641892575973917000,52.1,1,52.0,11,52.2,3,2,2022-01-11 09:16:15
1641892584475764000,52.1,1,52.0,13,52.2,5,2,2022-01-11 09:16:24
1641892585559612000,52.1,1,52.0,13,52.2,5,2,2022-01-11 09:16:25
1641892588115735000,52.0,1,52.0,12,52.2,6,2,2022-01-11 09:16:28
1641892597171372000,52.0,3,52.0,12,52.2,7,2,2022-01-11 09:16:37
1641892600733062000,52.1,1,52.0,15,52.2,7,2,2022-01-11 09:16:40
1641892603991989000,52.1,1,52.0,16,52.2,7,2,2022-01-11 09:16:43
1641892616582442000,52.0,2,52.0,16,52.1,1,2,2022-01-11 09:16:56
1641892616614773000,52.0,1,52.0,15,52.1,1,2,2022-01-11 09:16:56
1641892626996587000,52.1,1,52.0,104,52.1,3,1,2022-01-11 09:17:06
1641892629419027000,52.0,2,52.0,102,52.1,3,2,2022-01-11 09:17:09
1641892636999009000,52.1,3,52.1,7,52.2,9,1,2022-01-11 09:17:16
1641892645579921000,52.1,2,52.1,16,52.2,10,2,2022-01-11 09:17:25
1641892646138800000,52.2,1,52.1,16,52.2,9,1,2022-01-11 09:17:26
1641892652069137000,52.2,1,52.1,15,52.2,8,1,2022-01-11 09:17:32
1641892653329599000,52.2,3,52.1,16,52.2,5,1,2022-01-11 09:17:33
1641892656697445000,52.2,7,52.2,23,52.3,7,1,2022-01-11 09:17:36
1641892664535894000,52.2,2,52.2,22,52.3,7,2,2022-01-11 09:17:44
1641892666504225000,52.2,2,52.2,20,52.3,7,2,2022-01-11 09:17:46
1641892673229911000,52.2,8,52.2,13,52.3,7,2,2022-01-11 09:17:53
1641892693617012000,52.3,3,52.2,18,52.3,5,1,2022-01-11 09:18:13
1641892693632286000,52.2,12,52.2,6,52.3,5,2,2022-01-11 09:18:13
1641892693665125000,52.2,6,52.1,8,52.3,5,2,2022-01-11 09:18:13
1641892711776570000,52.1,1,52.1,17,52.3,7,2,2022-01-11 09:18:31
1641892712379468000,52.1,1,52.1,16,52.2,1,2,2022-01-11 09:18:32
1641892713199925000,52.2,1,52.2,4,52.3,7,1,2022-01-11 09:18:33
1641892713236920000,52.2,4,52.1,16,52.3,7,2,2022-01-11 09:18:33
1641892719484706000,52.2,1,52.2,9,52.3,7,2,2022-01-11 09:18:39
1641892722876428000,52.3,1,52.2,9,52.3,6,1,2022-01-11 09:18:42
1641892737518635000,52.3,1,52.2,10,52.3,8,1,2022-01-11 09:18:57
1641892742546745000,52.2,1,52.2,10,52.3,9,2,2022-01-11 09:19:02
1641892746268055000,52.2,2,52.2,8,52.3,9,2,2022-01-11 09:19:06
1641892746295151000,52.2,8,52.1,24,52.3,9,2,2022-01-11 09:19:06
1641892757303473000,52.2,1,52.2,1,52.3,9,2,2022-01-11 09:19:17
1641892757327375000,52.2,1,52.1,23,52.3,9,2,2022-01-11 09:19:17
1641892757371933000,52.1,23,52.0,107,52.3,10,2,2022-01-11 09:19:17
1641892772197785000,52.1,1,52.1,1,52.2,6,2,2022-01-11 09:19:32
1641892772234619000,52.1,1,52.0,107,52.2,6,2,2022-01-11 09:19:32
1641892777116735000,52.1,3,52.1,7,52.2,9,1,2022-01-11 09:19:37
1641892777969351000,52.1,2,52.1,5,52.2,8,2,2022-01-11 09:19:37
1641892783629496000,52.1,5,52.0,104,52.2,8,2,2022-01-11 09:19:43
1641892783629496000,52.0,5,52.0,104,52.2,8,2,2022-01-11 09:19:43
1641892785449938000,52.1,1,52.0,104,52.1,2,1,2022-01-11 09:19:45
1641892792212337000,52.0,7,52.0,97,52.1,7,2,2022-01-11 09:19:52
1641892793900859000,52.1,1,52.0,97,52.1,6,1,2022-01-11 09:19:53
1641892794816902000,52.1,6,52.1,4,52.2,8,1,2022-01-11 09:19:54
1641892796651162000,52.1,1,52.1,3,52.2,8,2,2022-01-11 09:19:56
1641892796678366000,52.1,3,52.0,97,52.2,8,2,2022-01-11 09:19:56
1641892796715873000,52.0,9,52.0,88,52.2,9,2,2022-01-11 09:19:56
1641892797184395000,52.0,1,52.0,87,52.2,9,2,2022-01-11 09:19:57
1641892799642457000,52.1,1,52.0,87,52.2,9,2,2022-01-11 09:19:59
1641892815652238000,52.1,1,52.0,88,52.2,12,1,2022-01-11 09:20:15
1641892836389395000,52.1,1,52.0,88,52.1,4,1,2022-01-11 09:20:36
1641892837972435000,52.0,2,52.0,86,52.1,4,2,2022-01-11 09:20:37
1641892841593483000,52.0,1,52.0,85,52.1,4,2,2022-01-11 09:20:41
1641892843664657000,52.1,1,52.0,85,52.1,3,1,2022-01-11 09:20:43
1641892849927884000,52.0,1,52.0,85,52.1,7,2,2022-01-11 09:20:49
1641892854109686000,52.1,1,52.0,85,52.1,6,1,2022-01-11 09:20:54
1641892863303848000,52.0,1,52.0,84,52.1,8,2,2022-01-11 09:21:03
1641892868605555000,52.0,2,52.0,82,52.1,9,2,2022-01-11 09:21:08
1641892868656746000,52.0,2,52.0,80,52.1,9,2,2022-01-11 09:21:08
1641892871414397000,52.0,5,52.0,75,52.1,9,2,2022-01-11 09:21:11
1641892874192577000,52.0,1,52.0,75,52.1,9,2,2022-01-11 09:21:14
1641892879873661000,52.1,5,52.0,75,52.1,6,1,2022-01-11 09:21:19
1641892886711205000,52.1,3,52.0,75,52.1,5,1,2022-01-11 09:21:26
1641892891692191000,52.1,2,52.0,75,52.1,1,1,2022-01-11 09:21:31
1641892896744174000,52.1,1,52.0,76,52.1,2,1,2022-01-11 09:21:36
1641892916279120000,52.0,3,52.0,74,52.1,14,2,2022-01-11 09:21:56
1641892918735638000,52.0,2,52.0,71,52.1,16,2,2022-01-11 09:21:58
1641892918767100000,52.0,7,52.0,64,52.1,16,2,2022-01-11 09:21:58
1641892918799755000,52.0,1,52.0,63,52.1,16,2,2022-01-11 09:21:58
1641892918823788000,52.0,2,52.0,61,52.1,16,2,2022-01-11 09:21:58
1641892918830538000,52.0,5,52.0,56,52.1,16,2,2022-01-11 09:21:58
1641892918891121000,52.0,2,52.0,54,52.1,16,2,2022-01-11 09:21:58
1641892921007696000,52.0,1,52.0,53,52.1,14,2,2022-01-11 09:22:01
1641892921119119000,52.0,1,52.0,52,52.1,14,2,2022-01-11 09:22:01
1641892921144212000,52.0,15,52.0,37,52.1,14,2,2022-01-11 09:22:01
1641892921203545000,52.0,2,52.0,35,52.1,14,2,2022-01-11 09:22:01
1641892921416141000,52.0,1,52.0,34,52.1,14,2,2022-01-11 09:22:01
1641892921490310000,52.0,1,52.0,33,52.1,14,2,2022-01-11 09:22:01
1641892922999227000,52.0,10,52.0,23,52.1,14,2,2022-01-11 09:22:02
1641892923052865000,52.0,2,52.0,21,52.1,16,2,2022-01-11 09:22:03
1641892925283077000,52.0,1,52.0,20,52.1,16,2,2022-01-11 09:22:05
1641892927862477000,52.0,1,52.0,20,52.1,16,2,2022-01-11 09:22:07
1641892930631913000,52.0,1,52.0,25,52.1,14,2,2022-01-11 09:22:10
1641892930646640000,52.0,22,52.0,3,52.1,14,2,2022-01-11 09:22:10
1641892930668285000,52.0,3,51.9,16,52.1,14,2,2022-01-11 09:22:10
1641892930688437000,51.9,1,51.9,14,52.1,14,2,2022-01-11 09:22:10
1641892930726308000,51.9,2,51.9,12,52.0,2,2,2022-01-11 09:22:10
1641892931432365000,52.0,2,51.9,12,52.1,6,1,2022-01-11 09:22:11
1641892931432365000,52.1,8,51.9,12,52.1,6,1,2022-01-11 09:22:11
1641892934705358000,51.9,6,51.9,6,52.0,11,2,2022-01-11 09:22:14
1641892941955577000,51.9,2,51.9,4,52.0,1,2,2022-01-11 09:22:21
1641892944248695000,51.9,2,51.9,2,52.0,1,2,2022-01-11 09:22:24
1641892946856487000,52.0,1,51.8,45,51.9,1,2,2022-01-11 09:22:26
1641892946856487000,51.9,2,51.8,45,51.9,1,2,2022-01-11 09:22:26
1641892957722778000,51.9,1,51.8,45,51.9,5,1,2022-01-11 09:22:37
1641892958404588000,51.8,2,51.8,43,51.9,6,2,2022-01-11 09:22:38
1641892965643839000,51.8,1,51.8,42,51.9,7,2,2022-01-11 09:22:45
1641892966442529000,51.9,1,51.8,42,51.9,6,1,2022-01-11 09:22:46
1641892969303073000,51.9,1,51.8,44,51.9,5,1,2022-01-11 09:22:49
1641892971284858000,51.9,3,51.8,44,51.9,2,1,2022-01-11 09:22:51
1641892975411962000,51.9,1,51.8,44,51.9,3,1,2022-01-11 09:22:55
1641892975762976000,51.8,4,51.8,40,51.9,3,2,2022-01-11 09:22:55
1641892975870706000,51.9,1,51.8,40,51.9,2,1,2022-01-11 09:22:55
1641892979431141000,51.9,1,51.8,41,51.9,1,1,2022-01-11 09:22:59
1641892980208461000,51.8,2,51.8,39,51.9,1,2,2022-01-11 09:23:00
1641892982827816000,51.8,3,51.8,36,51.9,3,2,2022-01-11 09:23:02
1641892983655826000,51.8,3,51.8,33,51.9,3,2,2022-01-11 09:23:03
1641892985071511000,51.9,2,51.8,33,51.9,1,1,2022-01-11 09:23:05
1641892988433368000,51.8,15,51.8,18,51.9,1,2,2022-01-11 09:23:08
1641892988544720000,51.8,5,51.8,13,51.9,1,2,2022-01-11 09:23:08
1641892991398834000,51.9,1,51.8,14,52.0,7,1,2022-01-11 09:23:11
1641892994362351000,51.9,1,51.8,12,52.0,7,2,2022-01-11 09:23:14
1641892994362351000,51.8,2,51.8,12,52.0,7,2,2022-01-11 09:23:14
1641892997201232000,51.8,4,51.8,9,52.0,4,2,2022-01-11 09:23:17
1641892999553756000,51.8,3,51.8,7,52.0,4,2,2022-01-11 09:23:19
1641893012292967000,51.8,1,51.8,7,52.0,13,2,2022-01-11 09:23:32
1641893020417869000,52.0,1,51.8,12,52.0,12,1,2022-01-11 09:23:40
1641893025781281000,52.0,1,51.8,12,52.0,11,1,2022-01-11 09:23:45
1641893031669960000,52.0,3,51.8,16,52.0,2,1,2022-01-11 09:23:51
1641893031696618000,52.0,2,51.8,16,52.1,11,1,2022-01-11 09:23:51
1641893032278584000,52.0,1,51.9,2,52.1,11,1,2022-01-11 09:23:52
1641893045052260000,52.0,1,51.9,2,52.0,8,1,2022-01-11 09:24:05
1641893045329982000,52.0,8,51.9,3,52.1,10,1,2022-01-11 09:24:05
1641893051087990000,52.0,3,51.9,4,52.0,6,2,2022-01-11 09:24:11
1641893064541738000,52.0,4,51.9,3,52.0,9,1,2022-01-11 09:24:24
1641893064574718000,52.0,6,51.9,3,52.0,3,1,2022-01-11 09:24:24
1641893064605322000,52.0,3,51.9,3,52.1,7,1,2022-01-11 09:24:24
1641893068225655000,52.0,1,51.9,3,52.1,9,1,2022-01-11 09:24:28
1641893075430293000,51.9,3,51.9,1,52.1,11,2,2022-01-11 09:24:35
1641893080051463000,51.9,1,51.8,9,52.1,11,2,2022-01-11 09:24:40
1641893080051463000,51.8,6,51.8,9,52.1,11,2,2022-01-11 09:24:40
1641893084636315000,51.8,1,51.8,7,52.1,11,2,2022-01-11 09:24:44
1641893084651743000,51.8,1,51.8,6,52.1,11,2,2022-01-11 09:24:44
1641893097421766000,52.0,2,51.8,12,52.1,11,1,2022-01-11 09:24:57
1641893098664519000,51.8,1,51.8,11,52.1,11,2,2022-01-11 09:24:58
1641893122765238000,51.8,1,51.8,14,52.0,16,2,2022-01-11 09:25:22
1641893123296513000,51.8,1,51.8,13,52.0,16,2,2022-01-11 09:25:23
1641893129709817000,51.8,5,51.8,8,51.9,2,2,2022-01-11 09:25:29
1641893134406134000,51.8,1,51.8,9,52.0,12,2,2022-01-11 09:25:34
1641893134521018000,51.8,5,51.8,4,52.0,12,2,2022-01-11 09:25:34
1641893140556655000,51.9,1,51.8,4,51.9,1,1,2022-01-11 09:25:40
1641893143668359000,51.8,1,51.8,3,51.9,3,2,2022-01-11 09:25:43
1641893153396910000,51.8,1,51.8,5,51.9,3,2,2022-01-11 09:25:53
1641893155797254000,51.8,1,51.8,4,51.9,6,2,2022-01-11 09:25:55
1641893162100173000,51.8,1,51.8,3,51.9,9,2,2022-01-11 09:26:02
1641893162510948000,51.8,1,51.8,2,51.9,9,2,2022-01-11 09:26:02
1641893162537428000,51.8,2,51.7,13,51.9,9,2,2022-01-11 09:26:02
1641893163841151000,51.7,1,51.7,11,51.8,1,2,2022-01-11 09:26:03
1641893164019130000,51.7,7,51.7,4,51.8,4,2,2022-01-11 09:26:04
1641893164042007000,51.7,4,51.6,19,51.8,4,2,2022-01-11 09:26:04
1641893167183909000,51.6,1,51.6,17,51.7,1,2,2022-01-11 09:26:07
1641893168757886000,51.7,2,51.6,17,51.7,1,1,2022-01-11 09:26:08
1641893171275602000,51.7,1,51.6,17,51.8,7,2,2022-01-11 09:26:11
1641893177285223000,51.7,1,51.6,18,51.7,3,1,2022-01-11 09:26:17
1641893177320409000,51.6,1,51.6,17,51.7,3,2,2022-01-11 09:26:17
1641893181748729000,51.6,7,51.6,11,51.7,6,2,2022-01-11 09:26:21
1641893181775621000,51.6,3,51.6,8,51.7,6,2,2022-01-11 09:26:21
1641893183982483000,51.6,1,51.6,7,51.7,9,2,2022-01-11 09:26:23
1641893184350021000,51.6,1,51.6,6,51.7,9,2,2022-01-11 09:26:24
1641893184463330000,51.7,1,51.6,6,51.7,8,1,2022-01-11 09:26:24
1641893184736718000,51.6,1,51.6,5,51.7,8,2,2022-01-11 09:26:24
1641893184820343000,51.6,3,51.6,2,51.7,8,2,2022-01-11 09:26:24
1641893184847253000,51.6,1,51.6,1,51.7,8,2,2022-01-11 09:26:24
1641893185581066000,51.6,1,51.5,38,51.6,4,2,2022-01-11 09:26:25
1641893188376721000,51.6,2,51.5,38,51.6,3,1,2022-01-11 09:26:28
1641893192364485000,51.5,8,51.5,30,51.6,3,2,2022-01-11 09:26:32
1641893196935464000,51.5,1,51.5,29,51.6,4,2,2022-01-11 09:26:36
1641893198132146000,51.6,1,51.5,29,51.6,3,1,2022-01-11 09:26:38
1641893199152614000,51.5,1,51.5,28,51.6,3,2,2022-01-11 09:26:39
1641893199372941000,51.5,1,51.5,27,51.6,3,2,2022-01-11 09:26:39
1641893199414208000,51.5,1,51.5,26,51.6,3,2,2022-01-11 09:26:39
1641893200459066000,51.5,1,51.5,24,51.6,4,2,2022-01-11 09:26:40
1641893201056316000,51.5,2,51.5,22,51.6,4,2,2022-01-11 09:26:41
1641893204430725000,51.6,1,51.5,22,51.6,7,1,2022-01-11 09:26:44
1641893204748344000,51.5,1,51.5,21,51.6,7,2,2022-01-11 09:26:44
1641893206345881000,51.5,2,51.5,19,51.6,7,2,2022-01-11 09:26:46
1641893207588781000,51.5,10,51.5,9,51.6,8,2,2022-01-11 09:26:47
1641893207612132000,51.5,1,51.5,8,51.6,8,2,2022-01-11 09:26:47
1641893208638891000,51.5,1,51.5,7,51.6,8,2,2022-01-11 09:26:48
1641893209873915000,51.5,2,51.5,5,51.6,8,2,2022-01-11 09:26:49
1641893209942167000,51.5,3,51.5,2,51.6,8,2,2022-01-11 09:26:49
1641893210520511000,51.5,1,51.5,1,51.6,8,2,2022-01-11 09:26:50
1641893210595362000,51.5,1,51.4,8,51.6,11,2,2022-01-11 09:26:50
1641893211488750000,51.5,3,51.4,8,51.6,11,1,2022-01-11 09:26:51
1641893211488750000,51.6,1,51.4,8,51.6,11,1,2022-01-11 09:26:51
1641893211536615000,51.6,10,51.4,8,51.6,1,1,2022-01-11 09:26:51
1641893211569155000,51.6,1,51.4,8,51.7,8,1,2022-01-11 09:26:51
1641893215832585000,51.5,1,51.5,1,51.7,8,2,2022-01-11 09:26:55
1641893219216031000,51.5,1,51.5,3,51.7,11,2,2022-01-11 09:26:59
1641893223446156000,51.5,1,51.5,3,51.6,1,2,2022-01-11 09:27:03
1641893224358956000,51.6,1,51.5,3,51.6,1,1,2022-01-11 09:27:04
1641893225274593000,51.5,2,51.5,1,51.6,1,2,2022-01-11 09:27:05
1641893226523856000,51.6,1,51.5,1,51.7,10,1,2022-01-11 09:27:06
1641893231351493000,51.7,1,51.5,1,51.7,9,1,2022-01-11 09:27:11
1641893234781257000,51.6,1,51.6,1,51.7,11,1,2022-01-11 09:27:14
1641893239337866000,51.7,1,51.6,2,51.7,10,1,2022-01-11 09:27:19
1641893242957303000,51.6,1,51.6,1,51.7,10,2,2022-01-11 09:27:22
1641893246061797000,51.6,1,51.6,2,51.7,10,2,2022-01-11 09:27:26
1641893248097344000,51.6,1,51.6,1,51.7,10,2,2022-01-11 09:27:28
1641893248410774000,51.6,1,51.5,2,51.7,10,2,2022-01-11 09:27:28
1641893249582344000,51.5,1,51.5,1,51.7,10,2,2022-01-11 09:27:29
1641893249774752000,51.6,1,51.5,1,51.7,10,2,2022-01-11 09:27:29
1641893256418344000,51.6,1,51.5,2,51.6,5,1,2022-01-11 09:27:36
1641893261418324000,51.5,3,51.5,1,51.6,11,2,2022-01-11 09:27:41
1641893263379489000,51.5,2,51.5,2,51.6,7,2,2022-01-11 09:27:43
1641893263543856000,51.5,2,51.4,10,51.6,7,2,2022-01-11 09:27:43
1641893275817254000,51.5,3,51.4,10,51.5,1,1,2022-01-11 09:27:55
1641893275847912000,51.5,1,51.4,10,51.6,8,1,2022-01-11 09:27:55
1641893276982530000,51.5,1,51.4,10,51.5,1,1,2022-01-11 09:27:56
1641893277015441000,51.5,1,51.4,10,51.6,8,1,2022-01-11 09:27:57
1641893278153891000,51.4,1,51.4,9,51.6,8,2,2022-01-11 09:27:58
1641893278847873000,51.5,1,51.5,1,51.6,8,1,2022-01-11 09:27:58
1641893281754195000,51.5,2,51.4,6,51.6,8,2,2022-01-11 09:28:01
1641893281754195000,51.4,3,51.4,6,51.6,8,2,2022-01-11 09:28:01
1641893284752252000,51.4,2,51.4,4,51.6,8,2,2022-01-11 09:28:04
1641893285946031000,51.5,3,51.4,4,51.5,3,2,2022-01-11 09:28:05
1641893286961741000,51.5,3,51.4,6,51.6,8,1,2022-01-11 09:28:06
1641893287653700000,51.4,1,51.4,7,51.6,8,2,2022-01-11 09:28:07
1641893289221176000,51.4,1,51.4,6,51.6,7,2,2022-01-11 09:28:09
1641893290794423000,51.4,1,51.4,3,51.5,1,2,2022-01-11 09:28:10
1641893291856279000,51.4,4,51.3,8,51.5,4,2,2022-01-11 09:28:11
1641893292195688000,51.3,5,51.3,3,51.5,5,2,2022-01-11 09:28:12
1641893295620384000,51.3,1,51.3,3,51.5,5,2,2022-01-11 09:28:15
1641893299953823000,51.4,1,51.3,1,51.5,5,2,2022-01-11 09:28:19
1641893299953823000,51.3,4,51.3,1,51.5,5,2,2022-01-11 09:28:19
1641893300818578000,51.3,1,51.2,14,51.5,5,2,2022-01-11 09:28:20
1641893302240614000,51.4,4,51.2,18,51.5,5,1,2022-01-11 09:28:22
1641893308532079000,51.4,2,51.4,1,51.5,8,2,2022-01-11 09:28:28
1641893308964559000,51.4,1,51.2,16,51.5,8,2,2022-01-11 09:28:28
1641893308964559000,51.2,1,51.2,16,51.5,8,2,2022-01-11 09:28:28
1641893312493881000,51.3,2,51.2,14,51.4,4,2,2022-01-11 09:28:32
1641893315545048000,51.4,1,51.2,14,51.4,3,1,2022-01-11 09:28:35
1641893316981337000,51.3,10,51.2,12,51.4,3,1,2022-01-11 09:28:36
1641893317267609000,51.2,5,51.2,7,51.4,3,2,2022-01-11 09:28:37
1641893319312930000,51.2,4,51.2,3,51.4,7,2,2022-01-11 09:28:39
1641893319346906000,51.2,2,51.2,1,51.4,7,2,2022-01-11 09:28:39
1641893320576225000,51.1,1,51.1,14,51.4,7,2,2022-01-11 09:28:40
1641893323485692000,51.3,1,51.1,14,51.4,11,2,2022-01-11 09:28:43
1641893324805985000,51.2,5,51.1,14,51.4,9,1,2022-01-11 09:28:44
1641893327090667000,51.2,1,51.2,1,51.4,11,2,2022-01-11 09:28:47
1641893328018766000,51.2,1,51.1,14,51.3,1,2,2022-01-11 09:28:48
1641893333234489000,51.2,1,51.1,15,51.2,12,1,2022-01-11 09:28:53
1641893337873962000,51.1,2,51.1,13,51.2,13,2,2022-01-11 09:28:57
1641893340571244000,51.1,2,51.1,11,51.2,13,2,2022-01-11 09:29:00
1641893341881005000,51.1,1,51.1,10,51.2,16,2,2022-01-11 09:29:01
1641893344412788000,51.1,1,51.1,10,51.2,16,2,2022-01-11 09:29:04
1641893344804912000,51.1,1,51.1,9,51.2,16,2,2022-01-11 09:29:04
1641893351343384000,51.1,2,51.1,8,51.2,17,2,2022-01-11 09:29:11
1641893353184298000,51.1,1,51.1,7,51.2,17,2,2022-01-11 09:29:13
1641893353287879000,51.1,1,51.1,6,51.2,17,2,2022-01-11 09:29:13
1641893355113449000,51.1,1,51.1,5,51.2,17,2,2022-01-11 09:29:15
1641893356778149000,51.1,4,51.1,1,51.2,17,2,2022-01-11 09:29:16
1641893357402427000,51.1,1,51.0,36,51.2,17,2,2022-01-11 09:29:17
1641893358338132000,51.1,1,51.0,36,51.2,17,1,2022-01-11 09:29:18
1641893359069377000,51.1,1,51.1,9,51.2,19,2,2022-01-11 09:29:19
1641893359410354000,51.1,1,51.1,8,51.2,19,2,2022-01-11 09:29:19
1641893361302332000,51.1,8,51.0,35,51.1,2,2,2022-01-11 09:29:21
1641893361331792000,51.1,2,51.0,35,51.2,9,1,2022-01-11 09:29:21
1641893362353114000,51.1,2,51.0,35,51.2,9,1,2022-01-11 09:29:22
1641893365132393000,51.1,1,51.1,6,51.2,7,2,2022-01-11 09:29:25
1641893367089739000,51.1,3,51.1,3,51.2,9,2,2022-01-11 09:29:27
1641893368991137000,51.1,3,51.0,35,51.2,9,2,2022-01-11 09:29:28
1641893369653680000,51.0,1,51.0,34,51.2,9,2,2022-01-11 09:29:29
1641893370228160000,51.0,3,51.0,31,51.2,9,2,2022-01-11 09:29:30
1641893375048697000,51.1,1,51.0,31,51.2,9,2,2022-01-11 09:29:35
1641893377956977000,51.1,1,51.1,1,51.2,11,2,2022-01-11 09:29:37
1641893380425579000,51.1,1,51.0,32,51.1,1,2,2022-01-11 09:29:40
1641893380452733000,51.1,1,51.0,32,51.2,9,1,2022-01-11 09:29:40
1641893381698711000,51.1,3,51.0,32,51.2,11,1,2022-01-11 09:29:41
1641893382581969000,51.1,1,51.1,1,51.2,11,2,2022-01-11 09:29:42
1641893383528407000,51.1,1,51.0,32,51.2,11,2,2022-01-11 09:29:43
1641893385544756000,51.2,1,51.0,32,51.2,9,1,2022-01-11 09:29:45
1641893387489268000,51.0,1,51.0,31,51.2,9,2,2022-01-11 09:29:47
1641893388072310000,51.0,3,51.0,28,51.2,9,2,2022-01-11 09:29:48
1641893388670203000,51.0,5,51.0,23,51.2,9,2,2022-01-11 09:29:48
1641893388892943000,51.2,10,51.0,23,51.3,17,1,2022-01-11 09:29:48
1641893390620400000,51.2,1,51.0,23,51.3,17,2,2022-01-11 09:29:50
1641893396082826000,51.2,1,51.1,6,51.3,20,2,2022-01-11 09:29:56
1641893396274248000,51.2,1,51.1,6,51.3,20,1,2022-01-11 09:29:56
1641893398769829000,51.1,3,51.1,3,51.2,1,2,2022-01-11 09:29:58
1641893399576150000,51.2,1,51.1,4,51.3,20,1,2022-01-11 09:29:59
1641893402369076000,51.2,1,51.1,9,51.3,20,1,2022-01-11 09:30:02
1641893402678872000,51.2,1,51.1,9,51.3,20,1,2022-01-11 09:30:02
1641893403022639000,51.3,1,51.2,1,51.3,19,1,2022-01-11 09:30:03
1641893403115176000,51.3,3,51.2,3,51.3,16,1,2022-01-11 09:30:03
1641893405796388000,51.2,3,51.1,9,51.2,1,2,2022-01-11 09:30:05
1641893405825997000,51.2,1,51.1,9,51.3,16,1,2022-01-11 09:30:05
1641893410632990000,51.2,2,51.1,11,51.3,16,1,2022-01-11 09:30:10
1641893411311461000,51.2,1,51.1,11,51.3,16,1,2022-01-11 09:30:11
1641893411717819000,51.2,1,51.1,11,51.3,16,1,2022-01-11 09:30:11
1641893411945764000,51.3,1,51.1,11,51.3,15,1,2022-01-11 09:30:11
1641893418405537000,51.2,1,51.2,3,51.3,16,2,2022-01-11 09:30:18
1641893422138498000,51.2,1,51.2,1,51.3,20,2,2022-01-11 09:30:22
1641893430955918000,51.2,3,51.1,11,51.3,20,2,2022-01-11 09:30:30
1641893438398036000,51.2,1,51.1,12,51.3,23,1,2022-01-11 09:30:38
1641893438785249000,51.1,2,51.1,10,51.3,23,2,2022-01-11 09:30:38
1641893445210312000,51.1,1,51.1,8,51.2,2,2,2022-01-11 09:30:45
1641893449219420000,51.2,4,51.1,8,51.3,23,1,2022-01-11 09:30:49
1641893452631632000,51.2,1,51.2,1,51.3,23,2,2022-01-11 09:30:52
1641893458481528000,51.2,1,51.1,11,51.3,23,2,2022-01-11 09:30:58
1641893459348359000,51.2,3,51.1,11,51.3,20,1,2022-01-11 09:30:59
1641893459432333000,51.2,1,51.1,11,51.3,20,1,2022-01-11 09:30:59
1641893468949135000,51.2,3,51.1,9,51.3,21,2,2022-01-11 09:31:08
1641893468949135000,51.1,2,51.1,9,51.3,21,2,2022-01-11 09:31:08
1641893476466326000,51.2,1,51.1,10,51.3,22,2,2022-01-11 09:31:16
1641893476789360000,51.2,1,51.1,10,51.3,22,1,2022-01-11 09:31:16
1641893477744519000,51.1,10,51.0,32,51.3,22,2,2022-01-11 09:31:17
1641893487788140000,51.0,3,51.0,30,51.2,1,2,2022-01-11 09:31:27
1641893495520646000,51.1,1,51.1,2,51.2,4,2,2022-01-11 09:31:35
1641893496918835000,51.1,1,51.1,1,51.2,4,2,2022-01-11 09:31:36
1641893499195174000,51.1,1,51.0,30,51.2,4,2,2022-01-11 09:31:39
1641893500240805000,51.0,8,51.0,22,51.2,4,2,2022-01-11 09:31:40
1641893503167804000,51.1,1,51.0,22,51.1,4,1,2022-01-11 09:31:43
1641893504332835000,51.0,1,51.0,22,51.1,4,2,2022-01-11 09:31:44
1641893504386171000,51.0,5,51.0,17,51.1,4,2,2022-01-11 09:31:44
1641893508774286000,51.0,1,51.0,16,51.1,4,2,2022-01-11 09:31:48
1641893509403511000,51.1,1,51.0,16,51.1,3,1,2022-01-11 09:31:49
1641893513919682000,51.1,1,51.0,16,51.1,6,1,2022-01-11 09:31:53
1641893514879556000,51.0,1,51.0,15,51.1,6,2,2022-01-11 09:31:54
1641893516083336000,51.0,1,51.0,15,51.1,6,2,2022-01-11 09:31:56
1641893518344246000,51.0,6,51.0,9,51.1,6,2,2022-01-11 09:31:58
1641893520035272000,51.1,1,51.0,9,51.1,6,1,2022-01-11 09:32:00
1641893521817225000,51.0,4,51.0,5,51.1,6,2,2022-01-11 09:32:01
1641893522197254000,51.0,1,51.0,5,51.1,6,2,2022-01-11 09:32:02
1641893523317853000,51.0,1,51.0,4,51.1,6,2,2022-01-11 09:32:03
1641893524758031000,51.0,1,51.0,3,51.1,8,2,2022-01-11 09:32:04
1641893525216300000,51.0,1,51.0,2,51.1,8,2,2022-01-11 09:32:05
1641893526799833000,51.0,1,51.0,1,51.1,8,2,2022-01-11 09:32:06
1641893526906603000,51.0,1,50.9,10,51.1,8,2,2022-01-11 09:32:06
1641893528172788000,51.0,1,50.9,10,51.1,8,1,2022-01-11 09:32:08
1641893531700550000,51.0,1,50.9,6,51.1,8,2,2022-01-11 09:32:11
1641893531700550000,50.9,1,50.9,6,51.1,8,2,2022-01-11 09:32:11
1641893531848925000,50.9,3,50.9,3,51.1,8,2,2022-01-11 09:32:11
1641893537931955000,50.9,1,50.9,2,51.0,11,2,2022-01-11 09:32:17
1641893538943301000,50.9,1,50.9,1,51.0,19,2,2022-01-11 09:32:18
1641893540555047000,50.9,1,50.8,14,51.0,19,2,2022-01-11 09:32:20
1641893540742756000,51.0,1,50.8,14,51.0,18,1,2022-01-11 09:32:20
1641893541046285000,50.8,2,50.8,12,51.0,18,2,2022-01-11 09:32:21
1641893542132972000,50.9,1,50.8,12,51.0,18,1,2022-01-11 09:32:22
1641893543446686000,51.0,4,50.8,12,51.0,14,1,2022-01-11 09:32:23
1641893548084262000,50.9,1,50.8,12,51.0,19,1,2022-01-11 09:32:28
1641893550570105000,50.9,1,50.8,12,51.0,19,2,2022-01-11 09:32:30
1641893550895692000,50.9,1,50.8,12,51.0,19,1,2022-01-11 09:32:30
1641893562416403000,50.8,2,50.8,10,50.9,3,2,2022-01-11 09:32:42
1641893567418351000,50.9,4,50.8,14,51.0,29,1,2022-01-11 09:32:47
1641893572307637000,50.9,1,50.8,14,51.0,29,1,2022-01-11 09:32:52
1641893572565159000,50.8,1,50.8,13,51.0,29,2,2022-01-11 09:32:52
1641893572734837000,51.0,1,50.8,13,51.0,28,1,2022-01-11 09:32:52
1641893577064004000,50.9,1,50.8,13,51.0,38,2,2022-01-11 09:32:57
1641893583077352000,50.9,1,50.9,1,51.0,30,2,2022-01-11 09:33:03
1641893583738581000,51.0,1,50.9,1,51.0,29,1,2022-01-11 09:33:03
1641893587254360000,50.9,1,50.8,14,51.0,29,2,2022-01-11 09:33:07
1641893587648713000,50.9,1,50.8,16,51.0,29,1,2022-01-11 09:33:07
1641893588758932000,50.9,1,50.8,14,51.0,28,1,2022-01-11 09:33:08
1641893588758932000,51.0,2,50.8,14,51.0,28,1,2022-01-11 09:33:08
1641893589156291000,50.8,2,50.8,12,51.0,28,2,2022-01-11 09:33:09
1641893590267849000,50.9,1,50.8,10,51.0,28,2,2022-01-11 09:33:10
1641893590267849000,50.8,2,50.8,10,51.0,28,2,2022-01-11 09:33:10
1641893595235256000,50.9,2,50.8,7,51.0,28,2,2022-01-11 09:33:15
1641893595235256000,50.8,3,50.8,7,51.0,28,2,2022-01-11 09:33:15
1641893596794789000,50.9,1,50.8,7,51.0,27,1,2022-01-11 09:33:16
1641893603419252000,50.8,7,50.7,17,50.8,3,2,2022-01-11 09:33:23
1641893603442909000,50.8,3,50.7,17,51.0,30,1,2022-01-11 09:33:23
1641893604363669000,50.9,1,50.7,17,50.9,1,1,2022-01-11 09:33:24
1641893605731770000,50.8,1,50.7,17,50.9,1,1,2022-01-11 09:33:25
1641893607320718000,50.7,10,50.7,7,50.9,1,2,2022-01-11 09:33:27
1641893611123698000,50.8,1,50.7,7,50.9,1,1,2022-01-11 09:33:31
1641893615964485000,50.9,6,50.7,7,50.9,3,1,2022-01-11 09:33:35
1641893621180459000,50.9,3,50.7,10,51.0,30,1,2022-01-11 09:33:41
1641893621549264000,50.9,1,50.8,3,51.0,30,1,2022-01-11 09:33:41
1641893623939647000,50.8,1,50.8,4,51.0,30,2,2022-01-11 09:33:43
1641893624700890000,50.9,1,50.8,4,51.0,30,1,2022-01-11 09:33:44
1641893629131654000,50.9,3,50.8,5,51.0,27,1,2022-01-11 09:33:49
1641893630389004000,51.0,27,50.9,13,51.1,17,1,2022-01-11 09:33:50
1641893630902192000,50.9,2,50.9,12,51.1,17,2,2022-01-11 09:33:50
1641893631840827000,51.0,2,50.9,11,51.0,2,1,2022-01-11 09:33:51
1641893631861605000,51.0,2,50.9,11,51.1,17,1,2022-01-11 09:33:51
1641893632142353000,50.9,1,50.9,10,51.1,17,2,2022-01-11 09:33:52
1641893632303009000,50.9,1,50.9,11,51.1,17,2,2022-01-11 09:33:52
1641893640827086000,51.1,17,51.0,3,51.2,5,1,2022-01-11 09:34:00
1641893644309274000,51.1,3,51.0,3,51.2,5,2,2022-01-11 09:34:04
1641893651842561000,51.2,1,51.1,3,51.2,4,1,2022-01-11 09:34:11
1641893651876954000,51.2,4,51.1,3,51.3,8,1,2022-01-11 09:34:11
1641893655457205000,51.2,1,51.2,2,51.3,6,2,2022-01-11 09:34:15
1641893660391475000,51.3,2,51.2,1,51.3,5,1,2022-01-11 09:34:20
1641893661109075000,51.3,1,51.2,2,51.3,4,1,2022-01-11 09:34:21
1641893663208091000,51.3,1,51.2,2,51.3,5,1,2022-01-11 09:34:23
1641893664530589000,51.2,3,51.1,5,51.3,6,2,2022-01-11 09:34:24
1641893665114372000,51.3,1,51.1,5,51.3,5,1,2022-01-11 09:34:25
1641893667190190000,51.3,2,51.1,5,51.3,3,1,2022-01-11 09:34:27
1641893667224128000,51.3,3,51.1,5,51.4,5,1,2022-01-11 09:34:27
1641893670932464000,51.4,1,51.3,2,51.4,4,1,2022-01-11 09:34:30
1641893671705854000,51.3,1,51.3,1,51.4,4,2,2022-01-11 09:34:31
1641893674962012000,51.3,1,51.3,1,51.4,4,2,2022-01-11 09:34:34
1641893680724753000,51.4,1,51.3,3,51.4,5,1,2022-01-11 09:34:40
1641893684623291000,51.4,1,51.3,7,51.4,3,1,2022-01-11 09:34:44
1641893684739674000,51.4,3,51.4,2,51.5,21,1,2022-01-11 09:34:44
1641893685435856000,51.4,1,51.4,1,51.5,21,2,2022-01-11 09:34:45
1641893685459540000,51.4,1,51.3,7,51.5,21,2,2022-01-11 09:34:45
1641893685576149000,51.3,1,51.3,6,51.5,21,2,2022-01-11 09:34:45
1641893687214332000,51.4,1,51.3,6,51.5,21,2,2022-01-11 09:34:47
1641893689703850000,51.4,3,51.3,6,51.4,7,2,2022-01-11 09:34:49
1641893689739374000,51.3,6,51.2,2,51.4,7,2,2022-01-11 09:34:49
1641893692357744000,51.4,1,51.2,2,51.4,7,1,2022-01-11 09:34:52
1641893697384642000,51.3,1,51.2,2,51.4,6,2,2022-01-11 09:34:57
1641893708767748000,51.3,1,51.2,2,51.3,4,1,2022-01-11 09:35:08
1641893711894557000,51.3,1,51.2,3,51.3,3,1,2022-01-11 09:35:11
1641893713777893000,51.3,1,51.2,3,51.3,2,1,2022-01-11 09:35:13
1641893713813529000,51.3,1,51.2,3,51.3,1,1,2022-01-11 09:35:13
1641893713901919000,51.3,1,51.2,5,51.4,9,1,2022-01-11 09:35:13
1641893715486294000,51.3,1,51.2,5,51.3,4,1,2022-01-11 09:35:15
1641893718815719000,51.3,1,51.2,4,51.3,3,1,2022-01-11 09:35:18
1641893734262648000,51.2,1,51.2,2,51.3,3,2,2022-01-11 09:35:34
1641893739058453000,51.2,1,51.2,1,51.3,5,2,2022-01-11 09:35:39
1641893739082056000,51.2,1,51.1,7,51.3,5,2,2022-01-11 09:35:39
1641893744094350000,51.2,1,51.2,4,51.3,5,1,2022-01-11 09:35:44
1641893744106819000,51.2,2,51.2,2,51.3,5,2,2022-01-11 09:35:44
1641893753525559000,51.2,1,51.2,1,51.3,6,2,2022-01-11 09:35:53
1641893767011663000,51.2,2,51.1,3,51.2,1,2,2022-01-11 09:36:07
1641893779942222000,51.1,2,51.0,11,51.2,5,2,2022-01-11 09:36:19
1641893789127987000,51.1,1,51.1,4,51.2,7,2,2022-01-11 09:36:29
1641893793187359000,51.2,3,51.1,2,51.2,4,1,2022-01-11 09:36:33
1641893793537493000,51.2,4,51.1,6,51.3,7,1,2022-01-11 09:36:33
1641893819580204000,51.2,3,51.2,10,51.3,11,2,2022-01-11 09:36:59
1641893821873435000,51.3,1,51.2,10,51.3,10,1,2022-01-11 09:37:01
1641893823069209000,51.3,10,51.2,10,51.4,7,1,2022-01-11 09:37:03
1641893849506052000,51.3,1,51.3,14,51.4,7,2,2022-01-11 09:37:29
1641893852082866000,51.3,5,51.3,9,51.4,7,2,2022-01-11 09:37:32
1641893860747284000,51.3,1,51.3,9,51.4,7,2,2022-01-11 09:37:40
1641893871845307000,51.3,1,51.3,14,51.4,7,2,2022-01-11 09:37:51
1641893877415484000,51.4,2,51.3,14,51.4,5,1,2022-01-11 09:37:57
1641893879157093000,51.3,3,51.3,11,51.4,5,2,2022-01-11 09:37:59
1641893880728892000,51.3,3,51.3,8,51.4,8,2,2022-01-11 09:38:00
1641893880763431000,51.3,5,51.3,3,51.4,8,2,2022-01-11 09:38:00
1641893880794008000,51.3,3,51.2,10,51.4,8,2,2022-01-11 09:38:00
1641893883624224000,51.2,3,51.2,7,51.4,9,2,2022-01-11 09:38:03
1641893883654985000,51.2,5,51.2,2,51.4,9,2,2022-01-11 09:38:03
1641893883656078000,51.2,2,51.1,1,51.4,9,2,2022-01-11 09:38:03
1641893886934913000,51.3,1,51.3,1,51.4,12,2,2022-01-11 09:38:06
1641893886935056000,51.3,1,51.1,1,51.3,1,2,2022-01-11 09:38:06
1641893900146963000,51.1,5,51.0,15,51.3,21,2,2022-01-11 09:38:20
1641893904307303000,51.3,1,51.0,15,51.3,22,1,2022-01-11 09:38:24
1641893918694917000,51.2,1,51.1,2,51.3,21,1,2022-01-11 09:38:38
1641893937453396000,51.2,2,51.1,5,51.2,3,1,2022-01-11 09:38:57
1641893940031531000,51.1,5,51.0,2,51.2,3,2,2022-01-11 09:39:00
1641893940031531000,51.0,15,51.0,2,51.2,3,2,2022-01-11 09:39:00
1641893947417939000,51.1,1,51.0,2,51.2,6,2,2022-01-11 09:39:07
1641893947445820000,51.0,1,51.0,1,51.2,6,2,2022-01-11 09:39:07
1641893950886479000,51.0,1,50.9,18,51.1,1,2,2022-01-11 09:39:10
1641893951443454000,51.1,1,50.9,18,51.2,6,1,2022-01-11 09:39:11
1641893954946211000,50.9,1,50.9,17,51.2,6,2,2022-01-11 09:39:14
1641893958937947000,50.9,1,50.9,16,51.0,2,2,2022-01-11 09:39:18
1641893959056226000,50.9,2,50.9,14,51.0,2,2,2022-01-11 09:39:19
1641893960825805000,50.9,1,50.9,12,51.0,2,2,2022-01-11 09:39:20
1641893982248460000,50.9,3,50.9,9,51.0,10,2,2022-01-11 09:39:42
1641893984565179000,50.9,8,50.9,1,51.0,10,2,2022-01-11 09:39:44
1641893984595201000,50.9,1,50.8,9,51.0,10,2,2022-01-11 09:39:44
1641893993504411000,50.9,2,50.8,10,51.0,10,1,2022-01-11 09:39:53
1641893993928703000,50.8,1,50.8,9,51.0,10,2,2022-01-11 09:39:53
1641893995302806000,50.8,2,50.8,8,50.9,2,2,2022-01-11 09:39:55
1641894000211118000,50.9,2,50.8,9,51.0,10,1,2022-01-11 09:40:00
1641894002625163000,50.9,1,50.8,8,51.0,11,2,2022-01-11 09:40:02
1641894008810168000,51.0,1,50.8,10,51.0,10,1,2022-01-11 09:40:08
1641894009188007000,51.0,10,50.8,11,51.0,1,1,2022-01-11 09:40:09
1641894009218888000,51.0,1,50.8,12,51.2,8,1,2022-01-11 09:40:09
1641894011508073000,51.0,1,50.8,15,51.2,16,1,2022-01-11 09:40:11
1641894022036348000,51.2,1,50.9,6,51.2,23,1,2022-01-11 09:40:22
1641894024789660000,50.9,1,50.9,5,51.0,1,2,2022-01-11 09:40:24
1641894024794808000,51.0,1,50.9,4,51.1,2,1,2022-01-11 09:40:24
1641894055074838000,51.0,3,51.0,4,51.1,9,2,2022-01-11 09:40:55
1641894061408467000,51.0,4,50.9,3,51.0,6,2,2022-01-11 09:41:01
1641894063868297000,51.0,1,50.9,4,51.0,5,1,2022-01-11 09:41:03
1641894065904666000,51.0,1,50.9,4,51.0,4,1,2022-01-11 09:41:05
1641894065935005000,51.0,4,50.9,4,51.1,9,1,2022-01-11 09:41:05
1641894072494491000,51.0,1,50.9,7,51.1,11,2,2022-01-11 09:41:12
1641894087244785000,51.0,1,51.0,5,51.1,11,2,2022-01-11 09:41:27
1641894093753795000,51.0,3,51.0,3,51.1,13,2,2022-01-11 09:41:33
1641894105218322000,51.0,1,51.0,2,51.1,12,2,2022-01-11 09:41:45
1641894105921924000,51.0,1,51.0,1,51.1,12,2,2022-01-11 09:41:45
1641894110744168000,51.1,2,51.0,4,51.1,10,1,2022-01-11 09:41:50
1641894110775214000,51.1,6,51.0,4,51.1,4,1,2022-01-11 09:41:50
1641894110775232000,51.1,4,51.0,4,51.2,24,1,2022-01-11 09:41:50
1641894114296965000,51.0,1,51.0,5,51.1,1,2,2022-01-11 09:41:54
1641894116074882000,51.0,2,51.0,1,51.1,1,2,2022-01-11 09:41:56
1641894122145256000,51.1,1,51.0,2,51.2,24,1,2022-01-11 09:42:02
1641894126180837000,51.0,1,51.0,4,51.2,24,2,2022-01-11 09:42:06
1641894141442460000,51.0,2,51.0,2,51.2,24,2,2022-01-11 09:42:21
1641894142277182000,51.1,1,51.0,5,51.2,24,1,2022-01-11 09:42:22
1641894142984256000,51.1,1,51.0,5,51.2,24,1,2022-01-11 09:42:22
1641894145755732000,51.2,1,51.0,5,51.2,23,1,2022-01-11 09:42:25
1641894161790370000,51.1,2,51.0,7,51.2,23,2,2022-01-11 09:42:41
1641894167856553000,51.0,3,51.0,4,51.2,23,2,2022-01-11 09:42:47
1641894179386886000,51.1,1,51.0,3,51.2,26,1,2022-01-11 09:42:59
1641894180032126000,51.1,1,51.0,3,51.2,26,1,2022-01-11 09:43:00
1641894184461954000,51.0,1,51.0,5,51.2,26,2,2022-01-11 09:43:04
1641894187709901000,51.1,2,51.0,4,51.2,26,1,2022-01-11 09:43:07
1641894211985105000,51.1,1,51.0,6,51.2,26,1,2022-01-11 09:43:31
1641894216371083000,51.1,1,51.0,7,51.2,26,1,2022-01-11 09:43:36
1641894217067685000,51.1,1,51.0,7,51.2,26,1,2022-01-11 09:43:37
1641894245796599000,51.0,1,51.0,7,51.2,26,2,2022-01-11 09:44:05
1641894247997732000,51.2,20,51.0,8,51.2,6,1,2022-01-11 09:44:07
1641894248026088000,51.2,6,51.0,8,51.3,19,1,2022-01-11 09:44:08
1641894251725930000,51.3,1,51.0,8,51.3,17,1,2022-01-11 09:44:11
1641894253428553000,51.2,1,51.0,14,51.3,17,1,2022-01-11 09:44:13
1641894267105622000,51.2,1,51.1,4,51.3,17,1,2022-01-11 09:44:27
1641894269299912000,51.1,1,51.1,2,51.2,8,2,2022-01-11 09:44:29
1641894273288237000,51.2,1,51.1,1,51.2,7,1,2022-01-11 09:44:33
1641894275452777000,51.2,1,51.1,1,51.2,6,1,2022-01-11 09:44:35
1641894287186221000,51.2,1,51.1,6,51.2,5,1,2022-01-11 09:44:47
1641894287223299000,51.2,3,51.1,6,51.2,2,1,2022-01-11 09:44:47
1641894288244176000,51.2,2,51.1,7,51.3,17,1,2022-01-11 09:44:48
1641894290293631000,51.2,1,51.2,2,51.3,17,2,2022-01-11 09:44:50
1641894294293056000,51.2,1,51.1,8,51.3,17,1,2022-01-11 09:44:54
1641894321211651000,51.2,4,51.1,10,51.2,6,2,2022-01-11 09:45:21
1641894321246078000,51.2,1,51.1,10,51.2,5,1,2022-01-11 09:45:21
1641894329440759000,51.1,5,51.0,15,51.2,12,2,2022-01-11 09:45:29
1641894335145701000,51.2,1,51.0,9,51.2,11,1,2022-01-11 09:45:35
1641894338359844000,51.2,5,51.0,9,51.2,6,1,2022-01-11 09:45:38
1641894339106475000,51.1,2,51.1,3,51.2,6,2,2022-01-11 09:45:39
1641894343862685000,51.1,1,51.1,2,51.2,7,2,2022-01-11 09:45:43
1641894362126763000,51.1,2,51.1,2,51.2,7,2,2022-01-11 09:46:02
1641894371315645000,51.1,1,51.1,1,51.2,9,2,2022-01-11 09:46:11
1641894371338440000,51.1,1,51.0,14,51.2,9,2,2022-01-11 09:46:11
1641894374072572000,51.1,1,51.0,13,51.2,8,2,2022-01-11 09:46:14
1641894375647010000,51.0,5,51.0,8,51.1,1,2,2022-01-11 09:46:15
1641894375674010000,51.0,1,51.0,7,51.1,1,2,2022-01-11 09:46:15
1641894392805375000,51.1,1,51.0,10,51.2,9,2,2022-01-11 09:46:32
1641894398819400000,51.1,1,51.0,9,51.2,9,2,2022-01-11 09:46:38
1641894422273556000,51.1,7,51.0,10,51.2,13,2,2022-01-11 09:47:02
1641894429074784000,51.1,1,51.0,11,51.1,1,1,2022-01-11 09:47:09
1641894434258211000,51.1,1,51.1,2,51.2,11,1,2022-01-11 09:47:14
1641894438205469000,51.1,1,51.1,2,51.2,11,2,2022-01-11 09:47:18
1641894438908358000,51.1,1,51.1,2,51.2,11,2,2022-01-11 09:47:18
1641894447034062000,51.2,1,51.1,2,51.2,10,1,2022-01-11 09:47:27
1641894454128833000,51.1,1,51.1,1,51.2,7,2,2022-01-11 09:47:34
1641894458188746000,51.1,1,51.1,1,51.2,7,2,2022-01-11 09:47:38
1641894472189769000,51.1,1,51.1,5,51.2,12,2,2022-01-11 09:47:52
1641894472814338000,51.1,1,51.1,4,51.2,11,2,2022-01-11 09:47:52
1641894475203947000,51.1,1,51.1,4,51.2,11,2,2022-01-11 09:47:55
1641894475907388000,51.1,1,51.1,4,51.2,11,2,2022-01-11 09:47:55
1641894482799008000,51.1,3,51.1,1,51.2,8,2,2022-01-11 09:48:02
1641894482831497000,51.1,1,51.0,49,51.2,8,2,2022-01-11 09:48:02
1641894508624573000,51.2,1,51.1,11,51.2,7,1,2022-01-11 09:48:28
1641894510650102000,51.1,1,51.1,10,51.2,7,2,2022-01-11 09:48:30
1641894512925595000,51.1,2,51.1,8,51.2,9,2,2022-01-11 09:48:32
1641894522823087000,51.1,3,51.1,8,51.2,9,2,2022-01-11 09:48:42
1641894539328590000,51.1,1,51.1,7,51.2,10,2,2022-01-11 09:48:59
1641894539806933000,51.1,1,51.1,6,51.2,9,2,2022-01-11 09:48:59
1641894546032194000,51.1,5,51.1,3,51.2,9,2,2022-01-11 09:49:06
1641894548877725000,51.2,1,51.1,3,51.2,8,1,2022-01-11 09:49:08
1641894557501058000,51.2,1,51.1,4,51.2,9,1,2022-01-11 09:49:17
1641894570903763000,51.2,9,51.1,5,51.5,19,1,2022-01-11 09:49:30
1641894570903763000,51.3,6,51.1,5,51.5,19,1,2022-01-11 09:49:30
1641894570903763000,51.4,5,51.1,5,51.5,19,1,2022-01-11 09:49:30
1641894580851810000,51.4,1,51.3,1,51.5,20,2,2022-01-11 09:49:40
1641894581049670000,51.4,2,51.3,1,51.5,18,2,2022-01-11 09:49:41
1641894581242468000,51.5,1,51.3,1,51.5,17,1,2022-01-11 09:49:41
1641894593886589000,51.4,1,51.2,1,51.4,3,1,2022-01-11 09:49:53
1641894600375663000,51.4,2,51.2,1,51.4,1,1,2022-01-11 09:50:00
1641894622953363000,51.4,3,51.2,3,51.4,3,1,2022-01-11 09:50:22
1641894625086000000,51.4,1,51.2,4,51.4,5,1,2022-01-11 09:50:25
1641894635942436000,51.3,1,51.2,8,51.4,3,2,2022-01-11 09:50:35
1641894636120545000,51.3,1,51.3,3,51.4,5,2,2022-01-11 09:50:36
1641894641675136000,51.3,3,51.2,4,51.4,5,2,2022-01-11 09:50:41
1641894651552136000,51.3,1,51.2,4,51.4,6,1,2022-01-11 09:50:51
1641894664356450000,51.3,1,51.2,4,51.4,7,2,2022-01-11 09:51:04
1641894680179276000,51.3,1,51.3,2,51.4,5,2,2022-01-11 09:51:20
1641894680215411000,51.3,2,51.2,6,51.4,5,2,2022-01-11 09:51:20
1641894682382391000,51.3,1,51.2,6,51.4,5,2,2022-01-11 09:51:22
1641894693113959000,51.3,5,51.2,6,51.4,5,2,2022-01-11 09:51:33
1641894697257013000,51.3,3,51.2,6,51.4,6,2,2022-01-11 09:51:37
1641894708896891000,51.2,6,51.1,12,51.4,9,2,2022-01-11 09:51:48
1641894715218937000,51.2,1,51.2,1,51.3,1,2,2022-01-11 09:51:55
1641894727293023000,51.2,1,51.2,2,51.3,3,2,2022-01-11 09:52:07
1641894775422575000,51.2,1,51.2,3,51.3,9,2,2022-01-11 09:52:55
1641894778299974000,51.2,1,51.2,2,51.3,9,2,2022-01-11 09:52:58
1641894780448760000,51.2,1,51.2,3,51.3,9,2,2022-01-11 09:53:00
1641894789923478000,51.2,1,51.2,2,51.3,11,2,2022-01-11 09:53:09
1641894804574859000,51.2,1,51.2,2,51.3,10,2,2022-01-11 09:53:24
1641894805262873000,51.2,1,51.2,1,51.3,9,2,2022-01-11 09:53:25
1641894812751373000,51.2,1,51.1,11,51.3,11,2,2022-01-11 09:53:32
1641894815244633000,51.2,1,51.1,11,51.3,10,1,2022-01-11 09:53:35
1641894836048069000,51.2,1,51.1,12,51.2,2,1,2022-01-11 09:53:56
1641894837014739000,51.2,2,51.2,1,51.3,8,1,2022-01-11 09:53:57
1641894875193485000,51.2,1,51.2,6,51.3,10,2,2022-01-11 09:54:35
1641894875332551000,51.2,1,51.2,5,51.3,9,2,2022-01-11 09:54:35
1641894875332556000,51.2,1,51.2,4,51.3,8,2,2022-01-11 09:54:35
1641894880226509000,51.2,1,51.2,3,51.3,8,2,2022-01-11 09:54:40
1641894884779928000,51.2,1,51.2,2,51.3,10,2,2022-01-11 09:54:44
1641894885264616000,51.2,1,51.2,1,51.3,9,2,2022-01-11 09:54:45
1641894899463072000,51.3,2,51.2,1,51.3,8,1,2022-01-11 09:54:59
1641894899962113000,51.2,1,51.1,33,51.3,8,2,2022-01-11 09:54:59
1641894902566528000,51.3,1,51.1,33,51.3,6,1,2022-01-11 09:55:02
1641894927663413000,51.3,2,51.2,1,51.3,6,1,2022-01-11 09:55:27
1641894934279347000,51.2,1,51.1,31,51.3,6,2,2022-01-11 09:55:34
1641894934730230000,51.3,2,51.1,31,51.3,4,1,2022-01-11 09:55:34
1641894947673561000,51.2,1,51.1,30,51.2,1,1,2022-01-11 09:55:47
1641894948661818000,51.2,1,51.2,1,51.3,4,1,2022-01-11 09:55:48
1641894956329971000,51.2,1,51.1,30,51.3,7,2,2022-01-11 09:55:56
1641894958440686000,51.2,1,51.1,30,51.2,2,1,2022-01-11 09:55:58
1641894962664153000,51.1,12,51.0,55,51.2,2,2,2022-01-11 09:56:02
1641894963805994000,51.2,1,51.0,55,51.2,2,1,2022-01-11 09:56:03
1641894964571913000,51.2,1,51.0,55,51.2,1,1,2022-01-11 09:56:04
1641894995359139000,51.0,1,51.0,55,51.2,7,2,2022-01-11 09:56:35
1641895006927189000,51.1,1,51.0,55,51.2,6,2,2022-01-11 09:56:46
1641895009217002000,51.0,1,51.0,54,51.2,7,2,2022-01-11 09:56:49
1641895026895842000,51.0,1,51.0,55,51.1,4,2,2022-01-11 09:57:06
1641895037329687000,51.1,1,51.0,55,51.1,5,1,2022-01-11 09:57:17
1641895042702823000,51.0,8,51.0,47,51.1,6,2,2022-01-11 09:57:22
1641895044798259000,51.1,1,51.0,47,51.1,5,1,2022-01-11 09:57:24
1641895060273150000,51.0,47,50.9,7,51.0,53,2,2022-01-11 09:57:40
1641895060308391000,50.9,7,50.8,18,51.0,53,2,2022-01-11 09:57:40
1641895061234686000,50.8,1,50.8,16,50.9,3,2,2022-01-11 09:57:41
1641895061266056000,50.8,5,50.8,11,50.9,3,2,2022-01-11 09:57:41
1641895061281859000,50.8,1,50.8,10,50.9,3,2,2022-01-11 09:57:41
1641895061533490000,50.8,7,50.8,3,50.9,4,2,2022-01-11 09:57:41
1641895061630883000,50.8,3,50.7,26,50.9,3,2,2022-01-11 09:57:41
1641895068294964000,50.9,1,50.8,6,50.9,5,1,2022-01-11 09:57:48
1641895075599751000,50.8,9,50.7,26,50.8,1,2,2022-01-11 09:57:55
1641895079826208000,50.7,8,50.7,18,50.8,2,2,2022-01-11 09:57:59
1641895082498175000,50.8,1,50.7,18,50.8,2,1,2022-01-11 09:58:02
1641895093183835000,50.8,1,50.7,18,50.8,3,1,2022-01-11 09:58:13
1641895094431256000,50.8,1,50.7,18,50.8,1,1,2022-01-11 09:58:14
1641895108788491000,50.8,3,50.7,18,50.8,2,1,2022-01-11 09:58:28
1641895112050925000,50.8,1,50.7,18,50.8,1,1,2022-01-11 09:58:32
1641895118618007000,50.7,7,50.7,10,50.8,1,2,2022-01-11 09:58:38
1641895129042580000,50.7,1,50.7,9,50.8,8,2,2022-01-11 09:58:49
1641895133183596000,50.7,1,50.7,9,50.8,8,2,2022-01-11 09:58:53
1641895137700981000,50.7,6,50.7,3,50.8,11,2,2022-01-11 09:58:57
1641895141314538000,50.7,1,50.7,2,50.8,11,2,2022-01-11 09:59:01
1641895141595700000,50.7,1,50.7,1,50.8,11,2,2022-01-11 09:59:01
1641895141733037000,50.7,1,50.6,25,50.8,11,2,2022-01-11 09:59:01
1641895146334224000,50.6,25,50.3,1,50.8,11,2,2022-01-11 09:59:06
1641895146334224000,50.5,26,50.3,1,50.8,11,2,2022-01-11 09:59:06
1641895146334224000,50.4,6,50.3,1,50.8,11,2,2022-01-11 09:59:06
1641895146334224000,50.3,18,50.3,1,50.8,11,2,2022-01-11 09:59:06
1641895146344133000,50.3,1,50.2,5,50.8,11,2,2022-01-11 09:59:06
1641895152385475000,50.5,1,50.5,1,50.7,5,2,2022-01-11 09:59:12
1641895152430266000,50.5,1,50.3,2,50.7,6,2,2022-01-11 09:59:12
1641895154170527000,50.4,1,50.3,2,50.7,6,1,2022-01-11 09:59:14
1641895154594673000,50.6,1,50.3,2,50.7,5,2,2022-01-11 09:59:14
1641895162039212000,50.5,1,50.3,3,50.6,1,1,2022-01-11 09:59:22
1641895165288548000,50.4,1,50.4,1,50.6,1,2,2022-01-11 09:59:25
1641895165584649000,50.5,1,50.4,1,50.6,1,1,2022-01-11 09:59:25
1641895168603863000,50.4,1,50.3,11,50.4,1,2,2022-01-11 09:59:28
1641895168638610000,50.4,1,50.3,10,50.6,8,1,2022-01-11 09:59:28
1641895179494296000,50.4,2,50.4,1,50.6,10,2,2022-01-11 09:59:39
1641895185473375000,50.4,1,50.4,3,50.6,9,2,2022-01-11 09:59:45
1641895188764621000,50.5,1,50.4,4,50.6,9,1,2022-01-11 09:59:48
1641895190829051000,50.4,1,50.4,13,50.6,9,2,2022-01-11 09:59:50
1641895192358772000,50.4,1,50.4,12,50.6,9,2,2022-01-11 09:59:52
1641895194339066000,50.6,9,50.4,15,50.7,6,1,2022-01-11 09:59:54
1641895198586464000,50.5,1,50.5,2,50.7,7,2,2022-01-11 09:59:58
1641895200951517000,50.7,5,50.9,235,51.0,55,1,2022-01-11 10:00:00
1641895200951517000,50.8,8,50.9,235,51.0,55,1,2022-01-11 10:00:00
1641895200951517000,50.9,2,50.9,235,51.0,55,1,2022-01-11 10:00:00
1641895200984533000,51.0,53,50.9,235,51.0,2,1,2022-01-11 10:00:00
1641895200985586000,51.0,2,50.9,235,51.1,1,1,2022-01-11 10:00:00
1641895201448565000,50.9,10,50.9,228,51.1,1,2,2022-01-11 10:00:01
1641895207086234000,50.9,3,50.6,2,51.0,50,2,2022-01-11 10:00:07
