ts,close,volume,bid_price,bid_volume,ask_price,ask_volume,tick_type,datetime
1641891723284920000,33.15,1315,33.1,20,33.15,140,2,2022-01-11 09:02:03
1641891723316389000,33.15,140,33.1,20,33.2,60,1,2022-01-11 09:02:03
1641891723333671000,33.1,1,33.1,19,33.2,60,2,2022-01-11 09:02:03
1641891723344882000,33.1,2,33.1,17,33.2,60,2,2022-01-11 09:02:03
1641891723361754000,33.1,1,33.1,16,33.2,60,2,2022-01-11 09:02:03
1641891723406634000,33.15,2,33.1,16,33.2,68,1,2022-01-11 09:02:03
1641891723435205000,33.1,1,33.1,15,33.2,68,2,2022-01-11 09:02:03
1641891723548751000,33.15,2,33.1,15,33.2,68,1,2022-01-11 09:02:03
1641891723587748000,33.15,2,33.1,15,33.2,70,1,2022-01-11 09:02:03
1641891723594719000,33.1,2,33.1,13,33.2,70,2,2022-01-11 09:02:03
1641891723970809000,33.1,4,33.1,9,33.2,70,2,2022-01-11 09:02:03
1641891724141014000,33.1,4,33.1,5,33.15,1,2,2022-01-11 09:02:04
1641891724179661000,33.1,1,33.1,4,33.15,1,2,2022-01-11 09:02:04
1641891724244224000,33.1,1,33.1,3,33.15,1,2,2022-01-11 09:02:04
1641891724407000000,33.1,3,33.05,31,33.1,3,2,2022-01-11 09:02:04
1641891724447591000,33.1,4,33.05,31,33.2,74,1,2022-01-11 09:02:04
1641891724447591000,33.15,1,33.05,31,33.2,74,1,2022-01-11 09:02:04
1641891725210540000,33.05,1,33.05,31,33.1,50,2,2022-01-11 09:02:05
1641891726035515000,33.05,11,33.05,19,33.1,68,2,2022-01-11 09:02:06
1641891726312284000,33.05,2,33.05,17,33.1,68,2,2022-01-11 09:02:06
1641891726334471000,33.05,1,33.05,16,33.1,68,2,2022-01-11 09:02:06
1641891726369423000,33.05,1,33.05,15,33.1,68,2,2022-01-11 09:02:06
1641891726394581000,33.05,1,33.05,14,33.1,68,2,2022-01-11 09:02:06
1641891726656291000,33.05,1,33.05,13,33.1,69,2,2022-01-11 09:02:06
1641891726835591000,33.1,1,33.05,13,33.1,68,1,2022-01-11 09:02:06
1641891726904675000,33.1,1,33.05,13,33.1,67,1,2022-01-11 09:02:06
1641891727122578000,33.05,1,33.05,12,33.1,67,2,2022-01-11 09:02:07
1641891727126951000,33.05,4,33.05,8,33.1,67,2,2022-01-11 09:02:07
1641891727150298000,33.05,1,33.05,7,33.1,67,2,2022-01-11 09:02:07
1641891727154069000,33.05,1,33.05,6,33.1,67,2,2022-01-11 09:02:07
1641891727164549000,33.05,1,33.05,5,33.1,67,2,2022-01-11 09:02:07
1641891727224051000,33.05,5,33.0,179,33.1,72,2,2022-01-11 09:02:07
1641891727538970000,33.0,15,33.0,186,33.05,1,2,2022-01-11 09:02:07
1641891727565425000,33.0,50,33.0,136,33.05,2,2,2022-01-11 09:02:07
1641891727567029000,33.0,50,33.0,86,33.05,2,2,2022-01-11 09:02:07
1641891727568252000,33.0,1,33.0,85,33.05,2,2,2022-01-11 09:02:07
1641891727600736000,33.0,1,33.0,84,33.05,2,2,2022-01-11 09:02:07
1641891727602309000,33.0,1,33.0,83,33.05,4,2,2022-01-11 09:02:07
1641891727602471000,33.0,1,33.0,82,33.05,4,2,2022-01-11 09:02:07
1641891727606130000,33.0,1,33.0,81,33.05,5,2,2022-01-11 09:02:07
1641891727620042000,33.0,1,33.0,80,33.05,8,2,2022-01-11 09:02:07
1641891727621926000,33.0,1,33.0,79,33.05,9,2,2022-01-11 09:02:07
1641891727631469000,33.0,1,33.0,78,33.05,11,2,2022-01-11 09:02:07
1641891727640002000,33.0,1,33.0,77,33.05,13,2,2022-01-11 09:02:07
1641891727640552000,33.0,1,33.0,76,33.05,13,2,2022-01-11 09:02:07
1641891727643355000,33.0,28,33.0,48,33.05,13,2,2022-01-11 09:02:07
1641891727664315000,33.0,48,32.9,29,33.05,13,2,2022-01-11 09:02:07
1641891727674618000,32.9,29,32.8,30,33.05,13,2,2022-01-11 09:02:07
1641891727674618000,32.85,23,32.8,30,33.05,13,2,2022-01-11 09:02:07
1641891727674618000,32.8,8,32.8,30,33.05,13,2,2022-01-11 09:02:07
1641891727713886000,32.8,2,32.8,28,33.0,19,2,2022-01-11 09:02:07
1641891727742714000,32.8,24,32.8,4,33.0,19,2,2022-01-11 09:02:07
1641891727788911000,32.8,4,32.75,11,32.95,3,2,2022-01-11 09:02:07
1641891727960570000,32.95,2,32.75,11,32.95,1,1,2022-01-11 09:02:07
1641891728212924000,32.9,1,32.75,11,32.9,11,1,2022-01-11 09:02:08
1641891728598629000,32.85,1,32.8,1,32.85,5,1,2022-01-11 09:02:08
1641891728758082000,32.85,5,32.8,1,32.85,2,1,2022-01-11 09:02:08
1641891728775078000,32.85,1,32.8,1,32.85,1,1,2022-01-11 09:02:08
1641891729209619000,32.8,1,32.8,6,32.85,5,2,2022-01-11 09:02:09
1641891729263805000,32.8,1,32.8,11,32.85,5,2,2022-01-11 09:02:09
1641891729279344000,32.85,5,32.8,11,32.9,4,1,2022-01-11 09:02:09
1641891729593018000,32.8,2,32.8,14,32.9,4,2,2022-01-11 09:02:09
1641891729769589000,32.8,1,32.8,13,32.9,4,2,2022-01-11 09:02:09
1641891729877708000,32.85,2,32.85,3,32.9,4,2,2022-01-11 09:02:09
1641891730210666000,32.85,2,32.85,1,32.9,4,2,2022-01-11 09:02:10
1641891730221053000,32.85,1,32.8,16,32.9,4,2,2022-01-11 09:02:10
1641891730789856000,32.9,3,32.85,3,32.9,1,1,2022-01-11 09:02:10
1641891730820965000,32.9,1,32.85,3,32.95,1,1,2022-01-11 09:02:10
1641891730999625000,32.85,1,32.85,7,32.95,1,2,2022-01-11 09:02:10
1641891731309893000,32.9,4,32.85,7,32.95,1,2,2022-01-11 09:02:11
1641891731379783000,32.95,1,32.9,5,33.0,17,1,2022-01-11 09:02:11
1641891731379783000,33.0,4,32.9,5,33.0,17,1,2022-01-11 09:02:11
1641891731410712000,32.9,2,32.9,3,33.0,5,2,2022-01-11 09:02:11
1641891731532538000,33.0,1,32.9,3,33.0,4,1,2022-01-11 09:02:11
1641891731679812000,33.0,4,32.9,3,33.05,39,1,2022-01-11 09:02:11
1641891731703228000,32.9,2,32.9,1,33.05,39,2,2022-01-11 09:02:11
1641891731708871000,32.9,1,32.85,26,33.05,39,2,2022-01-11 09:02:11
1641891731708871000,32.85,1,32.85,26,33.05,39,2,2022-01-11 09:02:11
1641891731740388000,32.85,1,32.85,27,33.0,12,2,2022-01-11 09:02:11
1641891731815282000,32.85,1,32.85,26,33.0,12,2,2022-01-11 09:02:11
1641891732012772000,33.0,5,32.85,26,33.0,7,1,2022-01-11 09:02:12
1641891732323884000,32.9,1,32.9,13,33.0,7,2,2022-01-11 09:02:12
1641891732480865000,33.0,9,32.95,20,33.05,40,1,2022-01-11 09:02:12
1641891732514369000,33.05,40,32.95,22,33.1,72,1,2022-01-11 09:02:12
1641891732715250000,32.95,12,32.95,10,33.1,72,2,2022-01-11 09:02:12
1641891732775451000,33.05,1,32.95,15,33.05,1,1,2022-01-11 09:02:12
1641891732902157000,32.95,1,32.95,14,33.05,1,2,2022-01-11 09:02:12
1641891733011908000,32.95,2,32.95,12,33.05,1,2,2022-01-11 09:02:13
1641891733093646000,33.05,1,33.05,1,33.1,84,1,2022-01-11 09:02:13
1641891733245774000,33.05,1,32.95,12,33.1,84,2,2022-01-11 09:02:13
1641891733245774000,33.0,2,32.95,12,33.1,84,2,2022-01-11 09:02:13
1641891733283566000,33.1,4,32.95,12,33.1,80,1,2022-01-11 09:02:13
1641891733350739000,33.0,1,33.0,9,33.1,80,2,2022-01-11 09:02:13
1641891733432925000,33.0,2,33.0,7,33.1,80,2,2022-01-11 09:02:13
1641891733455568000,33.0,1,33.0,6,33.1,80,2,2022-01-11 09:02:13
1641891733528066000,33.05,1,33.0,6,33.1,80,1,2022-01-11 09:02:13
1641891733540704000,33.0,1,33.0,5,33.1,80,2,2022-01-11 09:02:13
1641891733806452000,33.0,1,33.0,10,33.1,80,2,2022-01-11 09:02:13
1641891734073172000,33.05,5,33.0,10,33.05,5,2,2022-01-11 09:02:14
1641891734081371000,33.05,5,33.0,10,33.1,79,1,2022-01-11 09:02:14
1641891734081371000,33.1,1,33.0,10,33.1,79,1,2022-01-11 09:02:14
1641891734091896000,33.0,1,33.0,9,33.1,79,2,2022-01-11 09:02:14
1641891734131121000,33.0,1,33.0,8,33.1,79,2,2022-01-11 09:02:14
1641891734658463000,33.0,1,33.0,12,33.1,79,2,2022-01-11 09:02:14
1641891734753686000,33.0,1,33.0,11,33.1,79,2,2022-01-11 09:02:14
1641891735113698000,33.0,1,33.0,10,33.1,79,2,2022-01-11 09:02:15
1641891735328266000,33.0,3,33.0,7,33.1,79,2,2022-01-11 09:02:15
1641891735667424000,33.05,2,33.05,4,33.1,79,2,2022-01-11 09:02:15
1641891735774751000,33.05,4,33.0,6,33.1,79,2,2022-01-11 09:02:15
1641891735927471000,33.0,1,33.0,5,33.1,79,2,2022-01-11 09:02:15
1641891735999204000,33.0,1,33.0,4,33.1,79,2,2022-01-11 09:02:15
1641891736583563000,33.0,5,32.95,16,33.05,1,2,2022-01-11 09:02:16
1641891736583563000,32.95,5,32.95,16,33.05,1,2,2022-01-11 09:02:16
1641891736695098000,32.95,2,32.95,14,33.05,2,2,2022-01-11 09:02:16
1641891736847720000,33.05,2,32.95,14,33.1,68,1,2022-01-11 09:02:16
1641891736847720000,33.1,8,32.95,14,33.1,68,1,2022-01-11 09:02:16
1641891737134626000,33.0,1,32.95,15,33.1,68,2,2022-01-11 09:02:17
1641891737508672000,33.0,1,32.95,15,33.1,68,1,2022-01-11 09:02:17
1641891737857608000,33.1,2,33.05,1,33.1,68,1,2022-01-11 09:02:17
1641891737959072000,33.05,1,33.0,4,33.1,68,2,2022-01-11 09:02:17
1641891738186701000,33.05,1,33.0,30,33.1,68,1,2022-01-11 09:02:18
1641891738272379000,33.0,3,33.0,27,33.1,68,2,2022-01-11 09:02:18
1641891738275252000,33.0,4,33.0,23,33.1,68,2,2022-01-11 09:02:18
1641891738564369000,33.0,1,33.0,28,33.1,68,2,2022-01-11 09:02:18
1641891739029009000,33.0,1,33.0,17,33.1,68,2,2022-01-11 09:02:19
1641891739112261000,33.05,1,33.05,4,33.1,68,2,2022-01-11 09:02:19
1641891739162269000,33.05,1,33.05,3,33.1,68,2,2022-01-11 09:02:19
1641891739478891000,33.05,4,33.05,10,33.1,68,2,2022-01-11 09:02:19
1641891739603085000,33.05,1,33.05,9,33.1,68,2,2022-01-11 09:02:19
1641891739626263000,33.05,2,33.05,7,33.1,68,2,2022-01-11 09:02:19
1641891739627603000,33.05,1,33.05,6,33.1,68,2,2022-01-11 09:02:19
1641891739749824000,33.05,3,33.05,3,33.1,68,2,2022-01-11 09:02:19
1641891739947020000,33.05,3,33.0,31,33.1,68,2,2022-01-11 09:02:19
1641891739947020000,33.0,6,33.0,31,33.1,68,2,2022-01-11 09:02:19
1641891739995139000,33.0,2,33.0,29,33.05,1,2,2022-01-11 09:02:19
1641891740155610000,33.0,1,33.0,28,33.05,1,2,2022-01-11 09:02:20
1641891740362229000,33.0,1,33.0,27,33.05,1,2,2022-01-11 09:02:20
1641891740437116000,33.05,1,33.0,27,33.1,72,1,2022-01-11 09:02:20
1641891740437116000,33.1,1,33.0,27,33.1,72,1,2022-01-11 09:02:20
1641891740821517000,33.0,1,33.0,39,33.1,75,2,2022-01-11 09:02:20
1641891741304476000,33.0,1,33.0,40,33.05,1,2,2022-01-11 09:02:21
1641891741352465000,33.0,3,33.0,37,33.05,1,2,2022-01-11 09:02:21
1641891741362120000,33.05,1,33.0,37,33.1,72,1,2022-01-11 09:02:21
1641891741362120000,33.1,3,33.0,37,33.1,72,1,2022-01-11 09:02:21
1641891741688050000,33.0,2,33.0,42,33.05,5,2,2022-01-11 09:02:21
1641891741789971000,33.05,2,33.0,42,33.05,3,1,2022-01-11 09:02:21
1641891741820319000,33.05,3,33.0,42,33.1,72,1,2022-01-11 09:02:21
1641891742010917000,33.0,3,33.0,39,33.1,73,2,2022-01-11 09:02:22
1641891742162953000,33.0,10,33.0,29,33.1,73,2,2022-01-11 09:02:22
1641891742238024000,33.05,2,33.05,1,33.1,73,1,2022-01-11 09:02:22
1641891742263134000,33.05,1,33.0,31,33.1,73,2,2022-01-11 09:02:22
1641891742264983000,33.0,25,33.0,6,33.1,73,2,2022-01-11 09:02:22
1641891742284717000,33.0,2,33.0,4,33.05,1,2,2022-01-11 09:02:22
1641891742356471000,33.05,1,33.0,4,33.05,3,1,2022-01-11 09:02:22
1641891742418777000,33.0,1,33.0,3,33.05,4,2,2022-01-11 09:02:22
1641891742476189000,33.05,2,33.0,3,33.05,2,1,2022-01-11 09:02:22
1641891742627413000,33.0,2,33.0,1,33.05,7,2,2022-01-11 09:02:22
1641891742646485000,33.05,2,33.0,1,33.05,5,1,2022-01-11 09:02:22
1641891742802243000,33.0,1,32.95,16,33.05,5,2,2022-01-11 09:02:22
1641891742837365000,33.0,1,32.95,16,33.05,5,2,2022-01-11 09:02:22
1641891742985915000,33.0,1,32.95,16,33.0,8,1,2022-01-11 09:02:22
1641891743022704000,33.0,2,32.95,16,33.0,7,1,2022-01-11 09:02:23
1641891743069673000,33.0,2,32.95,16,33.0,6,1,2022-01-11 09:02:23
1641891743170592000,33.0,6,33.0,4,33.05,8,1,2022-01-11 09:02:23
1641891743539535000,33.0,1,33.0,5,33.05,8,2,2022-01-11 09:02:23
1641891743572738000,33.05,4,33.0,6,33.05,4,1,2022-01-11 09:02:23
1641891743572754000,33.05,4,33.0,6,33.1,70,1,2022-01-11 09:02:23
1641891743572754000,33.1,3,33.0,6,33.1,70,1,2022-01-11 09:02:23
1641891743746105000,33.0,5,33.0,2,33.05,1,2,2022-01-11 09:02:23
1641891743777810000,33.0,1,33.0,11,33.05,1,2,2022-01-11 09:02:23
1641891743838795000,33.0,1,33.0,10,33.05,1,2,2022-01-11 09:02:23
1641891743873220000,33.0,1,33.0,12,33.05,1,2,2022-01-11 09:02:23
1641891743949584000,33.05,1,33.05,1,33.1,71,1,2022-01-11 09:02:23
1641891744034298000,33.05,1,33.0,9,33.1,71,2,2022-01-11 09:02:24
1641891744034298000,33.0,3,33.0,9,33.1,71,2,2022-01-11 09:02:24
1641891744034493000,33.0,9,32.95,5,33.1,71,2,2022-01-11 09:02:24
1641891744034493000,32.95,11,32.95,5,33.1,71,2,2022-01-11 09:02:24
1641891744243011000,33.0,2,32.95,5,33.05,2,2,2022-01-11 09:02:24
1641891744452461000,33.0,1,32.95,5,33.05,2,1,2022-01-11 09:02:24
1641891744689379000,33.0,1,33.0,1,33.05,4,2,2022-01-11 09:02:24
1641891744720486000,33.0,1,32.95,5,33.0,1,2,2022-01-11 09:02:24
1641891744807114000,33.0,1,32.95,5,33.05,3,1,2022-01-11 09:02:24
1641891744807114000,33.05,1,32.95,5,33.05,3,1,2022-01-11 09:02:24
1641891745165892000,33.05,1,33.0,2,33.05,2,1,2022-01-11 09:02:25
1641891745510325000,33.0,1,33.0,1,33.05,2,2,2022-01-11 09:02:25
1641891746068154000,33.05,3,33.0,2,33.1,68,1,2022-01-11 09:02:26
1641891746068154000,33.1,4,33.0,2,33.1,68,1,2022-01-11 09:02:26
1641891746084488000,33.1,1,33.0,2,33.1,67,1,2022-01-11 09:02:26
1641891746096832000,33.0,2,32.95,5,33.1,67,2,2022-01-11 09:02:26
1641891746139392000,32.95,1,32.95,4,33.1,67,2,2022-01-11 09:02:26
1641891746762924000,33.05,5,33.0,9,33.05,2,2,2022-01-11 09:02:26
1641891746888363000,33.0,1,33.0,14,33.05,3,2,2022-01-11 09:02:26
1641891747136487000,33.0,2,33.0,14,33.05,3,2,2022-01-11 09:02:27
1641891747498516000,33.0,2,33.0,14,33.05,4,2,2022-01-11 09:02:27
1641891747630209000,33.05,6,33.0,14,33.2,52,1,2022-01-11 09:02:27
1641891747630209000,33.1,73,33.0,14,33.2,52,1,2022-01-11 09:02:27
1641891747630209000,33.15,8,33.0,14,33.2,52,1,2022-01-11 09:02:27
1641891747630209000,33.2,13,33.0,14,33.2,52,1,2022-01-11 09:02:27
1641891747800449000,33.0,1,33.0,13,33.2,52,2,2022-01-11 09:02:27
1641891748050409000,33.05,1,33.0,14,33.2,54,2,2022-01-11 09:02:28
1641891748050409000,33.0,2,33.0,14,33.2,54,2,2022-01-11 09:02:28
1641891748262136000,33.0,2,33.0,12,33.2,54,2,2022-01-11 09:02:28
1641891748314584000,33.0,2,33.0,10,33.15,1,2,2022-01-11 09:02:28
1641891748463812000,33.05,10,33.0,11,33.15,2,1,2022-01-11 09:02:28
1641891748551256000,33.0,4,33.0,7,33.15,3,2,2022-01-11 09:02:28
1641891748587619000,33.0,7,33.0,7,33.15,3,2,2022-01-11 09:02:28
1641891748901325000,33.05,7,33.0,4,33.1,3,2,2022-01-11 09:02:28
1641891748901325000,33.0,3,33.0,4,33.1,3,2,2022-01-11 09:02:28
1641891748941969000,33.05,3,33.0,6,33.1,4,2,2022-01-11 09:02:28
1641891749068759000,33.1,1,33.05,7,33.1,3,1,2022-01-11 09:02:29
1641891749144545000,33.05,3,33.05,4,33.1,3,2,2022-01-11 09:02:29
1641891749184644000,33.05,1,33.05,3,33.1,3,2,2022-01-11 09:02:29
1641891749275750000,33.05,1,33.05,2,33.1,3,2,2022-01-11 09:02:29
1641891749401776000,33.05,2,33.0,15,33.1,4,2,2022-01-11 09:02:29
1641891749598258000,33.05,2,33.0,20,33.1,4,2,2022-01-11 09:02:29
1641891750044711000,33.0,1,33.0,29,33.05,3,2,2022-01-11 09:02:30
1641891750351886000,33.0,8,33.0,26,33.05,3,2,2022-01-11 09:02:30
1641891750663854000,33.0,1,33.0,26,33.05,4,2,2022-01-11 09:02:30
1641891751053290000,33.0,1,33.0,26,33.05,4,2,2022-01-11 09:02:31
1641891751090388000,33.0,1,33.0,25,33.05,4,2,2022-01-11 09:02:31
1641891751242879000,33.0,1,33.0,24,33.05,4,2,2022-01-11 09:02:31
1641891751420522000,33.0,2,33.0,23,33.05,5,2,2022-01-11 09:02:31
1641891751862881000,33.05,5,33.05,10,33.1,9,1,2022-01-11 09:02:31
1641891752165323000,33.05,3,33.05,10,33.1,9,2,2022-01-11 09:02:32
1641891752208767000,33.05,1,33.05,9,33.1,9,2,2022-01-11 09:02:32
1641891752311683000,33.05,1,33.05,8,33.1,9,2,2022-01-11 09:02:32
1641891752471553000,33.05,1,33.05,7,33.1,9,2,2022-01-11 09:02:32
1641891753178428000,33.05,4,33.05,3,33.1,15,2,2022-01-11 09:02:33
1641891753215423000,33.05,1,33.05,2,33.1,15,2,2022-01-11 09:02:33
1641891753237048000,33.05,1,33.05,1,33.1,15,2,2022-01-11 09:02:33
1641891753240857000,33.05,1,33.0,38,33.1,15,2,2022-01-11 09:02:33
1641891753568518000,33.1,10,33.05,2,33.1,5,1,2022-01-11 09:02:33
1641891753799077000,33.05,2,33.0,43,33.1,5,2,2022-01-11 09:02:33
1641891753799077000,33.0,2,33.0,43,33.1,5,2,2022-01-11 09:02:33
1641891753852684000,33.05,1,33.0,43,33.1,5,1,2022-01-11 09:02:33
1641891753943009000,33.0,2,33.0,41,33.1,5,2,2022-01-11 09:02:33
1641891754041734000,33.05,1,33.0,41,33.05,1,2,2022-01-11 09:02:34
1641891754071519000,33.05,1,33.0,41,33.1,5,1,2022-01-11 09:02:34
1641891754343028000,33.05,4,33.05,1,33.1,5,2,2022-01-11 09:02:34
1641891754687768000,33.1,1,33.05,1,33.1,4,1,2022-01-11 09:02:34
1641891754890923000,33.1,1,33.05,1,33.1,3,1,2022-01-11 09:02:34
1641891754926871000,33.05,1,33.0,46,33.1,3,2,2022-01-11 09:02:34
1641891755209540000,33.0,2,33.0,44,33.1,3,2,2022-01-11 09:02:35
1641891755294384000,33.0,10,33.0,34,33.05,3,2,2022-01-11 09:02:35
1641891755321431000,33.0,1,33.0,33,33.05,3,2,2022-01-11 09:02:35
1641891755322704000,33.0,1,33.0,32,33.05,3,2,2022-01-11 09:02:35
1641891755333530000,33.0,1,33.0,31,33.05,3,2,2022-01-11 09:02:35
1641891755557104000,33.05,1,33.0,31,33.05,2,1,2022-01-11 09:02:35
1641891755558785000,33.0,30,33.0,1,33.05,2,2,2022-01-11 09:02:35
1641891755594709000,33.0,1,32.95,19,33.05,22,2,2022-01-11 09:02:35
1641891756061306000,33.0,2,32.95,19,33.0,8,2,2022-01-11 09:02:36
1641891756144054000,33.0,2,32.95,19,33.0,6,1,2022-01-11 09:02:36
1641891756186285000,33.0,1,32.95,19,33.0,5,1,2022-01-11 09:02:36
1641891756356052000,32.95,1,32.95,18,33.0,5,2,2022-01-11 09:02:36
1641891756409940000,32.95,10,32.95,12,33.0,5,2,2022-01-11 09:02:36
1641891756510840000,33.0,1,32.95,12,33.0,6,1,2022-01-11 09:02:36
1641891756543240000,32.95,1,32.95,11,33.0,6,2,2022-01-11 09:02:36
1641891756567547000,32.95,1,32.95,10,33.0,6,2,2022-01-11 09:02:36
1641891756580482000,33.0,1,32.95,10,33.0,5,1,2022-01-11 09:02:36
1641891756600907000,33.0,1,32.95,10,33.0,5,1,2022-01-11 09:02:36
1641891756762974000,33.0,1,32.95,10,33.0,4,1,2022-01-11 09:02:36
1641891756916413000,33.0,1,32.95,10,33.0,8,1,2022-01-11 09:02:36
1641891757068199000,32.95,10,32.9,18,33.0,63,2,2022-01-11 09:02:37
1641891757218455000,33.0,5,32.9,18,33.0,58,1,2022-01-11 09:02:37
1641891757361934000,33.0,1,32.9,18,33.0,57,1,2022-01-11 09:02:37
1641891757384594000,33.0,10,32.9,18,33.0,47,1,2022-01-11 09:02:37
1641891757479913000,32.95,1,32.9,18,33.0,47,1,2022-01-11 09:02:37
1641891758671541000,32.95,1,32.9,21,32.95,1,1,2022-01-11 09:02:38
1641891758765152000,32.95,1,32.9,22,33.0,48,1,2022-01-11 09:02:38
1641891758765152000,33.0,1,32.9,22,33.0,48,1,2022-01-11 09:02:38
1641891759145788000,33.0,5,32.9,22,33.0,39,1,2022-01-11 09:02:39
1641891759402323000,32.95,1,32.9,22,33.0,39,1,2022-01-11 09:02:39
1641891759412411000,32.9,3,32.9,19,33.0,40,2,2022-01-11 09:02:39
1641891759933768000,33.0,1,32.9,19,33.0,42,1,2022-01-11 09:02:39
1641891760836217000,32.95,1,32.9,19,32.95,4,2,2022-01-11 09:02:40
1641891761054111000,32.9,15,32.9,4,32.95,4,2,2022-01-11 09:02:41
1641891761075194000,32.95,2,32.9,4,32.95,2,1,2022-01-11 09:02:41
1641891761089047000,32.9,4,32.85,12,32.95,2,2,2022-01-11 09:02:41
1641891761132807000,32.9,1,32.85,10,32.95,4,1,2022-01-11 09:02:41
1641891761527393000,32.95,5,32.85,10,32.95,2,1,2022-01-11 09:02:41
1641891762303363000,32.95,1,32.9,1,32.95,2,1,2022-01-11 09:02:42
1641891762323558000,32.95,1,32.9,1,32.95,1,1,2022-01-11 09:02:42
1641891762351788000,32.95,1,32.9,1,33.0,46,1,2022-01-11 09:02:42
1641891762767333000,32.9,1,32.85,13,33.0,46,2,2022-01-11 09:02:42
1641891762767333000,32.85,1,32.85,13,33.0,46,2,2022-01-11 09:02:42
1641891763022419000,32.95,1,32.85,12,33.0,46,1,2022-01-11 09:02:43
1641891763045720000,32.85,1,32.85,11,33.0,46,2,2022-01-11 09:02:43
1641891763069656000,33.0,5,32.85,11,33.0,41,1,2022-01-11 09:02:43
1641891763081852000,33.0,2,32.85,11,33.0,39,1,2022-01-11 09:02:43
1641891763090200000,33.0,1,32.85,11,33.0,38,1,2022-01-11 09:02:43
1641891763108928000,33.0,1,32.85,11,33.0,37,1,2022-01-11 09:02:43
1641891763206201000,33.0,1,32.85,11,33.0,36,1,2022-01-11 09:02:43
1641891764104995000,32.9,3,32.85,11,32.9,27,2,2022-01-11 09:02:44
1641891764123618000,32.9,4,32.85,11,32.9,23,1,2022-01-11 09:02:44
1641891764362544000,32.85,3,32.85,8,32.9,23,2,2022-01-11 09:02:44
1641891764509943000,32.9,15,32.85,8,32.9,8,1,2022-01-11 09:02:44
1641891764539055000,32.9,8,32.85,8,33.0,38,1,2022-01-11 09:02:44
1641891764572947000,32.9,1,32.85,8,32.9,1,1,2022-01-11 09:02:44
1641891764592678000,32.9,1,32.9,3,33.0,38,1,2022-01-11 09:02:44
1641891764713166000,32.9,2,32.9,1,33.0,38,2,2022-01-11 09:02:44
1641891765223688000,32.9,1,32.8,22,32.95,1,2,2022-01-11 09:02:45
1641891765223688000,32.85,8,32.8,22,32.95,1,2,2022-01-11 09:02:45
1641891765223688000,32.8,1,32.8,22,32.95,1,2,2022-01-11 09:02:45
1641891765479010000,32.8,1,32.8,26,32.95,13,2,2022-01-11 09:02:45
1641891765641957000,32.9,2,32.8,26,32.95,13,2,2022-01-11 09:02:45
1641891765758213000,32.85,1,32.8,26,32.95,1,1,2022-01-11 09:02:45
1641891765914234000,32.9,1,32.8,26,32.95,1,2,2022-01-11 09:02:45
1641891765955839000,32.8,1,32.8,25,32.95,13,2,2022-01-11 09:02:45
1641891766074146000,32.8,25,32.75,8,32.8,35,2,2022-01-11 09:02:46
1641891766107155000,32.75,1,32.75,7,32.8,35,2,2022-01-11 09:02:46
1641891766107176000,32.75,1,32.75,6,32.8,35,2,2022-01-11 09:02:46
1641891766136398000,32.75,1,32.75,5,32.8,39,2,2022-01-11 09:02:46
1641891766250865000,32.75,5,32.7,20,32.8,58,2,2022-01-11 09:02:46
1641891766250865000,32.7,1,32.7,20,32.8,58,2,2022-01-11 09:02:46
1641891766652062000,32.7,1,32.7,19,32.8,58,2,2022-01-11 09:02:46
1641891766742098000,32.8,10,32.7,19,32.8,48,1,2022-01-11 09:02:46
1641891766778666000,32.8,48,32.7,19,32.9,1,1,2022-01-11 09:02:46
1641891766819712000,32.75,1,32.7,19,32.9,1,1,2022-01-11 09:02:46
1641891766830782000,32.7,2,32.7,20,32.9,1,2,2022-01-11 09:02:46
1641891766845724000,32.7,15,32.7,5,32.9,1,2,2022-01-11 09:02:46
1641891766932353000,32.9,1,32.7,5,32.95,13,1,2022-01-11 09:02:46
1641891767019608000,32.75,1,32.7,5,32.85,1,1,2022-01-11 09:02:47
1641891767493003000,32.7,1,32.7,4,32.85,1,2,2022-01-11 09:02:47
1641891767519025000,32.85,1,32.7,4,32.95,13,1,2022-01-11 09:02:47
1641891767566914000,32.75,1,32.75,2,32.9,3,2,2022-01-11 09:02:47
1641891767830932000,32.85,1,32.85,4,32.9,4,1,2022-01-11 09:02:47
1641891767860117000,32.85,4,32.85,1,32.9,4,2,2022-01-11 09:02:47
1641891767871834000,32.85,1,32.75,2,32.9,4,2,2022-01-11 09:02:47
1641891768132097000,32.75,1,32.75,1,32.9,4,2,2022-01-11 09:02:48
1641891768270910000,32.75,1,32.7,1,32.9,4,2,2022-01-11 09:02:48
1641891768335446000,32.7,1,32.6,26,32.9,4,2,2022-01-11 09:02:48
1641891768335446000,32.65,8,32.6,26,32.9,4,2,2022-01-11 09:02:48
1641891768335446000,32.6,1,32.6,26,32.9,4,2,2022-01-11 09:02:48
1641891768410617000,32.6,10,32.6,16,32.85,1,2,2022-01-11 09:02:48
1641891768497147000,32.7,1,32.6,16,32.85,1,1,2022-01-11 09:02:48
1641891768659201000,32.6,2,32.6,14,32.85,1,2,2022-01-11 09:02:48
1641891768740791000,32.8,3,32.6,17,32.85,1,2,2022-01-11 09:02:48
1641891768766557000,32.85,1,32.6,14,32.95,6,1,2022-01-11 09:02:48
1641891768766557000,32.9,4,32.6,14,32.95,6,1,2022-01-11 09:02:48
1641891768766557000,32.95,7,32.6,14,32.95,6,1,2022-01-11 09:02:48
1641891769122415000,32.65,1,32.65,9,32.9,3,2,2022-01-11 09:02:49
1641891769293827000,32.9,3,32.7,2,32.95,4,1,2022-01-11 09:02:49
1641891769293827000,32.95,2,32.7,2,32.95,4,1,2022-01-11 09:02:49
1641891769377035000,32.75,2,32.7,4,32.95,4,2,2022-01-11 09:02:49
1641891769377035000,32.7,8,32.7,4,32.95,4,2,2022-01-11 09:02:49
1641891769540951000,32.7,1,32.7,3,32.9,3,2,2022-01-11 09:02:49
1641891769560080000,32.75,1,32.7,3,32.9,3,2,2022-01-11 09:02:49
1641891769941712000,32.8,2,32.75,1,32.9,3,1,2022-01-11 09:02:49
1641891770951495000,32.9,2,32.75,1,33.0,56,1,2022-01-11 09:02:50
1641891770951495000,32.95,4,32.75,1,33.0,56,1,2022-01-11 09:02:50
1641891770951495000,33.0,4,32.75,1,33.0,56,1,2022-01-11 09:02:50
1641891771196554000,32.75,1,32.75,4,33.0,58,2,2022-01-11 09:02:51
1641891771197089000,32.75,1,32.75,3,33.0,58,2,2022-01-11 09:02:51
1641891771447437000,32.8,1,32.75,6,32.95,1,1,2022-01-11 09:02:51
1641891771808063000,32.8,1,32.75,5,32.95,1,2,2022-01-11 09:02:51
1641891771808063000,32.75,3,32.75,5,32.95,1,2,2022-01-11 09:02:51
1641891772041942000,32.8,1,32.75,7,32.95,1,2,2022-01-11 09:02:52
1641891772041942000,32.75,1,32.75,7,32.95,1,2,2022-01-11 09:02:52
1641891772089799000,32.75,1,32.75,6,32.95,1,2,2022-01-11 09:02:52
1641891772404239000,32.95,1,32.75,6,33.0,54,1,2022-01-11 09:02:52
1641891772404239000,33.0,4,32.75,6,33.0,54,1,2022-01-11 09:02:52
1641891772554328000,32.75,5,32.75,1,33.0,54,2,2022-01-11 09:02:52
1641891772767323000,32.75,2,32.5,30,33.0,54,2,2022-01-11 09:02:52
1641891772767323000,32.7,19,32.5,30,33.0,54,2,2022-01-11 09:02:52
1641891772767323000,32.65,15,32.5,30,33.0,54,2,2022-01-11 09:02:52
1641891772767323000,32.6,14,32.5,30,33.0,54,2,2022-01-11 09:02:52
1641891772767323000,32.55,37,32.5,30,33.0,54,2,2022-01-11 09:02:52
1641891772767323000,32.5,13,32.5,30,33.0,54,2,2022-01-11 09:02:52
1641891772845824000,32.55,1,32.55,2,32.9,3,2,2022-01-11 09:02:52
1641891773018792000,32.55,5,32.5,26,32.9,15,2,2022-01-11 09:02:53
1641891773018792000,32.5,5,32.5,26,32.9,15,2,2022-01-11 09:02:53
1641891773120556000,32.75,1,32.7,1,32.9,15,2,2022-01-11 09:02:53
1641891773139408000,32.7,1,32.5,26,32.9,15,2,2022-01-11 09:02:53
1641891773258289000,32.9,1,32.5,26,32.9,14,1,2022-01-11 09:02:53
1641891774032528000,32.75,1,32.75,9,32.9,2,2,2022-01-11 09:02:54
1641891774202664000,32.75,1,32.75,8,32.9,2,2,2022-01-11 09:02:54
1641891775819032000,32.8,1,32.8,1,32.9,2,2,2022-01-11 09:02:55
1641891775848368000,32.9,2,32.8,1,32.95,9,1,2022-01-11 09:02:55
1641891775856221000,32.8,1,32.75,9,32.95,21,2,2022-01-11 09:02:55
1641891776052554000,32.75,1,32.75,8,32.9,22,2,2022-01-11 09:02:56
1641891776533965000,32.75,1,32.75,7,32.9,22,2,2022-01-11 09:02:56
1641891776669216000,32.75,1,32.75,6,32.9,23,2,2022-01-11 09:02:56
1641891777281687000,32.8,1,32.75,6,32.85,2,1,2022-01-11 09:02:57
1641891778039019000,32.75,5,32.75,2,32.85,4,2,2022-01-11 09:02:58
1641891778060363000,32.75,2,32.7,10,32.85,9,2,2022-01-11 09:02:58
1641891778095705000,32.7,1,32.7,9,32.85,21,2,2022-01-11 09:02:58
1641891778111897000,32.7,1,32.7,8,32.85,21,2,2022-01-11 09:02:58
1641891778231261000,32.7,1,32.7,7,32.85,22,2,2022-01-11 09:02:58
1641891778338699000,32.85,1,32.7,7,32.85,21,1,2022-01-11 09:02:58
1641891778617325000,32.8,1,32.7,7,32.85,21,2,2022-01-11 09:02:58
1641891778752807000,32.7,2,32.7,5,32.85,9,2,2022-01-11 09:02:58
1641891778929672000,32.7,4,32.7,1,32.75,2,2,2022-01-11 09:02:58
1641891779467677000,32.7,2,32.7,1,32.75,2,2,2022-01-11 09:02:59
1641891779622385000,32.7,1,32.65,3,32.7,1,2,2022-01-11 09:02:59
1641891779652480000,32.7,1,32.65,6,32.75,3,1,2022-01-11 09:02:59
1641891779762351000,32.7,1,32.7,3,32.75,3,2,2022-01-11 09:02:59
1641891779762914000,32.7,1,32.7,2,32.75,3,2,2022-01-11 09:02:59
1641891779856232000,32.75,1,32.7,2,32.75,4,1,2022-01-11 09:02:59
1641891779937541000,32.75,1,32.7,2,32.75,3,1,2022-01-11 09:02:59
1641891779963823000,32.75,3,32.7,2,32.8,1,1,2022-01-11 09:02:59
1641891780381154000,32.7,2,32.6,11,32.75,1,2,2022-01-11 09:03:00
1641891780381154000,32.65,6,32.6,11,32.75,1,2,2022-01-11 09:03:00
1641891780381154000,32.6,2,32.6,11,32.75,1,2,2022-01-11 09:03:00
1641891780828088000,32.6,4,32.6,9,32.75,1,2,2022-01-11 09:03:00
1641891781092172000,32.65,1,32.6,9,32.65,9,1,2022-01-11 09:03:01
1641891781115913000,32.65,1,32.6,9,32.65,8,1,2022-01-11 09:03:01
1641891781136602000,32.65,1,32.6,9,32.65,7,1,2022-01-11 09:03:01
1641891781141508000,32.65,1,32.6,9,32.65,6,1,2022-01-11 09:03:01
1641891781164105000,32.65,2,32.6,9,32.65,4,1,2022-01-11 09:03:01
1641891781183376000,32.6,1,32.6,8,32.65,4,2,2022-01-11 09:03:01
1641891781248379000,32.6,5,32.6,3,32.65,4,2,2022-01-11 09:03:01
1641891781262216000,32.65,2,32.6,3,32.65,7,1,2022-01-11 09:03:01
1641891781765075000,32.65,8,32.6,3,32.7,40,1,2022-01-11 09:03:01
1641891781960341000,32.65,1,32.65,2,32.7,40,2,2022-01-11 09:03:01
1641891782049514000,32.7,2,32.65,2,32.7,38,1,2022-01-11 09:03:02
1641891782123227000,32.65,1,32.65,1,32.7,38,2,2022-01-11 09:03:02
1641891782524488000,32.65,1,32.6,3,32.7,38,2,2022-01-11 09:03:02
1641891782632155000,32.65,1,32.6,3,32.65,3,1,2022-01-11 09:03:02
1641891782961893000,32.6,3,32.55,34,32.65,3,2,2022-01-11 09:03:02
1641891782961893000,32.55,2,32.55,34,32.65,3,2,2022-01-11 09:03:02
1641891783391141000,32.65,1,32.6,1,32.65,3,1,2022-01-11 09:03:03
1641891783497818000,32.6,1,32.55,34,32.6,3,2,2022-01-11 09:03:03
1641891783719412000,32.6,1,32.55,34,32.6,2,1,2022-01-11 09:03:03
1641891783912364000,32.6,1,32.55,34,32.6,1,1,2022-01-11 09:03:03
1641891784019138000,32.6,1,32.55,34,32.65,9,1,2022-01-11 09:03:04
1641891784019138000,32.65,4,32.55,34,32.65,9,1,2022-01-11 09:03:04
1641891784085785000,32.55,2,32.55,32,32.65,9,2,2022-01-11 09:03:04
1641891784987731000,32.6,1,32.6,2,32.65,9,2,2022-01-11 09:03:04
1641891785034520000,32.6,2,32.55,32,32.65,9,2,2022-01-11 09:03:05
1641891785202358000,32.65,3,32.55,32,32.65,6,1,2022-01-11 09:03:05
1641891785327390000,32.6,1,32.55,33,32.6,19,1,2022-01-11 09:03:05
1641891785832572000,32.55,20,32.55,13,32.6,19,2,2022-01-11 09:03:05
1641891786700791000,32.6,1,32.55,14,32.6,22,1,2022-01-11 09:03:06
1641891786996234000,32.6,2,32.55,14,32.6,20,1,2022-01-11 09:03:06
1641891787074363000,32.6,1,32.55,14,32.6,19,1,2022-01-11 09:03:07
1641891788204095000,32.6,1,32.55,15,32.6,18,1,2022-01-11 09:03:08
1641891788478544000,32.55,1,32.55,14,32.6,18,2,2022-01-11 09:03:08
1641891788535758000,32.6,1,32.55,14,32.6,18,1,2022-01-11 09:03:08
1641891788656168000,32.6,5,32.55,14,32.6,13,1,2022-01-11 09:03:08
1641891788657114000,32.6,5,32.55,14,32.6,8,1,2022-01-11 09:03:08
1641891788734588000,32.55,2,32.55,12,32.6,8,2,2022-01-11 09:03:08
1641891788797640000,32.55,3,32.55,9,32.6,8,2,2022-01-11 09:03:08
1641891789113313000,32.55,9,32.5,65,32.55,21,2,2022-01-11 09:03:09
1641891789309638000,32.5,1,32.5,64,32.55,22,2,2022-01-11 09:03:09
1641891789416295000,32.55,10,32.5,67,32.55,12,1,2022-01-11 09:03:09
1641891789526060000,32.5,12,32.5,55,32.55,12,2,2022-01-11 09:03:09
1641891789652283000,32.55,2,32.5,55,32.55,10,1,2022-01-11 09:03:09
1641891789652694000,32.5,50,32.5,5,32.55,10,2,2022-01-11 09:03:09
1641891789663637000,32.5,1,32.5,4,32.55,10,2,2022-01-11 09:03:09
1641891789682023000,32.5,2,32.5,2,32.55,10,2,2022-01-11 09:03:09
1641891789802716000,32.5,2,32.4,22,32.45,46,2,2022-01-11 09:03:09
1641891789802716000,32.45,2,32.4,22,32.45,46,2,2022-01-11 09:03:09
1641891790026733000,32.45,5,32.4,25,32.45,41,1,2022-01-11 09:03:10
1641891790053690000,32.45,1,32.4,25,32.45,40,1,2022-01-11 09:03:10
1641891790054003000,32.45,40,32.4,25,32.55,15,1,2022-01-11 09:03:10
1641891790211077000,32.55,1,32.4,25,32.55,14,1,2022-01-11 09:03:10
1641891790214864000,32.4,2,32.4,23,32.55,14,2,2022-01-11 09:03:10
1641891790380677000,32.55,2,32.4,23,32.55,12,1,2022-01-11 09:03:10
1641891790448723000,32.55,10,32.4,23,32.55,2,1,2022-01-11 09:03:10
1641891790532180000,32.4,1,32.4,22,32.55,2,2,2022-01-11 09:03:10
1641891790848340000,32.4,8,32.4,19,32.55,14,2,2022-01-11 09:03:10
1641891790896978000,32.55,2,32.4,19,32.55,12,1,2022-01-11 09:03:10
1641891791094736000,32.5,1,32.4,19,32.5,1,1,2022-01-11 09:03:11
1641891791245940000,32.5,1,32.4,19,32.55,8,1,2022-01-11 09:03:11
1641891791245940000,32.55,4,32.4,19,32.55,8,1,2022-01-11 09:03:11
1641891791307963000,32.45,2,32.45,2,32.6,19,2,2022-01-11 09:03:11
1641891791373043000,32.45,1,32.45,1,32.6,20,2,2022-01-11 09:03:11
1641891791559102000,32.55,1,32.45,9,32.55,7,1,2022-01-11 09:03:11
1641891791577006000,32.45,2,32.45,7,32.55,7,2,2022-01-11 09:03:11
1641891791597154000,32.55,7,32.45,7,32.6,12,1,2022-01-11 09:03:11
1641891791693056000,32.6,1,32.45,15,32.6,11,1,2022-01-11 09:03:11
1641891791861624000,32.45,2,32.45,13,32.6,11,2,2022-01-11 09:03:11
1641891791943370000,32.5,1,32.45,13,32.6,12,1,2022-01-11 09:03:11
1641891791966218000,32.45,1,32.45,12,32.6,12,2,2022-01-11 09:03:11
1641891791969844000,32.45,10,32.45,2,32.6,12,2,2022-01-11 09:03:11
1641891792000318000,32.45,2,32.45,1,32.6,12,2,2022-01-11 09:03:12
1641891792100578000,32.45,1,32.4,19,32.55,1,2,2022-01-11 09:03:12
1641891792623337000,32.45,1,32.45,4,32.5,5,2,2022-01-11 09:03:12
1641891792640366000,32.5,5,32.45,4,32.55,3,1,2022-01-11 09:03:12
1641891792755768000,32.5,1,32.5,4,32.55,3,1,2022-01-11 09:03:12
1641891792916857000,32.5,1,32.5,3,32.55,3,2,2022-01-11 09:03:12
1641891792947176000,32.55,3,32.5,3,32.6,13,1,2022-01-11 09:03:12
1641891793187566000,32.55,1,32.55,1,32.6,13,2,2022-01-11 09:03:13
1641891793324787000,32.55,1,32.45,9,32.6,13,2,2022-01-11 09:03:13
1641891793324787000,32.5,3,32.45,9,32.6,13,2,2022-01-11 09:03:13
1641891793383781000,32.5,1,32.45,10,32.55,4,1,2022-01-11 09:03:13
1641891793498031000,32.45,10,32.4,16,32.55,4,2,2022-01-11 09:03:13
1641891793833326000,32.4,15,32.4,1,32.55,17,2,2022-01-11 09:03:13
1641891793857210000,32.4,1,32.35,9,32.55,17,2,2022-01-11 09:03:13
1641891794001424000,32.5,1,32.5,7,32.55,17,2,2022-01-11 09:03:14
1641891794001527000,32.5,1,32.5,6,32.55,17,2,2022-01-11 09:03:14
1641891794007637000,32.5,1,32.5,5,32.55,5,2,2022-01-11 09:03:14
1641891794141660000,32.5,2,32.5,3,32.55,5,2,2022-01-11 09:03:14
1641891794235972000,32.5,3,32.35,9,32.45,6,2,2022-01-11 09:03:14
1641891794235972000,32.45,1,32.35,9,32.45,6,2,2022-01-11 09:03:14
1641891794321937000,32.45,2,32.35,9,32.45,5,1,2022-01-11 09:03:14
1641891794433593000,32.45,5,32.35,9,32.5,1,1,2022-01-11 09:03:14
1641891794649858000,32.35,4,32.35,5,32.5,1,2,2022-01-11 09:03:14
1641891794775450000,32.4,3,32.35,8,32.4,2,1,2022-01-11 09:03:14
1641891794799365000,32.4,2,32.35,8,32.5,1,1,2022-01-11 09:03:14
1641891794992064000,32.4,1,32.4,5,32.5,1,2,2022-01-11 09:03:14
1641891795019546000,32.5,1,32.4,5,32.55,17,1,2022-01-11 09:03:15
1641891795256576000,32.5,1,32.45,2,32.55,7,1,2022-01-11 09:03:15
1641891795653443000,32.5,1,32.45,3,32.55,7,2,2022-01-11 09:03:15
1641891795796714000,32.45,3,32.4,2,32.55,8,2,2022-01-11 09:03:15
1641891795796714000,32.4,7,32.4,2,32.55,8,2,2022-01-11 09:03:15
1641891795914661000,32.4,1,32.4,1,32.5,1,2,2022-01-11 09:03:15
1641891795968690000,32.5,1,32.4,1,32.55,14,1,2022-01-11 09:03:15
1641891796382638000,32.4,1,32.35,5,32.5,3,2,2022-01-11 09:03:16
1641891796688599000,32.5,1,32.35,7,32.5,15,1,2022-01-11 09:03:16
1641891796717731000,32.5,1,32.35,7,32.5,14,1,2022-01-11 09:03:16
1641891797159269000,32.5,1,32.4,2,32.5,17,1,2022-01-11 09:03:17
1641891797673893000,32.45,1,32.4,2,32.45,4,2,2022-01-11 09:03:17
1641891797911502000,32.45,4,32.45,26,32.5,11,1,2022-01-11 09:03:17
1641891798395744000,32.45,2,32.45,25,32.5,11,2,2022-01-11 09:03:18
1641891798449011000,32.5,3,32.45,25,32.5,8,1,2022-01-11 09:03:18
1641891799141041000,32.5,5,32.45,25,32.5,8,1,2022-01-11 09:03:19
1641891799356081000,32.5,8,32.45,30,32.55,17,1,2022-01-11 09:03:19
1641891799431735000,32.45,1,32.45,34,32.5,5,2,2022-01-11 09:03:19
1641891799437376000,32.45,1,32.45,33,32.5,5,2,2022-01-11 09:03:19
1641891799924651000,32.5,4,32.45,33,32.5,8,1,2022-01-11 09:03:19
1641891800369864000,32.45,33,32.4,12,32.5,8,2,2022-01-11 09:03:20
1641891800471293000,32.5,2,32.4,12,32.5,9,1,2022-01-11 09:03:20
1641891800520083000,32.45,2,32.45,3,32.5,9,2,2022-01-11 09:03:20
1641891800993319000,32.45,3,32.35,20,32.5,9,2,2022-01-11 09:03:20
1641891800993319000,32.4,12,32.35,20,32.5,9,2,2022-01-11 09:03:20
1641891801583380000,32.45,1,32.45,1,32.5,10,2,2022-01-11 09:03:21
1641891801714944000,32.45,1,32.35,18,32.5,11,2,2022-01-11 09:03:21
1641891801714944000,32.35,2,32.35,18,32.5,11,2,2022-01-11 09:03:21
1641891802181733000,32.45,5,32.35,18,32.5,18,1,2022-01-11 09:03:22
1641891802181733000,32.5,5,32.35,18,32.5,18,1,2022-01-11 09:03:22
1641891802296825000,32.5,3,32.4,30,32.55,25,1,2022-01-11 09:03:22
1641891803381025000,32.45,2,32.4,27,32.55,27,2,2022-01-11 09:03:23
1641891803381025000,32.4,5,32.4,27,32.55,27,2,2022-01-11 09:03:23
1641891803553701000,32.45,7,32.4,26,32.55,27,2,2022-01-11 09:03:23
1641891803553701000,32.4,1,32.4,26,32.55,27,2,2022-01-11 09:03:23
1641891803623969000,32.4,4,32.4,22,32.55,27,2,2022-01-11 09:03:23
1641891803719328000,32.4,1,32.4,26,32.55,27,2,2022-01-11 09:03:23
1641891804003683000,32.4,26,32.35,17,32.5,1,2,2022-01-11 09:03:24
1641891804003683000,32.35,4,32.35,17,32.5,1,2,2022-01-11 09:03:24
1641891804203287000,32.35,2,32.35,15,32.5,14,2,2022-01-11 09:03:24
1641891805376641000,32.4,1,32.4,6,32.5,2,2,2022-01-11 09:03:25
1641891805538797000,32.4,1,32.4,5,32.5,2,2,2022-01-11 09:03:25
1641891805800226000,32.5,1,32.45,1,32.5,1,1,2022-01-11 09:03:25
1641891805898271000,32.45,1,32.4,5,32.45,2,2,2022-01-11 09:03:25
1641891805929414000,32.45,2,32.4,5,32.5,1,1,2022-01-11 09:03:25
1641891805953981000,32.4,4,32.4,1,32.5,1,2,2022-01-11 09:03:25
1641891807130871000,32.4,1,32.4,23,32.5,59,2,2022-01-11 09:03:27
1641891807550468000,32.45,1,32.4,25,32.5,59,1,2022-01-11 09:03:27
1641891807735498000,32.4,1,32.4,24,32.5,59,2,2022-01-11 09:03:27
1641891807818600000,32.4,1,32.4,23,32.5,60,2,2022-01-11 09:03:27
1641891808161153000,32.4,2,32.4,21,32.5,60,2,2022-01-11 09:03:28
1641891808456802000,32.4,3,32.4,28,32.5,61,2,2022-01-11 09:03:28
1641891808772466000,32.45,1,32.45,4,32.5,61,2,2022-01-11 09:03:28
1641891808836938000,32.45,1,32.45,3,32.5,61,2,2022-01-11 09:03:28
1641891809290064000,32.45,1,32.45,2,32.5,62,2,2022-01-11 09:03:29
1641891809307668000,32.45,1,32.45,1,32.5,62,2,2022-01-11 09:03:29
1641891809409791000,32.45,1,32.4,41,32.5,62,2,2022-01-11 09:03:29
1641891809427359000,32.4,1,32.4,40,32.5,62,2,2022-01-11 09:03:29
1641891809959471000,32.5,5,32.45,1,32.5,62,1,2022-01-11 09:03:29
1641891810116800000,32.45,1,32.4,42,32.5,62,2,2022-01-11 09:03:30
1641891810195249000,32.5,10,32.4,42,32.5,52,1,2022-01-11 09:03:30
1641891810683180000,32.5,1,32.4,47,32.5,52,1,2022-01-11 09:03:30
1641891810895477000,32.4,1,32.4,46,32.5,52,2,2022-01-11 09:03:30
1641891810919093000,32.4,2,32.4,44,32.5,52,2,2022-01-11 09:03:30
1641891810928210000,32.4,1,32.4,43,32.5,52,2,2022-01-11 09:03:30
1641891810931828000,32.4,2,32.4,41,32.5,52,2,2022-01-11 09:03:30
1641891810941275000,32.4,3,32.4,38,32.5,52,2,2022-01-11 09:03:30
1641891811089089000,32.45,1,32.4,38,32.5,52,1,2022-01-11 09:03:31
1641891811091584000,32.4,6,32.4,32,32.5,52,2,2022-01-11 09:03:31
1641891811554973000,32.45,1,32.4,39,32.5,1,1,2022-01-11 09:03:31
1641891811554973000,32.5,52,32.4,39,32.5,1,1,2022-01-11 09:03:31
1641891811589693000,32.5,1,32.4,39,32.55,27,1,2022-01-11 09:03:31
1641891812098888000,32.45,1,32.4,38,32.55,25,2,2022-01-11 09:03:32
1641891812098888000,32.4,1,32.4,38,32.55,25,2,2022-01-11 09:03:32
1641891812169940000,32.4,1,32.4,37,32.55,25,2,2022-01-11 09:03:32
1641891812432142000,32.55,4,32.5,30,32.55,19,1,2022-01-11 09:03:32
1641891812463929000,32.55,15,32.5,30,32.55,4,1,2022-01-11 09:03:32
1641891812497242000,32.55,4,32.5,30,32.6,15,1,2022-01-11 09:03:32
1641891812570300000,32.5,2,32.5,28,32.6,15,2,2022-01-11 09:03:32
1641891812637352000,32.5,2,32.5,26,32.6,15,2,2022-01-11 09:03:32
1641891812669355000,32.55,1,32.5,26,32.6,15,1,2022-01-11 09:03:32
1641891812748086000,32.5,2,32.5,24,32.6,15,2,2022-01-11 09:03:32
1641891812752486000,32.5,6,32.5,18,32.6,15,2,2022-01-11 09:03:32
1641891812819535000,32.5,1,32.5,17,32.6,15,2,2022-01-11 09:03:32
1641891813152448000,32.5,5,32.5,12,32.6,15,2,2022-01-11 09:03:33
1641891813212351000,32.5,1,32.5,11,32.6,15,2,2022-01-11 09:03:33
1641891813271123000,32.5,1,32.5,10,32.6,15,2,2022-01-11 09:03:33
1641891813540929000,32.5,2,32.5,8,32.6,15,2,2022-01-11 09:03:33
1641891813584762000,32.55,4,32.5,8,32.6,15,2,2022-01-11 09:03:33
1641891814268685000,32.5,1,32.5,8,32.6,15,2,2022-01-11 09:03:34
1641891814390712000,32.5,2,32.5,6,32.6,15,2,2022-01-11 09:03:34
1641891814426823000,32.6,1,32.5,6,32.6,14,1,2022-01-11 09:03:34
1641891814466357000,32.5,6,32.4,40,32.6,14,2,2022-01-11 09:03:34
1641891814466357000,32.45,7,32.4,40,32.6,14,2,2022-01-11 09:03:34
1641891814466357000,32.4,7,32.4,40,32.6,14,2,2022-01-11 09:03:34
1641891814475935000,32.4,5,32.4,35,32.6,14,2,2022-01-11 09:03:34
1641891814624186000,32.5,1,32.4,35,32.6,14,2,2022-01-11 09:03:34
1641891814846095000,32.4,10,32.4,26,32.55,12,2,2022-01-11 09:03:34
1641891815159593000,32.5,1,32.45,1,32.5,49,1,2022-01-11 09:03:35
1641891815233084000,32.45,1,32.4,25,32.5,49,2,2022-01-11 09:03:35
1641891815233084000,32.4,1,32.4,25,32.5,49,2,2022-01-11 09:03:35
1641891815241735000,32.5,1,32.4,25,32.5,48,1,2022-01-11 09:03:35
1641891815248448000,32.5,10,32.4,25,32.5,38,1,2022-01-11 09:03:35
1641891816207805000,32.45,2,32.45,5,32.5,38,2,2022-01-11 09:03:36
1641891816575930000,32.45,3,32.45,2,32.5,40,2,2022-01-11 09:03:36
1641891816587272000,32.45,1,32.45,1,32.5,40,2,2022-01-11 09:03:36
1641891816760668000,32.45,1,32.4,27,32.45,1,2,2022-01-11 09:03:36
1641891817179673000,32.45,1,32.4,28,32.5,41,1,2022-01-11 09:03:37
1641891817179673000,32.5,1,32.4,28,32.5,41,1,2022-01-11 09:03:37
1641891817261856000,32.45,2,32.4,28,32.5,41,1,2022-01-11 09:03:37
1641891817470392000,32.4,1,32.4,28,32.5,41,2,2022-01-11 09:03:37
1641891817526279000,32.5,1,32.4,28,32.5,40,1,2022-01-11 09:03:37
1641891817853268000,32.4,4,32.4,25,32.5,40,2,2022-01-11 09:03:37
1641891817922790000,32.5,10,32.4,25,32.5,30,1,2022-01-11 09:03:37
1641891818176946000,32.45,5,32.45,2,32.5,30,2,2022-01-11 09:03:38
1641891818712133000,32.5,1,32.45,4,32.5,29,1,2022-01-11 09:03:38
1641891819109386000,32.45,1,32.45,3,32.5,29,2,2022-01-11 09:03:39
1641891819405696000,32.5,1,32.45,3,32.5,28,1,2022-01-11 09:03:39
1641891819682598000,32.45,1,32.45,2,32.5,30,2,2022-01-11 09:03:39
1641891820003861000,32.5,1,32.45,3,32.5,30,1,2022-01-11 09:03:40
1641891820277554000,32.5,1,32.45,3,32.5,29,1,2022-01-11 09:03:40
1641891820868278000,32.45,4,32.4,31,32.5,29,2,2022-01-11 09:03:40
1641891820868278000,32.4,1,32.4,31,32.5,29,2,2022-01-11 09:03:40
1641891821065544000,32.45,1,32.4,34,32.5,33,2,2022-01-11 09:03:41
1641891821318850000,32.5,1,32.45,5,32.5,32,1,2022-01-11 09:03:41
1641891821394827000,32.5,1,32.45,5,32.5,31,1,2022-01-11 09:03:41
1641891821815745000,32.5,10,32.45,8,32.5,24,1,2022-01-11 09:03:41
1641891822002312000,32.5,1,32.45,8,32.5,23,1,2022-01-11 09:03:42
1641891822137391000,32.45,7,32.45,1,32.5,21,2,2022-01-11 09:03:42
1641891822208348000,32.5,1,32.45,1,32.5,20,1,2022-01-11 09:03:42
1641891822524320000,32.5,4,32.45,1,32.5,16,1,2022-01-11 09:03:42
1641891822940502000,32.45,1,32.4,34,32.5,17,2,2022-01-11 09:03:42
1641891823560097000,32.45,1,32.4,33,32.5,20,2,2022-01-11 09:03:43
1641891823560097000,32.4,1,32.4,33,32.5,20,2,2022-01-11 09:03:43
1641891823650484000,32.45,1,32.4,14,32.5,20,2,2022-01-11 09:03:43
1641891823650484000,32.4,19,32.4,14,32.5,20,2,2022-01-11 09:03:43
1641891823719948000,32.4,14,32.35,16,32.5,26,2,2022-01-11 09:03:43
1641891823840887000,32.45,1,32.35,16,32.5,26,2,2022-01-11 09:03:43
1641891823990075000,32.35,16,32.3,41,32.35,29,2,2022-01-11 09:03:43
1641891823990314000,32.35,2,32.3,41,32.35,27,1,2022-01-11 09:03:43
1641891824019625000,32.35,1,32.3,41,32.35,26,1,2022-01-11 09:03:44
1641891824064837000,32.3,1,32.3,40,32.35,26,2,2022-01-11 09:03:44
1641891824067258000,32.35,1,32.3,40,32.35,25,1,2022-01-11 09:03:44
1641891824102533000,32.35,20,32.3,40,32.35,5,1,2022-01-11 09:03:44
1641891824126005000,32.35,5,32.3,40,32.45,2,1,2022-01-11 09:03:44
1641891824377669000,32.45,2,32.3,42,32.5,23,1,2022-01-11 09:03:44
1641891825159599000,32.45,2,32.45,1,32.5,23,2,2022-01-11 09:03:45
1641891825159814000,32.45,1,32.4,3,32.5,23,2,2022-01-11 09:03:45
1641891825287258000,32.4,1,32.4,2,32.5,24,2,2022-01-11 09:03:45
1641891825295411000,32.4,1,32.4,1,32.5,24,2,2022-01-11 09:03:45
1641891825342965000,32.45,1,32.45,10,32.5,24,2,2022-01-11 09:03:45
1641891825343246000,32.45,1,32.45,9,32.5,24,2,2022-01-11 09:03:45
1641891825343325000,32.45,1,32.45,8,32.5,24,2,2022-01-11 09:03:45
1641891825358111000,32.45,6,32.45,2,32.5,24,2,2022-01-11 09:03:45
1641891825378354000,32.45,2,32.4,1,32.5,69,2,2022-01-11 09:03:45
1641891825518244000,32.5,1,32.4,2,32.5,68,1,2022-01-11 09:03:45
1641891825966810000,32.45,1,32.4,2,32.5,68,2,2022-01-11 09:03:45
1641891826133400000,32.45,1,32.4,2,32.5,68,2,2022-01-11 09:03:46
1641891826193599000,32.4,3,32.35,2,32.4,28,2,2022-01-11 09:03:46
1641891826628670000,32.4,10,32.35,4,32.4,18,1,2022-01-11 09:03:46
1641891827108699000,32.4,1,32.35,4,32.4,17,1,2022-01-11 09:03:47
1641891827195231000,32.4,1,32.35,4,32.4,16,1,2022-01-11 09:03:47
1641891827866785000,32.4,1,32.35,4,32.4,15,1,2022-01-11 09:03:47
1641891828076711000,32.4,1,32.35,4,32.4,14,1,2022-01-11 09:03:48
1641891828202758000,32.4,1,32.35,4,32.4,13,1,2022-01-11 09:03:48
1641891828308266000,32.4,1,32.35,4,32.4,12,1,2022-01-11 09:03:48
1641891828419984000,32.35,1,32.35,3,32.4,12,2,2022-01-11 09:03:48
1641891828513442000,32.4,1,32.35,3,32.4,11,1,2022-01-11 09:03:48
1641891828946476000,32.35,1,32.35,2,32.4,15,2,2022-01-11 09:03:48
1641891828971995000,32.35,2,32.3,40,32.4,15,2,2022-01-11 09:03:48
1641891829090334000,32.3,20,32.3,20,32.4,17,2,2022-01-11 09:03:49
1641891829121479000,32.3,2,32.3,18,32.4,17,2,2022-01-11 09:03:49
1641891829308381000,32.35,1,32.3,18,32.35,3,1,2022-01-11 09:03:49
1641891829749875000,32.3,1,32.3,17,32.35,8,2,2022-01-11 09:03:49
1641891829786570000,32.3,17,32.25,14,32.35,8,2,2022-01-11 09:03:49
1641891829833083000,32.35,1,32.25,14,32.35,10,1,2022-01-11 09:03:49
1641891830018261000,32.35,5,32.25,14,32.35,5,1,2022-01-11 09:03:50
1641891830023019000,32.25,2,32.25,12,32.35,5,2,2022-01-11 09:03:50
1641891830132167000,32.35,4,32.25,12,32.35,1,1,2022-01-11 09:03:50
1641891830170945000,32.25,5,32.25,7,32.35,1,2,2022-01-11 09:03:50
1641891830280114000,32.25,5,32.25,3,32.3,4,2,2022-01-11 09:03:50
1641891830340338000,32.25,1,32.25,2,32.3,4,2,2022-01-11 09:03:50
1641891830393739000,32.3,4,32.25,2,32.4,13,1,2022-01-11 09:03:50
1641891830393739000,32.35,2,32.25,2,32.4,13,1,2022-01-11 09:03:50
1641891830393739000,32.4,4,32.25,2,32.4,13,1,2022-01-11 09:03:50
1641891830629006000,32.25,1,32.25,1,32.35,1,2,2022-01-11 09:03:50
1641891830646096000,32.25,1,32.2,23,32.35,1,2,2022-01-11 09:03:50
1641891830684512000,32.35,1,32.2,23,32.35,12,1,2022-01-11 09:03:50
1641891831176620000,32.2,1,32.2,23,32.3,10,2,2022-01-11 09:03:51
1641891831193982000,32.3,1,32.2,23,32.3,9,1,2022-01-11 09:03:51
1641891831210910000,32.3,2,32.2,23,32.3,7,1,2022-01-11 09:03:51
1641891831262597000,32.3,1,32.2,23,32.3,6,1,2022-01-11 09:03:51
1641891831324805000,32.3,1,32.2,23,32.3,9,1,2022-01-11 09:03:51
1641891831330271000,32.3,1,32.2,23,32.3,8,1,2022-01-11 09:03:51
1641891831392700000,32.3,1,32.2,23,32.3,7,1,2022-01-11 09:03:51
1641891831709136000,32.3,1,32.2,23,32.3,6,1,2022-01-11 09:03:51
1641891831888330000,32.3,10,32.25,5,32.3,1,1,2022-01-11 09:03:51
1641891832168481000,32.3,2,32.25,5,32.3,1,1,2022-01-11 09:03:52
1641891832971371000,32.25,1,32.25,4,32.3,3,2,2022-01-11 09:03:52
1641891833446377000,32.25,4,32.2,22,32.3,4,2,2022-01-11 09:03:53
1641891833446377000,32.2,1,32.2,22,32.3,4,2,2022-01-11 09:03:53
1641891833482237000,32.3,4,32.2,22,32.35,9,1,2022-01-11 09:03:53
1641891833482237000,32.35,6,32.2,22,32.35,9,1,2022-01-11 09:03:53
1641891833736656000,32.25,1,32.25,3,32.3,1,2,2022-01-11 09:03:53
1641891833853520000,32.25,3,32.2,15,32.3,1,2,2022-01-11 09:03:53
1641891833853520000,32.2,7,32.2,15,32.3,1,2,2022-01-11 09:03:53
1641891833900865000,32.3,1,32.3,2,32.35,9,1,2022-01-11 09:03:53
1641891833925825000,32.3,2,32.2,15,32.4,39,2,2022-01-11 09:03:53
1641891835167332000,32.2,5,32.2,10,32.25,1,2,2022-01-11 09:03:55
1641891835241761000,32.2,2,32.2,8,32.25,1,2,2022-01-11 09:03:55
1641891835883209000,32.25,1,32.2,8,32.3,2,1,2022-01-11 09:03:55
1641891836039383000,32.3,1,32.2,8,32.3,2,1,2022-01-11 09:03:56
1641891836203333000,32.2,9,32.15,4,32.2,1,2,2022-01-11 09:03:56
1641891836230924000,32.2,1,32.15,4,32.3,2,1,2022-01-11 09:03:56
1641891836357802000,32.3,2,32.15,4,32.3,24,1,2022-01-11 09:03:56
1641891836719670000,32.25,2,32.15,8,32.25,9,1,2022-01-11 09:03:56
1641891836965809000,32.25,1,32.15,8,32.25,10,1,2022-01-11 09:03:56
1641891836972017000,32.25,5,32.15,8,32.25,5,1,2022-01-11 09:03:56
1641891837100097000,32.25,1,32.15,8,32.25,4,1,2022-01-11 09:03:57
1641891837130360000,32.25,1,32.15,8,32.25,3,1,2022-01-11 09:03:57
1641891837287262000,32.25,3,32.15,9,32.3,12,1,2022-01-11 09:03:57
1641891837287262000,32.3,2,32.15,9,32.3,12,1,2022-01-11 09:03:57
1641891837294313000,32.3,2,32.15,9,32.3,10,1,2022-01-11 09:03:57
1641891837608228000,32.15,1,32.15,8,32.3,10,2,2022-01-11 09:03:57
1641891837613110000,32.3,10,32.15,8,32.35,6,1,2022-01-11 09:03:57
1641891838066149000,32.2,1,32.2,2,32.3,5,2,2022-01-11 09:03:58
1641891838157183000,32.2,2,32.15,8,32.2,1,2,2022-01-11 09:03:58
1641891838189678000,32.2,1,32.15,8,32.3,5,1,2022-01-11 09:03:58
1641891838269667000,32.15,4,32.15,5,32.3,5,2,2022-01-11 09:03:58
1641891838298217000,32.3,1,32.15,5,32.3,4,1,2022-01-11 09:03:58
1641891838939330000,32.15,2,32.15,4,32.3,4,2,2022-01-11 09:03:58
1641891839242503000,32.3,1,32.15,4,32.3,3,1,2022-01-11 09:03:59
1641891839365771000,32.3,8,32.15,4,32.3,13,1,2022-01-11 09:03:59
1641891839752099000,32.3,1,32.25,5,32.3,1,1,2022-01-11 09:03:59
1641891839890366000,32.25,2,32.25,3,32.3,1,2,2022-01-11 09:03:59
1641891839942821000,32.25,1,32.25,2,32.3,1,2,2022-01-11 09:03:59
1641891840333614000,32.25,1,32.25,1,32.3,13,2,2022-01-11 09:04:00
1641891840338000000,32.25,1,32.2,1,32.3,13,2,2022-01-11 09:04:00
1641891840512498000,32.2,1,32.15,7,32.3,13,2,2022-01-11 09:04:00
1641891840544942000,32.3,1,32.15,7,32.3,12,1,2022-01-11 09:04:00
1641891840654501000,32.15,1,32.15,6,32.3,13,2,2022-01-11 09:04:00
1641891841432137000,32.2,2,32.2,2,32.25,3,2,2022-01-11 09:04:01
1641891841433156000,32.2,2,32.15,6,32.2,3,2,2022-01-11 09:04:01
1641891841516088000,32.15,6,32.1,18,32.2,3,2,2022-01-11 09:04:01
1641891841516088000,32.1,14,32.1,18,32.2,3,2,2022-01-11 09:04:01
1641891841743418000,32.1,1,32.1,17,32.2,6,2,2022-01-11 09:04:01
1641891841954804000,32.2,3,32.1,18,32.2,9,1,2022-01-11 09:04:01
1641891841959104000,32.1,1,32.1,17,32.2,9,2,2022-01-11 09:04:01
1641891842005187000,32.1,2,32.1,15,32.2,9,2,2022-01-11 09:04:02
1641891842408574000,32.2,1,32.1,15,32.2,8,1,2022-01-11 09:04:02
1641891842499535000,32.2,3,32.1,15,32.2,5,1,2022-01-11 09:04:02
1641891842575345000,32.2,2,32.1,15,32.2,3,1,2022-01-11 09:04:02
1641891842649189000,32.1,1,32.1,14,32.2,3,2,2022-01-11 09:04:02
1641891842689197000,32.1,1,32.1,13,32.2,6,2,2022-01-11 09:04:02
1641891842699787000,32.2,1,32.1,13,32.2,5,1,2022-01-11 09:04:02
1641891842765078000,32.1,1,32.1,12,32.2,5,2,2022-01-11 09:04:02
1641891842866578000,32.2,2,32.1,13,32.2,3,1,2022-01-11 09:04:02
1641891843258375000,32.15,12,32.15,3,32.2,8,2,2022-01-11 09:04:03
1641891843654095000,32.15,2,32.15,1,32.2,8,2,2022-01-11 09:04:03
1641891843761728000,32.2,8,32.15,1,32.25,1,1,2022-01-11 09:04:03
1641891843761728000,32.25,2,32.15,1,32.25,1,1,2022-01-11 09:04:03
1641891843782982000,32.15,1,32.1,14,32.25,1,2,2022-01-11 09:04:03
1641891843928089000,32.15,1,32.1,14,32.25,13,1,2022-01-11 09:04:03
1641891844168428000,32.1,14,32.05,22,32.25,13,2,2022-01-11 09:04:04
1641891844168428000,32.05,7,32.05,22,32.25,13,2,2022-01-11 09:04:04
1641891844237239000,32.1,3,32.05,23,32.2,3,2,2022-01-11 09:04:04
1641891844749105000,32.05,1,32.05,23,32.2,5,2,2022-01-11 09:04:04
1641891844912157000,32.1,1,32.05,23,32.1,9,2,2022-01-11 09:04:04
1641891845005232000,32.1,2,32.05,23,32.1,7,1,2022-01-11 09:04:05
1641891845465381000,32.05,1,32.05,22,32.1,7,2,2022-01-11 09:04:05
1641891845502997000,32.05,1,32.05,21,32.1,7,2,2022-01-11 09:04:05
1641891845554522000,32.05,5,32.05,16,32.1,7,2,2022-01-11 09:04:05
1641891845622468000,32.05,4,32.05,12,32.1,7,2,2022-01-11 09:04:05
1641891845649086000,32.1,1,32.05,12,32.1,6,1,2022-01-11 09:04:05
1641891846145842000,32.1,1,32.05,12,32.1,5,1,2022-01-11 09:04:06
1641891846154082000,32.05,2,32.05,10,32.1,5,2,2022-01-11 09:04:06
1641891846226634000,32.05,1,32.05,9,32.1,5,2,2022-01-11 09:04:06
1641891846269594000,32.1,5,32.1,10,32.2,10,1,2022-01-11 09:04:06
1641891846318150000,32.1,8,32.1,2,32.2,10,2,2022-01-11 09:04:06
1641891846566727000,32.1,2,32.05,9,32.2,10,2,2022-01-11 09:04:06
1641891846619474000,32.05,9,32.0,81,32.2,22,2,2022-01-11 09:04:06
1641891846619474000,32.0,28,32.0,81,32.2,22,2,2022-01-11 09:04:06
1641891847831432000,32.1,1,32.0,83,32.1,6,1,2022-01-11 09:04:07
1641891847945619000,32.1,6,32.0,83,32.15,12,1,2022-01-11 09:04:07
1641891847945619000,32.15,4,32.0,83,32.15,12,1,2022-01-11 09:04:07
1641891848061510000,32.05,2,32.05,2,32.15,12,2,2022-01-11 09:04:08
1641891848237952000,32.05,2,32.05,1,32.15,12,2,2022-01-11 09:04:08
1641891848266766000,32.05,1,32.0,85,32.15,4,2,2022-01-11 09:04:08
1641891848289005000,32.15,1,32.0,85,32.15,3,1,2022-01-11 09:04:08
1641891848352536000,32.1,1,32.0,85,32.15,3,2,2022-01-11 09:04:08
1641891848356176000,32.0,2,32.0,83,32.15,3,2,2022-01-11 09:04:08
1641891848550202000,32.0,1,32.0,82,32.15,15,2,2022-01-11 09:04:08
1641891848782427000,32.0,5,32.0,77,32.15,15,2,2022-01-11 09:04:08
1641891848829299000,32.0,5,32.0,72,32.15,15,2,2022-01-11 09:04:08
1641891849035185000,32.15,2,32.0,72,32.15,13,1,2022-01-11 09:04:09
1641891849063992000,32.0,1,32.0,71,32.15,1,2,2022-01-11 09:04:09
1641891849199583000,32.0,1,32.0,70,32.15,1,2,2022-01-11 09:04:09
1641891849237053000,32.0,1,32.0,69,32.15,1,2,2022-01-11 09:04:09
1641891849253005000,32.0,1,32.0,68,32.15,1,2,2022-01-11 09:04:09
1641891849370074000,32.0,1,32.0,67,32.15,1,2,2022-01-11 09:04:09
1641891849434960000,32.05,2,32.0,67,32.1,4,2,2022-01-11 09:04:09
1641891849482427000,32.1,1,32.0,67,32.1,3,1,2022-01-11 09:04:09
1641891849601474000,32.0,1,32.0,66,32.1,3,2,2022-01-11 09:04:09
1641891849799901000,32.0,1,32.0,65,32.1,4,2,2022-01-11 09:04:09
1641891849917151000,32.0,5,32.0,59,32.1,4,2,2022-01-11 09:04:09
1641891849924432000,32.1,2,32.0,59,32.1,2,1,2022-01-11 09:04:09
1641891849973512000,32.0,5,32.0,54,32.1,2,2,2022-01-11 09:04:09
1641891850015441000,32.0,10,32.0,44,32.1,2,2,2022-01-11 09:04:10
1641891850175247000,32.0,5,32.0,44,32.1,2,2,2022-01-11 09:04:10
1641891850478314000,32.05,1,32.05,9,32.1,2,2,2022-01-11 09:04:10
1641891850761637000,32.05,1,32.05,8,32.1,2,2,2022-01-11 09:04:10
1641891850921591000,32.05,1,32.05,7,32.1,2,2,2022-01-11 09:04:10
1641891851290936000,32.1,1,32.05,7,32.1,1,1,2022-01-11 09:04:11
1641891851411948000,32.05,1,32.05,6,32.1,1,2,2022-01-11 09:04:11
1641891851706948000,32.05,1,32.05,5,32.1,1,2,2022-01-11 09:04:11
1641891851715267000,32.05,1,32.05,4,32.1,1,2,2022-01-11 09:04:11
1641891851742001000,32.1,1,32.05,4,32.15,2,1,2022-01-11 09:04:11
1641891851787261000,32.05,1,32.05,3,32.15,2,2,2022-01-11 09:04:11
1641891851799253000,32.05,2,32.05,1,32.15,2,2,2022-01-11 09:04:11
1641891851831513000,32.05,1,32.0,46,32.15,2,2,2022-01-11 09:04:11
1641891852045002000,32.0,6,32.0,45,32.1,3,2,2022-01-11 09:04:12
1641891852071267000,32.0,2,32.0,43,32.1,3,2,2022-01-11 09:04:12
1641891852437997000,32.1,1,32.05,2,32.1,2,1,2022-01-11 09:04:12
1641891852817689000,32.05,2,32.0,26,32.1,2,2,2022-01-11 09:04:12
1641891852817689000,32.0,18,32.0,26,32.1,2,2,2022-01-11 09:04:12
1641891853081250000,32.05,1,32.0,27,32.1,2,2,2022-01-11 09:04:13
1641891853164549000,32.0,1,32.0,26,32.1,2,2,2022-01-11 09:04:13
1641891853240377000,32.0,3,32.0,23,32.1,4,2,2022-01-11 09:04:13
1641891853676520000,32.05,1,32.0,35,32.05,1,2,2022-01-11 09:04:13
1641891853831690000,32.0,2,32.0,33,32.05,1,2,2022-01-11 09:04:13
1641891853889886000,32.0,26,32.0,7,32.05,1,2,2022-01-11 09:04:13
1641891854042680000,32.05,1,32.0,7,32.1,4,1,2022-01-11 09:04:14
1641891854322686000,32.05,2,32.0,7,32.05,1,1,2022-01-11 09:04:14
1641891854404633000,32.0,2,32.0,11,32.05,1,2,2022-01-11 09:04:14
1641891854689318000,32.05,4,32.0,11,32.1,4,1,2022-01-11 09:04:14
1641891854887862000,32.0,1,32.0,10,32.1,4,2,2022-01-11 09:04:14
1641891854966403000,32.0,10,31.95,2,32.0,2,2,2022-01-11 09:04:14
1641891855629547000,32.0,4,32.0,6,32.1,19,1,2022-01-11 09:04:15
1641891855806026000,32.05,3,32.05,2,32.1,7,2,2022-01-11 09:04:15
1641891856143587000,32.05,1,32.05,2,32.1,7,2,2022-01-11 09:04:16
1641891856346879000,32.1,5,32.05,2,32.1,2,1,2022-01-11 09:04:16
1641891856370744000,32.05,1,32.05,1,32.1,2,2,2022-01-11 09:04:16
1641891856405026000,32.05,1,32.0,7,32.1,2,2,2022-01-11 09:04:16
1641891856405026000,32.0,1,32.0,7,32.1,2,2,2022-01-11 09:04:16
1641891856448580000,32.0,7,31.95,5,32.0,5,2,2022-01-11 09:04:16
1641891856472344000,32.0,5,31.95,5,32.1,2,1,2022-01-11 09:04:16
1641891857150473000,32.0,0,0.0,0,0.0,0,1,2022-01-11 09:04:17
1641891978159478000,32.25,380,32.25,43,32.3,7,1,2022-01-11 09:06:18
1641891978201285000,32.3,7,32.25,43,32.35,10,1,2022-01-11 09:06:18
1641891978201954000,32.25,40,32.25,3,32.35,10,2,2022-01-11 09:06:18
1641891978227341000,32.25,3,32.2,68,32.35,10,2,2022-01-11 09:06:18
1641891978234019000,32.35,10,32.2,68,32.4,15,1,2022-01-11 09:06:18
1641891978235880000,32.25,1,32.2,68,32.35,6,2,2022-01-11 09:06:18
1641891978430712000,32.25,1,32.2,69,32.25,4,2,2022-01-11 09:06:18
1641891978464827000,32.25,4,32.2,69,32.35,11,1,2022-01-11 09:06:18
1641891978588232000,32.35,1,32.2,69,32.35,10,1,2022-01-11 09:06:18
1641891978675548000,32.2,2,32.2,67,32.35,10,2,2022-01-11 09:06:18
1641891978706583000,32.35,2,32.2,67,32.35,8,1,2022-01-11 09:06:18
1641891978825913000,32.2,10,32.2,58,32.35,8,2,2022-01-11 09:06:18
1641891978858312000,32.2,58,32.15,115,32.35,8,2,2022-01-11 09:06:18
1641891979100694000,32.2,3,32.2,3,32.35,8,2,2022-01-11 09:06:19
1641891979361893000,32.35,2,32.2,3,32.35,6,1,2022-01-11 09:06:19
1641891980230697000,32.3,5,32.2,10,32.4,15,1,2022-01-11 09:06:20
1641891980307521000,32.4,2,32.2,11,32.4,13,1,2022-01-11 09:06:20
1641891980330051000,32.4,1,32.2,11,32.4,12,1,2022-01-11 09:06:20
1641891980443142000,32.2,5,32.2,6,32.4,12,2,2022-01-11 09:06:20
1641891980970370000,32.2,1,32.2,5,32.4,16,2,2022-01-11 09:06:20
1641891981062457000,32.2,5,32.15,116,32.35,5,2,2022-01-11 09:06:21
1641891981558912000,32.25,2,32.2,20,32.35,5,2,2022-01-11 09:06:21
1641891981681647000,32.35,5,32.2,25,32.4,17,1,2022-01-11 09:06:21
1641891982269510000,32.35,1,32.2,25,32.35,4,1,2022-01-11 09:06:22
1641891982886373000,32.3,1,32.2,30,32.3,69,1,2022-01-11 09:06:22
1641891983282363000,32.3,2,32.25,1,32.3,67,1,2022-01-11 09:06:23
1641891983443367000,32.25,2,32.2,31,32.25,2,2,2022-01-11 09:06:23
1641891984173269000,32.2,21,32.2,2,32.25,42,2,2022-01-11 09:06:24
1641891984200145000,32.2,2,32.15,117,32.25,42,2,2022-01-11 09:06:24
1641891984246771000,32.25,2,32.15,117,32.25,40,1,2022-01-11 09:06:24
1641891984521381000,32.25,1,32.2,1,32.25,39,1,2022-01-11 09:06:24
1641891984715164000,32.2,3,32.15,119,32.2,2,2,2022-01-11 09:06:24
1641891984847114000,32.2,1,32.15,118,32.2,1,1,2022-01-11 09:06:24
1641891984954761000,32.2,1,32.15,118,32.25,39,1,2022-01-11 09:06:24
1641891985088604000,32.2,2,32.2,3,32.25,45,2,2022-01-11 09:06:25
1641891985313491000,32.2,3,32.15,118,32.2,2,2,2022-01-11 09:06:25
1641891985335005000,32.2,1,32.15,118,32.2,1,1,2022-01-11 09:06:25
1641891985664634000,32.2,1,32.15,118,32.25,25,1,2022-01-11 09:06:25
1641891985934256000,32.2,1,32.15,119,32.2,4,1,2022-01-11 09:06:25
1641891985989437000,32.2,1,32.15,119,32.2,8,1,2022-01-11 09:06:25
1641891986639606000,32.2,2,32.15,119,32.2,11,1,2022-01-11 09:06:26
1641891986795610000,32.15,20,32.15,99,32.2,11,2,2022-01-11 09:06:26
1641891986811448000,32.2,1,32.15,99,32.2,10,1,2022-01-11 09:06:26
1641891987102283000,32.2,1,32.15,94,32.2,9,1,2022-01-11 09:06:27
1641891987255831000,32.2,1,32.15,99,32.2,8,1,2022-01-11 09:06:27
1641891987482594000,32.15,10,32.15,89,32.2,8,2,2022-01-11 09:06:27
1641891987493827000,32.15,1,32.15,88,32.2,8,2,2022-01-11 09:06:27
1641891987724282000,32.2,1,32.15,88,32.2,7,1,2022-01-11 09:06:27
1641891987734098000,32.2,1,32.15,88,32.2,6,1,2022-01-11 09:06:27
1641891987780659000,32.2,1,32.15,88,32.2,5,1,2022-01-11 09:06:27
1641891987866419000,32.2,1,32.15,88,32.2,4,1,2022-01-11 09:06:27
1641891987901824000,32.2,1,32.15,88,32.2,3,1,2022-01-11 09:06:27
1641891988383262000,32.15,20,32.15,68,32.2,3,2,2022-01-11 09:06:28
1641891988617326000,32.2,3,32.15,58,32.3,96,1,2022-01-11 09:06:28
1641891988617326000,32.25,6,32.15,58,32.3,96,1,2022-01-11 09:06:28
1641891988617326000,32.3,1,32.15,58,32.3,96,1,2022-01-11 09:06:28
1641891989451805000,32.3,1,32.2,12,32.3,95,1,2022-01-11 09:06:29
1641891989597591000,32.3,5,32.2,12,32.3,90,1,2022-01-11 09:06:29
1641891989753257000,32.3,1,32.2,12,32.3,94,1,2022-01-11 09:06:29
1641891989815317000,32.25,1,32.2,12,32.3,94,2,2022-01-11 09:06:29
1641891990298591000,32.2,12,32.2,3,32.3,94,2,2022-01-11 09:06:30
1641891990695373000,32.3,5,32.2,3,32.3,89,1,2022-01-11 09:06:30
1641891991131645000,32.2,5,32.15,48,32.3,84,2,2022-01-11 09:06:31
1641891991131645000,32.15,15,32.15,48,32.3,84,2,2022-01-11 09:06:31
1641891991216416000,32.15,1,32.15,47,32.3,84,2,2022-01-11 09:06:31
1641891991980940000,32.2,1,32.15,49,32.3,84,2,2022-01-11 09:06:31
1641891992123063000,32.3,60,32.15,49,32.3,24,1,2022-01-11 09:06:32
1641891992154606000,32.3,1,32.15,49,32.3,23,1,2022-01-11 09:06:32
1641891992306672000,32.2,1,32.15,49,32.3,23,1,2022-01-11 09:06:32
1641891993387256000,32.25,4,32.2,5,32.3,25,1,2022-01-11 09:06:33
1641891993387256000,32.3,1,32.2,5,32.3,25,1,2022-01-11 09:06:33
1641891993548710000,32.3,1,32.2,7,32.3,24,1,2022-01-11 09:06:33
1641891993566713000,32.3,1,32.2,7,32.3,23,1,2022-01-11 09:06:33
1641891993786424000,32.3,1,32.2,8,32.3,22,1,2022-01-11 09:06:33
1641891994325795000,32.3,1,32.25,5,32.3,24,1,2022-01-11 09:06:34
1641891994883156000,32.3,5,32.25,22,32.3,16,1,2022-01-11 09:06:34
1641891995241039000,32.25,10,32.25,12,32.3,16,2,2022-01-11 09:06:35
1641891995442596000,32.25,2,32.25,10,32.3,16,2,2022-01-11 09:06:35
1641891995478589000,32.25,10,32.2,20,32.3,16,2,2022-01-11 09:06:35
1641891995512353000,32.2,1,32.2,19,32.3,16,2,2022-01-11 09:06:35
1641891995577630000,32.3,1,32.2,19,32.3,15,1,2022-01-11 09:06:35
1641891995753764000,32.25,2,32.2,19,32.25,8,1,2022-01-11 09:06:35
1641891996021819000,32.25,1,32.2,19,32.25,7,1,2022-01-11 09:06:36
1641891997038394000,32.25,1,32.2,22,32.25,9,1,2022-01-11 09:06:37
1641891997228448000,32.25,1,32.2,22,32.25,10,1,2022-01-11 09:06:37
1641891997310918000,32.25,1,32.2,22,32.25,9,1,2022-01-11 09:06:37
1641891997436679000,32.25,1,32.2,23,32.25,8,1,2022-01-11 09:06:37
1641891997683950000,32.25,1,32.2,23,32.25,7,1,2022-01-11 09:06:37
1641891997831939000,32.25,1,32.2,23,32.25,6,1,2022-01-11 09:06:37
1641891997881186000,32.25,2,32.2,23,32.25,4,1,2022-01-11 09:06:37
1641891998155844000,32.25,4,32.25,1,32.3,15,1,2022-01-11 09:06:38
1641891998679042000,32.25,1,32.25,11,32.3,16,2,2022-01-11 09:06:38
1641891999030059000,32.3,1,32.25,25,32.3,15,1,2022-01-11 09:06:39
1641891999170258000,32.25,20,32.25,6,32.3,15,2,2022-01-11 09:06:39
1641892000061103000,32.25,3,32.25,14,32.3,21,2,2022-01-11 09:06:40
1641892000076348000,32.3,2,32.25,14,32.3,19,1,2022-01-11 09:06:40
1641892000482260000,32.3,1,32.25,14,32.3,18,1,2022-01-11 09:06:40
1641892000543860000,32.3,10,32.25,14,32.3,8,1,2022-01-11 09:06:40
1641892000823330000,32.25,1,32.25,17,32.3,8,2,2022-01-11 09:06:40
1641892001028528000,32.25,2,32.25,15,32.3,8,2,2022-01-11 09:06:41
1641892001253823000,32.3,1,32.25,15,32.3,7,1,2022-01-11 09:06:41
1641892001625226000,32.3,3,32.25,17,32.3,4,1,2022-01-11 09:06:41
1641892001789331000,32.3,4,32.3,1,32.35,51,1,2022-01-11 09:06:41
1641892002094669000,32.35,4,32.3,1,32.35,47,1,2022-01-11 09:06:42
1641892002367015000,32.35,2,32.3,11,32.35,45,1,2022-01-11 09:06:42
1641892002393856000,32.3,8,32.3,3,32.35,45,2,2022-01-11 09:06:42
1641892002414682000,32.3,3,32.25,20,32.35,45,2,2022-01-11 09:06:42
1641892002468513000,32.25,3,32.25,17,32.35,48,2,2022-01-11 09:06:42
1641892003241697000,32.3,5,32.25,18,32.35,48,2,2022-01-11 09:06:43
1641892003371087000,32.3,1,32.3,1,32.35,48,2,2022-01-11 09:06:43
1641892004153416000,32.3,1,32.3,21,32.35,45,2,2022-01-11 09:06:44
1641892005387372000,32.35,1,32.3,47,32.35,44,1,2022-01-11 09:06:45
1641892006007605000,32.35,2,32.3,50,32.35,42,1,2022-01-11 09:06:46
1641892006441478000,32.35,5,32.3,53,32.35,37,1,2022-01-11 09:06:46
1641892006622769000,32.3,1,32.3,57,32.35,37,2,2022-01-11 09:06:46
1641892006791161000,32.3,1,32.3,56,32.35,37,2,2022-01-11 09:06:46
1641892007177165000,32.35,3,32.3,57,32.35,34,1,2022-01-11 09:06:47
1641892007215228000,32.35,1,32.3,57,32.35,33,1,2022-01-11 09:06:47
1641892008121525000,32.3,10,32.3,37,32.35,33,2,2022-01-11 09:06:48
1641892008725365000,32.35,1,32.3,40,32.35,32,1,2022-01-11 09:06:48
1641892008767856000,32.3,3,32.3,37,32.35,32,2,2022-01-11 09:06:48
1641892008911409000,32.35,1,32.3,37,32.35,31,1,2022-01-11 09:06:48
1641892009011368000,32.35,1,32.3,38,32.35,30,1,2022-01-11 09:06:49
1641892009079460000,32.35,1,32.3,38,32.35,29,1,2022-01-11 09:06:49
1641892009144916000,32.3,2,32.3,36,32.35,29,2,2022-01-11 09:06:49
1641892009365200000,32.35,5,32.3,37,32.35,24,1,2022-01-11 09:06:49
1641892009693585000,32.35,1,32.3,40,32.35,23,1,2022-01-11 09:06:49
1641892009898639000,32.35,1,32.3,40,32.35,24,1,2022-01-11 09:06:49
1641892009979630000,32.35,2,32.3,40,32.35,22,1,2022-01-11 09:06:49
1641892010010174000,32.3,1,32.3,39,32.35,22,2,2022-01-11 09:06:50
1641892010302232000,32.35,4,32.3,40,32.35,18,1,2022-01-11 09:06:50
1641892010334995000,32.35,1,32.3,40,32.35,17,1,2022-01-11 09:06:50
1641892010378626000,32.35,1,32.3,40,32.35,16,1,2022-01-11 09:06:50
1641892010436829000,32.35,1,32.3,40,32.35,15,1,2022-01-11 09:06:50
1641892010695468000,32.35,2,32.3,41,32.35,13,1,2022-01-11 09:06:50
1641892010701778000,32.35,1,32.3,41,32.35,12,1,2022-01-11 09:06:50
1641892010889084000,32.35,1,32.3,43,32.35,11,1,2022-01-11 09:06:50
1641892011452337000,32.35,1,32.3,43,32.35,10,1,2022-01-11 09:06:51
1641892011615911000,32.35,1,32.3,44,32.35,9,1,2022-01-11 09:06:51
1641892012019618000,32.35,1,32.3,44,32.35,8,1,2022-01-11 09:06:52
1641892012026119000,32.35,1,32.3,44,32.35,7,1,2022-01-11 09:06:52
1641892012367403000,32.35,1,32.3,45,32.35,6,1,2022-01-11 09:06:52
1641892012425250000,32.35,1,32.3,45,32.35,5,1,2022-01-11 09:06:52
1641892012460957000,32.35,5,32.3,45,32.4,27,1,2022-01-11 09:06:52
1641892012775019000,32.35,1,32.35,2,32.4,29,2,2022-01-11 09:06:52
1641892012884526000,32.35,2,32.3,49,32.35,2,2,2022-01-11 09:06:52
1641892013006783000,32.35,1,32.3,50,32.35,6,1,2022-01-11 09:06:53
1641892013265720000,32.35,1,32.3,51,32.35,5,1,2022-01-11 09:06:53
1641892013453971000,32.35,2,32.3,61,32.35,3,1,2022-01-11 09:06:53
1641892013481546000,32.35,1,32.3,61,32.35,2,1,2022-01-11 09:06:53
1641892013641407000,32.35,2,32.3,61,32.4,30,1,2022-01-11 09:06:53
1641892014014345000,32.35,2,32.3,58,32.4,30,2,2022-01-11 09:06:54
1641892014014345000,32.3,3,32.3,58,32.4,30,2,2022-01-11 09:06:54
1641892014136974000,32.4,1,32.35,5,32.4,29,1,2022-01-11 09:06:54
1641892014250901000,32.4,1,32.35,7,32.4,28,1,2022-01-11 09:06:54
1641892014435937000,32.35,6,32.35,2,32.4,28,2,2022-01-11 09:06:54
1641892014743728000,32.35,2,32.35,5,32.4,28,2,2022-01-11 09:06:54
1641892014806510000,32.35,5,32.3,55,32.4,28,2,2022-01-11 09:06:54
1641892014806510000,32.3,5,32.3,55,32.4,28,2,2022-01-11 09:06:54
1641892014854006000,32.35,1,32.35,1,32.4,28,2,2022-01-11 09:06:54
1641892014881004000,32.35,1,32.3,55,32.4,28,2,2022-01-11 09:06:54
1641892014992750000,32.35,1,32.3,55,32.4,28,2,2022-01-11 09:06:54
1641892015404229000,32.4,1,32.35,2,32.4,27,1,2022-01-11 09:06:55
1641892015815814000,32.35,4,32.3,55,32.35,46,2,2022-01-11 09:06:55
1641892016275674000,32.35,1,32.3,55,32.35,45,1,2022-01-11 09:06:56
1641892016432894000,32.35,10,32.3,58,32.35,35,1,2022-01-11 09:06:56
1641892017136731000,32.35,3,32.3,60,32.35,38,1,2022-01-11 09:06:57
1641892017414751000,32.35,1,32.3,60,32.35,37,1,2022-01-11 09:06:57
1641892017486039000,32.35,1,32.3,60,32.35,46,1,2022-01-11 09:06:57
1641892017788658000,32.35,1,32.3,60,32.35,45,1,2022-01-11 09:06:57
1641892018392324000,32.3,28,32.3,32,32.35,50,2,2022-01-11 09:06:58
1641892018413375000,32.3,13,32.3,19,32.35,50,2,2022-01-11 09:06:58
1641892018435222000,32.3,19,32.25,50,32.35,54,2,2022-01-11 09:06:58
1641892018455294000,32.25,16,32.25,34,32.35,59,2,2022-01-11 09:06:58
1641892018618869000,32.25,2,32.25,32,32.35,64,2,2022-01-11 09:06:58
1641892018619450000,32.25,2,32.25,30,32.35,64,2,2022-01-11 09:06:58
1641892018643100000,32.25,16,32.25,14,32.35,64,2,2022-01-11 09:06:58
1641892018653943000,32.35,5,32.25,14,32.35,59,1,2022-01-11 09:06:58
1641892018702272000,32.35,1,32.25,14,32.35,58,1,2022-01-11 09:06:58
1641892018921707000,32.35,5,32.25,14,32.35,53,1,2022-01-11 09:06:58
1641892019396541000,32.3,4,32.25,15,32.3,11,1,2022-01-11 09:06:59
1641892019506766000,32.25,2,32.25,13,32.3,11,2,2022-01-11 09:06:59
1641892019538964000,32.3,3,32.25,13,32.3,8,1,2022-01-11 09:06:59
1641892019652436000,32.3,3,32.25,13,32.3,5,1,2022-01-11 09:06:59
1641892019780278000,32.3,1,32.25,13,32.3,4,1,2022-01-11 09:06:59
1641892020007869000,32.25,10,32.25,3,32.3,4,2,2022-01-11 09:07:00
1641892020172931000,32.3,1,32.25,3,32.3,3,1,2022-01-11 09:07:00
1641892020186898000,32.25,3,32.2,50,32.25,7,2,2022-01-11 09:07:00
1641892020229433000,32.25,7,32.2,50,32.3,3,1,2022-01-11 09:07:00
1641892020273350000,32.3,1,32.2,50,32.3,2,1,2022-01-11 09:07:00
1641892020362545000,32.3,2,32.2,50,32.35,50,1,2022-01-11 09:07:00
1641892020571803000,32.3,1,32.2,50,32.35,50,1,2022-01-11 09:07:00
1641892020629252000,32.35,1,32.2,50,32.35,49,1,2022-01-11 09:07:00
1641892020633711000,32.35,1,32.2,50,32.35,48,1,2022-01-11 09:07:00
1641892020645827000,32.35,20,32.2,50,32.35,28,1,2022-01-11 09:07:00
1641892020699050000,32.35,1,32.2,50,32.35,27,1,2022-01-11 09:07:00
1641892021387661000,32.2,2,32.2,50,32.25,20,2,2022-01-11 09:07:01
1641892021459173000,32.25,10,32.2,50,32.25,10,1,2022-01-11 09:07:01
1641892021645418000,32.25,1,32.2,50,32.25,9,1,2022-01-11 09:07:01
1641892021650315000,32.25,1,32.2,50,32.25,8,1,2022-01-11 09:07:01
1641892021932548000,32.2,10,32.2,40,32.25,8,2,2022-01-11 09:07:01
1641892021964900000,32.2,40,32.15,41,32.25,8,2,2022-01-11 09:07:01
1641892021972109000,32.25,1,32.15,41,32.25,7,1,2022-01-11 09:07:01
1641892021996027000,32.25,1,32.15,41,32.25,6,1,2022-01-11 09:07:01
1641892022139985000,32.25,1,32.15,40,32.25,5,1,2022-01-11 09:07:02
1641892022442958000,32.25,1,32.15,40,32.25,4,1,2022-01-11 09:07:02
1641892022793716000,32.25,6,32.15,41,32.3,21,1,2022-01-11 09:07:02
1641892022793716000,32.3,4,32.15,41,32.3,21,1,2022-01-11 09:07:02
1641892023006788000,32.2,2,32.2,3,32.3,21,2,2022-01-11 09:07:03
1641892023159846000,32.2,2,32.2,3,32.3,21,2,2022-01-11 09:07:03
1641892023305814000,32.2,2,32.2,1,32.3,21,2,2022-01-11 09:07:03
1641892023456807000,32.25,1,32.2,1,32.3,22,2,2022-01-11 09:07:03
1641892023567436000,32.3,1,32.2,1,32.3,21,1,2022-01-11 09:07:03
1641892024414009000,32.2,1,32.15,40,32.25,2,2,2022-01-11 09:07:04
1641892025141458000,32.25,2,32.2,1,32.3,24,1,2022-01-11 09:07:05
1641892025141458000,32.3,4,32.2,1,32.3,24,1,2022-01-11 09:07:05
1641892025435260000,32.2,1,32.2,2,32.3,24,2,2022-01-11 09:07:05
1641892025571013000,32.3,1,32.2,2,32.3,23,1,2022-01-11 09:07:05
1641892025918876000,32.25,1,32.2,2,32.25,12,1,2022-01-11 09:07:05
1641892026176865000,32.25,1,32.2,2,32.25,11,1,2022-01-11 09:07:06
1641892026392065000,32.25,2,32.2,2,32.25,19,1,2022-01-11 09:07:06
1641892026503833000,32.25,3,32.2,4,32.25,19,1,2022-01-11 09:07:06
1641892026527243000,32.2,3,32.2,1,32.25,19,2,2022-01-11 09:07:06
1641892026893349000,32.25,5,32.2,2,32.25,15,1,2022-01-11 09:07:06
1641892026986818000,32.25,5,32.2,2,32.25,10,1,2022-01-11 09:07:06
1641892027043100000,32.25,3,32.2,2,32.25,7,1,2022-01-11 09:07:07
1641892027550942000,32.25,1,32.2,2,32.25,6,1,2022-01-11 09:07:07
1641892027665250000,32.25,1,32.2,2,32.25,5,1,2022-01-11 09:07:07
1641892028160273000,32.25,5,32.2,3,32.3,22,1,2022-01-11 09:07:08
1641892028337254000,32.2,2,32.2,2,32.3,22,2,2022-01-11 09:07:08
1641892028425123000,32.25,2,32.2,2,32.25,18,2,2022-01-11 09:07:08
1641892028583754000,32.25,1,32.2,2,32.25,17,1,2022-01-11 09:07:08
1641892028691290000,32.25,2,32.2,2,32.25,15,1,2022-01-11 09:07:08
1641892028937307000,32.25,1,32.2,2,32.25,18,1,2022-01-11 09:07:08
1641892028989211000,32.25,1,32.2,2,32.25,17,1,2022-01-11 09:07:08
1641892029322868000,32.2,1,32.2,1,32.25,17,2,2022-01-11 09:07:09
1641892029752961000,32.25,1,32.2,2,32.25,16,1,2022-01-11 09:07:09
1641892029880035000,32.25,2,32.2,2,32.25,14,1,2022-01-11 09:07:09
1641892029933048000,32.25,1,32.2,2,32.25,13,1,2022-01-11 09:07:09
1641892029997457000,32.25,10,32.2,2,32.25,3,1,2022-01-11 09:07:09
1641892030017852000,32.25,3,32.2,2,32.3,23,1,2022-01-11 09:07:10
1641892030117738000,32.2,1,32.2,1,32.3,23,2,2022-01-11 09:07:10
1641892030228350000,32.3,2,32.2,1,32.3,21,1,2022-01-11 09:07:10
1641892031629538000,32.2,3,32.2,3,32.3,21,2,2022-01-11 09:07:11
1641892032014913000,32.25,2,32.2,1,32.3,21,2,2022-01-11 09:07:12
1641892032014913000,32.2,8,32.2,1,32.3,21,2,2022-01-11 09:07:12
1641892032486326000,32.25,5,32.2,2,32.3,21,1,2022-01-11 09:07:12
1641892033308285000,32.25,1,32.25,1,32.3,21,2,2022-01-11 09:07:13
1641892036234967000,32.25,1,32.25,3,32.3,23,2,2022-01-11 09:07:16
1641892036564889000,32.25,1,32.25,2,32.3,28,2,2022-01-11 09:07:16
1641892036621518000,32.25,2,32.2,13,32.25,48,2,2022-01-11 09:07:16
1641892036926217000,32.25,11,32.2,13,32.25,37,1,2022-01-11 09:07:16
1641892036951513000,32.25,33,32.2,13,32.25,4,1,2022-01-11 09:07:16
1641892036951913000,32.25,4,32.25,33,32.3,38,1,2022-01-11 09:07:16
1641892037135887000,32.3,10,32.25,33,32.3,28,1,2022-01-11 09:07:17
1641892037200916000,32.25,10,32.25,23,32.3,28,2,2022-01-11 09:07:17
1641892037497806000,32.25,16,32.25,8,32.3,83,2,2022-01-11 09:07:17
1641892037532685000,32.25,8,32.25,2,32.3,83,2,2022-01-11 09:07:17
1641892037670975000,32.25,2,32.2,12,32.3,83,2,2022-01-11 09:07:17
1641892037670975000,32.2,1,32.2,12,32.3,83,2,2022-01-11 09:07:17
1641892037728772000,32.3,2,32.2,12,32.3,81,1,2022-01-11 09:07:17
1641892038150533000,32.2,2,32.2,10,32.3,81,2,2022-01-11 09:07:18
1641892038583869000,32.2,8,32.2,2,32.3,81,2,2022-01-11 09:07:18
1641892038650866000,32.25,1,32.2,2,32.3,81,2,2022-01-11 09:07:18
1641892039179946000,32.25,2,32.2,3,32.3,81,2,2022-01-11 09:07:19
1641892039281695000,32.3,1,32.2,8,32.3,80,1,2022-01-11 09:07:19
1641892039769469000,32.2,2,32.2,7,32.3,80,2,2022-01-11 09:07:19
1641892039927393000,32.25,1,32.2,7,32.3,80,2,2022-01-11 09:07:19
1641892041317777000,32.25,1,32.2,11,32.25,19,1,2022-01-11 09:07:21
1641892042605945000,32.25,2,32.2,18,32.25,18,1,2022-01-11 09:07:22
1641892043178399000,32.25,2,32.2,21,32.25,16,1,2022-01-11 09:07:23
1641892043244725000,32.25,5,32.2,22,32.25,11,1,2022-01-11 09:07:23
1641892043369563000,32.25,11,32.2,22,32.3,81,1,2022-01-11 09:07:23
1641892044022832000,32.25,2,32.25,3,32.3,81,1,2022-01-11 09:07:24
1641892044349061000,32.25,4,32.2,25,32.3,81,2,2022-01-11 09:07:24
1641892044349061000,32.2,6,32.2,25,32.3,81,2,2022-01-11 09:07:24
1641892044543550000,32.2,1,32.2,24,32.25,3,2,2022-01-11 09:07:24
1641892044550073000,32.25,1,32.2,24,32.25,2,1,2022-01-11 09:07:24
1641892044628418000,32.25,1,32.2,24,32.25,1,1,2022-01-11 09:07:24
1641892044648852000,32.2,24,32.15,40,32.25,1,2,2022-01-11 09:07:24
1641892044648852000,32.15,12,32.15,40,32.25,1,2,2022-01-11 09:07:24
1641892044955598000,32.25,1,32.15,40,32.25,1,1,2022-01-11 09:07:24
1641892044979791000,32.15,40,32.1,104,32.25,1,2,2022-01-11 09:07:24
1641892045263582000,32.25,1,32.2,1,32.25,3,1,2022-01-11 09:07:25
1641892045283240000,32.2,1,32.1,105,32.25,3,2,2022-01-11 09:07:25
1641892045630931000,32.2,2,32.1,105,32.3,81,2,2022-01-11 09:07:25
1641892046047051000,32.2,1,32.1,105,32.2,1,1,2022-01-11 09:07:26
1641892046858221000,32.15,2,32.1,105,32.15,2,1,2022-01-11 09:07:26
1641892046880305000,32.15,2,32.1,105,32.2,1,1,2022-01-11 09:07:26
1641892047060171000,32.1,1,32.1,104,32.15,2,2,2022-01-11 09:07:27
1641892047246804000,32.15,1,32.1,104,32.15,1,1,2022-01-11 09:07:27
1641892047305482000,32.15,1,32.1,104,32.2,1,1,2022-01-11 09:07:27
1641892047685709000,32.2,1,32.1,104,32.25,2,1,2022-01-11 09:07:27
1641892047828646000,32.2,1,32.1,104,32.25,3,2,2022-01-11 09:07:27
1641892048035771000,32.1,2,32.1,102,32.25,3,2,2022-01-11 09:07:28
1641892048555133000,32.25,3,32.1,104,32.3,64,1,2022-01-11 09:07:28
1641892048555133000,32.3,17,32.1,104,32.3,64,1,2022-01-11 09:07:28
1641892050659137000,32.15,3,32.15,1,32.2,5,2,2022-01-11 09:07:30
1641892051467630000,32.2,2,32.15,1,32.2,3,1,2022-01-11 09:07:31
1641892051582306000,32.2,4,32.2,6,32.25,1,1,2022-01-11 09:07:31
1641892052054190000,32.2,1,32.2,6,32.25,1,2,2022-01-11 09:07:32
1641892052226740000,32.2,3,32.2,4,32.25,1,2,2022-01-11 09:07:32
1641892053237729000,32.25,1,32.2,4,32.3,66,1,2022-01-11 09:07:33
1641892053237729000,32.3,2,32.2,4,32.3,66,1,2022-01-11 09:07:33
1641892053422274000,32.25,5,32.2,4,32.3,66,2,2022-01-11 09:07:33
1641892053805039000,32.3,8,32.2,5,32.3,60,1,2022-01-11 09:07:33
1641892054466260000,32.2,2,32.2,4,32.3,60,2,2022-01-11 09:07:34
1641892054693248000,32.25,1,32.2,4,32.25,1,1,2022-01-11 09:07:34
1641892054864662000,32.2,4,32.15,25,32.2,11,2,2022-01-11 09:07:34
1641892054992923000,32.2,1,32.15,27,32.2,10,1,2022-01-11 09:07:34
1641892055173517000,32.2,1,32.15,27,32.2,9,1,2022-01-11 09:07:35
1641892055370500000,32.15,1,32.15,27,32.2,9,2,2022-01-11 09:07:35
1641892056252859000,32.2,1,32.15,33,32.2,8,1,2022-01-11 09:07:36
1641892056335479000,32.15,2,32.15,31,32.2,8,2,2022-01-11 09:07:36
1641892056532904000,32.2,1,32.15,31,32.2,8,1,2022-01-11 09:07:36
1641892056755641000,32.15,2,32.15,29,32.2,8,2,2022-01-11 09:07:36
1641892056756729000,32.2,1,32.15,29,32.2,7,1,2022-01-11 09:07:36
1641892057047307000,32.2,1,32.15,29,32.2,6,1,2022-01-11 09:07:37
1641892057102043000,32.2,6,32.2,4,32.25,3,1,2022-01-11 09:07:37
1641892057542885000,32.2,2,32.2,3,32.25,5,2,2022-01-11 09:07:37
1641892058364622000,32.2,1,32.2,2,32.25,5,2,2022-01-11 09:07:38
1641892058529772000,32.2,1,32.2,1,32.25,5,2,2022-01-11 09:07:38
1641892058865484000,32.2,1,32.15,39,32.2,1,2,2022-01-11 09:07:38
1641892060091559000,32.2,1,32.15,42,32.25,15,1,2022-01-11 09:07:40
1641892060091559000,32.25,1,32.15,42,32.25,15,1,2022-01-11 09:07:40
1641892060431692000,32.15,2,32.15,46,32.25,15,2,2022-01-11 09:07:40
1641892061069394000,32.2,1,32.15,51,32.25,45,2,2022-01-11 09:07:41
1641892062072048000,32.2,1,32.15,42,32.25,47,2,2022-01-11 09:07:42
1641892062072048000,32.15,9,32.15,42,32.25,47,2,2022-01-11 09:07:42
1641892063896221000,32.15,35,32.15,8,32.2,3,2,2022-01-11 09:07:43
1641892063916277000,32.15,8,32.1,114,32.2,3,2,2022-01-11 09:07:43
1641892064065488000,32.15,6,32.1,113,32.2,3,2,2022-01-11 09:07:44
1641892064735765000,32.2,1,32.1,113,32.2,3,1,2022-01-11 09:07:44
1641892065117041000,32.2,1,32.1,114,32.2,2,1,2022-01-11 09:07:45
1641892065340241000,32.2,2,32.1,115,32.25,46,1,2022-01-11 09:07:45
1641892065793043000,32.1,1,32.1,114,32.15,2,2,2022-01-11 09:07:45
1641892065841414000,32.15,1,32.1,109,32.15,1,1,2022-01-11 09:07:45
1641892067016395000,32.15,1,32.1,109,32.15,2,1,2022-01-11 09:07:47
1641892067489205000,32.15,3,32.1,110,32.25,41,1,2022-01-11 09:07:47
1641892067489205000,32.2,1,32.1,110,32.25,41,1,2022-01-11 09:07:47
1641892067489205000,32.25,6,32.1,110,32.25,41,1,2022-01-11 09:07:47
1641892067767147000,32.1,10,32.1,107,32.25,41,2,2022-01-11 09:07:47
1641892068074602000,32.25,1,32.1,107,32.25,40,1,2022-01-11 09:07:48
1641892069136057000,32.15,1,32.1,108,32.25,40,1,2022-01-11 09:07:49
1641892069247487000,32.2,1,32.1,107,32.25,40,2,2022-01-11 09:07:49
1641892070795398000,32.15,1,32.1,110,32.25,40,1,2022-01-11 09:07:50
1641892071227064000,32.1,4,32.1,109,32.25,40,2,2022-01-11 09:07:51
1641892071833971000,32.15,8,32.1,108,32.25,40,2,2022-01-11 09:07:51
1641892071833971000,32.1,1,32.1,108,32.25,40,2,2022-01-11 09:07:51
1641892072107591000,32.1,50,32.1,58,32.25,40,2,2022-01-11 09:07:52
1641892072396522000,32.1,1,32.1,57,32.25,40,2,2022-01-11 09:07:52
1641892073222497000,32.25,1,32.15,1,32.25,39,1,2022-01-11 09:07:53
1641892074595195000,32.15,1,32.1,58,32.25,39,2,2022-01-11 09:07:54
1641892074667964000,32.1,1,32.1,57,32.15,1,2,2022-01-11 09:07:54
1641892074752161000,32.1,5,32.1,52,32.15,1,2,2022-01-11 09:07:54
1641892076039976000,32.1,4,32.1,41,32.15,1,2,2022-01-11 09:07:56
1641892076621399000,32.15,1,32.15,19,32.2,3,1,2022-01-11 09:07:56
1641892076671254000,32.15,15,32.15,4,32.2,3,2,2022-01-11 09:07:56
1641892076749493000,32.15,4,32.1,47,32.2,3,2,2022-01-11 09:07:56
1641892077072145000,32.1,1,32.1,47,32.2,3,2,2022-01-11 09:07:57
1641892077140735000,32.2,1,32.1,47,32.2,2,1,2022-01-11 09:07:57
1641892077890539000,32.15,1,32.1,47,32.2,2,2,2022-01-11 09:07:57
1641892080043217000,32.1,3,32.1,57,32.15,5,2,2022-01-11 09:08:00
1641892081537347000,32.15,1,32.1,57,32.15,12,1,2022-01-11 09:08:01
1641892081649228000,32.1,1,32.1,56,32.15,12,2,2022-01-11 09:08:01
1641892082527684000,32.1,2,32.1,54,32.15,14,2,2022-01-11 09:08:02
1641892083689644000,32.15,1,32.1,57,32.15,13,1,2022-01-11 09:08:03
1641892084747889000,32.15,2,32.1,58,32.15,16,1,2022-01-11 09:08:04
1641892085191149000,32.15,2,32.1,58,32.15,15,1,2022-01-11 09:08:05
1641892085914593000,32.15,2,32.1,58,32.15,13,1,2022-01-11 09:08:05
1641892086049407000,32.15,5,32.1,58,32.15,8,1,2022-01-11 09:08:06
1641892086127853000,32.1,15,32.1,43,32.15,8,2,2022-01-11 09:08:06
1641892087014358000,32.1,3,32.1,44,32.15,9,2,2022-01-11 09:08:07
1641892088759711000,32.1,56,32.1,14,32.15,9,2,2022-01-11 09:08:08
1641892088937666000,32.1,2,32.1,12,32.15,9,2,2022-01-11 09:08:08
1641892089580646000,32.1,1,32.1,11,32.15,8,2,2022-01-11 09:08:09
1641892090419321000,32.1,1,32.1,10,32.15,8,2,2022-01-11 09:08:10
1641892090830427000,32.15,1,32.1,10,32.15,7,1,2022-01-11 09:08:10
1641892092268450000,32.1,5,32.1,6,32.15,12,2,2022-01-11 09:08:12
1641892092526606000,32.1,1,32.1,5,32.15,12,2,2022-01-11 09:08:12
1641892092711901000,32.15,1,32.1,5,32.15,11,1,2022-01-11 09:08:12
1641892093685869000,32.1,1,32.1,5,32.15,11,2,2022-01-11 09:08:13
1641892094179682000,32.1,3,32.1,3,32.15,11,2,2022-01-11 09:08:14
1641892094234461000,32.1,1,32.1,2,32.15,11,2,2022-01-11 09:08:14
1641892095575069000,32.1,4,32.1,7,32.15,13,2,2022-01-11 09:08:15
1641892096830299000,32.1,5,32.1,13,32.15,14,2,2022-01-11 09:08:16
1641892096938864000,32.1,1,32.1,12,32.15,14,2,2022-01-11 09:08:16
1641892097546431000,32.1,5,32.1,11,32.15,14,2,2022-01-11 09:08:17
1641892098477426000,32.1,2,32.1,10,32.15,25,2,2022-01-11 09:08:18
1641892098634667000,32.1,1,32.1,9,32.15,25,2,2022-01-11 09:08:18
1641892098650384000,32.1,5,32.1,4,32.15,20,2,2022-01-11 09:08:18
1641892098802403000,32.1,1,32.1,8,32.15,19,2,2022-01-11 09:08:18
1641892099348841000,32.15,7,32.1,12,32.15,12,1,2022-01-11 09:08:19
1641892100033323000,32.1,1,32.1,12,32.15,13,2,2022-01-11 09:08:20
1641892100480240000,32.1,4,32.1,9,32.15,13,2,2022-01-11 09:08:20
1641892100509729000,32.15,2,32.1,9,32.15,11,1,2022-01-11 09:08:20
1641892100712103000,32.1,4,32.1,6,32.15,11,2,2022-01-11 09:08:20
1641892100840308000,32.1,5,32.1,2,32.15,11,2,2022-01-11 09:08:20
1641892100989162000,32.1,2,32.05,114,32.1,3,2,2022-01-11 09:08:20
1641892101010641000,32.1,3,32.05,114,32.15,11,1,2022-01-11 09:08:21
1641892101033898000,32.15,2,32.05,116,32.15,9,1,2022-01-11 09:08:21
1641892101202719000,32.15,2,32.05,116,32.15,7,1,2022-01-11 09:08:21
1641892101415300000,32.15,2,32.05,116,32.15,5,1,2022-01-11 09:08:21
1641892101621596000,32.15,5,32.1,5,32.2,24,1,2022-01-11 09:08:21
1641892102055776000,32.1,1,32.1,9,32.2,24,2,2022-01-11 09:08:22
1641892103318368000,32.1,3,32.1,13,32.2,28,2,2022-01-11 09:08:23
1641892104334125000,32.15,3,32.1,13,32.2,28,2,2022-01-11 09:08:24
1641892104334125000,32.1,4,32.1,13,32.2,28,2,2022-01-11 09:08:24
1641892107002300000,32.15,1,32.1,19,32.2,28,2,2022-01-11 09:08:27
1641892107002300000,32.1,1,32.1,19,32.2,28,2,2022-01-11 09:08:27
1641892109211960000,32.1,1,32.1,24,32.2,48,2,2022-01-11 09:08:29
1641892109309689000,32.1,1,32.1,23,32.15,3,2,2022-01-11 09:08:29
1641892110103499000,32.15,2,32.1,24,32.15,2,1,2022-01-11 09:08:30
1641892110314685000,32.15,2,32.1,24,32.2,48,1,2022-01-11 09:08:30
1641892110512146000,32.15,1,32.15,1,32.2,48,2,2022-01-11 09:08:30
1641892110575241000,32.15,1,32.1,23,32.2,48,2,2022-01-11 09:08:30
1641892110575241000,32.1,1,32.1,23,32.2,48,2,2022-01-11 09:08:30
1641892110647433000,32.1,1,32.1,22,32.2,48,2,2022-01-11 09:08:30
1641892110714615000,32.15,1,32.15,1,32.2,48,2,2022-01-11 09:08:30
1641892110792209000,32.15,1,32.1,22,32.2,48,2,2022-01-11 09:08:30
1641892111670139000,32.15,2,32.1,26,32.2,48,2,2022-01-11 09:08:31
1641892112296051000,32.1,2,32.1,24,32.2,48,2,2022-01-11 09:08:32
1641892112940985000,32.1,19,32.1,5,32.15,7,2,2022-01-11 09:08:32
1641892114240056000,32.15,1,32.1,5,32.15,6,1,2022-01-11 09:08:34
1641892114697500000,32.15,1,32.1,5,32.15,5,1,2022-01-11 09:08:34
1641892114855935000,32.1,1,32.1,4,32.15,5,2,2022-01-11 09:08:34
1641892115501735000,32.1,1,32.1,4,32.15,5,2,2022-01-11 09:08:35
1641892115679863000,32.1,1,32.1,3,32.15,5,2,2022-01-11 09:08:35
1641892115840442000,32.1,1,32.1,2,32.15,5,2,2022-01-11 09:08:35
1641892119543568000,32.15,1,32.1,7,32.15,4,1,2022-01-11 09:08:39
1641892120049522000,32.15,4,32.1,11,32.2,59,1,2022-01-11 09:08:40
1641892120540676000,32.1,1,32.1,10,32.2,59,2,2022-01-11 09:08:40
1641892121556006000,32.15,2,32.15,4,32.2,57,2,2022-01-11 09:08:41
1641892121821624000,32.15,1,32.15,5,32.2,57,2,2022-01-11 09:08:41
1641892122241132000,32.15,6,32.1,7,32.2,57,2,2022-01-11 09:08:42
1641892122241132000,32.1,4,32.1,7,32.2,57,2,2022-01-11 09:08:42
1641892126425014000,32.15,1,32.1,19,32.15,3,2,2022-01-11 09:08:46
1641892126457983000,32.15,3,32.1,19,32.2,57,1,2022-01-11 09:08:46
1641892126484168000,32.1,15,32.1,4,32.2,57,2,2022-01-11 09:08:46
1641892126616180000,32.1,3,32.1,1,32.2,57,2,2022-01-11 09:08:46
1641892127168498000,32.1,1,32.1,20,32.15,1,2,2022-01-11 09:08:47
1641892127671074000,32.1,1,32.1,19,32.15,1,2,2022-01-11 09:08:47
1641892131509675000,32.15,2,32.1,21,32.2,57,1,2022-01-11 09:08:51
1641892136781478000,32.15,1,32.1,28,32.15,2,1,2022-01-11 09:08:56
1641892136812389000,32.15,2,32.1,31,32.2,63,1,2022-01-11 09:08:56
1641892137972439000,32.15,3,32.1,31,32.2,63,1,2022-01-11 09:08:57
1641892138842536000,32.15,8,32.15,7,32.2,63,2,2022-01-11 09:08:58
1641892140339096000,32.2,1,32.15,8,32.2,62,1,2022-01-11 09:09:00
1641892141127694000,32.15,1,32.15,7,32.2,62,2,2022-01-11 09:09:01
1641892141784098000,32.2,3,32.15,7,32.2,59,1,2022-01-11 09:09:01
1641892141879183000,32.15,1,32.15,6,32.2,59,2,2022-01-11 09:09:01
1641892144257587000,32.2,35,32.15,22,32.2,24,1,2022-01-11 09:09:04
1641892144278681000,32.2,24,32.15,22,32.25,43,1,2022-01-11 09:09:04
1641892144994400000,32.25,20,32.2,12,32.25,25,1,2022-01-11 09:09:04
1641892145049424000,32.25,5,32.2,21,32.25,20,1,2022-01-11 09:09:05
1641892145080487000,32.25,18,32.2,21,32.25,2,1,2022-01-11 09:09:05
1641892145110600000,32.25,2,32.2,21,32.3,72,1,2022-01-11 09:09:05
1641892145802562000,32.2,1,32.2,25,32.3,72,2,2022-01-11 09:09:05
1641892145821466000,32.2,1,32.2,24,32.3,72,2,2022-01-11 09:09:05
1641892146409797000,32.3,4,32.25,5,32.3,68,1,2022-01-11 09:09:06
1641892146648398000,32.3,1,32.25,5,32.3,67,1,2022-01-11 09:09:06
1641892147525717000,32.3,5,32.25,5,32.3,62,1,2022-01-11 09:09:07
1641892150892545000,32.25,7,32.25,2,32.3,61,2,2022-01-11 09:09:10
1641892152761505000,32.25,4,32.2,13,32.25,2,2,2022-01-11 09:09:12
1641892154194234000,32.25,1,32.2,11,32.25,1,1,2022-01-11 09:09:14
1641892154860787000,32.25,1,32.25,1,32.3,62,1,2022-01-11 09:09:14
1641892155313581000,32.25,1,32.2,11,32.25,1,2,2022-01-11 09:09:15
1641892156719826000,32.25,1,32.2,12,32.3,67,1,2022-01-11 09:09:16
1641892156865929000,32.2,1,32.2,11,32.3,67,2,2022-01-11 09:09:16
1641892157201122000,32.2,11,32.15,18,32.2,8,2,2022-01-11 09:09:17
1641892157312444000,32.2,2,32.15,18,32.2,6,1,2022-01-11 09:09:17
1641892157581440000,32.15,5,32.15,13,32.2,6,2,2022-01-11 09:09:17
1641892158382356000,32.2,1,32.15,13,32.2,6,1,2022-01-11 09:09:18
1641892158738186000,32.15,1,32.15,12,32.2,6,2,2022-01-11 09:09:18
1641892158798075000,32.2,1,32.15,12,32.2,5,1,2022-01-11 09:09:18
1641892160344809000,32.2,1,32.15,12,32.2,4,1,2022-01-11 09:09:20
1641892161050318000,32.2,1,32.15,13,32.2,3,1,2022-01-11 09:09:21
1641892162949389000,32.15,10,32.15,3,32.2,3,2,2022-01-11 09:09:22
1641892163428133000,32.15,3,32.1,47,32.2,3,2,2022-01-11 09:09:23
1641892163428133000,32.1,27,32.1,47,32.2,3,2,2022-01-11 09:09:23
1641892163578284000,32.2,1,32.1,48,32.2,2,1,2022-01-11 09:09:23
1641892165120754000,32.15,1,32.15,4,32.2,2,1,2022-01-11 09:09:25
1641892165127622000,32.2,2,32.2,3,32.3,73,1,2022-01-11 09:09:25
1641892165910871000,32.2,1,32.2,7,32.3,73,2,2022-01-11 09:09:25
1641892168356359000,32.2,1,32.2,6,32.3,73,2,2022-01-11 09:09:28
1641892171227699000,32.2,2,32.2,7,32.25,4,2,2022-01-11 09:09:31
1641892178255941000,32.25,1,32.2,10,32.25,18,1,2022-01-11 09:09:38
1641892178288608000,32.2,10,32.15,16,32.25,18,2,2022-01-11 09:09:38
1641892178450274000,32.2,2,32.2,1,32.25,18,2,2022-01-11 09:09:38
1641892178563889000,32.25,2,32.2,1,32.25,16,1,2022-01-11 09:09:38
1641892181241796000,32.2,1,32.2,3,32.25,21,2,2022-01-11 09:09:41
1641892182004388000,32.2,4,32.15,20,32.2,1,2,2022-01-11 09:09:42
1641892182145589000,32.2,1,32.15,20,32.25,21,1,2022-01-11 09:09:42
1641892183524366000,32.2,1,32.15,19,32.25,23,2,2022-01-11 09:09:43
1641892183524366000,32.15,2,32.15,19,32.25,23,2,2022-01-11 09:09:43
1641892183999269000,32.2,1,32.15,19,32.25,23,2,2022-01-11 09:09:43
1641892184508939000,32.2,3,32.15,19,32.2,2,2,2022-01-11 09:09:44
1641892185282127000,32.2,1,32.15,19,32.2,1,1,2022-01-11 09:09:45
1641892185401269000,32.2,1,32.15,19,32.25,23,1,2022-01-11 09:09:45
1641892189362524000,32.15,3,32.15,18,32.2,1,2,2022-01-11 09:09:49
1641892189408681000,32.2,1,32.15,18,32.25,24,1,2022-01-11 09:09:49
1641892190901797000,32.2,2,32.2,1,32.25,25,2,2022-01-11 09:09:50
1641892190991113000,32.2,1,32.15,20,32.25,25,2,2022-01-11 09:09:50
1641892192039569000,32.2,1,32.15,20,32.25,25,1,2022-01-11 09:09:52
1641892194198434000,32.15,2,32.15,19,32.2,23,2,2022-01-11 09:09:54
1641892195407241000,32.2,4,32.15,30,32.2,19,1,2022-01-11 09:09:55
1641892196646632000,32.2,1,32.15,32,32.2,24,1,2022-01-11 09:09:56
1641892197657903000,32.2,1,32.15,33,32.2,23,1,2022-01-11 09:09:57
1641892198092828000,32.2,3,32.15,33,32.2,20,1,2022-01-11 09:09:58
1641892200171774000,32.2,1,32.15,33,32.2,19,1,2022-01-11 09:10:00
1641892200938732000,32.15,18,32.15,16,32.2,19,2,2022-01-11 09:10:00
1641892201027895000,32.2,1,32.15,16,32.2,18,1,2022-01-11 09:10:01
1641892202125731000,32.2,1,32.15,17,32.2,18,1,2022-01-11 09:10:02
1641892203009253000,32.15,13,32.15,4,32.2,18,2,2022-01-11 09:10:03
1641892203413093000,32.2,3,32.15,4,32.2,15,1,2022-01-11 09:10:03
1641892203741508000,32.2,5,32.15,4,32.2,10,1,2022-01-11 09:10:03
1641892203882951000,32.15,4,32.05,120,32.2,10,2,2022-01-11 09:10:03
1641892203882951000,32.1,86,32.05,120,32.2,10,2,2022-01-11 09:10:03
1641892203882951000,32.05,10,32.05,120,32.2,10,2,2022-01-11 09:10:03
1641892204564460000,32.15,4,32.05,120,32.15,5,1,2022-01-11 09:10:04
1641892204617042000,32.05,2,32.05,120,32.15,6,2,2022-01-11 09:10:04
1641892204988779000,32.15,1,32.05,120,32.15,7,1,2022-01-11 09:10:04
1641892206958578000,32.05,7,32.05,113,32.1,6,2,2022-01-11 09:10:06
1641892207187735000,32.05,1,32.05,112,32.1,6,2,2022-01-11 09:10:07
1641892207362439000,32.05,24,32.05,88,32.1,6,2,2022-01-11 09:10:07
1641892207389689000,32.05,19,32.05,69,32.1,6,2,2022-01-11 09:10:07
1641892207420196000,32.05,32,32.05,37,32.1,6,2,2022-01-11 09:10:07
1641892207420361000,32.05,37,32.0,559,32.1,6,2,2022-01-11 09:10:07
1641892207711469000,32.05,1,32.0,559,32.1,6,2,2022-01-11 09:10:07
1641892208147232000,32.1,5,32.0,561,32.1,1,1,2022-01-11 09:10:08
1641892208683027000,32.0,2,32.0,559,32.05,7,2,2022-01-11 09:10:08
1641892208709042000,32.0,50,32.0,509,32.05,7,2,2022-01-11 09:10:08
1641892208710326000,32.0,499,32.0,10,32.05,7,2,2022-01-11 09:10:08
1641892208740269000,32.0,10,31.95,46,32.05,7,2,2022-01-11 09:10:08
1641892208764941000,31.95,12,31.95,34,32.05,7,2,2022-01-11 09:10:08
1641892208797870000,31.95,3,31.95,31,32.05,7,2,2022-01-11 09:10:08
1641892208813431000,31.95,2,31.95,29,32.05,7,2,2022-01-11 09:10:08
1641892208821243000,31.95,29,31.9,38,32.05,7,2,2022-01-11 09:10:08
1641892208863232000,31.9,10,31.9,28,32.0,2,2,2022-01-11 09:10:08
1641892208868205000,32.0,1,31.9,28,32.0,1,1,2022-01-11 09:10:08
1641892208888466000,31.9,4,31.9,24,32.0,1,2,2022-01-11 09:10:08
1641892208961053000,32.0,1,31.9,26,32.05,3,1,2022-01-11 09:10:08
1641892208961053000,32.05,4,31.9,26,32.05,3,1,2022-01-11 09:10:08
1641892209989859000,31.9,4,31.9,22,31.95,1,2,2022-01-11 09:10:09
1641892210167807000,31.9,12,31.9,10,31.95,1,2,2022-01-11 09:10:10
1641892210262524000,31.9,1,31.9,9,31.95,1,2,2022-01-11 09:10:10
1641892210281395000,31.9,9,31.85,45,31.95,1,2,2022-01-11 09:10:10
1641892210541336000,31.85,4,31.85,41,31.95,1,2,2022-01-11 09:10:10
1641892210543679000,31.85,2,31.85,39,31.95,1,2,2022-01-11 09:10:10
1641892210707253000,31.85,2,31.85,37,31.95,1,2,2022-01-11 09:10:10
1641892210896414000,31.85,2,31.85,37,31.95,1,2,2022-01-11 09:10:10
1641892210997997000,31.85,3,31.85,34,31.95,1,2,2022-01-11 09:10:10
1641892211043730000,31.85,2,31.85,32,31.95,1,2,2022-01-11 09:10:11
1641892211176428000,31.85,10,31.85,22,31.9,5,2,2022-01-11 09:10:11
1641892211681885000,31.85,1,31.85,22,31.9,5,2,2022-01-11 09:10:11
1641892212700736000,31.85,2,31.85,20,31.9,5,2,2022-01-11 09:10:12
1641892212757383000,31.85,3,31.85,17,31.9,5,2,2022-01-11 09:10:12
1641892213526818000,31.85,3,31.85,14,31.9,5,2,2022-01-11 09:10:13
1641892213599016000,31.9,1,31.85,14,31.9,4,1,2022-01-11 09:10:13
1641892213642904000,31.85,1,31.85,13,31.9,4,2,2022-01-11 09:10:13
1641892215061795000,31.85,13,31.8,44,31.95,1,2,2022-01-11 09:10:15
1641892215061795000,31.8,7,31.8,44,31.95,1,2,2022-01-11 09:10:15
1641892215153199000,31.8,1,31.8,45,31.95,5,2,2022-01-11 09:10:15
1641892215468831000,31.8,1,31.8,44,31.95,5,2,2022-01-11 09:10:15
1641892215994413000,31.85,2,31.8,44,31.95,5,1,2022-01-11 09:10:15
1641892216018608000,31.8,35,31.8,9,31.95,5,2,2022-01-11 09:10:16
1641892216048177000,31.8,7,31.8,2,31.95,5,2,2022-01-11 09:10:16
1641892216121690000,31.8,2,31.75,10,31.95,5,2,2022-01-11 09:10:16
1641892216458859000,31.75,2,31.75,10,31.85,2,2,2022-01-11 09:10:16
1641892216507818000,31.85,1,31.75,10,31.85,1,1,2022-01-11 09:10:16
1641892216691339000,31.85,1,31.75,10,31.85,4,1,2022-01-11 09:10:16
1641892217449483000,31.8,1,31.75,10,31.85,5,2,2022-01-11 09:10:17
1641892217550918000,31.8,1,31.75,10,31.8,2,1,2022-01-11 09:10:17
1641892217775306000,31.75,1,31.75,9,31.8,6,2,2022-01-11 09:10:17
1641892219131388000,31.75,1,31.75,8,31.8,8,2,2022-01-11 09:10:19
1641892219298561000,31.75,8,31.7,26,31.75,14,2,2022-01-11 09:10:19
1641892219327676000,31.75,9,31.7,30,31.75,5,1,2022-01-11 09:10:19
1641892219432886000,31.75,5,31.7,30,31.8,9,1,2022-01-11 09:10:19
1641892220210295000,31.7,1,31.7,31,31.75,1,2,2022-01-11 09:10:20
1641892220233716000,31.75,1,31.7,31,31.8,9,1,2022-01-11 09:10:20
1641892220306233000,31.7,20,31.7,11,31.8,9,2,2022-01-11 09:10:20
1641892220407934000,31.8,1,31.7,11,31.8,12,1,2022-01-11 09:10:20
1641892220712213000,31.8,1,31.7,11,31.8,8,1,2022-01-11 09:10:20
1641892221958765000,31.7,1,31.7,10,31.75,1,2,2022-01-11 09:10:21
1641892221985242000,31.75,1,31.7,10,31.8,8,1,2022-01-11 09:10:21
1641892222323229000,31.7,1,31.7,10,31.8,8,2,2022-01-11 09:10:22
1641892223141554000,31.7,4,31.7,6,31.8,8,2,2022-01-11 09:10:23
1641892223196097000,31.8,1,31.7,6,31.8,7,1,2022-01-11 09:10:23
1641892223415672000,31.7,6,31.65,7,31.8,7,2,2022-01-11 09:10:23
1641892223415672000,31.65,3,31.65,7,31.8,7,2,2022-01-11 09:10:23
1641892223823955000,31.65,4,31.65,3,31.8,7,2,2022-01-11 09:10:23
1641892224139265000,31.65,5,31.6,16,31.75,1,2,2022-01-11 09:10:24
1641892224237393000,31.75,1,31.7,8,31.8,7,1,2022-01-11 09:10:24
1641892224697740000,31.8,1,31.7,9,31.8,7,1,2022-01-11 09:10:24
1641892224709407000,31.7,1,31.7,8,31.8,7,2,2022-01-11 09:10:24
1641892225105665000,31.7,1,31.7,7,31.8,7,2,2022-01-11 09:10:25
1641892225565362000,31.7,3,31.7,4,31.8,6,2,2022-01-11 09:10:25
1641892225668926000,31.7,4,31.6,16,31.7,3,2,2022-01-11 09:10:25
1641892225690573000,31.7,3,31.6,16,31.8,6,1,2022-01-11 09:10:25
1641892225848744000,31.65,1,31.65,4,31.75,2,2,2022-01-11 09:10:25
1641892225937936000,31.75,2,31.75,4,31.8,7,1,2022-01-11 09:10:25
1641892225938057000,31.75,4,31.6,5,31.8,7,2,2022-01-11 09:10:25
1641892225938057000,31.65,4,31.6,5,31.8,7,2,2022-01-11 09:10:25
1641892225938057000,31.6,12,31.6,5,31.8,7,2,2022-01-11 09:10:25
1641892226056720000,31.65,1,31.65,1,31.75,2,2,2022-01-11 09:10:26
1641892226299587000,31.65,3,31.6,4,31.65,2,2,2022-01-11 09:10:26
1641892226332680000,31.65,2,31.6,4,31.75,2,1,2022-01-11 09:10:26
1641892226350942000,31.6,2,31.6,2,31.75,2,2,2022-01-11 09:10:26
1641892227042840000,31.6,1,31.6,1,31.7,4,2,2022-01-11 09:10:27
1641892227455093000,31.65,1,31.6,6,31.7,5,1,2022-01-11 09:10:27
1641892228105694000,31.7,1,31.6,6,31.7,6,1,2022-01-11 09:10:28
1641892228562471000,31.6,6,31.55,12,31.7,6,2,2022-01-11 09:10:28
1641892228562471000,31.55,4,31.55,12,31.7,6,2,2022-01-11 09:10:28
1641892228725670000,31.7,1,31.55,18,31.7,5,1,2022-01-11 09:10:28
1641892229728117000,31.55,2,31.55,16,31.65,6,2,2022-01-11 09:10:29
1641892229944708000,31.55,3,31.55,13,31.65,6,2,2022-01-11 09:10:29
1641892230115654000,31.65,6,31.6,1,31.7,6,1,2022-01-11 09:10:30
1641892231277642000,31.6,2,31.6,1,31.65,1,2,2022-01-11 09:10:31
1641892231784976000,31.65,1,31.6,2,31.7,6,1,2022-01-11 09:10:31
1641892231846379000,31.6,1,31.6,1,31.7,6,2,2022-01-11 09:10:31
1641892232519596000,31.7,2,31.6,1,31.7,4,1,2022-01-11 09:10:32
1641892232521529000,31.6,1,31.55,29,31.7,4,2,2022-01-11 09:10:32
1641892232521529000,31.55,4,31.55,29,31.7,4,2,2022-01-11 09:10:32
1641892232743223000,31.6,1,31.6,7,31.7,4,2,2022-01-11 09:10:32
1641892232942100000,31.6,1,31.6,6,31.7,4,2,2022-01-11 09:10:32
1641892233052540000,31.6,1,31.6,5,31.7,4,2,2022-01-11 09:10:33
1641892233474910000,31.7,1,31.6,6,31.7,3,1,2022-01-11 09:10:33
1641892233618998000,31.6,1,31.6,8,31.7,3,2,2022-01-11 09:10:33
1641892233648896000,31.7,3,31.6,9,31.75,3,1,2022-01-11 09:10:33
1641892233878299000,31.75,1,31.65,1,31.75,2,1,2022-01-11 09:10:33
1641892233883556000,31.65,1,31.6,10,31.75,2,2,2022-01-11 09:10:33
1641892233883556000,31.6,3,31.6,10,31.75,2,2,2022-01-11 09:10:33
1641892233901644000,31.75,2,31.6,10,31.8,10,1,2022-01-11 09:10:33
1641892235010258000,31.65,1,31.65,3,31.75,2,2,2022-01-11 09:10:35
1641892235023844000,31.65,2,31.65,1,31.75,2,2,2022-01-11 09:10:35
1641892235187136000,31.75,2,31.65,3,31.75,3,1,2022-01-11 09:10:35
1641892235384040000,31.7,1,31.65,7,31.7,5,1,2022-01-11 09:10:35
1641892235459859000,31.7,5,31.65,7,31.75,3,1,2022-01-11 09:10:35
1641892235482384000,31.75,3,31.65,7,31.8,17,1,2022-01-11 09:10:35
1641892235652370000,31.8,2,31.65,11,31.8,15,1,2022-01-11 09:10:35
1641892235866664000,31.65,1,31.65,10,31.75,1,2,2022-01-11 09:10:35
1641892235868715000,31.65,1,31.65,9,31.75,1,2,2022-01-11 09:10:35
1641892235901021000,31.75,1,31.65,9,31.8,15,1,2022-01-11 09:10:35
1641892235913195000,31.65,1,31.65,8,31.8,15,2,2022-01-11 09:10:35
1641892237386199000,31.8,8,31.65,18,31.8,7,1,2022-01-11 09:10:37
1641892237408281000,31.8,7,31.65,18,31.85,18,1,2022-01-11 09:10:37
1641892237671787000,31.75,2,31.7,6,31.8,2,1,2022-01-11 09:10:37
1641892237786429000,31.7,2,31.7,2,31.85,18,2,2022-01-11 09:10:37
1641892238023157000,31.7,1,31.7,1,31.85,18,2,2022-01-11 09:10:38
1641892238045196000,31.7,1,31.65,18,31.85,18,2,2022-01-11 09:10:38
1641892238362820000,31.8,2,31.7,4,31.85,18,1,2022-01-11 09:10:38
1641892238513578000,31.7,4,31.7,1,31.8,5,2,2022-01-11 09:10:38
1641892238807442000,31.75,2,31.7,1,31.8,5,1,2022-01-11 09:10:38
1641892239499700000,31.7,1,31.65,25,31.7,9,2,2022-01-11 09:10:39
1641892239525680000,31.7,9,31.65,25,31.8,5,1,2022-01-11 09:10:39
1641892240113306000,31.7,1,31.7,1,31.8,9,2,2022-01-11 09:10:40
1641892241581332000,31.8,9,31.7,2,31.85,18,1,2022-01-11 09:10:41
1641892241682601000,31.7,2,31.7,4,31.85,18,2,2022-01-11 09:10:41
1641892241790964000,31.8,1,31.7,2,31.8,1,1,2022-01-11 09:10:41
1641892241813333000,31.8,1,31.7,2,31.85,18,1,2022-01-11 09:10:41
1641892241987282000,31.7,1,31.7,5,31.8,5,2,2022-01-11 09:10:41
1641892241995537000,31.8,5,31.7,5,31.85,18,1,2022-01-11 09:10:41
1641892242897691000,31.7,2,31.7,17,31.85,22,2,2022-01-11 09:10:42
1641892243345793000,31.7,2,31.7,17,31.85,22,2,2022-01-11 09:10:43
1641892243413099000,31.85,1,31.7,17,31.85,21,1,2022-01-11 09:10:43
1641892243714535000,31.8,1,31.7,16,31.85,21,1,2022-01-11 09:10:43
1641892244289406000,31.7,16,31.55,16,31.85,21,2,2022-01-11 09:10:44
1641892244289406000,31.65,22,31.55,16,31.85,21,2,2022-01-11 09:10:44
1641892244289406000,31.6,48,31.55,16,31.85,21,2,2022-01-11 09:10:44
1641892244289406000,31.55,32,31.55,16,31.85,21,2,2022-01-11 09:10:44
1641892244313876000,31.7,2,31.55,16,31.8,2,2,2022-01-11 09:10:44
1641892244491972000,31.7,2,31.55,16,31.6,3,2,2022-01-11 09:10:44
1641892244491972000,31.65,1,31.55,16,31.6,3,2,2022-01-11 09:10:44
1641892244526893000,31.6,3,31.55,16,31.6,10,1,2022-01-11 09:10:44
1641892244526952000,31.6,10,31.55,16,31.8,1,1,2022-01-11 09:10:44
1641892244552753000,31.55,13,31.55,3,31.8,1,2,2022-01-11 09:10:44
