ts,close,volume,bid_price,bid_volume,ask_price,ask_volume,tick_type,datetime
1639126802792971000,30.3,495,30.25,4,30.3,9,1,2021-12-10 09:00:02
1639126802826210000,30.25,4,30.15,3,30.3,9,2,2021-12-10 09:00:02
1639126802826250000,30.2,5,30.15,3,30.3,9,2,2021-12-10 09:00:02
1639126802846352000,30.3,2,30.15,3,30.3,7,1,2021-12-10 09:00:02
1639126802964532000,30.3,1,30.15,3,30.3,6,1,2021-12-10 09:00:02
1639126804099714000,30.25,10,30.1,6,30.15,20,2,2021-12-10 09:00:04
1639126804099714000,30.15,3,30.1,6,30.15,20,2,2021-12-10 09:00:04
1639126805550619000,30.15,10,30.1,6,30.15,10,1,2021-12-10 09:00:05
1639126807711350000,30.1,5,30.1,1,30.15,10,2,2021-12-10 09:00:07
1639126807736324000,30.1,1,30.05,5,30.1,3,2,2021-12-10 09:00:07
1639126807985499000,30.1,1,30.05,5,30.1,2,1,2021-12-10 09:00:07
1639126808590341000,30.05,2,30.05,3,30.1,2,2,2021-12-10 09:00:08
1639126808614976000,30.05,3,30.0,50,30.1,2,2,2021-12-10 09:00:08
1639126809967397000,30.0,10,30.0,40,30.1,2,2,2021-12-10 09:00:09
1639126810377796000,30.1,2,30.0,40,30.15,12,1,2021-12-10 09:00:10
1639126811069858000,30.0,2,30.0,38,30.15,12,2,2021-12-10 09:00:11
1639126811200003000,30.0,10,30.0,28,30.15,12,2,2021-12-10 09:00:11
1639126811224613000,30.0,2,30.0,26,30.15,12,2,2021-12-10 09:00:11
1639126811580930000,30.15,3,30.0,24,30.15,9,1,2021-12-10 09:00:11
1639126811710460000,30.0,10,30.0,14,30.15,9,2,2021-12-10 09:00:11
1639126811750033000,30.0,14,29.95,1,30.15,9,2,2021-12-10 09:00:11
1639126811929140000,30.1,1,29.95,1,30.1,4,1,2021-12-10 09:00:11
1639126812001992000,30.0,1,29.95,1,30.1,4,2,2021-12-10 09:00:12
1639126812288374000,30.1,1,29.95,1,30.1,3,1,2021-12-10 09:00:12
1639126812330346000,30.1,2,29.95,1,30.1,1,1,2021-12-10 09:00:12
1639126812364932000,30.1,1,30.0,1,30.15,9,1,2021-12-10 09:00:12
1639126812694728000,30.0,2,30.0,2,30.1,2,2,2021-12-10 09:00:12
1639126812710602000,30.0,1,30.0,1,30.1,2,2,2021-12-10 09:00:12
1639126812731817000,30.0,1,29.95,1,30.1,2,2,2021-12-10 09:00:12
1639126812793237000,30.1,2,29.95,1,30.15,9,1,2021-12-10 09:00:12
1639126812807725000,29.95,1,29.9,1,30.15,9,2,2021-12-10 09:00:12
1639126812807725000,29.9,2,29.9,1,30.15,9,2,2021-12-10 09:00:12
1639126813033613000,30.1,1,30.05,3,30.15,8,1,2021-12-10 09:00:13
1639126813033613000,30.15,1,30.05,3,30.15,8,1,2021-12-10 09:00:13
1639126813448320000,30.1,1,30.05,3,30.15,8,2,2021-12-10 09:00:13
1639126814020338000,30.1,1,30.05,3,30.15,8,2,2021-12-10 09:00:14
1639126815263985000,30.1,1,29.7,7,30.15,8,2,2021-12-10 09:00:15
1639126815263985000,30.05,3,29.7,7,30.15,8,2,2021-12-10 09:00:15
1639126815263985000,29.9,1,29.7,7,30.15,8,2,2021-12-10 09:00:15
1639126815263985000,29.8,2,29.7,7,30.15,8,2,2021-12-10 09:00:15
1639126815263985000,29.75,3,29.7,7,30.15,8,2,2021-12-10 09:00:15
1639126815639188000,30.05,1,29.7,7,30.0,7,1,2021-12-10 09:00:15
1639126815775039000,30.0,1,29.7,7,30.0,6,2,2021-12-10 09:00:15
1639126816404974000,30.0,1,29.7,7,30.0,5,1,2021-12-10 09:00:16
1639126816624030000,30.0,1,29.7,7,30.0,4,1,2021-12-10 09:00:16
1639126817201230000,29.7,5,29.7,2,30.0,5,2,2021-12-10 09:00:17
1639126817781271000,29.95,3,29.75,2,29.95,3,1,2021-12-10 09:00:17
1639126818701595000,29.8,3,29.7,1,29.9,3,2,2021-12-10 09:00:18
1639126818701595000,29.7,1,29.7,1,29.9,3,2,2021-12-10 09:00:18
1639126819095687000,29.7,1,29.6,5,29.9,6,2,2021-12-10 09:00:19
1639126819095687000,29.6,2,29.6,5,29.9,6,2,2021-12-10 09:00:19
1639126819136245000,29.6,1,29.6,4,29.9,6,2,2021-12-10 09:00:19
1639126819183699000,29.6,4,29.55,50,29.9,6,2,2021-12-10 09:00:19
1639126819183699000,29.55,5,29.55,50,29.9,6,2,2021-12-10 09:00:19
1639126819395567000,29.55,2,29.55,48,29.9,6,2,2021-12-10 09:00:19
1639126819720155000,29.9,5,29.55,48,29.9,1,1,2021-12-10 09:00:19
1639126819765543000,29.95,1,29.6,1,29.95,1,1,2021-12-10 09:00:19
1639126819961210000,29.6,1,29.55,24,29.95,11,2,2021-12-10 09:00:19
1639126819961210000,29.55,24,29.55,24,29.95,11,2,2021-12-10 09:00:19
1639126820106108000,29.55,2,29.55,22,29.95,11,2,2021-12-10 09:00:20
1639126820923685000,29.55,2,29.55,20,29.7,1,2,2021-12-10 09:00:20
1639126821154104000,29.55,2,29.55,18,29.7,1,2,2021-12-10 09:00:21
1639126821615699000,29.7,1,29.6,10,29.95,11,1,2021-12-10 09:00:21
1639126821615699000,29.9,1,29.6,10,29.95,11,1,2021-12-10 09:00:21
1639126821615699000,29.95,1,29.6,10,29.95,11,1,2021-12-10 09:00:21
1639126821670637000,29.65,1,29.65,1,29.95,9,2,2021-12-10 09:00:21
1639126821806969000,29.9,1,29.65,1,29.95,9,1,2021-12-10 09:00:21
1639126821868507000,29.65,1,29.6,8,29.95,9,2,2021-12-10 09:00:21
1639126821868507000,29.6,2,29.6,8,29.95,9,2,2021-12-10 09:00:21
1639126822145409000,29.6,2,29.6,9,29.95,9,2,2021-12-10 09:00:22
1639126822176829000,29.9,1,29.6,9,29.95,8,1,2021-12-10 09:00:22
1639126822176829000,29.95,1,29.6,9,29.95,8,1,2021-12-10 09:00:22
1639126822840096000,29.65,3,29.6,2,29.9,5,2,2021-12-10 09:00:22
1639126822840096000,29.6,7,29.6,2,29.9,5,2,2021-12-10 09:00:22
1639126823027328000,29.85,1,29.6,2,29.85,2,1,2021-12-10 09:00:23
1639126823072813000,29.7,2,29.6,2,29.85,2,2,2021-12-10 09:00:23
1639126823560094000,29.7,2,29.7,1,29.85,2,2,2021-12-10 09:00:23
1639126823592160000,29.7,1,29.6,2,29.85,2,2,2021-12-10 09:00:23
1639126823989557000,29.6,2,29.55,18,29.8,1,2,2021-12-10 09:00:23
1639126824017670000,29.55,1,29.55,17,29.8,1,2,2021-12-10 09:00:24
1639126825027853000,29.6,6,29.55,17,29.6,4,1,2021-12-10 09:00:25
1639126825062734000,29.6,4,29.55,17,29.75,1,1,2021-12-10 09:00:25
1639126825788572000,29.6,1,29.55,17,29.6,1,1,2021-12-10 09:00:25
1639126826684842000,29.55,1,29.55,17,29.65,2,2,2021-12-10 09:00:26
1639126826773641000,29.55,1,29.55,16,29.65,2,2,2021-12-10 09:00:26
1639126827092566000,29.55,4,29.55,12,29.65,2,2,2021-12-10 09:00:27
1639126828044686000,29.6,1,29.55,14,29.65,2,1,2021-12-10 09:00:28
1639126828270962000,29.65,1,29.55,14,29.65,1,1,2021-12-10 09:00:28
1639126828366522000,29.65,1,29.55,14,29.7,2,1,2021-12-10 09:00:28
1639126828366522000,29.7,3,29.55,14,29.7,2,1,2021-12-10 09:00:28
1639126828798158000,29.6,1,29.6,3,29.7,2,2,2021-12-10 09:00:28
1639126829211606000,29.6,1,29.6,2,29.7,2,2,2021-12-10 09:00:29
1639126829715964000,29.6,1,29.6,1,29.7,2,2,2021-12-10 09:00:29
1639126830043654000,29.6,1,29.55,15,29.7,2,2,2021-12-10 09:00:30
1639126830097190000,29.7,2,29.55,15,29.75,3,1,2021-12-10 09:00:30
1639126830097190000,29.75,3,29.55,15,29.75,3,1,2021-12-10 09:00:30
1639126830513294000,29.6,1,29.6,2,29.75,3,2,2021-12-10 09:00:30
1639126830722002000,29.75,2,29.6,2,29.75,1,1,2021-12-10 09:00:30
1639126830756201000,29.75,1,29.6,2,29.8,1,1,2021-12-10 09:00:30
1639126831511607000,29.8,1,29.6,2,29.95,15,1,2021-12-10 09:00:31
1639126831511607000,29.85,2,29.6,2,29.95,15,1,2021-12-10 09:00:31
1639126831526599000,29.6,1,29.6,1,29.95,15,2,2021-12-10 09:00:31
1639126832027306000,29.95,4,29.65,1,29.95,9,1,2021-12-10 09:00:32
1639126832600869000,29.65,1,29.55,10,29.75,1,2,2021-12-10 09:00:32
1639126832600869000,29.6,2,29.55,10,29.75,1,2,2021-12-10 09:00:32
1639126832600869000,29.55,7,29.55,10,29.75,1,2,2021-12-10 09:00:32
1639126834435196000,29.6,6,29.6,12,29.7,5,1,2021-12-10 09:00:34
1639126834435558000,29.7,1,29.6,12,29.7,5,1,2021-12-10 09:00:34
1639126834692248000,29.6,5,29.6,8,29.7,5,2,2021-12-10 09:00:34
1639126834764242000,29.7,1,29.6,8,29.7,4,1,2021-12-10 09:00:34
1639126834774157000,29.6,1,29.6,7,29.7,4,2,2021-12-10 09:00:34
1639126834905653000,29.65,1,29.6,10,29.7,4,1,2021-12-10 09:00:34
1639126836944672000,29.6,10,29.55,12,29.6,1,2,2021-12-10 09:00:36
1639126836970801000,29.6,1,29.55,12,29.7,5,1,2021-12-10 09:00:36
1639126837046585000,29.7,5,29.55,12,29.9,7,1,2021-12-10 09:00:37
1639126837046585000,29.75,1,29.55,12,29.9,7,1,2021-12-10 09:00:37
1639126837046585000,29.85,1,29.55,12,29.9,7,1,2021-12-10 09:00:37
1639126837635807000,29.6,1,29.6,11,29.9,5,2,2021-12-10 09:00:37
1639126839065462000,29.8,1,29.6,16,29.9,2,1,2021-12-10 09:00:39
1639126839065462000,29.85,6,29.6,16,29.9,2,1,2021-12-10 09:00:39
1639126839065462000,29.9,3,29.6,16,29.9,2,1,2021-12-10 09:00:39
1639126839782084000,29.65,6,29.6,2,29.8,1,2,2021-12-10 09:00:39
1639126839782084000,29.6,14,29.6,2,29.8,1,2,2021-12-10 09:00:39
1639126840171062000,29.6,1,29.6,1,29.8,1,2,2021-12-10 09:00:40
1639126840406111000,29.8,1,29.6,1,29.9,7,1,2021-12-10 09:00:40
1639126840870787000,29.85,1,29.6,7,29.9,6,1,2021-12-10 09:00:40
1639126840870787000,29.9,1,29.6,7,29.9,6,1,2021-12-10 09:00:40
1639126840947327000,29.9,5,29.65,3,29.9,1,1,2021-12-10 09:00:40
1639126842251117000,29.7,4,29.6,9,29.75,10,2,2021-12-10 09:00:42
1639126843830826000,29.7,1,29.6,9,29.75,10,2,2021-12-10 09:00:43
1639126843870574000,29.75,3,29.6,9,29.75,7,1,2021-12-10 09:00:43
1639126843902696000,29.75,7,29.6,9,29.8,10,1,2021-12-10 09:00:43
1639126845402731000,29.7,1,29.65,2,29.8,10,2,2021-12-10 09:00:45
1639126845402731000,29.75,1,29.65,2,29.8,10,1,2021-12-10 09:00:45
1639126846559512000,29.65,2,29.6,15,29.7,9,2,2021-12-10 09:00:46
1639126846588194000,29.7,1,29.6,15,29.7,8,1,2021-12-10 09:00:46
1639126847429946000,29.7,4,29.6,15,29.7,4,1,2021-12-10 09:00:47
1639126848273258000,29.7,4,29.6,15,29.8,5,1,2021-12-10 09:00:48
1639126848273258000,29.75,1,29.6,15,29.8,5,1,2021-12-10 09:00:48
1639126848273258000,29.8,5,29.6,15,29.8,5,1,2021-12-10 09:00:48
1639126849007489000,29.7,1,29.6,15,29.7,5,2,2021-12-10 09:00:49
1639126849177397000,29.7,3,29.6,15,29.7,2,1,2021-12-10 09:00:49
1639126850066193000,29.6,16,29.3,2,29.5,20,2,2021-12-10 09:00:50
1639126850066193000,29.55,15,29.3,2,29.5,20,2,2021-12-10 09:00:50
1639126850066193000,29.5,9,29.3,2,29.5,20,2,2021-12-10 09:00:50
1639126850113250000,29.5,1,29.3,2,29.5,19,1,2021-12-10 09:00:50
1639126850287220000,29.5,1,29.3,2,29.5,29,1,2021-12-10 09:00:50
1639126850324297000,29.5,2,29.3,2,29.5,27,1,2021-12-10 09:00:50
1639126850347278000,29.3,1,29.3,1,29.5,27,2,2021-12-10 09:00:50
1639126850413460000,29.45,2,29.3,1,29.45,3,1,2021-12-10 09:00:50
1639126850468829000,29.45,1,29.35,2,29.45,2,1,2021-12-10 09:00:50
1639126850579081000,29.45,2,29.35,3,29.5,26,1,2021-12-10 09:00:50
1639126850579081000,29.5,1,29.35,3,29.5,26,1,2021-12-10 09:00:50
1639126850706348000,29.5,2,29.35,5,29.5,24,1,2021-12-10 09:00:50
1639126851086329000,29.5,2,29.35,5,29.5,22,1,2021-12-10 09:00:51
1639126851100692000,29.5,1,29.35,5,29.5,21,1,2021-12-10 09:00:51
1639126851260316000,29.5,3,29.35,5,29.5,18,1,2021-12-10 09:00:51
1639126851752704000,29.5,1,29.35,5,29.5,17,1,2021-12-10 09:00:51
1639126853262136000,29.5,2,29.35,6,29.5,15,1,2021-12-10 09:00:53
1639126853358660000,29.5,2,29.35,1,29.5,10,1,2021-12-10 09:00:53
1639126853358688000,29.5,1,29.35,1,29.5,10,1,2021-12-10 09:00:53
1639126853358772000,29.5,2,29.35,1,29.5,10,1,2021-12-10 09:00:53
1639126853842183000,29.35,1,29.2,2,29.5,10,2,2021-12-10 09:00:53
1639126853842183000,29.3,1,29.2,2,29.5,10,2,2021-12-10 09:00:53
1639126853842183000,29.25,1,29.2,2,29.5,10,2,2021-12-10 09:00:53
1639126854600239000,29.45,1,29.35,1,29.5,1,1,2021-12-10 09:00:54
1639126854600239000,29.5,9,29.35,1,29.5,1,1,2021-12-10 09:00:54
1639126854867115000,29.45,1,29.4,1,29.5,1,2,2021-12-10 09:00:54
1639126855951606000,29.5,1,29.4,1,29.6,1,1,2021-12-10 09:00:55
1639126856643827000,29.6,1,29.5,1,29.7,7,1,2021-12-10 09:00:56
1639126859109165000,29.6,1,29.5,5,29.65,1,1,2021-12-10 09:00:59
1639126860174411000,29.65,1,29.5,5,29.7,11,1,2021-12-10 09:01:00
1639126861239741000,29.5,2,29.5,4,29.7,11,2,2021-12-10 09:01:01
1639126861639183000,29.5,5,29.4,1,29.6,1,2,2021-12-10 09:01:01
1639126863122603000,29.4,1,29.35,11,29.55,7,2,2021-12-10 09:01:03
1639126864646166000,29.4,1,29.4,2,29.55,2,2,2021-12-10 09:01:04
1639126864682806000,29.4,2,29.35,11,29.55,2,2,2021-12-10 09:01:04
1639126864889462000,29.45,2,29.35,11,29.55,2,1,2021-12-10 09:01:04
1639126866469233000,29.6,1,29.5,1,29.6,14,1,2021-12-10 09:01:06
1639126868043351000,29.6,1,29.5,6,29.6,13,1,2021-12-10 09:01:08
1639126868154936000,29.5,5,29.5,1,29.6,13,2,2021-12-10 09:01:08
1639126868309272000,29.5,2,29.35,6,29.6,14,2,2021-12-10 09:01:08
1639126868309272000,29.4,3,29.35,6,29.6,14,2,2021-12-10 09:01:08
1639126868309272000,29.35,5,29.35,6,29.6,14,2,2021-12-10 09:01:08
1639126870351725000,29.4,2,29.4,4,29.45,2,1,2021-12-10 09:01:10
1639126870401249000,29.4,4,29.35,6,29.45,2,2,2021-12-10 09:01:10
1639126870978773000,29.45,1,29.4,1,29.5,1,1,2021-12-10 09:01:10
1639126873772675000,29.45,1,29.4,3,29.55,2,1,2021-12-10 09:01:13
1639126873772675000,29.5,1,29.4,3,29.55,2,1,2021-12-10 09:01:13
1639126873810259000,29.4,3,29.35,10,29.55,2,2,2021-12-10 09:01:13
1639126875554527000,29.45,2,29.35,13,29.55,4,1,2021-12-10 09:01:15
1639126876729587000,29.4,1,29.35,13,29.4,1,2,2021-12-10 09:01:16
1639126877290934000,29.4,1,29.35,13,29.5,3,1,2021-12-10 09:01:17
1639126879511405000,29.45,2,29.35,14,29.5,3,1,2021-12-10 09:01:19
1639126879624985000,29.35,14,29.2,2,29.5,8,2,2021-12-10 09:01:19
1639126879624985000,29.3,3,29.2,2,29.5,8,2,2021-12-10 09:01:19
1639126879624985000,29.25,1,29.2,2,29.5,8,2,2021-12-10 09:01:19
1639126879767174000,29.4,1,29.2,2,29.45,3,1,2021-12-10 09:01:19
1639126879799996000,29.4,1,29.2,2,29.45,2,1,2021-12-10 09:01:19
1639126879799996000,29.45,1,29.2,2,29.45,2,1,2021-12-10 09:01:19
1639126879860765000,29.45,1,29.25,1,29.45,1,1,2021-12-10 09:01:19
1639126880097525000,29.45,1,29.25,1,29.5,1,1,2021-12-10 09:01:20
1639126880097525000,29.5,1,29.25,1,29.5,1,1,2021-12-10 09:01:20
1639126881894768000,29.45,2,29.3,5,29.45,7,2,2021-12-10 09:01:21
1639126882989083000,29.35,1,29.3,5,29.35,14,2,2021-12-10 09:01:22
1639126883027453000,29.3,1,29.3,4,29.35,14,2,2021-12-10 09:01:23
1639126883513353000,29.3,4,29.2,2,29.35,14,2,2021-12-10 09:01:23
1639126884214016000,29.3,1,29.2,2,29.35,14,2,2021-12-10 09:01:24
1639126885253262000,29.35,1,29.2,2,29.35,15,1,2021-12-10 09:01:25
1639126886824329000,29.35,6,29.2,2,29.35,9,1,2021-12-10 09:01:26
1639126886864597000,29.3,1,29.2,2,29.35,9,2,2021-12-10 09:01:26
1639126888613156000,29.35,2,29.2,2,29.35,8,1,2021-12-10 09:01:28
1639126888855940000,29.3,1,29.2,2,29.35,4,2,2021-12-10 09:01:28
1639126888855940000,29.35,4,29.2,2,29.35,4,1,2021-12-10 09:01:28
1639126889027496000,29.35,4,29.2,2,29.4,1,1,2021-12-10 09:01:29
1639126889027496000,29.4,1,29.2,2,29.4,1,1,2021-12-10 09:01:29
1639126889468430000,29.35,1,29.2,2,29.4,1,2,2021-12-10 09:01:29
1639126890653777000,29.35,1,29.25,2,29.35,10,1,2021-12-10 09:01:30
1639126890681726000,29.35,1,29.25,2,29.35,9,1,2021-12-10 09:01:30
1639126891951621000,29.3,1,29.3,1,29.35,10,2,2021-12-10 09:01:31
1639126894193962000,29.35,1,29.3,1,29.35,11,1,2021-12-10 09:01:34
1639126895330654000,29.35,1,29.3,5,29.35,13,1,2021-12-10 09:01:35
1639126897782561000,29.35,2,29.3,5,29.35,11,1,2021-12-10 09:01:37
1639126897917448000,29.3,3,29.3,7,29.35,11,2,2021-12-10 09:01:37
1639126898212557000,29.35,1,29.3,7,29.35,8,1,2021-12-10 09:01:38
1639126898946260000,29.35,5,29.3,7,29.35,3,1,2021-12-10 09:01:38
1639126898979091000,29.35,3,29.35,2,29.4,3,1,2021-12-10 09:01:38
1639126899011212000,29.35,2,29.3,6,29.4,3,2,2021-12-10 09:01:39
1639126899011212000,29.3,1,29.3,6,29.4,3,2,2021-12-10 09:01:39
1639126899277029000,29.4,2,29.3,6,29.4,1,1,2021-12-10 09:01:39
1639126899940761000,29.4,1,29.35,2,29.45,14,1,2021-12-10 09:01:39
1639126900237371000,29.4,1,29.35,2,29.45,5,1,2021-12-10 09:01:40
1639126900237371000,29.45,9,29.35,2,29.45,5,1,2021-12-10 09:01:40
1639126900473025000,29.35,2,29.3,8,29.45,5,2,2021-12-10 09:01:40
1639126900932820000,29.45,3,29.35,3,29.45,2,1,2021-12-10 09:01:40
1639126902055399000,29.35,1,29.35,2,29.45,2,2,2021-12-10 09:01:42
1639126903447906000,29.4,3,29.3,15,29.45,2,1,2021-12-10 09:01:43
1639126903447906000,29.35,3,29.3,15,29.45,2,2,2021-12-10 09:01:43
1639126903447906000,29.3,4,29.3,15,29.45,2,2,2021-12-10 09:01:43
1639126904603492000,29.3,1,29.3,14,29.45,7,2,2021-12-10 09:01:44
1639126906390725000,29.3,10,29.3,10,29.35,5,2,2021-12-10 09:01:46
1639126908832872000,29.35,1,29.3,14,29.35,11,1,2021-12-10 09:01:48
1639126909763354000,29.3,3,29.3,14,29.35,11,2,2021-12-10 09:01:49
1639126910632010000,29.35,1,29.3,16,29.35,10,1,2021-12-10 09:01:50
1639126911649668000,29.35,1,29.3,16,29.35,9,1,2021-12-10 09:01:51
1639126912013491000,29.35,4,29.3,18,29.35,5,1,2021-12-10 09:01:52
1639126912047907000,29.35,5,29.3,18,29.4,2,1,2021-12-10 09:01:52
1639126912120407000,29.3,5,29.3,13,29.4,2,2,2021-12-10 09:01:52
1639126912984234000,29.3,4,29.3,10,29.35,4,2,2021-12-10 09:01:52
1639126913788768000,29.3,2,29.3,8,29.35,4,2,2021-12-10 09:01:53
1639126915476690000,29.35,2,29.3,8,29.35,2,1,2021-12-10 09:01:55
1639126916481790000,29.35,1,29.3,8,29.35,1,1,2021-12-10 09:01:56
1639126920607624000,29.35,1,29.3,20,29.35,12,1,2021-12-10 09:02:00
1639126921217669000,29.3,3,29.3,18,29.35,12,2,2021-12-10 09:02:01
1639126921258039000,29.3,1,29.3,17,29.35,12,2,2021-12-10 09:02:01
1639126922156190000,29.35,1,29.3,17,29.35,11,1,2021-12-10 09:02:02
1639126922373298000,29.3,1,29.3,16,29.35,11,2,2021-12-10 09:02:02
1639126922411951000,29.3,1,29.3,15,29.35,11,2,2021-12-10 09:02:02
1639126923480541000,29.35,2,29.3,16,29.35,9,1,2021-12-10 09:02:03
1639126925013682000,29.35,5,29.3,19,29.35,12,1,2021-12-10 09:02:05
1639126925954983000,29.35,1,29.3,20,29.35,11,1,2021-12-10 09:02:05
1639126926589302000,29.3,2,29.3,18,29.35,11,2,2021-12-10 09:02:06
1639126927107610000,29.3,1,29.3,17,29.35,11,2,2021-12-10 09:02:07
1639126927146880000,29.3,1,29.3,16,29.35,11,2,2021-12-10 09:02:07
1639126930593820000,29.35,3,29.3,49,29.35,8,1,2021-12-10 09:02:10
1639126930625392000,29.35,6,29.3,49,29.35,2,1,2021-12-10 09:02:10
1639126932105908000,29.35,1,29.3,49,29.35,21,1,2021-12-10 09:02:12
1639126934063153000,29.35,1,29.3,52,29.35,20,1,2021-12-10 09:02:14
1639126935872862000,29.35,1,29.3,53,29.35,19,1,2021-12-10 09:02:15
1639126936185277000,29.35,3,29.3,54,29.35,16,1,2021-12-10 09:02:16
1639126936265268000,29.3,1,29.3,53,29.35,16,2,2021-12-10 09:02:16
1639126936927246000,29.35,1,29.3,53,29.35,15,1,2021-12-10 09:02:16
1639126937940690000,29.35,2,29.3,56,29.35,13,1,2021-12-10 09:02:17
1639126937977777000,29.35,3,29.3,56,29.35,10,1,2021-12-10 09:02:17
1639126938395118000,29.35,2,29.3,56,29.35,8,1,2021-12-10 09:02:18
1639126938438576000,29.35,4,29.3,56,29.35,4,1,2021-12-10 09:02:18
1639126938481401000,29.35,4,29.3,56,29.4,2,1,2021-12-10 09:02:18
1639126939369526000,29.4,2,29.3,56,29.45,6,1,2021-12-10 09:02:19
1639126940334627000,29.4,2,29.35,1,29.45,4,1,2021-12-10 09:02:20
1639126940334627000,29.45,2,29.35,1,29.45,4,1,2021-12-10 09:02:20
1639126940739599000,29.35,1,29.3,57,29.4,2,2,2021-12-10 09:02:20
1639126941701386000,29.35,1,29.3,49,29.4,2,2,2021-12-10 09:02:21
1639126941701386000,29.3,9,29.3,49,29.4,2,2,2021-12-10 09:02:21
1639126944154194000,29.3,6,29.3,43,29.35,3,2,2021-12-10 09:02:24
1639126945690027000,29.35,2,29.3,44,29.35,2,1,2021-12-10 09:02:25
1639126945969640000,29.35,2,29.35,8,29.4,2,1,2021-12-10 09:02:25
1639126946346008000,29.35,3,29.35,5,29.4,3,2,2021-12-10 09:02:26
1639126947831117000,29.35,10,29.3,44,29.4,24,2,2021-12-10 09:02:27
1639126949229515000,29.3,2,29.3,43,29.4,24,2,2021-12-10 09:02:29
1639126951378689000,29.35,1,29.3,43,29.35,2,1,2021-12-10 09:02:31
1639126951958938000,29.35,2,29.3,43,29.4,24,1,2021-12-10 09:02:31
1639126955458065000,29.35,1,29.35,2,29.4,24,1,2021-12-10 09:02:35
1639126955491157000,29.35,2,29.3,46,29.4,24,2,2021-12-10 09:02:35
1639126957289132000,29.35,3,29.3,39,29.4,24,2,2021-12-10 09:02:37
1639126957289132000,29.3,7,29.3,39,29.4,24,2,2021-12-10 09:02:37
1639126957946888000,29.35,1,29.35,2,29.4,24,1,2021-12-10 09:02:37
1639126958398547000,29.35,2,29.3,39,29.4,24,2,2021-12-10 09:02:38
1639126963325503000,29.35,1,29.35,1,29.4,24,2,2021-12-10 09:02:43
1639126964752942000,29.35,2,29.3,40,29.4,24,2,2021-12-10 09:02:44
1639126968443633000,29.4,2,29.3,41,29.4,22,1,2021-12-10 09:02:48
1639126970013946000,29.4,2,29.3,41,29.4,20,1,2021-12-10 09:02:50
1639126976298372000,29.35,3,29.3,41,29.4,24,2,2021-12-10 09:02:56
1639126979062419000,29.3,2,29.3,39,29.4,21,2,2021-12-10 09:02:59
1639126980182549000,29.35,1,29.3,39,29.35,13,1,2021-12-10 09:03:00
1639126980775048000,29.35,10,29.3,39,29.35,3,1,2021-12-10 09:03:00
1639126980934293000,29.3,21,29.3,18,29.35,3,2,2021-12-10 09:03:00
1639126980972401000,29.3,1,29.3,17,29.35,3,2,2021-12-10 09:03:00
1639126980973632000,29.3,1,29.3,16,29.35,3,2,2021-12-10 09:03:00
1639126980984613000,29.3,1,29.3,15,29.35,3,2,2021-12-10 09:03:00
1639126981610119000,29.3,10,29.3,5,29.35,19,2,2021-12-10 09:03:01
1639126981638097000,29.3,1,29.3,4,29.35,19,2,2021-12-10 09:03:01
1639126981663776000,29.3,4,29.25,20,29.35,19,2,2021-12-10 09:03:01
1639126982032017000,29.25,1,29.25,19,29.3,1,2,2021-12-10 09:03:02
1639126982039175000,29.25,1,29.25,18,29.3,1,2,2021-12-10 09:03:02
1639126982066091000,29.25,1,29.25,17,29.3,1,2,2021-12-10 09:03:02
1639126983358086000,29.3,2,29.3,3,29.35,17,1,2021-12-10 09:03:03
1639126983653489000,29.35,5,29.3,3,29.35,12,1,2021-12-10 09:03:03
1639126983786783000,29.3,1,29.3,2,29.35,12,2,2021-12-10 09:03:03
1639126983816791000,29.3,2,29.25,17,29.35,12,2,2021-12-10 09:03:03
1639126985989821000,29.3,1,29.25,17,29.35,18,2,2021-12-10 09:03:05
1639126986346152000,29.25,1,29.25,16,29.35,18,2,2021-12-10 09:03:06
1639126989346646000,29.25,5,29.25,11,29.3,8,2,2021-12-10 09:03:09
1639126989385987000,29.25,11,29.2,13,29.3,8,2,2021-12-10 09:03:09
1639126989450896000,29.3,1,29.2,13,29.3,7,1,2021-12-10 09:03:09
1639126989808953000,29.25,1,29.2,13,29.25,9,2,2021-12-10 09:03:09
1639126991207846000,29.25,1,29.2,13,29.25,10,1,2021-12-10 09:03:11
1639126991342630000,29.25,2,29.2,13,29.25,8,1,2021-12-10 09:03:11
1639126993976979000,29.25,0,0.0,0,0.0,0,1,2021-12-10 09:03:13
1639127114363389000,29.2,75,29.2,14,29.25,39,2,2021-12-10 09:05:14
1639127114391826000,29.2,3,29.2,11,29.25,39,2,2021-12-10 09:05:14
1639127114392542000,29.2,11,29.15,10,29.25,39,2,2021-12-10 09:05:14
1639127115087565000,29.15,4,29.15,6,29.25,53,2,2021-12-10 09:05:15
1639127115248814000,29.15,1,29.15,5,29.25,53,2,2021-12-10 09:05:15
1639127115278884000,29.25,5,29.15,5,29.25,48,1,2021-12-10 09:05:15
1639127115503099000,29.15,2,29.15,3,29.25,34,2,2021-12-10 09:05:15
1639127117677010000,29.15,2,29.15,1,29.2,1,2,2021-12-10 09:05:17
1639127120030651000,29.15,1,29.1,49,29.2,3,2,2021-12-10 09:05:20
1639127122545943000,29.1,5,29.1,44,29.15,5,2,2021-12-10 09:05:22
1639127123243406000,29.1,5,29.1,39,29.15,5,2,2021-12-10 09:05:23
1639127123374484000,29.1,2,29.1,37,29.15,5,2,2021-12-10 09:05:23
1639127124172624000,29.1,1,29.1,36,29.15,5,2,2021-12-10 09:05:24
1639127124364679000,29.15,5,29.1,36,29.2,14,1,2021-12-10 09:05:24
1639127125757631000,29.1,1,29.1,35,29.15,1,2,2021-12-10 09:05:25
1639127125802062000,29.1,1,29.1,34,29.15,1,2,2021-12-10 09:05:25
1639127125822872000,29.1,1,29.1,33,29.15,1,2,2021-12-10 09:05:25
1639127127167132000,29.1,5,29.1,28,29.15,12,2,2021-12-10 09:05:27
1639127127196563000,29.1,2,29.1,26,29.15,12,2,2021-12-10 09:05:27
1639127127225933000,29.1,1,29.1,25,29.15,12,2,2021-12-10 09:05:27
1639127127229821000,29.1,18,29.1,7,29.15,12,2,2021-12-10 09:05:27
1639127127264432000,29.1,1,29.1,6,29.15,12,2,2021-12-10 09:05:27
1639127127268979000,29.1,2,29.1,4,29.15,12,2,2021-12-10 09:05:27
1639127127289036000,29.1,1,29.1,2,29.15,12,2,2021-12-10 09:05:27
1639127127289111000,29.1,1,29.1,2,29.15,12,2,2021-12-10 09:05:27
1639127127291579000,29.1,1,29.1,1,29.15,12,2,2021-12-10 09:05:27
1639127127303866000,29.1,1,29.05,9,29.15,12,2,2021-12-10 09:05:27
1639127127367074000,29.05,9,28.95,6,29.15,12,2,2021-12-10 09:05:27
1639127127367074000,29.0,36,28.95,6,29.15,12,2,2021-12-10 09:05:27
1639127127367074000,28.95,5,28.95,6,29.15,12,2,2021-12-10 09:05:27
1639127127373980000,28.95,6,28.9,1,29.15,12,2,2021-12-10 09:05:27
1639127127373980000,28.9,4,28.9,1,29.15,12,2,2021-12-10 09:05:27
1639127127456808000,28.9,1,28.85,3,29.1,8,2,2021-12-10 09:05:27
1639127128536088000,28.95,1,28.85,3,29.05,2,1,2021-12-10 09:05:28
1639127131038850000,29.0,1,28.9,2,29.0,6,1,2021-12-10 09:05:31
1639127131235348000,28.9,2,28.85,3,29.0,6,2,2021-12-10 09:05:31
1639127131690077000,28.95,1,28.85,3,29.0,6,1,2021-12-10 09:05:31
1639127132919079000,28.85,3,28.4,6,28.95,2,2,2021-12-10 09:05:32
1639127132919079000,28.8,6,28.4,6,28.95,2,2,2021-12-10 09:05:32
1639127132919079000,28.75,1,28.4,6,28.95,2,2,2021-12-10 09:05:32
1639127132919079000,28.65,3,28.4,6,28.95,2,2,2021-12-10 09:05:32
1639127132919079000,28.6,2,28.4,6,28.95,2,2,2021-12-10 09:05:32
1639127132919079000,28.55,7,28.4,6,28.95,2,2,2021-12-10 09:05:32
1639127132919079000,28.5,24,28.4,6,28.95,2,2,2021-12-10 09:05:32
1639127132919079000,28.45,3,28.4,6,28.95,2,2,2021-12-10 09:05:32
1639127132919079000,28.4,1,28.4,6,28.95,2,2,2021-12-10 09:05:32
1639127135652882000,28.4,4,28.4,2,28.9,2,2,2021-12-10 09:05:35
1639127135755661000,28.9,1,28.4,2,28.9,4,1,2021-12-10 09:05:35
1639127136071503000,28.4,2,28.35,6,28.85,1,2,2021-12-10 09:05:36
1639127141468064000,28.8,2,28.4,4,28.8,7,1,2021-12-10 09:05:41
1639127142795508000,28.4,4,28.4,1,28.75,1,2,2021-12-10 09:05:42
1639127143344578000,28.65,3,28.45,23,28.7,5,1,2021-12-10 09:05:43
1639127144617013000,28.55,1,28.5,2,28.7,5,2,2021-12-10 09:05:44
1639127144617013000,28.5,1,28.5,2,28.7,5,2,2021-12-10 09:05:44
1639127144641066000,28.7,5,28.5,2,28.75,1,1,2021-12-10 09:05:44
1639127144801053000,28.7,1,28.5,2,28.8,5,1,2021-12-10 09:05:44
1639127144801053000,28.75,1,28.5,2,28.8,5,1,2021-12-10 09:05:44
1639127148335485000,28.75,1,28.7,5,28.8,4,1,2021-12-10 09:05:48
1639127148335485000,28.8,1,28.7,5,28.8,4,1,2021-12-10 09:05:48
1639127150513731000,28.8,4,28.7,5,28.85,1,1,2021-12-10 09:05:50
1639127150981154000,28.85,1,28.75,1,28.95,1,1,2021-12-10 09:05:50
1639127150981154000,28.9,1,28.75,1,28.95,1,1,2021-12-10 09:05:50
1639127153009326000,28.75,1,28.7,5,28.9,50,2,2021-12-10 09:05:53
1639127154983674000,28.8,1,28.7,5,28.8,1,1,2021-12-10 09:05:54
1639127155880899000,28.8,1,28.7,5,28.9,50,1,2021-12-10 09:05:55
1639127157799478000,28.8,1,28.75,2,28.8,2,1,2021-12-10 09:05:57
1639127157813926000,28.8,2,28.75,2,28.9,50,1,2021-12-10 09:05:57
1639127158146865000,28.75,1,28.75,1,28.85,1,2,2021-12-10 09:05:58
1639127158174673000,28.75,1,28.7,5,28.85,1,2,2021-12-10 09:05:58
1639127158910439000,28.8,1,28.7,5,28.85,1,1,2021-12-10 09:05:58
1639127159844806000,28.8,1,28.7,5,28.85,1,2,2021-12-10 09:05:59
1639127160433887000,28.8,1,28.7,5,28.85,1,1,2021-12-10 09:06:00
1639127161171630000,28.8,1,28.7,6,28.85,1,2,2021-12-10 09:06:01
1639127162898212000,28.8,1,28.75,1,28.8,3,1,2021-12-10 09:06:02
1639127162929943000,28.8,3,28.75,1,28.85,1,1,2021-12-10 09:06:02
1639127163209507000,28.8,1,28.75,6,28.85,1,1,2021-12-10 09:06:03
1639127163557172000,28.8,5,28.75,1,28.85,1,2,2021-12-10 09:06:03
1639127163557172000,28.75,5,28.75,1,28.85,1,2,2021-12-10 09:06:03
1639127163856926000,28.8,1,28.75,1,28.85,1,1,2021-12-10 09:06:03
1639127166510741000,28.75,1,28.7,19,28.8,1,2,2021-12-10 09:06:06
1639127170331159000,28.8,2,28.8,8,28.85,1,1,2021-12-10 09:06:10
1639127173133517000,28.8,9,28.75,10,28.8,1,2,2021-12-10 09:06:13
1639127173162146000,28.8,1,28.75,10,28.85,4,1,2021-12-10 09:06:13
1639127173163566000,28.75,1,28.75,9,28.85,4,2,2021-12-10 09:06:13
1639127174265468000,28.8,1,28.75,9,28.85,1,1,2021-12-10 09:06:14
1639127177023076000,28.8,1,28.75,12,28.85,1,2,2021-12-10 09:06:17
1639127178591611000,28.8,1,28.75,12,28.8,1,1,2021-12-10 09:06:18
1639127178622918000,28.8,1,28.75,12,28.85,1,1,2021-12-10 09:06:18
1639127178628055000,28.75,1,28.75,11,28.85,1,2,2021-12-10 09:06:18
1639127181279854000,28.8,1,28.75,7,28.85,1,1,2021-12-10 09:06:21
1639127181279854000,28.75,3,28.75,7,28.85,1,2,2021-12-10 09:06:21
1639127183190638000,28.8,5,28.75,9,28.85,2,1,2021-12-10 09:06:23
1639127183818207000,28.85,1,28.75,9,28.85,1,1,2021-12-10 09:06:23
1639127183852268000,28.85,1,28.75,9,28.9,50,1,2021-12-10 09:06:23
1639127185997535000,28.8,1,28.8,2,28.85,5,2,2021-12-10 09:06:25
1639127186163383000,28.8,1,28.8,1,28.85,5,2,2021-12-10 09:06:26
1639127186188703000,28.8,1,28.75,10,28.85,5,2,2021-12-10 09:06:26
1639127187397042000,28.75,1,28.75,9,28.85,5,2,2021-12-10 09:06:27
1639127189658694000,28.8,1,28.75,9,28.85,25,1,2021-12-10 09:06:29
1639127189998885000,28.8,1,28.75,10,28.85,25,2,2021-12-10 09:06:29
1639127192007184000,28.8,1,28.75,12,28.8,2,1,2021-12-10 09:06:32
1639127192415773000,28.8,2,28.75,12,28.85,25,1,2021-12-10 09:06:32
1639127193876390000,28.8,2,28.75,13,28.85,25,2,2021-12-10 09:06:33
1639127194609559000,28.8,1,28.75,13,28.85,25,2,2021-12-10 09:06:34
1639127195531853000,28.85,25,28.75,14,28.9,54,1,2021-12-10 09:06:35
1639127196726449000,28.8,1,28.75,14,28.9,54,2,2021-12-10 09:06:36
1639127197186607000,28.9,3,28.8,2,28.9,51,1,2021-12-10 09:06:37
1639127203005076000,28.9,1,28.85,2,28.9,50,1,2021-12-10 09:06:43
1639127205457308000,28.85,2,28.8,13,28.9,50,2,2021-12-10 09:06:45
1639127205457308000,28.8,8,28.8,13,28.9,50,2,2021-12-10 09:06:45
1639127205798489000,28.9,1,28.8,13,28.9,49,1,2021-12-10 09:06:45
1639127206556872000,28.9,2,28.85,3,28.9,55,1,2021-12-10 09:06:46
1639127206817502000,28.9,10,28.85,3,28.9,45,1,2021-12-10 09:06:46
1639127207324913000,28.85,3,28.8,12,28.9,45,2,2021-12-10 09:06:47
1639127207324913000,28.8,2,28.8,12,28.9,45,2,2021-12-10 09:06:47
1639127207763910000,28.9,3,28.8,12,28.9,34,1,2021-12-10 09:06:47
1639127211510076000,28.85,1,28.8,12,28.85,7,2,2021-12-10 09:06:51
1639127212681116000,28.85,2,28.8,12,28.85,5,1,2021-12-10 09:06:52
1639127213639268000,28.85,1,28.8,12,28.85,4,1,2021-12-10 09:06:53
1639127213677088000,28.85,2,28.8,12,28.85,2,1,2021-12-10 09:06:53
1639127214337188000,28.8,10,28.8,2,28.85,2,2,2021-12-10 09:06:54
1639127214390563000,28.85,2,28.8,2,28.9,34,1,2021-12-10 09:06:54
1639127214390563000,28.9,1,28.8,2,28.9,34,1,2021-12-10 09:06:54
1639127214852922000,28.9,10,28.85,1,28.9,34,1,2021-12-10 09:06:54
1639127218885518000,28.9,3,28.85,2,28.9,31,1,2021-12-10 09:06:58
1639127219251383000,28.9,2,28.85,2,28.9,29,1,2021-12-10 09:06:59
1639127219711638000,28.85,1,28.85,2,28.9,29,2,2021-12-10 09:06:59
1639127220590670000,28.9,3,28.85,2,28.9,26,1,2021-12-10 09:07:00
1639127220756997000,28.9,2,28.85,2,28.9,24,1,2021-12-10 09:07:00
1639127221930743000,28.9,1,28.85,2,28.9,23,1,2021-12-10 09:07:01
1639127223056183000,28.9,7,28.85,2,28.9,16,1,2021-12-10 09:07:03
1639127223090730000,28.9,10,28.85,2,28.9,6,1,2021-12-10 09:07:03
1639127223328006000,28.9,6,28.85,3,28.95,1,1,2021-12-10 09:07:03
1639127225920040000,28.95,1,28.85,5,29.05,6,1,2021-12-10 09:07:05
1639127226094581000,28.9,1,28.85,5,29.05,6,2,2021-12-10 09:07:06
1639127227038502000,29.0,1,28.85,5,29.05,5,1,2021-12-10 09:07:07
1639127227038502000,29.05,1,28.85,5,29.05,5,1,2021-12-10 09:07:07
1639127238443936000,29.0,1,28.95,6,29.0,5,2,2021-12-10 09:07:18
1639127238865916000,29.0,3,28.95,6,29.0,2,1,2021-12-10 09:07:18
1639127240820289000,29.0,3,28.95,6,29.0,4,1,2021-12-10 09:07:20
1639127241433960000,29.0,1,28.95,7,29.0,3,1,2021-12-10 09:07:21
1639127241589234000,29.0,3,28.95,7,29.05,9,1,2021-12-10 09:07:21
1639127242905967000,28.95,4,28.95,3,29.05,7,2,2021-12-10 09:07:22
1639127244938594000,29.0,1,28.95,3,29.05,7,1,2021-12-10 09:07:24
1639127248576035000,28.95,4,28.9,11,29.0,4,2,2021-12-10 09:07:28
1639127248576035000,28.9,6,28.9,11,29.0,4,2,2021-12-10 09:07:28
1639127251229725000,28.95,1,28.9,11,28.95,2,1,2021-12-10 09:07:31
1639127252181914000,28.95,1,28.9,11,28.95,3,1,2021-12-10 09:07:32
1639127252264090000,28.95,3,28.9,11,29.0,3,1,2021-12-10 09:07:32
1639127252264090000,29.0,2,28.9,11,29.0,3,1,2021-12-10 09:07:32
1639127256514830000,28.95,1,28.9,12,29.0,3,2,2021-12-10 09:07:36
1639127257081841000,29.0,1,28.9,12,29.05,7,1,2021-12-10 09:07:37
1639127262356053000,29.0,1,29.0,6,29.05,8,2,2021-12-10 09:07:42
1639127269171603000,29.05,5,29.0,10,29.05,27,1,2021-12-10 09:07:49
1639127269376199000,29.0,1,29.0,9,29.05,27,2,2021-12-10 09:07:49
1639127271318391000,29.0,2,29.0,9,29.05,27,2,2021-12-10 09:07:51
1639127272197264000,29.0,1,29.0,8,29.05,27,2,2021-12-10 09:07:52
1639127272424170000,29.0,2,29.0,6,29.05,27,2,2021-12-10 09:07:52
1639127273161684000,29.0,3,29.0,8,29.05,27,2,2021-12-10 09:07:53
1639127274274980000,29.0,1,29.0,7,29.05,27,2,2021-12-10 09:07:54
1639127274504391000,29.0,2,29.0,10,29.05,27,2,2021-12-10 09:07:54
1639127277288440000,29.05,3,29.0,11,29.05,24,1,2021-12-10 09:07:57
1639127279038528000,29.0,1,29.0,10,29.05,24,2,2021-12-10 09:07:59
1639127281251197000,29.0,1,29.0,9,29.05,25,2,2021-12-10 09:08:01
1639127281480990000,29.0,2,29.0,7,29.05,25,2,2021-12-10 09:08:01
1639127283595455000,29.05,1,29.0,8,29.05,24,1,2021-12-10 09:08:03
1639127285211450000,29.0,1,29.0,7,29.05,24,2,2021-12-10 09:08:05
1639127286284762000,29.0,8,28.95,20,29.0,2,2,2021-12-10 09:08:06
1639127291428872000,29.0,2,28.95,20,29.0,2,1,2021-12-10 09:08:11
1639127293985455000,29.0,1,28.95,20,29.0,1,1,2021-12-10 09:08:13
1639127294067252000,29.0,1,29.0,29,29.05,24,1,2021-12-10 09:08:14
1639127300188349000,29.05,1,29.0,29,29.05,24,1,2021-12-10 09:08:20
1639127302661160000,29.0,1,29.0,28,29.05,24,2,2021-12-10 09:08:22
1639127302891930000,29.0,2,29.0,26,29.05,24,2,2021-12-10 09:08:22
1639127303166058000,29.05,1,29.0,26,29.05,23,1,2021-12-10 09:08:23
1639127306682935000,29.05,20,29.0,26,29.05,3,1,2021-12-10 09:08:26
1639127306852796000,29.05,1,29.0,26,29.05,2,1,2021-12-10 09:08:26
1639127307279498000,29.05,2,29.05,1,29.1,18,1,2021-12-10 09:08:27
1639127309438164000,29.05,1,29.0,20,29.1,18,2,2021-12-10 09:08:29
1639127309438164000,29.0,6,29.0,20,29.1,18,2,2021-12-10 09:08:29
1639127309665224000,29.1,4,29.0,20,29.1,14,1,2021-12-10 09:08:29
1639127310717691000,29.1,1,29.0,21,29.1,13,1,2021-12-10 09:08:30
1639127313087077000,29.1,2,29.05,1,29.1,11,1,2021-12-10 09:08:33
1639127315827266000,29.1,11,29.05,3,29.15,3,1,2021-12-10 09:08:35
1639127322642419000,29.1,1,29.1,4,29.15,2,2,2021-12-10 09:08:42
1639127330211133000,29.1,3,29.1,11,29.15,3,2,2021-12-10 09:08:50
1639127330582009000,29.1,11,29.05,13,29.1,6,2,2021-12-10 09:08:50
1639127331110921000,29.1,2,29.05,13,29.1,4,1,2021-12-10 09:08:51
1639127333797475000,29.05,2,29.05,11,29.1,4,2,2021-12-10 09:08:53
1639127333901957000,29.05,10,29.05,1,29.1,4,2,2021-12-10 09:08:53
1639127333922736000,29.05,1,29.0,34,29.1,4,2,2021-12-10 09:08:53
1639127337094774000,29.0,2,29.0,32,29.1,8,2,2021-12-10 09:08:57
1639127339507692000,29.0,2,29.0,31,29.05,6,2,2021-12-10 09:08:59
1639127339535360000,29.0,28,29.0,3,29.05,6,2,2021-12-10 09:08:59
1639127339566356000,29.0,3,28.95,26,29.05,6,2,2021-12-10 09:08:59
1639127339571110000,29.0,1,29.0,1,29.05,6,1,2021-12-10 09:08:59
1639127339596273000,29.0,1,28.95,26,29.05,6,2,2021-12-10 09:08:59
1639127340283673000,29.05,2,28.95,26,29.1,5,1,2021-12-10 09:09:00
1639127341486917000,28.95,2,28.95,24,29.0,2,2,2021-12-10 09:09:01
1639127341518231000,28.95,1,28.95,23,29.0,2,2,2021-12-10 09:09:01
1639127342913638000,29.0,2,29.05,2,29.1,4,1,2021-12-10 09:09:02
1639127342913638000,29.05,1,29.05,2,29.1,4,1,2021-12-10 09:09:02
1639127343140879000,29.05,2,28.95,23,29.1,4,2,2021-12-10 09:09:03
1639127345282463000,29.0,2,28.95,21,29.05,4,2,2021-12-10 09:09:05
1639127345282463000,28.95,2,28.95,21,29.05,4,2,2021-12-10 09:09:05
1639127345939222000,29.0,1,29.0,1,29.1,4,1,2021-12-10 09:09:05
1639127346294095000,29.1,1,29.0,1,29.1,3,1,2021-12-10 09:09:06
1639127354109419000,29.0,1,28.95,21,29.05,1,2,2021-12-10 09:09:14
1639127355254455000,28.95,10,28.95,11,29.05,1,2,2021-12-10 09:09:15
1639127355287694000,28.95,11,28.9,13,29.05,1,2,2021-12-10 09:09:15
1639127356654688000,29.0,2,28.9,13,29.1,35,1,2021-12-10 09:09:16
1639127358077858000,29.0,1,29.0,1,29.05,2,1,2021-12-10 09:09:18
1639127358119507000,29.0,1,28.9,13,29.05,2,2,2021-12-10 09:09:18
1639127358853945000,28.9,10,28.9,3,29.05,3,2,2021-12-10 09:09:18
1639127358888258000,28.9,3,28.85,6,29.05,3,2,2021-12-10 09:09:18
1639127360057676000,29.0,2,28.85,6,29.05,2,1,2021-12-10 09:09:20
1639127360547979000,28.85,1,28.85,5,29.0,1,2,2021-12-10 09:09:20
1639127361741109000,28.85,1,28.85,4,28.9,1,2,2021-12-10 09:09:21
1639127361805689000,28.85,1,28.85,3,28.9,1,2,2021-12-10 09:09:21
1639127364257340000,28.85,2,28.85,1,28.9,2,2,2021-12-10 09:09:24
1639127364292223000,28.85,1,28.8,19,28.9,2,2,2021-12-10 09:09:24
1639127369280000000,28.9,2,28.8,19,28.95,2,1,2021-12-10 09:09:29
1639127369532085000,28.95,2,29.0,1,29.05,3,1,2021-12-10 09:09:29
1639127369532085000,29.0,2,29.0,1,29.05,3,1,2021-12-10 09:09:29
1639127369559213000,29.0,1,28.8,19,29.05,3,2,2021-12-10 09:09:29
1639127374310904000,28.9,1,28.85,5,28.9,2,2,2021-12-10 09:09:34
1639127376589418000,28.9,1,28.85,6,28.9,1,1,2021-12-10 09:09:36
1639127381604945000,28.9,1,28.85,6,28.9,2,1,2021-12-10 09:09:41
1639127387919998000,28.85,1,28.85,6,28.9,3,2,2021-12-10 09:09:47
1639127392758748000,28.9,1,28.85,6,28.9,4,1,2021-12-10 09:09:52
1639127402580969000,28.9,1,28.85,13,28.9,4,1,2021-12-10 09:10:02
1639127404592367000,28.9,2,28.85,13,28.9,2,1,2021-12-10 09:10:04
1639127404615344000,28.9,1,28.85,13,28.9,1,1,2021-12-10 09:10:04
1639127409499619000,28.9,1,28.85,15,28.9,13,1,2021-12-10 09:10:09
1639127410028768000,28.9,5,28.85,15,28.9,8,1,2021-12-10 09:10:10
1639127410658822000,28.85,10,28.85,5,28.9,8,2,2021-12-10 09:10:10
1639127411900699000,28.85,1,28.85,4,28.9,3,2,2021-12-10 09:10:11
1639127414166640000,28.9,1,28.85,4,28.9,2,1,2021-12-10 09:10:14
1639127417412594000,28.85,1,28.85,4,28.9,3,2,2021-12-10 09:10:17
1639127418551163000,28.85,4,28.8,16,28.9,3,2,2021-12-10 09:10:18
1639127418551163000,28.8,6,28.8,16,28.9,3,2,2021-12-10 09:10:18
1639127418788061000,28.8,2,28.8,14,28.85,1,2,2021-12-10 09:10:18
1639127423424914000,28.85,1,28.8,14,28.85,2,1,2021-12-10 09:10:23
1639127426438672000,28.8,2,28.8,12,28.85,3,2,2021-12-10 09:10:26
1639127426680184000,28.8,2,28.8,10,28.85,3,2,2021-12-10 09:10:26
1639127429292520000,28.85,1,28.8,10,28.85,7,1,2021-12-10 09:10:29
1639127430789792000,28.8,1,28.8,9,28.85,7,2,2021-12-10 09:10:30
1639127433903738000,28.8,1,28.8,8,28.85,7,2,2021-12-10 09:10:33
1639127438532832000,28.8,5,28.8,3,28.85,7,2,2021-12-10 09:10:38
1639127438567312000,28.8,3,28.75,15,28.85,7,2,2021-12-10 09:10:38
1639127439162854000,28.75,10,28.75,5,28.85,10,2,2021-12-10 09:10:39
1639127439196571000,28.75,5,28.7,11,28.85,10,2,2021-12-10 09:10:39
1639127439455586000,28.8,2,28.7,11,28.85,4,1,2021-12-10 09:10:39
1639127439455586000,28.85,3,28.7,11,28.85,4,1,2021-12-10 09:10:39
1639127445095441000,28.8,2,28.8,1,28.85,8,2,2021-12-10 09:10:45
1639127445132286000,28.8,1,28.7,11,28.85,8,2,2021-12-10 09:10:45
1639127446418746000,28.8,1,28.7,11,28.85,8,1,2021-12-10 09:10:46
1639127451556488000,28.8,1,28.8,1,28.85,4,1,2021-12-10 09:10:51
1639127456474266000,28.8,1,28.75,1,28.8,1,2,2021-12-10 09:10:56
1639127466478522000,28.8,5,28.75,1,28.8,2,1,2021-12-10 09:11:06
1639127466506721000,28.8,2,28.75,1,28.85,5,1,2021-12-10 09:11:06
1639127468614257000,28.75,1,28.7,21,28.85,4,2,2021-12-10 09:11:08
1639127476881491000,28.8,1,28.8,2,28.85,8,1,2021-12-10 09:11:16
1639127480828737000,28.8,1,28.8,6,28.85,9,2,2021-12-10 09:11:20
1639127481484924000,28.8,5,28.8,1,28.85,5,2,2021-12-10 09:11:21
1639127481525054000,28.8,1,28.75,3,28.85,5,2,2021-12-10 09:11:21
1639127487336126000,28.8,1,28.8,7,28.85,6,2,2021-12-10 09:11:27
1639127487625748000,28.8,1,28.8,6,28.85,6,2,2021-12-10 09:11:27
1639127487701791000,28.8,6,28.7,23,28.85,6,2,2021-12-10 09:11:27
1639127487701791000,28.75,3,28.7,23,28.85,6,2,2021-12-10 09:11:27
1639127487701791000,28.7,11,28.7,23,28.85,6,2,2021-12-10 09:11:27
1639127491844368000,28.8,4,28.8,1,28.85,7,1,2021-12-10 09:11:31
1639127492164471000,28.8,1,28.75,11,28.85,7,2,2021-12-10 09:11:32
1639127495113843000,28.8,1,28.8,9,28.85,7,1,2021-12-10 09:11:35
1639127498486224000,28.8,1,28.8,8,28.85,10,2,2021-12-10 09:11:38
1639127499086969000,28.8,2,28.8,6,28.85,8,2,2021-12-10 09:11:39
1639127502506486000,28.8,5,28.8,3,28.85,5,2,2021-12-10 09:11:42
1639127502538789000,28.8,3,28.75,11,28.85,5,2,2021-12-10 09:11:42
1639127511024943000,28.8,1,28.75,11,28.8,3,1,2021-12-10 09:11:51
1639127511054806000,28.8,3,28.75,11,28.85,5,1,2021-12-10 09:11:51
1639127511647648000,28.85,1,28.75,11,28.85,4,1,2021-12-10 09:11:51
1639127516444538000,28.8,2,28.75,11,28.8,2,2,2021-12-10 09:11:56
1639127516478163000,28.8,2,28.75,16,28.85,4,1,2021-12-10 09:11:56
1639127518545616000,28.85,1,28.8,2,28.85,3,1,2021-12-10 09:11:58
1639127521768770000,28.8,2,28.75,19,28.8,3,2,2021-12-10 09:12:01
1639127523288916000,28.8,1,28.75,20,28.8,2,1,2021-12-10 09:12:03
1639127523315092000,28.8,2,28.75,20,28.85,3,1,2021-12-10 09:12:03
1639127531588165000,28.85,3,28.8,16,28.95,5,1,2021-12-10 09:12:11
1639127542873302000,28.9,2,28.8,18,28.9,3,1,2021-12-10 09:12:22
1639127544164998000,28.9,3,28.9,2,28.95,5,1,2021-12-10 09:12:24
1639127548160210000,28.95,1,28.9,2,28.95,3,1,2021-12-10 09:12:28
1639127552220174000,28.95,1,28.9,2,28.95,2,1,2021-12-10 09:12:32
1639127554653385000,28.95,2,28.9,2,29.0,11,1,2021-12-10 09:12:34
1639127554653385000,29.0,8,28.9,2,29.0,11,1,2021-12-10 09:12:34
1639127556864855000,29.0,1,28.95,4,29.0,10,1,2021-12-10 09:12:36
1639127560754926000,29.0,3,28.95,6,29.0,7,1,2021-12-10 09:12:40
1639127560967201000,29.0,2,28.95,6,29.0,5,1,2021-12-10 09:12:40
1639127561874719000,29.0,1,28.95,6,29.0,4,1,2021-12-10 09:12:41
1639127564782123000,29.0,2,28.95,6,29.0,2,1,2021-12-10 09:12:44
1639127565923692000,29.0,2,28.95,6,29.05,23,1,2021-12-10 09:12:45
1639127568441521000,29.0,1,29.0,1,29.05,23,1,2021-12-10 09:12:48
1639127568717151000,29.0,1,28.95,6,29.0,2,2,2021-12-10 09:12:48
1639127569786153000,29.0,1,28.95,6,29.0,1,1,2021-12-10 09:12:49
1639127570049282000,29.0,1,29.0,1,29.05,23,1,2021-12-10 09:12:50
1639127573155959000,29.0,1,29.0,2,29.05,23,2,2021-12-10 09:12:53
1639127579189772000,29.0,2,28.95,7,29.0,8,2,2021-12-10 09:12:59
1639127582384491000,28.95,1,28.95,6,29.0,9,2,2021-12-10 09:13:02
1639127582616198000,28.95,6,28.9,2,29.0,9,2,2021-12-10 09:13:02
1639127586108403000,28.9,1,28.9,1,29.0,10,2,2021-12-10 09:13:06
1639127590631814000,29.0,10,28.9,1,29.05,23,1,2021-12-10 09:13:10
1639127593809340000,28.9,1,28.8,17,29.05,23,2,2021-12-10 09:13:13
1639127597076714000,29.0,10,28.8,8,29.05,23,1,2021-12-10 09:13:17
1639127608326605000,29.0,1,28.85,3,29.05,23,1,2021-12-10 09:13:28
1639127624703182000,28.9,2,28.9,2,28.95,3,2,2021-12-10 09:13:44
1639127630032947000,28.9,2,28.85,14,28.95,4,2,2021-12-10 09:13:50
1639127635122961000,28.9,2,28.85,13,28.9,3,2,2021-12-10 09:13:55
1639127640537125000,28.85,1,28.85,12,28.9,3,2,2021-12-10 09:14:00
1639127643614502000,28.85,1,28.85,11,28.9,6,2,2021-12-10 09:14:03
1639127655438417000,28.9,6,28.85,11,28.9,3,1,2021-12-10 09:14:15
1639127657542987000,28.85,2,28.85,9,28.9,3,2,2021-12-10 09:14:17
1639127662739993000,28.9,3,28.85,9,28.95,2,1,2021-12-10 09:14:22
1639127672482991000,28.85,5,28.85,4,28.9,3,2,2021-12-10 09:14:32
1639127685811365000,28.85,4,28.8,19,28.85,1,2,2021-12-10 09:14:45
1639127688930530000,28.85,1,28.85,4,28.95,4,1,2021-12-10 09:14:48
1639127716211353000,28.85,1,28.85,14,28.9,4,2,2021-12-10 09:15:16
1639127731638836000,28.85,4,28.85,8,28.9,6,2,2021-12-10 09:15:31
1639127759910168000,28.85,1,28.85,23,28.9,6,2,2021-12-10 09:15:59
1639127768259749000,28.85,3,28.85,20,28.9,6,2,2021-12-10 09:16:08
1639127773071652000,28.9,1,28.85,21,28.9,5,1,2021-12-10 09:16:13
1639127776442371000,28.9,1,28.85,21,28.9,4,1,2021-12-10 09:16:16
1639127777348628000,28.9,4,28.9,1,28.95,4,1,2021-12-10 09:16:17
1639127780968706000,28.9,1,28.9,3,28.95,4,2,2021-12-10 09:16:20
1639127819819581000,28.95,1,28.9,9,28.95,2,1,2021-12-10 09:16:59
1639127819981467000,28.9,9,28.85,20,28.9,1,2,2021-12-10 09:16:59
1639127828433216000,28.9,2,28.85,21,28.95,2,1,2021-12-10 09:17:08
1639127833545440000,28.85,5,28.85,16,28.95,2,2,2021-12-10 09:17:13
1639127845943603000,28.85,5,28.85,10,28.95,2,2,2021-12-10 09:17:25
1639127846068360000,28.85,3,28.85,7,28.95,2,2,2021-12-10 09:17:26
1639127853411218000,28.9,1,28.85,7,28.9,3,1,2021-12-10 09:17:33
1639127857535225000,28.9,1,28.85,7,28.9,2,1,2021-12-10 09:17:37
1639127866233482000,28.9,1,28.85,14,28.9,1,1,2021-12-10 09:17:46
1639127866258583000,28.9,1,28.85,14,28.95,2,1,2021-12-10 09:17:46
1639127874995847000,28.85,2,28.85,13,28.95,2,2,2021-12-10 09:17:54
1639127883408061000,28.9,1,28.9,2,28.95,2,1,2021-12-10 09:18:03
1639127904458278000,28.9,1,28.9,7,28.95,2,2,2021-12-10 09:18:24
1639127905697953000,28.9,1,28.9,6,28.95,2,2,2021-12-10 09:18:25
1639127906521343000,28.9,1,28.9,5,28.95,2,2,2021-12-10 09:18:26
1639127907296674000,28.9,1,28.9,6,28.95,2,2,2021-12-10 09:18:27
1639127908292476000,28.9,1,28.9,5,28.95,2,2,2021-12-10 09:18:28
1639127909121147000,28.9,1,28.9,4,28.95,2,2,2021-12-10 09:18:29
1639127909929839000,28.9,1,28.9,3,28.95,2,2,2021-12-10 09:18:29
1639127914477708000,28.9,1,28.9,2,28.95,2,2,2021-12-10 09:18:34
1639127939757567000,28.95,1,28.9,8,28.95,2,1,2021-12-10 09:18:59
1639127941939715000,28.95,2,28.9,11,29.0,18,1,2021-12-10 09:19:01
1639127946719463000,29.0,1,28.95,1,29.0,17,1,2021-12-10 09:19:06
1639127947020965000,29.0,17,28.95,1,29.05,1,1,2021-12-10 09:19:07
1639127954208128000,29.05,1,28.95,1,29.1,27,1,2021-12-10 09:19:14
1639127960841162000,29.05,1,28.95,3,29.1,26,1,2021-12-10 09:19:20
1639127960841162000,29.1,1,28.95,3,29.1,26,1,2021-12-10 09:19:20
1639127960955630000,29.1,1,28.95,3,29.1,25,1,2021-12-10 09:19:20
1639127960988069000,29.1,12,28.95,3,29.1,13,1,2021-12-10 09:19:20
1639127961020665000,29.1,3,28.95,3,29.1,10,1,2021-12-10 09:19:21
1639127961045644000,29.1,10,28.95,3,29.2,25,1,2021-12-10 09:19:21
1639127965153097000,29.2,20,29.15,2,29.2,5,1,2021-12-10 09:19:25
1639127965186623000,29.2,5,29.15,2,29.25,8,1,2021-12-10 09:19:25
1639127965915673000,29.2,1,29.2,1,29.25,8,1,2021-12-10 09:19:25
1639127968532254000,29.25,1,29.2,3,29.25,7,1,2021-12-10 09:19:28
1639127968652704000,29.25,4,29.2,3,29.25,3,1,2021-12-10 09:19:28
1639127968686873000,29.25,3,29.2,3,29.3,3,1,2021-12-10 09:19:28
1639127969912892000,29.2,3,29.15,3,29.3,3,2,2021-12-10 09:19:29
1639127973874329000,29.25,1,29.25,30,29.3,3,1,2021-12-10 09:19:33
1639127975247878000,29.3,3,29.3,2,29.4,9,1,2021-12-10 09:19:35
1639127976062843000,29.4,9,29.35,3,29.45,8,1,2021-12-10 09:19:36
1639127976062843000,29.45,1,29.35,3,29.45,8,1,2021-12-10 09:19:36
1639127976200269000,29.45,4,29.35,3,29.45,4,1,2021-12-10 09:19:36
1639127976241285000,29.45,4,29.35,3,29.5,2,1,2021-12-10 09:19:36
1639127976257345000,29.5,2,29.35,3,29.6,3,1,2021-12-10 09:19:36
1639127976257345000,29.55,3,29.35,3,29.6,3,1,2021-12-10 09:19:36
1639127976257345000,29.6,1,29.35,3,29.6,3,1,2021-12-10 09:19:36
1639127976486353000,29.6,1,29.4,1,29.6,2,1,2021-12-10 09:19:36
1639127976490396000,29.6,1,29.4,1,29.6,1,1,2021-12-10 09:19:36
1639127976526825000,29.6,1,29.4,1,29.65,3,1,2021-12-10 09:19:36
1639127980009259000,29.65,1,29.35,3,29.65,3,1,2021-12-10 09:19:40
1639127982072077000,29.65,3,29.4,1,29.7,5,1,2021-12-10 09:19:42
1639127982072077000,29.7,2,29.4,1,29.7,5,1,2021-12-10 09:19:42
1639127982556566000,29.6,1,29.4,5,29.6,1,2,2021-12-10 09:19:42
1639127985995434000,29.6,1,29.4,2,29.6,2,1,2021-12-10 09:19:45
1639127986058905000,29.45,1,29.4,2,29.6,2,2,2021-12-10 09:19:46
1639127986913810000,29.55,1,29.4,2,29.6,2,1,2021-12-10 09:19:46
1639127988251440000,29.6,2,29.45,1,29.6,1,1,2021-12-10 09:19:48
1639127989837476000,29.55,3,29.6,1,29.7,6,2,2021-12-10 09:19:49
1639127989837476000,29.6,1,29.6,1,29.7,6,1,2021-12-10 09:19:49
1639127989872241000,29.6,1,29.45,1,29.7,6,2,2021-12-10 09:19:49
1639127991523422000,29.65,1,29.65,1,29.7,6,1,2021-12-10 09:19:51
1639127991648142000,29.65,1,29.55,1,29.6,2,2,2021-12-10 09:19:51
1639127992809218000,29.55,6,29.45,1,29.55,2,2,2021-12-10 09:19:52
1639127993180154000,29.55,2,29.45,1,29.6,2,1,2021-12-10 09:19:53
1639127995006164000,29.55,3,29.45,1,29.55,5,2,2021-12-10 09:19:55
1639127996643497000,29.5,1,29.45,1,29.55,7,2,2021-12-10 09:19:56
1639127996817763000,29.55,2,29.45,1,29.55,5,1,2021-12-10 09:19:56
1639127998180397000,29.45,1,29.4,4,29.5,2,2,2021-12-10 09:19:58
1639127998575824000,29.5,2,29.4,4,29.55,15,1,2021-12-10 09:19:58
1639128000635277000,29.4,4,29.3,10,29.5,2,2,2021-12-10 09:20:00
1639128000635277000,29.35,3,29.3,10,29.5,2,2,2021-12-10 09:20:00
1639128000635277000,29.3,3,29.3,10,29.5,2,2,2021-12-10 09:20:00
1639128002403326000,29.4,1,29.4,1,29.45,2,1,2021-12-10 09:20:02
1639128002433818000,29.4,1,29.3,10,29.45,2,2,2021-12-10 09:20:02
1639128003771412000,29.3,1,29.3,9,29.45,2,2,2021-12-10 09:20:03
1639128003802457000,29.3,9,29.2,2,29.45,2,2,2021-12-10 09:20:03
1639128005392111000,29.4,3,29.2,2,29.6,24,1,2021-12-10 09:20:05
1639128005392111000,29.45,1,29.2,2,29.6,24,1,2021-12-10 09:20:05
1639128005392111000,29.5,5,29.2,2,29.6,24,1,2021-12-10 09:20:05
1639128005392111000,29.55,27,29.2,2,29.6,24,1,2021-12-10 09:20:05
1639128005392111000,29.6,14,29.2,2,29.6,24,1,2021-12-10 09:20:05
1639128007369623000,29.4,1,29.15,1,29.45,1,2,2021-12-10 09:20:07
1639128007369623000,29.25,4,29.15,1,29.45,1,2,2021-12-10 09:20:07
1639128007369623000,29.2,2,29.15,1,29.45,1,2,2021-12-10 09:20:07
1639128007369623000,29.15,1,29.15,1,29.45,1,2,2021-12-10 09:20:07
1639128008480269000,29.45,1,29.15,1,29.45,2,1,2021-12-10 09:20:08
1639128011420680000,29.25,2,29.1,1,29.4,33,2,2021-12-10 09:20:11
1639128021319593000,29.2,1,29.15,2,29.2,3,2,2021-12-10 09:20:21
1639128021385993000,29.15,2,29.05,1,29.2,3,2,2021-12-10 09:20:21
1639128023382842000,29.05,2,29.0,4,29.1,33,2,2021-12-10 09:20:23
1639128023466741000,29.0,2,29.0,2,29.1,33,2,2021-12-10 09:20:23
1639128026315011000,29.0,2,29.0,1,29.05,8,2,2021-12-10 09:20:26
1639128027160072000,29.0,1,28.95,3,29.0,3,2,2021-12-10 09:20:27
1639128028804615000,29.0,2,28.95,1,29.0,2,1,2021-12-10 09:20:28
1639128028835218000,29.0,2,28.95,1,29.05,8,1,2021-12-10 09:20:28
1639128035464802000,29.05,1,29.0,9,29.1,1,1,2021-12-10 09:20:35
1639128038375936000,29.1,1,29.1,9,29.15,1,1,2021-12-10 09:20:38
1639128040946049000,29.15,1,29.1,10,29.3,1,1,2021-12-10 09:20:40
1639128047169909000,29.25,1,29.15,2,29.25,4,1,2021-12-10 09:20:47
1639128052136955000,29.25,4,29.25,1,29.3,1,1,2021-12-10 09:20:52
1639128052179199000,29.25,1,29.2,1,29.3,1,2,2021-12-10 09:20:52
1639128052268362000,29.2,1,29.15,2,29.25,1,2,2021-12-10 09:20:52
1639128053052069000,29.25,1,29.2,1,29.3,1,1,2021-12-10 09:20:53
1639128058059488000,29.25,1,29.25,1,29.3,1,1,2021-12-10 09:20:58
1639128058086358000,29.25,1,29.2,2,29.3,1,2,2021-12-10 09:20:58
1639128069281654000,29.25,4,29.25,9,29.3,5,2,2021-12-10 09:21:09
1639128069316474000,29.25,7,29.25,2,29.3,5,2,2021-12-10 09:21:09
1639128069347479000,29.25,2,29.2,7,29.3,5,2,2021-12-10 09:21:09
1639128070873499000,29.2,2,29.2,5,29.25,1,2,2021-12-10 09:21:10
1639128073420007000,29.2,2,29.2,3,29.25,1,2,2021-12-10 09:21:13
1639128073654408000,29.2,2,29.2,1,29.25,1,2,2021-12-10 09:21:13
1639128076244279000,29.2,1,29.15,8,29.25,1,2,2021-12-10 09:21:16
1639128079424280000,29.2,5,29.15,8,29.2,1,1,2021-12-10 09:21:19
1639128079464981000,29.2,1,29.15,8,29.25,2,1,2021-12-10 09:21:19
1639128079884091000,29.25,2,29.15,8,29.3,1,1,2021-12-10 09:21:19
1639128082128819000,29.2,1,29.15,8,29.2,1,2,2021-12-10 09:21:22
1639128084652899000,29.2,2,29.15,8,29.4,3,1,2021-12-10 09:21:24
1639128084652899000,29.3,3,29.15,8,29.4,3,1,2021-12-10 09:21:24
1639128085837452000,29.35,2,29.15,11,29.4,3,1,2021-12-10 09:21:25
1639128098300191000,29.35,1,29.2,5,29.35,3,1,2021-12-10 09:21:38
1639128100376941000,29.25,1,29.2,5,29.35,3,2,2021-12-10 09:21:40
1639128117059792000,29.25,1,29.25,2,29.3,3,2,2021-12-10 09:21:57
1639128123950927000,29.3,2,29.25,2,29.3,1,1,2021-12-10 09:22:03
1639128127509133000,29.3,1,29.25,2,29.4,4,1,2021-12-10 09:22:07
1639128133122819000,29.3,2,29.3,2,29.4,8,2,2021-12-10 09:22:13
1639128133148368000,29.3,1,29.3,1,29.4,8,2,2021-12-10 09:22:13
1639128134658357000,29.3,1,29.25,3,29.4,8,2,2021-12-10 09:22:14
1639128146317727000,29.35,2,29.3,10,29.4,7,1,2021-12-10 09:22:26
1639128146349552000,29.3,1,29.3,9,29.4,7,2,2021-12-10 09:22:26
1639128148168792000,29.3,1,29.3,8,29.4,7,2,2021-12-10 09:22:28
1639128148444364000,29.3,1,29.3,7,29.4,7,2,2021-12-10 09:22:28
1639128150003644000,29.3,1,29.3,6,29.4,7,2,2021-12-10 09:22:30
1639128150988213000,29.35,1,29.3,6,29.4,7,1,2021-12-10 09:22:30
1639128151306071000,29.3,1,29.3,5,29.4,7,2,2021-12-10 09:22:31
1639128153228362000,29.3,2,29.3,3,29.35,3,2,2021-12-10 09:22:33
1639128159230372000,29.3,4,29.2,10,29.35,3,2,2021-12-10 09:22:39
1639128159230372000,29.25,3,29.2,10,29.35,3,2,2021-12-10 09:22:39
1639128159230372000,29.2,3,29.2,10,29.35,3,2,2021-12-10 09:22:39
1639128167188549000,29.2,10,29.2,2,29.3,4,2,2021-12-10 09:22:47
1639128170584910000,29.2,1,29.2,6,29.25,2,2,2021-12-10 09:22:50
1639128174203188000,29.2,2,29.2,4,29.25,2,2,2021-12-10 09:22:54
1639128178520653000,29.25,1,29.2,14,29.25,2,1,2021-12-10 09:22:58
1639128185269372000,29.25,2,29.2,18,29.3,2,1,2021-12-10 09:23:05
1639128189963791000,29.25,1,29.25,1,29.3,2,2,2021-12-10 09:23:09
1639128190522910000,29.25,1,29.2,23,29.25,1,2,2021-12-10 09:23:10
1639128192023002000,29.25,1,29.2,23,29.3,3,1,2021-12-10 09:23:12
1639128194565100000,29.25,2,29.2,23,29.25,1,1,2021-12-10 09:23:14
1639128195181205000,29.25,1,29.2,23,29.3,2,1,2021-12-10 09:23:15
1639128198119067000,29.25,3,29.2,18,29.3,2,2,2021-12-10 09:23:18
1639128198119067000,29.2,5,29.2,18,29.3,2,2,2021-12-10 09:23:18
1639128208420776000,29.3,1,29.25,1,29.3,1,1,2021-12-10 09:23:28
1639128209762782000,29.25,1,29.2,18,29.3,1,2,2021-12-10 09:23:29
1639128216517977000,29.25,1,29.2,18,29.3,2,2,2021-12-10 09:23:36
1639128219948412000,29.25,3,29.2,23,29.25,7,2,2021-12-10 09:23:39
1639128220035310000,29.25,1,29.2,23,29.25,6,1,2021-12-10 09:23:40
1639128228974765000,29.25,6,29.2,23,29.3,2,1,2021-12-10 09:23:48
1639128234179640000,29.3,1,29.2,23,29.3,2,1,2021-12-10 09:23:54
1639128243690914000,29.25,1,29.2,23,29.3,2,2,2021-12-10 09:24:03
1639128243861113000,29.3,1,29.2,23,29.3,1,1,2021-12-10 09:24:03
1639128246939924000,29.3,1,29.2,23,29.4,18,1,2021-12-10 09:24:06
1639128247864620000,29.4,1,29.2,23,29.4,19,1,2021-12-10 09:24:07
1639128254117295000,29.4,1,29.3,2,29.4,17,1,2021-12-10 09:24:14
1639128257657831000,29.4,1,29.3,2,29.4,16,1,2021-12-10 09:24:17
1639128264384063000,29.35,2,29.2,23,29.3,1,2,2021-12-10 09:24:24
1639128264384063000,29.3,2,29.2,23,29.3,1,2,2021-12-10 09:24:24
1639128268815953000,29.3,1,29.2,25,29.4,5,1,2021-12-10 09:24:28
1639128272212112000,29.3,1,29.3,3,29.35,10,2,2021-12-10 09:24:32
1639128272240202000,29.3,1,29.3,2,29.35,10,2,2021-12-10 09:24:32
1639128272264386000,29.3,2,29.25,1,29.35,10,2,2021-12-10 09:24:32
1639128276842878000,29.25,2,29.2,25,29.35,10,2,2021-12-10 09:24:36
1639128286998721000,29.3,1,29.2,25,29.35,10,1,2021-12-10 09:24:46
1639128291828576000,29.35,1,29.2,23,29.35,9,1,2021-12-10 09:24:51
1639128302213465000,29.3,1,29.2,23,29.3,2,2,2021-12-10 09:25:02
1639128316150811000,29.25,1,29.3,1,29.35,10,2,2021-12-10 09:25:16
1639128316150811000,29.3,3,29.3,1,29.35,10,1,2021-12-10 09:25:16
1639128316180126000,29.3,1,29.2,23,29.35,10,2,2021-12-10 09:25:16
1639128317398447000,29.3,3,29.2,23,29.3,1,1,2021-12-10 09:25:17
1639128318093954000,29.2,10,29.2,13,29.35,10,2,2021-12-10 09:25:18
1639128339903710000,29.25,1,29.2,13,29.25,1,1,2021-12-10 09:25:39
1639128354687463000,29.25,2,29.2,14,29.3,2,1,2021-12-10 09:25:54
1639128368531283000,29.25,1,29.2,9,29.25,1,2,2021-12-10 09:26:08
1639128383798006000,29.2,1,29.2,3,29.25,1,2,2021-12-10 09:26:23
1639128387015162000,29.2,3,29.15,10,29.25,1,2,2021-12-10 09:26:27
1639128391344524000,29.2,2,29.2,3,29.25,2,2,2021-12-10 09:26:31
1639128391466710000,29.2,2,29.2,1,29.25,2,2,2021-12-10 09:26:31
1639128391497291000,29.2,1,29.15,5,29.25,2,2,2021-12-10 09:26:31
1639128392331776000,29.15,2,29.15,3,29.25,2,2,2021-12-10 09:26:32
1639128394971490000,29.2,1,29.15,3,29.25,2,1,2021-12-10 09:26:34
1639128403341490000,29.2,5,29.1,12,29.25,2,2,2021-12-10 09:26:43
1639128403341490000,29.15,3,29.1,12,29.25,2,2,2021-12-10 09:26:43
1639128403341490000,29.1,2,29.1,12,29.25,2,2,2021-12-10 09:26:43
1639128404772676000,29.1,12,29.05,10,29.1,7,2,2021-12-10 09:26:44
1639128404801613000,29.1,7,29.05,10,29.25,2,1,2021-12-10 09:26:44
1639128430617941000,29.1,1,29.1,2,29.2,3,2,2021-12-10 09:27:10
1639128462839238000,29.1,1,29.1,6,29.25,4,2,2021-12-10 09:27:42
1639128491765064000,29.1,2,29.1,5,29.2,5,2,2021-12-10 09:28:11
1639128512187558000,29.15,1,29.15,3,29.2,5,1,2021-12-10 09:28:32
1639128517515542000,29.15,1,29.15,2,29.2,5,2,2021-12-10 09:28:37
1639128520393958000,29.2,3,29.15,2,29.2,2,1,2021-12-10 09:28:40
1639128524992109000,29.2,1,29.15,2,29.2,1,1,2021-12-10 09:28:44
1639128544695172000,29.2,1,29.15,7,29.2,1,1,2021-12-10 09:29:04
1639128548495870000,29.2,1,29.15,7,29.25,1,1,2021-12-10 09:29:08
1639128553422012000,29.25,1,29.15,7,29.3,2,1,2021-12-10 09:29:13
1639128553422012000,29.3,4,29.15,7,29.3,2,1,2021-12-10 09:29:13
1639128570417137000,29.2,1,29.15,7,29.3,3,2,2021-12-10 09:29:30
1639128585194518000,29.25,1,29.2,3,29.25,1,1,2021-12-10 09:29:45
1639128603824899000,29.25,1,29.2,6,29.3,5,1,2021-12-10 09:30:03
1639128612582920000,29.3,1,29.25,6,29.3,4,1,2021-12-10 09:30:12
1639128613354165000,29.25,1,29.25,5,29.3,4,2,2021-12-10 09:30:13
1639128621427924000,29.3,4,29.3,7,29.35,10,1,2021-12-10 09:30:21
1639128622565600000,29.35,3,29.3,7,29.35,7,1,2021-12-10 09:30:22
1639128623034152000,29.35,3,29.3,7,29.35,4,1,2021-12-10 09:30:23
1639128628714094000,29.35,1,29.3,7,29.35,3,1,2021-12-10 09:30:28
1639128629296149000,29.35,3,29.3,7,29.45,11,1,2021-12-10 09:30:29
1639128629296149000,29.4,9,29.3,7,29.45,11,1,2021-12-10 09:30:29
1639128629296149000,29.45,8,29.3,7,29.45,11,1,2021-12-10 09:30:29
1639128644369989000,29.45,11,29.35,3,29.5,32,1,2021-12-10 09:30:44
1639128647076908000,29.5,30,29.45,12,29.5,2,1,2021-12-10 09:30:47
1639128647105396000,29.5,2,29.45,12,29.55,31,1,2021-12-10 09:30:47
1639128654918596000,29.5,1,29.45,12,29.55,31,2,2021-12-10 09:30:54
1639128661231320000,29.55,31,29.5,12,29.6,28,1,2021-12-10 09:31:01
1639128661480417000,29.6,1,29.5,12,29.6,27,1,2021-12-10 09:31:01
1639128667404350000,29.55,4,29.5,12,29.6,26,2,2021-12-10 09:31:07
1639128667404350000,29.6,1,29.5,12,29.6,26,1,2021-12-10 09:31:07
1639128668555208000,29.6,1,29.5,12,29.6,25,1,2021-12-10 09:31:08
1639128670810328000,29.6,2,29.55,7,29.6,24,1,2021-12-10 09:31:10
1639128670820333000,29.6,2,29.55,7,29.6,22,1,2021-12-10 09:31:10
1639128672425103000,29.6,1,29.55,7,29.6,21,1,2021-12-10 09:31:12
1639128672470482000,29.6,10,29.55,7,29.6,11,1,2021-12-10 09:31:12
1639128672508441000,29.6,8,29.55,7,29.6,3,1,2021-12-10 09:31:12
1639128672566954000,29.6,2,29.55,7,29.6,1,1,2021-12-10 09:31:12
1639128672623266000,29.6,1,29.55,7,29.65,27,1,2021-12-10 09:31:12
1639128673584250000,29.65,5,29.55,7,29.65,22,1,2021-12-10 09:31:13
1639128678607799000,29.6,1,29.55,1,29.6,1,2,2021-12-10 09:31:18
1639128678612777000,29.6,1,29.55,1,29.65,22,1,2021-12-10 09:31:18
1639128678994550000,29.65,6,29.55,1,29.65,16,1,2021-12-10 09:31:18
1639128679380333000,29.65,1,29.55,1,29.65,15,1,2021-12-10 09:31:19
1639128679838789000,29.6,1,29.55,1,29.6,3,2,2021-12-10 09:31:19
1639128681996548000,29.6,10,29.55,1,29.6,11,1,2021-12-10 09:31:21
1639128682388090000,29.6,10,29.55,1,29.6,1,1,2021-12-10 09:31:22
1639128683696721000,29.55,1,29.5,4,29.55,1,2,2021-12-10 09:31:23
1639128683705389000,29.55,1,29.6,8,29.65,15,1,2021-12-10 09:31:23
1639128683705389000,29.6,2,29.6,8,29.65,15,1,2021-12-10 09:31:23
1639128683732751000,29.6,4,29.6,4,29.65,15,2,2021-12-10 09:31:23
1639128683897389000,29.6,1,29.6,5,29.65,15,2,2021-12-10 09:31:23
1639128688745480000,29.6,3,29.6,2,29.65,15,2,2021-12-10 09:31:28
1639128689454223000,29.65,1,29.6,2,29.65,14,1,2021-12-10 09:31:29
1639128692212612000,29.6,2,29.55,2,29.65,14,2,2021-12-10 09:31:32
1639128693124418000,29.6,1,29.55,2,29.6,3,1,2021-12-10 09:31:33
1639128694096902000,29.6,1,29.55,7,29.6,2,1,2021-12-10 09:31:34
1639128694420808000,29.6,2,29.55,7,29.65,14,1,2021-12-10 09:31:34
1639128697510453000,29.6,3,29.55,8,29.6,4,1,2021-12-10 09:31:37
1639128697988682000,29.6,1,29.55,8,29.6,5,1,2021-12-10 09:31:37
1639128698088209000,29.6,2,29.55,8,29.6,3,1,2021-12-10 09:31:38
1639128699808732000,29.6,3,29.6,7,29.65,16,1,2021-12-10 09:31:39
1639128703146312000,29.65,3,29.6,7,29.65,11,1,2021-12-10 09:31:43
1639128706997254000,29.65,1,29.6,8,29.65,12,1,2021-12-10 09:31:46
1639128709511282000,29.65,1,29.6,11,29.65,17,1,2021-12-10 09:31:49
1639128712038208000,29.65,1,29.6,11,29.65,16,1,2021-12-10 09:31:52
1639128713815624000,29.65,1,29.6,10,29.65,15,1,2021-12-10 09:31:53
1639128715438479000,29.6,1,29.6,9,29.65,17,2,2021-12-10 09:31:55
1639128720953200000,29.6,1,29.6,7,29.65,17,2,2021-12-10 09:32:00
1639128721015185000,29.65,1,29.6,7,29.65,16,1,2021-12-10 09:32:01
1639128721192010000,29.6,2,29.6,5,29.65,16,2,2021-12-10 09:32:01
1639128727861614000,29.6,6,29.55,10,29.6,2,2,2021-12-10 09:32:07
1639128729545174000,29.55,8,29.55,2,29.6,9,2,2021-12-10 09:32:09
1639128729575810000,29.55,2,29.5,4,29.6,9,2,2021-12-10 09:32:09
1639128730830607000,29.5,3,29.5,1,29.55,3,2,2021-12-10 09:32:10
1639128731045198000,29.55,3,29.5,1,29.6,15,1,2021-12-10 09:32:11
1639128731045198000,29.6,2,29.5,1,29.6,15,1,2021-12-10 09:32:11
1639128731061506000,29.5,1,29.45,4,29.6,15,2,2021-12-10 09:32:11
1639128736063979000,29.45,1,29.45,3,29.5,2,2,2021-12-10 09:32:16
1639128737406167000,29.45,2,29.45,1,29.5,2,2,2021-12-10 09:32:17
1639128742728422000,29.5,2,29.5,3,29.55,3,1,2021-12-10 09:32:22
1639128744719652000,29.5,2,29.5,1,29.55,3,2,2021-12-10 09:32:24
1639128748741551000,29.5,2,29.5,1,29.55,3,2,2021-12-10 09:32:28
1639128757244832000,29.55,3,29.5,3,29.55,1,1,2021-12-10 09:32:37
1639128762041853000,29.5,3,29.45,1,29.55,1,2,2021-12-10 09:32:42
1639128764406087000,29.45,1,29.45,2,29.55,1,2,2021-12-10 09:32:44
1639128764491884000,29.55,1,29.45,2,29.6,12,1,2021-12-10 09:32:44
1639128772015972000,29.6,1,29.5,2,29.6,11,1,2021-12-10 09:32:52
1639128776017463000,29.55,1,29.5,2,29.6,15,2,2021-12-10 09:32:56
1639128779123531000,29.5,2,29.45,2,29.5,1,2,2021-12-10 09:32:59
1639128781443287000,29.5,1,29.5,9,29.55,10,1,2021-12-10 09:33:01
1639128781626078000,29.55,2,29.5,9,29.55,8,1,2021-12-10 09:33:01
1639128783057180000,29.55,1,29.5,9,29.55,7,1,2021-12-10 09:33:03
1639128786435786000,29.55,7,29.5,9,29.55,3,1,2021-12-10 09:33:06
1639128791472750000,29.55,1,29.5,10,29.55,2,1,2021-12-10 09:33:11
1639128791923469000,29.55,2,29.55,8,29.6,14,1,2021-12-10 09:33:11
1639128798491563000,29.6,14,29.55,8,29.65,39,1,2021-12-10 09:33:18
1639128802246039000,29.6,1,29.55,9,29.65,39,2,2021-12-10 09:33:22
1639128808186552000,29.6,1,29.6,2,29.65,39,2,2021-12-10 09:33:28
1639128810416532000,29.6,2,29.55,12,29.65,39,2,2021-12-10 09:33:30
1639128812302527000,29.6,1,29.55,12,29.65,38,1,2021-12-10 09:33:32
1639128812302527000,29.65,1,29.55,12,29.65,38,1,2021-12-10 09:33:32
1639128814376706000,29.6,1,29.55,12,29.6,1,2,2021-12-10 09:33:34
1639128818570408000,29.6,1,29.55,12,29.65,36,1,2021-12-10 09:33:38
1639128818570408000,29.65,2,29.55,12,29.65,36,1,2021-12-10 09:33:38
1639128823363512000,29.6,1,29.6,5,29.65,36,2,2021-12-10 09:33:43
1639128828501776000,29.6,5,29.6,1,29.65,37,2,2021-12-10 09:33:48
1639128832297666000,29.6,1,29.6,1,29.65,37,2,2021-12-10 09:33:52
1639128835489666000,29.65,2,29.6,1,29.65,35,1,2021-12-10 09:33:55
1639128836025432000,29.6,1,29.55,9,29.65,35,2,2021-12-10 09:33:56
1639128836317058000,29.65,21,29.55,9,29.65,14,1,2021-12-10 09:33:56
1639128836335717000,29.65,13,29.55,9,29.65,1,1,2021-12-10 09:33:56
1639128836489324000,29.65,1,29.6,1,29.7,12,1,2021-12-10 09:33:56
1639128836489324000,29.7,1,29.6,1,29.7,12,1,2021-12-10 09:33:56
1639128836528568000,29.7,2,29.6,1,29.7,10,1,2021-12-10 09:33:56
1639128836586715000,29.7,4,29.6,1,29.7,6,1,2021-12-10 09:33:56
1639128836668594000,29.7,5,29.6,4,29.7,1,1,2021-12-10 09:33:56
1639128836689878000,29.7,1,29.6,4,29.75,33,1,2021-12-10 09:33:56
1639128845841143000,29.7,1,29.7,2,29.75,33,1,2021-12-10 09:34:05
1639128847388730000,29.75,2,29.7,3,29.75,31,1,2021-12-10 09:34:07
1639128847708996000,29.75,1,29.7,5,29.75,30,1,2021-12-10 09:34:07
1639128848966280000,29.75,1,29.7,5,29.75,29,1,2021-12-10 09:34:08
1639128849818447000,29.75,29,29.75,1,29.8,152,1,2021-12-10 09:34:09
1639128852109018000,29.8,5,29.75,4,29.8,147,1,2021-12-10 09:34:12
1639128852234252000,29.8,1,29.75,5,29.8,146,1,2021-12-10 09:34:12
1639128852328916000,29.8,1,29.75,4,29.8,145,1,2021-12-10 09:34:12
1639128852332985000,29.8,1,29.75,4,29.8,144,1,2021-12-10 09:34:12
1639128852427935000,29.8,1,29.75,4,29.8,143,1,2021-12-10 09:34:12
1639128853099195000,29.8,3,29.75,4,29.8,140,1,2021-12-10 09:34:13
1639128853858723000,29.8,1,29.75,3,29.8,139,1,2021-12-10 09:34:13
1639128856578990000,29.8,3,29.75,4,29.8,136,1,2021-12-10 09:34:16
1639128856620053000,29.8,9,29.75,4,29.8,127,1,2021-12-10 09:34:16
1639128857349257000,29.8,1,29.75,4,29.8,126,1,2021-12-10 09:34:17
1639128857410342000,29.8,1,29.75,4,29.8,125,1,2021-12-10 09:34:17
1639128859560057000,29.8,1,29.75,4,29.8,124,1,2021-12-10 09:34:19
1639128859925509000,29.8,1,29.75,4,29.8,123,1,2021-12-10 09:34:19
1639128860395457000,29.8,2,29.75,3,29.8,121,1,2021-12-10 09:34:20
1639128860695764000,29.75,2,29.75,1,29.8,121,2,2021-12-10 09:34:20
1639128860953645000,29.8,15,29.75,1,29.8,106,1,2021-12-10 09:34:20
1639128861663771000,29.8,1,29.75,1,29.8,105,1,2021-12-10 09:34:21
1639128861865518000,29.8,1,29.75,1,29.8,104,1,2021-12-10 09:34:21
1639128861879310000,29.8,1,29.75,1,29.8,103,1,2021-12-10 09:34:21
1639128862592866000,29.8,5,29.75,1,29.8,98,1,2021-12-10 09:34:22
1639128863060773000,29.8,1,29.75,1,29.8,97,1,2021-12-10 09:34:23
1639128864672158000,29.8,5,29.75,1,29.8,92,1,2021-12-10 09:34:24
1639128865944772000,29.8,1,29.75,1,29.8,91,1,2021-12-10 09:34:25
1639128868427578000,29.75,1,29.7,15,29.8,91,2,2021-12-10 09:34:28
1639128868965212000,29.8,5,29.7,15,29.8,86,1,2021-12-10 09:34:28
1639128870294927000,29.8,7,29.75,4,29.8,79,1,2021-12-10 09:34:30
1639128871913373000,29.8,2,29.75,5,29.8,77,1,2021-12-10 09:34:31
1639128872966114000,29.8,20,29.75,5,29.8,57,1,2021-12-10 09:34:32
1639128873352635000,29.8,2,29.75,5,29.8,55,1,2021-12-10 09:34:33
1639128875238056000,29.8,1,29.75,6,29.8,54,1,2021-12-10 09:34:35
1639128875954864000,29.75,5,29.75,1,29.8,54,2,2021-12-10 09:34:35
1639128876592074000,29.8,5,29.75,1,29.8,49,1,2021-12-10 09:34:36
1639128877059188000,29.8,1,29.75,1,29.8,48,1,2021-12-10 09:34:37
1639128878238262000,29.8,1,29.75,1,29.8,47,1,2021-12-10 09:34:38
1639128879073307000,29.8,2,29.75,3,29.8,45,1,2021-12-10 09:34:39
1639128879477837000,29.75,1,29.75,2,29.8,45,2,2021-12-10 09:34:39
1639128879929749000,29.8,5,29.75,5,29.8,40,1,2021-12-10 09:34:39
1639128881721056000,29.8,1,29.75,5,29.8,39,1,2021-12-10 09:34:41
1639128883412199000,29.8,5,29.75,5,29.8,34,1,2021-12-10 09:34:43
1639128883485700000,29.8,2,29.75,5,29.8,32,1,2021-12-10 09:34:43
1639128885100670000,29.8,5,29.75,10,29.8,27,1,2021-12-10 09:34:45
1639128885122208000,29.8,2,29.75,10,29.8,25,1,2021-12-10 09:34:45
1639128886643171000,29.8,2,29.75,10,29.8,25,1,2021-12-10 09:34:46
1639128886697897000,29.8,1,29.75,10,29.8,24,1,2021-12-10 09:34:46
1639128886784495000,29.8,1,29.75,10,29.8,23,1,2021-12-10 09:34:46
1639128887936035000,29.8,10,29.75,5,29.8,13,1,2021-12-10 09:34:47
1639128887936038000,29.75,5,29.75,5,29.8,13,2,2021-12-10 09:34:47
1639128888049331000,29.8,3,29.75,5,29.8,10,1,2021-12-10 09:34:48
1639128889260184000,29.8,3,29.75,5,29.8,7,1,2021-12-10 09:34:49
1639128889303368000,29.8,7,29.75,5,29.85,8,1,2021-12-10 09:34:49
1639128889303368000,29.85,13,29.75,5,29.85,8,1,2021-12-10 09:34:49
1639128889617665000,29.75,8,29.7,16,29.75,42,2,2021-12-10 09:34:49
1639128890145792000,29.75,5,29.7,6,29.75,37,1,2021-12-10 09:34:50
1639128890718625000,29.75,2,29.7,6,29.75,35,1,2021-12-10 09:34:50
1639128890862901000,29.75,2,29.7,6,29.75,36,1,2021-12-10 09:34:50
1639128891547243000,29.75,1,29.7,6,29.75,35,1,2021-12-10 09:34:51
1639128892978699000,29.75,1,29.7,6,29.75,35,1,2021-12-10 09:34:52
1639128894786182000,29.7,1,29.7,5,29.75,35,2,2021-12-10 09:34:54
1639128895468033000,29.7,5,29.65,3,29.75,35,2,2021-12-10 09:34:55
1639128896327125000,29.65,2,29.65,1,29.7,5,2,2021-12-10 09:34:56
1639128897505622000,29.7,3,29.65,1,29.7,3,1,2021-12-10 09:34:57
1639128901243491000,29.7,5,29.65,1,29.7,1,1,2021-12-10 09:35:01
1639128903856391000,29.7,3,29.65,1,29.75,40,1,2021-12-10 09:35:03
1639128904492661000,29.65,1,29.6,2,29.75,40,2,2021-12-10 09:35:04
1639128908202299000,29.7,2,29.65,1,29.7,13,1,2021-12-10 09:35:08
1639128912946944000,29.7,13,29.65,1,29.7,1,1,2021-12-10 09:35:12
1639128912976046000,29.7,1,29.65,1,29.75,40,1,2021-12-10 09:35:12
1639128913965465000,29.65,1,29.6,2,29.75,40,2,2021-12-10 09:35:13
1639128916548095000,29.7,1,29.6,2,29.7,3,1,2021-12-10 09:35:16
1639128918176370000,29.7,3,29.7,2,29.75,40,1,2021-12-10 09:35:18
1639128918201294000,29.7,2,29.6,2,29.75,40,2,2021-12-10 09:35:18
1639128921219347000,29.7,5,29.7,3,29.75,40,2,2021-12-10 09:35:21
1639128921252498000,29.7,3,29.65,2,29.75,40,2,2021-12-10 09:35:21
1639128929380568000,29.75,27,29.6,1,29.75,14,1,2021-12-10 09:35:29
1639128934490112000,29.7,2,29.7,4,29.75,14,2,2021-12-10 09:35:34
1639128939872226000,29.75,1,29.7,8,29.75,14,1,2021-12-10 09:35:39
1639128948392011000,29.7,1,29.7,17,29.75,14,2,2021-12-10 09:35:48
1639128951812317000,29.75,1,29.7,28,29.75,13,1,2021-12-10 09:35:51
1639128955318094000,29.75,2,29.7,29,29.75,11,1,2021-12-10 09:35:55
1639128957565183000,29.75,10,29.7,19,29.75,1,1,2021-12-10 09:35:57
1639128957593362000,29.75,1,29.7,19,29.8,17,1,2021-12-10 09:35:57
1639128957614996000,29.7,1,29.7,18,29.8,17,2,2021-12-10 09:35:57
1639128959379993000,29.75,4,29.7,17,29.8,17,1,2021-12-10 09:35:59
1639128959379993000,29.7,1,29.7,17,29.8,17,2,2021-12-10 09:35:59
1639128964613565000,29.7,1,29.7,23,29.8,19,2,2021-12-10 09:36:04
1639128967489826000,29.75,1,29.75,14,29.8,19,1,2021-12-10 09:36:07
1639128968849456000,29.75,1,29.75,13,29.8,19,2,2021-12-10 09:36:08
1639128971270495000,29.8,1,29.75,14,29.8,18,1,2021-12-10 09:36:11
1639128974191050000,29.75,1,29.75,23,29.8,17,2,2021-12-10 09:36:14
1639128977214785000,29.8,1,29.75,23,29.8,16,1,2021-12-10 09:36:17
1639128979873803000,29.75,1,29.75,22,29.8,16,2,2021-12-10 09:36:19
1639128981571026000,29.8,1,29.75,22,29.8,15,1,2021-12-10 09:36:21
1639128988815967000,29.8,2,29.75,15,29.8,13,1,2021-12-10 09:36:28
1639128991724788000,29.8,1,29.75,21,29.8,13,1,2021-12-10 09:36:31
1639128993099770000,29.8,1,29.75,21,29.8,12,1,2021-12-10 09:36:33
1639128999503858000,29.8,10,29.75,21,29.8,2,1,2021-12-10 09:36:39
1639128999530536000,29.8,2,29.75,21,29.85,24,1,2021-12-10 09:36:39
1639129000251252000,29.85,1,29.75,21,29.85,23,1,2021-12-10 09:36:40
1639129001237222000,29.8,2,29.75,21,29.8,4,2,2021-12-10 09:36:41
1639129002120134000,29.8,1,29.75,21,29.8,3,1,2021-12-10 09:36:42
1639129003214918000,29.8,2,29.75,21,29.8,1,1,2021-12-10 09:36:43
1639129003540439000,29.8,1,29.75,21,29.85,23,1,2021-12-10 09:36:43
1639129004446489000,29.85,1,29.8,6,29.85,22,1,2021-12-10 09:36:44
1639129006479083000,29.8,11,29.75,21,29.85,21,2,2021-12-10 09:36:46
1639129011969926000,29.8,1,29.8,1,29.85,22,2,2021-12-10 09:36:51
1639129011991442000,29.8,1,29.75,21,29.85,22,2,2021-12-10 09:36:51
1639129013021437000,29.8,1,29.8,4,29.85,22,2,2021-12-10 09:36:53
1639129015757334000,29.85,10,29.8,4,29.85,12,1,2021-12-10 09:36:55
1639129017498913000,29.85,8,29.8,4,29.85,4,1,2021-12-10 09:36:57
1639129017526538000,29.8,1,29.8,3,29.85,4,2,2021-12-10 09:36:57
1639129017537135000,29.85,1,29.8,3,29.85,3,1,2021-12-10 09:36:57
1639129022605231000,29.85,1,29.8,4,29.85,2,1,2021-12-10 09:37:02
1639129022919100000,29.85,1,29.8,4,29.85,1,1,2021-12-10 09:37:02
1639129029876589000,29.85,1,29.8,9,29.85,10,1,2021-12-10 09:37:09
1639129030354767000,29.8,2,29.8,7,29.85,10,2,2021-12-10 09:37:10
1639129032945435000,29.8,3,29.8,4,29.85,8,2,2021-12-10 09:37:12
1639129033166440000,29.8,4,29.75,17,29.85,8,2,2021-12-10 09:37:13
1639129034930527000,29.8,1,29.75,17,29.8,1,1,2021-12-10 09:37:14
1639129036853349000,29.8,1,29.75,17,29.85,10,1,2021-12-10 09:37:16
1639129039368486000,29.8,1,29.75,16,29.8,4,2,2021-12-10 09:37:19
1639129042216741000,29.75,3,29.75,13,29.8,6,2,2021-12-10 09:37:22
1639129042252411000,29.75,4,29.75,9,29.8,6,2,2021-12-10 09:37:22
1639129042419473000,29.75,1,29.75,8,29.8,6,2,2021-12-10 09:37:22
1639129043349905000,29.75,1,29.75,7,29.8,6,2,2021-12-10 09:37:23
1639129043426436000,29.8,2,29.75,7,29.8,4,1,2021-12-10 09:37:23
1639129043830640000,29.75,5,29.75,2,29.8,4,2,2021-12-10 09:37:23
1639129044508954000,29.75,2,29.7,50,29.8,4,2,2021-12-10 09:37:24
1639129045448281000,29.75,1,29.7,49,29.75,4,1,2021-12-10 09:37:25
1639129045602894000,29.7,2,29.7,47,29.75,4,2,2021-12-10 09:37:25
1639129046215846000,29.7,4,29.7,43,29.75,4,2,2021-12-10 09:37:26
1639129046556636000,29.75,2,29.7,43,29.75,3,1,2021-12-10 09:37:26
1639129046834379000,29.7,5,29.7,38,29.75,3,2,2021-12-10 09:37:26
1639129046997014000,29.7,5,29.7,33,29.75,3,2,2021-12-10 09:37:26
1639129047115082000,29.7,1,29.7,32,29.75,3,2,2021-12-10 09:37:27
1639129047137072000,29.7,5,29.7,27,29.75,3,2,2021-12-10 09:37:27
1639129047153576000,29.7,9,29.7,18,29.75,3,2,2021-12-10 09:37:27
1639129047386325000,29.7,4,29.7,14,29.75,3,2,2021-12-10 09:37:27
1639129047417916000,29.7,11,29.7,3,29.75,3,2,2021-12-10 09:37:27
1639129048618760000,29.7,3,29.65,6,29.7,1,2,2021-12-10 09:37:28
1639129049513932000,29.65,1,29.65,5,29.7,10,2,2021-12-10 09:37:29
1639129050208773000,29.65,5,29.6,7,29.65,1,2,2021-12-10 09:37:30
1639129056436693000,29.65,3,29.6,7,29.65,1,1,2021-12-10 09:37:36
1639129061617454000,29.7,1,29.6,12,29.7,4,1,2021-12-10 09:37:41
1639129065388331000,29.6,2,29.6,10,29.7,4,2,2021-12-10 09:37:45
1639129072458981000,29.65,1,29.6,10,29.7,4,1,2021-12-10 09:37:52
1639129074426075000,29.7,4,29.7,6,29.75,9,1,2021-12-10 09:37:54
1639129075255089000,29.75,1,29.7,6,29.75,8,1,2021-12-10 09:37:55
1639129091556084000,29.7,2,29.7,7,29.75,10,2,2021-12-10 09:38:11
1639129091960004000,29.7,5,29.7,2,29.75,10,2,2021-12-10 09:38:11
1639129095108101000,29.7,1,29.7,1,29.75,10,2,2021-12-10 09:38:15
1639129095567317000,29.7,1,29.65,1,29.75,12,2,2021-12-10 09:38:15
1639129099801412000,29.65,1,29.6,14,29.7,2,2,2021-12-10 09:38:19
1639129110516330000,29.65,3,29.6,14,29.65,7,2,2021-12-10 09:38:30
1639129119522381000,29.6,3,29.6,13,29.65,7,2,2021-12-10 09:38:39
1639129121536038000,29.6,1,29.6,12,29.65,7,2,2021-12-10 09:38:41
1639129123125442000,29.6,1,29.6,11,29.65,7,2,2021-12-10 09:38:43
1639129123802774000,29.6,2,29.6,9,29.65,8,2,2021-12-10 09:38:43
1639129125051623000,29.6,2,29.6,9,29.65,8,2,2021-12-10 09:38:45
1639129125173788000,29.6,4,29.6,5,29.65,8,2,2021-12-10 09:38:45
1639129126968420000,29.6,3,29.6,13,29.65,8,2,2021-12-10 09:38:46
1639129127369962000,29.6,1,29.6,12,29.65,8,2,2021-12-10 09:38:47
1639129127953010000,29.6,1,29.6,11,29.65,8,2,2021-12-10 09:38:47
1639129128312940000,29.6,1,29.6,10,29.65,8,2,2021-12-10 09:38:48
1639129140281627000,29.6,1,29.6,9,29.65,8,2,2021-12-10 09:39:00
1639129142901909000,29.6,1,29.6,8,29.65,7,2,2021-12-10 09:39:02
1639129144398637000,29.6,5,29.6,3,29.65,7,2,2021-12-10 09:39:04
1639129144564166000,29.6,1,29.6,2,29.65,7,2,2021-12-10 09:39:04
1639129145387980000,29.6,1,29.6,1,29.65,7,2,2021-12-10 09:39:05
1639129147910804000,29.6,1,29.55,13,29.65,7,2,2021-12-10 09:39:07
1639129160813724000,29.55,1,29.55,14,29.6,4,2,2021-12-10 09:39:20
1639129167386772000,29.55,1,29.55,13,29.6,4,2,2021-12-10 09:39:27
1639129174944601000,29.55,1,29.55,12,29.6,14,2,2021-12-10 09:39:34
1639129175351673000,29.55,10,29.55,2,29.6,14,2,2021-12-10 09:39:35
1639129175691097000,29.55,2,29.5,18,29.55,8,2,2021-12-10 09:39:35
1639129180151955000,29.5,1,29.5,17,29.55,8,2,2021-12-10 09:39:40
1639129186184272000,29.55,1,29.5,17,29.55,9,1,2021-12-10 09:39:46
1639129187814163000,29.5,3,29.5,14,29.55,9,2,2021-12-10 09:39:47
1639129193162849000,29.5,1,29.5,13,29.55,9,2,2021-12-10 09:39:53
1639129195972472000,29.5,1,29.5,12,29.55,11,2,2021-12-10 09:39:55
1639129196922784000,29.5,2,29.5,10,29.55,12,2,2021-12-10 09:39:56
1639129199303970000,29.5,4,29.5,5,29.55,12,2,2021-12-10 09:39:59
1639129212472978000,29.5,2,29.5,3,29.55,12,2,2021-12-10 09:40:12
1639129214782399000,29.5,3,29.45,15,29.55,12,2,2021-12-10 09:40:14
1639129222717648000,29.5,1,29.45,15,29.5,2,1,2021-12-10 09:40:22
1639129222803260000,29.5,2,29.45,15,29.55,12,1,2021-12-10 09:40:22
1639129229410302000,29.5,2,29.45,15,29.5,3,1,2021-12-10 09:40:29
1639129242256825000,29.45,2,29.45,13,29.5,14,2,2021-12-10 09:40:42
1639129251978731000,29.45,2,29.45,11,29.5,14,2,2021-12-10 09:40:51
1639129253777874000,29.5,1,29.45,11,29.5,13,1,2021-12-10 09:40:53
1639129254766653000,29.45,7,29.45,4,29.5,13,2,2021-12-10 09:40:54
1639129257843654000,29.45,4,29.4,14,29.45,1,2,2021-12-10 09:40:57
1639129263338316000,29.4,10,29.4,4,29.45,11,2,2021-12-10 09:41:03
1639129263541733000,29.4,1,29.4,3,29.45,11,2,2021-12-10 09:41:03
1639129264457168000,29.4,3,29.35,11,29.45,11,2,2021-12-10 09:41:04
1639129267850962000,29.4,1,29.35,11,29.45,11,1,2021-12-10 09:41:07
1639129270650474000,29.4,1,29.35,11,29.4,1,1,2021-12-10 09:41:10
1639129275938772000,29.4,2,29.35,11,29.45,3,1,2021-12-10 09:41:15
1639129275938772000,29.45,8,29.35,11,29.45,3,1,2021-12-10 09:41:15
1639129298822993000,29.45,4,29.45,6,29.5,10,1,2021-12-10 09:41:38
1639129341330074000,29.5,2,29.45,9,29.5,8,1,2021-12-10 09:42:21
1639129341370349000,29.5,8,29.45,9,29.55,2,1,2021-12-10 09:42:21
1639129342753352000,29.55,2,29.45,9,29.6,14,1,2021-12-10 09:42:22
1639129342938637000,29.6,2,29.45,9,29.6,12,1,2021-12-10 09:42:22
1639129344954311000,29.6,3,29.5,1,29.6,9,1,2021-12-10 09:42:24
1639129345108851000,29.6,3,29.5,1,29.6,6,1,2021-12-10 09:42:25
1639129345258501000,29.6,3,29.5,1,29.6,3,1,2021-12-10 09:42:25
1639129346326861000,29.6,3,29.5,1,29.65,1,1,2021-12-10 09:42:26
1639129346479779000,29.65,1,29.5,1,29.7,4,1,2021-12-10 09:42:26
1639129346479779000,29.7,2,29.5,1,29.7,4,1,2021-12-10 09:42:26
1639129346526441000,29.7,1,29.5,1,29.7,3,1,2021-12-10 09:42:26
1639129348646907000,29.7,1,29.5,1,29.7,2,1,2021-12-10 09:42:28
1639129359457366000,29.7,1,29.5,5,29.7,16,1,2021-12-10 09:42:39
1639129370002191000,29.7,1,29.65,1,29.7,13,1,2021-12-10 09:42:50
1639129373449052000,29.7,5,29.6,6,29.7,8,1,2021-12-10 09:42:53
1639129376196556000,29.7,1,29.6,6,29.7,7,1,2021-12-10 09:42:56
1639129377071201000,29.6,6,29.5,8,29.7,7,2,2021-12-10 09:42:57
1639129377939034000,29.7,1,29.5,8,29.7,10,1,2021-12-10 09:42:57
1639129378895462000,29.7,2,29.55,1,29.7,4,1,2021-12-10 09:42:58
1639129396908528000,29.7,3,29.6,1,29.7,3,1,2021-12-10 09:43:16
1639129419682671000,29.7,1,29.6,2,29.7,3,1,2021-12-10 09:43:39
1639129435973175000,29.6,2,29.45,9,29.5,4,2,2021-12-10 09:43:55
1639129435973175000,29.55,10,29.45,9,29.5,4,2,2021-12-10 09:43:55
1639129435973175000,29.5,9,29.45,9,29.5,4,2,2021-12-10 09:43:55
1639129437508360000,29.5,1,29.45,9,29.5,3,1,2021-12-10 09:43:57
1639129442354037000,29.5,1,29.45,9,29.5,2,1,2021-12-10 09:44:02
1639129442389515000,29.5,2,29.45,9,29.7,5,1,2021-12-10 09:44:02
1639129469582970000,29.5,1,29.5,1,29.6,5,2,2021-12-10 09:44:29
1639129494803544000,29.55,1,29.5,1,29.6,6,1,2021-12-10 09:44:54
1639129530085993000,29.55,2,29.5,7,29.6,6,1,2021-12-10 09:45:30
1639129548664411000,29.6,3,29.6,1,29.65,13,1,2021-12-10 09:45:48
1639129555177337000,29.6,1,29.5,7,29.6,1,2,2021-12-10 09:45:55
1639129562747883000,29.6,2,29.55,2,29.65,10,1,2021-12-10 09:46:02
1639129566698523000,29.55,3,29.45,9,29.5,60,2,2021-12-10 09:46:06
1639129566698523000,29.5,7,29.45,9,29.5,60,2,2021-12-10 09:46:06
1639129570558795000,29.5,1,29.45,9,29.5,59,1,2021-12-10 09:46:10
1639129580177163000,29.5,1,29.45,9,29.5,58,1,2021-12-10 09:46:20
1639129615447571000,29.5,1,29.45,11,29.5,62,1,2021-12-10 09:46:55
1639129617680137000,29.5,5,29.45,11,29.5,57,1,2021-12-10 09:46:57
1639129619966385000,29.5,1,29.45,11,29.5,56,1,2021-12-10 09:46:59
1639129621849978000,29.5,2,29.45,11,29.5,49,1,2021-12-10 09:47:01
1639129621874666000,29.5,6,29.45,11,29.5,43,1,2021-12-10 09:47:01
1639129623879745000,29.5,1,29.45,11,29.5,42,1,2021-12-10 09:47:03
1639129623896133000,29.5,5,29.45,11,29.5,37,1,2021-12-10 09:47:03
1639129626072158000,29.5,2,29.45,11,29.5,35,1,2021-12-10 09:47:06
1639129626104505000,29.5,4,29.45,11,29.5,31,1,2021-12-10 09:47:06
1639129626418854000,29.5,3,29.45,11,29.5,28,1,2021-12-10 09:47:06
1639129626442574000,29.5,4,29.45,11,29.5,24,1,2021-12-10 09:47:06
1639129627135053000,29.5,6,29.45,11,29.5,18,1,2021-12-10 09:47:07
1639129627164082000,29.5,7,29.45,11,29.5,11,1,2021-12-10 09:47:07
1639129627301195000,29.5,6,29.45,11,29.5,5,1,2021-12-10 09:47:07
1639129627338085000,29.5,5,29.45,11,29.6,2,1,2021-12-10 09:47:07
1639129642463647000,29.6,2,29.55,2,29.65,10,1,2021-12-10 09:47:22
1639129661559470000,29.55,2,29.55,1,29.6,5,2,2021-12-10 09:47:41
1639129684802676000,29.55,2,29.5,10,29.6,5,2,2021-12-10 09:48:04
1639129699780512000,29.55,2,29.5,10,29.6,5,1,2021-12-10 09:48:19
1639129705373217000,29.55,5,29.55,7,29.6,5,2,2021-12-10 09:48:25
1639129712572612000,29.55,7,29.5,10,29.6,5,2,2021-12-10 09:48:32
1639129719384146000,29.55,5,29.5,8,29.6,7,2,2021-12-10 09:48:39
1639129733806712000,29.55,1,29.5,8,29.55,10,1,2021-12-10 09:48:53
1639129759240612000,29.5,1,29.5,2,29.55,10,2,2021-12-10 09:49:19
1639129759471262000,29.5,2,29.45,21,29.55,10,2,2021-12-10 09:49:19
1639129764891834000,29.5,3,29.5,2,29.55,7,2,2021-12-10 09:49:24
1639129826112782000,29.5,2,29.5,5,29.55,5,2,2021-12-10 09:50:26
1639129831027568000,29.5,1,29.5,5,29.55,6,2,2021-12-10 09:50:31
1639129831902142000,29.5,5,29.45,11,29.55,6,2,2021-12-10 09:50:31
1639129860200276000,29.5,1,29.45,11,29.55,7,1,2021-12-10 09:51:00
1639129869132005000,29.45,1,29.45,10,29.55,7,2,2021-12-10 09:51:09
1639129888964011000,29.45,5,29.45,16,29.5,1,2,2021-12-10 09:51:28
1639129890036450000,29.45,6,29.45,10,29.5,1,2,2021-12-10 09:51:30
1639129890177508000,29.45,6,29.45,4,29.5,1,2,2021-12-10 09:51:30
1639129891091997000,29.45,2,29.45,2,29.5,1,2,2021-12-10 09:51:31
1639129896776195000,29.45,2,29.4,14,29.5,1,2,2021-12-10 09:51:36
1639129928554684000,29.4,2,29.4,11,29.45,3,2,2021-12-10 09:52:08
1639129929701368000,29.4,2,29.4,9,29.45,3,2,2021-12-10 09:52:09
1639129931198583000,29.45,1,29.4,9,29.45,2,1,2021-12-10 09:52:11
1639129942080217000,29.45,2,29.4,7,29.55,13,1,2021-12-10 09:52:22
1639129942080217000,29.5,1,29.4,7,29.55,13,1,2021-12-10 09:52:22
1639129942974958000,29.4,6,29.4,1,29.55,13,2,2021-12-10 09:52:22
1639129943000459000,29.4,1,29.35,35,29.55,13,2,2021-12-10 09:52:23
1639129955476794000,29.45,1,29.35,37,29.45,1,1,2021-12-10 09:52:35
1639129993795688000,29.4,4,29.35,36,29.4,1,2,2021-12-10 09:53:13
1639129996546876000,29.4,1,29.35,35,29.45,1,1,2021-12-10 09:53:16
1639130002313715000,29.35,1,29.35,34,29.45,1,2,2021-12-10 09:53:22
1639130016149401000,29.45,1,29.35,34,29.55,13,1,2021-12-10 09:53:36
1639130016149401000,29.5,1,29.35,34,29.55,13,1,2021-12-10 09:53:36
1639130022232145000,29.4,5,29.35,34,29.55,14,2,2021-12-10 09:53:42
1639130071203930000,29.4,2,29.4,8,29.45,2,2,2021-12-10 09:54:31
1639130075418925000,29.4,8,29.25,27,29.3,25,2,2021-12-10 09:54:35
1639130075418925000,29.35,35,29.25,27,29.3,25,2,2021-12-10 09:54:35
1639130075418925000,29.3,32,29.25,27,29.3,25,2,2021-12-10 09:54:35
1639130088060520000,29.25,5,29.25,22,29.3,27,2,2021-12-10 09:54:48
1639130091281607000,29.25,1,29.25,21,29.3,27,2,2021-12-10 09:54:51
1639130095023537000,29.25,21,29.2,16,29.25,9,2,2021-12-10 09:54:55
1639130095819391000,29.2,16,29.1,19,29.25,9,2,2021-12-10 09:54:55
1639130095819391000,29.1,1,29.1,19,29.25,9,2,2021-12-10 09:54:55
1639130096796773000,29.25,1,29.1,19,29.25,8,1,2021-12-10 09:54:56
1639130101797414000,29.1,5,29.1,14,29.2,1,2,2021-12-10 09:55:01
1639130102298975000,29.2,1,29.1,14,29.25,5,1,2021-12-10 09:55:02
1639130102298975000,29.25,4,29.1,14,29.25,5,1,2021-12-10 09:55:02
1639130105151523000,29.25,1,29.1,14,29.25,4,1,2021-12-10 09:55:05
1639130105815849000,29.15,10,29.05,21,29.25,6,2,2021-12-10 09:55:05
1639130105815849000,29.1,14,29.05,21,29.25,6,2,2021-12-10 09:55:05
1639130105815849000,29.05,10,29.05,21,29.25,6,2,2021-12-10 09:55:05
1639130110203156000,29.15,1,29.05,21,29.25,6,1,2021-12-10 09:55:10
1639130110435407000,29.05,1,29.05,20,29.2,1,2,2021-12-10 09:55:10
1639130112896197000,29.05,1,29.05,20,29.2,2,2,2021-12-10 09:55:12
1639130114623106000,29.1,2,29.05,22,29.1,8,1,2021-12-10 09:55:14
1639130114670747000,29.05,2,29.05,20,29.1,8,2,2021-12-10 09:55:14
1639130116517634000,29.1,1,29.05,21,29.1,7,1,2021-12-10 09:55:16
1639130117448570000,29.1,1,29.05,21,29.1,6,1,2021-12-10 09:55:17
1639130126451410000,29.05,20,29.05,1,29.1,6,2,2021-12-10 09:55:26
1639130126871787000,29.1,5,29.05,1,29.1,1,1,2021-12-10 09:55:26
1639130127357037000,29.1,1,29.1,4,29.2,2,1,2021-12-10 09:55:27
1639130128845443000,29.1,4,29.05,1,29.1,3,2,2021-12-10 09:55:28
1639130129810928000,29.1,1,29.05,1,29.1,2,1,2021-12-10 09:55:29
1639130137101263000,29.1,1,29.05,2,29.1,1,1,2021-12-10 09:55:37
1639130137124723000,29.05,1,29.05,1,29.1,1,2,2021-12-10 09:55:37
1639130138529368000,29.1,1,29.1,1,29.2,2,1,2021-12-10 09:55:38
1639130145882091000,29.1,1,29.1,2,29.2,3,2,2021-12-10 09:55:45
1639130152658661000,29.1,2,29.1,4,29.2,3,2,2021-12-10 09:55:52
1639130166025466000,29.2,2,29.15,2,29.25,7,1,2021-12-10 09:56:06
1639130167989708000,29.15,2,29.1,8,29.15,3,2,2021-12-10 09:56:07
1639130170563817000,29.15,3,29.1,8,29.25,7,1,2021-12-10 09:56:10
1639130171975303000,29.1,7,29.1,1,29.25,7,2,2021-12-10 09:56:11
1639130184236313000,29.15,5,29.15,3,29.2,2,1,2021-12-10 09:56:24
1639130203438017000,29.15,1,29.15,3,29.2,11,2,2021-12-10 09:56:43
1639130204713659000,29.15,2,29.15,2,29.2,11,2,2021-12-10 09:56:44
1639130210880657000,29.2,1,29.15,4,29.2,10,1,2021-12-10 09:56:50
1639130230936486000,29.15,1,29.15,3,29.2,10,2,2021-12-10 09:57:10
1639130238781227000,29.15,3,29.1,4,29.2,12,2,2021-12-10 09:57:18
1639130250246943000,29.1,1,29.1,3,29.2,13,2,2021-12-10 09:57:30
1639130262432929000,29.15,1,29.1,5,29.2,13,1,2021-12-10 09:57:42
1639130301941113000,29.1,6,29.05,18,29.1,4,2,2021-12-10 09:58:21
1639130322732781000,29.1,1,29.05,17,29.1,11,1,2021-12-10 09:58:42
1639130332735265000,29.1,1,29.05,17,29.1,10,1,2021-12-10 09:58:52
1639130339165039000,29.05,2,29.05,15,29.1,10,2,2021-12-10 09:58:59
1639130344156683000,29.05,5,29.05,10,29.1,16,2,2021-12-10 09:59:04
1639130348644521000,29.05,2,29.05,13,29.1,16,2,2021-12-10 09:59:08
1639130357447544000,29.1,5,29.05,16,29.1,11,1,2021-12-10 09:59:17
1639130357880314000,29.05,6,29.05,10,29.1,5,2,2021-12-10 09:59:17
1639130363155256000,29.05,5,29.05,5,29.1,5,2,2021-12-10 09:59:23
1639130363806620000,29.05,5,29.0,56,29.05,5,2,2021-12-10 09:59:23
1639130363840504000,29.05,5,29.0,56,29.1,5,1,2021-12-10 09:59:23
1639130364585332000,29.05,1,29.0,56,29.1,5,1,2021-12-10 09:59:24
1639130374800405000,29.05,1,29.0,53,29.1,6,2,2021-12-10 09:59:34
1639130374800405000,29.0,3,29.0,53,29.1,6,2,2021-12-10 09:59:34
1639130383003064000,29.1,2,29.05,1,29.1,7,1,2021-12-10 09:59:43
1639130384197967000,29.05,1,29.0,53,29.05,4,2,2021-12-10 09:59:44
1639130384232897000,29.05,4,29.0,53,29.1,7,1,2021-12-10 09:59:44
1639130387844701000,29.1,1,29.0,53,29.1,6,1,2021-12-10 09:59:47
1639130394477706000,29.05,1,29.05,3,29.1,5,2,2021-12-10 09:59:54
1639130404410323000,29.1,2,29.05,18,29.1,3,1,2021-12-10 10:00:04
1639130405366955000,29.1,1,29.05,18,29.1,2,1,2021-12-10 10:00:05
1639130409423727000,29.1,1,29.05,23,29.1,1,1,2021-12-10 10:00:09
1639130412072753000,29.1,1,29.05,24,29.15,1,1,2021-12-10 10:00:12
1639130417716596000,29.1,1,29.05,24,29.15,1,2,2021-12-10 10:00:17
1639130452347373000,29.15,1,29.1,17,29.2,6,1,2021-12-10 10:00:52
1639130457696794000,29.2,5,29.1,17,29.2,1,1,2021-12-10 10:00:57
1639130473335535000,29.2,1,29.15,9,29.25,8,1,2021-12-10 10:01:13
1639130498873692000,29.25,7,29.25,2,29.3,26,1,2021-12-10 10:01:38
1639130509621126000,29.25,1,29.25,1,29.3,26,2,2021-12-10 10:01:49
1639130525233779000,29.3,4,29.25,11,29.3,22,1,2021-12-10 10:02:05
1639130528874233000,29.3,1,29.25,11,29.3,21,1,2021-12-10 10:02:08
1639130545591966000,29.25,1,29.25,11,29.3,21,2,2021-12-10 10:02:25
1639130551250954000,29.25,1,29.2,11,29.3,21,2,2021-12-10 10:02:31
1639130564394639000,29.25,1,29.2,1,29.3,21,1,2021-12-10 10:02:44
1639130566442905000,29.25,1,29.2,1,29.3,21,2,2021-12-10 10:02:46
1639130600413614000,29.2,1,29.15,6,29.25,1,2,2021-12-10 10:03:20
1639130617596226000,29.25,5,29.15,8,29.25,1,1,2021-12-10 10:03:37
1639130645302614000,29.15,1,29.15,9,29.2,1,2,2021-12-10 10:04:05
1639130649559786000,29.2,1,29.15,9,29.25,1,1,2021-12-10 10:04:09
1639130666501863000,29.15,10,29.05,24,29.25,1,2,2021-12-10 10:04:26
1639130666501863000,29.1,6,29.05,24,29.25,1,2,2021-12-10 10:04:26
1639130666501863000,29.05,4,29.05,24,29.25,1,2,2021-12-10 10:04:26
1639130703222614000,29.1,2,29.1,6,29.25,2,1,2021-12-10 10:05:03
1639130704317706000,29.1,5,29.1,1,29.25,2,2,2021-12-10 10:05:04
1639130727426559000,29.2,1,29.1,3,29.25,3,1,2021-12-10 10:05:27
1639130779889586000,29.2,1,29.15,1,29.2,11,2,2021-12-10 10:06:19
1639130793702348000,29.2,1,29.15,6,29.2,10,1,2021-12-10 10:06:33
1639130802917552000,29.2,3,29.15,10,29.2,7,1,2021-12-10 10:06:42
1639130809648694000,29.2,5,29.15,10,29.2,2,1,2021-12-10 10:06:49
1639130809673591000,29.2,2,29.15,10,29.25,2,1,2021-12-10 10:06:49
1639130816125636000,29.25,1,29.15,10,29.25,1,1,2021-12-10 10:06:56
1639130823797505000,29.2,1,29.15,14,29.25,1,2,2021-12-10 10:07:03
1639130835773038000,29.15,5,29.15,9,29.25,1,2,2021-12-10 10:07:15
1639130868037974000,29.25,1,29.2,12,29.3,2,1,2021-12-10 10:07:48
1639130994167549000,29.25,2,29.25,10,29.3,1,1,2021-12-10 10:09:54
1639131018999148000,29.25,2,29.25,8,29.3,5,2,2021-12-10 10:10:18
1639131019034601000,29.25,8,29.15,11,29.3,5,2,2021-12-10 10:10:19
1639131036729574000,29.25,1,29.15,11,29.25,4,1,2021-12-10 10:10:36
1639131088720178000,29.25,1,29.2,1,29.25,4,1,2021-12-10 10:11:28
1639131102705496000,29.25,4,29.2,1,29.3,6,1,2021-12-10 10:11:42
1639131135662319000,29.25,1,29.2,2,29.3,6,1,2021-12-10 10:12:15
1639131172666531000,29.3,1,29.25,1,29.3,6,1,2021-12-10 10:12:52
1639131186538491000,29.3,2,29.25,1,29.3,4,1,2021-12-10 10:13:06
1639131197711315000,29.3,1,29.25,1,29.3,3,1,2021-12-10 10:13:17
1639131201980522000,29.3,1,29.25,1,29.3,2,1,2021-12-10 10:13:21
1639131203704793000,29.3,1,29.25,1,29.3,1,1,2021-12-10 10:13:23
1639131209312509000,29.3,1,29.25,1,29.35,1,1,2021-12-10 10:13:29
1639131269916820000,29.35,1,29.3,5,29.4,3,1,2021-12-10 10:14:29
1639131283229042000,29.4,1,29.3,6,29.4,2,1,2021-12-10 10:14:43
1639131307094703000,29.4,1,29.35,5,29.4,1,1,2021-12-10 10:15:07
1639131324224283000,29.4,1,29.35,5,29.45,4,1,2021-12-10 10:15:24
1639131324489870000,29.35,5,29.3,7,29.45,8,2,2021-12-10 10:15:24
1639131325959693000,29.4,1,29.3,7,29.45,8,1,2021-12-10 10:15:25
1639131332585549000,29.3,2,29.3,5,29.45,8,2,2021-12-10 10:15:32
1639131338418335000,29.45,1,29.3,5,29.45,9,1,2021-12-10 10:15:38
1639131338646272000,29.45,1,29.3,5,29.45,8,1,2021-12-10 10:15:38
1639131338664141000,29.45,1,29.3,5,29.45,7,1,2021-12-10 10:15:38
1639131338721272000,29.45,1,29.3,5,29.45,6,1,2021-12-10 10:15:38
1639131352887466000,29.3,1,29.3,6,29.45,6,2,2021-12-10 10:15:52
1639131370810062000,29.3,5,29.3,2,29.4,5,2,2021-12-10 10:16:10
1639131370843692000,29.3,2,29.25,4,29.4,5,2,2021-12-10 10:16:10
1639131408793461000,29.3,5,29.25,4,29.35,5,2,2021-12-10 10:16:48
1639131449968879000,29.3,2,29.25,4,29.35,1,2,2021-12-10 10:17:29
1639131566917104000,29.3,5,29.25,5,29.3,1,1,2021-12-10 10:19:26
1639131573241364000,29.3,1,29.25,5,29.35,1,1,2021-12-10 10:19:33
1639131579232418000,29.35,1,29.25,5,29.4,1,1,2021-12-10 10:19:39
1639131620139309000,29.3,2,29.25,5,29.3,4,2,2021-12-10 10:20:20
1639131640035331000,29.25,1,29.25,5,29.3,4,2,2021-12-10 10:20:40
1639131693817270000,29.25,8,29.2,15,29.25,1,2,2021-12-10 10:21:33
1639131737645650000,29.2,1,29.2,14,29.25,1,2,2021-12-10 10:22:17
1639131770018513000,29.2,1,29.2,13,29.25,3,2,2021-12-10 10:22:50
1639131779200381000,29.2,13,29.15,16,29.2,2,2,2021-12-10 10:22:59
1639131779961667000,29.2,2,29.15,16,29.25,3,1,2021-12-10 10:22:59
1639131792317053000,29.2,1,29.15,16,29.2,10,1,2021-12-10 10:23:12
1639131798257358000,29.15,3,29.15,13,29.2,10,2,2021-12-10 10:23:18
1639131800026080000,29.15,3,29.15,10,29.2,10,2,2021-12-10 10:23:20
1639131800056648000,29.15,2,29.15,8,29.2,10,2,2021-12-10 10:23:20
1639131801974438000,29.15,1,29.15,7,29.2,10,2,2021-12-10 10:23:21
1639131802215054000,29.15,2,29.15,5,29.2,10,2,2021-12-10 10:23:22
1639131804128485000,29.15,5,29.1,34,29.2,10,2,2021-12-10 10:23:24
1639131815170400000,29.15,1,29.1,34,29.2,10,1,2021-12-10 10:23:35
1639131824050048000,29.15,1,29.1,31,29.15,2,1,2021-12-10 10:23:44
1639131836556122000,29.1,15,29.1,16,29.15,3,2,2021-12-10 10:23:56
1639131841619134000,29.15,2,29.1,16,29.15,1,1,2021-12-10 10:24:01
1639131844563627000,29.15,1,29.15,2,29.2,10,1,2021-12-10 10:24:04
1639131861087252000,29.2,1,29.15,5,29.2,9,1,2021-12-10 10:24:21
1639131862827231000,29.15,1,29.15,4,29.2,9,2,2021-12-10 10:24:22
1639131867521329000,29.2,1,29.15,4,29.2,8,1,2021-12-10 10:24:27
1639131880176584000,29.2,1,29.15,4,29.2,7,1,2021-12-10 10:24:40
1639131900826538000,29.2,3,29.15,5,29.2,4,1,2021-12-10 10:25:00
1639131901812036000,29.2,2,29.15,5,29.2,2,1,2021-12-10 10:25:01
1639131913242291000,29.2,2,29.15,5,29.25,9,1,2021-12-10 10:25:13
1639132179624144000,29.25,2,29.2,10,29.25,8,1,2021-12-10 10:29:39
1639132188012208000,29.25,8,29.25,2,29.3,10,1,2021-12-10 10:29:48
1639132196488501000,29.25,1,29.25,1,29.3,10,2,2021-12-10 10:29:56
1639132198427599000,29.25,1,29.2,13,29.3,10,2,2021-12-10 10:29:58
1639132320731131000,29.25,1,29.2,23,29.3,10,2,2021-12-10 10:32:00
1639132413210221000,29.25,2,29.2,22,29.3,10,2,2021-12-10 10:33:33
1639132522746099000,29.25,2,29.25,3,29.3,10,2,2021-12-10 10:35:22
1639132526943736000,29.3,1,29.25,3,29.3,9,1,2021-12-10 10:35:26
1639132548413393000,29.25,2,29.25,1,29.3,9,2,2021-12-10 10:35:48
1639132594654750000,29.25,2,29.2,25,29.25,3,2,2021-12-10 10:36:34
1639132598727292000,29.25,1,29.2,21,29.25,2,1,2021-12-10 10:36:38
1639132622511410000,29.25,1,29.2,23,29.25,1,1,2021-12-10 10:37:02
1639132658427785000,29.2,3,29.2,21,29.25,6,2,2021-12-10 10:37:38
1639132668351603000,29.2,1,29.2,20,29.25,6,2,2021-12-10 10:37:48
1639132668383165000,29.2,6,29.2,14,29.25,6,2,2021-12-10 10:37:48
1639132681928329000,29.2,2,29.2,12,29.25,6,2,2021-12-10 10:38:01
1639132695165249000,29.2,1,29.2,11,29.25,6,2,2021-12-10 10:38:15
1639132698929253000,29.2,1,29.2,10,29.25,6,2,2021-12-10 10:38:18
1639132722256954000,29.2,3,29.2,11,29.25,6,2,2021-12-10 10:38:42
1639132733990251000,29.2,11,29.15,17,29.25,6,2,2021-12-10 10:38:53
1639132839038642000,29.2,1,29.15,15,29.25,6,2,2021-12-10 10:40:39
1639132843180570000,29.15,11,29.15,4,29.25,6,2,2021-12-10 10:40:43
1639132846987017000,29.15,1,29.15,3,29.25,6,2,2021-12-10 10:40:46
1639132847024884000,29.15,1,29.15,2,29.25,6,2,2021-12-10 10:40:47
1639132851601177000,29.15,1,29.15,1,29.2,1,2,2021-12-10 10:40:51
1639132886277787000,29.15,1,29.1,38,29.2,1,2,2021-12-10 10:41:26
1639132913490925000,29.15,1,29.1,39,29.2,5,1,2021-12-10 10:41:53
1639133089503275000,29.15,2,29.1,35,29.2,7,2,2021-12-10 10:44:49
1639133089503275000,29.1,3,29.1,35,29.2,7,2,2021-12-10 10:44:49
1639133126144514000,29.1,1,29.1,33,29.2,6,2,2021-12-10 10:45:26
1639133142927997000,29.1,5,29.1,33,29.2,6,2,2021-12-10 10:45:42
1639133183780140000,29.1,1,29.1,35,29.15,2,2,2021-12-10 10:46:23
1639133203236986000,29.1,4,29.1,34,29.15,2,2,2021-12-10 10:46:43
1639133228869545000,29.1,1,29.1,25,29.15,7,2,2021-12-10 10:47:08
1639133229194822000,29.1,2,29.1,23,29.15,7,2,2021-12-10 10:47:09
1639133229696784000,29.1,3,29.1,20,29.15,7,2,2021-12-10 10:47:09
1639133229732850000,29.1,2,29.1,18,29.15,7,2,2021-12-10 10:47:09
1639133241815728000,29.1,1,29.1,25,29.15,7,2,2021-12-10 10:47:21
1639133247197299000,29.1,11,29.1,14,29.15,7,2,2021-12-10 10:47:27
1639133249476400000,29.1,5,29.1,9,29.15,12,2,2021-12-10 10:47:29
1639133249500242000,29.1,9,29.05,43,29.15,12,2,2021-12-10 10:47:29
1639133294464692000,29.1,1,29.05,34,29.1,1,1,2021-12-10 10:48:14
1639133295754077000,29.1,1,29.05,34,29.15,12,2,2021-12-10 10:48:15
1639133315395801000,29.1,1,29.1,5,29.15,12,2,2021-12-10 10:48:35
1639133318296630000,29.1,1,29.1,4,29.15,12,2,2021-12-10 10:48:38
1639133332553863000,29.1,1,29.1,17,29.15,12,2,2021-12-10 10:48:52
1639133386333020000,29.1,3,29.1,16,29.15,17,2,2021-12-10 10:49:46
1639133428791664000,29.15,3,29.1,17,29.15,14,1,2021-12-10 10:50:28
1639133450474004000,29.15,2,29.1,17,29.15,12,1,2021-12-10 10:50:50
1639133458844370000,29.15,4,29.1,17,29.15,8,1,2021-12-10 10:50:58
1639133459320483000,29.15,4,29.1,17,29.15,4,1,2021-12-10 10:50:59
1639133460320990000,29.15,1,29.1,16,29.15,3,1,2021-12-10 10:51:00
1639133463519363000,29.15,3,29.15,4,29.2,6,1,2021-12-10 10:51:03
1639133729260698000,29.15,2,29.15,5,29.2,7,2,2021-12-10 10:55:29
1639133729292871000,29.15,5,29.1,18,29.2,7,2,2021-12-10 10:55:29
1639133846320041000,29.15,1,29.1,16,29.15,1,1,2021-12-10 10:57:26
1639133881755720000,29.15,1,29.15,2,29.2,4,1,2021-12-10 10:58:01
1639133959622785000,29.15,1,29.15,1,29.2,5,2,2021-12-10 10:59:19
1639133959649287000,29.15,1,29.1,23,29.2,5,2,2021-12-10 10:59:19
1639133985683837000,29.1,3,29.1,21,29.2,5,2,2021-12-10 10:59:45
1639134037515226000,29.1,16,29.1,5,29.15,1,2,2021-12-10 11:00:37
1639134037536367000,29.15,1,29.1,5,29.2,5,1,2021-12-10 11:00:37
1639134037540619000,29.1,5,29.05,31,29.2,5,2,2021-12-10 11:00:37
1639134068555583000,29.05,1,29.05,30,29.1,5,2,2021-12-10 11:01:08
1639134073506564000,29.1,2,29.05,30,29.1,3,1,2021-12-10 11:01:13
1639134088148067000,29.1,3,29.05,30,29.2,5,1,2021-12-10 11:01:28
1639134136503089000,29.05,1,29.05,29,29.1,12,2,2021-12-10 11:02:16
1639134136525110000,29.05,2,29.05,27,29.1,12,2,2021-12-10 11:02:16
1639134136545763000,29.05,15,29.05,12,29.1,12,2,2021-12-10 11:02:16
1639134136565966000,29.05,5,29.05,7,29.1,12,2,2021-12-10 11:02:16
1639134139052858000,29.1,10,29.05,7,29.1,2,1,2021-12-10 11:02:19
1639134292146921000,29.05,2,29.05,5,29.1,5,2,2021-12-10 11:04:52
1639134323819940000,29.1,3,29.05,12,29.1,3,1,2021-12-10 11:05:23
1639134356864291000,29.1,1,29.05,7,29.15,11,2,2021-12-10 11:05:56
1639134376302731000,29.1,1,29.05,7,29.15,11,2,2021-12-10 11:06:16
1639134409548054000,29.1,1,29.1,4,29.15,11,2,2021-12-10 11:06:49
1639134409574082000,29.1,2,29.1,2,29.15,11,2,2021-12-10 11:06:49
1639134421034025000,29.1,1,29.1,1,29.15,11,2,2021-12-10 11:07:01
1639134428313906000,29.1,1,29.05,11,29.15,11,2,2021-12-10 11:07:08
1639134437927730000,29.05,1,29.05,10,29.15,11,2,2021-12-10 11:07:17
1639134484517904000,29.1,1,29.05,10,29.15,12,1,2021-12-10 11:08:04
1639134484517904000,29.15,3,29.05,10,29.15,12,1,2021-12-10 11:08:04
1639134492592822000,29.05,1,29.05,9,29.15,12,2,2021-12-10 11:08:12
1639134517066151000,29.05,1,29.05,8,29.15,8,2,2021-12-10 11:08:37
1639134519300977000,29.05,8,29.0,81,29.15,8,2,2021-12-10 11:08:39
1639134551272687000,29.0,15,29.0,66,29.1,10,2,2021-12-10 11:09:11
1639134551315839000,29.0,1,29.0,65,29.1,10,2,2021-12-10 11:09:11
1639134551342644000,29.0,1,29.0,64,29.1,10,2,2021-12-10 11:09:11
1639134552342466000,29.0,1,29.0,63,29.1,10,2,2021-12-10 11:09:12
1639134577376852000,29.05,1,29.0,62,29.1,11,1,2021-12-10 11:09:37
1639134603435996000,29.05,1,29.05,4,29.1,13,1,2021-12-10 11:10:03
1639134712792792000,29.05,9,29.05,4,29.1,13,2,2021-12-10 11:11:52
1639134719790918000,29.05,1,29.05,3,29.1,13,2,2021-12-10 11:11:59
1639134719820814000,29.05,1,29.05,2,29.1,13,2,2021-12-10 11:11:59
1639134736176148000,29.05,1,29.05,1,29.1,13,2,2021-12-10 11:12:16
1639134747722265000,29.05,1,29.0,67,29.1,13,2,2021-12-10 11:12:27
1639134812692613000,29.05,5,29.0,67,29.05,1,1,2021-12-10 11:13:32
1639134824312401000,29.05,1,29.0,67,29.1,15,1,2021-12-10 11:13:44
1639134913385141000,29.05,3,29.0,68,29.1,16,1,2021-12-10 11:15:13
1639135023178692000,29.1,5,29.05,7,29.1,11,1,2021-12-10 11:17:03
1639135025177968000,29.05,7,29.0,63,29.05,3,2,2021-12-10 11:17:05
1639135042361745000,29.0,4,29.0,59,29.05,3,2,2021-12-10 11:17:22
1639135056172573000,29.0,2,29.0,57,29.05,8,2,2021-12-10 11:17:36
1639135063781254000,29.0,10,29.0,47,29.05,8,2,2021-12-10 11:17:43
1639135073712358000,29.0,5,29.0,44,29.05,9,2,2021-12-10 11:17:53
1639135076878248000,29.0,20,29.0,24,29.05,9,2,2021-12-10 11:17:56
1639135078105741000,29.0,1,29.0,23,29.05,9,2,2021-12-10 11:17:58
1639135078752342000,29.0,4,29.0,19,29.05,5,2,2021-12-10 11:17:58
1639135079308776000,29.0,1,29.0,18,29.05,5,2,2021-12-10 11:17:59
1639135079384583000,29.0,1,29.0,17,29.05,5,2,2021-12-10 11:17:59
1639135080177935000,29.0,1,29.0,16,29.05,5,2,2021-12-10 11:18:00
