ts,close,volume,bid_price,bid_volume,ask_price,ask_volume,tick_type,datetime
1652691611518223000,578.0,193,576.0,4,578.0,5,1,2022-05-16 09:00:11
1652691611558297000,576.0,4,575.0,4,578.0,5,2,2022-05-16 09:00:11
1652691611559102000,578.0,4,575.0,4,578.0,1,1,2022-05-16 09:00:11
1652691611626103000,575.0,2,567.0,6,578.0,1,2,2022-05-16 09:00:11
1652691611626103000,571.0,3,567.0,6,578.0,1,2,2022-05-16 09:00:11
1652691611626103000,569.0,1,567.0,6,578.0,1,2,2022-05-16 09:00:11
1652691611626103000,568.0,2,567.0,6,578.0,1,2,2022-05-16 09:00:11
1652691611626103000,567.0,4,567.0,6,578.0,1,2,2022-05-16 09:00:11
1652691611726747000,576.0,1,567.0,6,577.0,1,1,2022-05-16 09:00:11
1652691611726747000,577.0,1,567.0,6,577.0,1,1,2022-05-16 09:00:11
1652691611766875000,568.0,1,567.0,6,577.0,1,1,2022-05-16 09:00:11
1652691611802369000,577.0,1,573.0,2,578.0,2,1,2022-05-16 09:00:11
1652691611975212000,575.0,2,568.0,1,578.0,2,2,2022-05-16 09:00:11
1652691612545690000,568.0,1,567.0,6,578.0,2,2,2022-05-16 09:00:12
1652691613660367000,578.0,1,573.0,4,578.0,1,1,2022-05-16 09:00:13
1652691618029595000,578.0,1,573.0,4,578.0,1,1,2022-05-16 09:00:18
1652691618994476000,578.0,1,573.0,5,579.0,19,1,2022-05-16 09:00:18
1652691618994476000,579.0,1,573.0,5,579.0,19,1,2022-05-16 09:00:18
1652691619213268000,579.0,1,574.0,4,579.0,18,1,2022-05-16 09:00:19
1652691619472161000,577.0,1,574.0,2,579.0,18,1,2022-05-16 09:00:19
1652691619878901000,578.0,1,575.0,1,579.0,18,1,2022-05-16 09:00:19
1652691620641795000,578.0,1,575.0,1,579.0,18,2,2022-05-16 09:00:20
1652691621030837000,575.0,1,573.0,5,578.0,1,2,2022-05-16 09:00:21
1652691621376003000,576.0,1,574.0,1,579.0,18,1,2022-05-16 09:00:21
1652691621376003000,578.0,1,574.0,1,579.0,18,1,2022-05-16 09:00:21
1652691621679147000,574.0,1,573.0,3,579.0,18,2,2022-05-16 09:00:21
1652691622386001000,577.0,1,574.0,1,578.0,1,1,2022-05-16 09:00:22
1652691624558120000,576.0,1,575.0,1,578.0,1,1,2022-05-16 09:00:24
1652691624741357000,575.0,1,573.0,3,578.0,1,2,2022-05-16 09:00:24
1652691624741357000,574.0,1,573.0,3,578.0,1,2,2022-05-16 09:00:24
1652691626653733000,575.0,1,573.0,3,578.0,3,1,2022-05-16 09:00:26
1652691626891994000,577.0,1,574.0,1,578.0,3,1,2022-05-16 09:00:26
1652691628747880000,574.0,1,574.0,2,576.0,1,2,2022-05-16 09:00:28
1652691629389483000,575.0,1,574.0,2,576.0,1,1,2022-05-16 09:00:29
1652691629429793000,576.0,1,574.0,2,577.0,1,1,2022-05-16 09:00:29
1652691629429793000,577.0,1,574.0,2,577.0,1,1,2022-05-16 09:00:29
1652691630657165000,575.0,1,574.0,3,577.0,1,2,2022-05-16 09:00:30
1652691631063682000,577.0,1,574.0,3,578.0,4,1,2022-05-16 09:00:31
1652691631090166000,574.0,1,574.0,2,578.0,4,2,2022-05-16 09:00:31
1652691631206734000,577.0,1,575.0,1,578.0,4,1,2022-05-16 09:00:31
1652691632695356000,577.0,1,575.0,1,578.0,1,1,2022-05-16 09:00:32
1652691632695356000,578.0,3,575.0,1,578.0,1,1,2022-05-16 09:00:32
1652691633016858000,577.0,1,575.0,1,578.0,1,2,2022-05-16 09:00:33
1652691634030559000,577.0,1,575.0,1,577.0,2,1,2022-05-16 09:00:34
1652691634536247000,575.0,1,574.0,2,577.0,2,2,2022-05-16 09:00:34
1652691635226192000,577.0,1,574.0,2,577.0,1,1,2022-05-16 09:00:35
1652691636273823000,576.0,1,575.0,2,577.0,1,2,2022-05-16 09:00:36
1652691636904737000,577.0,1,575.0,2,578.0,5,1,2022-05-16 09:00:36
1652691637326634000,577.0,1,575.0,2,578.0,5,1,2022-05-16 09:00:37
1652691638967097000,575.0,1,575.0,1,577.0,1,2,2022-05-16 09:00:38
1652691638984025000,575.0,1,574.0,2,577.0,1,2,2022-05-16 09:00:38
1652691640393711000,576.0,1,575.0,3,577.0,5,1,2022-05-16 09:00:40
1652691640968484000,577.0,1,575.0,3,577.0,4,1,2022-05-16 09:00:40
1652691642465363000,576.0,1,575.0,3,577.0,15,2,2022-05-16 09:00:42
1652691643014842000,575.0,2,575.0,1,576.0,11,2,2022-05-16 09:00:43
1652691643047094000,575.0,1,574.0,5,576.0,11,2,2022-05-16 09:00:43
1652691643259982000,575.0,1,574.0,5,576.0,12,1,2022-05-16 09:00:43
1652691644042065000,575.0,1,575.0,1,576.0,12,2,2022-05-16 09:00:44
1652691644292665000,575.0,1,574.0,5,576.0,12,2,2022-05-16 09:00:44
1652691644445784000,574.0,5,573.0,5,576.0,13,2,2022-05-16 09:00:44
1652691645050399000,575.0,6,573.0,5,576.0,1,1,2022-05-16 09:00:45
1652691645050399000,576.0,12,573.0,5,576.0,1,1,2022-05-16 09:00:45
1652691645703280000,575.0,1,573.0,5,576.0,1,1,2022-05-16 09:00:45
1652691647145899000,576.0,1,575.0,1,576.0,1,1,2022-05-16 09:00:47
1652691647640699000,575.0,1,573.0,4,576.0,1,2,2022-05-16 09:00:47
1652691649425761000,575.0,1,574.0,1,576.0,1,1,2022-05-16 09:00:49
1652691651212270000,575.0,1,574.0,2,576.0,1,1,2022-05-16 09:00:51
1652691651363743000,574.0,1,574.0,1,576.0,1,2,2022-05-16 09:00:51
1652691651397526000,574.0,1,573.0,3,576.0,1,2,2022-05-16 09:00:51
1652691652740309000,574.0,1,573.0,3,576.0,2,2,2022-05-16 09:00:52
1652691652963059000,573.0,3,572.0,2,575.0,1,2,2022-05-16 09:00:52
1652691656712633000,574.0,1,572.0,1,575.0,4,2,2022-05-16 09:00:56
1652691659849678000,572.0,1,571.0,1,573.0,1,2,2022-05-16 09:00:59
1652691661555274000,573.0,1,571.0,2,574.0,1,1,2022-05-16 09:01:01
1652691662269883000,571.0,2,570.0,4,574.0,1,2,2022-05-16 09:01:02
1652691664403125000,573.0,1,572.0,1,574.0,1,1,2022-05-16 09:01:04
1652691669036739000,572.0,1,572.0,1,573.0,1,2,2022-05-16 09:01:09
1652691670002799000,573.0,1,572.0,1,574.0,1,1,2022-05-16 09:01:10
1652691670373689000,572.0,1,571.0,3,573.0,10,2,2022-05-16 09:01:10
1652691670822534000,573.0,1,571.0,3,573.0,9,1,2022-05-16 09:01:10
1652691674380841000,573.0,1,571.0,3,573.0,8,1,2022-05-16 09:01:14
1652691675783558000,572.0,1,572.0,1,573.0,8,2,2022-05-16 09:01:15
1652691676914326000,572.0,1,571.0,2,573.0,8,2,2022-05-16 09:01:16
1652691676914326000,571.0,1,571.0,2,573.0,8,2,2022-05-16 09:01:16
1652691677376642000,572.0,1,571.0,2,573.0,10,1,2022-05-16 09:01:17
1652691677717582000,572.0,1,571.0,2,573.0,10,1,2022-05-16 09:01:17
1652691680010064000,572.0,1,571.0,2,572.0,1,1,2022-05-16 09:01:20
1652691682255409000,571.0,1,571.0,1,572.0,3,2,2022-05-16 09:01:22
1652691682357244000,572.0,1,571.0,1,572.0,2,1,2022-05-16 09:01:22
1652691684930808000,572.0,1,571.0,1,572.0,3,1,2022-05-16 09:01:24
1652691685107822000,572.0,1,571.0,1,572.0,2,1,2022-05-16 09:01:25
1652691687725068000,571.0,1,571.0,1,572.0,1,2,2022-05-16 09:01:27
1652691688535989000,572.0,1,571.0,1,573.0,11,1,2022-05-16 09:01:28
1652691688620352000,572.0,1,571.0,1,573.0,11,2,2022-05-16 09:01:28
1652691689992127000,572.0,1,571.0,9,573.0,11,2,2022-05-16 09:01:29
1652691690082733000,572.0,1,571.0,9,573.0,11,1,2022-05-16 09:01:30
1652691690096833000,571.0,2,571.0,7,573.0,11,2,2022-05-16 09:01:30
1652691690812832000,572.0,1,571.0,7,572.0,1,1,2022-05-16 09:01:30
1652691690858392000,572.0,1,571.0,7,573.0,11,1,2022-05-16 09:01:30
1652691691197084000,572.0,1,571.0,7,573.0,11,2,2022-05-16 09:01:31
1652691691411316000,572.0,2,572.0,8,573.0,11,2,2022-05-16 09:01:31
1652691691624387000,572.0,1,572.0,7,573.0,9,2,2022-05-16 09:01:31
1652691692288512000,572.0,1,572.0,6,573.0,9,2,2022-05-16 09:01:32
1652691692551473000,572.0,1,572.0,5,573.0,9,2,2022-05-16 09:01:32
1652691692824960000,572.0,3,572.0,2,573.0,9,2,2022-05-16 09:01:32
1652691692855700000,572.0,2,571.0,5,573.0,9,2,2022-05-16 09:01:32
1652691694561314000,572.0,1,572.0,1,573.0,10,2,2022-05-16 09:01:34
1652691696469020000,572.0,1,571.0,5,573.0,12,2,2022-05-16 09:01:36
1652691697980718000,572.0,1,571.0,5,573.0,12,1,2022-05-16 09:01:37
1652691699619402000,571.0,1,571.0,4,572.0,5,2,2022-05-16 09:01:39
1652691699998593000,572.0,3,571.0,4,572.0,2,1,2022-05-16 09:01:39
1652691700851267000,572.0,1,571.0,4,572.0,3,1,2022-05-16 09:01:40
1652691700880435000,571.0,1,571.0,3,572.0,3,2,2022-05-16 09:01:40
1652691702583360000,571.0,3,570.0,4,572.0,5,2,2022-05-16 09:01:42
1652691707549416000,571.0,1,570.0,4,572.0,6,2,2022-05-16 09:01:47
1652691708320081000,571.0,1,570.0,4,572.0,6,2,2022-05-16 09:01:48
1652691708555838000,570.0,2,570.0,1,572.0,6,2,2022-05-16 09:01:48
1652691708598475000,570.0,1,569.0,4,572.0,6,2,2022-05-16 09:01:48
1652691712811454000,569.0,2,569.0,1,570.0,3,2,2022-05-16 09:01:52
1652691718316065000,570.0,1,568.0,5,570.0,3,1,2022-05-16 09:01:58
1652691720498185000,569.0,1,568.0,5,570.0,3,1,2022-05-16 09:02:00
1652691720623969000,569.0,1,568.0,5,570.0,3,1,2022-05-16 09:02:00
1652691721624636000,570.0,1,568.0,4,570.0,2,1,2022-05-16 09:02:01
1652691722422411000,570.0,2,568.0,6,571.0,1,1,2022-05-16 09:02:02
1652691725729368000,570.0,1,570.0,2,571.0,3,2,2022-05-16 09:02:05
1652691725750624000,571.0,2,570.0,2,571.0,1,1,2022-05-16 09:02:05
1652691725803265000,570.0,1,570.0,1,571.0,1,2,2022-05-16 09:02:05
1652691727156971000,570.0,1,569.0,3,571.0,1,2,2022-05-16 09:02:07
1652691742032712000,570.0,2,570.0,2,571.0,3,2,2022-05-16 09:02:22
1652691742818070000,570.0,1,570.0,1,571.0,3,2,2022-05-16 09:02:22
1652691744854054000,570.0,1,569.0,7,570.0,1,2,2022-05-16 09:02:24
1652691744884408000,570.0,1,569.0,7,571.0,3,1,2022-05-16 09:02:24
1652691744915547000,570.0,1,569.0,7,571.0,3,1,2022-05-16 09:02:24
1652691745168028000,570.0,1,569.0,7,571.0,3,2,2022-05-16 09:02:25
1652691745258891000,570.0,1,569.0,7,571.0,3,1,2022-05-16 09:02:25
1652691751763268000,570.0,2,569.0,6,571.0,6,2,2022-05-16 09:02:31
1652691752489668000,569.0,1,569.0,5,571.0,6,2,2022-05-16 09:02:32
1652691753355088000,569.0,1,569.0,4,570.0,2,2,2022-05-16 09:02:33
1652691753370671000,570.0,1,569.0,4,570.0,1,1,2022-05-16 09:02:33
1652691756285251000,570.0,1,569.0,4,570.0,1,1,2022-05-16 09:02:36
1652691756347802000,569.0,1,569.0,3,570.0,2,2,2022-05-16 09:02:36
1652691764638240000,570.0,1,569.0,7,570.0,4,1,2022-05-16 09:02:44
1652691770827785000,570.0,1,569.0,10,570.0,5,1,2022-05-16 09:02:50
1652691770862318000,569.0,1,569.0,9,570.0,5,2,2022-05-16 09:02:50
1652691770883488000,570.0,1,569.0,9,570.0,4,1,2022-05-16 09:02:50
1652691773434525000,570.0,4,570.0,1,571.0,4,1,2022-05-16 09:02:53
1652691773827042000,571.0,4,570.0,1,573.0,11,1,2022-05-16 09:02:53
1652691773827042000,572.0,6,570.0,1,573.0,11,1,2022-05-16 09:02:53
1652691776509170000,570.0,2,570.0,3,572.0,5,2,2022-05-16 09:02:56
1652691780867439000,572.0,2,570.0,4,572.0,5,1,2022-05-16 09:03:00
1652691782806367000,571.0,1,571.0,1,572.0,5,2,2022-05-16 09:03:02
1652691789533001000,572.0,1,571.0,2,572.0,4,1,2022-05-16 09:03:09
1652691790100753000,571.0,1,571.0,1,572.0,4,2,2022-05-16 09:03:10
1652691790134425000,571.0,1,570.0,14,572.0,4,2,2022-05-16 09:03:10
1652691791147704000,572.0,2,570.0,14,572.0,2,1,2022-05-16 09:03:11
1652691792665933000,572.0,2,571.0,1,573.0,13,1,2022-05-16 09:03:12
1652691794042005000,572.0,1,571.0,3,573.0,13,1,2022-05-16 09:03:14
1652691794746092000,573.0,1,571.0,3,573.0,12,1,2022-05-16 09:03:14
1652691798239396000,572.0,2,572.0,8,573.0,12,2,2022-05-16 09:03:18
1652691798266113000,572.0,8,571.0,3,573.0,12,2,2022-05-16 09:03:18
1652691798924086000,573.0,1,571.0,2,573.0,15,1,2022-05-16 09:03:18
1652691799761484000,573.0,1,571.0,2,573.0,10,1,2022-05-16 09:03:19
1652691801433086000,573.0,1,571.0,3,573.0,13,1,2022-05-16 09:03:21
1652691803961405000,573.0,1,571.0,3,573.0,13,1,2022-05-16 09:03:23
1652691804198235000,572.0,1,571.0,3,573.0,13,2,2022-05-16 09:03:24
1652691806340526000,573.0,2,571.0,12,573.0,11,1,2022-05-16 09:03:26
1652691810045548000,572.0,1,571.0,13,573.0,8,2,2022-05-16 09:03:30
1652691810298300000,573.0,1,571.0,13,573.0,12,1,2022-05-16 09:03:30
1652691813758504000,573.0,1,571.0,14,573.0,11,1,2022-05-16 09:03:33
1652691813916610000,572.0,1,571.0,14,573.0,11,2,2022-05-16 09:03:33
1652691814364978000,571.0,2,571.0,12,573.0,7,2,2022-05-16 09:03:34
1652691814942040000,573.0,1,571.0,12,573.0,10,1,2022-05-16 09:03:34
1652691817330840000,572.0,2,571.0,12,573.0,7,2,2022-05-16 09:03:37
1652691817735883000,571.0,2,571.0,10,573.0,7,2,2022-05-16 09:03:37
1652691817969348000,571.0,6,571.0,4,573.0,7,2,2022-05-16 09:03:37
1652691818307256000,571.0,4,570.0,18,573.0,8,2,2022-05-16 09:03:38
1652691819470052000,572.0,1,570.0,18,572.0,5,1,2022-05-16 09:03:39
1652691820723446000,572.0,1,571.0,10,572.0,5,1,2022-05-16 09:03:40
1652691822151365000,572.0,1,571.0,10,572.0,2,1,2022-05-16 09:03:42
1652691822221467000,572.0,2,571.0,10,573.0,8,1,2022-05-16 09:03:42
1652691822957955000,571.0,2,571.0,8,573.0,7,2,2022-05-16 09:03:42
1652691823913138000,572.0,3,571.0,8,573.0,8,2,2022-05-16 09:03:43
1652691825852919000,571.0,2,571.0,16,573.0,8,2,2022-05-16 09:03:45
1652691830292714000,572.0,1,571.0,17,573.0,14,2,2022-05-16 09:03:50
1652691834862124000,572.0,1,571.0,20,573.0,11,2,2022-05-16 09:03:54
1652691838273016000,572.0,10,571.0,20,573.0,17,2,2022-05-16 09:03:58
1652691839048486000,571.0,2,571.0,19,573.0,13,2,2022-05-16 09:03:59
1652691840553393000,572.0,1,571.0,15,573.0,15,2,2022-05-16 09:04:00
1652691840553393000,571.0,5,571.0,15,573.0,15,2,2022-05-16 09:04:00
1652691845088065000,572.0,1,571.0,28,573.0,15,1,2022-05-16 09:04:05
1652691850202111000,572.0,1,571.0,29,572.0,2,1,2022-05-16 09:04:10
1652691851897819000,572.0,1,571.0,29,572.0,2,1,2022-05-16 09:04:11
1652691852801892000,572.0,1,571.0,29,572.0,1,1,2022-05-16 09:04:12
1652691854211835000,572.0,1,571.0,29,573.0,12,1,2022-05-16 09:04:14
1652691856327472000,572.0,2,571.0,30,573.0,12,2,2022-05-16 09:04:16
1652691862299496000,573.0,1,572.0,2,573.0,11,1,2022-05-16 09:04:22
1652691862485585000,572.0,1,572.0,2,573.0,11,2,2022-05-16 09:04:22
1652691866334000000,572.0,1,572.0,3,573.0,11,2,2022-05-16 09:04:26
1652691867214609000,573.0,1,572.0,3,573.0,10,1,2022-05-16 09:04:27
1652691874622519000,573.0,1,572.0,7,573.0,9,1,2022-05-16 09:04:34
1652691882658321000,573.0,1,572.0,8,573.0,9,1,2022-05-16 09:04:42
1652691883916741000,573.0,1,572.0,8,573.0,8,1,2022-05-16 09:04:43
1652691889098701000,573.0,2,572.0,10,573.0,6,1,2022-05-16 09:04:49
1652691890041072000,573.0,5,572.0,10,573.0,1,1,2022-05-16 09:04:50
1652691890064645000,573.0,1,572.0,10,574.0,3,1,2022-05-16 09:04:50
1652691896764517000,573.0,5,572.0,7,574.0,4,2,2022-05-16 09:04:56
1652691896764517000,572.0,5,572.0,7,574.0,4,2,2022-05-16 09:04:56
1652691897379288000,574.0,1,572.0,6,574.0,7,1,2022-05-16 09:04:57
1652691901074832000,574.0,1,573.0,1,574.0,6,1,2022-05-16 09:05:01
1652691902589278000,574.0,1,573.0,2,574.0,1,1,2022-05-16 09:05:02
1652691908703477000,574.0,1,573.0,5,574.0,5,1,2022-05-16 09:05:08
1652691908704567000,574.0,1,573.0,5,574.0,4,1,2022-05-16 09:05:08
1652691909138807000,573.0,5,573.0,1,574.0,1,2,2022-05-16 09:05:09
1652691909403883000,573.0,1,572.0,8,574.0,6,2,2022-05-16 09:05:09
1652691910798283000,573.0,1,572.0,8,574.0,6,2,2022-05-16 09:05:10
1652691919112784000,572.0,9,571.0,30,574.0,10,2,2022-05-16 09:05:19
1652691919150411000,571.0,20,571.0,10,574.0,11,2,2022-05-16 09:05:19
1652691919182084000,571.0,10,570.0,14,573.0,3,2,2022-05-16 09:05:19
1652691919489908000,571.0,2,570.0,14,571.0,4,1,2022-05-16 09:05:19
1652691919588209000,570.0,1,570.0,13,571.0,4,2,2022-05-16 09:05:19
1652691919615888000,570.0,1,570.0,12,571.0,4,2,2022-05-16 09:05:19
1652691919962928000,570.0,6,570.0,6,572.0,4,2,2022-05-16 09:05:19
1652691919996604000,570.0,5,570.0,1,572.0,4,2,2022-05-16 09:05:19
1652691919998330000,570.0,1,569.0,11,572.0,4,2,2022-05-16 09:05:19
1652691920316992000,571.0,1,569.0,11,571.0,4,1,2022-05-16 09:05:20
1652691922199716000,571.0,1,569.0,11,571.0,4,1,2022-05-16 09:05:22
1652691922405990000,571.0,1,569.0,11,571.0,3,1,2022-05-16 09:05:22
1652691924149711000,571.0,1,569.0,11,571.0,5,1,2022-05-16 09:05:24
1652691930134072000,569.0,5,569.0,4,571.0,7,2,2022-05-16 09:05:30
1652691930166371000,569.0,3,569.0,1,571.0,7,2,2022-05-16 09:05:30
1652691930447929000,569.0,1,568.0,12,570.0,7,2,2022-05-16 09:05:30
1652691930450297000,570.0,3,568.0,12,570.0,4,1,2022-05-16 09:05:30
1652691932161779000,570.0,2,568.0,11,570.0,2,1,2022-05-16 09:05:32
1652691933778330000,569.0,1,568.0,11,570.0,2,2,2022-05-16 09:05:33
1652691936005522000,570.0,1,568.0,9,570.0,1,1,2022-05-16 09:05:36
1652691938205880000,570.0,1,569.0,3,571.0,7,1,2022-05-16 09:05:38
1652691938436779000,569.0,1,569.0,2,571.0,3,2,2022-05-16 09:05:38
1652691947138062000,570.0,1,569.0,3,571.0,3,1,2022-05-16 09:05:47
1652691949023055000,570.0,1,570.0,1,571.0,3,2,2022-05-16 09:05:49
1652691953011783000,570.0,1,569.0,3,571.0,3,2,2022-05-16 09:05:53
1652691962238840000,569.0,1,569.0,3,570.0,43,2,2022-05-16 09:06:02
1652691968317757000,569.0,1,569.0,2,570.0,43,2,2022-05-16 09:06:08
1652691968377126000,569.0,1,569.0,1,570.0,43,2,2022-05-16 09:06:08
1652691968399066000,569.0,1,568.0,10,570.0,43,2,2022-05-16 09:06:08
1652691979452234000,569.0,2,569.0,1,570.0,1,1,2022-05-16 09:06:19
1652691987622357000,569.0,4,568.0,10,570.0,3,2,2022-05-16 09:06:27
1652691987695357000,569.0,1,568.0,10,569.0,2,1,2022-05-16 09:06:27
1652691987708321000,569.0,2,568.0,10,569.0,1,1,2022-05-16 09:06:27
1652691987777526000,569.0,1,568.0,11,570.0,3,1,2022-05-16 09:06:27
1652691996729621000,569.0,4,568.0,9,569.0,6,2,2022-05-16 09:06:36
1652691996768833000,569.0,6,568.0,9,570.0,3,1,2022-05-16 09:06:36
1652691996775190000,568.0,1,568.0,8,570.0,3,2,2022-05-16 09:06:36
1652691998629828000,568.0,5,568.0,4,570.0,14,2,2022-05-16 09:06:38
1652691999679357000,568.0,4,567.0,17,568.0,1,2,2022-05-16 09:06:39
1652691999739819000,567.0,1,567.0,16,568.0,1,2,2022-05-16 09:06:39
1652692000929144000,568.0,1,567.0,17,569.0,2,1,2022-05-16 09:06:40
1652692005000558000,568.0,2,568.0,2,569.0,2,1,2022-05-16 09:06:45
1652692009425204000,568.0,1,568.0,4,569.0,6,2,2022-05-16 09:06:49
1652692009605524000,568.0,1,568.0,3,569.0,6,2,2022-05-16 09:06:49
1652692015388014000,568.0,3,567.0,16,568.0,7,2,2022-05-16 09:06:55
1652692017532247000,567.0,6,567.0,10,568.0,8,2,2022-05-16 09:06:57
1652692017571949000,567.0,2,567.0,8,568.0,8,2,2022-05-16 09:06:57
1652692017578105000,567.0,1,567.0,7,568.0,9,2,2022-05-16 09:06:57
1652692017614932000,567.0,5,567.0,2,568.0,9,2,2022-05-16 09:06:57
1652692017658032000,567.0,2,566.0,14,568.0,9,2,2022-05-16 09:06:57
1652692018129852000,566.0,1,566.0,11,567.0,1,2,2022-05-16 09:06:58
1652692019028393000,566.0,1,566.0,10,567.0,1,2,2022-05-16 09:06:59
1652692019531211000,567.0,1,566.0,10,568.0,10,1,2022-05-16 09:06:59
1652692019867198000,566.0,6,566.0,4,567.0,21,2,2022-05-16 09:06:59
1652692019896080000,566.0,3,566.0,1,567.0,21,2,2022-05-16 09:06:59
1652692019926731000,566.0,1,565.0,19,567.0,21,2,2022-05-16 09:06:59
1652692023064235000,567.0,4,566.0,2,567.0,19,1,2022-05-16 09:07:03
1652692024619767000,567.0,2,566.0,2,567.0,17,1,2022-05-16 09:07:04
1652692025154019000,566.0,2,564.0,1,567.0,17,2,2022-05-16 09:07:05
1652692025154019000,565.0,15,564.0,1,567.0,17,2,2022-05-16 09:07:05
1652692025221057000,565.0,3,564.0,3,566.0,4,1,2022-05-16 09:07:05
1652692026547403000,566.0,1,564.0,3,566.0,4,1,2022-05-16 09:07:06
1652692029987806000,565.0,2,564.0,3,566.0,8,1,2022-05-16 09:07:09
1652692039693571000,565.0,1,564.0,3,566.0,7,1,2022-05-16 09:07:19
1652692046254972000,565.0,3,564.0,3,565.0,7,2,2022-05-16 09:07:26
1652692046276072000,565.0,7,564.0,3,566.0,7,1,2022-05-16 09:07:26
1652692047763428000,565.0,1,563.0,6,564.0,1,2,2022-05-16 09:07:27
1652692047763428000,564.0,3,563.0,6,564.0,1,2,2022-05-16 09:07:27
1652692047805256000,564.0,1,563.0,4,566.0,8,1,2022-05-16 09:07:27
1652692050101478000,564.0,1,563.0,5,566.0,8,2,2022-05-16 09:07:30
1652692055553095000,565.0,2,564.0,1,566.0,7,2,2022-05-16 09:07:35
1652692061877562000,565.0,5,564.0,3,565.0,5,1,2022-05-16 09:07:41
1652692061906185000,565.0,5,564.0,3,566.0,7,1,2022-05-16 09:07:41
1652692066614333000,565.0,1,564.0,6,566.0,7,1,2022-05-16 09:07:46
1652692073332255000,566.0,2,565.0,4,566.0,7,1,2022-05-16 09:07:53
1652692077689859000,566.0,1,565.0,6,566.0,6,1,2022-05-16 09:07:57
1652692078491014000,565.0,1,565.0,7,566.0,6,2,2022-05-16 09:07:58
1652692080036705000,566.0,1,565.0,7,566.0,5,1,2022-05-16 09:08:00
1652692082106257000,565.0,1,565.0,6,566.0,5,2,2022-05-16 09:08:02
1652692088030696000,566.0,1,565.0,11,566.0,6,1,2022-05-16 09:08:08
1652692091244346000,566.0,1,565.0,12,566.0,5,1,2022-05-16 09:08:11
1652692098361288000,566.0,1,565.0,12,566.0,7,1,2022-05-16 09:08:18
1652692099402788000,566.0,1,565.0,12,566.0,7,1,2022-05-16 09:08:19
1652692102190784000,566.0,6,565.0,13,566.0,2,1,2022-05-16 09:08:22
1652692102206760000,566.0,2,565.0,13,567.0,15,1,2022-05-16 09:08:22
1652692102247710000,565.0,1,565.0,13,567.0,15,2,2022-05-16 09:08:22
1652692107336808000,566.0,1,565.0,12,566.0,1,1,2022-05-16 09:08:27
1652692108311547000,566.0,2,565.0,12,567.0,16,1,2022-05-16 09:08:28
1652692110606203000,566.0,1,565.0,12,567.0,15,1,2022-05-16 09:08:30
1652692120938038000,566.0,1,566.0,9,567.0,15,2,2022-05-16 09:08:40
1652692124490164000,566.0,9,565.0,16,566.0,5,2,2022-05-16 09:08:44
1652692124564946000,566.0,1,565.0,16,566.0,4,1,2022-05-16 09:08:44
1652692128594019000,566.0,1,565.0,17,566.0,4,1,2022-05-16 09:08:48
1652692132886024000,565.0,6,565.0,10,566.0,4,2,2022-05-16 09:08:52
1652692133020158000,565.0,10,564.0,9,566.0,5,2,2022-05-16 09:08:53
1652692134733250000,565.0,1,564.0,8,565.0,3,1,2022-05-16 09:08:54
1652692137083885000,566.0,1,564.0,9,566.0,4,1,2022-05-16 09:08:57
1652692138051636000,566.0,1,564.0,7,566.0,3,1,2022-05-16 09:08:58
1652692141923788000,565.0,1,564.0,7,565.0,1,2,2022-05-16 09:09:01
1652692143494568000,565.0,1,564.0,8,566.0,7,1,2022-05-16 09:09:03
1652692150104546000,566.0,1,565.0,1,566.0,2,1,2022-05-16 09:09:10
1652692151241319000,566.0,1,564.0,8,566.0,1,1,2022-05-16 09:09:11
1652692151736049000,566.0,1,565.0,1,567.0,15,1,2022-05-16 09:09:11
1652692158139002000,566.0,1,565.0,4,567.0,15,2,2022-05-16 09:09:18
1652692158702189000,567.0,1,565.0,4,567.0,14,1,2022-05-16 09:09:18
1652692162606587000,566.0,1,565.0,7,566.0,9,1,2022-05-16 09:09:22
1652692178623896000,566.0,2,565.0,9,566.0,8,1,2022-05-16 09:09:38
1652692182985882000,565.0,1,565.0,8,566.0,8,2,2022-05-16 09:09:42
1652692183082152000,565.0,6,565.0,2,566.0,9,2,2022-05-16 09:09:43
1652692183216512000,565.0,2,564.0,9,566.0,9,2,2022-05-16 09:09:43
1652692183295990000,566.0,1,564.0,8,566.0,8,1,2022-05-16 09:09:43
1652692201478992000,565.0,1,565.0,9,566.0,11,1,2022-05-16 09:10:01
1652692201716530000,565.0,6,565.0,3,566.0,11,2,2022-05-16 09:10:01
1652692208565144000,566.0,1,565.0,10,566.0,10,1,2022-05-16 09:10:08
1652692208888371000,566.0,1,565.0,10,566.0,9,1,2022-05-16 09:10:08
1652692212885427000,566.0,1,565.0,11,566.0,8,1,2022-05-16 09:10:12
1652692224356270000,566.0,1,565.0,12,566.0,7,1,2022-05-16 09:10:24
1652692224382217000,566.0,4,565.0,12,566.0,3,1,2022-05-16 09:10:24
1652692224412511000,566.0,3,565.0,12,567.0,14,1,2022-05-16 09:10:24
1652692228471177000,566.0,1,565.0,11,566.0,9,1,2022-05-16 09:10:28
1652692239659889000,566.0,1,565.0,14,566.0,10,1,2022-05-16 09:10:39
1652692248239802000,566.0,1,565.0,14,566.0,10,1,2022-05-16 09:10:48
1652692252994883000,566.0,1,565.0,14,566.0,9,1,2022-05-16 09:10:52
1652692253325710000,566.0,3,565.0,14,566.0,6,1,2022-05-16 09:10:53
1652692256084328000,566.0,1,565.0,14,566.0,5,1,2022-05-16 09:10:56
1652692260343065000,566.0,1,565.0,15,566.0,4,1,2022-05-16 09:11:00
1652692262977106000,566.0,1,565.0,15,566.0,3,1,2022-05-16 09:11:02
1652692266043421000,566.0,1,565.0,15,566.0,2,1,2022-05-16 09:11:06
1652692267581222000,566.0,2,566.0,3,567.0,14,1,2022-05-16 09:11:07
1652692271425266000,567.0,1,566.0,6,567.0,13,1,2022-05-16 09:11:11
1652692274605068000,566.0,1,566.0,5,567.0,13,2,2022-05-16 09:11:14
1652692287117387000,566.0,1,566.0,5,567.0,14,2,2022-05-16 09:11:27
1652692287360993000,566.0,5,565.0,16,567.0,14,2,2022-05-16 09:11:27
1652692294162820000,566.0,1,566.0,1,567.0,14,2,2022-05-16 09:11:34
1652692296569771000,566.0,1,565.0,15,567.0,14,2,2022-05-16 09:11:36
1652692296703528000,565.0,3,565.0,12,567.0,14,2,2022-05-16 09:11:36
1652692296809289000,565.0,1,565.0,11,567.0,14,2,2022-05-16 09:11:36
1652692298847125000,565.0,11,564.0,9,565.0,2,2,2022-05-16 09:11:38
1652692299052421000,564.0,1,564.0,8,565.0,3,2,2022-05-16 09:11:39
1652692299052443000,564.0,1,564.0,7,565.0,3,2,2022-05-16 09:11:39
1652692299392488000,565.0,1,564.0,7,565.0,2,1,2022-05-16 09:11:39
1652692304811327000,565.0,1,564.0,7,565.0,1,1,2022-05-16 09:11:44
1652692310062447000,565.0,1,564.0,8,565.0,1,1,2022-05-16 09:11:50
1652692311345384000,565.0,1,564.0,8,566.0,7,1,2022-05-16 09:11:51
1652692311713749000,564.0,1,564.0,7,566.0,8,2,2022-05-16 09:11:51
1652692311929548000,566.0,2,564.0,7,566.0,6,1,2022-05-16 09:11:51
1652692327337551000,566.0,1,565.0,6,566.0,3,1,2022-05-16 09:12:07
1652692334078039000,566.0,1,565.0,6,566.0,2,1,2022-05-16 09:12:14
1652692354692130000,566.0,1,565.0,9,566.0,2,1,2022-05-16 09:12:34
1652692355479366000,566.0,1,565.0,9,566.0,1,1,2022-05-16 09:12:35
1652692356576628000,566.0,1,565.0,9,567.0,12,1,2022-05-16 09:12:36
1652692364216360000,567.0,5,566.0,1,567.0,7,1,2022-05-16 09:12:44
1652692365421826000,567.0,1,566.0,1,567.0,7,1,2022-05-16 09:12:45
1652692370621081000,567.0,5,566.0,2,567.0,3,1,2022-05-16 09:12:50
1652692373466422000,567.0,1,566.0,3,567.0,2,1,2022-05-16 09:12:53
1652692374125936000,567.0,1,566.0,4,567.0,1,1,2022-05-16 09:12:54
1652692375176504000,567.0,1,566.0,4,568.0,1,1,2022-05-16 09:12:55
1652692375336107000,568.0,1,566.0,4,568.0,1,1,2022-05-16 09:12:55
1652692377014971000,568.0,1,567.0,2,568.0,6,1,2022-05-16 09:12:57
1652692377224401000,568.0,1,567.0,2,568.0,5,1,2022-05-16 09:12:57
1652692379253917000,568.0,1,567.0,2,568.0,1,1,2022-05-16 09:12:59
1652692379469367000,568.0,1,567.0,2,569.0,9,1,2022-05-16 09:12:59
1652692386771503000,568.0,5,567.0,3,569.0,9,1,2022-05-16 09:13:06
1652692387691968000,568.0,5,567.0,3,569.0,10,1,2022-05-16 09:13:07
1652692389145059000,569.0,5,568.0,2,569.0,5,1,2022-05-16 09:13:09
1652692389353631000,569.0,5,568.0,2,570.0,43,1,2022-05-16 09:13:09
1652692390285244000,570.0,5,568.0,3,570.0,42,1,2022-05-16 09:13:10
1652692390412444000,569.0,1,568.0,2,569.0,4,1,2022-05-16 09:13:10
1652692397646343000,570.0,5,569.0,6,570.0,43,1,2022-05-16 09:13:17
1652692399460604000,570.0,1,569.0,7,570.0,42,1,2022-05-16 09:13:19
1652692399561763000,570.0,1,569.0,7,570.0,41,1,2022-05-16 09:13:19
1652692399635545000,570.0,1,569.0,8,570.0,40,1,2022-05-16 09:13:19
1652692399819072000,570.0,1,569.0,8,570.0,39,1,2022-05-16 09:13:19
1652692399959295000,569.0,2,569.0,6,570.0,39,2,2022-05-16 09:13:19
1652692400410179000,570.0,2,569.0,6,570.0,37,1,2022-05-16 09:13:20
1652692403061601000,570.0,1,569.0,21,570.0,36,1,2022-05-16 09:13:23
1652692403387021000,569.0,3,569.0,21,570.0,36,2,2022-05-16 09:13:23
1652692403485409000,570.0,1,569.0,22,570.0,35,1,2022-05-16 09:13:23
1652692405244536000,570.0,1,569.0,24,570.0,38,1,2022-05-16 09:13:25
1652692405278209000,570.0,2,569.0,24,570.0,36,1,2022-05-16 09:13:25
1652692405278469000,570.0,2,569.0,24,570.0,34,1,2022-05-16 09:13:25
1652692407200092000,570.0,1,569.0,24,570.0,33,1,2022-05-16 09:13:27
1652692407391833000,570.0,1,569.0,24,570.0,32,1,2022-05-16 09:13:27
1652692408442650000,570.0,1,569.0,24,570.0,31,1,2022-05-16 09:13:28
1652692408606207000,570.0,1,569.0,24,570.0,30,1,2022-05-16 09:13:28
1652692408665674000,570.0,1,569.0,24,570.0,29,1,2022-05-16 09:13:28
1652692408763746000,570.0,1,569.0,24,570.0,28,1,2022-05-16 09:13:28
1652692408775012000,570.0,1,569.0,24,570.0,27,1,2022-05-16 09:13:28
1652692408788438000,570.0,1,569.0,24,570.0,26,1,2022-05-16 09:13:28
1652692408798794000,570.0,1,569.0,24,570.0,25,1,2022-05-16 09:13:28
1652692408799348000,570.0,2,569.0,24,570.0,23,1,2022-05-16 09:13:28
1652692408799580000,570.0,2,569.0,24,570.0,21,1,2022-05-16 09:13:28
1652692408830045000,570.0,5,569.0,24,570.0,16,1,2022-05-16 09:13:28
1652692408830246000,570.0,1,569.0,24,570.0,15,1,2022-05-16 09:13:28
1652692408860622000,570.0,15,569.0,24,571.0,3,1,2022-05-16 09:13:28
1652692408894176000,571.0,3,569.0,24,572.0,4,1,2022-05-16 09:13:28
1652692408894176000,572.0,1,569.0,24,572.0,4,1,2022-05-16 09:13:28
1652692411908237000,571.0,1,570.0,4,571.0,4,1,2022-05-16 09:13:31
1652692412791489000,570.0,4,569.0,8,570.0,6,2,2022-05-16 09:13:32
1652692412903366000,570.0,1,569.0,8,570.0,5,1,2022-05-16 09:13:32
1652692414820353000,570.0,1,569.0,6,570.0,4,1,2022-05-16 09:13:34
1652692414842597000,569.0,6,568.0,4,570.0,4,2,2022-05-16 09:13:34
1652692415476146000,569.0,1,568.0,4,569.0,1,1,2022-05-16 09:13:35
1652692418017723000,569.0,1,568.0,3,569.0,1,1,2022-05-16 09:13:38
1652692421278327000,569.0,1,568.0,1,570.0,10,1,2022-05-16 09:13:41
1652692423922511000,569.0,1,568.0,1,570.0,10,2,2022-05-16 09:13:43
1652692423950334000,570.0,1,568.0,1,570.0,9,1,2022-05-16 09:13:43
1652692426357140000,569.0,4,567.0,4,570.0,11,1,2022-05-16 09:13:46
1652692429412097000,569.0,1,568.0,1,569.0,6,1,2022-05-16 09:13:49
1652692430487948000,568.0,1,567.0,5,569.0,6,2,2022-05-16 09:13:50
1652692431629887000,568.0,1,567.0,5,569.0,7,2,2022-05-16 09:13:51
1652692432673517000,568.0,1,567.0,5,569.0,8,2,2022-05-16 09:13:52
1652692434600882000,569.0,5,567.0,4,569.0,3,1,2022-05-16 09:13:54
1652692438460624000,568.0,1,567.0,4,569.0,4,2,2022-05-16 09:13:58
1652692440351837000,569.0,1,567.0,6,569.0,4,1,2022-05-16 09:14:00
1652692443780680000,569.0,1,568.0,1,569.0,3,1,2022-05-16 09:14:03
1652692459105154000,569.0,1,568.0,3,569.0,4,1,2022-05-16 09:14:19
1652692460672082000,569.0,1,568.0,5,569.0,3,1,2022-05-16 09:14:20
1652692470159832000,569.0,3,569.0,2,570.0,22,1,2022-05-16 09:14:30
1652692476113996000,569.0,1,569.0,3,570.0,18,2,2022-05-16 09:14:36
1652692480049114000,569.0,7,568.0,6,570.0,18,2,2022-05-16 09:14:40
1652692481076268000,569.0,1,568.0,7,569.0,5,1,2022-05-16 09:14:41
1652692481117302000,569.0,1,568.0,7,569.0,4,1,2022-05-16 09:14:41
1652692484685501000,570.0,1,568.0,8,570.0,17,1,2022-05-16 09:14:44
1652692485671584000,570.0,1,569.0,1,570.0,16,1,2022-05-16 09:14:45
1652692488909717000,569.0,1,569.0,1,570.0,16,2,2022-05-16 09:14:48
1652692499914440000,570.0,1,569.0,3,570.0,15,1,2022-05-16 09:14:59
1652692505192357000,570.0,1,569.0,3,570.0,15,1,2022-05-16 09:15:05
1652692506977635000,570.0,1,569.0,4,570.0,14,1,2022-05-16 09:15:06
1652692507205450000,570.0,1,569.0,4,570.0,13,1,2022-05-16 09:15:07
1652692525187620000,570.0,1,569.0,5,570.0,13,1,2022-05-16 09:15:25
1652692528944147000,570.0,1,569.0,6,570.0,12,1,2022-05-16 09:15:28
1652692529196010000,569.0,5,569.0,1,570.0,12,2,2022-05-16 09:15:29
1652692531585375000,570.0,1,569.0,2,570.0,11,1,2022-05-16 09:15:31
1652692536062135000,569.0,2,568.0,10,569.0,3,2,2022-05-16 09:15:36
1652692543003752000,569.0,1,568.0,9,569.0,7,1,2022-05-16 09:15:43
1652692544135265000,569.0,2,568.0,9,570.0,12,1,2022-05-16 09:15:44
1652692552477173000,568.0,1,568.0,8,570.0,12,2,2022-05-16 09:15:52
1652692556883232000,568.0,2,568.0,6,569.0,1,2,2022-05-16 09:15:56
1652692557554640000,569.0,3,568.0,6,569.0,3,1,2022-05-16 09:15:57
1652692574451748000,569.0,1,568.0,5,570.0,12,2,2022-05-16 09:16:14
1652692575345224000,570.0,12,570.0,8,571.0,11,1,2022-05-16 09:16:15
1652692575376050000,570.0,8,568.0,5,571.0,11,2,2022-05-16 09:16:15
1652692589033885000,571.0,1,570.0,10,571.0,12,1,2022-05-16 09:16:29
1652692589086505000,571.0,10,570.0,10,571.0,2,1,2022-05-16 09:16:29
1652692591439551000,571.0,6,571.0,4,572.0,6,1,2022-05-16 09:16:31
1652692595205902000,571.0,1,571.0,4,572.0,4,2,2022-05-16 09:16:35
1652692595520905000,571.0,4,570.0,13,571.0,5,2,2022-05-16 09:16:35
1652692596250609000,571.0,1,570.0,13,571.0,7,1,2022-05-16 09:16:36
1652692600804316000,571.0,1,570.0,13,571.0,5,1,2022-05-16 09:16:40
1652692601412046000,571.0,1,570.0,13,571.0,4,1,2022-05-16 09:16:41
1652692604659977000,571.0,1,570.0,14,571.0,3,1,2022-05-16 09:16:44
1652692608865043000,571.0,1,570.0,15,571.0,6,1,2022-05-16 09:16:48
1652692612723684000,571.0,1,570.0,16,571.0,2,1,2022-05-16 09:16:52
1652692616313540000,571.0,1,570.0,16,571.0,4,1,2022-05-16 09:16:56
1652692618009123000,571.0,1,570.0,16,572.0,7,1,2022-05-16 09:16:58
1652692619872671000,571.0,1,570.0,16,572.0,7,2,2022-05-16 09:16:59
1652692624336987000,570.0,5,570.0,11,571.0,5,2,2022-05-16 09:17:04
1652692625010647000,571.0,4,570.0,11,571.0,2,1,2022-05-16 09:17:05
1652692625229068000,570.0,5,570.0,6,571.0,2,2,2022-05-16 09:17:05
1652692626174381000,570.0,5,570.0,1,571.0,6,2,2022-05-16 09:17:06
1652692626206120000,570.0,1,569.0,13,571.0,6,2,2022-05-16 09:17:06
1652692631074565000,570.0,1,569.0,13,570.0,4,1,2022-05-16 09:17:11
1652692634433670000,570.0,1,569.0,13,570.0,4,1,2022-05-16 09:17:14
1652692635596428000,571.0,1,569.0,13,571.0,8,1,2022-05-16 09:17:15
1652692639491137000,570.0,1,569.0,13,571.0,8,1,2022-05-16 09:17:19
1652692650379793000,570.0,1,569.0,13,571.0,8,1,2022-05-16 09:17:30
1652692670744189000,570.0,1,569.0,13,570.0,4,1,2022-05-16 09:17:50
1652692671323377000,570.0,1,569.0,13,570.0,3,1,2022-05-16 09:17:51
1652692671422309000,569.0,1,569.0,12,570.0,3,2,2022-05-16 09:17:51
1652692674766813000,570.0,2,569.0,12,570.0,1,1,2022-05-16 09:17:54
1652692686974827000,570.0,1,569.0,12,570.0,9,1,2022-05-16 09:18:06
1652692689574946000,570.0,1,569.0,12,570.0,9,1,2022-05-16 09:18:09
1652692695778038000,570.0,1,569.0,11,570.0,8,1,2022-05-16 09:18:15
1652692698269423000,570.0,2,569.0,11,570.0,6,1,2022-05-16 09:18:18
1652692704955884000,569.0,1,569.0,10,570.0,7,2,2022-05-16 09:18:24
1652692716290298000,570.0,1,569.0,10,570.0,9,1,2022-05-16 09:18:36
1652692719161601000,569.0,1,569.0,9,570.0,11,2,2022-05-16 09:18:39
1652692719196240000,569.0,1,569.0,8,570.0,11,2,2022-05-16 09:18:39
1652692721075400000,569.0,2,569.0,6,570.0,11,2,2022-05-16 09:18:41
1652692721479400000,570.0,10,569.0,6,570.0,1,1,2022-05-16 09:18:41
1652692721515390000,569.0,1,569.0,5,570.0,1,2,2022-05-16 09:18:41
1652692722194422000,569.0,1,569.0,4,570.0,1,2,2022-05-16 09:18:42
1652692724202719000,570.0,1,570.0,9,571.0,8,1,2022-05-16 09:18:44
1652692724892202000,570.0,2,570.0,7,571.0,3,2,2022-05-16 09:18:44
1652692724917735000,570.0,2,570.0,5,571.0,3,2,2022-05-16 09:18:44
1652692728126204000,570.0,5,570.0,1,571.0,3,2,2022-05-16 09:18:48
1652692728162339000,570.0,1,569.0,4,571.0,3,2,2022-05-16 09:18:48
1652692737705486000,570.0,1,570.0,1,571.0,3,2,2022-05-16 09:18:57
1652692738396686000,570.0,1,569.0,4,570.0,4,2,2022-05-16 09:18:58
1652692745096384000,569.0,1,569.0,5,570.0,6,2,2022-05-16 09:19:05
1652692752686042000,570.0,3,569.0,7,570.0,4,1,2022-05-16 09:19:12
1652692753250568000,569.0,1,569.0,6,570.0,4,2,2022-05-16 09:19:13
1652692760574280000,569.0,7,568.0,5,570.0,4,2,2022-05-16 09:19:20
1652692760574280000,568.0,13,568.0,5,570.0,4,2,2022-05-16 09:19:20
1652692764532655000,569.0,1,568.0,4,570.0,8,1,2022-05-16 09:19:24
1652692767970349000,569.0,1,568.0,5,569.0,4,2,2022-05-16 09:19:27
1652692778101750000,569.0,2,568.0,13,569.0,3,1,2022-05-16 09:19:38
1652692791663527000,569.0,2,568.0,19,570.0,4,1,2022-05-16 09:19:51
1652692796859553000,569.0,1,568.0,24,570.0,4,2,2022-05-16 09:19:56
1652692803452158000,570.0,4,568.0,25,571.0,3,1,2022-05-16 09:20:03
1652692803668217000,571.0,3,569.0,1,572.0,8,1,2022-05-16 09:20:03
1652692803668217000,572.0,1,569.0,1,572.0,8,1,2022-05-16 09:20:03
1652692822880778000,570.0,1,569.0,13,570.0,4,2,2022-05-16 09:20:22
1652692822994924000,570.0,4,569.0,13,571.0,6,1,2022-05-16 09:20:22
1652692823433587000,571.0,6,571.0,9,572.0,8,1,2022-05-16 09:20:23
1652692823861904000,571.0,1,571.0,8,572.0,8,2,2022-05-16 09:20:23
1652692826922546000,571.0,5,571.0,3,572.0,8,2,2022-05-16 09:20:26
1652692826942405000,571.0,1,571.0,2,572.0,8,2,2022-05-16 09:20:26
1652692828184847000,572.0,1,571.0,2,572.0,7,1,2022-05-16 09:20:28
1652692828298279000,571.0,2,569.0,13,571.0,3,2,2022-05-16 09:20:28
1652692834092846000,571.0,1,570.0,10,571.0,4,1,2022-05-16 09:20:34
1652692836868579000,571.0,1,570.0,10,571.0,4,1,2022-05-16 09:20:36
1652692837676351000,571.0,4,571.0,1,572.0,7,1,2022-05-16 09:20:37
1652692841765652000,571.0,1,571.0,3,572.0,7,2,2022-05-16 09:20:41
1652692844427177000,572.0,1,571.0,3,572.0,4,1,2022-05-16 09:20:44
1652692845724332000,572.0,1,571.0,4,572.0,3,1,2022-05-16 09:20:45
1652692845749460000,572.0,3,571.0,4,573.0,7,1,2022-05-16 09:20:45
1652692846713630000,572.0,1,571.0,4,573.0,9,1,2022-05-16 09:20:46
1652692848025928000,572.0,1,572.0,1,573.0,9,2,2022-05-16 09:20:48
1652692850139862000,573.0,9,572.0,1,574.0,12,1,2022-05-16 09:20:50
1652692850139862000,574.0,1,572.0,1,574.0,12,1,2022-05-16 09:20:50
1652692854265177000,573.0,1,572.0,1,573.0,4,1,2022-05-16 09:20:54
1652692854606991000,573.0,1,572.0,1,573.0,3,1,2022-05-16 09:20:54
1652692857069812000,572.0,1,571.0,5,572.0,4,2,2022-05-16 09:20:57
1652692857478735000,572.0,1,571.0,5,572.0,3,1,2022-05-16 09:20:57
1652692864394828000,572.0,1,571.0,6,572.0,2,1,2022-05-16 09:21:04
1652692866233344000,572.0,6,572.0,3,573.0,6,1,2022-05-16 09:21:06
1652692866277824000,573.0,2,572.0,3,573.0,4,1,2022-05-16 09:21:06
1652692866499270000,572.0,1,572.0,2,573.0,4,2,2022-05-16 09:21:06
1652692866752978000,572.0,2,572.0,1,573.0,4,2,2022-05-16 09:21:06
1652692884015277000,572.0,1,572.0,3,573.0,7,2,2022-05-16 09:21:24
1652692894826871000,573.0,4,572.0,3,573.0,3,1,2022-05-16 09:21:34
1652692895919931000,572.0,1,572.0,2,573.0,2,2,2022-05-16 09:21:35
1652692898068568000,572.0,1,572.0,1,573.0,2,2,2022-05-16 09:21:38
1652692907742969000,572.0,2,571.0,10,572.0,3,2,2022-05-16 09:21:47
1652692915345798000,571.0,6,571.0,4,572.0,12,2,2022-05-16 09:21:55
1652692915615458000,571.0,4,570.0,23,572.0,15,2,2022-05-16 09:21:55
1652692921847281000,570.0,5,570.0,18,571.0,6,2,2022-05-16 09:22:01
1652692922615606000,571.0,1,570.0,18,571.0,7,1,2022-05-16 09:22:02
1652692936066543000,570.0,5,570.0,13,571.0,7,2,2022-05-16 09:22:16
1652692936092314000,570.0,2,570.0,11,571.0,7,2,2022-05-16 09:22:16
1652692937262496000,570.0,1,570.0,11,571.0,7,2,2022-05-16 09:22:17
1652692937442393000,571.0,1,570.0,10,571.0,6,1,2022-05-16 09:22:17
1652692941158028000,570.0,5,570.0,5,571.0,7,2,2022-05-16 09:22:21
1652692941196829000,570.0,1,570.0,4,571.0,8,2,2022-05-16 09:22:21
1652692941223092000,570.0,4,569.0,16,570.0,1,2,2022-05-16 09:22:21
1652692941293879000,570.0,1,569.0,15,571.0,6,1,2022-05-16 09:22:21
1652692946174537000,570.0,1,569.0,15,570.0,2,1,2022-05-16 09:22:26
1652692951640297000,570.0,1,569.0,15,570.0,1,1,2022-05-16 09:22:31
1652692953539936000,570.0,2,570.0,1,571.0,9,1,2022-05-16 09:22:33
1652692963643475000,570.0,1,570.0,1,571.0,5,2,2022-05-16 09:22:43
1652692963942628000,570.0,1,569.0,16,570.0,4,2,2022-05-16 09:22:43
1652692963981731000,570.0,2,569.0,16,570.0,2,1,2022-05-16 09:22:43
1652692963983921000,570.0,2,569.0,16,571.0,5,1,2022-05-16 09:22:43
1652692968042827000,570.0,1,569.0,16,571.0,5,2,2022-05-16 09:22:48
1652692971856432000,569.0,1,569.0,15,571.0,5,2,2022-05-16 09:22:51
1652692973057813000,570.0,1,569.0,15,571.0,6,2,2022-05-16 09:22:53
1652692984779805000,570.0,1,569.0,15,571.0,5,1,2022-05-16 09:23:04
1652692987109275000,571.0,4,569.0,15,571.0,1,1,2022-05-16 09:23:07
1652693001759437000,571.0,1,570.0,2,572.0,18,1,2022-05-16 09:23:21
1652693006213125000,571.0,2,570.0,2,572.0,13,2,2022-05-16 09:23:26
1652693024042890000,571.0,2,570.0,17,572.0,11,1,2022-05-16 09:23:44
1652693024042890000,572.0,2,570.0,17,572.0,11,1,2022-05-16 09:23:44
1652693026205401000,571.0,1,570.0,17,572.0,9,2,2022-05-16 09:23:46
1652693028644514000,572.0,9,570.0,17,573.0,1,1,2022-05-16 09:23:48
1652693028644514000,573.0,11,570.0,17,573.0,1,1,2022-05-16 09:23:48
1652693035930980000,573.0,1,571.0,2,573.0,1,1,2022-05-16 09:23:55
1652693045832058000,573.0,2,572.0,23,574.0,13,1,2022-05-16 09:24:05
1652693058862950000,574.0,4,573.0,10,574.0,9,1,2022-05-16 09:24:18
1652693058896252000,574.0,4,573.0,10,574.0,5,1,2022-05-16 09:24:18
1652693058896276000,574.0,5,573.0,10,575.0,22,1,2022-05-16 09:24:18
1652693061309637000,574.0,1,573.0,30,575.0,23,1,2022-05-16 09:24:21
1652693065329399000,574.0,1,574.0,7,575.0,23,2,2022-05-16 09:24:25
1652693065929555000,575.0,1,574.0,12,575.0,22,1,2022-05-16 09:24:25
1652693066020060000,575.0,1,574.0,12,575.0,21,1,2022-05-16 09:24:26
1652693066034995000,575.0,1,574.0,12,575.0,20,1,2022-05-16 09:24:26
1652693068791401000,575.0,3,574.0,9,575.0,17,1,2022-05-16 09:24:28
1652693070174396000,575.0,1,574.0,8,575.0,16,1,2022-05-16 09:24:30
1652693070706448000,575.0,1,574.0,9,575.0,15,1,2022-05-16 09:24:30
1652693071855404000,575.0,2,574.0,9,575.0,13,1,2022-05-16 09:24:31
1652693073513946000,575.0,1,574.0,9,575.0,12,1,2022-05-16 09:24:33
1652693074007800000,575.0,2,574.0,7,575.0,10,1,2022-05-16 09:24:34
1652693075713369000,575.0,1,574.0,7,575.0,10,1,2022-05-16 09:24:35
1652693075741097000,575.0,1,574.0,7,575.0,9,1,2022-05-16 09:24:35
1652693075836685000,574.0,1,574.0,6,575.0,9,2,2022-05-16 09:24:35
1652693080996949000,574.0,5,574.0,2,575.0,15,2,2022-05-16 09:24:40
1652693081043996000,575.0,4,574.0,2,575.0,11,1,2022-05-16 09:24:41
1652693083264515000,574.0,1,574.0,2,575.0,11,2,2022-05-16 09:24:43
1652693083857225000,574.0,1,574.0,1,575.0,11,2,2022-05-16 09:24:43
1652693084172380000,574.0,1,573.0,26,575.0,11,2,2022-05-16 09:24:44
1652693085241309000,575.0,1,573.0,26,575.0,10,1,2022-05-16 09:24:45
1652693086496712000,574.0,1,573.0,26,574.0,1,1,2022-05-16 09:24:46
1652693086531371000,574.0,1,573.0,26,575.0,10,1,2022-05-16 09:24:46
1652693087458300000,575.0,1,573.0,27,575.0,9,1,2022-05-16 09:24:47
1652693090667656000,575.0,10,575.0,10,576.0,13,1,2022-05-16 09:24:50
1652693090754966000,575.0,1,575.0,9,576.0,13,2,2022-05-16 09:24:50
1652693091928651000,575.0,2,575.0,7,576.0,13,2,2022-05-16 09:24:51
1652693096633415000,576.0,1,575.0,7,576.0,13,1,2022-05-16 09:24:56
1652693097550457000,576.0,1,575.0,7,576.0,11,1,2022-05-16 09:24:57
1652693098110684000,575.0,5,575.0,2,576.0,11,2,2022-05-16 09:24:58
1652693098140742000,576.0,1,575.0,2,576.0,10,1,2022-05-16 09:24:58
1652693098974759000,575.0,2,574.0,1,575.0,3,2,2022-05-16 09:24:58
1652693099856737000,574.0,1,574.0,2,575.0,3,2,2022-05-16 09:24:59
1652693100996930000,575.0,1,574.0,2,575.0,3,1,2022-05-16 09:25:00
1652693111213217000,575.0,1,574.0,2,575.0,6,1,2022-05-16 09:25:11
1652693112072397000,575.0,1,574.0,2,575.0,5,1,2022-05-16 09:25:12
1652693116098162000,575.0,1,574.0,3,575.0,4,1,2022-05-16 09:25:16
1652693117784347000,575.0,1,574.0,3,575.0,3,1,2022-05-16 09:25:17
1652693122601638000,575.0,1,574.0,4,575.0,3,1,2022-05-16 09:25:22
1652693123939942000,575.0,1,574.0,4,575.0,2,1,2022-05-16 09:25:23
1652693132404370000,575.0,1,574.0,9,575.0,9,1,2022-05-16 09:25:32
1652693135816235000,574.0,1,574.0,8,575.0,9,2,2022-05-16 09:25:35
1652693140989918000,574.0,1,574.0,8,575.0,12,2,2022-05-16 09:25:40
1652693141993961000,574.0,1,574.0,8,575.0,12,2,2022-05-16 09:25:41
1652693142392672000,574.0,1,574.0,7,575.0,12,2,2022-05-16 09:25:42
1652693143382517000,575.0,4,574.0,7,575.0,8,1,2022-05-16 09:25:43
1652693151554025000,574.0,1,574.0,7,575.0,9,2,2022-05-16 09:25:51
1652693169996777000,575.0,2,574.0,8,575.0,8,1,2022-05-16 09:26:09
1652693170521048000,575.0,1,574.0,8,575.0,7,1,2022-05-16 09:26:10
1652693171246150000,575.0,6,574.0,8,575.0,1,1,2022-05-16 09:26:11
1652693171279408000,575.0,1,574.0,8,576.0,15,1,2022-05-16 09:26:11
1652693173720350000,576.0,4,574.0,9,576.0,13,1,2022-05-16 09:26:13
1652693176719833000,575.0,5,574.0,7,575.0,9,2,2022-05-16 09:26:16
1652693177019337000,575.0,1,574.0,6,575.0,8,1,2022-05-16 09:26:17
1652693179606373000,575.0,1,574.0,7,575.0,7,1,2022-05-16 09:26:19
1652693186255782000,575.0,1,574.0,8,575.0,7,1,2022-05-16 09:26:26
1652693188221160000,575.0,3,574.0,8,575.0,4,1,2022-05-16 09:26:28
1652693189445354000,575.0,2,574.0,8,575.0,2,1,2022-05-16 09:26:29
1652693189477802000,575.0,2,574.0,8,576.0,12,1,2022-05-16 09:26:29
1652693203364022000,575.0,2,575.0,5,576.0,16,2,2022-05-16 09:26:43
1652693207227947000,575.0,5,575.0,1,576.0,16,2,2022-05-16 09:26:47
1652693207954083000,576.0,5,575.0,1,576.0,11,1,2022-05-16 09:26:47
1652693208931700000,576.0,1,575.0,1,576.0,10,1,2022-05-16 09:26:48
1652693209257797000,575.0,1,574.0,12,575.0,1,2,2022-05-16 09:26:49
1652693211949184000,575.0,2,574.0,12,575.0,1,1,2022-05-16 09:26:51
1652693212197303000,575.0,1,575.0,5,576.0,10,1,2022-05-16 09:26:52
1652693223895573000,575.0,1,575.0,10,576.0,10,2,2022-05-16 09:27:03
1652693224717823000,576.0,1,575.0,9,576.0,9,1,2022-05-16 09:27:04
1652693225792770000,576.0,4,575.0,9,576.0,5,1,2022-05-16 09:27:05
1652693231035651000,576.0,1,575.0,9,576.0,6,1,2022-05-16 09:27:11
1652693232029733000,576.0,2,575.0,9,576.0,5,1,2022-05-16 09:27:12
1652693232251092000,576.0,1,575.0,9,576.0,4,1,2022-05-16 09:27:12
1652693233563242000,576.0,2,575.0,9,576.0,2,1,2022-05-16 09:27:13
1652693236979381000,576.0,1,575.0,9,576.0,2,1,2022-05-16 09:27:16
1652693237116669000,576.0,1,575.0,9,576.0,1,1,2022-05-16 09:27:17
1652693237382516000,576.0,1,575.0,9,577.0,30,1,2022-05-16 09:27:17
1652693239446556000,576.0,2,575.0,8,576.0,3,2,2022-05-16 09:27:19
1652693239518391000,576.0,1,575.0,8,576.0,2,1,2022-05-16 09:27:19
1652693241818726000,576.0,2,575.0,8,577.0,31,1,2022-05-16 09:27:21
1652693246434404000,577.0,10,576.0,1,577.0,21,1,2022-05-16 09:27:26
1652693247100873000,576.0,1,575.0,8,577.0,21,2,2022-05-16 09:27:27
1652693261726029000,576.0,4,575.0,10,576.0,11,1,2022-05-16 09:27:41
1652693263420465000,576.0,2,575.0,11,576.0,9,1,2022-05-16 09:27:43
1652693264925172000,576.0,1,575.0,12,576.0,8,1,2022-05-16 09:27:44
1652693268565393000,576.0,1,575.0,12,576.0,7,1,2022-05-16 09:27:48
1652693276977222000,576.0,1,575.0,14,576.0,7,1,2022-05-16 09:27:56
1652693278827463000,576.0,5,575.0,15,576.0,2,1,2022-05-16 09:27:58
1652693281559544000,576.0,1,575.0,16,576.0,1,1,2022-05-16 09:28:01
1652693282165414000,576.0,2,575.0,16,577.0,19,1,2022-05-16 09:28:02
1652693282165414000,577.0,3,575.0,16,577.0,19,1,2022-05-16 09:28:02
1652693285548873000,577.0,1,576.0,2,577.0,17,1,2022-05-16 09:28:05
1652693285559341000,577.0,1,576.0,2,577.0,16,1,2022-05-16 09:28:05
1652693285593117000,577.0,2,576.0,2,577.0,14,1,2022-05-16 09:28:05
1652693285784360000,577.0,1,576.0,2,577.0,13,1,2022-05-16 09:28:05
1652693285791114000,577.0,1,576.0,2,577.0,12,1,2022-05-16 09:28:05
1652693285796004000,577.0,1,576.0,2,577.0,11,1,2022-05-16 09:28:05
1652693285806122000,577.0,1,576.0,2,577.0,10,1,2022-05-16 09:28:05
1652693285811368000,577.0,1,576.0,2,577.0,9,1,2022-05-16 09:28:05
1652693285873794000,577.0,1,576.0,2,577.0,8,1,2022-05-16 09:28:05
1652693286707869000,577.0,1,576.0,3,577.0,7,1,2022-05-16 09:28:06
1652693286720943000,577.0,2,576.0,3,577.0,5,1,2022-05-16 09:28:06
1652693286751765000,577.0,3,576.0,3,577.0,2,1,2022-05-16 09:28:06
1652693286813283000,577.0,2,576.0,3,578.0,32,1,2022-05-16 09:28:06
1652693288478845000,577.0,1,576.0,4,577.0,4,2,2022-05-16 09:28:08
1652693288847340000,577.0,1,576.0,4,577.0,3,1,2022-05-16 09:28:08
1652693291211997000,577.0,1,576.0,5,577.0,2,1,2022-05-16 09:28:11
1652693292092557000,577.0,2,576.0,5,578.0,31,1,2022-05-16 09:28:12
1652693292682195000,577.0,1,576.0,6,577.0,4,1,2022-05-16 09:28:12
1652693292716722000,577.0,4,576.0,6,578.0,31,1,2022-05-16 09:28:12
1652693294283834000,577.0,1,576.0,6,578.0,31,1,2022-05-16 09:28:14
1652693295504194000,577.0,1,576.0,7,578.0,31,2,2022-05-16 09:28:15
1652693299715839000,577.0,1,577.0,3,578.0,31,2,2022-05-16 09:28:19
1652693303350533000,578.0,1,577.0,3,578.0,31,1,2022-05-16 09:28:23
1652693317026106000,578.0,2,577.0,6,578.0,30,1,2022-05-16 09:28:37
1652693322658195000,578.0,1,577.0,6,578.0,20,1,2022-05-16 09:28:42
1652693322961712000,578.0,1,577.0,6,578.0,19,1,2022-05-16 09:28:42
1652693334602172000,578.0,1,577.0,8,578.0,19,1,2022-05-16 09:28:54
1652693334747722000,577.0,1,577.0,7,578.0,18,2,2022-05-16 09:28:54
1652693336734398000,577.0,5,577.0,2,578.0,18,2,2022-05-16 09:28:56
1652693338994647000,577.0,1,577.0,1,578.0,17,2,2022-05-16 09:28:58
1652693339059825000,578.0,1,577.0,1,578.0,16,1,2022-05-16 09:28:59
1652693339150805000,577.0,1,576.0,6,577.0,4,2,2022-05-16 09:28:59
1652693344243186000,577.0,2,576.0,6,577.0,3,1,2022-05-16 09:29:04
1652693348355959000,577.0,1,576.0,8,577.0,5,1,2022-05-16 09:29:08
1652693350060768000,577.0,1,576.0,8,577.0,4,1,2022-05-16 09:29:10
1652693352645157000,577.0,1,576.0,8,577.0,3,1,2022-05-16 09:29:12
1652693355043136000,577.0,3,576.0,9,578.0,16,1,2022-05-16 09:29:15
1652693355043136000,578.0,1,576.0,9,578.0,16,1,2022-05-16 09:29:15
1652693355579023000,578.0,1,576.0,9,578.0,15,1,2022-05-16 09:29:15
1652693360431539000,577.0,1,576.0,8,577.0,3,1,2022-05-16 09:29:20
1652693364630458000,577.0,1,576.0,9,577.0,2,1,2022-05-16 09:29:24
1652693366938952000,577.0,1,576.0,9,577.0,1,1,2022-05-16 09:29:26
1652693368104435000,577.0,1,576.0,9,578.0,26,1,2022-05-16 09:29:28
1652693371339607000,578.0,2,576.0,9,578.0,24,1,2022-05-16 09:29:31
1652693376939407000,578.0,2,577.0,1,578.0,22,1,2022-05-16 09:29:36
1652693393612154000,578.0,5,577.0,9,578.0,22,1,2022-05-16 09:29:53
1652693394479572000,578.0,10,577.0,9,578.0,12,1,2022-05-16 09:29:54
1652693394504150000,578.0,1,577.0,9,578.0,11,1,2022-05-16 09:29:54
1652693398568660000,578.0,1,577.0,10,578.0,10,1,2022-05-16 09:29:58
1652693398671559000,578.0,2,577.0,10,578.0,8,1,2022-05-16 09:29:58
1652693398913817000,578.0,7,577.0,10,578.0,1,1,2022-05-16 09:29:58
1652693398944024000,578.0,1,577.0,10,579.0,19,1,2022-05-16 09:29:58
1652693408341290000,579.0,1,578.0,13,579.0,19,1,2022-05-16 09:30:08
1652693408821725000,579.0,1,578.0,13,579.0,18,1,2022-05-16 09:30:08
1652693409056871000,579.0,6,578.0,13,579.0,12,1,2022-05-16 09:30:09
1652693409725909000,579.0,1,578.0,13,579.0,11,1,2022-05-16 09:30:09
1652693410308130000,579.0,1,578.0,13,579.0,9,1,2022-05-16 09:30:10
1652693413630964000,579.0,1,578.0,13,579.0,8,1,2022-05-16 09:30:13
1652693413665571000,579.0,8,578.0,13,580.0,23,1,2022-05-16 09:30:13
1652693414801260000,579.0,1,579.0,5,580.0,23,2,2022-05-16 09:30:14
1652693416261092000,580.0,1,579.0,6,580.0,19,1,2022-05-16 09:30:16
1652693417706032000,579.0,1,579.0,5,580.0,19,2,2022-05-16 09:30:17
1652693417750191000,580.0,10,579.0,5,580.0,9,1,2022-05-16 09:30:17
1652693417903804000,579.0,2,579.0,3,580.0,9,2,2022-05-16 09:30:17
1652693418783249000,580.0,1,579.0,3,580.0,8,1,2022-05-16 09:30:18
1652693419851353000,580.0,8,580.0,2,581.0,7,1,2022-05-16 09:30:19
1652693421977896000,581.0,4,580.0,3,581.0,3,1,2022-05-16 09:30:21
1652693422012370000,581.0,1,580.0,3,581.0,2,1,2022-05-16 09:30:22
1652693422050093000,581.0,1,580.0,3,581.0,1,1,2022-05-16 09:30:22
1652693422968917000,581.0,1,580.0,3,582.0,13,1,2022-05-16 09:30:22
1652693425325006000,581.0,1,580.0,4,581.0,1,1,2022-05-16 09:30:25
1652693425547694000,580.0,1,580.0,3,581.0,1,2,2022-05-16 09:30:25
1652693425952408000,581.0,1,581.0,1,582.0,15,1,2022-05-16 09:30:25
1652693428253735000,582.0,1,581.0,5,582.0,13,1,2022-05-16 09:30:28
1652693429617291000,582.0,13,582.0,17,583.0,16,1,2022-05-16 09:30:29
1652693430188271000,582.0,1,582.0,16,583.0,16,2,2022-05-16 09:30:30
1652693432340011000,582.0,2,582.0,16,583.0,16,2,2022-05-16 09:30:32
1652693432639830000,583.0,1,582.0,16,583.0,15,1,2022-05-16 09:30:32
1652693432871812000,583.0,1,582.0,16,583.0,14,1,2022-05-16 09:30:32
1652693432879141000,583.0,1,582.0,16,583.0,13,1,2022-05-16 09:30:32
1652693433082582000,583.0,1,582.0,16,583.0,12,1,2022-05-16 09:30:33
1652693433659976000,583.0,2,582.0,17,583.0,10,1,2022-05-16 09:30:33
1652693434700365000,583.0,1,582.0,19,583.0,9,1,2022-05-16 09:30:34
1652693434943580000,583.0,2,582.0,19,583.0,7,1,2022-05-16 09:30:34
1652693434968262000,583.0,2,582.0,20,583.0,5,1,2022-05-16 09:30:34
1652693435636562000,583.0,3,582.0,20,583.0,2,1,2022-05-16 09:30:35
1652693435667372000,583.0,1,582.0,20,583.0,1,1,2022-05-16 09:30:35
1652693435680361000,583.0,1,582.0,20,584.0,9,1,2022-05-16 09:30:35
1652693436580266000,584.0,1,583.0,1,584.0,8,1,2022-05-16 09:30:36
1652693436732866000,583.0,1,583.0,1,584.0,9,2,2022-05-16 09:30:36
1652693437245891000,584.0,2,583.0,1,584.0,7,1,2022-05-16 09:30:37
1652693438786621000,583.0,1,583.0,3,584.0,7,2,2022-05-16 09:30:38
1652693439469455000,583.0,1,583.0,2,584.0,6,2,2022-05-16 09:30:39
1652693439837604000,584.0,2,583.0,2,584.0,5,1,2022-05-16 09:30:39
1652693440100990000,584.0,1,583.0,3,584.0,6,1,2022-05-16 09:30:40
1652693440555345000,584.0,1,583.0,3,584.0,5,1,2022-05-16 09:30:40
1652693440675616000,584.0,1,583.0,3,584.0,4,1,2022-05-16 09:30:40
1652693440803935000,584.0,1,583.0,5,584.0,3,1,2022-05-16 09:30:40
1652693442619711000,584.0,1,583.0,7,584.0,3,1,2022-05-16 09:30:42
1652693442702913000,583.0,1,583.0,6,584.0,3,2,2022-05-16 09:30:42
1652693443143980000,584.0,1,583.0,8,584.0,2,1,2022-05-16 09:30:43
1652693443835776000,584.0,5,583.0,8,584.0,2,1,2022-05-16 09:30:43
1652693443889376000,584.0,2,583.0,8,585.0,57,1,2022-05-16 09:30:43
1652693443999932000,584.0,10,583.0,8,585.0,60,2,2022-05-16 09:30:43
1652693444558250000,583.0,1,583.0,7,585.0,60,2,2022-05-16 09:30:44
1652693445032917000,584.0,2,583.0,7,585.0,60,1,2022-05-16 09:30:45
1652693447536538000,585.0,4,584.0,5,585.0,54,1,2022-05-16 09:30:47
1652693447606349000,584.0,1,584.0,4,585.0,54,2,2022-05-16 09:30:47
1652693448025165000,584.0,1,584.0,3,585.0,53,2,2022-05-16 09:30:48
1652693448076797000,584.0,2,584.0,1,585.0,53,2,2022-05-16 09:30:48
1652693448146207000,584.0,1,583.0,7,585.0,53,2,2022-05-16 09:30:48
1652693449582743000,584.0,1,583.0,7,584.0,1,1,2022-05-16 09:30:49
1652693449856663000,584.0,1,583.0,7,585.0,52,1,2022-05-16 09:30:49
1652693450301676000,584.0,1,583.0,7,585.0,54,2,2022-05-16 09:30:50
1652693452611481000,583.0,5,583.0,2,584.0,15,2,2022-05-16 09:30:52
1652693452654355000,583.0,1,583.0,1,584.0,15,2,2022-05-16 09:30:52
1652693452680426000,583.0,1,582.0,24,584.0,15,2,2022-05-16 09:30:52
1652693454156864000,583.0,2,582.0,22,583.0,5,1,2022-05-16 09:30:54
1652693455307519000,582.0,1,582.0,21,583.0,6,2,2022-05-16 09:30:55
1652693456379319000,582.0,3,582.0,18,583.0,6,2,2022-05-16 09:30:56
1652693456976456000,583.0,2,582.0,18,583.0,4,1,2022-05-16 09:30:56
1652693457328465000,582.0,1,582.0,17,583.0,5,2,2022-05-16 09:30:57
1652693459281819000,582.0,5,582.0,13,583.0,5,2,2022-05-16 09:30:59
1652693460304846000,582.0,1,582.0,13,583.0,5,2,2022-05-16 09:31:00
1652693461263360000,582.0,1,582.0,12,583.0,7,2,2022-05-16 09:31:01
1652693462456193000,583.0,2,582.0,13,583.0,5,1,2022-05-16 09:31:02
1652693462525361000,582.0,1,582.0,12,583.0,3,2,2022-05-16 09:31:02
1652693465317578000,583.0,1,582.0,7,583.0,2,1,2022-05-16 09:31:05
1652693465989964000,582.0,1,582.0,7,583.0,2,2,2022-05-16 09:31:05
1652693466409374000,582.0,1,582.0,7,583.0,2,2,2022-05-16 09:31:06
1652693467492539000,582.0,1,582.0,6,583.0,2,2,2022-05-16 09:31:07
1652693467667466000,582.0,1,582.0,5,583.0,2,2,2022-05-16 09:31:07
1652693469423353000,582.0,2,582.0,5,583.0,4,2,2022-05-16 09:31:09
1652693473417723000,582.0,1,582.0,9,583.0,6,2,2022-05-16 09:31:13
1652693474012807000,582.0,2,582.0,7,583.0,7,2,2022-05-16 09:31:14
1652693474589811000,582.0,1,582.0,6,583.0,8,2,2022-05-16 09:31:14
1652693475017641000,582.0,1,582.0,6,583.0,8,2,2022-05-16 09:31:15
1652693475704846000,583.0,1,582.0,6,583.0,8,1,2022-05-16 09:31:15
1652693477081859000,583.0,2,582.0,7,583.0,6,1,2022-05-16 09:31:17
1652693477968151000,582.0,1,582.0,6,583.0,12,2,2022-05-16 09:31:17
1652693478546717000,582.0,1,582.0,5,583.0,12,2,2022-05-16 09:31:18
1652693480164103000,583.0,3,582.0,5,583.0,9,1,2022-05-16 09:31:20
1652693481704684000,583.0,1,582.0,7,583.0,8,1,2022-05-16 09:31:21
1652693481813501000,583.0,1,582.0,7,583.0,7,1,2022-05-16 09:31:21
1652693483303680000,583.0,1,582.0,9,583.0,6,1,2022-05-16 09:31:23
1652693483352186000,583.0,1,582.0,9,583.0,5,1,2022-05-16 09:31:23
1652693483839634000,583.0,4,582.0,12,583.0,1,1,2022-05-16 09:31:23
1652693483854131000,583.0,1,582.0,12,584.0,45,1,2022-05-16 09:31:23
1652693484900636000,583.0,1,583.0,1,584.0,44,2,2022-05-16 09:31:24
1652693485685265000,584.0,1,583.0,2,584.0,43,1,2022-05-16 09:31:25
1652693490477828000,583.0,4,582.0,11,583.0,16,2,2022-05-16 09:31:30
1652693490678261000,583.0,1,582.0,11,583.0,15,1,2022-05-16 09:31:30
1652693494464343000,583.0,1,582.0,11,583.0,17,1,2022-05-16 09:31:34
1652693499810185000,583.0,1,582.0,10,583.0,17,1,2022-05-16 09:31:39
1652693500078901000,582.0,1,582.0,9,583.0,17,2,2022-05-16 09:31:40
1652693500693446000,582.0,1,582.0,8,583.0,17,2,2022-05-16 09:31:40
1652693506862204000,582.0,1,582.0,8,583.0,27,2,2022-05-16 09:31:46
1652693509331825000,582.0,1,582.0,7,583.0,27,2,2022-05-16 09:31:49
1652693511666330000,582.0,1,582.0,7,583.0,27,2,2022-05-16 09:31:51
1652693511947668000,582.0,1,582.0,6,583.0,26,2,2022-05-16 09:31:51
1652693513549281000,582.0,1,582.0,5,583.0,27,2,2022-05-16 09:31:53
1652693517217603000,583.0,3,582.0,7,583.0,25,1,2022-05-16 09:31:57
1652693518422822000,582.0,1,582.0,6,583.0,25,2,2022-05-16 09:31:58
1652693518633833000,582.0,1,582.0,6,583.0,25,2,2022-05-16 09:31:58
1652693519775927000,582.0,1,582.0,5,583.0,25,2,2022-05-16 09:31:59
1652693521295177000,583.0,1,582.0,5,583.0,24,1,2022-05-16 09:32:01
1652693529097587000,583.0,1,582.0,7,583.0,24,1,2022-05-16 09:32:09
1652693530010978000,582.0,1,582.0,6,583.0,23,2,2022-05-16 09:32:10
1652693530060171000,582.0,1,582.0,5,583.0,23,2,2022-05-16 09:32:10
1652693530323327000,582.0,1,582.0,4,583.0,23,2,2022-05-16 09:32:10
1652693530818198000,583.0,1,582.0,4,583.0,22,1,2022-05-16 09:32:10
1652693531819314000,582.0,1,582.0,3,583.0,22,2,2022-05-16 09:32:11
1652693535125806000,582.0,1,582.0,3,583.0,22,2,2022-05-16 09:32:15
1652693535897873000,583.0,1,582.0,3,583.0,21,1,2022-05-16 09:32:15
1652693539430321000,583.0,4,582.0,7,583.0,18,1,2022-05-16 09:32:19
1652693539685732000,583.0,6,582.0,7,583.0,12,1,2022-05-16 09:32:19
1652693539933750000,582.0,1,582.0,6,583.0,12,2,2022-05-16 09:32:19
1652693543915408000,583.0,1,582.0,7,583.0,10,1,2022-05-16 09:32:23
1652693549303372000,583.0,1,582.0,9,583.0,9,1,2022-05-16 09:32:29
1652693556249190000,583.0,5,582.0,10,583.0,6,1,2022-05-16 09:32:36
1652693563057830000,583.0,1,582.0,13,583.0,7,1,2022-05-16 09:32:43
1652693573273214000,582.0,1,582.0,13,583.0,10,2,2022-05-16 09:32:53
1652693577834854000,583.0,10,582.0,14,584.0,23,1,2022-05-16 09:32:57
1652693581811759000,583.0,2,582.0,15,583.0,8,1,2022-05-16 09:33:01
1652693584581124000,583.0,1,582.0,17,583.0,7,1,2022-05-16 09:33:04
1652693584613421000,583.0,7,582.0,20,584.0,27,1,2022-05-16 09:33:04
1652693586555584000,583.0,1,583.0,7,584.0,27,2,2022-05-16 09:33:06
1652693586854738000,583.0,1,583.0,6,584.0,26,2,2022-05-16 09:33:06
1652693588660919000,584.0,1,583.0,7,584.0,25,1,2022-05-16 09:33:08
1652693590087563000,583.0,1,583.0,6,584.0,26,2,2022-05-16 09:33:10
1652693590482189000,584.0,1,583.0,7,584.0,25,1,2022-05-16 09:33:10
1652693592658040000,584.0,2,583.0,10,584.0,23,1,2022-05-16 09:33:12
1652693593971277000,584.0,1,583.0,10,584.0,23,1,2022-05-16 09:33:13
1652693596361142000,584.0,1,583.0,10,584.0,22,1,2022-05-16 09:33:16
1652693596817129000,584.0,1,583.0,10,584.0,21,1,2022-05-16 09:33:16
1652693597846593000,583.0,1,583.0,9,584.0,21,2,2022-05-16 09:33:17
1652693598922452000,583.0,1,583.0,8,584.0,18,2,2022-05-16 09:33:18
1652693599313192000,584.0,1,583.0,8,584.0,18,1,2022-05-16 09:33:19
1652693599860864000,584.0,1,583.0,8,584.0,17,1,2022-05-16 09:33:19
1652693604343336000,584.0,1,583.0,20,584.0,16,1,2022-05-16 09:33:24
1652693606943302000,584.0,16,583.0,21,585.0,52,1,2022-05-16 09:33:26
1652693608908424000,584.0,1,584.0,4,585.0,54,1,2022-05-16 09:33:28
1652693613155337000,585.0,2,584.0,8,585.0,50,1,2022-05-16 09:33:33
1652693614978851000,584.0,1,584.0,10,585.0,50,2,2022-05-16 09:33:34
1652693615594942000,584.0,1,584.0,9,585.0,50,2,2022-05-16 09:33:35
1652693617332914000,585.0,3,584.0,10,585.0,47,1,2022-05-16 09:33:37
1652693617657112000,584.0,1,584.0,9,585.0,47,2,2022-05-16 09:33:37
1652693618599771000,585.0,1,584.0,9,585.0,46,1,2022-05-16 09:33:38
1652693618627423000,584.0,6,584.0,3,585.0,46,2,2022-05-16 09:33:38
1652693620197627000,584.0,3,584.0,1,585.0,45,2,2022-05-16 09:33:40
1652693620254818000,584.0,1,583.0,25,585.0,45,2,2022-05-16 09:33:40
1652693620463998000,584.0,1,583.0,25,585.0,43,1,2022-05-16 09:33:40
1652693620479018000,583.0,1,583.0,24,585.0,43,2,2022-05-16 09:33:40
1652693621031785000,584.0,2,583.0,24,585.0,42,1,2022-05-16 09:33:41
1652693621031785000,585.0,2,583.0,24,585.0,42,1,2022-05-16 09:33:41
1652693629737509000,584.0,1,583.0,26,584.0,7,1,2022-05-16 09:33:49
1652693631580933000,584.0,4,583.0,26,584.0,4,1,2022-05-16 09:33:51
1652693632045674000,584.0,1,583.0,26,584.0,3,1,2022-05-16 09:33:52
1652693632601888000,584.0,1,583.0,26,584.0,3,1,2022-05-16 09:33:52
1652693632730214000,584.0,1,583.0,26,584.0,2,1,2022-05-16 09:33:52
1652693632858849000,584.0,1,583.0,26,584.0,1,1,2022-05-16 09:33:52
1652693633130351000,584.0,1,583.0,26,585.0,25,1,2022-05-16 09:33:53
1652693633130351000,585.0,19,583.0,26,585.0,25,1,2022-05-16 09:33:53
1652693633162683000,585.0,17,583.0,27,585.0,8,1,2022-05-16 09:33:53
1652693633223377000,584.0,1,583.0,27,585.0,8,1,2022-05-16 09:33:53
1652693634720030000,584.0,1,584.0,3,585.0,7,2,2022-05-16 09:33:54
1652693634875615000,585.0,1,584.0,3,585.0,6,1,2022-05-16 09:33:54
1652693635049121000,585.0,1,584.0,3,585.0,5,1,2022-05-16 09:33:55
1652693635177326000,584.0,3,583.0,27,585.0,5,2,2022-05-16 09:33:55
1652693636169331000,585.0,1,584.0,1,585.0,4,1,2022-05-16 09:33:56
1652693636195124000,584.0,1,583.0,27,584.0,2,2,2022-05-16 09:33:56
1652693636222006000,584.0,2,583.0,27,585.0,4,1,2022-05-16 09:33:56
1652693638776080000,583.0,2,583.0,27,585.0,4,2,2022-05-16 09:33:58
1652693639732229000,584.0,1,584.0,1,585.0,5,1,2022-05-16 09:33:59
1652693641233350000,584.0,1,583.0,26,585.0,8,2,2022-05-16 09:34:01
1652693642147108000,585.0,1,583.0,26,585.0,7,1,2022-05-16 09:34:02
1652693642523027000,584.0,1,584.0,2,585.0,7,2,2022-05-16 09:34:02
1652693643149526000,584.0,2,583.0,26,585.0,7,2,2022-05-16 09:34:03
1652693644819468000,584.0,1,583.0,26,585.0,7,1,2022-05-16 09:34:04
1652693647056637000,584.0,1,584.0,2,585.0,12,2,2022-05-16 09:34:07
1652693651519055000,584.0,2,584.0,5,585.0,13,2,2022-05-16 09:34:11
1652693653135845000,584.0,2,584.0,3,585.0,13,2,2022-05-16 09:34:13
1652693659503264000,584.0,1,584.0,4,585.0,14,2,2022-05-16 09:34:19
1652693663173681000,584.0,2,584.0,2,585.0,16,2,2022-05-16 09:34:23
1652693663425467000,584.0,2,583.0,24,585.0,16,2,2022-05-16 09:34:23
1652693668416661000,583.0,2,583.0,22,584.0,4,2,2022-05-16 09:34:28
1652693668448109000,583.0,2,583.0,20,584.0,4,2,2022-05-16 09:34:28
1652693668452615000,583.0,2,583.0,18,584.0,6,2,2022-05-16 09:34:28
1652693669235964000,584.0,1,583.0,18,584.0,6,1,2022-05-16 09:34:29
1652693672579075000,584.0,4,583.0,18,584.0,3,1,2022-05-16 09:34:32
1652693673237262000,584.0,2,583.0,18,584.0,1,1,2022-05-16 09:34:33
1652693679185232000,583.0,5,583.0,11,584.0,9,2,2022-05-16 09:34:39
1652693679222740000,583.0,1,583.0,10,584.0,9,2,2022-05-16 09:34:39
1652693686744923000,583.0,1,583.0,12,584.0,16,2,2022-05-16 09:34:46
1652693691310995000,583.0,1,583.0,12,584.0,19,2,2022-05-16 09:34:51
1652693694560336000,583.0,1,583.0,12,584.0,21,2,2022-05-16 09:34:54
1652693695558816000,583.0,1,583.0,11,584.0,21,2,2022-05-16 09:34:55
1652693695873273000,583.0,1,583.0,10,584.0,21,2,2022-05-16 09:34:55
1652693698299010000,583.0,1,583.0,9,584.0,22,2,2022-05-16 09:34:58
1652693698818435000,583.0,1,583.0,8,584.0,22,2,2022-05-16 09:34:58
1652693699036505000,583.0,1,583.0,7,584.0,22,2,2022-05-16 09:34:59
1652693699074330000,583.0,7,582.0,20,584.0,22,2,2022-05-16 09:34:59
1652693699105178000,582.0,4,582.0,16,584.0,22,2,2022-05-16 09:34:59
1652693702423417000,582.0,1,582.0,13,583.0,11,2,2022-05-16 09:35:02
1652693703012194000,582.0,3,582.0,10,583.0,11,2,2022-05-16 09:35:03
1652693703147318000,582.0,5,582.0,5,583.0,11,2,2022-05-16 09:35:03
1652693703178917000,582.0,5,581.0,45,583.0,11,2,2022-05-16 09:35:03
1652693705792835000,581.0,2,581.0,43,582.0,3,2,2022-05-16 09:35:05
1652693706316532000,581.0,1,581.0,42,582.0,3,2,2022-05-16 09:35:06
1652693706348015000,581.0,1,581.0,41,582.0,3,2,2022-05-16 09:35:06
1652693708043554000,581.0,1,581.0,37,582.0,5,2,2022-05-16 09:35:08
1652693711515940000,581.0,1,581.0,17,582.0,6,2,2022-05-16 09:35:11
1652693713031532000,581.0,1,581.0,16,582.0,19,2,2022-05-16 09:35:13
1652693713537427000,581.0,1,581.0,15,582.0,19,2,2022-05-16 09:35:13
1652693713565287000,581.0,15,580.0,32,582.0,19,2,2022-05-16 09:35:13
1652693718981616000,580.0,1,580.0,30,581.0,10,2,2022-05-16 09:35:18
1652693721223906000,580.0,4,580.0,26,581.0,22,2,2022-05-16 09:35:21
1652693721258123000,580.0,26,579.0,8,581.0,22,2,2022-05-16 09:35:21
1652693721299256000,579.0,5,579.0,3,580.0,3,2,2022-05-16 09:35:21
1652693721333819000,579.0,3,578.0,17,580.0,10,2,2022-05-16 09:35:21
1652693724158580000,580.0,4,578.0,15,580.0,9,1,2022-05-16 09:35:24
1652693728956281000,580.0,5,579.0,2,580.0,1,1,2022-05-16 09:35:28
1652693729123371000,579.0,1,579.0,1,580.0,1,2,2022-05-16 09:35:29
1652693731720232000,579.0,1,579.0,1,580.0,3,2,2022-05-16 09:35:31
1652693731788402000,579.0,1,578.0,12,580.0,3,2,2022-05-16 09:35:31
1652693733680919000,580.0,3,578.0,13,580.0,2,1,2022-05-16 09:35:33
1652693735024522000,579.0,1,578.0,18,580.0,3,2,2022-05-16 09:35:35
1652693737946979000,580.0,5,580.0,2,581.0,3,1,2022-05-16 09:35:37
1652693740397503000,580.0,1,580.0,1,581.0,7,2,2022-05-16 09:35:40
1652693741981148000,580.0,1,579.0,10,581.0,7,2,2022-05-16 09:35:41
1652693747036399000,580.0,1,579.0,10,581.0,7,2,2022-05-16 09:35:47
1652693751800574000,579.0,1,579.0,9,580.0,2,2,2022-05-16 09:35:51
1652693755663054000,579.0,2,579.0,7,580.0,6,2,2022-05-16 09:35:55
1652693755689181000,579.0,7,578.0,16,580.0,6,2,2022-05-16 09:35:55
1652693760773773000,580.0,2,579.0,3,580.0,5,1,2022-05-16 09:36:00
1652693772408557000,580.0,2,579.0,8,580.0,9,1,2022-05-16 09:36:12
1652693778106388000,580.0,2,579.0,8,580.0,8,1,2022-05-16 09:36:18
1652693787387811000,580.0,1,579.0,8,580.0,6,1,2022-05-16 09:36:27
1652693788899633000,580.0,1,579.0,8,580.0,7,1,2022-05-16 09:36:28
1652693789334101000,580.0,1,579.0,8,580.0,5,1,2022-05-16 09:36:29
1652693790339330000,579.0,5,579.0,3,580.0,5,2,2022-05-16 09:36:30
1652693790363402000,579.0,3,578.0,16,580.0,5,2,2022-05-16 09:36:30
1652693796639128000,579.0,2,579.0,1,580.0,9,2,2022-05-16 09:36:36
1652693796677283000,579.0,1,578.0,13,580.0,9,2,2022-05-16 09:36:36
1652693797537802000,579.0,1,578.0,13,580.0,9,2,2022-05-16 09:36:37
1652693803544313000,579.0,1,578.0,14,580.0,7,1,2022-05-16 09:36:43
1652693811144248000,579.0,1,579.0,1,580.0,8,2,2022-05-16 09:36:51
1652693811169858000,579.0,1,578.0,12,580.0,8,2,2022-05-16 09:36:51
1652693813829060000,578.0,1,578.0,11,580.0,8,2,2022-05-16 09:36:53
1652693813908952000,579.0,3,578.0,11,580.0,8,2,2022-05-16 09:36:53
1652693819531369000,578.0,11,577.0,12,578.0,4,2,2022-05-16 09:36:59
1652693820030862000,577.0,11,576.0,5,578.0,9,2,2022-05-16 09:37:00
1652693821031066000,577.0,2,576.0,5,577.0,1,1,2022-05-16 09:37:01
1652693821303694000,577.0,2,576.0,5,578.0,11,1,2022-05-16 09:37:01
1652693821303694000,578.0,1,576.0,5,578.0,11,1,2022-05-16 09:37:01
1652693822645661000,578.0,1,576.0,5,578.0,8,1,2022-05-16 09:37:02
1652693822655165000,578.0,4,576.0,5,578.0,4,1,2022-05-16 09:37:02
1652693823828589000,578.0,1,576.0,8,578.0,2,1,2022-05-16 09:37:03
1652693825687489000,577.0,2,576.0,8,579.0,3,1,2022-05-16 09:37:05
1652693825687489000,578.0,4,576.0,8,579.0,3,1,2022-05-16 09:37:05
1652693825687489000,579.0,4,576.0,8,579.0,3,1,2022-05-16 09:37:05
1652693826613037000,576.0,1,576.0,11,579.0,4,2,2022-05-16 09:37:06
1652693826642127000,576.0,1,576.0,10,579.0,4,2,2022-05-16 09:37:06
1652693827377751000,576.0,1,576.0,6,579.0,21,2,2022-05-16 09:37:07
1652693835657058000,578.0,1,578.0,1,579.0,21,1,2022-05-16 09:37:15
1652693837427142000,578.0,1,578.0,3,579.0,19,2,2022-05-16 09:37:17
1652693837521435000,578.0,1,578.0,2,579.0,19,2,2022-05-16 09:37:17
1652693837543028000,578.0,2,577.0,1,579.0,19,2,2022-05-16 09:37:17
1652693849246870000,577.0,1,577.0,1,578.0,9,2,2022-05-16 09:37:29
1652693851506760000,577.0,1,576.0,4,578.0,10,2,2022-05-16 09:37:31
1652693857360578000,576.0,1,576.0,2,577.0,1,2,2022-05-16 09:37:37
1652693859695657000,576.0,1,576.0,4,577.0,1,2,2022-05-16 09:37:39
1652693863474035000,576.0,1,576.0,3,577.0,1,2,2022-05-16 09:37:43
1652693865195889000,576.0,1,576.0,4,577.0,1,2,2022-05-16 09:37:45
1652693870950184000,576.0,1,576.0,4,577.0,2,2,2022-05-16 09:37:50
1652693872410123000,576.0,1,576.0,4,577.0,2,2,2022-05-16 09:37:52
1652693873568756000,577.0,2,576.0,4,578.0,11,1,2022-05-16 09:37:53
1652693874642518000,576.0,1,576.0,3,578.0,11,2,2022-05-16 09:37:54
1652693877990930000,577.0,1,577.0,10,578.0,9,2,2022-05-16 09:37:57
1652693878448489000,577.0,1,577.0,9,578.0,9,2,2022-05-16 09:37:58
1652693879457868000,577.0,1,577.0,9,578.0,9,2,2022-05-16 09:37:59
1652693880885456000,578.0,5,577.0,9,578.0,4,1,2022-05-16 09:38:00
1652693882608132000,578.0,1,577.0,9,578.0,4,1,2022-05-16 09:38:02
1652693884339550000,578.0,1,577.0,9,578.0,3,1,2022-05-16 09:38:04
1652693887686443000,578.0,3,578.0,7,579.0,3,1,2022-05-16 09:38:07
1652693896279816000,578.0,1,578.0,7,579.0,5,2,2022-05-16 09:38:16
1652693900088850000,578.0,1,578.0,6,579.0,5,2,2022-05-16 09:38:20
1652693900520759000,579.0,5,578.0,6,580.0,2,1,2022-05-16 09:38:20
1652693900520759000,580.0,6,578.0,6,580.0,2,1,2022-05-16 09:38:20
1652693910959002000,579.0,1,578.0,8,580.0,3,1,2022-05-16 09:38:30
1652693922527734000,579.0,1,578.0,10,579.0,1,1,2022-05-16 09:38:42
1652693922879719000,579.0,1,578.0,10,580.0,5,1,2022-05-16 09:38:42
1652693930734222000,579.0,1,578.0,10,579.0,6,2,2022-05-16 09:38:50
1652693936704833000,579.0,1,578.0,10,579.0,6,1,2022-05-16 09:38:56
1652693938378368000,579.0,2,578.0,10,579.0,4,1,2022-05-16 09:38:58
1652693951752965000,579.0,1,578.0,9,579.0,4,1,2022-05-16 09:39:11
1652693968951720000,578.0,1,578.0,8,579.0,8,2,2022-05-16 09:39:28
1652693981797852000,578.0,1,578.0,7,579.0,6,2,2022-05-16 09:39:41
1652693989659119000,578.0,5,578.0,2,579.0,4,2,2022-05-16 09:39:49
1652693989688464000,578.0,2,577.0,11,579.0,4,2,2022-05-16 09:39:49
1652693994780914000,577.0,1,577.0,10,578.0,2,2,2022-05-16 09:39:54
1652693997724906000,578.0,1,577.0,10,578.0,4,1,2022-05-16 09:39:57
1652694004729190000,577.0,1,577.0,9,578.0,5,2,2022-05-16 09:40:04
1652694008827200000,577.0,1,577.0,8,578.0,4,2,2022-05-16 09:40:08
1652694014615707000,577.0,1,577.0,7,578.0,7,2,2022-05-16 09:40:14
1652694022669694000,577.0,2,577.0,5,578.0,8,2,2022-05-16 09:40:22
1652694026619042000,577.0,1,577.0,5,578.0,8,2,2022-05-16 09:40:26
1652694026954997000,577.0,1,577.0,4,578.0,8,2,2022-05-16 09:40:26
1652694026990404000,577.0,1,577.0,3,578.0,8,2,2022-05-16 09:40:26
1652694027360709000,577.0,3,576.0,7,578.0,8,2,2022-05-16 09:40:27
1652694032498796000,576.0,1,576.0,6,577.0,2,2,2022-05-16 09:40:32
1652694035112093000,576.0,1,576.0,5,577.0,2,2,2022-05-16 09:40:35
1652694037657117000,576.0,1,576.0,4,577.0,3,2,2022-05-16 09:40:37
1652694038685915000,576.0,1,576.0,3,577.0,4,2,2022-05-16 09:40:38
1652694061159066000,576.0,1,576.0,4,577.0,5,2,2022-05-16 09:41:01
1652694070106000000,576.0,1,576.0,4,577.0,5,2,2022-05-16 09:41:10
1652694077073027000,576.0,3,576.0,1,577.0,5,2,2022-05-16 09:41:17
1652694078969677000,576.0,1,575.0,16,576.0,2,2,2022-05-16 09:41:18
1652694087635955000,576.0,1,575.0,16,576.0,13,1,2022-05-16 09:41:27
1652694093056646000,576.0,1,575.0,16,576.0,13,1,2022-05-16 09:41:33
1652694124949921000,575.0,2,575.0,14,576.0,17,2,2022-05-16 09:42:04
1652694128206169000,575.0,1,575.0,13,576.0,17,2,2022-05-16 09:42:08
1652694131914441000,575.0,6,575.0,8,576.0,17,2,2022-05-16 09:42:11
1652694133048910000,575.0,1,575.0,7,576.0,17,2,2022-05-16 09:42:13
1652694133986521000,575.0,1,575.0,6,576.0,17,2,2022-05-16 09:42:13
1652694134805784000,575.0,3,575.0,3,576.0,17,2,2022-05-16 09:42:14
1652694134845046000,575.0,1,575.0,2,576.0,17,2,2022-05-16 09:42:14
1652694134943965000,575.0,1,575.0,1,576.0,17,2,2022-05-16 09:42:14
1652694134976013000,575.0,1,574.0,7,576.0,17,2,2022-05-16 09:42:14
1652694134996330000,574.0,1,574.0,6,575.0,1,2,2022-05-16 09:42:14
1652694140051060000,574.0,1,574.0,5,575.0,9,2,2022-05-16 09:42:20
1652694144906098000,574.0,1,574.0,7,575.0,11,2,2022-05-16 09:42:24
1652694145137635000,574.0,1,574.0,6,575.0,11,2,2022-05-16 09:42:25
1652694145162981000,574.0,1,574.0,5,575.0,11,2,2022-05-16 09:42:25
1652694150234400000,574.0,1,574.0,4,575.0,12,2,2022-05-16 09:42:30
1652694159438083000,574.0,1,574.0,4,575.0,11,2,2022-05-16 09:42:39
1652694161835498000,574.0,1,574.0,3,575.0,10,2,2022-05-16 09:42:41
1652694163090826000,574.0,1,574.0,2,575.0,9,2,2022-05-16 09:42:43
1652694164918947000,574.0,1,574.0,1,575.0,9,2,2022-05-16 09:42:44
1652694164993052000,574.0,1,573.0,7,575.0,9,2,2022-05-16 09:42:44
1652694165761881000,574.0,2,573.0,7,575.0,9,2,2022-05-16 09:42:45
1652694166623393000,573.0,1,573.0,4,574.0,2,2,2022-05-16 09:42:46
1652694166674236000,573.0,1,573.0,3,574.0,2,2,2022-05-16 09:42:46
1652694177955276000,573.0,1,573.0,4,574.0,3,2,2022-05-16 09:42:57
1652694181186335000,573.0,1,573.0,3,574.0,3,2,2022-05-16 09:43:01
1652694184733836000,573.0,1,573.0,3,574.0,3,2,2022-05-16 09:43:04
1652694185364014000,573.0,1,573.0,2,574.0,3,2,2022-05-16 09:43:05
1652694186824441000,573.0,1,573.0,1,574.0,3,2,2022-05-16 09:43:06
1652694189773879000,573.0,1,572.0,8,574.0,3,2,2022-05-16 09:43:09
1652694194850287000,573.0,1,572.0,8,573.0,3,1,2022-05-16 09:43:14
1652694195560283000,572.0,1,572.0,7,573.0,3,2,2022-05-16 09:43:15
1652694198526159000,572.0,1,572.0,7,573.0,4,2,2022-05-16 09:43:18
1652694203764761000,572.0,1,572.0,6,573.0,5,2,2022-05-16 09:43:23
1652694206922259000,573.0,5,573.0,15,574.0,1,1,2022-05-16 09:43:26
1652694209674223000,574.0,1,573.0,15,574.0,2,1,2022-05-16 09:43:29
1652694211643304000,574.0,1,573.0,15,574.0,1,1,2022-05-16 09:43:31
1652694213032567000,575.0,1,573.0,15,575.0,3,1,2022-05-16 09:43:33
1652694215690861000,574.0,3,573.0,15,574.0,6,2,2022-05-16 09:43:35
1652694220716114000,573.0,1,573.0,14,574.0,7,2,2022-05-16 09:43:40
1652694222328143000,574.0,1,573.0,14,574.0,6,1,2022-05-16 09:43:42
1652694230630101000,574.0,1,573.0,14,574.0,5,1,2022-05-16 09:43:50
1652694237748720000,574.0,1,573.0,14,574.0,4,1,2022-05-16 09:43:57
1652694241841874000,573.0,2,573.0,12,574.0,4,2,2022-05-16 09:44:01
1652694241924431000,573.0,1,573.0,11,574.0,4,2,2022-05-16 09:44:01
1652694261039170000,574.0,1,573.0,12,574.0,3,1,2022-05-16 09:44:21
1652694274835443000,574.0,2,573.0,14,574.0,2,1,2022-05-16 09:44:34
1652694276182998000,574.0,1,573.0,14,574.0,3,1,2022-05-16 09:44:36
1652694277723503000,574.0,1,573.0,14,574.0,2,1,2022-05-16 09:44:37
1652694280900550000,574.0,1,573.0,14,574.0,1,1,2022-05-16 09:44:40
1652694282380915000,574.0,1,573.0,14,575.0,3,1,2022-05-16 09:44:42
1652694284095310000,574.0,2,574.0,4,575.0,2,2,2022-05-16 09:44:44
1652694284095784000,574.0,2,574.0,2,575.0,2,2,2022-05-16 09:44:44
1652694284123249000,574.0,1,574.0,1,575.0,2,2,2022-05-16 09:44:44
1652694286661499000,574.0,2,573.0,13,575.0,2,2,2022-05-16 09:44:46
1652694292996565000,574.0,1,573.0,12,574.0,4,1,2022-05-16 09:44:52
1652694300631310000,573.0,10,573.0,2,574.0,7,2,2022-05-16 09:45:00
1652694300654830000,573.0,2,572.0,8,574.0,7,2,2022-05-16 09:45:00
1652694303620681000,572.0,6,572.0,2,573.0,2,2,2022-05-16 09:45:03
1652694303650018000,572.0,2,571.0,13,573.0,2,2,2022-05-16 09:45:03
1652694303714190000,571.0,1,571.0,12,573.0,3,2,2022-05-16 09:45:03
1652694308754756000,571.0,1,571.0,11,573.0,4,2,2022-05-16 09:45:08
1652694313621845000,571.0,1,571.0,9,573.0,29,2,2022-05-16 09:45:13
1652694313854167000,571.0,1,571.0,8,573.0,29,2,2022-05-16 09:45:13
1652694313883031000,571.0,8,570.0,21,573.0,29,2,2022-05-16 09:45:13
1652694318766296000,571.0,2,570.0,20,571.0,1,1,2022-05-16 09:45:18
1652694318908063000,570.0,1,570.0,19,571.0,2,2,2022-05-16 09:45:18
1652694318949915000,570.0,1,570.0,18,571.0,2,2,2022-05-16 09:45:18
1652694322680759000,570.0,5,570.0,12,571.0,2,2,2022-05-16 09:45:22
1652694324048011000,570.0,1,570.0,12,571.0,2,2,2022-05-16 09:45:24
1652694325177357000,570.0,1,570.0,11,571.0,3,2,2022-05-16 09:45:25
1652694326012038000,570.0,2,570.0,9,571.0,3,2,2022-05-16 09:45:26
1652694326194792000,570.0,3,570.0,6,571.0,3,2,2022-05-16 09:45:26
1652694327480525000,570.0,1,570.0,5,571.0,4,2,2022-05-16 09:45:27
1652694328588834000,570.0,1,570.0,4,571.0,4,2,2022-05-16 09:45:28
1652694329144206000,570.0,1,570.0,8,571.0,4,2,2022-05-16 09:45:29
1652694331587473000,571.0,2,570.0,8,571.0,2,1,2022-05-16 09:45:31
1652694331862491000,570.0,1,570.0,7,571.0,2,2,2022-05-16 09:45:31
1652694333195026000,570.0,2,570.0,5,571.0,2,2,2022-05-16 09:45:33
1652694333290351000,570.0,1,570.0,4,571.0,2,2,2022-05-16 09:45:33
1652694334242259000,570.0,1,570.0,3,571.0,2,2,2022-05-16 09:45:34
1652694334969728000,570.0,3,569.0,14,571.0,3,2,2022-05-16 09:45:34
1652694338222296000,570.0,1,569.0,14,570.0,1,1,2022-05-16 09:45:38
1652694340040279000,569.0,1,569.0,14,570.0,2,2,2022-05-16 09:45:40
1652694341713863000,570.0,2,569.0,14,571.0,4,1,2022-05-16 09:45:41
1652694344774912000,570.0,1,570.0,2,571.0,3,2,2022-05-16 09:45:44
1652694346835691000,570.0,1,570.0,6,571.0,4,2,2022-05-16 09:45:46
1652694350627084000,571.0,1,570.0,7,571.0,3,1,2022-05-16 09:45:50
1652694351751394000,571.0,3,570.0,9,572.0,5,1,2022-05-16 09:45:51
1652694353113100000,570.0,1,570.0,8,572.0,5,2,2022-05-16 09:45:53
1652694354017567000,571.0,1,570.0,8,572.0,4,2,2022-05-16 09:45:54
1652694358178092000,571.0,1,570.0,13,572.0,4,1,2022-05-16 09:45:58
1652694361325266000,571.0,1,570.0,13,572.0,4,1,2022-05-16 09:46:01
1652694361718077000,571.0,1,570.0,14,572.0,4,2,2022-05-16 09:46:01
1652694364814939000,571.0,2,570.0,14,572.0,4,2,2022-05-16 09:46:04
1652694366389975000,571.0,3,570.0,14,572.0,4,2,2022-05-16 09:46:06
1652694370562251000,570.0,1,570.0,13,572.0,4,2,2022-05-16 09:46:10
1652694376945723000,571.0,1,570.0,13,572.0,4,2,2022-05-16 09:46:16
1652694388173409000,572.0,1,571.0,3,572.0,1,1,2022-05-16 09:46:28
1652694392245334000,571.0,1,571.0,2,572.0,2,2,2022-05-16 09:46:32
1652694417288931000,572.0,2,571.0,9,573.0,6,1,2022-05-16 09:46:57
1652694423087661000,571.0,1,571.0,9,573.0,4,2,2022-05-16 09:47:03
1652694430877387000,571.0,9,570.0,17,572.0,2,2,2022-05-16 09:47:10
1652694434181745000,571.0,2,570.0,18,571.0,1,1,2022-05-16 09:47:14
1652694444216861000,572.0,1,571.0,5,572.0,4,1,2022-05-16 09:47:24
1652694445884069000,572.0,1,571.0,14,572.0,3,1,2022-05-16 09:47:25
1652694447681307000,571.0,1,571.0,13,572.0,3,2,2022-05-16 09:47:27
1652694449040542000,572.0,2,571.0,15,572.0,4,1,2022-05-16 09:47:29
1652694450735684000,572.0,1,571.0,15,572.0,3,1,2022-05-16 09:47:30
1652694452393329000,572.0,1,571.0,15,572.0,2,1,2022-05-16 09:47:32
1652694470126242000,572.0,1,571.0,18,572.0,3,1,2022-05-16 09:47:50
1652694471638994000,572.0,1,571.0,17,572.0,2,1,2022-05-16 09:47:51
1652694481356240000,572.0,1,571.0,17,572.0,1,1,2022-05-16 09:48:01
1652694482162727000,572.0,1,572.0,9,573.0,7,1,2022-05-16 09:48:02
1652694482420897000,572.0,6,572.0,3,573.0,6,2,2022-05-16 09:48:02
1652694482450043000,572.0,2,572.0,1,573.0,6,2,2022-05-16 09:48:02
1652694482450094000,572.0,1,571.0,17,573.0,6,2,2022-05-16 09:48:02
1652694483416207000,572.0,1,571.0,16,573.0,4,2,2022-05-16 09:48:03
1652694490961073000,573.0,1,571.0,16,573.0,8,1,2022-05-16 09:48:10
1652694497124771000,573.0,1,571.0,17,573.0,9,1,2022-05-16 09:48:17
1652694501644846000,573.0,1,571.0,17,573.0,8,1,2022-05-16 09:48:21
1652694502811635000,572.0,5,571.0,17,573.0,8,2,2022-05-16 09:48:22
1652694507856261000,571.0,13,571.0,4,572.0,1,2,2022-05-16 09:48:27
1652694507885951000,571.0,4,570.0,18,572.0,1,2,2022-05-16 09:48:27
1652694513875670000,571.0,5,570.0,17,571.0,2,1,2022-05-16 09:48:33
1652694517444947000,571.0,1,570.0,16,571.0,3,1,2022-05-16 09:48:37
1652694524338466000,570.0,10,570.0,6,571.0,3,2,2022-05-16 09:48:44
1652694529903867000,570.0,1,570.0,6,571.0,3,2,2022-05-16 09:48:49
1652694534290341000,570.0,4,570.0,8,571.0,4,2,2022-05-16 09:48:54
1652694534294992000,570.0,2,570.0,6,571.0,4,2,2022-05-16 09:48:54
1652694535307541000,570.0,1,570.0,5,571.0,4,2,2022-05-16 09:48:55
1652694536197249000,570.0,2,570.0,3,571.0,4,2,2022-05-16 09:48:56
1652694539342720000,570.0,3,569.0,19,571.0,4,2,2022-05-16 09:48:59
1652694548995681000,570.0,5,569.0,18,570.0,4,1,2022-05-16 09:49:08
1652694551077258000,570.0,2,569.0,19,570.0,2,1,2022-05-16 09:49:11
1652694552890127000,570.0,1,569.0,19,570.0,1,1,2022-05-16 09:49:12
1652694554365372000,570.0,1,570.0,7,571.0,4,1,2022-05-16 09:49:14
1652694561286887000,570.0,2,570.0,7,571.0,5,2,2022-05-16 09:49:21
1652694562342434000,570.0,7,570.0,2,571.0,5,2,2022-05-16 09:49:22
1652694573962704000,570.0,1,570.0,11,571.0,5,2,2022-05-16 09:49:33
1652694575052133000,570.0,1,570.0,10,571.0,5,2,2022-05-16 09:49:35
1652694577942730000,571.0,5,570.0,11,572.0,7,1,2022-05-16 09:49:37
1652694588696876000,571.0,1,570.0,12,571.0,3,1,2022-05-16 09:49:48
1652694594297059000,571.0,1,570.0,13,571.0,3,1,2022-05-16 09:49:54
1652694600743619000,570.0,6,570.0,7,571.0,5,2,2022-05-16 09:50:00
1652694603592828000,570.0,7,569.0,18,570.0,3,2,2022-05-16 09:50:03
1652694607967418000,569.0,1,569.0,17,570.0,4,2,2022-05-16 09:50:07
1652694608892954000,569.0,1,569.0,16,570.0,5,2,2022-05-16 09:50:08
1652694611020035000,570.0,3,569.0,16,570.0,2,1,2022-05-16 09:50:11
1652694611217406000,570.0,2,569.0,16,571.0,2,1,2022-05-16 09:50:11
1652694612691877000,569.0,1,569.0,15,571.0,3,2,2022-05-16 09:50:12
1652694618018092000,570.0,5,569.0,16,570.0,6,1,2022-05-16 09:50:18
1652694631873267000,570.0,1,569.0,22,570.0,5,1,2022-05-16 09:50:31
1652694637086829000,570.0,1,569.0,22,570.0,5,1,2022-05-16 09:50:37
1652694638256495000,569.0,14,569.0,8,570.0,5,2,2022-05-16 09:50:38
1652694638298687000,569.0,2,569.0,6,570.0,6,2,2022-05-16 09:50:38
1652694638302327000,569.0,2,569.0,4,570.0,6,2,2022-05-16 09:50:38
1652694638328112000,569.0,2,569.0,2,570.0,6,2,2022-05-16 09:50:38
1652694638330687000,569.0,2,568.0,23,570.0,6,2,2022-05-16 09:50:38
1652694644513128000,569.0,4,568.0,22,570.0,6,1,2022-05-16 09:50:44
1652694644513128000,570.0,1,568.0,22,570.0,6,1,2022-05-16 09:50:44
1652694650871150000,569.0,4,569.0,2,570.0,6,2,2022-05-16 09:50:50
1652694650897073000,569.0,2,568.0,21,569.0,2,2,2022-05-16 09:50:50
1652694651830717000,569.0,1,568.0,21,569.0,1,1,2022-05-16 09:50:51
1652694653238290000,569.0,1,568.0,20,569.0,1,1,2022-05-16 09:50:53
1652694656088680000,569.0,1,568.0,20,569.0,1,1,2022-05-16 09:50:56
1652694664287427000,568.0,2,568.0,18,569.0,2,2,2022-05-16 09:51:04
1652694668514167000,569.0,1,568.0,18,569.0,1,1,2022-05-16 09:51:08
1652694670936052000,569.0,1,568.0,18,571.0,2,1,2022-05-16 09:51:10
1652694670936052000,570.0,4,568.0,18,571.0,2,1,2022-05-16 09:51:10
1652694676186295000,569.0,1,568.0,20,570.0,1,1,2022-05-16 09:51:16
1652694685254143000,569.0,4,569.0,2,570.0,1,2,2022-05-16 09:51:25
1652694685462409000,569.0,2,569.0,1,570.0,1,2,2022-05-16 09:51:25
1652694690471585000,570.0,1,569.0,2,571.0,2,1,2022-05-16 09:51:30
1652694717946995000,570.0,1,569.0,8,570.0,3,1,2022-05-16 09:51:57
1652694722008436000,570.0,3,570.0,2,571.0,3,1,2022-05-16 09:52:02
1652694728236049000,571.0,1,570.0,3,571.0,2,1,2022-05-16 09:52:08
1652694735376591000,570.0,1,570.0,4,571.0,2,2,2022-05-16 09:52:15
1652694754676826000,570.0,5,569.0,10,571.0,3,2,2022-05-16 09:52:34
1652694757473438000,570.0,1,570.0,1,571.0,4,1,2022-05-16 09:52:37
1652694761924583000,570.0,1,570.0,3,571.0,4,2,2022-05-16 09:52:41
1652694763133320000,571.0,1,569.0,10,571.0,3,1,2022-05-16 09:52:43
1652694763163888000,571.0,1,569.0,10,571.0,2,1,2022-05-16 09:52:43
1652694777317307000,570.0,1,569.0,11,570.0,1,1,2022-05-16 09:52:57
1652694779016507000,570.0,1,569.0,11,571.0,2,1,2022-05-16 09:52:59
1652694796668539000,570.0,1,570.0,3,571.0,2,2,2022-05-16 09:53:16
1652694798163033000,570.0,1,570.0,2,571.0,2,2,2022-05-16 09:53:18
1652694801742820000,570.0,2,569.0,11,571.0,2,2,2022-05-16 09:53:21
1652694811231286000,570.0,1,570.0,4,571.0,2,2,2022-05-16 09:53:31
1652694829851649000,570.0,2,570.0,3,571.0,3,2,2022-05-16 09:53:49
1652694848896558000,571.0,5,571.0,3,572.0,2,1,2022-05-16 09:54:08
1652694862593287000,571.0,1,571.0,2,572.0,2,2,2022-05-16 09:54:22
1652694941160645000,571.0,3,570.0,4,572.0,4,2,2022-05-16 09:55:41
1652694952981953000,571.0,1,570.0,7,572.0,4,2,2022-05-16 09:55:52
1652694965391547000,570.0,1,570.0,6,571.0,3,2,2022-05-16 09:56:05
1652694974401465000,571.0,1,570.0,6,571.0,1,1,2022-05-16 09:56:14
1652694990097810000,571.0,1,571.0,9,572.0,3,2,2022-05-16 09:56:30
1652694999588306000,571.0,1,571.0,11,572.0,4,2,2022-05-16 09:56:39
1652695003803076000,572.0,4,572.0,2,573.0,3,1,2022-05-16 09:56:43
1652695039990275000,572.0,1,572.0,1,573.0,6,2,2022-05-16 09:57:19
1652695043260683000,572.0,1,571.0,10,573.0,6,2,2022-05-16 09:57:23
1652695043531308000,573.0,1,571.0,10,573.0,6,1,2022-05-16 09:57:23
1652695045775027000,573.0,1,572.0,1,573.0,5,1,2022-05-16 09:57:25
1652695087256713000,573.0,1,572.0,5,573.0,2,1,2022-05-16 09:58:07
1652695092247334000,573.0,1,572.0,6,573.0,1,1,2022-05-16 09:58:12
1652695093626975000,573.0,1,572.0,6,574.0,8,2,2022-05-16 09:58:13
1652695095392593000,572.0,5,572.0,1,574.0,7,2,2022-05-16 09:58:15
1652695101085642000,572.0,2,571.0,9,573.0,1,2,2022-05-16 09:58:21
1652695123362820000,572.0,1,572.0,5,573.0,21,2,2022-05-16 09:58:43
1652695123394059000,572.0,5,571.0,9,573.0,21,2,2022-05-16 09:58:43
1652695138669811000,571.0,1,571.0,8,572.0,6,2,2022-05-16 09:58:58
1652695155119974000,571.0,1,571.0,8,572.0,6,2,2022-05-16 09:59:15
1652695157216227000,571.0,1,571.0,6,572.0,5,2,2022-05-16 09:59:17
1652695169624970000,571.0,1,571.0,5,572.0,6,2,2022-05-16 09:59:29
1652695169650871000,571.0,5,570.0,6,572.0,6,2,2022-05-16 09:59:29
1652695170241333000,570.0,1,570.0,5,572.0,6,2,2022-05-16 09:59:30
1652695187109644000,571.0,4,570.0,5,571.0,11,1,2022-05-16 09:59:47
1652695209707065000,570.0,1,570.0,2,571.0,13,2,2022-05-16 10:00:09
1652695212290293000,571.0,7,570.0,2,571.0,6,1,2022-05-16 10:00:12
1652695215521189000,571.0,1,570.0,2,571.0,6,1,2022-05-16 10:00:15
1652695238262478000,571.0,1,570.0,5,571.0,5,1,2022-05-16 10:00:38
1652695248385270000,571.0,1,570.0,3,571.0,5,1,2022-05-16 10:00:48
1652695266032333000,570.0,1,570.0,3,571.0,5,2,2022-05-16 10:01:06
1652695266614590000,571.0,1,570.0,3,571.0,4,1,2022-05-16 10:01:06
1652695280907173000,570.0,2,569.0,16,571.0,4,2,2022-05-16 10:01:20
1652695281872196000,571.0,1,569.0,16,571.0,3,1,2022-05-16 10:01:21
1652695320835175000,570.0,1,569.0,16,571.0,4,2,2022-05-16 10:02:00
1652695339723619000,570.0,1,569.0,16,570.0,12,1,2022-05-16 10:02:19
1652695341767567000,570.0,2,569.0,16,570.0,10,1,2022-05-16 10:02:21
1652695401872525000,570.0,2,569.0,22,570.0,11,1,2022-05-16 10:03:21
1652695402562909000,570.0,3,569.0,22,570.0,8,1,2022-05-16 10:03:22
1652695427290667000,570.0,1,569.0,22,570.0,3,1,2022-05-16 10:03:47
1652695459344850000,569.0,1,569.0,21,570.0,11,2,2022-05-16 10:04:19
1652695461880969000,570.0,5,569.0,21,570.0,6,1,2022-05-16 10:04:21
1652695466056363000,570.0,1,569.0,21,570.0,5,1,2022-05-16 10:04:26
1652695466882990000,569.0,1,569.0,20,570.0,5,2,2022-05-16 10:04:26
1652695472135079000,570.0,2,569.0,22,570.0,2,1,2022-05-16 10:04:32
1652695473760462000,570.0,1,569.0,22,570.0,3,1,2022-05-16 10:04:33
1652695486649213000,569.0,2,569.0,21,570.0,4,2,2022-05-16 10:04:46
1652695497341578000,569.0,21,568.0,17,570.0,24,2,2022-05-16 10:04:57
1652695498149320000,568.0,1,568.0,18,569.0,2,2,2022-05-16 10:04:58
1652695498831113000,568.0,1,568.0,17,569.0,3,2,2022-05-16 10:04:58
1652695499835093000,568.0,1,568.0,16,569.0,4,2,2022-05-16 10:04:59
1652695510127155000,568.0,1,568.0,15,569.0,15,2,2022-05-16 10:05:10
1652695510305584000,568.0,1,568.0,14,569.0,15,2,2022-05-16 10:05:10
1652695510893278000,568.0,1,568.0,13,569.0,15,2,2022-05-16 10:05:10
1652695512993059000,568.0,1,568.0,13,569.0,16,2,2022-05-16 10:05:12
1652695517923016000,568.0,1,568.0,12,569.0,16,2,2022-05-16 10:05:17
1652695518128684000,568.0,12,567.0,20,569.0,16,2,2022-05-16 10:05:18
1652695519962976000,567.0,1,567.0,19,568.0,4,2,2022-05-16 10:05:19
1652695520203994000,567.0,1,567.0,18,568.0,5,2,2022-05-16 10:05:20
1652695521865621000,568.0,1,567.0,18,568.0,5,1,2022-05-16 10:05:21
1652695531206638000,567.0,1,567.0,22,568.0,9,2,2022-05-16 10:05:31
1652695548141704000,567.0,1,567.0,16,568.0,10,2,2022-05-16 10:05:48
1652695551996188000,568.0,2,567.0,17,568.0,8,1,2022-05-16 10:05:51
1652695552767263000,567.0,1,567.0,16,568.0,8,2,2022-05-16 10:05:52
1652695553739070000,567.0,1,567.0,17,568.0,7,2,2022-05-16 10:05:53
1652695557234644000,567.0,2,567.0,15,568.0,8,2,2022-05-16 10:05:57
1652695560171545000,567.0,1,567.0,14,568.0,9,2,2022-05-16 10:06:00
1652695569896469000,568.0,1,567.0,15,568.0,9,1,2022-05-16 10:06:09
1652695570545081000,567.0,2,567.0,13,568.0,9,2,2022-05-16 10:06:10
1652695581236484000,567.0,1,567.0,13,568.0,11,2,2022-05-16 10:06:21
1652695586795492000,567.0,1,567.0,12,568.0,12,2,2022-05-16 10:06:26
1652695587589575000,567.0,1,567.0,11,568.0,13,2,2022-05-16 10:06:27
1652695590153387000,567.0,1,567.0,10,568.0,14,2,2022-05-16 10:06:30
1652695598094988000,567.0,10,566.0,44,567.0,10,2,2022-05-16 10:06:38
1652695598521454000,566.0,1,566.0,37,567.0,11,2,2022-05-16 10:06:38
1652695603854231000,566.0,1,566.0,36,567.0,14,2,2022-05-16 10:06:43
1652695605310377000,566.0,1,566.0,35,567.0,15,2,2022-05-16 10:06:45
1652695609891587000,566.0,1,566.0,35,567.0,19,2,2022-05-16 10:06:49
1652695612541820000,567.0,5,566.0,35,567.0,15,1,2022-05-16 10:06:52
1652695614644678000,566.0,1,566.0,34,567.0,15,2,2022-05-16 10:06:54
1652695618219305000,566.0,1,566.0,33,567.0,15,2,2022-05-16 10:06:58
1652695618612741000,567.0,5,566.0,33,567.0,10,1,2022-05-16 10:06:58
1652695619014986000,566.0,1,566.0,32,567.0,10,2,2022-05-16 10:06:59
1652695619086863000,566.0,1,566.0,31,567.0,9,2,2022-05-16 10:06:59
1652695619299462000,566.0,1,566.0,31,567.0,9,2,2022-05-16 10:06:59
1652695622568699000,566.0,1,566.0,30,567.0,10,2,2022-05-16 10:07:02
1652695642309439000,567.0,1,566.0,40,567.0,8,1,2022-05-16 10:07:22
1652695643097924000,566.0,1,566.0,39,567.0,9,2,2022-05-16 10:07:23
1652695645893265000,566.0,1,566.0,40,567.0,7,2,2022-05-16 10:07:25
1652695653252345000,566.0,2,566.0,38,567.0,7,2,2022-05-16 10:07:33
1652695662834373000,566.0,1,566.0,38,567.0,7,2,2022-05-16 10:07:42
1652695669533997000,566.0,1,566.0,37,567.0,7,2,2022-05-16 10:07:49
1652695672965129000,566.0,1,566.0,36,567.0,7,2,2022-05-16 10:07:52
1652695674227818000,567.0,1,566.0,37,567.0,6,1,2022-05-16 10:07:54
1652695674266340000,567.0,6,566.0,37,568.0,6,1,2022-05-16 10:07:54
1652695687560577000,567.0,1,567.0,16,568.0,6,2,2022-05-16 10:08:07
1652695691232728000,568.0,1,567.0,16,568.0,5,1,2022-05-16 10:08:11
1652695694967853000,568.0,1,567.0,16,568.0,4,1,2022-05-16 10:08:14
1652695697629682000,568.0,1,567.0,16,568.0,3,1,2022-05-16 10:08:17
1652695705625009000,568.0,1,567.0,15,568.0,2,1,2022-05-16 10:08:25
1652695705647846000,568.0,1,567.0,14,568.0,1,1,2022-05-16 10:08:25
1652695715952444000,569.0,1,567.0,14,569.0,2,1,2022-05-16 10:08:35
1652695735617083000,569.0,1,568.0,5,569.0,2,1,2022-05-16 10:08:55
1652695750422584000,569.0,1,568.0,5,569.0,1,1,2022-05-16 10:09:10
1652695751340176000,569.0,1,568.0,5,570.0,21,1,2022-05-16 10:09:11
1652695780558033000,569.0,1,568.0,7,570.0,27,2,2022-05-16 10:09:40
1652695787886597000,570.0,1,568.0,6,570.0,26,1,2022-05-16 10:09:47
1652695810764200000,570.0,2,568.0,8,570.0,22,1,2022-05-16 10:10:10
1652695816454942000,570.0,1,568.0,8,570.0,24,1,2022-05-16 10:10:16
1652695828656060000,570.0,1,568.0,8,570.0,24,1,2022-05-16 10:10:28
1652695852856125000,570.0,1,569.0,1,570.0,16,1,2022-05-16 10:10:52
1652695858428573000,570.0,1,569.0,1,570.0,15,1,2022-05-16 10:10:58
1652695869524326000,570.0,2,569.0,1,570.0,13,1,2022-05-16 10:11:09
1652695902205600000,570.0,1,569.0,3,570.0,13,1,2022-05-16 10:11:42
1652695929612713000,570.0,2,569.0,4,570.0,12,1,2022-05-16 10:12:09
1652695978761455000,569.0,1,569.0,3,570.0,12,2,2022-05-16 10:12:58
1652695983212374000,569.0,1,569.0,2,570.0,12,2,2022-05-16 10:13:03
1652695983238318000,569.0,1,569.0,1,570.0,12,2,2022-05-16 10:13:03
1652695987508868000,569.0,1,568.0,9,570.0,11,2,2022-05-16 10:13:07
1652695989841479000,570.0,2,569.0,1,570.0,9,1,2022-05-16 10:13:09
1652696003647783000,570.0,1,569.0,1,570.0,7,1,2022-05-16 10:13:23
1652696003724246000,569.0,1,568.0,8,570.0,7,2,2022-05-16 10:13:23
1652696036542353000,569.0,1,568.0,13,570.0,9,2,2022-05-16 10:13:56
1652696049714875000,569.0,1,568.0,12,569.0,5,1,2022-05-16 10:14:09
1652696056136358000,568.0,12,567.0,14,568.0,8,2,2022-05-16 10:14:16
1652696057623373000,568.0,1,567.0,14,568.0,11,1,2022-05-16 10:14:17
1652696059026559000,567.0,1,567.0,12,568.0,12,2,2022-05-16 10:14:19
1652696072787190000,568.0,1,567.0,12,568.0,14,1,2022-05-16 10:14:32
1652696100607210000,568.0,1,567.0,12,568.0,14,1,2022-05-16 10:15:00
1652696110949735000,568.0,2,567.0,12,568.0,12,1,2022-05-16 10:15:10
1652696121942530000,568.0,1,567.0,12,568.0,11,1,2022-05-16 10:15:21
1652696131891473000,567.0,10,567.0,2,568.0,11,2,2022-05-16 10:15:31
1652696132024887000,567.0,1,567.0,1,568.0,10,2,2022-05-16 10:15:32
1652696132113562000,567.0,1,566.0,42,568.0,10,2,2022-05-16 10:15:32
1652696132757284000,568.0,2,566.0,42,568.0,8,1,2022-05-16 10:15:32
1652696133419755000,566.0,1,566.0,41,568.0,8,2,2022-05-16 10:15:33
1652696148202064000,566.0,3,566.0,38,567.0,8,2,2022-05-16 10:15:48
1652696160682666000,567.0,1,566.0,38,567.0,8,1,2022-05-16 10:16:00
1652696161648039000,566.0,1,566.0,37,567.0,8,2,2022-05-16 10:16:01
1652696162020064000,566.0,1,566.0,36,567.0,8,2,2022-05-16 10:16:02
1652696170203936000,567.0,2,566.0,36,567.0,6,1,2022-05-16 10:16:10
1652696177259718000,567.0,2,566.0,38,567.0,4,1,2022-05-16 10:16:17
1652696180996977000,567.0,1,566.0,37,567.0,3,1,2022-05-16 10:16:20
1652696181928691000,567.0,1,566.0,37,567.0,2,1,2022-05-16 10:16:21
1652696185499384000,567.0,2,566.0,38,568.0,7,1,2022-05-16 10:16:25
1652696192977912000,568.0,2,567.0,1,568.0,3,1,2022-05-16 10:16:32
1652696193249528000,568.0,2,567.0,1,568.0,1,1,2022-05-16 10:16:33
1652696210401037000,568.0,1,567.0,8,568.0,1,1,2022-05-16 10:16:50
1652696222805600000,568.0,1,567.0,8,569.0,26,1,2022-05-16 10:17:02
1652696229661856000,569.0,2,568.0,1,569.0,22,1,2022-05-16 10:17:09
1652696252951232000,569.0,5,568.0,3,569.0,17,1,2022-05-16 10:17:32
1652696257372052000,569.0,1,568.0,4,569.0,16,1,2022-05-16 10:17:37
1652696274362655000,569.0,1,568.0,3,569.0,15,1,2022-05-16 10:17:54
1652696289929157000,569.0,2,568.0,2,569.0,13,1,2022-05-16 10:18:09
1652696314039928000,569.0,1,568.0,3,569.0,13,1,2022-05-16 10:18:34
1652696326220866000,569.0,10,568.0,3,569.0,5,1,2022-05-16 10:18:46
1652696341085385000,569.0,1,568.0,2,569.0,4,1,2022-05-16 10:19:01
1652696349700445000,569.0,2,568.0,3,569.0,2,1,2022-05-16 10:19:09
1652696350512330000,569.0,1,568.0,3,569.0,6,1,2022-05-16 10:19:10
1652696350831649000,569.0,1,568.0,3,570.0,29,1,2022-05-16 10:19:10
1652696393486350000,569.0,1,569.0,1,570.0,29,1,2022-05-16 10:19:53
1652696394348393000,569.0,1,568.0,5,570.0,29,2,2022-05-16 10:19:54
1652696413363057000,569.0,1,568.0,6,570.0,35,2,2022-05-16 10:20:13
1652696414145117000,570.0,2,568.0,6,570.0,33,1,2022-05-16 10:20:14
1652696422374632000,569.0,1,568.0,5,570.0,35,2,2022-05-16 10:20:22
1652696430368929000,569.0,1,568.0,5,570.0,35,2,2022-05-16 10:20:30
1652696436889063000,569.0,1,568.0,5,570.0,36,1,2022-05-16 10:20:36
1652696448392277000,568.0,5,567.0,10,570.0,36,2,2022-05-16 10:20:48
1652696462692255000,567.0,6,567.0,3,568.0,18,2,2022-05-16 10:21:02
1652696463105107000,567.0,2,567.0,1,568.0,18,2,2022-05-16 10:21:03
1652696496711152000,567.0,1,566.0,34,568.0,20,1,2022-05-16 10:21:36
1652696505351631000,567.0,2,566.0,33,568.0,4,1,2022-05-16 10:21:45
1652696507574303000,566.0,1,566.0,32,568.0,5,2,2022-05-16 10:21:47
1652696538391934000,566.0,1,566.0,32,567.0,1,2,2022-05-16 10:22:18
1652696539766987000,566.0,1,566.0,31,567.0,1,2,2022-05-16 10:22:19
1652696549542799000,566.0,10,566.0,19,567.0,5,2,2022-05-16 10:22:29
1652696549780306000,566.0,6,566.0,13,567.0,5,2,2022-05-16 10:22:29
1652696550943919000,566.0,1,566.0,12,567.0,6,2,2022-05-16 10:22:30
1652696552563291000,566.0,1,566.0,11,567.0,8,2,2022-05-16 10:22:32
1652696553200808000,566.0,11,565.0,22,567.0,8,2,2022-05-16 10:22:33
1652696555000898000,565.0,1,565.0,23,566.0,5,2,2022-05-16 10:22:35
1652696555564726000,565.0,1,565.0,22,566.0,5,2,2022-05-16 10:22:35
1652696556656713000,566.0,2,565.0,20,566.0,12,1,2022-05-16 10:22:36
1652696558431156000,565.0,5,565.0,13,566.0,14,2,2022-05-16 10:22:38
1652696578553994000,565.0,3,565.0,9,566.0,14,2,2022-05-16 10:22:58
1652696580934782000,565.0,1,565.0,8,566.0,14,2,2022-05-16 10:23:00
1652696582781672000,565.0,1,565.0,7,566.0,14,2,2022-05-16 10:23:02
1652696589171504000,565.0,5,565.0,2,566.0,14,2,2022-05-16 10:23:09
1652696591220604000,565.0,1,565.0,11,566.0,14,2,2022-05-16 10:23:11
1652696591930511000,566.0,1,565.0,11,566.0,13,1,2022-05-16 10:23:11
1652696595037189000,565.0,1,565.0,10,566.0,13,2,2022-05-16 10:23:15
1652696611738307000,565.0,1,565.0,13,566.0,14,2,2022-05-16 10:23:31
1652696614468642000,566.0,1,565.0,13,566.0,13,1,2022-05-16 10:23:34
1652696634846927000,566.0,5,565.0,10,566.0,7,1,2022-05-16 10:23:54
1652696634997090000,565.0,1,565.0,9,566.0,7,2,2022-05-16 10:23:54
1652696646394678000,566.0,1,565.0,13,566.0,7,1,2022-05-16 10:24:06
1652696646430382000,566.0,7,565.0,13,567.0,6,1,2022-05-16 10:24:06
1652696666808428000,566.0,1,566.0,4,567.0,5,2,2022-05-16 10:24:26
1652696670610315000,566.0,1,566.0,3,567.0,5,2,2022-05-16 10:24:30
1652696671952119000,567.0,1,566.0,3,567.0,4,1,2022-05-16 10:24:31
1652696697976092000,567.0,1,566.0,9,567.0,3,1,2022-05-16 10:24:57
1652696721159558000,566.0,1,566.0,14,567.0,4,2,2022-05-16 10:25:21
1652696789489047000,567.0,6,566.0,18,567.0,1,1,2022-05-16 10:26:29
1652696789517929000,567.0,1,566.0,18,568.0,3,1,2022-05-16 10:26:29
1652696842317978000,568.0,2,567.0,3,568.0,1,1,2022-05-16 10:27:22
1652696845021941000,567.0,1,567.0,2,568.0,1,2,2022-05-16 10:27:25
1652696854306024000,567.0,1,567.0,1,568.0,1,2,2022-05-16 10:27:34
1652696861310308000,567.0,1,566.0,17,568.0,1,2,2022-05-16 10:27:41
1652696863854519000,568.0,1,566.0,17,569.0,5,1,2022-05-16 10:27:43
1652696894335840000,568.0,1,568.0,1,569.0,4,2,2022-05-16 10:28:14
1652696923937046000,569.0,2,568.0,6,569.0,3,1,2022-05-16 10:28:43
1652696926633538000,569.0,1,568.0,6,569.0,3,1,2022-05-16 10:28:46
1652696928274222000,568.0,1,568.0,5,569.0,3,2,2022-05-16 10:28:48
1652696940962104000,569.0,1,568.0,5,569.0,2,1,2022-05-16 10:29:00
1652696958323953000,569.0,1,568.0,5,569.0,1,1,2022-05-16 10:29:18
1652696971533915000,569.0,1,568.0,5,570.0,31,1,2022-05-16 10:29:31
1652696972828349000,570.0,1,568.0,5,570.0,29,1,2022-05-16 10:29:32
1652696978735848000,570.0,2,568.0,5,570.0,27,1,2022-05-16 10:29:38
1652696984203090000,570.0,2,568.0,6,570.0,25,1,2022-05-16 10:29:44
1652696984738555000,570.0,2,568.0,7,570.0,23,1,2022-05-16 10:29:44
1652696997116735000,570.0,1,569.0,2,570.0,31,1,2022-05-16 10:29:57
1652696997608392000,569.0,1,569.0,1,570.0,30,2,2022-05-16 10:29:57
1652697026934224000,569.0,1,569.0,3,570.0,30,2,2022-05-16 10:30:26
1652697044121265000,570.0,5,569.0,3,570.0,27,1,2022-05-16 10:30:44
1652697050392037000,570.0,1,569.0,3,570.0,26,1,2022-05-16 10:30:50
1652697082681218000,570.0,1,569.0,3,570.0,23,1,2022-05-16 10:31:22
1652697096615263000,569.0,2,568.0,9,570.0,24,2,2022-05-16 10:31:36
1652697100337757000,569.0,2,568.0,7,570.0,23,1,2022-05-16 10:31:40
1652697112400181000,569.0,1,568.0,7,569.0,1,1,2022-05-16 10:31:52
1652697125247543000,569.0,1,568.0,7,569.0,1,1,2022-05-16 10:32:05
1652697224956759000,569.0,1,568.0,2,569.0,1,1,2022-05-16 10:33:44
1652697243400287000,568.0,1,568.0,1,569.0,1,2,2022-05-16 10:34:03
1652697257660527000,568.0,1,567.0,5,569.0,1,2,2022-05-16 10:34:17
1652697341535723000,568.0,1,567.0,5,568.0,2,1,2022-05-16 10:35:41
1652697341572534000,568.0,2,567.0,5,569.0,3,1,2022-05-16 10:35:41
1652697375552668000,568.0,1,568.0,1,569.0,5,2,2022-05-16 10:36:15
1652697377740170000,568.0,1,567.0,5,568.0,3,2,2022-05-16 10:36:17
1652697377840682000,567.0,1,567.0,4,568.0,3,2,2022-05-16 10:36:17
1652697390270986000,567.0,1,567.0,3,568.0,4,2,2022-05-16 10:36:30
1652697393567633000,567.0,1,567.0,2,568.0,4,2,2022-05-16 10:36:33
1652697422475064000,567.0,2,567.0,1,568.0,5,2,2022-05-16 10:37:02
1652697426182251000,567.0,1,566.0,16,568.0,5,2,2022-05-16 10:37:06
1652697473539154000,567.0,2,566.0,15,568.0,2,1,2022-05-16 10:37:53
1652697482594380000,567.0,1,566.0,15,568.0,2,1,2022-05-16 10:38:02
1652697499847723000,568.0,2,566.0,17,569.0,5,1,2022-05-16 10:38:19
1652697499879322000,569.0,2,566.0,18,569.0,3,1,2022-05-16 10:38:19
1652697499895511000,569.0,2,566.0,18,569.0,1,1,2022-05-16 10:38:19
1652697503452045000,569.0,1,567.0,8,570.0,31,1,2022-05-16 10:38:23
1652697505218387000,570.0,2,567.0,8,570.0,27,1,2022-05-16 10:38:25
1652697507132405000,570.0,1,568.0,4,570.0,26,1,2022-05-16 10:38:27
