ts,close,volume,bid_price,bid_volume,ask_price,ask_volume,tick_type,datetime
1641546009746922000,25.3,1588,25.25,10,25.3,216,2,2022-01-07 09:00:09
1641546009784315000,25.25,10,25.2,67,25.3,254,2,2022-01-07 09:00:09
1641546009789579000,25.3,1,25.2,67,25.3,256,1,2022-01-07 09:00:09
1641546009968306000,25.3,1,25.2,67,25.3,261,1,2022-01-07 09:00:09
1641546010206536000,25.2,1,25.2,66,25.3,261,2,2022-01-07 09:00:10
1641546010269109000,25.3,1,25.2,66,25.3,260,1,2022-01-07 09:00:10
1641546010624301000,25.3,2,25.2,66,25.3,259,1,2022-01-07 09:00:10
1641546010811302000,25.2,2,25.2,64,25.3,259,2,2022-01-07 09:00:10
1641546011469987000,25.2,20,25.2,44,25.3,259,2,2022-01-07 09:00:11
1641546011504928000,25.2,1,25.2,43,25.3,259,2,2022-01-07 09:00:11
1641546011506476000,25.2,43,25.15,25,25.3,259,2,2022-01-07 09:00:11
1641546012017900000,25.15,25,25.1,92,25.25,4,2,2022-01-07 09:00:12
1641546012017900000,25.1,5,25.1,92,25.25,4,2,2022-01-07 09:00:12
1641546012729512000,25.1,5,25.1,87,25.25,24,2,2022-01-07 09:00:12
1641546013112536000,25.2,5,25.1,87,25.25,22,1,2022-01-07 09:00:13
1641546013245987000,25.15,5,25.1,82,25.25,22,2,2022-01-07 09:00:13
1641546013245987000,25.1,5,25.1,82,25.25,22,2,2022-01-07 09:00:13
1641546013409460000,25.1,1,25.1,81,25.25,22,2,2022-01-07 09:00:13
1641546013579310000,25.1,1,25.1,80,25.15,2,2,2022-01-07 09:00:13
1641546014017438000,25.1,2,25.1,78,25.15,39,2,2022-01-07 09:00:14
1641546014040681000,25.1,2,25.1,76,25.15,39,2,2022-01-07 09:00:14
1641546014148147000,25.1,76,25.05,16,25.15,39,2,2022-01-07 09:00:14
1641546014148147000,25.05,114,25.05,16,25.15,39,2,2022-01-07 09:00:14
1641546014178321000,25.15,1,25.05,16,25.15,38,1,2022-01-07 09:00:14
1641546014211808000,25.05,5,25.05,11,25.15,38,2,2022-01-07 09:00:14
1641546014347793000,25.15,3,25.05,11,25.15,35,1,2022-01-07 09:00:14
1641546014426616000,25.05,4,25.05,7,25.15,35,2,2022-01-07 09:00:14
1641546014650619000,25.05,1,25.05,6,25.15,35,2,2022-01-07 09:00:14
1641546014680333000,25.05,6,25.0,152,25.15,39,2,2022-01-07 09:00:14
1641546014827860000,25.0,3,25.0,149,25.1,5,2,2022-01-07 09:00:14
1641546014918132000,25.0,1,25.0,148,25.1,5,2,2022-01-07 09:00:14
1641546014979682000,25.1,1,25.0,148,25.1,4,1,2022-01-07 09:00:14
1641546015064409000,25.1,1,25.0,148,25.1,3,1,2022-01-07 09:00:15
1641546015096328000,25.0,14,25.0,134,25.1,3,2,2022-01-07 09:00:15
1641546015108094000,25.0,10,25.0,124,25.1,3,2,2022-01-07 09:00:15
1641546015162477000,25.1,1,25.0,124,25.1,2,1,2022-01-07 09:00:15
1641546015211292000,25.0,15,25.0,109,25.1,7,2,2022-01-07 09:00:15
1641546015481414000,25.05,10,25.0,109,25.1,17,1,2022-01-07 09:00:15
1641546015481414000,25.1,10,25.0,109,25.1,17,1,2022-01-07 09:00:15
1641546015627623000,25.1,3,25.0,109,25.1,14,1,2022-01-07 09:00:15
1641546015653716000,25.0,2,25.0,107,25.1,14,2,2022-01-07 09:00:15
1641546015654223000,25.0,1,25.0,106,25.1,14,2,2022-01-07 09:00:15
1641546015835512000,25.0,1,25.0,105,25.05,5,2,2022-01-07 09:00:15
1641546015948891000,25.0,2,25.0,103,25.05,5,2,2022-01-07 09:00:15
1641546016090859000,25.05,5,25.0,103,25.1,15,1,2022-01-07 09:00:16
1641546016149642000,25.1,2,25.0,103,25.1,13,1,2022-01-07 09:00:16
1641546016459348000,25.1,2,25.0,103,25.1,11,1,2022-01-07 09:00:16
1641546016490311000,25.0,1,25.0,102,25.1,11,2,2022-01-07 09:00:16
1641546016820403000,25.0,1,25.0,101,25.05,1,2,2022-01-07 09:00:16
1641546017277187000,25.05,1,25.0,101,25.1,11,1,2022-01-07 09:00:17
1641546017330359000,25.05,1,25.05,4,25.1,11,2,2022-01-07 09:00:17
1641546017424671000,25.05,4,25.0,105,25.1,12,2,2022-01-07 09:00:17
1641546017467919000,25.0,35,25.0,70,25.1,12,2,2022-01-07 09:00:17
1641546017509109000,25.0,4,25.0,66,25.1,12,2,2022-01-07 09:00:17
1641546017875789000,25.0,1,25.0,65,25.05,2,2,2022-01-07 09:00:17
1641546017909441000,25.05,1,25.0,65,25.05,1,1,2022-01-07 09:00:17
1641546017988195000,25.0,20,25.0,45,25.05,1,2,2022-01-07 09:00:17
1641546018189967000,25.05,1,25.0,45,25.1,13,1,2022-01-07 09:00:18
1641546018189967000,25.1,9,25.0,45,25.1,13,1,2022-01-07 09:00:18
1641546018473357000,25.0,5,25.0,40,25.1,13,2,2022-01-07 09:00:18
1641546018509167000,25.0,40,24.95,19,25.1,13,2,2022-01-07 09:00:18
1641546018533838000,25.05,1,25.05,4,25.1,13,2,2022-01-07 09:00:18
1641546018579731000,25.05,4,24.95,19,25.1,17,2,2022-01-07 09:00:18
1641546018604995000,24.95,5,24.95,14,25.1,17,2,2022-01-07 09:00:18
1641546018607276000,25.1,1,24.95,14,25.1,16,1,2022-01-07 09:00:18
1641546018618733000,25.1,1,24.95,14,25.1,15,1,2022-01-07 09:00:18
1641546018735512000,25.1,1,24.95,14,25.1,14,1,2022-01-07 09:00:18
1641546018851428000,25.0,1,24.95,14,25.1,14,1,2022-01-07 09:00:18
1641546019019318000,24.95,5,24.95,9,25.1,18,2,2022-01-07 09:00:19
1641546019079721000,24.95,2,24.95,7,25.1,18,2,2022-01-07 09:00:19
1641546019119854000,24.95,5,24.95,2,25.1,18,2,2022-01-07 09:00:19
1641546019241834000,25.1,2,24.95,2,25.1,26,1,2022-01-07 09:00:19
1641546019359367000,25.1,1,25.0,20,25.1,25,1,2022-01-07 09:00:19
1641546019550329000,25.0,10,25.0,11,25.1,25,2,2022-01-07 09:00:19
1641546019571650000,25.0,4,25.0,8,25.1,25,2,2022-01-07 09:00:19
1641546019590004000,25.0,8,24.95,2,25.1,25,2,2022-01-07 09:00:19
1641546019703910000,25.1,1,25.0,2,25.1,24,1,2022-01-07 09:00:19
1641546019986708000,25.0,2,25.0,4,25.1,59,2,2022-01-07 09:00:19
1641546019997625000,25.1,1,25.0,4,25.1,58,1,2022-01-07 09:00:19
1641546020273911000,25.1,1,25.0,4,25.1,58,1,2022-01-07 09:00:20
1641546020339013000,25.0,2,25.0,7,25.1,58,2,2022-01-07 09:00:20
1641546020391234000,25.1,6,25.0,7,25.1,52,1,2022-01-07 09:00:20
1641546020401081000,25.1,10,25.0,7,25.1,42,1,2022-01-07 09:00:20
1641546020571070000,25.05,2,25.0,7,25.1,42,1,2022-01-07 09:00:20
1641546020791376000,25.0,1,25.0,7,25.1,42,2,2022-01-07 09:00:20
1641546021130796000,25.1,1,25.0,8,25.1,41,1,2022-01-07 09:00:21
1641546021420574000,25.1,5,25.05,1,25.1,36,1,2022-01-07 09:00:21
1641546021469763000,25.05,1,25.0,14,25.1,36,2,2022-01-07 09:00:21
1641546021469763000,25.0,4,25.0,14,25.1,36,2,2022-01-07 09:00:21
1641546021517751000,25.05,2,25.0,16,25.1,37,2,2022-01-07 09:00:21
1641546021583574000,25.0,1,25.0,15,25.1,37,2,2022-01-07 09:00:21
1641546021658042000,25.0,10,25.0,5,25.1,37,2,2022-01-07 09:00:21
1641546021759351000,25.1,5,25.0,5,25.1,52,1,2022-01-07 09:00:21
1641546021909001000,25.1,5,25.0,5,25.1,47,1,2022-01-07 09:00:21
1641546021916751000,25.1,5,25.0,5,25.1,42,1,2022-01-07 09:00:21
1641546021975310000,25.0,2,25.0,4,25.05,10,2,2022-01-07 09:00:21
1641546022293249000,25.05,3,25.0,24,25.05,7,1,2022-01-07 09:00:22
1641546022326899000,25.05,7,25.0,34,25.1,44,1,2022-01-07 09:00:22
1641546022357570000,25.0,5,25.0,29,25.1,44,2,2022-01-07 09:00:22
1641546022489405000,25.1,5,25.05,40,25.1,39,1,2022-01-07 09:00:22
1641546022620728000,25.1,1,25.05,40,25.1,38,1,2022-01-07 09:00:22
1641546022625995000,25.1,10,25.05,40,25.1,28,1,2022-01-07 09:00:22
1641546022645784000,25.1,1,25.05,40,25.1,27,1,2022-01-07 09:00:22
1641546022654410000,25.1,11,25.05,40,25.1,16,1,2022-01-07 09:00:22
1641546022684586000,25.1,12,25.05,60,25.1,4,1,2022-01-07 09:00:22
1641546022697860000,25.1,4,25.05,60,25.15,20,1,2022-01-07 09:00:22
1641546022716037000,25.15,1,25.05,60,25.15,19,1,2022-01-07 09:00:22
1641546022740205000,25.05,3,25.05,57,25.15,54,2,2022-01-07 09:00:22
1641546022826722000,25.1,2,25.1,3,25.15,54,1,2022-01-07 09:00:22
1641546022861194000,25.15,10,25.1,3,25.15,44,1,2022-01-07 09:00:22
1641546022918377000,25.1,2,25.1,1,25.15,44,2,2022-01-07 09:00:22
1641546023035242000,25.15,5,25.1,1,25.15,39,1,2022-01-07 09:00:23
1641546023066270000,25.15,5,25.1,1,25.15,34,1,2022-01-07 09:00:23
1641546023073255000,25.1,1,25.05,86,25.15,34,2,2022-01-07 09:00:23
1641546023073255000,25.05,1,25.05,86,25.15,34,2,2022-01-07 09:00:23
1641546023093268000,25.15,10,25.05,86,25.15,24,1,2022-01-07 09:00:23
1641546023220410000,25.05,50,25.05,36,25.1,1,2,2022-01-07 09:00:23
1641546023261243000,25.05,20,25.05,16,25.1,1,2,2022-01-07 09:00:23
1641546023498363000,25.05,1,25.05,15,25.1,16,2,2022-01-07 09:00:23
1641546023522473000,25.1,5,25.05,15,25.1,11,1,2022-01-07 09:00:23
1641546023733981000,25.1,10,25.05,16,25.1,5,1,2022-01-07 09:00:23
1641546023811725000,25.05,4,25.05,17,25.1,5,2,2022-01-07 09:00:23
1641546023981252000,25.1,5,25.05,6,25.15,24,1,2022-01-07 09:00:23
1641546024023091000,25.05,1,25.05,5,25.15,24,2,2022-01-07 09:00:24
1641546024043957000,25.15,15,25.05,5,25.15,9,1,2022-01-07 09:00:24
1641546024104349000,25.05,1,25.05,4,25.15,9,2,2022-01-07 09:00:24
1641546024318279000,25.1,3,25.05,6,25.15,7,1,2022-01-07 09:00:24
1641546024318279000,25.15,2,25.05,6,25.15,7,1,2022-01-07 09:00:24
1641546024568956000,25.1,1,25.05,8,25.15,7,2,2022-01-07 09:00:24
1641546024568956000,25.05,1,25.05,8,25.15,7,2,2022-01-07 09:00:24
1641546024739625000,25.15,5,25.05,19,25.15,2,1,2022-01-07 09:00:24
1641546024823695000,25.15,1,25.1,2,25.15,1,1,2022-01-07 09:00:24
1641546024993501000,25.15,1,25.1,2,25.25,7,1,2022-01-07 09:00:24
1641546024993501000,25.25,4,25.1,2,25.25,7,1,2022-01-07 09:00:24
1641546025020763000,25.1,1,25.1,1,25.25,7,2,2022-01-07 09:00:25
1641546025025914000,25.1,1,25.05,22,25.25,7,2,2022-01-07 09:00:25
1641546025290343000,25.25,5,25.05,24,25.25,18,1,2022-01-07 09:00:25
1641546025359507000,25.1,4,25.1,6,25.25,18,2,2022-01-07 09:00:25
1641546025396182000,25.1,1,25.1,5,25.25,20,2,2022-01-07 09:00:25
1641546025453690000,25.1,5,25.05,39,25.15,1,2,2022-01-07 09:00:25
1641546025495143000,25.05,10,25.05,29,25.15,1,2,2022-01-07 09:00:25
1641546025595276000,25.15,1,25.05,31,25.25,22,1,2022-01-07 09:00:25
1641546025804387000,25.2,5,25.05,35,25.2,7,1,2022-01-07 09:00:25
1641546025845335000,25.05,20,25.05,21,25.2,7,2,2022-01-07 09:00:25
1641546026118557000,25.2,4,25.1,9,25.2,3,1,2022-01-07 09:00:26
1641546026150554000,25.2,3,25.1,11,25.25,54,1,2022-01-07 09:00:26
1641546026150554000,25.25,2,25.1,11,25.25,54,1,2022-01-07 09:00:26
1641546026707257000,25.2,2,25.15,40,25.25,55,1,2022-01-07 09:00:26
1641546026707257000,25.25,3,25.15,40,25.25,55,1,2022-01-07 09:00:26
1641546027034675000,25.15,3,25.15,38,25.2,4,2,2022-01-07 09:00:27
1641546027071468000,25.2,1,25.15,38,25.2,3,1,2022-01-07 09:00:27
1641546027291977000,25.2,2,25.15,38,25.2,1,1,2022-01-07 09:00:27
1641546027481764000,25.2,1,25.15,38,25.25,55,1,2022-01-07 09:00:27
1641546027515284000,25.15,5,25.15,33,25.25,55,2,2022-01-07 09:00:27
1641546027757013000,25.25,5,25.15,37,25.25,50,1,2022-01-07 09:00:27
1641546027966924000,25.15,20,25.15,19,25.25,50,2,2022-01-07 09:00:27
1641546028088601000,25.15,1,25.15,19,25.25,50,2,2022-01-07 09:00:28
1641546028301733000,25.15,1,25.15,20,25.25,50,2,2022-01-07 09:00:28
1641546028612635000,25.25,2,25.2,4,25.25,48,1,2022-01-07 09:00:28
1641546028663145000,25.25,5,25.2,6,25.25,43,1,2022-01-07 09:00:28
1641546028941375000,25.25,4,25.2,16,25.25,39,1,2022-01-07 09:00:28
1641546028971929000,25.2,10,25.2,6,25.25,40,2,2022-01-07 09:00:28
1641546029054569000,25.2,1,25.2,5,25.25,40,2,2022-01-07 09:00:29
1641546029060901000,25.2,2,25.2,3,25.25,40,2,2022-01-07 09:00:29
1641546029142150000,25.2,2,25.2,3,25.25,40,2,2022-01-07 09:00:29
1641546029547448000,25.25,5,25.2,3,25.25,35,1,2022-01-07 09:00:29
1641546029586665000,25.25,1,25.2,3,25.25,34,1,2022-01-07 09:00:29
1641546029784544000,25.25,1,25.2,3,25.25,35,1,2022-01-07 09:00:29
1641546030074653000,25.25,2,25.2,3,25.25,35,1,2022-01-07 09:00:30
1641546030169402000,25.2,3,25.15,15,25.25,35,2,2022-01-07 09:00:30
1641546030169402000,25.15,7,25.15,15,25.25,35,2,2022-01-07 09:00:30
1641546030469069000,25.25,5,25.2,1,25.25,32,1,2022-01-07 09:00:30
1641546030516106000,25.25,1,25.2,1,25.25,31,1,2022-01-07 09:00:30
1641546030526570000,25.2,1,25.15,20,25.2,4,2,2022-01-07 09:00:30
1641546030614096000,25.15,10,25.15,10,25.2,5,2,2022-01-07 09:00:30
1641546030664933000,25.15,8,25.15,2,25.2,5,2,2022-01-07 09:00:30
1641546030703094000,25.15,2,25.1,74,25.2,5,2,2022-01-07 09:00:30
1641546031394488000,25.2,5,25.15,1,25.2,3,1,2022-01-07 09:00:31
1641546031626482000,25.2,1,25.15,1,25.2,22,1,2022-01-07 09:00:31
1641546031804412000,25.2,8,25.15,1,25.2,14,1,2022-01-07 09:00:31
1641546032188718000,25.2,5,25.15,3,25.2,11,1,2022-01-07 09:00:32
1641546032411803000,25.2,11,25.25,22,25.3,204,1,2022-01-07 09:00:32
1641546032411803000,25.25,22,25.25,22,25.3,204,1,2022-01-07 09:00:32
1641546032439970000,25.25,16,25.25,6,25.3,204,2,2022-01-07 09:00:32
1641546032439986000,25.25,6,25.15,4,25.3,204,2,2022-01-07 09:00:32
1641546032608222000,25.2,1,25.15,5,25.2,3,1,2022-01-07 09:00:32
1641546032665052000,25.2,3,25.2,2,25.3,204,1,2022-01-07 09:00:32
1641546032690702000,25.2,2,25.15,5,25.25,3,2,2022-01-07 09:00:32
1641546032700506000,25.25,3,25.15,5,25.3,191,1,2022-01-07 09:00:32
1641546032700506000,25.3,13,25.15,5,25.3,191,1,2022-01-07 09:00:32
1641546032795018000,25.25,1,25.15,7,25.3,191,1,2022-01-07 09:00:32
1641546032818713000,25.25,1,25.15,7,25.3,190,1,2022-01-07 09:00:32
1641546032818713000,25.3,1,25.15,7,25.3,190,1,2022-01-07 09:00:32
1641546032930367000,25.15,7,25.1,39,25.3,190,2,2022-01-07 09:00:32
1641546032930367000,25.1,1,25.1,39,25.3,190,2,2022-01-07 09:00:32
1641546032980356000,25.3,2,25.1,39,25.3,188,1,2022-01-07 09:00:32
1641546033095265000,25.2,1,25.15,2,25.3,188,2,2022-01-07 09:00:33
1641546033313737000,25.3,10,25.15,5,25.3,178,1,2022-01-07 09:00:33
1641546033472171000,25.25,2,25.2,1,25.3,170,1,2022-01-07 09:00:33
1641546033472171000,25.3,8,25.2,1,25.3,170,1,2022-01-07 09:00:33
1641546033760770000,25.2,1,25.15,5,25.25,12,2,2022-01-07 09:00:33
1641546033760770000,25.15,9,25.15,5,25.25,12,2,2022-01-07 09:00:33
1641546033869699000,25.25,1,25.15,9,25.25,11,1,2022-01-07 09:00:33
1641546034089289000,25.2,10,25.2,20,25.25,11,2,2022-01-07 09:00:34
1641546034121023000,25.2,20,25.15,12,25.25,11,2,2022-01-07 09:00:34
1641546034169567000,25.25,5,25.15,12,25.25,6,1,2022-01-07 09:00:34
1641546034301232000,25.25,1,25.15,12,25.25,5,1,2022-01-07 09:00:34
1641546034781258000,25.2,1,25.15,22,25.25,40,2,2022-01-07 09:00:34
1641546035010133000,25.25,1,25.15,23,25.25,39,1,2022-01-07 09:00:35
1641546035016326000,25.15,2,25.15,21,25.25,39,2,2022-01-07 09:00:35
1641546035094953000,25.2,5,25.2,1,25.25,39,2,2022-01-07 09:00:35
1641546035114943000,25.2,1,25.15,21,25.25,39,2,2022-01-07 09:00:35
1641546035191461000,25.15,1,25.15,20,25.25,39,2,2022-01-07 09:00:35
1641546035233375000,25.25,2,25.15,20,25.25,37,1,2022-01-07 09:00:35
1641546036151593000,25.2,4,25.15,24,25.25,38,1,2022-01-07 09:00:36
1641546036388247000,25.2,1,25.15,24,25.25,39,1,2022-01-07 09:00:36
1641546036388247000,25.25,4,25.15,24,25.25,39,1,2022-01-07 09:00:36
1641546036484578000,25.25,1,25.15,24,25.25,38,1,2022-01-07 09:00:36
1641546036742191000,25.25,1,25.2,2,25.25,42,1,2022-01-07 09:00:36
1641546036789182000,25.2,2,25.15,21,25.25,42,2,2022-01-07 09:00:36
1641546036789182000,25.15,4,25.15,21,25.25,42,2,2022-01-07 09:00:36
1641546036871107000,25.2,2,25.2,3,25.25,62,2,2022-01-07 09:00:36
1641546037012420000,25.2,5,25.15,20,25.25,62,2,2022-01-07 09:00:37
1641546037263229000,25.2,1,25.15,21,25.2,4,2,2022-01-07 09:00:37
1641546037310424000,25.15,1,25.15,20,25.2,4,2,2022-01-07 09:00:37
1641546037467455000,25.15,1,25.15,19,25.2,5,2,2022-01-07 09:00:37
1641546037594866000,25.15,20,25.1,50,25.2,25,2,2022-01-07 09:00:37
1641546037782539000,25.15,8,25.15,3,25.2,25,2,2022-01-07 09:00:37
1641546037782765000,25.2,3,25.1,42,25.2,22,1,2022-01-07 09:00:37
1641546037848993000,25.2,5,25.1,42,25.2,17,1,2022-01-07 09:00:37
1641546037851831000,25.1,6,25.1,36,25.2,17,2,2022-01-07 09:00:37
1641546037873243000,25.2,1,25.1,36,25.2,16,1,2022-01-07 09:00:37
1641546037979788000,25.15,1,25.1,36,25.2,16,2,2022-01-07 09:00:37
1641546038152937000,25.2,1,25.1,38,25.2,20,1,2022-01-07 09:00:38
1641546038238026000,25.2,1,25.1,38,25.2,19,1,2022-01-07 09:00:38
1641546038249928000,25.2,10,25.1,38,25.2,9,1,2022-01-07 09:00:38
1641546038334882000,25.2,9,25.2,1,25.25,79,1,2022-01-07 09:00:38
1641546038367503000,25.2,1,25.1,38,25.25,79,2,2022-01-07 09:00:38
1641546038516968000,25.2,5,25.1,38,25.25,79,1,2022-01-07 09:00:38
1641546038697557000,25.2,1,25.15,1,25.2,4,1,2022-01-07 09:00:38
1641546038700356000,25.2,1,25.15,1,25.2,3,1,2022-01-07 09:00:38
1641546038872606000,25.15,1,25.1,38,25.2,18,2,2022-01-07 09:00:38
1641546039154904000,25.2,1,25.1,38,25.2,22,1,2022-01-07 09:00:39
1641546039211903000,25.2,1,25.15,1,25.2,26,1,2022-01-07 09:00:39
1641546039231486000,25.15,1,25.1,38,25.2,26,2,2022-01-07 09:00:39
1641546039294624000,25.2,7,25.1,38,25.2,19,1,2022-01-07 09:00:39
1641546039351944000,25.15,2,25.1,53,25.2,11,1,2022-01-07 09:00:39
1641546039351944000,25.2,8,25.1,53,25.2,11,1,2022-01-07 09:00:39
1641546039409164000,25.15,2,25.1,53,25.2,41,2,2022-01-07 09:00:39
1641546039953579000,25.2,6,25.15,2,25.2,50,1,2022-01-07 09:00:39
1641546039990883000,25.15,2,25.1,83,25.2,50,2,2022-01-07 09:00:39
1641546040051766000,25.1,2,25.1,81,25.2,50,2,2022-01-07 09:00:40
1641546040153280000,25.2,1,25.1,82,25.2,49,1,2022-01-07 09:00:40
1641546040181131000,25.15,6,25.1,82,25.2,49,2,2022-01-07 09:00:40
1641546040278818000,25.2,10,25.1,82,25.2,39,1,2022-01-07 09:00:40
1641546040360481000,25.2,3,25.1,82,25.2,36,1,2022-01-07 09:00:40
1641546040594300000,25.2,1,25.1,82,25.2,36,1,2022-01-07 09:00:40
1641546040638271000,25.15,1,25.1,92,25.15,1,2,2022-01-07 09:00:40
1641546040786960000,25.15,15,25.1,92,25.15,21,1,2022-01-07 09:00:40
1641546041066701000,25.15,5,25.1,92,25.15,16,1,2022-01-07 09:00:41
1641546041400944000,25.15,2,25.1,92,25.15,20,1,2022-01-07 09:00:41
1641546041403104000,25.15,5,25.1,92,25.15,15,1,2022-01-07 09:00:41
1641546041567446000,25.15,1,25.1,92,25.15,14,1,2022-01-07 09:00:41
1641546041656254000,25.15,3,25.1,92,25.15,11,1,2022-01-07 09:00:41
1641546042051790000,25.15,3,25.1,78,25.15,23,1,2022-01-07 09:00:42
1641546042076502000,25.15,10,25.1,78,25.15,13,1,2022-01-07 09:00:42
1641546042183352000,25.15,1,25.1,78,25.15,12,1,2022-01-07 09:00:42
1641546042326949000,25.15,1,25.1,78,25.15,11,1,2022-01-07 09:00:42
1641546042480879000,25.15,1,25.1,78,25.15,10,1,2022-01-07 09:00:42
1641546042500635000,25.1,5,25.1,73,25.15,10,2,2022-01-07 09:00:42
1641546042623873000,25.15,11,25.1,73,25.2,45,1,2022-01-07 09:00:42
1641546042623873000,25.2,9,25.1,73,25.2,45,1,2022-01-07 09:00:42
1641546042860663000,25.15,1,25.1,73,25.15,11,1,2022-01-07 09:00:42
1641546043183172000,25.15,2,25.1,73,25.15,9,1,2022-01-07 09:00:43
1641546043188986000,25.1,2,25.1,71,25.15,9,2,2022-01-07 09:00:43
1641546043245623000,25.15,5,25.1,71,25.15,4,1,2022-01-07 09:00:43
1641546043773920000,25.15,5,25.1,87,25.15,21,1,2022-01-07 09:00:43
1641546044129331000,25.15,26,25.15,4,25.2,67,1,2022-01-07 09:00:44
1641546044467786000,25.15,5,25.1,91,25.15,5,2,2022-01-07 09:00:44
1641546044499598000,25.15,1,25.1,91,25.15,4,1,2022-01-07 09:00:44
1641546044560961000,25.15,1,25.1,91,25.15,3,1,2022-01-07 09:00:44
1641546044902450000,25.15,1,25.1,91,25.15,2,1,2022-01-07 09:00:44
1641546045011326000,25.15,1,25.1,91,25.15,1,1,2022-01-07 09:00:45
1641546045191314000,25.15,1,25.1,91,25.2,74,1,2022-01-07 09:00:45
1641546045391056000,25.15,3,25.1,91,25.2,74,2,2022-01-07 09:00:45
1641546045601222000,25.1,2,25.1,90,25.15,5,2,2022-01-07 09:00:45
1641546045671978000,25.15,5,25.1,90,25.2,74,1,2022-01-07 09:00:45
1641546045671978000,25.2,5,25.1,90,25.2,74,1,2022-01-07 09:00:45
1641546046080780000,25.15,1,25.1,105,25.2,77,2,2022-01-07 09:00:46
1641546046119883000,25.15,2,25.1,104,25.2,77,2,2022-01-07 09:00:46
1641546046119883000,25.1,1,25.1,104,25.2,77,2,2022-01-07 09:00:46
1641546046416346000,25.2,4,25.15,2,25.2,69,1,2022-01-07 09:00:46
1641546046492396000,25.15,1,25.15,5,25.2,69,2,2022-01-07 09:00:46
1641546046501861000,25.15,4,25.15,1,25.2,69,2,2022-01-07 09:00:46
1641546046677471000,25.2,6,25.15,3,25.2,63,1,2022-01-07 09:00:46
1641546047098093000,25.15,1,25.15,6,25.2,63,2,2022-01-07 09:00:47
1641546047113936000,25.15,5,25.15,1,25.2,63,2,2022-01-07 09:00:47
1641546047124052000,25.15,1,25.1,108,25.15,9,2,2022-01-07 09:00:47
1641546047227403000,25.15,1,25.1,108,25.15,8,1,2022-01-07 09:00:47
1641546047576833000,25.15,2,25.1,128,25.15,6,1,2022-01-07 09:00:47
1641546047607398000,25.15,5,25.1,128,25.15,1,1,2022-01-07 09:00:47
1641546047988953000,25.15,2,25.15,3,25.2,32,1,2022-01-07 09:00:47
1641546048113631000,25.15,1,25.15,2,25.2,34,2,2022-01-07 09:00:48
1641546048251762000,25.15,1,25.15,6,25.2,34,2,2022-01-07 09:00:48
1641546048370910000,25.15,2,25.15,5,25.2,34,2,2022-01-07 09:00:48
1641546048559512000,25.15,1,25.15,9,25.2,35,2,2022-01-07 09:00:48
1641546048655131000,25.15,1,25.15,8,25.2,35,2,2022-01-07 09:00:48
1641546048666861000,25.15,5,25.15,3,25.2,35,2,2022-01-07 09:00:48
1641546048781290000,25.2,1,25.15,3,25.2,34,1,2022-01-07 09:00:48
1641546048840935000,25.15,1,25.15,2,25.2,34,2,2022-01-07 09:00:48
1641546048911843000,25.2,2,25.15,2,25.2,32,1,2022-01-07 09:00:48
1641546049047260000,25.2,1,25.15,7,25.2,31,1,2022-01-07 09:00:49
1641546049110264000,25.2,1,25.15,7,25.2,30,1,2022-01-07 09:00:49
1641546049195391000,25.2,10,25.15,7,25.2,20,1,2022-01-07 09:00:49
1641546049306410000,25.15,1,25.15,6,25.2,20,2,2022-01-07 09:00:49
1641546049719806000,25.2,2,25.15,13,25.2,18,1,2022-01-07 09:00:49
1641546049983634000,25.2,1,25.15,13,25.2,18,1,2022-01-07 09:00:49
1641546050121368000,25.2,3,25.15,23,25.2,15,1,2022-01-07 09:00:50
1641546050248916000,25.15,3,25.15,20,25.2,15,2,2022-01-07 09:00:50
1641546050587424000,25.2,10,25.15,22,25.2,6,1,2022-01-07 09:00:50
1641546050699941000,25.2,3,25.15,23,25.2,7,1,2022-01-07 09:00:50
1641546051148426000,25.15,2,25.15,40,25.2,17,2,2022-01-07 09:00:51
1641546051148899000,25.2,1,25.15,40,25.2,16,1,2022-01-07 09:00:51
1641546051239125000,25.15,3,25.15,37,25.2,16,2,2022-01-07 09:00:51
1641546052211195000,25.2,3,25.15,42,25.2,28,1,2022-01-07 09:00:52
1641546052251568000,25.2,10,25.15,42,25.2,23,1,2022-01-07 09:00:52
1641546053159240000,25.15,2,25.15,81,25.2,211,2,2022-01-07 09:00:53
1641546053245921000,25.2,1,25.15,92,25.2,210,1,2022-01-07 09:00:53
1641546053520122000,25.2,1,25.15,93,25.2,209,1,2022-01-07 09:00:53
1641546053597493000,25.15,14,25.15,79,25.2,209,2,2022-01-07 09:00:53
1641546053736518000,25.2,2,25.15,79,25.2,208,1,2022-01-07 09:00:53
1641546053761534000,25.2,2,25.15,99,25.2,206,1,2022-01-07 09:00:53
1641546053911061000,25.15,3,25.15,96,25.2,206,2,2022-01-07 09:00:53
1641546054635730000,25.2,3,25.15,103,25.2,203,1,2022-01-07 09:00:54
1641546054866623000,25.2,1,25.15,107,25.2,202,1,2022-01-07 09:00:54
1641546054900154000,25.2,1,25.15,107,25.2,201,1,2022-01-07 09:00:54
1641546054901548000,25.2,3,25.15,107,25.2,198,1,2022-01-07 09:00:54
1641546054933532000,25.15,2,25.15,105,25.2,198,2,2022-01-07 09:00:54
1641546055176917000,25.2,1,25.15,107,25.2,197,1,2022-01-07 09:00:55
1641546055301971000,25.2,1,25.15,107,25.2,197,1,2022-01-07 09:00:55
1641546055484345000,25.2,5,25.15,108,25.2,195,1,2022-01-07 09:00:55
1641546055702047000,25.2,1,25.15,108,25.2,206,1,2022-01-07 09:00:55
1641546055761656000,25.2,5,25.15,108,25.2,201,1,2022-01-07 09:00:55
1641546055948194000,25.15,2,25.15,107,25.2,201,2,2022-01-07 09:00:55
1641546056242621000,25.2,5,25.15,117,25.2,196,1,2022-01-07 09:00:56
1641546056265206000,25.15,20,25.15,97,25.2,196,2,2022-01-07 09:00:56
1641546057116269000,25.15,103,25.1,171,25.2,347,2,2022-01-07 09:00:57
1641546057326698000,25.2,1,25.1,171,25.2,346,1,2022-01-07 09:00:57
1641546057374533000,25.15,1,25.1,171,25.2,346,2,2022-01-07 09:00:57
1641546057530204000,25.15,1,25.1,171,25.2,346,1,2022-01-07 09:00:57
1641546057783504000,25.15,5,25.1,171,25.2,348,2,2022-01-07 09:00:57
1641546058070447000,25.1,21,25.1,151,25.15,31,2,2022-01-07 09:00:58
1641546058256446000,25.15,1,25.1,151,25.15,30,1,2022-01-07 09:00:58
1641546058465884000,25.1,5,25.1,146,25.15,30,2,2022-01-07 09:00:58
1641546058803391000,25.15,2,25.1,146,25.15,47,1,2022-01-07 09:00:58
1641546058927205000,25.1,2,25.1,144,25.15,67,2,2022-01-07 09:00:58
1641546059084415000,25.1,3,25.1,141,25.15,67,2,2022-01-07 09:00:59
1641546059125909000,25.15,2,25.1,141,25.15,65,1,2022-01-07 09:00:59
1641546059239323000,25.15,10,25.1,141,25.15,55,1,2022-01-07 09:00:59
1641546059259966000,25.1,2,25.1,139,25.15,55,2,2022-01-07 09:00:59
1641546059383194000,25.15,2,25.1,139,25.15,53,1,2022-01-07 09:00:59
1641546059487998000,25.15,2,25.1,139,25.15,51,1,2022-01-07 09:00:59
1641546059706746000,25.15,1,25.1,139,25.15,64,1,2022-01-07 09:00:59
1641546059727042000,25.1,10,25.1,129,25.15,64,2,2022-01-07 09:00:59
1641546059753996000,25.1,1,25.1,128,25.15,64,2,2022-01-07 09:00:59
1641546060332681000,25.1,3,25.1,126,25.15,85,2,2022-01-07 09:01:00
1641546060475343000,25.15,2,25.1,135,25.15,83,1,2022-01-07 09:01:00
1641546060510211000,25.15,1,25.1,135,25.15,82,1,2022-01-07 09:01:00
1641546060630319000,25.1,6,25.1,129,25.15,87,2,2022-01-07 09:01:00
1641546060634409000,25.1,20,25.1,109,25.15,87,2,2022-01-07 09:01:00
1641546060687911000,25.1,20,25.1,89,25.15,87,2,2022-01-07 09:01:00
1641546060723751000,25.1,89,25.05,75,25.15,87,2,2022-01-07 09:01:00
1641546060814296000,25.05,1,25.05,72,25.15,97,2,2022-01-07 09:01:00
1641546060908773000,25.05,4,25.05,68,25.15,98,2,2022-01-07 09:01:00
1641546060915475000,25.15,3,25.05,68,25.15,95,1,2022-01-07 09:01:00
1641546061013931000,25.15,1,25.05,68,25.15,94,1,2022-01-07 09:01:01
1641546061093600000,25.15,5,25.05,68,25.15,89,1,2022-01-07 09:01:01
1641546061281028000,25.05,56,25.05,12,25.1,12,2,2022-01-07 09:01:01
1641546061316409000,25.05,12,25.0,140,25.1,12,2,2022-01-07 09:01:01
1641546061700724000,25.1,1,25.0,140,25.1,32,1,2022-01-07 09:01:01
1641546061782621000,25.0,5,25.0,135,25.1,33,2,2022-01-07 09:01:01
1641546061914986000,25.0,3,25.0,133,25.1,35,2,2022-01-07 09:01:01
1641546062063328000,25.0,2,25.0,131,25.1,35,2,2022-01-07 09:01:02
1641546062133057000,25.05,10,25.0,131,25.1,25,1,2022-01-07 09:01:02
1641546062133057000,25.1,10,25.0,131,25.1,25,1,2022-01-07 09:01:02
1641546062308674000,25.1,1,25.0,131,25.1,24,1,2022-01-07 09:01:02
1641546062343826000,25.0,1,25.0,130,25.1,24,2,2022-01-07 09:01:02
1641546062496970000,25.0,2,25.0,128,25.1,24,2,2022-01-07 09:01:02
1641546062505983000,25.1,1,25.0,128,25.1,23,1,2022-01-07 09:01:02
1641546062579934000,25.1,2,25.0,128,25.1,21,1,2022-01-07 09:01:02
1641546062770277000,25.05,1,25.0,128,25.05,20,1,2022-01-07 09:01:02
1641546062990932000,25.05,1,25.0,128,25.05,19,1,2022-01-07 09:01:02
1641546063080623000,25.0,1,25.0,127,25.05,19,2,2022-01-07 09:01:03
1641546063937726000,25.0,1,25.0,126,25.05,20,2,2022-01-07 09:01:03
1641546064144974000,25.0,15,25.0,111,25.05,20,2,2022-01-07 09:01:04
1641546064478993000,25.0,1,25.0,110,25.05,20,2,2022-01-07 09:01:04
1641546064504371000,25.0,7,25.0,103,25.05,20,2,2022-01-07 09:01:04
1641546064535310000,25.05,5,25.0,103,25.05,15,1,2022-01-07 09:01:04
1641546065197457000,25.0,17,25.0,86,25.05,20,2,2022-01-07 09:01:05
1641546065197480000,25.0,16,25.0,70,25.05,20,2,2022-01-07 09:01:05
1641546065232314000,25.0,31,25.0,39,25.05,20,2,2022-01-07 09:01:05
1641546065301918000,25.0,39,24.95,20,25.05,20,2,2022-01-07 09:01:05
1641546065312198000,25.05,2,24.95,20,25.05,18,1,2022-01-07 09:01:05
1641546065379625000,25.05,5,24.95,25,25.05,13,1,2022-01-07 09:01:05
1641546065800880000,25.0,2,24.95,30,25.0,8,1,2022-01-07 09:01:05
1641546065846225000,24.95,3,24.95,27,25.0,8,2,2022-01-07 09:01:05
1641546065979688000,24.95,1,24.95,26,25.0,8,2,2022-01-07 09:01:05
1641546066032603000,25.0,8,24.95,26,25.05,23,1,2022-01-07 09:01:06
1641546066032603000,25.05,2,24.95,26,25.05,23,1,2022-01-07 09:01:06
1641546066479603000,25.0,1,24.95,26,25.05,21,1,2022-01-07 09:01:06
1641546066479603000,25.05,2,24.95,26,25.05,21,1,2022-01-07 09:01:06
1641546066628798000,25.0,1,24.95,26,25.05,19,1,2022-01-07 09:01:06
1641546066628798000,25.05,2,24.95,26,25.05,19,1,2022-01-07 09:01:06
1641546066665316000,24.95,1,24.95,25,25.05,19,2,2022-01-07 09:01:06
1641546066758614000,24.95,5,24.95,20,25.05,19,2,2022-01-07 09:01:06
1641546066853700000,25.0,1,25.0,1,25.05,19,2,2022-01-07 09:01:06
1641546066913792000,25.0,1,24.95,20,25.05,25,2,2022-01-07 09:01:06
1641546067134825000,25.0,1,24.95,20,25.05,26,2,2022-01-07 09:01:07
1641546067445826000,25.0,2,24.95,15,25.05,26,1,2022-01-07 09:01:07
1641546067571124000,25.05,1,24.95,15,25.05,25,1,2022-01-07 09:01:07
1641546068135557000,25.0,11,24.95,15,25.0,26,2,2022-01-07 09:01:08
1641546068746609000,24.95,10,24.95,15,25.0,36,2,2022-01-07 09:01:08
1641546069166359000,24.95,15,24.9,92,25.0,41,2,2022-01-07 09:01:09
1641546069306524000,25.0,1,24.9,92,25.0,40,1,2022-01-07 09:01:09
1641546069825182000,25.0,1,24.95,3,25.0,45,1,2022-01-07 09:01:09
1641546070096841000,25.0,1,24.95,3,25.0,55,1,2022-01-07 09:01:10
1641546070123555000,25.0,5,24.95,3,25.0,51,1,2022-01-07 09:01:10
1641546070177161000,24.95,3,24.9,92,25.0,51,2,2022-01-07 09:01:10
1641546070377066000,25.0,2,24.9,92,25.0,49,1,2022-01-07 09:01:10
1641546070614169000,25.0,2,24.95,25,25.0,51,1,2022-01-07 09:01:10
1641546070663564000,24.95,5,24.95,20,25.0,51,2,2022-01-07 09:01:10
1641546070670193000,24.95,5,24.95,15,25.0,51,2,2022-01-07 09:01:10
1641546070759442000,24.95,1,24.95,14,25.0,51,2,2022-01-07 09:01:10
1641546070872586000,25.0,1,24.95,14,25.0,50,1,2022-01-07 09:01:10
1641546071072893000,24.95,7,24.95,7,25.0,67,2,2022-01-07 09:01:11
1641546071199863000,24.95,7,24.9,92,25.0,92,2,2022-01-07 09:01:11
1641546071245150000,25.0,2,24.9,92,25.0,90,1,2022-01-07 09:01:11
1641546071265075000,24.95,1,24.95,4,25.0,90,1,2022-01-07 09:01:11
1641546071434900000,24.95,1,24.95,3,25.0,91,2,2022-01-07 09:01:11
1641546071520868000,25.0,10,24.95,33,25.0,81,1,2022-01-07 09:01:11
1641546071535136000,24.95,33,24.9,92,24.95,5,2,2022-01-07 09:01:11
1641546071840147000,24.95,1,24.9,88,24.95,5,1,2022-01-07 09:01:11
1641546071862912000,24.95,1,24.9,88,24.95,8,1,2022-01-07 09:01:11
1641546071951849000,24.95,1,24.9,88,24.95,7,1,2022-01-07 09:01:11
1641546072207997000,24.9,12,24.9,79,24.95,7,2,2022-01-07 09:01:12
1641546072265414000,24.95,1,24.9,79,24.95,7,1,2022-01-07 09:01:12
1641546072358089000,24.95,2,24.9,78,24.95,5,1,2022-01-07 09:01:12
1641546072409232000,24.95,2,24.9,80,24.95,3,1,2022-01-07 09:01:12
1641546072788264000,24.95,2,24.9,80,24.95,1,1,2022-01-07 09:01:12
1641546072961933000,24.9,5,24.9,75,24.95,1,2,2022-01-07 09:01:12
1641546072965800000,24.95,1,24.9,75,25.0,98,1,2022-01-07 09:01:12
1641546072997080000,25.0,2,24.9,75,25.0,96,1,2022-01-07 09:01:12
1641546073027288000,24.95,1,24.9,75,25.0,96,1,2022-01-07 09:01:13
1641546073490795000,25.0,3,24.9,75,25.0,126,1,2022-01-07 09:01:13
1641546073689643000,24.9,2,24.9,79,25.0,126,2,2022-01-07 09:01:13
1641546073761338000,25.0,1,24.9,79,25.0,125,1,2022-01-07 09:01:13
1641546073929154000,24.9,1,24.9,78,25.0,125,2,2022-01-07 09:01:13
1641546073932798000,25.0,2,24.9,78,25.0,123,1,2022-01-07 09:01:13
1641546074034781000,24.95,8,24.95,12,25.0,129,2,2022-01-07 09:01:14
1641546074342391000,25.0,5,24.95,14,25.0,125,1,2022-01-07 09:01:14
1641546074370568000,24.95,14,24.9,78,25.0,134,2,2022-01-07 09:01:14
1641546074459354000,25.0,3,24.95,2,25.0,131,1,2022-01-07 09:01:14
1641546074530273000,24.95,2,24.9,78,24.95,3,2,2022-01-07 09:01:14
1641546074568269000,24.95,3,24.9,72,25.0,131,1,2022-01-07 09:01:14
1641546074714000000,24.9,2,24.9,70,25.0,136,2,2022-01-07 09:01:14
1641546074947236000,25.0,1,24.95,1,25.0,145,1,2022-01-07 09:01:14
1641546075045140000,25.0,1,24.95,1,25.0,144,1,2022-01-07 09:01:15
1641546075072346000,24.95,1,24.9,72,25.0,144,2,2022-01-07 09:01:15
1641546075072346000,24.9,9,24.9,72,25.0,144,2,2022-01-07 09:01:15
1641546075362509000,25.0,1,24.95,6,25.0,151,1,2022-01-07 09:01:15
1641546075397815000,24.95,6,24.9,70,25.0,151,2,2022-01-07 09:01:15
1641546075686368000,24.95,1,24.95,4,25.0,168,1,2022-01-07 09:01:15
1641546076456984000,24.95,4,24.95,20,25.0,230,2,2022-01-07 09:01:16
1641546076539738000,25.0,2,24.95,21,25.0,228,1,2022-01-07 09:01:16
1641546076601557000,24.95,2,24.95,29,25.0,228,2,2022-01-07 09:01:16
1641546076766595000,25.0,1,24.95,30,25.0,227,1,2022-01-07 09:01:16
1641546076890483000,24.95,1,24.95,29,25.0,227,2,2022-01-07 09:01:16
1641546076938088000,25.0,1,24.95,29,25.0,226,1,2022-01-07 09:01:16
1641546077131638000,24.95,2,24.95,27,25.0,226,2,2022-01-07 09:01:17
1641546077142856000,24.95,1,24.95,26,25.0,226,2,2022-01-07 09:01:17
1641546077215906000,25.0,1,24.95,26,25.0,225,1,2022-01-07 09:01:17
1641546077313837000,25.0,2,24.95,46,25.0,223,1,2022-01-07 09:01:17
1641546078100806000,24.95,2,24.95,59,25.0,226,2,2022-01-07 09:01:18
1641546078130517000,24.95,1,24.95,60,25.0,226,2,2022-01-07 09:01:18
1641546078176501000,24.95,1,24.95,59,25.0,226,2,2022-01-07 09:01:18
1641546078227580000,25.0,1,24.95,59,25.0,225,1,2022-01-07 09:01:18
1641546078244507000,24.95,5,24.95,54,25.0,225,2,2022-01-07 09:01:18
1641546078301740000,25.0,10,24.95,54,25.0,215,1,2022-01-07 09:01:18
1641546078400118000,25.0,2,24.95,54,25.0,213,1,2022-01-07 09:01:18
1641546078417739000,24.95,5,24.95,49,25.0,213,2,2022-01-07 09:01:18
1641546078516289000,24.95,2,24.95,49,25.0,213,2,2022-01-07 09:01:18
1641546078608701000,25.0,100,24.95,51,25.0,114,1,2022-01-07 09:01:18
1641546078643843000,25.0,45,24.95,51,25.0,69,1,2022-01-07 09:01:18
1641546078741004000,24.95,2,24.95,49,25.0,69,2,2022-01-07 09:01:18
1641546078924445000,25.0,2,24.95,51,25.0,67,1,2022-01-07 09:01:18
1641546078985817000,25.0,10,24.95,51,25.0,57,1,2022-01-07 09:01:18
1641546079017957000,25.0,19,24.95,51,25.0,38,1,2022-01-07 09:01:19
1641546079069031000,25.0,5,24.95,51,25.0,33,1,2022-01-07 09:01:19
1641546079107592000,25.0,9,24.95,56,25.0,24,1,2022-01-07 09:01:19
1641546079118946000,25.0,12,24.95,56,25.0,12,1,2022-01-07 09:01:19
1641546079129733000,25.0,10,24.95,56,25.0,2,1,2022-01-07 09:01:19
1641546079207919000,24.95,50,24.95,6,25.0,2,2,2022-01-07 09:01:19
1641546079249212000,24.95,1,24.95,5,25.0,2,2,2022-01-07 09:01:19
1641546079290999000,25.0,2,25.0,128,25.05,95,1,2022-01-07 09:01:19
1641546079332504000,25.0,20,25.0,108,25.05,95,2,2022-01-07 09:01:19
1641546079553687000,25.0,1,25.0,109,25.05,95,2,2022-01-07 09:01:19
1641546079598405000,25.0,1,25.0,108,25.05,95,2,2022-01-07 09:01:19
1641546079678892000,25.0,1,25.0,107,25.05,95,2,2022-01-07 09:01:19
1641546079734879000,25.0,15,25.0,92,25.05,95,2,2022-01-07 09:01:19
1641546079756499000,25.0,36,25.0,56,25.05,95,2,2022-01-07 09:01:19
1641546079821486000,25.0,20,25.0,36,25.05,95,2,2022-01-07 09:01:19
1641546080366906000,25.05,5,25.0,60,25.05,90,1,2022-01-07 09:01:20
1641546080568325000,25.0,1,25.0,60,25.05,88,2,2022-01-07 09:01:20
1641546080764502000,25.05,5,25.0,61,25.05,83,1,2022-01-07 09:01:20
1641546080824753000,25.05,83,25.0,61,25.1,115,1,2022-01-07 09:01:20
1641546080824753000,25.1,17,25.0,61,25.1,115,1,2022-01-07 09:01:20
1641546081005918000,25.0,2,25.0,59,25.1,115,2,2022-01-07 09:01:21
1641546081423490000,25.0,10,25.0,54,25.1,116,2,2022-01-07 09:01:21
1641546081565819000,25.0,1,25.0,51,25.05,1,2,2022-01-07 09:01:21
1641546081603030000,25.0,2,25.0,51,25.05,1,2,2022-01-07 09:01:21
1641546081646356000,25.05,1,25.0,51,25.1,116,1,2022-01-07 09:01:21
1641546082261245000,25.05,5,25.05,2,25.1,116,2,2022-01-07 09:01:22
1641546082719957000,25.1,20,25.05,3,25.1,96,1,2022-01-07 09:01:22
1641546082844156000,25.1,1,25.05,6,25.1,93,1,2022-01-07 09:01:22
1641546082928534000,25.05,1,25.05,5,25.1,93,2,2022-01-07 09:01:22
1641546082979589000,25.1,2,25.05,5,25.1,91,1,2022-01-07 09:01:22
1641546083678140000,25.05,10,25.0,28,25.1,120,2,2022-01-07 09:01:23
1641546083678140000,25.0,40,25.0,28,25.1,120,2,2022-01-07 09:01:23
1641546083807784000,25.05,1,25.0,28,25.05,2,1,2022-01-07 09:01:23
1641546083946072000,25.05,1,25.0,28,25.05,1,1,2022-01-07 09:01:23
1641546084218078000,25.0,10,25.0,18,25.05,1,2,2022-01-07 09:01:24
1641546084256072000,25.0,1,25.0,17,25.05,1,2,2022-01-07 09:01:24
1641546084576395000,25.0,4,25.0,17,25.05,1,2,2022-01-07 09:01:24
1641546084804171000,25.05,2,25.0,17,25.1,129,1,2022-01-07 09:01:24
1641546085286850000,25.05,1,25.0,22,25.1,120,1,2022-01-07 09:01:25
1641546085286850000,25.1,9,25.0,22,25.1,120,1,2022-01-07 09:01:25
1641546085395231000,25.0,2,25.0,25,25.1,120,2,2022-01-07 09:01:25
1641546085705617000,25.1,9,25.0,25,25.1,111,1,2022-01-07 09:01:25
1641546085763835000,25.1,1,25.0,25,25.1,110,1,2022-01-07 09:01:25
1641546086114539000,25.1,13,25.0,25,25.1,106,1,2022-01-07 09:01:26
1641546086141482000,25.05,1,25.0,6,25.1,106,2,2022-01-07 09:01:26
1641546086141482000,25.0,19,25.0,6,25.1,106,2,2022-01-07 09:01:26
1641546086465823000,25.05,1,25.0,31,25.1,106,1,2022-01-07 09:01:26
1641546087134467000,25.0,8,25.0,27,25.1,106,2,2022-01-07 09:01:27
1641546087261600000,25.05,1,25.0,27,25.05,16,2,2022-01-07 09:01:27
1641546087392235000,25.0,1,25.0,29,25.05,16,2,2022-01-07 09:01:27
1641546087882959000,25.05,16,25.0,31,25.1,102,1,2022-01-07 09:01:27
1641546087882959000,25.1,4,25.0,31,25.1,102,1,2022-01-07 09:01:27
1641546088186633000,25.0,20,25.0,11,25.1,102,2,2022-01-07 09:01:28
1641546088236819000,25.0,1,25.0,10,25.05,2,2,2022-01-07 09:01:28
1641546088435779000,25.0,2,25.0,20,25.05,3,2,2022-01-07 09:01:28
1641546088510288000,25.05,1,25.0,20,25.05,6,1,2022-01-07 09:01:28
1641546088687637000,25.0,1,25.0,23,25.05,8,2,2022-01-07 09:01:28
1641546088993888000,25.05,1,25.0,23,25.05,7,1,2022-01-07 09:01:28
1641546089011288000,25.05,2,25.0,23,25.05,5,1,2022-01-07 09:01:29
1641546089114793000,25.0,1,25.0,22,25.05,5,2,2022-01-07 09:01:29
1641546089497346000,25.05,1,25.0,25,25.05,4,1,2022-01-07 09:01:29
1641546089860394000,25.05,4,25.05,1,25.1,108,1,2022-01-07 09:01:29
1641546090080271000,25.1,2,25.05,2,25.1,107,1,2022-01-07 09:01:30
1641546090108338000,25.1,3,25.05,2,25.1,104,1,2022-01-07 09:01:30
1641546090740636000,25.05,1,25.05,1,25.1,114,2,2022-01-07 09:01:30
1641546092458314000,25.1,10,25.05,20,25.1,106,1,2022-01-07 09:01:32
1641546092509887000,25.05,1,25.05,19,25.1,106,2,2022-01-07 09:01:32
1641546092767900000,25.05,10,25.05,9,25.1,106,2,2022-01-07 09:01:32
1641546092789295000,25.05,5,25.05,4,25.1,106,2,2022-01-07 09:01:32
1641546092817315000,25.05,1,25.05,4,25.1,106,2,2022-01-07 09:01:32
1641546093092191000,25.05,2,25.05,13,25.1,107,2,2022-01-07 09:01:33
1641546093930504000,25.05,1,25.05,15,25.1,117,2,2022-01-07 09:01:33
1641546093951303000,25.1,1,25.05,15,25.1,116,1,2022-01-07 09:01:33
1641546094029765000,25.05,10,25.05,5,25.1,116,2,2022-01-07 09:01:34
1641546094077621000,25.05,1,25.05,4,25.1,116,2,2022-01-07 09:01:34
1641546094580963000,25.05,3,25.05,2,25.1,117,2,2022-01-07 09:01:34
1641546094644626000,25.1,1,25.05,2,25.1,116,1,2022-01-07 09:01:34
1641546095178215000,25.1,2,25.05,4,25.1,114,1,2022-01-07 09:01:35
1641546095868381000,25.05,1,25.05,23,25.1,114,2,2022-01-07 09:01:35
1641546095940517000,25.05,1,25.05,22,25.1,114,2,2022-01-07 09:01:35
1641546096115190000,25.05,5,25.05,17,25.1,114,2,2022-01-07 09:01:36
1641546096403505000,25.05,12,25.05,15,25.1,114,2,2022-01-07 09:01:36
1641546096527834000,25.1,10,25.05,15,25.1,104,1,2022-01-07 09:01:36
1641546096798543000,25.1,2,25.05,17,25.1,103,1,2022-01-07 09:01:36
1641546096920960000,25.05,1,25.05,24,25.1,103,2,2022-01-07 09:01:36
1641546097015193000,25.05,1,25.05,23,25.1,103,2,2022-01-07 09:01:37
1641546097082865000,25.1,1,25.05,23,25.1,102,1,2022-01-07 09:01:37
1641546097618682000,25.05,1,25.05,75,25.1,102,2,2022-01-07 09:01:37
1641546097681712000,25.1,1,25.05,75,25.1,101,1,2022-01-07 09:01:37
1641546097990651000,25.1,20,25.05,80,25.1,81,1,2022-01-07 09:01:37
1641546098327639000,25.05,1,25.05,79,25.1,81,2,2022-01-07 09:01:38
1641546098567311000,25.1,20,25.05,84,25.1,71,1,2022-01-07 09:01:38
1641546098716517000,25.1,5,25.05,85,25.1,66,1,2022-01-07 09:01:38
1641546099745400000,25.05,2,25.05,96,25.1,69,2,2022-01-07 09:01:39
1641546099778631000,25.1,12,25.05,96,25.1,57,1,2022-01-07 09:01:39
1641546099791585000,25.05,1,25.05,95,25.1,57,2,2022-01-07 09:01:39
1641546099797252000,25.1,2,25.05,95,25.1,55,1,2022-01-07 09:01:39
1641546099909858000,25.1,6,25.05,96,25.1,49,1,2022-01-07 09:01:39
1641546100048445000,25.1,49,25.1,1,25.15,87,1,2022-01-07 09:01:40
1641546100754588000,25.15,30,25.1,2,25.15,47,1,2022-01-07 09:01:40
1641546100756992000,25.15,1,25.1,2,25.15,46,1,2022-01-07 09:01:40
1641546100785813000,25.15,46,25.1,2,25.2,217,1,2022-01-07 09:01:40
1641546101324640000,25.1,3,25.1,2,25.2,217,2,2022-01-07 09:01:41
1641546101749124000,25.2,1,25.1,3,25.2,216,1,2022-01-07 09:01:41
1641546101920399000,25.1,4,25.1,2,25.2,216,2,2022-01-07 09:01:41
1641546102596377000,25.15,1,25.1,3,25.2,219,2,2022-01-07 09:01:42
1641546102654745000,25.1,1,25.1,2,25.2,219,2,2022-01-07 09:01:42
1641546102738377000,25.1,2,25.05,109,25.1,18,2,2022-01-07 09:01:42
1641546102749940000,25.1,5,25.05,109,25.1,13,1,2022-01-07 09:01:42
1641546102762967000,25.1,1,25.05,109,25.1,12,1,2022-01-07 09:01:42
1641546102765922000,25.1,12,25.05,109,25.15,1,1,2022-01-07 09:01:42
1641546102769180000,25.05,1,25.05,108,25.15,1,2,2022-01-07 09:01:42
1641546103283698000,25.15,1,25.1,3,25.15,1,1,2022-01-07 09:01:43
1641546103669713000,25.1,4,25.1,1,25.15,1,2,2022-01-07 09:01:43
1641546104074859000,25.15,13,25.1,2,25.2,212,1,2022-01-07 09:01:44
1641546104074859000,25.2,7,25.1,2,25.2,212,1,2022-01-07 09:01:44
1641546104661552000,25.1,1,25.1,2,25.15,5,2,2022-01-07 09:01:44
1641546104729545000,25.15,1,25.1,3,25.15,4,1,2022-01-07 09:01:44
1641546105299004000,25.1,1,25.1,6,25.15,7,2,2022-01-07 09:01:45
1641546105332844000,25.15,7,25.1,6,25.2,214,1,2022-01-07 09:01:45
1641546105332844000,25.2,1,25.1,6,25.2,214,1,2022-01-07 09:01:45
1641546105440453000,25.1,1,25.1,5,25.2,214,2,2022-01-07 09:01:45
1641546105746548000,25.2,1,25.1,15,25.2,213,1,2022-01-07 09:01:45
1641546106003959000,25.1,1,25.1,30,25.2,213,2,2022-01-07 09:01:46
1641546106359269000,25.2,1,25.1,32,25.2,212,1,2022-01-07 09:01:46
1641546106504072000,25.15,5,25.1,42,25.2,212,1,2022-01-07 09:01:46
1641546107740284000,25.15,1,25.15,9,25.2,210,2,2022-01-07 09:01:47
1641546108200992000,25.15,1,25.15,9,25.2,209,2,2022-01-07 09:01:48
1641546108359626000,25.15,9,25.1,58,25.2,209,2,2022-01-07 09:01:48
1641546108359626000,25.1,11,25.1,58,25.2,209,2,2022-01-07 09:01:48
1641546108729403000,25.1,2,25.1,57,25.15,1,2,2022-01-07 09:01:48
1641546108741049000,25.15,1,25.1,57,25.2,215,1,2022-01-07 09:01:48
1641546108741049000,25.2,4,25.1,57,25.2,215,1,2022-01-07 09:01:48
1641546109274575000,25.15,1,25.15,1,25.2,215,2,2022-01-07 09:01:49
1641546109452810000,25.2,3,25.15,1,25.2,212,1,2022-01-07 09:01:49
1641546109518156000,25.2,80,25.15,1,25.2,131,1,2022-01-07 09:01:49
1641546109713233000,25.2,1,25.15,1,25.2,135,1,2022-01-07 09:01:49
1641546109819311000,25.15,1,25.1,64,25.15,1,2,2022-01-07 09:01:49
1641546110248428000,25.1,10,25.1,61,25.15,1,2,2022-01-07 09:01:50
1641546110384216000,25.15,1,25.15,1,25.2,137,1,2022-01-07 09:01:50
1641546110849009000,25.15,1,25.1,62,25.15,9,2,2022-01-07 09:01:50
1641546110858530000,25.15,9,25.15,1,25.2,137,1,2022-01-07 09:01:50
1641546111139462000,25.15,1,25.15,1,25.2,137,2,2022-01-07 09:01:51
1641546111481327000,25.2,1,25.15,5,25.2,136,1,2022-01-07 09:01:51
1641546112104459000,25.15,1,25.15,6,25.2,136,2,2022-01-07 09:01:52
1641546112918924000,25.15,2,25.15,8,25.2,138,2,2022-01-07 09:01:52
1641546113419026000,25.2,38,25.15,8,25.2,101,1,2022-01-07 09:01:53
1641546113845087000,25.2,35,25.15,9,25.2,68,1,2022-01-07 09:01:53
1641546113988606000,25.15,7,25.15,2,25.2,69,2,2022-01-07 09:01:53
1641546114028235000,25.15,1,25.15,1,25.2,69,2,2022-01-07 09:01:54
1641546114210710000,25.15,1,25.15,1,25.2,72,2,2022-01-07 09:01:54
1641546114407988000,25.2,2,25.15,11,25.2,70,1,2022-01-07 09:01:54
1641546114606885000,25.2,1,25.15,13,25.2,69,1,2022-01-07 09:01:54
1641546114811047000,25.15,5,25.15,8,25.2,69,2,2022-01-07 09:01:54
1641546114842319000,25.2,1,25.15,8,25.2,68,1,2022-01-07 09:01:54
1641546114879431000,25.15,1,25.15,7,25.2,68,2,2022-01-07 09:01:54
1641546114929785000,25.2,5,25.15,8,25.2,63,1,2022-01-07 09:01:54
1641546115129258000,25.2,5,25.15,8,25.2,58,1,2022-01-07 09:01:55
1641546115318239000,25.2,30,25.15,9,25.2,28,1,2022-01-07 09:01:55
1641546115617236000,25.2,11,25.15,10,25.2,17,1,2022-01-07 09:01:55
1641546115838652000,25.2,1,25.15,10,25.2,16,1,2022-01-07 09:01:55
1641546116123099000,25.2,1,25.15,15,25.2,15,1,2022-01-07 09:01:56
1641546116323991000,25.2,1,25.15,15,25.2,19,1,2022-01-07 09:01:56
1641546116403731000,25.2,1,25.15,15,25.2,18,1,2022-01-07 09:01:56
1641546116550432000,25.2,5,25.15,19,25.2,13,1,2022-01-07 09:01:56
1641546116558604000,25.2,10,25.15,19,25.2,3,1,2022-01-07 09:01:56
1641546116587997000,25.2,1,25.15,19,25.2,2,1,2022-01-07 09:01:56
1641546116872206000,25.2,2,25.15,19,25.25,114,1,2022-01-07 09:01:56
1641546116872206000,25.25,18,25.15,19,25.25,114,1,2022-01-07 09:01:56
1641546117222078000,25.25,1,25.2,2,25.25,113,1,2022-01-07 09:01:57
1641546117531982000,25.25,1,25.2,2,25.25,110,1,2022-01-07 09:01:57
1641546117603674000,25.25,10,25.2,7,25.25,100,1,2022-01-07 09:01:57
1641546117859097000,25.25,102,25.2,7,25.3,75,1,2022-01-07 09:01:57
1641546117859097000,25.3,128,25.2,7,25.3,75,1,2022-01-07 09:01:57
1641546117935829000,25.3,1,25.2,27,25.3,80,1,2022-01-07 09:01:57
1641546118312199000,25.2,5,25.2,22,25.3,80,2,2022-01-07 09:01:58
1641546118376681000,25.25,1,25.2,22,25.25,1,1,2022-01-07 09:01:58
1641546118395937000,25.25,1,25.2,22,25.3,81,1,2022-01-07 09:01:58
1641546118462533000,25.25,1,25.2,24,25.3,81,1,2022-01-07 09:01:58
1641546118564893000,25.3,1,25.2,34,25.3,80,1,2022-01-07 09:01:58
1641546118731933000,25.3,2,25.2,37,25.3,78,1,2022-01-07 09:01:58
1641546118908030000,25.3,20,25.2,47,25.3,58,1,2022-01-07 09:01:58
1641546119097792000,25.3,3,25.2,47,25.3,49,1,2022-01-07 09:01:59
1641546119442966000,25.3,3,25.2,48,25.3,46,1,2022-01-07 09:01:59
1641546119499465000,25.3,1,25.2,48,25.3,45,1,2022-01-07 09:01:59
1641546119841724000,25.3,5,25.25,13,25.3,42,1,2022-01-07 09:01:59
1641546120124870000,25.25,10,25.25,3,25.3,42,2,2022-01-07 09:02:00
1641546120154678000,25.3,1,25.25,3,25.3,41,1,2022-01-07 09:02:00
1641546120162404000,25.25,1,25.25,2,25.3,41,2,2022-01-07 09:02:00
1641546120168400000,25.25,1,25.25,1,25.3,41,2,2022-01-07 09:02:00
1641546120236874000,25.25,1,25.2,58,25.3,41,2,2022-01-07 09:02:00
1641546120313883000,25.3,2,25.2,58,25.3,39,1,2022-01-07 09:02:00
1641546120467623000,25.3,3,25.2,58,25.3,37,1,2022-01-07 09:02:00
1641546120640869000,25.25,1,25.2,58,25.3,37,1,2022-01-07 09:02:00
1641546120923448000,25.25,1,25.2,68,25.3,37,1,2022-01-07 09:02:00
1641546121081231000,25.25,1,25.2,68,25.25,5,2,2022-01-07 09:02:01
1641546121363251000,25.25,5,25.2,68,25.3,38,1,2022-01-07 09:02:01
1641546121444161000,25.3,2,25.2,68,25.3,36,1,2022-01-07 09:02:01
1641546121706382000,25.25,2,25.2,69,25.25,3,1,2022-01-07 09:02:01
1641546121884781000,25.25,3,25.2,69,25.3,34,1,2022-01-07 09:02:01
1641546121884781000,25.3,2,25.2,69,25.3,34,1,2022-01-07 09:02:01
1641546121909949000,25.3,34,25.2,69,25.35,58,1,2022-01-07 09:02:01
1641546122355441000,25.3,5,25.25,2,25.3,100,1,2022-01-07 09:02:02
1641546122446478000,25.3,2,25.25,2,25.3,98,1,2022-01-07 09:02:02
1641546123023290000,25.3,3,25.25,2,25.3,95,1,2022-01-07 09:02:03
1641546123046738000,25.3,1,25.25,3,25.3,94,1,2022-01-07 09:02:03
1641546123062404000,25.3,14,25.25,3,25.3,80,1,2022-01-07 09:02:03
1641546123500240000,25.3,2,25.25,3,25.3,128,1,2022-01-07 09:02:03
1641546124054805000,25.3,1,25.25,3,25.3,127,1,2022-01-07 09:02:04
1641546124140146000,25.25,2,25.25,1,25.3,127,2,2022-01-07 09:02:04
1641546124204072000,25.3,10,25.25,1,25.3,117,1,2022-01-07 09:02:04
1641546124306281000,25.3,4,25.25,1,25.3,113,1,2022-01-07 09:02:04
1641546124357332000,25.25,1,25.2,77,25.25,5,2,2022-01-07 09:02:04
1641546124386398000,25.25,5,25.2,77,25.3,114,1,2022-01-07 09:02:04
1641546124389235000,25.2,1,25.2,76,25.3,114,2,2022-01-07 09:02:04
1641546124690846000,25.25,5,25.2,86,25.25,1,1,2022-01-07 09:02:04
1641546124715979000,25.25,1,25.2,86,25.3,114,1,2022-01-07 09:02:04
1641546124903882000,25.3,1,25.25,2,25.3,113,1,2022-01-07 09:02:04
1641546125021206000,25.25,2,25.2,87,25.25,13,2,2022-01-07 09:02:05
1641546125039147000,25.25,2,25.2,87,25.25,11,1,2022-01-07 09:02:05
1641546125085181000,25.25,1,25.2,87,25.25,10,1,2022-01-07 09:02:05
1641546125369078000,25.25,2,25.2,87,25.25,18,1,2022-01-07 09:02:05
1641546125593495000,25.25,1,25.2,87,25.25,17,1,2022-01-07 09:02:05
1641546125738659000,25.25,1,25.2,87,25.25,16,1,2022-01-07 09:02:05
1641546125771871000,25.25,1,25.2,87,25.25,15,1,2022-01-07 09:02:05
1641546125920633000,25.25,5,25.2,87,25.25,14,1,2022-01-07 09:02:05
1641546126165138000,25.25,3,25.2,87,25.25,11,1,2022-01-07 09:02:06
1641546126191104000,25.25,1,25.2,87,25.25,10,1,2022-01-07 09:02:06
1641546126191523000,25.25,1,25.2,87,25.25,9,1,2022-01-07 09:02:06
1641546126221353000,25.25,9,25.2,87,25.3,122,1,2022-01-07 09:02:06
1641546126221353000,25.3,1,25.2,87,25.3,122,1,2022-01-07 09:02:06
1641546126297446000,25.25,1,25.2,87,25.3,122,1,2022-01-07 09:02:06
1641546126477584000,25.25,12,25.25,38,25.3,122,1,2022-01-07 09:02:06
1641546126510464000,25.3,64,25.25,38,25.3,58,1,2022-01-07 09:02:06
1641546126529324000,25.25,31,25.25,7,25.3,58,2,2022-01-07 09:02:06
1641546126561014000,25.25,1,25.25,6,25.3,58,2,2022-01-07 09:02:06
1641546126842780000,25.3,3,25.25,7,25.3,57,1,2022-01-07 09:02:06
1641546127003643000,25.25,1,25.25,6,25.3,57,2,2022-01-07 09:02:07
1641546127048925000,25.25,5,25.25,1,25.3,57,2,2022-01-07 09:02:07
1641546127086533000,25.25,1,25.2,118,25.3,57,2,2022-01-07 09:02:07
1641546127339820000,25.25,2,25.2,118,25.25,5,1,2022-01-07 09:02:07
1641546127404135000,25.25,1,25.2,118,25.25,4,1,2022-01-07 09:02:07
1641546127454769000,25.2,2,25.2,116,25.25,4,2,2022-01-07 09:02:07
1641546127518704000,25.25,4,25.25,16,25.3,67,1,2022-01-07 09:02:07
1641546127565560000,25.25,1,25.25,15,25.3,67,2,2022-01-07 09:02:07
1641546127821453000,25.25,5,25.25,10,25.3,67,2,2022-01-07 09:02:07
1641546127965375000,25.25,10,25.2,119,25.25,40,2,2022-01-07 09:02:07
1641546128219595000,25.25,10,25.2,109,25.25,30,1,2022-01-07 09:02:08
1641546128286177000,25.2,1,25.2,108,25.25,30,2,2022-01-07 09:02:08
1641546128287256000,25.2,1,25.2,107,25.25,30,2,2022-01-07 09:02:08
1641546128336843000,25.25,1,25.2,107,25.25,29,1,2022-01-07 09:02:08
1641546128439480000,25.25,2,25.2,107,25.25,27,1,2022-01-07 09:02:08
1641546128475356000,25.2,1,25.2,106,25.25,27,2,2022-01-07 09:02:08
1641546128555920000,25.25,1,25.2,107,25.25,26,1,2022-01-07 09:02:08
1641546128665843000,25.25,1,25.2,107,25.25,26,1,2022-01-07 09:02:08
1641546128696846000,25.25,1,25.2,107,25.25,25,1,2022-01-07 09:02:08
1641546128727450000,25.25,1,25.2,107,25.25,24,1,2022-01-07 09:02:08
1641546128751108000,25.25,10,25.2,97,25.25,14,1,2022-01-07 09:02:08
1641546129170263000,25.25,5,25.2,99,25.25,9,1,2022-01-07 09:02:09
1641546129320128000,25.25,1,25.2,101,25.25,18,1,2022-01-07 09:02:09
1641546129413618000,25.25,5,25.2,101,25.25,13,1,2022-01-07 09:02:09
1641546129524820000,25.25,2,25.2,101,25.25,12,1,2022-01-07 09:02:09
1641546129606652000,25.25,5,25.2,101,25.25,7,1,2022-01-07 09:02:09
1641546129907207000,25.25,3,25.2,101,25.25,16,1,2022-01-07 09:02:09
1641546129936501000,25.2,1,25.2,100,25.25,16,2,2022-01-07 09:02:09
1641546130199963000,25.25,5,25.2,106,25.25,11,1,2022-01-07 09:02:10
1641546130660420000,25.25,2,25.2,107,25.25,18,1,2022-01-07 09:02:10
1641546130667477000,25.25,1,25.2,107,25.25,17,1,2022-01-07 09:02:10
1641546130735363000,25.25,1,25.2,107,25.25,16,1,2022-01-07 09:02:10
1641546130761891000,25.2,1,25.2,107,25.25,16,2,2022-01-07 09:02:10
1641546130770984000,25.2,2,25.2,105,25.25,16,2,2022-01-07 09:02:10
1641546131044123000,25.25,4,25.2,105,25.25,17,1,2022-01-07 09:02:11
1641546131075974000,25.25,1,25.2,105,25.25,16,1,2022-01-07 09:02:11
1641546131816552000,25.25,3,25.2,107,25.25,16,1,2022-01-07 09:02:11
1641546131836510000,25.25,1,25.2,107,25.25,15,1,2022-01-07 09:02:11
1641546132052765000,25.25,1,25.2,106,25.25,15,1,2022-01-07 09:02:12
1641546132274887000,25.25,1,25.2,106,25.25,19,1,2022-01-07 09:02:12
1641546132771702000,25.25,5,25.2,111,25.25,33,1,2022-01-07 09:02:12
1641546133382653000,25.25,2,25.2,111,25.25,36,1,2022-01-07 09:02:13
1641546133751564000,25.25,2,25.2,115,25.25,55,1,2022-01-07 09:02:13
1641546133786848000,25.25,4,25.2,115,25.25,51,1,2022-01-07 09:02:13
1641546133853425000,25.25,1,25.2,115,25.25,50,1,2022-01-07 09:02:13
1641546134293152000,25.25,3,25.2,118,25.25,52,1,2022-01-07 09:02:14
1641546134339578000,25.25,1,25.2,118,25.25,51,1,2022-01-07 09:02:14
1641546134413003000,25.25,1,25.2,118,25.25,50,1,2022-01-07 09:02:14
1641546134413576000,25.25,1,25.2,118,25.25,49,1,2022-01-07 09:02:14
1641546134490779000,25.25,10,25.2,118,25.25,39,1,2022-01-07 09:02:14
1641546134515434000,25.2,1,25.2,117,25.25,39,2,2022-01-07 09:02:14
1641546134610778000,25.25,30,25.2,119,25.25,9,1,2022-01-07 09:02:14
1641546134664383000,25.2,2,25.2,117,25.25,10,2,2022-01-07 09:02:14
1641546134774517000,25.2,2,25.2,115,25.25,11,2,2022-01-07 09:02:14
1641546134824724000,25.2,2,25.2,113,25.25,11,2,2022-01-07 09:02:14
1641546135303528000,25.25,1,25.2,115,25.25,17,1,2022-01-07 09:02:15
1641546135865979000,25.25,2,25.2,112,25.25,25,1,2022-01-07 09:02:15
1641546135879682000,25.25,1,25.2,112,25.25,24,1,2022-01-07 09:02:15
1641546135884375000,25.2,1,25.2,111,25.25,24,2,2022-01-07 09:02:15
1641546136123170000,25.25,3,25.2,112,25.25,22,1,2022-01-07 09:02:16
1641546136170136000,25.25,5,25.2,112,25.25,17,1,2022-01-07 09:02:16
1641546136331127000,25.25,4,25.2,112,25.25,13,1,2022-01-07 09:02:16
1641546136422205000,25.25,1,25.2,112,25.25,22,1,2022-01-07 09:02:16
1641546136464688000,25.25,1,25.2,112,25.25,21,1,2022-01-07 09:02:16
1641546136507410000,25.25,2,25.2,112,25.25,19,1,2022-01-07 09:02:16
1641546136542894000,25.25,2,25.2,113,25.25,17,1,2022-01-07 09:02:16
1641546136567135000,25.25,15,25.2,113,25.25,2,1,2022-01-07 09:02:16
1641546136598625000,25.25,2,25.2,113,25.25,2,1,2022-01-07 09:02:16
1641546137422722000,25.25,5,25.2,117,25.25,6,1,2022-01-07 09:02:17
1641546137435633000,25.25,5,25.2,117,25.25,1,1,2022-01-07 09:02:17
1641546137749871000,25.25,1,25.2,119,25.3,75,1,2022-01-07 09:02:17
1641546137792660000,25.25,1,25.2,119,25.3,75,2,2022-01-07 09:02:17
1641546137825784000,25.25,5,25.2,119,25.3,69,2,2022-01-07 09:02:17
1641546138218598000,25.25,1,25.2,119,25.3,69,2,2022-01-07 09:02:18
1641546138218626000,25.2,16,25.2,103,25.3,69,2,2022-01-07 09:02:18
1641546138219665000,25.2,1,25.2,102,25.3,69,2,2022-01-07 09:02:18
1641546138239072000,25.25,1,25.25,5,25.3,69,2,2022-01-07 09:02:18
1641546138244543000,25.25,1,25.25,4,25.3,69,2,2022-01-07 09:02:18
1641546138247878000,25.25,4,25.2,90,25.3,69,2,2022-01-07 09:02:18
1641546138247878000,25.2,12,25.2,90,25.3,69,2,2022-01-07 09:02:18
1641546138277304000,25.2,4,25.2,86,25.3,69,2,2022-01-07 09:02:18
1641546138277382000,25.2,2,25.2,84,25.3,69,2,2022-01-07 09:02:18
1641546138277424000,25.2,10,25.2,74,25.3,69,2,2022-01-07 09:02:18
1641546138283633000,25.2,1,25.2,73,25.3,69,2,2022-01-07 09:02:18
1641546138565068000,25.25,1,25.2,73,25.25,4,1,2022-01-07 09:02:18
1641546138604947000,25.2,2,25.2,71,25.25,4,2,2022-01-07 09:02:18
1641546138671654000,25.25,3,25.2,71,25.25,2,1,2022-01-07 09:02:18
1641546138706576000,25.25,2,25.25,8,25.3,69,1,2022-01-07 09:02:18
1641546138738960000,25.25,10,25.2,43,25.3,69,2,2022-01-07 09:02:18
1641546138738960000,25.2,28,25.2,43,25.3,69,2,2022-01-07 09:02:18
1641546138813250000,25.25,1,25.25,1,25.3,69,1,2022-01-07 09:02:18
1641546138816099000,25.25,1,25.2,43,25.25,49,2,2022-01-07 09:02:18
1641546138903056000,25.2,1,25.2,42,25.25,49,2,2022-01-07 09:02:18
1641546139061952000,25.25,1,25.2,42,25.25,48,1,2022-01-07 09:02:19
1641546139577442000,25.2,1,25.2,44,25.25,48,2,2022-01-07 09:02:19
1641546139635586000,25.25,1,25.2,44,25.25,47,1,2022-01-07 09:02:19
1641546139798190000,25.2,5,25.2,40,25.25,52,2,2022-01-07 09:02:19
1641546140033871000,25.2,5,25.2,35,25.25,56,2,2022-01-07 09:02:20
1641546140071512000,25.2,1,25.2,34,25.25,56,2,2022-01-07 09:02:20
1641546140355207000,25.25,1,25.2,35,25.25,58,1,2022-01-07 09:02:20
1641546140475852000,25.25,2,25.2,35,25.25,72,1,2022-01-07 09:02:20
1641546140611146000,25.2,1,25.2,34,25.25,72,2,2022-01-07 09:02:20
1641546140789027000,25.2,2,25.2,32,25.25,76,2,2022-01-07 09:02:20
1641546140811596000,25.25,2,25.2,32,25.25,74,1,2022-01-07 09:02:20
1641546140836268000,25.25,1,25.2,32,25.25,73,1,2022-01-07 09:02:20
1641546140888073000,25.25,10,25.2,32,25.25,63,1,2022-01-07 09:02:20
1641546140908034000,25.25,1,25.2,32,25.25,62,1,2022-01-07 09:02:20
1641546141041542000,25.2,1,25.2,41,25.25,62,2,2022-01-07 09:02:21
1641546141252658000,25.2,1,25.2,41,25.25,63,2,2022-01-07 09:02:21
1641546141332082000,25.25,1,25.2,41,25.25,66,1,2022-01-07 09:02:21
1641546141357531000,25.25,5,25.2,41,25.25,61,1,2022-01-07 09:02:21
1641546141563001000,25.2,1,25.2,40,25.25,66,2,2022-01-07 09:02:21
1641546141685515000,25.2,2,25.2,43,25.25,71,2,2022-01-07 09:02:21
1641546141870009000,25.2,1,25.2,42,25.25,72,2,2022-01-07 09:02:21
1641546141870813000,25.2,2,25.2,40,25.25,72,2,2022-01-07 09:02:21
1641546141893823000,25.2,1,25.2,39,25.25,72,2,2022-01-07 09:02:21
1641546141995321000,25.25,20,25.2,41,25.25,61,1,2022-01-07 09:02:21
1641546142328071000,25.2,4,25.2,47,25.25,56,2,2022-01-07 09:02:22
1641546142425360000,25.25,1,25.2,47,25.25,57,1,2022-01-07 09:02:22
1641546142434952000,25.25,10,25.2,50,25.25,47,1,2022-01-07 09:02:22
1641546142468188000,25.25,2,25.2,50,25.25,45,1,2022-01-07 09:02:22
1641546143101473000,25.25,4,25.2,50,25.25,45,1,2022-01-07 09:02:23
1641546143244528000,25.25,5,25.2,50,25.25,40,1,2022-01-07 09:02:23
1641546143429316000,25.2,1,25.2,54,25.25,40,2,2022-01-07 09:02:23
1641546143487626000,25.25,2,25.2,54,25.25,38,1,2022-01-07 09:02:23
1641546143626275000,25.2,2,25.2,52,25.25,41,2,2022-01-07 09:02:23
1641546143722486000,25.25,1,25.2,52,25.25,40,1,2022-01-07 09:02:23
1641546144033833000,25.25,1,25.2,53,25.25,45,1,2022-01-07 09:02:24
1641546144057017000,25.25,1,25.2,53,25.25,44,1,2022-01-07 09:02:24
1641546144224400000,25.25,1,25.2,53,25.25,46,1,2022-01-07 09:02:24
1641546144973146000,25.2,1,25.2,52,25.25,46,2,2022-01-07 09:02:24
1641546145221337000,25.25,2,25.2,53,25.25,51,1,2022-01-07 09:02:25
1641546145371267000,25.2,1,25.2,52,25.25,51,2,2022-01-07 09:02:25
1641546145379052000,25.2,3,25.2,49,25.25,51,2,2022-01-07 09:02:25
1641546145515160000,25.2,2,25.2,47,25.25,51,2,2022-01-07 09:02:25
1641546145521465000,25.2,1,25.2,46,25.25,51,2,2022-01-07 09:02:25
1641546145589843000,25.25,1,25.2,46,25.25,50,1,2022-01-07 09:02:25
1641546145697346000,25.2,4,25.2,44,25.25,60,2,2022-01-07 09:02:25
1641546146525167000,25.25,6,25.2,50,25.25,54,1,2022-01-07 09:02:26
1641546147720210000,25.25,5,25.2,69,25.25,74,1,2022-01-07 09:02:27
1641546147854549000,25.2,1,25.2,68,25.25,84,2,2022-01-07 09:02:27
1641546148078802000,25.25,30,25.2,68,25.25,54,1,2022-01-07 09:02:28
1641546148118256000,25.25,2,25.2,68,25.25,52,1,2022-01-07 09:02:28
1641546148220449000,25.2,2,25.2,66,25.25,52,2,2022-01-07 09:02:28
1641546148594360000,25.25,2,25.2,67,25.25,50,1,2022-01-07 09:02:28
1641546148658591000,25.25,5,25.2,67,25.25,51,1,2022-01-07 09:02:28
1641546149138797000,25.25,8,25.2,67,25.25,46,1,2022-01-07 09:02:29
1641546149206469000,25.2,30,25.2,37,25.25,46,2,2022-01-07 09:02:29
1641546149240560000,25.2,1,25.2,36,25.25,46,2,2022-01-07 09:02:29
1641546149240692000,25.2,1,25.2,35,25.25,46,2,2022-01-07 09:02:29
1641546149246238000,25.2,1,25.2,34,25.25,46,2,2022-01-07 09:02:29
1641546149349811000,25.25,1,25.2,34,25.25,45,1,2022-01-07 09:02:29
1641546150791453000,25.25,5,25.2,47,25.25,40,1,2022-01-07 09:02:30
1641546150995792000,25.2,1,25.2,46,25.25,40,2,2022-01-07 09:02:30
1641546151584310000,25.2,20,25.2,46,25.25,43,2,2022-01-07 09:02:31
1641546151598258000,25.2,10,25.2,36,25.25,43,2,2022-01-07 09:02:31
1641546151611463000,25.2,1,25.2,35,25.25,43,2,2022-01-07 09:02:31
1641546151614284000,25.25,2,25.2,35,25.25,41,1,2022-01-07 09:02:31
1641546151742002000,25.2,1,25.2,34,25.25,41,2,2022-01-07 09:02:31
1641546151793939000,25.2,1,25.2,33,25.25,41,2,2022-01-07 09:02:31
1641546151843860000,25.25,10,25.2,33,25.25,31,1,2022-01-07 09:02:31
1641546152683968000,25.2,2,25.2,32,25.25,61,2,2022-01-07 09:02:32
1641546152764511000,25.25,30,25.2,32,25.25,31,1,2022-01-07 09:02:32
1641546153237158000,25.25,2,25.2,32,25.25,33,1,2022-01-07 09:02:33
1641546153293448000,25.25,1,25.2,32,25.25,32,1,2022-01-07 09:02:33
1641546153867465000,25.2,2,25.2,62,25.25,35,2,2022-01-07 09:02:33
1641546153956119000,25.25,3,25.2,62,25.25,32,1,2022-01-07 09:02:33
1641546154313817000,25.2,1,25.2,61,25.25,37,2,2022-01-07 09:02:34
1641546154471724000,25.25,20,25.2,61,25.25,17,1,2022-01-07 09:02:34
1641546154864110000,25.2,1,25.2,60,25.25,17,2,2022-01-07 09:02:34
1641546155148079000,25.25,1,25.2,60,25.25,16,1,2022-01-07 09:02:35
1641546155385061000,25.2,10,25.2,50,25.25,16,2,2022-01-07 09:02:35
1641546155486774000,25.2,3,25.2,47,25.25,16,2,2022-01-07 09:02:35
1641546155514315000,25.2,1,25.2,46,25.25,16,2,2022-01-07 09:02:35
1641546155624171000,25.25,10,25.2,46,25.25,6,1,2022-01-07 09:02:35
1641546156259651000,25.25,2,25.2,49,25.25,4,1,2022-01-07 09:02:36
1641546156728747000,25.25,6,25.25,4,25.3,76,1,2022-01-07 09:02:36
1641546156903212000,25.3,1,25.25,5,25.3,75,1,2022-01-07 09:02:36
1641546156915564000,25.25,1,25.25,4,25.3,75,2,2022-01-07 09:02:36
1641546157020383000,25.3,1,25.25,4,25.3,74,1,2022-01-07 09:02:37
1641546157070028000,25.25,4,25.2,50,25.25,25,2,2022-01-07 09:02:37
1641546157073243000,25.25,3,25.2,50,25.25,22,1,2022-01-07 09:02:37
1641546157150535000,25.25,2,25.2,50,25.25,21,1,2022-01-07 09:02:37
1641546157196230000,25.25,1,25.2,50,25.25,20,1,2022-01-07 09:02:37
1641546157254625000,25.25,2,25.2,50,25.25,18,1,2022-01-07 09:02:37
1641546157438891000,25.25,5,25.2,50,25.25,14,1,2022-01-07 09:02:37
1641546157562514000,25.25,2,25.2,50,25.25,12,1,2022-01-07 09:02:37
1641546157673673000,25.25,6,25.2,50,25.25,6,1,2022-01-07 09:02:37
1641546157914658000,25.25,1,25.2,52,25.25,6,1,2022-01-07 09:02:37
1641546158301852000,25.25,2,25.2,53,25.25,4,1,2022-01-07 09:02:38
1641546158701305000,25.2,2,25.2,55,25.25,4,2,2022-01-07 09:02:38
1641546158776659000,25.25,4,25.25,6,25.3,74,1,2022-01-07 09:02:38
1641546158822299000,25.25,3,25.25,3,25.3,74,2,2022-01-07 09:02:38
1641546158859840000,25.25,3,25.2,58,25.25,2,2,2022-01-07 09:02:38
1641546158900102000,25.25,1,25.2,58,25.25,1,1,2022-01-07 09:02:38
1641546159230882000,25.25,1,25.2,60,25.25,1,1,2022-01-07 09:02:39
1641546159350264000,25.25,1,25.2,60,25.3,74,1,2022-01-07 09:02:39
1641546159620009000,25.25,1,25.25,1,25.3,74,1,2022-01-07 09:02:39
1641546159714341000,25.25,1,25.2,60,25.25,4,2,2022-01-07 09:02:39
1641546159767145000,25.25,4,25.25,16,25.3,74,1,2022-01-07 09:02:39
1641546160212564000,25.25,2,25.25,15,25.3,74,2,2022-01-07 09:02:40
1641546160379908000,25.25,5,25.25,12,25.3,74,2,2022-01-07 09:02:40
1641546161121521000,25.3,5,25.25,44,25.3,89,1,2022-01-07 09:02:41
1641546161402691000,25.25,20,25.25,24,25.3,89,2,2022-01-07 09:02:41
1641546161675552000,25.25,5,25.25,19,25.3,89,2,2022-01-07 09:02:41
1641546162257108000,25.3,1,25.25,31,25.3,88,1,2022-01-07 09:02:42
1641546163040614000,25.3,3,25.25,35,25.3,86,1,2022-01-07 09:02:43
1641546163040662000,25.3,50,25.25,35,25.3,36,1,2022-01-07 09:02:43
1641546163070691000,25.25,1,25.25,34,25.3,36,2,2022-01-07 09:02:43
1641546163736263000,25.3,10,25.25,35,25.3,31,1,2022-01-07 09:02:43
1641546164630153000,25.3,20,25.25,39,25.3,11,1,2022-01-07 09:02:44
1641546165422840000,25.3,1,25.25,51,25.3,10,1,2022-01-07 09:02:45
1641546165779808000,25.3,2,25.25,51,25.3,13,1,2022-01-07 09:02:45
1641546165921341000,25.3,2,25.25,51,25.3,11,1,2022-01-07 09:02:45
1641546166384599000,25.3,1,25.25,54,25.3,10,1,2022-01-07 09:02:46
1641546166445489000,25.3,2,25.25,54,25.3,8,1,2022-01-07 09:02:46
1641546166449217000,25.3,2,25.25,54,25.3,6,1,2022-01-07 09:02:46
1641546166601475000,25.3,6,25.25,55,25.35,65,1,2022-01-07 09:02:46
1641546166906150000,25.3,2,25.3,1,25.35,65,2,2022-01-07 09:02:46
1641546166945777000,25.3,1,25.25,65,25.35,65,2,2022-01-07 09:02:46
1641546167093195000,25.35,3,25.3,2,25.35,62,1,2022-01-07 09:02:47
1641546167134318000,25.35,2,25.3,2,25.35,60,1,2022-01-07 09:02:47
1641546167302738000,25.35,2,25.3,5,25.35,58,1,2022-01-07 09:02:47
1641546167482967000,25.3,5,25.25,69,25.35,58,2,2022-01-07 09:02:47
1641546167692298000,25.3,4,25.25,69,25.35,58,1,2022-01-07 09:02:47
1641546169008979000,25.35,2,25.3,2,25.35,56,1,2022-01-07 09:02:49
1641546169607902000,25.35,8,25.3,2,25.35,48,1,2022-01-07 09:02:49
1641546169897534000,25.35,1,25.3,2,25.35,47,1,2022-01-07 09:02:49
1641546170153999000,25.35,10,25.3,3,25.35,37,1,2022-01-07 09:02:50
1641546170380749000,25.3,3,25.3,1,25.35,37,2,2022-01-07 09:02:50
1641546170433228000,25.3,1,25.25,77,25.3,49,2,2022-01-07 09:02:50
1641546171061969000,25.3,5,25.25,79,25.3,46,1,2022-01-07 09:02:51
1641546172097600000,25.3,1,25.25,80,25.3,45,1,2022-01-07 09:02:52
1641546172640905000,25.3,1,25.25,80,25.3,45,1,2022-01-07 09:02:52
1641546172684054000,25.3,3,25.25,77,25.3,42,1,2022-01-07 09:02:52
1641546173486360000,25.3,3,25.25,81,25.3,52,1,2022-01-07 09:02:53
1641546174646541000,25.25,1,25.25,85,25.3,73,2,2022-01-07 09:02:54
1641546174652769000,25.3,20,25.25,85,25.3,53,1,2022-01-07 09:02:54
1641546174698267000,25.3,1,25.25,85,25.3,52,1,2022-01-07 09:02:54
1641546174725480000,25.3,5,25.25,85,25.3,47,1,2022-01-07 09:02:54
1641546174927937000,25.25,1,25.25,84,25.3,47,2,2022-01-07 09:02:54
1641546174976091000,25.3,1,25.25,84,25.3,46,1,2022-01-07 09:02:54
1641546175331552000,25.3,1,25.25,84,25.3,46,1,2022-01-07 09:02:55
1641546175426033000,25.3,1,25.25,84,25.3,45,1,2022-01-07 09:02:55
1641546175491397000,25.3,5,25.25,84,25.3,40,1,2022-01-07 09:02:55
1641546175529438000,25.3,1,25.25,84,25.3,39,1,2022-01-07 09:02:55
1641546175538101000,25.3,1,25.25,84,25.3,38,1,2022-01-07 09:02:55
1641546175567169000,25.3,1,25.25,84,25.3,37,1,2022-01-07 09:02:55
1641546175859509000,25.3,4,25.25,89,25.3,34,1,2022-01-07 09:02:55
1641546175917628000,25.3,5,25.25,89,25.3,29,1,2022-01-07 09:02:55
1641546176247468000,25.3,5,25.25,90,25.3,24,1,2022-01-07 09:02:56
1641546176310962000,25.3,1,25.25,90,25.3,23,1,2022-01-07 09:02:56
1641546176471973000,25.3,1,25.25,90,25.3,23,1,2022-01-07 09:02:56
1641546176589096000,25.3,5,25.25,90,25.3,18,1,2022-01-07 09:02:56
1641546176681089000,25.3,1,25.25,90,25.3,17,1,2022-01-07 09:02:56
1641546177033118000,25.3,1,25.25,90,25.3,18,1,2022-01-07 09:02:57
1641546177061216000,25.3,1,25.25,90,25.3,17,1,2022-01-07 09:02:57
1641546177098218000,25.3,3,25.25,90,25.3,14,1,2022-01-07 09:02:57
1641546177179612000,25.3,3,25.25,90,25.3,11,1,2022-01-07 09:02:57
1641546177194712000,25.3,5,25.25,90,25.3,6,1,2022-01-07 09:02:57
1641546177287750000,25.3,1,25.25,90,25.3,5,1,2022-01-07 09:02:57
1641546177654161000,25.3,5,25.25,92,25.35,90,1,2022-01-07 09:02:57
1641546177745700000,25.3,10,25.25,92,25.3,40,1,2022-01-07 09:02:57
1641546177777964000,25.25,1,25.25,91,25.3,40,2,2022-01-07 09:02:57
1641546177809241000,25.25,1,25.25,90,25.3,40,2,2022-01-07 09:02:57
1641546177866061000,25.3,10,25.25,90,25.3,30,1,2022-01-07 09:02:57
1641546178220946000,25.3,2,25.25,91,25.3,49,1,2022-01-07 09:02:58
1641546178634953000,25.3,2,25.25,95,25.3,47,1,2022-01-07 09:02:58
1641546178644984000,25.3,4,25.25,99,25.3,43,1,2022-01-07 09:02:58
1641546178678847000,25.25,1,25.25,98,25.3,43,2,2022-01-07 09:02:58
1641546178889660000,25.3,2,25.25,99,25.3,49,1,2022-01-07 09:02:58
1641546178978949000,25.25,2,25.25,97,25.3,52,2,2022-01-07 09:02:58
1641546179254533000,25.3,1,25.25,97,25.3,51,1,2022-01-07 09:02:59
1641546179324502000,25.3,1,25.25,147,25.3,50,1,2022-01-07 09:02:59
1641546179372144000,25.25,2,25.25,145,25.3,50,2,2022-01-07 09:02:59
1641546179558415000,25.25,2,25.25,143,25.3,52,2,2022-01-07 09:02:59
1641546179644561000,25.3,10,25.25,143,25.3,42,1,2022-01-07 09:02:59
1641546179743316000,25.25,2,25.25,151,25.3,42,2,2022-01-07 09:02:59
1641546179910841000,25.25,2,25.25,149,25.3,45,2,2022-01-07 09:02:59
1641546179997030000,25.3,1,25.25,149,25.3,44,1,2022-01-07 09:02:59
1641546180259679000,25.3,10,25.25,139,25.3,44,1,2022-01-07 09:03:00
1641546180357639000,25.3,2,25.25,139,25.3,52,1,2022-01-07 09:03:00
1641546180382539000,25.25,6,25.25,133,25.3,52,2,2022-01-07 09:03:00
1641546180404444000,25.3,2,25.25,133,25.3,60,1,2022-01-07 09:03:00
1641546180668787000,25.25,1,25.25,123,25.3,75,2,2022-01-07 09:03:00
1641546180716547000,25.25,26,25.25,97,25.3,75,2,2022-01-07 09:03:00
1641546180747793000,25.25,4,25.25,93,25.3,75,2,2022-01-07 09:03:00
1641546180748179000,25.25,93,25.2,128,25.3,75,2,2022-01-07 09:03:00
1641546181424221000,25.25,2,25.2,127,25.25,32,1,2022-01-07 09:03:01
1641546181556277000,25.25,1,25.2,126,25.25,37,1,2022-01-07 09:03:01
1641546181736480000,25.25,1,25.2,126,25.25,46,1,2022-01-07 09:03:01
1641546183274447000,25.25,1,25.2,126,25.25,77,1,2022-01-07 09:03:03
1641546183331970000,25.25,10,25.2,126,25.25,63,1,2022-01-07 09:03:03
1641546183621896000,25.25,3,25.2,123,25.25,63,1,2022-01-07 09:03:03
1641546183713658000,25.25,10,25.2,123,25.25,53,1,2022-01-07 09:03:03
1641546183746417000,25.25,3,25.2,123,25.25,50,1,2022-01-07 09:03:03
1641546184060573000,25.25,20,25.2,123,25.25,34,1,2022-01-07 09:03:04
1641546184436078000,25.25,1,25.2,123,25.25,38,1,2022-01-07 09:03:04
1641546184747030000,25.25,1,25.2,150,25.25,32,1,2022-01-07 09:03:04
1641546184884690000,25.25,1,25.2,150,25.25,31,1,2022-01-07 09:03:04
1641546185007396000,25.25,2,25.2,150,25.25,29,1,2022-01-07 09:03:05
1641546186208538000,25.25,37,25.25,63,25.3,94,1,2022-01-07 09:03:06
1641546186618552000,25.25,1,25.25,63,25.3,104,2,2022-01-07 09:03:06
1641546187041152000,25.25,5,25.25,58,25.3,109,2,2022-01-07 09:03:07
1641546187056607000,25.25,1,25.25,57,25.3,109,2,2022-01-07 09:03:07
1641546187105746000,25.25,4,25.25,53,25.3,109,2,2022-01-07 09:03:07
1641546187151759000,25.25,2,25.25,51,25.3,109,2,2022-01-07 09:03:07
1641546187216693000,25.3,2,25.25,51,25.3,107,1,2022-01-07 09:03:07
1641546187589570000,25.25,30,25.25,26,25.3,97,2,2022-01-07 09:03:07
1641546187926536000,25.25,1,25.25,26,25.3,107,2,2022-01-07 09:03:07
1641546188303832000,25.25,1,25.25,25,25.3,107,2,2022-01-07 09:03:08
1641546188341489000,25.25,1,25.25,24,25.3,107,2,2022-01-07 09:03:08
1641546188854147000,25.25,5,25.25,24,25.3,117,2,2022-01-07 09:03:08
1641546189280519000,25.25,2,25.25,22,25.3,117,2,2022-01-07 09:03:09
1641546189310999000,25.3,1,25.25,22,25.3,116,1,2022-01-07 09:03:09
1641546189599803000,25.3,100,25.25,22,25.3,16,1,2022-01-07 09:03:09
1641546189782229000,25.3,2,25.25,25,25.3,14,1,2022-01-07 09:03:09
1641546190054895000,25.25,6,25.25,21,25.3,17,2,2022-01-07 09:03:10
1641546190107635000,25.25,1,25.25,20,25.3,17,2,2022-01-07 09:03:10
1641546190209630000,25.3,3,25.25,20,25.3,16,1,2022-01-07 09:03:10
1641546190317119000,25.3,2,25.25,20,25.3,14,1,2022-01-07 09:03:10
1641546190336090000,25.25,1,25.25,19,25.3,14,2,2022-01-07 09:03:10
1641546190967789000,25.3,2,25.25,19,25.3,13,1,2022-01-07 09:03:10
1641546191187810000,25.25,2,25.25,17,25.3,6,2,2022-01-07 09:03:11
1641546191200940000,25.3,6,25.3,4,25.35,98,1,2022-01-07 09:03:11
1641546191555572000,25.35,1,25.3,4,25.35,97,1,2022-01-07 09:03:11
1641546191680642000,25.3,4,25.25,14,25.35,97,2,2022-01-07 09:03:11
1641546191680642000,25.25,6,25.25,14,25.35,97,2,2022-01-07 09:03:11
1641546191722684000,25.3,1,25.25,14,25.3,1,1,2022-01-07 09:03:11
1641546191865988000,25.3,1,25.25,14,25.35,93,1,2022-01-07 09:03:11
1641546191865988000,25.35,4,25.25,14,25.35,93,1,2022-01-07 09:03:11
1641546192445270000,25.3,10,25.25,14,25.35,98,1,2022-01-07 09:03:12
1641546192936589000,25.3,3,25.25,14,25.3,48,1,2022-01-07 09:03:12
1641546193498073000,25.3,1,25.25,14,25.3,48,1,2022-01-07 09:03:13
1641546193841280000,25.3,1,25.25,14,25.3,56,1,2022-01-07 09:03:13
1641546193899197000,25.3,20,25.25,15,25.3,36,1,2022-01-07 09:03:13
1641546194638463000,25.3,10,25.25,17,25.3,27,1,2022-01-07 09:03:14
1641546195476844000,25.3,2,25.25,19,25.3,35,1,2022-01-07 09:03:15
1641546195617905000,25.3,1,25.25,20,25.3,34,1,2022-01-07 09:03:15
1641546195873091000,25.3,1,25.25,20,25.3,34,1,2022-01-07 09:03:15
1641546196022081000,25.3,1,25.25,25,25.3,33,1,2022-01-07 09:03:16
1641546196652735000,25.3,1,25.25,28,25.3,32,1,2022-01-07 09:03:16
1641546197798518000,25.3,1,25.25,83,25.3,48,1,2022-01-07 09:03:17
1641546197850272000,25.3,2,25.25,83,25.3,46,1,2022-01-07 09:03:17
1641546198136080000,25.3,2,25.25,84,25.3,44,1,2022-01-07 09:03:18
1641546198302602000,25.25,3,25.25,83,25.3,46,2,2022-01-07 09:03:18
1641546198617024000,25.3,9,25.25,85,25.3,37,1,2022-01-07 09:03:18
1641546198756253000,25.25,1,25.25,84,25.3,37,2,2022-01-07 09:03:18
1641546198849039000,25.3,1,25.25,95,25.3,36,1,2022-01-07 09:03:18
1641546199062076000,25.3,20,25.25,95,25.3,16,1,2022-01-07 09:03:19
1641546199113046000,25.3,5,25.25,95,25.3,11,1,2022-01-07 09:03:19
1641546199220366000,25.3,11,25.3,19,25.35,55,1,2022-01-07 09:03:19
1641546199868757000,25.35,10,25.3,24,25.35,40,1,2022-01-07 09:03:19
1641546199888998000,25.35,12,25.3,24,25.35,28,1,2022-01-07 09:03:19
1641546199919600000,25.35,28,25.3,24,25.4,122,1,2022-01-07 09:03:19
1641546200176155000,25.3,1,25.3,29,25.4,122,2,2022-01-07 09:03:20
1641546200775979000,25.4,6,25.35,7,25.4,116,1,2022-01-07 09:03:20
1641546200920585000,25.35,1,25.35,6,25.4,116,2,2022-01-07 09:03:20
1641546200999496000,25.4,5,25.35,6,25.4,111,1,2022-01-07 09:03:20
1641546201007785000,25.4,5,25.35,6,25.4,106,1,2022-01-07 09:03:21
1641546201699703000,25.35,2,25.35,12,25.4,106,2,2022-01-07 09:03:21
1641546202191287000,25.4,3,25.35,12,25.4,103,1,2022-01-07 09:03:22
1641546202192166000,25.4,4,25.35,12,25.4,99,1,2022-01-07 09:03:22
1641546202563169000,25.4,3,25.35,12,25.4,96,1,2022-01-07 09:03:22
1641546202841395000,25.4,2,25.35,12,25.4,94,1,2022-01-07 09:03:22
1641546203891437000,25.4,10,25.35,12,25.4,84,1,2022-01-07 09:03:23
1641546203984002000,25.4,1,25.35,12,25.4,83,1,2022-01-07 09:03:23
1641546204166203000,25.4,5,25.35,12,25.4,78,1,2022-01-07 09:03:24
1641546204217416000,25.4,5,25.35,13,25.4,73,1,2022-01-07 09:03:24
1641546204587794000,25.4,2,25.35,14,25.4,73,1,2022-01-07 09:03:24
1641546204700388000,25.35,1,25.35,14,25.4,73,2,2022-01-07 09:03:24
1641546204921261000,25.4,1,25.35,14,25.4,72,1,2022-01-07 09:03:24
1641546204983547000,25.35,1,25.35,13,25.4,72,2,2022-01-07 09:03:24
1641546205351011000,25.35,13,25.3,53,25.35,37,2,2022-01-07 09:03:25
1641546206197558000,25.35,5,25.3,54,25.35,32,1,2022-01-07 09:03:26
1641546206323596000,25.35,3,25.3,54,25.35,29,1,2022-01-07 09:03:26
1641546206660938000,25.35,4,25.3,54,25.35,27,1,2022-01-07 09:03:26
1641546206879349000,25.35,4,25.3,54,25.35,23,1,2022-01-07 09:03:26
1641546206902450000,25.35,5,25.3,54,25.35,22,1,2022-01-07 09:03:26
1641546206936892000,25.35,1,25.3,53,25.35,21,1,2022-01-07 09:03:26
1641546206996190000,25.35,3,25.3,53,25.35,18,1,2022-01-07 09:03:26
1641546207059199000,25.3,1,25.3,52,25.35,18,2,2022-01-07 09:03:27
1641546207487235000,25.35,2,25.3,52,25.35,18,1,2022-01-07 09:03:27
1641546207508407000,25.35,2,25.3,52,25.35,16,1,2022-01-07 09:03:27
1641546207711127000,25.35,2,25.3,52,25.35,19,1,2022-01-07 09:03:27
1641546207894921000,25.35,20,25.3,52,25.4,76,1,2022-01-07 09:03:27
1641546208034266000,25.35,1,25.35,2,25.4,76,1,2022-01-07 09:03:28
1641546208810753000,25.4,1,25.35,6,25.4,75,1,2022-01-07 09:03:28
1641546209595568000,25.35,10,25.35,10,25.4,65,2,2022-01-07 09:03:29
1641546209607191000,25.4,1,25.35,10,25.4,64,1,2022-01-07 09:03:29
1641546209911572000,25.4,6,25.35,10,25.4,58,1,2022-01-07 09:03:29
1641546210670981000,25.35,1,25.35,14,25.4,61,2,2022-01-07 09:03:30
1641546210938078000,25.35,5,25.35,9,25.4,59,2,2022-01-07 09:03:30
1641546210952391000,25.35,1,25.35,8,25.4,62,2,2022-01-07 09:03:30
1641546211474492000,25.35,14,25.3,83,25.4,62,2,2022-01-07 09:03:31
1641546211474492000,25.3,1,25.3,83,25.4,62,2,2022-01-07 09:03:31
1641546211715298000,25.35,1,25.3,83,25.4,58,1,2022-01-07 09:03:31
1641546211715298000,25.4,4,25.3,83,25.4,58,1,2022-01-07 09:03:31
1641546214075295000,25.35,1,25.35,95,25.4,84,2,2022-01-07 09:03:34
1641546214737679000,25.4,5,25.35,107,25.4,80,1,2022-01-07 09:03:34
1641546214826426000,25.4,3,25.35,107,25.4,77,1,2022-01-07 09:03:34
1641546214920022000,25.4,3,25.35,107,25.4,74,1,2022-01-07 09:03:34
1641546215406571000,25.4,10,25.35,110,25.4,64,1,2022-01-07 09:03:35
1641546215576750000,25.4,2,25.35,111,25.4,62,1,2022-01-07 09:03:35
1641546215635501000,25.4,4,25.35,120,25.4,58,1,2022-01-07 09:03:35
1641546215665179000,25.4,33,25.35,120,25.4,30,1,2022-01-07 09:03:35
1641546215805171000,25.4,12,25.35,120,25.4,18,1,2022-01-07 09:03:35
1641546215834522000,25.4,18,25.35,120,25.45,58,1,2022-01-07 09:03:35
1641546216151323000,25.4,6,25.4,4,25.45,64,1,2022-01-07 09:03:36
1641546216308879000,25.4,1,25.4,11,25.45,64,2,2022-01-07 09:03:36
1641546216566148000,25.4,2,25.4,15,25.45,64,2,2022-01-07 09:03:36
1641546217206968000,25.45,4,25.4,16,25.45,54,1,2022-01-07 09:03:37
1641546217264753000,25.45,2,25.4,16,25.45,52,1,2022-01-07 09:03:37
1641546217265064000,25.45,2,25.4,16,25.45,50,1,2022-01-07 09:03:37
1641546217374769000,25.45,5,25.4,20,25.45,45,1,2022-01-07 09:03:37
1641546217549660000,25.4,1,25.4,19,25.45,45,2,2022-01-07 09:03:37
1641546217603189000,25.45,1,25.4,19,25.45,44,1,2022-01-07 09:03:37
1641546218553758000,25.45,1,25.4,28,25.45,43,1,2022-01-07 09:03:38
1641546219132438000,25.4,1,25.4,27,25.45,43,2,2022-01-07 09:03:39
1641546219306568000,25.45,2,25.4,27,25.45,41,1,2022-01-07 09:03:39
1641546219670099000,25.45,5,25.4,27,25.45,36,1,2022-01-07 09:03:39
1641546219793225000,25.4,2,25.4,25,25.45,36,2,2022-01-07 09:03:39
1641546220113654000,25.45,20,25.4,25,25.45,17,1,2022-01-07 09:03:40
1641546220551520000,25.45,1,25.4,26,25.45,16,1,2022-01-07 09:03:40
1641546220625377000,25.4,20,25.4,6,25.45,16,2,2022-01-07 09:03:40
1641546220743353000,25.45,7,25.4,6,25.45,9,1,2022-01-07 09:03:40
1641546220802658000,25.4,2,25.4,4,25.45,9,2,2022-01-07 09:03:40
1641546220875476000,25.45,9,25.45,1,25.5,88,1,2022-01-07 09:03:40
1641546221084070000,25.45,1,25.35,143,25.4,15,2,2022-01-07 09:03:41
1641546221084070000,25.4,4,25.35,143,25.4,15,2,2022-01-07 09:03:41
1641546221103078000,25.4,15,25.35,143,25.5,88,1,2022-01-07 09:03:41
1641546221127133000,25.35,1,25.35,142,25.5,88,2,2022-01-07 09:03:41
1641546221145113000,25.35,5,25.35,137,25.5,88,2,2022-01-07 09:03:41
1641546221323874000,25.45,1,25.45,9,25.5,84,1,2022-01-07 09:03:41
1641546221416445000,25.45,1,25.45,8,25.5,84,2,2022-01-07 09:03:41
1641546221576954000,25.45,2,25.45,12,25.5,84,2,2022-01-07 09:03:41
1641546221795608000,25.5,4,25.45,12,25.5,80,1,2022-01-07 09:03:41
1641546222032689000,25.5,5,25.45,12,25.5,75,1,2022-01-07 09:03:42
1641546222083229000,25.45,12,25.4,23,25.45,8,2,2022-01-07 09:03:42
1641546222153680000,25.45,1,25.4,23,25.45,7,1,2022-01-07 09:03:42
1641546222174454000,25.45,1,25.4,23,25.45,6,1,2022-01-07 09:03:42
1641546222771480000,25.4,5,25.4,23,25.45,6,2,2022-01-07 09:03:42
1641546222798786000,25.45,5,25.4,23,25.45,1,1,2022-01-07 09:03:42
1641546223204251000,25.45,1,25.4,27,25.5,73,1,2022-01-07 09:03:43
1641546223436113000,25.5,10,25.4,28,25.5,68,1,2022-01-07 09:03:43
1641546224139798000,25.5,5,25.45,3,25.5,63,1,2022-01-07 09:03:44
1641546225092332000,25.5,1,25.45,11,25.5,54,1,2022-01-07 09:03:45
1641546225095256000,25.45,10,25.45,1,25.5,54,2,2022-01-07 09:03:45
1641546225364744000,25.45,3,25.4,36,25.45,2,2,2022-01-07 09:03:45
1641546225460423000,25.45,2,25.4,37,25.5,54,1,2022-01-07 09:03:45
1641546225681356000,25.45,2,25.4,56,25.45,8,2,2022-01-07 09:03:45
1641546226000667000,25.45,2,25.4,68,25.45,6,1,2022-01-07 09:03:46
1641546226277491000,25.45,1,25.4,68,25.45,5,1,2022-01-07 09:03:46
1641546227012779000,25.45,1,25.4,44,25.45,8,1,2022-01-07 09:03:47
1641546227051278000,25.4,1,25.4,43,25.45,8,2,2022-01-07 09:03:47
1641546227381227000,25.45,5,25.4,43,25.45,4,1,2022-01-07 09:03:47
1641546227551862000,25.45,1,25.4,43,25.45,5,1,2022-01-07 09:03:47
1641546227681861000,25.4,1,25.4,42,25.45,25,2,2022-01-07 09:03:47
1641546228148684000,25.45,1,25.4,48,25.45,32,1,2022-01-07 09:03:48
1641546228373191000,25.45,1,25.4,49,25.45,39,1,2022-01-07 09:03:48
1641546228682822000,25.4,1,25.4,48,25.45,46,2,2022-01-07 09:03:48
1641546228764812000,25.45,1,25.4,48,25.45,50,1,2022-01-07 09:03:48
1641546228964262000,25.4,1,25.4,47,25.45,73,2,2022-01-07 09:03:48
1641546228989220000,25.4,17,25.4,30,25.45,73,2,2022-01-07 09:03:48
1641546229018463000,25.4,16,25.4,14,25.45,73,2,2022-01-07 09:03:49
1641546229025101000,25.4,1,25.4,13,25.45,73,2,2022-01-07 09:03:49
1641546229027792000,25.4,1,25.4,12,25.45,73,2,2022-01-07 09:03:49
1641546229046539000,25.45,1,25.4,12,25.45,73,1,2022-01-07 09:03:49
1641546229054166000,25.4,12,25.35,139,25.45,73,2,2022-01-07 09:03:49
1641546229120719000,25.45,1,25.4,1,25.45,72,1,2022-01-07 09:03:49
1641546229123080000,25.45,10,25.4,1,25.45,62,1,2022-01-07 09:03:49
1641546229150346000,25.4,1,25.35,138,25.45,62,2,2022-01-07 09:03:49
1641546229250444000,25.45,1,25.35,138,25.45,61,1,2022-01-07 09:03:49
1641546229341157000,25.45,1,25.35,138,25.45,75,1,2022-01-07 09:03:49
1641546229349869000,25.45,1,25.35,138,25.45,74,1,2022-01-07 09:03:49
1641546229408462000,25.45,1,25.35,138,25.45,73,1,2022-01-07 09:03:49
1641546229408589000,25.45,1,25.35,138,25.45,72,1,2022-01-07 09:03:49
1641546229453482000,25.4,1,25.35,138,25.4,9,2,2022-01-07 09:03:49
1641546229542476000,25.4,24,25.4,69,25.45,80,1,2022-01-07 09:03:49
1641546229585735000,25.4,5,25.4,64,25.45,80,2,2022-01-07 09:03:49
1641546229586278000,25.4,1,25.4,63,25.45,80,2,2022-01-07 09:03:49
1641546229601554000,25.4,2,25.4,61,25.45,80,2,2022-01-07 09:03:49
1641546229633103000,25.4,1,25.4,60,25.45,80,2,2022-01-07 09:03:49
1641546229646416000,25.4,1,25.4,60,25.45,80,2,2022-01-07 09:03:49
1641546229647129000,25.4,1,25.4,59,25.45,80,2,2022-01-07 09:03:49
1641546229648374000,25.4,1,25.4,58,25.45,80,2,2022-01-07 09:03:49
1641546229741109000,25.4,2,25.4,57,25.45,85,2,2022-01-07 09:03:49
1641546229743554000,25.45,2,25.4,57,25.45,83,1,2022-01-07 09:03:49
1641546229773477000,25.4,4,25.4,53,25.45,83,2,2022-01-07 09:03:49
1641546229861574000,25.4,8,25.4,45,25.45,83,2,2022-01-07 09:03:49
1641546229891049000,25.4,10,25.4,35,25.45,84,2,2022-01-07 09:03:49
1641546229914432000,25.4,1,25.4,34,25.45,84,2,2022-01-07 09:03:49
1641546229956858000,25.4,8,25.4,28,25.45,86,2,2022-01-07 09:03:49
1641546229960740000,25.4,3,25.4,25,25.45,86,2,2022-01-07 09:03:49
1641546229995707000,25.4,25,25.35,138,25.45,86,2,2022-01-07 09:03:49
1641546230159178000,25.4,3,25.4,2,25.45,86,1,2022-01-07 09:03:50
1641546230187187000,25.4,2,25.35,138,25.45,86,2,2022-01-07 09:03:50
1641546230244458000,25.4,3,25.35,138,25.4,9,1,2022-01-07 09:03:50
1641546230497274000,25.4,1,25.35,138,25.4,15,1,2022-01-07 09:03:50
1641546230533038000,25.4,1,25.35,138,25.4,14,1,2022-01-07 09:03:50
1641546230735530000,25.4,1,25.35,137,25.4,13,1,2022-01-07 09:03:50
1641546230913471000,25.4,1,25.35,137,25.4,14,1,2022-01-07 09:03:50
1641546230978678000,25.4,1,25.35,137,25.4,28,1,2022-01-07 09:03:50
1641546231361180000,25.4,15,25.35,137,25.4,15,1,2022-01-07 09:03:51
1641546231456222000,25.4,1,25.35,137,25.4,14,1,2022-01-07 09:03:51
1641546231595289000,25.4,16,25.4,4,25.45,154,1,2022-01-07 09:03:51
1641546231628863000,25.4,4,25.35,138,25.45,155,2,2022-01-07 09:03:51
1641546231842772000,25.35,1,25.35,137,25.45,158,2,2022-01-07 09:03:51
1641546231909947000,25.45,5,25.35,137,25.45,153,1,2022-01-07 09:03:51
1641546231946731000,25.45,40,25.35,137,25.45,113,1,2022-01-07 09:03:51
1641546232124810000,25.4,1,25.4,2,25.45,116,1,2022-01-07 09:03:52
1641546232156583000,25.4,2,25.35,137,25.45,116,2,2022-01-07 09:03:52
1641546232164045000,25.45,4,25.35,137,25.45,112,1,2022-01-07 09:03:52
1641546232520451000,25.35,1,25.35,136,25.4,6,2,2022-01-07 09:03:52
1641546232585820000,25.4,1,25.35,136,25.4,5,1,2022-01-07 09:03:52
1641546232758236000,25.4,3,25.35,136,25.4,2,1,2022-01-07 09:03:52
1641546232934465000,25.4,1,25.35,136,25.4,1,1,2022-01-07 09:03:52
1641546232938424000,25.4,1,25.35,136,25.45,111,1,2022-01-07 09:03:52
1641546233174922000,25.35,1,25.35,135,25.45,112,2,2022-01-07 09:03:53
1641546233178820000,25.45,5,25.35,135,25.45,107,1,2022-01-07 09:03:53
1641546233210259000,25.35,11,25.35,124,25.45,107,2,2022-01-07 09:03:53
1641546233287911000,25.4,1,25.35,124,25.4,8,1,2022-01-07 09:03:53
1641546233652284000,25.4,1,25.35,127,25.4,9,1,2022-01-07 09:03:53
1641546233788711000,25.35,30,25.35,97,25.4,9,2,2022-01-07 09:03:53
1641546233853243000,25.35,1,25.35,96,25.4,9,2,2022-01-07 09:03:53
1641546233889298000,25.4,1,25.35,96,25.4,8,1,2022-01-07 09:03:53
1641546234082035000,25.4,1,25.35,96,25.4,12,1,2022-01-07 09:03:54
1641546234123460000,25.4,9,25.35,86,25.4,3,1,2022-01-07 09:03:54
1641546234195957000,25.35,1,25.35,85,25.4,3,2,2022-01-07 09:03:54
1641546234577935000,25.4,1,25.35,85,25.4,32,1,2022-01-07 09:03:54
1641546234620434000,25.35,1,25.35,84,25.4,42,2,2022-01-07 09:03:54
1641546234820569000,25.4,3,25.35,84,25.4,42,1,2022-01-07 09:03:54
1641546234958270000,25.4,1,25.35,84,25.4,43,1,2022-01-07 09:03:54
1641546235083489000,25.4,2,25.35,84,25.4,41,1,2022-01-07 09:03:55
1641546235178624000,25.4,1,25.35,84,25.4,40,1,2022-01-07 09:03:55
1641546235386501000,25.4,2,25.35,95,25.4,88,1,2022-01-07 09:03:55
1641546235395923000,25.4,2,25.35,95,25.4,86,1,2022-01-07 09:03:55
1641546235510608000,25.4,1,25.35,95,25.4,85,1,2022-01-07 09:03:55
1641546235561631000,25.35,20,25.35,75,25.4,85,2,2022-01-07 09:03:55
1641546235569019000,25.35,1,25.35,74,25.4,85,2,2022-01-07 09:03:55
1641546235599210000,25.35,21,25.35,53,25.4,85,2,2022-01-07 09:03:55
1641546235604677000,25.35,1,25.35,52,25.4,85,2,2022-01-07 09:03:55
1641546235611970000,25.35,1,25.35,51,25.4,85,2,2022-01-07 09:03:55
1641546235633798000,25.35,1,25.35,50,25.4,85,2,2022-01-07 09:03:55
1641546235754071000,25.4,1,25.35,51,25.4,86,1,2022-01-07 09:03:55
1641546235934311000,25.4,4,25.35,51,25.4,84,1,2022-01-07 09:03:55
1641546236115283000,25.4,1,25.35,51,25.4,85,1,2022-01-07 09:03:56
1641546236378431000,25.4,2,25.35,52,25.4,106,1,2022-01-07 09:03:56
1641546236957055000,25.4,10,25.35,52,25.4,108,1,2022-01-07 09:03:56
1641546237699249000,25.4,1,25.35,52,25.4,107,1,2022-01-07 09:03:57
1641546238212079000,25.35,5,25.35,49,25.4,128,2,2022-01-07 09:03:58
1641546238257252000,25.35,1,25.35,48,25.4,128,2,2022-01-07 09:03:58
1641546238266510000,25.35,5,25.35,43,25.4,128,2,2022-01-07 09:03:58
1641546238505811000,25.35,1,25.35,45,25.4,128,2,2022-01-07 09:03:58
1641546238536095000,25.4,30,25.35,45,25.4,98,1,2022-01-07 09:03:58
1641546238586887000,25.35,45,25.3,156,25.35,5,2,2022-01-07 09:03:58
1641546238621350000,25.3,1,25.3,155,25.35,5,2,2022-01-07 09:03:58
1641546238650418000,25.3,1,25.3,154,25.35,5,2,2022-01-07 09:03:58
1641546238660697000,25.3,1,25.3,153,25.35,5,2,2022-01-07 09:03:58
1641546238750261000,25.35,1,25.3,153,25.35,4,1,2022-01-07 09:03:58
1641546238764932000,25.35,4,25.3,153,25.4,113,1,2022-01-07 09:03:58
1641546238764932000,25.4,5,25.3,153,25.4,113,1,2022-01-07 09:03:58
1641546239029260000,25.35,1,25.3,153,25.4,113,1,2022-01-07 09:03:59
1641546239388321000,25.35,1,25.35,1,25.4,115,2,2022-01-07 09:03:59
1641546239778297000,25.35,1,25.3,160,25.4,115,2,2022-01-07 09:03:59
1641546239880031000,25.4,1,25.3,160,25.4,114,1,2022-01-07 09:03:59
1641546240050641000,25.35,1,25.3,160,25.35,49,1,2022-01-07 09:04:00
1641546240188576000,25.35,1,25.3,160,25.35,48,1,2022-01-07 09:04:00
1641546240522298000,25.35,1,25.3,160,25.35,57,1,2022-01-07 09:04:00
1641546240640561000,25.35,1,25.3,160,25.35,67,1,2022-01-07 09:04:00
1641546240973909000,25.35,1,25.3,160,25.35,66,1,2022-01-07 09:04:00
1641546241142280000,25.35,2,25.3,160,25.35,64,1,2022-01-07 09:04:01
1641546241502063000,25.35,1,25.3,160,25.35,68,1,2022-01-07 09:04:01
1641546241519417000,25.35,5,25.3,160,25.35,63,1,2022-01-07 09:04:01
1641546242177400000,25.35,2,25.3,160,25.35,71,1,2022-01-07 09:04:02
1641546242181092000,25.35,5,25.3,155,25.35,66,1,2022-01-07 09:04:02
1641546242327241000,25.35,1,25.3,155,25.35,88,1,2022-01-07 09:04:02
1641546242459323000,25.35,1,25.3,155,25.35,87,1,2022-01-07 09:04:02
1641546242621864000,25.35,1,25.3,155,25.35,86,1,2022-01-07 09:04:02
1641546242651754000,25.35,1,25.3,155,25.35,85,1,2022-01-07 09:04:02
1641546242714154000,25.3,1,25.3,154,25.35,90,2,2022-01-07 09:04:02
1641546243057713000,25.35,10,25.3,159,25.35,82,1,2022-01-07 09:04:03
1641546243401462000,25.35,10,25.3,159,25.35,73,1,2022-01-07 09:04:03
1641546243496772000,25.35,1,25.3,159,25.35,72,1,2022-01-07 09:04:03
1641546243745957000,25.35,2,25.3,159,25.35,71,1,2022-01-07 09:04:03
1641546244145984000,25.35,10,25.3,159,25.35,64,1,2022-01-07 09:04:04
1641546244233883000,25.35,1,25.3,159,25.35,63,1,2022-01-07 09:04:04
1641546244899751000,25.3,1,25.3,157,25.35,65,2,2022-01-07 09:04:04
1641546245223171000,25.35,2,25.3,158,25.35,63,1,2022-01-07 09:04:05
1641546245284795000,25.35,1,25.3,158,25.35,62,1,2022-01-07 09:04:05
1641546245298610000,25.35,1,25.3,158,25.35,61,1,2022-01-07 09:04:05
1641546245381084000,25.35,20,25.3,158,25.35,41,1,2022-01-07 09:04:05
1641546245500498000,25.35,1,25.3,158,25.35,40,1,2022-01-07 09:04:05
1641546246270060000,25.35,1,25.3,160,25.35,49,1,2022-01-07 09:04:06
1641546246325303000,25.3,5,25.3,155,25.35,50,2,2022-01-07 09:04:06
1641546246368153000,25.3,1,25.3,154,25.35,50,2,2022-01-07 09:04:06
1641546246385360000,25.3,1,25.3,153,25.35,50,2,2022-01-07 09:04:06
1641546246385883000,25.3,1,25.3,152,25.35,50,2,2022-01-07 09:04:06
1641546246694999000,25.3,1,25.3,123,25.35,50,2,2022-01-07 09:04:06
1641546246976432000,25.3,1,25.3,130,25.35,56,2,2022-01-07 09:04:06
1641546247031105000,25.35,1,25.3,130,25.35,55,1,2022-01-07 09:04:07
1641546247334741000,25.35,2,25.3,130,25.35,53,1,2022-01-07 09:04:07
1641546247437771000,25.35,1,25.3,130,25.35,52,1,2022-01-07 09:04:07
1641546247950489000,25.35,1,25.3,130,25.35,51,1,2022-01-07 09:04:07
1641546248972944000,25.35,1,25.3,131,25.35,52,1,2022-01-07 09:04:08
1641546249000399000,25.3,1,25.3,130,25.35,52,2,2022-01-07 09:04:09
1641546249522576000,25.35,15,25.3,131,25.35,37,1,2022-01-07 09:04:09
1641546249787383000,25.35,1,25.3,131,25.35,38,1,2022-01-07 09:04:09
1641546250617412000,25.35,5,25.3,133,25.35,33,1,2022-01-07 09:04:10
1641546250930501000,25.35,5,25.3,134,25.35,27,1,2022-01-07 09:04:10
1641546250954783000,25.35,1,25.3,134,25.35,26,1,2022-01-07 09:04:10
1641546250960220000,25.35,4,25.3,134,25.35,22,1,2022-01-07 09:04:10
1641546250967075000,25.35,4,25.3,134,25.35,18,1,2022-01-07 09:04:10
1641546251475683000,25.35,6,25.3,136,25.35,13,1,2022-01-07 09:04:11
1641546251764541000,25.3,5,25.3,131,25.35,13,2,2022-01-07 09:04:11
1641546252412437000,25.35,1,25.3,133,25.35,12,1,2022-01-07 09:04:12
1641546252473008000,25.35,10,25.3,137,25.35,4,1,2022-01-07 09:04:12
1641546252641911000,25.35,5,25.3,137,25.35,4,1,2022-01-07 09:04:12
1641546252705633000,25.35,1,25.3,137,25.35,3,1,2022-01-07 09:04:12
1641546253169512000,25.35,2,25.3,137,25.35,1,1,2022-01-07 09:04:13
1641546253245980000,25.35,1,25.35,2,25.4,89,1,2022-01-07 09:04:13
1641546254164620000,25.4,1,25.35,14,25.4,88,1,2022-01-07 09:04:14
1641546254367396000,25.35,1,25.35,13,25.4,88,2,2022-01-07 09:04:14
1641546254714113000,25.35,1,25.35,13,25.4,88,2,2022-01-07 09:04:14
1641546254783207000,25.35,10,25.35,4,25.4,88,2,2022-01-07 09:04:14
1641546255326511000,25.35,1,25.35,4,25.4,88,2,2022-01-07 09:04:15
1641546257864177000,25.35,2,25.35,6,25.4,92,2,2022-01-07 09:04:17
1641546258633531000,25.4,1,25.35,9,25.4,101,1,2022-01-07 09:04:18
1641546259155083000,25.35,9,25.35,9,25.4,101,2,2022-01-07 09:04:19
1641546259175545000,25.35,1,25.35,8,25.4,101,2,2022-01-07 09:04:19
1641546259802198000,25.35,1,25.35,11,25.4,101,2,2022-01-07 09:04:19
1641546260059362000,25.4,2,25.35,11,25.4,99,1,2022-01-07 09:04:20
1641546261024914000,25.35,22,25.3,171,25.35,8,2,2022-01-07 09:04:21
1641546261056778000,25.35,8,25.3,171,25.4,99,1,2022-01-07 09:04:21
1641546261443743000,25.4,3,25.35,6,25.4,146,1,2022-01-07 09:04:21
1641546261946676000,25.35,2,25.35,11,25.4,147,2,2022-01-07 09:04:21
1641546262161560000,25.35,4,25.35,7,25.4,159,2,2022-01-07 09:04:22
1641546263659230000,25.4,5,25.35,12,25.4,191,1,2022-01-07 09:04:23
1641546264707235000,25.35,1,25.35,11,25.4,267,2,2022-01-07 09:04:24
1641546264812989000,25.35,4,25.35,8,25.4,267,2,2022-01-07 09:04:24
1641546264988595000,25.35,1,25.35,8,25.4,282,2,2022-01-07 09:04:24
1641546265013711000,25.4,1,25.35,8,25.4,281,1,2022-01-07 09:04:25
1641546265648775000,25.35,10,25.35,5,25.4,281,2,2022-01-07 09:04:25
1641546265652475000,25.35,1,25.35,4,25.4,281,2,2022-01-07 09:04:25
1641546265934160000,25.4,1,25.35,4,25.4,280,1,2022-01-07 09:04:25
1641546266225568000,25.4,15,25.35,5,25.4,176,1,2022-01-07 09:04:26
1641546266499788000,25.35,3,25.35,2,25.4,176,2,2022-01-07 09:04:26
1641546266870255000,25.35,2,25.3,163,25.4,176,2,2022-01-07 09:04:26
1641546266870255000,25.3,18,25.3,163,25.4,176,2,2022-01-07 09:04:26
1641546267081574000,25.35,4,25.3,163,25.35,1,1,2022-01-07 09:04:27
1641546267136505000,25.35,1,25.35,1,25.4,176,1,2022-01-07 09:04:27
1641546267181326000,25.35,1,25.3,163,25.4,166,2,2022-01-07 09:04:27
1641546267610202000,25.35,1,25.3,163,25.35,12,1,2022-01-07 09:04:27
1641546267825233000,25.35,5,25.3,163,25.35,7,1,2022-01-07 09:04:27
1641546267972831000,25.35,1,25.3,163,25.35,6,1,2022-01-07 09:04:27
1641546268256464000,25.35,2,25.3,163,25.35,4,1,2022-01-07 09:04:28
1641546269373007000,25.35,1,25.3,166,25.35,5,1,2022-01-07 09:04:29
1641546269841030000,25.35,2,25.3,171,25.35,3,1,2022-01-07 09:04:29
1641546269869434000,25.35,2,25.3,171,25.35,1,1,2022-01-07 09:04:29
1641546269925274000,25.35,1,25.3,171,25.4,171,1,2022-01-07 09:04:29
1641546270423389000,25.35,2,25.35,4,25.4,171,2,2022-01-07 09:04:30
1641546270483786000,25.35,1,25.35,3,25.4,171,2,2022-01-07 09:04:30
1641546271353827000,25.35,1,25.35,5,25.4,171,2,2022-01-07 09:04:31
1641546271873305000,25.4,1,25.35,7,25.4,170,1,2022-01-07 09:04:31
1641546272013761000,25.35,5,25.35,2,25.4,170,2,2022-01-07 09:04:32
1641546272741815000,25.35,1,25.35,4,25.4,170,2,2022-01-07 09:04:32
1641546273404689000,25.4,2,25.35,12,25.4,170,1,2022-01-07 09:04:33
1641546273913236000,25.35,2,25.35,10,25.4,180,2,2022-01-07 09:04:33
1641546274016183000,25.35,1,25.35,9,25.4,160,2,2022-01-07 09:04:34
1641546274401293000,25.4,1,25.35,9,25.4,159,1,2022-01-07 09:04:34
1641546275644374000,25.35,1,25.35,13,25.4,174,2,2022-01-07 09:04:35
1641546276105965000,25.35,1,25.35,13,25.4,174,2,2022-01-07 09:04:36
1641546276541455000,25.35,5,25.35,8,25.4,174,2,2022-01-07 09:04:36
1641546276892646000,25.4,1,25.35,8,25.4,174,1,2022-01-07 09:04:36
1641546276983836000,25.35,2,25.35,6,25.4,174,2,2022-01-07 09:04:36
1641546277934480000,25.35,2,25.35,59,25.4,174,2,2022-01-07 09:04:37
1641546278301427000,25.35,20,25.35,42,25.4,174,2,2022-01-07 09:04:38
1641546278627719000,25.35,1,25.35,42,25.4,174,2,2022-01-07 09:04:38
1641546279461509000,25.35,1,25.35,56,25.4,184,2,2022-01-07 09:04:39
1641546280154336000,25.4,2,25.35,65,25.4,182,1,2022-01-07 09:04:40
1641546280402181000,25.35,2,25.35,63,25.4,182,2,2022-01-07 09:04:40
1641546280519033000,25.35,1,25.35,62,25.4,183,2,2022-01-07 09:04:40
1641546281496188000,25.4,4,25.35,78,25.4,180,1,2022-01-07 09:04:41
1641546281531033000,25.35,5,25.35,73,25.4,180,2,2022-01-07 09:04:41
1641546281574182000,25.35,1,25.35,72,25.4,180,2,2022-01-07 09:04:41
1641546281576039000,25.35,1,25.35,71,25.4,180,2,2022-01-07 09:04:41
1641546281653612000,25.35,1,25.35,70,25.4,180,2,2022-01-07 09:04:41
1641546281692469000,25.35,40,25.35,30,25.4,180,2,2022-01-07 09:04:41
1641546282169141000,25.35,23,25.35,8,25.4,180,2,2022-01-07 09:04:42
1641546282276459000,25.4,1,25.35,8,25.4,179,1,2022-01-07 09:04:42
1641546282621586000,25.35,1,25.35,8,25.4,179,2,2022-01-07 09:04:42
1641546282646533000,25.4,3,25.35,8,25.4,176,1,2022-01-07 09:04:42
1641546282901489000,25.35,1,25.35,7,25.4,176,2,2022-01-07 09:04:42
1641546282970364000,25.4,1,25.35,7,25.4,175,1,2022-01-07 09:04:42
1641546283281002000,25.35,5,25.35,2,25.4,180,2,2022-01-07 09:04:43
1641546283392678000,25.35,2,25.3,217,25.35,3,2,2022-01-07 09:04:43
1641546284295391000,25.35,1,25.3,216,25.35,14,1,2022-01-07 09:04:44
1641546284342861000,25.35,3,25.3,213,25.35,11,1,2022-01-07 09:04:44
1641546284374519000,25.35,4,25.3,213,25.35,7,1,2022-01-07 09:04:44
1641546284751914000,25.35,5,25.3,210,25.35,6,1,2022-01-07 09:04:44
1641546285801319000,25.35,1,25.3,212,25.35,38,1,2022-01-07 09:04:45
1641546286262767000,25.35,1,25.3,216,25.35,37,1,2022-01-07 09:04:46
1641546286613023000,25.35,1,25.3,216,25.35,42,1,2022-01-07 09:04:46
1641546287893997000,25.35,1,25.3,217,25.35,44,1,2022-01-07 09:04:47
1641546288079799000,25.35,5,25.3,217,25.35,39,1,2022-01-07 09:04:48
1641546288247546000,25.35,10,25.3,217,25.35,30,1,2022-01-07 09:04:48
1641546288341701000,25.35,1,25.3,217,25.35,29,1,2022-01-07 09:04:48
1641546289773339000,25.35,1,25.3,216,25.35,42,1,2022-01-07 09:04:49
1641546289925567000,25.35,13,25.3,216,25.35,29,1,2022-01-07 09:04:49
1641546290325703000,25.35,15,25.3,221,25.35,169,1,2022-01-07 09:04:50
1641546290360076000,25.35,5,25.3,221,25.35,164,1,2022-01-07 09:04:50
1641546291075850000,25.35,1,25.3,222,25.35,163,1,2022-01-07 09:04:51
1641546291213381000,25.35,1,25.3,222,25.35,162,1,2022-01-07 09:04:51
1641546291439163000,25.35,2,25.3,223,25.35,161,1,2022-01-07 09:04:51
1641546291795999000,25.35,10,25.3,224,25.35,151,1,2022-01-07 09:04:51
1641546291877455000,25.35,5,25.3,234,25.35,146,1,2022-01-07 09:04:51
1641546292033054000,25.35,1,25.3,234,25.35,146,1,2022-01-07 09:04:52
1641546292403069000,25.35,2,25.3,234,25.35,150,1,2022-01-07 09:04:52
1641546292409231000,25.35,2,25.3,234,25.35,148,1,2022-01-07 09:04:52
1641546292618386000,25.3,2,25.3,232,25.35,149,2,2022-01-07 09:04:52
1641546292656430000,25.35,2,25.3,235,25.35,147,1,2022-01-07 09:04:52
1641546292935205000,25.3,2,25.3,236,25.35,152,2,2022-01-07 09:04:52
1641546293174379000,25.35,20,25.3,238,25.35,133,1,2022-01-07 09:04:53
1641546293641166000,25.35,1,25.3,238,25.35,134,1,2022-01-07 09:04:53
1641546293668016000,25.3,1,25.3,237,25.35,134,2,2022-01-07 09:04:53
1641546293747052000,25.3,5,25.3,232,25.35,134,2,2022-01-07 09:04:53
1641546294242493000,25.35,10,25.3,232,25.35,127,1,2022-01-07 09:04:54
1641546294740965000,25.35,2,25.3,233,25.35,125,1,2022-01-07 09:04:54
1641546294741296000,25.35,1,25.3,233,25.35,124,1,2022-01-07 09:04:54
1641546295047061000,25.35,5,25.3,233,25.35,119,1,2022-01-07 09:04:55
1641546295319091000,25.35,10,25.3,234,25.35,110,1,2022-01-07 09:04:55
1641546295760704000,25.35,1,25.3,234,25.35,113,1,2022-01-07 09:04:55
1641546296353199000,25.35,15,25.3,219,25.35,101,1,2022-01-07 09:04:56
1641546296693932000,25.3,10,25.3,209,25.35,100,2,2022-01-07 09:04:56
1641546296727388000,25.3,1,25.3,208,25.35,100,2,2022-01-07 09:04:56
1641546297004364000,25.3,1,25.3,207,25.35,100,2,2022-01-07 09:04:57
1641546297125730000,25.35,3,25.3,207,25.35,102,1,2022-01-07 09:04:57
1641546297259711000,25.35,1,25.3,207,25.35,101,1,2022-01-07 09:04:57
1641546297759665000,25.35,2,25.3,213,25.35,101,1,2022-01-07 09:04:57
1641546297937483000,25.35,2,25.3,213,25.35,110,1,2022-01-07 09:04:57
1641546297990144000,25.3,2,25.3,211,25.35,110,2,2022-01-07 09:04:57
1641546299463859000,25.35,3,25.3,227,25.35,123,1,2022-01-07 09:04:59
1641546300569340000,25.3,1,25.3,222,25.35,198,2,2022-01-07 09:05:00
1641546300586953000,25.3,10,25.3,214,25.35,198,2,2022-01-07 09:05:00
1641546300850097000,25.3,1,25.3,213,25.35,210,2,2022-01-07 09:05:00
1641546301265159000,25.3,1,25.3,219,25.35,217,2,2022-01-07 09:05:01
1641546301855548000,25.35,2,25.3,221,25.35,119,1,2022-01-07 09:05:01
1641546302199960000,25.35,1,25.3,221,25.35,118,1,2022-01-07 09:05:02
1641546302844498000,25.35,2,25.3,221,25.35,116,1,2022-01-07 09:05:02
1641546304132288000,25.3,150,25.3,71,25.35,117,2,2022-01-07 09:05:04
1641546304174516000,25.3,1,25.3,70,25.35,117,2,2022-01-07 09:05:04
1641546304174702000,25.3,1,25.3,69,25.35,117,2,2022-01-07 09:05:04
1641546304180538000,25.3,1,25.3,68,25.35,117,2,2022-01-07 09:05:04
1641546304182080000,25.3,1,25.3,67,25.35,117,2,2022-01-07 09:05:04
1641546304198351000,25.3,1,25.3,66,25.35,117,2,2022-01-07 09:05:04
1641546304205546000,25.3,1,25.3,65,25.35,117,2,2022-01-07 09:05:04
1641546304205999000,25.3,3,25.3,62,25.35,117,2,2022-01-07 09:05:04
1641546304206049000,25.3,1,25.3,61,25.35,117,2,2022-01-07 09:05:04
1641546304206238000,25.3,1,25.3,60,25.35,117,2,2022-01-07 09:05:04
1641546304867972000,25.3,60,25.25,148,25.3,40,2,2022-01-07 09:05:04
1641546305140459000,25.25,16,25.25,132,25.3,40,2,2022-01-07 09:05:05
1641546305140490000,25.25,15,25.25,117,25.3,40,2,2022-01-07 09:05:05
1641546305176133000,25.25,1,25.25,116,25.3,40,2,2022-01-07 09:05:05
