ts,close,volume,bid_price,bid_volume,ask_price,ask_volume,tick_type,datetime
1651568413036191000,35.3,214,35.3,1,35.35,6,2,2022-05-03 09:00:13
1651568413426503000,35.3,1,35.2,10,35.35,6,2,2022-05-03 09:00:13
1651568413426503000,35.25,3,35.2,10,35.35,6,2,2022-05-03 09:00:13
1651568413487474000,35.2,10,35.15,7,35.35,6,2,2022-05-03 09:00:13
1651568413487474000,35.15,4,35.15,7,35.35,6,2,2022-05-03 09:00:13
1651568413980500000,35.35,1,35.15,7,35.35,5,1,2022-05-03 09:00:13
1651568414682428000,35.15,2,35.1,21,35.35,6,2,2022-05-03 09:00:14
1651568416311803000,35.35,2,35.25,5,35.35,4,1,2022-05-03 09:00:16
1651568416340127000,35.35,4,35.25,5,35.4,13,1,2022-05-03 09:00:16
1651568416504030000,35.3,1,35.25,5,35.4,13,1,2022-05-03 09:00:16
1651568417318334000,35.3,1,35.3,4,35.4,13,2,2022-05-03 09:00:17
1651568417810382000,35.4,10,35.35,5,35.4,3,1,2022-05-03 09:00:17
1651568417844020000,35.4,3,35.35,5,35.45,8,1,2022-05-03 09:00:17
1651568418275299000,35.45,8,35.35,5,35.55,10,1,2022-05-03 09:00:18
1651568418275299000,35.5,7,35.35,5,35.55,10,1,2022-05-03 09:00:18
1651568418275299000,35.55,5,35.35,5,35.55,10,1,2022-05-03 09:00:18
1651568419492586000,35.55,1,35.25,5,35.55,9,1,2022-05-03 09:00:19
1651568420806033000,35.5,1,35.45,4,35.55,9,1,2022-05-03 09:00:20
1651568421771657000,35.55,1,35.5,5,35.55,8,1,2022-05-03 09:00:21
1651568421800972000,35.55,8,35.5,5,35.6,41,1,2022-05-03 09:00:21
1651568422303070000,35.55,1,35.55,4,35.6,41,2,2022-05-03 09:00:22
1651568422713007000,35.55,1,35.55,3,35.6,41,2,2022-05-03 09:00:22
1651568423060036000,35.6,1,35.55,3,35.6,40,1,2022-05-03 09:00:23
1651568424476961000,35.55,5,35.55,1,35.6,40,2,2022-05-03 09:00:24
1651568425132319000,35.6,5,35.55,1,35.6,35,1,2022-05-03 09:00:25
1651568425169256000,35.6,35,35.55,1,35.65,33,1,2022-05-03 09:00:25
1651568425632603000,35.6,1,35.55,2,35.65,34,2,2022-05-03 09:00:25
1651568425764951000,35.65,2,35.55,2,35.65,35,1,2022-05-03 09:00:25
1651568426727550000,35.65,5,35.6,6,35.65,30,1,2022-05-03 09:00:26
1651568427064426000,35.65,1,35.6,6,35.65,29,1,2022-05-03 09:00:27
1651568427987612000,35.6,5,35.6,4,35.65,29,2,2022-05-03 09:00:27
1651568428003439000,35.65,7,35.6,4,35.65,22,1,2022-05-03 09:00:28
1651568428350745000,35.65,2,35.6,5,35.65,20,1,2022-05-03 09:00:28
1651568428357007000,35.65,2,35.6,5,35.65,18,1,2022-05-03 09:00:28
1651568428899298000,35.65,5,35.6,5,35.65,13,1,2022-05-03 09:00:28
1651568428927596000,35.65,12,35.6,5,35.65,1,1,2022-05-03 09:00:28
1651568428928453000,35.65,1,35.6,5,35.7,10,1,2022-05-03 09:00:28
1651568429394571000,35.7,10,35.65,5,35.7,4,1,2022-05-03 09:00:29
1651568429427517000,35.7,4,35.65,5,35.85,2,1,2022-05-03 09:00:29
1651568429491066000,35.7,1,35.65,5,35.8,1,2,2022-05-03 09:00:29
1651568429910417000,35.8,1,35.8,1,35.85,2,1,2022-05-03 09:00:29
1651568430304418000,35.85,2,35.8,1,35.9,2,1,2022-05-03 09:00:30
1651568431501390000,35.9,2,35.8,1,35.95,53,1,2022-05-03 09:00:31
1651568431501390000,35.95,3,35.8,1,35.95,53,1,2022-05-03 09:00:31
1651568431561236000,35.95,3,35.8,1,35.95,50,1,2022-05-03 09:00:31
1651568431689354000,35.8,1,35.7,1,35.95,50,2,2022-05-03 09:00:31
1651568431689354000,35.75,3,35.7,1,35.95,50,2,2022-05-03 09:00:31
1651568431689354000,35.7,2,35.7,1,35.95,50,2,2022-05-03 09:00:31
1651568432136442000,35.85,5,35.7,1,35.9,4,2,2022-05-03 09:00:32
1651568433847585000,35.8,1,35.7,1,35.8,9,1,2022-05-03 09:00:33
1651568433893321000,35.8,1,35.7,1,35.8,8,1,2022-05-03 09:00:33
1651568434096181000,35.7,1,35.65,6,35.7,9,2,2022-05-03 09:00:34
1651568434121144000,35.7,1,35.65,6,35.7,8,1,2022-05-03 09:00:34
1651568434347317000,35.65,1,35.65,5,35.7,8,2,2022-05-03 09:00:34
1651568434385695000,35.65,5,35.6,10,35.7,8,2,2022-05-03 09:00:34
1651568434416995000,35.6,10,35.55,14,35.7,8,2,2022-05-03 09:00:34
1651568434447507000,35.55,14,35.5,2,35.7,8,2,2022-05-03 09:00:34
1651568434478553000,35.55,1,35.5,1,35.65,1,2,2022-05-03 09:00:34
1651568434478553000,35.5,1,35.5,1,35.65,1,2,2022-05-03 09:00:34
1651568434546450000,35.65,1,35.5,1,35.7,4,1,2022-05-03 09:00:34
1651568434546450000,35.7,4,35.5,1,35.7,4,1,2022-05-03 09:00:34
1651568435497322000,35.55,1,35.5,5,35.65,18,2,2022-05-03 09:00:35
1651568435533761000,35.5,5,35.45,4,35.65,18,2,2022-05-03 09:00:35
1651568436018669000,35.45,2,35.45,2,35.6,4,2,2022-05-03 09:00:36
1651568436021929000,35.45,2,35.35,1,35.45,8,2,2022-05-03 09:00:36
1651568436241803000,35.45,1,35.35,1,35.45,7,1,2022-05-03 09:00:36
1651568436787875000,35.35,1,35.3,4,35.45,7,2,2022-05-03 09:00:36
1651568436878884000,35.45,3,35.3,4,35.45,4,1,2022-05-03 09:00:36
1651568436888463000,35.45,1,35.3,4,35.45,3,1,2022-05-03 09:00:36
1651568437262220000,35.45,1,35.3,4,35.45,2,1,2022-05-03 09:00:37
1651568438232549000,35.3,4,35.25,4,35.45,2,2,2022-05-03 09:00:38
1651568438232549000,35.25,2,35.25,4,35.45,2,2,2022-05-03 09:00:38
1651568438525427000,35.25,4,35.2,2,35.45,2,2,2022-05-03 09:00:38
1651568439902921000,35.4,1,35.2,2,35.4,2,1,2022-05-03 09:00:39
1651568442197848000,35.3,3,35.2,2,35.3,10,1,2022-05-03 09:00:42
1651568442368056000,35.2,1,35.2,1,35.3,10,2,2022-05-03 09:00:42
1651568442632587000,35.25,1,35.2,1,35.25,1,2,2022-05-03 09:00:42
1651568444139357000,35.25,1,35.2,1,35.3,30,1,2022-05-03 09:00:44
1651568444166575000,35.2,1,35.15,2,35.3,30,2,2022-05-03 09:00:44
1651568444166575000,35.15,2,35.15,2,35.3,30,2,2022-05-03 09:00:44
1651568444486062000,35.25,1,35.15,2,35.3,30,2,2022-05-03 09:00:44
1651568445416546000,35.3,10,35.15,2,35.3,20,1,2022-05-03 09:00:45
1651568446088509000,35.2,5,35.15,2,35.3,25,2,2022-05-03 09:00:46
1651568446772333000,35.3,1,35.15,2,35.3,24,1,2022-05-03 09:00:46
1651568447690809000,35.3,8,35.15,3,35.3,16,1,2022-05-03 09:00:47
1651568447740593000,35.15,3,35.1,21,35.3,16,2,2022-05-03 09:00:47
1651568448733936000,35.1,1,35.1,20,35.3,16,2,2022-05-03 09:00:48
1651568448760510000,35.1,20,35.05,19,35.3,16,2,2022-05-03 09:00:48
1651568449850224000,35.05,1,35.05,18,35.25,5,2,2022-05-03 09:00:49
1651568450220134000,35.25,1,35.1,1,35.25,5,1,2022-05-03 09:00:50
1651568450403304000,35.2,1,35.1,1,35.25,5,2,2022-05-03 09:00:50
1651568450502812000,35.1,1,35.05,18,35.25,5,2,2022-05-03 09:00:50
1651568450520436000,35.05,1,35.05,17,35.25,5,2,2022-05-03 09:00:50
1651568450809757000,35.25,5,35.25,15,35.3,17,1,2022-05-03 09:00:50
1651568450839520000,35.25,15,35.05,17,35.3,17,2,2022-05-03 09:00:50
1651568454189232000,35.2,1,35.05,19,35.25,11,1,2022-05-03 09:00:54
1651568454548830000,35.05,3,35.05,17,35.25,12,2,2022-05-03 09:00:54
1651568454839790000,35.05,2,35.05,15,35.2,49,2,2022-05-03 09:00:54
1651568456138036000,35.2,2,35.05,15,35.2,47,1,2022-05-03 09:00:56
1651568456609577000,35.1,1,35.05,15,35.1,9,2,2022-05-03 09:00:56
1651568456731368000,35.1,1,35.05,15,35.1,8,1,2022-05-03 09:00:56
1651568457648185000,35.1,2,35.05,15,35.1,8,1,2022-05-03 09:00:57
1651568458560620000,35.1,3,35.05,15,35.1,5,1,2022-05-03 09:00:58
1651568458590330000,35.05,15,35.0,53,35.1,5,2,2022-05-03 09:00:58
1651568458680681000,35.0,3,35.0,50,35.1,5,2,2022-05-03 09:00:58
1651568459579692000,35.05,3,35.0,45,35.1,5,2,2022-05-03 09:00:59
1651568459579692000,35.0,5,35.0,45,35.1,5,2,2022-05-03 09:00:59
1651568459931142000,35.0,1,35.0,44,35.1,5,2,2022-05-03 09:00:59
1651568460193103000,35.1,1,35.0,44,35.1,4,1,2022-05-03 09:01:00
1651568460694183000,35.0,3,35.0,41,35.05,1,2,2022-05-03 09:01:00
1651568461841973000,35.05,1,35.0,42,35.05,24,1,2022-05-03 09:01:01
1651568461987466000,35.0,4,35.0,38,35.05,24,2,2022-05-03 09:01:01
1651568461990715000,35.0,2,35.0,36,35.05,24,2,2022-05-03 09:01:01
1651568463044726000,35.0,5,35.0,32,35.05,24,2,2022-05-03 09:01:03
1651568463055123000,35.0,32,34.95,8,35.0,7,2,2022-05-03 09:01:03
1651568463165408000,35.0,1,34.95,8,35.0,6,1,2022-05-03 09:01:03
1651568463498508000,35.0,1,34.95,8,35.0,9,1,2022-05-03 09:01:03
1651568463678754000,34.95,1,34.95,7,35.0,9,2,2022-05-03 09:01:03
1651568463850697000,35.0,2,34.95,7,35.0,7,1,2022-05-03 09:01:03
1651568464166874000,35.0,2,34.95,7,35.0,5,1,2022-05-03 09:01:04
1651568464390690000,34.95,1,34.95,6,35.0,5,2,2022-05-03 09:01:04
1651568464573248000,35.0,2,34.95,6,35.0,3,1,2022-05-03 09:01:04
1651568465193342000,34.95,2,34.95,4,35.0,4,2,2022-05-03 09:01:05
1651568465366298000,34.95,2,34.95,2,35.0,4,2,2022-05-03 09:01:05
1651568465386411000,34.95,2,34.9,2,35.0,4,2,2022-05-03 09:01:05
1651568466527579000,34.9,2,34.85,10,35.0,9,2,2022-05-03 09:01:06
1651568467147294000,34.9,1,34.85,10,35.0,10,1,2022-05-03 09:01:07
1651568468848071000,34.9,1,34.85,10,34.95,1,1,2022-05-03 09:01:08
1651568469606957000,34.95,1,34.85,11,34.95,1,1,2022-05-03 09:01:09
1651568469795316000,34.95,1,34.85,11,35.0,69,1,2022-05-03 09:01:09
1651568472039089000,34.95,1,34.95,8,35.0,72,2,2022-05-03 09:01:12
1651568472578131000,34.95,1,34.95,10,35.0,72,2,2022-05-03 09:01:12
1651568472660105000,34.95,1,34.95,9,35.0,72,2,2022-05-03 09:01:12
1651568472691495000,34.95,9,34.9,21,35.0,72,2,2022-05-03 09:01:12
1651568473091461000,34.9,1,34.9,20,34.95,1,2,2022-05-03 09:01:13
1651568474134273000,34.95,1,34.9,20,34.95,1,1,2022-05-03 09:01:14
1651568474149596000,34.95,1,34.9,20,35.0,67,1,2022-05-03 09:01:14
1651568474255771000,35.0,5,34.9,20,35.0,62,1,2022-05-03 09:01:14
1651568474277242000,34.9,3,34.9,17,35.0,62,2,2022-05-03 09:01:14
1651568474815866000,34.9,3,34.9,14,35.0,62,2,2022-05-03 09:01:14
1651568476013909000,35.0,1,34.95,2,35.0,63,1,2022-05-03 09:01:16
1651568476078940000,34.95,1,34.95,1,35.0,63,2,2022-05-03 09:01:16
1651568476454993000,34.95,1,34.9,15,35.0,63,2,2022-05-03 09:01:16
1651568476482797000,35.0,1,34.9,15,35.0,62,1,2022-05-03 09:01:16
1651568476629187000,35.0,1,34.9,15,35.0,61,1,2022-05-03 09:01:16
1651568476962758000,34.9,1,34.9,14,35.0,61,2,2022-05-03 09:01:16
1651568477545011000,34.95,1,34.9,35,35.0,61,1,2022-05-03 09:01:17
1651568478030873000,34.9,2,34.9,32,35.0,61,2,2022-05-03 09:01:18
1651568478721927000,35.0,5,34.9,32,35.0,56,1,2022-05-03 09:01:18
1651568478754012000,35.0,17,34.9,32,35.0,49,1,2022-05-03 09:01:18
1651568479156866000,35.0,5,34.9,32,35.0,44,1,2022-05-03 09:01:19
1651568479917689000,34.95,1,34.95,20,35.0,47,2,2022-05-03 09:01:19
1651568480214582000,34.95,1,34.95,18,35.0,47,2,2022-05-03 09:01:20
1651568480391117000,35.0,1,34.95,19,35.0,17,1,2022-05-03 09:01:20
1651568481235014000,35.0,10,34.95,18,35.0,8,1,2022-05-03 09:01:21
1651568481245920000,35.0,5,34.95,18,35.0,3,1,2022-05-03 09:01:21
1651568481267560000,35.0,3,34.95,19,35.05,1,1,2022-05-03 09:01:21
1651568481488353000,35.05,1,35.0,7,35.1,10,1,2022-05-03 09:01:21
1651568481973776000,35.0,17,34.95,15,35.1,10,2,2022-05-03 09:01:21
1651568481973776000,34.95,3,34.95,15,35.1,10,2,2022-05-03 09:01:21
1651568482779274000,35.0,13,34.95,17,35.0,7,2,2022-05-03 09:01:22
1651568482812212000,35.0,7,34.95,17,35.1,10,1,2022-05-03 09:01:22
1651568483840657000,35.05,1,34.95,14,35.1,10,2,2022-05-03 09:01:23
1651568483840657000,35.0,1,34.95,14,35.1,10,2,2022-05-03 09:01:23
1651568483840657000,34.95,8,34.95,14,35.1,10,2,2022-05-03 09:01:23
1651568483915137000,34.95,10,34.95,4,35.1,10,2,2022-05-03 09:01:23
1651568484613469000,34.95,6,34.9,33,35.1,12,2,2022-05-03 09:01:24
1651568484613469000,34.9,4,34.9,33,35.1,12,2,2022-05-03 09:01:24
1651568485978937000,35.05,2,35.0,13,35.1,12,1,2022-05-03 09:01:25
1651568486185323000,35.0,1,35.0,12,35.1,10,2,2022-05-03 09:01:26
1651568488800604000,35.05,2,35.0,13,35.1,10,1,2022-05-03 09:01:28
1651568488955605000,35.0,1,35.0,12,35.1,10,2,2022-05-03 09:01:28
1651568489742415000,35.1,2,35.0,12,35.1,8,1,2022-05-03 09:01:29
1651568490403747000,35.0,1,35.0,13,35.1,7,2,2022-05-03 09:01:30
1651568492226810000,35.1,1,35.05,1,35.1,6,1,2022-05-03 09:01:32
1651568493186425000,35.05,1,35.0,13,35.05,7,2,2022-05-03 09:01:33
1651568494703729000,35.05,1,35.0,13,35.05,6,1,2022-05-03 09:01:34
1651568495849174000,35.05,7,35.05,3,35.1,15,1,2022-05-03 09:01:35
1651568496755877000,35.05,1,35.05,3,35.1,15,2,2022-05-03 09:01:36
1651568497727024000,35.1,2,35.05,3,35.1,13,1,2022-05-03 09:01:37
1651568498407062000,35.1,1,35.05,3,35.1,17,1,2022-05-03 09:01:38
1651568500907723000,35.05,3,35.0,27,35.05,7,2,2022-05-03 09:01:40
1651568501033438000,35.05,7,35.0,27,35.1,14,1,2022-05-03 09:01:41
1651568501033438000,35.1,3,35.0,27,35.1,14,1,2022-05-03 09:01:41
1651568502893361000,35.1,2,35.05,2,35.1,12,1,2022-05-03 09:01:42
1651568503739137000,35.05,3,35.0,28,35.1,12,2,2022-05-03 09:01:43
1651568505560872000,35.1,1,35.0,28,35.1,16,1,2022-05-03 09:01:45
1651568507676956000,35.05,1,35.0,28,35.05,3,1,2022-05-03 09:01:47
1651568508934672000,35.05,1,35.0,48,35.05,3,1,2022-05-03 09:01:48
1651568509360743000,35.0,1,35.0,49,35.05,3,2,2022-05-03 09:01:49
1651568512209403000,35.05,2,35.0,58,35.05,1,1,2022-05-03 09:01:52
1651568512299570000,35.05,1,35.0,58,35.1,28,1,2022-05-03 09:01:52
1651568512299570000,35.1,2,35.0,58,35.1,28,1,2022-05-03 09:01:52
1651568513165290000,35.05,1,35.0,58,35.05,2,1,2022-05-03 09:01:53
1651568513698276000,35.05,1,35.0,58,35.05,1,1,2022-05-03 09:01:53
1651568513881049000,35.05,1,35.05,3,35.1,28,1,2022-05-03 09:01:53
1651568513912332000,35.05,3,35.0,58,35.1,28,2,2022-05-03 09:01:53
1651568514504819000,35.1,28,35.0,58,35.25,1,1,2022-05-03 09:01:54
1651568514504819000,35.15,2,35.0,58,35.25,1,1,2022-05-03 09:01:54
1651568514504819000,35.2,16,35.0,58,35.25,1,1,2022-05-03 09:01:54
1651568514504819000,35.25,4,35.0,58,35.25,1,1,2022-05-03 09:01:54
1651568514542574000,35.05,1,35.05,1,35.25,3,1,2022-05-03 09:01:54
1651568515308855000,35.05,1,35.05,2,35.1,1,2,2022-05-03 09:01:55
1651568515687137000,35.1,1,35.1,9,35.25,3,1,2022-05-03 09:01:55
1651568517842273000,35.25,2,35.15,1,35.25,1,1,2022-05-03 09:01:57
1651568520496892000,35.2,1,35.1,17,35.25,2,2,2022-05-03 09:02:00
1651568520496892000,35.15,2,35.1,17,35.25,2,2,2022-05-03 09:02:00
1651568522426878000,35.2,2,35.1,17,35.25,3,2,2022-05-03 09:02:02
1651568522843657000,35.25,1,35.1,17,35.25,2,1,2022-05-03 09:02:02
1651568523102799000,35.25,1,35.1,17,35.25,2,1,2022-05-03 09:02:03
1651568525334807000,35.25,1,35.2,1,35.25,1,1,2022-05-03 09:02:05
1651568527122358000,35.25,2,35.2,1,35.3,8,1,2022-05-03 09:02:07
1651568527957943000,35.25,1,35.2,1,35.25,1,1,2022-05-03 09:02:07
1651568528373395000,35.25,1,35.2,1,35.3,8,1,2022-05-03 09:02:08
1651568528455961000,35.2,1,35.15,13,35.25,1,2,2022-05-03 09:02:08
1651568528809944000,35.25,1,35.15,13,35.3,7,1,2022-05-03 09:02:08
1651568528809944000,35.3,1,35.15,13,35.3,7,1,2022-05-03 09:02:08
1651568529038510000,35.15,1,35.15,12,35.3,7,2,2022-05-03 09:02:09
1651568530828055000,35.25,1,35.15,12,35.25,5,1,2022-05-03 09:02:10
1651568532941897000,35.2,1,35.15,12,35.25,5,1,2022-05-03 09:02:12
1651568534115577000,35.2,1,35.15,12,35.25,6,2,2022-05-03 09:02:14
1651568535147400000,35.15,18,35.1,18,35.2,21,2,2022-05-03 09:02:15
1651568535909551000,35.2,1,35.1,18,35.2,20,1,2022-05-03 09:02:15
1651568535957169000,35.2,1,35.1,18,35.2,19,1,2022-05-03 09:02:15
1651568536309927000,35.1,10,35.1,8,35.2,19,2,2022-05-03 09:02:16
1651568536342289000,35.1,8,35.05,23,35.2,21,2,2022-05-03 09:02:16
1651568537439901000,35.15,1,35.05,23,35.2,22,1,2022-05-03 09:02:17
1651568538351667000,35.15,1,35.05,23,35.2,26,1,2022-05-03 09:02:18
1651568538378566000,35.05,23,35.0,49,35.2,26,2,2022-05-03 09:02:18
1651568539967773000,35.1,1,35.0,49,35.1,2,1,2022-05-03 09:02:19
1651568547678137000,35.05,1,35.0,49,35.1,2,1,2022-05-03 09:02:27
1651568551075371000,35.05,1,35.0,49,35.05,2,2,2022-05-03 09:02:31
1651568552303075000,35.05,1,35.0,49,35.05,1,1,2022-05-03 09:02:32
1651568554433380000,35.05,2,35.0,49,35.05,1,1,2022-05-03 09:02:34
1651568554489280000,35.0,1,35.0,48,35.05,1,2,2022-05-03 09:02:34
1651568555173685000,35.0,1,35.0,47,35.05,1,2,2022-05-03 09:02:35
1651568555619015000,35.05,1,35.0,48,35.1,4,1,2022-05-03 09:02:35
1651568556590977000,35.0,1,35.0,47,35.05,1,2,2022-05-03 09:02:36
1651568557363308000,35.05,1,35.05,3,35.1,4,1,2022-05-03 09:02:37
1651568560205033000,35.05,1,35.05,4,35.1,6,2,2022-05-03 09:02:40
1651568560929091000,35.05,2,35.05,3,35.1,6,2,2022-05-03 09:02:40
1651568560964296000,35.05,1,35.05,2,35.1,6,2,2022-05-03 09:02:40
1651568569716668000,35.05,2,35.05,5,35.1,10,2,2022-05-03 09:02:49
1651568576760051000,35.05,1,35.05,7,35.1,14,2,2022-05-03 09:02:56
1651568579418414000,35.05,2,35.05,8,35.1,14,2,2022-05-03 09:02:59
1651568579474243000,35.05,1,35.05,7,35.1,14,2,2022-05-03 09:02:59
1651568581236261000,35.05,1,35.05,6,35.1,14,2,2022-05-03 09:03:01
1651568581262418000,35.05,1,35.05,5,35.1,14,2,2022-05-03 09:03:01
1651568581620670000,35.05,1,35.05,4,35.1,14,2,2022-05-03 09:03:01
1651568582060709000,35.05,4,35.0,49,35.05,15,2,2022-05-03 09:03:02
1651568585986261000,35.05,1,35.0,50,35.05,21,1,2022-05-03 09:03:05
1651568587645043000,35.05,1,35.0,50,35.05,20,1,2022-05-03 09:03:07
1651568587682051000,35.0,1,35.0,49,35.05,20,2,2022-05-03 09:03:07
1651568587701525000,35.0,1,35.0,48,35.05,20,2,2022-05-03 09:03:07
1651568590138461000,35.05,1,35.0,47,35.05,19,1,2022-05-03 09:03:10
1651568592543821000,35.05,2,35.0,50,35.05,17,1,2022-05-03 09:03:12
1651568593085667000,35.0,4,35.0,51,35.05,17,2,2022-05-03 09:03:13
1651568593127110000,35.0,1,35.0,50,35.05,17,2,2022-05-03 09:03:13
1651568595224959000,35.05,1,35.0,51,35.05,16,1,2022-05-03 09:03:15
1651568595255476000,35.05,14,35.0,51,35.05,2,1,2022-05-03 09:03:15
1651568595285520000,35.0,1,35.0,50,35.05,2,2,2022-05-03 09:03:15
1651568599212182000,35.0,1,35.0,49,35.05,4,2,2022-05-03 09:03:19
1651568600542131000,35.05,5,35.0,49,35.1,14,1,2022-05-03 09:03:20
1651568601378557000,35.05,1,35.05,1,35.1,14,2,2022-05-03 09:03:21
1651568602784763000,35.05,1,35.0,49,35.1,15,2,2022-05-03 09:03:22
1651568608339255000,35.05,1,35.0,53,35.05,4,2,2022-05-03 09:03:28
1651568612419529000,35.0,53,34.95,25,35.05,24,2,2022-05-03 09:03:32
1651568612449743000,34.95,16,34.95,9,35.05,24,2,2022-05-03 09:03:32
1651568612449825000,34.95,5,34.95,4,35.05,24,2,2022-05-03 09:03:32
1651568612482398000,34.95,4,34.9,30,35.0,3,2,2022-05-03 09:03:32
1651568614188144000,34.95,1,34.9,30,35.0,5,1,2022-05-03 09:03:34
1651568614188144000,35.0,2,34.9,30,35.0,5,1,2022-05-03 09:03:34
1651568616011772000,34.95,1,34.9,30,34.95,21,1,2022-05-03 09:03:36
1651568616056133000,34.9,1,34.9,29,34.95,21,2,2022-05-03 09:03:36
1651568618914286000,34.9,1,34.9,28,34.95,21,2,2022-05-03 09:03:38
1651568619683686000,34.9,1,34.9,27,34.95,21,2,2022-05-03 09:03:39
1651568619810446000,34.9,1,34.9,26,34.95,21,2,2022-05-03 09:03:39
1651568619837680000,34.9,26,34.85,18,34.95,21,2,2022-05-03 09:03:39
1651568619972396000,34.9,3,34.85,18,34.9,3,1,2022-05-03 09:03:39
1651568620010924000,34.85,1,34.85,17,34.9,2,2,2022-05-03 09:03:40
1651568620426988000,34.85,4,34.85,13,34.9,2,2,2022-05-03 09:03:40
1651568620459917000,34.85,13,34.8,64,34.9,3,2,2022-05-03 09:03:40
1651568620832711000,34.85,1,34.8,64,34.85,2,1,2022-05-03 09:03:40
1651568623809849000,34.8,2,34.8,62,34.85,31,2,2022-05-03 09:03:43
1651568624680528000,34.85,1,34.8,45,34.85,30,1,2022-05-03 09:03:44
1651568624805197000,34.8,1,34.8,44,34.85,45,2,2022-05-03 09:03:44
1651568625858943000,34.8,13,34.8,31,34.85,45,2,2022-05-03 09:03:45
1651568625888457000,34.8,12,34.8,19,34.85,45,2,2022-05-03 09:03:45
1651568625888793000,34.8,19,34.75,7,34.85,45,2,2022-05-03 09:03:45
1651568626134657000,34.8,1,34.75,7,34.8,4,1,2022-05-03 09:03:46
1651568627309907000,34.75,5,34.75,1,34.8,4,2,2022-05-03 09:03:47
1651568627346607000,34.75,1,34.7,29,34.8,4,2,2022-05-03 09:03:47
1651568627633597000,34.7,10,34.7,19,34.8,8,2,2022-05-03 09:03:47
1651568627666763000,34.7,19,34.65,4,34.8,8,2,2022-05-03 09:03:47
1651568628005083000,34.65,4,34.6,34,34.7,2,2,2022-05-03 09:03:48
1651568628005083000,34.6,1,34.6,34,34.7,2,2,2022-05-03 09:03:48
1651568628024398000,34.6,1,34.6,33,34.7,2,2,2022-05-03 09:03:48
1651568628065511000,34.6,1,34.6,32,34.65,2,2,2022-05-03 09:03:48
1651568628550497000,34.6,1,34.6,31,34.65,2,2,2022-05-03 09:03:48
1651568629166337000,34.6,5,34.6,30,34.65,2,2,2022-05-03 09:03:49
1651568629196259000,34.6,1,34.6,29,34.65,2,2,2022-05-03 09:03:49
1651568629220277000,34.6,1,34.6,28,34.65,2,2,2022-05-03 09:03:49
1651568629639211000,34.65,1,34.6,28,34.65,30,1,2022-05-03 09:03:49
1651568630909452000,34.6,3,34.6,25,34.65,30,2,2022-05-03 09:03:50
1651568631124154000,34.6,1,34.6,24,34.65,30,2,2022-05-03 09:03:51
1651568632194755000,34.6,1,34.6,23,34.65,30,2,2022-05-03 09:03:52
1651568632226719000,34.6,1,34.6,22,34.65,30,2,2022-05-03 09:03:52
1651568632250530000,34.6,1,34.6,21,34.65,30,2,2022-05-03 09:03:52
1651568632415219000,34.65,3,34.6,21,34.65,27,1,2022-05-03 09:03:52
1651568632574227000,34.6,1,34.6,20,34.65,27,2,2022-05-03 09:03:52
1651568633576311000,34.65,1,34.6,20,34.65,26,1,2022-05-03 09:03:53
1651568633843398000,34.6,2,34.6,19,34.65,26,2,2022-05-03 09:03:53
1651568633871185000,34.65,1,34.6,19,34.65,25,1,2022-05-03 09:03:53
1651568633937290000,34.6,1,34.6,18,34.65,25,2,2022-05-03 09:03:53
1651568635269810000,34.65,1,34.6,19,34.65,24,1,2022-05-03 09:03:55
1651568635537784000,34.65,24,34.65,1,34.7,1,1,2022-05-03 09:03:55
1651568635573101000,34.7,1,34.65,1,34.75,6,1,2022-05-03 09:03:55
1651568635577608000,34.65,1,34.6,19,34.75,6,2,2022-05-03 09:03:55
1651568635881137000,34.75,1,34.6,19,34.75,5,1,2022-05-03 09:03:55
1651568636069554000,34.6,6,34.6,13,34.75,5,2,2022-05-03 09:03:56
1651568637194300000,34.65,1,34.6,13,34.75,5,1,2022-05-03 09:03:57
1651568637212388000,34.65,1,34.6,6,34.75,5,2,2022-05-03 09:03:57
1651568637212388000,34.6,7,34.6,6,34.75,5,2,2022-05-03 09:03:57
1651568637916922000,34.65,1,34.65,1,34.7,2,2,2022-05-03 09:03:57
1651568639359970000,34.65,2,34.6,6,34.7,1,2,2022-05-03 09:03:59
1651568639861640000,34.7,1,34.6,7,34.7,7,1,2022-05-03 09:03:59
1651568641730482000,34.7,6,34.65,1,34.75,5,1,2022-05-03 09:04:01
1651568643161245000,34.65,1,34.65,3,34.7,1,2,2022-05-03 09:04:03
1651568643927223000,34.7,1,34.65,8,34.75,5,1,2022-05-03 09:04:03
1651568644458525000,34.7,6,34.65,8,34.75,4,1,2022-05-03 09:04:04
1651568644494231000,34.75,4,34.65,8,34.8,6,1,2022-05-03 09:04:04
1651568645226824000,34.65,9,34.6,13,34.65,1,2,2022-05-03 09:04:05
1651568645259540000,34.65,1,34.6,13,34.8,4,1,2022-05-03 09:04:05
1651568645909813000,34.65,2,34.65,2,34.75,3,2,2022-05-03 09:04:05
1651568646131600000,34.7,1,34.65,2,34.75,3,1,2022-05-03 09:04:06
1651568647990373000,34.7,1,34.65,2,34.7,5,1,2022-05-03 09:04:07
1651568648033317000,34.7,5,34.65,4,34.75,3,1,2022-05-03 09:04:08
1651568648859620000,34.75,3,34.65,5,34.8,4,1,2022-05-03 09:04:08
1651568649105793000,34.7,6,34.65,7,34.8,4,1,2022-05-03 09:04:09
1651568649261583000,34.75,1,34.65,17,34.8,4,1,2022-05-03 09:04:09
1651568651151773000,34.8,1,34.7,6,34.8,3,1,2022-05-03 09:04:11
1651568651354446000,34.8,1,34.7,6,34.8,2,1,2022-05-03 09:04:11
1651568651419126000,34.8,1,34.7,10,34.85,5,1,2022-05-03 09:04:11
1651568656666595000,34.85,2,34.8,1,34.85,3,1,2022-05-03 09:04:16
1651568657728619000,34.8,2,34.75,7,34.8,8,2,2022-05-03 09:04:17
1651568658823117000,34.75,1,34.75,6,34.8,8,2,2022-05-03 09:04:18
1651568659249623000,34.8,1,34.75,6,34.8,7,1,2022-05-03 09:04:19
1651568659946600000,34.8,1,34.75,6,34.8,6,1,2022-05-03 09:04:19
1651568662266681000,34.8,1,34.75,10,34.8,5,1,2022-05-03 09:04:22
1651568663042032000,34.8,1,34.75,12,34.8,4,1,2022-05-03 09:04:23
1651568663447121000,34.75,10,34.75,2,34.8,8,2,2022-05-03 09:04:23
1651568663631681000,34.8,1,34.75,2,34.8,7,1,2022-05-03 09:04:23
1651568664769144000,34.8,1,34.75,2,34.8,6,1,2022-05-03 09:04:24
1651568665408504000,34.8,2,34.75,3,34.8,14,1,2022-05-03 09:04:25
1651568666134087000,34.8,6,34.75,5,34.8,8,1,2022-05-03 09:04:26
1651568666857024000,34.75,1,34.75,4,34.8,8,2,2022-05-03 09:04:26
1651568667068753000,34.75,1,34.75,3,34.8,8,2,2022-05-03 09:04:27
1651568667368605000,34.8,3,34.75,3,34.8,5,1,2022-05-03 09:04:27
1651568670757198000,34.8,1,34.75,3,34.8,6,1,2022-05-03 09:04:30
1651568671803028000,34.8,3,34.75,13,34.8,4,1,2022-05-03 09:04:31
1651568673011993000,34.8,4,34.8,1,34.85,3,1,2022-05-03 09:04:33
1651568673543932000,34.85,2,34.8,5,34.85,1,1,2022-05-03 09:04:33
1651568674059345000,34.8,1,34.8,7,34.85,2,2,2022-05-03 09:04:34
1651568675428986000,34.85,2,34.8,8,34.95,2,1,2022-05-03 09:04:35
1651568675428986000,34.9,4,34.8,8,34.95,2,1,2022-05-03 09:04:35
1651568675428986000,34.95,4,34.8,8,34.95,2,1,2022-05-03 09:04:35
1651568682724248000,34.95,1,34.85,5,34.95,4,1,2022-05-03 09:04:42
1651568683917938000,34.95,2,34.9,1,34.95,2,1,2022-05-03 09:04:43
1651568684159306000,34.95,1,34.9,2,34.95,1,1,2022-05-03 09:04:44
1651568684195721000,34.95,1,34.9,2,35.0,11,1,2022-05-03 09:04:44
1651568687110369000,34.95,1,34.95,1,35.0,11,2,2022-05-03 09:04:47
1651568687854472000,34.95,1,34.9,3,34.95,3,2,2022-05-03 09:04:47
1651568689479998000,34.9,1,34.9,2,34.95,4,2,2022-05-03 09:04:49
1651568692235416000,34.95,1,34.9,2,34.95,3,1,2022-05-03 09:04:52
1651568692669339000,34.95,1,34.9,2,34.95,2,1,2022-05-03 09:04:52
1651568693651991000,34.95,1,34.9,2,34.95,1,1,2022-05-03 09:04:53
1651568694340749000,34.95,1,34.9,2,35.0,11,1,2022-05-03 09:04:54
1651568697147078000,34.95,1,34.9,23,34.95,4,1,2022-05-03 09:04:57
1651568697394232000,34.95,1,34.9,23,34.95,3,1,2022-05-03 09:04:57
1651568700997546000,34.95,1,34.9,24,34.95,4,1,2022-05-03 09:05:00
1651568702790755000,34.95,5,34.9,26,34.95,1,1,2022-05-03 09:05:02
1651568705073307000,34.95,1,34.95,1,35.0,11,1,2022-05-03 09:05:05
1651568711193346000,34.95,2,34.9,27,35.0,21,2,2022-05-03 09:05:11
1651568712040074000,35.0,1,34.9,32,35.0,20,1,2022-05-03 09:05:12
1651568712726044000,35.0,3,34.9,32,35.0,17,1,2022-05-03 09:05:12
1651568713283539000,34.95,1,34.95,4,35.0,17,2,2022-05-03 09:05:13
1651568713666133000,34.95,2,34.95,2,35.0,17,2,2022-05-03 09:05:13
1651568713698948000,34.95,2,34.9,32,35.0,17,2,2022-05-03 09:05:13
1651568716118185000,34.95,1,34.95,1,35.0,17,2,2022-05-03 09:05:16
1651568716152370000,34.95,1,34.9,32,35.0,17,2,2022-05-03 09:05:16
1651568716240397000,34.95,1,34.9,32,35.0,17,2,2022-05-03 09:05:16
1651568716273411000,34.9,32,34.85,6,35.0,17,2,2022-05-03 09:05:16
1651568717559808000,34.95,1,34.95,4,35.0,19,1,2022-05-03 09:05:17
1651568717591217000,34.95,4,34.85,6,35.0,19,2,2022-05-03 09:05:17
1651568718923314000,34.85,6,34.8,21,34.95,5,2,2022-05-03 09:05:18
1651568721483010000,34.8,20,34.75,6,34.85,2,2,2022-05-03 09:05:21
1651568722916238000,34.8,1,34.75,6,34.8,1,1,2022-05-03 09:05:22
1651568724441643000,34.75,1,34.75,5,34.8,2,2,2022-05-03 09:05:24
1651568724473897000,34.75,5,34.7,11,34.8,6,2,2022-05-03 09:05:24
1651568725785393000,34.75,1,34.7,11,34.8,6,1,2022-05-03 09:05:25
1651568726960058000,34.7,1,34.7,10,34.75,1,2,2022-05-03 09:05:26
1651568727014357000,34.7,1,34.7,9,34.75,1,2,2022-05-03 09:05:27
1651568727678594000,34.75,1,34.7,9,34.8,6,1,2022-05-03 09:05:27
1651568728187308000,34.75,1,34.7,9,34.8,6,1,2022-05-03 09:05:28
1651568730049187000,34.75,2,34.75,2,34.8,6,2,2022-05-03 09:05:30
1651568730112407000,34.75,1,34.75,1,34.8,6,2,2022-05-03 09:05:30
1651568733899763000,34.8,2,34.75,2,35.0,22,1,2022-05-03 09:05:33
1651568733899763000,34.85,1,34.75,2,35.0,22,1,2022-05-03 09:05:33
1651568733899763000,34.9,1,34.75,2,35.0,22,1,2022-05-03 09:05:33
1651568733899763000,34.95,1,34.75,2,35.0,22,1,2022-05-03 09:05:33
1651568733899763000,35.0,5,34.75,2,35.0,22,1,2022-05-03 09:05:33
1651568734861745000,34.8,2,34.75,2,34.95,2,2,2022-05-03 09:05:34
1651568739597319000,34.8,1,34.8,13,34.95,2,2,2022-05-03 09:05:39
1651568745938113000,34.9,1,34.85,2,34.95,8,2,2022-05-03 09:05:45
1651568749379794000,34.85,2,34.85,1,34.9,5,2,2022-05-03 09:05:49
1651568749406213000,34.85,1,34.8,6,34.9,5,2,2022-05-03 09:05:49
1651568749406213000,34.8,9,34.8,6,34.9,5,2,2022-05-03 09:05:49
1651568751204665000,34.9,1,34.85,1,34.9,6,1,2022-05-03 09:05:51
1651568752363226000,34.9,4,34.85,1,34.9,2,1,2022-05-03 09:05:52
1651568753139467000,34.95,1,34.85,1,34.95,7,1,2022-05-03 09:05:53
1651568760616534000,34.85,4,34.8,8,34.95,19,2,2022-05-03 09:06:00
1651568760616534000,34.8,1,34.8,8,34.95,19,2,2022-05-03 09:06:00
1651568768363444000,34.85,1,34.8,18,34.9,15,2,2022-05-03 09:06:08
1651568770400790000,34.8,1,34.8,17,34.85,1,2,2022-05-03 09:06:10
1651568770540765000,34.85,1,34.85,1,34.9,16,1,2022-05-03 09:06:10
1651568772855759000,34.85,1,34.8,17,34.9,16,2,2022-05-03 09:06:12
1651568774157467000,34.9,2,34.8,17,34.9,14,1,2022-05-03 09:06:14
1651568776008864000,34.85,1,34.8,17,34.9,14,2,2022-05-03 09:06:16
1651568776008864000,34.8,1,34.8,17,34.9,14,2,2022-05-03 09:06:16
1651568777267956000,34.85,1,34.8,20,34.85,1,1,2022-05-03 09:06:17
1651568780309058000,34.85,1,34.8,22,34.9,15,1,2022-05-03 09:06:20
1651568781206894000,34.85,1,34.8,22,34.9,16,2,2022-05-03 09:06:21
1651568788306008000,34.8,1,34.8,26,34.9,19,2,2022-05-03 09:06:28
1651568790418192000,34.8,5,34.8,21,34.9,19,2,2022-05-03 09:06:30
1651568800081828000,34.85,1,34.8,22,34.85,1,2,2022-05-03 09:06:40
1651568801153699000,34.8,22,34.75,11,34.85,2,2,2022-05-03 09:06:41
1651568801636350000,34.8,1,34.75,11,34.9,17,1,2022-05-03 09:06:41
1651568801636350000,34.85,4,34.75,11,34.9,17,1,2022-05-03 09:06:41
1651568801636350000,34.9,5,34.75,11,34.9,17,1,2022-05-03 09:06:41
1651568804685765000,34.75,10,34.75,1,34.85,1,2,2022-05-03 09:06:44
1651568804709286000,34.75,1,34.7,17,34.85,1,2,2022-05-03 09:06:44
1651568805255988000,34.8,1,34.7,17,34.85,1,2,2022-05-03 09:06:45
1651568808135490000,34.75,3,34.7,10,34.8,20,2,2022-05-03 09:06:48
1651568808135490000,34.7,7,34.7,10,34.8,20,2,2022-05-03 09:06:48
1651568808632348000,34.7,3,34.7,7,34.75,1,2,2022-05-03 09:06:48
1651568808668663000,34.7,1,34.7,6,34.75,1,2,2022-05-03 09:06:48
1651568809679343000,34.75,1,34.75,1,34.8,21,1,2022-05-03 09:06:49
1651568811099734000,34.75,1,34.7,6,34.8,23,2,2022-05-03 09:06:51
1651568811269775000,34.8,1,34.7,6,34.8,22,1,2022-05-03 09:06:51
1651568811737231000,34.7,1,34.7,5,34.8,22,2,2022-05-03 09:06:51
1651568812394145000,34.75,1,34.7,5,34.8,32,2,2022-05-03 09:06:52
1651568815605604000,34.7,4,34.7,3,34.75,5,2,2022-05-03 09:06:55
1651568815648272000,34.7,1,34.7,2,34.75,5,2,2022-05-03 09:06:55
1651568815688676000,34.7,1,34.7,1,34.75,5,2,2022-05-03 09:06:55
1651568815725202000,34.7,1,34.65,40,34.75,5,2,2022-05-03 09:06:55
1651568816182381000,34.75,1,34.7,1,34.75,5,1,2022-05-03 09:06:56
1651568817640213000,34.75,5,34.7,2,34.8,37,1,2022-05-03 09:06:57
1651568817640213000,34.8,5,34.7,2,34.8,37,1,2022-05-03 09:06:57
1651568820718970000,34.75,1,34.7,6,34.8,37,1,2022-05-03 09:07:00
1651568828340632000,34.75,1,34.75,1,34.8,45,2,2022-05-03 09:07:08
1651568829588957000,34.75,5,34.7,22,34.75,4,2,2022-05-03 09:07:09
1651568829738186000,34.75,1,34.7,22,34.75,3,1,2022-05-03 09:07:09
1651568836503672000,34.75,1,34.7,23,34.75,2,1,2022-05-03 09:07:16
1651568836990193000,34.75,1,34.7,23,34.75,1,1,2022-05-03 09:07:16
1651568837818251000,34.75,1,34.75,4,34.8,45,1,2022-05-03 09:07:17
1651568838023435000,34.75,4,34.7,23,34.75,1,2,2022-05-03 09:07:18
1651568838575749000,34.75,2,34.7,23,34.75,9,1,2022-05-03 09:07:18
1651568839635193000,34.75,1,34.7,23,34.75,8,1,2022-05-03 09:07:19
1651568844320572000,34.75,3,34.7,22,34.75,10,1,2022-05-03 09:07:24
1651568847109074000,34.75,1,34.7,23,34.75,9,1,2022-05-03 09:07:27
1651568852048186000,34.75,2,34.7,26,34.75,12,1,2022-05-03 09:07:32
1651568853061360000,34.75,10,34.7,27,34.75,2,1,2022-05-03 09:07:33
1651568855073505000,34.75,1,34.7,27,34.75,1,1,2022-05-03 09:07:35
1651568855232344000,34.75,1,34.7,27,34.8,35,1,2022-05-03 09:07:35
1651568856883681000,34.75,2,34.7,19,34.8,35,2,2022-05-03 09:07:36
1651568856883681000,34.7,8,34.7,19,34.8,35,2,2022-05-03 09:07:36
1651568857212918000,34.75,1,34.75,4,34.8,36,1,2022-05-03 09:07:37
1651568857338373000,34.75,4,34.7,19,34.75,6,2,2022-05-03 09:07:37
1651568858095135000,34.75,1,34.7,19,34.75,5,1,2022-05-03 09:07:38
1651568858204801000,34.75,5,34.7,19,34.8,36,1,2022-05-03 09:07:38
1651568862508087000,34.8,1,34.75,1,34.8,25,1,2022-05-03 09:07:42
1651568864408099000,34.75,1,34.7,21,34.8,25,2,2022-05-03 09:07:44
1651568866803125000,34.8,1,34.75,6,34.8,24,1,2022-05-03 09:07:46
1651568868456697000,34.75,2,34.75,4,34.8,14,2,2022-05-03 09:07:48
1651568869983377000,34.75,1,34.75,10,34.8,18,2,2022-05-03 09:07:49
1651568873168122000,34.75,2,34.75,9,34.8,18,2,2022-05-03 09:07:53
1651568873217497000,34.75,1,34.75,8,34.8,18,2,2022-05-03 09:07:53
1651568875055108000,34.75,1,34.75,7,34.8,18,2,2022-05-03 09:07:55
1651568875466754000,34.75,2,34.75,5,34.8,18,2,2022-05-03 09:07:55
1651568877464040000,34.75,5,34.75,1,34.8,18,2,2022-05-03 09:07:57
1651568877707624000,34.75,1,34.7,36,34.75,1,2,2022-05-03 09:07:57
1651568877741517000,34.7,1,34.7,35,34.75,1,2,2022-05-03 09:07:57
1651568881735749000,34.7,7,34.7,28,34.75,13,2,2022-05-03 09:08:01
1651568881747965000,34.75,2,34.7,28,34.75,11,1,2022-05-03 09:08:01
1651568881749685000,34.7,3,34.7,25,34.75,11,2,2022-05-03 09:08:01
1651568881749918000,34.7,12,34.7,13,34.75,11,2,2022-05-03 09:08:01
1651568881749952000,34.7,12,34.7,1,34.75,11,2,2022-05-03 09:08:01
1651568881750870000,34.7,1,34.65,11,34.75,11,2,2022-05-03 09:08:01
1651568881750870000,34.65,6,34.65,11,34.75,11,2,2022-05-03 09:08:01
1651568886300668000,34.65,2,34.65,9,34.7,6,2,2022-05-03 09:08:06
1651568886334005000,34.65,1,34.65,8,34.7,6,2,2022-05-03 09:08:06
1651568886334783000,34.65,1,34.65,7,34.7,6,2,2022-05-03 09:08:06
1651568886361362000,34.65,7,34.6,15,34.7,6,2,2022-05-03 09:08:06
1651568887042011000,34.65,1,34.65,4,34.7,6,1,2022-05-03 09:08:07
1651568889097206000,34.65,2,34.65,2,34.7,4,2,2022-05-03 09:08:09
1651568889120368000,34.65,2,34.6,15,34.7,4,2,2022-05-03 09:08:09
1651568889491397000,34.65,1,34.6,15,34.7,6,1,2022-05-03 09:08:09
1651568891508310000,34.65,1,34.6,15,34.65,9,1,2022-05-03 09:08:11
1651568891793699000,34.65,1,34.6,15,34.65,8,1,2022-05-03 09:08:11
1651568893812552000,34.65,4,34.6,15,34.65,5,1,2022-05-03 09:08:13
1651568894872178000,34.65,5,34.65,5,34.7,7,1,2022-05-03 09:08:14
1651568894924951000,34.65,1,34.65,4,34.7,3,2,2022-05-03 09:08:14
1651568895882288000,34.65,2,34.65,2,34.7,3,2,2022-05-03 09:08:15
1651568895912767000,34.65,2,34.6,15,34.7,3,2,2022-05-03 09:08:15
1651568904684135000,34.65,2,34.65,3,34.7,4,2,2022-05-03 09:08:24
1651568904720273000,34.65,1,34.65,2,34.7,4,2,2022-05-03 09:08:24
1651568904939568000,34.65,2,34.6,22,34.7,4,2,2022-05-03 09:08:24
1651568904939568000,34.6,4,34.6,22,34.7,4,2,2022-05-03 09:08:24
1651568904996143000,34.6,4,34.6,18,34.7,6,2,2022-05-03 09:08:24
1651568905126212000,34.65,1,34.6,18,34.65,2,1,2022-05-03 09:08:25
1651568905331016000,34.65,2,34.6,18,34.7,6,1,2022-05-03 09:08:25
1651568906021651000,34.65,1,34.6,18,34.7,7,2,2022-05-03 09:08:26
1651568908640971000,34.65,1,34.6,18,34.65,4,1,2022-05-03 09:08:28
1651568909181482000,34.65,1,34.6,18,34.65,3,1,2022-05-03 09:08:29
1651568911118409000,34.65,3,34.65,2,34.7,11,1,2022-05-03 09:08:31
1651568911260133000,34.65,2,34.6,18,34.7,11,2,2022-05-03 09:08:31
1651568914922491000,34.65,2,34.6,19,34.7,11,2,2022-05-03 09:08:34
1651568919972874000,34.65,1,34.6,19,34.65,10,1,2022-05-03 09:08:39
1651568921251192000,34.6,2,34.6,17,34.65,10,2,2022-05-03 09:08:41
1651568921304712000,34.6,5,34.6,12,34.65,10,2,2022-05-03 09:08:41
1651568921952718000,34.6,2,34.6,10,34.65,10,2,2022-05-03 09:08:41
1651568923818237000,34.6,2,34.6,18,34.65,10,2,2022-05-03 09:08:43
1651568923859281000,34.6,1,34.6,17,34.65,10,2,2022-05-03 09:08:43
1651568926325792000,34.65,1,34.6,21,34.65,11,1,2022-05-03 09:08:46
1651568926663282000,34.6,2,34.6,19,34.65,11,2,2022-05-03 09:08:46
1651568926734368000,34.6,1,34.6,18,34.65,11,2,2022-05-03 09:08:46
1651568926734908000,34.6,1,34.6,17,34.65,11,2,2022-05-03 09:08:46
1651568927226310000,34.6,5,34.6,12,34.65,11,2,2022-05-03 09:08:47
1651568927483977000,34.65,2,34.6,12,34.65,9,1,2022-05-03 09:08:47
1651568929751337000,34.65,1,34.6,13,34.65,8,1,2022-05-03 09:08:49
1651568930919419000,34.6,1,34.6,12,34.65,8,2,2022-05-03 09:08:50
1651568931194184000,34.65,1,34.6,13,34.65,7,1,2022-05-03 09:08:51
1651568931891706000,34.65,5,34.6,13,34.65,2,1,2022-05-03 09:08:51
1651568931924501000,34.65,2,34.6,13,34.65,1,1,2022-05-03 09:08:51
1651568931924518000,34.65,1,34.6,13,34.7,11,1,2022-05-03 09:08:51
1651568931929121000,34.6,1,34.6,12,34.7,11,2,2022-05-03 09:08:51
1651568934187534000,34.65,1,34.65,5,34.7,12,2,2022-05-03 09:08:54
1651568934245115000,34.65,5,34.6,2,34.7,12,2,2022-05-03 09:08:54
1651568934245115000,34.6,10,34.6,2,34.7,12,2,2022-05-03 09:08:54
1651568936582355000,34.65,1,34.6,2,34.7,12,1,2022-05-03 09:08:56
1651568936740853000,34.6,2,34.55,30,34.7,11,2,2022-05-03 09:08:56
1651568936740853000,34.55,1,34.55,30,34.7,11,2,2022-05-03 09:08:56
1651568941260760000,34.55,3,34.55,27,34.6,2,2,2022-05-03 09:09:01
1651568941533452000,34.55,2,34.55,25,34.6,2,2,2022-05-03 09:09:01
1651568942564553000,34.55,5,34.55,20,34.6,2,2,2022-05-03 09:09:02
1651568942930317000,34.55,10,34.55,11,34.6,4,2,2022-05-03 09:09:02
1651568942967130000,34.55,11,34.5,51,34.6,4,2,2022-05-03 09:09:02
1651568943041445000,34.55,1,34.5,51,34.55,3,1,2022-05-03 09:09:03
1651568943059493000,34.55,3,34.5,51,34.6,4,1,2022-05-03 09:09:03
1651568943884386000,34.55,1,34.5,51,34.55,8,1,2022-05-03 09:09:03
1651568945026817000,34.5,2,34.5,49,34.55,8,2,2022-05-03 09:09:05
1651568945079063000,34.55,1,34.5,49,34.55,7,1,2022-05-03 09:09:05
1651568946525564000,34.5,2,34.5,47,34.55,4,2,2022-05-03 09:09:06
1651568946633901000,34.5,3,34.5,44,34.55,4,2,2022-05-03 09:09:06
1651568947231933000,34.55,1,34.5,44,34.55,3,1,2022-05-03 09:09:07
1651568947917205000,34.5,4,34.5,40,34.55,3,2,2022-05-03 09:09:07
1651568947979044000,34.5,1,34.5,39,34.55,3,2,2022-05-03 09:09:07
1651568948948788000,34.5,1,34.5,38,34.55,3,2,2022-05-03 09:09:08
1651568949724906000,34.5,4,34.5,34,34.55,3,2,2022-05-03 09:09:09
1651568950526016000,34.5,1,34.5,33,34.55,4,2,2022-05-03 09:09:10
1651568950551163000,34.5,33,34.45,6,34.55,4,2,2022-05-03 09:09:10
1651568951496945000,34.5,1,34.45,6,34.5,4,1,2022-05-03 09:09:11
1651568952369420000,34.45,4,34.45,3,34.5,4,2,2022-05-03 09:09:12
1651568952407260000,34.45,3,34.4,14,34.5,4,2,2022-05-03 09:09:12
1651568952429414000,34.4,4,34.4,10,34.45,1,2,2022-05-03 09:09:12
1651568954691099000,34.4,10,34.35,3,34.45,1,2,2022-05-03 09:09:14
1651568954691099000,34.35,4,34.35,3,34.45,1,2,2022-05-03 09:09:14
1651568958170722000,34.4,3,34.35,2,34.45,3,1,2022-05-03 09:09:18
1651568959350274000,34.45,5,34.4,6,34.5,4,1,2022-05-03 09:09:19
1651568959381047000,34.5,4,34.4,6,34.55,2,1,2022-05-03 09:09:19
1651568959432272000,34.45,1,34.4,6,34.55,2,1,2022-05-03 09:09:19
1651568959853363000,34.4,3,34.4,6,34.55,2,2,2022-05-03 09:09:19
1651568962107005000,34.4,2,34.4,4,34.55,2,2,2022-05-03 09:09:22
1651568962137729000,34.4,4,34.35,6,34.55,2,2,2022-05-03 09:09:22
1651568965488368000,34.5,4,34.4,3,34.5,4,1,2022-05-03 09:09:25
1651568965879884000,34.4,3,34.35,9,34.5,4,2,2022-05-03 09:09:25
1651568966142446000,34.35,3,34.35,6,34.5,6,2,2022-05-03 09:09:26
1651568969358363000,34.5,6,34.35,9,34.55,2,1,2022-05-03 09:09:29
1651568969431967000,34.5,1,34.35,9,34.55,2,1,2022-05-03 09:09:29
1651568969929826000,34.35,1,34.35,8,34.55,2,2,2022-05-03 09:09:29
1651568974300226000,34.4,4,34.35,7,34.55,4,2,2022-05-03 09:09:34
1651568974300226000,34.35,11,34.35,7,34.55,4,2,2022-05-03 09:09:34
1651568974434039000,34.35,2,34.35,5,34.5,4,2,2022-05-03 09:09:34
1651568977098551000,34.45,1,34.35,2,34.5,5,2,2022-05-03 09:09:37
1651568977098551000,34.4,1,34.35,2,34.5,5,2,2022-05-03 09:09:37
1651568977098551000,34.35,3,34.35,2,34.5,5,2,2022-05-03 09:09:37
1651568978695373000,34.4,1,34.4,2,34.45,8,2,2022-05-03 09:09:38
1651568978979784000,34.4,2,34.35,5,34.4,4,2,2022-05-03 09:09:38
1651568979008109000,34.4,4,34.35,5,34.5,4,1,2022-05-03 09:09:39
1651568979175323000,34.4,5,34.35,12,34.5,4,1,2022-05-03 09:09:39
1651568979607758000,34.35,1,34.35,11,34.5,4,2,2022-05-03 09:09:39
1651568980462134000,34.4,2,34.35,16,34.5,5,1,2022-05-03 09:09:40
1651568981825707000,34.45,9,34.35,26,34.5,5,1,2022-05-03 09:09:41
1651568986592799000,34.45,1,34.4,10,34.45,9,1,2022-05-03 09:09:46
1651568986661217000,34.45,2,34.4,10,34.45,7,1,2022-05-03 09:09:46
1651568988379307000,34.45,7,34.4,13,34.5,5,1,2022-05-03 09:09:48
1651568990079290000,34.5,3,34.45,5,34.5,1,1,2022-05-03 09:09:50
1651568990112317000,34.5,1,34.45,5,34.55,12,1,2022-05-03 09:09:50
1651568990773351000,34.5,1,34.45,10,34.55,12,1,2022-05-03 09:09:50
1651568997368987000,34.55,10,34.5,22,34.6,14,1,2022-05-03 09:09:57
1651568997802640000,34.5,10,34.5,12,34.6,14,2,2022-05-03 09:09:57
1651569000461395000,34.6,2,34.5,23,34.6,12,1,2022-05-03 09:10:00
1651569003121311000,34.55,1,34.55,1,34.6,12,2,2022-05-03 09:10:03
1651569003734825000,34.6,12,34.55,1,34.7,4,1,2022-05-03 09:10:03
1651569003734825000,34.65,2,34.55,1,34.7,4,1,2022-05-03 09:10:03
1651569006220081000,34.6,1,34.55,18,34.7,4,1,2022-05-03 09:10:06
1651569007525372000,34.7,1,34.55,20,34.7,3,1,2022-05-03 09:10:07
1651569015512942000,34.65,3,34.6,8,34.65,8,1,2022-05-03 09:10:15
1651569016708717000,34.65,2,34.6,6,34.65,6,1,2022-05-03 09:10:16
1651569018017833000,34.65,1,34.6,7,34.65,5,1,2022-05-03 09:10:18
1651569018055142000,34.65,5,34.6,7,34.7,7,1,2022-05-03 09:10:18
1651569022993965000,34.7,1,34.65,4,34.7,4,1,2022-05-03 09:10:22
1651569029448843000,34.7,2,34.65,11,34.7,8,1,2022-05-03 09:10:29
1651569033692812000,34.7,1,34.65,11,34.7,7,1,2022-05-03 09:10:33
1651569034911855000,34.7,1,34.65,11,34.7,6,1,2022-05-03 09:10:34
1651569035328274000,34.7,3,34.65,8,34.7,13,1,2022-05-03 09:10:35
1651569035696185000,34.7,2,34.65,8,34.7,11,1,2022-05-03 09:10:35
1651569038103010000,34.7,5,34.65,8,34.7,6,1,2022-05-03 09:10:38
1651569041027468000,34.7,1,34.65,9,34.7,13,1,2022-05-03 09:10:41
1651569047859983000,34.7,10,34.65,9,34.7,4,1,2022-05-03 09:10:47
1651569050106755000,34.7,2,34.65,9,34.7,2,1,2022-05-03 09:10:50
1651569050447922000,34.7,1,34.65,9,34.7,1,1,2022-05-03 09:10:50
1651569058584431000,34.7,1,34.65,12,34.7,2,1,2022-05-03 09:10:58
1651569060725110000,34.7,2,34.7,18,34.75,11,1,2022-05-03 09:11:00
1651569061244246000,34.7,4,34.7,14,34.75,10,2,2022-05-03 09:11:01
1651569067541813000,34.7,2,34.7,18,34.75,10,2,2022-05-03 09:11:07
1651569072660372000,34.7,10,34.7,14,34.75,10,2,2022-05-03 09:11:12
1651569072694863000,34.7,14,34.65,5,34.75,10,2,2022-05-03 09:11:12
1651569076309156000,34.65,5,34.6,4,34.7,6,2,2022-05-03 09:11:16
1651569078234393000,34.65,5,34.6,4,34.7,9,1,2022-05-03 09:11:18
1651569080493563000,34.6,4,34.55,4,34.65,5,2,2022-05-03 09:11:20
1651569090527675000,34.6,1,34.6,2,34.65,6,2,2022-05-03 09:11:30
1651569091540676000,34.6,2,34.55,4,34.65,11,2,2022-05-03 09:11:31
1651569092526232000,34.6,1,34.55,4,34.6,9,1,2022-05-03 09:11:32
1651569093619595000,34.55,4,34.5,35,34.55,1,2,2022-05-03 09:11:33
1651569095219922000,34.55,1,34.5,35,34.6,19,1,2022-05-03 09:11:35
1651569096516867000,34.5,2,34.5,33,34.6,19,2,2022-05-03 09:11:36
1651569098927490000,34.55,1,34.5,32,34.6,21,2,2022-05-03 09:11:38
1651569099071784000,34.55,1,34.5,32,34.6,20,2,2022-05-03 09:11:39
1651569100502105000,34.55,1,34.5,32,34.6,20,2,2022-05-03 09:11:40
1651569110483303000,34.55,1,34.5,37,34.55,4,1,2022-05-03 09:11:50
1651569113346345000,34.55,2,34.5,37,34.55,4,1,2022-05-03 09:11:53
1651569113507317000,34.5,5,34.5,32,34.55,4,2,2022-05-03 09:11:53
1651569114065037000,34.55,1,34.5,32,34.55,4,1,2022-05-03 09:11:54
1651569116275176000,34.5,5,34.5,29,34.55,5,2,2022-05-03 09:11:56
1651569116294218000,34.5,1,34.5,28,34.55,5,2,2022-05-03 09:11:56
1651569117291334000,34.5,10,34.5,18,34.55,5,2,2022-05-03 09:11:57
1651569117655202000,34.5,6,34.5,12,34.55,8,2,2022-05-03 09:11:57
1651569117685881000,34.5,12,34.45,9,34.55,8,2,2022-05-03 09:11:57
1651569117886358000,34.5,1,34.45,9,34.5,3,1,2022-05-03 09:11:57
1651569126659391000,34.45,10,34.45,1,34.5,20,2,2022-05-03 09:12:06
1651569126690942000,34.45,1,34.4,21,34.5,20,2,2022-05-03 09:12:06
1651569130548674000,34.45,1,34.4,21,34.45,2,1,2022-05-03 09:12:10
1651569131307463000,34.4,1,34.4,20,34.45,2,2,2022-05-03 09:12:11
1651569132706019000,34.45,2,34.45,6,34.5,20,1,2022-05-03 09:12:12
1651569133401127000,34.45,6,34.4,17,34.5,19,2,2022-05-03 09:12:13
1651569133401127000,34.4,4,34.4,17,34.5,19,2,2022-05-03 09:12:13
1651569134152410000,34.4,17,34.25,16,34.3,3,2,2022-05-03 09:12:14
1651569134152410000,34.35,45,34.25,16,34.3,3,2,2022-05-03 09:12:14
1651569134152410000,34.3,35,34.25,16,34.3,3,2,2022-05-03 09:12:14
1651569134177433000,34.3,3,34.25,16,34.45,1,1,2022-05-03 09:12:14
1651569134179641000,34.25,1,34.25,15,34.45,1,2,2022-05-03 09:12:14
1651569134190747000,34.25,1,34.25,14,34.45,1,2,2022-05-03 09:12:14
1651569134199128000,34.25,1,34.25,13,34.45,1,2,2022-05-03 09:12:14
1651569134201999000,34.25,4,34.25,9,34.45,1,2,2022-05-03 09:12:14
1651569134205513000,34.25,1,34.25,8,34.45,1,2,2022-05-03 09:12:14
1651569134205533000,34.25,1,34.25,7,34.45,1,2,2022-05-03 09:12:14
1651569134205845000,34.25,1,34.25,6,34.45,1,2,2022-05-03 09:12:14
1651569134207244000,34.25,1,34.25,5,34.45,1,2,2022-05-03 09:12:14
1651569134211142000,34.25,4,34.25,1,34.45,1,2,2022-05-03 09:12:14
1651569134214926000,34.25,1,34.2,20,34.45,1,2,2022-05-03 09:12:14
1651569134242950000,34.25,1,34.25,1,34.4,1,1,2022-05-03 09:12:14
1651569134275727000,34.2,1,34.2,19,34.4,5,2,2022-05-03 09:12:14
1651569136924414000,34.25,1,34.2,29,34.3,1,1,2022-05-03 09:12:16
1651569136924552000,34.3,1,34.2,29,34.35,2,1,2022-05-03 09:12:16
1651569141166137000,34.3,1,34.2,29,34.3,4,1,2022-05-03 09:12:21
1651569141202658000,34.3,4,34.2,29,34.35,2,1,2022-05-03 09:12:21
1651569144552250000,34.3,1,34.25,1,34.35,2,1,2022-05-03 09:12:24
1651569144708142000,34.35,2,34.25,6,34.4,1,1,2022-05-03 09:12:24
1651569145063539000,34.4,2,34.25,6,34.5,3,1,2022-05-03 09:12:25
1651569145063539000,34.45,1,34.25,6,34.5,3,1,2022-05-03 09:12:25
1651569145063539000,34.5,2,34.25,6,34.5,3,1,2022-05-03 09:12:25
1651569146334311000,34.3,2,34.3,13,34.45,2,2,2022-05-03 09:12:26
1651569146822196000,34.3,1,34.3,12,34.45,2,2,2022-05-03 09:12:26
1651569156669775000,34.4,2,34.35,1,34.45,3,1,2022-05-03 09:12:36
1651569167286136000,34.4,1,34.35,9,34.45,3,2,2022-05-03 09:12:47
1651569172200850000,34.45,2,34.4,1,34.45,2,1,2022-05-03 09:12:52
1651569174675913000,34.45,2,34.45,1,34.5,15,1,2022-05-03 09:12:54
1651569177633468000,34.45,1,34.4,7,34.5,15,2,2022-05-03 09:12:57
1651569177633468000,34.4,4,34.4,7,34.5,15,2,2022-05-03 09:12:57
1651569186302555000,34.5,1,34.45,2,34.5,14,1,2022-05-03 09:13:06
1651569186323959000,34.5,14,34.45,2,34.55,20,1,2022-05-03 09:13:06
1651569192298905000,34.55,10,34.5,4,34.55,9,1,2022-05-03 09:13:12
1651569192332035000,34.55,7,34.5,4,34.55,2,1,2022-05-03 09:13:12
1651569192332075000,34.55,2,34.5,4,34.6,14,1,2022-05-03 09:13:12
1651569197212709000,34.6,1,34.55,2,34.6,12,1,2022-05-03 09:13:17
1651569197590120000,34.55,1,34.55,3,34.6,12,2,2022-05-03 09:13:17
1651569198484073000,34.55,2,34.55,2,34.6,12,2,2022-05-03 09:13:18
1651569198638383000,34.55,1,34.55,1,34.6,12,2,2022-05-03 09:13:18
1651569203654406000,34.55,2,34.5,5,34.55,8,2,2022-05-03 09:13:23
1651569205036895000,34.55,1,34.5,5,34.55,7,1,2022-05-03 09:13:25
1651569205051494000,34.55,4,34.5,5,34.55,3,1,2022-05-03 09:13:25
1651569205083119000,34.55,1,34.5,5,34.55,2,1,2022-05-03 09:13:25
1651569206321500000,34.55,2,34.5,5,34.6,12,1,2022-05-03 09:13:26
1651569211073119000,34.55,1,34.55,4,34.6,13,2,2022-05-03 09:13:31
1651569213958358000,34.6,1,34.55,5,34.6,12,1,2022-05-03 09:13:33
1651569221659508000,34.6,10,34.55,5,34.6,3,1,2022-05-03 09:13:41
1651569221689340000,34.6,3,34.55,5,34.65,12,1,2022-05-03 09:13:41
1651569228545307000,34.6,5,34.6,10,34.65,12,2,2022-05-03 09:13:48
1651569231401433000,34.65,1,34.6,11,34.65,11,1,2022-05-03 09:13:51
1651569232242370000,34.65,1,34.6,11,34.65,10,1,2022-05-03 09:13:52
1651569232857280000,34.65,2,34.6,11,34.65,8,1,2022-05-03 09:13:52
1651569232919310000,34.65,8,34.65,15,34.7,13,1,2022-05-03 09:13:52
1651569237230122000,34.65,2,34.65,18,34.7,14,2,2022-05-03 09:13:57
1651569240923943000,34.7,10,34.65,21,34.7,6,1,2022-05-03 09:14:00
1651569242964094000,34.7,1,34.65,21,34.7,5,1,2022-05-03 09:14:02
1651569243349413000,34.7,2,34.65,21,34.7,3,1,2022-05-03 09:14:03
1651569244878541000,34.7,1,34.65,21,34.7,2,1,2022-05-03 09:14:04
1651569245014850000,34.7,2,34.65,21,34.75,11,1,2022-05-03 09:14:05
1651569248403290000,34.7,1,34.7,13,34.75,12,2,2022-05-03 09:14:08
1651569251468810000,34.7,1,34.7,13,34.75,12,2,2022-05-03 09:14:11
1651569255182113000,34.75,4,34.7,15,34.75,8,1,2022-05-03 09:14:15
1651569255353078000,34.7,5,34.7,10,34.75,8,2,2022-05-03 09:14:15
1651569255367596000,34.75,5,34.7,10,34.75,3,1,2022-05-03 09:14:15
1651569258960139000,34.75,2,34.7,8,34.75,1,1,2022-05-03 09:14:18
1651569259199296000,34.75,1,34.7,1,34.8,26,2,2022-05-03 09:14:19
1651569259199296000,34.7,7,34.7,1,34.8,26,2,2022-05-03 09:14:19
1651569261808320000,34.7,2,34.65,11,34.75,1,2,2022-05-03 09:14:21
1651569262042401000,34.75,1,34.75,2,34.8,26,1,2022-05-03 09:14:22
1651569262082233000,34.75,2,34.65,11,34.8,26,2,2022-05-03 09:14:22
1651569263675775000,34.7,1,34.65,11,34.8,26,1,2022-05-03 09:14:23
1651569264634441000,34.75,4,34.7,1,34.8,26,2,2022-05-03 09:14:24
1651569265293853000,34.75,1,34.7,1,34.8,26,2,2022-05-03 09:14:25
1651569270645232000,34.7,3,34.65,11,34.75,8,2,2022-05-03 09:14:30
1651569274606493000,34.75,3,34.7,1,34.75,5,1,2022-05-03 09:14:34
1651569275094742000,34.7,1,34.65,11,34.75,5,2,2022-05-03 09:14:35
1651569276593418000,34.7,1,34.65,11,34.7,9,1,2022-05-03 09:14:36
1651569277211890000,34.7,1,34.65,11,34.7,8,1,2022-05-03 09:14:37
1651569277685014000,34.65,1,34.65,10,34.7,8,2,2022-05-03 09:14:37
1651569277853017000,34.65,1,34.65,9,34.7,8,2,2022-05-03 09:14:37
1651569278203599000,34.65,1,34.65,8,34.7,8,2,2022-05-03 09:14:38
1651569278588275000,34.65,1,34.65,7,34.7,8,2,2022-05-03 09:14:38
1651569278780742000,34.65,1,34.65,6,34.7,8,2,2022-05-03 09:14:38
1651569280202908000,34.65,1,34.65,5,34.7,15,2,2022-05-03 09:14:40
1651569283009267000,34.65,2,34.65,3,34.7,15,2,2022-05-03 09:14:43
1651569283045271000,34.65,3,34.6,4,34.7,15,2,2022-05-03 09:14:43
1651569286125253000,34.6,4,34.55,5,34.6,13,2,2022-05-03 09:14:46
1651569291366525000,34.55,4,34.5,18,34.6,13,2,2022-05-03 09:14:51
1651569291651209000,34.6,1,34.5,18,34.6,12,1,2022-05-03 09:14:51
1651569292432601000,34.6,1,34.5,18,34.6,14,1,2022-05-03 09:14:52
1651569296454326000,34.55,1,34.5,18,34.55,4,1,2022-05-03 09:14:56
1651569297205073000,34.55,1,34.5,18,34.55,3,1,2022-05-03 09:14:57
1651569299517353000,34.55,1,34.5,18,34.55,2,1,2022-05-03 09:14:59
1651569301023613000,34.55,1,34.5,18,34.55,1,1,2022-05-03 09:15:01
1651569301121090000,34.55,1,34.5,18,34.6,15,1,2022-05-03 09:15:01
1651569305211786000,34.55,1,34.55,1,34.6,15,2,2022-05-03 09:15:05
1651569307780346000,34.6,3,34.55,2,34.6,12,1,2022-05-03 09:15:07
1651569308894170000,34.6,1,34.55,3,34.6,11,1,2022-05-03 09:15:08
1651569309014324000,34.55,2,34.55,1,34.6,11,2,2022-05-03 09:15:09
1651569315116173000,34.55,1,34.55,1,34.6,13,2,2022-05-03 09:15:15
1651569317341324000,34.55,2,34.5,19,34.55,3,2,2022-05-03 09:15:17
1651569317361385000,34.55,3,34.5,19,34.6,13,1,2022-05-03 09:15:17
1651569325998918000,34.6,11,34.55,14,34.65,1,1,2022-05-03 09:15:25
1651569326599511000,34.55,2,34.55,12,34.65,2,2,2022-05-03 09:15:26
1651569326609029000,34.55,6,34.55,6,34.65,2,2,2022-05-03 09:15:26
1651569326637734000,34.55,6,34.5,19,34.65,2,2,2022-05-03 09:15:26
1651569331502636000,34.55,1,34.5,19,34.55,1,1,2022-05-03 09:15:31
1651569331541881000,34.5,1,34.5,18,34.55,1,2,2022-05-03 09:15:31
1651569332770779000,34.55,1,34.55,1,34.6,2,1,2022-05-03 09:15:32
1651569343714578000,34.55,2,34.55,6,34.6,4,2,2022-05-03 09:15:43
1651569344354462000,34.6,2,34.55,6,34.6,2,1,2022-05-03 09:15:44
1651569349796865000,34.6,1,34.55,5,34.6,1,1,2022-05-03 09:15:49
1651569350119507000,34.6,1,34.55,5,34.65,3,1,2022-05-03 09:15:50
1651569354411557000,34.6,2,34.55,5,34.6,7,2,2022-05-03 09:15:54
1651569360826694000,34.6,1,34.55,10,34.6,7,1,2022-05-03 09:16:00
1651569368592883000,34.6,6,34.55,11,34.6,1,1,2022-05-03 09:16:08
1651569370781275000,34.6,1,34.55,11,34.65,8,1,2022-05-03 09:16:10
1651569370966705000,34.6,2,34.55,11,34.65,8,2,2022-05-03 09:16:10
1651569378276626000,34.6,1,34.6,1,34.65,8,2,2022-05-03 09:16:18
1651569379347799000,34.65,1,34.6,1,34.65,7,1,2022-05-03 09:16:19
1651569379552018000,34.65,1,34.6,1,34.65,6,1,2022-05-03 09:16:19
1651569382558110000,34.65,2,34.6,2,34.65,4,1,2022-05-03 09:16:22
1651569388095850000,34.6,1,34.6,11,34.65,4,2,2022-05-03 09:16:28
1651569391841090000,34.65,1,34.6,13,34.65,4,1,2022-05-03 09:16:31
1651569393623454000,34.6,1,34.6,12,34.65,4,2,2022-05-03 09:16:33
1651569402572397000,34.6,2,34.6,18,34.65,4,2,2022-05-03 09:16:42
1651569402608439000,34.6,18,34.55,9,34.65,4,2,2022-05-03 09:16:42
1651569417129264000,34.6,1,34.55,10,34.6,3,1,2022-05-03 09:16:57
1651569422284084000,34.55,9,34.55,1,34.6,8,2,2022-05-03 09:17:02
1651569422310139000,34.55,1,34.5,32,34.6,8,2,2022-05-03 09:17:02
1651569426688920000,34.55,1,34.5,32,34.55,1,1,2022-05-03 09:17:06
1651569434797697000,34.55,1,34.5,32,34.55,1,1,2022-05-03 09:17:14
1651569439742767000,34.55,1,34.5,32,34.6,17,1,2022-05-03 09:17:19
1651569450563903000,34.55,1,34.55,2,34.6,17,2,2022-05-03 09:17:30
1651569459699735000,34.55,2,34.5,39,34.55,4,2,2022-05-03 09:17:39
1651569465612055000,34.55,5,34.55,5,34.6,19,1,2022-05-03 09:17:45
1651569465649353000,34.55,5,34.5,38,34.6,19,2,2022-05-03 09:17:45
1651569468304595000,34.5,28,34.5,10,34.6,19,2,2022-05-03 09:17:48
1651569468339882000,34.5,4,34.5,6,34.6,19,2,2022-05-03 09:17:48
1651569468339908000,34.5,6,34.45,9,34.6,19,2,2022-05-03 09:17:48
1651569468339908000,34.45,6,34.45,9,34.6,19,2,2022-05-03 09:17:48
1651569469671559000,34.55,1,34.45,9,34.6,19,2,2022-05-03 09:17:49
1651569472173365000,34.55,1,34.55,1,34.6,19,2,2022-05-03 09:17:52
1651569472196992000,34.55,1,34.45,9,34.6,19,2,2022-05-03 09:17:52
1651569477749060000,34.55,1,34.45,9,34.55,5,1,2022-05-03 09:17:57
1651569485738293000,34.45,1,34.45,8,34.55,6,2,2022-05-03 09:18:05
1651569492296384000,34.45,5,34.45,3,34.55,6,2,2022-05-03 09:18:12
1651569494650925000,34.5,3,34.45,3,34.55,6,1,2022-05-03 09:18:14
1651569495355844000,34.5,1,34.45,3,34.55,6,1,2022-05-03 09:18:15
1651569498482715000,34.55,8,34.45,7,34.6,19,1,2022-05-03 09:18:18
1651569498513448000,34.6,12,34.45,7,34.6,7,1,2022-05-03 09:18:18
1651569498564835000,34.55,1,34.45,7,34.6,7,1,2022-05-03 09:18:18
1651569507659743000,34.6,8,34.45,8,34.65,5,1,2022-05-03 09:18:27
1651569508507779000,34.55,1,34.45,10,34.6,1,1,2022-05-03 09:18:28
1651569510695423000,34.55,1,34.5,5,34.65,5,1,2022-05-03 09:18:30
1651569518543057000,34.65,5,34.55,5,34.7,9,1,2022-05-03 09:18:38
1651569520611387000,34.7,9,34.6,1,34.75,6,1,2022-05-03 09:18:40
1651569525976278000,34.7,1,34.6,4,34.75,6,2,2022-05-03 09:18:45
1651569532284554000,34.65,1,34.6,2,34.75,7,2,2022-05-03 09:18:52
1651569532284554000,34.6,2,34.6,2,34.75,7,2,2022-05-03 09:18:52
1651569535442942000,34.6,1,34.6,1,34.75,7,2,2022-05-03 09:18:55
1651569539413320000,34.6,1,34.6,5,34.75,7,2,2022-05-03 09:18:59
1651569542831982000,34.75,7,34.65,2,34.8,25,1,2022-05-03 09:19:02
1651569545208042000,34.65,1,34.65,5,34.8,26,2,2022-05-03 09:19:05
1651569552869823000,34.75,1,34.7,1,34.8,26,2,2022-05-03 09:19:12
1651569561264697000,34.75,1,34.75,1,34.8,25,2,2022-05-03 09:19:21
1651569561516607000,34.8,1,34.75,1,34.8,24,1,2022-05-03 09:19:21
1651569562587373000,34.8,3,34.75,1,34.8,21,1,2022-05-03 09:19:22
1651569562619672000,34.75,1,34.7,3,34.8,21,2,2022-05-03 09:19:22
1651569562619789000,34.8,21,34.7,3,34.85,21,1,2022-05-03 09:19:22
1651569563942197000,34.85,10,34.8,1,34.85,11,1,2022-05-03 09:19:23
1651569563968217000,34.85,11,34.8,1,34.9,21,1,2022-05-03 09:19:23
1651569570303504000,34.85,1,34.8,1,34.9,22,1,2022-05-03 09:19:30
1651569570303504000,34.9,1,34.8,1,34.9,22,1,2022-05-03 09:19:30
1651569570781562000,34.9,2,34.8,1,34.9,21,1,2022-05-03 09:19:30
1651569571968101000,34.9,1,34.8,1,34.9,20,1,2022-05-03 09:19:31
1651569573079746000,34.85,1,34.8,1,34.85,1,1,2022-05-03 09:19:33
1651569574195378000,34.85,1,34.8,2,34.9,20,1,2022-05-03 09:19:34
1651569576932045000,34.85,2,34.85,9,34.9,20,2,2022-05-03 09:19:36
1651569577741149000,34.85,10,34.85,2,34.9,20,2,2022-05-03 09:19:37
1651569577771550000,34.85,2,34.8,1,34.9,20,2,2022-05-03 09:19:37
1651569582173319000,34.85,2,34.85,3,34.9,20,1,2022-05-03 09:19:42
1651569583444287000,34.9,1,34.85,7,34.9,19,1,2022-05-03 09:19:43
1651569585426791000,34.9,1,34.85,7,34.9,18,1,2022-05-03 09:19:45
1651569587602828000,34.9,1,34.85,8,34.9,16,1,2022-05-03 09:19:47
1651569591936069000,34.9,1,34.85,8,34.9,15,1,2022-05-03 09:19:51
1651569594228288000,34.85,1,34.85,9,34.9,15,2,2022-05-03 09:19:54
1651569598790597000,34.85,1,34.85,9,34.9,18,2,2022-05-03 09:19:58
1651569599257492000,34.85,1,34.85,8,34.9,20,2,2022-05-03 09:19:59
1651569600871976000,34.85,1,34.85,7,34.9,20,2,2022-05-03 09:20:00
1651569600896555000,34.85,7,34.8,3,34.9,20,2,2022-05-03 09:20:00
1651569602889260000,34.85,1,34.85,1,34.9,21,2,2022-05-03 09:20:02
1651569602916175000,34.85,1,34.8,3,34.9,21,2,2022-05-03 09:20:02
1651569605423339000,34.8,3,34.75,3,34.85,3,2,2022-05-03 09:20:05
1651569605423339000,34.75,2,34.75,3,34.85,3,2,2022-05-03 09:20:05
1651569607159403000,34.8,5,34.7,2,34.85,6,2,2022-05-03 09:20:07
1651569607159403000,34.75,3,34.7,2,34.85,6,2,2022-05-03 09:20:07
1651569607159403000,34.7,2,34.7,2,34.85,6,2,2022-05-03 09:20:07
1651569611859964000,34.8,1,34.7,4,34.8,3,1,2022-05-03 09:20:11
1651569619899802000,34.8,1,34.7,5,34.8,9,1,2022-05-03 09:20:19
1651569620402116000,34.75,1,34.7,5,34.8,9,2,2022-05-03 09:20:20
1651569627111808000,34.7,1,34.7,4,34.75,5,2,2022-05-03 09:20:27
1651569628024100000,34.75,1,34.7,4,34.75,4,1,2022-05-03 09:20:28
1651569628070464000,34.7,4,34.6,29,34.7,4,2,2022-05-03 09:20:28
1651569631399606000,34.6,20,34.6,9,34.7,6,2,2022-05-03 09:20:31
1651569631437172000,34.6,9,34.55,40,34.7,6,2,2022-05-03 09:20:31
1651569637928341000,34.6,1,34.55,40,34.65,1,1,2022-05-03 09:20:37
1651569644694344000,34.6,1,34.6,6,34.65,3,2,2022-05-03 09:20:44
1651569644754663000,34.6,1,34.6,5,34.65,3,2,2022-05-03 09:20:44
1651569647751883000,34.6,5,34.55,41,34.65,3,2,2022-05-03 09:20:47
1651569648384728000,34.6,1,34.55,41,34.65,3,1,2022-05-03 09:20:48
1651569648634729000,34.65,3,34.65,1,34.7,10,1,2022-05-03 09:20:48
1651569648666980000,34.65,1,34.55,41,34.7,10,2,2022-05-03 09:20:48
1651569653640430000,34.6,1,34.6,3,34.65,1,2,2022-05-03 09:20:53
1651569655575395000,34.65,1,34.6,8,34.7,10,1,2022-05-03 09:20:55
1651569660494062000,34.65,2,34.6,8,34.65,4,2,2022-05-03 09:21:00
1651569662551097000,34.65,9,34.6,8,34.7,10,1,2022-05-03 09:21:02
1651569664832324000,34.6,5,34.6,3,34.65,2,2,2022-05-03 09:21:04
1651569673206264000,34.65,2,34.6,33,34.65,1,1,2022-05-03 09:21:13
1651569673485277000,34.65,1,34.6,33,34.7,12,1,2022-05-03 09:21:13
1651569675965834000,34.7,10,34.6,33,34.7,2,1,2022-05-03 09:21:15
1651569675997835000,34.7,2,34.6,33,34.75,11,1,2022-05-03 09:21:15
1651569679281966000,34.75,11,34.65,59,34.8,14,1,2022-05-03 09:21:19
1651569685140239000,34.8,14,34.7,1,34.85,6,1,2022-05-03 09:21:25
1651569685422066000,34.8,1,34.7,7,34.85,6,1,2022-05-03 09:21:25
1651569691384404000,34.85,5,34.75,3,34.9,8,1,2022-05-03 09:21:31
1651569691384404000,34.9,4,34.75,3,34.9,8,1,2022-05-03 09:21:31
1651569695347425000,34.9,7,34.8,2,34.95,4,1,2022-05-03 09:21:35
1651569695347425000,34.95,3,34.8,2,34.95,4,1,2022-05-03 09:21:35
1651569699898450000,34.9,2,34.8,47,34.95,4,1,2022-05-03 09:21:39
1651569704855880000,34.95,6,34.9,2,35.0,19,1,2022-05-03 09:21:44
1651569707236413000,35.0,19,34.9,61,35.05,12,1,2022-05-03 09:21:47
1651569708016252000,34.95,2,34.9,61,35.05,12,1,2022-05-03 09:21:48
1651569708058951000,35.05,12,34.9,61,35.1,23,1,2022-05-03 09:21:48
1651569708107462000,35.1,5,34.9,61,35.1,18,1,2022-05-03 09:21:48
1651569708175443000,35.1,2,34.9,61,35.1,16,1,2022-05-03 09:21:48
1651569708296863000,35.1,1,34.9,61,35.1,15,1,2022-05-03 09:21:48
1651569708533232000,34.95,1,34.9,61,35.1,15,1,2022-05-03 09:21:48
1651569708745007000,35.1,7,34.9,62,35.1,8,1,2022-05-03 09:21:48
1651569710920720000,35.1,2,34.95,6,35.1,6,1,2022-05-03 09:21:50
1651569711205307000,35.1,6,34.95,11,35.15,13,1,2022-05-03 09:21:51
1651569711449621000,35.05,1,34.95,11,35.15,14,1,2022-05-03 09:21:51
1651569714884876000,35.1,1,34.95,7,35.1,2,2,2022-05-03 09:21:54
1651569715797025000,35.1,2,35.1,4,35.15,13,1,2022-05-03 09:21:55
1651569717280789000,35.15,4,35.1,4,35.15,8,1,2022-05-03 09:21:57
1651569717515597000,35.1,1,35.1,3,35.15,8,2,2022-05-03 09:21:57
1651569718425868000,35.1,2,35.1,21,35.15,8,2,2022-05-03 09:21:58
1651569718779995000,35.15,1,35.1,21,35.15,7,1,2022-05-03 09:21:58
1651569719014325000,35.1,1,35.1,20,35.15,7,2,2022-05-03 09:21:59
1651569721134237000,35.15,5,35.1,21,35.15,2,1,2022-05-03 09:22:01
1651569721219817000,35.15,2,35.1,21,35.2,23,1,2022-05-03 09:22:01
1651569722577188000,35.15,1,35.1,19,35.2,23,2,2022-05-03 09:22:02
1651569722577188000,35.1,2,35.1,19,35.2,23,2,2022-05-03 09:22:02
1651569724296418000,35.15,2,35.1,19,35.15,1,2,2022-05-03 09:22:04
1651569724862185000,35.15,1,35.1,19,35.2,23,1,2022-05-03 09:22:04
1651569726373173000,35.15,1,35.15,2,35.2,23,2,2022-05-03 09:22:06
1651569726908907000,35.15,2,35.1,22,35.15,8,2,2022-05-03 09:22:06
1651569728151851000,35.15,1,35.1,24,35.15,10,1,2022-05-03 09:22:08
1651569728390806000,35.1,1,35.1,25,35.15,10,2,2022-05-03 09:22:08
1651569729174817000,35.15,1,35.1,25,35.15,9,1,2022-05-03 09:22:09
1651569729766401000,35.15,1,35.1,25,35.15,9,1,2022-05-03 09:22:09
1651569729814920000,35.15,1,35.1,25,35.15,8,1,2022-05-03 09:22:09
1651569731780040000,35.15,1,35.1,25,35.15,12,1,2022-05-03 09:22:11
1651569732561752000,35.15,1,35.1,26,35.15,11,1,2022-05-03 09:22:12
1651569733483706000,35.1,3,35.1,25,35.15,12,2,2022-05-03 09:22:13
1651569733803690000,35.15,1,35.1,25,35.15,11,1,2022-05-03 09:22:13
1651569734475786000,35.15,10,35.1,25,35.15,1,1,2022-05-03 09:22:14
1651569734487978000,35.15,1,35.1,25,35.2,25,1,2022-05-03 09:22:14
1651569734582334000,35.15,3,35.1,25,35.2,26,1,2022-05-03 09:22:14
1651569736195575000,35.15,1,35.15,2,35.2,26,2,2022-05-03 09:22:16
1651569737561735000,35.15,2,35.15,1,35.2,25,2,2022-05-03 09:22:17
1651569738254725000,35.15,1,35.1,26,35.15,7,2,2022-05-03 09:22:18
1651569738661847000,35.15,2,35.1,28,35.15,5,1,2022-05-03 09:22:18
1651569739401265000,35.15,1,35.1,28,35.15,4,1,2022-05-03 09:22:19
1651569740653279000,35.15,4,35.15,6,35.2,25,1,2022-05-03 09:22:20
1651569741303513000,35.15,2,35.15,4,35.2,25,2,2022-05-03 09:22:21
1651569744270286000,35.15,1,35.15,10,35.2,25,2,2022-05-03 09:22:24
1651569745007458000,35.15,5,35.15,9,35.2,25,2,2022-05-03 09:22:25
1651569745039345000,35.15,9,35.1,27,35.2,25,2,2022-05-03 09:22:25
1651569745329094000,35.15,2,35.1,27,35.15,2,1,2022-05-03 09:22:25
1651569747720113000,35.15,1,35.1,27,35.15,1,1,2022-05-03 09:22:27
1651569749763924000,35.1,10,35.1,16,35.15,14,2,2022-05-03 09:22:29
1651569749798360000,35.1,12,35.1,4,35.15,14,2,2022-05-03 09:22:29
1651569749798703000,35.1,4,35.0,17,35.15,14,2,2022-05-03 09:22:29
1651569751078561000,35.1,5,35.0,17,35.1,3,1,2022-05-03 09:22:31
1651569751999859000,35.0,2,35.0,15,35.05,1,2,2022-05-03 09:22:31
1651569753650439000,35.0,9,35.0,6,35.05,1,2,2022-05-03 09:22:33
1651569753663467000,35.05,1,35.0,6,35.1,5,1,2022-05-03 09:22:33
1651569753671400000,35.0,6,34.95,5,35.1,5,2,2022-05-03 09:22:33
1651569755137070000,35.0,1,34.95,5,35.0,4,2,2022-05-03 09:22:35
1651569757633644000,34.95,1,34.95,4,35.0,7,2,2022-05-03 09:22:37
1651569757667395000,34.95,4,34.9,2,35.0,7,2,2022-05-03 09:22:37
1651569758954206000,35.0,1,34.9,2,35.0,8,1,2022-05-03 09:22:38
1651569760466316000,34.9,2,34.8,51,35.0,9,2,2022-05-03 09:22:40
1651569760466316000,34.85,1,34.8,51,35.0,9,2,2022-05-03 09:22:40
1651569760466316000,34.8,2,34.8,51,35.0,9,2,2022-05-03 09:22:40
1651569762365040000,35.0,1,34.9,41,35.0,8,1,2022-05-03 09:22:42
1651569764400698000,34.95,1,34.9,41,35.0,8,2,2022-05-03 09:22:44
1651569765824200000,34.95,1,34.9,41,35.0,8,1,2022-05-03 09:22:45
1651569767065924000,34.95,1,34.9,41,34.95,1,1,2022-05-03 09:22:47
1651569767099928000,34.95,1,34.9,41,35.0,14,1,2022-05-03 09:22:47
1651569767132429000,34.9,1,34.9,40,35.0,14,2,2022-05-03 09:22:47
1651569769026202000,35.0,1,34.9,40,35.0,15,1,2022-05-03 09:22:49
1651569772094430000,34.95,1,34.9,40,35.0,15,2,2022-05-03 09:22:52
1651569772203293000,35.0,15,35.0,5,35.05,4,1,2022-05-03 09:22:52
1651569773306982000,35.0,1,35.0,4,35.05,4,2,2022-05-03 09:22:53
1651569774564221000,35.0,1,35.0,3,35.05,4,2,2022-05-03 09:22:54
1651569774961132000,35.05,1,35.0,3,35.05,3,1,2022-05-03 09:22:54
1651569775687954000,35.05,3,35.0,5,35.1,5,1,2022-05-03 09:22:55
1651569782139241000,35.05,1,35.0,5,35.1,3,2,2022-05-03 09:23:02
1651569782857151000,35.1,2,35.0,5,35.1,2,1,2022-05-03 09:23:02
1651569783296574000,35.1,2,35.0,5,35.15,6,1,2022-05-03 09:23:03
1651569791464228000,35.05,1,35.05,1,35.1,1,2,2022-05-03 09:23:11
1651569792821839000,35.1,1,35.05,1,35.1,15,1,2022-05-03 09:23:12
1651569793855369000,35.1,2,35.05,1,35.1,14,1,2022-05-03 09:23:13
1651569797528791000,35.1,2,35.05,2,35.1,14,1,2022-05-03 09:23:17
1651569797907780000,35.1,1,35.05,2,35.1,13,1,2022-05-03 09:23:17
1651569798347161000,35.1,7,35.05,2,35.1,6,1,2022-05-03 09:23:18
1651569799037575000,35.1,6,35.05,3,35.15,6,1,2022-05-03 09:23:19
1651569799057902000,35.15,2,35.05,3,35.15,5,1,2022-05-03 09:23:19
1651569799456790000,35.15,2,35.1,30,35.15,3,1,2022-05-03 09:23:19
1651569799456862000,35.15,3,35.1,30,35.2,14,1,2022-05-03 09:23:19
1651569800207653000,35.15,2,35.1,35,35.2,12,1,2022-05-03 09:23:20
1651569800207653000,35.2,2,35.1,35,35.2,12,1,2022-05-03 09:23:20
1651569800326071000,35.2,2,35.1,35,35.2,10,1,2022-05-03 09:23:20
1651569800582131000,35.2,10,35.1,35,35.25,17,1,2022-05-03 09:23:20
1651569804679314000,35.2,1,35.2,1,35.25,13,2,2022-05-03 09:23:24
1651569805269911000,35.25,3,35.2,1,35.25,10,1,2022-05-03 09:23:25
1651569805406404000,35.25,2,35.2,1,35.25,8,1,2022-05-03 09:23:25
1651569808649646000,35.25,1,35.2,2,35.25,7,1,2022-05-03 09:23:28
1651569809613380000,35.25,7,35.2,13,35.3,15,1,2022-05-03 09:23:29
1651569810681351000,35.25,2,35.25,3,35.3,17,1,2022-05-03 09:23:30
1651569819251673000,35.3,1,35.25,19,35.3,18,1,2022-05-03 09:23:39
1651569819376554000,35.25,6,35.25,13,35.3,18,2,2022-05-03 09:23:39
1651569819403599000,35.25,13,35.2,14,35.3,18,2,2022-05-03 09:23:39
1651569820285499000,35.3,1,35.2,14,35.3,17,1,2022-05-03 09:23:40
1651569822000869000,35.25,2,35.25,6,35.3,18,1,2022-05-03 09:23:42
1651569822025376000,35.25,6,35.2,14,35.3,18,2,2022-05-03 09:23:42
1651569822127706000,35.2,14,35.15,4,35.25,9,2,2022-05-03 09:23:42
1651569822489150000,35.25,1,35.15,4,35.25,8,1,2022-05-03 09:23:42
1651569825066978000,35.15,1,35.15,3,35.2,6,2,2022-05-03 09:23:45
1651569825593925000,35.2,1,35.15,3,35.2,8,1,2022-05-03 09:23:45
1651569825769981000,35.2,1,35.15,3,35.2,7,1,2022-05-03 09:23:45
1651569826257588000,35.15,1,35.15,2,35.2,7,2,2022-05-03 09:23:46
1651569826715612000,35.15,2,35.1,31,35.15,1,2,2022-05-03 09:23:46
1651569827614094000,35.15,1,35.1,31,35.2,7,1,2022-05-03 09:23:47
1651569828947707000,35.15,1,35.1,31,35.15,1,1,2022-05-03 09:23:48
1651569829170369000,35.1,2,35.1,29,35.15,1,2,2022-05-03 09:23:49
1651569830005486000,35.1,5,35.1,24,35.15,1,2,2022-05-03 09:23:50
1651569830081771000,35.15,1,35.1,24,35.15,1,1,2022-05-03 09:23:50
1651569832965914000,35.1,9,35.1,15,35.15,2,2,2022-05-03 09:23:52
1651569833120754000,35.15,1,35.1,15,35.15,2,1,2022-05-03 09:23:53
1651569833152204000,35.1,7,35.1,8,35.15,2,2,2022-05-03 09:23:53
1651569833220844000,35.1,1,35.1,7,35.15,2,2,2022-05-03 09:23:53
1651569833244941000,35.1,7,35.05,2,35.15,2,2,2022-05-03 09:23:53
1651569836619880000,35.1,1,35.05,6,35.1,3,1,2022-05-03 09:23:56
1651569839015684000,35.05,6,34.95,3,35.1,3,2,2022-05-03 09:23:59
1651569839015684000,35.0,13,34.95,3,35.1,3,2,2022-05-03 09:23:59
1651569839015684000,34.95,1,34.95,3,35.1,3,2,2022-05-03 09:23:59
1651569840591310000,34.95,4,34.95,1,35.05,1,2,2022-05-03 09:24:00
1651569842712747000,35.05,1,34.95,12,35.1,4,1,2022-05-03 09:24:02
1651569842804728000,35.05,1,34.95,12,35.1,4,1,2022-05-03 09:24:02
1651569847672585000,35.0,1,34.95,12,35.1,10,1,2022-05-03 09:24:07
1651569849128517000,35.1,4,34.95,12,35.1,7,1,2022-05-03 09:24:09
1651569849331218000,35.1,3,34.95,12,35.1,4,1,2022-05-03 09:24:09
1651569849368677000,35.1,4,34.95,12,35.15,8,1,2022-05-03 09:24:09
1651569849647151000,35.1,1,34.95,15,35.15,8,1,2022-05-03 09:24:09
1651569851271238000,35.05,1,34.95,15,35.15,8,1,2022-05-03 09:24:11
1651569851517062000,35.15,2,34.95,12,35.15,6,1,2022-05-03 09:24:11
1651569851777030000,35.15,6,34.95,15,35.2,5,1,2022-05-03 09:24:11
1651569852303991000,35.1,1,35.0,3,35.15,1,1,2022-05-03 09:24:12
1651569854631179000,35.0,1,35.0,15,35.15,1,2,2022-05-03 09:24:14
1651569857544479000,35.15,3,35.05,1,35.15,2,1,2022-05-03 09:24:17
1651569859424806000,35.05,1,35.0,15,35.05,1,2,2022-05-03 09:24:19
1651569859457248000,35.05,1,35.0,15,35.15,6,1,2022-05-03 09:24:19
1651569860720577000,35.1,1,35.0,15,35.15,6,1,2022-05-03 09:24:20
1651569875656264000,35.1,2,35.1,4,35.15,8,1,2022-05-03 09:24:35
1651569877161518000,35.1,1,35.1,3,35.15,8,2,2022-05-03 09:24:37
1651569878012938000,35.1,2,35.1,1,35.15,8,2,2022-05-03 09:24:38
1651569882467326000,35.15,1,35.1,1,35.15,3,1,2022-05-03 09:24:42
1651569886283018000,35.15,2,35.15,48,35.2,11,1,2022-05-03 09:24:46
1651569886315326000,35.2,11,35.15,48,35.25,21,1,2022-05-03 09:24:46
1651569886346563000,35.25,7,35.15,48,35.25,14,1,2022-05-03 09:24:46
1651569886389953000,35.2,1,35.15,48,35.25,14,1,2022-05-03 09:24:46
1651569886597044000,35.25,13,35.15,51,35.25,1,1,2022-05-03 09:24:46
1651569886618289000,35.25,1,35.15,51,35.3,40,1,2022-05-03 09:24:46
1651569887016800000,35.15,1,35.15,50,35.3,40,2,2022-05-03 09:24:47
1651569888457961000,35.3,2,35.2,4,35.3,38,1,2022-05-03 09:24:48
1651569888710701000,35.3,13,35.2,7,35.3,25,1,2022-05-03 09:24:48
1651569888737202000,35.3,10,35.2,7,35.35,2,1,2022-05-03 09:24:48
1651569890369876000,35.35,1,35.25,4,35.35,1,1,2022-05-03 09:24:50
1651569890578663000,35.35,1,35.25,4,35.4,11,1,2022-05-03 09:24:50
1651569892346598000,35.35,1,35.25,4,35.4,11,2,2022-05-03 09:24:52
1651569892910023000,35.2,1,35.15,51,35.2,2,2,2022-05-03 09:24:52
1651569892944411000,35.2,2,35.15,51,35.35,1,1,2022-05-03 09:24:52
1651569894920070000,35.3,1,35.15,57,35.35,7,2,2022-05-03 09:24:54
1651569894953059000,35.3,1,35.15,57,35.35,7,1,2022-05-03 09:24:54
1651569896375269000,35.15,1,35.15,56,35.35,7,2,2022-05-03 09:24:56
1651569897179264000,35.35,5,35.2,1,35.35,2,1,2022-05-03 09:24:57
1651569897213982000,35.35,2,35.2,1,35.4,7,1,2022-05-03 09:24:57
1651569897442714000,35.4,1,35.2,1,35.4,6,1,2022-05-03 09:24:57
1651569897519161000,35.4,4,35.2,4,35.4,2,1,2022-05-03 09:24:57
1651569898792833000,35.3,1,35.2,7,35.4,4,1,2022-05-03 09:24:58
1651569899789044000,35.4,1,35.2,7,35.4,3,1,2022-05-03 09:24:59
1651569902516731000,35.35,3,35.3,5,35.4,3,1,2022-05-03 09:25:02
1651569904101330000,35.4,1,35.3,20,35.4,5,1,2022-05-03 09:25:04
1651569904105168000,35.4,5,35.3,20,35.45,10,1,2022-05-03 09:25:04
1651569906320420000,35.4,1,35.35,1,35.45,10,2,2022-05-03 09:25:06
1651569907646006000,35.4,1,35.35,2,35.45,8,1,2022-05-03 09:25:07
1651569907646006000,35.45,2,35.35,2,35.45,8,1,2022-05-03 09:25:07
1651569907793994000,35.45,1,35.35,2,35.45,7,1,2022-05-03 09:25:07
1651569910522089000,35.45,10,35.4,1,35.5,13,1,2022-05-03 09:25:10
1651569910522089000,35.5,20,35.4,1,35.5,13,1,2022-05-03 09:25:10
1651569910669740000,35.5,1,35.4,3,35.5,12,1,2022-05-03 09:25:10
1651569910970245000,35.4,1,35.4,2,35.5,12,2,2022-05-03 09:25:10
1651569914212707000,35.4,3,35.4,6,35.45,1,2,2022-05-03 09:25:14
1651569914755924000,35.45,1,35.4,6,35.5,12,1,2022-05-03 09:25:14
1651569914948991000,35.5,1,35.4,6,35.5,11,1,2022-05-03 09:25:14
1651569916024038000,35.5,3,35.4,6,35.5,8,1,2022-05-03 09:25:16
1651569916283549000,35.5,1,35.4,8,35.5,8,1,2022-05-03 09:25:16
1651569917678940000,35.5,1,35.4,8,35.5,7,1,2022-05-03 09:25:17
1651569918328995000,35.45,1,35.4,8,35.5,7,1,2022-05-03 09:25:18
1651569919153286000,35.5,1,35.45,1,35.5,6,1,2022-05-03 09:25:19
1651569920483964000,35.45,5,35.4,8,35.5,6,2,2022-05-03 09:25:20
1651569920848350000,35.5,1,35.4,8,35.5,5,1,2022-05-03 09:25:20
1651569921040635000,35.5,1,35.4,8,35.5,4,1,2022-05-03 09:25:21
1651569921409031000,35.5,1,35.4,9,35.5,3,1,2022-05-03 09:25:21
1651569921969656000,35.5,3,35.4,10,35.55,4,1,2022-05-03 09:25:21
1651569921969656000,35.55,7,35.4,10,35.55,4,1,2022-05-03 09:25:21
1651569923975920000,35.5,1,35.45,8,35.55,5,1,2022-05-03 09:25:23
1651569924088655000,35.5,1,35.45,8,35.55,5,1,2022-05-03 09:25:24
1651569924180853000,35.45,5,35.45,3,35.55,5,2,2022-05-03 09:25:24
1651569924196824000,35.5,1,35.45,3,35.5,1,1,2022-05-03 09:25:24
1651569925460576000,35.5,1,35.45,3,35.5,1,1,2022-05-03 09:25:25
1651569925833276000,35.5,2,35.5,3,35.55,5,1,2022-05-03 09:25:25
1651569925857910000,35.5,3,35.45,3,35.55,5,2,2022-05-03 09:25:25
1651569926243559000,35.55,1,35.45,6,35.55,4,1,2022-05-03 09:25:26
1651569926640206000,35.5,1,35.45,6,35.6,36,1,2022-05-03 09:25:26
1651569926640206000,35.55,4,35.45,6,35.6,36,1,2022-05-03 09:25:26
1651569927440555000,35.5,1,35.45,6,35.5,3,1,2022-05-03 09:25:27
1651569927486029000,35.5,1,35.45,6,35.5,3,1,2022-05-03 09:25:27
1651569927580371000,35.5,1,35.45,6,35.5,2,1,2022-05-03 09:25:27
1651569928140853000,35.5,1,35.45,6,35.5,1,1,2022-05-03 09:25:28
1651569929723373000,35.5,1,35.45,6,35.55,3,1,2022-05-03 09:25:29
1651569930301925000,35.5,2,35.45,6,35.55,8,2,2022-05-03 09:25:30
1651569931301149000,35.5,2,35.45,5,35.55,8,2,2022-05-03 09:25:31
1651569931301149000,35.45,3,35.45,5,35.55,8,2,2022-05-03 09:25:31
1651569931466311000,35.55,1,35.45,5,35.55,7,1,2022-05-03 09:25:31
1651569932076403000,35.45,1,35.45,4,35.55,7,2,2022-05-03 09:25:32
1651569932418808000,35.5,1,35.5,1,35.55,8,1,2022-05-03 09:25:32
1651569932449452000,35.5,1,35.45,4,35.55,8,2,2022-05-03 09:25:32
1651569932588738000,35.55,8,35.45,4,35.6,29,1,2022-05-03 09:25:32
1651569932588738000,35.6,7,35.45,4,35.6,29,1,2022-05-03 09:25:32
1651569933873984000,35.5,1,35.45,4,35.6,30,1,2022-05-03 09:25:33
1651569935703239000,35.5,2,35.45,4,35.6,29,1,2022-05-03 09:25:35
1651569935703239000,35.55,1,35.45,4,35.6,29,1,2022-05-03 09:25:35
1651569935703239000,35.6,1,35.45,4,35.6,29,1,2022-05-03 09:25:35
1651569936985811000,35.6,1,35.45,4,35.6,28,1,2022-05-03 09:25:36
1651569937136076000,35.6,24,35.45,4,35.6,4,1,2022-05-03 09:25:37
1651569937163859000,35.6,4,35.45,4,35.65,16,1,2022-05-03 09:25:37
1651569937247646000,35.6,2,35.5,1,35.65,16,2,2022-05-03 09:25:37
1651569940227250000,35.55,2,35.5,34,35.55,13,1,2022-05-03 09:25:40
1651569940633316000,35.5,10,35.5,26,35.55,13,2,2022-05-03 09:25:40
1651569940658072000,35.5,26,35.45,24,35.55,13,2,2022-05-03 09:25:40
1651569941330803000,35.5,2,35.45,24,35.5,5,1,2022-05-03 09:25:41
1651569941453008000,35.45,13,35.45,11,35.5,5,2,2022-05-03 09:25:41
1651569941480702000,35.45,11,35.4,59,35.5,5,2,2022-05-03 09:25:41
1651569941661098000,35.45,1,35.4,59,35.5,6,1,2022-05-03 09:25:41
1651569942251990000,35.4,4,35.4,55,35.45,4,2,2022-05-03 09:25:42
1651569942884082000,35.4,5,35.4,50,35.45,5,2,2022-05-03 09:25:42
1651569943787211000,35.4,10,35.4,40,35.45,5,2,2022-05-03 09:25:43
1651569943816721000,35.4,22,35.4,18,35.45,6,2,2022-05-03 09:25:43
1651569944072589000,35.4,13,35.4,5,35.45,6,2,2022-05-03 09:25:44
1651569944087523000,35.4,2,35.4,3,35.45,7,2,2022-05-03 09:25:44
1651569944087802000,35.4,3,35.35,5,35.45,7,2,2022-05-03 09:25:44
1651569945095784000,35.35,5,35.3,3,35.35,3,2,2022-05-03 09:25:45
1651569945210475000,35.35,1,35.3,3,35.35,2,1,2022-05-03 09:25:45
1651569946784896000,35.35,4,35.3,3,35.35,9,1,2022-05-03 09:25:46
1651569947467638000,35.3,1,35.3,2,35.35,9,2,2022-05-03 09:25:47
1651569948740780000,35.3,1,35.3,1,35.35,14,2,2022-05-03 09:25:48
1651569948771623000,35.3,1,35.25,6,35.35,14,2,2022-05-03 09:25:48
1651569951299587000,35.3,2,35.35,3,35.4,10,1,2022-05-03 09:25:51
1651569951299587000,35.35,5,35.35,3,35.4,10,1,2022-05-03 09:25:51
1651569952369018000,35.35,3,35.25,6,35.4,8,2,2022-05-03 09:25:52
1651569955101773000,35.3,1,35.3,3,35.35,6,2,2022-05-03 09:25:55
1651569955115716000,35.3,3,35.25,7,35.3,6,2,2022-05-03 09:25:55
1651569955907145000,35.25,7,35.2,15,35.3,6,2,2022-05-03 09:25:55
1651569955907145000,35.2,6,35.2,15,35.3,6,2,2022-05-03 09:25:55
1651569956070689000,35.2,4,35.2,11,35.3,6,2,2022-05-03 09:25:56
1651569961484283000,35.25,1,35.2,12,35.3,9,1,2022-05-03 09:26:01
1651569961516605000,35.2,2,35.2,10,35.3,9,2,2022-05-03 09:26:01
1651569963186415000,35.2,2,35.2,8,35.25,1,2,2022-05-03 09:26:03
1651569963738018000,35.25,1,35.2,10,35.3,9,1,2022-05-03 09:26:03
1651569964237926000,35.3,9,35.2,20,35.35,7,1,2022-05-03 09:26:04
1651569964741956000,35.2,4,35.2,16,35.35,8,2,2022-05-03 09:26:04
1651569966046185000,35.3,1,35.2,16,35.35,8,1,2022-05-03 09:26:06
1651569966525969000,35.25,2,35.2,18,35.35,8,1,2022-05-03 09:26:06
1651569968150700000,35.3,2,35.25,1,35.35,9,1,2022-05-03 09:26:08
1651569968181470000,35.35,4,35.25,1,35.35,5,1,2022-05-03 09:26:08
1651569968537480000,35.25,1,35.2,16,35.3,4,2,2022-05-03 09:26:08
1651569968537480000,35.2,4,35.2,16,35.3,4,2,2022-05-03 09:26:08
1651569969447799000,35.25,2,35.2,16,35.3,4,2,2022-05-03 09:26:09
1651569975016359000,35.25,1,35.25,3,35.3,6,2,2022-05-03 09:26:15
1651569978526966000,35.25,8,35.2,1,35.3,6,2,2022-05-03 09:26:18
1651569978526966000,35.2,2,35.2,1,35.3,6,2,2022-05-03 09:26:18
1651569981126280000,35.2,1,35.15,46,35.25,12,2,2022-05-03 09:26:21
1651569981126280000,35.15,2,35.15,46,35.25,12,2,2022-05-03 09:26:21
1651569981220789000,35.15,8,35.15,38,35.2,1,2,2022-05-03 09:26:21
1651569983555270000,35.15,1,35.15,37,35.2,1,2,2022-05-03 09:26:23
1651569983878654000,35.2,1,35.15,37,35.25,15,1,2022-05-03 09:26:23
1651569984892410000,35.2,1,35.15,37,35.25,16,1,2022-05-03 09:26:24
1651569985085172000,35.15,2,35.15,35,35.25,16,2,2022-05-03 09:26:25
1651569991652107000,35.2,1,35.2,3,35.25,14,2,2022-05-03 09:26:31
1651569992624578000,35.2,2,35.2,1,35.25,14,2,2022-05-03 09:26:32
1651569996243051000,35.2,1,35.2,3,35.25,14,2,2022-05-03 09:26:36
1651569999703286000,35.2,1,35.2,4,35.25,14,2,2022-05-03 09:26:39
1651569999721574000,35.2,2,35.2,2,35.25,14,2,2022-05-03 09:26:39
1651569999843807000,35.2,1,35.2,1,35.25,14,2,2022-05-03 09:26:39
1651570000371230000,35.2,1,35.2,3,35.25,14,2,2022-05-03 09:26:40
1651570003946026000,35.25,5,35.2,5,35.25,9,1,2022-05-03 09:26:43
1651570003963240000,35.25,9,35.2,5,35.3,7,1,2022-05-03 09:26:43
1651570006738410000,35.3,6,35.25,6,35.35,6,1,2022-05-03 09:26:46
1651570011918998000,35.35,2,35.25,6,35.35,4,1,2022-05-03 09:26:51
1651570012496356000,35.35,1,35.25,6,35.35,3,1,2022-05-03 09:26:52
1651570021708540000,35.3,1,35.25,8,35.35,9,1,2022-05-03 09:27:01
1651570026496309000,35.35,1,35.25,9,35.35,11,1,2022-05-03 09:27:06
1651570026712024000,35.3,2,35.25,9,35.35,11,1,2022-05-03 09:27:06
1651570028726530000,35.3,1,35.25,9,35.35,11,2,2022-05-03 09:27:08
1651570029476528000,35.3,1,35.25,10,35.35,11,2,2022-05-03 09:27:09
1651570032041386000,35.3,1,35.25,9,35.35,11,2,2022-05-03 09:27:12
1651570032073780000,35.25,9,35.2,10,35.35,12,2,2022-05-03 09:27:12
1651570032447446000,35.3,2,35.2,10,35.35,12,1,2022-05-03 09:27:12
1651570039753906000,35.2,9,35.15,37,35.3,8,2,2022-05-03 09:27:19
1651570043688717000,35.2,2,35.15,37,35.3,11,2,2022-05-03 09:27:23
1651570055558904000,35.15,10,35.15,32,35.2,2,2,2022-05-03 09:27:35
1651570055590711000,35.15,4,35.15,28,35.2,2,2,2022-05-03 09:27:35
1651570055615422000,35.15,1,35.15,27,35.2,2,2,2022-05-03 09:27:35
1651570056482879000,35.2,3,35.15,27,35.2,10,1,2022-05-03 09:27:36
1651570063541853000,35.2,2,35.15,25,35.2,8,1,2022-05-03 09:27:43
1651570063653228000,35.2,1,35.15,25,35.2,7,1,2022-05-03 09:27:43
1651570069099402000,35.15,1,35.15,24,35.2,11,2,2022-05-03 09:27:49
1651570076551608000,35.15,1,35.15,23,35.2,13,2,2022-05-03 09:27:56
1651570081566206000,35.15,10,35.15,14,35.2,15,2,2022-05-03 09:28:01
1651570081599395000,35.15,4,35.15,10,35.2,15,2,2022-05-03 09:28:01
1651570081599412000,35.15,3,35.15,7,35.2,15,2,2022-05-03 09:28:01
1651570081634891000,35.15,1,35.15,6,35.2,15,2,2022-05-03 09:28:01
1651570082470022000,35.15,2,35.15,4,35.2,16,2,2022-05-03 09:28:02
1651570083039896000,35.15,4,35.1,1,35.15,1,2,2022-05-03 09:28:03
1651570085645093000,35.1,1,35.05,8,35.15,12,2,2022-05-03 09:28:05
1651570094357079000,35.15,5,35.1,9,35.2,23,1,2022-05-03 09:28:14
1651570095108277000,35.1,2,35.1,7,35.2,23,2,2022-05-03 09:28:15
1651570095477673000,35.1,1,35.1,6,35.2,23,2,2022-05-03 09:28:15
1651570098121628000,35.15,1,35.1,4,35.2,23,2,2022-05-03 09:28:18
1651570098121628000,35.1,2,35.1,4,35.2,23,2,2022-05-03 09:28:18
1651570101610200000,35.1,1,35.1,3,35.15,1,2,2022-05-03 09:28:21
1651570102049210000,35.1,1,35.1,2,35.15,1,2,2022-05-03 09:28:22
1651570104099356000,35.1,2,35.1,1,35.15,1,2,2022-05-03 09:28:24
1651570104921915000,35.1,1,35.05,8,35.15,1,2,2022-05-03 09:28:24
1651570109344034000,35.1,1,35.05,8,35.15,1,1,2022-05-03 09:28:29
1651570113402565000,35.05,2,35.05,7,35.15,2,2,2022-05-03 09:28:33
1651570114349975000,35.15,2,35.05,23,35.2,24,1,2022-05-03 09:28:34
1651570114989346000,35.1,1,35.05,23,35.2,24,1,2022-05-03 09:28:34
1651570116184139000,35.05,5,35.05,18,35.2,24,2,2022-05-03 09:28:36
1651570118930735000,35.15,1,35.05,18,35.2,20,1,2022-05-03 09:28:38
1651570119539868000,35.05,3,35.05,15,35.2,20,2,2022-05-03 09:28:39
1651570119850723000,35.1,1,35.05,15,35.2,20,1,2022-05-03 09:28:39
1651570119994003000,35.05,4,35.05,11,35.2,20,2,2022-05-03 09:28:39
1651570122141845000,35.15,1,35.05,12,35.2,20,1,2022-05-03 09:28:42
1651570122184582000,35.05,1,35.05,11,35.2,20,2,2022-05-03 09:28:42
1651570122298615000,35.05,3,35.05,8,35.2,20,2,2022-05-03 09:28:42
1651570129278473000,35.15,1,35.05,18,35.2,24,1,2022-05-03 09:28:49
1651570129299111000,35.2,9,35.05,18,35.2,15,1,2022-05-03 09:28:49
1651570129319492000,35.2,4,35.05,18,35.2,11,1,2022-05-03 09:28:49
1651570130807422000,35.2,11,35.1,1,35.25,6,1,2022-05-03 09:28:50
1651570142359809000,35.15,1,35.1,1,35.2,6,2,2022-05-03 09:29:02
1651570142391788000,35.15,1,35.15,10,35.2,6,2,2022-05-03 09:29:02
1651570156263721000,35.2,2,35.15,15,35.2,4,1,2022-05-03 09:29:16
1651570157878677000,35.2,1,35.15,15,35.2,3,1,2022-05-03 09:29:17
1651570160330809000,35.2,1,35.15,15,35.2,2,1,2022-05-03 09:29:20
1651570162384962000,35.2,2,35.15,15,35.25,1,1,2022-05-03 09:29:22
1651570164337317000,35.3,6,35.15,15,35.35,12,1,2022-05-03 09:29:24
1651570172396269000,35.3,1,35.25,1,35.35,12,2,2022-05-03 09:29:32
1651570173004774000,35.25,1,35.15,6,35.3,4,2,2022-05-03 09:29:33
1651570174134537000,35.3,1,35.2,2,35.3,3,1,2022-05-03 09:29:34
1651570175779654000,35.3,1,35.2,2,35.3,2,1,2022-05-03 09:29:35
1651570179210037000,35.3,1,35.2,2,35.3,6,1,2022-05-03 09:29:39
1651570181935317000,35.3,1,35.2,2,35.3,5,1,2022-05-03 09:29:41
1651570183592123000,35.3,1,35.2,6,35.3,4,1,2022-05-03 09:29:43
1651570186572745000,35.3,1,35.25,1,35.3,3,1,2022-05-03 09:29:46
1651570189988759000,35.25,2,35.2,11,35.25,1,2,2022-05-03 09:29:49
1651570195266095000,35.2,4,35.2,8,35.25,1,2,2022-05-03 09:29:55
1651570201582073000,35.25,1,35.2,8,35.25,2,1,2022-05-03 09:30:01
1651570202091081000,35.2,1,35.2,7,35.25,2,2,2022-05-03 09:30:02
1651570203550362000,35.25,1,35.2,8,35.25,2,1,2022-05-03 09:30:03
1651570206148566000,35.25,1,35.2,8,35.25,3,1,2022-05-03 09:30:06
1651570209158003000,35.2,1,35.2,7,35.25,3,2,2022-05-03 09:30:09
1651570218020432000,35.2,3,35.2,4,35.25,4,2,2022-05-03 09:30:18
1651570223009841000,35.2,6,35.2,2,35.25,4,2,2022-05-03 09:30:23
1651570223493506000,35.2,2,35.15,4,35.2,3,2,2022-05-03 09:30:23
1651570224494010000,35.2,3,35.15,3,35.25,4,1,2022-05-03 09:30:24
1651570228661500000,35.15,3,35.1,1,35.2,4,2,2022-05-03 09:30:28
1651570228661500000,35.1,2,35.1,1,35.2,4,2,2022-05-03 09:30:28
1651570242088582000,35.1,1,35.1,3,35.15,2,2,2022-05-03 09:30:42
1651570247412882000,35.1,1,35.05,25,35.15,2,1,2022-05-03 09:30:47
1651570247443933000,35.15,2,35.05,25,35.2,4,1,2022-05-03 09:30:47
1651570250441897000,35.2,5,35.05,25,35.25,9,1,2022-05-03 09:30:50
1651570251662211000,35.25,1,35.05,26,35.25,8,1,2022-05-03 09:30:51
1651570251690000000,35.25,6,35.05,26,35.25,2,1,2022-05-03 09:30:51
1651570251710018000,35.25,2,35.05,26,35.3,6,1,2022-05-03 09:30:51
1651570255916059000,35.25,1,35.1,11,35.3,6,1,2022-05-03 09:30:55
1651570263196824000,35.25,1,35.15,1,35.25,1,1,2022-05-03 09:31:03
1651570272430653000,35.25,2,35.15,3,35.3,7,1,2022-05-03 09:31:12
1651570272430653000,35.3,2,35.15,3,35.3,7,1,2022-05-03 09:31:12
1651570272456405000,35.3,6,35.15,3,35.3,1,1,2022-05-03 09:31:12
1651570281690737000,35.3,1,35.2,1,35.35,10,1,2022-05-03 09:31:21
1651570289001744000,35.3,1,35.2,2,35.35,10,2,2022-05-03 09:31:29
1651570289001744000,35.2,2,35.2,2,35.35,10,2,2022-05-03 09:31:29
1651570290744398000,35.2,1,35.2,1,35.3,1,2,2022-05-03 09:31:30
1651570291584297000,35.2,1,35.15,4,35.3,1,2,2022-05-03 09:31:31
1651570291584297000,35.15,1,35.15,4,35.3,1,2,2022-05-03 09:31:31
1651570317030708000,35.2,1,35.15,4,35.25,2,2,2022-05-03 09:31:57
1651570323531006000,35.25,1,35.15,4,35.25,1,1,2022-05-03 09:32:03
1651570359010434000,35.25,2,35.2,5,35.25,2,1,2022-05-03 09:32:39
1651570360292697000,35.2,2,35.2,3,35.25,2,2,2022-05-03 09:32:40
1651570361889906000,35.25,1,35.2,2,35.25,2,1,2022-05-03 09:32:41
1651570364757579000,35.2,1,35.2,1,35.25,2,2,2022-05-03 09:32:44
1651570365010307000,35.2,1,35.15,7,35.25,2,2,2022-05-03 09:32:45
1651570371267990000,35.15,1,35.15,6,35.2,1,2,2022-05-03 09:32:51
1651570371804881000,35.15,1,35.15,5,35.2,1,2,2022-05-03 09:32:51
1651570377000561000,35.2,1,35.15,3,35.25,4,1,2022-05-03 09:32:57
1651570377799479000,35.15,3,35.05,13,35.25,4,2,2022-05-03 09:32:57
1651570377799479000,35.1,6,35.05,13,35.25,4,2,2022-05-03 09:32:57
1651570377799479000,35.05,11,35.05,13,35.25,4,2,2022-05-03 09:32:57
1651570398900314000,35.2,2,35.1,11,35.2,1,1,2022-05-03 09:33:18
1651570398933002000,35.2,1,35.1,11,35.25,7,1,2022-05-03 09:33:18
1651570404505333000,35.2,1,35.1,11,35.25,7,1,2022-05-03 09:33:24
1651570404607361000,35.2,4,35.1,11,35.2,1,1,2022-05-03 09:33:24
1651570406604690000,35.15,1,35.1,3,35.2,2,2,2022-05-03 09:33:26
1651570406604690000,35.1,9,35.1,3,35.2,2,2,2022-05-03 09:33:26
1651570409330943000,35.2,1,35.1,3,35.2,1,1,2022-05-03 09:33:29
1651570410203056000,35.2,1,35.15,5,35.25,7,1,2022-05-03 09:33:30
1651570457278052000,35.2,4,35.15,7,35.3,16,1,2022-05-03 09:34:17
1651570457278052000,35.25,11,35.15,7,35.3,16,1,2022-05-03 09:34:17
1651570457278052000,35.3,5,35.15,7,35.3,16,1,2022-05-03 09:34:17
1651570465558011000,35.3,15,35.15,8,35.3,1,1,2022-05-03 09:34:25
1651570465578046000,35.3,1,35.15,8,35.35,9,1,2022-05-03 09:34:25
1651570471511710000,35.3,1,35.15,51,35.35,9,1,2022-05-03 09:34:31
1651570475857325000,35.3,1,35.15,51,35.35,9,1,2022-05-03 09:34:35
1651570479129054000,35.3,1,35.2,18,35.35,9,1,2022-05-03 09:34:39
1651570479162506000,35.35,9,35.2,18,35.4,7,1,2022-05-03 09:34:39
1651570485975654000,35.35,1,35.2,24,35.4,7,1,2022-05-03 09:34:45
1651570490990111000,35.25,1,35.25,6,35.4,7,2,2022-05-03 09:34:50
1651570498035568000,35.25,2,35.15,10,35.35,1,2,2022-05-03 09:34:58
1651570498035568000,35.2,18,35.15,10,35.35,1,2,2022-05-03 09:34:58
1651570511154688000,35.3,1,35.15,19,35.35,2,1,2022-05-03 09:35:11
1651570511176825000,35.35,2,35.15,19,35.4,8,1,2022-05-03 09:35:11
1651570515997881000,35.4,4,35.2,2,35.4,4,1,2022-05-03 09:35:15
1651570522217821000,35.4,4,35.2,31,35.45,14,1,2022-05-03 09:35:22
1651570522217821000,35.45,1,35.2,31,35.45,14,1,2022-05-03 09:35:22
1651570525540882000,35.4,1,35.25,5,35.45,14,1,2022-05-03 09:35:25
1651570529608820000,35.45,2,35.25,5,35.45,12,1,2022-05-03 09:35:29
1651570531816888000,35.45,1,35.25,6,35.45,14,1,2022-05-03 09:35:31
1651570532187662000,35.45,1,35.25,6,35.45,13,1,2022-05-03 09:35:32
1651570532249852000,35.35,1,35.25,6,35.45,13,1,2022-05-03 09:35:32
1651570533586945000,35.4,1,35.3,14,35.45,13,1,2022-05-03 09:35:33
1651570537082503000,35.45,1,35.3,10,35.45,13,1,2022-05-03 09:35:37
1651570544450293000,35.45,1,35.4,1,35.45,16,1,2022-05-03 09:35:44
1651570552542383000,35.45,1,35.4,3,35.45,16,1,2022-05-03 09:35:52
1651570552996411000,35.45,3,35.4,3,35.45,13,1,2022-05-03 09:35:52
1651570554434409000,35.45,5,35.4,3,35.45,8,1,2022-05-03 09:35:54
1651570554983565000,35.45,5,35.4,3,35.45,3,1,2022-05-03 09:35:54
1651570556841959000,35.45,3,35.4,3,35.5,30,1,2022-05-03 09:35:56
1651570556841959000,35.5,1,35.4,3,35.5,30,1,2022-05-03 09:35:56
1651570557083237000,35.5,2,35.4,3,35.5,28,1,2022-05-03 09:35:57
1651570558807719000,35.45,1,35.4,4,35.45,3,1,2022-05-03 09:35:58
1651570563388733000,35.45,2,35.4,9,35.45,1,1,2022-05-03 09:36:03
1651570563400452000,35.45,1,35.4,9,35.5,30,1,2022-05-03 09:36:03
1651570566669305000,35.45,1,35.4,9,35.5,30,1,2022-05-03 09:36:06
1651570568327134000,35.45,1,35.4,9,35.5,30,1,2022-05-03 09:36:08
1651570568553821000,35.45,1,35.4,9,35.45,31,2,2022-05-03 09:36:08
1651570569650157000,35.45,1,35.4,9,35.45,30,1,2022-05-03 09:36:09
1651570569738317000,35.45,1,35.4,9,35.45,29,1,2022-05-03 09:36:09
1651570570016205000,35.45,10,35.4,9,35.45,19,1,2022-05-03 09:36:10
1651570571658463000,35.45,1,35.4,11,35.45,18,1,2022-05-03 09:36:11
1651570574085914000,35.45,1,35.4,11,35.45,17,1,2022-05-03 09:36:14
1651570584528677000,35.4,5,35.4,8,35.45,26,2,2022-05-03 09:36:24
1651570584528952000,35.45,1,35.4,8,35.45,25,1,2022-05-03 09:36:24
1651570584539384000,35.45,2,35.4,8,35.45,23,1,2022-05-03 09:36:24
1651570584558666000,35.4,8,35.35,4,35.45,23,2,2022-05-03 09:36:24
1651570594657149000,35.4,1,35.35,4,35.4,10,1,2022-05-03 09:36:34
1651570595713572000,35.35,1,35.35,3,35.4,11,2,2022-05-03 09:36:35
1651570595737932000,35.35,3,35.3,15,35.4,11,2,2022-05-03 09:36:35
1651570598149577000,35.35,1,35.35,4,35.4,20,1,2022-05-03 09:36:38
1651570598175417000,35.35,4,35.3,15,35.4,20,2,2022-05-03 09:36:38
1651570600092691000,35.35,2,35.3,15,35.35,2,1,2022-05-03 09:36:40
1651570604073101000,35.3,1,35.3,14,35.35,7,2,2022-05-03 09:36:44
1651570607991241000,35.3,13,35.25,4,35.3,1,2,2022-05-03 09:36:47
1651570611136299000,35.3,1,35.25,4,35.3,1,1,2022-05-03 09:36:51
1651570612981698000,35.3,1,35.3,1,35.35,8,1,2022-05-03 09:36:52
1651570614251479000,35.3,1,35.25,4,35.35,8,2,2022-05-03 09:36:54
1651570616815378000,35.3,1,35.3,1,35.35,8,2,2022-05-03 09:36:56
1651570616849456000,35.3,1,35.25,4,35.35,8,2,2022-05-03 09:36:56
1651570621071962000,35.3,2,35.25,4,35.4,20,1,2022-05-03 09:37:01
1651570621071962000,35.35,8,35.25,4,35.4,20,1,2022-05-03 09:37:01
1651570621071962000,35.4,10,35.25,4,35.4,20,1,2022-05-03 09:37:01
1651570622027480000,35.3,1,35.25,6,35.4,20,1,2022-05-03 09:37:02
1651570634130758000,35.3,1,35.3,3,35.4,21,2,2022-05-03 09:37:14
1651570640281342000,35.3,2,35.3,1,35.4,21,2,2022-05-03 09:37:20
1651570649091310000,35.35,2,35.3,3,35.4,21,1,2022-05-03 09:37:29
1651570651527751000,35.3,1,35.3,2,35.4,21,2,2022-05-03 09:37:31
1651570661176698000,35.3,1,35.3,3,35.4,21,2,2022-05-03 09:37:41
1651570664872028000,35.3,5,35.25,13,35.3,5,2,2022-05-03 09:37:44
1651570664912041000,35.3,5,35.25,13,35.4,21,1,2022-05-03 09:37:44
1651570679066628000,35.3,1,35.25,13,35.35,2,2,2022-05-03 09:37:59
1651570688968711000,35.3,1,35.25,14,35.35,3,1,2022-05-03 09:38:08
1651570697380792000,35.25,1,35.25,13,35.3,4,2,2022-05-03 09:38:17
1651570704895637000,35.25,5,35.25,8,35.3,7,2,2022-05-03 09:38:24
1651570704919424000,35.25,6,35.25,2,35.3,7,2,2022-05-03 09:38:24
1651570704950467000,35.25,1,35.25,1,35.3,7,2,2022-05-03 09:38:24
1651570720853196000,35.25,1,35.2,23,35.25,1,2,2022-05-03 09:38:40
1651570720864236000,35.25,1,35.2,23,35.3,5,1,2022-05-03 09:38:40
1651570734779533000,35.25,2,35.2,20,35.3,5,2,2022-05-03 09:38:54
1651570738192201000,35.25,1,35.2,20,35.3,5,1,2022-05-03 09:38:58
1651570752213081000,35.25,1,35.2,19,35.3,5,1,2022-05-03 09:39:12
1651570753443529000,35.3,5,35.25,10,35.35,11,1,2022-05-03 09:39:13
1651570759993373000,35.3,1,35.3,9,35.35,8,2,2022-05-03 09:39:19
1651570762279061000,35.3,1,35.3,9,35.35,8,2,2022-05-03 09:39:22
1651570770810254000,35.3,1,35.3,8,35.35,8,2,2022-05-03 09:39:30
1651570770853843000,35.3,1,35.3,7,35.35,8,2,2022-05-03 09:39:30
1651570775917736000,35.3,1,35.3,6,35.35,8,2,2022-05-03 09:39:35
1651570808147761000,35.35,2,35.3,5,35.35,16,1,2022-05-03 09:40:08
1651570808163167000,35.35,16,35.3,5,35.4,22,1,2022-05-03 09:40:08
1651570810038378000,35.4,13,35.3,9,35.4,9,1,2022-05-03 09:40:10
1651570810068664000,35.4,9,35.3,9,35.45,13,1,2022-05-03 09:40:10
1651570810142855000,35.45,13,35.3,10,35.5,38,1,2022-05-03 09:40:10
1651570810357116000,35.5,2,35.3,10,35.5,36,1,2022-05-03 09:40:10
1651570810390748000,35.5,36,35.3,10,35.55,15,1,2022-05-03 09:40:10
1651570810406076000,35.55,6,35.3,10,35.55,9,1,2022-05-03 09:40:10
1651570810520008000,35.55,2,35.3,10,35.55,7,1,2022-05-03 09:40:10
1651570812363885000,35.55,7,35.35,5,35.6,22,1,2022-05-03 09:40:12
1651570815429200000,35.6,11,35.4,4,35.6,11,1,2022-05-03 09:40:15
1651570815461789000,35.6,11,35.4,5,35.65,44,1,2022-05-03 09:40:15
1651570815470922000,35.65,10,35.4,5,35.65,34,1,2022-05-03 09:40:15
1651570815490609000,35.65,4,35.4,5,35.65,30,1,2022-05-03 09:40:15
1651570815558451000,35.65,1,35.45,1,35.65,29,1,2022-05-03 09:40:15
1651570815695568000,35.65,1,35.45,1,35.65,28,1,2022-05-03 09:40:15
1651570816687093000,35.6,1,35.6,1,35.65,28,2,2022-05-03 09:40:16
1651570817420901000,35.65,2,35.6,1,35.65,26,1,2022-05-03 09:40:17
1651570819235830000,35.65,1,35.6,1,35.65,25,1,2022-05-03 09:40:19
1651570819742675000,35.6,1,35.55,1,35.65,25,2,2022-05-03 09:40:19
1651570821721146000,35.6,1,35.6,1,35.65,28,2,2022-05-03 09:40:21
1651570822074018000,35.65,1,35.6,1,35.65,27,1,2022-05-03 09:40:22
1651570825834776000,35.65,20,35.6,4,35.65,6,1,2022-05-03 09:40:25
1651570830342222000,35.65,1,35.6,4,35.65,14,1,2022-05-03 09:40:30
1651570831401391000,35.65,1,35.6,7,35.65,23,1,2022-05-03 09:40:31
1651570833423606000,35.65,1,35.6,8,35.65,26,1,2022-05-03 09:40:33
1651570833634870000,35.65,1,35.6,8,35.65,25,1,2022-05-03 09:40:33
1651570833904214000,35.65,2,35.6,8,35.65,23,1,2022-05-03 09:40:33
1651570834359466000,35.65,1,35.6,8,35.65,22,1,2022-05-03 09:40:34
1651570835004074000,35.65,1,35.6,8,35.65,22,1,2022-05-03 09:40:35
1651570835256397000,35.65,1,35.6,8,35.65,21,1,2022-05-03 09:40:35
1651570835863924000,35.65,5,35.6,8,35.65,16,1,2022-05-03 09:40:35
1651570836053866000,35.65,6,35.6,8,35.65,10,1,2022-05-03 09:40:36
1651570836638195000,35.65,1,35.6,8,35.65,10,1,2022-05-03 09:40:36
1651570837696648000,35.65,1,35.6,7,35.65,9,1,2022-05-03 09:40:37
1651570837848506000,35.65,5,35.6,7,35.65,4,1,2022-05-03 09:40:37
1651570837876515000,35.65,2,35.6,7,35.65,2,1,2022-05-03 09:40:37
1651570838108584000,35.65,1,35.6,7,35.65,1,1,2022-05-03 09:40:38
1651570838134953000,35.65,1,35.6,7,35.7,8,1,2022-05-03 09:40:38
1651570838952488000,35.65,3,35.6,7,35.7,8,2,2022-05-03 09:40:38
1651570843583048000,35.65,2,35.65,11,35.7,8,2,2022-05-03 09:40:43
1651570844015771000,35.65,11,35.6,7,35.7,12,2,2022-05-03 09:40:44
1651570844517463000,35.65,1,35.6,7,35.7,13,1,2022-05-03 09:40:44
1651570844639322000,35.7,2,35.6,7,35.7,11,1,2022-05-03 09:40:44
1651570844681244000,35.7,1,35.6,9,35.7,10,1,2022-05-03 09:40:44
1651570844681920000,35.7,1,35.6,9,35.7,9,1,2022-05-03 09:40:44
1651570844693071000,35.7,1,35.6,11,35.7,8,1,2022-05-03 09:40:44
1651570844701365000,35.7,5,35.6,11,35.7,3,1,2022-05-03 09:40:44
1651570844804478000,35.6,1,35.6,10,35.7,3,2,2022-05-03 09:40:44
1651570844857721000,35.7,1,35.6,10,35.7,2,1,2022-05-03 09:40:44
1651570848661830000,35.6,1,35.6,8,35.65,7,2,2022-05-03 09:40:48
1651570848681465000,35.6,8,35.45,3,35.65,7,2,2022-05-03 09:40:48
1651570849913215000,35.65,2,35.45,4,35.65,13,1,2022-05-03 09:40:49
1651570851483659000,35.65,5,35.6,3,35.65,8,1,2022-05-03 09:40:51
1651570853987099000,35.6,2,35.6,1,35.65,9,2,2022-05-03 09:40:53
1651570855877774000,35.65,1,35.6,1,35.65,8,1,2022-05-03 09:40:55
1651570857115769000,35.65,3,35.6,3,35.65,5,1,2022-05-03 09:40:57
1651570858069353000,35.6,4,35.6,1,35.65,5,2,2022-05-03 09:40:58
1651570860059084000,35.65,2,35.6,3,35.65,4,1,2022-05-03 09:41:00
1651570864871299000,35.6,2,35.6,6,35.65,7,2,2022-05-03 09:41:04
1651570865367666000,35.6,6,35.5,6,35.6,14,2,2022-05-03 09:41:05
1651570866776542000,35.6,10,35.5,6,35.6,4,1,2022-05-03 09:41:06
1651570866795779000,35.6,4,35.5,6,35.65,5,1,2022-05-03 09:41:06
1651570868019364000,35.65,3,35.6,1,35.65,2,1,2022-05-03 09:41:08
1651570868570818000,35.6,1,35.5,6,35.6,3,2,2022-05-03 09:41:08
1651570869008457000,35.6,1,35.5,6,35.6,14,1,2022-05-03 09:41:09
1651570869247118000,35.6,2,35.5,6,35.6,12,1,2022-05-03 09:41:09
1651570869387704000,35.6,3,35.5,6,35.6,10,1,2022-05-03 09:41:09
1651570871392489000,35.55,1,35.5,6,35.6,11,1,2022-05-03 09:41:11
1651570874532976000,35.55,1,35.5,7,35.6,18,2,2022-05-03 09:41:14
1651570874800882000,35.5,2,35.5,5,35.6,18,2,2022-05-03 09:41:14
1651570887577700000,35.5,2,35.5,10,35.55,6,2,2022-05-03 09:41:27
1651570888514958000,35.55,6,35.5,10,35.6,5,1,2022-05-03 09:41:28
1651570888514958000,35.6,15,35.5,10,35.6,5,1,2022-05-03 09:41:28
1651570889986215000,35.5,1,35.5,9,35.6,4,2,2022-05-03 09:41:29
1651570895383374000,35.6,2,35.55,15,35.6,1,1,2022-05-03 09:41:35
1651570900298802000,35.6,1,35.55,15,35.6,1,1,2022-05-03 09:41:40
1651570900471947000,35.6,1,35.55,15,35.65,20,1,2022-05-03 09:41:40
1651570904648674000,35.6,1,35.6,9,35.65,20,2,2022-05-03 09:41:44
1651570910092387000,35.65,10,35.6,13,35.65,13,1,2022-05-03 09:41:50
1651570912703923000,35.65,2,35.6,14,35.65,12,1,2022-05-03 09:41:52
1651570914445144000,35.65,1,35.6,14,35.65,11,1,2022-05-03 09:41:54
1651570914867296000,35.65,1,35.6,14,35.65,10,1,2022-05-03 09:41:54
1651570915697806000,35.65,10,35.6,14,35.7,13,1,2022-05-03 09:41:55
1651570918229840000,35.65,3,35.65,1,35.7,13,2,2022-05-03 09:41:58
1651570920601515000,35.7,1,35.65,14,35.7,12,1,2022-05-03 09:42:00
1651570921994609000,35.7,1,35.65,14,35.7,11,1,2022-05-03 09:42:01
1651570922765161000,35.7,1,35.65,14,35.7,10,1,2022-05-03 09:42:02
1651570923097606000,35.7,2,35.65,14,35.7,8,1,2022-05-03 09:42:03
1651570923606300000,35.7,8,35.65,14,35.75,2,1,2022-05-03 09:42:03
1651570923606300000,35.75,2,35.65,14,35.75,2,1,2022-05-03 09:42:03
1651570923663328000,35.7,3,35.7,4,35.75,2,2,2022-05-03 09:42:03
1651570923811088000,35.75,1,35.7,7,35.75,1,1,2022-05-03 09:42:03
1651570924850886000,35.75,1,35.7,7,35.8,15,1,2022-05-03 09:42:04
1651570925198264000,35.75,1,35.7,7,35.8,15,2,2022-05-03 09:42:05
1651570926531549000,35.8,1,35.75,1,35.8,17,1,2022-05-03 09:42:06
1651570926557427000,35.75,1,35.7,7,35.8,17,2,2022-05-03 09:42:06
1651570926591105000,35.8,3,35.75,6,35.8,14,1,2022-05-03 09:42:06
1651570927808139000,35.75,1,35.75,11,35.8,14,2,2022-05-03 09:42:07
1651570928877210000,35.8,1,35.75,11,35.8,13,1,2022-05-03 09:42:08
1651570928907412000,35.75,11,35.7,8,35.8,13,2,2022-05-03 09:42:08
1651570930606489000,35.7,8,35.65,14,35.75,2,2,2022-05-03 09:42:10
1651570930624392000,35.75,2,35.65,14,35.8,11,1,2022-05-03 09:42:10
1651570930624392000,35.8,2,35.65,14,35.8,11,1,2022-05-03 09:42:10
1651570930677911000,35.75,1,35.65,14,35.8,11,2,2022-05-03 09:42:10
1651570931135634000,35.75,1,35.65,14,35.8,7,1,2022-05-03 09:42:11
1651570931135634000,35.8,4,35.65,14,35.8,7,1,2022-05-03 09:42:11
1651570931164931000,35.8,1,35.65,14,35.8,6,1,2022-05-03 09:42:11
1651570932369716000,35.75,1,35.7,2,35.75,2,1,2022-05-03 09:42:12
1651570933032957000,35.7,2,35.65,14,35.75,6,2,2022-05-03 09:42:13
1651570933063907000,35.65,14,35.6,16,35.75,6,2,2022-05-03 09:42:13
1651570933092456000,35.75,2,35.6,16,35.75,4,1,2022-05-03 09:42:13
1651570933961624000,35.75,3,35.6,16,35.75,1,1,2022-05-03 09:42:13
1651570934138643000,35.75,1,35.75,1,35.8,7,1,2022-05-03 09:42:14
1651570934179153000,35.75,1,35.6,14,35.8,7,2,2022-05-03 09:42:14
1651570934776921000,35.8,1,35.75,3,35.8,6,1,2022-05-03 09:42:14
1651570934815815000,35.75,3,35.6,14,35.8,6,2,2022-05-03 09:42:14
1651570937550821000,35.7,1,35.65,2,35.75,9,2,2022-05-03 09:42:17
1651570937883423000,35.75,2,35.65,2,35.75,7,1,2022-05-03 09:42:17
1651570938186098000,35.75,1,35.65,3,35.75,9,1,2022-05-03 09:42:18
1651570938659026000,35.65,3,35.6,15,35.75,9,2,2022-05-03 09:42:18
1651570942189033000,35.65,1,35.6,15,35.7,1,2,2022-05-03 09:42:22
1651570944573830000,35.65,2,35.6,20,35.7,5,2,2022-05-03 09:42:24
1651570945006540000,35.7,2,35.6,20,35.7,6,1,2022-05-03 09:42:25
1651570945386424000,35.65,1,35.6,20,35.7,6,2,2022-05-03 09:42:25
1651570946575786000,35.6,20,35.55,3,35.65,1,2,2022-05-03 09:42:26
1651570947260191000,35.65,1,35.55,3,35.7,8,1,2022-05-03 09:42:27
1651570947449801000,35.65,2,35.55,3,35.7,8,2,2022-05-03 09:42:27
