ts,close,volume,bid_price,bid_volume,ask_price,ask_volume,tick_type,datetime
1638954010552654000,21.3,73,21.15,16,21.3,13,1,2021-12-08 09:00:10
1638954010600815000,21.15,1,21.15,15,21.3,13,2,2021-12-08 09:00:10
1638954010632615000,21.15,7,21.15,8,21.3,13,2,2021-12-08 09:00:10
1638954010665083000,21.15,8,21.1,12,21.3,13,2,2021-12-08 09:00:10
1638954012146352000,21.1,5,21.1,7,21.25,2,2,2021-12-08 09:00:12
1638954021700580000,21.15,1,21.1,7,21.15,2,1,2021-12-08 09:00:21
1638954033634386000,21.15,1,21.1,7,21.15,1,1,2021-12-08 09:00:33
1638954043737657000,21.1,2,21.1,5,21.15,1,2,2021-12-08 09:00:43
1638954043767696000,21.1,5,21.05,2,21.15,1,2,2021-12-08 09:00:43
1638954049137924000,21.15,1,21.05,2,21.15,2,1,2021-12-08 09:00:49
1638954060790572000,21.1,2,21.05,2,21.2,6,2,2021-12-08 09:01:00
1638954066327933000,21.05,2,21.0,5,21.15,3,2,2021-12-08 09:01:06
1638954067375148000,21.1,3,21.1,1,21.15,5,1,2021-12-08 09:01:07
1638954067407200000,21.1,1,21.0,5,21.15,5,2,2021-12-08 09:01:07
1638954068871510000,21.15,1,21.0,5,21.15,4,1,2021-12-08 09:01:08
1638954077168120000,21.15,2,21.0,5,21.15,2,1,2021-12-08 09:01:17
1638954082832800000,21.0,5,20.95,8,21.2,4,2,2021-12-08 09:01:22
1638954100716345000,21.1,2,20.95,8,21.15,9,1,2021-12-08 09:01:40
1638954112287540000,21.0,2,21.0,3,21.1,3,2,2021-12-08 09:01:52
1638954112308183000,21.0,3,20.95,9,21.1,3,2,2021-12-08 09:01:52
1638954116263340000,20.95,2,20.95,7,21.1,5,2,2021-12-08 09:01:56
1638954124612499000,20.95,4,20.95,3,21.1,5,2,2021-12-08 09:02:04
1638954135939019000,20.95,3,20.9,5,21.0,4,2,2021-12-08 09:02:15
1638954148494708000,20.9,1,20.9,5,21.0,9,2,2021-12-08 09:02:28
1638954169022609000,20.9,2,20.9,5,21.0,5,2,2021-12-08 09:02:49
1638954172096342000,20.9,4,20.9,1,21.0,5,2,2021-12-08 09:02:52
1638954181108918000,20.9,2,20.9,5,21.0,5,2,2021-12-08 09:03:01
1638954199414176000,20.9,1,20.9,4,21.0,5,2,2021-12-08 09:03:19
1638954211804922000,20.9,1,20.9,4,21.0,5,2,2021-12-08 09:03:31
1638954251802973000,20.95,1,20.9,4,21.0,6,1,2021-12-08 09:04:11
1638954251802973000,21.0,4,20.9,4,21.0,6,1,2021-12-08 09:04:11
1638954269277793000,21.0,3,20.9,6,21.0,3,1,2021-12-08 09:04:29
1638954269308381000,21.0,3,20.9,6,21.1,2,1,2021-12-08 09:04:29
1638954275028452000,21.0,1,21.0,14,21.1,2,2,2021-12-08 09:04:35
1638954308451667000,21.1,2,21.1,1,21.15,3,1,2021-12-08 09:05:08
1638954308484671000,21.15,3,21.1,1,21.2,2,1,2021-12-08 09:05:08
1638954360671592000,21.15,2,21.1,3,21.2,2,2,2021-12-08 09:06:00
1638954360671592000,21.1,1,21.1,3,21.2,2,2,2021-12-08 09:06:00
1638954366101733000,21.2,2,21.2,15,21.25,4,1,2021-12-08 09:06:06
1638954366125557000,21.25,4,21.2,15,21.3,9,1,2021-12-08 09:06:06
1638954384007269000,21.25,1,21.25,8,21.3,9,1,2021-12-08 09:06:24
1638954388781127000,21.3,9,21.25,14,21.35,11,1,2021-12-08 09:06:28
1638954388781127000,21.35,1,21.25,14,21.35,11,1,2021-12-08 09:06:28
1638954394554050000,21.35,6,21.25,9,21.35,6,1,2021-12-08 09:06:34
1638954394571512000,21.35,6,21.25,9,21.4,33,1,2021-12-08 09:06:34
1638954398490796000,21.35,1,21.25,9,21.35,1,2,2021-12-08 09:06:38
1638954401578210000,21.35,1,21.25,9,21.35,3,1,2021-12-08 09:06:41
1638954404907194000,21.3,1,21.25,8,21.35,3,2,2021-12-08 09:06:44
1638954406550128000,21.35,1,21.25,8,21.35,1,1,2021-12-08 09:06:46
1638954409791322000,21.4,2,21.25,8,21.4,31,1,2021-12-08 09:06:49
1638954411752302000,21.35,1,21.25,8,21.4,31,2,2021-12-08 09:06:51
1638954423857340000,21.4,18,21.35,10,21.4,13,1,2021-12-08 09:07:03
1638954423878351000,21.4,13,21.35,10,21.45,2,1,2021-12-08 09:07:03
1638954431073289000,21.45,1,21.4,1,21.45,1,1,2021-12-08 09:07:11
1638954431105558000,21.45,1,21.4,1,21.5,33,1,2021-12-08 09:07:11
1638954438057496000,21.45,1,21.4,3,21.5,33,2,2021-12-08 09:07:18
1638954439890914000,21.5,10,21.4,13,21.5,23,1,2021-12-08 09:07:19
1638954441256943000,21.5,2,21.4,11,21.5,21,1,2021-12-08 09:07:21
1638954441292384000,21.5,2,21.4,11,21.5,19,1,2021-12-08 09:07:21
1638954447197874000,21.5,15,21.4,11,21.5,5,1,2021-12-08 09:07:27
1638954447227467000,21.5,5,21.4,11,21.55,13,1,2021-12-08 09:07:27
1638954451304567000,21.5,3,21.5,5,21.55,13,1,2021-12-08 09:07:31
1638954451336501000,21.5,5,21.4,11,21.55,13,2,2021-12-08 09:07:31
1638954453117163000,21.5,1,21.4,12,21.55,15,2,2021-12-08 09:07:33
1638954454647615000,21.55,2,21.4,13,21.55,13,1,2021-12-08 09:07:34
1638954455910040000,21.5,1,21.45,2,21.55,13,2,2021-12-08 09:07:35
1638954456261576000,21.55,1,21.45,2,21.55,10,1,2021-12-08 09:07:36
1638954459556476000,21.5,11,21.45,2,21.55,10,2,2021-12-08 09:07:39
1638954461491762000,21.45,2,21.4,14,21.5,5,2,2021-12-08 09:07:41
1638954464694072000,21.5,7,21.4,13,21.55,7,1,2021-12-08 09:07:44
1638954464694072000,21.55,3,21.4,13,21.55,7,1,2021-12-08 09:07:44
1638954469906739000,21.5,1,21.5,27,21.55,7,2,2021-12-08 09:07:49
1638954470678606000,21.5,1,21.5,28,21.55,7,2,2021-12-08 09:07:50
1638954472224942000,21.55,1,21.5,28,21.55,6,1,2021-12-08 09:07:52
1638954477764728000,21.55,1,21.5,30,21.55,8,1,2021-12-08 09:07:57
1638954477805945000,21.5,1,21.5,29,21.55,8,2,2021-12-08 09:07:57
1638954481601635000,21.55,1,21.5,31,21.55,7,1,2021-12-08 09:08:01
1638954492498488000,21.55,1,21.5,31,21.55,6,1,2021-12-08 09:08:12
1638954495483469000,21.55,1,21.5,30,21.55,7,1,2021-12-08 09:08:15
1638954498975131000,21.55,5,21.5,30,21.55,2,1,2021-12-08 09:08:18
1638954502325820000,21.5,5,21.45,11,21.55,4,2,2021-12-08 09:08:22
1638954502325907000,21.5,25,21.45,11,21.55,4,2,2021-12-08 09:08:22
1638954502714695000,21.55,2,21.45,11,21.55,2,1,2021-12-08 09:08:22
1638954506558248000,21.55,3,21.5,2,21.55,1,1,2021-12-08 09:08:26
1638954515884290000,21.55,2,21.5,3,21.55,1,1,2021-12-08 09:08:35
1638954522507742000,21.55,1,21.5,3,21.55,3,1,2021-12-08 09:08:42
1638954525571572000,21.55,1,21.5,3,21.55,2,1,2021-12-08 09:08:45
1638954525902576000,21.5,1,21.5,2,21.55,2,2,2021-12-08 09:08:45
1638954525903124000,21.5,1,21.45,11,21.55,2,2,2021-12-08 09:08:45
1638954525903797000,21.5,1,21.45,11,21.55,2,2,2021-12-08 09:08:45
1638954527890927000,21.5,1,21.45,11,21.55,4,1,2021-12-08 09:08:47
1638954527890927000,21.55,1,21.45,11,21.55,4,1,2021-12-08 09:08:47
1638954528317239000,21.45,3,21.45,8,21.55,4,2,2021-12-08 09:08:48
1638954528347507000,21.45,8,21.4,11,21.55,4,2,2021-12-08 09:08:48
1638954545047961000,21.45,3,21.45,2,21.5,1,2,2021-12-08 09:09:05
1638954545069101000,21.45,2,21.4,11,21.5,1,2,2021-12-08 09:09:05
1638954549593759000,21.4,1,21.4,10,21.5,1,2,2021-12-08 09:09:09
1638954558993386000,21.45,1,21.45,14,21.5,1,1,2021-12-08 09:09:18
1638954563374472000,21.45,12,21.45,2,21.5,1,2,2021-12-08 09:09:23
1638954563409459000,21.45,2,21.4,10,21.5,1,2,2021-12-08 09:09:23
1638954577244734000,21.45,2,21.4,1,21.45,1,2,2021-12-08 09:09:37
1638954587481786000,21.45,3,21.4,6,21.5,1,1,2021-12-08 09:09:47
1638954621637944000,21.45,5,21.45,6,21.5,4,2,2021-12-08 09:10:21
1638954621674625000,21.45,6,21.4,11,21.5,4,2,2021-12-08 09:10:21
1638954641411221000,21.4,6,21.4,26,21.5,4,2,2021-12-08 09:10:41
1638954648719542000,21.4,2,21.4,24,21.5,4,2,2021-12-08 09:10:48
1638954659254974000,21.4,10,21.4,15,21.5,4,2,2021-12-08 09:10:59
1638954661957799000,21.4,10,21.4,5,21.5,4,2,2021-12-08 09:11:01
1638954661982170000,21.4,2,21.4,3,21.5,4,2,2021-12-08 09:11:01
1638954673166546000,21.4,1,21.4,2,21.45,1,2,2021-12-08 09:11:13
1638954676406934000,21.4,2,21.35,18,21.45,2,2,2021-12-08 09:11:16
1638954678551574000,21.4,1,21.35,18,21.45,2,1,2021-12-08 09:11:18
1638954685022296000,21.45,2,21.35,18,21.5,4,1,2021-12-08 09:11:25
1638954690125511000,21.5,1,21.35,18,21.5,3,1,2021-12-08 09:11:30
1638954711708631000,21.5,4,21.4,2,21.5,1,1,2021-12-08 09:11:51
1638954711738445000,21.5,1,21.4,2,21.55,4,1,2021-12-08 09:11:51
1638954716320337000,21.55,4,21.5,6,21.6,6,1,2021-12-08 09:11:56
1638954716320337000,21.6,1,21.5,6,21.6,6,1,2021-12-08 09:11:56
1638954716371136000,21.6,6,21.5,6,21.65,1,1,2021-12-08 09:11:56
1638954723576622000,21.65,1,21.55,5,21.65,2,1,2021-12-08 09:12:03
1638954727084606000,21.65,2,21.6,2,21.7,7,1,2021-12-08 09:12:07
1638954728462935000,21.7,5,21.6,2,21.7,2,1,2021-12-08 09:12:08
1638954728579082000,21.7,2,21.6,2,21.75,12,1,2021-12-08 09:12:08
1638954728579082000,21.75,1,21.6,2,21.75,12,1,2021-12-08 09:12:08
1638954735854608000,21.7,3,21.7,2,21.75,12,2,2021-12-08 09:12:15
1638954735878691000,21.7,1,21.7,1,21.75,12,2,2021-12-08 09:12:15
1638954741140596000,21.75,1,21.7,1,21.75,11,1,2021-12-08 09:12:21
1638954743481977000,21.7,1,21.7,4,21.75,11,2,2021-12-08 09:12:23
1638954744047213000,21.75,1,21.7,4,21.75,10,1,2021-12-08 09:12:24
1638954750212160000,21.7,1,21.7,3,21.75,15,2,2021-12-08 09:12:30
1638954750609851000,21.7,3,21.7,2,21.75,15,2,2021-12-08 09:12:30
1638954753192463000,21.7,1,21.7,1,21.75,15,2,2021-12-08 09:12:33
1638954754177844000,21.7,1,21.65,8,21.75,15,2,2021-12-08 09:12:34
1638954756096668000,21.7,4,21.65,8,21.75,14,1,2021-12-08 09:12:36
1638954756096668000,21.75,1,21.65,8,21.75,14,1,2021-12-08 09:12:36
1638954757451522000,21.65,1,21.65,7,21.7,6,2,2021-12-08 09:12:37
1638954759380060000,21.7,1,21.65,7,21.7,7,1,2021-12-08 09:12:39
1638954763302944000,21.7,1,21.65,7,21.7,6,1,2021-12-08 09:12:43
1638954767885117000,21.7,2,21.65,7,21.7,4,1,2021-12-08 09:12:47
1638954768265605000,21.7,1,21.65,7,21.7,3,1,2021-12-08 09:12:48
1638954779355023000,21.65,7,21.6,2,21.7,19,2,2021-12-08 09:12:59
1638954781885495000,21.7,2,21.6,2,21.7,17,1,2021-12-08 09:13:01
1638954782260731000,21.7,3,21.6,2,21.7,14,1,2021-12-08 09:13:02
1638954784071120000,21.65,1,21.6,2,21.7,14,2,2021-12-08 09:13:04
1638954786228445000,21.7,1,21.65,1,21.7,13,1,2021-12-08 09:13:06
1638954795414045000,21.65,1,21.6,8,21.65,2,2,2021-12-08 09:13:15
1638954797032349000,21.65,2,21.6,8,21.7,13,1,2021-12-08 09:13:17
1638954797895117000,21.7,1,21.6,8,21.7,12,1,2021-12-08 09:13:17
1638954800440787000,21.65,2,21.6,8,21.65,1,2,2021-12-08 09:13:20
1638954810100756000,21.6,8,21.55,4,21.65,1,2,2021-12-08 09:13:30
1638954810100756000,21.55,2,21.55,4,21.65,1,2,2021-12-08 09:13:30
1638954832921977000,21.55,3,21.5,2,21.55,2,2,2021-12-08 09:13:52
1638954838902429000,21.5,1,21.45,2,21.5,1,2,2021-12-08 09:13:58
1638954844319339000,21.5,1,21.45,2,21.6,2,1,2021-12-08 09:14:04
1638954861476135000,21.5,1,21.45,4,21.65,17,1,2021-12-08 09:14:21
1638954935221970000,21.6,2,21.5,5,21.6,1,1,2021-12-08 09:15:35
1638954946972555000,21.6,2,21.6,8,21.65,17,1,2021-12-08 09:15:46
1638954950089107000,21.65,10,21.6,8,21.65,7,1,2021-12-08 09:15:50
1638954950118493000,21.65,7,21.6,8,21.7,13,1,2021-12-08 09:15:50
1638954952122607000,21.7,13,21.6,8,21.75,16,1,2021-12-08 09:15:52
1638954952152335000,21.75,16,21.6,8,21.8,32,1,2021-12-08 09:15:52
1638954954542524000,21.8,3,21.65,2,21.8,29,1,2021-12-08 09:15:54
1638954959907865000,21.8,3,21.65,2,21.8,26,1,2021-12-08 09:15:59
1638954962232955000,21.8,20,21.75,4,21.8,6,1,2021-12-08 09:16:02
1638954962259990000,21.8,6,21.75,4,21.85,4,1,2021-12-08 09:16:02
1638954962293013000,21.85,4,21.75,4,21.9,7,1,2021-12-08 09:16:02
1638954962736267000,21.9,4,21.75,4,21.9,3,1,2021-12-08 09:16:02
1638954962768189000,21.9,3,21.75,4,21.95,2,1,2021-12-08 09:16:02
1638954962836611000,21.95,2,21.8,1,22.0,17,1,2021-12-08 09:16:02
1638954969707075000,22.0,2,21.85,2,22.0,15,1,2021-12-08 09:16:09
1638954969799356000,22.0,14,21.9,5,22.0,1,1,2021-12-08 09:16:09
1638954969829779000,22.0,1,21.9,5,22.1,6,1,2021-12-08 09:16:09
1638954975890345000,22.1,2,22.05,1,22.1,1,1,2021-12-08 09:16:15
1638954980441299000,22.1,1,22.05,1,22.15,2,1,2021-12-08 09:16:20
1638954981267401000,22.1,1,22.05,1,22.15,10,2,2021-12-08 09:16:21
1638954981773464000,22.1,1,22.05,1,22.15,10,2,2021-12-08 09:16:21
1638954984464139000,22.05,1,22.0,8,22.1,3,2,2021-12-08 09:16:24
1638954984735497000,22.1,4,22.1,6,22.15,10,1,2021-12-08 09:16:24
1638954984765429000,22.1,6,22.0,8,22.15,10,2,2021-12-08 09:16:24
1638954984878854000,22.1,1,22.0,8,22.15,6,1,2021-12-08 09:16:24
1638954984878854000,22.15,4,22.0,8,22.15,6,1,2021-12-08 09:16:24
1638954988618536000,22.15,1,22.05,1,22.15,5,1,2021-12-08 09:16:28
1638954988665917000,22.15,3,22.05,1,22.15,2,1,2021-12-08 09:16:28
1638954988704588000,22.15,2,22.05,1,22.2,1,1,2021-12-08 09:16:28
1638954990288423000,22.2,1,22.15,1,22.25,5,1,2021-12-08 09:16:30
1638954990315824000,22.25,5,22.15,1,22.4,3,1,2021-12-08 09:16:30
1638954990315824000,22.3,16,22.15,1,22.4,3,1,2021-12-08 09:16:30
1638954990315824000,22.35,1,22.15,1,22.4,3,1,2021-12-08 09:16:30
1638954990557368000,22.2,1,22.15,1,22.4,3,2,2021-12-08 09:16:30
1638954991512903000,22.15,1,22.05,7,22.35,1,2,2021-12-08 09:16:31
1638954994119910000,22.1,4,22.05,4,22.35,1,2,2021-12-08 09:16:34
1638954994120427000,22.05,1,22.05,3,22.4,3,2,2021-12-08 09:16:34
1638954994134547000,22.4,1,22.05,3,22.4,2,1,2021-12-08 09:16:34
1638954997121479000,22.15,3,22.1,6,22.4,2,2,2021-12-08 09:16:37
1638954997121479000,22.1,2,22.1,6,22.4,2,2,2021-12-08 09:16:37
1638954999088823000,22.2,1,22.1,3,22.35,5,1,2021-12-08 09:16:39
1638955006469746000,22.35,5,22.15,4,22.35,1,1,2021-12-08 09:16:46
1638955006492490000,22.35,1,22.15,4,22.4,15,1,2021-12-08 09:16:46
1638955011072977000,22.35,1,22.2,4,22.35,2,1,2021-12-08 09:16:51
1638955012542217000,22.35,2,22.2,4,22.4,12,1,2021-12-08 09:16:52
1638955012599099000,22.4,1,22.25,1,22.4,11,1,2021-12-08 09:16:52
1638955014839564000,22.35,1,22.2,12,22.4,11,2,2021-12-08 09:16:54
1638955019588802000,22.4,8,22.2,12,22.4,3,1,2021-12-08 09:16:59
1638955021722912000,22.35,2,22.2,12,22.4,3,2,2021-12-08 09:17:01
1638955024248311000,22.35,1,22.2,12,22.4,4,2,2021-12-08 09:17:04
1638955026987143000,22.3,1,22.2,12,22.3,11,2,2021-12-08 09:17:06
1638955028621494000,22.3,3,22.2,13,22.3,8,1,2021-12-08 09:17:08
1638955029078430000,22.3,2,22.2,13,22.3,6,1,2021-12-08 09:17:09
1638955031872616000,22.25,1,22.2,13,22.25,1,2,2021-12-08 09:17:11
1638955032527821000,22.25,1,22.2,13,22.3,6,1,2021-12-08 09:17:12
1638955032926389000,22.3,5,22.2,13,22.3,1,1,2021-12-08 09:17:12
1638955034861394000,22.2,13,22.15,5,22.2,17,2,2021-12-08 09:17:14
1638955034967648000,22.15,5,22.1,6,22.2,17,2,2021-12-08 09:17:14
1638955036304722000,22.1,6,22.05,1,22.2,22,2,2021-12-08 09:17:16
1638955040283480000,22.05,1,21.9,10,22.0,7,2,2021-12-08 09:17:20
1638955040283480000,22.0,2,21.9,10,22.0,7,2,2021-12-08 09:17:20
1638955042550786000,22.0,5,21.9,2,22.0,2,1,2021-12-08 09:17:22
1638955042582443000,22.0,2,21.9,2,22.15,1,1,2021-12-08 09:17:22
1638955046118681000,22.1,1,21.95,7,22.15,1,1,2021-12-08 09:17:26
1638955049172322000,22.0,1,21.95,7,22.0,9,2,2021-12-08 09:17:29
1638955052851162000,21.95,1,21.95,6,22.0,19,2,2021-12-08 09:17:32
1638955052882800000,21.95,6,21.85,5,22.0,19,2,2021-12-08 09:17:32
1638955053280103000,22.0,2,21.85,2,22.0,17,1,2021-12-08 09:17:33
1638955055485037000,21.85,2,21.75,1,22.0,17,2,2021-12-08 09:17:35
1638955055485037000,21.75,3,21.75,1,22.0,17,2,2021-12-08 09:17:35
1638955055518129000,21.95,1,21.75,1,22.0,16,1,2021-12-08 09:17:35
1638955055518129000,22.0,1,21.75,1,22.0,16,1,2021-12-08 09:17:35
1638955057090175000,22.0,2,21.9,6,22.0,14,1,2021-12-08 09:17:37
1638955059231522000,22.0,1,21.9,6,22.0,13,1,2021-12-08 09:17:39
1638955060066371000,21.95,1,21.9,6,21.95,9,2,2021-12-08 09:17:40
1638955061876302000,21.9,1,21.9,5,21.95,9,2,2021-12-08 09:17:41
1638955061909021000,21.9,5,21.75,1,21.95,9,2,2021-12-08 09:17:41
1638955063667211000,21.95,1,21.85,2,21.95,8,1,2021-12-08 09:17:43
1638955067220614000,21.95,8,21.85,2,22.0,11,1,2021-12-08 09:17:47
1638955067220614000,22.0,2,21.85,2,22.0,11,1,2021-12-08 09:17:47
1638955068139313000,21.85,2,21.85,3,22.0,11,2,2021-12-08 09:17:48
1638955073738462000,21.95,1,21.9,5,21.95,11,1,2021-12-08 09:17:53
1638955081596133000,21.95,3,21.9,5,21.95,8,1,2021-12-08 09:18:01
1638955081660214000,21.95,1,21.9,5,21.95,7,1,2021-12-08 09:18:01
1638955083050610000,21.95,1,21.9,8,21.95,16,1,2021-12-08 09:18:03
1638955083433500000,21.95,1,21.9,8,21.95,15,1,2021-12-08 09:18:03
1638955087100738000,21.9,1,21.9,7,21.95,16,2,2021-12-08 09:18:07
1638955092077063000,21.95,1,21.9,7,21.95,15,1,2021-12-08 09:18:12
1638955094665690000,21.9,5,21.9,3,21.95,15,2,2021-12-08 09:18:14
1638955099495554000,21.9,1,21.9,3,21.95,15,2,2021-12-08 09:18:19
1638955100607921000,21.95,1,21.9,3,21.95,14,1,2021-12-08 09:18:20
1638955108411701000,21.9,3,21.85,8,21.95,15,2,2021-12-08 09:18:28
1638955117419476000,21.85,9,21.75,2,21.9,17,2,2021-12-08 09:18:37
1638955118303039000,21.9,2,21.75,2,21.9,15,1,2021-12-08 09:18:38
1638955118792704000,21.9,1,21.75,2,21.9,14,1,2021-12-08 09:18:38
1638955123655324000,21.9,5,21.8,1,21.9,9,1,2021-12-08 09:18:43
1638955133753932000,21.85,1,21.8,2,21.85,1,2,2021-12-08 09:18:53
1638955133884273000,21.8,1,21.8,1,21.85,1,2,2021-12-08 09:18:53
1638955139716413000,21.8,2,21.75,2,21.8,8,2,2021-12-08 09:18:59
1638955148727615000,21.75,2,21.7,2,21.75,1,2,2021-12-08 09:19:08
1638955148732674000,21.75,1,21.7,2,21.8,8,1,2021-12-08 09:19:08
1638955157127894000,21.7,2,21.6,3,21.7,7,2,2021-12-08 09:19:17
1638955157159409000,21.7,7,21.6,3,21.8,8,1,2021-12-08 09:19:17
1638955177698972000,21.7,1,21.7,8,21.75,8,1,2021-12-08 09:19:37
1638955181706225000,21.75,8,21.7,18,21.85,1,1,2021-12-08 09:19:41
1638955181780303000,21.85,1,21.7,18,21.9,4,1,2021-12-08 09:19:41
1638955219427899000,21.85,1,21.75,2,21.9,4,1,2021-12-08 09:20:19
1638955219427899000,21.9,1,21.75,2,21.9,4,1,2021-12-08 09:20:19
1638955228080801000,21.9,4,21.85,1,21.95,5,1,2021-12-08 09:20:28
1638955228930997000,21.85,1,21.8,5,21.95,5,2,2021-12-08 09:20:28
1638955244237626000,21.9,1,21.8,5,21.95,5,1,2021-12-08 09:20:44
1638955246187800000,21.8,1,21.8,5,21.95,5,2,2021-12-08 09:20:46
1638955290893279000,21.85,1,21.8,8,21.9,2,1,2021-12-08 09:21:30
1638955304732844000,21.85,2,21.8,8,21.9,2,1,2021-12-08 09:21:44
1638955335266046000,21.85,1,21.8,10,21.9,2,1,2021-12-08 09:22:15
1638955335990325000,21.9,1,21.8,10,21.9,1,1,2021-12-08 09:22:15
1638955364991152000,21.9,1,21.8,15,21.95,5,1,2021-12-08 09:22:44
1638955364991152000,21.95,1,21.8,15,21.95,5,1,2021-12-08 09:22:44
1638955370500464000,21.95,1,21.8,15,21.95,4,1,2021-12-08 09:22:50
1638955384135517000,21.95,3,21.85,1,21.95,4,1,2021-12-08 09:23:04
1638955417221429000,21.9,1,21.85,6,21.9,1,2,2021-12-08 09:23:37
1638955420603914000,21.85,1,21.85,5,21.95,7,2,2021-12-08 09:23:40
1638955424586406000,21.9,1,21.85,4,21.95,7,1,2021-12-08 09:23:44
1638955443744186000,21.9,1,21.9,8,21.95,5,2,2021-12-08 09:24:03
1638955443771487000,21.9,6,21.9,2,21.95,5,2,2021-12-08 09:24:03
1638955443791673000,21.9,2,21.85,4,21.95,5,2,2021-12-08 09:24:03
1638955490405531000,21.95,1,21.9,13,21.95,5,1,2021-12-08 09:24:50
1638955511147003000,21.95,1,21.9,13,21.95,5,1,2021-12-08 09:25:11
1638955512461875000,21.95,1,21.9,13,21.95,4,1,2021-12-08 09:25:12
1638955541609439000,21.9,1,21.9,12,21.95,5,2,2021-12-08 09:25:41
1638955542695487000,21.9,12,21.85,4,21.95,8,2,2021-12-08 09:25:42
1638955556347064000,21.85,1,21.85,3,21.9,1,2,2021-12-08 09:25:56
1638955556377208000,21.85,3,21.8,6,21.9,1,2,2021-12-08 09:25:56
1638955562836381000,21.8,1,21.8,5,21.9,1,2,2021-12-08 09:26:02
1638955590520985000,21.8,1,21.8,4,21.9,1,2,2021-12-08 09:26:30
1638955593649446000,21.8,1,21.8,3,21.95,8,2,2021-12-08 09:26:33
1638955596401689000,21.8,2,21.8,1,21.95,8,2,2021-12-08 09:26:36
1638955596411395000,21.8,1,21.75,11,21.95,8,2,2021-12-08 09:26:36
1638955662353443000,21.75,10,21.75,1,21.8,2,2,2021-12-08 09:27:42
1638955662385111000,21.75,1,21.7,13,21.8,2,2,2021-12-08 09:27:42
1638955669287968000,21.7,2,21.7,11,21.75,2,2,2021-12-08 09:27:49
1638955669335386000,21.7,4,21.7,7,21.75,2,2,2021-12-08 09:27:49
1638955678127304000,21.7,5,21.7,2,21.75,2,2,2021-12-08 09:27:58
1638955678159011000,21.7,2,21.65,11,21.75,2,2,2021-12-08 09:27:58
1638955699568409000,21.7,1,21.65,11,21.75,7,1,2021-12-08 09:28:19
1638955716940457000,21.65,2,21.65,9,21.7,5,2,2021-12-08 09:28:36
1638955744082273000,21.7,5,21.65,9,21.75,5,1,2021-12-08 09:29:04
1638955757105648000,21.7,1,21.7,2,21.75,5,2,2021-12-08 09:29:17
1638955757126607000,21.7,2,21.65,9,21.75,5,2,2021-12-08 09:29:17
1638955768663803000,21.7,1,21.65,12,21.75,5,2,2021-12-08 09:29:28
1638955772025233000,21.65,10,21.65,2,21.75,5,2,2021-12-08 09:29:32
1638955835741794000,21.7,1,21.65,2,21.75,1,1,2021-12-08 09:30:35
1638955835741794000,21.65,1,21.65,2,21.75,1,2,2021-12-08 09:30:35
1638955861255957000,21.65,2,21.6,12,21.65,5,2,2021-12-08 09:31:01
1638955861281277000,21.65,5,21.6,12,21.75,1,1,2021-12-08 09:31:01
1638955864966341000,21.6,2,21.6,10,21.75,1,2,2021-12-08 09:31:04
1638955873194643000,21.6,1,21.6,12,21.75,1,2,2021-12-08 09:31:13
1638955885412782000,21.75,1,21.6,12,21.9,18,1,2021-12-08 09:31:25
1638955885412782000,21.9,1,21.6,12,21.9,18,1,2021-12-08 09:31:25
1638955893751365000,21.85,1,21.65,3,21.9,11,2,2021-12-08 09:31:33
1638955893776635000,21.65,1,21.65,2,21.9,11,2,2021-12-08 09:31:33
1638955959217553000,21.65,1,21.65,8,21.85,1,2,2021-12-08 09:32:39
1638955964111896000,21.65,1,21.65,7,21.85,1,2,2021-12-08 09:32:44
1638956149920249000,21.85,1,21.75,1,21.85,10,1,2021-12-08 09:35:49
1638956158557909000,21.85,1,21.75,1,21.85,7,1,2021-12-08 09:35:58
1638956160102147000,21.85,3,21.75,1,21.85,4,1,2021-12-08 09:36:00
1638956160123922000,21.85,1,21.75,1,21.85,3,1,2021-12-08 09:36:00
1638956161380335000,21.85,3,21.75,1,21.9,12,1,2021-12-08 09:36:01
1638956167019734000,21.9,1,21.75,1,21.9,11,1,2021-12-08 09:36:07
1638956178734722000,21.85,3,21.85,2,21.9,12,2,2021-12-08 09:36:18
1638956180289244000,21.85,1,21.85,1,21.9,12,2,2021-12-08 09:36:20
1638956190846621000,21.85,1,21.65,16,21.9,12,2,2021-12-08 09:36:30
1638956190846621000,21.75,1,21.65,16,21.9,12,2,2021-12-08 09:36:30
1638956190846621000,21.7,3,21.65,16,21.9,12,2,2021-12-08 09:36:30
1638956219257295000,21.85,4,21.7,1,21.9,10,1,2021-12-08 09:36:59
1638956219257295000,21.9,1,21.7,1,21.9,10,1,2021-12-08 09:36:59
1638956232444821000,21.9,1,21.7,6,21.9,9,1,2021-12-08 09:37:12
1638956232992180000,21.9,1,21.7,6,21.9,8,1,2021-12-08 09:37:12
1638956239525256000,21.9,8,21.75,20,21.95,7,1,2021-12-08 09:37:19
1638956243080524000,21.95,2,21.8,2,21.95,5,1,2021-12-08 09:37:23
1638956243111875000,21.95,5,21.8,2,22.0,24,1,2021-12-08 09:37:23
1638956245480987000,21.9,1,21.8,2,22.0,24,2,2021-12-08 09:37:25
1638956245501468000,22.0,12,21.8,2,22.0,12,1,2021-12-08 09:37:25
1638956245521829000,22.0,5,21.8,2,22.0,7,1,2021-12-08 09:37:25
1638956265379891000,22.0,2,21.85,2,22.0,7,1,2021-12-08 09:37:45
1638956266445600000,22.0,1,21.85,2,22.0,8,1,2021-12-08 09:37:46
1638956266779894000,22.0,1,21.85,2,22.0,7,1,2021-12-08 09:37:46
1638956280625234000,22.0,2,21.9,3,22.0,17,1,2021-12-08 09:38:00
1638956292508238000,22.0,17,22.0,3,22.05,3,1,2021-12-08 09:38:12
1638956292529243000,22.0,3,21.9,3,22.05,3,2,2021-12-08 09:38:12
1638956320830989000,22.0,5,21.9,3,22.05,8,1,2021-12-08 09:38:40
1638956326076380000,21.95,2,21.9,3,22.0,2,2,2021-12-08 09:38:46
1638956345241879000,22.0,2,22.0,1,22.05,5,1,2021-12-08 09:39:05
1638956354689734000,22.05,4,22.0,1,22.05,1,1,2021-12-08 09:39:14
1638956367248700000,22.05,1,22.05,4,22.1,9,1,2021-12-08 09:39:27
1638956372469633000,22.1,1,22.05,4,22.1,8,1,2021-12-08 09:39:32
1638956372705099000,22.1,1,22.05,5,22.1,7,1,2021-12-08 09:39:32
1638956373422361000,22.05,2,22.05,3,22.1,7,2,2021-12-08 09:39:33
1638956385620725000,22.1,2,22.05,3,22.1,5,1,2021-12-08 09:39:45
1638956390165394000,22.1,1,22.05,3,22.1,3,1,2021-12-08 09:39:50
1638956391368695000,22.05,1,22.05,2,22.1,3,2,2021-12-08 09:39:51
1638956394591130000,22.05,2,22.0,2,22.1,3,2,2021-12-08 09:39:54
1638956468106726000,22.05,2,22.05,3,22.1,4,2,2021-12-08 09:41:08
1638956484430838000,22.1,4,22.1,6,22.15,1,1,2021-12-08 09:41:24
1638956484644185000,22.1,1,22.1,5,22.15,1,2,2021-12-08 09:41:24
1638956487662297000,22.1,1,22.1,4,22.15,1,2,2021-12-08 09:41:27
1638956499005704000,22.1,1,22.1,23,22.15,1,2,2021-12-08 09:41:39
1638956503249335000,22.1,1,22.1,22,22.15,1,2,2021-12-08 09:41:43
1638956506025435000,22.15,1,22.1,22,22.2,14,1,2021-12-08 09:41:46
1638956507803977000,22.1,2,22.1,20,22.2,14,2,2021-12-08 09:41:47
1638956518402661000,22.1,2,22.1,18,22.15,3,2,2021-12-08 09:41:58
1638956521084004000,22.1,10,22.1,8,22.15,3,2,2021-12-08 09:42:01
1638956521111704000,22.1,8,22.05,3,22.15,3,2,2021-12-08 09:42:01
1638956553023305000,22.1,1,22.05,4,22.1,2,1,2021-12-08 09:42:33
1638956564937090000,22.1,2,22.05,4,22.1,2,1,2021-12-08 09:42:44
1638956576967118000,22.1,1,22.05,3,22.1,3,1,2021-12-08 09:42:56
1638956588738973000,22.05,3,22.0,1,22.05,5,2,2021-12-08 09:43:08
1638956616144406000,22.0,1,21.95,15,22.05,5,2,2021-12-08 09:43:36
1638956623101995000,22.0,1,22.0,5,22.05,5,2,2021-12-08 09:43:43
1638956637007906000,22.0,1,22.0,4,22.05,5,2,2021-12-08 09:43:57
1638956640870802000,22.0,1,22.0,3,22.05,5,2,2021-12-08 09:44:00
1638956640898058000,22.0,2,22.0,1,22.05,5,2,2021-12-08 09:44:00
1638956642104909000,22.0,1,21.95,5,22.05,5,2,2021-12-08 09:44:02
1638956681672421000,21.95,5,21.85,1,22.0,2,2,2021-12-08 09:44:41
1638956705935519000,21.85,1,21.8,4,21.95,3,2,2021-12-08 09:45:05
1638956746818947000,21.85,1,21.8,4,22.0,2,2,2021-12-08 09:45:46
1638956782211289000,21.85,1,21.8,4,21.95,2,2,2021-12-08 09:46:22
1638956891229283000,21.8,2,21.8,2,21.85,8,2,2021-12-08 09:48:11
1638956896388300000,21.8,2,21.75,32,21.85,8,2,2021-12-08 09:48:16
1638956916025717000,21.75,3,21.75,29,21.8,1,2,2021-12-08 09:48:36
1638956960944273000,21.75,2,21.75,27,21.8,6,2,2021-12-08 09:49:20
1638957007863078000,21.75,2,21.75,28,21.8,6,2,2021-12-08 09:50:07
1638957100612812000,21.75,8,21.75,20,21.8,6,2,2021-12-08 09:51:40
1638957156222308000,21.75,20,21.7,2,21.8,6,2,2021-12-08 09:52:36
1638957202329865000,21.75,1,21.75,1,21.8,6,2,2021-12-08 09:53:22
1638957289450847000,21.7,1,21.7,2,21.8,6,2,2021-12-08 09:54:49
1638957305377484000,21.7,2,21.65,18,21.8,6,2,2021-12-08 09:55:05
1638957305377484000,21.65,2,21.65,18,21.8,6,2,2021-12-08 09:55:05
1638957334924806000,21.65,7,21.65,12,21.8,6,2,2021-12-08 09:55:34
1638957343873863000,21.65,3,21.65,10,21.8,6,2,2021-12-08 09:55:43
1638957448121648000,21.65,2,21.65,8,21.7,1,2,2021-12-08 09:57:28
1638957469661652000,21.65,1,21.65,8,21.7,1,2,2021-12-08 09:57:49
1638957478589436000,21.65,5,21.65,3,21.7,1,2,2021-12-08 09:57:58
1638957493568422000,21.65,1,21.65,2,21.7,1,2,2021-12-08 09:58:13
1638957497180100000,21.65,1,21.65,1,21.7,1,2,2021-12-08 09:58:17
1638957498032718000,21.65,1,21.6,8,21.7,1,2,2021-12-08 09:58:18
1638957565225537000,21.7,7,21.6,8,21.7,8,1,2021-12-08 09:59:25
1638957613238702000,21.7,2,21.65,5,21.7,6,1,2021-12-08 10:00:13
1638957637597072000,21.7,1,21.65,5,21.7,5,1,2021-12-08 10:00:37
1638957644571934000,21.65,5,21.6,8,21.7,17,2,2021-12-08 10:00:44
1638957656847383000,21.7,1,21.65,1,21.7,16,1,2021-12-08 10:00:56
1638957668291860000,21.7,1,21.65,1,21.7,15,1,2021-12-08 10:01:08
1638957681618208000,21.7,1,21.6,8,21.7,14,1,2021-12-08 10:01:21
1638957698347256000,21.7,1,21.6,7,21.7,13,1,2021-12-08 10:01:38
1638957835963757000,21.7,10,21.65,3,21.7,3,1,2021-12-08 10:03:55
1638957835991345000,21.7,3,21.65,3,21.8,5,1,2021-12-08 10:03:55
1638958055412073000,21.7,1,21.65,1,21.8,5,1,2021-12-08 10:07:35
1638958281659090000,21.75,1,21.7,10,21.8,6,1,2021-12-08 10:11:21
1638958316551429000,21.8,1,21.75,5,21.8,5,1,2021-12-08 10:11:56
1638958317526435000,21.8,1,21.75,5,21.8,4,1,2021-12-08 10:11:57
1638958318471458000,21.8,1,21.75,5,21.8,3,1,2021-12-08 10:11:58
1638958319412430000,21.8,1,21.75,5,21.8,2,1,2021-12-08 10:11:59
1638958360393868000,21.8,1,21.75,5,21.8,1,1,2021-12-08 10:12:40
1638958373926008000,21.8,1,21.8,4,21.85,10,1,2021-12-08 10:12:53
1638958384174191000,21.8,1,21.8,4,21.85,10,2,2021-12-08 10:13:04
1638958429456856000,21.8,1,21.8,3,21.85,10,2,2021-12-08 10:13:49
1638958456329318000,21.8,1,21.8,2,21.85,10,2,2021-12-08 10:14:16
1638958506434256000,21.8,1,21.8,1,21.85,10,2,2021-12-08 10:15:06
1638958524819975000,21.8,1,21.75,5,21.85,10,2,2021-12-08 10:15:24
1638958680783514000,21.75,5,21.7,10,21.8,5,2,2021-12-08 10:18:00
1638958813131803000,21.7,1,21.7,10,21.75,1,2,2021-12-08 10:20:13
1638958932977717000,21.75,1,21.75,8,21.8,3,1,2021-12-08 10:22:12
1638959103033521000,21.8,3,21.8,2,21.85,10,1,2021-12-08 10:25:03
1638959103068978000,21.8,2,21.75,8,21.85,10,2,2021-12-08 10:25:03
1638959140593469000,21.8,1,21.75,8,21.8,1,2,2021-12-08 10:25:40
1638959218043845000,21.8,2,21.75,8,21.85,11,1,2021-12-08 10:26:58
1638959234414172000,21.8,1,21.7,1,21.85,11,2,2021-12-08 10:27:14
1638959234414177000,21.8,7,21.7,1,21.85,11,2,2021-12-08 10:27:14
1638959333620642000,21.8,1,21.7,2,21.8,2,1,2021-12-08 10:28:53
1638959333642527000,21.8,2,21.7,2,21.85,11,1,2021-12-08 10:28:53
1638959377234023000,21.85,2,21.7,2,21.85,9,1,2021-12-08 10:29:37
1638959528267233000,21.85,1,21.75,1,21.85,12,1,2021-12-08 10:32:08
1638959578638233000,21.85,1,21.75,3,21.85,11,1,2021-12-08 10:32:58
1638959619204905000,21.85,2,21.8,5,21.85,9,1,2021-12-08 10:33:39
1638959633482261000,21.85,9,21.85,2,21.9,2,1,2021-12-08 10:33:53
1638959636644167000,21.9,2,21.85,4,21.95,5,1,2021-12-08 10:33:56
1638959677313071000,21.95,6,21.9,6,22.0,33,1,2021-12-08 10:34:37
1638959718859925000,21.95,2,21.9,6,22.0,34,1,2021-12-08 10:35:18
1638959725045639000,21.95,1,21.9,6,21.95,2,1,2021-12-08 10:35:25
1638959730731593000,21.95,2,21.9,5,22.0,34,1,2021-12-08 10:35:30
1638959734883152000,21.95,5,21.95,5,22.0,34,1,2021-12-08 10:35:34
1638959744599321000,22.0,32,21.95,17,22.0,2,1,2021-12-08 10:35:44
1638959744609882000,22.0,2,21.95,17,22.05,2,1,2021-12-08 10:35:44
1638959744835633000,22.05,2,22.0,2,22.1,9,1,2021-12-08 10:35:44
1638959764077918000,22.1,2,22.0,9,22.1,6,1,2021-12-08 10:36:04
1638959764308768000,22.1,2,22.0,9,22.1,4,1,2021-12-08 10:36:04
1638959768976653000,22.1,1,22.0,9,22.1,3,1,2021-12-08 10:36:08
1638959769016640000,22.1,3,22.0,9,22.15,4,1,2021-12-08 10:36:09
1638959773775256000,22.15,2,22.1,13,22.15,1,1,2021-12-08 10:36:13
1638959778307393000,22.15,2,22.15,3,22.2,17,1,2021-12-08 10:36:18
1638959783107315000,22.2,1,22.15,4,22.2,16,1,2021-12-08 10:36:23
1638959794395551000,22.2,10,22.15,5,22.2,5,1,2021-12-08 10:36:34
1638959794411504000,22.2,2,22.15,5,22.2,3,1,2021-12-08 10:36:34
1638959796724700000,22.2,3,22.15,5,22.25,7,1,2021-12-08 10:36:36
1638959797095759000,22.15,1,22.15,4,22.25,7,2,2021-12-08 10:36:37
1638959823947319000,22.25,2,22.2,19,22.25,13,1,2021-12-08 10:37:03
1638959824329162000,22.25,10,22.2,19,22.25,3,1,2021-12-08 10:37:04
1638959824350526000,22.25,3,22.2,19,22.3,45,1,2021-12-08 10:37:04
1638959830011460000,22.25,1,22.2,19,22.25,4,1,2021-12-08 10:37:10
1638959836885967000,22.25,10,22.2,19,22.25,2,1,2021-12-08 10:37:16
1638959836922798000,22.25,2,22.2,19,22.3,44,1,2021-12-08 10:37:16
1638959837792780000,22.25,5,22.2,19,22.3,44,2,2021-12-08 10:37:17
1638959838746728000,22.3,2,22.25,10,22.3,42,1,2021-12-08 10:37:18
1638959842169745000,22.3,5,22.25,10,22.3,42,1,2021-12-08 10:37:22
1638959847028211000,22.3,2,22.25,10,22.3,40,1,2021-12-08 10:37:27
1638959850522109000,22.3,5,22.25,10,22.3,35,1,2021-12-08 10:37:30
1638959852683693000,22.25,1,22.25,9,22.3,35,2,2021-12-08 10:37:32
1638959859557012000,22.25,1,22.25,8,22.3,35,2,2021-12-08 10:37:39
1638959859585121000,22.25,8,22.2,17,22.3,35,2,2021-12-08 10:37:39
1638959863424791000,22.25,5,22.2,18,22.3,41,1,2021-12-08 10:37:43
1638959869461366000,22.25,1,22.25,1,22.3,42,2,2021-12-08 10:37:49
1638959879084305000,22.25,1,22.2,17,22.3,42,2,2021-12-08 10:37:59
1638959884338285000,22.25,1,22.2,17,22.3,42,1,2021-12-08 10:38:04
1638959893375039000,22.25,1,22.25,9,22.3,47,2,2021-12-08 10:38:13
1638959895023506000,22.25,3,22.25,6,22.3,47,2,2021-12-08 10:38:15
1638959895981911000,22.25,1,22.25,5,22.3,47,2,2021-12-08 10:38:15
1638959896000382000,22.25,5,22.2,17,22.3,47,2,2021-12-08 10:38:16
1638959897728543000,22.25,2,22.2,17,22.25,5,2,2021-12-08 10:38:17
1638959904043510000,22.25,1,22.2,17,22.25,7,1,2021-12-08 10:38:24
1638959925827918000,22.2,1,22.2,16,22.25,13,2,2021-12-08 10:38:45
1638959926748175000,22.2,1,22.2,15,22.25,13,2,2021-12-08 10:38:46
1638959926780620000,22.2,15,22.15,13,22.25,13,2,2021-12-08 10:38:46
1638959943629753000,22.2,1,22.15,14,22.2,3,1,2021-12-08 10:39:03
1638959968052064000,22.2,1,22.15,11,22.2,2,1,2021-12-08 10:39:28
1638959975728431000,22.2,1,22.15,11,22.2,2,1,2021-12-08 10:39:35
1638959996999453000,22.2,2,22.15,31,22.25,12,1,2021-12-08 10:39:56
1638960064359997000,22.2,7,22.15,51,22.25,12,1,2021-12-08 10:41:04
1638960068205189000,22.2,1,22.15,51,22.25,12,1,2021-12-08 10:41:08
1638960100847931000,22.25,12,22.2,10,22.3,48,1,2021-12-08 10:41:40
1638960165286485000,22.25,6,22.25,5,22.3,52,2,2021-12-08 10:42:45
1638960194281037000,22.25,5,22.25,2,22.3,52,2,2021-12-08 10:43:14
1638960228429785000,22.25,2,22.25,3,22.3,52,2,2021-12-08 10:43:48
1638960254756817000,22.25,1,22.25,4,22.3,52,2,2021-12-08 10:44:14
1638960260661716000,22.25,1,22.25,1,22.3,52,2,2021-12-08 10:44:20
1638960260681104000,22.25,1,22.2,11,22.3,52,2,2021-12-08 10:44:20
1638960313140058000,22.25,1,22.2,9,22.25,6,1,2021-12-08 10:45:13
1638960347320605000,22.25,1,22.2,9,22.25,5,1,2021-12-08 10:45:47
1638960419237568000,22.25,1,22.2,9,22.25,9,1,2021-12-08 10:46:59
1638960442239964000,22.25,11,22.2,9,22.3,48,1,2021-12-08 10:47:22
1638960445189509000,22.25,1,22.2,11,22.3,47,1,2021-12-08 10:47:25
1638960459347556000,22.25,3,22.2,9,22.3,47,1,2021-12-08 10:47:39
1638960477986877000,22.25,3,22.2,9,22.3,52,1,2021-12-08 10:47:57
1638960505825353000,22.2,8,22.2,3,22.25,5,2,2021-12-08 10:48:25
1638960526294121000,22.25,5,22.2,1,22.3,47,1,2021-12-08 10:48:46
1638960527778067000,22.2,2,22.2,1,22.3,47,2,2021-12-08 10:48:47
1638960543695968000,22.2,1,22.2,5,22.3,48,2,2021-12-08 10:49:03
1638960566213165000,22.25,1,22.2,5,22.3,46,1,2021-12-08 10:49:26
1638960566591105000,22.3,20,22.2,5,22.3,26,1,2021-12-08 10:49:26
1638960566622972000,22.3,5,22.2,5,22.3,21,1,2021-12-08 10:49:26
1638960566624046000,22.3,21,22.2,5,22.35,9,1,2021-12-08 10:49:26
1638960568228120000,22.35,3,22.2,5,22.35,6,1,2021-12-08 10:49:28
1638960568283057000,22.35,3,22.2,5,22.35,3,1,2021-12-08 10:49:28
1638960568309386000,22.35,3,22.2,5,22.4,20,1,2021-12-08 10:49:28
1638960568344015000,22.4,3,22.2,5,22.4,17,1,2021-12-08 10:49:28
1638960568371777000,22.4,10,22.2,5,22.4,7,1,2021-12-08 10:49:28
1638960568399842000,22.4,3,22.2,5,22.4,4,1,2021-12-08 10:49:28
1638960568402421000,22.4,4,22.2,5,22.45,7,1,2021-12-08 10:49:28
1638960568437157000,22.45,3,22.2,5,22.45,2,1,2021-12-08 10:49:28
1638960568441254000,22.45,2,22.2,5,22.5,11,1,2021-12-08 10:49:28
1638960568441254000,22.5,1,22.2,5,22.5,11,1,2021-12-08 10:49:28
1638960568446086000,22.5,3,22.2,5,22.5,8,1,2021-12-08 10:49:28
1638960568495981000,22.5,1,22.25,1,22.5,7,1,2021-12-08 10:49:28
1638960572222647000,22.5,5,22.4,2,22.5,2,1,2021-12-08 10:49:32
1638960586380082000,22.5,2,22.45,2,22.55,11,1,2021-12-08 10:49:46
1638960589146733000,22.5,1,22.5,1,22.55,11,2,2021-12-08 10:49:49
1638960591769451000,22.55,1,22.5,3,22.6,2,1,2021-12-08 10:49:51
1638960614019180000,22.5,1,22.45,3,22.55,10,2,2021-12-08 10:50:14
1638960614019180000,22.45,1,22.45,3,22.55,10,2,2021-12-08 10:50:14
1638960621328816000,22.5,3,22.45,1,22.5,2,1,2021-12-08 10:50:21
1638960625534131000,22.45,1,22.4,2,22.5,3,2,2021-12-08 10:50:25
1638960633933632000,22.45,1,22.4,2,22.5,5,2,2021-12-08 10:50:33
1638960648277766000,22.45,1,22.4,6,22.5,7,2,2021-12-08 10:50:48
1638960659404751000,22.45,1,22.4,6,22.45,4,2,2021-12-08 10:50:59
1638960679808553000,22.45,1,22.4,6,22.45,9,1,2021-12-08 10:51:19
1638960680046310000,22.45,2,22.4,6,22.45,7,1,2021-12-08 10:51:20
1638960694162504000,22.45,7,22.4,6,22.45,3,1,2021-12-08 10:51:34
1638960701016993000,22.45,2,22.4,6,22.45,2,1,2021-12-08 10:51:41
1638960701243315000,22.45,1,22.4,6,22.45,1,1,2021-12-08 10:51:41
1638960701256859000,22.45,1,22.4,6,22.5,11,1,2021-12-08 10:51:41
1638960702457108000,22.4,1,22.4,7,22.5,11,2,2021-12-08 10:51:42
1638960705600471000,22.5,2,22.4,7,22.5,9,1,2021-12-08 10:51:45
1638960743586600000,22.45,1,22.45,2,22.5,14,2,2021-12-08 10:52:23
1638960744766974000,22.45,1,22.45,1,22.5,14,2,2021-12-08 10:52:24
1638960757804553000,22.45,1,22.4,3,22.5,14,2,2021-12-08 10:52:37
1638960792022522000,22.45,1,22.4,3,22.45,2,1,2021-12-08 10:53:12
1638960847695021000,22.45,3,22.4,3,22.5,14,1,2021-12-08 10:54:07
1638960861341445000,22.45,2,22.45,2,22.5,14,1,2021-12-08 10:54:21
1638960877021932000,22.45,2,22.45,1,22.5,14,2,2021-12-08 10:54:37
1638960911131501000,22.45,1,22.4,3,22.45,2,2,2021-12-08 10:55:11
1638960920437497000,22.45,1,22.4,3,22.45,1,1,2021-12-08 10:55:20
1638960937484782000,22.45,1,22.4,5,22.45,1,1,2021-12-08 10:55:37
1638960937664190000,22.45,1,22.4,5,22.5,16,1,2021-12-08 10:55:37
1638960957008145000,22.45,1,22.4,4,22.5,16,1,2021-12-08 10:55:57
1638960990748201000,22.45,1,22.4,4,22.45,8,1,2021-12-08 10:56:30
1638961001571437000,22.45,1,22.4,4,22.45,9,1,2021-12-08 10:56:41
1638961033340036000,22.45,1,22.4,4,22.45,9,1,2021-12-08 10:57:13
1638961062345712000,22.4,4,22.35,16,22.45,23,2,2021-12-08 10:57:42
1638961126804683000,22.35,6,22.35,10,22.4,3,2,2021-12-08 10:58:46
1638961127039827000,22.35,2,22.35,8,22.4,3,2,2021-12-08 10:58:47
1638961128194289000,22.35,2,22.35,6,22.4,3,2,2021-12-08 10:58:48
1638961128220340000,22.35,6,22.3,1,22.4,3,2,2021-12-08 10:58:48
1638961191038295000,22.3,1,22.25,14,22.3,1,2,2021-12-08 10:59:51
1638961198397693000,22.3,1,22.25,14,22.35,5,1,2021-12-08 10:59:58
1638961212834282000,22.25,1,22.25,14,22.35,5,2,2021-12-08 11:00:12
1638961221318267000,22.3,1,22.25,14,22.35,5,1,2021-12-08 11:00:21
1638961265997050000,22.3,1,22.25,13,22.35,5,2,2021-12-08 11:01:05
1638961415880613000,22.3,2,22.25,13,22.3,7,1,2021-12-08 11:03:35
1638961425106725000,22.3,2,22.25,23,22.3,7,1,2021-12-08 11:03:45
1638961437405412000,22.3,2,22.25,23,22.3,5,1,2021-12-08 11:03:57
1638961437438143000,22.3,3,22.25,23,22.3,2,1,2021-12-08 11:03:57
1638961452659079000,22.3,2,22.25,23,22.35,9,1,2021-12-08 11:04:12
1638961493112494000,22.35,5,22.3,19,22.35,1,1,2021-12-08 11:04:53
1638961493144965000,22.35,1,22.3,19,22.4,7,1,2021-12-08 11:04:53
1638961531028832000,22.4,1,22.3,17,22.4,6,1,2021-12-08 11:05:31
1638961531264764000,22.4,2,22.3,17,22.4,4,1,2021-12-08 11:05:31
1638961531482408000,22.4,4,22.35,2,22.45,19,1,2021-12-08 11:05:31
1638961531482408000,22.45,1,22.35,2,22.45,19,1,2021-12-08 11:05:31
1638961598410067000,22.4,1,22.35,3,22.4,8,2,2021-12-08 11:06:38
1638961600716600000,22.4,1,22.35,4,22.4,7,1,2021-12-08 11:06:40
1638961621718247000,22.35,1,22.35,4,22.4,8,2,2021-12-08 11:07:01
1638961664922978000,22.35,1,22.35,2,22.4,7,2,2021-12-08 11:07:44
1638961695109743000,22.35,1,22.35,1,22.4,7,2,2021-12-08 11:08:15
1638961723014161000,22.35,1,22.3,2,22.4,7,2,2021-12-08 11:08:43
1638961773665834000,22.3,2,22.25,14,22.3,1,2,2021-12-08 11:09:33
1638961785378401000,22.25,2,22.25,11,22.3,1,2,2021-12-08 11:09:45
1638961816327036000,22.3,4,22.25,11,22.35,5,1,2021-12-08 11:10:16
1638961816327036000,22.35,1,22.25,11,22.35,5,1,2021-12-08 11:10:16
1638961816812174000,22.25,3,22.25,8,22.35,5,2,2021-12-08 11:10:16
1638961826834086000,22.25,1,22.25,7,22.35,5,2,2021-12-08 11:10:26
1638961830694901000,22.25,2,22.25,5,22.35,5,2,2021-12-08 11:10:30
1638961830715946000,22.25,5,22.2,7,22.35,5,2,2021-12-08 11:10:30
1638961977282839000,22.2,3,22.2,5,22.25,5,2,2021-12-08 11:12:57
1638961993479644000,22.2,3,22.2,2,22.25,6,2,2021-12-08 11:13:13
1638962004933599000,22.2,1,22.2,1,22.25,6,2,2021-12-08 11:13:24
1638962016164923000,22.2,1,22.15,22,22.25,6,2,2021-12-08 11:13:36
1638962064845366000,22.15,1,22.15,21,22.2,5,2,2021-12-08 11:14:24
1638962070642715000,22.15,1,22.15,20,22.2,15,2,2021-12-08 11:14:30
1638962073565420000,22.15,11,22.15,9,22.2,4,2,2021-12-08 11:14:33
1638962073576969000,22.15,9,22.1,5,22.2,4,2,2021-12-08 11:14:33
1638962086292975000,22.15,2,22.1,5,22.2,3,1,2021-12-08 11:14:46
1638962087056874000,22.1,1,22.1,4,22.2,3,2,2021-12-08 11:14:47
1638962139661184000,22.2,1,22.15,6,22.35,8,1,2021-12-08 11:15:39
1638962151308360000,22.2,1,22.15,6,22.2,1,1,2021-12-08 11:15:51
1638962154635356000,22.2,1,22.15,6,22.35,6,1,2021-12-08 11:15:54
1638962378434282000,22.2,1,22.15,4,22.2,2,1,2021-12-08 11:19:38
1638962414332107000,22.2,2,22.15,4,22.35,6,1,2021-12-08 11:20:14
1638962559144712000,22.35,2,22.2,1,22.35,4,1,2021-12-08 11:22:39
1638962581266131000,22.35,1,22.15,8,22.35,3,1,2021-12-08 11:23:01
1638962674320954000,22.3,3,22.2,5,22.35,8,2,2021-12-08 11:24:34
1638962732606015000,22.3,1,22.2,12,22.35,8,1,2021-12-08 11:25:32
1638962741978936000,22.2,3,22.2,9,22.3,2,2,2021-12-08 11:25:41
1638962817403464000,22.2,3,22.2,9,22.3,2,2,2021-12-08 11:26:57
1638962878410133000,22.25,1,22.25,4,22.35,8,1,2021-12-08 11:27:58
1638962942347003000,22.25,2,22.25,4,22.3,2,2,2021-12-08 11:29:02
1638962953992987000,22.25,1,22.25,3,22.3,2,2,2021-12-08 11:29:13
1638962955668688000,22.3,2,22.25,3,22.35,7,1,2021-12-08 11:29:15
1638963013339897000,22.3,1,22.25,3,22.35,7,1,2021-12-08 11:30:13
1638963033520806000,22.3,1,22.25,3,22.35,7,1,2021-12-08 11:30:33
1638963115055204000,22.3,1,22.25,2,22.35,11,2,2021-12-08 11:31:55
1638963187887280000,22.3,1,22.25,2,22.3,1,1,2021-12-08 11:33:07
1638963188786026000,22.25,2,22.2,2,22.3,3,2,2021-12-08 11:33:08
1638963190133895000,22.25,1,22.2,2,22.3,3,2,2021-12-08 11:33:10
1638963226000360000,22.25,1,22.2,2,22.3,12,2,2021-12-08 11:33:46
1638963273953965000,22.2,2,22.2,1,22.25,3,2,2021-12-08 11:34:33
1638963295141237000,22.2,2,22.2,1,22.25,1,2,2021-12-08 11:34:55
1638963324113543000,22.2,1,22.2,3,22.25,1,2,2021-12-08 11:35:24
1638963372139691000,22.2,3,22.15,4,22.2,3,2,2021-12-08 11:36:12
1638963372501427000,22.2,1,22.15,4,22.2,2,1,2021-12-08 11:36:12
1638963372537386000,22.2,2,22.15,4,22.25,1,1,2021-12-08 11:36:12
1638963468872062000,22.2,1,22.15,4,22.25,11,2,2021-12-08 11:37:48
1638963567666855000,22.15,1,22.15,3,22.2,1,2,2021-12-08 11:39:27
1638963584391221000,22.15,1,22.15,2,22.2,6,2,2021-12-08 11:39:44
1638963591657589000,22.15,1,22.15,1,22.2,5,2,2021-12-08 11:39:51
1638963606960522000,22.2,1,22.15,1,22.2,4,1,2021-12-08 11:40:06
1638963642900029000,22.15,1,22.15,1,22.2,7,2,2021-12-08 11:40:42
1638963649474745000,22.15,1,22.1,10,22.2,7,2,2021-12-08 11:40:49
1638963666758827000,22.1,5,22.1,5,22.15,1,2,2021-12-08 11:41:06
1638963670119147000,22.1,5,22.05,10,22.15,1,2,2021-12-08 11:41:10
1638963670119147000,22.05,1,22.05,10,22.15,1,2,2021-12-08 11:41:10
1638963694944933000,22.05,2,22.05,12,22.1,1,2,2021-12-08 11:41:34
1638963697326343000,22.05,2,22.05,10,22.1,1,2,2021-12-08 11:41:37
1638963700367686000,22.05,10,22.0,27,22.1,1,2,2021-12-08 11:41:40
1638963715089481000,22.05,1,22.0,25,22.1,1,2,2021-12-08 11:41:55
1638963715089481000,22.0,4,22.0,25,22.1,1,2,2021-12-08 11:41:55
1638963724880395000,22.05,2,22.0,24,22.1,1,1,2021-12-08 11:42:04
1638963737153171000,22.05,1,22.05,4,22.1,1,2,2021-12-08 11:42:17
1638963791065855000,22.05,1,22.05,6,22.15,5,2,2021-12-08 11:43:11
1638963802684366000,22.1,3,22.05,1,22.15,6,1,2021-12-08 11:43:22
1638963802684366000,22.05,3,22.05,1,22.15,6,2,2021-12-08 11:43:22
1638963820904459000,22.05,1,22.05,3,22.1,3,2,2021-12-08 11:43:40
1638963921200434000,22.05,2,22.05,1,22.1,12,2,2021-12-08 11:45:21
1638963927656931000,22.05,1,22.0,22,22.1,11,2,2021-12-08 11:45:27
1638963943900110000,22.0,22,21.95,4,22.1,11,2,2021-12-08 11:45:43
1638963951947892000,21.95,1,21.95,5,22.1,11,2,2021-12-08 11:45:51
1638963958174978000,21.95,1,21.95,2,22.0,1,2,2021-12-08 11:45:58
1638963991562173000,21.95,2,21.9,7,21.95,4,2,2021-12-08 11:46:31
1638963991588481000,21.95,4,21.9,7,22.0,6,1,2021-12-08 11:46:31
1638963991854762000,22.0,5,21.95,2,22.0,1,1,2021-12-08 11:46:31
1638963991875781000,22.0,1,21.95,2,22.1,5,1,2021-12-08 11:46:31
1638964001559282000,21.95,2,21.9,9,22.1,5,2,2021-12-08 11:46:41
1638964090124052000,21.95,2,21.95,3,22.0,1,2,2021-12-08 11:48:10
1638964129717663000,21.95,1,21.95,4,22.0,1,2,2021-12-08 11:48:49
1638964320367333000,21.95,1,21.95,4,22.0,6,2,2021-12-08 11:52:00
1638964321659078000,22.0,3,21.95,4,22.0,3,1,2021-12-08 11:52:01
1638964321688984000,22.0,1,21.95,4,22.0,2,1,2021-12-08 11:52:01
1638964321689916000,22.0,2,21.95,4,22.05,5,1,2021-12-08 11:52:01
1638964336187354000,22.0,2,21.95,4,22.05,5,2,2021-12-08 11:52:16
1638964447072984000,22.0,1,22.0,1,22.05,5,2,2021-12-08 11:54:07
1638964523578668000,22.05,2,22.0,3,22.05,3,1,2021-12-08 11:55:23
1638964523617246000,22.05,3,22.0,3,22.1,3,1,2021-12-08 11:55:23
1638964604791403000,22.1,3,22.1,2,22.15,6,1,2021-12-08 11:56:44
1638964618326665000,22.1,1,22.1,3,22.15,6,2,2021-12-08 11:56:58
1638964863653371000,22.1,1,22.1,7,22.15,6,2,2021-12-08 12:01:03
1638964910993688000,22.1,4,22.1,3,22.15,6,2,2021-12-08 12:01:50
1638964915402492000,22.1,1,22.1,2,22.15,6,2,2021-12-08 12:01:55
1638964970242384000,22.1,1,22.1,1,22.15,6,2,2021-12-08 12:02:50
1638965074239122000,22.1,1,22.0,3,22.15,6,2,2021-12-08 12:04:34
1638965225901409000,22.1,1,22.0,3,22.1,2,1,2021-12-08 12:07:05
1638965225924089000,22.1,2,22.0,3,22.15,6,1,2021-12-08 12:07:05
1638965333423452000,22.0,1,22.0,2,22.15,8,2,2021-12-08 12:08:53
1638965609706202000,22.0,2,22.0,7,22.05,1,2,2021-12-08 12:13:29
1638965624666431000,22.0,1,22.0,6,22.05,1,2,2021-12-08 12:13:44
1638965698907952000,22.0,3,22.0,3,22.05,1,2,2021-12-08 12:14:58
1638965707808314000,22.0,1,22.0,2,22.05,1,2,2021-12-08 12:15:07
1638965713200260000,22.05,1,22.0,2,22.1,1,1,2021-12-08 12:15:13
1638966122423801000,22.05,1,21.95,9,22.05,2,1,2021-12-08 12:22:02
1638966122451477000,22.05,2,21.95,9,22.1,4,1,2021-12-08 12:22:02
1638966319138413000,22.05,1,22.0,12,22.1,4,1,2021-12-08 12:25:19
1638966333205306000,22.1,1,22.0,12,22.1,3,1,2021-12-08 12:25:33
1638966357486372000,22.1,3,22.0,14,22.15,7,1,2021-12-08 12:25:57
1638966560315052000,22.1,1,22.1,9,22.15,7,2,2021-12-08 12:29:20
1638966567902207000,22.1,1,22.1,8,22.15,7,2,2021-12-08 12:29:27
1638966604493748000,22.15,1,22.1,8,22.15,6,1,2021-12-08 12:30:04
1638966608637552000,22.15,5,22.1,8,22.15,1,1,2021-12-08 12:30:08
1638966608659762000,22.15,1,22.1,8,22.2,9,1,2021-12-08 12:30:08
1638966616623581000,22.1,5,22.1,5,22.2,4,2,2021-12-08 12:30:16
1638966666647910000,22.2,1,22.1,5,22.2,3,1,2021-12-08 12:31:06
1638966703925601000,22.2,1,22.1,3,22.2,2,1,2021-12-08 12:31:43
1638966821123511000,22.1,2,22.1,1,22.2,9,2,2021-12-08 12:33:41
1638966821150011000,22.1,1,22.05,1,22.2,9,2,2021-12-08 12:33:41
1638966871930636000,22.05,3,22.0,15,22.05,2,2,2021-12-08 12:34:31
1638966871948604000,22.05,2,22.0,15,22.2,29,1,2021-12-08 12:34:31
1638966884836154000,22.05,3,22.0,15,22.15,6,2,2021-12-08 12:34:44
1638967141083682000,22.05,1,22.0,21,22.05,3,1,2021-12-08 12:39:01
1638967141112785000,22.05,3,22.0,21,22.1,1,1,2021-12-08 12:39:01
1638967389011450000,22.1,1,22.05,12,22.15,7,1,2021-12-08 12:43:09
1638967480801281000,22.1,1,22.05,12,22.15,7,2,2021-12-08 12:44:40
1638967586662451000,22.1,1,22.05,12,22.15,7,2,2021-12-08 12:46:26
1638967615136748000,22.05,10,22.05,2,22.15,7,2,2021-12-08 12:46:55
1638967615166969000,22.05,2,22.0,12,22.15,7,2,2021-12-08 12:46:55
1638967631002842000,22.15,7,22.15,13,22.2,12,1,2021-12-08 12:47:11
1638967634237925000,22.2,4,22.15,13,22.2,8,1,2021-12-08 12:47:14
1638967659571937000,22.2,2,22.15,13,22.2,6,1,2021-12-08 12:47:39
1638967660069098000,22.2,1,22.15,13,22.2,5,1,2021-12-08 12:47:40
1638967666227163000,22.2,5,22.2,8,22.25,13,1,2021-12-08 12:47:46
1638967669098055000,22.2,3,22.2,5,22.25,13,2,2021-12-08 12:47:49
1638967669128547000,22.2,5,22.0,19,22.25,13,2,2021-12-08 12:47:49
1638967690571276000,22.2,1,22.0,19,22.25,13,2,2021-12-08 12:48:10
1638967785247896000,22.1,1,22.0,18,22.2,28,2,2021-12-08 12:49:45
1638967955283204000,22.0,1,22.0,16,22.1,4,2,2021-12-08 12:52:35
1638967964786757000,22.0,6,22.0,10,22.1,6,2,2021-12-08 12:52:44
1638967964822402000,22.0,10,21.95,11,22.1,6,2,2021-12-08 12:52:44
1638967980751667000,21.95,3,21.95,6,22.0,1,2,2021-12-08 12:53:00
1638967985260881000,21.95,1,21.95,5,22.0,2,2,2021-12-08 12:53:05
1638967985461382000,21.95,2,21.95,3,22.0,2,2,2021-12-08 12:53:05
1638967986069901000,21.95,1,21.95,2,22.0,2,2,2021-12-08 12:53:06
1638967986605684000,21.95,2,21.9,6,22.0,4,2,2021-12-08 12:53:06
1638967986605684000,21.9,4,21.9,6,22.0,4,2,2021-12-08 12:53:06
1638967986635607000,21.9,6,21.85,4,22.0,4,2,2021-12-08 12:53:06
1638967990748870000,21.95,4,21.85,4,22.0,7,1,2021-12-08 12:53:10
1638967993475608000,21.9,1,21.85,4,22.0,10,2,2021-12-08 12:53:13
1638968040572894000,21.85,1,21.85,3,21.9,13,2,2021-12-08 12:54:00
1638968040601272000,21.85,3,21.8,6,21.9,13,2,2021-12-08 12:54:00
1638968042804192000,21.8,2,21.8,4,21.9,13,2,2021-12-08 12:54:02
1638968045999178000,21.8,4,21.75,8,21.8,1,2,2021-12-08 12:54:05
1638968046027970000,21.75,2,21.75,6,21.8,1,2,2021-12-08 12:54:06
1638968054427454000,21.75,1,21.75,5,21.8,3,2,2021-12-08 12:54:14
1638968058680588000,21.75,1,21.75,4,21.8,3,2,2021-12-08 12:54:18
1638968058714424000,21.75,4,21.7,7,21.8,3,2,2021-12-08 12:54:18
1638968065312095000,21.75,1,21.7,7,21.8,3,2,2021-12-08 12:54:25
1638968070142003000,21.75,1,21.75,4,21.8,3,2,2021-12-08 12:54:30
1638968070346154000,21.75,4,21.7,6,21.8,3,2,2021-12-08 12:54:30
1638968070346154000,21.7,1,21.7,6,21.8,3,2,2021-12-08 12:54:30
1638968078403893000,21.7,1,21.7,5,21.8,2,2,2021-12-08 12:54:38
1638968081604387000,21.7,5,21.6,5,21.8,2,2,2021-12-08 12:54:41
1638968081604387000,21.65,3,21.6,5,21.8,2,2,2021-12-08 12:54:41
1638968081604387000,21.6,2,21.6,5,21.8,2,2,2021-12-08 12:54:41
1638968090258751000,21.6,1,21.6,4,21.7,1,2,2021-12-08 12:54:50
1638968092758388000,21.6,1,21.6,3,21.8,5,2,2021-12-08 12:54:52
1638968123925076000,21.6,1,21.6,5,21.7,6,2,2021-12-08 12:55:23
1638968151103597000,21.7,6,21.6,12,21.85,2,1,2021-12-08 12:55:51
1638968159439689000,21.65,2,21.6,14,21.85,6,2,2021-12-08 12:55:59
1638968204501809000,21.7,2,21.65,4,21.7,13,1,2021-12-08 12:56:44
1638968211661731000,21.65,2,21.65,2,21.7,14,2,2021-12-08 12:56:51
1638968250982044000,21.65,1,21.65,1,21.7,14,2,2021-12-08 12:57:30
1638968270653266000,21.65,1,21.6,13,21.65,1,2,2021-12-08 12:57:50
1638968270688122000,21.65,1,21.6,13,21.7,14,1,2021-12-08 12:57:50
1638968294421801000,21.7,1,21.65,2,21.7,13,1,2021-12-08 12:58:14
1638968294455359000,21.7,5,21.65,2,21.7,8,1,2021-12-08 12:58:14
1638968294488340000,21.7,8,21.65,2,21.8,2,1,2021-12-08 12:58:14
1638968378474698000,21.7,4,21.6,12,21.8,9,2,2021-12-08 12:59:38
1638968483478533000,21.7,5,21.6,7,21.7,2,1,2021-12-08 13:01:23
1638968483500667000,21.7,2,21.6,7,21.75,5,1,2021-12-08 13:01:23
1638968540723917000,21.7,1,21.65,4,21.75,5,2,2021-12-08 13:02:20
1638968672775119000,21.65,1,21.65,5,21.7,1,2,2021-12-08 13:04:32
1638968676456524000,21.7,1,21.65,5,21.75,6,1,2021-12-08 13:04:36
1638968689010654000,21.65,5,21.6,8,21.7,1,2,2021-12-08 13:04:49
1638968695448129000,21.7,1,21.6,7,21.75,15,1,2021-12-08 13:04:55
1638968777353463000,21.7,1,21.7,1,21.75,15,1,2021-12-08 13:06:17
1638968813992806000,21.7,1,21.6,7,21.75,15,2,2021-12-08 13:06:53
1638968910281587000,21.65,1,21.65,2,21.7,5,2,2021-12-08 13:08:30
1638968948201287000,21.7,1,21.65,2,21.7,4,1,2021-12-08 13:09:08
1638968960878263000,21.65,2,21.65,1,21.7,6,2,2021-12-08 13:09:20
1638969016729886000,21.65,1,21.6,6,21.65,1,2,2021-12-08 13:10:16
1638969043708383000,21.6,1,21.6,5,21.65,2,2,2021-12-08 13:10:43
1638969043757063000,21.6,1,21.6,4,21.65,2,2,2021-12-08 13:10:43
1638969043818399000,21.6,1,21.6,3,21.65,2,2,2021-12-08 13:10:43
1638969043876419000,21.6,1,21.6,2,21.65,2,2,2021-12-08 13:10:43
1638969043911735000,21.6,1,21.6,1,21.65,2,2,2021-12-08 13:10:43
1638969043912203000,21.6,1,21.55,11,21.65,2,2,2021-12-08 13:10:43
1638969044183373000,21.6,1,21.55,11,21.65,2,1,2021-12-08 13:10:44
1638969048738301000,21.55,2,21.55,9,21.65,2,2,2021-12-08 13:10:48
1638969051601628000,21.55,1,21.55,8,21.65,2,2,2021-12-08 13:10:51
1638969051658684000,21.55,1,21.55,7,21.65,2,2,2021-12-08 13:10:51
1638969051713408000,21.55,1,21.55,6,21.65,2,2,2021-12-08 13:10:51
1638969051780500000,21.55,1,21.55,5,21.65,2,2,2021-12-08 13:10:51
1638969051811860000,21.55,1,21.55,4,21.65,2,2,2021-12-08 13:10:51
1638969051812849000,21.55,1,21.55,3,21.65,2,2,2021-12-08 13:10:51
1638969051814915000,21.55,1,21.55,2,21.65,2,2,2021-12-08 13:10:51
1638969061953920000,21.6,1,21.55,2,21.65,2,1,2021-12-08 13:11:01
1638969075378159000,21.55,3,21.5,10,21.6,6,2,2021-12-08 13:11:15
1638969075378159000,21.5,7,21.5,10,21.6,6,2,2021-12-08 13:11:15
1638969103545417000,21.5,1,21.5,9,21.6,6,2,2021-12-08 13:11:43
1638969115357981000,21.5,1,21.5,8,21.6,9,2,2021-12-08 13:11:55
1638969115408483000,21.5,1,21.5,7,21.6,9,2,2021-12-08 13:11:55
1638969115464871000,21.5,1,21.5,6,21.6,9,2,2021-12-08 13:11:55
1638969115529169000,21.5,1,21.5,5,21.6,9,2,2021-12-08 13:11:55
1638969115558338000,21.5,1,21.5,4,21.6,9,2,2021-12-08 13:11:55
1638969115565980000,21.5,1,21.5,3,21.6,9,2,2021-12-08 13:11:55
1638969115571695000,21.5,1,21.5,2,21.6,9,2,2021-12-08 13:11:55
1638969121929832000,21.5,2,21.45,18,21.6,9,2,2021-12-08 13:12:01
1638969130534594000,21.45,1,21.45,17,21.6,9,2,2021-12-08 13:12:10
1638969146027738000,21.45,3,21.45,15,21.55,1,2,2021-12-08 13:12:26
1638969159323016000,21.45,1,21.45,13,21.55,1,2,2021-12-08 13:12:39
1638969189569181000,21.45,1,21.45,13,21.55,1,2,2021-12-08 13:13:09
1638969208663666000,21.5,1,21.5,1,21.55,1,1,2021-12-08 13:13:28
1638969227766035000,21.55,1,21.5,2,21.6,10,1,2021-12-08 13:13:47
1638969242559635000,21.5,1,21.5,6,21.6,10,2,2021-12-08 13:14:02
1638969295763414000,21.5,1,21.5,7,21.6,10,2,2021-12-08 13:14:55
1638969306671064000,21.6,5,21.5,3,21.6,5,1,2021-12-08 13:15:06
1638969306701689000,21.6,5,21.5,3,21.65,2,1,2021-12-08 13:15:06
1638969326712637000,21.65,3,21.55,1,21.65,6,1,2021-12-08 13:15:26
1638969371279009000,21.6,1,21.5,12,21.65,6,2,2021-12-08 13:16:11
1638969371279009000,21.55,1,21.5,12,21.65,6,2,2021-12-08 13:16:11
1638969395679070000,21.5,1,21.5,12,21.65,6,2,2021-12-08 13:16:35
1638969410252213000,21.65,1,21.5,12,21.65,5,1,2021-12-08 13:16:50
1638969427256939000,21.65,1,21.5,12,21.65,4,1,2021-12-08 13:17:07
1638969499871970000,21.65,1,21.6,1,21.65,3,1,2021-12-08 13:18:19
1638969509868092000,21.65,1,21.55,2,21.65,2,1,2021-12-08 13:18:29
1638969522809796000,21.65,1,21.55,4,21.65,3,1,2021-12-08 13:18:42
1638969522833310000,21.65,3,21.55,4,21.7,7,1,2021-12-08 13:18:42
1638969564459979000,21.65,1,21.65,1,21.7,6,2,2021-12-08 13:19:24
1638969613538797000,21.65,1,21.55,4,21.7,6,2,2021-12-08 13:20:13
1638969658333986000,21.7,1,21.55,8,21.7,6,1,2021-12-08 13:20:58
1638969658346042000,21.7,6,21.55,8,21.75,17,1,2021-12-08 13:20:58
1638969782875563000,21.65,5,21.6,3,21.7,11,2,2021-12-08 13:23:02
1638969834189238000,21.65,1,21.6,7,21.7,10,1,2021-12-08 13:23:54
1638969864168586000,21.65,1,21.6,7,21.65,2,1,2021-12-08 13:24:24
1638969864203417000,21.65,2,21.6,7,21.7,7,1,2021-12-08 13:24:24
1638969870350498000,21.7,6,21.6,8,21.7,1,1,2021-12-08 13:24:30
1638969870382917000,21.7,1,21.6,8,21.75,18,1,2021-12-08 13:24:30
1638969873406740000,21.65,1,21.6,8,21.75,18,2,2021-12-08 13:24:33
1638969890948536000,21.75,1,21.65,5,21.75,17,1,2021-12-08 13:24:50
1638970200000000000,21.7,76,21.65,7,21.7,14,2,2021-12-08 13:30:00
