ts,close,volume,bid_price,bid_volume,ask_price,ask_volume,tick_type,datetime
1638954002605576000,27.5,1257,27.45,11,27.5,105,1,2021-12-08 09:00:02
1638954002628776000,27.5,87,27.45,11,27.5,18,1,2021-12-08 09:00:02
1638954002648969000,27.5,18,27.45,11,27.55,55,1,2021-12-08 09:00:02
1638954002661367000,27.45,3,27.45,8,27.55,55,2,2021-12-08 09:00:02
1638954002672860000,27.45,1,27.45,7,27.5,1,2,2021-12-08 09:00:02
1638954003121983000,27.5,2,27.45,7,27.55,55,1,2021-12-08 09:00:03
1638954003363861000,27.45,7,27.35,173,27.55,55,2,2021-12-08 09:00:03
1638954003363861000,27.4,15,27.35,173,27.55,55,2,2021-12-08 09:00:03
1638954003372957000,27.55,20,27.35,173,27.55,35,1,2021-12-08 09:00:03
1638954003410938000,27.55,35,27.35,173,27.6,94,1,2021-12-08 09:00:03
1638954003556451000,27.45,1,27.35,173,27.45,1,2,2021-12-08 09:00:03
1638954003561612000,27.45,1,27.35,173,27.6,94,1,2021-12-08 09:00:03
1638954003755123000,27.35,36,27.35,137,27.4,109,2,2021-12-08 09:00:03
1638954003883475000,27.35,1,27.35,136,27.4,109,2,2021-12-08 09:00:03
1638954004012196000,27.35,4,27.35,132,27.4,109,2,2021-12-08 09:00:04
1638954004464041000,27.35,1,27.35,131,27.4,109,2,2021-12-08 09:00:04
1638954004735856000,27.35,4,27.35,127,27.4,109,2,2021-12-08 09:00:04
1638954004953086000,27.4,3,27.35,127,27.4,106,1,2021-12-08 09:00:04
1638954005097751000,27.4,3,27.35,127,27.4,103,1,2021-12-08 09:00:05
1638954005121489000,27.4,103,27.35,127,27.55,1,1,2021-12-08 09:00:05
1638954005300332000,27.4,2,27.4,1,27.55,1,2,2021-12-08 09:00:05
1638954005334442000,27.4,1,27.35,127,27.55,1,2,2021-12-08 09:00:05
1638954005566797000,27.4,3,27.4,3,27.6,94,2,2021-12-08 09:00:05
1638954006018774000,27.4,4,27.4,5,27.6,94,2,2021-12-08 09:00:06
1638954006165896000,27.4,1,27.4,4,27.6,94,2,2021-12-08 09:00:06
1638954006212751000,27.4,1,27.4,3,27.6,94,2,2021-12-08 09:00:06
1638954006392955000,27.4,1,27.4,2,27.6,94,2,2021-12-08 09:00:06
1638954006706091000,27.6,1,27.45,3,27.6,93,1,2021-12-08 09:00:06
1638954006789667000,27.45,3,27.4,2,27.6,93,2,2021-12-08 09:00:06
1638954006948193000,27.6,2,27.4,8,27.6,91,1,2021-12-08 09:00:06
1638954006959215000,27.6,1,27.4,8,27.6,90,1,2021-12-08 09:00:06
1638954007244740000,27.45,1,27.45,2,27.6,90,2,2021-12-08 09:00:07
1638954007283703000,27.45,2,27.4,8,27.6,90,2,2021-12-08 09:00:07
1638954007394590000,27.4,1,27.4,7,27.6,90,2,2021-12-08 09:00:07
1638954007814804000,27.5,1,27.45,6,27.6,90,1,2021-12-08 09:00:07
1638954008132260000,27.6,3,27.45,6,27.6,87,1,2021-12-08 09:00:08
1638954008223766000,27.45,3,27.45,3,27.6,87,2,2021-12-08 09:00:08
1638954008525580000,27.55,1,27.45,3,27.6,87,1,2021-12-08 09:00:08
1638954008863902000,27.45,2,27.45,1,27.6,87,2,2021-12-08 09:00:08
1638954009005640000,27.6,4,27.45,2,27.6,83,1,2021-12-08 09:00:09
1638954009109575000,27.45,2,27.4,8,27.6,83,2,2021-12-08 09:00:09
1638954009477505000,27.6,3,27.4,8,27.6,80,1,2021-12-08 09:00:09
1638954009668073000,27.6,20,27.4,8,27.6,60,1,2021-12-08 09:00:09
1638954010082610000,27.5,1,27.4,10,27.6,61,2,2021-12-08 09:00:10
1638954010269684000,27.4,4,27.4,6,27.6,61,2,2021-12-08 09:00:10
1638954010534298000,27.45,1,27.4,45,27.6,61,1,2021-12-08 09:00:10
1638954010648337000,27.4,1,27.4,46,27.6,61,2,2021-12-08 09:00:10
1638954010656403000,27.4,1,27.4,45,27.6,61,2,2021-12-08 09:00:10
1638954011461927000,27.4,2,27.4,45,27.6,61,2,2021-12-08 09:00:11
1638954011695695000,27.6,1,27.4,45,27.6,60,1,2021-12-08 09:00:11
1638954011731608000,27.6,2,27.4,45,27.6,58,1,2021-12-08 09:00:11
1638954011913478000,27.55,1,27.4,45,27.55,10,2,2021-12-08 09:00:11
1638954012301251000,27.4,1,27.4,44,27.55,10,2,2021-12-08 09:00:12
1638954012331446000,27.55,3,27.4,44,27.55,7,1,2021-12-08 09:00:12
1638954012512279000,27.4,1,27.4,43,27.55,7,2,2021-12-08 09:00:12
1638954012730139000,27.55,1,27.4,43,27.55,6,1,2021-12-08 09:00:12
1638954012793421000,27.4,1,27.4,43,27.55,6,2,2021-12-08 09:00:12
1638954013080251000,27.45,1,27.4,43,27.45,1,1,2021-12-08 09:00:13
1638954013120048000,27.45,1,27.4,43,27.55,6,1,2021-12-08 09:00:13
1638954013229164000,27.4,5,27.4,39,27.55,6,2,2021-12-08 09:00:13
1638954013574770000,27.45,1,27.45,1,27.55,6,1,2021-12-08 09:00:13
1638954013622101000,27.45,1,27.4,39,27.55,6,2,2021-12-08 09:00:13
1638954014333977000,27.55,1,27.4,42,27.55,5,1,2021-12-08 09:00:14
1638954014735830000,27.55,1,27.4,45,27.55,5,1,2021-12-08 09:00:14
1638954014857838000,27.55,2,27.4,45,27.55,9,1,2021-12-08 09:00:14
1638954015765698000,27.55,5,27.45,9,27.55,4,1,2021-12-08 09:00:15
1638954015899750000,27.45,2,27.45,7,27.55,4,2,2021-12-08 09:00:15
1638954016090832000,27.5,1,27.45,7,27.5,19,1,2021-12-08 09:00:16
1638954016745762000,27.5,1,27.45,7,27.5,18,1,2021-12-08 09:00:16
1638954017209603000,27.5,1,27.45,7,27.5,17,1,2021-12-08 09:00:17
1638954017710863000,27.45,1,27.45,14,27.5,22,2,2021-12-08 09:00:17
1638954017716121000,27.5,5,27.45,14,27.5,17,1,2021-12-08 09:00:17
1638954017739324000,27.45,14,27.4,14,27.5,17,2,2021-12-08 09:00:17
1638954017933455000,27.5,1,27.4,16,27.5,24,1,2021-12-08 09:00:17
1638954018038365000,27.45,1,27.4,18,27.5,24,2,2021-12-08 09:00:18
1638954018350878000,27.5,1,27.4,18,27.5,23,1,2021-12-08 09:00:18
1638954018470380000,27.5,2,27.4,18,27.5,21,1,2021-12-08 09:00:18
1638954018600056000,27.45,1,27.4,18,27.5,26,2,2021-12-08 09:00:18
1638954018691297000,27.5,2,27.4,18,27.5,24,1,2021-12-08 09:00:18
1638954018909653000,27.4,1,27.4,17,27.45,5,2,2021-12-08 09:00:18
1638954019143006000,27.4,1,27.4,16,27.45,5,2,2021-12-08 09:00:19
1638954019172592000,27.4,8,27.4,8,27.45,5,2,2021-12-08 09:00:19
1638954019194004000,27.45,1,27.4,8,27.45,4,1,2021-12-08 09:00:19
1638954019201830000,27.4,7,27.4,1,27.45,4,2,2021-12-08 09:00:19
1638954019820169000,27.45,1,27.4,1,27.45,5,1,2021-12-08 09:00:19
1638954019871385000,27.45,1,27.4,1,27.45,4,1,2021-12-08 09:00:19
1638954019972227000,27.4,1,27.35,130,27.4,1,2,2021-12-08 09:00:19
1638954020095095000,27.4,1,27.35,130,27.45,4,1,2021-12-08 09:00:20
1638954020154397000,27.4,2,27.35,130,27.45,1,1,2021-12-08 09:00:20
1638954020154397000,27.45,3,27.35,130,27.45,1,1,2021-12-08 09:00:20
1638954020300421000,27.4,1,27.35,130,27.4,1,2,2021-12-08 09:00:20
1638954020928598000,27.35,57,27.35,73,27.4,1,2,2021-12-08 09:00:20
1638954020946766000,27.4,1,27.35,73,27.5,24,1,2021-12-08 09:00:20
1638954020946766000,27.45,7,27.35,73,27.5,24,1,2021-12-08 09:00:20
1638954020946766000,27.5,2,27.35,73,27.5,24,1,2021-12-08 09:00:20
1638954021094265000,27.35,5,27.35,68,27.5,24,2,2021-12-08 09:00:21
1638954021118724000,27.35,68,27.3,9,27.5,24,2,2021-12-08 09:00:21
1638954021607707000,27.4,4,27.4,6,27.45,12,1,2021-12-08 09:00:21
1638954021639194000,27.4,6,27.3,9,27.45,12,2,2021-12-08 09:00:21
1638954021781354000,27.4,1,27.3,9,27.5,20,2,2021-12-08 09:00:21
1638954022199375000,27.4,1,27.3,9,27.4,13,1,2021-12-08 09:00:22
1638954022428493000,27.4,1,27.3,9,27.4,12,1,2021-12-08 09:00:22
1638954022496806000,27.4,1,27.3,9,27.4,11,1,2021-12-08 09:00:22
1638954022547196000,27.4,1,27.3,9,27.4,10,1,2021-12-08 09:00:22
1638954022681629000,27.4,1,27.3,9,27.4,9,1,2021-12-08 09:00:22
1638954023002806000,27.4,3,27.3,9,27.4,51,1,2021-12-08 09:00:23
1638954023073957000,27.4,1,27.3,9,27.4,50,1,2021-12-08 09:00:23
1638954023155083000,27.4,1,27.3,9,27.4,49,1,2021-12-08 09:00:23
1638954023271229000,27.4,1,27.3,9,27.4,48,1,2021-12-08 09:00:23
1638954023813162000,27.35,1,27.35,6,27.4,48,2,2021-12-08 09:00:23
1638954023834173000,27.35,6,27.3,9,27.4,48,2,2021-12-08 09:00:23
1638954024113382000,27.35,1,27.3,10,27.4,51,1,2021-12-08 09:00:24
1638954024113382000,27.4,1,27.3,10,27.4,51,1,2021-12-08 09:00:24
1638954024158650000,27.4,3,27.3,10,27.4,48,1,2021-12-08 09:00:24
1638954024663400000,27.4,1,27.3,10,27.4,48,1,2021-12-08 09:00:24
1638954025115859000,27.3,3,27.3,7,27.35,5,2,2021-12-08 09:00:25
1638954025220181000,27.3,1,27.3,6,27.35,5,2,2021-12-08 09:00:25
1638954025726000000,27.3,1,27.3,5,27.35,5,2,2021-12-08 09:00:25
1638954025937014000,27.3,2,27.3,3,27.35,6,2,2021-12-08 09:00:25
1638954025958559000,27.3,3,27.25,9,27.35,6,2,2021-12-08 09:00:25
1638954025994058000,27.35,2,27.3,2,27.35,4,1,2021-12-08 09:00:25
1638954026231504000,27.35,1,27.3,2,27.35,3,1,2021-12-08 09:00:26
1638954026447091000,27.3,2,27.25,5,27.35,3,2,2021-12-08 09:00:26
1638954026447091000,27.25,4,27.25,5,27.35,3,2,2021-12-08 09:00:26
1638954026640665000,27.25,1,27.25,4,27.35,13,2,2021-12-08 09:00:26
1638954026660728000,27.25,4,27.2,10,27.35,13,2,2021-12-08 09:00:26
1638954026749766000,27.35,4,27.2,10,27.35,9,1,2021-12-08 09:00:26
1638954027018242000,27.35,2,27.3,10,27.35,7,1,2021-12-08 09:00:27
1638954027266562000,27.3,10,27.2,10,27.35,8,2,2021-12-08 09:00:27
1638954027400340000,27.35,3,27.2,10,27.35,17,1,2021-12-08 09:00:27
1638954028193994000,27.3,1,27.2,10,27.3,9,2,2021-12-08 09:00:28
1638954028236540000,27.3,1,27.2,10,27.3,8,1,2021-12-08 09:00:28
1638954028299874000,27.2,1,27.2,9,27.3,10,2,2021-12-08 09:00:28
1638954028493257000,27.2,1,27.2,8,27.3,14,2,2021-12-08 09:00:28
1638954028666399000,27.25,1,27.25,4,27.3,14,1,2021-12-08 09:00:28
1638954028703159000,27.25,4,27.2,8,27.3,14,2,2021-12-08 09:00:28
1638954028943775000,27.2,1,27.2,7,27.3,14,2,2021-12-08 09:00:28
1638954029030545000,27.2,2,27.2,5,27.3,14,2,2021-12-08 09:00:29
1638954029473826000,27.3,1,27.2,5,27.3,13,1,2021-12-08 09:00:29
1638954029595835000,27.3,1,27.2,5,27.3,22,1,2021-12-08 09:00:29
1638954029704177000,27.2,1,27.2,4,27.3,22,2,2021-12-08 09:00:29
1638954030022072000,27.3,1,27.2,4,27.3,21,1,2021-12-08 09:00:30
1638954030988398000,27.3,1,27.2,4,27.3,20,1,2021-12-08 09:00:30
1638954031463512000,27.2,2,27.2,2,27.3,16,2,2021-12-08 09:00:31
1638954031846383000,27.2,1,27.2,6,27.3,17,2,2021-12-08 09:00:31
1638954032256612000,27.2,6,27.15,1,27.3,17,2,2021-12-08 09:00:32
1638954032667501000,27.2,1,27.15,1,27.3,17,1,2021-12-08 09:00:32
1638954032667501000,27.25,1,27.15,1,27.3,17,1,2021-12-08 09:00:32
1638954032695013000,27.3,2,27.15,1,27.3,15,1,2021-12-08 09:00:32
1638954032761467000,27.3,1,27.15,1,27.3,14,1,2021-12-08 09:00:32
1638954032867790000,27.15,1,27.1,3,27.3,24,2,2021-12-08 09:00:32
1638954033153534000,27.1,1,27.1,2,27.2,2,2,2021-12-08 09:00:33
1638954033154335000,27.1,1,27.1,1,27.2,2,2,2021-12-08 09:00:33
1638954033292459000,27.15,1,27.15,1,27.2,2,1,2021-12-08 09:00:33
1638954033343626000,27.15,1,27.1,1,27.2,2,2,2021-12-08 09:00:33
1638954033413264000,27.1,1,27.05,8,27.2,2,2,2021-12-08 09:00:33
1638954033705143000,27.15,2,27.05,8,27.2,2,1,2021-12-08 09:00:33
1638954034177484000,27.1,2,27.05,8,27.2,2,2,2021-12-08 09:00:34
1638954035542872000,27.1,1,27.1,6,27.15,5,2,2021-12-08 09:00:35
1638954035547672000,27.1,6,27.05,8,27.15,5,2,2021-12-08 09:00:35
1638954035570356000,27.15,5,27.05,8,27.3,16,1,2021-12-08 09:00:35
1638954035570356000,27.2,3,27.05,8,27.3,16,1,2021-12-08 09:00:35
1638954035570356000,27.25,12,27.05,8,27.3,16,1,2021-12-08 09:00:35
1638954035660518000,27.1,1,27.1,12,27.3,16,2,2021-12-08 09:00:35
1638954035857364000,27.15,1,27.1,12,27.25,1,1,2021-12-08 09:00:35
1638954036226853000,27.1,1,27.1,11,27.25,1,2,2021-12-08 09:00:36
1638954036621517000,27.1,1,27.1,10,27.25,1,2,2021-12-08 09:00:36
1638954036665054000,27.1,1,27.1,9,27.25,1,2,2021-12-08 09:00:36
1638954036841141000,27.1,1,27.1,8,27.25,1,2,2021-12-08 09:00:36
1638954037208275000,27.1,4,27.1,4,27.25,1,2,2021-12-08 09:00:37
1638954038276969000,27.25,1,27.1,4,27.3,9,1,2021-12-08 09:00:38
1638954038276969000,27.3,2,27.1,4,27.3,9,1,2021-12-08 09:00:38
1638954038763481000,27.1,2,27.1,3,27.25,10,2,2021-12-08 09:00:38
1638954039062149000,27.1,2,27.1,1,27.25,14,2,2021-12-08 09:00:39
1638954039107293000,27.1,1,27.05,6,27.25,14,2,2021-12-08 09:00:39
1638954039148026000,27.2,1,27.05,6,27.2,11,1,2021-12-08 09:00:39
1638954039260379000,27.1,1,27.0,13,27.2,11,2,2021-12-08 09:00:39
1638954039260379000,27.05,6,27.0,13,27.2,11,2,2021-12-08 09:00:39
1638954039260379000,27.0,8,27.0,13,27.2,11,2,2021-12-08 09:00:39
1638954039282590000,27.2,2,27.0,13,27.2,9,1,2021-12-08 09:00:39
1638954039718896000,27.1,1,27.05,2,27.2,9,2,2021-12-08 09:00:39
1638954040284974000,27.2,10,27.1,1,27.25,14,1,2021-12-08 09:00:40
1638954040444394000,27.1,1,27.05,2,27.1,1,2,2021-12-08 09:00:40
1638954040464684000,27.1,1,27.05,2,27.2,10,1,2021-12-08 09:00:40
1638954040687215000,27.05,2,26.9,22,26.95,29,2,2021-12-08 09:00:40
1638954040687215000,27.0,14,26.9,22,26.95,29,2,2021-12-08 09:00:40
1638954040687215000,26.95,5,26.9,22,26.95,29,2,2021-12-08 09:00:40
1638954040719189000,26.95,29,26.9,22,26.95,80,1,2021-12-08 09:00:40
1638954040719427000,26.95,25,26.9,22,26.95,80,1,2021-12-08 09:00:40
1638954040719893000,26.95,4,26.9,22,26.95,80,1,2021-12-08 09:00:40
1638954040752110000,26.95,4,26.9,22,26.95,76,1,2021-12-08 09:00:40
1638954041093374000,26.9,1,26.9,21,26.95,76,2,2021-12-08 09:00:41
1638954041432779000,26.9,2,26.9,19,26.95,76,2,2021-12-08 09:00:41
1638954041481867000,26.9,19,26.85,74,26.95,76,2,2021-12-08 09:00:41
1638954041653702000,26.85,3,26.85,71,26.95,76,2,2021-12-08 09:00:41
1638954041804175000,26.95,1,26.85,71,26.95,75,1,2021-12-08 09:00:41
1638954042044091000,26.95,1,26.85,71,26.95,74,1,2021-12-08 09:00:42
1638954042199131000,26.95,1,26.85,71,26.95,73,1,2021-12-08 09:00:42
1638954042278778000,26.85,10,26.85,61,26.95,73,2,2021-12-08 09:00:42
1638954042336240000,26.95,5,26.85,61,26.95,68,1,2021-12-08 09:00:42
1638954042917877000,26.95,5,26.85,72,26.95,63,1,2021-12-08 09:00:42
1638954042922617000,26.95,1,26.85,72,26.95,62,1,2021-12-08 09:00:42
1638954042930649000,26.95,10,26.85,72,26.95,52,1,2021-12-08 09:00:42
1638954043077151000,26.95,1,26.85,72,26.95,51,1,2021-12-08 09:00:43
1638954043286362000,26.95,1,26.85,72,26.95,50,1,2021-12-08 09:00:43
1638954043360214000,26.95,10,26.85,72,26.95,40,1,2021-12-08 09:00:43
1638954043641987000,26.9,1,26.85,72,26.95,40,2,2021-12-08 09:00:43
1638954043663276000,26.95,1,26.85,72,26.95,39,1,2021-12-08 09:00:43
1638954043779784000,26.85,1,26.85,71,26.95,39,2,2021-12-08 09:00:43
1638954044040455000,26.95,1,26.85,71,26.95,38,1,2021-12-08 09:00:44
1638954044299031000,26.95,2,26.85,71,26.95,36,1,2021-12-08 09:00:44
1638954044374045000,26.85,2,26.85,69,26.95,36,2,2021-12-08 09:00:44
1638954044823776000,26.95,1,26.85,69,26.95,35,1,2021-12-08 09:00:44
1638954045034502000,26.9,4,26.85,69,26.95,35,2,2021-12-08 09:00:45
1638954045682977000,26.9,5,26.85,69,26.95,35,2,2021-12-08 09:00:45
1638954045740265000,26.85,1,26.85,68,26.95,35,2,2021-12-08 09:00:45
1638954045909413000,26.95,1,26.85,68,26.95,34,1,2021-12-08 09:00:45
1638954046290017000,26.85,1,26.85,67,26.95,34,2,2021-12-08 09:00:46
1638954046359422000,26.95,1,26.85,67,26.95,33,1,2021-12-08 09:00:46
1638954046368323000,26.85,1,26.85,66,26.95,33,2,2021-12-08 09:00:46
1638954046373664000,26.85,3,26.85,63,26.95,33,2,2021-12-08 09:00:46
1638954046388708000,26.95,1,26.85,63,26.95,32,1,2021-12-08 09:00:46
1638954046479776000,26.85,1,26.85,62,26.95,32,2,2021-12-08 09:00:46
1638954046542849000,26.85,1,26.85,61,26.95,32,2,2021-12-08 09:00:46
1638954046677845000,26.85,1,26.85,60,26.95,32,2,2021-12-08 09:00:46
1638954047072216000,26.85,1,26.85,59,26.95,34,2,2021-12-08 09:00:47
1638954047325517000,26.9,2,26.85,60,26.95,34,1,2021-12-08 09:00:47
1638954047911592000,26.95,2,26.85,60,26.95,32,1,2021-12-08 09:00:47
1638954048086487000,26.85,1,26.85,59,26.95,32,2,2021-12-08 09:00:48
1638954048378170000,26.85,3,26.85,56,26.95,32,2,2021-12-08 09:00:48
1638954048509809000,26.85,10,26.85,46,26.95,32,2,2021-12-08 09:00:48
1638954048938987000,26.85,1,26.85,46,26.9,1,2,2021-12-08 09:00:48
1638954049081163000,26.9,1,26.85,46,26.95,34,1,2021-12-08 09:00:49
1638954049262780000,26.85,5,26.85,41,26.9,1,2,2021-12-08 09:00:49
1638954049355062000,26.85,1,26.85,40,26.9,1,2,2021-12-08 09:00:49
1638954049795071000,26.85,30,26.85,10,26.9,1,2,2021-12-08 09:00:49
1638954049831365000,26.85,4,26.85,7,26.9,1,2,2021-12-08 09:00:49
1638954049958916000,26.85,4,26.85,3,26.9,1,2,2021-12-08 09:00:49
1638954050104470000,26.85,3,26.8,46,26.9,1,2,2021-12-08 09:00:50
1638954050586262000,26.8,1,26.8,45,26.85,1,2,2021-12-08 09:00:50
1638954050619464000,26.85,1,26.8,45,26.9,6,1,2021-12-08 09:00:50
1638954050693524000,26.8,2,26.8,43,26.9,6,2,2021-12-08 09:00:50
1638954050990434000,26.8,2,26.8,43,26.85,3,2,2021-12-08 09:00:50
1638954051282114000,26.85,1,26.8,43,26.85,2,1,2021-12-08 09:00:51
1638954051351903000,26.85,2,26.85,98,26.9,6,1,2021-12-08 09:00:51
1638954051366110000,26.9,6,26.9,4,26.95,10,1,2021-12-08 09:00:51
1638954051410995000,26.95,10,26.9,4,27.05,5,1,2021-12-08 09:00:51
1638954051534285000,26.9,3,26.9,1,27.05,5,2,2021-12-08 09:00:51
1638954052265835000,26.95,1,26.9,3,27.05,5,1,2021-12-08 09:00:52
1638954052906425000,27.0,1,26.95,3,27.05,5,1,2021-12-08 09:00:52
1638954053078498000,26.95,3,26.9,15,27.05,5,2,2021-12-08 09:00:53
1638954053078498000,26.9,2,26.9,15,27.05,5,2,2021-12-08 09:00:53
1638954053122880000,26.9,1,26.9,21,27.05,17,2,2021-12-08 09:00:53
1638954053166527000,26.9,1,26.9,20,27.05,17,2,2021-12-08 09:00:53
1638954053321870000,26.9,2,26.9,23,27.05,17,2,2021-12-08 09:00:53
1638954053363356000,26.9,10,26.9,13,27.05,17,2,2021-12-08 09:00:53
1638954053586096000,26.95,2,26.9,18,27.05,17,1,2021-12-08 09:00:53
1638954053871381000,26.95,3,26.95,1,27.05,5,2,2021-12-08 09:00:53
1638954053972644000,26.95,1,26.9,17,27.05,5,2,2021-12-08 09:00:53
1638954053972644000,26.9,4,26.9,17,27.05,5,2,2021-12-08 09:00:53
1638954054021412000,27.05,17,26.9,17,27.1,7,1,2021-12-08 09:00:54
1638954054021412000,27.1,3,26.9,17,27.1,7,1,2021-12-08 09:00:54
1638954054155509000,27.0,1,26.95,12,27.1,7,2,2021-12-08 09:00:54
1638954054368222000,26.95,1,26.95,11,27.1,7,2,2021-12-08 09:00:54
1638954054971532000,26.95,11,26.9,17,27.05,1,2,2021-12-08 09:00:54
1638954054971532000,26.9,1,26.9,17,27.05,1,2,2021-12-08 09:00:54
1638954055230197000,27.05,1,26.95,1,27.1,4,1,2021-12-08 09:00:55
1638954055230197000,27.1,3,26.95,1,27.1,4,1,2021-12-08 09:00:55
1638954056261395000,26.95,3,26.95,16,27.1,4,2,2021-12-08 09:00:56
1638954057296408000,27.0,2,26.95,13,27.1,4,1,2021-12-08 09:00:57
1638954057513343000,26.95,4,26.95,9,27.1,4,2,2021-12-08 09:00:57
1638954057678652000,26.95,5,26.95,5,27.1,4,2,2021-12-08 09:00:57
1638954058803548000,27.05,3,26.95,5,27.05,2,1,2021-12-08 09:00:58
1638954058830976000,27.05,2,26.95,5,27.1,14,1,2021-12-08 09:00:58
1638954058857546000,27.05,2,26.95,5,27.05,6,1,2021-12-08 09:00:58
1638954059355447000,27.05,1,26.95,7,27.05,5,1,2021-12-08 09:00:59
1638954059388716000,27.05,5,26.95,7,27.1,14,1,2021-12-08 09:00:59
1638954059792108000,26.95,1,26.95,7,27.1,14,2,2021-12-08 09:00:59
1638954060131080000,26.95,3,26.95,4,27.1,14,2,2021-12-08 09:01:00
1638954060383052000,27.1,3,26.95,4,27.1,12,1,2021-12-08 09:01:00
1638954060473015000,27.1,1,26.95,4,27.1,11,1,2021-12-08 09:01:00
1638954061138249000,27.05,1,27.0,1,27.1,11,2,2021-12-08 09:01:01
1638954061524985000,27.0,3,27.0,1,27.1,11,2,2021-12-08 09:01:01
1638954061767992000,27.05,1,27.0,1,27.1,11,1,2021-12-08 09:01:01
1638954061797456000,27.0,1,26.95,11,27.1,11,2,2021-12-08 09:01:01
1638954061822503000,26.95,11,26.9,17,26.95,8,2,2021-12-08 09:01:01
1638954061855765000,26.95,8,26.9,17,27.1,11,1,2021-12-08 09:01:01
1638954062093505000,27.05,4,26.9,17,27.05,18,1,2021-12-08 09:01:02
1638954062272185000,26.95,1,26.9,17,27.0,1,2,2021-12-08 09:01:02
1638954062300248000,26.9,10,26.9,7,27.0,1,2,2021-12-08 09:01:02
1638954062454051000,26.9,1,26.9,6,26.95,1,2,2021-12-08 09:01:02
1638954062999469000,26.9,8,26.9,1,26.95,1,2,2021-12-08 09:01:02
1638954063110732000,26.9,1,26.85,108,26.95,1,2,2021-12-08 09:01:03
1638954063127166000,26.95,1,26.85,108,27.0,3,1,2021-12-08 09:01:03
1638954063372937000,27.0,3,26.9,10,27.0,2,1,2021-12-08 09:01:03
1638954064349554000,26.95,5,26.9,10,27.0,13,2,2021-12-08 09:01:04
1638954064528912000,27.0,5,26.9,10,27.0,8,1,2021-12-08 09:01:04
1638954064886111000,27.0,1,26.9,10,27.0,7,1,2021-12-08 09:01:04
1638954065057143000,26.9,2,26.9,8,27.0,7,2,2021-12-08 09:01:05
1638954065108330000,27.0,1,26.9,8,27.0,6,1,2021-12-08 09:01:05
1638954065942074000,26.9,1,26.9,9,27.0,8,2,2021-12-08 09:01:05
1638954065972955000,26.9,1,26.9,8,27.0,8,2,2021-12-08 09:01:05
1638954066520043000,27.0,8,26.9,8,27.0,1,1,2021-12-08 09:01:06
1638954066594574000,26.95,3,26.9,8,27.0,1,2,2021-12-08 09:01:06
1638954067055213000,26.95,5,26.9,8,27.0,1,2,2021-12-08 09:01:07
1638954067640531000,26.95,3,26.9,19,27.0,1,2,2021-12-08 09:01:07
1638954067850885000,26.95,1,26.9,19,26.95,1,2,2021-12-08 09:01:07
1638954067882872000,26.95,1,26.9,19,27.0,1,1,2021-12-08 09:01:07
1638954068239954000,27.0,3,26.95,1,27.05,9,1,2021-12-08 09:01:08
1638954068298396000,27.05,3,26.95,1,27.05,6,1,2021-12-08 09:01:08
1638954068319235000,27.05,6,26.95,1,27.1,24,1,2021-12-08 09:01:08
1638954068372902000,27.1,4,26.95,2,27.1,20,1,2021-12-08 09:01:08
1638954069091036000,26.95,1,26.95,1,27.05,2,2,2021-12-08 09:01:09
1638954069326287000,27.05,1,26.95,1,27.05,3,1,2021-12-08 09:01:09
1638954070128345000,27.0,5,26.95,1,27.0,16,2,2021-12-08 09:01:10
1638954070214100000,26.95,1,26.9,26,27.0,16,2,2021-12-08 09:01:10
1638954070326751000,27.0,1,26.9,26,27.0,15,1,2021-12-08 09:01:10
1638954070343047000,26.9,12,26.9,14,27.0,15,2,2021-12-08 09:01:10
1638954070757266000,26.95,1,26.9,14,27.0,15,1,2021-12-08 09:01:10
1638954070905563000,27.0,1,26.95,1,27.0,14,1,2021-12-08 09:01:10
1638954071057204000,27.0,2,26.95,1,27.0,12,1,2021-12-08 09:01:11
1638954071254770000,27.0,10,26.95,3,27.0,2,1,2021-12-08 09:01:11
1638954071270160000,26.95,2,26.95,1,27.0,2,2,2021-12-08 09:01:11
1638954071291499000,27.0,2,26.95,1,27.05,14,1,2021-12-08 09:01:11
1638954072306240000,26.95,4,26.9,20,27.0,10,2,2021-12-08 09:01:12
1638954073126341000,26.9,1,26.9,19,26.95,1,2,2021-12-08 09:01:13
1638954073169844000,26.9,7,26.9,12,26.95,1,2,2021-12-08 09:01:13
1638954073216193000,26.9,1,26.9,11,26.95,1,2,2021-12-08 09:01:13
1638954073944975000,26.9,5,26.9,21,26.95,4,2,2021-12-08 09:01:13
1638954074023030000,26.95,2,26.9,21,26.95,2,1,2021-12-08 09:01:14
1638954074498659000,26.95,2,26.9,21,27.0,8,1,2021-12-08 09:01:14
1638954074498659000,27.0,8,26.9,21,27.0,8,1,2021-12-08 09:01:14
1638954075261855000,26.95,1,26.9,22,26.95,4,2,2021-12-08 09:01:15
1638954075880054000,26.9,1,26.9,21,26.95,4,2,2021-12-08 09:01:15
1638954076063397000,26.9,1,26.9,20,26.95,4,2,2021-12-08 09:01:16
1638954077342061000,26.9,10,26.9,12,26.95,6,2,2021-12-08 09:01:17
1638954077381424000,26.9,2,26.9,10,26.95,6,2,2021-12-08 09:01:17
1638954077512325000,26.95,1,26.9,10,26.95,5,1,2021-12-08 09:01:17
1638954077887701000,26.95,5,26.9,10,27.05,19,1,2021-12-08 09:01:17
1638954077887701000,27.0,15,26.9,10,27.05,19,1,2021-12-08 09:01:17
1638954078104279000,27.0,1,26.9,11,27.05,19,1,2021-12-08 09:01:18
1638954078148336000,26.9,10,26.9,1,27.05,19,2,2021-12-08 09:01:18
1638954078211774000,26.9,1,26.9,1,27.05,19,2,2021-12-08 09:01:18
1638954078503559000,26.9,1,26.85,113,26.9,2,2,2021-12-08 09:01:18
1638954078561468000,26.85,1,26.85,112,26.9,2,2,2021-12-08 09:01:18
1638954079162093000,26.9,2,26.9,1,27.0,18,1,2021-12-08 09:01:19
1638954079285963000,26.9,1,26.85,108,27.0,6,2,2021-12-08 09:01:19
1638954079285963000,26.85,4,26.85,108,27.0,6,2,2021-12-08 09:01:19
1638954079588100000,27.0,2,26.85,108,27.0,16,1,2021-12-08 09:01:19
1638954079893122000,26.9,1,26.85,106,26.95,1,2,2021-12-08 09:01:19
1638954079893122000,26.85,2,26.85,106,26.95,1,2,2021-12-08 09:01:19
1638954080645938000,26.9,1,26.85,107,26.95,6,1,2021-12-08 09:01:20
1638954081006325000,26.95,1,26.85,107,26.95,5,1,2021-12-08 09:01:21
1638954081822831000,26.9,1,26.9,9,26.95,5,2,2021-12-08 09:01:21
1638954081850966000,26.9,5,26.9,4,26.95,5,2,2021-12-08 09:01:21
1638954081887659000,26.9,4,26.85,107,26.95,5,2,2021-12-08 09:01:21
1638954081926528000,26.9,1,26.85,107,26.95,5,1,2021-12-08 09:01:21
1638954082375142000,26.9,1,26.85,103,26.95,5,2,2021-12-08 09:01:22
1638954082375142000,26.85,4,26.85,103,26.95,5,2,2021-12-08 09:01:22
1638954082476396000,26.95,5,26.85,103,27.0,13,1,2021-12-08 09:01:22
1638954083099896000,26.85,5,26.85,99,27.0,13,2,2021-12-08 09:01:23
1638954083258972000,26.85,1,26.85,98,27.0,13,2,2021-12-08 09:01:23
1638954083281956000,27.0,1,26.85,98,27.0,12,1,2021-12-08 09:01:23
1638954083286871000,26.85,5,26.85,93,27.0,12,2,2021-12-08 09:01:23
1638954083772107000,26.95,1,26.85,93,27.0,16,1,2021-12-08 09:01:23
1638954083896641000,26.85,2,26.85,91,26.9,2,2,2021-12-08 09:01:23
1638954083934914000,26.85,1,26.85,90,26.9,2,2,2021-12-08 09:01:23
1638954084391429000,26.9,2,26.85,90,27.0,16,1,2021-12-08 09:01:24
1638954084545422000,26.85,1,26.85,89,27.0,16,2,2021-12-08 09:01:24
1638954084890332000,26.95,1,26.9,31,27.0,17,1,2021-12-08 09:01:24
1638954084890332000,27.0,1,26.9,31,27.0,17,1,2021-12-08 09:01:24
1638954084988208000,26.95,1,26.9,31,27.0,15,2,2021-12-08 09:01:24
1638954084988208000,27.0,2,26.9,31,27.0,15,1,2021-12-08 09:01:24
1638954085001648000,26.9,31,26.85,89,26.9,9,2,2021-12-08 09:01:25
1638954085037668000,26.85,1,26.85,88,26.9,9,2,2021-12-08 09:01:25
1638954085041531000,26.9,1,26.85,87,26.9,8,1,2021-12-08 09:01:25
1638954085277856000,26.9,1,26.85,87,26.9,7,1,2021-12-08 09:01:25
1638954085338698000,26.85,2,26.85,85,26.9,7,2,2021-12-08 09:01:25
1638954085415024000,26.9,1,26.85,85,26.9,6,1,2021-12-08 09:01:25
1638954085603551000,26.85,17,26.85,69,26.9,6,2,2021-12-08 09:01:25
1638954085651266000,26.85,1,26.85,68,26.9,6,2,2021-12-08 09:01:25
1638954085759171000,26.9,3,26.85,68,26.9,3,1,2021-12-08 09:01:25
1638954087348584000,26.85,10,26.85,59,26.9,4,2,2021-12-08 09:01:27
1638954087721179000,26.9,2,26.85,59,26.9,2,1,2021-12-08 09:01:27
1638954087918042000,26.9,1,26.85,59,26.9,1,1,2021-12-08 09:01:27
1638954088601355000,26.9,1,26.85,61,26.95,2,1,2021-12-08 09:01:28
1638954088601355000,26.95,1,26.85,61,26.95,2,1,2021-12-08 09:01:28
1638954088759859000,26.85,1,26.85,61,26.95,2,2,2021-12-08 09:01:28
1638954088901358000,26.85,1,26.85,60,26.95,2,2,2021-12-08 09:01:28
1638954089151969000,26.9,1,26.85,60,26.95,2,1,2021-12-08 09:01:29
1638954089491791000,26.9,1,26.85,60,26.95,2,2,2021-12-08 09:01:29
1638954089967562000,26.85,1,26.85,59,26.95,2,2,2021-12-08 09:01:29
1638954090729355000,26.9,1,26.85,63,26.95,3,1,2021-12-08 09:01:30
1638954091381189000,26.85,1,26.85,77,26.95,3,2,2021-12-08 09:01:31
1638954091735618000,26.95,3,26.95,17,27.0,20,1,2021-12-08 09:01:31
1638954091780549000,26.95,10,26.95,7,27.0,20,2,2021-12-08 09:01:31
1638954092046462000,26.95,5,26.95,3,27.0,20,2,2021-12-08 09:01:32
1638954092081414000,26.95,3,26.9,3,27.0,20,2,2021-12-08 09:01:32
1638954092590934000,26.9,3,26.85,82,26.9,3,2,2021-12-08 09:01:32
1638954092663494000,26.85,1,26.85,81,26.9,3,2,2021-12-08 09:01:32
1638954092675901000,26.85,1,26.85,80,26.9,3,2,2021-12-08 09:01:32
1638954092871965000,26.85,5,26.85,76,26.9,3,2,2021-12-08 09:01:32
1638954093225401000,26.9,1,26.85,76,26.9,2,1,2021-12-08 09:01:33
1638954093916175000,26.85,5,26.85,71,26.9,3,2,2021-12-08 09:01:33
1638954093937799000,26.85,8,26.85,63,26.9,3,2,2021-12-08 09:01:33
1638954093966810000,26.85,7,26.85,56,26.9,3,2,2021-12-08 09:01:33
1638954094020295000,26.85,1,26.85,55,26.9,3,2,2021-12-08 09:01:34
1638954094213919000,26.85,1,26.85,54,26.9,3,2,2021-12-08 09:01:34
1638954094485333000,26.9,3,26.85,54,26.95,7,1,2021-12-08 09:01:34
1638954094665409000,26.95,5,26.85,54,26.95,2,1,2021-12-08 09:01:34
1638954096488250000,26.85,1,26.85,54,26.9,10,2,2021-12-08 09:01:36
1638954097352718000,26.85,10,26.85,46,26.9,10,2,2021-12-08 09:01:37
1638954097593572000,26.9,1,26.85,46,26.9,9,1,2021-12-08 09:01:37
1638954097768199000,26.85,1,26.85,45,26.9,9,2,2021-12-08 09:01:37
1638954097843902000,26.85,1,26.85,45,26.9,9,2,2021-12-08 09:01:37
1638954098225184000,26.9,1,26.85,46,26.9,8,1,2021-12-08 09:01:38
1638954098833516000,26.85,1,26.85,45,26.9,9,2,2021-12-08 09:01:38
1638954098836216000,26.9,9,26.85,45,26.95,4,1,2021-12-08 09:01:38
1638954098836216000,26.95,1,26.85,45,26.95,4,1,2021-12-08 09:01:38
1638954099169446000,26.9,1,26.85,47,26.95,2,2,2021-12-08 09:01:39
1638954099169446000,26.95,2,26.85,47,26.95,2,1,2021-12-08 09:01:39
1638954100116933000,26.95,2,26.9,10,27.0,24,1,2021-12-08 09:01:40
1638954100116933000,27.0,2,26.9,10,27.0,24,1,2021-12-08 09:01:40
1638954100359699000,26.9,10,26.85,43,27.0,24,2,2021-12-08 09:01:40
1638954101002511000,26.85,1,26.85,43,27.0,26,2,2021-12-08 09:01:41
1638954101795409000,26.9,1,26.9,2,27.0,26,1,2021-12-08 09:01:41
1638954101873287000,26.9,2,26.85,44,26.9,3,2,2021-12-08 09:01:41
1638954102372049000,26.85,2,26.85,42,26.9,3,2,2021-12-08 09:01:42
1638954102895849000,26.85,10,26.85,33,26.9,3,2,2021-12-08 09:01:42
1638954102944417000,26.85,1,26.85,32,26.9,3,2,2021-12-08 09:01:42
1638954102948618000,26.9,1,26.85,32,26.9,2,1,2021-12-08 09:01:42
1638954106134026000,26.85,2,26.85,51,26.9,3,2,2021-12-08 09:01:46
1638954106210542000,26.85,2,26.85,49,26.9,3,2,2021-12-08 09:01:46
1638954106772679000,26.9,1,26.85,49,26.9,5,1,2021-12-08 09:01:46
1638954106898544000,26.9,1,26.85,49,26.9,4,1,2021-12-08 09:01:46
1638954107361069000,26.85,10,26.85,44,26.9,4,2,2021-12-08 09:01:47
1638954108018307000,26.9,1,26.85,45,26.9,4,1,2021-12-08 09:01:48
1638954108222297000,26.85,1,26.85,44,26.9,4,2,2021-12-08 09:01:48
1638954108252509000,26.85,1,26.85,43,26.9,4,2,2021-12-08 09:01:48
1638954108631007000,26.85,2,26.85,41,26.9,4,2,2021-12-08 09:01:48
1638954108881849000,26.9,1,26.85,41,26.9,3,1,2021-12-08 09:01:48
1638954108906281000,26.9,2,26.85,41,26.9,1,1,2021-12-08 09:01:48
1638954108990489000,26.85,1,26.85,40,26.9,1,2,2021-12-08 09:01:48
1638954109668722000,26.9,4,26.9,1,26.95,1,1,2021-12-08 09:01:49
1638954110369497000,26.9,1,26.85,40,26.95,1,2,2021-12-08 09:01:50
1638954110369497000,26.85,1,26.85,40,26.95,1,2,2021-12-08 09:01:50
1638954110886749000,26.85,2,26.85,38,26.95,1,2,2021-12-08 09:01:50
1638954112142969000,26.9,1,26.9,1,26.95,1,1,2021-12-08 09:01:52
1638954112239899000,26.9,1,26.85,40,26.95,1,2,2021-12-08 09:01:52
1638954112640510000,26.9,1,26.85,36,26.95,1,2,2021-12-08 09:01:52
1638954112640510000,26.85,4,26.85,36,26.95,1,2,2021-12-08 09:01:52
1638954112676205000,26.85,2,26.85,34,26.95,1,2,2021-12-08 09:01:52
1638954113695798000,26.85,13,26.85,24,26.9,5,2,2021-12-08 09:01:53
1638954114275384000,26.85,1,26.85,25,26.9,5,2,2021-12-08 09:01:54
1638954115875202000,26.85,5,26.85,42,26.9,6,2,2021-12-08 09:01:55
1638954115955087000,26.9,2,26.85,92,26.9,4,1,2021-12-08 09:01:55
1638954116410020000,26.9,2,26.85,92,26.9,2,1,2021-12-08 09:01:56
1638954116511603000,26.9,2,26.85,92,26.95,3,1,2021-12-08 09:01:56
1638954116659190000,26.9,1,26.85,92,26.95,3,1,2021-12-08 09:01:56
1638954116703468000,26.95,1,26.85,92,26.95,2,1,2021-12-08 09:01:56
1638954116737791000,26.95,2,26.85,92,27.0,51,1,2021-12-08 09:01:56
1638954117075773000,26.9,5,26.85,99,27.0,51,2,2021-12-08 09:01:57
1638954117181263000,26.85,1,26.85,98,27.0,51,2,2021-12-08 09:01:57
1638954117380042000,26.9,7,26.85,95,27.0,49,1,2021-12-08 09:01:57
1638954117380042000,26.85,3,26.85,95,27.0,49,2,2021-12-08 09:01:57
1638954117480352000,26.85,10,26.85,85,26.95,1,2,2021-12-08 09:01:57
1638954117732444000,26.85,1,26.85,84,26.95,1,2,2021-12-08 09:01:57
1638954118078640000,26.85,3,26.85,82,26.95,1,2,2021-12-08 09:01:58
1638954118744253000,26.85,3,26.85,79,26.9,2,2,2021-12-08 09:01:58
1638954119801748000,26.9,1,26.85,91,26.9,1,1,2021-12-08 09:01:59
1638954120053245000,26.85,7,26.85,84,26.9,1,2,2021-12-08 09:02:00
1638954120091441000,26.85,1,26.85,82,26.9,1,2,2021-12-08 09:02:00
1638954120091859000,26.85,1,26.85,82,26.9,1,2,2021-12-08 09:02:00
1638954120540162000,26.85,11,26.85,72,26.9,2,2,2021-12-08 09:02:00
1638954120709697000,26.85,1,26.85,71,26.9,2,2,2021-12-08 09:02:00
1638954120908216000,26.9,1,26.85,71,26.9,1,1,2021-12-08 09:02:00
1638954120927022000,26.9,1,26.85,71,26.95,1,1,2021-12-08 09:02:00
1638954121886170000,26.95,2,26.9,1,27.0,46,1,2021-12-08 09:02:01
1638954121886170000,27.0,3,26.9,1,27.0,46,1,2021-12-08 09:02:01
1638954122274592000,26.9,1,26.85,69,27.0,46,2,2021-12-08 09:02:02
1638954122274592000,26.85,4,26.85,69,27.0,46,2,2021-12-08 09:02:02
1638954122668256000,26.85,1,26.85,69,27.0,46,2,2021-12-08 09:02:02
1638954123016805000,26.85,10,26.85,59,26.9,5,2,2021-12-08 09:02:03
1638954123164594000,26.9,1,26.85,59,26.9,4,1,2021-12-08 09:02:03
1638954123375048000,26.85,3,26.85,56,26.9,4,2,2021-12-08 09:02:03
1638954124153396000,26.85,2,26.85,54,26.9,4,2,2021-12-08 09:02:04
1638954125632332000,26.85,2,26.85,73,26.9,8,2,2021-12-08 09:02:05
1638954126607791000,26.85,2,26.85,74,26.9,8,2,2021-12-08 09:02:06
1638954127237133000,26.9,1,26.85,75,26.9,7,1,2021-12-08 09:02:07
1638954127376084000,26.85,10,26.85,65,26.9,7,2,2021-12-08 09:02:07
1638954127406510000,26.85,5,26.85,60,26.9,7,2,2021-12-08 09:02:07
1638954128526278000,26.85,1,26.85,62,26.9,7,2,2021-12-08 09:02:08
1638954128884933000,26.85,3,26.85,59,26.9,7,2,2021-12-08 09:02:08
1638954129722635000,26.9,1,26.85,60,26.9,6,1,2021-12-08 09:02:09
1638954129885213000,26.9,5,26.85,61,26.9,1,1,2021-12-08 09:02:09
1638954130381518000,26.85,5,26.85,56,26.9,1,2,2021-12-08 09:02:10
1638954130696625000,26.9,1,26.85,56,26.95,3,1,2021-12-08 09:02:10
1638954132483404000,26.9,1,26.9,2,26.95,3,2,2021-12-08 09:02:12
1638954136488471000,26.9,1,26.9,13,26.95,3,2,2021-12-08 09:02:16
1638954137376343000,26.9,10,26.9,3,26.95,3,2,2021-12-08 09:02:17
1638954137415906000,26.9,1,26.9,2,26.95,3,2,2021-12-08 09:02:17
1638954137884035000,26.9,1,26.9,3,26.95,3,2,2021-12-08 09:02:17
1638954138619968000,26.9,2,26.9,1,26.95,6,2,2021-12-08 09:02:18
1638954138726292000,26.95,6,26.9,1,27.0,19,1,2021-12-08 09:02:18
1638954138726292000,27.0,24,26.9,1,27.0,19,1,2021-12-08 09:02:18
1638954141580076000,27.0,5,26.9,8,27.0,13,1,2021-12-08 09:02:21
1638954141617379000,27.0,8,26.9,8,27.0,5,1,2021-12-08 09:02:21
1638954141654830000,27.0,5,26.9,8,27.05,18,1,2021-12-08 09:02:21
1638954142678191000,26.9,1,26.9,13,27.05,18,2,2021-12-08 09:02:22
1638954142709271000,26.9,5,26.9,8,27.05,18,2,2021-12-08 09:02:22
1638954142818056000,27.05,10,26.9,8,27.05,8,1,2021-12-08 09:02:22
1638954142858234000,27.05,8,26.9,8,27.1,9,1,2021-12-08 09:02:22
1638954143313426000,27.0,1,26.95,1,27.1,9,2,2021-12-08 09:02:23
1638954143497482000,27.1,1,26.95,1,27.1,8,1,2021-12-08 09:02:23
1638954146583265000,27.1,2,27.05,6,27.1,6,1,2021-12-08 09:02:26
1638954147385922000,27.05,6,27.0,10,27.1,6,2,2021-12-08 09:02:27
1638954150386562000,27.1,6,27.0,15,27.25,2,1,2021-12-08 09:02:30
1638954150386562000,27.15,4,27.0,15,27.25,2,1,2021-12-08 09:02:30
1638954150386562000,27.2,8,27.0,15,27.25,2,1,2021-12-08 09:02:30
1638954150386562000,27.25,2,27.0,15,27.25,2,1,2021-12-08 09:02:30
1638954150598413000,27.25,1,27.2,1,27.25,1,1,2021-12-08 09:02:30
1638954150605045000,27.25,1,27.2,1,27.3,7,1,2021-12-08 09:02:30
1638954151287545000,27.3,2,27.2,1,27.3,5,1,2021-12-08 09:02:31
1638954151629055000,27.3,1,27.2,1,27.3,4,1,2021-12-08 09:02:31
1638954157373762000,27.3,2,27.2,1,27.3,2,1,2021-12-08 09:02:37
1638954157391222000,27.2,1,27.15,8,27.3,2,2,2021-12-08 09:02:37
1638954157559776000,27.3,1,27.15,8,27.3,1,1,2021-12-08 09:02:37
1638954159485573000,27.3,1,27.25,1,27.3,1,1,2021-12-08 09:02:39
1638954159762926000,27.3,1,27.25,1,27.35,1,1,2021-12-08 09:02:39
1638954160506099000,27.25,2,27.25,4,27.4,10,2,2021-12-08 09:02:40
1638954160562556000,27.35,1,27.25,4,27.4,10,1,2021-12-08 09:02:40
1638954161550785000,27.4,1,27.25,4,27.4,9,1,2021-12-08 09:02:41
1638954162169162000,27.4,9,27.3,6,27.45,27,1,2021-12-08 09:02:42
1638954162169162000,27.45,1,27.3,6,27.45,27,1,2021-12-08 09:02:42
1638954162399942000,27.3,6,27.25,4,27.35,1,2,2021-12-08 09:02:42
1638954162626004000,27.35,1,27.25,4,27.4,12,1,2021-12-08 09:02:42
1638954164519045000,27.3,1,27.25,4,27.3,5,2,2021-12-08 09:02:44
1638954164906595000,27.3,1,27.25,4,27.3,4,1,2021-12-08 09:02:44
1638954165093733000,27.3,4,27.3,8,27.35,9,1,2021-12-08 09:02:45
1638954165397274000,27.35,9,27.3,8,27.4,1,1,2021-12-08 09:02:45
1638954165397274000,27.4,6,27.3,8,27.4,1,1,2021-12-08 09:02:45
1638954165942107000,27.35,1,27.35,4,27.4,1,2,2021-12-08 09:02:45
1638954167007577000,27.35,4,27.3,11,27.35,1,2,2021-12-08 09:02:47
1638954167039560000,27.3,11,27.25,4,27.35,1,2,2021-12-08 09:02:47
1638954167145976000,27.35,1,27.25,4,27.4,14,1,2021-12-08 09:02:47
1638954167397638000,27.3,4,27.3,6,27.4,3,2,2021-12-08 09:02:47
1638954167432716000,27.3,6,27.25,4,27.4,3,2,2021-12-08 09:02:47
1638954168242013000,27.4,1,27.25,6,27.4,14,1,2021-12-08 09:02:48
1638954168377365000,27.4,1,27.25,6,27.4,13,1,2021-12-08 09:02:48
1638954168641556000,27.4,1,27.3,2,27.45,6,1,2021-12-08 09:02:48
1638954168903108000,27.4,1,27.35,2,27.45,6,2,2021-12-08 09:02:48
1638954168909176000,27.35,1,27.35,1,27.45,6,2,2021-12-08 09:02:48
1638954169093373000,27.35,1,27.3,2,27.45,6,2,2021-12-08 09:02:49
1638954169573878000,27.35,1,27.3,3,27.45,18,1,2021-12-08 09:02:49
1638954169622335000,27.35,1,27.3,3,27.45,6,2,2021-12-08 09:02:49
1638954170804383000,27.35,1,27.3,7,27.35,1,1,2021-12-08 09:02:50
1638954170921305000,27.35,1,27.3,7,27.45,6,1,2021-12-08 09:02:50
1638954171017774000,27.3,1,27.3,6,27.45,6,2,2021-12-08 09:02:51
1638954171732845000,27.3,10,27.25,6,27.45,18,2,2021-12-08 09:02:51
1638954171931125000,27.25,5,27.25,1,27.45,18,2,2021-12-08 09:02:51
1638954172103804000,27.35,2,27.25,1,27.45,18,1,2021-12-08 09:02:52
1638954172234516000,27.45,2,27.25,1,27.45,16,1,2021-12-08 09:02:52
1638954172455907000,27.45,1,27.25,1,27.45,15,1,2021-12-08 09:02:52
1638954173657859000,27.35,1,27.25,1,27.4,17,2,2021-12-08 09:02:53
1638954174841382000,27.35,1,27.3,6,27.4,7,2,2021-12-08 09:02:54
1638954174841776000,27.35,4,27.3,6,27.4,7,2,2021-12-08 09:02:54
1638954174918772000,27.4,7,27.3,6,27.5,65,1,2021-12-08 09:02:54
1638954174918772000,27.45,13,27.3,6,27.5,65,1,2021-12-08 09:02:54
1638954175204744000,27.3,1,27.3,5,27.5,65,2,2021-12-08 09:02:55
1638954175795025000,27.35,3,27.3,5,27.4,6,1,2021-12-08 09:02:55
1638954176364258000,27.4,6,27.45,13,27.5,65,1,2021-12-08 09:02:56
1638954176364258000,27.45,1,27.45,13,27.5,65,1,2021-12-08 09:02:56
1638954176391519000,27.45,13,27.35,1,27.45,13,2,2021-12-08 09:02:56
1638954178599356000,27.45,2,27.35,9,27.45,14,1,2021-12-08 09:02:58
1638954178675801000,27.4,6,27.4,4,27.45,14,2,2021-12-08 09:02:58
1638954178697841000,27.4,1,27.4,3,27.45,14,2,2021-12-08 09:02:58
1638954179494884000,27.4,3,27.35,9,27.45,19,2,2021-12-08 09:02:59
1638954179958256000,27.45,5,27.35,10,27.45,14,1,2021-12-08 09:02:59
1638954180361942000,27.4,1,27.35,12,27.4,1,2,2021-12-08 09:03:00
1638954180629871000,27.35,1,27.35,11,27.4,21,2,2021-12-08 09:03:00
1638954180672471000,27.35,9,27.35,6,27.4,21,2,2021-12-08 09:03:00
1638954180699345000,27.35,6,27.3,7,27.4,21,2,2021-12-08 09:03:00
1638954180699345000,27.3,1,27.3,7,27.4,21,2,2021-12-08 09:03:00
1638954180709441000,27.35,6,27.35,4,27.4,21,1,2021-12-08 09:03:00
1638954180767089000,27.35,4,27.35,2,27.4,21,2,2021-12-08 09:03:00
1638954180800066000,27.35,2,27.3,7,27.4,21,2,2021-12-08 09:03:00
1638954180827596000,27.3,4,27.3,3,27.4,21,2,2021-12-08 09:03:00
1638954181614135000,27.3,3,27.25,6,27.4,26,2,2021-12-08 09:03:01
1638954181838135000,27.4,2,27.25,6,27.4,24,1,2021-12-08 09:03:01
1638954181932741000,27.35,1,27.25,6,27.4,29,2,2021-12-08 09:03:01
1638954182107287000,27.4,1,27.25,6,27.4,34,1,2021-12-08 09:03:02
1638954182420098000,27.25,2,27.25,4,27.4,34,2,2021-12-08 09:03:02
1638954182430603000,27.25,2,27.25,2,27.4,34,2,2021-12-08 09:03:02
1638954182543519000,27.3,3,27.25,2,27.35,1,1,2021-12-08 09:03:02
1638954182602828000,27.35,1,27.25,2,27.4,33,1,2021-12-08 09:03:02
1638954182602828000,27.4,1,27.25,2,27.4,33,1,2021-12-08 09:03:02
1638954182966796000,27.35,1,27.25,2,27.35,4,2,2021-12-08 09:03:02
1638954183198962000,27.35,4,27.35,1,27.4,28,1,2021-12-08 09:03:03
1638954183232206000,27.35,1,27.25,2,27.4,29,2,2021-12-08 09:03:03
1638954183255409000,27.35,1,27.25,2,27.4,29,2,2021-12-08 09:03:03
1638954183742037000,27.35,1,27.3,1,27.4,29,2,2021-12-08 09:03:03
1638954184074109000,27.4,5,27.35,1,27.4,24,1,2021-12-08 09:03:04
1638954184925823000,27.4,3,27.35,3,27.4,29,1,2021-12-08 09:03:04
1638954185180014000,27.35,3,27.3,1,27.35,2,2,2021-12-08 09:03:05
1638954185357211000,27.35,1,27.3,1,27.35,1,1,2021-12-08 09:03:05
1638954185414094000,27.35,1,27.3,1,27.4,51,1,2021-12-08 09:03:05
1638954185638978000,27.35,2,27.3,1,27.4,53,1,2021-12-08 09:03:05
1638954185638978000,27.4,1,27.3,1,27.4,53,1,2021-12-08 09:03:05
1638954186058745000,27.35,1,27.3,3,27.35,3,2,2021-12-08 09:03:06
1638954186621398000,27.35,2,27.3,3,27.35,1,1,2021-12-08 09:03:06
1638954186655315000,27.3,3,27.25,4,27.35,1,2,2021-12-08 09:03:06
1638954186994385000,27.3,1,27.25,5,27.35,1,1,2021-12-08 09:03:06
1638954187515066000,27.35,1,27.3,1,27.35,6,1,2021-12-08 09:03:07
1638954187900106000,27.35,6,27.35,4,27.4,55,1,2021-12-08 09:03:07
1638954187930949000,27.35,4,27.3,1,27.4,55,2,2021-12-08 09:03:07
1638954188024436000,27.4,5,27.3,1,27.4,50,1,2021-12-08 09:03:08
1638954188916075000,27.35,1,27.3,1,27.4,50,2,2021-12-08 09:03:08
1638954189300137000,27.35,2,27.3,1,27.4,50,2,2021-12-08 09:03:09
1638954189636524000,27.35,1,27.35,4,27.4,50,1,2021-12-08 09:03:09
1638954189727183000,27.4,1,27.35,4,27.4,49,1,2021-12-08 09:03:09
1638954190252263000,27.35,4,27.3,3,27.4,49,2,2021-12-08 09:03:10
1638954190252263000,27.3,2,27.3,3,27.4,49,2,2021-12-08 09:03:10
1638954190293401000,27.35,1,27.3,3,27.4,49,1,2021-12-08 09:03:10
1638954190998331000,27.4,1,27.35,2,27.4,50,1,2021-12-08 09:03:10
1638954191182973000,27.35,1,27.35,1,27.4,50,2,2021-12-08 09:03:11
1638954191197063000,27.4,1,27.35,1,27.4,49,1,2021-12-08 09:03:11
1638954191236377000,27.35,1,27.3,8,27.4,49,2,2021-12-08 09:03:11
1638954193177255000,27.35,1,27.3,20,27.35,10,2,2021-12-08 09:03:13
1638954193372800000,27.35,10,27.3,20,27.4,64,1,2021-12-08 09:03:13
1638954193808571000,27.3,1,27.3,19,27.4,65,2,2021-12-08 09:03:13
1638954194808210000,27.35,1,27.3,25,27.35,10,1,2021-12-08 09:03:14
1638954195210674000,27.3,1,27.3,24,27.35,11,2,2021-12-08 09:03:15
1638954195715351000,27.35,1,27.3,24,27.35,15,1,2021-12-08 09:03:15
1638954195854971000,27.3,1,27.3,23,27.35,15,2,2021-12-08 09:03:15
1638954195894022000,27.3,1,27.3,22,27.35,15,2,2021-12-08 09:03:15
1638954196298502000,27.35,2,27.3,22,27.35,13,1,2021-12-08 09:03:16
1638954196326332000,27.3,1,27.3,21,27.35,13,2,2021-12-08 09:03:16
1638954196344711000,27.35,13,27.3,21,27.4,49,1,2021-12-08 09:03:16
1638954196344711000,27.4,18,27.3,21,27.4,49,1,2021-12-08 09:03:16
1638954196898602000,27.3,1,27.3,20,27.35,6,2,2021-12-08 09:03:16
1638954197489172000,27.35,6,27.35,4,27.4,49,1,2021-12-08 09:03:17
1638954197789955000,27.4,1,27.35,5,27.4,48,1,2021-12-08 09:03:17
1638954198737694000,27.35,6,27.35,14,27.4,53,2,2021-12-08 09:03:18
1638954198782044000,27.35,1,27.35,13,27.4,53,2,2021-12-08 09:03:18
1638954199568527000,27.35,5,27.35,9,27.4,73,2,2021-12-08 09:03:19
1638954199609812000,27.35,8,27.35,1,27.4,73,2,2021-12-08 09:03:19
1638954199639034000,27.35,1,27.3,30,27.4,73,2,2021-12-08 09:03:19
1638954200505622000,27.3,1,27.3,29,27.4,73,2,2021-12-08 09:03:20
1638954200967154000,27.3,1,27.3,28,27.35,20,2,2021-12-08 09:03:20
1638954203390581000,27.3,2,27.3,29,27.35,27,2,2021-12-08 09:03:23
1638954204052865000,27.35,2,27.3,29,27.35,25,1,2021-12-08 09:03:24
1638954204295603000,27.35,2,27.3,29,27.35,23,1,2021-12-08 09:03:24
1638954204566395000,27.35,10,27.3,29,27.35,13,1,2021-12-08 09:03:24
1638954206612173000,27.35,5,27.3,27,27.35,137,1,2021-12-08 09:03:26
1638954206694957000,27.35,2,27.3,27,27.35,135,1,2021-12-08 09:03:26
1638954206832385000,27.3,2,27.3,26,27.35,145,2,2021-12-08 09:03:26
1638954206870562000,27.3,19,27.3,7,27.35,145,2,2021-12-08 09:03:26
1638954206917170000,27.3,1,27.3,6,27.35,145,2,2021-12-08 09:03:26
1638954206946980000,27.3,1,27.3,5,27.35,145,2,2021-12-08 09:03:26
1638954206957012000,27.3,5,27.25,13,27.35,145,2,2021-12-08 09:03:26
1638954207415056000,27.3,2,27.25,12,27.35,145,1,2021-12-08 09:03:27
1638954207684627000,27.3,1,27.25,7,27.35,45,2,2021-12-08 09:03:27
1638954207836455000,27.35,2,27.25,7,27.35,45,1,2021-12-08 09:03:27
1638954207936700000,27.3,1,27.25,7,27.3,2,2,2021-12-08 09:03:27
1638954208448349000,27.3,5,27.3,1,27.35,45,1,2021-12-08 09:03:28
1638954208484657000,27.3,1,27.25,7,27.35,45,2,2021-12-08 09:03:28
1638954209288082000,27.3,1,27.3,4,27.35,45,1,2021-12-08 09:03:29
1638954209539717000,27.3,1,27.3,3,27.35,45,2,2021-12-08 09:03:29
1638954209576832000,27.3,1,27.3,2,27.35,45,2,2021-12-08 09:03:29
1638954210630503000,27.3,1,27.3,3,27.35,45,2,2021-12-08 09:03:30
1638954210695067000,27.3,3,27.25,8,27.3,2,2,2021-12-08 09:03:30
1638954210729405000,27.25,1,27.25,7,27.3,2,2,2021-12-08 09:03:30
1638954210845809000,27.3,3,27.25,7,27.35,33,1,2021-12-08 09:03:30
1638954210845809000,27.35,12,27.25,7,27.35,33,1,2021-12-08 09:03:30
1638954211224222000,27.3,1,27.3,2,27.35,33,2,2021-12-08 09:03:31
1638954211292884000,27.3,1,27.3,1,27.35,33,2,2021-12-08 09:03:31
1638954211730120000,27.3,1,27.25,7,27.3,2,2,2021-12-08 09:03:31
1638954213617848000,27.3,1,27.25,9,27.3,5,1,2021-12-08 09:03:33
1638954213961459000,27.25,5,27.25,4,27.3,5,2,2021-12-08 09:03:33
1638954215421899000,27.25,3,27.25,6,27.3,5,2,2021-12-08 09:03:35
1638954215459128000,27.3,1,27.25,6,27.3,4,1,2021-12-08 09:03:35
1638954215465792000,27.25,1,27.25,5,27.3,4,2,2021-12-08 09:03:35
1638954215615305000,27.3,1,27.25,5,27.3,3,1,2021-12-08 09:03:35
1638954218263256000,27.3,2,27.25,6,27.3,1,1,2021-12-08 09:03:38
1638954218870025000,27.3,1,27.25,7,27.3,1,1,2021-12-08 09:03:38
1638954219408390000,27.3,1,27.25,8,27.35,36,1,2021-12-08 09:03:39
1638954220945795000,27.3,1,27.25,8,27.3,2,1,2021-12-08 09:03:40
1638954221994990000,27.25,3,27.25,7,27.3,2,2,2021-12-08 09:03:41
1638954222171207000,27.3,1,27.25,7,27.3,1,1,2021-12-08 09:03:42
1638954222549855000,27.3,1,27.25,7,27.35,34,1,2021-12-08 09:03:42
1638954223832427000,27.3,1,27.3,1,27.35,44,2,2021-12-08 09:03:43
1638954224547696000,27.3,1,27.3,1,27.35,144,2,2021-12-08 09:03:44
1638954224569848000,27.3,1,27.25,7,27.35,144,2,2021-12-08 09:03:44
1638954225931642000,27.3,1,27.25,10,27.35,44,2,2021-12-08 09:03:45
1638954226279861000,27.3,2,27.3,8,27.35,44,2,2021-12-08 09:03:46
1638954226301190000,27.3,1,27.3,7,27.35,44,2,2021-12-08 09:03:46
1638954226321602000,27.3,1,27.3,6,27.35,44,2,2021-12-08 09:03:46
1638954227483003000,27.3,1,27.3,7,27.35,44,2,2021-12-08 09:03:47
1638954227780179000,27.3,1,27.3,7,27.35,44,2,2021-12-08 09:03:47
1638954228352177000,27.3,1,27.3,7,27.35,44,2,2021-12-08 09:03:48
1638954228707448000,27.3,1,27.3,6,27.35,44,2,2021-12-08 09:03:48
1638954230714076000,27.3,1,27.3,7,27.35,45,2,2021-12-08 09:03:50
1638954231728648000,27.35,2,27.3,7,27.35,43,1,2021-12-08 09:03:51
1638954232284679000,27.3,1,27.3,7,27.35,43,2,2021-12-08 09:03:52
1638954235234283000,27.35,1,27.3,12,27.35,45,1,2021-12-08 09:03:55
1638954235895508000,27.3,2,27.3,10,27.35,45,2,2021-12-08 09:03:55
1638954236996030000,27.35,10,27.3,11,27.35,35,1,2021-12-08 09:03:56
1638954237937522000,27.3,5,27.3,7,27.35,35,2,2021-12-08 09:03:57
1638954237972374000,27.3,1,27.3,6,27.35,35,2,2021-12-08 09:03:57
1638954238439635000,27.3,2,27.3,4,27.35,35,2,2021-12-08 09:03:58
1638954238979459000,27.35,1,27.3,4,27.35,34,1,2021-12-08 09:03:58
1638954239286418000,27.3,3,27.3,3,27.35,34,2,2021-12-08 09:03:59
1638954240820264000,27.35,2,27.3,5,27.35,32,1,2021-12-08 09:04:00
1638954241682211000,27.35,1,27.3,15,27.35,31,1,2021-12-08 09:04:01
1638954241837588000,27.3,2,27.3,13,27.35,31,2,2021-12-08 09:04:01
1638954246578564000,27.3,10,27.3,10,27.35,33,2,2021-12-08 09:04:06
1638954247004592000,27.3,1,27.3,9,27.35,33,2,2021-12-08 09:04:07
1638954249367117000,27.3,1,27.3,12,27.35,34,2,2021-12-08 09:04:09
1638954250150522000,27.3,2,27.3,10,27.35,34,2,2021-12-08 09:04:10
1638954250670347000,27.35,4,27.3,10,27.35,41,1,2021-12-08 09:04:10
1638954250965043000,27.3,10,27.25,17,27.3,2,2,2021-12-08 09:04:10
1638954251536187000,27.3,2,27.25,17,27.35,40,1,2021-12-08 09:04:11
1638954251536187000,27.35,1,27.25,17,27.35,40,1,2021-12-08 09:04:11
1638954253927997000,27.3,1,27.25,17,27.3,20,2,2021-12-08 09:04:13
1638954253975104000,27.3,1,27.25,17,27.3,19,1,2021-12-08 09:04:13
1638954254194280000,27.3,3,27.25,17,27.3,46,1,2021-12-08 09:04:14
1638954254591015000,27.3,1,27.25,17,27.3,45,1,2021-12-08 09:04:14
1638954254908049000,27.25,1,27.25,16,27.3,55,2,2021-12-08 09:04:14
1638954254993937000,27.3,1,27.25,16,27.3,154,1,2021-12-08 09:04:14
1638954255236093000,27.25,16,27.2,28,27.3,154,2,2021-12-08 09:04:15
1638954255763749000,27.25,1,27.2,28,27.25,1,1,2021-12-08 09:04:15
1638954257203576000,27.25,1,27.2,23,27.25,4,1,2021-12-08 09:04:17
1638954257891987000,27.25,1,27.2,23,27.25,3,1,2021-12-08 09:04:17
1638954257997404000,27.2,2,27.2,21,27.25,3,2,2021-12-08 09:04:17
1638954258052791000,27.2,1,27.2,20,27.25,3,2,2021-12-08 09:04:18
1638954258071288000,27.2,1,27.2,19,27.25,3,2,2021-12-08 09:04:18
1638954258111273000,27.2,1,27.2,18,27.25,3,2,2021-12-08 09:04:18
1638954258184737000,27.25,1,27.2,18,27.25,2,1,2021-12-08 09:04:18
1638954258534194000,27.2,18,27.1,22,27.25,2,2,2021-12-08 09:04:18
1638954258534194000,27.15,4,27.1,22,27.25,2,2,2021-12-08 09:04:18
1638954258534194000,27.1,9,27.1,22,27.25,2,2,2021-12-08 09:04:18
1638954259291284000,27.2,1,27.15,2,27.2,3,1,2021-12-08 09:04:19
1638954259506518000,27.15,2,27.1,22,27.2,3,2,2021-12-08 09:04:19
1638954259595880000,27.2,3,27.1,22,27.25,7,1,2021-12-08 09:04:19
1638954259595880000,27.25,7,27.1,22,27.25,7,1,2021-12-08 09:04:19
1638954260786510000,27.15,1,27.15,4,27.2,2,2,2021-12-08 09:04:20
1638954260840043000,27.15,4,27.1,22,27.2,2,2,2021-12-08 09:04:20
1638954261457303000,27.2,1,27.1,22,27.2,1,1,2021-12-08 09:04:21
1638954261860033000,27.2,1,27.1,22,27.25,5,1,2021-12-08 09:04:21
1638954261860033000,27.25,2,27.1,22,27.25,5,1,2021-12-08 09:04:21
1638954262273747000,27.25,2,27.15,5,27.25,3,1,2021-12-08 09:04:22
1638954263290681000,27.2,1,27.15,8,27.25,2,2,2021-12-08 09:04:23
1638954263290681000,27.25,1,27.15,8,27.25,2,1,2021-12-08 09:04:23
1638954263344206000,27.15,1,27.15,8,27.25,12,2,2021-12-08 09:04:23
1638954263417351000,27.15,1,27.15,7,27.2,1,2,2021-12-08 09:04:23
1638954264173460000,27.2,1,27.2,2,27.25,12,1,2021-12-08 09:04:24
1638954264196024000,27.25,1,27.15,5,27.25,10,1,2021-12-08 09:04:24
1638954264196088000,27.25,1,27.15,5,27.25,10,1,2021-12-08 09:04:24
1638954266475819000,27.2,1,27.15,8,27.2,13,2,2021-12-08 09:04:26
1638954266988352000,27.2,3,27.15,8,27.2,10,1,2021-12-08 09:04:26
1638954267020295000,27.2,1,27.15,6,27.2,8,1,2021-12-08 09:04:27
1638954267020318000,27.2,1,27.15,6,27.2,8,1,2021-12-08 09:04:27
1638954268041292000,27.2,1,27.15,7,27.2,11,1,2021-12-08 09:04:28
1638954268764981000,27.15,5,27.15,2,27.2,11,2,2021-12-08 09:04:28
1638954269843129000,27.15,2,27.15,2,27.2,16,2,2021-12-08 09:04:29
1638954269881003000,27.15,1,27.15,1,27.2,16,2,2021-12-08 09:04:29
1638954270487889000,27.15,1,27.15,1,27.2,16,2,2021-12-08 09:04:30
1638954270710293000,27.2,1,27.15,3,27.2,15,1,2021-12-08 09:04:30
1638954271679901000,27.15,1,27.15,3,27.2,15,2,2021-12-08 09:04:31
1638954272625012000,27.15,1,27.15,2,27.2,16,2,2021-12-08 09:04:32
1638954273090522000,27.15,1,27.15,1,27.2,17,2,2021-12-08 09:04:33
1638954273200225000,27.2,1,27.15,1,27.2,16,1,2021-12-08 09:04:33
1638954273251372000,27.2,3,27.15,1,27.2,13,1,2021-12-08 09:04:33
1638954273297495000,27.15,1,27.1,27,27.2,13,2,2021-12-08 09:04:33
1638954273784717000,27.2,4,27.15,5,27.2,9,1,2021-12-08 09:04:33
1638954274934890000,27.15,1,27.15,6,27.2,9,2,2021-12-08 09:04:34
1638954275088271000,27.15,5,27.15,1,27.2,9,2,2021-12-08 09:04:35
1638954276313530000,27.15,1,27.1,26,27.2,10,2,2021-12-08 09:04:36
1638954276313530000,27.1,1,27.1,26,27.2,10,2,2021-12-08 09:04:36
1638954276581084000,27.2,2,27.1,26,27.2,8,1,2021-12-08 09:04:36
1638954279320694000,27.2,1,27.15,3,27.2,8,1,2021-12-08 09:04:39
1638954279421369000,27.15,2,27.15,1,27.2,8,2,2021-12-08 09:04:39
1638954280349240000,27.2,1,27.15,1,27.2,7,1,2021-12-08 09:04:40
1638954280690571000,27.2,1,27.15,2,27.2,6,1,2021-12-08 09:04:40
1638954281477977000,27.15,1,27.15,5,27.2,11,2,2021-12-08 09:04:41
1638954283625052000,27.2,1,27.15,8,27.2,12,1,2021-12-08 09:04:43
1638954284408075000,27.15,1,27.15,7,27.2,12,2,2021-12-08 09:04:44
1638954285839351000,27.15,2,27.15,6,27.2,12,2,2021-12-08 09:04:45
1638954288223104000,27.15,5,27.15,2,27.2,20,2,2021-12-08 09:04:48
1638954288260605000,27.15,1,27.15,1,27.2,20,2,2021-12-08 09:04:48
1638954288357480000,27.2,1,27.15,1,27.2,19,1,2021-12-08 09:04:48
1638954290617032000,27.15,1,27.15,1,27.2,41,2,2021-12-08 09:04:50
1638954290702062000,27.15,1,27.1,22,27.2,41,2,2021-12-08 09:04:50
1638954290702062000,27.1,4,27.1,22,27.2,41,2,2021-12-08 09:04:50
1638954293170619000,27.1,22,27.05,18,27.1,28,2,2021-12-08 09:04:53
1638954293203610000,27.05,1,27.05,17,27.1,28,2,2021-12-08 09:04:53
1638954293212286000,27.05,1,27.05,16,27.1,28,2,2021-12-08 09:04:53
1638954293553161000,27.05,1,27.05,15,27.1,28,2,2021-12-08 09:04:53
1638954293563129000,27.05,1,27.05,14,27.1,28,2,2021-12-08 09:04:53
1638954294892397000,27.1,2,27.05,14,27.1,26,1,2021-12-08 09:04:54
1638954295075147000,27.05,2,27.05,12,27.1,27,2,2021-12-08 09:04:55
1638954295105312000,27.05,1,27.05,11,27.1,27,2,2021-12-08 09:04:55
1638954295141662000,27.05,1,27.05,10,27.1,27,2,2021-12-08 09:04:55
1638954295143121000,27.05,1,27.05,9,27.1,27,2,2021-12-08 09:04:55
1638954295168227000,27.1,1,27.05,9,27.1,26,1,2021-12-08 09:04:55
1638954295738334000,27.1,1,27.05,9,27.1,25,1,2021-12-08 09:04:55
1638954297480104000,27.05,8,27.05,2,27.1,25,2,2021-12-08 09:04:57
1638954297504085000,27.05,2,27.0,136,27.1,25,2,2021-12-08 09:04:57
1638954297509345000,27.0,5,27.0,131,27.1,25,2,2021-12-08 09:04:57
1638954297510142000,27.0,2,27.0,129,27.1,25,2,2021-12-08 09:04:57
1638954298498459000,27.05,1,27.0,129,27.1,24,1,2021-12-08 09:04:58
1638954298498459000,27.1,1,27.0,129,27.1,24,1,2021-12-08 09:04:58
1638954299162803000,27.1,10,27.05,1,27.1,19,1,2021-12-08 09:04:59
1638954299398148000,27.05,1,27.0,123,27.1,22,2,2021-12-08 09:04:59
1638954299398148000,27.0,5,27.0,123,27.1,22,2,2021-12-08 09:04:59
1638954299408370000,27.0,7,27.0,116,27.1,22,2,2021-12-08 09:04:59
1638954299425280000,27.0,6,27.0,110,27.1,22,2,2021-12-08 09:04:59
1638954302131997000,27.05,1,27.0,110,27.05,5,1,2021-12-08 09:05:02
1638954302286651000,27.0,5,27.0,105,27.05,8,2,2021-12-08 09:05:02
1638954302345588000,27.0,1,27.0,104,27.05,8,2,2021-12-08 09:05:02
1638954303468933000,27.0,1,27.0,103,27.05,9,2,2021-12-08 09:05:03
1638954303965643000,27.0,1,27.0,102,27.05,9,2,2021-12-08 09:05:03
1638954305004670000,27.0,5,27.0,97,27.05,9,2,2021-12-08 09:05:05
1638954305049985000,27.0,1,27.0,96,27.05,9,2,2021-12-08 09:05:05
1638954305200062000,27.0,10,27.0,86,27.05,9,2,2021-12-08 09:05:05
1638954305251099000,27.0,1,27.0,85,27.05,9,2,2021-12-08 09:05:05
1638954305289740000,27.0,1,27.0,84,27.05,9,2,2021-12-08 09:05:05
1638954305324978000,27.05,9,27.05,3,27.1,44,1,2021-12-08 09:05:05
1638954305989482000,27.05,1,27.05,4,27.1,44,2,2021-12-08 09:05:05
1638954306013837000,27.05,1,27.05,3,27.1,44,2,2021-12-08 09:05:06
1638954306213996000,27.05,2,27.05,1,27.1,44,2,2021-12-08 09:05:06
1638954306464222000,27.05,1,27.0,80,27.1,44,2,2021-12-08 09:05:06
1638954306464222000,27.0,4,27.0,80,27.1,44,2,2021-12-08 09:05:06
1638954307248001000,27.0,80,26.9,26,27.05,1,2,2021-12-08 09:05:07
1638954307248001000,26.95,8,26.9,26,27.05,1,2,2021-12-08 09:05:07
1638954307248001000,26.9,12,26.9,26,27.05,1,2,2021-12-08 09:05:07
1638954310465547000,27.0,2,26.95,9,27.0,6,1,2021-12-08 09:05:10
1638954311658241000,26.95,5,26.95,4,27.0,13,2,2021-12-08 09:05:11
1638954311893650000,26.95,2,26.95,2,27.0,13,2,2021-12-08 09:05:11
1638954312052472000,26.95,2,26.9,23,27.0,13,2,2021-12-08 09:05:12
1638954312052472000,26.9,3,26.9,23,27.0,13,2,2021-12-08 09:05:12
1638954312836534000,26.9,1,26.9,22,26.95,20,2,2021-12-08 09:05:12
1638954313444864000,26.9,3,26.9,19,26.95,23,2,2021-12-08 09:05:13
1638954314023172000,26.95,2,26.9,19,26.95,21,1,2021-12-08 09:05:14
1638954314369588000,26.9,2,26.9,17,26.95,21,2,2021-12-08 09:05:14
1638954314395481000,26.9,17,26.85,49,26.95,21,2,2021-12-08 09:05:14
1638954314452037000,26.9,1,26.85,49,26.9,2,1,2021-12-08 09:05:14
1638954314614279000,26.9,2,26.9,1,26.95,21,1,2021-12-08 09:05:14
1638954315307341000,26.9,2,26.85,49,26.95,26,2,2021-12-08 09:05:15
1638954315394389000,26.85,10,26.85,39,26.95,26,2,2021-12-08 09:05:15
1638954315502687000,26.9,1,26.85,39,26.9,2,1,2021-12-08 09:05:15
1638954315672764000,26.9,1,26.85,39,26.9,1,1,2021-12-08 09:05:15
1638954316080313000,26.85,1,26.85,38,26.9,1,2,2021-12-08 09:05:16
1638954316265798000,26.85,1,26.85,37,26.9,1,2,2021-12-08 09:05:16
1638954316607983000,26.85,1,26.85,36,26.9,8,2,2021-12-08 09:05:16
1638954317244533000,26.9,2,26.85,36,26.9,6,1,2021-12-08 09:05:17
1638954317287188000,26.85,1,26.85,35,26.9,6,2,2021-12-08 09:05:17
1638954317780613000,26.85,5,26.85,30,26.9,6,2,2021-12-08 09:05:17
1638954317816824000,26.85,1,26.85,29,26.9,6,2,2021-12-08 09:05:17
1638954319159839000,26.9,2,26.85,29,26.9,5,1,2021-12-08 09:05:19
1638954319647449000,26.9,2,26.85,33,26.9,4,1,2021-12-08 09:05:19
1638954319664913000,26.9,1,26.85,33,26.9,3,1,2021-12-08 09:05:19
1638954319721008000,26.85,1,26.85,32,26.9,3,2,2021-12-08 09:05:19
1638954320842239000,26.85,3,26.85,29,26.9,4,2,2021-12-08 09:05:20
1638954321847790000,26.85,2,26.85,27,26.9,5,2,2021-12-08 09:05:21
1638954321906180000,26.85,1,26.85,26,26.9,5,2,2021-12-08 09:05:21
1638954322138738000,26.85,3,26.85,24,26.9,5,2,2021-12-08 09:05:22
1638954322950571000,26.85,5,26.85,19,26.9,5,2,2021-12-08 09:05:22
1638954323020681000,26.85,1,26.85,18,26.9,5,2,2021-12-08 09:05:23
1638954324779428000,26.9,5,26.85,18,26.9,20,1,2021-12-08 09:05:24
1638954324893880000,26.9,3,26.85,19,26.9,19,1,2021-12-08 09:05:24
1638954325030182000,26.85,1,26.85,18,26.9,19,2,2021-12-08 09:05:25
1638954325158824000,26.85,1,26.85,17,26.9,22,2,2021-12-08 09:05:25
1638954325237343000,26.9,2,26.85,17,26.9,20,1,2021-12-08 09:05:25
1638954325591155000,26.85,17,26.8,77,26.85,103,2,2021-12-08 09:05:25
1638954325632315000,26.8,1,26.8,76,26.85,103,2,2021-12-08 09:05:25
1638954325895920000,26.8,5,26.8,71,26.85,103,2,2021-12-08 09:05:25
1638954325935038000,26.8,1,26.8,70,26.85,103,2,2021-12-08 09:05:25
1638954327214923000,26.8,20,26.8,50,26.85,103,2,2021-12-08 09:05:27
1638954327248986000,26.8,1,26.8,49,26.85,103,2,2021-12-08 09:05:27
1638954327279244000,26.8,1,26.8,47,26.85,103,2,2021-12-08 09:05:27
1638954327279391000,26.8,1,26.8,47,26.85,103,2,2021-12-08 09:05:27
1638954327303179000,26.8,2,26.8,45,26.85,103,2,2021-12-08 09:05:27
1638954327689164000,26.8,20,26.8,25,26.85,104,2,2021-12-08 09:05:27
1638954327718610000,26.8,5,26.8,20,26.85,104,2,2021-12-08 09:05:27
1638954327723181000,26.8,1,26.8,19,26.85,104,2,2021-12-08 09:05:27
1638954327746582000,26.8,1,26.8,18,26.85,104,2,2021-12-08 09:05:27
1638954327777815000,26.8,1,26.8,17,26.85,104,2,2021-12-08 09:05:27
1638954327785896000,26.8,3,26.8,14,26.85,104,2,2021-12-08 09:05:27
1638954327791781000,26.8,1,26.8,13,26.85,104,2,2021-12-08 09:05:27
1638954327838766000,26.8,1,26.8,12,26.85,104,2,2021-12-08 09:05:27
1638954327866343000,26.8,1,26.8,11,26.85,104,2,2021-12-08 09:05:27
1638954328064641000,26.8,3,26.8,8,26.85,104,2,2021-12-08 09:05:28
1638954328099270000,26.8,2,26.8,6,26.85,104,2,2021-12-08 09:05:28
1638954328243508000,26.8,1,26.8,6,26.85,104,2,2021-12-08 09:05:28
1638954328779078000,26.8,2,26.8,4,26.85,104,2,2021-12-08 09:05:28
1638954329099881000,26.8,2,26.8,3,26.85,104,2,2021-12-08 09:05:29
1638954329123439000,26.8,2,26.8,1,26.85,104,2,2021-12-08 09:05:29
1638954329141986000,26.8,1,26.75,8,26.85,104,2,2021-12-08 09:05:29
1638954329698166000,26.75,1,26.75,7,26.8,17,2,2021-12-08 09:05:29
1638954329860824000,26.75,5,26.75,2,26.8,17,2,2021-12-08 09:05:29
1638954330822280000,26.75,1,26.75,2,26.8,41,2,2021-12-08 09:05:30
1638954331365955000,26.8,3,26.75,3,26.8,46,1,2021-12-08 09:05:31
1638954333251440000,26.75,6,26.7,27,26.75,1,2,2021-12-08 09:05:33
1638954333838901000,26.75,1,26.75,1,26.8,68,1,2021-12-08 09:05:33
1638954334136000000,26.8,1,26.75,1,26.8,67,1,2021-12-08 09:05:34
1638954334194558000,26.75,1,26.7,27,26.75,19,2,2021-12-08 09:05:34
1638954334684009000,26.75,1,26.7,27,26.75,18,1,2021-12-08 09:05:34
1638954334907312000,26.75,1,26.7,27,26.75,18,1,2021-12-08 09:05:34
1638954335362104000,26.75,1,26.7,29,26.75,17,1,2021-12-08 09:05:35
1638954335402680000,26.75,1,26.7,29,26.75,16,1,2021-12-08 09:05:35
1638954335545835000,26.75,1,26.7,29,26.75,15,1,2021-12-08 09:05:35
1638954336702246000,26.7,1,26.7,28,26.75,16,2,2021-12-08 09:05:36
1638954336803925000,26.7,1,26.7,27,26.75,16,2,2021-12-08 09:05:36
1638954336866719000,26.7,1,26.7,26,26.75,16,2,2021-12-08 09:05:36
1638954337637356000,26.7,5,26.7,21,26.75,16,2,2021-12-08 09:05:37
1638954337684200000,26.7,1,26.7,20,26.75,16,2,2021-12-08 09:05:37
1638954337948382000,26.75,1,26.7,20,26.75,18,1,2021-12-08 09:05:37
1638954338310823000,26.75,1,26.7,20,26.75,17,1,2021-12-08 09:05:38
1638954338960596000,26.75,2,26.7,20,26.75,16,1,2021-12-08 09:05:38
1638954339347040000,26.7,1,26.7,19,26.75,17,2,2021-12-08 09:05:39
1638954339448755000,26.7,2,26.7,17,26.75,17,2,2021-12-08 09:05:39
1638954339601682000,26.7,1,26.7,16,26.75,17,2,2021-12-08 09:05:39
1638954339663783000,26.7,1,26.7,15,26.75,17,2,2021-12-08 09:05:39
1638954340322356000,26.7,5,26.7,10,26.75,22,2,2021-12-08 09:05:40
1638954340387161000,26.7,10,26.65,8,26.75,22,2,2021-12-08 09:05:40
1638954341074915000,26.7,2,26.7,1,26.75,22,2,2021-12-08 09:05:41
1638954341238307000,26.7,1,26.7,1,26.75,22,2,2021-12-08 09:05:41
1638954341380329000,26.7,1,26.65,13,26.7,4,2,2021-12-08 09:05:41
1638954341403683000,26.7,4,26.65,13,26.75,22,1,2021-12-08 09:05:41
1638954341406379000,26.65,1,26.65,12,26.75,22,2,2021-12-08 09:05:41
1638954341480000000,26.7,1,26.65,12,26.75,22,1,2021-12-08 09:05:41
1638954341967043000,26.7,1,26.7,2,26.75,21,2,2021-12-08 09:05:41
1638954342284188000,26.7,1,26.7,1,26.75,21,2,2021-12-08 09:05:42
1638954342481970000,26.7,1,26.65,12,26.75,21,2,2021-12-08 09:05:42
1638954342658257000,26.65,1,26.65,11,26.7,1,2,2021-12-08 09:05:42
1638954343365241000,26.7,1,26.65,11,26.7,6,1,2021-12-08 09:05:43
1638954343846730000,26.7,1,26.65,11,26.7,5,1,2021-12-08 09:05:43
1638954343850901000,26.7,5,26.65,11,26.75,16,1,2021-12-08 09:05:43
1638954343850901000,26.75,5,26.65,11,26.75,16,1,2021-12-08 09:05:43
1638954344026787000,26.7,1,26.65,12,26.75,16,2,2021-12-08 09:05:44
1638954344174858000,26.65,10,26.65,2,26.75,16,2,2021-12-08 09:05:44
1638954344949440000,26.65,3,26.6,48,26.7,11,2,2021-12-08 09:05:44
1638954344949440000,26.6,2,26.6,48,26.7,11,2,2021-12-08 09:05:44
1638954345012373000,26.65,1,26.6,48,26.7,9,1,2021-12-08 09:05:45
1638954345012373000,26.7,2,26.6,48,26.7,9,1,2021-12-08 09:05:45
1638954345090643000,26.6,1,26.6,47,26.7,9,2,2021-12-08 09:05:45
1638954347073322000,26.65,1,26.6,47,26.65,11,1,2021-12-08 09:05:47
1638954347191918000,26.6,10,26.6,37,26.65,11,2,2021-12-08 09:05:47
1638954348816693000,26.6,1,26.6,38,26.65,12,2,2021-12-08 09:05:48
1638954348887401000,26.6,1,26.6,37,26.65,12,2,2021-12-08 09:05:48
1638954349161811000,26.6,1,26.6,36,26.65,12,2,2021-12-08 09:05:49
1638954350154647000,26.6,1,26.6,36,26.65,22,2,2021-12-08 09:05:50
1638954350409973000,26.65,3,26.6,39,26.65,19,1,2021-12-08 09:05:50
1638954350451394000,26.65,1,26.6,39,26.65,18,1,2021-12-08 09:05:50
1638954351177206000,26.65,1,26.6,40,26.65,20,1,2021-12-08 09:05:51
1638954351617848000,26.6,1,26.6,39,26.65,20,2,2021-12-08 09:05:51
1638954351894988000,26.6,39,26.55,11,26.65,21,2,2021-12-08 09:05:51
1638954351894988000,26.55,1,26.55,11,26.65,21,2,2021-12-08 09:05:51
1638954352263661000,26.6,5,26.55,11,26.65,6,1,2021-12-08 09:05:52
1638954352263661000,26.65,15,26.55,11,26.65,6,1,2021-12-08 09:05:52
1638954352327953000,26.6,1,26.6,1,26.65,6,2,2021-12-08 09:05:52
1638954352333321000,26.65,3,26.6,1,26.65,3,1,2021-12-08 09:05:52
1638954352655642000,26.6,1,26.55,11,26.6,2,2,2021-12-08 09:05:52
1638954352668014000,26.55,2,26.55,9,26.6,2,2,2021-12-08 09:05:52
1638954353258816000,26.6,1,26.55,9,26.6,1,1,2021-12-08 09:05:53
1638954353264989000,26.6,1,26.6,2,26.65,4,1,2021-12-08 09:05:53
1638954353624837000,26.6,2,26.55,9,26.6,28,2,2021-12-08 09:05:53
1638954353829052000,26.55,1,26.55,8,26.6,28,2,2021-12-08 09:05:53
1638954353870024000,26.55,1,26.55,7,26.6,28,2,2021-12-08 09:05:53
1638954354191783000,26.6,5,26.55,8,26.6,23,1,2021-12-08 09:05:54
1638954354389005000,26.6,1,26.55,8,26.6,22,1,2021-12-08 09:05:54
1638954354414702000,26.55,2,26.55,6,26.6,22,2,2021-12-08 09:05:54
1638954354480440000,26.55,1,26.55,5,26.6,22,2,2021-12-08 09:05:54
1638954354804371000,26.6,1,26.55,5,26.6,21,1,2021-12-08 09:05:54
1638954354950337000,26.6,2,26.55,5,26.6,19,1,2021-12-08 09:05:54
1638954354977820000,26.6,1,26.55,5,26.6,18,1,2021-12-08 09:05:54
1638954355542606000,26.6,1,26.55,5,26.6,17,1,2021-12-08 09:05:55
1638954355704748000,26.55,1,26.55,4,26.6,17,2,2021-12-08 09:05:55
1638954355830648000,26.6,11,26.55,7,26.6,6,1,2021-12-08 09:05:55
1638954355862658000,26.6,6,26.55,7,26.65,6,1,2021-12-08 09:05:55
1638954355887776000,26.55,1,26.55,6,26.65,6,2,2021-12-08 09:05:55
1638954356482333000,26.6,1,26.55,7,26.6,2,1,2021-12-08 09:05:56
1638954356485075000,26.55,1,26.55,6,26.6,2,2,2021-12-08 09:05:56
1638954356511306000,26.6,2,26.55,6,26.65,6,1,2021-12-08 09:05:56
1638954356524548000,26.65,1,26.55,7,26.65,5,1,2021-12-08 09:05:56
1638954356686075000,26.6,3,26.55,8,26.65,5,2,2021-12-08 09:05:56
1638954357389929000,26.55,11,26.5,91,26.55,9,2,2021-12-08 09:05:57
1638954357423523000,26.55,9,26.5,91,26.6,2,1,2021-12-08 09:05:57
1638954357592077000,26.5,1,26.5,90,26.55,1,2,2021-12-08 09:05:57
1638954357642638000,26.55,2,26.6,26,26.65,6,1,2021-12-08 09:05:57
1638954357642638000,26.6,2,26.6,26,26.65,6,1,2021-12-08 09:05:57
1638954357786146000,26.6,1,26.6,25,26.65,6,2,2021-12-08 09:05:57
1638954357863003000,26.65,4,26.6,25,26.65,2,1,2021-12-08 09:05:57
1638954358084546000,26.6,1,26.6,24,26.65,2,2,2021-12-08 09:05:58
1638954358577231000,26.6,2,26.6,23,26.65,2,2,2021-12-08 09:05:58
1638954359799753000,26.65,2,26.6,27,26.7,16,1,2021-12-08 09:05:59
1638954359957987000,26.7,2,26.6,34,26.7,14,1,2021-12-08 09:05:59
1638954360237171000,26.6,1,26.6,33,26.7,14,2,2021-12-08 09:06:00
1638954360320416000,26.65,1,26.6,33,26.7,13,1,2021-12-08 09:06:00
1638954360666424000,26.65,1,26.65,1,26.7,13,1,2021-12-08 09:06:00
1638954361025683000,26.65,3,26.6,31,26.7,13,2,2021-12-08 09:06:01
1638954361025683000,26.6,2,26.6,31,26.7,13,2,2021-12-08 09:06:01
1638954361303433000,26.65,2,26.6,31,26.7,14,1,2021-12-08 09:06:01
1638954361347122000,26.6,1,26.6,30,26.7,14,2,2021-12-08 09:06:01
1638954361449850000,26.6,1,26.6,29,26.7,14,2,2021-12-08 09:06:01
1638954361587609000,26.6,1,26.6,28,26.7,13,2,2021-12-08 09:06:01
1638954361939595000,26.65,1,26.6,28,26.7,13,1,2021-12-08 09:06:01
1638954363051872000,26.65,1,26.65,4,26.7,13,2,2021-12-08 09:06:03
1638954364116929000,26.7,14,26.65,5,26.75,14,1,2021-12-08 09:06:04
1638954364254494000,26.65,1,26.65,4,26.75,13,2,2021-12-08 09:06:04
1638954364291693000,26.65,1,26.65,3,26.75,13,2,2021-12-08 09:06:04
1638954365445046000,26.75,10,26.65,4,26.75,3,1,2021-12-08 09:06:05
1638954366591801000,26.75,3,26.65,10,26.8,43,1,2021-12-08 09:06:06
1638954366591801000,26.8,2,26.65,10,26.8,43,1,2021-12-08 09:06:06
1638954366790308000,26.8,1,26.65,10,26.8,42,1,2021-12-08 09:06:06
1638954369450825000,26.8,1,26.75,1,26.8,44,1,2021-12-08 09:06:09
1638954369698758000,26.75,1,26.7,2,26.8,44,2,2021-12-08 09:06:09
1638954371306753000,26.8,1,26.75,1,26.8,43,1,2021-12-08 09:06:11
1638954371717724000,26.8,2,26.75,1,26.8,46,1,2021-12-08 09:06:11
1638954372520602000,26.8,3,26.75,1,26.8,43,1,2021-12-08 09:06:12
1638954374475948000,26.75,1,26.75,3,26.8,43,2,2021-12-08 09:06:14
1638954374649466000,26.8,3,26.75,3,26.8,40,1,2021-12-08 09:06:14
1638954375550849000,26.8,1,26.75,3,26.8,39,1,2021-12-08 09:06:15
1638954375886283000,26.75,2,26.75,2,26.8,40,2,2021-12-08 09:06:15
1638954375946995000,26.75,2,26.7,4,26.8,40,2,2021-12-08 09:06:15
1638954377422201000,26.75,1,26.7,7,26.8,40,2,2021-12-08 09:06:17
1638954377422201000,26.7,1,26.7,7,26.8,40,2,2021-12-08 09:06:17
1638954381095793000,26.75,1,26.75,4,26.8,40,1,2021-12-08 09:06:21
1638954381328882000,26.75,4,26.7,18,26.8,40,2,2021-12-08 09:06:21
1638954381328882000,26.7,6,26.7,18,26.8,40,2,2021-12-08 09:06:21
1638954381725126000,26.75,5,26.7,18,26.8,40,1,2021-12-08 09:06:21
1638954381765503000,26.8,10,26.7,18,26.8,35,1,2021-12-08 09:06:21
1638954381792719000,26.8,12,26.7,18,26.8,23,1,2021-12-08 09:06:21
1638954381906117000,26.75,2,26.7,18,26.8,23,2,2021-12-08 09:06:21
1638954382508704000,26.8,1,26.7,18,26.8,22,1,2021-12-08 09:06:22
1638954383043408000,26.7,1,26.7,17,26.8,22,2,2021-12-08 09:06:23
1638954384413439000,26.75,1,26.75,5,26.8,22,1,2021-12-08 09:06:24
1638954384701344000,26.75,2,26.75,3,26.8,22,2,2021-12-08 09:06:24
1638954385407347000,26.75,3,26.7,23,26.8,17,2,2021-12-08 09:06:25
1638954385407347000,26.7,2,26.7,23,26.8,17,2,2021-12-08 09:06:25
1638954387372494000,26.8,1,26.7,25,26.8,17,1,2021-12-08 09:06:27
1638954390594031000,26.8,1,26.75,5,26.8,27,1,2021-12-08 09:06:30
1638954391175628000,26.8,2,26.75,5,26.8,25,1,2021-12-08 09:06:31
1638954394892119000,26.8,1,26.75,6,26.8,27,1,2021-12-08 09:06:34
1638954398350897000,26.8,1,26.75,31,26.8,27,1,2021-12-08 09:06:38
1638954399944985000,26.8,1,26.75,33,26.8,26,1,2021-12-08 09:06:39
1638954403579486000,26.75,20,26.75,18,26.8,27,2,2021-12-08 09:06:43
1638954404132039000,26.8,1,26.75,18,26.8,26,1,2021-12-08 09:06:44
1638954404300245000,26.8,10,26.75,18,26.8,16,1,2021-12-08 09:06:44
1638954406469639000,26.75,11,26.75,8,26.8,18,2,2021-12-08 09:06:46
1638954406957643000,26.8,1,26.75,8,26.8,17,1,2021-12-08 09:06:46
1638954408444659000,26.8,3,26.75,9,26.8,21,1,2021-12-08 09:06:48
1638954408897674000,26.8,1,26.75,12,26.8,20,1,2021-12-08 09:06:48
1638954409162714000,26.8,10,26.75,12,26.8,10,1,2021-12-08 09:06:49
1638954409825408000,26.75,5,26.75,8,26.8,10,2,2021-12-08 09:06:49
1638954409851394000,26.75,1,26.75,7,26.8,10,2,2021-12-08 09:06:49
1638954410017891000,26.8,1,26.75,7,26.8,9,1,2021-12-08 09:06:50
1638954410637832000,26.8,1,26.75,7,26.8,9,1,2021-12-08 09:06:50
1638954410876015000,26.8,5,26.75,7,26.8,9,1,2021-12-08 09:06:50
1638954411596105000,26.8,1,26.75,7,26.8,8,1,2021-12-08 09:06:51
1638954411652559000,26.8,1,26.75,7,26.8,7,1,2021-12-08 09:06:51
1638954411988910000,26.75,7,26.7,39,26.75,13,2,2021-12-08 09:06:51
1638954412048383000,26.7,1,26.7,37,26.75,13,2,2021-12-08 09:06:52
1638954412048776000,26.7,1,26.7,37,26.75,13,2,2021-12-08 09:06:52
1638954415162374000,26.75,2,26.7,37,26.75,15,1,2021-12-08 09:06:55
1638954415429097000,26.7,1,26.7,37,26.75,15,2,2021-12-08 09:06:55
1638954416178188000,26.75,10,26.7,37,26.75,8,1,2021-12-08 09:06:56
1638954416468066000,26.7,8,26.7,29,26.75,8,2,2021-12-08 09:06:56
1638954416498654000,26.7,1,26.7,28,26.75,8,2,2021-12-08 09:06:56
1638954416513178000,26.7,1,26.7,27,26.75,8,2,2021-12-08 09:06:56
1638954416542559000,26.7,1,26.7,26,26.75,8,2,2021-12-08 09:06:56
1638954416571809000,26.7,1,26.7,25,26.75,8,2,2021-12-08 09:06:56
1638954416581367000,26.75,3,26.7,25,26.75,5,1,2021-12-08 09:06:56
1638954416892661000,26.7,1,26.7,24,26.75,5,2,2021-12-08 09:06:56
1638954418282457000,26.7,1,26.7,25,26.75,11,2,2021-12-08 09:06:58
1638954420423411000,26.75,11,26.7,28,26.8,11,1,2021-12-08 09:07:00
1638954420423411000,26.8,9,26.7,28,26.8,11,1,2021-12-08 09:07:00
1638954420848593000,26.7,1,26.7,27,26.75,1,2,2021-12-08 09:07:00
1638954420872577000,26.75,1,26.7,27,26.8,14,1,2021-12-08 09:07:00
1638954423414668000,26.75,5,26.75,1,26.8,17,2,2021-12-08 09:07:03
1638954423454529000,26.75,1,26.7,28,26.8,17,2,2021-12-08 09:07:03
1638954424380604000,26.8,1,26.7,28,26.8,16,1,2021-12-08 09:07:04
1638954425972788000,26.75,2,26.7,27,26.8,16,2,2021-12-08 09:07:05
1638954426364190000,26.75,1,26.7,27,26.8,18,2,2021-12-08 09:07:06
1638954427563263000,26.75,1,26.7,39,26.75,1,1,2021-12-08 09:07:07
1638954429127409000,26.75,1,26.75,1,26.8,15,1,2021-12-08 09:07:09
1638954430850061000,26.75,1,26.75,1,26.8,15,2,2021-12-08 09:07:10
1638954430989472000,26.75,1,26.7,32,26.8,15,2,2021-12-08 09:07:10
1638954430989472000,26.7,9,26.7,32,26.8,15,2,2021-12-08 09:07:10
1638954432306791000,26.7,1,26.7,31,26.8,15,2,2021-12-08 09:07:12
1638954434363956000,26.75,2,26.7,32,26.8,15,1,2021-12-08 09:07:14
1638954434962075000,26.75,3,26.7,42,26.75,3,1,2021-12-08 09:07:14
1638954437782725000,26.75,1,26.7,53,26.75,2,1,2021-12-08 09:07:17
1638954438302717000,26.7,10,26.7,43,26.75,2,2,2021-12-08 09:07:18
1638954440173265000,26.75,1,26.7,44,26.75,2,1,2021-12-08 09:07:20
1638954440193830000,26.75,1,26.7,44,26.75,1,1,2021-12-08 09:07:20
1638954440709508000,26.75,1,26.7,44,26.8,15,1,2021-12-08 09:07:20
1638954441102016000,26.75,4,26.75,1,26.8,15,1,2021-12-08 09:07:21
1638954442346643000,26.75,1,26.75,2,26.8,15,2,2021-12-08 09:07:22
1638954442368117000,26.8,1,26.75,2,26.8,14,1,2021-12-08 09:07:22
1638954442840395000,26.75,5,26.75,7,26.8,14,2,2021-12-08 09:07:22
1638954442876534000,26.75,1,26.75,6,26.8,14,2,2021-12-08 09:07:22
1638954445172286000,26.8,1,26.75,6,26.8,13,1,2021-12-08 09:07:25
1638954445778642000,26.75,1,26.75,5,26.8,13,2,2021-12-08 09:07:25
1638954448411475000,26.8,1,26.75,8,26.8,12,1,2021-12-08 09:07:28
1638954450816181000,26.75,2,26.75,10,26.8,17,2,2021-12-08 09:07:30
1638954451795584000,26.75,20,26.7,47,26.75,24,2,2021-12-08 09:07:31
1638954452198739000,26.75,1,26.7,47,26.75,23,1,2021-12-08 09:07:32
1638954453867440000,26.7,3,26.7,44,26.75,23,2,2021-12-08 09:07:33
1638954453907500000,26.7,44,26.65,29,26.75,23,2,2021-12-08 09:07:33
1638954455194472000,26.65,2,26.65,26,26.7,11,2,2021-12-08 09:07:35
1638954455221466000,26.65,26,26.6,48,26.7,11,2,2021-12-08 09:07:35
1638954455518279000,26.65,1,26.6,48,26.65,2,1,2021-12-08 09:07:35
1638954456507317000,26.65,1,26.6,48,26.65,2,1,2021-12-08 09:07:36
1638954457090397000,26.6,18,26.6,30,26.65,2,2,2021-12-08 09:07:37
1638954457162444000,26.6,1,26.6,29,26.65,2,2,2021-12-08 09:07:37
1638954457527152000,26.65,1,26.6,29,26.65,1,1,2021-12-08 09:07:37
1638954457839957000,26.65,1,26.6,29,26.7,12,1,2021-12-08 09:07:37
1638954462157992000,26.65,5,26.6,13,26.7,11,2,2021-12-08 09:07:42
1638954462157992000,26.6,18,26.6,13,26.7,11,2,2021-12-08 09:07:42
1638954462893757000,26.65,1,26.6,13,26.65,10,1,2021-12-08 09:07:42
1638954463119281000,26.65,1,26.6,13,26.65,12,1,2021-12-08 09:07:43
1638954463395091000,26.65,10,26.6,13,26.65,2,1,2021-12-08 09:07:43
1638954463455702000,26.6,1,26.6,11,26.65,2,2,2021-12-08 09:07:43
1638954463455782000,26.6,1,26.6,11,26.65,2,2,2021-12-08 09:07:43
1638954464556152000,26.65,1,26.6,11,26.65,1,1,2021-12-08 09:07:44
1638954465446480000,26.65,5,26.6,11,26.65,1,1,2021-12-08 09:07:45
1638954465928915000,26.65,1,26.6,11,26.7,18,1,2021-12-08 09:07:45
1638954466618891000,26.6,1,26.6,11,26.65,2,2,2021-12-08 09:07:46
1638954467044183000,26.6,11,26.55,23,26.65,9,2,2021-12-08 09:07:47
1638954467492782000,26.55,15,26.55,8,26.6,1,2,2021-12-08 09:07:47
1638954467529826000,26.55,1,26.55,7,26.6,1,2,2021-12-08 09:07:47
1638954467559107000,26.55,1,26.55,6,26.6,1,2,2021-12-08 09:07:47
1638954467566403000,26.6,1,26.55,6,26.65,22,1,2021-12-08 09:07:47
1638954467566403000,26.65,1,26.55,6,26.65,22,1,2021-12-08 09:07:47
1638954472006151000,26.55,3,26.55,3,26.6,12,2,2021-12-08 09:07:52
1638954472875406000,26.55,1,26.55,2,26.6,12,2,2021-12-08 09:07:52
1638954473117948000,26.55,1,26.55,1,26.6,13,2,2021-12-08 09:07:53
1638954473260692000,26.55,1,26.5,185,26.6,13,2,2021-12-08 09:07:53
1638954474387894000,26.55,2,26.5,185,26.55,9,1,2021-12-08 09:07:54
1638954474403152000,26.55,5,26.5,185,26.55,4,1,2021-12-08 09:07:54
1638954476308608000,26.55,1,26.5,185,26.55,9,1,2021-12-08 09:07:56
1638954477018105000,26.55,5,26.5,185,26.55,4,1,2021-12-08 09:07:57
1638954477049836000,26.5,1,26.5,184,26.55,4,2,2021-12-08 09:07:57
1638954477068159000,26.5,1,26.5,183,26.55,4,2,2021-12-08 09:07:57
1638954477129530000,26.55,1,26.5,183,26.55,3,1,2021-12-08 09:07:57
1638954478477944000,26.5,13,26.5,170,26.55,4,2,2021-12-08 09:07:58
1638954478513012000,26.5,1,26.5,169,26.55,4,2,2021-12-08 09:07:58
1638954478678857000,26.55,1,26.5,169,26.55,3,1,2021-12-08 09:07:58
1638954478896438000,26.5,2,26.5,167,26.55,3,2,2021-12-08 09:07:58
1638954479619101000,26.55,1,26.5,168,26.55,2,1,2021-12-08 09:07:59
1638954480479566000,26.5,1,26.5,173,26.55,2,2,2021-12-08 09:08:00
1638954482677715000,26.55,1,26.5,174,26.55,6,1,2021-12-08 09:08:02
1638954482750703000,26.5,1,26.5,175,26.55,6,2,2021-12-08 09:08:02
1638954484874755000,26.5,150,26.5,26,26.55,14,2,2021-12-08 09:08:04
1638954484897948000,26.5,18,26.5,8,26.55,14,2,2021-12-08 09:08:04
1638954484900829000,26.5,1,26.5,7,26.55,14,2,2021-12-08 09:08:04
1638954484901656000,26.5,1,26.5,6,26.55,14,2,2021-12-08 09:08:04
1638954484907592000,26.5,1,26.5,5,26.55,14,2,2021-12-08 09:08:04
1638954484920525000,26.5,1,26.5,4,26.55,14,2,2021-12-08 09:08:04
1638954484923242000,26.5,1,26.5,2,26.55,14,2,2021-12-08 09:08:04
1638954484923636000,26.5,1,26.5,2,26.55,14,2,2021-12-08 09:08:04
1638954484924685000,26.5,1,26.45,13,26.55,14,2,2021-12-08 09:08:04
1638954484924779000,26.5,1,26.45,13,26.55,14,2,2021-12-08 09:08:04
1638954485842232000,26.5,1,26.45,13,26.5,6,1,2021-12-08 09:08:05
1638954486007118000,26.45,3,26.45,10,26.5,8,2,2021-12-08 09:08:06
1638954486257490000,26.5,1,26.45,10,26.5,15,1,2021-12-08 09:08:06
1638954486923640000,26.45,2,26.45,6,26.5,15,2,2021-12-08 09:08:06
1638954487108413000,26.45,2,26.45,4,26.5,15,2,2021-12-08 09:08:07
1638954487349982000,26.5,15,26.45,4,26.55,15,1,2021-12-08 09:08:07
1638954487349982000,26.55,5,26.45,4,26.55,15,1,2021-12-08 09:08:07
1638954488924815000,26.5,2,26.4,29,26.55,15,2,2021-12-08 09:08:08
1638954488924815000,26.45,4,26.4,29,26.55,15,2,2021-12-08 09:08:08
1638954488924815000,26.4,9,26.4,29,26.55,15,2,2021-12-08 09:08:08
1638954489041690000,26.4,3,26.4,26,26.5,1,2,2021-12-08 09:08:09
1638954489163599000,26.5,1,26.5,1,26.55,15,1,2021-12-08 09:08:09
1638954489396417000,26.5,1,26.4,26,26.55,15,2,2021-12-08 09:08:09
1638954490349344000,26.45,2,26.4,10,26.55,15,2,2021-12-08 09:08:10
1638954490349344000,26.4,11,26.4,10,26.55,15,2,2021-12-08 09:08:10
1638954492612616000,26.45,4,26.3,11,26.5,1,1,2021-12-08 09:08:12
1638954492612616000,26.4,11,26.3,11,26.5,1,2,2021-12-08 09:08:12
1638954492612616000,26.35,11,26.3,11,26.5,1,2,2021-12-08 09:08:12
1638954492612616000,26.3,4,26.3,11,26.5,1,2,2021-12-08 09:08:12
1638954492822016000,26.35,2,26.3,10,26.45,7,1,2021-12-08 09:08:12
1638954492822016000,26.3,1,26.3,10,26.45,7,2,2021-12-08 09:08:12
1638954492827724000,26.45,2,26.3,10,26.45,5,1,2021-12-08 09:08:12
1638954493092237000,26.4,1,26.4,1,26.45,5,2,2021-12-08 09:08:13
1638954493665099000,26.45,5,26.4,2,26.55,22,1,2021-12-08 09:08:13
1638954493665099000,26.5,2,26.4,2,26.55,22,1,2021-12-08 09:08:13
1638954493665099000,26.55,23,26.4,2,26.55,22,1,2021-12-08 09:08:13
1638954494484733000,26.45,1,26.45,1,26.5,1,2,2021-12-08 09:08:14
1638954496265942000,26.5,3,26.45,1,26.5,3,1,2021-12-08 09:08:16
1638954496333211000,26.5,3,26.45,1,26.55,27,1,2021-12-08 09:08:16
1638954496342786000,26.45,1,26.4,3,26.55,27,2,2021-12-08 09:08:16
1638954497718974000,26.5,1,26.4,4,26.5,1,1,2021-12-08 09:08:17
1638954497754778000,26.5,1,26.4,4,26.55,27,1,2021-12-08 09:08:17
1638954497810464000,26.4,5,26.0,56,26.55,27,2,2021-12-08 09:08:17
1638954497810464000,26.35,7,26.0,56,26.55,27,2,2021-12-08 09:08:17
1638954497810464000,26.3,11,26.0,56,26.55,27,2,2021-12-08 09:08:17
1638954497810464000,26.25,11,26.0,56,26.55,27,2,2021-12-08 09:08:17
1638954497810464000,26.2,26,26.0,56,26.55,27,2,2021-12-08 09:08:17
1638954497810464000,26.15,3,26.0,56,26.55,27,2,2021-12-08 09:08:17
1638954497810464000,26.1,9,26.0,56,26.55,27,2,2021-12-08 09:08:17
1638954497810464000,26.05,25,26.0,56,26.55,27,2,2021-12-08 09:08:17
1638954497810464000,26.0,3,26.0,56,26.55,27,2,2021-12-08 09:08:17
1638954497851727000,26.4,1,26.4,1,26.5,11,1,2021-12-08 09:08:17
1638954497924979000,26.05,4,26.0,55,26.45,4,2,2021-12-08 09:08:17
1638954497924979000,26.0,1,26.0,55,26.45,4,2,2021-12-08 09:08:17
1638954497995422000,26.35,3,26.0,55,26.4,2,1,2021-12-08 09:08:17
1638954497995422000,26.4,2,26.0,55,26.4,2,1,2021-12-08 09:08:17
1638954498051431000,26.35,1,26.05,2,26.4,2,2,2021-12-08 09:08:18
1638954498702095000,26.35,2,26.3,5,26.35,1,1,2021-12-08 09:08:18
1638954498894774000,26.4,1,26.3,5,26.4,9,1,2021-12-08 09:08:18
1638954499030557000,26.3,5,26.05,3,26.4,9,2,2021-12-08 09:08:19
1638954499572057000,26.4,1,26.35,2,26.4,8,1,2021-12-08 09:08:19
1638954499611147000,26.4,8,26.35,2,26.45,3,1,2021-12-08 09:08:19
1638954500674022000,26.4,1,26.35,2,26.4,1,2,2021-12-08 09:08:20
1638954500779256000,26.4,2,26.4,7,26.45,3,1,2021-12-08 09:08:20
1638954501088710000,26.45,1,26.4,7,26.45,2,1,2021-12-08 09:08:21
1638954501120224000,26.45,2,26.4,7,26.5,15,1,2021-12-08 09:08:21
1638954501120228000,26.5,1,26.4,7,26.5,15,1,2021-12-08 09:08:21
1638954501420326000,26.4,4,26.4,3,26.5,7,2,2021-12-08 09:08:21
1638954503093807000,26.4,1,26.4,2,26.45,7,2,2021-12-08 09:08:23
1638954503198362000,26.4,2,26.35,1,26.45,7,2,2021-12-08 09:08:23
1638954503198362000,26.35,1,26.35,1,26.45,7,2,2021-12-08 09:08:23
1638954503584280000,26.4,2,26.0,27,26.45,9,1,2021-12-08 09:08:23
1638954503584280000,26.35,1,26.0,27,26.45,9,2,2021-12-08 09:08:23
1638954503584280000,26.25,5,26.0,27,26.45,9,2,2021-12-08 09:08:23
1638954503584280000,26.2,5,26.0,27,26.45,9,2,2021-12-08 09:08:23
1638954503584280000,26.15,4,26.0,27,26.45,9,2,2021-12-08 09:08:23
1638954503584280000,26.1,2,26.0,27,26.45,9,2,2021-12-08 09:08:23
1638954503584280000,26.05,3,26.0,27,26.45,9,2,2021-12-08 09:08:23
1638954503584280000,26.0,28,26.0,27,26.45,9,2,2021-12-08 09:08:23
1638954503811967000,26.3,1,26.0,27,26.3,1,1,2021-12-08 09:08:23
1638954503893261000,26.25,13,26.05,4,26.3,1,2,2021-12-08 09:08:23
1638954504471203000,26.3,1,26.1,2,26.4,9,1,2021-12-08 09:08:24
1638954504507329000,26.4,1,26.1,2,26.5,5,1,2021-12-08 09:08:24
1638954504507329000,26.45,7,26.1,2,26.5,5,1,2021-12-08 09:08:24
1638954504507329000,26.5,3,26.1,2,26.5,5,1,2021-12-08 09:08:24
1638954504940169000,26.4,2,26.25,3,26.4,8,2,2021-12-08 09:08:24
1638954505722716000,26.35,1,26.25,3,26.35,3,2,2021-12-08 09:08:25
1638954505768543000,26.35,1,26.25,3,26.35,2,1,2021-12-08 09:08:25
1638954505805481000,26.35,2,26.25,3,26.4,4,1,2021-12-08 09:08:25
1638954506388468000,26.25,3,25.8,21,26.4,5,2,2021-12-08 09:08:26
1638954506388468000,26.15,3,25.8,21,26.4,5,2,2021-12-08 09:08:26
1638954506388468000,26.05,5,25.8,21,26.4,5,2,2021-12-08 09:08:26
1638954506388468000,26.0,27,25.8,21,26.4,5,2,2021-12-08 09:08:26
1638954506388468000,25.95,1,25.8,21,26.4,5,2,2021-12-08 09:08:26
1638954506388468000,25.9,2,25.8,21,26.4,5,2,2021-12-08 09:08:26
1638954506388468000,25.85,2,25.8,21,26.4,5,2,2021-12-08 09:08:26
1638954506679513000,26.05,5,25.95,2,26.15,4,1,2021-12-08 09:08:26
1638954506702642000,26.15,1,25.95,2,26.15,3,1,2021-12-08 09:08:26
1638954507204098000,26.15,2,26.05,1,26.15,3,1,2021-12-08 09:08:27
1638954507335428000,26.2,5,26.05,1,26.4,10,1,2021-12-08 09:08:27
1638954507335428000,26.25,2,26.05,1,26.4,10,1,2021-12-08 09:08:27
1638954507335428000,26.35,2,26.05,1,26.4,10,1,2021-12-08 09:08:27
1638954507335428000,26.4,1,26.05,1,26.4,10,1,2021-12-08 09:08:27
1638954507494070000,26.35,1,26.1,5,26.35,2,2,2021-12-08 09:08:27
1638954507961793000,26.35,1,26.25,1,26.35,6,1,2021-12-08 09:08:27
1638954508083101000,26.35,3,26.25,1,26.35,1,1,2021-12-08 09:08:28
1638954508114824000,26.35,1,26.25,1,26.4,2,1,2021-12-08 09:08:28
1638954508908168000,26.25,1,26.15,7,26.3,5,2,2021-12-08 09:08:28
1638954509038707000,26.3,1,26.15,7,26.3,1,1,2021-12-08 09:08:29
1638954509038747000,26.3,3,26.15,7,26.3,1,1,2021-12-08 09:08:29
1638954509139592000,26.3,1,26.15,9,26.4,5,1,2021-12-08 09:08:29
1638954509536809000,26.3,1,26.25,21,26.4,5,1,2021-12-08 09:08:29
1638954513681550000,26.3,3,26.25,17,26.35,4,2,2021-12-08 09:08:33
1638954513681550000,26.25,7,26.25,17,26.35,4,2,2021-12-08 09:08:33
1638954513732262000,26.35,4,26.35,1,26.4,7,1,2021-12-08 09:08:33
1638954514041170000,26.35,1,26.25,17,26.4,7,2,2021-12-08 09:08:34
1638954514590318000,26.3,10,26.25,19,26.4,7,2,2021-12-08 09:08:34
1638954514912605000,26.3,2,26.25,19,26.3,5,1,2021-12-08 09:08:34
1638954514944949000,26.3,5,26.25,19,26.4,8,1,2021-12-08 09:08:34
1638954515190124000,26.3,1,26.25,19,26.4,8,1,2021-12-08 09:08:35
1638954516291628000,26.3,2,26.25,19,26.4,14,2,2021-12-08 09:08:36
1638954517344809000,26.25,19,26.2,3,26.25,1,2,2021-12-08 09:08:37
1638954517424562000,26.25,1,26.3,9,26.4,14,1,2021-12-08 09:08:37
1638954517424562000,26.3,1,26.3,9,26.4,14,1,2021-12-08 09:08:37
1638954517851874000,26.35,1,26.3,10,26.4,14,1,2021-12-08 09:08:37
1638954518775243000,26.35,1,26.3,5,26.4,14,2,2021-12-08 09:08:38
1638954518775243000,26.3,7,26.3,5,26.4,14,2,2021-12-08 09:08:38
1638954519422423000,26.3,6,26.0,12,26.4,14,2,2021-12-08 09:08:39
1638954519422423000,26.25,1,26.0,12,26.4,14,2,2021-12-08 09:08:39
1638954519422423000,26.2,3,26.0,12,26.4,14,2,2021-12-08 09:08:39
1638954519422423000,26.15,9,26.0,12,26.4,14,2,2021-12-08 09:08:39
1638954519422423000,26.1,8,26.0,12,26.4,14,2,2021-12-08 09:08:39
1638954519422423000,26.05,19,26.0,12,26.4,14,2,2021-12-08 09:08:39
1638954519422423000,26.0,4,26.0,12,26.4,14,2,2021-12-08 09:08:39
1638954520033246000,26.2,2,26.25,3,26.35,3,1,2021-12-08 09:08:40
1638954520105998000,26.25,1,26.25,2,26.35,3,1,2021-12-08 09:08:40
1638954520624064000,26.3,2,26.25,2,26.3,2,1,2021-12-08 09:08:40
1638954520653475000,26.3,2,26.25,2,26.4,14,1,2021-12-08 09:08:40
1638954520656712000,26.25,1,26.25,1,26.4,14,2,2021-12-08 09:08:40
1638954522102167000,26.3,1,26.25,2,26.35,17,1,2021-12-08 09:08:42
1638954522214439000,26.25,1,26.25,1,26.35,17,2,2021-12-08 09:08:42
1638954522363858000,26.35,1,26.25,1,26.35,16,1,2021-12-08 09:08:42
1638954522486514000,26.3,1,26.25,1,26.35,16,2,2021-12-08 09:08:42
1638954522488770000,26.25,1,26.1,9,26.35,16,2,2021-12-08 09:08:42
1638954522516700000,26.1,6,26.1,3,26.35,16,2,2021-12-08 09:08:42
1638954522785879000,26.15,2,26.15,9,26.3,3,1,2021-12-08 09:08:42
1638954522999730000,26.15,3,26.15,6,26.3,3,2,2021-12-08 09:08:42
1638954523994554000,26.15,1,26.15,5,26.3,6,2,2021-12-08 09:08:43
1638954524111345000,26.15,1,26.15,4,26.3,6,2,2021-12-08 09:08:44
1638954525260993000,26.25,1,26.15,4,26.3,7,1,2021-12-08 09:08:45
1638954526641157000,26.2,5,26.15,2,26.3,15,2,2021-12-08 09:08:46
1638954526641157000,26.15,2,26.15,2,26.3,15,2,2021-12-08 09:08:46
1638954526813814000,26.15,1,26.15,1,26.3,15,2,2021-12-08 09:08:46
1638954528337895000,26.2,1,26.15,11,26.25,2,1,2021-12-08 09:08:48
1638954530230154000,26.25,1,26.15,12,26.25,1,1,2021-12-08 09:08:50
1638954530262751000,26.2,1,26.15,12,26.2,3,2,2021-12-08 09:08:50
1638954530264359000,26.2,3,26.15,12,26.25,1,1,2021-12-08 09:08:50
1638954530300549000,26.15,3,26.15,9,26.25,1,2,2021-12-08 09:08:50
1638954530601061000,26.25,1,26.25,1,26.3,12,1,2021-12-08 09:08:50
1638954530632429000,26.25,1,26.15,14,26.3,12,2,2021-12-08 09:08:50
1638954530817688000,26.15,5,26.15,9,26.3,12,2,2021-12-08 09:08:50
1638954532176312000,26.15,9,26.1,2,26.25,4,2,2021-12-08 09:08:52
1638954532176312000,26.1,1,26.1,2,26.25,4,2,2021-12-08 09:08:52
1638954532300998000,26.1,1,26.1,1,26.15,12,2,2021-12-08 09:08:52
1638954532337802000,26.15,1,26.1,1,26.15,11,1,2021-12-08 09:08:52
1638954532358134000,26.15,11,26.1,1,26.25,11,1,2021-12-08 09:08:52
1638954533981260000,26.15,6,26.15,5,26.2,1,2,2021-12-08 09:08:53
1638954534373906000,26.2,1,26.15,5,26.25,12,1,2021-12-08 09:08:54
1638954536351883000,26.15,2,26.15,1,26.25,12,2,2021-12-08 09:08:56
1638954537222468000,26.2,2,26.15,3,26.25,12,1,2021-12-08 09:08:57
1638954537274327000,26.15,1,26.15,2,26.25,12,2,2021-12-08 09:08:57
1638954537600519000,26.15,1,26.15,1,26.25,12,2,2021-12-08 09:08:57
1638954537637126000,26.15,1,26.05,27,26.25,12,2,2021-12-08 09:08:57
1638954537637126000,26.1,3,26.05,27,26.25,12,2,2021-12-08 09:08:57
1638954537637126000,26.05,1,26.05,27,26.25,12,2,2021-12-08 09:08:57
1638954539769825000,26.2,3,26.15,5,26.25,13,1,2021-12-08 09:08:59
1638954541559895000,26.15,2,26.15,3,26.2,1,2,2021-12-08 09:09:01
1638954542833016000,26.15,1,26.15,3,26.2,1,2,2021-12-08 09:09:02
1638954542870977000,26.2,1,26.15,3,26.2,1,1,2021-12-08 09:09:02
1638954543868411000,26.15,2,26.15,1,26.2,1,2,2021-12-08 09:09:03
1638954543902327000,26.15,1,26.1,6,26.2,1,2,2021-12-08 09:09:03
1638954544118605000,26.2,1,26.1,6,26.25,13,1,2021-12-08 09:09:04
1638954544405584000,26.15,1,26.1,8,26.15,3,2,2021-12-08 09:09:04
1638954544432262000,26.15,3,26.1,8,26.25,13,1,2021-12-08 09:09:04
1638954545521075000,26.15,3,26.1,9,26.15,1,1,2021-12-08 09:09:05
1638954545563372000,26.15,1,26.1,9,26.25,15,1,2021-12-08 09:09:05
1638954545580629000,26.1,2,26.1,7,26.25,15,2,2021-12-08 09:09:05
1638954547191479000,26.2,2,26.2,1,26.25,19,1,2021-12-08 09:09:07
1638954547441239000,26.2,1,26.15,4,26.2,3,2,2021-12-08 09:09:07
1638954547969561000,26.2,3,26.15,4,26.3,9,1,2021-12-08 09:09:07
1638954547969561000,26.25,15,26.15,4,26.3,9,1,2021-12-08 09:09:07
1638954547969561000,26.3,12,26.15,4,26.3,9,1,2021-12-08 09:09:07
1638954549489596000,26.25,5,26.2,4,26.3,9,2,2021-12-08 09:09:09
1638954550070462000,26.2,4,26.15,3,26.3,9,2,2021-12-08 09:09:10
1638954550070462000,26.15,1,26.15,3,26.3,9,2,2021-12-08 09:09:10
1638954550462883000,26.15,1,26.15,4,26.3,9,2,2021-12-08 09:09:10
1638954551481765000,26.25,1,26.2,4,26.3,9,1,2021-12-08 09:09:11
1638954551481765000,26.2,1,26.2,4,26.3,9,2,2021-12-08 09:09:11
1638954551892664000,26.3,9,26.2,4,26.35,3,1,2021-12-08 09:09:11
1638954551892664000,26.35,11,26.2,4,26.35,3,1,2021-12-08 09:09:11
1638954553267073000,26.25,1,26.25,1,26.35,8,2,2021-12-08 09:09:13
1638954556008924000,26.2,1,26.2,7,26.35,9,2,2021-12-08 09:09:16
1638954560190352000,26.3,2,26.2,14,26.3,17,1,2021-12-08 09:09:20
1638954561063175000,26.3,1,26.2,13,26.3,17,1,2021-12-08 09:09:21
1638954561620255000,26.25,1,26.2,5,26.3,17,2,2021-12-08 09:09:21
1638954561620255000,26.2,9,26.2,5,26.3,17,2,2021-12-08 09:09:21
1638954561768771000,26.3,2,26.2,5,26.3,15,1,2021-12-08 09:09:21
1638954563781200000,26.3,2,26.2,6,26.3,21,1,2021-12-08 09:09:23
1638954563784965000,26.3,10,26.2,6,26.3,11,1,2021-12-08 09:09:23
1638954565563101000,26.2,7,26.2,9,26.3,11,2,2021-12-08 09:09:25
1638954566723332000,26.2,2,26.2,8,26.3,10,2,2021-12-08 09:09:26
1638954567735563000,26.3,3,26.2,10,26.3,12,1,2021-12-08 09:09:27
1638954567849670000,26.3,11,26.2,13,26.3,1,1,2021-12-08 09:09:27
1638954567882419000,26.3,1,26.2,13,26.35,33,1,2021-12-08 09:09:27
1638954569620076000,26.35,10,26.3,1,26.35,25,1,2021-12-08 09:09:29
1638954569680938000,26.35,2,26.3,1,26.35,23,1,2021-12-08 09:09:29
1638954570440498000,26.3,1,26.25,4,26.35,23,2,2021-12-08 09:09:30
1638954570684287000,26.25,1,26.25,5,26.35,23,2,2021-12-08 09:09:30
1638954574768006000,26.3,2,26.25,4,26.35,25,1,2021-12-08 09:09:34
1638954574768006000,26.25,3,26.25,4,26.35,25,2,2021-12-08 09:09:34
1638954575210003000,26.35,1,26.25,6,26.35,24,1,2021-12-08 09:09:35
1638954575495480000,26.35,10,26.25,6,26.35,14,1,2021-12-08 09:09:35
1638954575529556000,26.35,14,26.25,6,26.4,9,1,2021-12-08 09:09:35
1638954576411876000,26.3,1,26.25,11,26.4,9,2,2021-12-08 09:09:36
1638954576897715000,26.4,5,26.35,2,26.4,4,1,2021-12-08 09:09:36
1638954576938766000,26.4,4,26.35,2,26.45,15,1,2021-12-08 09:09:36
1638954577425969000,26.4,1,26.35,2,26.4,2,1,2021-12-08 09:09:37
1638954577474663000,26.4,2,26.35,2,26.45,5,1,2021-12-08 09:09:37
1638954581110136000,26.35,1,26.35,5,26.45,5,2,2021-12-08 09:09:41
1638954583176964000,26.4,2,26.4,4,26.45,8,1,2021-12-08 09:09:43
1638954583219224000,26.4,4,26.35,4,26.45,8,2,2021-12-08 09:09:43
1638954583219224000,26.35,6,26.35,4,26.45,8,2,2021-12-08 09:09:43
1638954585491382000,26.45,6,26.35,7,26.5,26,1,2021-12-08 09:09:45
1638954585491382000,26.5,9,26.35,7,26.5,26,1,2021-12-08 09:09:45
1638954586087405000,26.45,1,26.35,8,26.5,3,2,2021-12-08 09:09:46
1638954586087405000,26.5,23,26.35,8,26.5,3,1,2021-12-08 09:09:46
1638954586487217000,26.35,3,26.35,5,26.5,3,2,2021-12-08 09:09:46
1638954588285331000,26.5,1,26.4,4,26.5,4,1,2021-12-08 09:09:48
1638954588389426000,26.5,2,26.4,6,26.5,2,1,2021-12-08 09:09:48
1638954590145242000,26.4,6,26.35,4,26.5,8,2,2021-12-08 09:09:50
1638954590145242000,26.35,2,26.35,4,26.5,8,2,2021-12-08 09:09:50
1638954590322318000,26.5,1,26.35,4,26.5,7,1,2021-12-08 09:09:50
1638954591698251000,26.5,1,26.35,4,26.5,6,1,2021-12-08 09:09:51
1638954592528238000,26.5,1,26.35,4,26.5,6,1,2021-12-08 09:09:52
1638954592799176000,26.4,1,26.35,4,26.5,6,2,2021-12-08 09:09:52
1638954592960285000,26.5,1,26.35,7,26.5,5,1,2021-12-08 09:09:52
1638954593410145000,26.5,5,26.35,7,26.5,2,1,2021-12-08 09:09:53
1638954594177865000,26.45,2,26.35,12,26.45,2,2,2021-12-08 09:09:54
1638954594936520000,26.45,2,26.4,5,26.5,3,1,2021-12-08 09:09:54
1638954596316331000,26.45,2,26.4,5,26.45,3,1,2021-12-08 09:09:56
1638954596592739000,26.45,1,26.4,5,26.45,2,1,2021-12-08 09:09:56
1638954596686957000,26.45,1,26.4,5,26.45,1,1,2021-12-08 09:09:56
1638954596742416000,26.45,1,26.4,5,26.5,3,1,2021-12-08 09:09:56
1638954597292263000,26.45,5,26.35,7,26.5,3,2,2021-12-08 09:09:57
1638954597292263000,26.4,5,26.35,7,26.5,3,2,2021-12-08 09:09:57
1638954597292263000,26.35,5,26.35,7,26.5,3,2,2021-12-08 09:09:57
1638954598386699000,26.4,1,26.35,6,26.5,3,1,2021-12-08 09:09:58
1638954598386699000,26.35,1,26.35,6,26.5,3,2,2021-12-08 09:09:58
1638954598499228000,26.5,3,26.5,2,26.55,9,1,2021-12-08 09:09:58
1638954598538326000,26.5,2,26.35,6,26.55,9,2,2021-12-08 09:09:58
1638954599511874000,26.5,1,26.4,2,26.5,1,1,2021-12-08 09:09:59
1638954600907836000,26.4,1,26.4,1,26.45,7,2,2021-12-08 09:10:00
1638954600943813000,26.4,1,26.35,6,26.45,7,2,2021-12-08 09:10:00
1638954600972717000,26.45,1,26.35,6,26.45,6,1,2021-12-08 09:10:00
1638954605333731000,26.45,1,26.4,3,26.45,7,1,2021-12-08 09:10:05
1638954606135019000,26.45,1,26.4,3,26.45,6,1,2021-12-08 09:10:06
1638954607596617000,26.4,1,26.4,2,26.45,6,2,2021-12-08 09:10:07
1638954607728760000,26.45,1,26.4,2,26.45,5,1,2021-12-08 09:10:07
1638954608777088000,26.45,1,26.4,2,26.45,4,1,2021-12-08 09:10:08
1638954611740073000,26.4,8,26.4,1,26.45,4,2,2021-12-08 09:10:11
1638954613126944000,26.45,1,26.4,3,26.45,3,1,2021-12-08 09:10:13
1638954613590502000,26.45,2,26.4,3,26.45,1,1,2021-12-08 09:10:13
1638954613697307000,26.4,2,26.4,2,26.45,1,2,2021-12-08 09:10:13
1638954617712808000,26.4,2,26.4,2,26.45,1,2,2021-12-08 09:10:17
1638954617774106000,26.4,1,26.4,1,26.45,1,2,2021-12-08 09:10:17
1638954624218855000,26.45,1,26.4,8,26.45,14,1,2021-12-08 09:10:24
1638954627014475000,26.4,1,26.4,12,26.45,14,2,2021-12-08 09:10:27
1638954627881022000,26.4,10,26.4,13,26.45,15,2,2021-12-08 09:10:27
1638954627948134000,26.4,1,26.4,12,26.45,15,2,2021-12-08 09:10:27
1638954628149668000,26.45,5,26.4,12,26.45,10,1,2021-12-08 09:10:28
1638954634800931000,26.4,10,26.4,3,26.45,12,2,2021-12-08 09:10:34
1638954635752697000,26.4,1,26.4,2,26.45,14,2,2021-12-08 09:10:35
1638954635787077000,26.4,2,26.35,26,26.45,14,2,2021-12-08 09:10:35
1638954635870196000,26.4,1,26.35,26,26.45,14,1,2021-12-08 09:10:35
1638954637971838000,26.35,9,26.35,17,26.4,12,2,2021-12-08 09:10:37
1638954638005801000,26.35,17,26.3,15,26.4,12,2,2021-12-08 09:10:38
1638954639050138000,26.3,2,26.3,13,26.35,5,2,2021-12-08 09:10:39
1638954639112178000,26.3,2,26.3,11,26.35,5,2,2021-12-08 09:10:39
1638954639139482000,26.3,4,26.3,7,26.35,5,2,2021-12-08 09:10:39
1638954639190862000,26.3,2,26.3,5,26.35,6,2,2021-12-08 09:10:39
1638954639216611000,26.3,5,26.25,16,26.35,6,2,2021-12-08 09:10:39
1638954640441072000,26.25,7,26.25,9,26.3,5,2,2021-12-08 09:10:40
1638954640497351000,26.25,9,26.2,41,26.3,5,2,2021-12-08 09:10:40
1638954641463784000,26.2,1,26.2,40,26.25,2,2,2021-12-08 09:10:41
1638954641878080000,26.2,4,26.2,36,26.25,2,2,2021-12-08 09:10:41
1638954642162419000,26.25,1,26.2,36,26.25,6,1,2021-12-08 09:10:42
1638954644188664000,26.2,21,26.2,16,26.25,9,2,2021-12-08 09:10:44
1638954644244167000,26.2,2,26.2,14,26.25,9,2,2021-12-08 09:10:44
1638954644789794000,26.25,1,26.2,14,26.25,8,1,2021-12-08 09:10:44
1638954645625729000,26.25,2,26.2,14,26.25,6,1,2021-12-08 09:10:45
1638954645763684000,26.2,1,26.2,13,26.25,6,2,2021-12-08 09:10:45
1638954646718304000,26.2,2,26.2,11,26.25,6,2,2021-12-08 09:10:46
1638954647384661000,26.2,2,26.2,9,26.25,10,2,2021-12-08 09:10:47
1638954647939724000,26.2,1,26.2,10,26.25,10,2,2021-12-08 09:10:47
1638954648564140000,26.2,2,26.2,8,26.25,10,2,2021-12-08 09:10:48
1638954648761008000,26.2,1,26.2,7,26.25,10,2,2021-12-08 09:10:48
1638954648828765000,26.2,7,26.1,33,26.25,10,2,2021-12-08 09:10:48
1638954648828765000,26.15,10,26.1,33,26.25,10,2,2021-12-08 09:10:48
1638954648828765000,26.1,23,26.1,33,26.25,10,2,2021-12-08 09:10:48
1638954648933036000,26.2,2,26.1,33,26.25,10,1,2021-12-08 09:10:48
1638954649203700000,26.25,5,26.1,33,26.25,7,1,2021-12-08 09:10:49
1638954650491002000,26.2,1,26.1,42,26.25,5,2,2021-12-08 09:10:50
1638954650869815000,26.2,1,26.1,42,26.2,9,2,2021-12-08 09:10:50
1638954651307050000,26.2,1,26.1,42,26.2,8,1,2021-12-08 09:10:51
1638954652827747000,26.1,30,26.1,12,26.2,12,2,2021-12-08 09:10:52
1638954653174267000,26.2,1,26.1,12,26.2,11,1,2021-12-08 09:10:53
1638954653959149000,26.1,7,26.1,5,26.2,11,2,2021-12-08 09:10:53
1638954654727019000,26.1,2,26.1,3,26.2,11,2,2021-12-08 09:10:54
1638954656083516000,26.1,3,26.05,34,26.2,11,2,2021-12-08 09:10:56
1638954656083516000,26.05,6,26.05,34,26.2,11,2,2021-12-08 09:10:56
1638954656331482000,26.15,1,26.1,5,26.2,12,1,2021-12-08 09:10:56
1638954656504714000,26.1,1,26.1,4,26.2,13,2,2021-12-08 09:10:56
1638954657121980000,26.1,4,26.05,34,26.2,14,2,2021-12-08 09:10:57
1638954659220248000,26.1,2,26.1,1,26.2,20,2,2021-12-08 09:10:59
1638954660604591000,26.1,2,26.05,68,26.15,3,2,2021-12-08 09:11:00
1638954661698015000,26.15,3,26.1,11,26.2,25,1,2021-12-08 09:11:01
1638954661739329000,26.2,8,26.1,11,26.2,17,1,2021-12-08 09:11:01
1638954661769469000,26.2,16,26.1,11,26.2,1,1,2021-12-08 09:11:01
1638954661957775000,26.1,3,26.1,8,26.2,1,2,2021-12-08 09:11:01
1638954662104851000,26.1,7,26.1,1,26.2,1,2,2021-12-08 09:11:02
1638954662628182000,26.2,1,26.1,3,26.25,2,1,2021-12-08 09:11:02
1638954665534343000,26.1,5,26.1,12,26.25,2,2,2021-12-08 09:11:05
1638954666097065000,26.25,2,26.15,2,26.3,2,1,2021-12-08 09:11:06
1638954666602514000,26.15,1,26.15,2,26.3,2,2,2021-12-08 09:11:06
1638954667763387000,26.15,4,26.1,23,26.25,1,2,2021-12-08 09:11:07
1638954667763387000,26.1,6,26.1,23,26.25,1,2,2021-12-08 09:11:07
1638954670586108000,26.25,1,26.15,8,26.25,5,1,2021-12-08 09:11:10
1638954672106990000,26.15,8,26.1,22,26.25,5,2,2021-12-08 09:11:12
1638954672106990000,26.1,2,26.1,22,26.25,5,2,2021-12-08 09:11:12
1638954673456855000,26.2,1,26.15,6,26.25,15,1,2021-12-08 09:11:13
1638954674276913000,26.2,2,26.15,4,26.25,15,1,2021-12-08 09:11:14
1638954676882336000,26.2,3,26.15,7,26.25,12,1,2021-12-08 09:11:16
1638954677055588000,26.25,12,26.2,2,26.3,1,1,2021-12-08 09:11:17
1638954677283553000,26.3,1,26.3,1,26.35,8,1,2021-12-08 09:11:17
1638954677320218000,26.3,1,26.2,2,26.35,8,2,2021-12-08 09:11:17
1638954677384446000,26.2,2,26.15,6,26.3,2,2,2021-12-08 09:11:17
1638954677384446000,26.15,2,26.15,6,26.3,2,2,2021-12-08 09:11:17
1638954678904821000,26.2,1,26.2,1,26.3,2,1,2021-12-08 09:11:18
1638954679164242000,26.2,1,26.15,8,26.3,2,2,2021-12-08 09:11:19
1638954682608949000,26.2,1,26.2,2,26.25,2,2,2021-12-08 09:11:22
1638954684160572000,26.25,2,26.2,4,26.3,2,1,2021-12-08 09:11:24
1638954685355870000,26.3,1,26.2,4,26.3,1,1,2021-12-08 09:11:25
1638954685373996000,26.2,1,26.2,3,26.3,1,2,2021-12-08 09:11:25
1638954686065016000,26.2,3,26.15,11,26.3,1,2,2021-12-08 09:11:26
1638954686065016000,26.15,2,26.15,11,26.3,1,2,2021-12-08 09:11:26
1638954687015519000,26.15,2,26.15,9,26.3,1,2,2021-12-08 09:11:27
1638954688972006000,26.2,1,26.2,2,26.3,1,1,2021-12-08 09:11:28
1638954690987799000,26.25,2,26.2,20,26.3,1,1,2021-12-08 09:11:30
1638954691075741000,26.3,1,26.2,20,26.35,3,1,2021-12-08 09:11:31
1638954693634586000,26.3,2,26.25,1,26.35,3,2,2021-12-08 09:11:33
1638954693634586000,26.25,1,26.25,1,26.35,3,2,2021-12-08 09:11:33
1638954694145516000,26.35,3,26.25,3,26.4,10,1,2021-12-08 09:11:34
1638954699568796000,26.3,2,26.25,6,26.35,1,2,2021-12-08 09:11:39
1638954702031562000,26.35,1,26.25,8,26.4,10,1,2021-12-08 09:11:42
1638954704536273000,26.4,1,26.35,2,26.4,9,1,2021-12-08 09:11:44
1638954704962028000,26.4,9,26.35,5,26.45,10,1,2021-12-08 09:11:44
1638954706756054000,26.35,1,26.35,6,26.45,10,2,2021-12-08 09:11:46
