ts,close,volume,bid_price,bid_volume,ask_price,ask_volume,tick_type,datetime
1638954003007219000,63.8,1226,63.5,8,63.8,9,1,2021-12-08 09:00:03
1638954003048854000,63.5,8,63.4,2,63.8,9,2,2021-12-08 09:00:03
1638954003259202000,63.8,1,63.4,2,63.8,8,1,2021-12-08 09:00:03
1638954003269436000,63.8,1,63.4,2,63.8,7,1,2021-12-08 09:00:03
1638954003474733000,63.8,1,63.4,2,63.8,6,1,2021-12-08 09:00:03
1638954004149745000,63.8,2,63.4,2,63.8,4,1,2021-12-08 09:00:04
1638954004416257000,63.4,1,63.4,1,63.8,4,2,2021-12-08 09:00:04
1638954004502963000,63.8,2,63.4,1,63.8,2,1,2021-12-08 09:00:04
1638954004708249000,63.8,1,63.4,1,63.8,1,1,2021-12-08 09:00:04
1638954004810248000,63.4,1,63.1,2,63.8,1,2,2021-12-08 09:00:04
1638954004810248000,63.1,9,63.1,2,63.8,1,2,2021-12-08 09:00:04
1638954005133319000,63.7,1,63.1,2,63.8,1,1,2021-12-08 09:00:05
1638954005154853000,63.3,2,63.1,3,63.3,1,2,2021-12-08 09:00:05
1638954005183601000,63.3,1,63.2,1,63.8,1,1,2021-12-08 09:00:05
1638954005423166000,63.8,1,63.2,1,63.9,74,1,2021-12-08 09:00:05
1638954006052036000,63.8,5,63.2,2,63.8,4,1,2021-12-08 09:00:06
1638954006148665000,63.2,1,63.2,1,63.5,30,2,2021-12-08 09:00:06
1638954006156055000,63.5,1,63.2,1,63.5,29,1,2021-12-08 09:00:06
1638954006175839000,63.5,1,63.2,1,63.5,28,1,2021-12-08 09:00:06
1638954006193460000,63.5,28,63.2,2,63.8,4,1,2021-12-08 09:00:06
1638954006495395000,63.3,1,63.1,4,63.7,1,2,2021-12-08 09:00:06
1638954006495395000,63.2,2,63.1,4,63.7,1,2,2021-12-08 09:00:06
1638954006495395000,63.1,2,63.1,4,63.7,1,2,2021-12-08 09:00:06
1638954006640782000,63.1,2,63.1,2,63.6,2,2,2021-12-08 09:00:06
1638954006780155000,63.1,1,63.1,2,63.6,2,2,2021-12-08 09:00:06
1638954007125016000,63.6,2,63.1,2,63.8,5,1,2021-12-08 09:00:07
1638954007125016000,63.7,1,63.1,2,63.8,5,1,2021-12-08 09:00:07
1638954007125016000,63.8,2,63.1,2,63.8,5,1,2021-12-08 09:00:07
1638954007613511000,63.7,1,63.2,3,63.8,5,2,2021-12-08 09:00:07
1638954007685665000,63.8,5,63.2,3,63.9,67,1,2021-12-08 09:00:07
1638954008386005000,63.3,1,63.0,27,63.9,67,2,2021-12-08 09:00:08
1638954008386005000,63.2,6,63.0,27,63.9,67,2,2021-12-08 09:00:08
1638954008386005000,63.1,2,63.0,27,63.9,67,2,2021-12-08 09:00:08
1638954008386005000,63.0,1,63.0,27,63.9,67,2,2021-12-08 09:00:08
1638954008550831000,63.8,1,63.0,28,63.9,67,1,2021-12-08 09:00:08
1638954008733738000,63.1,1,63.0,28,63.8,1,2,2021-12-08 09:00:08
1638954009033501000,63.2,2,63.0,27,63.8,1,1,2021-12-08 09:00:09
1638954009033501000,63.1,2,63.0,27,63.8,1,2,2021-12-08 09:00:09
1638954009033501000,63.0,1,63.0,27,63.8,1,2,2021-12-08 09:00:09
1638954009178927000,63.7,1,63.0,26,63.7,1,1,2021-12-08 09:00:09
1638954009197164000,63.7,1,63.0,26,63.8,3,1,2021-12-08 09:00:09
1638954010051163000,63.6,1,63.1,2,63.8,2,2,2021-12-08 09:00:10
1638954010051163000,63.7,1,63.1,2,63.8,2,1,2021-12-08 09:00:10
1638954010051163000,63.8,2,63.1,2,63.8,2,1,2021-12-08 09:00:10
1638954010298807000,63.5,1,63.4,1,63.7,1,2,2021-12-08 09:00:10
1638954010632993000,63.7,1,63.5,2,63.8,3,1,2021-12-08 09:00:10
1638954010732059000,63.5,1,63.5,1,63.8,5,2,2021-12-08 09:00:10
1638954010757981000,63.5,1,63.4,1,63.8,5,2,2021-12-08 09:00:10
1638954011319859000,63.5,1,63.5,2,63.7,1,2,2021-12-08 09:00:11
1638954011732716000,63.5,1,63.5,1,63.7,1,2,2021-12-08 09:00:11
1638954011760743000,63.5,1,63.4,1,63.7,1,2,2021-12-08 09:00:11
1638954011924335000,63.5,1,63.4,1,63.5,5,1,2021-12-08 09:00:11
1638954012141006000,63.4,1,63.1,5,63.5,5,2,2021-12-08 09:00:12
1638954012141006000,63.2,1,63.1,5,63.5,5,2,2021-12-08 09:00:12
1638954012293929000,63.5,5,63.1,5,63.7,13,1,2021-12-08 09:00:12
1638954012323128000,63.7,1,63.2,2,63.7,12,1,2021-12-08 09:00:12
1638954012957830000,63.5,3,63.2,2,63.7,10,2,2021-12-08 09:00:12
1638954012957830000,63.7,2,63.2,2,63.7,10,1,2021-12-08 09:00:12
1638954013130217000,63.5,1,63.3,4,63.8,12,2,2021-12-08 09:00:13
1638954013130217000,63.7,10,63.3,4,63.8,12,1,2021-12-08 09:00:13
1638954013130217000,63.8,9,63.3,4,63.8,12,1,2021-12-08 09:00:13
1638954013633180000,63.6,1,63.6,1,63.8,12,2,2021-12-08 09:00:13
1638954013820299000,63.6,1,63.5,4,63.8,12,2,2021-12-08 09:00:13
1638954014182958000,63.7,1,63.5,4,63.8,12,1,2021-12-08 09:00:14
1638954014525389000,63.8,2,63.5,6,63.8,10,1,2021-12-08 09:00:14
1638954015236864000,63.8,1,63.5,7,63.8,9,1,2021-12-08 09:00:15
1638954015773651000,63.8,1,63.5,7,63.8,8,1,2021-12-08 09:00:15
1638954016101449000,63.6,10,63.6,2,63.8,8,2,2021-12-08 09:00:16
1638954016133033000,63.7,1,63.7,1,63.8,8,1,2021-12-08 09:00:16
1638954016141968000,63.7,1,63.6,2,63.8,8,2,2021-12-08 09:00:16
1638954016292526000,63.6,1,63.6,1,63.8,8,2,2021-12-08 09:00:16
1638954016458701000,63.6,1,63.5,8,63.6,9,2,2021-12-08 09:00:16
1638954016647465000,63.6,1,63.5,8,63.6,8,1,2021-12-08 09:00:16
1638954016733148000,63.6,1,63.5,8,63.6,7,1,2021-12-08 09:00:16
1638954016775054000,63.6,3,63.5,8,63.6,4,1,2021-12-08 09:00:16
1638954017265215000,63.6,1,63.5,8,63.6,3,1,2021-12-08 09:00:17
1638954017307986000,63.6,2,63.5,8,63.6,1,1,2021-12-08 09:00:17
1638954017339319000,63.6,1,63.5,8,63.8,21,1,2021-12-08 09:00:17
1638954017551386000,63.7,1,63.5,10,63.7,10,1,2021-12-08 09:00:17
1638954017978991000,63.7,1,63.5,10,63.7,9,1,2021-12-08 09:00:17
1638954018159961000,63.6,1,63.5,11,63.7,9,2,2021-12-08 09:00:18
1638954018587632000,63.6,1,63.5,16,63.7,9,2,2021-12-08 09:00:18
1638954018755766000,63.7,2,63.5,17,63.7,22,1,2021-12-08 09:00:18
1638954019643990000,63.7,1,63.5,17,63.7,21,1,2021-12-08 09:00:19
1638954019701602000,63.7,10,63.5,17,63.7,11,1,2021-12-08 09:00:19
1638954019889588000,63.7,1,63.5,18,63.7,10,1,2021-12-08 09:00:19
1638954020034357000,63.5,2,63.5,16,63.7,10,2,2021-12-08 09:00:20
1638954020263831000,63.7,1,63.5,17,63.7,10,1,2021-12-08 09:00:20
1638954020275519000,63.7,1,63.5,17,63.7,9,1,2021-12-08 09:00:20
1638954020667262000,63.5,1,63.5,17,63.7,9,2,2021-12-08 09:00:20
1638954020813160000,63.5,9,63.5,8,63.7,9,2,2021-12-08 09:00:20
1638954020824680000,63.7,1,63.5,8,63.7,8,1,2021-12-08 09:00:20
1638954020851095000,63.5,5,63.5,2,63.7,8,2,2021-12-08 09:00:20
1638954020851420000,63.5,1,63.5,2,63.7,8,2,2021-12-08 09:00:20
1638954021013953000,63.7,1,63.5,2,63.7,7,1,2021-12-08 09:00:21
1638954021086757000,63.5,2,63.3,2,63.5,3,2,2021-12-08 09:00:21
1638954021334319000,63.5,1,63.3,2,63.5,2,1,2021-12-08 09:00:21
1638954021343850000,63.5,2,63.3,2,63.7,5,1,2021-12-08 09:00:21
1638954021343850000,63.7,3,63.3,2,63.7,5,1,2021-12-08 09:00:21
1638954021442697000,63.6,1,63.4,1,63.7,5,2,2021-12-08 09:00:21
1638954021563311000,63.6,2,63.4,1,63.7,5,2,2021-12-08 09:00:21
1638954021563404000,63.6,1,63.4,1,63.7,5,2,2021-12-08 09:00:21
1638954021592554000,63.6,1,63.4,1,63.7,5,2,2021-12-08 09:00:21
1638954023214583000,63.6,1,63.5,6,63.6,39,1,2021-12-08 09:00:23
1638954023246687000,63.5,5,63.5,1,63.6,39,2,2021-12-08 09:00:23
1638954023247252000,63.5,1,63.4,3,63.6,39,2,2021-12-08 09:00:23
1638954023376483000,63.4,1,63.4,2,63.5,5,2,2021-12-08 09:00:23
1638954023528893000,63.5,5,63.4,2,63.6,39,1,2021-12-08 09:00:23
1638954023557364000,63.4,2,63.3,2,63.6,39,2,2021-12-08 09:00:23
1638954023817041000,63.6,5,63.3,2,63.6,34,1,2021-12-08 09:00:23
1638954024206606000,63.6,1,63.3,2,63.6,35,1,2021-12-08 09:00:24
1638954024316105000,63.5,2,63.5,3,63.6,35,2,2021-12-08 09:00:24
1638954024637187000,63.6,1,63.5,3,63.6,35,1,2021-12-08 09:00:24
1638954024894535000,63.6,1,63.5,3,63.6,34,1,2021-12-08 09:00:24
1638954025100910000,63.6,2,63.5,3,63.6,32,1,2021-12-08 09:00:25
1638954025378370000,63.6,1,63.5,4,63.6,31,1,2021-12-08 09:00:25
1638954025518046000,63.5,1,63.5,3,63.6,31,2,2021-12-08 09:00:25
1638954025885791000,63.6,1,63.5,4,63.6,30,1,2021-12-08 09:00:25
1638954025939043000,63.6,1,63.5,4,63.6,29,1,2021-12-08 09:00:25
1638954026015185000,63.6,3,63.5,4,63.6,26,1,2021-12-08 09:00:26
1638954026323693000,63.6,1,63.5,4,63.6,25,1,2021-12-08 09:00:26
1638954026336033000,63.6,1,63.5,5,63.6,24,1,2021-12-08 09:00:26
1638954026715664000,63.6,5,63.5,9,63.6,19,1,2021-12-08 09:00:26
1638954027019415000,63.6,1,63.5,22,63.6,18,1,2021-12-08 09:00:27
1638954027486606000,63.5,1,63.5,22,63.6,18,2,2021-12-08 09:00:27
1638954027495456000,63.6,18,63.5,22,63.7,4,1,2021-12-08 09:00:27
1638954027495456000,63.7,2,63.5,22,63.7,4,1,2021-12-08 09:00:27
1638954027748030000,63.5,10,63.5,12,63.7,4,2,2021-12-08 09:00:27
1638954028089380000,63.7,1,63.5,17,63.7,3,1,2021-12-08 09:00:28
1638954028351930000,63.6,3,63.5,17,63.6,7,2,2021-12-08 09:00:28
1638954028415807000,63.5,5,63.5,12,63.6,7,2,2021-12-08 09:00:28
1638954028719580000,63.5,1,63.5,11,63.6,7,2,2021-12-08 09:00:28
1638954028805847000,63.6,1,63.5,11,63.6,6,1,2021-12-08 09:00:28
1638954029184876000,63.5,1,63.5,10,63.6,6,2,2021-12-08 09:00:29
1638954029348457000,63.6,1,63.5,11,63.6,5,1,2021-12-08 09:00:29
1638954029349210000,63.6,1,63.5,11,63.6,4,1,2021-12-08 09:00:29
1638954029355836000,63.6,1,63.5,11,63.6,3,1,2021-12-08 09:00:29
1638954029397119000,63.6,2,63.5,12,63.6,1,1,2021-12-08 09:00:29
1638954029422386000,63.6,1,63.5,12,63.7,3,1,2021-12-08 09:00:29
1638954029652608000,63.7,1,63.6,1,63.7,2,1,2021-12-08 09:00:29
1638954029852523000,63.7,1,63.6,2,63.7,1,1,2021-12-08 09:00:29
1638954029936543000,63.7,1,63.6,3,63.8,25,1,2021-12-08 09:00:29
1638954030022655000,63.8,14,63.6,3,63.8,11,1,2021-12-08 09:00:30
1638954030179018000,63.6,1,63.6,3,63.8,11,2,2021-12-08 09:00:30
1638954030368046000,63.8,2,63.6,3,63.8,19,1,2021-12-08 09:00:30
1638954030686593000,63.6,3,63.5,19,63.8,19,2,2021-12-08 09:00:30
1638954030912024000,63.7,4,63.7,1,63.8,19,1,2021-12-08 09:00:30
1638954030918062000,63.7,1,63.5,21,63.8,19,2,2021-12-08 09:00:30
1638954031374959000,63.6,2,63.5,21,63.6,8,2,2021-12-08 09:00:31
1638954031413167000,63.6,8,63.5,22,63.8,19,1,2021-12-08 09:00:31
1638954031753507000,63.8,5,63.6,2,63.8,14,1,2021-12-08 09:00:31
1638954031766713000,63.6,1,63.6,1,63.8,14,2,2021-12-08 09:00:31
1638954032366603000,63.8,2,63.6,3,63.8,12,1,2021-12-08 09:00:32
1638954032392623000,63.8,1,63.6,3,63.8,11,1,2021-12-08 09:00:32
1638954032466889000,63.8,1,63.6,8,63.8,10,1,2021-12-08 09:00:32
1638954032479657000,63.8,2,63.6,8,63.8,8,1,2021-12-08 09:00:32
1638954032512679000,63.8,4,63.6,8,63.8,4,1,2021-12-08 09:00:32
1638954032547033000,63.8,4,63.6,8,63.9,53,1,2021-12-08 09:00:32
1638954033004079000,63.7,1,63.6,8,63.9,53,2,2021-12-08 09:00:33
1638954033397598000,63.9,1,63.6,8,63.9,52,1,2021-12-08 09:00:33
1638954033462695000,63.6,1,63.6,9,63.9,51,2,2021-12-08 09:00:33
1638954034392494000,63.8,1,63.6,10,63.8,9,1,2021-12-08 09:00:34
1638954034423531000,63.6,10,63.5,45,63.8,9,2,2021-12-08 09:00:34
1638954034839593000,63.8,1,63.5,46,63.8,8,1,2021-12-08 09:00:34
1638954035070290000,63.7,1,63.5,46,63.7,9,2,2021-12-08 09:00:35
1638954035211095000,63.7,9,63.5,46,63.8,7,1,2021-12-08 09:00:35
1638954035211095000,63.8,1,63.5,46,63.8,7,1,2021-12-08 09:00:35
1638954035633167000,63.5,5,63.5,41,63.8,7,2,2021-12-08 09:00:35
1638954036461584000,63.7,1,63.7,2,63.8,7,1,2021-12-08 09:00:36
1638954036465310000,63.8,1,63.7,2,63.8,6,1,2021-12-08 09:00:36
1638954036668329000,63.7,1,63.7,1,63.8,6,2,2021-12-08 09:00:36
1638954037095805000,63.8,3,63.6,19,63.8,3,1,2021-12-08 09:00:37
1638954037466943000,63.8,4,63.6,24,63.9,52,1,2021-12-08 09:00:37
1638954037720522000,63.6,1,63.6,23,63.9,52,2,2021-12-08 09:00:37
1638954037972304000,63.6,1,63.6,22,63.9,52,2,2021-12-08 09:00:37
1638954038017749000,63.7,2,63.6,19,63.9,52,1,2021-12-08 09:00:38
1638954038017749000,63.6,3,63.6,19,63.9,52,2,2021-12-08 09:00:38
1638954038115905000,63.8,1,63.6,19,63.9,52,1,2021-12-08 09:00:38
1638954038365839000,63.9,1,63.6,22,63.9,51,1,2021-12-08 09:00:38
1638954040043816000,63.9,1,63.7,3,63.9,50,1,2021-12-08 09:00:40
1638954040057722000,63.9,5,63.7,3,63.9,45,1,2021-12-08 09:00:40
1638954040150665000,63.7,1,63.7,2,63.9,45,2,2021-12-08 09:00:40
1638954040191971000,63.9,10,63.7,2,63.9,35,1,2021-12-08 09:00:40
1638954040894753000,63.8,1,63.8,4,63.9,35,2,2021-12-08 09:00:40
1638954040927552000,63.8,3,63.8,1,63.9,35,2,2021-12-08 09:00:40
1638954041115682000,63.9,1,63.8,3,63.9,34,1,2021-12-08 09:00:41
1638954041121025000,63.8,2,63.8,1,63.9,34,2,2021-12-08 09:00:41
1638954041318567000,63.9,1,63.8,2,63.9,33,1,2021-12-08 09:00:41
1638954041415563000,63.8,2,63.6,29,63.9,33,2,2021-12-08 09:00:41
1638954041415563000,63.7,6,63.6,29,63.9,33,2,2021-12-08 09:00:41
1638954041415563000,63.6,2,63.6,29,63.9,33,2,2021-12-08 09:00:41
1638954042049469000,63.6,1,63.6,29,63.9,33,2,2021-12-08 09:00:42
1638954042220046000,63.8,1,63.6,29,63.9,33,1,2021-12-08 09:00:42
1638954043531237000,63.7,1,63.6,29,63.9,34,2,2021-12-08 09:00:43
1638954043547079000,63.6,1,63.6,28,63.9,34,2,2021-12-08 09:00:43
1638954044107161000,63.9,1,63.8,5,63.9,34,1,2021-12-08 09:00:44
1638954044565333000,63.9,10,63.8,6,63.9,24,1,2021-12-08 09:00:44
1638954044749182000,63.9,1,63.8,7,63.9,23,1,2021-12-08 09:00:44
1638954045347167000,63.9,10,63.8,7,63.9,13,1,2021-12-08 09:00:45
1638954046073834000,63.8,4,63.8,3,63.9,12,2,2021-12-08 09:00:46
1638954046592101000,63.8,4,63.7,5,63.9,12,2,2021-12-08 09:00:46
1638954046592101000,63.7,2,63.7,5,63.9,12,2,2021-12-08 09:00:46
1638954046627855000,63.9,1,63.7,5,63.9,11,1,2021-12-08 09:00:46
1638954047320097000,63.9,1,63.7,6,63.9,10,1,2021-12-08 09:00:47
1638954047564100000,63.9,4,63.7,6,63.9,6,1,2021-12-08 09:00:47
1638954047591894000,63.9,6,63.7,6,64.0,123,1,2021-12-08 09:00:47
1638954047694810000,64.0,4,63.7,6,64.0,119,1,2021-12-08 09:00:47
1638954048776507000,63.9,1,63.9,2,64.0,120,2,2021-12-08 09:00:48
1638954049040366000,64.0,30,63.9,2,64.0,90,1,2021-12-08 09:00:49
1638954049071778000,64.0,2,63.9,2,64.0,88,1,2021-12-08 09:00:49
1638954049274037000,63.9,1,63.9,1,64.0,88,2,2021-12-08 09:00:49
1638954049412445000,63.9,1,63.8,2,64.0,88,2,2021-12-08 09:00:49
1638954050125552000,64.0,9,63.8,2,64.0,79,1,2021-12-08 09:00:50
1638954050185883000,64.0,2,63.8,2,64.0,77,1,2021-12-08 09:00:50
1638954050353072000,64.0,5,63.8,3,64.0,72,1,2021-12-08 09:00:50
1638954050394509000,64.0,5,63.8,3,64.0,67,1,2021-12-08 09:00:50
1638954050413139000,63.8,2,63.8,6,64.0,65,2,2021-12-08 09:00:50
1638954050417111000,64.0,1,63.8,6,64.0,64,1,2021-12-08 09:00:50
1638954050567921000,64.0,1,63.8,6,64.0,63,1,2021-12-08 09:00:50
1638954051044391000,64.0,2,63.8,6,64.0,60,1,2021-12-08 09:00:51
1638954051065683000,64.0,1,63.8,6,64.0,59,1,2021-12-08 09:00:51
1638954051526437000,64.0,2,63.9,2,64.0,57,1,2021-12-08 09:00:51
1638954052071014000,64.0,1,63.9,4,64.0,56,1,2021-12-08 09:00:52
1638954052372789000,63.9,2,63.9,2,64.0,56,2,2021-12-08 09:00:52
1638954052496432000,64.0,5,63.9,2,64.0,51,1,2021-12-08 09:00:52
1638954052529930000,64.0,2,63.9,2,64.0,49,1,2021-12-08 09:00:52
1638954052573833000,63.9,1,63.9,1,64.0,49,2,2021-12-08 09:00:52
1638954052910731000,64.0,1,63.9,1,64.0,48,1,2021-12-08 09:00:52
1638954053099663000,64.0,3,63.9,1,64.0,45,1,2021-12-08 09:00:53
1638954053211834000,64.0,2,63.9,1,64.0,43,1,2021-12-08 09:00:53
1638954053221597000,64.0,1,63.9,3,64.0,42,1,2021-12-08 09:00:53
1638954053414263000,63.9,1,63.9,2,64.0,42,2,2021-12-08 09:00:53
1638954053488778000,64.0,5,63.9,2,64.0,37,1,2021-12-08 09:00:53
1638954053540901000,64.0,1,63.9,3,64.0,36,1,2021-12-08 09:00:53
1638954053574731000,63.9,1,63.9,2,64.0,36,2,2021-12-08 09:00:53
1638954053650501000,64.0,3,63.9,2,64.0,33,1,2021-12-08 09:00:53
1638954054143420000,63.9,2,63.8,11,64.0,33,2,2021-12-08 09:00:54
1638954054544091000,64.0,1,63.8,11,64.0,32,1,2021-12-08 09:00:54
1638954054562978000,64.0,5,63.9,1,64.0,28,1,2021-12-08 09:00:54
1638954054818967000,64.0,2,63.9,1,64.0,26,1,2021-12-08 09:00:54
1638954054851573000,64.0,1,63.9,1,64.0,25,1,2021-12-08 09:00:54
1638954055031724000,64.0,10,63.9,1,64.0,15,1,2021-12-08 09:00:55
1638954055051435000,64.0,3,63.9,1,64.0,12,1,2021-12-08 09:00:55
1638954055231478000,64.0,1,63.9,1,64.0,11,1,2021-12-08 09:00:55
1638954055232366000,64.0,10,63.9,1,64.0,1,1,2021-12-08 09:00:55
1638954055262645000,64.0,1,63.9,2,64.1,4,1,2021-12-08 09:00:55
1638954055560247000,64.1,1,64.0,1,64.1,3,1,2021-12-08 09:00:55
1638954056095898000,64.0,1,63.9,3,64.1,3,2,2021-12-08 09:00:56
1638954056151593000,63.9,3,63.8,17,63.9,2,2,2021-12-08 09:00:56
1638954056347308000,63.9,1,63.8,17,63.9,1,1,2021-12-08 09:00:56
1638954056521044000,63.8,2,63.8,15,63.9,1,2,2021-12-08 09:00:56
1638954056925077000,63.8,4,63.8,13,63.9,1,2,2021-12-08 09:00:56
1638954057063531000,63.9,1,63.8,13,64.1,4,1,2021-12-08 09:00:57
1638954057379973000,64.0,1,63.9,30,64.1,5,1,2021-12-08 09:00:57
1638954057637723000,64.1,1,63.9,31,64.1,4,1,2021-12-08 09:00:57
1638954058992590000,63.9,1,63.9,37,64.1,4,2,2021-12-08 09:00:58
1638954059539256000,64.1,4,63.9,37,64.2,62,1,2021-12-08 09:00:59
1638954059539256000,64.2,1,63.9,37,64.2,62,1,2021-12-08 09:00:59
1638954059575741000,63.9,25,63.9,12,64.1,5,2,2021-12-08 09:00:59
1638954060095437000,63.9,2,63.9,15,64.1,6,2,2021-12-08 09:01:00
1638954061079103000,63.9,13,63.9,2,64.0,27,2,2021-12-08 09:01:01
1638954061111649000,63.9,2,63.8,16,64.0,27,2,2021-12-08 09:01:01
1638954061743252000,63.8,3,63.8,16,64.0,27,2,2021-12-08 09:01:01
1638954062227553000,63.9,1,63.8,16,64.0,33,1,2021-12-08 09:01:02
1638954062648472000,63.8,1,63.8,16,63.9,3,2,2021-12-08 09:01:02
1638954062654252000,63.8,1,63.8,15,63.9,3,2,2021-12-08 09:01:02
1638954062932842000,63.9,1,63.8,15,63.9,2,1,2021-12-08 09:01:02
1638954062978867000,63.9,1,63.8,15,63.9,1,1,2021-12-08 09:01:02
1638954063174881000,63.9,1,63.8,15,64.2,63,1,2021-12-08 09:01:03
1638954063174881000,64.0,34,63.8,15,64.2,63,1,2021-12-08 09:01:03
1638954063174881000,64.1,5,63.8,15,64.2,63,1,2021-12-08 09:01:03
1638954063368461000,64.1,2,63.9,2,64.2,63,1,2021-12-08 09:01:03
1638954063651052000,64.2,1,63.9,14,64.2,62,1,2021-12-08 09:01:03
1638954063742762000,64.1,2,64.1,1,64.2,62,2,2021-12-08 09:01:03
1638954063771997000,64.1,1,63.9,16,64.2,62,2,2021-12-08 09:01:03
1638954064686567000,64.0,1,63.9,6,64.1,27,2,2021-12-08 09:01:04
1638954065034777000,64.0,2,64.0,1,64.1,27,2,2021-12-08 09:01:05
1638954065058013000,64.0,1,63.9,6,64.1,27,2,2021-12-08 09:01:05
1638954065213831000,64.0,1,63.9,6,64.1,25,1,2021-12-08 09:01:05
1638954065213831000,64.1,2,63.9,6,64.1,25,1,2021-12-08 09:01:05
1638954065348001000,64.1,3,63.9,7,64.1,22,1,2021-12-08 09:01:05
1638954066050333000,64.0,5,63.9,14,64.0,4,2,2021-12-08 09:01:06
1638954066109090000,63.9,1,63.9,13,64.0,4,2,2021-12-08 09:01:06
1638954066327176000,64.0,1,63.9,13,64.0,3,1,2021-12-08 09:01:06
1638954066505536000,63.9,1,63.9,13,64.0,3,2,2021-12-08 09:01:06
1638954066681635000,63.9,5,63.9,8,64.0,3,2,2021-12-08 09:01:06
1638954066700458000,64.0,1,63.9,8,64.0,2,1,2021-12-08 09:01:06
1638954066767866000,63.9,2,63.9,6,64.0,2,2,2021-12-08 09:01:06
1638954067194916000,64.0,1,63.9,6,64.0,2,1,2021-12-08 09:01:07
1638954067275199000,64.0,2,64.0,3,64.1,25,1,2021-12-08 09:01:07
1638954067310843000,64.0,2,64.0,1,64.1,25,2,2021-12-08 09:01:07
1638954067311099000,64.0,1,63.9,6,64.1,25,2,2021-12-08 09:01:07
1638954067921948000,64.1,1,63.9,7,64.1,25,1,2021-12-08 09:01:07
1638954068325121000,63.9,7,63.8,15,64.1,26,2,2021-12-08 09:01:08
1638954068325121000,63.8,3,63.8,15,64.1,26,2,2021-12-08 09:01:08
1638954068704116000,64.0,5,63.8,17,64.1,26,1,2021-12-08 09:01:08
1638954068813944000,64.1,1,63.9,1,64.1,25,1,2021-12-08 09:01:08
1638954069009166000,64.1,2,63.9,1,64.1,23,1,2021-12-08 09:01:09
1638954069049180000,64.0,1,63.9,1,64.1,23,2,2021-12-08 09:01:09
1638954069633919000,63.9,1,63.8,12,64.1,23,2,2021-12-08 09:01:09
1638954069633919000,63.8,5,63.8,12,64.1,23,2,2021-12-08 09:01:09
1638954069753609000,64.0,2,63.8,12,64.1,23,1,2021-12-08 09:01:09
1638954070087131000,64.0,1,64.0,4,64.1,33,1,2021-12-08 09:01:10
1638954070287314000,64.1,3,64.0,4,64.1,30,1,2021-12-08 09:01:10
1638954070524485000,64.0,1,64.0,3,64.1,31,2,2021-12-08 09:01:10
1638954071610465000,64.0,1,64.0,2,64.1,31,2,2021-12-08 09:01:11
1638954071638610000,64.0,2,63.9,2,64.1,31,2,2021-12-08 09:01:11
1638954072199169000,63.9,2,63.8,10,64.1,31,2,2021-12-08 09:01:12
1638954072199169000,63.8,2,63.8,10,64.1,31,2,2021-12-08 09:01:12
1638954072406379000,64.1,1,63.8,10,64.1,30,1,2021-12-08 09:01:12
1638954073427679000,64.1,1,64.0,1,64.1,29,1,2021-12-08 09:01:13
1638954073643800000,64.1,1,64.0,1,64.1,28,1,2021-12-08 09:01:13
1638954073658929000,64.1,5,64.0,1,64.1,23,1,2021-12-08 09:01:13
1638954074326828000,64.0,1,63.8,16,63.9,19,2,2021-12-08 09:01:14
1638954075508984000,63.9,1,63.8,16,63.9,18,2,2021-12-08 09:01:15
1638954076276896000,63.9,1,63.8,16,63.9,17,1,2021-12-08 09:01:16
1638954076465474000,63.8,1,63.8,15,63.9,17,2,2021-12-08 09:01:16
1638954076693965000,63.8,10,63.8,5,63.9,17,2,2021-12-08 09:01:16
1638954076806164000,63.9,1,63.8,5,63.9,16,1,2021-12-08 09:01:16
1638954077274423000,63.8,5,63.7,62,63.8,5,2,2021-12-08 09:01:17
1638954078680247000,63.8,2,63.7,62,63.8,3,1,2021-12-08 09:01:18
1638954079146637000,63.8,1,63.7,62,63.8,2,1,2021-12-08 09:01:19
1638954079345713000,63.7,62,63.6,14,63.8,2,2,2021-12-08 09:01:19
1638954079345713000,63.6,23,63.6,14,63.8,2,2,2021-12-08 09:01:19
1638954079547854000,63.6,14,63.5,40,63.8,3,2,2021-12-08 09:01:19
1638954079589800000,63.8,3,63.5,40,63.9,16,1,2021-12-08 09:01:19
1638954079942000000,63.8,1,63.6,2,63.8,1,1,2021-12-08 09:01:19
1638954080613211000,63.7,1,63.7,9,63.8,1,2,2021-12-08 09:01:20
1638954080645720000,63.7,2,63.7,7,63.8,1,2,2021-12-08 09:01:20
1638954080675103000,63.7,1,63.7,6,63.8,1,2,2021-12-08 09:01:20
1638954080681773000,63.7,3,63.7,3,63.8,1,2,2021-12-08 09:01:20
1638954080683840000,63.8,1,63.7,3,63.9,16,1,2021-12-08 09:01:20
1638954080712221000,63.7,2,63.7,1,63.9,16,2,2021-12-08 09:01:20
1638954080747493000,63.7,1,63.6,2,63.9,16,2,2021-12-08 09:01:20
1638954080961330000,63.8,2,63.6,2,63.8,8,1,2021-12-08 09:01:20
1638954080962874000,63.8,1,63.6,2,63.8,7,1,2021-12-08 09:01:20
1638954081506016000,63.7,1,63.6,2,63.7,9,2,2021-12-08 09:01:21
1638954082210416000,63.6,1,63.6,1,63.7,9,2,2021-12-08 09:01:22
1638954082612161000,63.6,1,63.5,39,63.7,19,2,2021-12-08 09:01:22
1638954083803138000,63.7,5,63.5,40,63.7,14,1,2021-12-08 09:01:23
1638954083804106000,63.5,1,63.5,39,63.7,14,2,2021-12-08 09:01:23
1638954085265307000,63.5,5,63.5,34,63.6,1,2,2021-12-08 09:01:25
1638954086006663000,63.5,1,63.5,33,63.6,1,2,2021-12-08 09:01:26
1638954086080902000,63.6,1,63.5,33,63.7,6,1,2021-12-08 09:01:26
1638954086080902000,63.7,9,63.5,33,63.7,6,1,2021-12-08 09:01:26
1638954088389671000,63.6,1,63.5,34,63.7,15,2,2021-12-08 09:01:28
1638954089444838000,63.7,3,63.5,29,63.7,12,1,2021-12-08 09:01:29
1638954091073482000,63.6,1,63.5,30,63.7,12,2,2021-12-08 09:01:31
1638954091073482000,63.7,1,63.5,30,63.7,12,1,2021-12-08 09:01:31
1638954091158254000,63.6,3,63.5,30,63.6,2,2,2021-12-08 09:01:31
1638954091504162000,63.5,20,63.5,10,63.6,2,2,2021-12-08 09:01:31
1638954092000212000,63.5,10,63.5,1,63.6,3,2,2021-12-08 09:01:32
1638954092036499000,63.5,1,63.4,10,63.6,3,2,2021-12-08 09:01:32
1638954092541687000,63.5,1,63.4,10,63.6,4,2,2021-12-08 09:01:32
1638954092547779000,63.4,1,63.4,9,63.6,4,2,2021-12-08 09:01:32
1638954092750440000,63.6,4,63.6,1,63.7,14,1,2021-12-08 09:01:32
1638954092782792000,63.6,1,63.4,8,63.7,14,2,2021-12-08 09:01:32
1638954092782792000,63.4,1,63.4,8,63.7,14,2,2021-12-08 09:01:32
1638954093307317000,63.5,1,63.4,8,63.7,2,1,2021-12-08 09:01:33
1638954093633207000,63.4,8,63.3,12,63.7,15,2,2021-12-08 09:01:33
1638954093633207000,63.3,2,63.3,12,63.7,15,2,2021-12-08 09:01:33
1638954094767718000,63.6,1,63.5,2,63.7,4,1,2021-12-08 09:01:34
1638954095315332000,63.5,1,63.5,1,63.7,5,2,2021-12-08 09:01:35
1638954095714604000,63.5,1,63.5,1,63.7,5,2,2021-12-08 09:01:35
1638954095849014000,63.6,1,63.6,5,63.7,5,1,2021-12-08 09:01:35
1638954096789750000,63.7,2,63.6,5,63.7,3,1,2021-12-08 09:01:36
1638954096926809000,63.7,3,63.6,5,63.8,34,1,2021-12-08 09:01:36
1638954096926809000,63.8,2,63.6,5,63.8,34,1,2021-12-08 09:01:36
1638954097295786000,63.6,1,63.6,4,63.8,34,2,2021-12-08 09:01:37
1638954097478085000,63.6,4,63.5,1,63.6,21,2,2021-12-08 09:01:37
1638954098137803000,63.6,5,63.5,1,63.6,16,1,2021-12-08 09:01:38
1638954098676793000,63.5,1,63.5,1,63.6,16,2,2021-12-08 09:01:38
1638954098953117000,63.6,2,63.5,1,63.6,19,1,2021-12-08 09:01:38
1638954099195612000,63.5,1,63.3,12,63.5,2,2,2021-12-08 09:01:39
1638954101113122000,63.3,2,63.3,10,63.5,3,2,2021-12-08 09:01:41
1638954101580020000,63.5,3,63.3,10,63.6,20,1,2021-12-08 09:01:41
1638954102599709000,63.3,5,63.3,5,63.6,20,2,2021-12-08 09:01:42
1638954102727686000,63.6,1,63.3,5,63.6,19,1,2021-12-08 09:01:42
1638954103169986000,63.5,1,63.3,5,63.6,19,2,2021-12-08 09:01:43
1638954104112321000,63.6,1,63.3,5,63.6,18,1,2021-12-08 09:01:44
1638954104237327000,63.5,1,63.5,1,63.6,19,2,2021-12-08 09:01:44
1638954104985140000,63.5,1,63.5,1,63.6,19,2,2021-12-08 09:01:44
1638954105656535000,63.5,2,63.0,26,63.6,20,2,2021-12-08 09:01:45
1638954105656535000,63.3,5,63.0,26,63.6,20,2,2021-12-08 09:01:45
1638954105656535000,63.2,5,63.0,26,63.6,20,2,2021-12-08 09:01:45
1638954105656535000,63.1,5,63.0,26,63.6,20,2,2021-12-08 09:01:45
1638954105656535000,63.0,13,63.0,26,63.6,20,2,2021-12-08 09:01:45
1638954107244347000,63.2,1,63.0,26,63.5,14,1,2021-12-08 09:01:47
1638954108550559000,63.3,1,63.0,27,63.3,2,1,2021-12-08 09:01:48
1638954108563182000,63.3,1,63.0,27,63.3,1,1,2021-12-08 09:01:48
1638954109730213000,63.0,20,63.0,7,63.3,1,2,2021-12-08 09:01:49
1638954109997885000,63.3,1,63.0,7,63.5,15,1,2021-12-08 09:01:49
1638954110177337000,63.4,2,63.1,2,63.5,14,1,2021-12-08 09:01:50
1638954110177337000,63.5,1,63.1,2,63.5,14,1,2021-12-08 09:01:50
1638954110181786000,63.1,2,63.0,7,63.5,14,2,2021-12-08 09:01:50
1638954110404952000,63.0,7,62.9,1,63.0,13,2,2021-12-08 09:01:50
1638954111019041000,63.0,1,62.9,1,63.0,12,1,2021-12-08 09:01:51
1638954111046727000,63.0,2,62.9,1,63.0,10,1,2021-12-08 09:01:51
1638954111345274000,63.0,1,62.9,1,63.0,11,1,2021-12-08 09:01:51
1638954111367094000,63.0,2,62.9,1,63.0,9,1,2021-12-08 09:01:51
1638954111387723000,63.0,9,62.9,1,63.3,1,1,2021-12-08 09:01:51
1638954112422184000,63.0,1,63.0,2,63.2,3,2,2021-12-08 09:01:52
1638954114711204000,63.2,2,63.0,3,63.2,1,1,2021-12-08 09:01:54
1638954115178091000,63.2,1,63.0,3,63.5,14,1,2021-12-08 09:01:55
1638954115178091000,63.3,4,63.0,3,63.5,14,1,2021-12-08 09:01:55
1638954117227233000,63.4,1,63.2,3,63.5,14,1,2021-12-08 09:01:57
1638954119688618000,63.3,3,63.3,2,63.5,14,2,2021-12-08 09:01:59
1638954119754070000,63.3,1,63.3,1,63.5,14,2,2021-12-08 09:01:59
1638954121938738000,63.3,1,63.2,3,63.4,3,2,2021-12-08 09:02:01
1638954122324893000,63.2,3,63.1,8,63.2,1,2,2021-12-08 09:02:02
1638954122799319000,63.2,1,63.1,8,63.4,3,1,2021-12-08 09:02:02
1638954123836307000,63.3,1,63.3,4,63.4,3,1,2021-12-08 09:02:03
1638954124538645000,63.3,1,63.3,3,63.4,3,2,2021-12-08 09:02:04
1638954124752341000,63.3,1,63.3,3,63.4,3,2,2021-12-08 09:02:04
1638954125374985000,63.3,1,63.3,2,63.4,4,2,2021-12-08 09:02:05
1638954125395887000,63.3,2,63.1,9,63.4,4,2,2021-12-08 09:02:05
1638954126133530000,63.1,1,63.1,8,63.3,1,2,2021-12-08 09:02:06
1638954127976779000,63.1,1,63.1,7,63.3,3,2,2021-12-08 09:02:07
1638954131370671000,63.1,3,63.1,5,63.2,1,2,2021-12-08 09:02:11
1638954131397887000,63.1,2,63.1,3,63.2,1,2,2021-12-08 09:02:11
1638954131427098000,63.1,1,63.1,2,63.2,1,2,2021-12-08 09:02:11
1638954131443284000,63.1,2,63.0,12,63.2,1,2,2021-12-08 09:02:11
1638954132986135000,63.0,8,63.0,4,63.1,4,2,2021-12-08 09:02:12
1638954133281526000,63.1,4,63.0,4,63.2,1,1,2021-12-08 09:02:13
1638954134030129000,63.0,1,63.0,8,63.2,3,2,2021-12-08 09:02:14
1638954134452121000,63.1,1,63.0,4,63.2,3,1,2021-12-08 09:02:14
1638954134452121000,63.0,4,63.0,4,63.2,3,2,2021-12-08 09:02:14
1638954134529588000,63.0,1,63.0,3,63.2,3,2,2021-12-08 09:02:14
1638954136327039000,63.0,1,63.0,4,63.1,4,2,2021-12-08 09:02:16
1638954136416291000,63.1,4,63.0,4,63.2,16,1,2021-12-08 09:02:16
1638954136927509000,63.0,4,62.9,2,63.0,6,2,2021-12-08 09:02:16
1638954136976394000,63.0,1,62.9,2,63.0,5,1,2021-12-08 09:02:16
1638954137005383000,63.0,4,62.9,2,63.0,1,1,2021-12-08 09:02:17
1638954137053006000,63.0,1,62.9,2,63.1,1,1,2021-12-08 09:02:17
1638954137110106000,63.1,1,62.9,2,63.2,16,1,2021-12-08 09:02:17
1638954137986634000,63.0,1,62.9,2,63.2,16,2,2021-12-08 09:02:17
1638954138929334000,63.1,3,62.9,2,63.1,1,1,2021-12-08 09:02:18
1638954139108691000,62.9,2,62.8,3,63.0,1,2,2021-12-08 09:02:19
1638954139312221000,63.0,1,62.8,3,63.1,13,1,2021-12-08 09:02:19
1638954139342550000,62.8,1,62.8,2,63.1,13,2,2021-12-08 09:02:19
1638954139464809000,63.1,1,62.8,2,63.1,12,1,2021-12-08 09:02:19
1638954139700812000,63.1,1,62.8,2,63.1,11,1,2021-12-08 09:02:19
1638954140167763000,63.0,1,62.9,1,63.0,5,2,2021-12-08 09:02:20
1638954140700530000,62.9,2,62.8,2,62.9,3,2,2021-12-08 09:02:20
1638954140734209000,62.8,2,62.7,5,62.9,3,2,2021-12-08 09:02:20
1638954141630337000,62.9,3,62.7,5,63.0,16,1,2021-12-08 09:02:21
1638954142011035000,63.0,5,63.0,5,63.1,16,1,2021-12-08 09:02:22
1638954142054469000,63.0,1,63.0,4,63.1,5,2,2021-12-08 09:02:22
1638954142439295000,63.0,4,62.7,5,63.0,6,2,2021-12-08 09:02:22
1638954142440719000,63.0,2,62.7,5,63.0,4,1,2021-12-08 09:02:22
1638954143142660000,63.0,3,62.7,5,63.0,1,1,2021-12-08 09:02:23
1638954143173004000,63.0,1,62.7,5,63.1,6,1,2021-12-08 09:02:23
1638954143860573000,62.8,1,62.8,1,63.0,2,2,2021-12-08 09:02:23
1638954143971447000,62.8,1,62.7,5,63.0,2,2,2021-12-08 09:02:23
1638954145601563000,62.8,1,62.8,1,62.9,2,2,2021-12-08 09:02:25
1638954146142659000,62.8,1,62.7,5,62.9,2,2,2021-12-08 09:02:26
1638954146446318000,62.9,1,62.7,5,62.9,1,1,2021-12-08 09:02:26
1638954147467939000,62.8,2,62.7,4,62.9,1,2,2021-12-08 09:02:27
1638954147467939000,62.7,1,62.7,4,62.9,1,2,2021-12-08 09:02:27
1638954149741035000,62.9,1,62.8,6,62.9,2,1,2021-12-08 09:02:29
1638954149768549000,62.9,1,62.8,6,62.9,1,1,2021-12-08 09:02:29
1638954149847783000,62.8,1,62.8,5,62.9,1,2,2021-12-08 09:02:29
1638954150999224000,62.8,2,62.8,6,62.9,1,2,2021-12-08 09:02:30
1638954151099770000,62.8,1,62.8,5,62.9,1,2,2021-12-08 09:02:31
1638954153463581000,62.8,2,62.8,3,62.9,1,2,2021-12-08 09:02:33
1638954154106488000,62.9,1,62.8,4,63.0,10,1,2021-12-08 09:02:34
1638954154159737000,62.8,1,62.8,3,63.0,10,2,2021-12-08 09:02:34
1638954154233521000,62.8,1,62.8,2,63.0,10,2,2021-12-08 09:02:34
1638954155094072000,62.9,1,62.8,2,63.0,10,1,2021-12-08 09:02:35
1638954155094072000,62.8,1,62.8,2,63.0,10,2,2021-12-08 09:02:35
1638954155834970000,62.8,2,62.7,7,62.8,8,2,2021-12-08 09:02:35
1638954157001949000,62.7,1,62.7,6,62.8,20,2,2021-12-08 09:02:37
1638954159369132000,62.7,1,62.7,4,62.8,19,2,2021-12-08 09:02:39
1638954160304173000,62.7,4,62.6,8,62.8,23,2,2021-12-08 09:02:40
1638954160304173000,62.6,6,62.6,8,62.8,23,2,2021-12-08 09:02:40
1638954160591267000,62.7,1,62.6,8,62.8,23,1,2021-12-08 09:02:40
1638954160885604000,62.8,1,62.7,5,62.8,24,1,2021-12-08 09:02:40
1638954163117205000,62.7,2,62.7,5,62.8,24,2,2021-12-08 09:02:43
1638954163364430000,62.8,1,62.7,5,62.8,26,1,2021-12-08 09:02:43
1638954163694354000,62.7,2,62.7,3,62.8,26,2,2021-12-08 09:02:43
1638954166007679000,62.7,1,62.7,2,62.8,27,2,2021-12-08 09:02:46
1638954166066902000,62.7,1,62.7,1,62.8,27,2,2021-12-08 09:02:46
1638954166172103000,62.7,1,62.6,8,62.8,27,2,2021-12-08 09:02:46
1638954167064775000,62.6,8,62.5,29,62.8,28,2,2021-12-08 09:02:47
1638954167064775000,62.5,3,62.5,29,62.8,28,2,2021-12-08 09:02:47
1638954168250097000,62.7,1,62.5,29,62.8,29,1,2021-12-08 09:02:48
1638954169046497000,62.8,1,62.5,29,62.8,28,1,2021-12-08 09:02:49
1638954169947187000,62.6,1,62.5,29,62.8,28,2,2021-12-08 09:02:49
1638954171386243000,62.6,2,62.5,29,62.7,1,1,2021-12-08 09:02:51
1638954171386243000,62.7,1,62.5,29,62.7,1,1,2021-12-08 09:02:51
1638954173351262000,62.6,1,62.5,31,62.6,34,2,2021-12-08 09:02:53
1638954173471221000,62.5,20,62.5,11,62.6,35,2,2021-12-08 09:02:53
1638954173501385000,62.5,6,62.5,5,62.6,35,2,2021-12-08 09:02:53
1638954173625044000,62.5,2,62.5,3,62.6,35,2,2021-12-08 09:02:53
1638954173654282000,62.5,1,62.5,2,62.6,35,2,2021-12-08 09:02:53
1638954173658155000,62.5,2,62.4,19,62.6,35,2,2021-12-08 09:02:53
1638954173918089000,62.5,1,62.4,15,62.6,35,2,2021-12-08 09:02:53
1638954173918089000,62.4,4,62.4,15,62.6,35,2,2021-12-08 09:02:53
1638954174083662000,62.6,1,62.4,15,62.6,34,1,2021-12-08 09:02:54
1638954174216193000,62.6,5,62.4,15,62.6,29,1,2021-12-08 09:02:54
1638954174350465000,62.4,5,62.4,10,62.6,29,2,2021-12-08 09:02:54
1638954174751219000,62.6,20,62.4,10,62.6,9,1,2021-12-08 09:02:54
1638954175121097000,62.6,1,62.4,10,62.6,8,1,2021-12-08 09:02:55
1638954176309450000,62.6,8,62.5,1,62.8,28,1,2021-12-08 09:02:56
1638954176309450000,62.7,2,62.5,1,62.8,28,1,2021-12-08 09:02:56
1638954176642087000,62.5,1,62.4,9,62.8,28,2,2021-12-08 09:02:56
1638954176642087000,62.4,1,62.4,9,62.8,28,2,2021-12-08 09:02:56
1638954176683019000,62.5,2,62.4,6,62.7,14,1,2021-12-08 09:02:56
1638954176683019000,62.4,3,62.4,6,62.7,14,2,2021-12-08 09:02:56
1638954177166008000,62.6,1,62.6,1,62.7,2,1,2021-12-08 09:02:57
1638954177658246000,62.6,1,62.4,6,62.7,2,2,2021-12-08 09:02:57
1638954179096664000,62.5,2,62.4,6,62.7,3,2,2021-12-08 09:02:59
1638954180040340000,62.4,1,62.4,6,62.5,21,2,2021-12-08 09:03:00
1638954180369189000,62.4,4,62.4,2,62.5,23,2,2021-12-08 09:03:00
1638954181463365000,62.5,2,62.4,2,62.5,22,1,2021-12-08 09:03:01
1638954181650969000,62.5,5,62.4,2,62.5,17,1,2021-12-08 09:03:01
1638954182650158000,62.4,3,62.3,3,62.5,17,2,2021-12-08 09:03:02
1638954182650158000,62.3,2,62.3,3,62.5,17,2,2021-12-08 09:03:02
1638954182802989000,62.5,10,62.3,3,62.5,7,1,2021-12-08 09:03:02
1638954182838198000,62.5,4,62.3,3,62.6,1,1,2021-12-08 09:03:02
1638954182838423000,62.5,3,62.3,3,62.6,1,1,2021-12-08 09:03:02
1638954183403134000,62.5,1,62.3,3,62.6,1,1,2021-12-08 09:03:03
1638954183503801000,62.3,3,62.2,3,62.6,1,2,2021-12-08 09:03:03
1638954183802500000,62.6,10,62.2,3,62.6,3,1,2021-12-08 09:03:03
1638954184702426000,62.5,4,62.3,11,62.6,12,2,2021-12-08 09:03:04
1638954185578519000,62.5,1,62.3,20,62.6,12,2,2021-12-08 09:03:05
1638954185578519000,62.4,5,62.3,20,62.6,12,2,2021-12-08 09:03:05
1638954185578519000,62.3,4,62.3,20,62.6,12,2,2021-12-08 09:03:05
1638954185609740000,62.5,1,62.3,20,62.6,12,1,2021-12-08 09:03:05
1638954185751158000,62.6,1,62.3,20,62.6,11,1,2021-12-08 09:03:05
1638954185891518000,62.3,3,62.3,17,62.6,11,2,2021-12-08 09:03:05
1638954186294794000,62.6,2,62.3,12,62.6,6,1,2021-12-08 09:03:06
1638954186294834000,62.6,3,62.3,12,62.6,6,1,2021-12-08 09:03:06
1638954186327195000,62.6,2,62.3,12,62.6,4,1,2021-12-08 09:03:06
1638954186361320000,62.6,2,62.3,12,62.6,2,1,2021-12-08 09:03:06
1638954186393679000,62.6,2,62.3,12,62.7,6,1,2021-12-08 09:03:06
1638954186451034000,62.6,1,62.5,1,62.7,6,1,2021-12-08 09:03:06
1638954187071977000,62.5,1,62.4,1,62.7,6,2,2021-12-08 09:03:07
1638954188253315000,62.5,1,62.4,3,62.7,18,1,2021-12-08 09:03:08
1638954189025212000,62.5,2,62.5,3,62.7,6,2,2021-12-08 09:03:09
1638954189252734000,62.5,1,62.5,2,62.7,6,2,2021-12-08 09:03:09
1638954189829359000,62.5,1,62.5,1,62.7,6,2,2021-12-08 09:03:09
1638954191034562000,62.6,1,62.4,6,62.7,6,1,2021-12-08 09:03:11
1638954191034562000,62.5,2,62.4,6,62.7,6,2,2021-12-08 09:03:11
1638954191034562000,62.4,1,62.4,6,62.7,6,2,2021-12-08 09:03:11
1638954191612711000,62.6,5,62.4,9,62.7,6,1,2021-12-08 09:03:11
1638954191926214000,62.7,2,62.5,5,62.7,4,1,2021-12-08 09:03:11
1638954192206869000,62.7,3,62.5,8,62.7,1,1,2021-12-08 09:03:12
1638954192240044000,62.7,1,62.5,8,62.8,77,1,2021-12-08 09:03:12
1638954192265026000,62.5,1,62.5,7,62.8,77,2,2021-12-08 09:03:12
1638954192657165000,62.5,7,62.4,19,62.5,13,2,2021-12-08 09:03:12
1638954192681526000,62.5,2,62.4,19,62.5,11,1,2021-12-08 09:03:12
1638954192928262000,62.5,10,62.4,19,62.5,1,1,2021-12-08 09:03:12
1638954192949807000,62.5,1,62.4,19,62.8,77,1,2021-12-08 09:03:12
1638954194249319000,62.6,1,62.6,1,62.8,77,1,2021-12-08 09:03:14
1638954194419265000,62.6,1,62.5,9,62.8,78,2,2021-12-08 09:03:14
1638954194419265000,62.5,1,62.5,9,62.8,78,2,2021-12-08 09:03:14
1638954194562875000,62.8,1,62.5,9,62.8,77,1,2021-12-08 09:03:14
1638954195543438000,62.7,1,62.6,50,62.8,77,2,2021-12-08 09:03:15
1638954195881473000,62.6,5,62.6,45,62.8,77,2,2021-12-08 09:03:15
1638954196849392000,62.6,11,62.6,35,62.7,13,2,2021-12-08 09:03:16
1638954196915779000,62.6,11,62.6,24,62.7,13,2,2021-12-08 09:03:16
1638954196938521000,62.7,2,62.6,24,62.7,11,1,2021-12-08 09:03:16
1638954197126267000,62.6,3,62.6,21,62.7,11,2,2021-12-08 09:03:17
1638954197283851000,62.7,1,62.6,21,62.7,10,1,2021-12-08 09:03:17
1638954197453604000,62.6,5,62.6,16,62.7,10,2,2021-12-08 09:03:17
1638954197832284000,62.7,2,62.6,16,62.7,8,1,2021-12-08 09:03:17
1638954197986762000,62.6,11,62.6,5,62.7,8,2,2021-12-08 09:03:17
1638954198022309000,62.6,3,62.6,2,62.7,8,2,2021-12-08 09:03:18
1638954198324301000,62.6,2,62.5,14,62.6,9,2,2021-12-08 09:03:18
1638954198464690000,62.6,1,62.5,14,62.6,8,1,2021-12-08 09:03:18
1638954198738034000,62.5,1,62.5,13,62.6,8,2,2021-12-08 09:03:18
1638954198893754000,62.5,1,62.5,8,62.6,8,2,2021-12-08 09:03:18
1638954199842175000,62.6,1,62.5,8,62.6,7,1,2021-12-08 09:03:19
1638954201353649000,62.6,1,62.5,8,62.6,6,1,2021-12-08 09:03:21
1638954201438150000,62.6,1,62.5,8,62.6,5,1,2021-12-08 09:03:21
1638954201821726000,62.5,8,62.4,21,62.5,3,2,2021-12-08 09:03:21
1638954201895934000,62.5,1,62.4,21,62.5,2,1,2021-12-08 09:03:21
1638954201911197000,62.5,1,62.4,21,62.5,1,1,2021-12-08 09:03:21
1638954202330855000,62.5,1,62.5,1,62.6,5,1,2021-12-08 09:03:22
1638954202869665000,62.6,1,62.5,1,62.6,4,1,2021-12-08 09:03:22
1638954203038220000,62.5,1,62.3,11,62.4,28,2,2021-12-08 09:03:23
1638954203038220000,62.4,21,62.3,11,62.4,28,2,2021-12-08 09:03:23
1638954203163918000,62.4,1,62.3,11,62.4,27,1,2021-12-08 09:03:23
1638954203960024000,62.3,1,62.3,10,62.4,27,2,2021-12-08 09:03:23
1638954204646751000,62.6,7,62.5,2,62.7,9,1,2021-12-08 09:03:24
1638954204646751000,62.7,3,62.5,2,62.7,9,1,2021-12-08 09:03:24
1638954204655494000,62.5,2,62.3,10,62.7,9,2,2021-12-08 09:03:24
1638954205298504000,62.5,1,62.5,1,62.7,9,2,2021-12-08 09:03:25
1638954205525344000,62.7,1,62.5,1,62.7,8,1,2021-12-08 09:03:25
1638954205949035000,62.7,2,62.5,1,62.7,7,1,2021-12-08 09:03:25
1638954207210316000,62.7,2,62.5,5,62.7,6,1,2021-12-08 09:03:27
1638954207771681000,62.7,6,62.5,6,62.8,69,1,2021-12-08 09:03:27
1638954207781093000,62.5,6,62.4,12,62.5,1,2,2021-12-08 09:03:27
1638954207805603000,62.5,1,62.4,12,62.8,69,1,2021-12-08 09:03:27
1638954210398835000,62.5,1,62.5,6,62.7,2,2,2021-12-08 09:03:30
1638954211671291000,62.5,9,62.4,17,62.5,2,2,2021-12-08 09:03:31
1638954212835676000,62.5,1,62.4,15,62.5,21,1,2021-12-08 09:03:32
1638954213950287000,62.4,1,62.4,14,62.5,21,2,2021-12-08 09:03:33
1638954213986440000,62.4,14,62.3,17,62.5,21,2,2021-12-08 09:03:33
1638954214026272000,62.3,2,62.3,15,62.5,21,2,2021-12-08 09:03:34
1638954214159399000,62.5,1,62.3,15,62.5,20,1,2021-12-08 09:03:34
1638954214972888000,62.4,1,62.3,13,62.4,12,2,2021-12-08 09:03:34
1638954215424198000,62.3,2,62.3,11,62.4,12,2,2021-12-08 09:03:35
1638954216905272000,62.4,2,62.3,13,62.4,10,1,2021-12-08 09:03:36
1638954216996374000,62.3,11,62.3,2,62.4,10,2,2021-12-08 09:03:36
1638954217037231000,62.3,2,62.2,3,62.4,10,2,2021-12-08 09:03:37
1638954217042414000,62.2,1,62.2,2,62.4,10,2,2021-12-08 09:03:37
1638954217630680000,62.4,2,62.2,2,62.4,8,1,2021-12-08 09:03:37
1638954219064412000,62.4,2,62.2,2,62.4,6,1,2021-12-08 09:03:39
1638954219665188000,62.4,6,62.4,14,62.5,23,1,2021-12-08 09:03:39
1638954220360803000,62.4,1,62.4,13,62.5,23,2,2021-12-08 09:03:40
1638954220612892000,62.4,13,62.0,18,62.5,23,2,2021-12-08 09:03:40
1638954220612892000,62.2,6,62.0,18,62.5,23,2,2021-12-08 09:03:40
1638954220612892000,62.1,13,62.0,18,62.5,23,2,2021-12-08 09:03:40
1638954220612892000,62.0,18,62.0,18,62.5,23,2,2021-12-08 09:03:40
1638954220958084000,62.1,1,62.0,18,62.4,12,1,2021-12-08 09:03:40
1638954220988978000,62.4,1,62.0,18,62.4,11,1,2021-12-08 09:03:40
1638954221152140000,62.1,1,62.0,9,62.4,11,2,2021-12-08 09:03:41
1638954221152140000,62.0,9,62.0,9,62.4,11,2,2021-12-08 09:03:41
1638954222251099000,62.0,12,61.9,7,62.0,38,2,2021-12-08 09:03:42
1638954222268792000,62.0,2,61.9,7,62.0,36,1,2021-12-08 09:03:42
1638954223664779000,61.9,3,61.9,4,62.5,24,2,2021-12-08 09:03:43
1638954223713190000,61.9,4,61.8,12,62.4,12,2,2021-12-08 09:03:43
1638954223713190000,61.8,46,61.8,12,62.4,12,2,2021-12-08 09:03:43
1638954223716141000,61.8,1,61.8,11,62.4,12,2,2021-12-08 09:03:43
1638954223849750000,62.3,1,62.0,2,62.3,2,1,2021-12-08 09:03:43
1638954224093875000,62.0,2,61.8,3,62.3,5,2,2021-12-08 09:03:44
1638954224093875000,61.8,8,61.8,3,62.3,5,2,2021-12-08 09:03:44
1638954224993392000,61.9,1,61.5,28,62.2,1,1,2021-12-08 09:03:44
1638954224993392000,61.8,3,61.5,28,62.2,1,2,2021-12-08 09:03:44
1638954224993392000,61.7,1,61.5,28,62.2,1,2,2021-12-08 09:03:44
1638954224993392000,61.6,1,61.5,28,62.2,1,2,2021-12-08 09:03:44
1638954226072688000,62.0,1,61.5,28,62.0,1,1,2021-12-08 09:03:46
1638954226297276000,61.6,1,61.5,28,62.0,1,2,2021-12-08 09:03:46
1638954227665946000,61.7,1,61.5,28,62.0,1,1,2021-12-08 09:03:47
1638954229138697000,61.7,0,0.0,0,0.0,0,1,2021-12-08 09:03:49
1638954349829380000,62.2,147,62.1,42,62.2,1,1,2021-12-08 09:05:49
1638954349861756000,62.2,1,62.1,42,62.3,6,1,2021-12-08 09:05:49
1638954350242430000,62.1,4,62.1,38,62.3,6,2,2021-12-08 09:05:50
1638954350246292000,62.1,10,62.1,24,62.3,6,2,2021-12-08 09:05:50
1638954350246928000,62.1,4,62.1,24,62.3,6,2,2021-12-08 09:05:50
1638954350271891000,62.1,4,62.1,20,62.3,6,2,2021-12-08 09:05:50
1638954350313778000,62.1,4,62.1,16,62.3,6,2,2021-12-08 09:05:50
1638954350347388000,62.1,4,62.1,22,62.3,6,2,2021-12-08 09:05:50
1638954351058682000,62.2,5,62.1,18,62.3,7,1,2021-12-08 09:05:51
1638954351058682000,62.1,4,62.1,18,62.3,7,2,2021-12-08 09:05:51
1638954352837634000,62.2,1,62.1,18,62.3,7,1,2021-12-08 09:05:52
1638954353107470000,62.1,7,62.1,11,62.3,7,2,2021-12-08 09:05:53
1638954353269217000,62.3,1,62.1,11,62.3,6,1,2021-12-08 09:05:53
1638954353787997000,62.2,1,62.1,11,62.2,1,2,2021-12-08 09:05:53
1638954353821338000,62.2,1,62.1,11,62.3,6,1,2021-12-08 09:05:53
1638954354143701000,62.3,1,62.1,11,62.3,5,1,2021-12-08 09:05:54
1638954355872159000,62.2,1,62.1,12,62.4,2,2,2021-12-08 09:05:55
1638954355872159000,62.3,14,62.1,12,62.4,2,1,2021-12-08 09:05:55
1638954355872159000,62.4,5,62.1,12,62.4,2,1,2021-12-08 09:05:55
1638954357087413000,62.2,3,62.3,7,62.4,6,2,2021-12-08 09:05:57
1638954357116796000,62.3,2,62.3,5,62.4,6,1,2021-12-08 09:05:57
1638954357117027000,62.3,5,62.1,13,62.4,6,2,2021-12-08 09:05:57
1638954358506619000,62.3,1,62.2,1,62.4,11,2,2021-12-08 09:05:58
1638954359117864000,62.3,1,62.2,1,62.3,1,1,2021-12-08 09:05:59
1638954359290055000,62.3,1,62.3,2,62.4,11,1,2021-12-08 09:05:59
1638954359301826000,62.3,2,62.2,1,62.4,11,2,2021-12-08 09:05:59
1638954360112919000,62.3,1,62.2,2,62.4,2,1,2021-12-08 09:06:00
1638954360112919000,62.4,9,62.2,2,62.4,2,1,2021-12-08 09:06:00
1638954360467505000,62.2,2,62.1,14,62.2,2,2,2021-12-08 09:06:00
1638954360908100000,62.2,10,62.1,19,62.2,8,1,2021-12-08 09:06:00
1638954360943131000,62.2,2,62.1,19,62.2,6,1,2021-12-08 09:06:00
1638954361073190000,62.2,1,62.1,19,62.2,5,1,2021-12-08 09:06:01
1638954361110619000,62.2,1,62.1,19,62.2,4,1,2021-12-08 09:06:01
1638954361128174000,62.2,2,62.1,19,62.2,2,1,2021-12-08 09:06:01
1638954361148847000,62.2,2,62.2,18,62.3,1,1,2021-12-08 09:06:01
1638954361210962000,62.3,1,62.2,20,62.4,2,1,2021-12-08 09:06:01
1638954361382517000,62.2,5,62.2,15,62.4,2,2,2021-12-08 09:06:01
1638954361569050000,62.4,1,62.2,15,62.4,1,1,2021-12-08 09:06:01
1638954362888113000,62.4,5,62.2,25,63.0,15,1,2021-12-08 09:06:02
1638954362888113000,62.5,26,62.2,25,63.0,15,1,2021-12-08 09:06:02
1638954362888113000,62.6,11,62.2,25,63.0,15,1,2021-12-08 09:06:02
1638954362888113000,62.7,26,62.2,25,63.0,15,1,2021-12-08 09:06:02
1638954362888113000,62.8,10,62.2,25,63.0,15,1,2021-12-08 09:06:02
1638954362888113000,62.9,12,62.2,25,63.0,15,1,2021-12-08 09:06:02
1638954362888113000,63.0,10,62.2,25,63.0,15,1,2021-12-08 09:06:02
1638954362935680000,62.9,1,62.3,3,63.0,11,2,2021-12-08 09:06:02
1638954363138415000,63.0,2,62.3,6,63.0,9,1,2021-12-08 09:06:03
1638954364510232000,62.9,10,62.5,3,63.1,2,2,2021-12-08 09:06:04
1638954364510232000,63.0,9,62.5,3,63.1,2,1,2021-12-08 09:06:04
1638954364510232000,63.1,1,62.5,3,63.1,2,1,2021-12-08 09:06:04
1638954364751450000,63.1,3,62.6,2,63.1,4,1,2021-12-08 09:06:04
1638954366064742000,63.0,2,62.7,1,63.1,4,2,2021-12-08 09:06:06
1638954366098511000,63.1,1,62.7,1,63.1,3,1,2021-12-08 09:06:06
1638954366325028000,63.0,1,63.0,4,63.1,3,2,2021-12-08 09:06:06
1638954366353610000,63.0,2,63.0,2,63.1,3,2,2021-12-08 09:06:06
1638954366360415000,63.0,2,62.6,3,63.0,3,2,2021-12-08 09:06:06
1638954366948544000,63.0,3,62.8,1,63.1,3,1,2021-12-08 09:06:06
1638954367018148000,62.9,1,62.8,1,62.9,2,2,2021-12-08 09:06:07
1638954367141889000,62.9,1,62.6,3,62.9,3,1,2021-12-08 09:06:07
1638954367779365000,62.9,1,62.7,1,62.9,2,1,2021-12-08 09:06:07
1638954368805443000,62.9,1,62.7,4,62.9,1,1,2021-12-08 09:06:08
1638954370142097000,62.9,1,62.7,3,63.0,5,1,2021-12-08 09:06:10
1638954370164289000,62.7,3,62.3,3,63.0,5,2,2021-12-08 09:06:10
1638954370164289000,62.6,3,62.3,3,63.0,5,2,2021-12-08 09:06:10
1638954370164289000,62.5,5,62.3,3,63.0,5,2,2021-12-08 09:06:10
1638954370164289000,62.4,6,62.3,3,63.0,5,2,2021-12-08 09:06:10
1638954370164289000,62.3,3,62.3,3,63.0,5,2,2021-12-08 09:06:10
1638954371349176000,62.7,1,62.4,4,62.8,4,1,2021-12-08 09:06:11
1638954371349176000,62.8,1,62.4,4,62.8,4,1,2021-12-08 09:06:11
1638954371934046000,62.7,10,62.4,5,62.7,2,2,2021-12-08 09:06:11
1638954371962091000,62.7,2,62.4,5,62.7,1,1,2021-12-08 09:06:11
1638954372412099000,62.7,2,62.4,2,63.0,6,1,2021-12-08 09:06:12
1638954372412099000,62.8,4,62.4,2,63.0,6,1,2021-12-08 09:06:12
1638954372412099000,62.9,4,62.4,2,63.0,6,1,2021-12-08 09:06:12
1638954372570477000,62.5,1,62.5,3,63.0,6,2,2021-12-08 09:06:12
1638954373028426000,62.6,1,62.4,2,62.6,4,1,2021-12-08 09:06:13
1638954373047652000,62.6,1,62.4,2,62.6,3,1,2021-12-08 09:06:13
1638954373530905000,62.6,3,62.4,2,62.9,2,1,2021-12-08 09:06:13
1638954373530905000,62.9,2,62.4,2,62.9,2,1,2021-12-08 09:06:13
1638954374512878000,62.8,1,62.5,3,62.8,2,2,2021-12-08 09:06:14
1638954374514873000,62.8,1,62.5,3,62.8,1,1,2021-12-08 09:06:14
1638954376479725000,62.8,1,62.7,1,62.9,3,1,2021-12-08 09:06:16
1638954376869527000,62.9,1,62.7,1,62.9,2,1,2021-12-08 09:06:16
1638954377577668000,62.9,1,62.7,1,62.9,1,1,2021-12-08 09:06:17
1638954378407996000,62.9,1,62.7,1,63.0,7,1,2021-12-08 09:06:18
1638954378981234000,63.0,2,62.7,1,63.0,5,1,2021-12-08 09:06:18
1638954379669693000,62.9,1,62.7,3,63.0,10,2,2021-12-08 09:06:19
1638954379751344000,62.7,1,62.7,2,63.0,10,2,2021-12-08 09:06:19
1638954380465365000,63.0,3,62.8,1,63.0,7,1,2021-12-08 09:06:20
1638954381143225000,63.0,3,62.8,1,63.0,4,1,2021-12-08 09:06:21
1638954381222907000,62.8,1,62.7,2,63.0,4,2,2021-12-08 09:06:21
1638954381708235000,62.7,1,62.7,1,63.0,4,2,2021-12-08 09:06:21
1638954382228477000,62.7,1,62.6,4,63.0,4,2,2021-12-08 09:06:22
1638954382699233000,62.9,2,62.6,4,63.0,7,1,2021-12-08 09:06:22
1638954382766178000,62.9,1,62.6,4,63.0,7,2,2021-12-08 09:06:22
1638954383175195000,63.0,3,62.6,4,63.0,4,1,2021-12-08 09:06:23
1638954384259307000,63.0,5,62.7,1,63.1,10,1,2021-12-08 09:06:24
1638954384259307000,63.1,5,62.7,1,63.1,10,1,2021-12-08 09:06:24
1638954384715776000,62.9,1,62.6,4,62.9,2,2,2021-12-08 09:06:24
1638954384953629000,62.9,2,63.0,13,63.1,10,1,2021-12-08 09:06:24
1638954384953629000,63.0,5,63.0,13,63.1,10,1,2021-12-08 09:06:24
1638954384982852000,63.0,2,63.0,11,63.1,10,2,2021-12-08 09:06:24
1638954385012014000,63.0,1,63.0,10,63.1,10,2,2021-12-08 09:06:25
1638954385019006000,63.0,7,63.0,3,63.1,10,2,2021-12-08 09:06:25
1638954385095550000,63.0,3,62.7,2,63.1,10,2,2021-12-08 09:06:25
1638954386236139000,62.7,2,62.6,5,62.7,2,2,2021-12-08 09:06:26
1638954386266742000,62.6,3,62.6,2,62.7,2,2,2021-12-08 09:06:26
1638954387278837000,62.7,2,62.6,3,63.0,10,1,2021-12-08 09:06:27
1638954387278837000,63.0,1,62.6,3,63.0,10,1,2021-12-08 09:06:27
1638954387552378000,62.9,1,62.6,3,63.0,10,2,2021-12-08 09:06:27
1638954387962020000,63.0,3,62.6,3,63.0,13,1,2021-12-08 09:06:27
1638954388213773000,63.0,1,62.7,1,63.0,12,1,2021-12-08 09:06:28
1638954388689126000,62.9,1,62.7,1,62.9,1,2,2021-12-08 09:06:28
1638954389311560000,62.9,1,62.7,4,62.9,2,1,2021-12-08 09:06:29
1638954390646274000,62.9,3,62.7,4,63.0,5,1,2021-12-08 09:06:30
1638954390646274000,63.0,7,62.7,4,63.0,5,1,2021-12-08 09:06:30
1638954390687813000,62.8,10,62.7,4,63.1,6,2,2021-12-08 09:06:30
1638954390687813000,63.0,5,62.7,4,63.1,6,1,2021-12-08 09:06:30
1638954390687813000,63.1,5,62.7,4,63.1,6,1,2021-12-08 09:06:30
1638954391387303000,63.1,6,62.8,1,63.3,22,1,2021-12-08 09:06:31
1638954391387303000,63.2,12,62.8,1,63.3,22,1,2021-12-08 09:06:31
1638954391387303000,63.3,2,62.8,1,63.3,22,1,2021-12-08 09:06:31
1638954391472722000,62.9,2,62.7,4,62.9,4,2,2021-12-08 09:06:31
1638954391564321000,62.8,1,62.7,4,62.9,4,2,2021-12-08 09:06:31
1638954391765262000,62.9,4,63.0,6,63.2,1,1,2021-12-08 09:06:31
1638954391816632000,63.2,1,63.0,6,63.3,22,1,2021-12-08 09:06:31
1638954391976104000,63.0,1,63.0,6,63.1,2,2,2021-12-08 09:06:31
1638954392048125000,63.0,2,63.0,4,63.1,2,2,2021-12-08 09:06:32
1638954392936935000,63.1,1,63.0,4,63.1,1,1,2021-12-08 09:06:32
1638954393164661000,63.1,1,63.0,4,63.3,22,1,2021-12-08 09:06:33
1638954393312617000,63.2,1,63.0,4,63.3,22,1,2021-12-08 09:06:33
1638954393338786000,63.0,1,63.0,3,63.3,22,2,2021-12-08 09:06:33
1638954393380642000,63.0,2,63.0,1,63.3,22,2,2021-12-08 09:06:33
1638954394206950000,63.0,1,62.9,2,63.2,2,2,2021-12-08 09:06:34
1638954394386261000,62.9,2,62.6,9,63.2,2,2,2021-12-08 09:06:34
1638954394386261000,62.8,6,62.6,9,63.2,2,2,2021-12-08 09:06:34
1638954394386261000,62.7,7,62.6,9,63.2,2,2,2021-12-08 09:06:34
1638954394742317000,63.0,2,62.6,9,63.0,3,1,2021-12-08 09:06:34
1638954395623554000,63.0,1,62.7,2,63.0,8,1,2021-12-08 09:06:35
1638954395910235000,62.9,1,62.7,1,62.9,2,2,2021-12-08 09:06:35
1638954395935029000,62.9,1,62.7,1,62.9,1,1,2021-12-08 09:06:35
1638954397067790000,62.9,5,62.7,1,63.0,18,1,2021-12-08 09:06:37
1638954399319741000,62.9,1,62.8,1,62.9,2,1,2021-12-08 09:06:39
1638954399376844000,62.9,1,62.8,1,62.9,1,1,2021-12-08 09:06:39
1638954399579852000,62.9,1,62.8,1,63.0,19,1,2021-12-08 09:06:39
1638954401049386000,63.0,1,62.9,3,63.0,17,1,2021-12-08 09:06:41
1638954401495713000,62.9,3,62.8,1,62.9,2,2,2021-12-08 09:06:41
1638954402896871000,62.8,1,62.6,6,62.7,13,2,2021-12-08 09:06:42
1638954402896871000,62.7,6,62.6,6,62.7,13,2,2021-12-08 09:06:42
1638954403197533000,62.7,1,62.6,6,62.7,12,1,2021-12-08 09:06:43
1638954403812984000,62.6,1,62.6,5,62.7,12,2,2021-12-08 09:06:43
1638954404329065000,62.6,1,62.6,4,62.7,12,2,2021-12-08 09:06:44
1638954404915369000,62.6,4,62.5,14,62.6,6,2,2021-12-08 09:06:44
1638954405209057000,62.5,12,62.4,7,62.6,6,2,2021-12-08 09:06:45
1638954406194079000,62.5,1,62.4,7,62.6,8,1,2021-12-08 09:06:46
1638954406347577000,62.6,1,62.4,7,62.6,7,1,2021-12-08 09:06:46
1638954406469217000,62.6,5,62.4,7,62.6,2,1,2021-12-08 09:06:46
1638954406820698000,62.4,2,62.4,5,62.5,1,2,2021-12-08 09:06:46
1638954407778218000,62.5,1,62.4,5,62.7,11,1,2021-12-08 09:06:47
1638954407778218000,62.6,4,62.4,5,62.7,11,1,2021-12-08 09:06:47
1638954407778218000,62.7,1,62.4,5,62.7,11,1,2021-12-08 09:06:47
1638954408041928000,62.7,5,62.4,10,62.7,6,1,2021-12-08 09:06:48
1638954409331123000,62.6,1,62.5,11,62.7,6,2,2021-12-08 09:06:49
1638954410434000000,62.7,6,62.7,24,62.8,1,1,2021-12-08 09:06:50
1638954412334623000,62.8,1,62.7,24,62.9,6,1,2021-12-08 09:06:52
1638954412334623000,62.9,1,62.7,24,62.9,6,1,2021-12-08 09:06:52
1638954414624510000,62.8,2,62.7,22,62.9,7,2,2021-12-08 09:06:54
1638954414624510000,62.7,3,62.7,22,62.9,7,2,2021-12-08 09:06:54
1638954416309905000,62.8,3,62.7,21,62.9,7,1,2021-12-08 09:06:56
1638954416309905000,62.9,1,62.7,21,62.9,7,1,2021-12-08 09:06:56
1638954417971705000,62.8,1,62.8,9,62.9,8,2,2021-12-08 09:06:57
1638954418149525000,62.8,1,62.8,8,62.9,10,2,2021-12-08 09:06:58
1638954418731839000,62.9,1,62.8,8,62.9,10,1,2021-12-08 09:06:58
1638954420055116000,62.9,4,62.8,8,62.9,7,1,2021-12-08 09:07:00
1638954420419305000,62.9,1,62.8,8,62.9,6,1,2021-12-08 09:07:00
1638954420737678000,62.9,5,62.8,8,62.9,1,1,2021-12-08 09:07:00
1638954421547243000,62.9,2,62.8,19,62.9,1,1,2021-12-08 09:07:01
1638954422630961000,62.8,8,62.8,11,62.9,5,2,2021-12-08 09:07:02
1638954422977122000,62.9,1,62.8,16,62.9,4,1,2021-12-08 09:07:02
1638954424798657000,62.9,1,62.8,21,62.9,4,1,2021-12-08 09:07:04
1638954425771044000,62.9,1,62.8,21,62.9,9,1,2021-12-08 09:07:05
1638954426382389000,62.9,1,62.8,21,62.9,8,1,2021-12-08 09:07:06
1638954426711860000,62.8,3,62.8,19,62.9,8,2,2021-12-08 09:07:06
1638954426905840000,62.8,2,62.8,20,62.9,8,2,2021-12-08 09:07:06
1638954427469897000,62.8,2,62.8,18,62.9,8,2,2021-12-08 09:07:07
1638954427826500000,62.9,1,62.8,18,62.9,7,1,2021-12-08 09:07:07
1638954428894952000,62.9,1,62.8,18,62.9,7,1,2021-12-08 09:07:08
1638954428988259000,62.9,1,62.8,18,62.9,6,1,2021-12-08 09:07:08
1638954429086362000,62.9,2,62.8,18,62.9,4,1,2021-12-08 09:07:09
1638954429212407000,62.9,1,62.8,18,62.9,3,1,2021-12-08 09:07:09
1638954431004377000,62.9,3,62.9,7,63.0,62,1,2021-12-08 09:07:11
1638954431198737000,62.9,2,62.9,5,63.0,62,2,2021-12-08 09:07:11
1638954431772681000,62.9,2,62.9,3,63.0,62,2,2021-12-08 09:07:11
1638954431878235000,62.9,2,62.9,1,63.0,62,2,2021-12-08 09:07:11
1638954432139278000,62.9,1,62.8,19,63.0,62,2,2021-12-08 09:07:12
1638954432995044000,62.8,9,62.8,10,63.0,62,2,2021-12-08 09:07:12
1638954433337693000,62.9,5,62.8,10,63.0,62,1,2021-12-08 09:07:13
1638954433414455000,62.8,2,62.8,8,63.0,62,2,2021-12-08 09:07:13
1638954434125597000,63.0,1,62.8,8,63.0,61,1,2021-12-08 09:07:14
1638954437921373000,62.9,1,62.8,8,63.0,61,2,2021-12-08 09:07:17
1638954438149180000,63.0,2,62.9,1,63.0,59,1,2021-12-08 09:07:18
1638954438180510000,62.9,1,62.8,8,63.0,59,2,2021-12-08 09:07:18
1638954439197878000,62.9,2,62.9,4,63.0,59,2,2021-12-08 09:07:19
1638954439256617000,62.9,1,62.9,3,63.0,59,2,2021-12-08 09:07:19
1638954439405028000,63.0,2,62.9,3,63.0,57,1,2021-12-08 09:07:19
1638954440429604000,63.0,1,62.9,3,63.0,56,1,2021-12-08 09:07:20
1638954440789038000,63.0,1,62.9,3,63.0,55,1,2021-12-08 09:07:20
1638954442018487000,63.0,1,62.9,8,63.0,54,1,2021-12-08 09:07:22
1638954442193748000,62.9,2,62.9,7,63.0,54,2,2021-12-08 09:07:22
1638954442221046000,63.0,2,62.9,7,63.0,52,1,2021-12-08 09:07:22
1638954442706034000,62.9,1,62.9,6,63.0,52,2,2021-12-08 09:07:22
1638954442755207000,63.0,1,62.9,6,63.0,51,1,2021-12-08 09:07:22
1638954443200230000,62.9,7,62.8,12,62.9,3,2,2021-12-08 09:07:23
1638954443240971000,62.8,1,62.8,11,62.9,3,2,2021-12-08 09:07:23
1638954445834704000,62.9,3,62.8,13,63.0,62,1,2021-12-08 09:07:25
1638954446242513000,62.8,10,62.8,3,63.0,61,2,2021-12-08 09:07:26
1638954446849744000,62.9,2,62.9,6,63.0,61,1,2021-12-08 09:07:26
1638954447539636000,62.9,1,62.9,5,63.0,61,2,2021-12-08 09:07:27
1638954447577103000,62.9,5,62.8,3,63.0,61,2,2021-12-08 09:07:27
1638954448505241000,62.8,1,62.8,2,63.0,61,2,2021-12-08 09:07:28
1638954451481439000,62.8,1,62.8,2,62.9,3,2,2021-12-08 09:07:31
1638954454504427000,62.8,5,62.7,25,62.9,15,2,2021-12-08 09:07:34
1638954455174590000,62.7,15,62.7,10,62.9,15,2,2021-12-08 09:07:35
1638954455197797000,62.7,2,62.7,8,62.9,15,2,2021-12-08 09:07:35
1638954455232285000,62.7,1,62.7,7,62.9,15,2,2021-12-08 09:07:35
1638954455550378000,62.8,1,62.7,7,62.9,15,1,2021-12-08 09:07:35
1638954456083020000,62.7,2,62.7,5,62.8,4,2,2021-12-08 09:07:36
1638954456112273000,62.7,1,62.7,4,62.8,4,2,2021-12-08 09:07:36
1638954456117224000,62.7,3,62.7,1,62.8,4,2,2021-12-08 09:07:36
1638954456143826000,62.8,1,62.7,1,62.8,3,1,2021-12-08 09:07:36
1638954456284597000,62.7,1,62.6,8,62.7,11,2,2021-12-08 09:07:36
1638954456821807000,62.7,1,62.6,8,62.7,10,1,2021-12-08 09:07:36
1638954458561068000,62.6,1,62.6,7,62.7,10,2,2021-12-08 09:07:38
1638954458595572000,62.6,7,62.5,36,62.7,10,2,2021-12-08 09:07:38
1638954459118679000,62.6,1,62.5,36,62.6,1,1,2021-12-08 09:07:39
1638954462355398000,62.6,1,62.5,36,62.7,14,1,2021-12-08 09:07:42
1638954464685607000,62.7,1,62.6,2,62.7,13,1,2021-12-08 09:07:44
1638954464978375000,62.6,2,62.5,28,62.7,13,2,2021-12-08 09:07:44
1638954464978375000,62.5,8,62.5,28,62.7,13,2,2021-12-08 09:07:44
1638954467035854000,62.6,1,62.6,2,62.7,13,1,2021-12-08 09:07:47
1638954468502495000,62.7,2,62.6,8,62.7,11,1,2021-12-08 09:07:48
1638954468862218000,62.6,2,62.6,6,62.7,11,2,2021-12-08 09:07:48
1638954469231235000,62.6,1,62.6,6,62.7,11,2,2021-12-08 09:07:49
1638954470424988000,62.6,6,62.5,28,62.6,4,2,2021-12-08 09:07:50
1638954472202228000,62.6,2,62.5,29,62.6,2,1,2021-12-08 09:07:52
1638954472231604000,62.6,2,62.5,29,62.7,13,1,2021-12-08 09:07:52
1638954472232685000,62.5,7,62.5,22,62.7,13,2,2021-12-08 09:07:52
1638954472290681000,62.6,4,62.6,6,62.7,13,1,2021-12-08 09:07:52
1638954472297237000,62.6,6,62.5,21,62.7,13,2,2021-12-08 09:07:52
1638954472297237000,62.5,1,62.5,21,62.7,13,2,2021-12-08 09:07:52
1638954472740701000,62.6,1,62.6,9,62.7,13,1,2021-12-08 09:07:52
1638954473048494000,62.6,2,62.6,7,62.7,13,2,2021-12-08 09:07:53
1638954473324636000,62.6,2,62.6,5,62.7,13,2,2021-12-08 09:07:53
1638954473471486000,62.7,1,62.6,6,62.7,12,1,2021-12-08 09:07:53
1638954477773958000,62.6,2,62.6,6,62.7,16,2,2021-12-08 09:07:57
1638954478488872000,62.6,1,62.6,5,62.7,16,2,2021-12-08 09:07:58
1638954480881618000,62.6,1,62.6,10,62.7,16,2,2021-12-08 09:08:00
1638954481068145000,62.6,2,62.6,8,62.7,16,2,2021-12-08 09:08:01
1638954484422673000,62.6,2,62.6,7,62.7,16,2,2021-12-08 09:08:04
1638954484566476000,62.6,4,62.6,3,62.7,16,2,2021-12-08 09:08:04
1638954484597304000,62.6,2,62.6,1,62.7,16,2,2021-12-08 09:08:04
1638954484626540000,62.6,1,62.5,23,62.7,16,2,2021-12-08 09:08:04
1638954485824353000,62.5,1,62.5,22,62.7,16,2,2021-12-08 09:08:05
1638954489623813000,62.6,10,62.5,22,62.7,16,1,2021-12-08 09:08:09
1638954489978434000,62.7,1,62.5,22,62.7,15,1,2021-12-08 09:08:09
1638954490262227000,62.7,1,62.5,22,62.7,14,1,2021-12-08 09:08:10
1638954491200687000,62.5,2,62.5,20,62.7,14,2,2021-12-08 09:08:11
1638954496009593000,62.6,5,62.5,22,62.7,14,1,2021-12-08 09:08:16
1638954496296279000,62.7,6,62.6,20,62.7,8,1,2021-12-08 09:08:16
1638954496521883000,62.6,5,62.6,15,62.7,8,2,2021-12-08 09:08:16
1638954496627388000,62.7,1,62.6,15,62.7,7,1,2021-12-08 09:08:16
1638954496661491000,62.7,1,62.6,15,62.7,6,1,2021-12-08 09:08:16
1638954499561438000,62.6,5,62.6,12,62.7,6,2,2021-12-08 09:08:19
1638954499622162000,62.7,1,62.6,12,62.7,5,1,2021-12-08 09:08:19
1638954501664278000,62.6,1,62.6,12,62.7,6,2,2021-12-08 09:08:21
1638954503231901000,62.7,3,62.6,14,62.7,3,1,2021-12-08 09:08:23
1638954504611176000,62.7,1,62.6,15,62.7,2,1,2021-12-08 09:08:24
1638954505519053000,62.7,1,62.6,15,62.7,1,1,2021-12-08 09:08:25
1638954505625425000,62.7,1,62.7,1,62.8,5,1,2021-12-08 09:08:25
1638954506033306000,62.7,5,62.3,7,62.8,5,2,2021-12-08 09:08:26
1638954506033306000,62.6,15,62.3,7,62.8,5,2,2021-12-08 09:08:26
1638954506033306000,62.5,25,62.3,7,62.8,5,2,2021-12-08 09:08:26
1638954506033306000,62.4,10,62.3,7,62.8,5,2,2021-12-08 09:08:26
1638954506033306000,62.3,8,62.3,7,62.8,5,2,2021-12-08 09:08:26
1638954508603239000,62.5,2,62.4,1,62.6,2,1,2021-12-08 09:08:28
1638954509107687000,62.6,1,62.4,1,62.6,1,1,2021-12-08 09:08:29
1638954509165448000,62.6,1,62.4,1,62.7,12,1,2021-12-08 09:08:29
1638954509707228000,62.4,1,62.3,7,62.7,12,2,2021-12-08 09:08:29
1638954510080364000,62.4,1,62.3,7,62.4,1,2,2021-12-08 09:08:30
1638954513425360000,62.3,8,62.2,14,62.3,11,2,2021-12-08 09:08:33
1638954513699477000,62.3,3,62.2,14,62.3,8,1,2021-12-08 09:08:33
1638954513721388000,62.3,2,62.2,14,62.3,6,1,2021-12-08 09:08:33
1638954514297471000,62.3,2,62.2,14,62.3,4,1,2021-12-08 09:08:34
1638954514327747000,62.3,2,62.2,14,62.3,2,1,2021-12-08 09:08:34
1638954514653537000,62.2,2,62.2,12,62.3,2,2,2021-12-08 09:08:34
1638954515694708000,62.3,2,62.2,12,62.9,37,1,2021-12-08 09:08:35
1638954515694708000,62.4,1,62.2,12,62.9,37,1,2021-12-08 09:08:35
1638954515694708000,62.6,1,62.2,12,62.9,37,1,2021-12-08 09:08:35
1638954515694708000,62.7,12,62.2,12,62.9,37,1,2021-12-08 09:08:35
1638954515694708000,62.8,7,62.2,12,62.9,37,1,2021-12-08 09:08:35
1638954515694708000,62.9,7,62.2,12,62.9,37,1,2021-12-08 09:08:35
1638954515919845000,62.3,2,62.2,11,62.8,1,2,2021-12-08 09:08:35
1638954515919845000,62.2,1,62.2,11,62.8,1,2,2021-12-08 09:08:35
1638954515956742000,62.6,2,62.6,8,62.8,1,1,2021-12-08 09:08:35
1638954515986084000,62.6,1,62.6,7,62.7,1,2,2021-12-08 09:08:35
1638954515989638000,62.6,4,62.6,3,62.7,1,2,2021-12-08 09:08:35
1638954516023240000,62.6,3,62.2,11,62.7,1,2,2021-12-08 09:08:36
1638954517793743000,62.4,1,62.3,4,62.5,2,2,2021-12-08 09:08:37
1638954519150599000,62.3,1,62.3,3,62.5,2,2,2021-12-08 09:08:39
1638954521362324000,62.3,3,62.1,4,62.4,1,2,2021-12-08 09:08:41
1638954521362324000,62.2,11,62.1,4,62.4,1,2,2021-12-08 09:08:41
1638954521362324000,62.1,10,62.1,4,62.4,1,2,2021-12-08 09:08:41
1638954524442536000,62.2,2,62.0,22,62.3,3,1,2021-12-08 09:08:44
1638954524442536000,62.1,4,62.0,22,62.3,3,2,2021-12-08 09:08:44
1638954524442536000,62.0,44,62.0,22,62.3,3,2,2021-12-08 09:08:44
1638954525837972000,62.1,1,62.0,20,62.3,3,1,2021-12-08 09:08:45
1638954525837972000,62.0,2,62.0,20,62.3,3,2,2021-12-08 09:08:45
1638954525853174000,62.0,2,62.0,18,62.3,3,2,2021-12-08 09:08:45
1638954525912673000,62.0,1,62.0,17,62.3,4,2,2021-12-08 09:08:45
1638954529715661000,62.2,1,62.0,17,62.2,1,1,2021-12-08 09:08:49
1638954530511747000,62.0,2,62.0,15,62.2,1,2,2021-12-08 09:08:50
1638954531884935000,62.1,1,62.1,1,62.2,2,1,2021-12-08 09:08:51
1638954532335350000,62.1,1,62.0,15,62.2,2,2,2021-12-08 09:08:52
1638954532335350000,62.0,1,62.0,15,62.2,2,2,2021-12-08 09:08:52
1638954532770096000,62.0,15,61.9,17,62.2,3,2,2021-12-08 09:08:52
1638954532922088000,61.9,2,61.9,15,62.2,4,2,2021-12-08 09:08:52
1638954533382265000,61.9,1,61.9,14,62.2,4,2,2021-12-08 09:08:53
1638954535006310000,62.1,1,62.0,6,62.1,1,1,2021-12-08 09:08:55
1638954535027044000,62.0,5,62.0,1,62.1,1,2,2021-12-08 09:08:55
1638954535046853000,62.1,1,62.0,1,62.2,3,1,2021-12-08 09:08:55
1638954537259582000,62.0,6,61.9,10,62.1,1,2,2021-12-08 09:08:57
1638954537259582000,61.9,4,61.9,10,62.1,1,2,2021-12-08 09:08:57
1638954537616751000,61.9,1,61.9,9,62.0,2,2,2021-12-08 09:08:57
1638954538523161000,62.0,1,61.9,9,62.0,1,1,2021-12-08 09:08:58
1638954538553882000,62.0,1,61.9,9,62.1,1,1,2021-12-08 09:08:58
1638954538614969000,61.9,1,61.9,8,62.1,1,2,2021-12-08 09:08:58
1638954538757814000,61.9,2,61.9,6,62.1,1,2,2021-12-08 09:08:58
1638954540455145000,62.0,1,61.9,6,62.1,2,1,2021-12-08 09:09:00
1638954541108205000,62.0,1,61.9,6,62.1,2,1,2021-12-08 09:09:01
1638954541697230000,62.0,1,61.9,6,62.1,3,2,2021-12-08 09:09:01
1638954545093714000,62.0,1,61.9,6,62.0,2,2,2021-12-08 09:09:05
1638954545994563000,62.0,2,62.0,3,62.1,3,1,2021-12-08 09:09:05
1638954546244267000,62.0,2,62.0,1,62.1,2,2,2021-12-08 09:09:06
1638954546949045000,62.1,2,62.0,1,62.3,1,1,2021-12-08 09:09:06
1638954546949045000,62.2,1,62.0,1,62.3,1,1,2021-12-08 09:09:06
1638954546949045000,62.3,2,62.0,1,62.3,1,1,2021-12-08 09:09:06
1638954547645567000,62.3,1,62.0,2,62.4,1,1,2021-12-08 09:09:07
1638954547645567000,62.4,1,62.0,2,62.4,1,1,2021-12-08 09:09:07
1638954550902503000,62.2,1,62.1,1,62.3,1,2,2021-12-08 09:09:10
1638954554557715000,62.2,1,62.0,1,62.4,7,2,2021-12-08 09:09:14
1638954554557715000,62.1,5,62.0,1,62.4,7,2,2021-12-08 09:09:14
1638954554557715000,62.0,4,62.0,1,62.4,7,2,2021-12-08 09:09:14
1638954554877045000,62.2,1,62.0,1,62.4,7,1,2021-12-08 09:09:14
1638954565605251000,62.2,1,62.2,1,62.3,1,2,2021-12-08 09:09:25
1638954567296986000,62.3,2,62.2,13,62.4,7,1,2021-12-08 09:09:27
1638954567637814000,62.4,1,62.2,13,62.4,6,1,2021-12-08 09:09:27
1638954568911640000,62.2,10,62.2,6,62.4,7,2,2021-12-08 09:09:28
1638954570686551000,62.3,1,62.2,8,62.3,1,1,2021-12-08 09:09:30
1638954572677891000,62.3,1,62.2,9,62.4,7,1,2021-12-08 09:09:32
1638954573248029000,62.4,1,62.3,1,62.4,6,1,2021-12-08 09:09:33
1638954573413597000,62.4,1,62.3,1,62.4,5,1,2021-12-08 09:09:33
1638954573713066000,62.4,1,62.3,1,62.4,4,1,2021-12-08 09:09:33
1638954576322772000,62.3,7,62.2,8,62.4,4,2,2021-12-08 09:09:36
1638954576322772000,62.2,3,62.2,8,62.4,4,2,2021-12-08 09:09:36
1638954576452008000,62.4,1,62.2,8,62.4,3,1,2021-12-08 09:09:36
1638954577551935000,62.4,1,62.2,9,62.4,2,1,2021-12-08 09:09:37
1638954577579914000,62.4,1,62.2,9,62.4,1,1,2021-12-08 09:09:37
1638954577580348000,62.4,1,62.2,9,62.5,56,1,2021-12-08 09:09:37
1638954577607589000,62.5,3,62.2,9,62.5,53,1,2021-12-08 09:09:37
1638954578927883000,62.5,1,62.3,1,62.5,52,1,2021-12-08 09:09:38
1638954581275693000,62.4,1,62.4,9,62.5,52,2,2021-12-08 09:09:41
1638954583685023000,62.5,30,62.4,9,62.5,22,1,2021-12-08 09:09:43
1638954583708106000,62.5,3,62.4,9,62.5,19,1,2021-12-08 09:09:43
1638954583709949000,62.5,1,62.4,9,62.5,18,1,2021-12-08 09:09:43
1638954583730740000,62.5,1,62.4,9,62.5,17,1,2021-12-08 09:09:43
1638954584879815000,62.5,1,62.4,9,62.5,16,1,2021-12-08 09:09:44
1638954584912066000,62.5,1,62.4,9,62.5,15,1,2021-12-08 09:09:44
1638954585527814000,62.5,3,62.4,9,62.5,12,1,2021-12-08 09:09:45
1638954585566996000,62.5,1,62.4,9,62.5,11,1,2021-12-08 09:09:45
1638954585912504000,62.5,3,62.4,9,62.5,8,1,2021-12-08 09:09:45
1638954585937939000,62.5,1,62.4,9,62.5,7,1,2021-12-08 09:09:45
1638954585941536000,62.5,1,62.4,9,62.5,6,1,2021-12-08 09:09:45
1638954586081502000,62.5,1,62.4,9,62.5,5,1,2021-12-08 09:09:46
1638954586107941000,62.5,1,62.4,9,62.5,4,1,2021-12-08 09:09:46
1638954588223130000,62.5,1,62.4,9,62.5,3,1,2021-12-08 09:09:48
1638954588255296000,62.5,2,62.4,9,62.5,1,1,2021-12-08 09:09:48
1638954588475325000,62.5,1,62.4,9,62.6,12,1,2021-12-08 09:09:48
1638954588475325000,62.6,2,62.4,9,62.6,12,1,2021-12-08 09:09:48
1638954588624101000,62.6,2,62.4,9,62.6,10,1,2021-12-08 09:09:48
1638954589484268000,62.6,1,62.4,9,62.6,9,1,2021-12-08 09:09:49
1638954589538449000,62.6,1,62.4,9,62.6,8,1,2021-12-08 09:09:49
1638954592464492000,62.5,1,62.4,9,62.5,4,2,2021-12-08 09:09:52
1638954592783145000,62.5,1,62.4,9,62.5,3,1,2021-12-08 09:09:52
1638954594903301000,62.5,2,62.4,9,62.5,7,1,2021-12-08 09:09:54
1638954595134962000,62.5,5,62.4,9,62.5,2,1,2021-12-08 09:09:55
1638954597249313000,62.5,1,62.4,9,62.5,1,1,2021-12-08 09:09:57
1638954597420875000,62.4,9,62.3,3,62.5,1,2,2021-12-08 09:09:57
1638954597420875000,62.3,1,62.3,3,62.5,1,2,2021-12-08 09:09:57
1638954597451917000,62.3,3,62.2,13,62.5,1,2,2021-12-08 09:09:57
1638954597451917000,62.2,5,62.2,13,62.5,1,2,2021-12-08 09:09:57
1638954598681206000,62.4,1,62.4,4,62.5,1,1,2021-12-08 09:09:58
1638954599870012000,62.5,1,62.4,5,62.6,10,1,2021-12-08 09:09:59
1638954601296160000,62.5,1,62.4,5,62.5,4,1,2021-12-08 09:10:01
1638954601360578000,62.4,1,62.4,4,62.5,4,2,2021-12-08 09:10:01
1638954601500564000,62.5,1,62.4,4,62.5,5,1,2021-12-08 09:10:01
1638954603004133000,62.4,1,62.4,3,62.5,5,2,2021-12-08 09:10:03
1638954603718821000,62.4,3,62.2,13,62.3,2,2,2021-12-08 09:10:03
1638954604701116000,62.3,2,62.2,15,62.5,5,2,2021-12-08 09:10:04
1638954604701116000,62.5,1,62.2,15,62.5,5,1,2021-12-08 09:10:04
1638954607526607000,62.5,2,62.3,5,62.5,8,1,2021-12-08 09:10:07
1638954607666771000,62.3,5,62.2,10,62.5,8,2,2021-12-08 09:10:07
1638954607666771000,62.2,5,62.2,10,62.5,8,2,2021-12-08 09:10:07
1638954610074091000,62.4,1,62.4,2,62.5,9,1,2021-12-08 09:10:10
1638954611066847000,62.5,2,62.4,2,62.5,7,1,2021-12-08 09:10:11
1638954611765730000,62.4,1,62.4,2,62.5,7,2,2021-12-08 09:10:11
1638954613134165000,62.4,2,62.3,2,62.5,7,2,2021-12-08 09:10:13
1638954613134165000,62.3,8,62.3,2,62.5,7,2,2021-12-08 09:10:13
1638954614905384000,62.5,1,62.3,2,62.5,6,1,2021-12-08 09:10:14
1638954615097071000,62.3,2,62.2,9,62.5,6,2,2021-12-08 09:10:15
1638954615097071000,62.2,3,62.2,9,62.5,6,2,2021-12-08 09:10:15
1638954619019154000,62.3,1,62.2,9,62.3,2,1,2021-12-08 09:10:19
1638954621108075000,62.2,1,62.2,11,62.3,2,2,2021-12-08 09:10:21
1638954621371908000,62.2,10,62.2,1,62.3,2,2,2021-12-08 09:10:21
1638954626175116000,62.2,2,62.2,9,62.3,2,2,2021-12-08 09:10:26
1638954627419302000,62.3,1,62.2,9,62.3,1,1,2021-12-08 09:10:27
1638954629341674000,62.2,3,62.2,6,62.3,1,2,2021-12-08 09:10:29
1638954629343435000,62.3,1,62.2,6,62.4,5,1,2021-12-08 09:10:29
1638954630183595000,62.2,1,62.2,6,62.4,5,2,2021-12-08 09:10:30
1638954630471335000,62.2,4,62.2,2,62.4,5,2,2021-12-08 09:10:30
1638954631458243000,62.2,3,62.1,49,62.4,5,2,2021-12-08 09:10:31
1638954631458243000,62.1,7,62.1,49,62.4,5,2,2021-12-08 09:10:31
1638954636116822000,62.2,2,62.1,49,62.3,4,1,2021-12-08 09:10:36
1638954636749231000,62.3,4,62.3,6,62.4,6,1,2021-12-08 09:10:36
1638954638151973000,62.3,2,62.3,4,62.4,5,2,2021-12-08 09:10:38
1638954638177579000,62.3,2,62.2,2,62.4,5,2,2021-12-08 09:10:38
1638954638177724000,62.3,2,62.2,2,62.4,5,2,2021-12-08 09:10:38
1638954639103997000,62.4,1,62.2,2,62.4,4,1,2021-12-08 09:10:39
1638954639327768000,62.4,4,62.2,2,62.5,9,1,2021-12-08 09:10:39
1638954639327768000,62.5,1,62.2,2,62.5,9,1,2021-12-08 09:10:39
1638954647545600000,62.3,2,62.2,12,62.5,13,2,2021-12-08 09:10:47
1638954647545600000,62.2,7,62.2,12,62.5,13,2,2021-12-08 09:10:47
1638954653695310000,62.3,2,62.2,13,62.4,5,1,2021-12-08 09:10:53
1638954655378204000,62.3,1,62.2,14,62.4,5,2,2021-12-08 09:10:55
1638954658711845000,62.3,1,62.2,27,62.4,5,2,2021-12-08 09:10:58
1638954662847187000,62.3,1,62.2,27,62.4,4,1,2021-12-08 09:11:02
1638954662847187000,62.4,1,62.2,27,62.4,4,1,2021-12-08 09:11:02
1638954664608328000,62.3,1,62.2,27,62.4,5,2,2021-12-08 09:11:04
1638954666101905000,62.4,4,62.2,27,62.4,1,1,2021-12-08 09:11:06
1638954668770705000,62.3,1,62.3,4,62.4,1,2,2021-12-08 09:11:08
1638954668789157000,62.3,4,62.2,26,62.4,1,2,2021-12-08 09:11:08
1638954670184751000,62.4,1,62.2,27,62.5,27,1,2021-12-08 09:11:10
1638954672436046000,62.3,1,62.2,28,62.3,1,2,2021-12-08 09:11:12
1638954674507270000,62.3,1,62.2,30,62.5,23,1,2021-12-08 09:11:14
1638954674507270000,62.5,4,62.2,30,62.5,23,1,2021-12-08 09:11:14
1638954675769235000,62.4,1,62.2,30,62.5,23,2,2021-12-08 09:11:15
1638954687235007000,62.4,5,62.4,5,62.5,21,1,2021-12-08 09:11:27
1638954689060692000,62.4,1,62.4,4,62.5,21,2,2021-12-08 09:11:29
1638954690726873000,62.4,1,62.4,3,62.5,21,2,2021-12-08 09:11:30
1638954690761683000,62.4,3,62.3,9,62.5,21,2,2021-12-08 09:11:30
1638954694576078000,62.3,6,62.3,3,62.5,22,2,2021-12-08 09:11:34
1638954694873250000,62.5,22,62.5,28,62.6,30,1,2021-12-08 09:11:34
1638954696006113000,62.6,1,62.5,28,62.6,29,1,2021-12-08 09:11:36
1638954696143521000,62.6,1,62.5,28,62.6,28,1,2021-12-08 09:11:36
1638954696151709000,62.6,1,62.5,28,62.6,27,1,2021-12-08 09:11:36
1638954696615849000,62.5,1,62.5,27,62.6,27,2,2021-12-08 09:11:36
1638954697879215000,62.6,1,62.5,27,62.6,26,1,2021-12-08 09:11:37
1638954698922145000,62.6,12,62.5,27,62.6,14,1,2021-12-08 09:11:38
1638954699022115000,62.6,1,62.5,27,62.6,13,1,2021-12-08 09:11:39
1638954702493928000,62.6,1,62.5,27,62.6,12,1,2021-12-08 09:11:42
1638954706337424000,62.6,3,62.5,27,62.6,9,1,2021-12-08 09:11:46
1638954707079897000,62.6,3,62.5,27,62.6,6,1,2021-12-08 09:11:47
1638954711085161000,62.6,1,62.5,27,62.6,5,1,2021-12-08 09:11:51
1638954712028635000,62.6,1,62.5,27,62.6,4,1,2021-12-08 09:11:52
1638954712270470000,62.6,1,62.5,27,62.6,3,1,2021-12-08 09:11:52
1638954713284547000,62.6,1,62.5,27,62.6,2,1,2021-12-08 09:11:53
1638954714358589000,62.5,9,62.5,28,62.6,40,2,2021-12-08 09:11:54
1638954714385377000,62.5,9,62.5,19,62.6,40,2,2021-12-08 09:11:54
1638954714805109000,62.6,3,62.5,19,62.6,37,1,2021-12-08 09:11:54
1638954715637515000,62.6,3,62.5,20,62.6,34,1,2021-12-08 09:11:55
1638954716256676000,62.5,1,62.5,19,62.6,34,2,2021-12-08 09:11:56
1638954716596573000,62.5,3,62.5,16,62.6,34,2,2021-12-08 09:11:56
1638954717916931000,62.6,1,62.5,16,62.6,33,1,2021-12-08 09:11:57
1638954718003516000,62.5,1,62.5,15,62.6,33,2,2021-12-08 09:11:58
1638954718153808000,62.5,3,62.5,12,62.6,33,2,2021-12-08 09:11:58
1638954721072687000,62.5,1,62.5,11,62.6,33,2,2021-12-08 09:12:01
1638954721105088000,62.5,1,62.5,10,62.6,33,2,2021-12-08 09:12:01
1638954721449699000,62.5,1,62.5,9,62.6,33,2,2021-12-08 09:12:01
1638954723199615000,62.5,3,62.5,6,62.6,33,2,2021-12-08 09:12:03
1638954723229795000,62.5,2,62.5,4,62.6,33,2,2021-12-08 09:12:03
1638954723233509000,62.5,1,62.5,3,62.6,33,2,2021-12-08 09:12:03
1638954723259043000,62.5,1,62.5,2,62.6,33,2,2021-12-08 09:12:03
1638954723264312000,62.5,1,62.5,1,62.6,33,2,2021-12-08 09:12:03
1638954723298461000,62.5,1,62.4,7,62.6,33,2,2021-12-08 09:12:03
1638954726572400000,62.6,1,62.4,6,62.6,33,1,2021-12-08 09:12:06
1638954729859622000,62.5,1,62.4,6,62.6,33,2,2021-12-08 09:12:09
1638954731202402000,62.4,2,62.4,4,62.6,33,2,2021-12-08 09:12:11
1638954731882958000,62.5,5,62.4,4,62.5,5,1,2021-12-08 09:12:11
1638954735298194000,62.4,1,62.4,3,62.5,11,2,2021-12-08 09:12:15
1638954736745243000,62.5,4,62.4,3,62.5,7,1,2021-12-08 09:12:16
1638954738469601000,62.4,1,62.4,2,62.5,8,2,2021-12-08 09:12:18
1638954738500619000,62.4,1,62.4,1,62.5,8,2,2021-12-08 09:12:18
1638954739395800000,62.5,1,62.4,1,62.5,7,1,2021-12-08 09:12:19
1638954740380272000,62.4,1,62.4,5,62.5,7,2,2021-12-08 09:12:20
1638954741003526000,62.4,1,62.4,4,62.5,7,2,2021-12-08 09:12:21
1638954743755957000,62.4,5,62.3,31,62.5,8,2,2021-12-08 09:12:23
1638954743755957000,62.3,5,62.3,31,62.5,8,2,2021-12-08 09:12:23
1638954751871228000,62.4,6,62.3,31,62.5,4,1,2021-12-08 09:12:31
1638954751871228000,62.5,4,62.3,31,62.5,4,1,2021-12-08 09:12:31
1638954754856973000,62.4,1,62.4,7,62.5,5,2,2021-12-08 09:12:34
1638954754887353000,62.4,1,62.4,6,62.5,5,2,2021-12-08 09:12:34
1638954771440968000,62.4,1,62.4,6,62.5,5,2,2021-12-08 09:12:51
1638954773833853000,62.4,5,62.4,1,62.5,5,2,2021-12-08 09:12:53
1638954773859401000,62.4,1,62.3,36,62.5,5,2,2021-12-08 09:12:53
1638954779842408000,62.4,1,62.3,36,62.4,14,1,2021-12-08 09:12:59
1638954784862704000,62.4,9,62.3,36,62.4,11,1,2021-12-08 09:13:04
1638954786404790000,62.4,1,62.3,36,62.4,10,1,2021-12-08 09:13:06
1638954788121166000,62.4,5,62.3,36,62.4,5,1,2021-12-08 09:13:08
1638954792042189000,62.3,1,62.3,35,62.4,5,2,2021-12-08 09:13:12
1638954794811652000,62.4,1,62.3,36,62.4,4,1,2021-12-08 09:13:14
1638954795261928000,62.3,10,62.3,26,62.4,4,2,2021-12-08 09:13:15
1638954799020784000,62.3,3,62.3,23,62.4,5,2,2021-12-08 09:13:19
1638954799050278000,62.3,1,62.3,22,62.4,5,2,2021-12-08 09:13:19
1638954799813185000,62.3,2,62.3,20,62.4,5,2,2021-12-08 09:13:19
1638954799845283000,62.3,2,62.3,18,62.4,5,2,2021-12-08 09:13:19
1638954799875712000,62.3,2,62.3,16,62.4,5,2,2021-12-08 09:13:19
1638954799898864000,62.3,2,62.3,14,62.4,5,2,2021-12-08 09:13:19
1638954799904962000,62.3,1,62.3,13,62.4,5,2,2021-12-08 09:13:19
1638954799953286000,62.3,2,62.3,11,62.4,5,2,2021-12-08 09:13:19
1638954800743246000,62.3,2,62.3,9,62.4,9,2,2021-12-08 09:13:20
1638954800780238000,62.3,9,62.2,51,62.4,9,2,2021-12-08 09:13:20
1638954801852289000,62.2,1,62.2,50,62.3,1,2,2021-12-08 09:13:21
1638954804918543000,62.3,2,62.3,1,62.4,9,1,2021-12-08 09:13:24
1638954804953771000,62.3,1,62.2,50,62.4,9,2,2021-12-08 09:13:24
1638954806011614000,62.2,5,62.2,45,62.4,9,2,2021-12-08 09:13:26
1638954808011922000,62.2,1,62.2,44,62.4,9,2,2021-12-08 09:13:28
1638954810018955000,62.2,10,62.2,34,62.3,1,2,2021-12-08 09:13:30
1638954811069079000,62.2,5,62.2,29,62.3,1,2,2021-12-08 09:13:31
1638954812813373000,62.2,1,62.2,28,62.3,1,2,2021-12-08 09:13:32
1638954813444405000,62.2,1,62.2,27,62.3,1,2,2021-12-08 09:13:33
1638954815077660000,62.2,1,62.2,26,62.3,3,2,2021-12-08 09:13:35
1638954815112027000,62.2,1,62.2,25,62.3,3,2,2021-12-08 09:13:35
1638954815728127000,62.2,3,62.2,22,62.3,3,2,2021-12-08 09:13:35
1638954815767471000,62.2,2,62.2,20,62.3,3,2,2021-12-08 09:13:35
1638954817620440000,62.2,1,62.2,19,62.3,4,2,2021-12-08 09:13:37
1638954817656917000,62.2,1,62.2,18,62.3,4,2,2021-12-08 09:13:37
1638954819075295000,62.2,1,62.2,17,62.3,5,2,2021-12-08 09:13:39
1638954819567507000,62.3,1,62.2,17,62.3,4,1,2021-12-08 09:13:39
1638954822837237000,62.3,5,62.2,17,62.3,2,1,2021-12-08 09:13:42
1638954824064774000,62.2,1,62.2,16,62.3,2,2,2021-12-08 09:13:44
1638954824866313000,62.2,2,62.2,14,62.3,2,2,2021-12-08 09:13:44
1638954829467633000,62.2,3,62.2,12,62.3,2,2,2021-12-08 09:13:49
1638954833737846000,62.2,5,62.2,7,62.3,14,2,2021-12-08 09:13:53
1638954834444865000,62.2,5,62.2,2,62.3,14,2,2021-12-08 09:13:54
1638954834791297000,62.2,1,62.2,1,62.3,14,2,2021-12-08 09:13:54
1638954837321528000,62.2,1,62.1,22,62.3,14,2,2021-12-08 09:13:57
1638954837459096000,62.3,3,62.1,22,62.3,11,1,2021-12-08 09:13:57
1638954839786418000,62.2,1,62.1,22,62.3,11,2,2021-12-08 09:13:59
1638954840053408000,62.1,5,62.1,17,62.3,11,2,2021-12-08 09:14:00
1638954842728599000,62.1,2,62.1,15,62.2,2,2,2021-12-08 09:14:02
1638954842958668000,62.1,2,62.1,13,62.2,2,2,2021-12-08 09:14:02
1638954844592874000,62.1,1,62.1,12,62.2,2,2,2021-12-08 09:14:04
1638954850141839000,62.1,1,62.1,11,62.2,2,2,2021-12-08 09:14:10
1638954850796229000,62.2,2,62.1,11,62.3,11,1,2021-12-08 09:14:10
1638954857028674000,62.3,1,62.2,1,62.3,10,1,2021-12-08 09:14:17
1638954857103767000,62.3,5,62.2,1,62.3,5,1,2021-12-08 09:14:17
1638954862800201000,62.3,5,62.2,4,62.4,8,1,2021-12-08 09:14:22
1638954867706142000,62.4,1,62.2,4,62.4,7,1,2021-12-08 09:14:27
1638954871936858000,62.4,5,62.2,4,62.4,2,1,2021-12-08 09:14:31
1638954875638001000,62.3,1,62.2,5,62.4,3,2,2021-12-08 09:14:35
1638954882928601000,62.3,1,62.2,6,62.4,3,1,2021-12-08 09:14:42
1638954886798887000,62.3,1,62.2,10,62.4,3,1,2021-12-08 09:14:46
1638954892972140000,62.4,2,62.3,5,62.4,1,1,2021-12-08 09:14:52
1638954895505850000,62.3,2,62.3,3,62.4,2,2,2021-12-08 09:14:55
1638954898726467000,62.4,1,62.3,18,62.4,1,1,2021-12-08 09:14:58
1638954900339241000,62.4,2,62.3,18,62.5,27,1,2021-12-08 09:15:00
1638954900339241000,62.5,1,62.3,18,62.5,27,1,2021-12-08 09:15:00
1638954903738866000,62.3,1,62.3,17,62.4,1,2,2021-12-08 09:15:03
1638954903983354000,62.4,1,62.3,17,62.5,27,1,2021-12-08 09:15:03
1638954905036953000,62.5,1,62.4,2,62.5,26,1,2021-12-08 09:15:05
1638954905306204000,62.5,1,62.4,2,62.5,25,1,2021-12-08 09:15:05
1638954909261473000,62.5,1,62.4,2,62.5,24,1,2021-12-08 09:15:09
1638954909637740000,62.5,3,62.4,2,62.5,21,1,2021-12-08 09:15:09
1638954909680049000,62.5,8,62.4,2,62.5,13,1,2021-12-08 09:15:09
1638954910581036000,62.5,2,62.4,2,62.5,11,1,2021-12-08 09:15:10
1638954910736085000,62.5,2,62.4,3,62.5,9,1,2021-12-08 09:15:10
1638954910905193000,62.5,9,62.4,3,62.6,35,1,2021-12-08 09:15:10
1638954910905193000,62.6,1,62.4,3,62.6,35,1,2021-12-08 09:15:10
1638954915203285000,62.5,2,62.4,2,62.5,2,2,2021-12-08 09:15:15
1638954917191076000,62.4,1,62.4,1,62.5,2,2,2021-12-08 09:15:17
1638954919128505000,62.5,1,62.4,1,62.5,1,1,2021-12-08 09:15:19
1638954921551537000,62.5,1,62.4,1,62.6,35,1,2021-12-08 09:15:21
1638954927797800000,62.5,1,62.4,1,62.5,2,1,2021-12-08 09:15:27
1638954929481083000,62.5,1,62.4,14,62.5,1,1,2021-12-08 09:15:29
1638954929512041000,62.5,1,62.4,14,62.6,35,1,2021-12-08 09:15:29
1638954930041741000,62.6,2,62.4,16,62.6,33,1,2021-12-08 09:15:30
1638954933080494000,62.6,1,62.4,16,62.6,32,1,2021-12-08 09:15:33
1638954937471555000,62.6,2,62.5,5,62.6,30,1,2021-12-08 09:15:37
1638954939179484000,62.5,1,62.5,4,62.6,30,2,2021-12-08 09:15:39
1638954940155804000,62.6,1,62.5,4,62.6,29,1,2021-12-08 09:15:40
1638954940967944000,62.5,1,62.5,3,62.6,29,2,2021-12-08 09:15:40
1638954941370901000,62.5,2,62.5,1,62.6,29,2,2021-12-08 09:15:41
1638954942456049000,62.6,1,62.5,2,62.6,28,1,2021-12-08 09:15:42
1638954947843041000,62.6,28,62.7,4,62.8,15,1,2021-12-08 09:15:47
1638954947843041000,62.7,18,62.7,4,62.8,15,1,2021-12-08 09:15:47
1638954948850776000,62.8,2,62.7,4,62.8,12,1,2021-12-08 09:15:48
1638954948880800000,62.8,1,62.7,4,62.8,11,1,2021-12-08 09:15:48
1638954949050477000,62.8,2,62.7,4,62.8,9,1,2021-12-08 09:15:49
1638954949076064000,62.8,6,62.7,4,62.8,3,1,2021-12-08 09:15:49
1638954949211164000,62.7,2,62.7,2,62.8,3,2,2021-12-08 09:15:49
1638954949807817000,62.8,1,62.7,2,62.8,2,1,2021-12-08 09:15:49
1638954949813982000,62.8,2,62.7,2,62.9,30,1,2021-12-08 09:15:49
1638954950229923000,62.9,2,62.8,2,62.9,28,1,2021-12-08 09:15:50
1638954950398023000,62.9,1,62.8,2,62.9,27,1,2021-12-08 09:15:50
1638954950463618000,62.9,2,62.8,2,62.9,25,1,2021-12-08 09:15:50
1638954950764296000,62.9,1,62.8,2,62.9,24,1,2021-12-08 09:15:50
1638954951404890000,62.9,1,62.8,2,62.9,23,1,2021-12-08 09:15:51
1638954951408228000,62.8,2,62.7,1,62.9,23,2,2021-12-08 09:15:51
1638954951408228000,62.7,2,62.7,1,62.9,23,2,2021-12-08 09:15:51
1638954951627806000,62.9,2,62.7,1,62.9,21,1,2021-12-08 09:15:51
1638954952802228000,62.9,1,62.7,1,62.9,20,1,2021-12-08 09:15:52
1638954952922111000,62.9,1,62.7,1,62.9,19,1,2021-12-08 09:15:52
1638954953099407000,62.9,1,62.7,1,62.9,18,1,2021-12-08 09:15:53
1638954953632794000,62.9,1,62.7,1,62.9,17,1,2021-12-08 09:15:53
1638954953808179000,62.9,1,62.7,1,62.9,16,1,2021-12-08 09:15:53
1638954955263496000,62.9,1,62.7,1,62.9,15,1,2021-12-08 09:15:55
1638954955748920000,62.9,1,62.7,1,62.9,14,1,2021-12-08 09:15:55
1638954957918006000,62.9,1,62.7,1,62.9,14,1,2021-12-08 09:15:57
1638954958518647000,62.9,2,62.7,1,62.9,12,1,2021-12-08 09:15:58
1638954958548555000,62.9,3,62.7,1,62.9,9,1,2021-12-08 09:15:58
1638954958579321000,62.9,1,62.7,1,62.9,8,1,2021-12-08 09:15:58
1638954958609891000,62.9,4,62.7,1,62.9,4,1,2021-12-08 09:15:58
1638954958659106000,62.9,1,62.7,1,62.9,3,1,2021-12-08 09:15:58
1638954958681854000,62.9,3,62.7,1,63.0,71,1,2021-12-08 09:15:58
1638954959845546000,63.0,1,62.7,1,63.0,70,1,2021-12-08 09:15:59
1638954960078012000,63.0,1,62.7,4,63.0,69,1,2021-12-08 09:16:00
1638954962230262000,62.9,1,62.7,4,62.9,15,2,2021-12-08 09:16:02
1638954965876111000,62.9,2,62.7,6,62.9,16,1,2021-12-08 09:16:05
1638954966356644000,62.9,2,62.7,6,62.9,14,1,2021-12-08 09:16:06
1638954967507157000,62.9,1,62.7,6,62.9,14,1,2021-12-08 09:16:07
1638954968990605000,62.9,1,62.7,6,62.9,13,1,2021-12-08 09:16:08
1638954969008851000,62.9,1,62.7,6,62.9,12,1,2021-12-08 09:16:09
1638954970947546000,62.9,1,62.7,6,62.9,12,1,2021-12-08 09:16:10
1638954972388618000,62.8,2,62.7,6,63.0,14,2,2021-12-08 09:16:12
1638954972388618000,62.9,12,62.7,6,63.0,14,1,2021-12-08 09:16:12
1638954972388618000,63.0,56,62.7,6,63.0,14,1,2021-12-08 09:16:12
1638954975090740000,62.9,2,62.7,6,63.0,14,2,2021-12-08 09:16:15
1638954975090740000,62.8,1,62.7,6,63.0,14,2,2021-12-08 09:16:15
1638954975690216000,63.0,1,62.7,6,63.0,13,1,2021-12-08 09:16:15
1638954977073479000,62.9,2,62.7,4,63.0,13,2,2021-12-08 09:16:17
1638954977073479000,62.7,2,62.7,4,63.0,13,2,2021-12-08 09:16:17
1638954977232869000,63.0,10,62.7,4,63.0,3,1,2021-12-08 09:16:17
1638954979566472000,62.9,2,62.8,5,63.0,3,2,2021-12-08 09:16:19
1638954980274424000,63.0,1,62.8,7,63.0,2,1,2021-12-08 09:16:20
1638954980677265000,62.9,1,62.8,6,63.0,3,2,2021-12-08 09:16:20
1638954980677265000,62.8,1,62.8,6,63.0,3,2,2021-12-08 09:16:20
1638954980693552000,63.0,1,62.8,6,63.0,2,1,2021-12-08 09:16:20
1638954981328051000,63.0,1,62.8,6,63.0,1,1,2021-12-08 09:16:21
1638954982101662000,62.8,2,62.8,3,63.0,1,2,2021-12-08 09:16:22
1638954982376755000,62.8,3,62.7,5,62.8,2,2,2021-12-08 09:16:22
1638954983474454000,62.8,2,62.7,5,63.0,9,1,2021-12-08 09:16:23
1638954983474454000,63.0,1,62.7,5,63.0,9,1,2021-12-08 09:16:23
1638954984991243000,63.0,1,62.7,5,63.0,13,1,2021-12-08 09:16:24
1638954985607654000,62.9,1,62.8,1,62.9,5,2,2021-12-08 09:16:25
1638954988242865000,62.9,5,62.8,4,63.0,14,1,2021-12-08 09:16:28
1638954989472144000,62.9,1,62.8,4,63.0,13,1,2021-12-08 09:16:29
1638954989472144000,63.0,1,62.8,4,63.0,13,1,2021-12-08 09:16:29
1638954990600703000,62.8,2,62.8,4,62.9,11,2,2021-12-08 09:16:30
1638954991827046000,62.8,2,62.8,3,62.9,12,2,2021-12-08 09:16:31
1638954991907311000,62.8,1,62.8,2,62.9,12,2,2021-12-08 09:16:31
1638954992350153000,62.9,5,62.8,2,62.9,7,1,2021-12-08 09:16:32
1638954993937452000,62.9,1,62.8,2,62.9,7,1,2021-12-08 09:16:33
1638954994136653000,62.8,1,62.8,1,62.9,7,2,2021-12-08 09:16:34
1638954995779502000,62.8,1,62.7,7,62.8,1,2,2021-12-08 09:16:35
1638954997208368000,62.8,1,62.7,7,62.8,1,1,2021-12-08 09:16:37
1638954997495205000,62.8,1,62.7,7,63.0,5,1,2021-12-08 09:16:37
1638954997495205000,62.9,9,62.7,7,63.0,5,1,2021-12-08 09:16:37
1638954997495205000,63.0,20,62.7,7,63.0,5,1,2021-12-08 09:16:37
1638955001606673000,62.8,2,62.8,2,63.0,5,2,2021-12-08 09:16:41
1638955004461094000,63.0,1,62.8,3,63.0,5,1,2021-12-08 09:16:44
1638955007145909000,62.9,2,62.8,15,62.9,1,2,2021-12-08 09:16:47
1638955007709527000,62.9,1,62.8,15,63.0,5,1,2021-12-08 09:16:47
1638955008024533000,63.0,1,62.8,16,63.0,4,1,2021-12-08 09:16:48
1638955010697569000,62.9,2,62.8,14,63.0,24,2,2021-12-08 09:16:50
1638955010697569000,62.8,3,62.8,14,63.0,24,2,2021-12-08 09:16:50
1638955021252525000,62.8,1,62.8,16,62.9,3,2,2021-12-08 09:17:01
1638955021617119000,62.8,4,62.8,12,62.9,3,2,2021-12-08 09:17:01
1638955022989586000,62.8,1,62.8,11,62.9,3,2,2021-12-08 09:17:02
1638955024247871000,62.9,3,62.8,11,63.0,10,1,2021-12-08 09:17:04
1638955024247871000,63.0,17,62.8,11,63.0,10,1,2021-12-08 09:17:04
1638955025128548000,62.8,1,62.8,10,63.0,10,2,2021-12-08 09:17:05
1638955030202058000,62.9,1,62.9,1,63.0,20,1,2021-12-08 09:17:10
1638955032473052000,62.9,2,62.8,19,63.0,21,2,2021-12-08 09:17:12
1638955034687872000,62.9,1,62.9,5,63.0,21,2,2021-12-08 09:17:14
1638955041191101000,62.9,2,62.9,3,63.0,25,2,2021-12-08 09:17:21
1638955043802532000,63.0,3,62.9,3,63.0,22,1,2021-12-08 09:17:23
1638955044249121000,63.0,1,62.9,3,63.0,21,1,2021-12-08 09:17:24
1638955044596931000,62.9,3,62.8,19,62.9,1,2,2021-12-08 09:17:24
1638955047587743000,62.9,2,62.8,19,62.9,1,1,2021-12-08 09:17:27
1638955048045352000,62.9,1,62.8,19,63.0,21,1,2021-12-08 09:17:28
1638955050237662000,63.0,5,62.9,3,63.0,16,1,2021-12-08 09:17:30
1638955052095559000,63.0,2,62.9,4,63.0,17,1,2021-12-08 09:17:32
1638955052874484000,62.9,1,62.9,3,63.0,17,2,2021-12-08 09:17:32
1638955053678800000,63.0,1,62.9,3,63.0,16,1,2021-12-08 09:17:33
1638955054150490000,63.0,1,62.9,3,63.0,15,1,2021-12-08 09:17:34
1638955054386754000,63.0,2,62.9,3,63.0,13,1,2021-12-08 09:17:34
1638955055685656000,62.9,1,62.9,2,63.0,13,2,2021-12-08 09:17:35
1638955057131840000,63.0,1,62.9,2,63.0,12,1,2021-12-08 09:17:37
1638955058844072000,63.0,2,62.9,3,63.0,10,1,2021-12-08 09:17:38
1638955061959576000,63.0,10,62.9,10,63.1,11,1,2021-12-08 09:17:41
1638955063078065000,63.1,1,63.0,1,63.1,10,1,2021-12-08 09:17:43
1638955063169327000,63.0,1,62.9,10,63.1,10,2,2021-12-08 09:17:43
1638955063764513000,63.1,1,62.9,10,63.1,9,1,2021-12-08 09:17:43
1638955065366669000,63.1,1,63.0,3,63.1,8,1,2021-12-08 09:17:45
1638955066432522000,63.1,1,63.0,8,63.1,7,1,2021-12-08 09:17:46
1638955071497047000,63.1,1,63.0,11,63.1,16,1,2021-12-08 09:17:51
1638955072428961000,63.1,3,63.0,32,63.1,13,1,2021-12-08 09:17:52
1638955073432086000,63.1,10,63.0,34,63.1,4,1,2021-12-08 09:17:53
1638955074036540000,63.1,1,63.0,34,63.1,3,1,2021-12-08 09:17:54
1638955074171486000,63.1,2,63.0,34,63.1,1,1,2021-12-08 09:17:54
1638955074279338000,63.1,1,63.0,34,63.2,25,1,2021-12-08 09:17:54
1638955074415654000,63.2,2,63.0,34,63.2,23,1,2021-12-08 09:17:54
1638955074904861000,63.2,1,63.1,2,63.2,22,1,2021-12-08 09:17:54
1638955074912793000,63.2,1,63.1,2,63.2,21,1,2021-12-08 09:17:54
1638955075018975000,63.2,5,63.1,2,63.2,16,1,2021-12-08 09:17:55
1638955075161523000,63.2,2,63.1,2,63.2,14,1,2021-12-08 09:17:55
1638955076538091000,63.1,1,63.1,1,63.2,14,2,2021-12-08 09:17:56
1638955078186951000,63.2,1,63.1,2,63.2,13,1,2021-12-08 09:17:58
1638955078843457000,63.2,2,63.1,2,63.2,12,1,2021-12-08 09:17:58
1638955079190531000,63.2,2,63.1,2,63.2,10,1,2021-12-08 09:17:59
1638955079960347000,63.2,5,63.1,2,63.2,5,1,2021-12-08 09:17:59
1638955080087193000,63.1,1,63.1,1,63.2,5,2,2021-12-08 09:18:00
1638955080372190000,63.2,4,63.1,6,63.2,1,1,2021-12-08 09:18:00
1638955081560835000,63.2,1,63.1,6,63.3,48,1,2021-12-08 09:18:01
1638955081820512000,63.3,1,63.1,10,63.3,47,1,2021-12-08 09:18:01
1638955081960918000,63.3,2,63.1,10,63.3,45,1,2021-12-08 09:18:01
1638955082525740000,63.2,2,63.2,4,63.3,45,2,2021-12-08 09:18:02
1638955085199898000,63.3,2,63.2,6,63.3,43,1,2021-12-08 09:18:05
1638955087231756000,63.3,1,63.2,6,63.3,42,1,2021-12-08 09:18:07
1638955087257884000,63.3,1,63.2,6,63.3,41,1,2021-12-08 09:18:07
1638955087292338000,63.2,1,63.2,5,63.3,41,2,2021-12-08 09:18:07
1638955088277279000,63.2,5,63.1,8,63.2,5,2,2021-12-08 09:18:08
1638955088946042000,63.2,1,63.1,8,63.2,4,1,2021-12-08 09:18:08
1638955091664332000,63.2,1,63.1,8,63.2,4,1,2021-12-08 09:18:11
1638955094028406000,63.1,1,63.1,11,63.2,10,2,2021-12-08 09:18:14
1638955094072482000,63.1,2,63.1,9,63.2,10,2,2021-12-08 09:18:14
1638955095819304000,63.1,1,63.1,8,63.2,11,2,2021-12-08 09:18:15
1638955096554002000,63.2,2,63.1,8,63.2,10,1,2021-12-08 09:18:16
1638955096675885000,63.2,1,63.1,8,63.2,9,1,2021-12-08 09:18:16
1638955097494734000,63.2,1,63.1,8,63.2,9,1,2021-12-08 09:18:17
1638955097681823000,63.1,2,63.1,6,63.2,20,2,2021-12-08 09:18:17
1638955098339706000,63.1,1,63.1,5,63.2,21,2,2021-12-08 09:18:18
1638955098621799000,63.2,3,63.1,5,63.2,18,1,2021-12-08 09:18:18
1638955099230645000,63.1,5,63.0,12,63.2,18,2,2021-12-08 09:18:19
1638955099230645000,63.0,25,63.0,12,63.2,18,2,2021-12-08 09:18:19
1638955099506695000,63.0,1,63.0,11,63.2,18,2,2021-12-08 09:18:19
1638955100266302000,63.0,8,63.0,4,63.1,12,2,2021-12-08 09:18:20
1638955101312502000,63.0,1,63.0,3,63.1,13,2,2021-12-08 09:18:21
1638955101500168000,63.0,1,63.0,2,63.1,13,2,2021-12-08 09:18:21
1638955103598518000,63.1,2,63.0,3,63.1,12,1,2021-12-08 09:18:23
1638955103743343000,63.0,2,63.0,1,63.1,12,2,2021-12-08 09:18:23
1638955104855213000,63.0,1,62.9,48,63.1,12,2,2021-12-08 09:18:24
1638955105425718000,63.1,2,63.0,1,63.1,10,1,2021-12-08 09:18:25
1638955106162615000,63.0,1,62.9,48,63.0,1,2,2021-12-08 09:18:26
1638955106636357000,63.0,1,62.9,48,63.0,1,1,2021-12-08 09:18:26
1638955108835077000,63.0,4,62.9,48,63.0,1,1,2021-12-08 09:18:28
1638955109173407000,63.0,1,62.9,48,63.1,13,1,2021-12-08 09:18:29
1638955110583818000,62.9,1,62.9,47,63.1,12,2,2021-12-08 09:18:30
1638955113197961000,62.9,2,62.9,15,63.0,3,2,2021-12-08 09:18:33
1638955113455946000,62.9,2,62.9,13,63.0,3,2,2021-12-08 09:18:33
1638955113808633000,62.9,2,62.9,11,63.0,3,2,2021-12-08 09:18:33
1638955114366131000,62.9,8,62.9,3,63.0,3,2,2021-12-08 09:18:34
1638955114391148000,62.9,2,62.8,30,63.0,3,2,2021-12-08 09:18:34
1638955114391406000,62.9,1,62.8,30,63.0,3,2,2021-12-08 09:18:34
1638955114619367000,62.8,1,62.8,29,63.0,3,2,2021-12-08 09:18:34
1638955115259843000,62.9,1,62.8,29,63.0,7,1,2021-12-08 09:18:35
1638955115507636000,62.8,2,62.8,27,63.0,7,2,2021-12-08 09:18:35
1638955115580657000,62.8,1,62.8,26,63.0,7,2,2021-12-08 09:18:35
1638955117854625000,63.0,2,62.8,26,63.0,5,1,2021-12-08 09:18:37
1638955117855513000,63.0,2,62.8,26,63.0,3,1,2021-12-08 09:18:37
1638955118581592000,62.8,1,62.8,25,63.0,3,2,2021-12-08 09:18:38
1638955120739995000,63.0,2,62.8,15,63.0,1,1,2021-12-08 09:18:40
1638955123454920000,62.9,1,62.9,2,63.0,1,2,2021-12-08 09:18:43
1638955128182197000,63.0,1,62.9,2,63.0,1,1,2021-12-08 09:18:48
1638955136229815000,63.0,1,62.9,3,63.0,3,1,2021-12-08 09:18:56
1638955140033444000,63.0,1,62.9,4,63.0,2,1,2021-12-08 09:19:00
1638955141715477000,63.0,2,62.9,4,63.2,21,1,2021-12-08 09:19:01
1638955141715477000,63.1,3,62.9,4,63.2,21,1,2021-12-08 09:19:01
1638955143301243000,62.9,1,62.9,3,63.0,1,2,2021-12-08 09:19:03
1638955148492355000,63.0,1,62.9,4,63.1,2,1,2021-12-08 09:19:08
1638955151778325000,63.0,1,62.9,5,63.1,2,2,2021-12-08 09:19:11
1638955155387549000,63.1,2,63.0,1,63.2,13,1,2021-12-08 09:19:15
1638955155387549000,63.2,8,63.0,1,63.2,13,1,2021-12-08 09:19:15
1638955159184931000,63.2,1,63.0,3,63.2,12,1,2021-12-08 09:19:19
1638955162060916000,63.1,1,63.0,3,63.2,12,2,2021-12-08 09:19:22
1638955163031867000,63.2,1,63.0,4,63.2,11,1,2021-12-08 09:19:23
1638955164851863000,63.2,2,63.1,1,63.2,9,1,2021-12-08 09:19:24
1638955166169131000,63.2,9,63.2,1,63.3,31,1,2021-12-08 09:19:26
1638955168002700000,63.3,5,63.2,5,63.3,26,1,2021-12-08 09:19:28
1638955168042700000,63.3,9,63.2,5,63.3,17,1,2021-12-08 09:19:28
1638955168073451000,63.3,17,63.2,5,63.4,38,1,2021-12-08 09:19:28
1638955168225932000,63.4,1,63.2,5,63.4,37,1,2021-12-08 09:19:28
1638955168687169000,63.4,20,63.3,1,63.4,17,1,2021-12-08 09:19:28
1638955168718638000,63.4,1,63.3,1,63.4,16,1,2021-12-08 09:19:28
1638955168720994000,63.4,5,63.3,1,63.4,11,1,2021-12-08 09:19:28
1638955168743420000,63.4,2,63.3,1,63.4,9,1,2021-12-08 09:19:28
1638955168753124000,63.4,1,63.3,1,63.4,8,1,2021-12-08 09:19:28
1638955168766681000,63.4,5,63.3,1,63.4,3,1,2021-12-08 09:19:28
1638955168778515000,63.4,3,63.3,1,63.5,43,1,2021-12-08 09:19:28
1638955168784047000,63.5,1,63.3,1,63.5,42,1,2021-12-08 09:19:28
1638955168859840000,63.5,1,63.3,1,63.5,41,1,2021-12-08 09:19:28
1638955169059788000,63.5,1,63.4,2,63.5,40,1,2021-12-08 09:19:29
1638955169366648000,63.5,1,63.4,2,63.5,39,1,2021-12-08 09:19:29
1638955169445336000,63.5,1,63.4,5,63.5,38,1,2021-12-08 09:19:29
1638955169523486000,63.5,2,63.4,5,63.5,36,1,2021-12-08 09:19:29
1638955169653756000,63.5,1,63.4,5,63.5,35,1,2021-12-08 09:19:29
1638955169679639000,63.5,2,63.4,5,63.5,33,1,2021-12-08 09:19:29
1638955169742227000,63.5,20,63.4,5,63.5,13,1,2021-12-08 09:19:29
1638955169766761000,63.5,1,63.4,5,63.5,12,1,2021-12-08 09:19:29
1638955169769651000,63.5,9,63.4,5,63.5,3,1,2021-12-08 09:19:29
1638955169800519000,63.5,3,63.4,5,63.6,11,1,2021-12-08 09:19:29
1638955169868183000,63.5,3,63.4,5,63.6,11,2,2021-12-08 09:19:29
1638955169868183000,63.4,2,63.4,5,63.6,11,2,2021-12-08 09:19:29
1638955170028508000,63.6,2,63.4,5,63.6,9,1,2021-12-08 09:19:30
1638955170071969000,63.6,1,63.4,5,63.6,8,1,2021-12-08 09:19:30
1638955170269874000,63.6,1,63.4,5,63.6,7,1,2021-12-08 09:19:30
1638955170441948000,63.6,1,63.4,5,63.6,6,1,2021-12-08 09:19:30
1638955170557112000,63.6,2,63.4,5,63.6,4,1,2021-12-08 09:19:30
1638955170920228000,63.6,2,63.4,25,63.6,2,1,2021-12-08 09:19:30
1638955171047048000,63.4,4,63.4,21,63.6,2,2,2021-12-08 09:19:31
1638955171728447000,63.6,2,63.4,20,63.7,7,1,2021-12-08 09:19:31
1638955171728447000,63.7,4,63.4,20,63.7,7,1,2021-12-08 09:19:31
1638955172011178000,63.7,1,63.1,1,63.7,6,1,2021-12-08 09:19:32
1638955173231424000,63.4,2,63.1,2,63.7,9,2,2021-12-08 09:19:33
1638955173956765000,63.7,1,63.4,2,63.7,8,1,2021-12-08 09:19:33
1638955174555863000,63.4,2,63.3,2,63.6,10,2,2021-12-08 09:19:34
1638955177250501000,63.5,2,63.4,1,63.6,10,1,2021-12-08 09:19:37
1638955177550469000,63.4,1,63.1,2,63.2,1,2,2021-12-08 09:19:37
1638955177550469000,63.3,2,63.1,2,63.2,1,2,2021-12-08 09:19:37
1638955177623748000,63.2,1,63.5,19,63.6,10,2,2021-12-08 09:19:37
1638955177654458000,63.5,2,63.5,17,63.6,10,1,2021-12-08 09:19:37
1638955177655178000,63.5,13,63.5,4,63.6,10,2,2021-12-08 09:19:37
1638955177683730000,63.5,1,63.5,3,63.6,10,2,2021-12-08 09:19:37
1638955177687600000,63.5,3,63.1,2,63.6,10,2,2021-12-08 09:19:37
1638955178496130000,63.6,1,63.4,2,63.6,9,1,2021-12-08 09:19:38
1638955179087909000,63.5,2,63.4,2,63.5,8,2,2021-12-08 09:19:39
1638955179111109000,63.5,2,63.4,2,63.5,6,1,2021-12-08 09:19:39
1638955179742479000,63.4,2,63.3,1,63.5,7,2,2021-12-08 09:19:39
1638955179770874000,63.3,1,63.1,2,63.2,4,2,2021-12-08 09:19:39
1638955179770874000,63.2,2,63.1,2,63.2,4,2,2021-12-08 09:19:39
1638955179809217000,63.2,1,63.1,2,63.2,3,1,2021-12-08 09:19:39
1638955179880007000,63.2,1,63.1,2,63.2,2,1,2021-12-08 09:19:39
1638955179919754000,63.2,1,63.1,2,63.5,7,1,2021-12-08 09:19:39
1638955179919843000,63.2,1,63.1,2,63.5,7,1,2021-12-08 09:19:39
1638955179985327000,63.4,1,63.2,3,63.5,4,1,2021-12-08 09:19:39
1638955179985327000,63.5,3,63.2,3,63.5,4,1,2021-12-08 09:19:39
1638955180884954000,63.4,5,63.2,1,63.5,3,2,2021-12-08 09:19:40
1638955180884954000,63.5,3,63.2,1,63.5,3,1,2021-12-08 09:19:40
1638955180943236000,63.5,3,63.2,3,63.6,6,1,2021-12-08 09:19:40
1638955180943236000,63.6,2,63.2,3,63.6,6,1,2021-12-08 09:19:40
1638955181854687000,63.5,1,63.2,2,63.6,6,2,2021-12-08 09:19:41
1638955182898898000,63.5,1,63.3,3,63.6,5,1,2021-12-08 09:19:42
1638955182898898000,63.6,1,63.3,3,63.6,5,1,2021-12-08 09:19:42
1638955185851558000,63.5,1,63.3,2,63.6,14,2,2021-12-08 09:19:45
1638955185851815000,63.5,1,63.3,2,63.6,14,1,2021-12-08 09:19:45
1638955185851815000,63.6,4,63.3,2,63.6,14,1,2021-12-08 09:19:45
1638955186574891000,63.6,1,63.3,2,63.6,13,1,2021-12-08 09:19:46
1638955188376891000,63.3,7,63.2,3,63.3,3,2,2021-12-08 09:19:48
1638955188808636000,63.3,1,63.2,3,63.3,2,1,2021-12-08 09:19:48
1638955189167035000,63.3,1,63.2,3,63.3,1,1,2021-12-08 09:19:49
1638955189268993000,63.3,1,63.2,3,63.6,15,1,2021-12-08 09:19:49
1638955189590489000,63.5,2,63.2,3,63.5,2,1,2021-12-08 09:19:49
1638955191156848000,63.4,1,63.3,1,63.4,1,2,2021-12-08 09:19:51
1638955196027122000,63.4,1,63.3,1,63.4,1,1,2021-12-08 09:19:56
1638955198356356000,63.4,1,63.3,2,63.8,16,1,2021-12-08 09:19:58
1638955198356356000,63.5,10,63.3,2,63.8,16,1,2021-12-08 09:19:58
1638955198356356000,63.6,19,63.3,2,63.8,16,1,2021-12-08 09:19:58
1638955198356356000,63.7,7,63.3,2,63.8,16,1,2021-12-08 09:19:58
1638955198356356000,63.8,13,63.3,2,63.8,16,1,2021-12-08 09:19:58
1638955198525739000,63.8,9,63.4,1,63.8,7,1,2021-12-08 09:19:58
1638955200441816000,63.7,1,63.5,3,63.8,17,2,2021-12-08 09:20:00
1638955200515573000,63.5,2,63.5,1,63.8,17,2,2021-12-08 09:20:00
1638955201687444000,63.8,1,63.5,1,63.8,17,1,2021-12-08 09:20:01
1638955201698935000,63.5,1,63.4,2,63.8,17,2,2021-12-08 09:20:01
1638955201753800000,63.8,17,63.4,2,64.0,22,1,2021-12-08 09:20:01
1638955201753800000,63.9,12,63.4,2,64.0,22,1,2021-12-08 09:20:01
1638955201753800000,64.0,71,63.4,2,64.0,22,1,2021-12-08 09:20:01
1638955201901354000,63.5,2,63.4,2,63.7,1,2,2021-12-08 09:20:01
1638955202356595000,63.7,1,63.4,3,63.9,10,1,2021-12-08 09:20:02
1638955202356595000,63.8,1,63.4,3,63.9,10,1,2021-12-08 09:20:02
1638955203234929000,63.5,2,63.5,1,63.9,10,2,2021-12-08 09:20:03
1638955203599388000,63.7,2,63.6,5,64.0,15,1,2021-12-08 09:20:03
1638955203599388000,63.8,1,63.6,5,64.0,15,1,2021-12-08 09:20:03
1638955203599388000,63.9,10,63.6,5,64.0,15,1,2021-12-08 09:20:03
1638955203599388000,64.0,7,63.6,5,64.0,15,1,2021-12-08 09:20:03
1638955204453208000,63.7,3,63.6,4,64.0,15,2,2021-12-08 09:20:04
1638955204453208000,63.6,3,63.6,4,64.0,15,2,2021-12-08 09:20:04
1638955204602927000,63.9,1,63.6,4,64.0,15,1,2021-12-08 09:20:04
1638955205783026000,63.8,1,63.7,2,64.2,16,2,2021-12-08 09:20:05
1638955205783026000,63.9,1,63.7,2,64.2,16,1,2021-12-08 09:20:05
1638955205783026000,64.0,15,63.7,2,64.2,16,1,2021-12-08 09:20:05
1638955205783026000,64.1,22,63.7,2,64.2,16,1,2021-12-08 09:20:05
1638955205783026000,64.2,61,63.7,2,64.2,16,1,2021-12-08 09:20:05
1638955205835717000,64.2,4,63.8,3,64.2,12,1,2021-12-08 09:20:05
1638955205891871000,64.2,10,63.9,1,64.2,2,1,2021-12-08 09:20:05
1638955205926315000,64.2,2,63.9,3,64.3,5,1,2021-12-08 09:20:05
1638955206037540000,64.3,1,63.9,3,64.3,4,1,2021-12-08 09:20:06
1638955206272922000,64.3,1,63.9,4,64.3,3,1,2021-12-08 09:20:06
1638955206367418000,64.3,1,64.0,2,64.3,2,1,2021-12-08 09:20:06
1638955206398781000,64.3,2,64.0,2,64.4,2,1,2021-12-08 09:20:06
1638955206768985000,64.1,4,64.0,4,64.4,2,2,2021-12-08 09:20:06
1638955206768985000,64.0,1,64.0,4,64.4,2,2,2021-12-08 09:20:06
1638955206970248000,64.3,1,64.0,4,64.4,2,1,2021-12-08 09:20:06
1638955208089776000,64.2,2,64.2,1,64.4,2,2,2021-12-08 09:20:08
1638955208108839000,64.4,1,64.2,1,64.4,1,1,2021-12-08 09:20:08
1638955208123070000,64.2,1,64.0,8,64.4,1,2,2021-12-08 09:20:08
1638955208721389000,64.2,1,64.2,1,64.4,1,2,2021-12-08 09:20:08
1638955208995005000,64.4,2,64.2,1,64.5,18,1,2021-12-08 09:20:08
1638955208995005000,64.5,8,64.2,1,64.5,18,1,2021-12-08 09:20:08
1638955209060496000,64.5,2,64.2,1,64.5,16,1,2021-12-08 09:20:09
1638955209193271000,64.5,1,64.2,2,64.5,15,1,2021-12-08 09:20:09
1638955209479391000,64.5,2,64.2,2,64.5,13,1,2021-12-08 09:20:09
1638955209916784000,64.3,6,64.1,2,64.4,1,2,2021-12-08 09:20:09
1638955209916784000,64.2,2,64.1,2,64.4,1,2,2021-12-08 09:20:09
1638955209916784000,64.1,5,64.1,2,64.4,1,2,2021-12-08 09:20:09
1638955210158224000,64.2,2,64.1,1,64.3,16,1,2021-12-08 09:20:10
1638955210271043000,64.1,1,64.0,7,64.3,16,2,2021-12-08 09:20:10
1638955210278633000,64.3,2,64.0,7,64.3,14,1,2021-12-08 09:20:10
