ts,close,volume,bid_price,bid_volume,ask_price,ask_volume,tick_type,datetime
1652778132569192000,28.1,1768,28.1,17,28.15,53,1,2022-05-17 09:02:12
1652778132603943000,28.15,36,28.1,17,28.15,17,1,2022-05-17 09:02:12
1652778132627167000,28.15,17,28.1,17,28.2,16,1,2022-05-17 09:02:12
1652778132644095000,28.1,5,28.1,12,28.2,16,2,2022-05-17 09:02:12
1652778132648432000,28.1,12,28.0,94,28.2,16,2,2022-05-17 09:02:12
1652778132648432000,28.05,4,28.0,94,28.2,16,2,2022-05-17 09:02:12
1652778132648432000,28.0,12,28.0,94,28.2,16,2,2022-05-17 09:02:12
1652778132691534000,28.15,1,28.1,5,28.2,7,1,2022-05-17 09:02:12
1652778132691534000,28.2,9,28.1,5,28.2,7,1,2022-05-17 09:02:12
1652778132764639000,28.1,5,28.0,94,28.1,18,2,2022-05-17 09:02:12
1652778133020947000,28.1,1,28.0,94,28.1,19,1,2022-05-17 09:02:13
1652778133149221000,28.1,19,28.0,94,28.2,7,1,2022-05-17 09:02:13
1652778133436991000,28.1,1,28.0,88,28.2,7,2,2022-05-17 09:02:13
1652778133436991000,28.0,6,28.0,88,28.2,7,2,2022-05-17 09:02:13
1652778133521931000,28.15,1,28.0,88,28.2,7,1,2022-05-17 09:02:13
1652778133661077000,28.05,5,28.0,77,28.2,7,2,2022-05-17 09:02:13
1652778133661077000,28.0,11,28.0,77,28.2,7,2,2022-05-17 09:02:13
1652778133905088000,28.15,1,28.1,7,28.2,3,1,2022-05-17 09:02:13
1652778133905088000,28.2,4,28.1,7,28.2,3,1,2022-05-17 09:02:13
1652778134139511000,28.2,3,28.1,21,28.25,35,1,2022-05-17 09:02:14
1652778134236362000,28.1,2,28.1,19,28.25,35,2,2022-05-17 09:02:14
1652778134748004000,28.2,1,28.05,31,28.25,35,2,2022-05-17 09:02:14
1652778134748004000,28.15,36,28.05,31,28.25,35,2,2022-05-17 09:02:14
1652778134748004000,28.1,19,28.05,31,28.25,35,2,2022-05-17 09:02:14
1652778134748004000,28.05,15,28.05,31,28.25,35,2,2022-05-17 09:02:14
1652778134830901000,28.2,1,28.15,20,28.25,35,1,2022-05-17 09:02:14
1652778134884281000,28.2,1,28.2,6,28.25,35,2,2022-05-17 09:02:14
1652778134912523000,28.25,15,28.2,6,28.25,20,1,2022-05-17 09:02:14
1652778134939442000,28.25,15,28.2,6,28.25,5,1,2022-05-17 09:02:14
1652778135006768000,28.25,5,28.2,6,28.3,11,1,2022-05-17 09:02:15
1652778135006768000,28.3,5,28.2,6,28.3,11,1,2022-05-17 09:02:15
1652778135142617000,28.3,2,28.2,33,28.3,9,1,2022-05-17 09:02:15
1652778135151419000,28.3,1,28.25,2,28.3,8,1,2022-05-17 09:02:15
1652778135370669000,28.3,8,28.25,11,28.35,21,1,2022-05-17 09:02:15
1652778135370669000,28.35,2,28.25,11,28.35,21,1,2022-05-17 09:02:15
1652778135408110000,28.35,5,28.25,11,28.35,16,1,2022-05-17 09:02:15
1652778135422183000,28.25,11,28.25,7,28.35,16,2,2022-05-17 09:02:15
1652778135452615000,28.35,16,28.35,4,28.4,20,1,2022-05-17 09:02:15
1652778135552554000,28.4,1,28.35,4,28.4,19,1,2022-05-17 09:02:15
1652778135560605000,28.4,10,28.35,4,28.4,9,1,2022-05-17 09:02:15
1652778135597536000,28.4,4,28.35,4,28.4,5,1,2022-05-17 09:02:15
1652778135863782000,28.4,5,28.35,4,28.45,32,1,2022-05-17 09:02:15
1652778135863782000,28.45,5,28.35,4,28.45,32,1,2022-05-17 09:02:15
1652778135967956000,28.45,10,28.35,4,28.45,22,1,2022-05-17 09:02:15
1652778136067554000,28.45,1,28.4,10,28.45,21,1,2022-05-17 09:02:16
1652778136210372000,28.45,10,28.4,10,28.45,11,1,2022-05-17 09:02:16
1652778136239472000,28.45,5,28.4,10,28.45,6,1,2022-05-17 09:02:16
1652778136410467000,28.4,10,28.3,18,28.35,39,2,2022-05-17 09:02:16
1652778136410467000,28.35,6,28.3,18,28.35,39,2,2022-05-17 09:02:16
1652778136554114000,28.35,10,28.3,18,28.35,29,1,2022-05-17 09:02:16
1652778136606836000,28.35,5,28.3,17,28.35,24,1,2022-05-17 09:02:16
1652778136626487000,28.35,7,28.3,17,28.35,17,1,2022-05-17 09:02:16
1652778136661011000,28.35,3,28.3,17,28.35,14,1,2022-05-17 09:02:16
1652778136679366000,28.35,1,28.3,17,28.35,13,1,2022-05-17 09:02:16
1652778136680132000,28.35,5,28.3,17,28.35,8,1,2022-05-17 09:02:16
1652778136759161000,28.35,2,28.3,17,28.35,6,1,2022-05-17 09:02:16
1652778136761453000,28.35,2,28.3,17,28.35,4,1,2022-05-17 09:02:16
1652778136858712000,28.35,4,28.3,17,28.4,1,1,2022-05-17 09:02:16
1652778136943187000,28.35,1,28.3,17,28.45,9,1,2022-05-17 09:02:16
1652778136943187000,28.4,1,28.3,17,28.45,9,1,2022-05-17 09:02:16
1652778137041314000,28.45,6,28.3,17,28.45,3,1,2022-05-17 09:02:17
1652778137058096000,28.45,1,28.3,17,28.45,2,1,2022-05-17 09:02:17
1652778138002656000,28.4,2,28.3,3,28.4,1,1,2022-05-17 09:02:18
1652778138051578000,28.4,1,28.3,3,28.45,18,1,2022-05-17 09:02:18
1652778138051578000,28.45,2,28.3,3,28.45,18,1,2022-05-17 09:02:18
1652778138309248000,28.45,1,28.35,1,28.45,17,1,2022-05-17 09:02:18
1652778138346312000,28.4,1,28.35,1,28.4,4,1,2022-05-17 09:02:18
1652778138594802000,28.4,4,28.35,1,28.45,17,1,2022-05-17 09:02:18
1652778138629621000,28.45,1,28.35,1,28.45,16,1,2022-05-17 09:02:18
1652778138687976000,28.45,1,28.35,1,28.45,15,1,2022-05-17 09:02:18
1652778138925237000,28.4,1,28.3,16,28.35,3,2,2022-05-17 09:02:18
1652778138925237000,28.35,1,28.3,16,28.35,3,2,2022-05-17 09:02:18
1652778138955503000,28.35,1,28.3,4,28.35,2,1,2022-05-17 09:02:18
1652778138982187000,28.3,1,28.3,3,28.35,2,2,2022-05-17 09:02:18
1652778139016492000,28.35,1,28.3,3,28.35,1,1,2022-05-17 09:02:19
1652778139144434000,28.35,1,28.35,3,28.4,5,1,2022-05-17 09:02:19
1652778139290662000,28.4,2,28.35,3,28.4,3,1,2022-05-17 09:02:19
1652778139343706000,28.35,1,28.35,2,28.4,3,2,2022-05-17 09:02:19
1652778139362722000,28.4,2,28.35,2,28.4,1,1,2022-05-17 09:02:19
1652778139389035000,28.4,1,28.35,2,28.45,11,1,2022-05-17 09:02:19
1652778139389035000,28.45,4,28.35,2,28.45,11,1,2022-05-17 09:02:19
1652778139529301000,28.35,1,28.35,1,28.45,11,2,2022-05-17 09:02:19
1652778139534264000,28.45,9,28.35,1,28.45,2,1,2022-05-17 09:02:19
1652778139545704000,28.45,1,28.35,1,28.45,1,1,2022-05-17 09:02:19
1652778140043641000,28.35,2,28.35,1,28.4,10,2,2022-05-17 09:02:20
1652778140081290000,28.35,1,28.3,3,28.4,10,2,2022-05-17 09:02:20
1652778140451615000,28.4,5,28.3,3,28.4,8,1,2022-05-17 09:02:20
1652778140468535000,28.4,3,28.3,3,28.4,5,1,2022-05-17 09:02:20
1652778140478333000,28.3,3,28.25,21,28.4,5,2,2022-05-17 09:02:20
1652778140613044000,28.35,1,28.25,21,28.4,5,1,2022-05-17 09:02:20
1652778140621262000,28.35,2,28.25,2,28.4,5,2,2022-05-17 09:02:20
1652778140621262000,28.25,19,28.25,2,28.4,5,2,2022-05-17 09:02:20
1652778140686860000,28.35,1,28.25,2,28.4,5,1,2022-05-17 09:02:20
1652778140751892000,28.3,1,28.25,2,28.3,19,1,2022-05-17 09:02:20
1652778140779933000,28.3,1,28.25,2,28.3,18,1,2022-05-17 09:02:20
1652778140798979000,28.3,1,28.25,2,28.3,17,1,2022-05-17 09:02:20
1652778140866517000,28.25,2,28.15,10,28.3,17,2,2022-05-17 09:02:20
1652778140879834000,28.3,1,28.15,10,28.3,16,1,2022-05-17 09:02:20
1652778140908772000,28.25,1,28.15,10,28.25,1,1,2022-05-17 09:02:20
1652778140956531000,28.15,7,28.15,3,28.25,1,2,2022-05-17 09:02:20
1652778140956622000,28.15,3,28.1,12,28.15,4,2,2022-05-17 09:02:20
1652778141135638000,28.15,1,28.1,12,28.15,3,1,2022-05-17 09:02:21
1652778141179443000,28.1,1,28.1,11,28.15,3,2,2022-05-17 09:02:21
1652778141338130000,28.15,1,28.1,11,28.15,2,1,2022-05-17 09:02:21
1652778141355181000,28.1,2,28.1,9,28.15,2,2,2022-05-17 09:02:21
1652778141398569000,28.1,9,28.05,7,28.1,1,2,2022-05-17 09:02:21
1652778141463656000,28.05,1,28.05,6,28.1,1,2,2022-05-17 09:02:21
1652778141599224000,28.1,1,28.05,6,28.15,1,1,2022-05-17 09:02:21
1652778141599224000,28.15,1,28.05,6,28.15,1,1,2022-05-17 09:02:21
1652778141601406000,28.15,1,28.05,6,28.2,7,1,2022-05-17 09:02:21
1652778141601406000,28.2,4,28.05,6,28.2,7,1,2022-05-17 09:02:21
1652778141626268000,28.05,6,28.0,57,28.2,7,2,2022-05-17 09:02:21
1652778141626268000,28.0,4,28.0,57,28.2,7,2,2022-05-17 09:02:21
1652778141694678000,28.15,1,28.05,2,28.15,11,1,2022-05-17 09:02:21
1652778141850344000,28.05,4,28.0,57,28.15,32,2,2022-05-17 09:02:21
1652778141981535000,28.15,1,28.0,57,28.15,31,1,2022-05-17 09:02:21
1652778142065436000,28.1,1,28.0,57,28.15,31,1,2022-05-17 09:02:22
1652778142085820000,28.15,1,28.0,57,28.15,30,1,2022-05-17 09:02:22
1652778142094969000,28.0,6,28.0,51,28.15,31,2,2022-05-17 09:02:22
1652778142142039000,28.15,1,28.0,51,28.15,30,1,2022-05-17 09:02:22
1652778142233551000,28.0,15,28.0,36,28.1,3,2,2022-05-17 09:02:22
1652778142240067000,28.1,3,28.0,36,28.15,28,1,2022-05-17 09:02:22
1652778142240067000,28.15,2,28.0,36,28.15,28,1,2022-05-17 09:02:22
1652778142242434000,28.15,1,28.0,36,28.15,27,1,2022-05-17 09:02:22
1652778142319813000,28.1,2,28.0,35,28.1,3,1,2022-05-17 09:02:22
1652778142503404000,28.05,1,28.0,36,28.1,2,1,2022-05-17 09:02:22
1652778142503404000,28.1,1,28.0,36,28.1,2,1,2022-05-17 09:02:22
1652778142538513000,28.1,2,28.0,36,28.15,31,1,2022-05-17 09:02:22
1652778142570887000,28.15,1,28.0,36,28.15,30,1,2022-05-17 09:02:22
1652778142646916000,28.0,1,28.0,35,28.1,10,2,2022-05-17 09:02:22
1652778142647883000,28.1,1,28.0,35,28.1,9,1,2022-05-17 09:02:22
1652778142737948000,28.05,2,28.0,35,28.05,8,1,2022-05-17 09:02:22
1652778142827916000,28.05,1,28.0,35,28.05,7,1,2022-05-17 09:02:22
1652778142839381000,28.0,1,28.0,35,28.05,7,2,2022-05-17 09:02:22
1652778142861525000,28.0,1,28.0,34,28.05,7,2,2022-05-17 09:02:22
1652778142891550000,28.05,1,28.0,34,28.05,6,1,2022-05-17 09:02:22
1652778142923400000,28.0,20,28.0,14,28.05,6,2,2022-05-17 09:02:22
1652778142957451000,28.0,14,27.95,3,28.05,6,2,2022-05-17 09:02:22
1652778142986622000,27.95,1,27.95,2,28.0,1,2,2022-05-17 09:02:22
1652778143309362000,27.95,2,27.9,25,28.0,29,2,2022-05-17 09:02:23
1652778143340739000,28.0,1,27.9,25,28.0,28,1,2022-05-17 09:02:23
1652778143492368000,28.0,2,27.9,25,28.0,26,1,2022-05-17 09:02:23
1652778143673739000,27.95,1,27.9,25,28.0,38,1,2022-05-17 09:02:23
1652778143673739000,28.0,1,27.9,25,28.0,38,1,2022-05-17 09:02:23
1652778143678557000,28.0,1,27.9,25,28.0,37,1,2022-05-17 09:02:23
1652778143733135000,28.0,1,27.9,25,28.0,36,1,2022-05-17 09:02:23
1652778143733319000,28.0,2,27.9,25,28.0,34,1,2022-05-17 09:02:23
1652778143739907000,28.0,1,27.9,25,28.0,33,1,2022-05-17 09:02:23
1652778143773037000,28.0,5,27.9,25,28.0,28,1,2022-05-17 09:02:23
1652778143830029000,28.0,1,27.9,25,28.0,27,1,2022-05-17 09:02:23
1652778143924268000,28.0,1,27.9,25,28.0,26,1,2022-05-17 09:02:23
1652778144227194000,27.95,1,27.9,25,27.95,9,1,2022-05-17 09:02:24
1652778144298150000,27.95,5,27.9,25,27.95,4,1,2022-05-17 09:02:24
1652778144311742000,27.95,4,27.9,25,28.0,24,1,2022-05-17 09:02:24
1652778144311742000,28.0,2,27.9,25,28.0,24,1,2022-05-17 09:02:24
1652778144331548000,27.9,2,27.9,23,28.0,24,2,2022-05-17 09:02:24
1652778144414746000,27.9,1,27.9,22,28.0,24,2,2022-05-17 09:02:24
1652778144425208000,28.0,2,27.9,22,28.0,22,1,2022-05-17 09:02:24
1652778144521434000,27.9,1,27.9,21,28.0,22,2,2022-05-17 09:02:24
1652778144711992000,27.95,1,27.95,4,28.0,22,2,2022-05-17 09:02:24
1652778144963010000,27.95,4,27.9,10,28.0,22,2,2022-05-17 09:02:24
1652778144963010000,27.9,11,27.9,10,28.0,22,2,2022-05-17 09:02:24
1652778144964722000,27.9,2,27.9,8,28.0,22,2,2022-05-17 09:02:24
1652778144989765000,27.9,8,27.85,41,27.9,7,2,2022-05-17 09:02:24
1652778145021387000,27.85,1,27.85,40,27.9,7,2,2022-05-17 09:02:25
1652778145039122000,27.85,1,27.85,39,27.9,7,2,2022-05-17 09:02:25
1652778145137444000,27.9,4,27.85,39,27.9,3,1,2022-05-17 09:02:25
1652778145201586000,27.9,1,27.85,39,27.9,2,1,2022-05-17 09:02:25
1652778145313715000,27.9,2,27.85,39,27.95,9,1,2022-05-17 09:02:25
1652778145358633000,27.85,1,27.85,38,27.95,9,2,2022-05-17 09:02:25
1652778145496891000,27.95,1,27.85,38,27.95,8,1,2022-05-17 09:02:25
1652778145617297000,27.95,1,27.85,38,27.95,7,1,2022-05-17 09:02:25
1652778145645930000,27.95,3,27.85,38,27.95,4,1,2022-05-17 09:02:25
1652778145927420000,27.9,1,27.85,38,27.95,1,1,2022-05-17 09:02:25
1652778145927420000,27.95,3,27.85,38,27.95,1,1,2022-05-17 09:02:25
1652778145935202000,27.95,1,27.85,38,28.0,21,1,2022-05-17 09:02:25
1652778145935202000,28.0,1,27.85,38,28.0,21,1,2022-05-17 09:02:25
1652778145988743000,27.9,1,27.85,38,28.0,21,1,2022-05-17 09:02:25
1652778146052391000,28.0,1,27.85,38,28.0,20,1,2022-05-17 09:02:26
1652778146136537000,28.0,5,27.85,38,28.0,15,1,2022-05-17 09:02:26
1652778146221831000,27.9,2,27.85,38,27.9,3,1,2022-05-17 09:02:26
1652778146274648000,27.85,1,27.85,37,27.9,3,2,2022-05-17 09:02:26
1652778146545022000,27.85,1,27.85,36,27.9,8,2,2022-05-17 09:02:26
1652778146636685000,27.85,3,27.85,33,27.9,11,2,2022-05-17 09:02:26
1652778146666651000,27.9,10,27.85,33,27.9,1,1,2022-05-17 09:02:26
1652778146699989000,27.85,1,27.85,32,27.9,1,2,2022-05-17 09:02:26
1652778146878346000,27.9,5,27.85,32,27.9,16,1,2022-05-17 09:02:26
1652778147414806000,27.9,1,27.85,32,27.9,22,1,2022-05-17 09:02:27
1652778147644939000,27.9,1,27.85,32,27.9,28,1,2022-05-17 09:02:27
1652778147706057000,27.9,2,27.85,32,27.9,26,1,2022-05-17 09:02:27
1652778147974590000,27.9,10,27.85,32,27.9,16,1,2022-05-17 09:02:27
1652778147983230000,27.9,1,27.85,32,27.9,15,1,2022-05-17 09:02:27
1652778148011882000,27.85,1,27.85,31,27.9,15,2,2022-05-17 09:02:28
1652778148022594000,27.85,1,27.85,30,27.9,15,2,2022-05-17 09:02:28
1652778148418303000,27.9,1,27.85,30,27.9,14,1,2022-05-17 09:02:28
1652778148571583000,27.9,1,27.85,31,27.9,13,1,2022-05-17 09:02:28
1652778148576485000,27.85,1,27.85,30,27.9,13,2,2022-05-17 09:02:28
1652778148644631000,27.85,1,27.85,29,27.9,13,2,2022-05-17 09:02:28
1652778148681860000,27.85,3,27.85,26,27.9,13,2,2022-05-17 09:02:28
1652778148717148000,27.85,1,27.85,26,27.9,13,2,2022-05-17 09:02:28
1652778148916076000,27.9,2,27.85,27,27.9,21,1,2022-05-17 09:02:28
1652778149248880000,27.9,1,27.85,27,27.9,20,1,2022-05-17 09:02:29
1652778149301238000,27.9,2,27.85,27,27.9,18,1,2022-05-17 09:02:29
1652778149340865000,27.9,18,27.9,12,27.95,27,1,2022-05-17 09:02:29
1652778149371192000,27.9,1,27.9,11,27.95,27,2,2022-05-17 09:02:29
1652778149416748000,27.95,2,27.9,11,27.95,25,1,2022-05-17 09:02:29
1652778149519198000,27.9,11,27.85,20,27.95,25,2,2022-05-17 09:02:29
1652778149519198000,27.85,7,27.85,20,27.95,25,2,2022-05-17 09:02:29
1652778149563077000,27.95,1,27.85,20,27.95,24,1,2022-05-17 09:02:29
1652778149623644000,27.85,20,27.8,48,27.85,30,2,2022-05-17 09:02:29
1652778149651347000,27.85,30,27.8,48,27.85,20,1,2022-05-17 09:02:29
1652778149654650000,27.8,1,27.8,47,27.85,20,2,2022-05-17 09:02:29
1652778149655528000,27.8,1,27.8,46,27.85,20,2,2022-05-17 09:02:29
1652778149677533000,27.8,1,27.8,45,27.85,20,2,2022-05-17 09:02:29
1652778149683790000,27.85,4,27.8,45,27.85,16,1,2022-05-17 09:02:29
1652778149689489000,27.8,1,27.8,44,27.85,16,2,2022-05-17 09:02:29
1652778149691040000,27.8,1,27.8,43,27.85,16,2,2022-05-17 09:02:29
1652778149696282000,27.8,1,27.8,42,27.85,16,2,2022-05-17 09:02:29
1652778149781953000,27.85,2,27.8,42,27.85,14,1,2022-05-17 09:02:29
1652778149866112000,27.85,14,27.9,6,27.95,27,1,2022-05-17 09:02:29
1652778149897704000,27.9,1,27.9,5,27.95,27,2,2022-05-17 09:02:29
1652778149929627000,27.9,1,27.9,4,27.95,27,2,2022-05-17 09:02:29
1652778150065876000,27.9,2,27.9,2,27.95,27,2,2022-05-17 09:02:30
1652778150066173000,27.95,5,27.9,2,27.95,22,1,2022-05-17 09:02:30
1652778150081290000,27.95,2,27.9,2,27.95,20,1,2022-05-17 09:02:30
1652778150107075000,27.95,1,27.9,3,27.95,19,1,2022-05-17 09:02:30
1652778150307956000,27.9,2,27.9,1,27.95,19,2,2022-05-17 09:02:30
1652778150312753000,27.9,1,27.85,1,27.95,19,2,2022-05-17 09:02:30
1652778150422600000,27.9,2,27.9,2,27.95,19,2,2022-05-17 09:02:30
1652778150548673000,27.9,2,27.8,25,27.95,19,2,2022-05-17 09:02:30
1652778150548673000,27.85,1,27.8,25,27.95,19,2,2022-05-17 09:02:30
1652778150548673000,27.8,17,27.8,25,27.95,19,2,2022-05-17 09:02:30
1652778150565253000,27.95,1,27.8,25,27.95,18,1,2022-05-17 09:02:30
1652778150590725000,27.9,1,27.9,2,27.95,18,1,2022-05-17 09:02:30
1652778150598994000,27.9,1,27.9,1,27.95,18,2,2022-05-17 09:02:30
1652778150743372000,27.9,1,27.8,1,27.95,18,2,2022-05-17 09:02:30
1652778150743372000,27.85,5,27.8,1,27.95,18,2,2022-05-17 09:02:30
1652778150743372000,27.8,24,27.8,1,27.95,18,2,2022-05-17 09:02:30
1652778150789909000,27.9,1,27.9,1,27.95,18,1,2022-05-17 09:02:30
1652778150848182000,27.9,1,27.85,1,27.95,18,2,2022-05-17 09:02:30
1652778150890436000,27.85,2,27.75,5,27.95,18,2,2022-05-17 09:02:30
1652778150890436000,27.8,1,27.75,5,27.95,18,2,2022-05-17 09:02:30
1652778151002095000,27.85,2,27.75,3,27.95,9,2,2022-05-17 09:02:31
1652778151002095000,27.75,2,27.75,3,27.95,9,2,2022-05-17 09:02:31
1652778151060302000,27.9,3,27.8,3,28.0,19,1,2022-05-17 09:02:31
1652778151060302000,27.95,9,27.8,3,28.0,19,1,2022-05-17 09:02:31
1652778151060302000,28.0,8,27.8,3,28.0,19,1,2022-05-17 09:02:31
1652778151131198000,27.95,1,27.85,6,28.0,19,1,2022-05-17 09:02:31
1652778151183787000,27.85,3,27.85,3,28.0,19,2,2022-05-17 09:02:31
1652778151504295000,27.9,1,27.85,4,27.9,4,1,2022-05-17 09:02:31
1652778151546567000,27.85,1,27.85,3,27.9,4,2,2022-05-17 09:02:31
1652778151566280000,27.85,3,27.8,3,27.9,4,2,2022-05-17 09:02:31
1652778151772847000,27.8,1,27.8,2,27.9,5,2,2022-05-17 09:02:31
1652778151845394000,27.85,10,27.8,2,27.85,15,1,2022-05-17 09:02:31
1652778151973434000,27.85,1,27.8,2,27.85,14,1,2022-05-17 09:02:31
1652778152008677000,27.8,1,27.8,1,27.85,14,2,2022-05-17 09:02:32
1652778152013775000,27.85,2,27.8,1,27.85,12,1,2022-05-17 09:02:32
1652778152158918000,27.85,10,27.8,1,27.85,2,1,2022-05-17 09:02:32
1652778152193767000,27.8,1,27.75,3,27.85,2,2,2022-05-17 09:02:32
1652778152237324000,27.75,2,27.75,1,27.85,2,2,2022-05-17 09:02:32
1652778152497454000,27.8,1,27.75,1,27.85,2,1,2022-05-17 09:02:32
1652778152549083000,27.75,1,27.7,45,27.85,22,2,2022-05-17 09:02:32
1652778152610037000,27.85,2,27.75,5,27.85,23,1,2022-05-17 09:02:32
1652778152662247000,27.85,1,27.75,5,27.85,22,1,2022-05-17 09:02:32
1652778152697058000,27.85,1,27.75,5,27.85,21,1,2022-05-17 09:02:32
1652778152765629000,27.8,4,27.75,5,27.8,16,2,2022-05-17 09:02:32
1652778152786287000,27.8,1,27.75,5,27.8,15,1,2022-05-17 09:02:32
1652778152798212000,27.75,1,27.75,4,27.8,15,2,2022-05-17 09:02:32
1652778152850218000,27.8,1,27.75,4,27.8,14,1,2022-05-17 09:02:32
1652778152892420000,27.8,14,27.8,6,27.85,21,1,2022-05-17 09:02:32
1652778152919624000,27.8,1,27.8,5,27.85,21,2,2022-05-17 09:02:32
1652778153108280000,27.85,1,27.8,5,27.85,30,1,2022-05-17 09:02:33
1652778153128495000,27.8,5,27.75,4,27.8,15,2,2022-05-17 09:02:33
1652778153128998000,27.8,5,27.75,4,27.8,10,1,2022-05-17 09:02:33
1652778153132340000,27.8,5,27.75,4,27.8,5,1,2022-05-17 09:02:33
1652778153167397000,27.75,1,27.75,3,27.8,5,2,2022-05-17 09:02:33
1652778153176879000,27.75,1,27.75,2,27.8,5,2,2022-05-17 09:02:33
1652778153191784000,27.75,1,27.75,1,27.8,5,2,2022-05-17 09:02:33
1652778153220876000,27.75,1,27.7,46,27.8,14,2,2022-05-17 09:02:33
1652778153302575000,27.8,2,27.7,46,27.8,12,1,2022-05-17 09:02:33
1652778153425525000,27.7,2,27.7,44,27.8,12,2,2022-05-17 09:02:33
1652778153649494000,27.8,16,27.7,44,27.85,25,1,2022-05-17 09:02:33
1652778153660508000,27.85,3,27.7,44,27.85,22,1,2022-05-17 09:02:33
1652778153834445000,27.85,1,27.8,1,27.85,21,1,2022-05-17 09:02:33
1652778153846554000,27.8,1,27.7,44,27.85,21,2,2022-05-17 09:02:33
1652778154186635000,27.75,1,27.7,41,27.85,21,2,2022-05-17 09:02:34
1652778154221132000,27.7,1,27.7,40,27.85,21,2,2022-05-17 09:02:34
1652778154355088000,27.75,1,27.7,42,27.8,1,2,2022-05-17 09:02:34
1652778154445100000,27.75,2,27.7,43,27.75,3,1,2022-05-17 09:02:34
1652778154482838000,27.7,1,27.7,42,27.75,3,2,2022-05-17 09:02:34
1652778154513828000,27.75,1,27.7,42,27.75,2,1,2022-05-17 09:02:34
1652778154526475000,27.75,2,27.7,42,27.8,24,1,2022-05-17 09:02:34
1652778154526475000,27.8,1,27.7,42,27.8,24,1,2022-05-17 09:02:34
1652778154693554000,27.8,5,27.7,42,27.8,19,1,2022-05-17 09:02:34
1652778154719461000,27.8,1,27.7,42,27.8,18,1,2022-05-17 09:02:34
1652778154721338000,27.7,1,27.7,41,27.8,18,2,2022-05-17 09:02:34
1652778154862078000,27.8,15,27.7,43,27.8,3,1,2022-05-17 09:02:34
1652778154902340000,27.75,1,27.7,43,27.8,2,1,2022-05-17 09:02:34
1652778154902340000,27.8,1,27.7,43,27.8,2,1,2022-05-17 09:02:34
1652778155127963000,27.75,1,27.7,43,27.85,15,1,2022-05-17 09:02:35
1652778155127963000,27.8,2,27.7,43,27.85,15,1,2022-05-17 09:02:35
1652778155127963000,27.85,2,27.7,43,27.85,15,1,2022-05-17 09:02:35
1652778155188664000,27.85,1,27.7,43,27.85,14,1,2022-05-17 09:02:35
1652778155385232000,27.8,1,27.7,43,27.85,14,1,2022-05-17 09:02:35
1652778155774432000,27.75,1,27.75,4,27.85,19,2,2022-05-17 09:02:35
1652778155774562000,27.85,2,27.75,4,27.85,17,1,2022-05-17 09:02:35
1652778156077139000,27.85,1,27.75,24,27.85,16,1,2022-05-17 09:02:36
1652778156428580000,27.75,1,27.75,38,27.85,16,2,2022-05-17 09:02:36
1652778156532271000,27.8,1,27.75,46,27.85,12,1,2022-05-17 09:02:36
1652778156532271000,27.85,4,27.75,46,27.85,12,1,2022-05-17 09:02:36
1652778156632080000,27.85,1,27.75,46,27.85,11,1,2022-05-17 09:02:36
1652778157101655000,27.8,4,27.75,60,27.8,46,1,2022-05-17 09:02:37
1652778157126846000,27.8,5,27.75,63,27.8,41,1,2022-05-17 09:02:37
1652778157162104000,27.75,10,27.75,53,27.8,41,2,2022-05-17 09:02:37
1652778157192802000,27.75,1,27.75,52,27.8,41,2,2022-05-17 09:02:37
1652778157342984000,27.8,1,27.75,52,27.8,40,1,2022-05-17 09:02:37
1652778157376666000,27.75,9,27.75,43,27.8,40,2,2022-05-17 09:02:37
1652778157522149000,27.75,1,27.75,42,27.8,40,2,2022-05-17 09:02:37
1652778157709318000,27.75,3,27.75,37,27.8,40,2,2022-05-17 09:02:37
1652778157744023000,27.8,1,27.75,37,27.8,39,1,2022-05-17 09:02:37
1652778157835343000,27.75,1,27.75,36,27.8,39,2,2022-05-17 09:02:37
1652778157971935000,27.8,1,27.75,36,27.8,38,1,2022-05-17 09:02:37
1652778158077065000,27.8,2,27.75,36,27.8,36,1,2022-05-17 09:02:38
1652778158442339000,27.8,1,27.75,33,27.8,35,1,2022-05-17 09:02:38
1652778158609488000,27.8,5,27.75,33,27.8,34,1,2022-05-17 09:02:38
1652778158788812000,27.8,1,27.75,33,27.8,33,1,2022-05-17 09:02:38
1652778158965545000,27.8,1,27.75,33,27.8,32,1,2022-05-17 09:02:38
1652778158970803000,27.8,5,27.75,33,27.8,27,1,2022-05-17 09:02:38
1652778159084800000,27.75,1,27.75,32,27.8,27,2,2022-05-17 09:02:39
1652778159102172000,27.8,1,27.75,32,27.8,26,1,2022-05-17 09:02:39
1652778159118335000,27.8,26,27.75,32,27.85,18,1,2022-05-17 09:02:39
1652778159152988000,27.75,20,27.75,12,27.8,30,2,2022-05-17 09:02:39
1652778159310076000,27.75,1,27.75,11,27.8,30,2,2022-05-17 09:02:39
1652778159375456000,27.8,2,27.75,11,27.8,28,1,2022-05-17 09:02:39
1652778159485848000,27.8,5,27.75,11,27.8,23,1,2022-05-17 09:02:39
1652778159551422000,27.8,2,27.75,12,27.8,26,1,2022-05-17 09:02:39
1652778159731409000,27.8,1,27.75,12,27.8,25,1,2022-05-17 09:02:39
1652778160224321000,27.75,14,27.7,55,27.75,6,2,2022-05-17 09:02:40
1652778160284595000,27.75,1,27.7,55,27.75,5,1,2022-05-17 09:02:40
1652778160329902000,27.75,1,27.7,55,27.75,4,1,2022-05-17 09:02:40
1652778160389137000,27.75,1,27.7,55,27.75,3,1,2022-05-17 09:02:40
1652778160419823000,27.7,2,27.7,53,27.75,3,2,2022-05-17 09:02:40
1652778160458143000,27.7,1,27.7,52,27.75,3,2,2022-05-17 09:02:40
1652778160645777000,27.75,3,27.7,52,27.8,18,1,2022-05-17 09:02:40
1652778160645777000,27.8,17,27.7,52,27.8,18,1,2022-05-17 09:02:40
1652778160710024000,27.7,1,27.7,51,27.75,1,2,2022-05-17 09:02:40
1652778160727625000,27.7,1,27.7,50,27.75,1,2,2022-05-17 09:02:40
1652778160761015000,27.7,1,27.7,49,27.75,1,2,2022-05-17 09:02:40
1652778160957280000,27.75,1,27.7,50,27.8,18,1,2022-05-17 09:02:40
1652778161156593000,27.75,2,27.7,50,27.75,3,1,2022-05-17 09:02:41
1652778161225247000,27.75,1,27.7,50,27.75,2,1,2022-05-17 09:02:41
1652778161308125000,27.75,2,27.7,52,27.8,18,1,2022-05-17 09:02:41
1652778161503699000,27.75,2,27.7,52,27.75,1,1,2022-05-17 09:02:41
1652778161593416000,27.75,2,27.7,52,27.75,2,1,2022-05-17 09:02:41
1652778161603665000,27.7,50,27.7,2,27.75,2,2,2022-05-17 09:02:41
1652778161606256000,27.75,2,27.7,2,27.8,48,1,2022-05-17 09:02:41
1652778161607859000,27.7,2,27.65,8,27.8,48,2,2022-05-17 09:02:41
1652778161607859000,27.65,8,27.65,8,27.8,48,2,2022-05-17 09:02:41
1652778162118745000,27.75,1,27.65,14,27.75,19,1,2022-05-17 09:02:42
1652778162223118000,27.65,2,27.65,12,27.75,39,2,2022-05-17 09:02:42
1652778162243286000,27.75,5,27.65,12,27.75,34,1,2022-05-17 09:02:42
1652778162247353000,27.75,1,27.65,12,27.75,33,1,2022-05-17 09:02:42
1652778162296120000,27.7,1,27.65,12,27.7,23,1,2022-05-17 09:02:42
1652778162328132000,27.65,12,27.6,109,27.7,23,2,2022-05-17 09:02:42
1652778162369079000,27.6,1,27.6,108,27.65,1,2,2022-05-17 09:02:42
1652778162487674000,27.6,3,27.6,105,27.65,2,2,2022-05-17 09:02:42
1652778162529189000,27.65,1,27.6,105,27.65,1,1,2022-05-17 09:02:42
1652778162535162000,27.65,1,27.6,105,27.7,23,1,2022-05-17 09:02:42
1652778162572830000,27.7,2,27.6,105,27.7,21,1,2022-05-17 09:02:42
1652778162800300000,27.7,5,27.6,105,27.7,16,1,2022-05-17 09:02:42
1652778162833230000,27.7,1,27.6,102,27.7,15,1,2022-05-17 09:02:42
1652778162936555000,27.6,1,27.6,101,27.7,15,2,2022-05-17 09:02:42
1652778163123998000,27.65,1,27.6,101,27.7,15,1,2022-05-17 09:02:43
1652778163184769000,27.7,5,27.6,101,27.7,10,1,2022-05-17 09:02:43
1652778163193801000,27.7,1,27.6,101,27.7,9,1,2022-05-17 09:02:43
1652778163211789000,27.6,4,27.6,97,27.7,9,2,2022-05-17 09:02:43
1652778163250699000,27.7,1,27.6,97,27.7,8,1,2022-05-17 09:02:43
1652778163250925000,27.7,1,27.6,97,27.7,7,1,2022-05-17 09:02:43
1652778163427607000,27.65,1,27.6,97,27.7,7,1,2022-05-17 09:02:43
1652778163552681000,27.6,4,27.6,93,27.7,7,2,2022-05-17 09:02:43
1652778163591255000,27.7,1,27.6,93,27.7,6,1,2022-05-17 09:02:43
1652778163687617000,27.7,2,27.6,93,27.7,4,1,2022-05-17 09:02:43
1652778163870070000,27.7,3,27.6,93,27.7,1,1,2022-05-17 09:02:43
1652778163936025000,27.7,1,27.7,4,27.75,38,1,2022-05-17 09:02:43
1652778163979835000,27.7,4,27.6,93,27.75,38,2,2022-05-17 09:02:43
1652778164208357000,27.7,1,27.6,81,27.75,39,2,2022-05-17 09:02:44
1652778164208357000,27.6,19,27.6,81,27.75,39,2,2022-05-17 09:02:44
1652778164239605000,27.75,4,27.6,81,27.75,35,1,2022-05-17 09:02:44
1652778164394981000,27.6,20,27.6,61,27.7,3,2,2022-05-17 09:02:44
1652778164498182000,27.65,1,27.6,61,27.7,3,1,2022-05-17 09:02:44
1652778164498695000,27.6,41,27.6,20,27.7,3,2,2022-05-17 09:02:44
1652778164532698000,27.6,20,27.55,273,27.7,3,2,2022-05-17 09:02:44
1652778164557625000,27.55,20,27.55,253,27.65,2,2,2022-05-17 09:02:44
1652778164557956000,27.65,2,27.65,5,27.7,3,1,2022-05-17 09:02:44
1652778164567740000,27.65,1,27.65,4,27.7,15,2,2022-05-17 09:02:44
1652778164600555000,27.65,2,27.65,2,27.7,6,2,2022-05-17 09:02:44
1652778164600837000,27.7,5,27.65,2,27.7,1,1,2022-05-17 09:02:44
1652778164610507000,27.65,2,27.55,253,27.65,11,2,2022-05-17 09:02:44
1652778164639852000,27.55,6,27.55,247,27.65,1,2,2022-05-17 09:02:44
1652778164709576000,27.55,3,27.55,244,27.65,1,2,2022-05-17 09:02:44
1652778164766832000,27.55,2,27.55,241,27.65,1,2,2022-05-17 09:02:44
1652778164804724000,27.65,1,27.65,4,27.7,13,1,2022-05-17 09:02:44
1652778164805807000,27.7,10,27.65,4,27.7,3,1,2022-05-17 09:02:44
1652778164839405000,27.75,3,27.65,4,27.75,28,1,2022-05-17 09:02:44
1652778164853159000,27.65,1,27.65,3,27.75,28,2,2022-05-17 09:02:44
1652778165163816000,27.65,3,27.6,2,27.7,3,2,2022-05-17 09:02:45
1652778165163816000,27.6,7,27.6,2,27.7,3,2,2022-05-17 09:02:45
1652778165197304000,27.6,2,27.55,241,27.7,3,2,2022-05-17 09:02:45
1652778165255114000,27.55,20,27.55,221,27.7,3,2,2022-05-17 09:02:45
1652778165308653000,27.55,1,27.55,220,27.65,1,2,2022-05-17 09:02:45
1652778165354844000,27.55,5,27.55,216,27.65,2,2,2022-05-17 09:02:45
1652778165365578000,27.65,1,27.55,216,27.65,1,1,2022-05-17 09:02:45
1652778165418132000,27.6,1,27.6,2,27.65,1,2,2022-05-17 09:02:45
1652778165544567000,27.6,1,27.6,1,27.65,1,2,2022-05-17 09:02:45
1652778165618030000,27.6,1,27.55,197,27.65,1,2,2022-05-17 09:02:45
1652778165618030000,27.55,19,27.55,197,27.65,1,2,2022-05-17 09:02:45
1652778165634413000,27.55,30,27.55,167,27.65,1,2,2022-05-17 09:02:45
1652778165658392000,27.55,1,27.55,166,27.6,1,2,2022-05-17 09:02:45
1652778165877889000,27.55,5,27.55,166,27.6,3,2,2022-05-17 09:02:45
1652778165878661000,27.6,2,27.55,166,27.6,1,1,2022-05-17 09:02:45
1652778165902065000,27.55,1,27.55,166,27.6,1,2,2022-05-17 09:02:45
1652778165919836000,27.55,3,27.55,163,27.6,1,2,2022-05-17 09:02:45
1652778165928641000,27.6,1,27.6,4,27.65,1,1,2022-05-17 09:02:45
1652778165931620000,27.6,1,27.6,3,27.65,1,2,2022-05-17 09:02:45
1652778166096662000,27.6,3,27.55,161,27.65,1,2,2022-05-17 09:02:46
1652778166096662000,27.55,2,27.55,161,27.65,1,2,2022-05-17 09:02:46
1652778166186223000,27.55,5,27.55,156,27.6,1,2,2022-05-17 09:02:46
1652778166212139000,27.55,5,27.55,151,27.6,1,2,2022-05-17 09:02:46
1652778166275340000,27.6,1,27.55,151,27.65,1,1,2022-05-17 09:02:46
1652778166298938000,27.65,1,27.55,151,27.7,19,1,2022-05-17 09:02:46
1652778166437533000,27.55,1,27.55,150,27.7,23,2,2022-05-17 09:02:46
1652778166438416000,27.55,1,27.55,149,27.7,23,2,2022-05-17 09:02:46
1652778166556040000,27.55,20,27.55,129,27.65,1,2,2022-05-17 09:02:46
1652778166560174000,27.55,2,27.55,127,27.65,1,2,2022-05-17 09:02:46
1652778166741560000,27.55,20,27.55,107,27.6,2,2,2022-05-17 09:02:46
1652778166918286000,27.55,20,27.55,87,27.6,52,2,2022-05-17 09:02:46
1652778166950696000,27.55,27,27.55,60,27.6,52,2,2022-05-17 09:02:46
1652778167003981000,27.6,1,27.55,60,27.6,51,1,2022-05-17 09:02:47
1652778167098179000,27.55,20,27.55,40,27.6,51,2,2022-05-17 09:02:47
1652778167135934000,27.55,15,27.55,25,27.6,51,2,2022-05-17 09:02:47
1652778167142623000,27.55,1,27.55,24,27.6,51,2,2022-05-17 09:02:47
1652778167148476000,27.55,15,27.55,9,27.6,51,2,2022-05-17 09:02:47
1652778167165258000,27.55,1,27.55,8,27.6,51,2,2022-05-17 09:02:47
1652778167167272000,27.55,1,27.55,7,27.6,51,2,2022-05-17 09:02:47
1652778167168153000,27.55,7,27.5,18,27.55,6,2,2022-05-17 09:02:47
1652778167209864000,27.5,10,27.5,8,27.6,51,2,2022-05-17 09:02:47
1652778167250689000,27.5,8,27.45,10,27.5,12,2,2022-05-17 09:02:47
1652778167364309000,27.45,3,27.45,7,27.5,12,2,2022-05-17 09:02:47
1652778167409084000,27.45,5,27.45,2,27.5,12,2,2022-05-17 09:02:47
1652778167418632000,27.45,2,27.4,14,27.45,18,2,2022-05-17 09:02:47
1652778167448082000,27.4,2,27.4,12,27.45,18,2,2022-05-17 09:02:47
1652778167739814000,27.4,19,27.35,1,27.45,42,2,2022-05-17 09:02:47
1652778167739814000,27.35,1,27.35,1,27.45,42,2,2022-05-17 09:02:47
1652778167817963000,27.35,1,27.3,11,27.4,3,2,2022-05-17 09:02:47
1652778167817963000,27.3,4,27.3,11,27.4,3,2,2022-05-17 09:02:47
1652778167821058000,27.3,2,27.3,9,27.4,3,2,2022-05-17 09:02:47
1652778167879597000,27.3,1,27.3,8,27.4,3,2,2022-05-17 09:02:47
1652778167943216000,27.4,3,27.3,8,27.45,40,1,2022-05-17 09:02:47
1652778167943216000,27.45,7,27.3,8,27.45,40,1,2022-05-17 09:02:47
1652778168072120000,27.4,1,27.35,7,27.4,11,1,2022-05-17 09:02:48
1652778168240621000,27.35,5,27.35,2,27.4,11,2,2022-05-17 09:02:48
1652778168255012000,27.35,2,27.25,2,27.4,11,2,2022-05-17 09:02:48
1652778168255012000,27.3,8,27.25,2,27.4,11,2,2022-05-17 09:02:48
1652778168255012000,27.25,30,27.25,2,27.4,11,2,2022-05-17 09:02:48
1652778168311506000,27.25,1,27.25,1,27.35,2,2,2022-05-17 09:02:48
1652778168352156000,27.25,1,27.2,12,27.35,3,2,2022-05-17 09:02:48
1652778168352156000,27.2,9,27.2,12,27.35,3,2,2022-05-17 09:02:48
1652778168352720000,27.35,1,27.2,12,27.35,2,1,2022-05-17 09:02:48
1652778168370368000,27.2,2,27.2,10,27.35,2,2,2022-05-17 09:02:48
1652778168372400000,27.35,1,27.2,10,27.35,1,1,2022-05-17 09:02:48
1652778168441218000,27.35,13,27.35,7,27.4,11,1,2022-05-17 09:02:48
1652778168467521000,27.35,1,27.35,6,27.4,11,2,2022-05-17 09:02:48
1652778168468394000,27.35,1,27.35,5,27.4,11,2,2022-05-17 09:02:48
1652778168497504000,27.35,1,27.35,4,27.4,11,2,2022-05-17 09:02:48
1652778168501331000,27.4,3,27.35,4,27.4,8,1,2022-05-17 09:02:48
1652778168583391000,27.4,1,27.35,4,27.4,7,1,2022-05-17 09:02:48
1652778168647453000,27.4,5,27.35,4,27.4,3,1,2022-05-17 09:02:48
1652778168723522000,27.4,1,27.35,4,27.4,2,1,2022-05-17 09:02:48
1652778168734848000,27.35,4,27.3,1,27.4,2,2,2022-05-17 09:02:48
1652778168734848000,27.3,6,27.3,1,27.4,2,2,2022-05-17 09:02:48
1652778168825014000,27.3,1,27.25,8,27.35,5,2,2022-05-17 09:02:48
1652778168825014000,27.25,4,27.25,8,27.35,5,2,2022-05-17 09:02:48
1652778168883690000,27.25,8,27.2,13,27.3,1,2,2022-05-17 09:02:48
1652778168883690000,27.2,2,27.2,13,27.3,1,2,2022-05-17 09:02:48
1652778168886348000,27.2,10,27.2,3,27.3,1,2,2022-05-17 09:02:48
1652778168913948000,27.3,1,27.2,3,27.45,33,1,2022-05-17 09:02:48
1652778168913948000,27.35,5,27.2,3,27.45,33,1,2022-05-17 09:02:48
1652778168913948000,27.4,2,27.2,3,27.45,33,1,2022-05-17 09:02:48
1652778168913948000,27.45,7,27.2,3,27.45,33,1,2022-05-17 09:02:48
1652778168937796000,27.45,5,27.25,20,27.45,28,1,2022-05-17 09:02:48
1652778169233144000,27.4,2,27.25,44,27.4,3,1,2022-05-17 09:02:49
1652778169435256000,27.4,1,27.25,47,27.4,2,1,2022-05-17 09:02:49
1652778169572886000,27.25,15,27.25,32,27.4,3,2,2022-05-17 09:02:49
1652778169651728000,27.4,10,27.25,32,27.4,5,1,2022-05-17 09:02:49
1652778169915809000,27.4,5,27.3,7,27.45,24,1,2022-05-17 09:02:49
1652778170140834000,27.35,1,27.3,20,27.45,24,1,2022-05-17 09:02:50
1652778170195380000,27.3,3,27.3,18,27.45,24,2,2022-05-17 09:02:50
1652778170223706000,27.3,3,27.3,15,27.45,24,2,2022-05-17 09:02:50
1652778170298491000,27.35,2,27.35,3,27.45,24,2,2022-05-17 09:02:50
1652778170441749000,27.45,1,27.35,18,27.45,23,1,2022-05-17 09:02:50
1652778170479213000,27.45,23,27.35,18,27.5,96,1,2022-05-17 09:02:50
1652778170895488000,27.4,1,27.4,19,27.5,99,2,2022-05-17 09:02:50
1652778170967054000,27.4,1,27.4,18,27.5,99,2,2022-05-17 09:02:50
1652778171050135000,27.4,1,27.4,17,27.5,99,2,2022-05-17 09:02:51
1652778171400957000,27.4,1,27.4,35,27.45,1,2,2022-05-17 09:02:51
1652778171423622000,27.45,1,27.4,35,27.5,99,1,2022-05-17 09:02:51
1652778171651325000,27.45,3,27.45,7,27.5,99,2,2022-05-17 09:02:51
1652778171776776000,27.5,1,27.45,7,27.5,98,1,2022-05-17 09:02:51
1652778172504389000,27.5,96,27.45,9,27.55,43,1,2022-05-17 09:02:52
1652778172610489000,27.45,1,27.45,8,27.55,43,2,2022-05-17 09:02:52
1652778172766991000,27.55,3,27.45,12,27.55,40,1,2022-05-17 09:02:52
1652778172795100000,27.55,24,27.45,12,27.55,16,1,2022-05-17 09:02:52
1652778173040514000,27.55,16,27.45,16,27.6,130,1,2022-05-17 09:02:53
1652778173081779000,27.45,1,27.45,15,27.6,130,2,2022-05-17 09:02:53
1652778173294990000,27.6,10,27.5,24,27.6,120,1,2022-05-17 09:02:53
1652778173503393000,27.55,2,27.5,49,27.6,120,1,2022-05-17 09:02:53
1652778173530786000,27.6,10,27.5,49,27.6,110,1,2022-05-17 09:02:53
1652778173534507000,27.5,2,27.5,47,27.6,110,2,2022-05-17 09:02:53
1652778173626967000,27.5,1,27.5,59,27.6,113,2,2022-05-17 09:02:53
1652778174051633000,27.55,1,27.55,4,27.6,113,2,2022-05-17 09:02:54
1652778174140202000,27.55,1,27.55,3,27.6,113,2,2022-05-17 09:02:54
1652778174299315000,27.6,1,27.55,3,27.6,112,1,2022-05-17 09:02:54
1652778174339434000,27.55,1,27.55,12,27.6,112,2,2022-05-17 09:02:54
1652778174373066000,27.55,3,27.55,9,27.6,112,2,2022-05-17 09:02:54
1652778174537900000,27.6,81,27.55,15,27.6,31,1,2022-05-17 09:02:54
1652778174582781000,27.6,26,27.55,15,27.6,5,1,2022-05-17 09:02:54
1652778174753803000,27.6,5,27.55,16,27.65,11,1,2022-05-17 09:02:54
1652778175004901000,27.65,10,27.6,1,27.65,1,1,2022-05-17 09:02:55
1652778175036361000,27.65,1,27.6,1,27.7,12,1,2022-05-17 09:02:55
1652778175528548000,27.7,2,27.65,1,27.7,10,1,2022-05-17 09:02:55
1652778175613310000,27.65,1,27.55,2,27.7,10,2,2022-05-17 09:02:55
1652778175613310000,27.6,4,27.55,2,27.7,10,2,2022-05-17 09:02:55
1652778175613310000,27.55,25,27.55,2,27.7,10,2,2022-05-17 09:02:55
1652778176572853000,27.6,2,27.6,2,27.65,5,2,2022-05-17 09:02:56
1652778176604598000,27.6,2,27.55,6,27.65,5,2,2022-05-17 09:02:56
1652778176613262000,27.55,2,27.55,4,27.65,5,2,2022-05-17 09:02:56
1652778176700457000,27.55,1,27.55,3,27.6,1,2,2022-05-17 09:02:56
1652778176724331000,27.6,1,27.55,3,27.65,5,1,2022-05-17 09:02:56
1652778177360602000,27.55,1,27.55,5,27.65,5,2,2022-05-17 09:02:57
1652778177605338000,27.65,5,27.55,5,27.7,53,1,2022-05-17 09:02:57
1652778177605338000,27.7,7,27.55,5,27.7,53,1,2022-05-17 09:02:57
1652778177759715000,27.55,5,27.5,11,27.7,53,2,2022-05-17 09:02:57
1652778177908186000,27.7,3,27.5,11,27.7,54,1,2022-05-17 09:02:57
1652778178300428000,27.6,5,27.55,18,27.65,17,1,2022-05-17 09:02:58
1652778178342936000,27.65,1,27.55,18,27.65,16,1,2022-05-17 09:02:58
1652778178431451000,27.65,1,27.55,18,27.65,15,1,2022-05-17 09:02:58
1652778178746571000,27.65,10,27.55,24,27.65,10,1,2022-05-17 09:02:58
1652778178819328000,27.55,5,27.55,19,27.65,11,2,2022-05-17 09:02:58
1652778178875546000,27.6,1,27.55,19,27.65,11,1,2022-05-17 09:02:58
1652778178933900000,27.65,5,27.55,19,27.65,10,1,2022-05-17 09:02:58
1652778179424464000,27.6,2,27.6,1,27.65,12,2,2022-05-17 09:02:59
1652778179453745000,27.65,1,27.6,3,27.65,11,1,2022-05-17 09:02:59
1652778179502692000,27.65,1,27.6,3,27.65,10,1,2022-05-17 09:02:59
1652778180008529000,27.65,1,27.6,4,27.65,24,1,2022-05-17 09:03:00
1652778180012581000,27.6,1,27.6,3,27.65,24,2,2022-05-17 09:03:00
1652778180299433000,27.6,3,27.55,55,27.6,7,2,2022-05-17 09:03:00
1652778180309260000,27.6,1,27.55,55,27.6,6,1,2022-05-17 09:03:00
1652778180499177000,27.55,1,27.55,54,27.6,27,2,2022-05-17 09:03:00
1652778180536245000,27.55,3,27.55,51,27.6,27,2,2022-05-17 09:03:00
1652778180720916000,27.6,10,27.55,52,27.6,17,1,2022-05-17 09:03:00
1652778180753943000,27.6,10,27.55,52,27.6,7,1,2022-05-17 09:03:00
1652778180788130000,27.6,1,27.55,52,27.6,6,1,2022-05-17 09:03:00
1652778180887759000,27.6,1,27.55,62,27.6,5,1,2022-05-17 09:03:00
1652778180912625000,27.6,1,27.55,62,27.6,4,1,2022-05-17 09:03:00
1652778180936348000,27.55,10,27.55,52,27.6,4,2,2022-05-17 09:03:00
1652778181057370000,27.6,4,27.55,55,27.65,34,1,2022-05-17 09:03:01
1652778181375873000,27.65,5,27.6,18,27.65,29,1,2022-05-17 09:03:01
1652778181392975000,27.6,5,27.6,13,27.65,29,2,2022-05-17 09:03:01
1652778181478856000,27.65,5,27.6,13,27.65,24,1,2022-05-17 09:03:01
1652778181554019000,27.65,1,27.6,13,27.65,24,1,2022-05-17 09:03:01
1652778181554022000,27.65,5,27.6,13,27.65,19,1,2022-05-17 09:03:01
1652778181720144000,27.6,1,27.6,12,27.65,31,2,2022-05-17 09:03:01
1652778182186585000,27.6,3,27.6,11,27.65,33,2,2022-05-17 09:03:02
1652778182190708000,27.65,1,27.6,11,27.65,32,1,2022-05-17 09:03:02
1652778182366236000,27.6,11,27.55,63,27.6,39,2,2022-05-17 09:03:02
1652778182380278000,27.55,2,27.55,61,27.6,39,2,2022-05-17 09:03:02
1652778182602980000,27.6,2,27.55,62,27.6,40,1,2022-05-17 09:03:02
1652778182641668000,27.55,1,27.55,61,27.6,40,2,2022-05-17 09:03:02
1652778182687933000,27.55,1,27.55,61,27.6,40,2,2022-05-17 09:03:02
1652778182693484000,27.6,1,27.55,61,27.6,39,1,2022-05-17 09:03:02
1652778182804127000,27.6,4,27.55,61,27.6,35,1,2022-05-17 09:03:02
1652778182966191000,27.6,4,27.55,61,27.6,31,1,2022-05-17 09:03:02
1652778183217800000,27.6,21,27.55,61,27.6,10,1,2022-05-17 09:03:03
1652778183584399000,27.55,3,27.55,58,27.6,13,2,2022-05-17 09:03:03
1652778183859753000,27.55,1,27.55,62,27.6,13,2,2022-05-17 09:03:03
1652778183959064000,27.6,1,27.55,67,27.6,12,1,2022-05-17 09:03:03
1652778184196848000,27.6,1,27.55,67,27.6,16,1,2022-05-17 09:03:04
1652778184400465000,27.6,10,27.55,64,27.6,6,1,2022-05-17 09:03:04
1652778184469272000,27.6,1,27.55,64,27.6,5,1,2022-05-17 09:03:04
1652778185068938000,27.6,1,27.55,65,27.6,24,1,2022-05-17 09:03:05
1652778185118603000,27.6,1,27.55,65,27.6,28,1,2022-05-17 09:03:05
1652778185214150000,27.6,2,27.55,65,27.6,31,1,2022-05-17 09:03:05
1652778185258317000,27.6,3,27.55,65,27.6,32,1,2022-05-17 09:03:05
1652778185448969000,27.6,1,27.55,65,27.6,36,1,2022-05-17 09:03:05
1652778185534321000,27.6,1,27.55,65,27.6,35,1,2022-05-17 09:03:05
1652778185537794000,27.6,1,27.55,65,27.6,34,1,2022-05-17 09:03:05
1652778185670467000,27.6,1,27.55,70,27.6,36,1,2022-05-17 09:03:05
1652778185708030000,27.55,1,27.55,69,27.6,36,2,2022-05-17 09:03:05
1652778185795850000,27.6,4,27.55,69,27.6,32,1,2022-05-17 09:03:05
1652778185798524000,27.55,20,27.55,49,27.6,32,2,2022-05-17 09:03:05
1652778185875145000,27.55,1,27.55,48,27.6,32,2,2022-05-17 09:03:05
1652778185962176000,27.6,1,27.55,49,27.6,31,1,2022-05-17 09:03:05
1652778186037094000,27.6,4,27.55,49,27.6,27,1,2022-05-17 09:03:06
1652778186298388000,27.6,2,27.55,49,27.6,25,1,2022-05-17 09:03:06
1652778186399600000,27.55,20,27.55,30,27.6,27,2,2022-05-17 09:03:06
1652778186439080000,27.55,30,27.55,1,27.6,27,2,2022-05-17 09:03:06
1652778186443408000,27.55,1,27.5,16,27.6,27,2,2022-05-17 09:03:06
1652778186492146000,27.55,1,27.5,20,27.55,2,1,2022-05-17 09:03:06
1652778186746389000,27.55,1,27.5,20,27.55,1,1,2022-05-17 09:03:06
1652778186786249000,27.55,1,27.5,20,27.6,27,1,2022-05-17 09:03:06
1652778186815894000,27.6,5,27.55,1,27.6,22,1,2022-05-17 09:03:06
1652778186827535000,27.55,1,27.5,20,27.6,22,2,2022-05-17 09:03:06
1652778186910396000,27.55,1,27.5,22,27.55,17,1,2022-05-17 09:03:06
1652778186969895000,27.55,10,27.5,22,27.55,7,1,2022-05-17 09:03:06
1652778187051469000,27.5,20,27.5,2,27.55,7,2,2022-05-17 09:03:07
1652778187081081000,27.55,1,27.5,2,27.55,6,1,2022-05-17 09:03:07
1652778187174783000,27.55,3,27.5,2,27.55,3,1,2022-05-17 09:03:07
1652778187243418000,27.5,2,27.45,11,27.55,3,2,2022-05-17 09:03:07
1652778187243418000,27.45,7,27.45,11,27.55,3,2,2022-05-17 09:03:07
1652778187334884000,27.55,1,27.45,11,27.55,3,1,2022-05-17 09:03:07
1652778187548560000,27.55,1,27.45,11,27.55,5,1,2022-05-17 09:03:07
1652778187702070000,27.55,1,27.45,11,27.55,4,1,2022-05-17 09:03:07
1652778187775988000,27.5,3,27.45,12,27.55,43,1,2022-05-17 09:03:07
1652778187775988000,27.55,1,27.45,12,27.55,43,1,2022-05-17 09:03:07
1652778187785601000,27.55,1,27.45,12,27.55,42,1,2022-05-17 09:03:07
1652778187787194000,27.55,1,27.45,12,27.55,41,1,2022-05-17 09:03:07
1652778187822332000,27.45,5,27.45,7,27.55,41,2,2022-05-17 09:03:07
1652778187851337000,27.55,1,27.45,7,27.55,40,1,2022-05-17 09:03:07
1652778188002273000,27.45,5,27.45,2,27.55,50,2,2022-05-17 09:03:08
1652778188031054000,27.45,2,27.4,27,27.5,2,2,2022-05-17 09:03:08
1652778188036838000,27.5,1,27.4,27,27.5,1,1,2022-05-17 09:03:08
1652778188049687000,27.5,1,27.4,27,27.55,42,1,2022-05-17 09:03:08
1652778188049687000,27.55,9,27.4,27,27.55,42,1,2022-05-17 09:03:08
1652778188112547000,27.4,1,27.4,26,27.55,42,2,2022-05-17 09:03:08
1652778188451221000,27.5,1,27.45,1,27.5,6,1,2022-05-17 09:03:08
1652778188474967000,27.5,1,27.45,1,27.5,5,1,2022-05-17 09:03:08
1652778188559071000,27.5,1,27.45,1,27.5,7,1,2022-05-17 09:03:08
1652778188750271000,27.5,1,27.45,1,27.5,21,1,2022-05-17 09:03:08
1652778188823481000,27.5,1,27.45,1,27.5,21,1,2022-05-17 09:03:08
1652778188970662000,27.5,1,27.45,1,27.5,20,1,2022-05-17 09:03:08
1652778189147478000,27.45,1,27.4,28,27.45,14,2,2022-05-17 09:03:09
1652778189178341000,27.45,14,27.4,28,27.5,25,1,2022-05-17 09:03:09
1652778189202701000,27.4,13,27.4,20,27.5,25,2,2022-05-17 09:03:09
1652778189276130000,27.45,1,27.4,20,27.45,1,1,2022-05-17 09:03:09
1652778189425482000,27.45,1,27.4,20,27.5,29,1,2022-05-17 09:03:09
1652778189425482000,27.5,1,27.4,20,27.5,29,1,2022-05-17 09:03:09
1652778189739197000,27.4,10,27.4,16,27.5,30,2,2022-05-17 09:03:09
1652778189891854000,27.45,3,27.45,2,27.5,30,2,2022-05-17 09:03:09
1652778189920607000,27.5,1,27.45,2,27.5,29,1,2022-05-17 09:03:09
1652778190017579000,27.5,9,27.45,2,27.5,30,1,2022-05-17 09:03:10
1652778190077918000,27.45,1,27.45,3,27.5,30,2,2022-05-17 09:03:10
1652778190098899000,27.5,1,27.45,3,27.5,29,1,2022-05-17 09:03:10
1652778190416511000,27.5,4,27.45,3,27.5,25,1,2022-05-17 09:03:10
1652778190456023000,27.45,1,27.45,2,27.5,25,2,2022-05-17 09:03:10
1652778190792864000,27.45,1,27.45,1,27.5,45,2,2022-05-17 09:03:10
1652778190844896000,27.5,1,27.45,1,27.5,44,1,2022-05-17 09:03:10
1652778191017770000,27.5,1,27.45,1,27.5,43,1,2022-05-17 09:03:11
1652778191253218000,27.5,1,27.45,1,27.5,62,1,2022-05-17 09:03:11
1652778191442358000,27.5,3,27.45,1,27.5,59,1,2022-05-17 09:03:11
1652778191488611000,27.45,1,27.4,21,27.5,59,2,2022-05-17 09:03:11
1652778191532101000,27.5,1,27.4,21,27.5,58,1,2022-05-17 09:03:11
1652778192060009000,27.45,1,27.4,21,27.5,61,1,2022-05-17 09:03:12
1652778192120351000,27.4,2,27.4,22,27.5,61,2,2022-05-17 09:03:12
1652778192760974000,27.5,10,27.45,20,27.5,66,1,2022-05-17 09:03:12
1652778193345041000,27.5,2,27.45,20,27.5,64,1,2022-05-17 09:03:13
1652778193382908000,27.5,11,27.45,20,27.5,53,1,2022-05-17 09:03:13
1652778193424931000,27.45,6,27.45,14,27.5,53,2,2022-05-17 09:03:13
1652778193751719000,27.45,3,27.45,23,27.5,53,2,2022-05-17 09:03:13
1652778194131748000,27.5,5,27.45,25,27.5,48,1,2022-05-17 09:03:14
1652778194240254000,27.45,10,27.45,15,27.5,48,2,2022-05-17 09:03:14
1652778194288576000,27.45,1,27.45,19,27.5,48,2,2022-05-17 09:03:14
1652778194595599000,27.5,1,27.45,20,27.5,51,1,2022-05-17 09:03:14
1652778194830717000,27.45,1,27.45,19,27.5,51,2,2022-05-17 09:03:14
1652778195180011000,27.5,53,27.5,7,27.55,7,1,2022-05-17 09:03:15
1652778195433687000,27.5,1,27.5,6,27.55,8,2,2022-05-17 09:03:15
1652778195606166000,27.55,8,27.5,28,27.6,23,1,2022-05-17 09:03:15
1652778195606166000,27.6,12,27.5,28,27.6,23,1,2022-05-17 09:03:15
1652778195695177000,27.5,1,27.5,27,27.6,23,2,2022-05-17 09:03:15
1652778195769859000,27.6,1,27.5,27,27.6,22,1,2022-05-17 09:03:15
1652778195984217000,27.6,1,27.5,29,27.6,21,1,2022-05-17 09:03:15
1652778196041676000,27.6,2,27.5,29,27.6,19,1,2022-05-17 09:03:16
1652778196117302000,27.6,6,27.5,39,27.6,13,1,2022-05-17 09:03:16
1652778196491970000,27.5,6,27.5,56,27.6,13,2,2022-05-17 09:03:16
1652778196638275000,27.6,5,27.55,2,27.6,8,1,2022-05-17 09:03:16
1652778196690819000,27.6,8,27.6,12,27.65,106,1,2022-05-17 09:03:16
1652778196714516000,27.6,2,27.6,10,27.65,106,2,2022-05-17 09:03:16
1652778196725011000,27.6,10,27.55,2,27.65,106,2,2022-05-17 09:03:16
1652778196825705000,27.6,1,27.55,4,27.65,106,2,2022-05-17 09:03:16
1652778196825705000,27.55,1,27.55,4,27.65,106,2,2022-05-17 09:03:16
1652778196929519000,27.55,1,27.55,28,27.65,106,2,2022-05-17 09:03:16
1652778197402302000,27.65,1,27.55,42,27.65,106,1,2022-05-17 09:03:17
1652778197838814000,27.6,5,27.6,15,27.65,109,2,2022-05-17 09:03:17
1652778198229819000,27.65,20,27.6,15,27.65,89,1,2022-05-17 09:03:18
1652778198266789000,27.65,10,27.6,15,27.65,79,1,2022-05-17 09:03:18
1652778198368744000,27.65,20,27.6,15,27.65,59,1,2022-05-17 09:03:18
1652778198494209000,27.65,20,27.6,15,27.65,39,1,2022-05-17 09:03:18
1652778198737106000,27.6,1,27.6,14,27.65,39,2,2022-05-17 09:03:18
1652778198796579000,27.65,5,27.6,14,27.65,34,1,2022-05-17 09:03:18
1652778198853076000,27.6,1,27.6,13,27.65,34,2,2022-05-17 09:03:18
1652778198884115000,27.65,1,27.6,13,27.65,33,1,2022-05-17 09:03:18
1652778198947104000,27.65,5,27.6,13,27.65,28,1,2022-05-17 09:03:18
1652778199233267000,27.65,15,27.6,13,27.65,13,1,2022-05-17 09:03:19
1652778199370675000,27.65,10,27.6,13,27.65,3,1,2022-05-17 09:03:19
1652778199399018000,27.65,3,27.65,2,27.7,8,1,2022-05-17 09:03:19
1652778199646589000,27.7,5,27.65,5,27.7,3,1,2022-05-17 09:03:19
1652778199656707000,27.7,3,27.65,5,27.75,2,1,2022-05-17 09:03:19
1652778199656707000,27.75,17,27.65,5,27.75,2,1,2022-05-17 09:03:19
1652778199840739000,27.75,1,27.65,5,27.75,1,1,2022-05-17 09:03:19
1652778200093121000,27.75,1,27.65,14,27.8,83,1,2022-05-17 09:03:20
1652778200213141000,27.75,2,27.65,14,27.75,8,1,2022-05-17 09:03:20
1652778200293535000,27.65,2,27.65,12,27.75,8,2,2022-05-17 09:03:20
1652778200356551000,27.75,3,27.65,12,27.75,5,1,2022-05-17 09:03:20
1652778200548649000,27.65,1,27.65,11,27.75,5,2,2022-05-17 09:03:20
1652778200629918000,27.75,8,27.65,11,27.8,81,1,2022-05-17 09:03:20
1652778200629918000,27.8,2,27.65,11,27.8,81,1,2022-05-17 09:03:20
1652778201220250000,27.75,1,27.7,1,27.8,72,1,2022-05-17 09:03:21
1652778201220250000,27.8,9,27.7,1,27.8,72,1,2022-05-17 09:03:21
1652778201307331000,27.8,2,27.7,1,27.8,70,1,2022-05-17 09:03:21
1652778201702797000,27.8,10,27.7,2,27.8,60,1,2022-05-17 09:03:21
1652778201750036000,27.8,1,27.7,2,27.8,59,1,2022-05-17 09:03:21
1652778202283031000,27.8,4,27.7,2,27.8,57,1,2022-05-17 09:03:22
1652778202374228000,27.8,10,27.7,2,27.8,47,1,2022-05-17 09:03:22
1652778202500158000,27.8,1,27.7,2,27.8,46,1,2022-05-17 09:03:22
1652778203090320000,27.8,2,27.7,2,27.8,44,1,2022-05-17 09:03:23
1652778203586809000,27.8,52,27.7,2,27.8,2,1,2022-05-17 09:03:23
1652778203592039000,27.8,1,27.7,2,27.8,1,1,2022-05-17 09:03:23
1652778203619569000,27.8,1,27.7,2,27.85,31,1,2022-05-17 09:03:23
1652778203639353000,27.85,3,27.7,2,27.85,28,1,2022-05-17 09:03:23
1652778203665108000,27.75,1,27.7,2,27.85,31,1,2022-05-17 09:03:23
1652778203665108000,27.85,1,27.7,2,27.85,31,1,2022-05-17 09:03:23
1652778203684323000,27.7,2,27.65,68,27.85,31,2,2022-05-17 09:03:23
1652778203684323000,27.65,2,27.65,68,27.85,31,2,2022-05-17 09:03:23
1652778203801670000,27.8,2,27.7,14,27.8,2,1,2022-05-17 09:03:23
1652778204020107000,27.8,2,27.7,14,27.85,25,1,2022-05-17 09:03:24
1652778204020107000,27.85,6,27.7,14,27.85,25,1,2022-05-17 09:03:24
1652778204153526000,27.8,1,27.7,13,27.85,25,2,2022-05-17 09:03:24
1652778204153526000,27.7,1,27.7,13,27.85,25,2,2022-05-17 09:03:24
1652778204254562000,27.8,1,27.7,13,27.85,25,2,2022-05-17 09:03:24
1652778204403329000,27.8,1,27.7,13,27.85,25,2,2022-05-17 09:03:24
1652778204537222000,27.8,1,27.7,13,27.8,3,1,2022-05-17 09:03:24
1652778204676139000,27.8,2,27.7,13,27.8,8,1,2022-05-17 09:03:24
1652778205356178000,27.8,5,27.75,1,27.8,5,1,2022-05-17 09:03:25
1652778205458232000,27.8,1,27.75,1,27.8,4,1,2022-05-17 09:03:25
1652778205589390000,27.8,1,27.75,1,27.8,3,1,2022-05-17 09:03:25
1652778205957004000,27.8,3,27.75,1,27.8,12,1,2022-05-17 09:03:25
1652778206044615000,27.8,1,27.75,1,27.8,11,1,2022-05-17 09:03:26
1652778206192850000,27.8,1,27.75,1,27.8,15,1,2022-05-17 09:03:26
1652778206232946000,27.75,1,27.7,35,27.75,1,2,2022-05-17 09:03:26
1652778206348670000,27.75,1,27.7,38,27.8,26,1,2022-05-17 09:03:26
1652778206348670000,27.8,9,27.7,38,27.8,26,1,2022-05-17 09:03:26
1652778206410325000,27.8,1,27.7,38,27.8,25,1,2022-05-17 09:03:26
1652778206583145000,27.75,1,27.7,38,27.8,28,1,2022-05-17 09:03:26
1652778206774840000,27.7,11,27.7,27,27.8,28,2,2022-05-17 09:03:26
1652778206775705000,27.7,10,27.7,17,27.8,28,2,2022-05-17 09:03:26
1652778206817262000,27.7,17,27.65,93,27.8,28,2,2022-05-17 09:03:26
1652778206848152000,27.8,1,27.65,93,27.8,27,1,2022-05-17 09:03:26
1652778206863376000,27.8,1,27.65,93,27.8,26,1,2022-05-17 09:03:26
1652778207031150000,27.75,2,27.7,1,27.75,4,1,2022-05-17 09:03:27
1652778207316051000,27.7,1,27.65,89,27.75,27,2,2022-05-17 09:03:27
1652778207707332000,27.75,4,27.65,89,27.75,33,1,2022-05-17 09:03:27
1652778207769636000,27.7,2,27.65,87,27.7,18,1,2022-05-17 09:03:27
1652778207809196000,27.7,5,27.65,87,27.7,13,1,2022-05-17 09:03:27
1652778207987124000,27.65,1,27.65,86,27.7,13,2,2022-05-17 09:03:27
1652778208043105000,27.7,1,27.65,86,27.7,12,1,2022-05-17 09:03:28
1652778208136732000,27.7,7,27.65,86,27.7,5,1,2022-05-17 09:03:28
1652778208147351000,27.7,2,27.65,86,27.7,3,1,2022-05-17 09:03:28
1652778208219009000,27.7,3,27.65,86,27.75,34,1,2022-05-17 09:03:28
1652778208589188000,27.7,3,27.65,56,27.7,2,1,2022-05-17 09:03:28
1652778208636394000,27.65,15,27.65,41,27.7,2,2,2022-05-17 09:03:28
1652778208699187000,27.65,1,27.65,40,27.7,2,2,2022-05-17 09:03:28
1652778208806595000,27.65,1,27.65,38,27.7,2,2,2022-05-17 09:03:28
1652778208853875000,27.7,2,27.7,5,27.75,26,1,2022-05-17 09:03:28
1652778208884617000,27.7,5,27.65,38,27.75,26,2,2022-05-17 09:03:28
1652778208945582000,27.7,1,27.65,38,27.75,26,2,2022-05-17 09:03:28
1652778209073406000,27.75,1,27.65,38,27.75,26,1,2022-05-17 09:03:29
1652778209157939000,27.65,38,27.6,14,27.7,21,2,2022-05-17 09:03:29
1652778209224268000,27.65,1,27.6,14,27.7,29,1,2022-05-17 09:03:29
1652778209224268000,27.7,2,27.6,14,27.7,29,1,2022-05-17 09:03:29
1652778209279003000,27.65,1,27.6,14,27.65,19,1,2022-05-17 09:03:29
1652778209299749000,27.65,1,27.6,14,27.65,18,1,2022-05-17 09:03:29
1652778209572656000,27.65,1,27.6,15,27.65,20,1,2022-05-17 09:03:29
1652778209578740000,27.65,1,27.6,15,27.65,19,1,2022-05-17 09:03:29
1652778209602151000,27.65,10,27.6,15,27.65,9,1,2022-05-17 09:03:29
1652778209628792000,27.65,1,27.6,15,27.65,8,1,2022-05-17 09:03:29
1652778209795117000,27.6,2,27.6,13,27.65,8,2,2022-05-17 09:03:29
1652778209922050000,27.65,8,27.6,13,27.7,28,1,2022-05-17 09:03:29
1652778209922050000,27.7,1,27.6,13,27.7,28,1,2022-05-17 09:03:29
1652778209939257000,27.6,10,27.6,3,27.7,28,2,2022-05-17 09:03:29
1652778209965516000,27.6,3,27.55,10,27.7,28,2,2022-05-17 09:03:29
1652778210049520000,27.7,1,27.55,9,27.7,27,1,2022-05-17 09:03:30
1652778210393561000,27.7,1,27.55,14,27.7,36,1,2022-05-17 09:03:30
1652778210546834000,27.7,1,27.55,14,27.7,35,1,2022-05-17 09:03:30
1652778210585147000,27.7,10,27.55,14,27.7,27,1,2022-05-17 09:03:30
1652778210950546000,27.65,1,27.55,34,27.65,4,1,2022-05-17 09:03:30
1652778211143464000,27.65,5,27.55,36,27.7,46,1,2022-05-17 09:03:31
1652778211143464000,27.7,1,27.55,36,27.7,46,1,2022-05-17 09:03:31
1652778211157858000,27.7,3,27.55,36,27.7,43,1,2022-05-17 09:03:31
1652778211887458000,27.7,10,27.6,2,27.7,35,1,2022-05-17 09:03:31
1652778212366316000,27.6,2,27.55,41,27.6,1,2,2022-05-17 09:03:32
1652778212397041000,27.6,1,27.55,41,27.7,41,1,2022-05-17 09:03:32
1652778212534386000,27.6,1,27.55,41,27.7,41,2,2022-05-17 09:03:32
1652778212691500000,27.7,5,27.55,41,27.7,41,1,2022-05-17 09:03:32
1652778213024621000,27.65,1,27.6,6,27.65,12,1,2022-05-17 09:03:33
1652778213114940000,27.65,1,27.6,6,27.65,11,1,2022-05-17 09:03:33
1652778213188603000,27.65,1,27.6,6,27.65,10,1,2022-05-17 09:03:33
1652778213395411000,27.65,1,27.6,6,27.65,9,1,2022-05-17 09:03:33
1652778213611936000,27.6,6,27.55,52,27.6,4,2,2022-05-17 09:03:33
1652778213750012000,27.6,1,27.55,52,27.6,3,1,2022-05-17 09:03:33
1652778213813108000,27.6,1,27.55,52,27.6,2,1,2022-05-17 09:03:33
1652778213914109000,27.6,1,27.55,48,27.6,1,1,2022-05-17 09:03:33
1652778214123004000,27.6,1,27.6,4,27.65,29,1,2022-05-17 09:03:34
1652778214238852000,27.65,10,27.6,5,27.65,19,1,2022-05-17 09:03:34
1652778214347459000,27.65,1,27.6,5,27.65,18,1,2022-05-17 09:03:34
1652778214498813000,27.65,2,27.6,5,27.65,17,1,2022-05-17 09:03:34
1652778214501939000,27.65,1,27.6,5,27.65,16,1,2022-05-17 09:03:34
1652778214604394000,27.65,18,27.65,2,27.7,46,1,2022-05-17 09:03:34
1652778215083709000,27.65,1,27.65,1,27.7,46,2,2022-05-17 09:03:35
1652778216025582000,27.65,1,27.6,15,27.65,4,2,2022-05-17 09:03:36
1652778216846340000,27.65,4,27.65,1,27.7,59,1,2022-05-17 09:03:36
1652778216912312000,27.65,1,27.6,23,27.7,59,2,2022-05-17 09:03:36
1652778217519926000,27.6,5,27.6,42,27.65,10,2,2022-05-17 09:03:37
1652778217973888000,27.65,1,27.6,42,27.65,9,1,2022-05-17 09:03:37
1652778217983761000,27.65,9,27.6,42,27.7,40,1,2022-05-17 09:03:37
1652778217983761000,27.7,21,27.6,42,27.7,40,1,2022-05-17 09:03:37
1652778218514201000,27.7,2,27.65,1,27.7,43,1,2022-05-17 09:03:38
1652778218725932000,27.65,1,27.65,3,27.7,46,2,2022-05-17 09:03:38
1652778218747800000,27.65,1,27.65,3,27.7,46,2,2022-05-17 09:03:38
1652778218976959000,27.65,1,27.65,7,27.7,46,2,2022-05-17 09:03:38
1652778219422993000,27.7,1,27.65,17,27.7,45,1,2022-05-17 09:03:39
1652778219500485000,27.7,1,27.65,21,27.7,44,1,2022-05-17 09:03:39
1652778219680691000,27.65,5,27.65,16,27.7,44,2,2022-05-17 09:03:39
1652778219798843000,27.7,5,27.65,26,27.7,39,1,2022-05-17 09:03:39
1652778220252831000,27.65,1,27.65,25,27.7,40,2,2022-05-17 09:03:40
1652778220273440000,27.65,1,27.65,24,27.7,40,2,2022-05-17 09:03:40
1652778220376764000,27.7,1,27.65,24,27.7,39,1,2022-05-17 09:03:40
1652778220462097000,27.7,20,27.65,24,27.7,19,1,2022-05-17 09:03:40
1652778220847636000,27.7,24,27.7,76,27.75,36,1,2022-05-17 09:03:40
1652778221037883000,27.7,1,27.7,75,27.75,36,2,2022-05-17 09:03:41
1652778221109721000,27.7,1,27.7,74,27.75,36,2,2022-05-17 09:03:41
1652778221184605000,27.7,1,27.7,73,27.75,36,2,2022-05-17 09:03:41
1652778221425210000,27.7,2,27.7,71,27.75,41,2,2022-05-17 09:03:41
1652778221528475000,27.7,4,27.7,67,27.75,41,2,2022-05-17 09:03:41
1652778221721204000,27.75,2,27.7,167,27.75,42,1,2022-05-17 09:03:41
1652778221752331000,27.75,20,27.7,167,27.75,22,1,2022-05-17 09:03:41
1652778222125785000,27.75,1,27.7,217,27.75,21,1,2022-05-17 09:03:42
1652778222188551000,27.7,1,27.7,216,27.75,21,2,2022-05-17 09:03:42
1652778222211947000,27.7,20,27.7,196,27.75,21,2,2022-05-17 09:03:42
1652778222364238000,27.75,1,27.7,196,27.75,20,1,2022-05-17 09:03:42
1652778222555366000,27.75,8,27.7,200,27.75,22,1,2022-05-17 09:03:42
1652778222556945000,27.75,2,27.7,200,27.75,20,1,2022-05-17 09:03:42
1652778222581513000,27.75,2,27.7,200,27.75,18,1,2022-05-17 09:03:42
1652778223524165000,27.75,1,27.7,211,27.75,20,1,2022-05-17 09:03:43
1652778223558546000,27.75,1,27.7,211,27.75,19,1,2022-05-17 09:03:43
1652778223666108000,27.75,5,27.7,212,27.75,14,1,2022-05-17 09:03:43
1652778223967464000,27.75,10,27.7,213,27.75,4,1,2022-05-17 09:03:43
1652778223977956000,27.7,40,27.7,173,27.75,4,2,2022-05-17 09:03:43
1652778224579507000,27.75,2,27.7,176,27.75,8,1,2022-05-17 09:03:44
1652778224670840000,27.75,1,27.7,181,27.75,7,1,2022-05-17 09:03:44
1652778224793953000,27.75,1,27.7,183,27.75,8,1,2022-05-17 09:03:44
1652778225245650000,27.7,10,27.7,189,27.75,9,2,2022-05-17 09:03:45
1652778225349697000,27.75,1,27.7,292,27.75,13,1,2022-05-17 09:03:45
1652778225395612000,27.7,1,27.7,291,27.75,13,2,2022-05-17 09:03:45
1652778225607879000,27.75,1,27.7,296,27.75,12,1,2022-05-17 09:03:45
1652778225806165000,27.75,12,27.75,8,27.8,31,1,2022-05-17 09:03:45
1652778226062096000,27.75,1,27.75,7,27.8,31,2,2022-05-17 09:03:46
1652778226088086000,27.75,1,27.75,6,27.8,31,2,2022-05-17 09:03:46
1652778226195512000,27.75,1,27.75,5,27.8,31,2,2022-05-17 09:03:46
1652778226202517000,27.75,1,27.75,4,27.8,31,2,2022-05-17 09:03:46
1652778226423611000,27.75,1,27.75,19,27.8,31,2,2022-05-17 09:03:46
1652778226426701000,27.75,5,27.75,14,27.8,31,2,2022-05-17 09:03:46
1652778226584994000,27.75,1,27.75,13,27.8,31,2,2022-05-17 09:03:46
1652778226795338000,27.8,1,27.75,13,27.8,30,1,2022-05-17 09:03:46
1652778226795675000,27.8,5,27.75,13,27.8,25,1,2022-05-17 09:03:46
1652778226895126000,27.75,1,27.75,12,27.8,25,2,2022-05-17 09:03:46
1652778227021838000,27.75,1,27.75,14,27.8,25,2,2022-05-17 09:03:47
1652778227039219000,27.75,3,27.75,11,27.8,25,2,2022-05-17 09:03:47
1652778227164295000,27.75,1,27.75,16,27.8,25,2,2022-05-17 09:03:47
1652778227232512000,27.8,1,27.75,16,27.8,24,1,2022-05-17 09:03:47
1652778227293456000,27.75,1,27.75,15,27.8,24,2,2022-05-17 09:03:47
1652778227481763000,27.75,1,27.75,19,27.8,24,2,2022-05-17 09:03:47
1652778227502550000,27.75,3,27.75,16,27.8,24,2,2022-05-17 09:03:47
1652778227826035000,27.75,1,27.75,28,27.8,28,2,2022-05-17 09:03:47
1652778227841479000,27.75,2,27.75,26,27.8,28,2,2022-05-17 09:03:47
1652778227882337000,27.75,2,27.75,24,27.8,28,2,2022-05-17 09:03:47
1652778227986695000,27.8,1,27.75,35,27.8,27,1,2022-05-17 09:03:47
1652778228036557000,27.75,1,27.75,34,27.8,27,2,2022-05-17 09:03:48
1652778228179039000,27.75,1,27.75,38,27.8,28,2,2022-05-17 09:03:48
1652778228341358000,27.75,1,27.75,42,27.8,28,2,2022-05-17 09:03:48
1652778228414421000,27.75,1,27.75,41,27.8,28,2,2022-05-17 09:03:48
1652778228421958000,27.8,4,27.75,41,27.8,24,1,2022-05-17 09:03:48
1652778228456332000,27.75,1,27.75,40,27.8,24,2,2022-05-17 09:03:48
1652778228734843000,27.75,1,27.75,54,27.8,24,2,2022-05-17 09:03:48
1652778229100613000,27.75,1,27.75,53,27.8,25,2,2022-05-17 09:03:49
1652778229259953000,27.75,1,27.75,27,27.8,25,2,2022-05-17 09:03:49
1652778229465192000,27.75,1,27.75,19,27.8,26,2,2022-05-17 09:03:49
1652778229641497000,27.75,1,27.75,28,27.8,26,2,2022-05-17 09:03:49
1652778229732671000,27.8,4,27.75,28,27.8,22,1,2022-05-17 09:03:49
1652778229783607000,27.75,1,27.75,27,27.8,22,2,2022-05-17 09:03:49
1652778229874909000,27.8,1,27.75,27,27.8,21,1,2022-05-17 09:03:49
1652778229967393000,27.75,1,27.75,26,27.8,26,2,2022-05-17 09:03:49
1652778230084601000,27.75,27,27.7,280,27.8,36,2,2022-05-17 09:03:50
1652778230108062000,27.75,1,27.7,280,27.85,11,1,2022-05-17 09:03:50
1652778230108062000,27.8,36,27.7,280,27.85,11,1,2022-05-17 09:03:50
1652778230108062000,27.85,22,27.7,280,27.85,11,1,2022-05-17 09:03:50
1652778230283012000,27.75,1,27.75,2,27.8,2,2,2022-05-17 09:03:50
1652778230814075000,27.8,1,27.75,9,27.8,17,1,2022-05-17 09:03:50
1652778230838037000,27.75,5,27.75,4,27.8,17,2,2022-05-17 09:03:50
1652778230921380000,27.8,1,27.75,8,27.8,16,1,2022-05-17 09:03:50
1652778231062805000,27.8,1,27.75,8,27.8,15,1,2022-05-17 09:03:51
1652778231207109000,27.8,5,27.75,11,27.8,10,1,2022-05-17 09:03:51
1652778231359866000,27.8,10,27.8,10,27.85,6,1,2022-05-17 09:03:51
1652778231731470000,27.8,5,27.8,45,27.85,6,2,2022-05-17 09:03:51
1652778231757763000,27.8,1,27.8,44,27.85,6,2,2022-05-17 09:03:51
1652778232032658000,27.85,1,27.8,49,27.85,5,1,2022-05-17 09:03:52
1652778232356598000,27.8,1,27.8,48,27.85,5,2,2022-05-17 09:03:52
1652778232572717000,27.85,2,27.8,68,27.85,3,1,2022-05-17 09:03:52
1652778232629536000,27.8,1,27.8,67,27.85,3,2,2022-05-17 09:03:52
1652778232729979000,27.8,20,27.8,47,27.85,3,2,2022-05-17 09:03:52
1652778232730893000,27.85,2,27.8,47,27.85,1,1,2022-05-17 09:03:52
1652778232952960000,27.85,2,27.8,48,27.85,4,1,2022-05-17 09:03:52
1652778233710513000,27.85,1,27.8,48,27.85,6,1,2022-05-17 09:03:53
1652778233824889000,27.85,1,27.8,48,27.85,5,1,2022-05-17 09:03:53
1652778233962133000,27.85,5,27.8,48,27.9,24,1,2022-05-17 09:03:53
1652778235067091000,27.85,2,27.8,49,27.85,1,1,2022-05-17 09:03:55
1652778235467490000,27.85,1,27.8,49,27.85,2,1,2022-05-17 09:03:55
1652778235500504000,27.85,1,27.8,49,27.85,1,1,2022-05-17 09:03:55
1652778235548670000,27.85,1,27.85,31,27.9,29,1,2022-05-17 09:03:55
1652778235685667000,27.9,1,27.85,31,27.9,29,1,2022-05-17 09:03:55
1652778235745411000,27.9,3,27.85,31,27.9,26,1,2022-05-17 09:03:55
1652778235747523000,27.85,3,27.85,28,27.9,26,2,2022-05-17 09:03:55
1652778235820314000,27.9,2,27.85,28,27.9,24,1,2022-05-17 09:03:55
1652778235888607000,27.9,10,27.85,28,27.9,14,1,2022-05-17 09:03:55
1652778235967469000,27.85,3,27.85,25,27.9,14,2,2022-05-17 09:03:55
1652778236037581000,27.85,5,27.85,21,27.9,14,2,2022-05-17 09:03:56
1652778236073640000,27.85,21,27.8,49,27.9,14,2,2022-05-17 09:03:56
1652778236142714000,27.85,1,27.85,9,27.9,18,2,2022-05-17 09:03:56
1652778236485956000,27.9,2,27.85,9,27.9,16,1,2022-05-17 09:03:56
1652778236486150000,27.9,1,27.85,9,27.9,15,1,2022-05-17 09:03:56
1652778236486303000,27.9,2,27.85,9,27.9,13,1,2022-05-17 09:03:56
1652778236486508000,27.9,2,27.85,9,27.9,11,1,2022-05-17 09:03:56
1652778236486652000,27.9,3,27.85,9,27.9,8,1,2022-05-17 09:03:56
1652778236566799000,27.9,6,27.85,9,27.9,2,1,2022-05-17 09:03:56
1652778236648241000,27.85,1,27.85,8,27.9,5,2,2022-05-17 09:03:56
1652778236741958000,27.9,9,27.85,8,27.95,51,1,2022-05-17 09:03:56
1652778236741958000,27.95,1,27.85,8,27.95,51,1,2022-05-17 09:03:56
1652778236854804000,27.9,1,27.85,8,27.95,51,2,2022-05-17 09:03:56
1652778237005025000,27.9,2,27.9,8,27.95,51,2,2022-05-17 09:03:57
1652778237005606000,27.95,10,27.9,8,27.95,41,1,2022-05-17 09:03:57
1652778237024350000,27.9,3,27.9,5,27.95,41,2,2022-05-17 09:03:57
1652778237062859000,27.9,2,27.9,3,27.95,41,2,2022-05-17 09:03:57
1652778237169249000,27.9,4,27.85,9,27.9,1,2,2022-05-17 09:03:57
1652778237402899000,27.9,1,27.85,9,27.95,41,1,2022-05-17 09:03:57
1652778237549022000,27.95,5,27.85,9,27.95,36,1,2022-05-17 09:03:57
1652778237549170000,27.95,5,27.85,9,27.95,31,1,2022-05-17 09:03:57
1652778237572036000,27.95,31,27.85,9,28.0,85,1,2022-05-17 09:03:57
1652778237572036000,28.0,69,27.85,9,28.0,85,1,2022-05-17 09:03:57
1652778237615918000,28.0,1,27.85,9,28.0,84,1,2022-05-17 09:03:57
1652778237631932000,28.0,4,27.85,9,28.0,80,1,2022-05-17 09:03:57
1652778237677423000,27.85,5,27.85,4,28.0,80,2,2022-05-17 09:03:57
1652778238053109000,27.9,1,27.95,5,28.0,80,1,2022-05-17 09:03:58
1652778238053109000,27.95,1,27.95,5,28.0,80,1,2022-05-17 09:03:58
1652778238083934000,28.0,3,27.95,8,28.0,77,1,2022-05-17 09:03:58
1652778238107740000,27.95,1,27.95,7,28.0,77,2,2022-05-17 09:03:58
1652778238236769000,27.95,5,27.95,2,28.0,77,2,2022-05-17 09:03:58
1652778238481408000,27.95,2,27.85,36,28.0,77,2,2022-05-17 09:03:58
1652778238811306000,27.95,1,27.85,62,27.95,4,1,2022-05-17 09:03:58
1652778238946389000,27.95,4,27.85,68,28.0,76,1,2022-05-17 09:03:58
1652778238946389000,28.0,6,27.85,68,28.0,76,1,2022-05-17 09:03:58
1652778239010603000,27.9,1,27.85,68,28.0,76,1,2022-05-17 09:03:59
1652778239323910000,27.95,10,27.95,20,28.0,83,2,2022-05-17 09:03:59
1652778239561685000,27.95,1,27.95,22,28.0,88,2,2022-05-17 09:03:59
1652778239619066000,28.0,1,27.95,22,28.0,90,1,2022-05-17 09:03:59
1652778239970597000,28.0,5,27.95,22,28.0,95,1,2022-05-17 09:03:59
1652778240049385000,27.95,5,27.95,17,28.0,95,2,2022-05-17 09:04:00
1652778240082036000,27.95,17,27.9,22,28.0,96,2,2022-05-17 09:04:00
1652778240538013000,28.0,1,27.9,22,28.0,96,1,2022-05-17 09:04:00
1652778240648142000,28.0,2,27.9,22,28.0,94,1,2022-05-17 09:04:00
1652778240907770000,28.0,2,27.9,22,28.0,92,1,2022-05-17 09:04:00
1652778241098724000,28.0,1,27.95,2,28.0,91,1,2022-05-17 09:04:01
1652778241639229000,28.0,5,27.95,2,28.0,88,1,2022-05-17 09:04:01
1652778241816005000,28.0,1,27.95,2,28.0,87,1,2022-05-17 09:04:01
1652778242009426000,28.0,1,27.95,5,28.0,86,1,2022-05-17 09:04:02
1652778242078513000,28.0,10,27.95,6,28.0,76,1,2022-05-17 09:04:02
1652778242219706000,28.0,76,28.0,19,28.05,42,1,2022-05-17 09:04:02
1652778242383160000,28.05,42,28.0,19,28.1,33,1,2022-05-17 09:04:02
1652778242383160000,28.1,18,28.0,19,28.1,33,1,2022-05-17 09:04:02
1652778242385968000,28.1,1,28.0,19,28.1,32,1,2022-05-17 09:04:02
1652778242572202000,28.1,5,28.0,20,28.1,31,1,2022-05-17 09:04:02
1652778242611803000,28.1,1,28.0,20,28.1,33,1,2022-05-17 09:04:02
1652778242638782000,28.1,1,28.0,20,28.1,32,1,2022-05-17 09:04:02
1652778242654129000,28.1,1,28.0,20,28.1,31,1,2022-05-17 09:04:02
1652778242686243000,28.1,1,28.0,22,28.1,30,1,2022-05-17 09:04:02
1652778242718349000,28.1,1,28.0,22,28.1,29,1,2022-05-17 09:04:02
1652778242751066000,28.1,5,28.0,22,28.1,24,1,2022-05-17 09:04:02
1652778242770466000,28.05,1,28.0,22,28.1,24,1,2022-05-17 09:04:02
1652778242886521000,28.1,1,28.0,24,28.1,23,1,2022-05-17 09:04:02
1652778242934066000,28.0,3,28.0,22,28.1,23,2,2022-05-17 09:04:02
1652778242988986000,28.0,2,28.0,20,28.1,23,2,2022-05-17 09:04:02
1652778243233561000,28.0,1,28.0,31,28.1,23,2,2022-05-17 09:04:03
1652778243277260000,28.1,2,28.0,32,28.1,21,1,2022-05-17 09:04:03
1652778243399160000,28.1,1,28.0,37,28.1,20,1,2022-05-17 09:04:03
1652778243551406000,28.0,1,28.0,41,28.1,20,2,2022-05-17 09:04:03
1652778243886078000,28.1,10,28.0,41,28.1,10,1,2022-05-17 09:04:03
1652778244132450000,28.1,7,28.0,77,28.1,3,1,2022-05-17 09:04:04
1652778244240255000,28.1,3,28.0,77,28.15,22,1,2022-05-17 09:04:04
1652778244240255000,28.15,27,28.0,77,28.15,22,1,2022-05-17 09:04:04
1652778244482559000,28.15,2,28.05,1,28.15,25,1,2022-05-17 09:04:04
1652778245057482000,28.1,5,28.05,11,28.1,5,1,2022-05-17 09:04:05
1652778245217964000,28.1,1,28.05,11,28.1,4,1,2022-05-17 09:04:05
1652778245275473000,28.1,3,28.05,16,28.1,6,1,2022-05-17 09:04:05
1652778245385735000,28.1,3,28.05,16,28.1,3,1,2022-05-17 09:04:05
1652778245416378000,28.05,1,28.05,15,28.1,3,2,2022-05-17 09:04:05
1652778245591288000,28.1,3,28.05,15,28.15,25,1,2022-05-17 09:04:05
1652778245865076000,28.1,3,28.1,4,28.15,26,1,2022-05-17 09:04:05
1652778246022253000,28.15,1,28.1,4,28.15,25,1,2022-05-17 09:04:06
1652778246105478000,28.15,1,28.1,4,28.15,24,1,2022-05-17 09:04:06
1652778246129845000,28.15,5,28.1,4,28.15,19,1,2022-05-17 09:04:06
1652778246246854000,28.15,1,28.1,4,28.15,18,1,2022-05-17 09:04:06
1652778246413519000,28.1,1,28.1,3,28.15,18,2,2022-05-17 09:04:06
1652778246414506000,28.15,2,28.1,3,28.15,16,1,2022-05-17 09:04:06
1652778246446587000,28.1,3,28.1,5,28.15,16,2,2022-05-17 09:04:06
1652778246487120000,28.15,10,28.1,5,28.15,6,1,2022-05-17 09:04:06
1652778246689870000,28.15,1,28.1,9,28.15,5,1,2022-05-17 09:04:06
1652778246787225000,28.15,5,28.1,9,28.2,31,1,2022-05-17 09:04:06
1652778246787225000,28.2,5,28.1,9,28.2,31,1,2022-05-17 09:04:06
1652778246800618000,28.2,1,28.1,9,28.2,30,1,2022-05-17 09:04:06
1652778246806811000,28.2,2,28.1,9,28.2,28,1,2022-05-17 09:04:06
1652778246860444000,28.1,5,28.1,5,28.2,28,2,2022-05-17 09:04:06
1652778247314727000,28.15,2,28.1,25,28.2,33,1,2022-05-17 09:04:07
1652778247314727000,28.2,3,28.1,25,28.2,33,1,2022-05-17 09:04:07
1652778247412163000,28.1,1,28.1,25,28.2,33,2,2022-05-17 09:04:07
1652778247413186000,28.2,2,28.1,25,28.2,31,1,2022-05-17 09:04:07
1652778247840123000,28.2,1,28.1,35,28.2,30,1,2022-05-17 09:04:07
1652778247842396000,28.2,1,28.1,35,28.2,29,1,2022-05-17 09:04:07
1652778247880728000,28.2,5,28.1,35,28.2,24,1,2022-05-17 09:04:07
1652778248129333000,28.1,1,28.1,35,28.15,1,2,2022-05-17 09:04:08
1652778248210366000,28.15,1,28.1,35,28.2,24,1,2022-05-17 09:04:08
1652778248516786000,28.1,1,28.1,34,28.15,10,2,2022-05-17 09:04:08
1652778248629016000,28.1,1,28.1,33,28.15,10,2,2022-05-17 09:04:08
1652778248695940000,28.1,1,28.1,32,28.15,14,2,2022-05-17 09:04:08
1652778248765689000,28.1,6,28.1,26,28.15,14,2,2022-05-17 09:04:08
1652778248784311000,28.1,1,28.1,25,28.15,14,2,2022-05-17 09:04:08
1652778248973923000,28.15,1,28.1,29,28.15,13,1,2022-05-17 09:04:08
1652778249029009000,28.1,20,28.1,9,28.15,13,2,2022-05-17 09:04:09
1652778249049813000,28.15,1,28.1,10,28.15,12,1,2022-05-17 09:04:09
1652778249062217000,28.1,9,28.1,1,28.15,12,2,2022-05-17 09:04:09
1652778249103246000,28.1,1,28.05,19,28.15,12,2,2022-05-17 09:04:09
1652778249108912000,28.15,1,28.05,19,28.15,11,1,2022-05-17 09:04:09
1652778249137810000,28.15,1,28.05,4,28.15,10,1,2022-05-17 09:04:09
1652778249306585000,28.1,4,28.05,4,28.15,20,2,2022-05-17 09:04:09
1652778249444606000,28.15,2,28.05,4,28.15,25,1,2022-05-17 09:04:09
1652778249645131000,28.05,1,28.05,8,28.1,8,2,2022-05-17 09:04:09
1652778249645159000,28.1,1,28.05,8,28.1,7,1,2022-05-17 09:04:09
1652778249710060000,28.1,2,28.05,8,28.1,5,1,2022-05-17 09:04:09
1652778249800503000,28.05,7,28.0,121,28.1,31,2,2022-05-17 09:04:09
1652778249887007000,28.05,1,28.0,121,28.1,22,1,2022-05-17 09:04:09
1652778249887007000,28.1,9,28.0,121,28.1,22,1,2022-05-17 09:04:09
1652778249926867000,28.1,10,28.0,121,28.1,27,1,2022-05-17 09:04:09
1652778250085837000,28.0,25,28.0,96,28.05,61,2,2022-05-17 09:04:10
1652778250117778000,28.0,56,28.0,40,28.05,61,2,2022-05-17 09:04:10
1652778250123403000,28.0,1,28.0,39,28.05,61,2,2022-05-17 09:04:10
1652778250137531000,28.0,11,28.0,28,28.05,61,2,2022-05-17 09:04:10
1652778250147373000,28.05,5,28.0,28,28.05,56,1,2022-05-17 09:04:10
1652778250152902000,28.05,2,28.0,28,28.05,54,1,2022-05-17 09:04:10
1652778250165922000,28.05,1,28.0,28,28.05,53,1,2022-05-17 09:04:10
1652778250169451000,28.0,1,28.0,27,28.05,53,2,2022-05-17 09:04:10
1652778250173059000,28.0,5,28.0,22,28.05,53,2,2022-05-17 09:04:10
1652778250181195000,28.0,4,28.0,18,28.05,53,2,2022-05-17 09:04:10
1652778250256358000,28.05,1,28.0,19,28.05,52,1,2022-05-17 09:04:10
1652778250256883000,28.0,4,28.0,15,28.05,52,2,2022-05-17 09:04:10
1652778250264871000,28.05,7,28.0,15,28.05,45,1,2022-05-17 09:04:10
1652778250277103000,28.05,10,28.0,15,28.05,35,1,2022-05-17 09:04:10
1652778250391826000,28.05,1,28.0,15,28.05,44,1,2022-05-17 09:04:10
1652778250404457000,28.05,2,28.0,15,28.05,46,1,2022-05-17 09:04:10
1652778250556984000,28.0,1,28.0,14,28.05,106,2,2022-05-17 09:04:10
1652778250567737000,28.05,1,28.0,14,28.05,105,1,2022-05-17 09:04:10
1652778250577447000,28.05,1,28.0,14,28.05,104,1,2022-05-17 09:04:10
1652778250589628000,28.0,5,28.0,9,28.05,119,2,2022-05-17 09:04:10
1652778250614943000,28.05,1,28.0,9,28.05,118,1,2022-05-17 09:04:10
1652778250622451000,28.0,8,28.0,1,28.05,118,2,2022-05-17 09:04:10
1652778250652433000,28.05,2,28.0,1,28.05,116,1,2022-05-17 09:04:10
1652778250667483000,28.0,1,27.95,70,28.0,19,2,2022-05-17 09:04:10
1652778250765862000,27.95,1,27.95,69,28.0,19,2,2022-05-17 09:04:10
1652778250786100000,28.0,1,27.95,69,28.0,18,1,2022-05-17 09:04:10
1652778250977871000,28.0,1,27.95,69,28.0,37,1,2022-05-17 09:04:10
1652778251020929000,28.0,1,27.95,69,28.0,43,1,2022-05-17 09:04:11
1652778251029257000,27.95,10,27.95,59,28.0,43,2,2022-05-17 09:04:11
1652778251053038000,28.0,1,27.95,59,28.0,42,1,2022-05-17 09:04:11
1652778251114372000,28.0,10,27.95,59,28.0,32,1,2022-05-17 09:04:11
1652778251164496000,28.0,10,27.95,59,28.0,32,1,2022-05-17 09:04:11
1652778251270585000,28.0,1,27.95,59,28.0,46,1,2022-05-17 09:04:11
1652778251534777000,27.95,2,27.95,57,28.0,77,2,2022-05-17 09:04:11
1652778251591785000,28.0,2,27.95,57,28.0,80,1,2022-05-17 09:04:11
1652778251642328000,28.0,1,27.95,57,28.0,79,1,2022-05-17 09:04:11
1652778251783988000,27.95,10,27.95,47,28.0,83,2,2022-05-17 09:04:11
1652778251831481000,28.0,1,27.95,47,28.0,82,1,2022-05-17 09:04:11
1652778251902017000,27.95,1,27.95,46,28.0,82,2,2022-05-17 09:04:11
1652778251970572000,27.95,7,27.95,39,28.0,92,2,2022-05-17 09:04:11
1652778251973029000,27.95,1,27.95,38,28.0,92,2,2022-05-17 09:04:11
1652778251973196000,27.95,2,27.95,36,28.0,92,2,2022-05-17 09:04:11
1652778252002765000,28.0,1,27.95,36,28.0,91,1,2022-05-17 09:04:12
1652778252041905000,28.0,1,27.95,36,28.0,95,1,2022-05-17 09:04:12
1652778252072809000,27.95,2,27.95,34,28.0,96,2,2022-05-17 09:04:12
1652778252097073000,27.95,1,27.95,33,28.0,96,2,2022-05-17 09:04:12
1652778252135361000,28.0,1,27.95,33,28.0,97,1,2022-05-17 09:04:12
1652778252339781000,28.0,10,27.95,32,28.0,68,1,2022-05-17 09:04:12
1652778252340080000,27.95,5,27.95,27,28.0,68,2,2022-05-17 09:04:12
1652778252342043000,28.0,1,27.95,27,28.0,67,1,2022-05-17 09:04:12
1652778252342944000,28.0,10,27.95,27,28.0,57,1,2022-05-17 09:04:12
1652778252378460000,28.0,24,27.95,27,28.0,33,1,2022-05-17 09:04:12
1652778252378477000,27.95,20,27.95,7,28.0,33,2,2022-05-17 09:04:12
1652778252430840000,28.0,10,27.95,7,28.0,33,1,2022-05-17 09:04:12
1652778252511828000,27.95,5,27.95,2,28.0,33,2,2022-05-17 09:04:12
1652778252700095000,28.0,5,27.95,2,28.0,48,1,2022-05-17 09:04:12
1652778252822559000,28.0,2,27.95,2,28.0,46,1,2022-05-17 09:04:12
1652778252892974000,28.0,1,27.95,3,28.0,45,1,2022-05-17 09:04:12
1652778252959069000,28.0,1,27.95,3,28.0,44,1,2022-05-17 09:04:12
1652778252965094000,27.95,1,27.95,2,28.0,44,2,2022-05-17 09:04:12
1652778253008753000,27.95,1,27.95,1,28.0,44,2,2022-05-17 09:04:13
1652778253199186000,28.0,30,27.95,1,28.0,14,1,2022-05-17 09:04:13
1652778253356977000,28.0,1,27.95,2,28.0,13,1,2022-05-17 09:04:13
1652778253453501000,28.0,5,27.95,2,28.0,8,1,2022-05-17 09:04:13
1652778253559749000,28.0,12,27.95,5,28.0,6,1,2022-05-17 09:04:13
1652778253642344000,28.0,1,27.95,5,28.0,5,1,2022-05-17 09:04:13
1652778253642858000,28.0,3,27.95,5,28.0,2,1,2022-05-17 09:04:13
1652778253728483000,28.0,1,27.95,5,28.0,1,1,2022-05-17 09:04:13
1652778253941834000,27.95,2,27.95,10,28.0,51,2,2022-05-17 09:04:13
1652778254279996000,27.95,10,27.9,14,28.0,70,2,2022-05-17 09:04:14
1652778254312840000,28.0,1,27.9,14,28.0,69,1,2022-05-17 09:04:14
1652778254731254000,27.95,1,27.9,14,28.0,73,2,2022-05-17 09:04:14
1652778254783344000,28.0,1,27.9,14,28.0,72,1,2022-05-17 09:04:14
1652778254849528000,27.95,1,27.9,19,27.95,26,1,2022-05-17 09:04:14
1652778254955905000,27.95,5,27.9,19,27.95,21,1,2022-05-17 09:04:14
1652778254973797000,27.95,5,27.9,19,27.95,16,1,2022-05-17 09:04:14
1652778254994524000,27.95,16,27.9,19,28.0,72,1,2022-05-17 09:04:14
1652778255002487000,27.9,1,27.9,18,28.0,72,2,2022-05-17 09:04:15
1652778255193639000,27.95,5,27.9,18,27.95,5,1,2022-05-17 09:04:15
1652778255222829000,27.95,5,27.9,18,28.0,77,1,2022-05-17 09:04:15
1652778255296746000,28.0,1,27.9,18,28.0,76,1,2022-05-17 09:04:15
1652778255389681000,27.95,2,27.9,18,27.95,23,1,2022-05-17 09:04:15
1652778255471384000,27.95,1,27.9,18,27.95,22,1,2022-05-17 09:04:15
1652778255756817000,27.95,5,27.9,13,27.95,17,1,2022-05-17 09:04:15
1652778255845149000,27.9,1,27.9,12,27.95,17,2,2022-05-17 09:04:15
1652778255878377000,27.95,1,27.9,12,27.95,16,1,2022-05-17 09:04:15
1652778255946123000,27.95,5,27.9,12,27.95,11,1,2022-05-17 09:04:15
1652778256056494000,27.95,2,27.9,12,27.95,9,1,2022-05-17 09:04:16
1652778256065703000,27.95,3,27.9,12,27.95,6,1,2022-05-17 09:04:16
1652778256091846000,27.95,6,27.9,12,28.0,79,1,2022-05-17 09:04:16
1652778256244802000,27.95,3,27.95,2,28.0,79,2,2022-05-17 09:04:16
1652778256264009000,28.0,1,27.95,2,28.0,78,1,2022-05-17 09:04:16
1652778256281013000,27.95,2,27.9,12,28.0,78,2,2022-05-17 09:04:16
1652778256433567000,28.0,1,27.95,6,28.0,77,1,2022-05-17 09:04:16
1652778256439649000,27.95,1,27.95,5,28.0,77,2,2022-05-17 09:04:16
1652778256558123000,28.0,5,27.95,6,28.0,72,1,2022-05-17 09:04:16
1652778256593490000,28.0,1,27.95,6,28.0,71,1,2022-05-17 09:04:16
1652778256624664000,28.0,1,27.95,6,28.0,70,1,2022-05-17 09:04:16
1652778256660144000,28.0,1,27.95,6,28.0,69,1,2022-05-17 09:04:16
1652778256774460000,28.0,3,27.95,6,28.0,67,1,2022-05-17 09:04:16
1652778256811347000,28.0,1,27.95,6,28.0,66,1,2022-05-17 09:04:16
1652778256822236000,28.0,1,27.95,6,28.0,65,1,2022-05-17 09:04:16
1652778256874630000,28.0,1,27.95,6,28.0,64,1,2022-05-17 09:04:16
1652778256904769000,28.0,1,27.95,6,28.0,64,1,2022-05-17 09:04:16
1652778257000749000,28.0,1,27.95,6,28.0,64,1,2022-05-17 09:04:17
1652778257275170000,28.0,1,27.95,6,28.0,63,1,2022-05-17 09:04:17
1652778257333199000,28.0,10,27.95,6,28.0,54,1,2022-05-17 09:04:17
1652778257534602000,27.95,1,27.95,5,28.0,55,2,2022-05-17 09:04:17
1652778257695157000,28.0,1,27.95,5,28.0,57,1,2022-05-17 09:04:17
1652778257812395000,28.0,1,27.95,5,28.0,56,1,2022-05-17 09:04:17
1652778257996974000,27.95,5,27.95,5,28.0,56,2,2022-05-17 09:04:17
1652778258245116000,28.0,1,27.95,5,28.0,55,1,2022-05-17 09:04:18
1652778258679724000,28.0,1,27.95,10,28.0,57,1,2022-05-17 09:04:18
1652778258783208000,28.0,1,27.95,12,28.0,56,1,2022-05-17 09:04:18
1652778258905429000,28.0,1,27.95,12,28.0,55,1,2022-05-17 09:04:18
1652778258909858000,27.95,4,27.95,8,28.0,55,2,2022-05-17 09:04:18
1652778258956285000,27.95,1,27.95,7,28.0,65,2,2022-05-17 09:04:18
1652778259219742000,27.95,1,27.95,8,28.0,65,2,2022-05-17 09:04:19
1652778259492860000,28.0,5,27.95,25,28.0,60,1,2022-05-17 09:04:19
1652778259525925000,28.0,1,27.95,25,28.0,59,1,2022-05-17 09:04:19
1652778259643280000,28.0,1,27.95,25,28.0,58,1,2022-05-17 09:04:19
1652778259675958000,28.0,1,27.95,35,28.0,57,1,2022-05-17 09:04:19
1652778259708517000,28.0,31,27.95,36,28.0,26,1,2022-05-17 09:04:19
1652778259741463000,28.0,19,27.95,36,28.0,7,1,2022-05-17 09:04:19
1652778259836812000,27.95,5,27.95,32,28.0,8,2,2022-05-17 09:04:19
1652778259988065000,28.0,8,27.95,37,28.05,9,1,2022-05-17 09:04:19
1652778259988065000,28.05,7,27.95,37,28.05,9,1,2022-05-17 09:04:19
1652778259990717000,27.95,2,27.95,35,28.05,9,2,2022-05-17 09:04:19
1652778260007658000,27.95,1,27.95,34,28.05,9,2,2022-05-17 09:04:20
1652778260016777000,27.95,5,27.95,29,28.05,9,2,2022-05-17 09:04:20
1652778260099201000,27.95,1,27.95,30,28.0,100,2,2022-05-17 09:04:20
1652778260124463000,28.0,2,27.95,30,28.0,98,1,2022-05-17 09:04:20
1652778260220858000,28.0,5,27.95,70,28.0,93,1,2022-05-17 09:04:20
1652778260247120000,28.0,2,27.95,70,28.0,91,1,2022-05-17 09:04:20
1652778260251784000,28.0,20,27.95,70,28.0,71,1,2022-05-17 09:04:20
1652778260315830000,28.0,20,27.95,70,28.0,51,1,2022-05-17 09:04:20
1652778260378427000,28.0,3,27.95,70,28.0,48,1,2022-05-17 09:04:20
1652778260382483000,28.0,1,27.95,70,28.0,47,1,2022-05-17 09:04:20
1652778260428758000,28.0,5,27.95,73,28.0,42,1,2022-05-17 09:04:20
1652778260431205000,28.0,10,27.95,73,28.0,32,1,2022-05-17 09:04:20
1652778260451891000,28.0,2,27.95,73,28.0,30,1,2022-05-17 09:04:20
1652778260472918000,28.0,2,27.95,73,28.0,28,1,2022-05-17 09:04:20
1652778260536747000,28.0,3,27.95,78,28.0,25,1,2022-05-17 09:04:20
1652778260566503000,28.0,3,27.95,78,28.0,22,1,2022-05-17 09:04:20
1652778260620440000,28.0,20,27.95,78,28.0,7,1,2022-05-17 09:04:20
1652778260652671000,28.0,2,27.95,78,28.0,5,1,2022-05-17 09:04:20
1652778260652731000,28.0,2,27.95,78,28.0,3,1,2022-05-17 09:04:20
1652778260751946000,27.95,3,27.95,75,28.0,16,2,2022-05-17 09:04:20
1652778260978084000,27.95,1,27.95,81,28.0,16,2,2022-05-17 09:04:20
1652778261065799000,28.0,2,27.95,82,28.0,14,1,2022-05-17 09:04:21
1652778261138543000,28.0,14,28.0,6,28.05,14,1,2022-05-17 09:04:21
1652778261304372000,28.0,2,28.0,4,28.05,14,2,2022-05-17 09:04:21
1652778261338027000,28.0,3,28.0,1,28.05,14,2,2022-05-17 09:04:21
1652778261505596000,28.05,10,28.0,23,28.05,4,1,2022-05-17 09:04:21
1652778261578487000,28.0,1,28.0,22,28.05,1,2,2022-05-17 09:04:21
1652778261599899000,28.0,3,28.0,19,28.05,1,2,2022-05-17 09:04:21
1652778262005011000,28.05,1,28.05,19,28.1,65,1,2022-05-17 09:04:22
1652778262037855000,28.05,19,28.0,20,28.1,65,2,2022-05-17 09:04:22
1652778262084713000,28.0,1,28.0,19,28.1,65,2,2022-05-17 09:04:22
1652778262325251000,28.0,1,28.0,19,28.1,65,2,2022-05-17 09:04:22
1652778262370491000,28.1,1,28.0,19,28.1,64,1,2022-05-17 09:04:22
1652778262378119000,28.0,1,28.0,18,28.1,64,2,2022-05-17 09:04:22
1652778262579723000,28.1,1,28.0,29,28.1,59,1,2022-05-17 09:04:22
1652778262815796000,28.0,1,28.0,28,28.1,59,2,2022-05-17 09:04:22
1652778262939912000,28.1,1,28.05,2,28.1,58,1,2022-05-17 09:04:22
1652778263748374000,28.05,7,28.0,32,28.1,52,2,2022-05-17 09:04:23
1652778263785544000,28.1,1,28.0,32,28.1,51,1,2022-05-17 09:04:23
1652778263952250000,28.1,10,28.05,1,28.1,41,1,2022-05-17 09:04:23
1652778263958145000,28.1,10,28.05,1,28.1,31,1,2022-05-17 09:04:23
1652778264511315000,28.05,1,28.0,34,28.1,31,2,2022-05-17 09:04:24
1652778265041368000,28.1,2,28.05,8,28.1,29,1,2022-05-17 09:04:25
1652778265117987000,28.05,2,28.05,11,28.1,29,2,2022-05-17 09:04:25
1652778265207387000,28.05,10,28.05,3,28.1,29,2,2022-05-17 09:04:25
1652778265323908000,28.1,1,28.05,3,28.1,29,1,2022-05-17 09:04:25
1652778265864979000,28.1,15,28.05,4,28.1,17,1,2022-05-17 09:04:25
1652778265920082000,28.05,2,28.05,2,28.1,17,2,2022-05-17 09:04:25
1652778266049086000,28.1,17,28.1,3,28.15,25,1,2022-05-17 09:04:26
1652778266078754000,28.1,3,28.05,2,28.15,25,2,2022-05-17 09:04:26
1652778266174601000,28.15,1,28.05,2,28.15,21,1,2022-05-17 09:04:26
1652778266204230000,28.1,1,28.05,2,28.15,21,2,2022-05-17 09:04:26
1652778266259266000,28.05,1,28.05,4,28.15,21,2,2022-05-17 09:04:26
1652778266416348000,28.15,2,28.05,6,28.15,19,1,2022-05-17 09:04:26
1652778267066978000,28.15,2,28.1,22,28.15,19,1,2022-05-17 09:04:27
1652778267070077000,28.15,1,28.1,22,28.15,18,1,2022-05-17 09:04:27
1652778267070968000,28.1,1,28.1,21,28.15,18,2,2022-05-17 09:04:27
1652778267211541000,28.1,1,28.1,20,28.15,18,2,2022-05-17 09:04:27
1652778267537295000,28.15,18,28.15,2,28.2,54,1,2022-05-17 09:04:27
1652778267741953000,28.15,1,28.15,1,28.2,54,2,2022-05-17 09:04:27
1652778267921454000,28.15,1,28.15,22,28.2,54,2,2022-05-17 09:04:27
1652778268194849000,28.15,5,28.15,20,28.2,54,2,2022-05-17 09:04:28
1652778268368500000,28.2,2,28.15,20,28.2,52,1,2022-05-17 09:04:28
1652778268376873000,28.15,3,28.15,17,28.2,52,2,2022-05-17 09:04:28
1652778268401092000,28.15,17,28.1,24,28.2,52,2,2022-05-17 09:04:28
1652778268552371000,28.2,5,28.1,64,28.2,47,1,2022-05-17 09:04:28
1652778268695818000,28.2,20,28.1,64,28.2,27,1,2022-05-17 09:04:28
1652778268888474000,28.1,2,28.1,61,28.2,27,2,2022-05-17 09:04:28
1652778268974189000,28.1,1,28.1,60,28.2,27,2,2022-05-17 09:04:28
1652778269152159000,28.1,1,28.1,59,28.15,101,2,2022-05-17 09:04:29
1652778269360116000,28.1,1,28.1,68,28.15,101,2,2022-05-17 09:04:29
1652778269372545000,28.15,5,28.1,68,28.15,96,1,2022-05-17 09:04:29
1652778269559354000,28.15,40,28.1,74,28.15,56,1,2022-05-17 09:04:29
1652778269621744000,28.1,1,28.1,60,28.15,56,2,2022-05-17 09:04:29
1652778270063702000,28.1,5,28.1,57,28.15,63,2,2022-05-17 09:04:30
1652778270331168000,28.15,1,28.1,57,28.15,63,1,2022-05-17 09:04:30
1652778270364940000,28.15,1,28.1,57,28.15,62,1,2022-05-17 09:04:30
1652778270427835000,28.1,10,28.1,47,28.15,62,2,2022-05-17 09:04:30
1652778270516272000,28.15,2,28.1,47,28.15,60,1,2022-05-17 09:04:30
1652778270541829000,28.1,15,28.1,32,28.15,60,2,2022-05-17 09:04:30
1652778270575843000,28.1,31,28.1,1,28.15,60,2,2022-05-17 09:04:30
1652778270576002000,28.1,1,28.05,27,28.15,60,2,2022-05-17 09:04:30
1652778270776239000,28.1,6,28.05,28,28.1,1,1,2022-05-17 09:04:30
1652778270814344000,28.05,1,28.05,27,28.1,1,2,2022-05-17 09:04:30
1652778270932529000,28.1,4,28.1,1,28.15,65,1,2022-05-17 09:04:30
1652778270988724000,28.15,1,28.1,3,28.15,64,1,2022-05-17 09:04:30
1652778271117200000,28.15,2,28.1,3,28.15,62,1,2022-05-17 09:04:31
1652778271219578000,28.1,4,28.05,32,28.15,62,2,2022-05-17 09:04:31
1652778271364133000,28.1,1,28.05,32,28.1,4,1,2022-05-17 09:04:31
1652778271638109000,28.05,2,28.05,30,28.1,7,2,2022-05-17 09:04:31
1652778272102228000,28.1,1,28.05,30,28.1,12,1,2022-05-17 09:04:32
1652778272157656000,28.1,1,28.05,28,28.1,21,1,2022-05-17 09:04:32
1652778272211142000,28.05,20,28.05,8,28.1,21,2,2022-05-17 09:04:32
1652778272240963000,28.05,8,28.0,54,28.1,21,2,2022-05-17 09:04:32
1652778272245109000,28.1,1,28.0,54,28.1,20,1,2022-05-17 09:04:32
1652778272247849000,28.1,1,28.0,54,28.1,19,1,2022-05-17 09:04:32
1652778272264344000,28.1,2,28.0,54,28.1,17,1,2022-05-17 09:04:32
1652778272270998000,28.1,1,28.0,54,28.1,16,1,2022-05-17 09:04:32
1652778272275567000,28.1,3,28.0,54,28.1,13,1,2022-05-17 09:04:32
1652778272441598000,28.1,1,28.0,57,28.1,29,1,2022-05-17 09:04:32
1652778272480463000,28.1,3,28.0,57,28.1,26,1,2022-05-17 09:04:32
1652778272499839000,28.1,2,28.0,57,28.1,24,1,2022-05-17 09:04:32
1652778272549014000,28.1,4,28.0,57,28.1,20,1,2022-05-17 09:04:32
1652778272576747000,28.1,1,28.0,57,28.1,19,1,2022-05-17 09:04:32
1652778272655880000,28.05,1,28.0,57,28.05,19,1,2022-05-17 09:04:32
1652778273062780000,28.05,10,28.0,58,28.05,12,1,2022-05-17 09:04:33
1652778273463920000,28.05,4,28.0,59,28.05,25,1,2022-05-17 09:04:33
1652778273611768000,28.0,7,28.0,55,28.05,25,2,2022-05-17 09:04:33
1652778273630502000,28.0,3,28.0,52,28.05,25,2,2022-05-17 09:04:33
1652778273695801000,28.0,1,28.0,51,28.05,25,2,2022-05-17 09:04:33
1652778273715497000,28.0,16,28.0,35,28.05,35,2,2022-05-17 09:04:33
1652778273738289000,28.0,24,28.0,12,28.05,35,2,2022-05-17 09:04:33
1652778273764229000,28.0,1,28.0,18,28.05,35,2,2022-05-17 09:04:33
1652778273820848000,28.05,1,28.0,18,28.05,34,1,2022-05-17 09:04:33
1652778273828949000,28.0,18,27.95,78,28.0,7,2,2022-05-17 09:04:33
1652778273932759000,28.0,5,27.95,78,28.0,4,1,2022-05-17 09:04:33
1652778274001835000,28.0,1,27.95,78,28.0,3,1,2022-05-17 09:04:34
1652778274072004000,28.0,3,27.95,78,28.05,33,1,2022-05-17 09:04:34
1652778274072004000,28.05,2,27.95,78,28.05,33,1,2022-05-17 09:04:34
1652778274156825000,28.0,1,27.95,78,28.0,9,1,2022-05-17 09:04:34
1652778274337055000,28.0,1,27.95,78,28.0,28,1,2022-05-17 09:04:34
1652778274568835000,28.0,1,27.95,78,28.0,27,1,2022-05-17 09:04:34
1652778274577654000,28.0,1,27.95,78,28.0,26,1,2022-05-17 09:04:34
1652778274606932000,28.0,10,27.95,78,28.0,16,1,2022-05-17 09:04:34
1652778274648808000,28.0,1,27.95,78,28.0,15,1,2022-05-17 09:04:34
1652778274712087000,28.0,3,27.95,78,28.0,12,1,2022-05-17 09:04:34
1652778274994797000,28.0,5,27.95,78,28.0,8,1,2022-05-17 09:04:34
1652778275134236000,27.95,6,27.95,72,28.0,10,2,2022-05-17 09:04:35
1652778275193471000,28.0,1,27.95,72,28.0,9,1,2022-05-17 09:04:35
1652778275291005000,28.0,9,28.0,1,28.05,48,1,2022-05-17 09:04:35
1652778275429293000,28.0,1,27.95,66,28.05,48,2,2022-05-17 09:04:35
1652778275429293000,27.95,6,27.95,66,28.05,48,2,2022-05-17 09:04:35
1652778275461582000,28.05,5,27.95,66,28.05,43,1,2022-05-17 09:04:35
1652778276166458000,28.0,5,27.95,66,28.0,4,1,2022-05-17 09:04:36
1652778276199303000,28.0,3,27.95,66,28.0,1,1,2022-05-17 09:04:36
1652778276302072000,27.95,6,27.95,60,28.0,1,2,2022-05-17 09:04:36
1652778276332819000,28.0,1,27.95,60,28.05,32,1,2022-05-17 09:04:36
1652778276332819000,28.05,2,27.95,60,28.05,32,1,2022-05-17 09:04:36
1652778276347861000,27.95,5,27.95,55,28.05,32,2,2022-05-17 09:04:36
1652778276766559000,28.05,1,28.0,3,28.05,31,1,2022-05-17 09:04:36
1652778276859524000,28.0,1,28.0,2,28.05,31,2,2022-05-17 09:04:36
1652778276960343000,28.0,2,27.95,55,28.05,31,2,2022-05-17 09:04:36
1652778277173140000,28.05,10,28.0,34,28.05,21,1,2022-05-17 09:04:37
1652778277235012000,28.0,7,28.0,28,28.05,21,2,2022-05-17 09:04:37
1652778277273754000,28.0,1,28.0,27,28.05,21,2,2022-05-17 09:04:37
1652778277405138000,28.0,7,28.0,23,28.05,21,2,2022-05-17 09:04:37
1652778277449601000,28.0,6,28.0,18,28.05,21,2,2022-05-17 09:04:37
1652778277691059000,28.0,1,28.0,18,28.05,51,2,2022-05-17 09:04:37
1652778277926889000,28.05,3,28.0,19,28.05,48,1,2022-05-17 09:04:37
1652778278012602000,28.0,10,28.0,18,28.05,48,2,2022-05-17 09:04:38
1652778278074977000,28.0,2,28.0,16,28.05,43,2,2022-05-17 09:04:38
1652778278289517000,28.05,1,28.0,21,28.05,44,1,2022-05-17 09:04:38
1652778278359171000,28.05,2,28.0,22,28.05,42,1,2022-05-17 09:04:38
1652778278432023000,28.05,5,28.0,22,28.05,52,1,2022-05-17 09:04:38
1652778278625782000,28.0,1,28.0,21,28.05,52,2,2022-05-17 09:04:38
1652778278891500000,28.05,10,28.0,35,28.05,45,1,2022-05-17 09:04:38
1652778278897597000,28.0,1,28.0,34,28.05,45,2,2022-05-17 09:04:38
1652778278990600000,28.0,1,28.0,34,28.05,45,2,2022-05-17 09:04:38
1652778279076610000,28.05,15,28.0,34,28.05,30,1,2022-05-17 09:04:39
1652778279147444000,28.05,2,28.0,36,28.05,28,1,2022-05-17 09:04:39
1652778279223987000,28.0,5,28.0,32,28.05,29,2,2022-05-17 09:04:39
1652778279489177000,28.0,10,28.0,33,28.05,29,2,2022-05-17 09:04:39
1652778279546151000,28.0,20,28.0,13,28.05,29,2,2022-05-17 09:04:39
1652778279697770000,28.05,1,28.0,13,28.05,28,1,2022-05-17 09:04:39
1652778279918843000,28.0,10,28.0,4,28.05,28,2,2022-05-17 09:04:39
1652778280205953000,28.0,1,28.0,7,28.05,32,2,2022-05-17 09:04:40
1652778280226945000,28.0,5,28.0,2,28.05,32,2,2022-05-17 09:04:40
1652778280381117000,28.0,1,28.0,1,28.05,32,2,2022-05-17 09:04:40
1652778280564214000,28.0,1,27.95,68,28.05,32,2,2022-05-17 09:04:40
1652778280713743000,28.0,4,28.0,1,28.05,42,1,2022-05-17 09:04:40
1652778280842527000,28.0,2,28.0,10,28.05,42,2,2022-05-17 09:04:40
1652778281091200000,28.0,1,28.0,10,28.05,42,2,2022-05-17 09:04:41
1652778281127604000,28.05,2,28.0,11,28.05,40,1,2022-05-17 09:04:41
1652778281152269000,28.0,10,28.0,1,28.05,40,2,2022-05-17 09:04:41
1652778281215358000,28.0,1,27.95,70,28.0,2,2,2022-05-17 09:04:41
1652778281507208000,27.95,2,27.95,69,28.0,2,2,2022-05-17 09:04:41
1652778281512653000,27.95,6,27.95,63,28.0,2,2,2022-05-17 09:04:41
1652778281581041000,28.0,1,27.95,64,28.0,4,1,2022-05-17 09:04:41
1652778281644760000,28.0,2,27.95,64,28.0,2,1,2022-05-17 09:04:41
1652778281650524000,28.0,2,27.95,64,28.05,50,1,2022-05-17 09:04:41
1652778281720783000,28.05,2,27.95,64,28.05,48,1,2022-05-17 09:04:41
1652778281881573000,28.0,2,27.95,64,28.0,23,1,2022-05-17 09:04:41
1652778281983467000,28.0,6,27.95,58,28.0,17,1,2022-05-17 09:04:41
1652778282403221000,28.0,1,27.95,69,28.0,20,1,2022-05-17 09:04:42
1652778282443748000,28.0,1,27.95,69,28.0,19,1,2022-05-17 09:04:42
1652778282725896000,28.0,1,27.95,75,28.0,22,1,2022-05-17 09:04:42
1652778283184251000,28.0,1,27.95,75,28.0,64,1,2022-05-17 09:04:43
1652778283228973000,28.0,2,27.95,75,28.0,71,1,2022-05-17 09:04:43
1652778283657180000,27.95,6,27.95,69,28.0,73,2,2022-05-17 09:04:43
1652778283817253000,28.0,3,27.95,69,28.0,70,1,2022-05-17 09:04:43
1652778284035197000,27.95,2,27.95,67,28.0,105,2,2022-05-17 09:04:44
1652778284167823000,27.95,10,27.95,57,28.0,105,2,2022-05-17 09:04:44
1652778284241892000,27.95,1,27.95,56,28.0,105,2,2022-05-17 09:04:44
1652778284349455000,27.95,56,27.9,60,28.0,110,2,2022-05-17 09:04:44
1652778284459588000,27.95,1,27.95,19,28.0,112,2,2022-05-17 09:04:44
1652778284517294000,28.0,1,27.95,19,28.0,111,1,2022-05-17 09:04:44
1652778284529335000,27.95,3,27.95,16,28.0,111,2,2022-05-17 09:04:44
1652778284748015000,27.95,3,27.95,14,28.0,112,2,2022-05-17 09:04:44
1652778284751069000,27.95,7,27.95,7,28.0,115,2,2022-05-17 09:04:44
1652778284784842000,27.95,7,27.9,60,28.0,115,2,2022-05-17 09:04:44
1652778284790883000,28.0,2,27.9,60,28.0,113,1,2022-05-17 09:04:44
1652778284850522000,27.95,1,27.9,60,28.0,113,1,2022-05-17 09:04:44
1652778284902097000,28.0,2,27.9,60,28.0,111,1,2022-05-17 09:04:44
1652778284980137000,28.0,1,27.9,60,28.0,110,1,2022-05-17 09:04:44
1652778285164807000,28.0,1,27.9,60,28.0,109,1,2022-05-17 09:04:45
1652778285901881000,27.95,1,27.9,65,27.95,81,1,2022-05-17 09:04:45
1652778285923036000,27.95,3,27.9,65,27.95,78,1,2022-05-17 09:04:45
1652778286079623000,27.9,30,27.9,35,27.95,78,2,2022-05-17 09:04:46
1652778286108308000,27.9,24,27.9,11,27.95,78,2,2022-05-17 09:04:46
1652778286229378000,27.9,1,27.9,10,27.95,78,2,2022-05-17 09:04:46
1652778286247734000,27.9,5,27.9,5,27.95,78,2,2022-05-17 09:04:46
1652778286335229000,27.95,1,27.9,5,27.95,77,1,2022-05-17 09:04:46
1652778286418684000,27.9,2,27.9,3,27.95,77,2,2022-05-17 09:04:46
1652778286419129000,27.9,3,27.85,16,27.9,7,2,2022-05-17 09:04:46
1652778286471810000,27.9,2,27.85,16,27.9,5,1,2022-05-17 09:04:46
1652778286498820000,27.9,2,27.85,16,27.9,3,1,2022-05-17 09:04:46
1652778286732211000,27.9,3,27.85,16,27.95,78,1,2022-05-17 09:04:46
1652778286732211000,27.95,2,27.85,16,27.95,78,1,2022-05-17 09:04:46
1652778286998379000,27.95,1,27.85,16,27.95,77,1,2022-05-17 09:04:46
1652778287029996000,27.95,1,27.85,16,27.95,76,1,2022-05-17 09:04:47
1652778287137920000,27.9,1,27.85,16,27.95,77,1,2022-05-17 09:04:47
1652778287202874000,27.95,1,27.85,16,27.95,78,1,2022-05-17 09:04:47
1652778287382517000,27.9,1,27.85,16,27.95,78,1,2022-05-17 09:04:47
1652778287417649000,27.9,2,27.85,16,27.9,20,1,2022-05-17 09:04:47
1652778287571684000,27.9,3,27.85,16,27.9,17,1,2022-05-17 09:04:47
1652778287784865000,27.9,1,27.85,16,27.9,19,1,2022-05-17 09:04:47
1652778287855154000,27.85,1,27.85,15,27.9,29,2,2022-05-17 09:04:47
1652778287996185000,27.85,1,27.85,14,27.9,29,2,2022-05-17 09:04:47
1652778288037182000,27.9,3,27.85,14,27.9,26,1,2022-05-17 09:04:48
1652778288152063000,27.9,1,27.85,14,27.9,25,1,2022-05-17 09:04:48
1652778288556868000,27.9,1,27.85,14,27.9,26,1,2022-05-17 09:04:48
1652778288561657000,27.9,1,27.85,14,27.9,25,1,2022-05-17 09:04:48
1652778288692093000,27.85,10,27.85,4,27.9,26,2,2022-05-17 09:04:48
1652778288759170000,27.85,4,27.8,101,27.9,36,2,2022-05-17 09:04:48
1652778288759170000,27.8,1,27.8,101,27.9,36,2,2022-05-17 09:04:48
1652778289079666000,27.9,1,27.8,101,27.9,36,1,2022-05-17 09:04:49
1652778289541792000,27.9,1,27.8,101,27.9,50,1,2022-05-17 09:04:49
1652778289882681000,27.85,2,27.8,102,27.85,1,1,2022-05-17 09:04:49
1652778289919927000,27.85,1,27.8,102,27.9,75,1,2022-05-17 09:04:49
1652778289924458000,27.8,1,27.8,101,27.9,75,2,2022-05-17 09:04:49
1652778290058985000,27.85,1,27.8,101,27.9,73,1,2022-05-17 09:04:50
1652778290058985000,27.9,2,27.8,101,27.9,73,1,2022-05-17 09:04:50
1652778290346120000,27.85,1,27.8,106,27.9,83,2,2022-05-17 09:04:50
1652778290848348000,27.85,1,27.8,132,27.9,109,1,2022-05-17 09:04:50
1652778291113536000,27.8,1,27.8,128,27.9,109,2,2022-05-17 09:04:51
1652778291234752000,27.9,1,27.8,128,27.9,136,1,2022-05-17 09:04:51
1652778291383419000,27.9,1,27.8,128,27.9,135,1,2022-05-17 09:04:51
1652778291519686000,27.8,1,27.8,127,27.9,135,2,2022-05-17 09:04:51
1652778291848034000,27.85,1,27.8,127,27.85,9,1,2022-05-17 09:04:51
1652778292022079000,27.85,5,27.8,127,27.85,8,1,2022-05-17 09:04:52
1652778292043451000,27.85,8,27.8,127,27.9,138,1,2022-05-17 09:04:52
1652778292134787000,27.9,1,27.8,127,27.9,137,1,2022-05-17 09:04:52
1652778292374877000,27.9,3,27.8,127,27.9,114,1,2022-05-17 09:04:52
1652778292691526000,27.8,1,27.8,100,27.9,114,2,2022-05-17 09:04:52
1652778293171706000,27.85,1,27.8,99,27.9,126,2,2022-05-17 09:04:53
1652778293171706000,27.8,1,27.8,99,27.9,126,2,2022-05-17 09:04:53
1652778293186613000,27.9,30,27.8,99,27.9,96,1,2022-05-17 09:04:53
1652778293365320000,27.9,1,27.8,99,27.9,95,1,2022-05-17 09:04:53
1652778293534773000,27.85,4,27.85,4,27.9,95,2,2022-05-17 09:04:53
1652778293545483000,27.85,1,27.85,3,27.9,95,2,2022-05-17 09:04:53
1652778293665665000,27.85,3,27.8,99,27.9,95,2,2022-05-17 09:04:53
1652778293764622000,27.85,1,27.8,99,27.9,98,2,2022-05-17 09:04:53
1652778293861869000,27.8,2,27.8,97,27.9,98,2,2022-05-17 09:04:53
1652778293880594000,27.85,1,27.85,4,27.9,98,2,2022-05-17 09:04:53
1652778293907195000,27.85,5,27.8,32,27.9,98,2,2022-05-17 09:04:53
1652778293907195000,27.8,65,27.8,32,27.9,98,2,2022-05-17 09:04:53
1652778294518133000,27.85,1,27.8,60,27.85,29,1,2022-05-17 09:04:54
1652778294646463000,27.85,1,27.8,60,27.85,28,1,2022-05-17 09:04:54
1652778294676075000,27.85,1,27.8,60,27.85,28,1,2022-05-17 09:04:54
1652778294780108000,27.85,1,27.8,60,27.85,27,1,2022-05-17 09:04:54
1652778295187035000,27.8,5,27.8,51,27.85,47,2,2022-05-17 09:04:55
1652778295195889000,27.85,1,27.8,51,27.85,46,1,2022-05-17 09:04:55
1652778295531203000,27.8,5,27.8,46,27.85,48,2,2022-05-17 09:04:55
1652778295587192000,27.8,20,27.8,26,27.85,48,2,2022-05-17 09:04:55
1652778295618174000,27.8,2,27.75,31,27.85,48,2,2022-05-17 09:04:55
1652778295995560000,27.8,1,27.75,31,27.85,58,2,2022-05-17 09:04:55
1652778296245289000,27.8,1,27.75,31,27.8,13,1,2022-05-17 09:04:56
1652778297403849000,27.8,2,27.75,39,27.8,28,1,2022-05-17 09:04:57
1652778297939929000,27.75,5,27.75,34,27.8,28,2,2022-05-17 09:04:57
1652778298023966000,27.8,1,27.75,38,27.8,27,1,2022-05-17 09:04:58
1652778298571698000,27.8,5,27.75,38,27.8,22,1,2022-05-17 09:04:58
1652778298605567000,27.8,14,27.75,38,27.8,8,1,2022-05-17 09:04:58
1652778298615028000,27.75,1,27.75,37,27.8,8,2,2022-05-17 09:04:58
1652778298639500000,27.8,2,27.75,37,27.8,6,1,2022-05-17 09:04:58
1652778298663406000,27.75,2,27.75,35,27.8,6,2,2022-05-17 09:04:58
1652778298744368000,27.75,5,27.75,30,27.8,6,2,2022-05-17 09:04:58
1652778298804190000,27.75,30,27.7,48,27.75,30,2,2022-05-17 09:04:58
1652778298854687000,27.7,5,27.7,43,27.75,30,2,2022-05-17 09:04:58
1652778299136617000,27.7,10,27.7,35,27.75,40,2,2022-05-17 09:04:59
1652778299181616000,27.7,1,27.7,34,27.75,40,2,2022-05-17 09:04:59
1652778299209201000,27.75,10,27.7,34,27.75,30,1,2022-05-17 09:04:59
1652778299264053000,27.7,2,27.7,32,27.75,30,2,2022-05-17 09:04:59
1652778299434110000,27.75,10,27.7,33,27.75,20,1,2022-05-17 09:04:59
1652778299498028000,27.75,1,27.7,33,27.75,19,1,2022-05-17 09:04:59
1652778299520412000,27.75,1,27.7,33,27.75,18,1,2022-05-17 09:04:59
1652778299568204000,27.75,18,27.75,2,27.8,13,1,2022-05-17 09:04:59
1652778299672421000,27.75,4,27.75,2,27.8,13,2,2022-05-17 09:04:59
1652778299677743000,27.75,2,27.7,33,27.8,13,2,2022-05-17 09:04:59
1652778299922903000,27.7,5,27.7,28,27.75,20,2,2022-05-17 09:04:59
1652778300006203000,27.7,2,27.7,26,27.75,20,2,2022-05-17 09:05:00
1652778300067165000,27.75,1,27.7,26,27.75,19,1,2022-05-17 09:05:00
1652778300233687000,27.7,10,27.7,16,27.75,19,2,2022-05-17 09:05:00
1652778300415713000,27.7,1,27.7,15,27.75,19,2,2022-05-17 09:05:00
1652778300430034000,27.75,3,27.7,15,27.75,16,1,2022-05-17 09:05:00
1652778300494310000,27.7,2,27.7,13,27.75,16,2,2022-05-17 09:05:00
1652778300651517000,27.75,1,27.7,13,27.75,15,1,2022-05-17 09:05:00
1652778301033987000,27.7,1,27.7,17,27.75,15,2,2022-05-17 09:05:01
1652778302957021000,27.7,1,27.7,28,27.75,55,2,2022-05-17 09:05:02
1652778302983855000,27.7,5,27.7,23,27.75,55,2,2022-05-17 09:05:02
1652778303275920000,27.7,1,27.7,22,27.75,55,2,2022-05-17 09:05:03
1652778303287992000,27.7,16,27.7,6,27.75,55,2,2022-05-17 09:05:03
1652778303288113000,27.7,5,27.7,1,27.75,55,2,2022-05-17 09:05:03
1652778303297691000,27.7,1,27.65,29,27.75,55,2,2022-05-17 09:05:03
1652778303352698000,27.75,3,27.7,5,27.75,52,1,2022-05-17 09:05:03
1652778303633506000,27.75,5,27.7,22,27.75,47,1,2022-05-17 09:05:03
1652778304365231000,27.75,10,27.7,22,27.75,50,1,2022-05-17 09:05:04
1652778304401271000,27.75,3,27.7,23,27.75,47,1,2022-05-17 09:05:04
1652778304422237000,27.75,28,27.7,23,27.75,19,1,2022-05-17 09:05:04
1652778304446061000,27.75,15,27.7,23,27.75,4,1,2022-05-17 09:05:04
1652778304446103000,27.75,4,27.7,23,27.8,19,1,2022-05-17 09:05:04
1652778304676719000,27.7,17,27.7,6,27.8,20,2,2022-05-17 09:05:04
1652778304703078000,27.7,6,27.65,36,27.8,20,2,2022-05-17 09:05:04
1652778305158054000,27.75,10,27.65,36,27.8,30,2,2022-05-17 09:05:05
1652778305537194000,27.75,10,27.75,10,27.8,30,2,2022-05-17 09:05:05
1652778305541170000,27.75,1,27.75,9,27.8,30,2,2022-05-17 09:05:05
