ts,close,volume,bid_price,bid_volume,ask_price,ask_volume,tick_type,datetime
1659344412452373000,11.85,1313,11.8,83,11.85,46,1,2022-08-01 09:00:12
1659344412714829000,11.85,1,11.8,83,11.85,45,1,2022-08-01 09:00:12
1659344413061154000,11.85,3,11.8,83,11.85,42,1,2022-08-01 09:00:13
1659344413140118000,11.85,5,11.8,83,11.85,37,1,2022-08-01 09:00:13
1659344413178990000,11.8,20,11.8,63,11.85,37,2,2022-08-01 09:00:13
1659344413196641000,11.8,8,11.8,55,11.85,37,2,2022-08-01 09:00:13
1659344413207843000,11.8,55,11.75,2,11.85,37,2,2022-08-01 09:00:13
1659344414293165000,11.85,1,11.75,5,11.85,36,1,2022-08-01 09:00:14
1659344414722310000,11.85,4,11.75,5,11.85,32,1,2022-08-01 09:00:14
1659344415350427000,11.8,1,11.75,5,11.8,1,1,2022-08-01 09:00:15
1659344415350427000,11.85,4,11.75,5,11.8,1,1,2022-08-01 09:00:15
1659344415518561000,11.85,8,11.75,5,11.85,22,1,2022-08-01 09:00:15
1659344415587641000,11.85,1,11.75,5,11.85,21,1,2022-08-01 09:00:15
1659344415752113000,11.85,31,11.75,5,11.9,221,1,2022-08-01 09:00:15
1659344415752113000,11.9,9,11.75,5,11.9,221,1,2022-08-01 09:00:15
1659344415861417000,11.85,1,11.75,5,11.9,221,2,2022-08-01 09:00:15
1659344415950936000,11.9,11,11.8,1,11.9,221,1,2022-08-01 09:00:15
1659344416221437000,11.8,1,11.7,26,11.9,210,2,2022-08-01 09:00:16
1659344416221437000,11.75,5,11.7,26,11.9,210,2,2022-08-01 09:00:16
1659344416221437000,11.7,4,11.7,26,11.9,210,2,2022-08-01 09:00:16
1659344416452729000,11.9,2,11.7,26,11.9,208,1,2022-08-01 09:00:16
1659344416706578000,11.9,1,11.7,26,11.9,207,1,2022-08-01 09:00:16
1659344416761639000,11.85,2,11.7,26,11.9,207,2,2022-08-01 09:00:16
1659344416840083000,11.75,1,11.7,12,11.9,207,2,2022-08-01 09:00:16
1659344416840083000,11.7,14,11.7,12,11.9,207,2,2022-08-01 09:00:16
1659344417020570000,11.85,1,11.85,4,11.9,207,2,2022-08-01 09:00:17
1659344417047593000,11.85,3,11.7,12,11.9,207,2,2022-08-01 09:00:17
1659344417201945000,11.9,5,11.7,12,11.9,202,1,2022-08-01 09:00:17
1659344417317196000,11.85,4,11.85,4,11.9,202,2,2022-08-01 09:00:17
1659344417740532000,11.9,2,11.85,1,11.9,200,1,2022-08-01 09:00:17
1659344417744258000,11.85,1,11.7,12,11.9,200,2,2022-08-01 09:00:17
1659344417888447000,11.9,1,11.75,2,11.9,199,1,2022-08-01 09:00:17
1659344418027830000,11.9,2,11.75,2,11.9,199,1,2022-08-01 09:00:18
1659344418557844000,11.75,2,11.7,12,11.75,1,2,2022-08-01 09:00:18
1659344418741954000,11.75,1,11.7,12,11.8,10,1,2022-08-01 09:00:18
1659344418883661000,11.8,1,11.7,12,11.8,9,1,2022-08-01 09:00:18
1659344418931633000,11.8,2,11.7,12,11.8,7,1,2022-08-01 09:00:18
1659344419122043000,11.8,2,11.7,12,11.8,5,1,2022-08-01 09:00:19
1659344419126626000,11.8,3,11.7,12,11.8,2,1,2022-08-01 09:00:19
1659344419184530000,11.8,2,11.85,8,11.9,197,1,2022-08-01 09:00:19
1659344419215784000,11.85,8,11.7,12,11.9,197,2,2022-08-01 09:00:19
1659344419392533000,11.8,1,11.7,8,11.9,197,2,2022-08-01 09:00:19
1659344419392533000,11.7,4,11.7,8,11.9,197,2,2022-08-01 09:00:19
1659344419458535000,11.9,5,11.7,9,11.9,197,1,2022-08-01 09:00:19
1659344420144058000,11.75,1,11.85,19,11.9,193,1,2022-08-01 09:00:20
1659344420174123000,11.85,19,11.7,9,11.9,193,2,2022-08-01 09:00:20
1659344420195959000,11.9,1,11.7,9,11.9,192,1,2022-08-01 09:00:20
1659344420207143000,11.9,1,11.7,9,11.9,191,1,2022-08-01 09:00:20
1659344420458832000,11.9,3,11.7,9,11.9,188,1,2022-08-01 09:00:20
1659344420644228000,11.85,2,11.7,9,11.9,189,2,2022-08-01 09:00:20
1659344421000909000,11.9,20,11.85,2,11.9,189,1,2022-08-01 09:00:21
1659344421253916000,11.7,1,11.7,8,11.9,169,2,2022-08-01 09:00:21
1659344421495436000,11.85,5,11.85,5,11.9,169,2,2022-08-01 09:00:21
1659344422376652000,11.8,1,11.75,1,11.9,160,1,2022-08-01 09:00:22
1659344422376652000,11.9,9,11.75,1,11.9,160,1,2022-08-01 09:00:22
1659344422489733000,11.75,1,11.7,5,11.9,160,2,2022-08-01 09:00:22
1659344422489733000,11.7,3,11.7,5,11.9,160,2,2022-08-01 09:00:22
1659344422546278000,11.85,1,11.7,5,11.85,1,1,2022-08-01 09:00:22
1659344422712933000,11.9,1,11.75,1,11.9,159,1,2022-08-01 09:00:22
1659344422932179000,11.85,5,11.8,1,11.9,159,2,2022-08-01 09:00:22
1659344422984396000,11.9,5,11.85,5,11.9,159,1,2022-08-01 09:00:22
1659344423649851000,11.9,5,11.8,2,11.9,149,1,2022-08-01 09:00:23
1659344424019122000,11.85,10,11.8,2,11.9,149,2,2022-08-01 09:00:24
1659344424052322000,11.8,2,11.7,29,11.75,1,2,2022-08-01 09:00:24
1659344424052322000,11.75,2,11.7,29,11.75,1,2,2022-08-01 09:00:24
1659344424082348000,11.7,29,11.65,22,11.75,1,2,2022-08-01 09:00:24
1659344424431811000,11.7,4,11.65,22,11.7,26,1,2022-08-01 09:00:24
1659344424433968000,11.7,1,11.65,22,11.7,25,1,2022-08-01 09:00:24
1659344424455623000,11.7,6,11.65,22,11.7,19,1,2022-08-01 09:00:24
1659344424485879000,11.7,19,11.65,22,11.7,30,1,2022-08-01 09:00:24
1659344424706699000,11.75,1,11.65,22,11.9,149,1,2022-08-01 09:00:24
1659344424961893000,11.9,3,11.65,22,11.9,146,1,2022-08-01 09:00:24
1659344425039811000,11.85,10,11.65,22,11.9,146,2,2022-08-01 09:00:25
1659344425329537000,11.85,1,11.85,1,11.9,146,2,2022-08-01 09:00:25
1659344426039337000,11.8,1,11.7,1,11.8,1,1,2022-08-01 09:00:26
1659344426039337000,11.85,4,11.7,1,11.8,1,1,2022-08-01 09:00:26
1659344426177518000,11.85,1,11.7,1,11.9,146,1,2022-08-01 09:00:26
1659344426517636000,11.85,1,11.7,1,11.85,1,1,2022-08-01 09:00:26
1659344426544174000,11.85,2,11.8,10,11.9,146,2,2022-08-01 09:00:26
1659344426609246000,11.9,1,11.8,10,11.9,145,1,2022-08-01 09:00:26
1659344426617957000,11.9,2,11.8,10,11.9,143,1,2022-08-01 09:00:26
1659344426696958000,11.9,1,11.8,10,11.9,142,1,2022-08-01 09:00:26
1659344426749087000,11.85,10,11.8,10,11.9,142,2,2022-08-01 09:00:26
1659344426808961000,11.9,15,11.8,10,11.9,127,1,2022-08-01 09:00:26
1659344426848814000,11.8,2,11.8,8,11.9,127,2,2022-08-01 09:00:26
1659344427734618000,11.8,6,11.8,2,11.9,129,2,2022-08-01 09:00:27
1659344427765131000,11.8,2,11.75,1,11.9,129,2,2022-08-01 09:00:27
1659344427831184000,11.9,1,11.75,1,11.9,128,1,2022-08-01 09:00:27
1659344428174880000,11.85,1,11.75,2,11.9,124,1,2022-08-01 09:00:28
1659344428174880000,11.9,4,11.75,2,11.9,124,1,2022-08-01 09:00:28
1659344428400766000,11.9,2,11.75,2,11.85,1,1,2022-08-01 09:00:28
1659344428609930000,11.9,1,11.75,2,11.9,121,1,2022-08-01 09:00:28
1659344428664777000,11.85,5,11.75,2,11.9,121,2,2022-08-01 09:00:28
1659344428695163000,11.9,2,11.75,2,11.9,119,1,2022-08-01 09:00:28
1659344429142317000,11.9,1,11.8,1,11.9,118,1,2022-08-01 09:00:29
1659344429341470000,11.8,1,11.7,32,11.9,118,2,2022-08-01 09:00:29
1659344429341470000,11.75,2,11.7,32,11.9,118,2,2022-08-01 09:00:29
1659344429341470000,11.7,2,11.7,32,11.9,118,2,2022-08-01 09:00:29
1659344429605942000,11.9,25,11.7,32,11.9,93,1,2022-08-01 09:00:29
1659344429607552000,11.7,1,11.7,31,11.9,93,2,2022-08-01 09:00:29
1659344429735519000,11.9,2,11.8,3,11.9,91,1,2022-08-01 09:00:29
1659344429760625000,11.9,1,11.8,3,11.9,90,1,2022-08-01 09:00:29
1659344429917565000,11.85,2,11.8,3,11.9,90,2,2022-08-01 09:00:29
1659344430216511000,11.9,1,11.8,4,11.9,89,1,2022-08-01 09:00:30
1659344430495848000,11.9,2,11.8,5,11.9,87,1,2022-08-01 09:00:30
1659344430611755000,11.9,2,11.85,2,11.9,85,1,2022-08-01 09:00:30
1659344430851947000,11.85,1,11.85,2,11.9,85,2,2022-08-01 09:00:30
1659344431250671000,11.9,1,11.85,2,11.9,84,1,2022-08-01 09:00:31
1659344431423571000,11.9,1,11.85,2,11.9,85,1,2022-08-01 09:00:31
1659344431639838000,11.9,2,11.85,2,11.9,81,1,2022-08-01 09:00:31
1659344432170493000,11.9,1,11.85,2,11.9,80,1,2022-08-01 09:00:32
1659344432323303000,11.9,9,11.85,2,11.9,71,1,2022-08-01 09:00:32
1659344432703623000,11.85,2,11.8,26,11.9,71,2,2022-08-01 09:00:32
1659344432703623000,11.8,1,11.8,26,11.9,71,2,2022-08-01 09:00:32
1659344432864292000,11.9,1,11.8,26,11.9,70,1,2022-08-01 09:00:32
1659344433230328000,11.9,1,11.8,26,11.9,68,1,2022-08-01 09:00:33
1659344433307618000,11.8,1,11.8,25,11.9,68,2,2022-08-01 09:00:33
1659344433365059000,11.9,2,11.8,25,11.9,66,1,2022-08-01 09:00:33
1659344433583148000,11.85,1,11.85,2,11.9,66,2,2022-08-01 09:00:33
1659344433768768000,11.9,1,11.85,2,11.9,65,1,2022-08-01 09:00:33
1659344434380772000,11.9,45,11.85,58,11.9,20,1,2022-08-01 09:00:34
1659344434417853000,11.9,20,11.85,58,11.95,72,1,2022-08-01 09:00:34
1659344434509221000,11.95,10,11.9,1,11.95,62,1,2022-08-01 09:00:34
1659344434511500000,11.95,50,11.9,1,11.95,12,1,2022-08-01 09:00:34
1659344434542837000,11.95,12,11.9,1,12.0,148,1,2022-08-01 09:00:34
1659344435271270000,12.0,6,11.95,4,12.0,142,1,2022-08-01 09:00:35
1659344435346469000,12.0,10,11.95,4,12.0,132,1,2022-08-01 09:00:35
1659344435672703000,12.0,6,11.95,4,12.0,66,1,2022-08-01 09:00:35
1659344435744640000,11.95,1,11.95,3,12.0,66,2,2022-08-01 09:00:35
1659344436362659000,12.0,3,11.95,3,12.0,63,1,2022-08-01 09:00:36
1659344436624557000,12.0,39,11.95,44,12.0,24,1,2022-08-01 09:00:36
1659344436654386000,12.0,18,11.95,44,12.0,6,1,2022-08-01 09:00:36
1659344436655031000,12.0,6,11.95,44,12.05,27,1,2022-08-01 09:00:36
1659344437617207000,12.05,1,11.95,44,12.05,26,1,2022-08-01 09:00:37
1659344437635615000,12.05,5,11.95,44,12.05,21,1,2022-08-01 09:00:37
1659344438158274000,12.05,9,12.0,63,12.05,12,1,2022-08-01 09:00:38
1659344438159973000,12.05,3,12.0,63,12.05,9,1,2022-08-01 09:00:38
1659344438300098000,12.05,1,12.0,63,12.05,8,1,2022-08-01 09:00:38
1659344439216661000,12.05,5,12.0,68,12.05,8,1,2022-08-01 09:00:39
1659344439830581000,12.05,9,12.0,68,12.05,13,1,2022-08-01 09:00:39
1659344440004639000,12.0,1,12.0,67,12.05,4,2,2022-08-01 09:00:40
1659344440157619000,12.05,2,12.0,67,12.05,2,1,2022-08-01 09:00:40
1659344440532260000,12.05,1,12.0,67,12.05,1,1,2022-08-01 09:00:40
1659344441024740000,12.05,1,12.05,2,12.1,116,1,2022-08-01 09:00:41
1659344441055745000,12.05,2,12.0,69,12.1,116,2,2022-08-01 09:00:41
1659344441645196000,12.05,1,12.05,35,12.1,116,2,2022-08-01 09:00:41
1659344442353937000,12.1,5,12.05,36,12.1,51,1,2022-08-01 09:00:42
1659344442464790000,12.1,5,12.05,36,12.1,46,1,2022-08-01 09:00:42
1659344442960731000,12.1,1,12.05,38,12.1,46,1,2022-08-01 09:00:42
1659344443671086000,12.1,1,12.05,53,12.1,44,1,2022-08-01 09:00:43
1659344443934715000,12.1,1,12.05,56,12.1,44,1,2022-08-01 09:00:43
1659344444072408000,12.1,5,12.05,56,12.1,38,1,2022-08-01 09:00:44
1659344445243123000,12.1,1,12.05,69,12.1,37,1,2022-08-01 09:00:45
1659344445353358000,12.1,2,12.05,69,12.1,35,1,2022-08-01 09:00:45
1659344445450723000,12.1,4,12.05,69,12.1,38,1,2022-08-01 09:00:45
1659344445561242000,12.1,1,12.05,69,12.1,30,1,2022-08-01 09:00:45
1659344445632055000,12.1,5,12.05,69,12.1,25,1,2022-08-01 09:00:45
1659344445732746000,12.1,10,12.05,70,12.1,15,1,2022-08-01 09:00:45
1659344445785544000,12.1,1,12.05,71,12.1,14,1,2022-08-01 09:00:45
1659344446047897000,12.1,4,12.05,71,12.1,10,1,2022-08-01 09:00:46
1659344446179325000,12.1,7,12.05,71,12.1,3,1,2022-08-01 09:00:46
1659344446353915000,12.1,2,12.05,77,12.1,1,1,2022-08-01 09:00:46
1659344446448165000,12.1,1,12.05,77,12.1,3,1,2022-08-01 09:00:46
1659344446448165000,12.15,4,12.05,77,12.1,3,1,2022-08-01 09:00:46
1659344446974145000,12.15,2,12.05,78,12.15,93,1,2022-08-01 09:00:46
1659344447019633000,12.15,19,12.05,78,12.15,95,1,2022-08-01 09:00:47
1659344447046197000,12.05,18,12.05,60,12.15,74,2,2022-08-01 09:00:47
1659344447278262000,12.15,1,12.1,8,12.15,73,1,2022-08-01 09:00:47
1659344447280918000,12.1,3,12.1,5,12.15,73,2,2022-08-01 09:00:47
1659344447544362000,12.15,10,12.1,5,12.15,83,1,2022-08-01 09:00:47
1659344447619693000,12.15,4,12.1,5,12.15,79,1,2022-08-01 09:00:47
1659344447673006000,12.15,1,12.1,19,12.15,78,1,2022-08-01 09:00:47
1659344448379566000,12.15,2,12.1,21,12.15,78,1,2022-08-01 09:00:48
1659344448605454000,12.15,1,12.1,21,12.15,75,1,2022-08-01 09:00:48
1659344448880917000,12.15,1,12.1,22,12.15,74,1,2022-08-01 09:00:48
1659344449728531000,12.15,1,12.1,22,12.15,73,1,2022-08-01 09:00:49
1659344449926391000,12.15,5,12.1,33,12.15,73,1,2022-08-01 09:00:49
1659344450776249000,12.15,1,12.1,46,12.15,68,1,2022-08-01 09:00:50
1659344451046930000,12.15,1,12.1,46,12.15,66,1,2022-08-01 09:00:51
1659344451049416000,12.15,1,12.1,46,12.15,65,1,2022-08-01 09:00:51
1659344451367406000,12.1,3,12.1,44,12.15,65,2,2022-08-01 09:00:51
1659344451390119000,12.15,4,12.1,44,12.15,61,1,2022-08-01 09:00:51
1659344451429477000,12.15,1,12.1,44,12.15,60,1,2022-08-01 09:00:51
1659344451595946000,12.1,2,12.1,42,12.15,70,2,2022-08-01 09:00:51
1659344451669101000,12.15,5,12.1,42,12.15,68,1,2022-08-01 09:00:51
1659344451955116000,12.1,2,12.1,42,12.15,68,2,2022-08-01 09:00:51
1659344452120096000,12.15,2,12.1,40,12.15,66,1,2022-08-01 09:00:52
1659344452177006000,12.15,1,12.1,40,12.15,65,1,2022-08-01 09:00:52
1659344452614418000,12.15,5,12.1,45,12.15,60,1,2022-08-01 09:00:52
1659344452683644000,12.15,5,12.1,45,12.15,55,1,2022-08-01 09:00:52
1659344452722249000,12.15,5,12.1,45,12.15,50,1,2022-08-01 09:00:52
1659344452829355000,12.15,5,12.1,45,12.15,46,1,2022-08-01 09:00:52
1659344452871508000,12.15,10,12.1,45,12.15,36,1,2022-08-01 09:00:52
1659344453885263000,12.15,6,12.1,47,12.15,38,1,2022-08-01 09:00:53
1659344454507458000,12.15,1,12.1,57,12.15,42,1,2022-08-01 09:00:54
1659344454877382000,12.15,7,12.1,57,12.15,41,1,2022-08-01 09:00:54
1659344455164015000,12.15,1,12.1,57,12.15,33,1,2022-08-01 09:00:55
1659344455366791000,12.15,20,12.1,60,12.15,13,1,2022-08-01 09:00:55
1659344455493584000,12.15,9,12.1,75,12.15,13,1,2022-08-01 09:00:55
1659344455743662000,12.15,2,12.1,75,12.15,2,1,2022-08-01 09:00:55
1659344455802667000,12.15,1,12.1,75,12.15,1,1,2022-08-01 09:00:55
1659344455910820000,12.15,1,12.1,75,12.15,4,1,2022-08-01 09:00:55
1659344455910820000,12.2,1,12.1,75,12.15,4,1,2022-08-01 09:00:55
1659344456862497000,12.2,5,12.15,20,12.2,46,1,2022-08-01 09:00:56
1659344456931769000,12.15,1,12.15,19,12.2,46,2,2022-08-01 09:00:56
1659344456986727000,12.2,1,12.15,20,12.2,51,1,2022-08-01 09:00:56
1659344457064946000,12.2,1,12.15,19,12.2,44,1,2022-08-01 09:00:57
1659344457305293000,12.2,2,12.15,20,12.2,45,1,2022-08-01 09:00:57
1659344457757612000,12.2,1,12.15,22,12.2,44,1,2022-08-01 09:00:57
1659344458141555000,12.2,5,12.15,28,12.2,39,1,2022-08-01 09:00:58
1659344458952322000,12.2,1,12.15,29,12.2,38,1,2022-08-01 09:00:58
1659344459342714000,12.2,1,12.15,29,12.2,38,1,2022-08-01 09:00:59
1659344459344919000,12.15,19,12.15,10,12.2,38,2,2022-08-01 09:00:59
1659344459377236000,12.15,10,12.1,77,12.2,38,2,2022-08-01 09:00:59
1659344459425968000,12.2,6,12.15,29,12.2,39,1,2022-08-01 09:00:59
1659344459572420000,12.2,5,12.1,77,12.2,27,1,2022-08-01 09:00:59
1659344459778997000,12.15,1,12.1,77,12.15,4,1,2022-08-01 09:00:59
1659344459812451000,12.15,3,12.1,77,12.15,1,1,2022-08-01 09:00:59
1659344459834386000,12.15,1,12.1,77,12.2,26,1,2022-08-01 09:00:59
1659344459834386000,12.2,1,12.1,77,12.2,26,1,2022-08-01 09:00:59
1659344459914092000,12.2,10,12.1,77,12.2,26,1,2022-08-01 09:00:59
1659344460474493000,12.2,5,12.1,77,12.2,11,1,2022-08-01 09:01:00
1659344461429477000,12.2,1,12.15,5,12.2,10,1,2022-08-01 09:01:01
1659344461481985000,12.2,5,12.15,6,12.2,5,1,2022-08-01 09:01:01
1659344461488247000,12.2,3,12.15,6,12.2,2,1,2022-08-01 09:01:01
1659344461999399000,12.2,2,12.15,6,12.25,392,1,2022-08-01 09:01:01
1659344461999399000,12.25,8,12.15,6,12.25,392,1,2022-08-01 09:01:01
1659344462091344000,12.25,2,12.15,6,12.25,390,1,2022-08-01 09:01:02
1659344462214389000,12.2,1,12.15,8,12.25,390,2,2022-08-01 09:01:02
1659344462510129000,12.25,1,12.15,8,12.25,390,1,2022-08-01 09:01:02
1659344462564460000,12.25,1,12.15,8,12.25,388,1,2022-08-01 09:01:02
1659344462627473000,12.25,3,12.15,8,12.25,385,1,2022-08-01 09:01:02
1659344462775339000,12.25,2,12.15,16,12.25,383,1,2022-08-01 09:01:02
1659344463220254000,12.2,1,12.2,1,12.25,383,2,2022-08-01 09:01:03
1659344463675825000,12.25,10,12.15,18,12.25,373,1,2022-08-01 09:01:03
1659344463991087000,12.2,1,12.2,51,12.25,363,2,2022-08-01 09:01:03
1659344464158841000,12.2,10,12.2,40,12.25,363,2,2022-08-01 09:01:04
1659344464186320000,12.2,40,12.15,19,12.25,363,2,2022-08-01 09:01:04
1659344464333225000,12.2,1,12.2,1,12.25,364,2,2022-08-01 09:01:04
1659344465345349000,12.2,1,12.15,20,12.2,1,1,2022-08-01 09:01:05
1659344465345349000,12.25,49,12.15,20,12.2,1,1,2022-08-01 09:01:05
1659344465763735000,12.2,1,12.15,20,12.25,315,2,2022-08-01 09:01:05
1659344465929726000,12.2,1,12.15,20,12.25,315,2,2022-08-01 09:01:05
1659344466541466000,12.2,1,12.15,24,12.2,9,2,2022-08-01 09:01:06
1659344467543118000,12.2,1,12.15,30,12.2,8,1,2022-08-01 09:01:07
1659344467714294000,12.2,2,12.15,30,12.2,6,1,2022-08-01 09:01:07
1659344467813886000,12.15,5,12.15,25,12.2,6,2,2022-08-01 09:01:07
1659344468274787000,12.2,5,12.15,26,12.2,2,1,2022-08-01 09:01:08
1659344468275663000,12.2,2,12.15,26,12.25,315,1,2022-08-01 09:01:08
1659344468420385000,12.2,1,12.15,26,12.2,4,1,2022-08-01 09:01:08
1659344468496257000,12.2,1,12.15,26,12.2,4,1,2022-08-01 09:01:08
1659344468717738000,12.2,1,12.15,26,12.2,2,1,2022-08-01 09:01:08
1659344468752722000,12.15,15,12.15,11,12.2,2,2,2022-08-01 09:01:08
1659344469985613000,12.2,13,12.15,12,12.2,13,1,2022-08-01 09:01:09
1659344470023555000,12.2,2,12.15,12,12.25,315,2,2022-08-01 09:01:10
1659344471266968000,12.2,10,12.15,16,12.25,315,1,2022-08-01 09:01:11
1659344471469122000,12.15,3,12.15,13,12.25,315,2,2022-08-01 09:01:11
1659344471495558000,12.15,13,12.1,72,12.25,315,2,2022-08-01 09:01:11
1659344471880369000,12.2,1,12.1,72,12.2,9,1,2022-08-01 09:01:11
1659344473372519000,12.2,10,12.15,2,12.2,9,1,2022-08-01 09:01:13
1659344474412138000,12.2,2,12.15,7,12.2,8,1,2022-08-01 09:01:14
1659344474464061000,12.15,1,12.15,7,12.2,10,2,2022-08-01 09:01:14
1659344474559933000,12.2,8,12.15,6,12.25,309,1,2022-08-01 09:01:14
1659344474559933000,12.25,6,12.15,6,12.25,309,1,2022-08-01 09:01:14
1659344475226610000,12.2,2,12.15,6,12.2,3,1,2022-08-01 09:01:15
1659344475393018000,12.2,1,12.15,6,12.2,7,1,2022-08-01 09:01:15
1659344475909036000,12.2,3,12.15,6,12.2,3,1,2022-08-01 09:01:15
1659344475971189000,12.2,3,12.15,6,12.2,6,1,2022-08-01 09:01:15
1659344475971189000,12.25,7,12.15,6,12.2,6,1,2022-08-01 09:01:15
1659344476755599000,12.2,5,12.15,17,12.2,15,1,2022-08-01 09:01:16
1659344476846334000,12.2,1,12.15,17,12.2,15,1,2022-08-01 09:01:16
1659344477631445000,12.2,2,12.15,22,12.2,24,1,2022-08-01 09:01:17
1659344477699799000,12.2,5,12.15,22,12.2,19,1,2022-08-01 09:01:17
1659344477976364000,12.2,1,12.15,22,12.2,24,1,2022-08-01 09:01:17
1659344478099186000,12.2,3,12.15,22,12.2,15,1,2022-08-01 09:01:18
1659344478175124000,12.2,1,12.15,22,12.2,14,1,2022-08-01 09:01:18
1659344478204762000,12.2,4,12.15,22,12.2,10,1,2022-08-01 09:01:18
1659344478244837000,12.2,3,12.15,22,12.2,7,1,2022-08-01 09:01:18
1659344478393373000,12.15,3,12.15,22,12.2,10,2,2022-08-01 09:01:18
1659344478521404000,12.2,1,12.15,19,12.2,6,1,2022-08-01 09:01:18
1659344478727718000,12.2,1,12.15,19,12.2,5,1,2022-08-01 09:01:18
1659344479108204000,12.15,2,12.15,17,12.2,5,2,2022-08-01 09:01:19
1659344479414536000,12.2,1,12.15,17,12.2,4,1,2022-08-01 09:01:19
1659344479801025000,12.2,2,12.15,17,12.2,2,1,2022-08-01 09:01:19
1659344480075844000,12.15,11,12.15,6,12.2,2,2,2022-08-01 09:01:20
1659344480144197000,12.2,2,12.2,2,12.25,303,1,2022-08-01 09:01:20
1659344480168760000,12.2,2,12.15,6,12.25,303,2,2022-08-01 09:01:20
1659344480258693000,12.2,1,12.15,6,12.25,303,2,2022-08-01 09:01:20
1659344480767170000,12.2,1,12.15,6,12.25,303,1,2022-08-01 09:01:20
1659344481785900000,12.2,1,12.15,12,12.2,12,1,2022-08-01 09:01:21
1659344483093583000,12.2,1,12.15,13,12.2,91,1,2022-08-01 09:01:23
1659344483135842000,12.15,1,12.15,12,12.2,91,2,2022-08-01 09:01:23
1659344483276229000,12.15,12,12.15,13,12.2,92,2,2022-08-01 09:01:23
1659344483609000000,12.2,2,12.1,70,12.2,89,1,2022-08-01 09:01:23
1659344483882587000,12.15,4,12.1,76,12.15,6,1,2022-08-01 09:01:23
1659344484099070000,12.15,5,12.1,76,12.15,11,1,2022-08-01 09:01:24
1659344484161389000,12.15,1,12.1,76,12.15,10,1,2022-08-01 09:01:24
1659344484201236000,12.15,1,12.1,76,12.15,9,1,2022-08-01 09:01:24
1659344484400694000,12.15,1,12.1,76,12.15,9,1,2022-08-01 09:01:24
1659344484827352000,12.15,5,12.1,76,12.15,3,1,2022-08-01 09:01:24
1659344485171057000,12.15,1,12.1,76,12.15,5,1,2022-08-01 09:01:25
1659344485455552000,12.15,3,12.1,76,12.15,6,1,2022-08-01 09:01:25
1659344485589693000,12.15,3,12.1,76,12.2,88,1,2022-08-01 09:01:25
1659344485589693000,12.2,3,12.1,76,12.2,88,1,2022-08-01 09:01:25
1659344485665612000,12.1,10,12.1,66,12.2,88,2,2022-08-01 09:01:25
1659344485689329000,12.1,13,12.1,53,12.2,88,2,2022-08-01 09:01:25
1659344485790097000,12.1,2,12.1,51,12.2,88,2,2022-08-01 09:01:25
1659344485849646000,12.2,2,12.15,1,12.2,86,1,2022-08-01 09:01:25
1659344486237820000,12.15,1,12.1,51,12.15,9,2,2022-08-01 09:01:26
1659344486552798000,12.15,3,12.1,51,12.15,16,1,2022-08-01 09:01:26
1659344486757355000,12.15,10,12.1,51,12.15,6,1,2022-08-01 09:01:26
1659344487080145000,12.15,1,12.1,51,12.15,5,1,2022-08-01 09:01:27
1659344487152609000,12.15,5,12.1,51,12.15,1,1,2022-08-01 09:01:27
1659344487215994000,12.1,51,12.05,70,12.15,1,2,2022-08-01 09:01:27
1659344487215994000,12.05,14,12.05,70,12.15,1,2,2022-08-01 09:01:27
1659344487393157000,12.15,1,12.05,81,12.15,1,1,2022-08-01 09:01:27
1659344488358856000,12.15,9,12.05,81,12.15,1,2,2022-08-01 09:01:28
1659344488407937000,12.15,1,12.15,1,12.2,25,1,2022-08-01 09:01:28
1659344488528264000,12.15,1,12.05,81,12.15,9,2,2022-08-01 09:01:28
1659344490633665000,12.05,81,12.0,224,12.1,1,2,2022-08-01 09:01:30
1659344491135623000,12.05,1,12.0,224,12.1,1,2,2022-08-01 09:01:31
1659344491940873000,12.1,2,12.05,1,12.1,19,1,2022-08-01 09:01:31
1659344492003439000,12.1,2,12.05,1,12.1,19,1,2022-08-01 09:01:32
1659344492236378000,12.1,10,12.05,1,12.1,7,1,2022-08-01 09:01:32
1659344492659072000,12.1,1,12.05,1,12.1,6,1,2022-08-01 09:01:32
1659344492949958000,12.05,1,12.0,222,12.1,6,2,2022-08-01 09:01:32
1659344492949958000,12.0,9,12.0,222,12.1,6,2,2022-08-01 09:01:32
1659344493091703000,12.1,1,12.0,222,12.1,5,1,2022-08-01 09:01:33
1659344493092255000,12.1,5,12.0,222,12.15,22,1,2022-08-01 09:01:33
1659344493217025000,12.15,1,12.0,222,12.15,21,1,2022-08-01 09:01:33
1659344493792894000,12.1,1,12.0,224,12.1,9,1,2022-08-01 09:01:33
1659344494221342000,12.05,1,12.0,223,12.1,19,2,2022-08-01 09:01:34
1659344494221342000,12.0,1,12.0,223,12.1,19,2,2022-08-01 09:01:34
1659344494498887000,12.1,1,12.05,1,12.1,19,1,2022-08-01 09:01:34
1659344495478701000,12.1,2,12.0,223,12.1,16,1,2022-08-01 09:01:35
1659344498607465000,12.0,1,12.0,273,12.1,16,2,2022-08-01 09:01:38
1659344499812643000,12.05,3,12.0,268,12.1,19,2,2022-08-01 09:01:39
1659344499812643000,12.0,7,12.0,268,12.1,19,2,2022-08-01 09:01:39
1659344500955833000,12.0,20,12.0,248,12.1,20,2,2022-08-01 09:01:40
1659344501942919000,12.1,2,12.0,249,12.1,18,1,2022-08-01 09:01:41
1659344502550131000,12.1,1,12.0,249,12.1,25,1,2022-08-01 09:01:42
1659344502726272000,12.1,2,12.0,249,12.1,23,1,2022-08-01 09:01:42
1659344503025734000,12.1,2,12.0,249,12.1,21,1,2022-08-01 09:01:43
1659344506064075000,12.1,5,12.0,252,12.1,21,1,2022-08-01 09:01:46
1659344506240422000,12.1,10,12.0,253,12.1,23,1,2022-08-01 09:01:46
1659344506989919000,12.1,13,12.05,1,12.1,13,1,2022-08-01 09:01:46
1659344506989919000,12.15,1,12.05,1,12.1,13,1,2022-08-01 09:01:46
1659344507470346000,12.05,5,12.05,50,12.15,23,2,2022-08-01 09:01:47
1659344509495189000,12.15,10,12.05,45,12.15,13,1,2022-08-01 09:01:49
1659344509763212000,12.15,13,12.05,45,12.15,13,1,2022-08-01 09:01:49
1659344509763212000,12.2,17,12.05,45,12.15,13,1,2022-08-01 09:01:49
1659344510833111000,12.1,26,12.05,45,12.15,1,2,2022-08-01 09:01:50
1659344512319273000,12.15,3,12.05,45,12.15,8,1,2022-08-01 09:01:52
1659344513476943000,12.15,5,12.05,48,12.15,3,1,2022-08-01 09:01:53
1659344514728320000,12.1,2,12.05,53,12.1,8,1,2022-08-01 09:01:54
1659344516795815000,12.05,55,12.0,257,12.05,5,2,2022-08-01 09:01:56
1659344516982173000,12.05,3,12.0,257,12.05,2,1,2022-08-01 09:01:56
1659344517871795000,12.1,7,12.0,257,12.1,12,1,2022-08-01 09:01:57
1659344519021205000,12.05,4,12.0,260,12.1,12,2,2022-08-01 09:01:59
1659344519021205000,12.0,6,12.0,260,12.1,12,2,2022-08-01 09:01:59
1659344519060605000,12.1,1,12.0,260,12.1,11,1,2022-08-01 09:01:59
1659344519932347000,12.05,1,12.0,260,12.1,17,2,2022-08-01 09:01:59
1659344520054877000,12.0,5,12.0,255,12.1,17,2,2022-08-01 09:02:00
1659344520586385000,12.1,10,12.0,255,12.1,7,1,2022-08-01 09:02:00
1659344522895042000,12.1,2,12.0,256,12.1,5,1,2022-08-01 09:02:02
1659344523385382000,12.1,5,12.1,5,12.15,26,1,2022-08-01 09:02:03
1659344524009622000,12.1,1,12.1,4,12.15,26,2,2022-08-01 09:02:04
1659344524382732000,12.1,4,12.05,3,12.15,26,2,2022-08-01 09:02:04
1659344524382732000,12.05,6,12.05,3,12.15,26,2,2022-08-01 09:02:04
1659344524435693000,12.15,2,12.1,4,12.15,26,1,2022-08-01 09:02:04
1659344524530128000,12.15,5,12.05,3,12.15,19,1,2022-08-01 09:02:04
1659344525056460000,12.05,3,12.0,255,12.1,1,2,2022-08-01 09:02:05
1659344525056460000,12.0,3,12.0,255,12.1,1,2,2022-08-01 09:02:05
1659344526957498000,12.1,2,12.0,285,12.1,2,1,2022-08-01 09:02:06
1659344526957498000,12.15,12,12.0,285,12.1,2,1,2022-08-01 09:02:06
1659344527325630000,12.15,7,12.15,13,12.2,46,1,2022-08-01 09:02:07
1659344530767569000,12.15,5,12.15,8,12.2,46,2,2022-08-01 09:02:10
1659344532156223000,12.15,1,12.15,7,12.2,46,2,2022-08-01 09:02:12
1659344532419418000,12.15,2,12.15,5,12.2,46,2,2022-08-01 09:02:12
1659344532504986000,12.15,1,12.15,4,12.2,46,2,2022-08-01 09:02:12
1659344532598638000,12.2,3,12.15,4,12.2,44,1,2022-08-01 09:02:12
1659344533004553000,12.2,5,12.15,4,12.2,39,1,2022-08-01 09:02:13
1659344533183141000,12.15,2,12.15,2,12.2,39,2,2022-08-01 09:02:13
1659344533255464000,12.15,1,12.15,1,12.2,39,2,2022-08-01 09:02:13
1659344533829749000,12.2,1,12.15,1,12.2,39,1,2022-08-01 09:02:13
1659344534585569000,12.15,1,12.1,30,12.2,39,2,2022-08-01 09:02:14
1659344535065176000,12.1,5,12.1,25,12.2,39,2,2022-08-01 09:02:15
1659344535281404000,12.2,3,12.1,25,12.2,36,1,2022-08-01 09:02:15
1659344535366140000,12.2,2,12.1,25,12.2,34,1,2022-08-01 09:02:15
1659344536405774000,12.2,5,12.1,25,12.2,29,1,2022-08-01 09:02:16
1659344536431653000,12.2,8,12.1,25,12.2,21,1,2022-08-01 09:02:16
1659344537774804000,12.15,1,12.1,25,12.2,41,1,2022-08-01 09:02:17
1659344538354742000,12.1,3,12.1,22,12.2,41,2,2022-08-01 09:02:18
1659344538469638000,12.1,2,12.1,22,12.2,41,2,2022-08-01 09:02:18
1659344540423435000,12.2,5,12.1,20,12.2,52,1,2022-08-01 09:02:20
1659344540890320000,12.2,10,12.1,20,12.2,43,1,2022-08-01 09:02:20
1659344541199439000,12.2,2,12.1,20,12.2,41,1,2022-08-01 09:02:21
1659344541906064000,12.1,1,12.1,19,12.2,41,2,2022-08-01 09:02:21
1659344543032270000,12.2,1,12.1,20,12.2,40,1,2022-08-01 09:02:23
1659344543311348000,12.2,1,12.1,20,12.2,39,1,2022-08-01 09:02:23
1659344543568973000,12.2,2,12.1,20,12.2,37,1,2022-08-01 09:02:23
1659344545249136000,12.2,1,12.15,1,12.2,41,1,2022-08-01 09:02:25
1659344546191915000,12.15,1,12.1,23,12.2,41,2,2022-08-01 09:02:26
1659344546191915000,12.1,4,12.1,23,12.2,41,2,2022-08-01 09:02:26
1659344546469978000,12.2,10,12.15,1,12.2,41,1,2022-08-01 09:02:26
1659344547499158000,12.2,11,12.1,23,12.2,25,1,2022-08-01 09:02:27
1659344547677388000,12.15,1,12.1,23,12.15,4,1,2022-08-01 09:02:27
1659344548770290000,12.15,1,12.1,23,12.15,3,1,2022-08-01 09:02:28
1659344551444378000,12.15,1,12.1,32,12.15,2,1,2022-08-01 09:02:31
1659344551928937000,12.15,1,12.1,32,12.15,1,1,2022-08-01 09:02:31
1659344552013041000,12.15,1,12.1,32,12.2,29,1,2022-08-01 09:02:32
1659344552176743000,12.1,1,12.1,31,12.2,29,2,2022-08-01 09:02:32
1659344553264202000,12.15,1,12.15,6,12.2,31,2,2022-08-01 09:02:33
1659344553282666000,12.2,1,12.15,6,12.2,30,1,2022-08-01 09:02:33
1659344553670576000,12.15,5,12.15,1,12.2,30,2,2022-08-01 09:02:33
1659344554108965000,12.15,1,12.1,29,12.2,30,2,2022-08-01 09:02:34
1659344554108965000,12.1,2,12.1,29,12.2,30,2,2022-08-01 09:02:34
1659344554536123000,12.2,1,12.1,29,12.2,29,1,2022-08-01 09:02:34
1659344557321285000,12.15,1,12.15,2,12.2,29,1,2022-08-01 09:02:37
1659344559664058000,12.2,10,12.15,13,12.2,17,1,2022-08-01 09:02:39
1659344561302144000,12.15,1,12.15,23,12.2,37,2,2022-08-01 09:02:41
1659344562131433000,12.15,10,12.15,12,12.2,37,2,2022-08-01 09:02:42
1659344562992669000,12.15,1,12.15,11,12.2,38,2,2022-08-01 09:02:42
1659344563772050000,12.15,1,12.15,10,12.2,38,2,2022-08-01 09:02:43
1659344565396112000,12.15,1,12.15,10,12.2,39,2,2022-08-01 09:02:45
1659344565715077000,12.2,10,12.15,10,12.2,29,1,2022-08-01 09:02:45
1659344566464941000,12.15,1,12.15,9,12.2,29,2,2022-08-01 09:02:46
1659344566528611000,12.2,1,12.15,9,12.2,28,1,2022-08-01 09:02:46
1659344566532865000,12.2,1,12.15,9,12.2,27,1,2022-08-01 09:02:46
1659344567268511000,12.15,1,12.15,9,12.2,27,2,2022-08-01 09:02:47
1659344568370079000,12.15,9,12.1,25,12.2,27,2,2022-08-01 09:02:48
1659344568725749000,12.1,5,12.1,20,12.2,27,2,2022-08-01 09:02:48
1659344569579133000,12.2,20,12.15,6,12.2,7,1,2022-08-01 09:02:49
1659344569850583000,12.15,1,12.15,5,12.2,8,2,2022-08-01 09:02:49
1659344573868393000,12.15,20,12.15,31,12.2,10,2,2022-08-01 09:02:53
1659344574967152000,12.2,1,12.15,12,12.2,9,1,2022-08-01 09:02:54
1659344575124735000,12.2,1,12.15,12,12.2,8,1,2022-08-01 09:02:55
1659344575391296000,12.2,1,12.15,12,12.2,7,1,2022-08-01 09:02:55
1659344575513925000,12.2,1,12.15,12,12.2,6,1,2022-08-01 09:02:55
1659344575779887000,12.2,1,12.15,12,12.2,5,1,2022-08-01 09:02:55
1659344575919693000,12.15,3,12.15,9,12.2,5,2,2022-08-01 09:02:55
1659344575924029000,12.2,1,12.15,9,12.2,4,1,2022-08-01 09:02:55
1659344576271946000,12.15,3,12.15,6,12.2,4,2,2022-08-01 09:02:56
1659344576895363000,12.2,5,12.15,6,12.25,295,1,2022-08-01 09:02:56
1659344577775600000,12.15,5,12.1,22,12.15,55,2,2022-08-01 09:02:57
1659344578059620000,12.15,1,12.1,47,12.15,54,1,2022-08-01 09:02:58
1659344578159611000,12.1,10,12.1,37,12.15,54,2,2022-08-01 09:02:58
1659344578627584000,12.1,1,12.1,37,12.15,54,2,2022-08-01 09:02:58
1659344579963783000,12.15,1,12.1,40,12.15,53,1,2022-08-01 09:02:59
1659344580317900000,12.1,1,12.1,38,12.15,53,2,2022-08-01 09:03:00
1659344580354920000,12.15,1,12.1,38,12.15,52,1,2022-08-01 09:03:00
1659344580554374000,12.1,1,12.1,39,12.15,53,2,2022-08-01 09:03:00
1659344581415156000,12.15,1,12.1,37,12.15,51,1,2022-08-01 09:03:01
1659344581696688000,12.15,1,12.1,37,12.15,50,1,2022-08-01 09:03:01
1659344583675679000,12.15,2,12.1,42,12.15,48,1,2022-08-01 09:03:03
1659344584422824000,12.1,2,12.1,53,12.15,48,2,2022-08-01 09:03:04
1659344584594765000,12.15,1,12.1,53,12.15,47,1,2022-08-01 09:03:04
1659344584656881000,12.15,1,12.1,54,12.15,46,1,2022-08-01 09:03:04
1659344585120824000,12.1,5,12.1,49,12.15,46,2,2022-08-01 09:03:05
1659344585457359000,12.1,1,12.1,48,12.15,46,2,2022-08-01 09:03:05
1659344587527426000,12.15,1,12.1,58,12.15,46,1,2022-08-01 09:03:07
1659344587743990000,12.15,2,12.1,58,12.15,43,1,2022-08-01 09:03:07
1659344588234298000,12.1,2,12.1,56,12.15,59,2,2022-08-01 09:03:08
1659344589383572000,12.15,10,12.1,64,12.15,49,1,2022-08-01 09:03:09
1659344590093316000,12.15,5,12.1,64,12.15,44,1,2022-08-01 09:03:10
1659344593154112000,12.1,5,12.1,64,12.15,44,2,2022-08-01 09:03:13
1659344595133122000,12.1,2,12.1,59,12.15,64,2,2022-08-01 09:03:15
1659344596570454000,12.15,15,12.1,64,12.15,49,1,2022-08-01 09:03:16
1659344597012002000,12.15,1,12.1,64,12.15,49,1,2022-08-01 09:03:17
1659344597663261000,12.15,4,12.1,64,12.15,44,1,2022-08-01 09:03:17
1659344600430312000,12.15,16,12.1,75,12.15,28,1,2022-08-01 09:03:20
1659344600557192000,12.15,15,12.1,75,12.15,13,1,2022-08-01 09:03:20
1659344600579884000,12.15,4,12.1,75,12.15,28,1,2022-08-01 09:03:20
1659344601093188000,12.15,1,12.1,63,12.15,9,1,2022-08-01 09:03:21
1659344601797590000,12.15,2,12.1,79,12.15,6,1,2022-08-01 09:03:21
1659344601825727000,12.15,6,12.1,79,12.2,38,1,2022-08-01 09:03:21
1659344601921807000,12.1,2,12.1,77,12.2,38,2,2022-08-01 09:03:21
1659344606344808000,12.15,7,12.1,77,12.15,3,2,2022-08-01 09:03:26
1659344606554650000,12.15,3,12.1,77,12.2,38,1,2022-08-01 09:03:26
1659344607380090000,12.15,1,12.15,1,12.2,38,2,2022-08-01 09:03:27
1659344610499360000,12.15,1,12.1,89,12.15,8,1,2022-08-01 09:03:30
1659344610503845000,12.1,1,12.1,88,12.15,8,2,2022-08-01 09:03:30
1659344610969696000,12.15,1,12.1,88,12.15,9,1,2022-08-01 09:03:30
1659344613270793000,12.15,1,12.1,92,12.15,8,1,2022-08-01 09:03:33
1659344613388668000,12.15,1,12.1,92,12.15,7,1,2022-08-01 09:03:33
1659344614680613000,12.15,5,12.1,92,12.15,2,1,2022-08-01 09:03:34
1659344615050813000,12.15,2,12.2,3,12.25,291,1,2022-08-01 09:03:35
1659344615050813000,12.2,45,12.2,3,12.25,291,1,2022-08-01 09:03:35
1659344616817594000,12.2,2,12.2,1,12.25,291,2,2022-08-01 09:03:36
1659344618397937000,12.2,1,12.15,15,12.2,14,2,2022-08-01 09:03:38
1659344619393279000,12.2,2,12.15,18,12.2,12,1,2022-08-01 09:03:39
1659344622142472000,12.2,5,12.15,18,12.2,13,1,2022-08-01 09:03:42
1659344624133517000,12.2,1,12.15,33,12.2,7,1,2022-08-01 09:03:44
1659344625997212000,12.2,1,12.15,33,12.2,6,1,2022-08-01 09:03:45
1659344626478506000,12.2,1,12.15,33,12.2,5,1,2022-08-01 09:03:46
1659344627223599000,12.2,1,12.15,33,12.2,4,1,2022-08-01 09:03:47
1659344628051354000,12.15,25,12.15,9,12.2,4,2,2022-08-01 09:03:48
1659344630766292000,12.2,10,12.15,9,12.25,291,1,2022-08-01 09:03:50
1659344634499854000,12.25,3,12.2,13,12.25,288,1,2022-08-01 09:03:54
1659344636325899000,12.25,1,12.2,13,12.25,287,1,2022-08-01 09:03:56
1659344636671357000,12.25,3,12.2,13,12.25,287,1,2022-08-01 09:03:56
1659344636959090000,12.2,10,12.2,3,12.25,284,2,2022-08-01 09:03:56
1659344636987828000,12.2,3,12.15,33,12.25,284,2,2022-08-01 09:03:56
1659344639879030000,12.25,1,12.2,4,12.25,283,1,2022-08-01 09:03:59
1659344642455386000,12.25,5,12.2,4,12.25,278,1,2022-08-01 09:04:02
1659344646095862000,12.2,4,12.2,1,12.25,294,2,2022-08-01 09:04:06
1659344646514466000,12.25,15,12.2,3,12.25,279,1,2022-08-01 09:04:06
1659344646655324000,12.25,1,12.2,3,12.25,278,1,2022-08-01 09:04:06
1659344646680650000,12.25,15,12.2,3,12.25,294,1,2022-08-01 09:04:06
1659344647004655000,12.2,3,12.15,51,12.2,1,2,2022-08-01 09:04:07
1659344647228543000,12.2,1,12.15,51,12.25,263,1,2022-08-01 09:04:07
1659344648228890000,12.2,5,12.15,50,12.2,15,2,2022-08-01 09:04:08
1659344648258070000,12.2,5,12.15,50,12.2,10,1,2022-08-01 09:04:08
1659344651159931000,12.2,10,12.15,50,12.25,263,1,2022-08-01 09:04:11
1659344652360560000,12.25,1,12.2,1,12.25,262,1,2022-08-01 09:04:12
1659344652896319000,12.2,1,12.15,70,12.2,1,2,2022-08-01 09:04:12
1659344653726621000,12.2,1,12.2,1,12.25,262,1,2022-08-01 09:04:13
1659344655096930000,12.2,1,12.2,2,12.25,262,2,2022-08-01 09:04:15
1659344657225238000,12.25,10,12.2,8,12.25,252,1,2022-08-01 09:04:17
1659344658804736000,12.2,9,12.15,70,12.2,1,2,2022-08-01 09:04:18
1659344660077808000,12.2,1,12.15,72,12.25,252,1,2022-08-01 09:04:20
1659344661424015000,12.2,2,12.15,73,12.25,252,2,2022-08-01 09:04:21
1659344664619388000,12.2,2,12.2,4,12.25,252,2,2022-08-01 09:04:24
1659344665555677000,12.2,5,12.2,14,12.25,252,2,2022-08-01 09:04:25
1659344666927455000,12.2,1,12.2,19,12.25,252,2,2022-08-01 09:04:26
1659344667008418000,12.2,1,12.2,18,12.25,252,2,2022-08-01 09:04:27
1659344667009975000,12.2,5,12.2,13,12.25,252,2,2022-08-01 09:04:27
1659344667736499000,12.2,1,12.2,15,12.25,252,2,2022-08-01 09:04:27
1659344669493898000,12.25,2,12.2,19,12.25,250,1,2022-08-01 09:04:29
1659344670626629000,12.2,3,12.2,16,12.25,250,2,2022-08-01 09:04:30
1659344671070588000,12.2,1,12.2,16,12.25,250,2,2022-08-01 09:04:31
1659344672110440000,12.25,50,12.2,16,12.25,200,1,2022-08-01 09:04:32
1659344675461089000,12.2,2,12.2,17,12.25,205,2,2022-08-01 09:04:35
1659344675922434000,12.2,5,12.2,10,12.25,205,2,2022-08-01 09:04:35
1659344678591548000,12.25,1,12.2,32,12.25,204,1,2022-08-01 09:04:38
1659344679061178000,12.2,5,12.2,27,12.25,204,2,2022-08-01 09:04:39
1659344680600784000,12.2,2,12.2,26,12.25,205,2,2022-08-01 09:04:40
1659344682438770000,12.2,5,12.2,31,12.25,205,2,2022-08-01 09:04:42
1659344683185781000,12.25,10,12.2,26,12.25,205,1,2022-08-01 09:04:43
1659344683463632000,12.25,10,12.2,26,12.25,185,1,2022-08-01 09:04:43
1659344685251462000,12.25,5,12.2,26,12.25,180,1,2022-08-01 09:04:45
1659344686153923000,12.25,10,12.2,26,12.25,170,1,2022-08-01 09:04:46
1659344686268389000,12.2,5,12.2,21,12.25,170,2,2022-08-01 09:04:46
1659344688644194000,12.25,1,12.2,22,12.25,169,1,2022-08-01 09:04:48
1659344691058350000,12.25,1,12.2,24,12.25,177,1,2022-08-01 09:04:51
1659344691518566000,12.2,2,12.2,22,12.25,178,2,2022-08-01 09:04:51
1659344691642052000,12.2,2,12.2,20,12.25,178,2,2022-08-01 09:04:51
1659344694450156000,12.25,2,12.2,27,12.25,176,1,2022-08-01 09:04:54
1659344694469373000,12.2,1,12.2,27,12.25,178,2,2022-08-01 09:04:54
1659344694878920000,12.25,40,12.2,27,12.25,136,1,2022-08-01 09:04:54
1659344695738712000,12.2,5,12.2,32,12.25,136,2,2022-08-01 09:04:55
1659344695955682000,12.2,5,12.2,29,12.25,136,2,2022-08-01 09:04:55
1659344696607313000,12.25,5,12.2,29,12.25,131,1,2022-08-01 09:04:56
1659344697150971000,12.25,3,12.2,29,12.25,128,1,2022-08-01 09:04:57
1659344699690340000,12.2,10,12.2,19,12.25,128,2,2022-08-01 09:04:59
1659344701764423000,12.2,20,12.15,116,12.25,128,2,2022-08-01 09:05:01
1659344703484284000,12.25,1,12.2,3,12.25,127,1,2022-08-01 09:05:03
1659344704027085000,12.25,2,12.2,3,12.25,125,1,2022-08-01 09:05:04
1659344704790595000,12.25,1,12.2,4,12.25,124,1,2022-08-01 09:05:04
1659344706072578000,12.2,1,12.2,5,12.25,124,2,2022-08-01 09:05:06
1659344707981343000,12.25,1,12.2,6,12.25,123,1,2022-08-01 09:05:07
1659344710084662000,12.25,1,12.2,11,12.25,132,1,2022-08-01 09:05:10
1659344710109236000,12.25,30,12.2,11,12.25,133,1,2022-08-01 09:05:10
1659344710384945000,12.25,14,12.2,13,12.25,88,1,2022-08-01 09:05:10
1659344713235640000,12.25,5,12.2,17,12.25,88,1,2022-08-01 09:05:13
1659344713889889000,12.25,1,12.2,20,12.25,86,1,2022-08-01 09:05:13
1659344714878717000,12.25,30,12.2,21,12.25,55,1,2022-08-01 09:05:14
1659344716082527000,12.25,20,12.2,22,12.25,35,1,2022-08-01 09:05:16
1659344716097626000,12.25,14,12.2,22,12.25,21,1,2022-08-01 09:05:16
1659344716235169000,12.25,2,12.2,22,12.25,19,1,2022-08-01 09:05:16
1659344716254415000,12.25,19,12.2,22,12.3,39,1,2022-08-01 09:05:16
1659344717826310000,12.25,1,12.25,12,12.3,46,2,2022-08-01 09:05:17
1659344719798502000,12.25,1,12.25,14,12.3,46,2,2022-08-01 09:05:19
1659344721470150000,12.3,2,12.25,24,12.3,94,1,2022-08-01 09:05:21
1659344722250780000,12.3,2,12.25,25,12.3,92,1,2022-08-01 09:05:22
1659344723335796000,12.25,5,12.25,20,12.3,92,2,2022-08-01 09:05:23
1659344728361670000,12.3,1,12.25,45,12.3,93,1,2022-08-01 09:05:28
1659344730593486000,12.3,5,12.25,46,12.3,88,1,2022-08-01 09:05:30
1659344730625365000,12.3,5,12.25,46,12.3,83,1,2022-08-01 09:05:30
1659344732766280000,12.3,1,12.25,47,12.3,82,1,2022-08-01 09:05:32
1659344735005257000,12.3,10,12.25,37,12.3,72,1,2022-08-01 09:05:35
1659344735811439000,12.3,4,12.25,37,12.3,68,1,2022-08-01 09:05:35
1659344736877242000,12.3,30,12.25,38,12.3,68,1,2022-08-01 09:05:36
1659344740524571000,12.3,10,12.25,38,12.3,29,1,2022-08-01 09:05:40
1659344740822105000,12.3,1,12.25,38,12.3,28,1,2022-08-01 09:05:40
1659344742321318000,12.3,1,12.25,38,12.3,37,1,2022-08-01 09:05:42
1659344742540870000,12.3,1,12.25,37,12.3,36,1,2022-08-01 09:05:42
1659344743213381000,12.3,5,12.25,37,12.3,31,1,2022-08-01 09:05:43
1659344743422182000,12.3,3,12.25,57,12.3,28,1,2022-08-01 09:05:43
1659344744473168000,12.3,1,12.25,57,12.3,28,1,2022-08-01 09:05:44
1659344744724322000,12.3,28,12.3,22,12.35,364,1,2022-08-01 09:05:44
1659344745568841000,12.35,1,12.3,22,12.35,363,1,2022-08-01 09:05:45
1659344746122701000,12.35,1,12.3,22,12.35,362,1,2022-08-01 09:05:46
1659344746722004000,12.35,3,12.3,22,12.35,359,1,2022-08-01 09:05:46
1659344747569410000,12.35,50,12.3,23,12.35,309,1,2022-08-01 09:05:47
1659344748179135000,12.35,2,12.3,23,12.35,307,1,2022-08-01 09:05:48
1659344749076095000,12.3,3,12.3,20,12.35,307,2,2022-08-01 09:05:49
1659344749139413000,12.35,50,12.3,20,12.35,257,1,2022-08-01 09:05:49
1659344749323829000,12.35,1,12.3,20,12.35,256,1,2022-08-01 09:05:49
1659344749670348000,12.35,1,12.3,21,12.35,256,1,2022-08-01 09:05:49
1659344750770645000,12.35,1,12.3,23,12.35,254,1,2022-08-01 09:05:50
1659344750975609000,12.35,1,12.3,23,12.35,253,1,2022-08-01 09:05:50
1659344752586052000,12.35,2,12.3,24,12.35,251,1,2022-08-01 09:05:52
1659344752695369000,12.35,3,12.3,24,12.35,248,1,2022-08-01 09:05:52
1659344753346067000,12.35,1,12.3,25,12.35,247,1,2022-08-01 09:05:53
1659344753490551000,12.35,10,12.3,28,12.35,237,1,2022-08-01 09:05:53
1659344755555228000,12.35,3,12.3,28,12.35,234,1,2022-08-01 09:05:55
1659344758300569000,12.35,1,12.3,29,12.35,233,1,2022-08-01 09:05:58
1659344760336533000,12.35,233,12.3,39,12.4,449,1,2022-08-01 09:06:00
1659344760336533000,12.4,7,12.3,39,12.4,449,1,2022-08-01 09:06:00
1659344760363278000,12.4,1,12.3,39,12.4,448,1,2022-08-01 09:06:00
1659344761100739000,12.4,6,12.3,39,12.4,522,1,2022-08-01 09:06:01
1659344763483278000,12.4,41,12.35,24,12.4,481,1,2022-08-01 09:06:03
1659344763508255000,12.4,20,12.35,24,12.4,461,1,2022-08-01 09:06:03
1659344764299212000,12.4,1,12.35,24,12.4,460,1,2022-08-01 09:06:04
1659344764724897000,12.4,1,12.35,24,12.4,459,1,2022-08-01 09:06:04
1659344766093293000,12.4,459,12.35,27,12.45,889,1,2022-08-01 09:06:06
1659344766093293000,12.45,40,12.35,27,12.45,889,1,2022-08-01 09:06:06
1659344766093419000,12.45,499,12.35,27,12.45,390,1,2022-08-01 09:06:06
1659344766093458000,12.45,390,0.0,109,0.0,0,1,2022-08-01 09:06:06
1659344769720917000,12.45,1,0.0,19594,0.0,0,1,2022-08-01 09:06:09
1659344770551759000,12.45,5,0.0,19589,0.0,0,1,2022-08-01 09:06:10
1659344776606670000,12.45,1,0.0,19267,0.0,0,1,2022-08-01 09:06:16
1659344776675858000,12.45,20,0.0,19287,0.0,0,1,2022-08-01 09:06:16
1659344782965953000,12.45,2,0.0,19318,0.0,0,1,2022-08-01 09:06:22
1659344783129147000,12.45,1,0.0,19322,0.0,0,1,2022-08-01 09:06:23
1659344789849202000,12.45,120,0.0,19385,0.0,0,1,2022-08-01 09:06:29
1659344793601522000,12.45,1,0.0,19265,0.0,0,1,2022-08-01 09:06:33
1659344795173246000,12.45,30,0.0,19235,0.0,0,1,2022-08-01 09:06:35
1659344796635129000,12.45,1,0.0,19234,0.0,0,1,2022-08-01 09:06:36
1659344800026339000,12.45,5,0.0,19229,0.0,0,1,2022-08-01 09:06:40
1659344807411286000,12.45,40,0.0,19193,0.0,0,1,2022-08-01 09:06:47
1659344813130978000,12.45,1,0.0,18701,0.0,0,1,2022-08-01 09:06:53
1659344813770406000,12.45,20,0.0,18680,0.0,0,1,2022-08-01 09:06:53
1659344814056289000,12.45,5,0.0,18675,0.0,0,1,2022-08-01 09:06:54
1659344814249364000,12.45,10,0.0,18665,0.0,0,1,2022-08-01 09:06:54
1659344814887965000,12.45,10,0.0,18656,0.0,0,1,2022-08-01 09:06:54
1659344818889888000,12.45,3,0.0,18653,0.0,0,1,2022-08-01 09:06:58
1659344819788366000,12.45,4,0.0,18649,0.0,0,1,2022-08-01 09:06:59
1659344819886874000,12.45,2,0.0,18647,0.0,0,1,2022-08-01 09:06:59
1659344820093919000,12.45,1,0.0,18646,0.0,0,1,2022-08-01 09:07:00
1659344821015084000,12.45,10,0.0,18637,0.0,0,1,2022-08-01 09:07:01
1659344821062817000,12.45,5,0.0,18637,0.0,0,1,2022-08-01 09:07:01
1659344824218975000,12.45,20,0.0,18630,0.0,0,1,2022-08-01 09:07:04
1659344824437710000,12.45,10,0.0,18600,0.0,0,1,2022-08-01 09:07:04
1659344826475851000,12.45,20,0.0,18580,0.0,0,1,2022-08-01 09:07:06
1659344827561727000,12.45,1,0.0,17592,0.0,0,1,2022-08-01 09:07:07
1659344829261050000,12.45,1,0.0,16033,0.0,0,1,2022-08-01 09:07:09
1659344829817884000,12.45,2,0.0,16031,0.0,0,1,2022-08-01 09:07:09
1659344833143215000,12.45,20,0.0,13537,0.0,0,1,2022-08-01 09:07:13
1659344837067939000,12.45,2,0.0,10524,0.0,0,1,2022-08-01 09:07:17
1659344838748504000,12.45,1,0.0,10523,0.0,0,1,2022-08-01 09:07:18
1659344838809890000,12.45,1,0.0,10522,0.0,0,1,2022-08-01 09:07:18
1659344839297481000,12.45,1,0.0,10521,0.0,0,1,2022-08-01 09:07:19
1659344839357883000,12.45,1,0.0,10520,0.0,0,1,2022-08-01 09:07:19
1659344840734777000,12.45,3,0.0,10517,0.0,0,1,2022-08-01 09:07:20
1659344844210347000,12.45,5,0.0,9015,0.0,0,1,2022-08-01 09:07:24
1659344846836465000,12.45,20,0.0,8995,0.0,0,1,2022-08-01 09:07:26
1659344853306083000,12.45,2,0.0,8996,0.0,0,1,2022-08-01 09:07:33
1659344855569521000,12.45,20,0.0,8974,0.0,0,1,2022-08-01 09:07:35
1659344856140182000,12.45,10,0.0,8964,0.0,0,1,2022-08-01 09:07:36
1659344858320327000,12.45,1,0.0,8965,0.0,0,1,2022-08-01 09:07:38
1659344859654397000,12.45,2,0.0,8963,0.0,0,1,2022-08-01 09:07:39
1659344863336354000,12.45,10,0.0,8954,0.0,0,1,2022-08-01 09:07:43
1659344864219770000,12.45,1,0.0,8953,0.0,0,1,2022-08-01 09:07:44
1659344864704518000,12.45,5,0.0,8948,0.0,0,1,2022-08-01 09:07:44
1659344867257295000,12.45,15,0.0,8933,0.0,0,1,2022-08-01 09:07:47
1659344868937787000,12.45,1,0.0,8932,0.0,0,1,2022-08-01 09:07:48
1659344871062598000,12.45,1,0.0,8932,0.0,0,1,2022-08-01 09:07:51
1659344882145956000,12.45,2,0.0,8934,0.0,0,1,2022-08-01 09:08:02
1659344884434871000,12.45,2,0.0,8982,0.0,0,1,2022-08-01 09:08:04
1659344885608300000,12.45,30,0.0,8952,0.0,0,1,2022-08-01 09:08:05
1659344887745552000,12.45,5,0.0,8947,0.0,0,1,2022-08-01 09:08:07
1659344891349346000,12.45,10,0.0,8967,0.0,0,1,2022-08-01 09:08:11
1659344909836330000,12.45,7,0.0,8961,0.0,0,1,2022-08-01 09:08:29
1659344916725477000,12.45,10,0.0,8950,0.0,0,1,2022-08-01 09:08:36
1659344927108444000,12.45,1,0.0,8952,0.0,0,1,2022-08-01 09:08:47
1659344936129745000,12.45,2,0.0,8953,0.0,0,1,2022-08-01 09:08:56
1659344940181409000,12.45,1,0.0,8964,0.0,0,1,2022-08-01 09:09:00
1659344951282686000,12.45,10,0.0,8959,0.0,0,1,2022-08-01 09:09:11
1659344953389579000,12.45,5,0.0,8954,0.0,0,1,2022-08-01 09:09:13
1659344958443609000,12.45,1,0.0,8957,0.0,0,1,2022-08-01 09:09:18
1659344967538442000,12.45,1,0.0,8956,0.0,0,1,2022-08-01 09:09:27
1659344975367116000,12.45,1,0.0,8957,0.0,0,1,2022-08-01 09:09:35
1659344984851615000,12.45,1,0.0,8961,0.0,0,1,2022-08-01 09:09:44
1659344987582583000,12.45,40,0.0,8921,0.0,0,1,2022-08-01 09:09:47
1659344987675135000,12.45,1,0.0,8920,0.0,0,1,2022-08-01 09:09:47
1659344991714595000,12.45,1,0.0,8919,0.0,0,1,2022-08-01 09:09:51
1659344991875671000,12.45,9,0.0,8910,0.0,0,1,2022-08-01 09:09:51
1659344999945229000,12.45,1,0.0,8910,0.0,0,1,2022-08-01 09:09:59
1659345005387699000,12.45,400,0.0,8510,0.0,0,1,2022-08-01 09:10:05
1659345010522146000,12.45,10,0.0,8495,0.0,0,1,2022-08-01 09:10:10
1659345010909556000,12.45,4,0.0,8491,0.0,0,1,2022-08-01 09:10:10
1659345011405046000,12.45,100,0.0,8391,0.0,0,1,2022-08-01 09:10:11
1659345016664394000,12.45,5,0.0,8385,0.0,0,1,2022-08-01 09:10:16
1659345029974504000,12.45,1,0.0,8401,0.0,0,1,2022-08-01 09:10:29
1659345034683580000,12.45,499,0.0,7902,0.0,0,1,2022-08-01 09:10:34
1659345038801186000,12.45,20,0.0,7893,0.0,0,1,2022-08-01 09:10:38
1659345042236766000,12.45,1,0.0,7902,0.0,0,1,2022-08-01 09:10:42
1659345043435716000,12.45,2,0.0,7900,0.0,0,1,2022-08-01 09:10:43
1659345045761264000,12.45,1,0.0,7899,0.0,0,1,2022-08-01 09:10:45
1659345054089897000,12.45,1,0.0,7904,0.0,0,1,2022-08-01 09:10:54
1659345054495532000,12.45,1,0.0,7903,0.0,0,1,2022-08-01 09:10:54
1659345064791613000,12.45,1,0.0,7908,0.0,0,1,2022-08-01 09:11:04
1659345069143317000,12.45,60,0.0,7848,0.0,0,1,2022-08-01 09:11:09
1659345069252697000,12.45,1,0.0,7847,0.0,0,1,2022-08-01 09:11:09
1659345076927220000,12.45,1,0.0,7847,0.0,0,1,2022-08-01 09:11:16
1659345078072462000,12.45,1,0.0,7846,0.0,0,1,2022-08-01 09:11:18
1659345116972172000,12.45,5,0.0,7855,0.0,0,1,2022-08-01 09:11:56
1659345130227176000,12.45,40,0.0,7819,0.0,0,1,2022-08-01 09:12:10
1659345137547506000,12.45,15,0.0,7804,0.0,0,1,2022-08-01 09:12:17
1659345139661866000,12.45,1,0.0,7803,0.0,0,1,2022-08-01 09:12:19
1659345164055466000,12.45,10,0.0,7795,0.0,0,1,2022-08-01 09:12:44
1659345179001392000,12.45,2,0.0,7794,0.0,0,1,2022-08-01 09:12:59
1659345187390386000,12.45,3,0.0,7795,0.0,0,1,2022-08-01 09:13:07
1659345188088533000,12.45,5,0.0,7790,0.0,0,1,2022-08-01 09:13:08
1659345194376221000,12.45,1,0.0,7791,0.0,0,1,2022-08-01 09:13:14
1659345226656226000,12.45,1,0.0,7794,0.0,0,1,2022-08-01 09:13:46
1659345230130856000,12.45,10,0.0,7785,0.0,0,1,2022-08-01 09:13:50
1659345253410156000,12.45,1,0.0,7788,0.0,0,1,2022-08-01 09:14:13
1659345266909760000,12.45,70,0.0,8219,0.0,0,1,2022-08-01 09:14:26
1659345266994409000,12.45,70,0.0,8149,0.0,0,1,2022-08-01 09:14:26
1659345267629963000,12.45,2,0.0,8146,0.0,0,1,2022-08-01 09:14:27
1659345289059661000,12.45,1,0.0,8650,0.0,0,1,2022-08-01 09:14:49
1659345313947599000,12.45,1,0.0,8655,0.0,0,1,2022-08-01 09:15:13
1659345371267000000,12.45,2,0.0,8677,0.0,0,1,2022-08-01 09:16:11
1659345380796925000,12.45,1,0.0,8677,0.0,0,1,2022-08-01 09:16:20
1659345443186619000,12.45,1,0.0,8706,0.0,0,1,2022-08-01 09:17:23
1659345453965871000,12.45,20,0.0,8683,0.0,0,1,2022-08-01 09:17:33
1659345466133524000,12.45,2,0.0,8681,0.0,0,1,2022-08-01 09:17:46
1659345513380345000,12.45,45,0.0,8642,0.0,0,1,2022-08-01 09:18:33
1659345521964983000,12.45,1,0.0,8691,0.0,0,1,2022-08-01 09:18:41
1659345557823027000,12.45,2,0.0,8683,0.0,0,1,2022-08-01 09:19:17
1659345596791043000,12.45,2,0.0,8683,0.0,0,1,2022-08-01 09:19:56
1659345611644584000,12.45,1,0.0,8682,0.0,0,1,2022-08-01 09:20:11
1659345613832620000,12.45,1,0.0,8681,0.0,0,1,2022-08-01 09:20:13
1659345615520315000,12.45,1,0.0,8680,0.0,0,1,2022-08-01 09:20:15
1659345764157493000,12.45,2,0.0,8689,0.0,0,1,2022-08-01 09:22:44
1659345806485558000,12.45,2,0.0,8689,0.0,0,1,2022-08-01 09:23:26
1659345819666367000,12.45,15,0.0,8675,0.0,0,1,2022-08-01 09:23:39
1659345824901199000,12.45,3,0.0,8671,0.0,0,1,2022-08-01 09:23:44
1659345853470584000,12.45,5,0.0,8676,0.0,0,1,2022-08-01 09:24:13
1659345858387617000,12.45,5,0.0,8671,0.0,0,1,2022-08-01 09:24:18
1659345917321091000,12.45,1,0.0,8673,0.0,0,1,2022-08-01 09:25:17
1659345950224221000,12.45,1,0.0,8674,0.0,0,1,2022-08-01 09:25:50
1659345989668061000,12.45,25,0.0,8650,0.0,0,1,2022-08-01 09:26:29
1659346039793161000,12.45,1,0.0,8649,0.0,0,1,2022-08-01 09:27:19
1659346054111898000,12.45,2,0.0,8645,0.0,0,1,2022-08-01 09:27:34
1659346054621208000,12.45,5,0.0,8640,0.0,0,1,2022-08-01 09:27:34
1659346125994462000,12.45,1,0.0,8649,0.0,0,1,2022-08-01 09:28:45
1659346171413651000,12.45,1,0.0,8662,0.0,0,1,2022-08-01 09:29:31
1659346223988637000,12.45,1,0.0,8662,0.0,0,1,2022-08-01 09:30:23
1659346280806240000,12.45,27,0.0,8640,0.0,0,1,2022-08-01 09:31:20
1659346325353616000,12.45,9,0.0,8631,0.0,0,1,2022-08-01 09:32:05
1659346327848623000,12.45,1,0.0,8630,0.0,0,1,2022-08-01 09:32:07
1659346329284429000,12.45,10,0.0,8620,0.0,0,1,2022-08-01 09:32:09
1659346340191453000,12.45,1,0.0,8623,0.0,0,1,2022-08-01 09:32:20
1659346346083320000,12.45,100,0.0,8533,0.0,0,1,2022-08-01 09:32:26
1659346358693505000,12.45,1,0.0,8532,0.0,0,1,2022-08-01 09:32:38
1659346363810328000,12.45,20,0.0,8512,0.0,0,1,2022-08-01 09:32:43
1659346376594611000,12.45,1,0.0,8511,0.0,0,1,2022-08-01 09:32:56
1659346418804600000,12.45,5,0.0,8523,0.0,0,1,2022-08-01 09:33:38
1659346443368272000,12.45,10,0.0,8513,0.0,0,1,2022-08-01 09:34:03
1659346499705749000,12.45,6,0.0,8507,0.0,0,1,2022-08-01 09:34:59
1659346530951027000,12.45,2,0.0,8506,0.0,0,1,2022-08-01 09:35:30
1659346550273595000,12.45,10,0.0,8495,0.0,0,1,2022-08-01 09:35:50
1659346582292677000,12.45,10,0.0,8490,0.0,0,1,2022-08-01 09:36:22
1659346704960842000,12.45,30,0.0,8986,0.0,0,1,2022-08-01 09:38:24
1659346807722381000,12.45,1,0.0,9000,0.0,0,1,2022-08-01 09:40:07
1659346935728684000,12.45,1,0.0,9024,0.0,0,1,2022-08-01 09:42:15
1659346936823146000,12.45,3,0.0,9021,0.0,0,1,2022-08-01 09:42:16
1659347009188076000,12.45,2,0.0,9021,0.0,0,1,2022-08-01 09:43:29
1659347129442772000,12.45,1,0.0,9047,0.0,0,1,2022-08-01 09:45:29
1659347455599177000,12.45,5,0.0,9509,0.0,0,1,2022-08-01 09:50:55
1659347503072349000,12.45,1,0.0,9504,0.0,0,1,2022-08-01 09:51:43
1659347634473673000,12.45,2,0.0,9509,0.0,0,1,2022-08-01 09:53:54
1659347736431808000,12.45,2,0.0,9508,0.0,0,1,2022-08-01 09:55:36
1659347864565230000,12.45,5,0.0,9499,0.0,0,1,2022-08-01 09:57:44
1659347904288739000,12.45,2,0.0,9504,0.0,0,1,2022-08-01 09:58:24
1659348023559082000,12.45,1,0.0,9498,0.0,0,1,2022-08-01 10:00:23
1659348059513284000,12.45,35,0.0,9463,0.0,0,1,2022-08-01 10:00:59
1659348198986989000,12.45,1,0.0,9464,0.0,0,1,2022-08-01 10:03:18
1659348334849593000,12.45,10,0.0,9471,0.0,0,1,2022-08-01 10:05:34
1659348399060323000,12.45,2,0.0,9469,0.0,0,1,2022-08-01 10:06:39
1659348417005923000,12.45,1,0.0,9468,0.0,0,1,2022-08-01 10:06:57
1659348574042788000,12.45,7,0.0,9464,0.0,0,1,2022-08-01 10:09:34
1659348602142158000,12.45,10,0.0,9457,0.0,0,1,2022-08-01 10:10:02
1659348636612195000,12.45,20,0.0,9437,0.0,0,1,2022-08-01 10:10:36
1659348779307922000,12.45,3,0.0,9438,0.0,0,1,2022-08-01 10:12:59
1659348825759067000,12.45,3,0.0,9435,0.0,0,1,2022-08-01 10:13:45
1659348866355084000,12.45,5,0.0,9431,0.0,0,1,2022-08-01 10:14:26
1659348927404460000,12.45,3,0.0,9428,0.0,0,1,2022-08-01 10:15:27
1659349014383642000,12.45,10,0.0,9423,0.0,0,1,2022-08-01 10:16:54
1659349045940401000,12.45,1,0.0,9421,0.0,0,1,2022-08-01 10:17:25
1659349080791894000,12.45,5,0.0,9420,0.0,0,1,2022-08-01 10:18:00
1659349229951991000,12.45,1,0.0,9421,0.0,0,1,2022-08-01 10:20:29
1659349251069176000,12.45,1,0.0,9424,0.0,0,1,2022-08-01 10:20:51
1659349277781223000,12.45,1,0.0,9423,0.0,0,1,2022-08-01 10:21:17
1659349299347795000,12.45,5,0.0,9420,0.0,0,1,2022-08-01 10:21:39
1659349471743725000,12.45,1,0.0,9419,0.0,0,1,2022-08-01 10:24:31
1659349639359142000,12.45,1,0.0,9426,0.0,0,1,2022-08-01 10:27:19
1659349724357731000,12.45,7,0.0,9425,0.0,0,1,2022-08-01 10:28:44
1659349753798466000,12.45,2,0.0,9421,0.0,0,1,2022-08-01 10:29:13
1659349823326070000,12.45,1,0.0,9440,0.0,0,1,2022-08-01 10:30:23
1659349905582518000,12.45,1,0.0,9442,0.0,0,1,2022-08-01 10:31:45
1659349919611596000,12.45,2,0.0,9440,0.0,0,1,2022-08-01 10:31:59
1659349947815822000,12.45,1,0.0,9444,0.0,0,1,2022-08-01 10:32:27
1659350257028396000,12.45,1,0.0,9448,0.0,0,1,2022-08-01 10:37:37
1659350284126229000,12.45,1,0.0,9447,0.0,0,1,2022-08-01 10:38:04
1659350367839968000,12.45,3,0.0,9464,0.0,0,1,2022-08-01 10:39:27
1659350439112174000,12.45,1,0.0,9460,0.0,0,1,2022-08-01 10:40:39
1659350954675067000,12.45,2,0.0,9468,0.0,0,1,2022-08-01 10:49:14
1659350992780491000,12.45,1,0.0,9468,0.0,0,1,2022-08-01 10:49:52
1659351002608662000,12.45,20,0.0,9448,0.0,0,1,2022-08-01 10:50:02
1659351055368960000,12.45,1,0.0,9445,0.0,0,1,2022-08-01 10:50:55
1659351077785872000,12.45,1,0.0,9444,0.0,0,1,2022-08-01 10:51:17
1659351164584565000,12.45,2,0.0,9443,0.0,0,1,2022-08-01 10:52:44
1659351264880522000,12.45,1,0.0,9442,0.0,0,1,2022-08-01 10:54:24
1659351867607390000,12.45,1,0.0,9965,0.0,0,1,2022-08-01 11:04:27
1659351871107359000,12.45,30,0.0,9935,0.0,0,1,2022-08-01 11:04:31
1659351890106629000,12.45,2,0.0,9930,0.0,0,1,2022-08-01 11:04:50
1659352372704846000,12.45,3,0.0,9955,0.0,0,1,2022-08-01 11:12:52
1659353127923214000,12.45,1,0.0,9978,0.0,0,1,2022-08-01 11:25:27
1659353168607980000,12.45,2,0.0,9976,0.0,0,1,2022-08-01 11:26:08
1659353191306078000,12.45,10,0.0,9965,0.0,0,1,2022-08-01 11:26:31
1659353315933102000,12.45,1,0.0,9968,0.0,0,1,2022-08-01 11:28:35
1659353609567357000,12.45,2,0.0,9965,0.0,0,1,2022-08-01 11:33:29
1659353895829502000,12.45,2,0.0,9975,0.0,0,1,2022-08-01 11:38:15
1659353903037353000,12.45,10,0.0,9965,0.0,0,1,2022-08-01 11:38:23
1659354234879690000,12.45,5,0.0,9946,0.0,0,1,2022-08-01 11:43:54
1659354525415666000,12.45,50,0.0,9902,0.0,0,1,2022-08-01 11:48:45
1659354587988754000,12.45,1,0.0,9906,0.0,0,1,2022-08-01 11:49:47
1659354731147842000,12.45,1,0.0,9905,0.0,0,1,2022-08-01 11:52:11
1659354828509164000,12.45,8,0.0,9897,0.0,0,1,2022-08-01 11:53:48
1659354928011636000,12.45,1,0.0,9901,0.0,0,1,2022-08-01 11:55:28
1659355613906985000,12.45,2,0.0,9916,0.0,0,1,2022-08-01 12:06:53
1659355753451822000,12.45,2,0.0,9915,0.0,0,1,2022-08-01 12:09:13
1659355967154395000,12.45,1,0.0,9888,0.0,0,1,2022-08-01 12:12:47
1659355993218509000,12.45,1,0.0,9887,0.0,0,1,2022-08-01 12:13:13
1659356020588854000,12.45,1,0.0,9885,0.0,0,1,2022-08-01 12:13:40
1659356024014727000,12.45,5,0.0,9880,0.0,0,1,2022-08-01 12:13:44
1659356103241693000,12.45,1,0.0,9880,0.0,0,1,2022-08-01 12:15:03
1659356434399877000,12.45,2,0.0,9897,0.0,0,1,2022-08-01 12:20:34
1659356546777146000,12.45,1,0.0,9911,0.0,0,1,2022-08-01 12:22:26
1659357030720718000,12.45,4,0.0,9924,0.0,0,1,2022-08-01 12:30:30
1659357380971443000,12.45,2,0.0,9938,0.0,0,1,2022-08-01 12:36:20
1659357543521086000,12.45,4,0.0,9935,0.0,0,1,2022-08-01 12:39:03
1659357600626490000,12.45,4,0.0,9943,0.0,0,1,2022-08-01 12:40:00
1659357762303387000,12.45,10,0.0,9933,0.0,0,1,2022-08-01 12:42:42
1659358248319051000,12.45,2,0.0,9943,0.0,0,1,2022-08-01 12:50:48
1659358306630434000,12.45,1,0.0,9943,0.0,0,1,2022-08-01 12:51:46
1659358778021445000,12.45,1,0.0,9943,0.0,0,1,2022-08-01 12:59:38
1659359462800650000,12.45,12,0.0,9986,0.0,0,1,2022-08-01 13:11:02
1659359507436221000,12.45,22,0.0,9964,0.0,0,1,2022-08-01 13:11:47
1659359578854775000,12.45,90,0.0,9878,0.0,0,1,2022-08-01 13:12:58
1659359640540484000,12.45,5,0.0,9875,0.0,0,1,2022-08-01 13:14:00
1659359649118683000,12.45,4,0.0,9872,0.0,0,1,2022-08-01 13:14:09
1659359726684929000,12.45,2,0.0,9867,0.0,0,1,2022-08-01 13:15:26
1659359730079696000,12.45,3,0.0,9864,0.0,0,1,2022-08-01 13:15:30
1659359730883755000,12.45,1,0.0,9863,0.0,0,1,2022-08-01 13:15:30
1659359748946506000,12.45,2,0.0,9861,0.0,0,1,2022-08-01 13:15:48
1659359803374199000,12.45,1,0.0,9860,0.0,0,1,2022-08-01 13:16:43
1659359924261073000,12.45,1,0.0,9861,0.0,0,1,2022-08-01 13:18:44
1659360144997190000,12.45,1,0.0,9860,0.0,0,1,2022-08-01 13:22:24
1659360244101081000,12.45,3,0.0,9857,0.0,0,1,2022-08-01 13:24:04
1659360600000000000,12.45,103,12.45,26392,0.0,0,1,2022-08-01 13:30:00
