ts,close,volume,bid_price,bid_volume,ask_price,ask_volume,tick_type,datetime
1659344529278350000,27.8,454,27.75,1,27.8,7,1,2022-08-01 09:02:09
1659344529304905000,27.75,1,27.65,2,27.8,7,2,2022-08-01 09:02:09
1659344529327452000,27.8,7,27.65,2,27.9,95,1,2022-08-01 09:02:09
1659344529327452000,27.85,3,27.65,2,27.9,95,1,2022-08-01 09:02:09
1659344529336487000,27.65,1,27.65,1,27.9,95,2,2022-08-01 09:02:09
1659344529424732000,27.65,1,27.55,20,27.75,1,2,2022-08-01 09:02:09
1659344529424732000,27.6,9,27.55,20,27.75,1,2,2022-08-01 09:02:09
1659344529424732000,27.55,2,27.55,20,27.75,1,2,2022-08-01 09:02:09
1659344529476619000,27.55,3,27.55,17,27.75,1,2,2022-08-01 09:02:09
1659344529487299000,27.55,3,27.55,14,27.75,1,2,2022-08-01 09:02:09
1659344529640919000,27.55,4,27.55,10,27.7,1,2,2022-08-01 09:02:09
1659344529658107000,27.55,4,27.55,6,27.7,1,2,2022-08-01 09:02:09
1659344530129453000,27.55,3,27.55,3,27.65,1,2,2022-08-01 09:02:10
1659344530362574000,27.55,1,27.55,2,27.65,1,2,2022-08-01 09:02:10
1659344530387792000,27.55,1,27.55,1,27.65,1,2,2022-08-01 09:02:10
1659344530418445000,27.55,1,27.5,2,27.65,1,2,2022-08-01 09:02:10
1659344530699160000,27.5,2,27.5,2,27.65,1,2,2022-08-01 09:02:10
1659344531582551000,27.65,1,27.45,22,27.7,2,1,2022-08-01 09:02:11
1659344531582551000,27.7,4,27.45,22,27.7,2,1,2022-08-01 09:02:11
1659344532124470000,27.6,1,27.5,4,27.7,1,1,2022-08-01 09:02:12
1659344532124470000,27.7,1,27.5,4,27.7,1,1,2022-08-01 09:02:12
1659344533372711000,27.7,1,27.55,5,27.75,11,1,2022-08-01 09:02:13
1659344533372711000,27.75,7,27.55,5,27.75,11,1,2022-08-01 09:02:13
1659344533987191000,27.6,1,27.55,4,27.75,11,2,2022-08-01 09:02:13
1659344533987191000,27.55,1,27.55,4,27.75,11,2,2022-08-01 09:02:13
1659344534189810000,27.75,11,27.55,4,27.8,8,1,2022-08-01 09:02:14
1659344534189810000,27.8,1,27.55,4,27.8,8,1,2022-08-01 09:02:14
1659344534339368000,27.8,2,27.6,1,27.8,6,1,2022-08-01 09:02:14
1659344534785483000,27.6,3,27.55,4,27.8,6,2,2022-08-01 09:02:14
1659344535259670000,27.7,1,27.55,4,27.75,2,1,2022-08-01 09:02:15
1659344535720506000,27.65,1,27.55,4,27.75,2,2,2022-08-01 09:02:15
1659344536646100000,27.7,1,27.55,4,27.75,2,1,2022-08-01 09:02:16
1659344537299399000,27.55,1,27.55,3,27.75,2,2,2022-08-01 09:02:17
1659344538935131000,27.55,1,27.55,2,27.65,1,2,2022-08-01 09:02:18
1659344538978381000,27.65,1,27.55,3,27.65,1,1,2022-08-01 09:02:18
1659344538978381000,27.75,2,27.55,3,27.65,1,1,2022-08-01 09:02:18
1659344538978381000,27.8,6,27.55,3,27.65,1,1,2022-08-01 09:02:18
1659344538978381000,27.85,1,27.55,3,27.65,1,1,2022-08-01 09:02:18
1659344540959344000,27.55,1,27.55,4,27.7,2,2,2022-08-01 09:02:20
1659344542016692000,27.7,4,27.6,2,27.85,1,1,2022-08-01 09:02:22
1659344542016692000,27.85,1,27.6,2,27.85,1,1,2022-08-01 09:02:22
1659344542173196000,27.7,1,27.6,2,27.7,9,1,2022-08-01 09:02:22
1659344542187235000,27.6,1,27.6,1,27.7,9,2,2022-08-01 09:02:22
1659344542209488000,27.6,1,27.55,3,27.7,9,2,2022-08-01 09:02:22
1659344542282466000,27.7,1,27.55,3,27.7,8,1,2022-08-01 09:02:22
1659344542665367000,27.55,1,27.55,2,27.7,8,2,2022-08-01 09:02:22
1659344543285575000,27.6,2,27.6,4,27.65,1,2,2022-08-01 09:02:23
1659344543310529000,27.6,4,27.55,2,27.65,1,2,2022-08-01 09:02:23
1659344544446329000,27.65,1,27.6,10,27.7,7,1,2022-08-01 09:02:24
1659344544446329000,27.7,1,27.6,10,27.7,7,1,2022-08-01 09:02:24
1659344544566685000,27.7,3,27.65,1,27.7,4,1,2022-08-01 09:02:24
1659344544566705000,27.7,1,27.65,1,27.7,3,1,2022-08-01 09:02:24
1659344545250917000,27.7,1,27.65,1,27.7,2,1,2022-08-01 09:02:25
1659344546053631000,27.7,1,27.65,1,27.7,2,1,2022-08-01 09:02:26
1659344546083244000,27.7,1,27.65,1,27.85,2,1,2022-08-01 09:02:26
1659344546170827000,27.65,1,27.6,11,27.85,2,2,2022-08-01 09:02:26
1659344547206012000,27.7,1,27.65,2,27.85,2,1,2022-08-01 09:02:27
1659344547920641000,27.65,1,27.65,1,27.7,2,2,2022-08-01 09:02:27
1659344547947396000,27.65,1,27.6,11,27.7,2,2,2022-08-01 09:02:27
1659344548572266000,27.6,1,27.6,11,27.7,2,2,2022-08-01 09:02:28
1659344548841532000,27.6,1,27.6,11,27.65,10,2,2022-08-01 09:02:28
1659344549232338000,27.6,1,27.6,9,27.65,10,2,2022-08-01 09:02:29
1659344549261251000,27.6,9,27.55,7,27.65,10,2,2022-08-01 09:02:29
1659344549953549000,27.65,1,27.55,7,27.65,9,1,2022-08-01 09:02:29
1659344550867351000,27.6,1,27.55,6,27.65,9,2,2022-08-01 09:02:30
1659344550867351000,27.55,2,27.55,6,27.65,9,2,2022-08-01 09:02:30
1659344551612825000,27.55,1,27.55,5,27.65,9,2,2022-08-01 09:02:31
1659344551821402000,27.55,1,27.55,4,27.65,9,2,2022-08-01 09:02:31
1659344552016008000,27.65,1,27.55,4,27.65,8,1,2022-08-01 09:02:32
1659344552117711000,27.65,5,27.55,4,27.65,3,1,2022-08-01 09:02:32
1659344552419200000,27.65,1,27.55,4,27.65,3,1,2022-08-01 09:02:32
1659344553499754000,27.55,4,27.35,9,27.55,1,2,2022-08-01 09:02:33
1659344553527313000,27.55,1,27.35,9,27.65,2,1,2022-08-01 09:02:33
1659344553580435000,27.65,2,27.65,2,27.7,3,1,2022-08-01 09:02:33
1659344553611158000,27.65,2,27.4,1,27.7,3,2,2022-08-01 09:02:33
1659344553922159000,27.4,1,27.35,9,27.6,1,2,2022-08-01 09:02:33
1659344554314709000,27.35,1,27.35,8,27.6,7,2,2022-08-01 09:02:34
1659344554675390000,27.5,1,27.35,8,27.6,2,2,2022-08-01 09:02:34
1659344555006457000,27.5,1,27.35,8,27.55,1,2,2022-08-01 09:02:35
1659344555284714000,27.35,1,27.35,7,27.55,6,2,2022-08-01 09:02:35
1659344555562661000,27.55,1,27.35,7,27.55,5,1,2022-08-01 09:02:35
1659344555630808000,27.35,1,27.35,6,27.55,5,2,2022-08-01 09:02:35
1659344555896898000,27.35,1,27.35,5,27.55,5,2,2022-08-01 09:02:35
1659344556041488000,27.5,1,27.35,5,27.5,1,1,2022-08-01 09:02:36
1659344556041488000,27.55,1,27.35,5,27.5,1,1,2022-08-01 09:02:36
1659344556573090000,27.4,1,27.35,5,27.55,4,2,2022-08-01 09:02:36
1659344556623069000,27.35,1,27.35,4,27.55,4,2,2022-08-01 09:02:36
1659344556944613000,27.35,1,27.35,3,27.55,4,2,2022-08-01 09:02:36
1659344557582289000,27.35,1,27.35,2,27.5,1,2,2022-08-01 09:02:37
1659344557667797000,27.35,1,27.35,1,27.45,1,2,2022-08-01 09:02:37
1659344557871411000,27.45,1,27.35,1,27.55,4,1,2022-08-01 09:02:37
1659344558138770000,27.55,4,27.35,1,27.6,4,1,2022-08-01 09:02:38
1659344558138770000,27.6,7,27.35,1,27.6,4,1,2022-08-01 09:02:38
1659344558541296000,27.4,3,27.4,5,27.6,4,2,2022-08-01 09:02:38
1659344558571181000,27.4,1,27.4,1,27.6,4,2,2022-08-01 09:02:38
1659344559180845000,27.45,5,27.45,7,27.5,5,2,2022-08-01 09:02:39
1659344559542868000,27.5,5,27.45,7,27.5,5,1,2022-08-01 09:02:39
1659344560561648000,27.5,1,27.45,7,27.55,1,1,2022-08-01 09:02:40
1659344560637572000,27.5,1,27.45,7,27.55,1,1,2022-08-01 09:02:40
1659344560688390000,27.45,2,27.45,5,27.55,1,2,2022-08-01 09:02:40
1659344560781247000,27.45,1,27.45,4,27.55,1,2,2022-08-01 09:02:40
1659344561329249000,27.45,1,27.45,3,27.55,1,2,2022-08-01 09:02:41
1659344561611686000,27.45,1,27.45,2,27.5,1,2,2022-08-01 09:02:41
1659344561684327000,27.5,2,27.45,2,27.6,5,1,2022-08-01 09:02:41
1659344561856499000,27.6,1,27.45,2,27.6,4,1,2022-08-01 09:02:41
1659344561911738000,27.45,1,27.45,1,27.5,1,2,2022-08-01 09:02:41
1659344561925187000,27.5,1,27.45,1,27.6,4,1,2022-08-01 09:02:41
1659344561941598000,27.45,1,27.4,4,27.6,4,2,2022-08-01 09:02:41
1659344561967083000,27.45,1,27.4,4,27.45,1,1,2022-08-01 09:02:41
1659344562067762000,27.6,4,27.4,4,27.65,9,1,2022-08-01 09:02:42
1659344562410143000,27.45,1,27.45,3,27.6,1,2,2022-08-01 09:02:42
1659344563511567000,27.5,3,27.45,2,27.6,1,1,2022-08-01 09:02:43
1659344563542729000,27.45,1,27.4,4,27.45,1,1,2022-08-01 09:02:43
1659344563604067000,27.45,2,27.4,4,27.6,1,1,2022-08-01 09:02:43
1659344563757301000,27.45,2,27.4,4,27.45,2,1,2022-08-01 09:02:43
1659344564222832000,27.4,2,27.4,2,27.6,1,2,2022-08-01 09:02:44
1659344564686936000,27.5,1,27.4,2,27.5,1,2,2022-08-01 09:02:44
1659344564709216000,27.5,1,27.4,2,27.6,1,1,2022-08-01 09:02:44
1659344565209413000,27.45,1,27.4,2,27.45,4,1,2022-08-01 09:02:45
1659344565240460000,27.45,4,27.4,2,27.6,1,1,2022-08-01 09:02:45
1659344566848632000,27.6,1,27.45,2,27.6,5,1,2022-08-01 09:02:46
1659344566860270000,27.6,1,27.45,2,27.6,6,1,2022-08-01 09:02:46
1659344567252730000,27.45,2,27.3,5,27.6,4,2,2022-08-01 09:02:47
1659344567252730000,27.4,6,27.3,5,27.6,4,2,2022-08-01 09:02:47
1659344567252730000,27.35,14,27.3,5,27.6,4,2,2022-08-01 09:02:47
1659344567252730000,27.3,8,27.3,5,27.6,4,2,2022-08-01 09:02:47
1659344568483859000,27.5,1,27.45,1,27.5,6,1,2022-08-01 09:02:48
1659344568507506000,27.45,1,27.35,1,27.5,6,2,2022-08-01 09:02:48
1659344568507748000,27.35,1,27.3,5,27.5,1,2,2022-08-01 09:02:48
1659344568726345000,27.45,1,27.3,5,27.5,1,2,2022-08-01 09:02:48
1659344568822165000,27.5,1,27.3,5,27.55,5,1,2022-08-01 09:02:48
1659344568822165000,27.55,3,27.3,5,27.55,5,1,2022-08-01 09:02:48
1659344569177214000,27.45,1,27.4,1,27.6,5,2,2022-08-01 09:02:49
1659344569813970000,27.45,1,27.4,1,27.45,4,1,2022-08-01 09:02:49
1659344570412532000,27.4,1,27.25,12,27.45,3,2,2022-08-01 09:02:50
1659344570412532000,27.3,5,27.25,12,27.45,3,2,2022-08-01 09:02:50
1659344570412532000,27.25,3,27.25,12,27.45,3,2,2022-08-01 09:02:50
1659344570554546000,27.25,1,27.25,11,27.4,1,2,2022-08-01 09:02:50
1659344571669492000,27.4,6,27.25,11,27.5,2,1,2022-08-01 09:02:51
1659344571669492000,27.45,4,27.25,11,27.5,2,1,2022-08-01 09:02:51
1659344572560049000,27.45,1,27.3,6,27.45,1,1,2022-08-01 09:02:52
1659344572698201000,27.45,1,27.3,6,27.5,2,1,2022-08-01 09:02:52
1659344573806083000,27.35,1,27.35,1,27.5,2,2,2022-08-01 09:02:53
1659344575979819000,27.35,1,27.3,4,27.5,2,2,2022-08-01 09:02:55
1659344575979819000,27.3,1,27.3,4,27.5,2,2,2022-08-01 09:02:55
1659344579384035000,27.4,1,27.35,4,27.45,3,2,2022-08-01 09:02:59
1659344579429977000,27.35,2,27.35,2,27.45,3,2,2022-08-01 09:02:59
1659344582012490000,27.4,1,27.35,2,27.45,3,1,2022-08-01 09:03:02
1659344583088553000,27.4,1,27.4,3,27.45,3,1,2022-08-01 09:03:03
1659344583122422000,27.4,3,27.3,2,27.35,4,2,2022-08-01 09:03:03
1659344583122422000,27.35,3,27.3,2,27.35,4,2,2022-08-01 09:03:03
1659344583417741000,27.35,4,27.4,6,27.45,3,1,2022-08-01 09:03:03
1659344583448679000,27.4,6,27.3,2,27.45,3,2,2022-08-01 09:03:03
1659344584442361000,27.3,3,27.25,2,27.4,2,2,2022-08-01 09:03:04
1659344584442361000,27.25,12,27.25,2,27.4,2,2,2022-08-01 09:03:04
1659344585178432000,27.35,2,27.25,2,27.35,2,1,2022-08-01 09:03:05
1659344586659767000,27.35,2,27.25,2,27.4,2,1,2022-08-01 09:03:06
1659344586731591000,27.25,2,27.2,15,27.4,2,2,2022-08-01 09:03:06
1659344586731591000,27.2,1,27.2,15,27.4,2,2,2022-08-01 09:03:06
1659344588111922000,27.25,1,27.2,15,27.3,10,2,2022-08-01 09:03:08
1659344588227086000,27.3,3,27.2,15,27.3,7,1,2022-08-01 09:03:08
1659344588307331000,27.25,1,27.2,15,27.3,7,1,2022-08-01 09:03:08
1659344588376976000,27.2,4,27.2,11,27.25,1,2,2022-08-01 09:03:08
1659344588685333000,27.25,1,27.2,11,27.3,6,1,2022-08-01 09:03:08
1659344588685333000,27.3,1,27.2,11,27.3,6,1,2022-08-01 09:03:08
1659344589381346000,27.2,1,27.2,10,27.3,6,2,2022-08-01 09:03:09
1659344590317654000,27.25,1,27.2,10,27.3,4,1,2022-08-01 09:03:10
1659344590317654000,27.3,2,27.2,10,27.3,4,1,2022-08-01 09:03:10
1659344590491488000,27.2,1,27.2,9,27.3,4,2,2022-08-01 09:03:10
1659344590727936000,27.2,1,27.2,8,27.3,4,2,2022-08-01 09:03:10
1659344591070892000,27.3,1,27.2,8,27.3,3,1,2022-08-01 09:03:11
1659344591494253000,27.2,4,27.2,4,27.3,4,2,2022-08-01 09:03:11
1659344591523610000,27.2,4,27.15,3,27.3,4,2,2022-08-01 09:03:11
1659344591963279000,27.15,3,27.05,13,27.3,9,2,2022-08-01 09:03:11
1659344591963279000,27.1,7,27.05,13,27.3,9,2,2022-08-01 09:03:11
1659344591963279000,27.05,10,27.05,13,27.3,9,2,2022-08-01 09:03:11
1659344592004772000,27.05,2,27.05,11,27.25,3,2,2022-08-01 09:03:12
1659344592691901000,27.25,1,27.05,11,27.25,7,1,2022-08-01 09:03:12
1659344592803633000,27.1,1,27.05,11,27.25,7,2,2022-08-01 09:03:12
1659344592873193000,27.05,4,27.1,1,27.25,7,2,2022-08-01 09:03:12
1659344593151111000,27.05,4,27.05,3,27.25,7,2,2022-08-01 09:03:13
1659344593183815000,27.05,3,27.0,55,27.25,7,2,2022-08-01 09:03:13
1659344593374861000,27.2,1,27.0,55,27.25,6,1,2022-08-01 09:03:13
1659344593374861000,27.25,1,27.0,55,27.25,6,1,2022-08-01 09:03:13
1659344593855841000,27.25,1,27.05,1,27.25,5,1,2022-08-01 09:03:13
1659344595037388000,27.05,1,27.05,1,27.2,1,2,2022-08-01 09:03:15
1659344595418981000,27.2,1,27.05,1,27.25,4,1,2022-08-01 09:03:15
1659344595418981000,27.25,1,27.05,1,27.25,4,1,2022-08-01 09:03:15
1659344596536602000,27.25,4,27.25,1,27.3,8,1,2022-08-01 09:03:16
1659344596575302000,27.25,1,27.1,3,27.3,8,2,2022-08-01 09:03:16
1659344597069002000,27.15,1,27.1,6,27.3,8,2,2022-08-01 09:03:17
1659344597069002000,27.1,1,27.1,6,27.3,8,2,2022-08-01 09:03:17
1659344597688211000,27.25,4,27.1,6,27.3,7,1,2022-08-01 09:03:17
1659344597688211000,27.3,1,27.1,6,27.3,7,1,2022-08-01 09:03:17
1659344598413352000,27.1,2,27.1,4,27.3,7,2,2022-08-01 09:03:18
1659344598516428000,27.1,3,27.1,1,27.25,1,2,2022-08-01 09:03:18
1659344598534581000,27.1,1,27.05,1,27.25,1,2,2022-08-01 09:03:18
1659344600079708000,27.1,2,27.05,1,27.1,1,2,2022-08-01 09:03:20
1659344602784057000,27.1,1,27.05,4,27.2,1,1,2022-08-01 09:03:22
1659344603623020000,27.2,1,27.05,4,27.25,5,1,2022-08-01 09:03:23
1659344603787378000,27.05,1,27.05,3,27.25,5,2,2022-08-01 09:03:23
1659344603840567000,27.05,1,27.05,2,27.1,1,2,2022-08-01 09:03:23
1659344604472408000,27.1,2,27.05,2,27.1,2,1,2022-08-01 09:03:24
1659344605261930000,27.1,1,27.05,2,27.2,7,2,2022-08-01 09:03:25
1659344605952973000,27.1,1,27.1,1,27.2,2,1,2022-08-01 09:03:25
1659344605976430000,27.1,1,27.05,5,27.2,2,2,2022-08-01 09:03:25
1659344606859976000,27.1,1,27.05,10,27.2,5,1,2022-08-01 09:03:26
1659344606859976000,27.2,2,27.05,10,27.2,5,1,2022-08-01 09:03:26
1659344607210656000,27.1,1,27.05,10,27.15,1,2,2022-08-01 09:03:27
1659344607906260000,27.1,1,27.1,2,27.15,1,2,2022-08-01 09:03:27
1659344607973439000,27.1,1,27.1,3,27.15,1,2,2022-08-01 09:03:27
1659344611720149000,27.15,1,27.1,15,27.2,2,1,2022-08-01 09:03:31
1659344612872800000,27.1,10,27.1,7,27.2,2,2,2022-08-01 09:03:32
1659344613091963000,27.1,3,27.1,6,27.15,2,2,2022-08-01 09:03:33
1659344613120138000,27.15,1,27.1,6,27.15,1,1,2022-08-01 09:03:33
1659344613141845000,27.1,1,27.1,5,27.15,1,2,2022-08-01 09:03:33
1659344614627033000,27.15,1,27.1,6,27.2,2,1,2022-08-01 09:03:34
1659344616653572000,27.15,2,27.05,17,27.1,12,2,2022-08-01 09:03:36
1659344616653572000,27.1,6,27.05,17,27.1,12,2,2022-08-01 09:03:36
1659344616686288000,27.1,10,27.05,17,27.1,2,1,2022-08-01 09:03:36
1659344616698508000,27.05,1,27.05,16,27.1,2,2,2022-08-01 09:03:36
1659344616716146000,27.1,2,27.05,16,27.2,2,1,2022-08-01 09:03:36
1659344616722204000,27.05,1,27.05,15,27.2,2,2,2022-08-01 09:03:36
1659344616741817000,27.05,1,27.05,14,27.2,7,2,2022-08-01 09:03:36
1659344616934030000,27.15,1,27.05,14,27.2,7,2,2022-08-01 09:03:36
1659344617252751000,27.15,1,27.15,2,27.2,2,2,2022-08-01 09:03:37
1659344621826493000,27.15,1,27.1,5,27.2,3,2,2022-08-01 09:03:41
1659344622013592000,27.15,1,27.05,15,27.1,4,2,2022-08-01 09:03:42
1659344622013592000,27.1,5,27.05,15,27.1,4,2,2022-08-01 09:03:42
1659344622460745000,27.1,1,27.05,15,27.1,3,1,2022-08-01 09:03:42
1659344623284641000,27.1,3,27.1,2,27.2,4,1,2022-08-01 09:03:43
1659344624105757000,27.1,1,27.1,1,27.15,1,2,2022-08-01 09:03:44
1659344625443057000,27.15,1,27.1,5,27.15,1,1,2022-08-01 09:03:45
1659344625443057000,27.2,5,27.1,5,27.15,1,1,2022-08-01 09:03:45
1659344625443057000,27.25,4,27.1,5,27.15,1,1,2022-08-01 09:03:45
1659344625443057000,27.3,8,27.1,5,27.15,1,1,2022-08-01 09:03:45
1659344625443057000,27.35,2,27.1,5,27.15,1,1,2022-08-01 09:03:45
1659344625805514000,27.1,1,27.1,4,27.35,31,2,2022-08-01 09:03:45
1659344626542274000,27.15,1,27.1,4,27.15,1,1,2022-08-01 09:03:46
1659344626756175000,27.15,1,27.1,4,27.3,8,1,2022-08-01 09:03:46
1659344629402987000,27.1,1,27.1,4,27.3,3,2,2022-08-01 09:03:49
1659344630687191000,27.1,4,27.05,23,27.1,6,2,2022-08-01 09:03:50
1659344631326762000,27.1,1,27.05,23,27.1,5,1,2022-08-01 09:03:51
1659344631353083000,27.1,1,27.05,23,27.1,4,1,2022-08-01 09:03:51
1659344632769586000,27.1,2,27.05,23,27.1,2,1,2022-08-01 09:03:52
1659344633605148000,27.1,2,27.05,23,27.1,1,1,2022-08-01 09:03:53
1659344633798654000,27.1,1,27.05,23,27.2,1,1,2022-08-01 09:03:53
1659344634405928000,27.1,2,27.1,3,27.2,1,2,2022-08-01 09:03:54
1659344634439555000,27.1,3,27.1,3,27.2,1,2,2022-08-01 09:03:54
1659344634993437000,27.1,1,27.05,23,27.1,3,1,2022-08-01 09:03:54
1659344635491577000,27.1,1,27.05,23,27.1,1,1,2022-08-01 09:03:55
1659344635765938000,27.1,1,27.05,23,27.15,10,1,2022-08-01 09:03:55
1659344635830167000,27.1,2,27.1,2,27.15,10,2,2022-08-01 09:03:55
1659344636683017000,27.1,1,27.05,23,27.15,10,1,2022-08-01 09:03:56
1659344636684455000,27.05,1,27.05,22,27.15,10,2,2022-08-01 09:03:56
1659344636716539000,27.05,11,27.05,11,27.15,10,2,2022-08-01 09:03:56
1659344636747219000,27.05,11,27.0,63,27.15,10,2,2022-08-01 09:03:56
1659344636997324000,27.0,1,27.0,63,27.1,1,2,2022-08-01 09:03:56
1659344637297864000,27.0,11,27.0,51,27.1,1,2,2022-08-01 09:03:57
1659344637338722000,27.0,12,27.0,39,27.1,1,2,2022-08-01 09:03:57
1659344637606556000,27.05,3,27.0,39,27.1,1,1,2022-08-01 09:03:57
1659344638162560000,27.1,1,27.1,1,27.15,10,1,2022-08-01 09:03:58
1659344638192244000,27.1,1,27.0,39,27.05,2,2,2022-08-01 09:03:58
1659344639077246000,27.1,2,27.0,40,27.15,10,2,2022-08-01 09:03:59
1659344640563859000,27.1,2,27.1,8,27.15,10,1,2022-08-01 09:04:00
1659344640918858000,27.1,5,27.1,3,27.15,10,2,2022-08-01 09:04:00
1659344640946670000,27.1,3,27.0,41,27.15,10,2,2022-08-01 09:04:00
1659344641415652000,27.1,2,27.0,41,27.15,10,2,2022-08-01 09:04:01
1659344644159097000,27.0,1,27.0,40,27.1,20,2,2022-08-01 09:04:04
1659344644162054000,27.1,1,27.0,40,27.1,19,1,2022-08-01 09:04:04
1659344644216653000,27.0,1,27.0,39,27.1,19,2,2022-08-01 09:04:04
1659344645878370000,27.0,1,27.0,38,27.1,19,2,2022-08-01 09:04:05
1659344646583585000,27.05,1,27.0,38,27.1,10,1,2022-08-01 09:04:06
1659344646583585000,27.1,9,27.0,38,27.1,10,1,2022-08-01 09:04:06
1659344646740873000,27.0,5,27.0,33,27.1,10,2,2022-08-01 09:04:06
1659344647022834000,27.0,2,27.0,33,27.05,1,2,2022-08-01 09:04:07
1659344648336545000,27.0,1,27.0,32,27.05,2,2,2022-08-01 09:04:08
1659344648606591000,27.05,2,27.0,62,27.1,10,1,2022-08-01 09:04:08
1659344649036312000,27.05,1,27.0,62,27.1,2,1,2022-08-01 09:04:09
1659344649036312000,27.1,8,27.0,62,27.1,2,1,2022-08-01 09:04:09
1659344649036730000,27.1,2,27.0,62,27.15,9,1,2022-08-01 09:04:09
1659344649036730000,27.15,4,27.0,62,27.15,9,1,2022-08-01 09:04:09
1659344649038481000,27.15,7,27.0,62,27.15,2,1,2022-08-01 09:04:09
1659344649038904000,27.15,2,27.0,62,27.25,1,1,2022-08-01 09:04:09
1659344649038904000,27.2,1,27.0,62,27.25,1,1,2022-08-01 09:04:09
1659344649038904000,27.25,2,27.0,62,27.25,1,1,2022-08-01 09:04:09
1659344649039215000,27.0,2,27.0,60,27.25,1,2,2022-08-01 09:04:09
1659344649039946000,27.25,1,27.0,60,27.3,1,1,2022-08-01 09:04:09
1659344649040721000,27.3,1,27.0,60,27.35,31,1,2022-08-01 09:04:09
1659344649040721000,27.35,1,27.0,60,27.35,31,1,2022-08-01 09:04:09
1659344649465018000,27.05,3,27.0,58,27.3,5,2,2022-08-01 09:04:09
1659344649465018000,27.0,2,27.0,58,27.3,5,2,2022-08-01 09:04:09
1659344650190107000,27.05,2,27.0,59,27.15,2,1,2022-08-01 09:04:10
1659344650253485000,27.15,2,27.05,5,27.25,1,1,2022-08-01 09:04:10
1659344650488412000,27.25,1,27.05,5,27.15,2,1,2022-08-01 09:04:10
1659344650818850000,27.1,2,27.05,5,27.3,5,1,2022-08-01 09:04:10
1659344651414257000,27.3,1,27.1,1,27.3,4,1,2022-08-01 09:04:11
1659344651684992000,27.15,1,27.1,1,27.3,4,2,2022-08-01 09:04:11
1659344651875217000,27.1,1,27.05,4,27.3,4,2,2022-08-01 09:04:11
1659344651875217000,27.05,2,27.05,4,27.3,4,2,2022-08-01 09:04:11
1659344652477622000,27.25,1,27.15,20,27.25,1,1,2022-08-01 09:04:12
1659344654234558000,27.15,10,27.15,10,27.35,31,2,2022-08-01 09:04:14
1659344656448132000,27.3,1,27.15,11,27.3,6,1,2022-08-01 09:04:16
1659344656715237000,27.15,2,27.15,9,27.3,6,2,2022-08-01 09:04:16
1659344658291077000,27.3,1,27.1,1,27.3,3,1,2022-08-01 09:04:18
1659344658423203000,27.3,1,27.1,2,27.3,4,1,2022-08-01 09:04:18
1659344660224330000,27.25,1,27.15,1,27.3,6,1,2022-08-01 09:04:20
1659344661852293000,27.3,7,27.15,4,27.35,15,1,2022-08-01 09:04:21
1659344661852293000,27.35,17,27.15,4,27.35,15,1,2022-08-01 09:04:21
1659344662502211000,27.15,1,27.15,5,27.3,1,2,2022-08-01 09:04:22
1659344663373523000,27.15,1,27.15,4,27.3,6,2,2022-08-01 09:04:23
1659344663471041000,27.3,1,27.15,5,27.3,6,1,2022-08-01 09:04:23
1659344664921010000,27.25,1,27.25,4,27.35,16,2,2022-08-01 09:04:24
1659344664966918000,27.25,1,27.25,5,27.35,16,2,2022-08-01 09:04:24
1659344665077389000,27.3,1,27.25,3,27.35,16,2,2022-08-01 09:04:25
1659344666272166000,27.25,1,27.25,3,27.35,18,2,2022-08-01 09:04:26
1659344667137642000,27.3,1,27.25,2,27.35,18,2,2022-08-01 09:04:27
1659344667219334000,27.25,1,27.25,1,27.35,18,2,2022-08-01 09:04:27
1659344668032836000,27.3,1,27.25,11,27.35,18,2,2022-08-01 09:04:28
1659344671544461000,27.35,2,27.25,14,27.35,16,1,2022-08-01 09:04:31
1659344672244524000,27.3,3,27.25,15,27.3,2,1,2022-08-01 09:04:32
1659344672276258000,27.3,2,27.25,15,27.35,16,1,2022-08-01 09:04:32
1659344674363833000,27.35,4,27.3,5,27.35,12,1,2022-08-01 09:04:34
1659344674394236000,27.35,8,27.3,5,27.35,4,1,2022-08-01 09:04:34
1659344674425167000,27.35,4,27.3,5,27.4,10,1,2022-08-01 09:04:34
1659344675864802000,27.4,3,27.3,9,27.4,6,1,2022-08-01 09:04:35
1659344676109226000,27.4,6,27.35,1,27.45,17,1,2022-08-01 09:04:36
1659344677217331000,27.45,1,27.4,10,27.45,16,1,2022-08-01 09:04:37
1659344678269750000,27.4,1,27.4,9,27.45,16,2,2022-08-01 09:04:38
1659344679883047000,27.4,2,27.4,7,27.45,16,2,2022-08-01 09:04:39
1659344680534519000,27.45,1,27.4,7,27.45,15,1,2022-08-01 09:04:40
1659344680885932000,27.4,1,27.4,7,27.45,15,2,2022-08-01 09:04:40
1659344681442577000,27.4,1,27.4,5,27.45,15,2,2022-08-01 09:04:41
1659344682283710000,27.45,1,27.4,5,27.45,14,1,2022-08-01 09:04:42
1659344683257594000,27.4,1,27.4,5,27.45,14,2,2022-08-01 09:04:43
1659344683591663000,27.4,2,27.4,6,27.45,14,2,2022-08-01 09:04:43
1659344684534333000,27.45,5,27.4,4,27.45,9,1,2022-08-01 09:04:44
1659344684711415000,27.4,1,27.4,3,27.45,9,2,2022-08-01 09:04:44
1659344685299213000,27.4,1,27.4,4,27.45,9,2,2022-08-01 09:04:45
1659344685962381000,27.45,2,27.4,4,27.45,7,1,2022-08-01 09:04:45
1659344686705380000,27.45,4,27.4,5,27.45,3,1,2022-08-01 09:04:46
1659344687771411000,27.45,1,27.4,6,27.45,2,1,2022-08-01 09:04:47
1659344687788799000,27.45,2,27.4,6,27.5,5,1,2022-08-01 09:04:47
1659344689991216000,27.45,5,27.45,1,27.5,6,2,2022-08-01 09:04:49
1659344690020091000,27.45,1,27.4,12,27.5,6,2,2022-08-01 09:04:50
1659344690088949000,27.5,7,27.4,12,27.5,7,1,2022-08-01 09:04:50
1659344691165757000,27.5,2,27.5,1,27.55,16,2,2022-08-01 09:04:51
1659344692526886000,27.5,1,27.4,12,27.5,1,2,2022-08-01 09:04:52
1659344693721794000,27.45,1,27.45,5,27.5,1,2,2022-08-01 09:04:53
1659344694324619000,27.5,2,27.45,5,27.55,16,1,2022-08-01 09:04:54
1659344694633156000,27.45,5,27.4,7,27.55,16,2,2022-08-01 09:04:54
1659344694633156000,27.4,5,27.4,7,27.55,16,2,2022-08-01 09:04:54
1659344695100158000,27.45,5,27.45,5,27.5,3,2,2022-08-01 09:04:55
1659344695100177000,27.45,5,27.45,10,27.5,3,2,2022-08-01 09:04:55
1659344696025977000,27.45,6,27.45,5,27.5,5,2,2022-08-01 09:04:56
1659344696052185000,27.45,1,27.45,4,27.5,5,2,2022-08-01 09:04:56
1659344696058842000,27.45,1,27.45,11,27.5,5,2,2022-08-01 09:04:56
1659344700796675000,27.45,8,27.45,3,27.5,21,2,2022-08-01 09:05:00
1659344700827319000,27.45,2,27.45,1,27.5,21,2,2022-08-01 09:05:00
1659344700827541000,27.45,1,27.45,11,27.5,21,2,2022-08-01 09:05:00
1659344701382721000,27.4,8,27.35,21,27.4,1,2,2022-08-01 09:05:01
1659344701720623000,27.35,2,27.35,19,27.4,1,2,2022-08-01 09:05:01
1659344701731628000,27.4,1,27.35,19,27.5,21,1,2022-08-01 09:05:01
1659344701945477000,27.35,10,27.35,9,27.45,16,2,2022-08-01 09:05:01
1659344701976492000,27.35,9,27.3,7,27.4,3,2,2022-08-01 09:05:01
1659344702127967000,27.4,1,27.3,7,27.4,4,1,2022-08-01 09:05:02
1659344702497564000,27.3,1,27.3,6,27.4,3,2,2022-08-01 09:05:02
1659344703277683000,27.3,1,27.3,5,27.35,1,2,2022-08-01 09:05:03
1659344704385572000,27.3,2,27.3,3,27.35,1,2,2022-08-01 09:05:04
1659344704414077000,27.3,3,27.25,30,27.35,1,2,2022-08-01 09:05:04
1659344704553252000,27.25,2,27.25,27,27.35,1,2,2022-08-01 09:05:04
1659344704878010000,27.35,1,27.25,27,27.4,8,1,2022-08-01 09:05:04
1659344705688961000,27.4,1,27.25,27,27.4,6,1,2022-08-01 09:05:05
1659344705960583000,27.25,1,27.25,26,27.4,6,2,2022-08-01 09:05:05
1659344707075065000,27.25,8,27.25,8,27.35,2,2,2022-08-01 09:05:07
1659344707250991000,27.2,9,27.1,8,27.35,2,2,2022-08-01 09:05:07
1659344707250991000,27.15,5,27.1,8,27.35,2,2,2022-08-01 09:05:07
1659344707250991000,27.1,6,27.1,8,27.35,2,2,2022-08-01 09:05:07
1659344707932827000,27.3,2,27.1,8,27.35,6,1,2022-08-01 09:05:07
1659344707932827000,27.35,1,27.1,8,27.35,6,1,2022-08-01 09:05:07
1659344708382102000,27.3,2,27.15,1,27.35,1,2,2022-08-01 09:05:08
1659344709115930000,27.15,1,27.1,7,27.35,6,2,2022-08-01 09:05:09
1659344709115930000,27.1,1,27.1,7,27.35,6,2,2022-08-01 09:05:09
1659344709246628000,27.3,1,27.1,7,27.35,3,1,2022-08-01 09:05:09
1659344709246628000,27.35,3,27.1,7,27.35,3,1,2022-08-01 09:05:09
1659344709450464000,27.25,1,27.25,1,27.4,7,2,2022-08-01 09:05:09
1659344711917682000,27.25,2,27.15,2,27.3,3,1,2022-08-01 09:05:11
1659344713422041000,27.25,1,27.15,3,27.35,3,2,2022-08-01 09:05:13
1659344713643760000,27.35,3,27.15,3,27.4,34,1,2022-08-01 09:05:13
1659344716514742000,27.25,1,27.2,5,27.4,34,2,2022-08-01 09:05:16
1659344721262459000,27.35,1,27.2,7,27.35,12,1,2022-08-01 09:05:21
1659344721327314000,27.25,2,27.2,7,27.35,12,2,2022-08-01 09:05:21
1659344727022003000,27.25,4,27.2,7,27.3,6,2,2022-08-01 09:05:27
1659344727037469000,27.3,2,27.2,7,27.3,4,1,2022-08-01 09:05:27
1659344728510383000,27.2,1,27.2,5,27.25,1,2,2022-08-01 09:05:28
1659344728542824000,27.2,1,27.2,4,27.25,1,2,2022-08-01 09:05:28
1659344728576042000,27.2,4,27.2,1,27.25,1,2,2022-08-01 09:05:28
1659344728606342000,27.2,1,27.15,8,27.25,1,2,2022-08-01 09:05:28
1659344729682115000,27.15,1,27.15,7,27.25,1,2,2022-08-01 09:05:29
1659344731010333000,27.2,1,27.15,7,27.25,1,2,2022-08-01 09:05:31
1659344731998633000,27.15,1,27.15,6,27.2,30,2,2022-08-01 09:05:31
1659344732034752000,27.15,3,27.15,3,27.2,30,2,2022-08-01 09:05:32
1659344732034950000,27.15,3,27.1,12,27.2,30,2,2022-08-01 09:05:32
1659344732820252000,27.15,1,27.1,12,27.2,32,1,2022-08-01 09:05:32
1659344732820252000,27.2,1,27.1,12,27.2,32,1,2022-08-01 09:05:32
1659344733058429000,27.1,1,27.1,11,27.2,32,2,2022-08-01 09:05:33
1659344733843616000,27.15,1,27.1,11,27.2,32,2,2022-08-01 09:05:33
1659344734965808000,27.2,3,27.15,2,27.2,29,1,2022-08-01 09:05:34
1659344734995378000,27.15,2,27.1,11,27.2,29,2,2022-08-01 09:05:34
1659344735151110000,27.15,1,27.1,11,27.2,29,1,2022-08-01 09:05:35
1659344737022170000,27.15,1,27.1,19,27.2,29,2,2022-08-01 09:05:37
1659344737429165000,27.15,2,27.1,19,27.2,28,1,2022-08-01 09:05:37
1659344739242204000,27.2,1,27.15,1,27.2,27,1,2022-08-01 09:05:39
1659344739417873000,27.15,1,27.1,19,27.2,27,2,2022-08-01 09:05:39
1659344741023753000,27.15,4,27.1,8,27.2,28,2,2022-08-01 09:05:41
1659344741023753000,27.1,11,27.1,8,27.2,28,2,2022-08-01 09:05:41
1659344742557901000,27.15,2,27.15,3,27.2,28,1,2022-08-01 09:05:42
1659344742585798000,27.15,3,27.1,8,27.2,28,2,2022-08-01 09:05:42
1659344744144617000,27.1,8,27.05,8,27.2,38,2,2022-08-01 09:05:44
1659344744339806000,27.15,1,27.15,1,27.2,38,1,2022-08-01 09:05:44
1659344744354365000,27.15,1,27.05,9,27.2,38,2,2022-08-01 09:05:44
1659344746181029000,27.15,1,27.05,9,27.15,9,1,2022-08-01 09:05:46
1659344747918732000,27.05,1,27.05,8,27.15,13,2,2022-08-01 09:05:47
1659344748947497000,27.15,1,27.05,8,27.15,13,1,2022-08-01 09:05:48
1659344751019245000,27.15,1,27.05,8,27.15,17,1,2022-08-01 09:05:51
1659344751149187000,27.05,1,27.05,7,27.15,17,2,2022-08-01 09:05:51
1659344751223231000,27.05,2,27.05,6,27.1,1,2,2022-08-01 09:05:51
1659344751782852000,27.1,1,27.05,4,27.15,13,1,2022-08-01 09:05:51
1659344751782852000,27.15,4,27.05,4,27.15,13,1,2022-08-01 09:05:51
1659344751807545000,27.05,4,27.0,44,27.15,13,2,2022-08-01 09:05:51
1659344751807545000,27.0,1,27.0,44,27.15,13,2,2022-08-01 09:05:51
1659344753782804000,27.0,30,27.0,24,27.15,13,2,2022-08-01 09:05:53
1659344759996564000,27.05,1,27.05,21,27.1,6,2,2022-08-01 09:05:59
1659344760141662000,27.05,1,27.05,20,27.1,6,2,2022-08-01 09:06:00
1659344760169343000,27.05,1,27.05,21,27.1,6,2,2022-08-01 09:06:00
1659344760310633000,27.05,5,27.05,14,27.1,6,2,2022-08-01 09:06:00
1659344760432471000,27.05,1,27.05,13,27.1,6,2,2022-08-01 09:06:00
1659344760651216000,27.05,3,27.05,10,27.1,6,2,2022-08-01 09:06:00
1659344760682492000,27.05,4,27.05,6,27.1,6,2,2022-08-01 09:06:00
1659344760687137000,27.05,1,27.05,5,27.1,6,2,2022-08-01 09:06:00
1659344760730709000,27.05,2,27.05,3,27.1,6,2,2022-08-01 09:06:00
1659344761189323000,27.05,1,27.05,3,27.1,6,2,2022-08-01 09:06:01
1659344761430688000,27.05,2,27.05,2,27.1,6,2,2022-08-01 09:06:01
1659344761699498000,27.05,1,27.05,1,27.1,6,2,2022-08-01 09:06:01
1659344763489171000,27.05,2,27.0,29,27.1,8,2,2022-08-01 09:06:03
1659344764099417000,27.05,6,27.05,14,27.1,8,1,2022-08-01 09:06:04
1659344765448063000,27.05,1,27.05,13,27.1,8,2,2022-08-01 09:06:05
1659344765997271000,27.05,1,27.05,13,27.1,8,2,2022-08-01 09:06:05
1659344767143342000,27.05,1,27.05,12,27.1,8,2,2022-08-01 09:06:07
1659344767565801000,27.05,1,27.05,12,27.1,8,2,2022-08-01 09:06:07
1659344770792889000,27.05,7,27.05,6,27.1,9,2,2022-08-01 09:06:10
1659344771890141000,27.1,2,27.05,26,27.1,7,1,2022-08-01 09:06:11
1659344771923175000,27.05,1,27.05,25,27.1,7,2,2022-08-01 09:06:11
1659344773043329000,27.05,1,27.05,24,27.1,7,2,2022-08-01 09:06:13
1659344773406505000,27.1,2,27.05,24,27.1,5,1,2022-08-01 09:06:13
1659344776820779000,27.1,1,27.05,24,27.1,8,1,2022-08-01 09:06:16
1659344777655786000,27.1,1,27.05,24,27.1,8,1,2022-08-01 09:06:17
1659344778417565000,27.1,1,27.05,24,27.1,6,1,2022-08-01 09:06:18
1659344780409261000,27.1,2,27.05,24,27.1,4,1,2022-08-01 09:06:20
1659344780727137000,27.1,2,27.05,24,27.1,29,1,2022-08-01 09:06:20
1659344782703439000,27.1,2,27.05,26,27.1,28,1,2022-08-01 09:06:22
1659344782744678000,27.1,26,27.05,26,27.15,13,1,2022-08-01 09:06:22
1659344782748176000,27.05,1,27.05,25,27.15,13,2,2022-08-01 09:06:22
1659344785726967000,27.15,2,27.05,36,27.15,11,1,2022-08-01 09:06:25
1659344786560984000,27.05,1,27.05,35,27.15,11,2,2022-08-01 09:06:26
1659344788054115000,27.05,9,27.05,29,27.15,11,2,2022-08-01 09:06:28
1659344788349977000,27.1,1,27.05,29,27.15,11,1,2022-08-01 09:06:28
1659344792566417000,27.15,2,27.1,10,27.15,8,1,2022-08-01 09:06:32
1659344792594711000,27.15,8,27.1,10,27.25,6,1,2022-08-01 09:06:32
1659344796051923000,27.1,2,27.1,23,27.25,6,2,2022-08-01 09:06:36
1659344800238493000,27.1,1,27.1,22,27.2,7,2,2022-08-01 09:06:40
1659344803936449000,27.15,1,27.1,16,27.2,7,1,2022-08-01 09:06:43
1659344804990105000,27.1,17,27.05,44,27.1,43,2,2022-08-01 09:06:44
1659344815194674000,27.1,2,27.05,36,27.1,41,1,2022-08-01 09:06:55
1659344816772971000,27.1,1,27.05,37,27.1,41,1,2022-08-01 09:06:56
1659344817981055000,27.1,1,27.05,36,27.1,40,1,2022-08-01 09:06:57
1659344819837141000,27.1,1,27.05,36,27.1,39,1,2022-08-01 09:06:59
1659344822247039000,27.1,1,27.05,36,27.1,38,1,2022-08-01 09:07:02
1659344827545246000,27.1,2,27.05,36,27.1,39,1,2022-08-01 09:07:07
1659344830502171000,27.1,20,27.05,16,27.1,19,1,2022-08-01 09:07:10
1659344831251156000,27.1,19,27.1,31,27.15,10,1,2022-08-01 09:07:11
1659344831314432000,27.1,1,27.1,30,27.15,10,2,2022-08-01 09:07:11
1659344833175139000,27.1,1,27.1,29,27.15,10,2,2022-08-01 09:07:13
1659344834817086000,27.1,1,27.1,43,27.15,10,2,2022-08-01 09:07:14
1659344834965820000,27.15,10,27.1,43,27.2,7,1,2022-08-01 09:07:14
1659344835743716000,27.1,3,27.1,40,27.2,7,2,2022-08-01 09:07:15
1659344844024968000,27.15,2,27.15,3,27.2,8,2,2022-08-01 09:07:24
1659344844179216000,27.15,3,27.1,14,27.2,8,2,2022-08-01 09:07:24
1659344844179216000,27.1,37,27.1,14,27.2,8,2,2022-08-01 09:07:24
1659344847511184000,27.1,1,27.1,15,27.15,3,2,2022-08-01 09:07:27
1659344852342434000,27.15,3,27.15,2,27.2,9,1,2022-08-01 09:07:32
1659344864705922000,27.2,1,27.15,27,27.2,10,1,2022-08-01 09:07:44
1659344866863036000,27.2,1,27.15,58,27.2,9,1,2022-08-01 09:07:46
1659344866894219000,27.2,1,27.15,58,27.2,8,1,2022-08-01 09:07:46
1659344867192570000,27.2,5,27.15,58,27.2,3,1,2022-08-01 09:07:47
1659344867222119000,27.2,3,27.15,58,27.25,10,1,2022-08-01 09:07:47
1659344868688298000,27.25,10,27.2,4,27.35,1,1,2022-08-01 09:07:48
1659344868688298000,27.3,20,27.2,4,27.35,1,1,2022-08-01 09:07:48
1659344868688298000,27.35,20,27.2,4,27.35,1,1,2022-08-01 09:07:48
1659344871808250000,27.3,3,27.2,6,27.35,1,1,2022-08-01 09:07:51
1659344873033217000,27.2,6,27.15,54,27.35,1,2,2022-08-01 09:07:53
1659344873033217000,27.15,4,27.15,54,27.35,1,2,2022-08-01 09:07:53
1659344877963789000,27.3,1,27.15,50,27.4,2,1,2022-08-01 09:07:57
1659344877963789000,27.35,3,27.15,50,27.4,2,1,2022-08-01 09:07:57
1659344877963789000,27.4,6,27.15,50,27.4,2,1,2022-08-01 09:07:57
1659344879334875000,27.3,1,27.2,6,27.35,2,2,2022-08-01 09:07:59
1659344880433675000,27.3,1,27.2,7,27.35,1,1,2022-08-01 09:08:00
1659344880433675000,27.35,1,27.2,7,27.35,1,1,2022-08-01 09:08:00
1659344882081112000,27.3,5,27.3,5,27.35,1,1,2022-08-01 09:08:02
1659344883465322000,27.35,1,27.35,1,27.4,2,1,2022-08-01 09:08:03
1659344883566767000,27.35,1,27.3,5,27.4,12,2,2022-08-01 09:08:03
1659344890700918000,27.35,1,27.3,20,27.35,1,1,2022-08-01 09:08:10
1659344890771822000,27.35,1,27.35,2,27.4,8,1,2022-08-01 09:08:10
1659344891151858000,27.35,3,27.35,3,27.4,8,2,2022-08-01 09:08:11
1659344892083557000,27.35,2,27.3,20,27.4,5,1,2022-08-01 09:08:12
1659344892083557000,27.4,3,27.3,20,27.4,5,1,2022-08-01 09:08:12
1659344892159324000,27.3,1,27.3,20,27.35,2,2,2022-08-01 09:08:12
1659344893404050000,27.35,1,27.35,1,27.4,5,2,2022-08-01 09:08:13
1659344894779421000,27.35,1,27.3,11,27.4,7,2,2022-08-01 09:08:14
1659344894779421000,27.3,9,27.3,11,27.4,7,2,2022-08-01 09:08:14
1659344895600195000,27.35,1,27.35,1,27.4,7,2,2022-08-01 09:08:15
1659344895618681000,27.35,1,27.3,11,27.4,7,2,2022-08-01 09:08:15
1659344896887091000,27.4,1,27.3,11,27.4,6,1,2022-08-01 09:08:16
1659344897000269000,27.3,3,27.3,8,27.4,6,2,2022-08-01 09:08:17
1659344899310979000,27.35,2,27.35,2,27.4,8,2,2022-08-01 09:08:19
1659344900609041000,27.35,1,27.3,14,27.35,1,1,2022-08-01 09:08:20
1659344901144976000,27.3,1,27.3,14,27.4,8,2,2022-08-01 09:08:21
1659344903029694000,27.35,2,27.3,15,27.35,6,1,2022-08-01 09:08:23
1659344903328047000,27.35,1,27.3,15,27.35,5,1,2022-08-01 09:08:23
1659344903517114000,27.35,1,27.3,15,27.35,4,1,2022-08-01 09:08:23
1659344906110403000,27.35,2,27.3,17,27.35,2,1,2022-08-01 09:08:26
1659344906586683000,27.35,1,27.3,17,27.35,1,1,2022-08-01 09:08:26
1659344906615038000,27.35,1,27.3,17,27.4,7,1,2022-08-01 09:08:26
1659344911754241000,27.35,1,27.35,1,27.4,7,2,2022-08-01 09:08:31
1659344913457236000,27.35,1,27.3,24,27.35,2,2,2022-08-01 09:08:33
1659344915375476000,27.35,1,27.3,24,27.35,1,1,2022-08-01 09:08:35
1659344915405730000,27.3,1,27.3,24,27.35,1,2,2022-08-01 09:08:35
1659344916108569000,27.35,1,27.3,23,27.4,8,1,2022-08-01 09:08:36
1659344916297454000,27.35,1,27.3,23,27.4,8,1,2022-08-01 09:08:36
1659344920789345000,27.4,8,27.35,12,27.45,18,1,2022-08-01 09:08:40
1659344920800986000,27.35,1,27.35,11,27.45,18,2,2022-08-01 09:08:40
1659344921492735000,27.35,3,27.35,8,27.45,18,2,2022-08-01 09:08:41
1659344922978049000,27.35,8,27.3,25,27.35,7,2,2022-08-01 09:08:42
1659344924050405000,27.35,1,27.3,25,27.35,6,1,2022-08-01 09:08:44
1659344925902233000,27.35,6,27.35,14,27.45,18,1,2022-08-01 09:08:45
1659344926915875000,27.35,1,27.35,19,27.45,18,2,2022-08-01 09:08:46
1659344927891702000,27.45,3,27.35,20,27.45,15,1,2022-08-01 09:08:47
1659344931745714000,27.4,1,27.35,32,27.45,15,1,2022-08-01 09:08:51
1659344933618473000,27.4,2,27.35,33,27.45,14,1,2022-08-01 09:08:53
1659344933618473000,27.45,1,27.35,33,27.45,14,1,2022-08-01 09:08:53
1659344934793933000,27.4,3,27.35,33,27.45,14,1,2022-08-01 09:08:54
1659344938870916000,27.4,2,27.4,17,27.45,18,2,2022-08-01 09:08:58
1659344943164256000,27.45,18,27.4,63,27.5,39,1,2022-08-01 09:09:03
1659344943205565000,27.4,12,27.4,63,27.45,18,2,2022-08-01 09:09:03
1659344943393936000,27.4,10,27.4,41,27.5,39,2,2022-08-01 09:09:03
1659344944437410000,27.5,1,27.45,25,27.5,38,1,2022-08-01 09:09:04
1659344944713055000,27.5,38,27.5,1,27.55,70,1,2022-08-01 09:09:04
1659344946784094000,27.55,1,27.5,4,27.55,69,1,2022-08-01 09:09:06
1659344946887405000,27.5,1,27.5,3,27.55,69,2,2022-08-01 09:09:06
1659344949470313000,27.55,1,27.5,3,27.55,68,1,2022-08-01 09:09:09
1659344950678646000,27.5,1,27.5,10,27.55,68,2,2022-08-01 09:09:10
1659344951898751000,27.5,2,27.5,12,27.55,68,2,2022-08-01 09:09:11
1659344951912309000,27.55,20,27.5,12,27.55,48,1,2022-08-01 09:09:11
1659344951931994000,27.55,15,27.5,12,27.55,33,1,2022-08-01 09:09:11
1659344951932018000,27.55,10,27.5,12,27.55,23,1,2022-08-01 09:09:11
1659344951932035000,27.55,23,27.5,12,27.6,15,1,2022-08-01 09:09:11
1659344952073355000,27.5,1,27.5,11,27.6,15,2,2022-08-01 09:09:12
1659344952458188000,27.5,1,27.5,10,27.6,15,2,2022-08-01 09:09:12
1659344953332370000,27.55,1,27.55,1,27.6,15,2,2022-08-01 09:09:13
1659344955344537000,27.55,1,27.5,21,27.55,1,1,2022-08-01 09:09:15
1659344956243775000,27.6,15,27.5,21,27.75,9,1,2022-08-01 09:09:16
1659344956243775000,27.65,10,27.5,21,27.75,9,1,2022-08-01 09:09:16
1659344956294244000,27.75,1,27.55,4,27.75,8,1,2022-08-01 09:09:16
1659344956321420000,27.75,1,27.55,4,27.75,7,1,2022-08-01 09:09:16
1659344956329362000,27.75,7,27.55,4,27.75,9,1,2022-08-01 09:09:16
1659344956499765000,27.8,1,27.55,4,27.8,10,1,2022-08-01 09:09:16
1659344956898343000,27.55,1,27.55,3,27.8,10,2,2022-08-01 09:09:16
1659344957589856000,27.75,1,27.55,12,27.8,7,1,2022-08-01 09:09:17
1659344957589856000,27.8,3,27.55,12,27.8,7,1,2022-08-01 09:09:17
1659344958027310000,27.8,1,27.65,3,27.8,6,1,2022-08-01 09:09:18
1659344958183952000,27.7,1,27.65,3,27.8,6,2,2022-08-01 09:09:18
1659344959225655000,27.7,1,27.65,1,27.8,6,2,2022-08-01 09:09:19
1659344959629206000,27.65,1,27.55,17,27.8,6,2,2022-08-01 09:09:19
1659344959629206000,27.6,1,27.55,17,27.8,6,2,2022-08-01 09:09:19
1659344959893241000,27.6,1,27.55,17,27.75,1,1,2022-08-01 09:09:19
1659344959916157000,27.75,1,27.55,17,27.8,3,1,2022-08-01 09:09:19
1659344959916157000,27.8,3,27.55,17,27.8,3,1,2022-08-01 09:09:19
1659344960071993000,27.8,2,27.6,4,27.8,1,1,2022-08-01 09:09:20
1659344962591909000,27.65,3,27.6,7,27.65,1,1,2022-08-01 09:09:22
1659344962591931000,27.65,1,27.6,7,27.8,1,1,2022-08-01 09:09:22
1659344963566190000,27.7,1,27.65,3,27.8,3,2,2022-08-01 09:09:23
1659344965206164000,27.75,1,27.6,27,27.8,7,1,2022-08-01 09:09:25
1659344967048042000,27.65,2,27.6,29,27.75,13,2,2022-08-01 09:09:27
1659344967305004000,27.7,1,27.6,29,27.7,1,1,2022-08-01 09:09:27
1659344967305004000,27.75,1,27.6,29,27.7,1,1,2022-08-01 09:09:27
1659344968700554000,27.7,1,27.65,20,27.75,13,1,2022-08-01 09:09:28
1659344968986036000,27.75,3,27.65,21,27.75,10,1,2022-08-01 09:09:28
1659344969361924000,27.75,1,27.65,21,27.75,9,1,2022-08-01 09:09:29
1659344969790311000,27.75,4,27.65,21,27.75,9,1,2022-08-01 09:09:29
1659344970270425000,27.75,6,27.65,21,27.8,36,1,2022-08-01 09:09:30
1659344970311874000,27.75,1,27.75,1,27.8,36,2,2022-08-01 09:09:30
1659344970355096000,27.8,2,27.65,21,27.8,34,1,2022-08-01 09:09:30
1659344970497646000,27.65,2,27.65,19,27.8,34,2,2022-08-01 09:09:30
1659344971397239000,27.65,4,27.65,15,27.75,2,2,2022-08-01 09:09:31
1659344971453401000,27.7,5,27.65,15,27.75,2,2,2022-08-01 09:09:31
1659344971577376000,27.7,4,27.7,4,27.75,3,2,2022-08-01 09:09:31
1659344972278464000,27.7,1,27.7,1,27.75,6,2,2022-08-01 09:09:32
1659344972940496000,27.7,1,27.65,15,27.75,6,2,2022-08-01 09:09:32
1659344973170115000,27.75,3,27.65,15,27.75,3,1,2022-08-01 09:09:33
1659344973771861000,27.75,1,27.65,15,27.75,2,1,2022-08-01 09:09:33
1659344974257541000,27.7,1,27.65,21,27.7,1,1,2022-08-01 09:09:34
1659344974257541000,27.75,1,27.65,21,27.7,1,1,2022-08-01 09:09:34
1659344974894640000,27.7,1,27.65,22,27.75,16,2,2022-08-01 09:09:34
1659344975330262000,27.75,1,27.65,22,27.75,17,1,2022-08-01 09:09:35
1659344975698101000,27.7,1,27.7,100,27.75,17,2,2022-08-01 09:09:35
1659344976331048000,27.75,4,27.7,99,27.75,13,1,2022-08-01 09:09:36
1659344977155804000,27.75,1,27.7,104,27.75,3,1,2022-08-01 09:09:37
1659344977532385000,27.75,1,27.7,104,27.75,11,1,2022-08-01 09:09:37
1659344977555642000,27.7,17,27.7,87,27.75,11,2,2022-08-01 09:09:37
1659344977591817000,27.7,1,27.7,86,27.75,11,2,2022-08-01 09:09:37
1659344977999969000,27.75,1,27.7,86,27.75,10,1,2022-08-01 09:09:37
1659344978061542000,27.75,1,27.7,86,27.75,11,1,2022-08-01 09:09:38
1659344978482531000,27.75,1,27.7,86,27.75,8,1,2022-08-01 09:09:38
1659344978499267000,27.75,4,27.7,86,27.75,4,1,2022-08-01 09:09:38
1659344978632012000,27.75,2,27.7,90,27.75,2,1,2022-08-01 09:09:38
1659344978890753000,27.7,1,27.7,89,27.75,7,2,2022-08-01 09:09:38
1659344979506702000,27.75,3,27.7,92,27.75,6,1,2022-08-01 09:09:39
1659344979631963000,27.75,1,27.7,92,27.75,9,1,2022-08-01 09:09:39
1659344979789748000,27.75,2,27.7,92,27.75,3,1,2022-08-01 09:09:39
1659344980429765000,27.75,1,27.7,92,27.75,2,1,2022-08-01 09:09:40
1659344981037011000,27.75,2,27.7,92,27.8,43,1,2022-08-01 09:09:41
1659344981312697000,27.75,1,27.7,92,27.8,43,2,2022-08-01 09:09:41
1659344981343670000,27.75,2,27.7,92,27.8,43,2,2022-08-01 09:09:41
1659344981712238000,27.75,5,27.75,1,27.8,43,2,2022-08-01 09:09:41
1659344981712602000,27.75,1,27.7,92,27.8,43,2,2022-08-01 09:09:41
1659344981743201000,27.75,1,27.75,1,27.8,43,2,2022-08-01 09:09:41
1659344981804222000,27.7,10,27.7,82,27.8,43,2,2022-08-01 09:09:41
1659344982081182000,27.7,1,27.7,81,27.8,43,2,2022-08-01 09:09:42
1659344982271456000,27.75,1,27.75,1,27.8,43,2,2022-08-01 09:09:42
1659344982420702000,27.7,1,27.7,80,27.8,43,2,2022-08-01 09:09:42
1659344982447305000,27.7,10,27.7,70,27.8,43,2,2022-08-01 09:09:42
1659344982725663000,27.75,1,27.75,3,27.8,43,2,2022-08-01 09:09:42
1659344983449245000,27.75,1,27.75,1,27.8,43,2,2022-08-01 09:09:43
1659344984247534000,27.75,1,27.7,77,27.75,1,2,2022-08-01 09:09:44
1659344985077545000,27.7,1,27.7,81,27.75,1,2,2022-08-01 09:09:45
1659344985354379000,27.7,5,27.7,76,27.75,1,2,2022-08-01 09:09:45
1659344986045211000,27.75,1,27.7,76,27.8,44,1,2022-08-01 09:09:46
1659344986828769000,27.75,1,27.7,76,27.8,44,1,2022-08-01 09:09:46
1659344987155014000,27.75,1,27.7,76,27.8,44,2,2022-08-01 09:09:47
1659344987511554000,27.75,1,27.7,76,27.75,1,1,2022-08-01 09:09:47
1659344987922734000,27.75,1,27.7,76,27.75,1,1,2022-08-01 09:09:47
1659344988900254000,27.7,2,27.7,74,27.75,1,2,2022-08-01 09:09:48
1659344988947283000,27.75,1,27.75,1,27.8,44,1,2022-08-01 09:09:48
1659344988986415000,27.75,1,27.7,74,27.8,44,2,2022-08-01 09:09:48
1659344989815451000,27.75,1,27.7,74,27.8,44,1,2022-08-01 09:09:49
1659344992603163000,27.7,1,27.7,79,27.75,2,2,2022-08-01 09:09:52
1659344992610343000,27.7,1,27.7,78,27.75,2,2,2022-08-01 09:09:52
1659344992987037000,27.75,2,27.7,79,27.8,43,1,2022-08-01 09:09:52
1659344994030385000,27.7,1,27.7,78,27.75,2,2,2022-08-01 09:09:54
1659344994284668000,27.75,2,27.7,78,27.8,42,1,2022-08-01 09:09:54
1659344994284668000,27.8,1,27.7,78,27.8,42,1,2022-08-01 09:09:54
1659344996606494000,27.7,1,27.7,77,27.75,1,2,2022-08-01 09:09:56
1659344996914104000,27.75,1,27.75,1,27.8,45,1,2022-08-01 09:09:56
1659344996946833000,27.75,1,27.7,77,27.8,45,2,2022-08-01 09:09:56
1659344996978410000,27.7,3,27.7,74,27.8,45,2,2022-08-01 09:09:56
1659344997124211000,27.8,2,27.75,5,27.8,43,1,2022-08-01 09:09:57
1659344997362766000,27.75,1,27.75,7,27.8,43,2,2022-08-01 09:09:57
1659344997390349000,27.75,7,27.7,72,27.8,43,2,2022-08-01 09:09:57
1659344998640001000,27.8,5,27.75,6,27.8,38,1,2022-08-01 09:09:58
1659344999388449000,27.8,38,27.75,6,27.85,47,1,2022-08-01 09:09:59
1659344999388449000,27.85,62,27.75,6,27.85,47,1,2022-08-01 09:09:59
1659344999572697000,27.75,1,27.75,5,27.85,47,2,2022-08-01 09:09:59
1659345000102434000,27.85,5,27.75,5,27.85,42,1,2022-08-01 09:10:00
1659345000256414000,27.85,5,27.75,5,27.85,37,1,2022-08-01 09:10:00
1659345000465107000,27.85,20,27.75,6,27.85,17,1,2022-08-01 09:10:00
1659345000497092000,27.85,3,27.75,6,27.85,14,1,2022-08-01 09:10:00
1659345000654027000,27.85,14,27.8,30,27.85,14,1,2022-08-01 09:10:00
1659345000849906000,27.8,7,27.8,27,27.9,86,2,2022-08-01 09:10:00
1659345001036058000,27.9,10,27.85,4,27.9,76,1,2022-08-01 09:10:01
1659345001086909000,27.9,1,27.85,4,27.9,75,1,2022-08-01 09:10:01
1659345001130811000,27.9,1,27.85,4,27.9,74,1,2022-08-01 09:10:01
1659345001130828000,27.9,1,27.85,4,27.9,73,1,2022-08-01 09:10:01
1659345001132231000,27.9,1,27.85,4,27.9,72,1,2022-08-01 09:10:01
1659345001133834000,27.9,1,27.85,4,27.9,86,1,2022-08-01 09:10:01
1659345001236995000,27.9,2,27.85,4,27.9,69,1,2022-08-01 09:10:01
1659345001268269000,27.9,4,27.85,4,27.9,65,1,2022-08-01 09:10:01
1659345001330815000,27.9,1,27.85,7,27.9,64,1,2022-08-01 09:10:01
1659345001434059000,27.9,4,27.85,7,27.9,60,1,2022-08-01 09:10:01
1659345001515746000,27.9,4,27.85,7,27.9,56,1,2022-08-01 09:10:01
1659345001523025000,27.9,2,27.85,7,27.9,54,1,2022-08-01 09:10:01
1659345001540041000,27.9,1,27.85,7,27.9,53,1,2022-08-01 09:10:01
1659345001660456000,27.9,1,27.85,7,27.9,52,1,2022-08-01 09:10:01
1659345001684252000,27.9,15,27.85,7,27.9,37,1,2022-08-01 09:10:01
1659345001717428000,27.9,12,27.85,7,27.9,25,1,2022-08-01 09:10:01
1659345001717836000,27.9,5,27.85,7,27.9,65,1,2022-08-01 09:10:01
1659345001747998000,27.9,20,27.85,7,27.95,76,1,2022-08-01 09:10:01
1659345003623274000,27.95,2,27.9,5,27.95,74,1,2022-08-01 09:10:03
1659345003681203000,27.95,3,27.9,13,27.95,74,1,2022-08-01 09:10:03
1659345003872331000,27.9,1,27.9,12,27.95,71,2,2022-08-01 09:10:03
1659345004077446000,27.95,3,27.9,16,27.95,68,1,2022-08-01 09:10:04
1659345004213060000,27.95,1,27.9,16,27.95,71,1,2022-08-01 09:10:04
1659345004563628000,27.9,2,27.9,15,27.95,67,2,2022-08-01 09:10:04
1659345005556627000,27.95,4,27.9,14,27.95,66,1,2022-08-01 09:10:05
1659345006212214000,27.9,8,27.9,6,27.95,62,2,2022-08-01 09:10:06
1659345006759838000,27.95,1,27.9,34,27.95,61,1,2022-08-01 09:10:06
1659345006823103000,27.9,3,27.9,31,27.95,61,2,2022-08-01 09:10:06
1659345006827169000,27.95,15,27.9,31,27.95,46,1,2022-08-01 09:10:06
1659345006899141000,27.95,1,27.9,31,27.95,45,1,2022-08-01 09:10:06
1659345007082054000,27.95,5,27.9,31,27.95,40,1,2022-08-01 09:10:07
1659345007334509000,27.95,4,27.9,31,27.95,36,1,2022-08-01 09:10:07
1659345007335203000,27.95,6,27.9,31,27.95,30,1,2022-08-01 09:10:07
1659345007481613000,27.95,2,27.9,36,27.95,28,1,2022-08-01 09:10:07
1659345007602265000,27.95,1,27.9,36,27.95,27,1,2022-08-01 09:10:07
1659345007645944000,27.95,5,27.9,36,27.95,22,1,2022-08-01 09:10:07
1659345007740133000,27.95,1,27.9,36,27.95,21,1,2022-08-01 09:10:07
1659345008088551000,27.95,10,27.9,36,27.95,11,1,2022-08-01 09:10:08
1659345008183159000,27.95,1,27.9,36,27.95,10,1,2022-08-01 09:10:08
1659345008204988000,27.95,10,27.9,36,28.0,43,1,2022-08-01 09:10:08
1659345009684825000,27.95,2,27.95,11,28.0,43,2,2022-08-01 09:10:09
1659345009950971000,28.0,30,27.95,10,28.0,14,1,2022-08-01 09:10:09
1659345009985471000,28.0,5,27.95,10,28.0,9,1,2022-08-01 09:10:09
1659345009987566000,28.0,1,27.95,10,28.0,8,1,2022-08-01 09:10:09
1659345009989301000,28.0,1,27.95,10,28.0,7,1,2022-08-01 09:10:09
1659345010252570000,28.0,1,27.95,10,28.0,6,1,2022-08-01 09:10:10
1659345010285166000,28.0,6,27.95,10,28.05,19,1,2022-08-01 09:10:10
1659345011642458000,28.0,1,27.95,35,28.05,19,2,2022-08-01 09:10:11
1659345011996535000,28.0,6,27.95,36,28.0,10,1,2022-08-01 09:10:11
1659345012529223000,27.95,1,27.95,37,28.0,4,2,2022-08-01 09:10:12
1659345012550749000,28.0,1,27.95,37,28.0,3,1,2022-08-01 09:10:12
1659345012586600000,28.0,3,27.95,37,28.05,19,1,2022-08-01 09:10:12
1659345013046191000,28.05,2,28.0,5,28.05,17,1,2022-08-01 09:10:13
1659345013937587000,28.05,4,28.0,12,28.05,14,1,2022-08-01 09:10:13
1659345014014453000,28.0,12,27.95,30,28.05,14,2,2022-08-01 09:10:14
1659345014014453000,27.95,8,27.95,30,28.05,14,2,2022-08-01 09:10:14
1659345014140876000,27.95,1,27.95,30,28.0,1,2,2022-08-01 09:10:14
1659345014454158000,28.0,1,27.95,32,28.05,14,1,2022-08-01 09:10:14
1659345014646333000,28.0,1,28.0,3,28.05,14,2,2022-08-01 09:10:14
1659345014750989000,28.05,2,28.0,2,28.05,12,1,2022-08-01 09:10:14
1659345014907372000,28.0,10,27.95,22,28.05,12,2,2022-08-01 09:10:14
1659345014907372000,27.95,10,27.95,22,28.05,12,2,2022-08-01 09:10:14
1659345014997343000,28.0,1,27.95,23,28.0,2,1,2022-08-01 09:10:14
1659345015112681000,28.0,1,27.95,23,28.0,3,1,2022-08-01 09:10:15
1659345015273016000,27.95,6,27.95,17,28.0,1,2,2022-08-01 09:10:15
1659345015434432000,28.0,1,27.95,17,28.0,1,1,2022-08-01 09:10:15
1659345015949188000,28.0,1,27.95,17,28.0,20,1,2022-08-01 09:10:15
1659345016015718000,27.95,17,27.95,10,28.0,30,2,2022-08-01 09:10:16
1659345016046734000,27.95,10,27.9,50,28.0,30,2,2022-08-01 09:10:16
1659345016089900000,28.0,1,27.9,49,28.0,39,1,2022-08-01 09:10:16
1659345016435166000,27.9,14,27.9,35,27.95,28,2,2022-08-01 09:10:16
1659345016466015000,27.9,13,27.9,22,27.95,28,2,2022-08-01 09:10:16
1659345016472180000,27.9,1,27.9,21,27.95,28,2,2022-08-01 09:10:16
1659345016479069000,27.95,1,27.9,21,27.95,27,1,2022-08-01 09:10:16
1659345016506448000,27.9,2,27.9,19,27.95,27,2,2022-08-01 09:10:16
1659345016606031000,27.9,5,27.9,14,27.95,30,2,2022-08-01 09:10:16
1659345016639761000,27.9,4,27.9,10,27.95,30,2,2022-08-01 09:10:16
1659345016664132000,27.95,1,27.9,19,27.95,30,1,2022-08-01 09:10:16
1659345016808103000,27.9,10,27.85,16,27.9,10,2,2022-08-01 09:10:16
1659345016838039000,27.9,1,27.85,16,27.9,10,1,2022-08-01 09:10:16
1659345016888756000,27.85,5,27.85,11,27.9,10,2,2022-08-01 09:10:16
1659345016904119000,27.9,1,27.85,11,27.9,9,1,2022-08-01 09:10:16
1659345016989368000,27.9,2,27.8,47,27.9,7,1,2022-08-01 09:10:16
1659345017076627000,27.9,1,27.8,47,27.9,6,1,2022-08-01 09:10:17
1659345017190884000,27.9,1,27.8,47,27.9,13,1,2022-08-01 09:10:17
1659345017404431000,27.9,1,27.8,47,27.9,15,1,2022-08-01 09:10:17
1659345017589374000,27.9,1,27.8,47,27.9,14,1,2022-08-01 09:10:17
1659345017642750000,27.9,2,27.8,47,27.9,12,1,2022-08-01 09:10:17
1659345017816680000,27.9,1,27.8,47,27.9,16,1,2022-08-01 09:10:17
1659345018846681000,27.9,1,27.8,41,27.9,15,1,2022-08-01 09:10:18
1659345019340850000,27.9,1,27.8,41,27.9,14,1,2022-08-01 09:10:19
1659345019800117000,27.85,1,27.8,41,27.9,15,1,2022-08-01 09:10:19
1659345020266415000,27.9,2,27.85,1,27.9,6,1,2022-08-01 09:10:20
1659345021721277000,27.9,3,27.85,1,27.9,10,1,2022-08-01 09:10:21
1659345022170726000,27.9,1,27.85,1,27.9,14,1,2022-08-01 09:10:22
1659345022389672000,27.9,1,27.85,1,27.9,13,1,2022-08-01 09:10:22
1659345022605392000,27.85,1,27.85,1,27.9,13,2,2022-08-01 09:10:22
1659345023340699000,27.85,6,27.8,5,27.9,13,2,2022-08-01 09:10:23
1659345023845055000,27.85,1,27.8,5,27.85,4,1,2022-08-01 09:10:23
1659345024083945000,27.85,1,27.8,5,27.85,5,1,2022-08-01 09:10:24
1659345024288370000,27.85,2,27.8,8,27.85,1,1,2022-08-01 09:10:24
1659345024870210000,27.8,1,27.8,7,27.85,6,2,2022-08-01 09:10:24
1659345025253329000,27.85,1,27.8,7,27.85,5,1,2022-08-01 09:10:25
1659345028153648000,27.85,1,27.8,11,27.85,5,1,2022-08-01 09:10:28
1659345028582038000,27.85,4,27.85,1,27.9,17,1,2022-08-01 09:10:28
1659345028609323000,27.85,1,27.8,11,27.85,4,2,2022-08-01 09:10:28
1659345029152469000,27.8,11,27.8,11,27.9,22,2,2022-08-01 09:10:29
1659345029470149000,27.9,5,27.75,33,27.9,17,1,2022-08-01 09:10:29
1659345029805904000,27.85,1,27.75,33,27.85,1,1,2022-08-01 09:10:29
1659345030249766000,27.85,1,27.8,4,27.9,17,1,2022-08-01 09:10:30
1659345031083762000,27.85,1,27.8,4,27.85,1,1,2022-08-01 09:10:31
1659345032508002000,27.85,3,27.85,2,27.9,17,1,2022-08-01 09:10:32
1659345032542990000,27.85,2,27.85,4,27.9,17,2,2022-08-01 09:10:32
1659345032688480000,27.85,1,27.85,5,27.9,17,2,2022-08-01 09:10:32
1659345033633270000,27.9,18,27.9,2,27.95,20,1,2022-08-01 09:10:33
1659345034233358000,27.9,2,27.9,1,27.95,20,2,2022-08-01 09:10:34
1659345034318511000,27.95,4,27.9,1,27.95,16,1,2022-08-01 09:10:34
1659345035004807000,27.9,1,27.85,6,27.95,16,2,2022-08-01 09:10:35
1659345035151357000,27.95,5,27.85,6,27.95,11,1,2022-08-01 09:10:35
1659345037434602000,27.9,1,27.85,13,27.95,11,1,2022-08-01 09:10:37
1659345038122020000,27.85,2,27.85,11,27.95,11,2,2022-08-01 09:10:38
1659345038536832000,27.95,1,27.85,11,27.95,10,1,2022-08-01 09:10:38
1659345039947378000,27.9,1,27.85,11,27.95,10,2,2022-08-01 09:10:39
1659345040370312000,27.85,2,27.85,11,27.95,10,2,2022-08-01 09:10:40
1659345041655264000,27.9,1,27.9,3,27.95,12,2,2022-08-01 09:10:41
1659345042652165000,27.9,1,27.9,1,27.95,15,2,2022-08-01 09:10:42
1659345042933202000,27.9,1,27.85,15,27.95,15,2,2022-08-01 09:10:42
1659345042933202000,27.85,1,27.85,15,27.95,15,2,2022-08-01 09:10:42
1659345043020570000,27.9,1,27.9,4,27.95,15,2,2022-08-01 09:10:43
1659345043029852000,27.9,1,27.9,5,27.95,15,2,2022-08-01 09:10:43
1659345043978997000,27.9,1,27.9,4,27.95,15,2,2022-08-01 09:10:43
1659345044239498000,27.9,1,27.9,2,27.95,15,2,2022-08-01 09:10:44
1659345044411825000,27.9,1,27.9,1,27.95,15,2,2022-08-01 09:10:44
1659345044441135000,27.9,1,27.85,16,27.95,15,2,2022-08-01 09:10:44
1659345046192934000,27.9,1,27.85,16,27.9,3,1,2022-08-01 09:10:46
1659345046405617000,27.9,1,27.85,16,27.9,2,1,2022-08-01 09:10:46
1659345046718793000,27.9,1,27.85,16,27.9,1,1,2022-08-01 09:10:46
1659345047869568000,27.85,2,27.85,14,27.9,2,2,2022-08-01 09:10:47
1659345048768262000,27.9,1,27.85,14,27.9,1,1,2022-08-01 09:10:48
1659345048790514000,27.9,1,27.85,14,27.95,21,1,2022-08-01 09:10:48
1659345048889015000,27.9,1,27.85,14,27.95,21,2,2022-08-01 09:10:48
1659345049633727000,27.9,1,27.9,5,27.95,21,2,2022-08-01 09:10:49
1659345049640133000,27.95,1,27.9,6,27.95,20,1,2022-08-01 09:10:49
1659345049658418000,27.9,6,27.9,6,27.95,21,2,2022-08-01 09:10:49
1659345052244184000,27.9,2,27.85,15,27.9,15,1,2022-08-01 09:10:52
1659345052553554000,27.9,4,27.85,15,27.9,11,1,2022-08-01 09:10:52
1659345052950732000,27.9,10,27.85,15,27.9,1,1,2022-08-01 09:10:52
1659345053513008000,27.9,1,27.85,15,27.95,19,1,2022-08-01 09:10:53
1659345056834406000,27.9,1,27.9,2,27.95,19,2,2022-08-01 09:10:56
1659345057154629000,27.9,1,27.9,2,27.95,19,2,2022-08-01 09:10:57
1659345057510005000,27.9,2,27.85,21,27.95,19,2,2022-08-01 09:10:57
1659345058088805000,27.9,1,27.9,1,27.95,19,1,2022-08-01 09:10:58
1659345058118633000,27.9,1,27.85,21,27.95,19,2,2022-08-01 09:10:58
1659345060274166000,27.9,5,27.85,20,27.95,18,2,2022-08-01 09:11:00
1659345060394806000,27.95,15,27.85,20,27.95,3,1,2022-08-01 09:11:00
1659345060415786000,27.95,3,27.85,20,28.0,17,1,2022-08-01 09:11:00
1659345060702074000,27.9,4,27.85,20,28.0,17,1,2022-08-01 09:11:00
1659345060993409000,28.0,17,28.05,55,28.1,15,1,2022-08-01 09:11:00
1659345060993409000,28.05,28,28.05,55,28.1,15,1,2022-08-01 09:11:00
1659345061021261000,28.1,6,28.05,55,28.1,9,1,2022-08-01 09:11:01
1659345061063473000,28.1,1,28.05,55,28.1,8,1,2022-08-01 09:11:01
1659345061069390000,28.1,1,28.05,55,28.1,7,1,2022-08-01 09:11:01
1659345061093986000,28.1,2,28.05,55,28.1,5,1,2022-08-01 09:11:01
1659345061186061000,28.05,2,28.05,53,28.1,5,2,2022-08-01 09:11:01
1659345061205484000,28.1,5,28.05,53,28.15,10,1,2022-08-01 09:11:01
1659345061277571000,28.15,1,28.05,53,28.15,9,1,2022-08-01 09:11:01
1659345061349936000,28.1,2,28.1,1,28.15,9,2,2022-08-01 09:11:01
1659345061437083000,28.1,1,28.1,1,28.15,9,2,2022-08-01 09:11:01
1659345061488762000,28.15,7,28.1,1,28.15,2,1,2022-08-01 09:11:01
1659345061512565000,28.15,2,28.1,1,28.2,4,1,2022-08-01 09:11:01
1659345061737091000,28.2,4,28.1,1,28.25,8,1,2022-08-01 09:11:01
1659345061943361000,28.25,1,28.2,40,28.25,7,1,2022-08-01 09:11:01
1659345061966090000,28.25,1,28.2,40,28.25,6,1,2022-08-01 09:11:01
1659345061967091000,28.25,1,28.2,40,28.25,5,1,2022-08-01 09:11:01
1659345061967200000,28.25,1,28.2,40,28.25,4,1,2022-08-01 09:11:01
1659345061975767000,28.25,1,28.2,40,28.25,3,1,2022-08-01 09:11:01
1659345061990045000,28.25,1,28.2,40,28.25,8,1,2022-08-01 09:11:01
1659345062292330000,28.2,40,27.9,26,28.0,14,2,2022-08-01 09:11:02
1659345062292330000,28.1,3,27.9,26,28.0,14,2,2022-08-01 09:11:02
1659345062307470000,28.0,2,27.9,26,28.0,12,1,2022-08-01 09:11:02
1659345062312975000,28.0,12,27.9,26,28.25,2,1,2022-08-01 09:11:02
1659345062919304000,28.25,1,28.1,1,28.25,1,1,2022-08-01 09:11:02
1659345063825687000,28.25,1,28.1,1,28.3,8,1,2022-08-01 09:11:03
1659345065212931000,28.15,2,28.05,1,28.15,3,1,2022-08-01 09:11:05
1659345065723533000,28.15,1,28.05,1,28.15,2,1,2022-08-01 09:11:05
1659345065947855000,28.05,1,28.0,5,28.15,2,2,2022-08-01 09:11:05
1659345066932136000,28.1,1,28.0,6,28.15,2,1,2022-08-01 09:11:06
1659345067531545000,28.15,1,28.05,1,28.15,2,1,2022-08-01 09:11:07
1659345068372218000,28.15,1,28.05,1,28.2,2,1,2022-08-01 09:11:08
1659345068372218000,28.2,3,28.05,1,28.2,2,1,2022-08-01 09:11:08
1659345068637118000,28.05,1,28.05,4,28.2,2,2,2022-08-01 09:11:08
1659345068808024000,28.2,1,28.05,3,28.2,1,1,2022-08-01 09:11:08
1659345068894220000,28.05,1,28.05,2,28.2,1,2,2022-08-01 09:11:08
1659345069005892000,28.15,1,28.05,2,28.15,3,1,2022-08-01 09:11:09
1659345072676198000,28.15,1,28.05,10,28.15,11,1,2022-08-01 09:11:12
1659345074763367000,28.1,3,28.05,10,28.15,10,1,2022-08-01 09:11:14
1659345074763367000,28.15,2,28.05,10,28.15,10,1,2022-08-01 09:11:14
1659345076438585000,28.15,2,28.05,11,28.15,8,1,2022-08-01 09:11:16
1659345076474361000,28.15,5,28.05,11,28.15,10,1,2022-08-01 09:11:16
1659345077408562000,28.15,1,28.1,1,28.15,2,1,2022-08-01 09:11:17
1659345078543645000,28.15,3,28.1,3,28.15,3,1,2022-08-01 09:11:18
1659345078958658000,28.2,2,28.15,2,28.2,6,1,2022-08-01 09:11:18
1659345079388826000,28.15,1,28.15,4,28.2,6,2,2022-08-01 09:11:19
1659345080308206000,28.15,2,28.15,5,28.2,7,2,2022-08-01 09:11:20
1659345080539202000,28.15,1,28.15,4,28.2,7,2,2022-08-01 09:11:20
1659345080856993000,28.2,10,28.15,4,28.25,16,1,2022-08-01 09:11:20
1659345080980133000,28.25,1,28.15,4,28.25,15,1,2022-08-01 09:11:20
1659345081173419000,28.15,4,28.15,4,28.25,13,2,2022-08-01 09:11:21
1659345081241619000,28.15,1,28.1,6,28.25,13,1,2022-08-01 09:11:21
1659345082170898000,28.2,6,28.15,11,28.2,6,1,2022-08-01 09:11:22
1659345082170898000,28.25,10,28.15,11,28.2,6,1,2022-08-01 09:11:22
1659345082732012000,28.15,1,28.15,10,28.2,2,2,2022-08-01 09:11:22
1659345082738941000,28.15,1,28.15,9,28.2,2,2,2022-08-01 09:11:22
1659345082977491000,28.2,1,28.15,12,28.2,2,1,2022-08-01 09:11:22
1659345083263577000,28.15,1,28.15,11,28.2,1,2,2022-08-01 09:11:23
1659345083623097000,28.2,5,28.15,11,28.2,6,1,2022-08-01 09:11:23
1659345083701597000,28.2,1,28.2,2,28.25,5,1,2022-08-01 09:11:23
1659345083708004000,28.25,5,28.3,7,28.35,20,1,2022-08-01 09:11:23
1659345083708004000,28.3,8,28.3,7,28.35,20,1,2022-08-01 09:11:23
1659345083745419000,28.3,3,28.3,4,28.35,20,2,2022-08-01 09:11:23
1659345083746171000,28.3,4,28.2,2,28.35,20,2,2022-08-01 09:11:23
1659345083845439000,28.2,2,28.2,2,28.35,20,2,2022-08-01 09:11:23
1659345085870384000,28.2,2,28.15,13,28.25,6,1,2022-08-01 09:11:25
1659345086186583000,28.25,1,28.15,13,28.25,6,1,2022-08-01 09:11:26
1659345086312015000,28.25,5,28.2,1,28.25,1,1,2022-08-01 09:11:26
1659345086517342000,28.25,1,28.2,1,28.25,6,1,2022-08-01 09:11:26
1659345086714570000,28.3,1,28.2,1,28.3,13,1,2022-08-01 09:11:26
1659345086818615000,28.2,1,28.15,14,28.2,4,2,2022-08-01 09:11:26
1659345086869608000,28.2,1,28.15,14,28.2,3,1,2022-08-01 09:11:26
1659345087328548000,28.2,1,28.15,16,28.2,2,1,2022-08-01 09:11:27
1659345087497000000,28.2,1,28.15,17,28.2,1,1,2022-08-01 09:11:27
1659345087557548000,28.2,1,28.15,17,28.3,12,1,2022-08-01 09:11:27
1659345087557548000,28.3,1,28.15,17,28.3,12,1,2022-08-01 09:11:27
1659345088336243000,28.25,1,28.2,10,28.25,12,1,2022-08-01 09:11:28
1659345088879024000,28.25,2,28.2,13,28.25,10,1,2022-08-01 09:11:28
1659345089021554000,28.2,2,28.2,16,28.25,10,2,2022-08-01 09:11:29
1659345089612175000,28.25,1,28.2,18,28.25,11,1,2022-08-01 09:11:29
1659345089851678000,28.2,1,28.2,19,28.25,10,2,2022-08-01 09:11:29
1659345090195069000,28.25,4,28.2,18,28.25,6,1,2022-08-01 09:11:30
1659345090680855000,28.25,3,28.2,18,28.25,3,1,2022-08-01 09:11:30
1659345091447453000,28.25,1,28.2,22,28.25,2,1,2022-08-01 09:11:31
1659345091476008000,28.25,2,28.2,22,28.3,10,1,2022-08-01 09:11:31
1659345091717443000,28.2,1,28.2,21,28.3,10,2,2022-08-01 09:11:31
1659345091916858000,28.25,1,28.2,21,28.3,10,2,2022-08-01 09:11:31
1659345091992486000,28.3,4,28.2,21,28.3,6,1,2022-08-01 09:11:31
1659345092009143000,28.3,1,28.2,21,28.3,5,1,2022-08-01 09:11:32
1659345092198100000,28.3,2,28.2,21,28.3,3,1,2022-08-01 09:11:32
1659345092221537000,28.3,3,28.2,21,28.45,8,1,2022-08-01 09:11:32
1659345092221537000,28.35,20,28.2,21,28.45,8,1,2022-08-01 09:11:32
1659345092221537000,28.4,11,28.2,21,28.45,8,1,2022-08-01 09:11:32
1659345092221537000,28.45,8,28.2,21,28.45,8,1,2022-08-01 09:11:32
1659345092267429000,28.25,1,28.25,5,28.45,8,2,2022-08-01 09:11:32
1659345092655793000,28.25,5,28.25,16,28.4,1,2,2022-08-01 09:11:32
1659345092923276000,28.25,1,28.25,16,28.4,2,2,2022-08-01 09:11:32
1659345093007001000,28.25,2,28.25,15,28.4,2,2,2022-08-01 09:11:33
1659345093239108000,28.3,1,28.3,3,28.4,2,2,2022-08-01 09:11:33
1659345093340857000,28.3,2,28.3,1,28.4,2,2,2022-08-01 09:11:33
1659345094025378000,28.4,2,28.4,1,28.45,8,1,2022-08-01 09:11:34
1659345094124149000,28.4,1,28.4,1,28.45,8,2,2022-08-01 09:11:34
1659345094383874000,28.35,1,28.35,2,28.45,8,2,2022-08-01 09:11:34
1659345094548060000,28.45,1,28.35,2,28.45,7,1,2022-08-01 09:11:34
1659345094551963000,28.35,1,28.35,3,28.45,8,2,2022-08-01 09:11:34
1659345095864702000,28.35,2,28.35,2,28.45,7,2,2022-08-01 09:11:35
1659345095869570000,28.35,1,28.35,1,28.45,7,2,2022-08-01 09:11:35
1659345098101768000,28.4,1,28.35,1,28.45,8,1,2022-08-01 09:11:38
1659345098345479000,28.4,1,28.35,5,28.45,8,2,2022-08-01 09:11:38
1659345098907932000,28.4,1,28.35,5,28.45,9,1,2022-08-01 09:11:38
1659345099314137000,28.35,1,28.35,7,28.45,10,2,2022-08-01 09:11:39
1659345100219959000,28.35,15,28.3,4,28.4,1,2,2022-08-01 09:11:40
1659345100532081000,28.3,5,28.3,5,28.4,1,2,2022-08-01 09:11:40
1659345100726086000,28.35,3,28.25,21,28.4,1,2,2022-08-01 09:11:40
1659345101048065000,28.4,1,28.25,21,28.4,1,1,2022-08-01 09:11:41
1659345101727155000,28.3,1,28.25,20,28.4,6,2,2022-08-01 09:11:41
1659345101727155000,28.25,2,28.25,20,28.4,6,2,2022-08-01 09:11:41
1659345102313661000,28.3,5,28.25,20,28.4,13,2,2022-08-01 09:11:42
1659345102362375000,28.4,1,28.25,20,28.4,12,1,2022-08-01 09:11:42
1659345102833363000,28.35,4,28.35,1,28.4,16,1,2022-08-01 09:11:42
1659345102861753000,28.35,1,28.25,23,28.4,16,2,2022-08-01 09:11:42
1659345103140671000,28.25,7,28.25,16,28.35,20,2,2022-08-01 09:11:43
1659345103146510000,28.35,1,28.25,23,28.35,20,1,2022-08-01 09:11:43
1659345103425002000,28.25,16,28.2,78,28.25,14,2,2022-08-01 09:11:43
1659345103559416000,28.25,2,28.2,78,28.25,12,1,2022-08-01 09:11:43
1659345103598039000,28.2,1,28.2,77,28.25,12,2,2022-08-01 09:11:43
1659345104017115000,28.2,15,28.2,62,28.25,12,2,2022-08-01 09:11:44
1659345104017136000,28.2,57,28.2,5,28.25,12,2,2022-08-01 09:11:44
1659345104036930000,28.2,1,28.2,4,28.25,12,2,2022-08-01 09:11:44
1659345104037314000,28.2,4,28.2,77,28.25,12,2,2022-08-01 09:11:44
1659345104691167000,28.25,1,28.15,21,28.25,11,1,2022-08-01 09:11:44
1659345105046625000,28.2,1,28.15,21,28.2,2,1,2022-08-01 09:11:45
1659345105092563000,28.15,1,28.15,21,28.2,3,2,2022-08-01 09:11:45
1659345105469137000,28.2,2,28.15,22,28.2,2,1,2022-08-01 09:11:45
1659345105469137000,28.25,3,28.15,22,28.2,2,1,2022-08-01 09:11:45
1659345105775695000,28.25,2,28.15,22,28.25,6,1,2022-08-01 09:11:45
1659345105818644000,28.15,2,28.15,20,28.25,6,2,2022-08-01 09:11:45
1659345105862517000,28.15,5,28.15,15,28.25,6,2,2022-08-01 09:11:45
1659345106148298000,28.15,5,28.15,15,28.25,6,2,2022-08-01 09:11:46
1659345106712756000,28.2,1,28.15,10,28.25,6,2,2022-08-01 09:11:46
1659345107744037000,28.25,1,28.15,11,28.25,6,1,2022-08-01 09:11:47
1659345107752720000,28.15,1,28.15,11,28.25,7,2,2022-08-01 09:11:47
1659345108198735000,28.25,3,28.15,10,28.25,3,1,2022-08-01 09:11:48
1659345109416882000,28.25,3,28.15,11,28.25,3,1,2022-08-01 09:11:49
1659345111604143000,28.25,1,28.25,16,28.3,2,2,2022-08-01 09:11:51
1659345113473793000,28.25,1,28.25,16,28.3,4,2,2022-08-01 09:11:53
1659345113632371000,28.3,1,28.25,17,28.3,4,1,2022-08-01 09:11:53
1659345113869791000,28.25,1,28.25,15,28.3,3,2,2022-08-01 09:11:53
1659345113942984000,28.25,2,28.25,13,28.3,3,2,2022-08-01 09:11:53
1659345114867746000,28.25,1,28.25,17,28.3,8,2,2022-08-01 09:11:54
1659345114980321000,28.3,1,28.25,17,28.3,7,1,2022-08-01 09:11:54
1659345115417654000,28.25,1,28.25,16,28.3,7,2,2022-08-01 09:11:55
1659345115785845000,28.3,2,28.25,16,28.3,5,1,2022-08-01 09:11:55
1659345116185106000,28.25,16,28.2,3,28.25,3,2,2022-08-01 09:11:56
1659345116931213000,28.25,3,28.2,4,28.25,5,1,2022-08-01 09:11:56
1659345117216616000,28.25,2,28.25,18,28.3,8,1,2022-08-01 09:11:57
1659345119090838000,28.3,2,28.25,19,28.3,8,1,2022-08-01 09:11:59
1659345119293345000,28.25,3,28.25,16,28.3,8,2,2022-08-01 09:11:59
1659345119414039000,28.3,5,28.25,26,28.3,3,1,2022-08-01 09:11:59
1659345119447146000,28.3,3,28.25,26,28.35,7,1,2022-08-01 09:11:59
1659345119897136000,28.35,7,28.25,26,28.4,17,1,2022-08-01 09:11:59
1659345119897136000,28.4,3,28.25,26,28.4,17,1,2022-08-01 09:11:59
1659345121850161000,28.3,2,28.3,13,28.35,1,2,2022-08-01 09:12:01
1659345122509224000,28.35,1,28.3,13,28.4,18,1,2022-08-01 09:12:02
1659345122952154000,28.4,3,28.3,13,28.4,15,1,2022-08-01 09:12:02
1659345124544590000,28.3,1,28.3,13,28.4,15,2,2022-08-01 09:12:04
1659345124769532000,28.35,1,28.3,13,28.35,9,2,2022-08-01 09:12:04
1659345124896120000,28.35,2,28.3,13,28.35,7,1,2022-08-01 09:12:04
1659345125124118000,28.35,2,28.3,13,28.35,7,1,2022-08-01 09:12:05
1659345125465554000,28.3,1,28.3,12,28.35,11,2,2022-08-01 09:12:05
1659345125501447000,28.35,1,28.3,12,28.35,10,1,2022-08-01 09:12:05
1659345125621844000,28.3,10,28.3,13,28.35,10,2,2022-08-01 09:12:05
1659345126562038000,28.3,1,28.3,3,28.35,10,2,2022-08-01 09:12:06
1659345126626146000,28.35,1,28.3,3,28.35,9,1,2022-08-01 09:12:06
1659345127154160000,28.35,1,28.3,4,28.35,10,1,2022-08-01 09:12:07
1659345127202294000,28.35,2,28.3,4,28.35,7,1,2022-08-01 09:12:07
1659345127239224000,28.35,1,28.3,7,28.35,6,1,2022-08-01 09:12:07
1659345127596040000,28.3,1,28.3,7,28.35,6,2,2022-08-01 09:12:07
1659345128104888000,28.35,1,28.3,7,28.35,5,1,2022-08-01 09:12:08
1659345128167131000,28.3,1,28.3,7,28.35,5,2,2022-08-01 09:12:08
1659345128612461000,28.35,8,28.3,11,28.35,8,1,2022-08-01 09:12:08
1659345128612461000,28.4,2,28.3,11,28.35,8,1,2022-08-01 09:12:08
1659345130466135000,28.4,6,28.35,1,28.4,10,1,2022-08-01 09:12:10
1659345130662643000,28.4,2,28.35,1,28.4,8,1,2022-08-01 09:12:10
1659345130791560000,28.35,1,28.3,12,28.4,8,2,2022-08-01 09:12:10
1659345131415162000,28.35,1,28.3,12,28.4,10,1,2022-08-01 09:12:11
1659345131462675000,28.4,3,28.3,12,28.35,1,1,2022-08-01 09:12:11
1659345131734532000,28.35,1,28.3,12,28.4,8,1,2022-08-01 09:12:11
1659345132031961000,28.4,2,28.3,12,28.35,1,1,2022-08-01 09:12:12
1659345134445675000,28.4,2,28.35,1,28.4,7,1,2022-08-01 09:12:14
1659345135321643000,28.4,1,28.35,3,28.4,6,1,2022-08-01 09:12:15
1659345135933272000,28.4,1,28.35,14,28.4,6,1,2022-08-01 09:12:15
1659345136059642000,28.35,10,28.35,4,28.4,7,2,2022-08-01 09:12:16
1659345136081153000,28.4,2,28.35,14,28.4,7,1,2022-08-01 09:12:16
1659345136673155000,28.4,3,28.35,5,28.4,2,1,2022-08-01 09:12:16
1659345136673239000,28.4,2,28.4,1,28.45,29,1,2022-08-01 09:12:16
1659345136701102000,28.4,1,28.35,5,28.45,29,2,2022-08-01 09:12:16
1659345136886908000,28.4,1,28.35,5,28.45,10,1,2022-08-01 09:12:16
1659345136886908000,28.45,19,28.35,5,28.45,10,1,2022-08-01 09:12:16
1659345136978575000,28.35,5,28.25,58,28.3,20,2,2022-08-01 09:12:16
1659345136978575000,28.3,9,28.25,58,28.3,20,2,2022-08-01 09:12:16
1659345136999468000,28.3,18,28.25,58,28.3,2,1,2022-08-01 09:12:16
1659345137171675000,28.3,2,28.25,58,28.4,1,1,2022-08-01 09:12:17
1659345137762035000,28.35,1,28.35,1,28.4,7,2,2022-08-01 09:12:17
1659345138624389000,28.4,1,28.35,1,28.4,6,1,2022-08-01 09:12:18
1659345138664738000,28.4,1,28.35,1,28.4,5,1,2022-08-01 09:12:18
1659345139043901000,28.4,1,28.35,1,28.4,8,1,2022-08-01 09:12:19
1659345139113562000,28.35,1,28.35,1,28.4,9,2,2022-08-01 09:12:19
1659345139214908000,28.3,3,28.25,49,28.4,8,2,2022-08-01 09:12:19
1659345139214908000,28.25,7,28.25,49,28.4,8,2,2022-08-01 09:12:19
1659345140272666000,28.35,1,28.3,1,28.4,10,2,2022-08-01 09:12:20
1659345141287578000,28.35,3,28.3,1,28.35,8,1,2022-08-01 09:12:21
1659345141290825000,28.35,1,28.3,1,28.35,7,1,2022-08-01 09:12:21
1659345141459987000,28.35,3,28.3,1,28.35,7,1,2022-08-01 09:12:21
1659345142412142000,28.3,1,28.3,1,28.35,14,2,2022-08-01 09:12:22
1659345142467963000,28.35,1,28.3,1,28.35,13,1,2022-08-01 09:12:22
1659345142908722000,28.3,1,28.25,50,28.35,15,2,2022-08-01 09:12:22
1659345142928044000,28.35,1,28.25,50,28.35,14,1,2022-08-01 09:12:22
1659345144498183000,28.3,3,28.25,47,28.3,1,2,2022-08-01 09:12:24
1659345144566075000,28.3,1,28.25,47,28.3,1,1,2022-08-01 09:12:24
1659345145403209000,28.3,1,28.25,48,28.35,11,1,2022-08-01 09:12:25
1659345145403209000,28.35,4,28.25,48,28.35,11,1,2022-08-01 09:12:25
1659345145413636000,28.25,20,28.25,28,28.35,11,2,2022-08-01 09:12:25
1659345145665698000,28.35,7,28.25,28,28.35,13,1,2022-08-01 09:12:25
1659345145725907000,28.35,1,28.3,3,28.35,5,1,2022-08-01 09:12:25
1659345145777088000,28.3,1,28.3,2,28.35,5,2,2022-08-01 09:12:25
1659345147197529000,28.35,1,28.3,7,28.35,4,1,2022-08-01 09:12:27
1659345147831358000,28.3,1,28.3,6,28.35,4,2,2022-08-01 09:12:27
1659345149136792000,28.3,1,28.3,14,28.35,4,2,2022-08-01 09:12:29
1659345149916093000,28.3,13,28.25,28,28.3,2,2,2022-08-01 09:12:29
1659345151634055000,28.25,1,28.25,27,28.3,4,2,2022-08-01 09:12:31
1659345151746379000,28.25,1,28.25,26,28.3,4,2,2022-08-01 09:12:31
1659345152562158000,28.3,1,28.25,26,28.3,3,1,2022-08-01 09:12:32
1659345153829496000,28.25,1,28.25,25,28.3,4,2,2022-08-01 09:12:33
1659345154366599000,28.25,1,28.25,24,28.3,5,2,2022-08-01 09:12:34
1659345154543597000,28.25,1,28.25,23,28.3,6,2,2022-08-01 09:12:34
1659345154712882000,28.25,1,28.25,22,28.3,6,2,2022-08-01 09:12:34
1659345154743080000,28.25,2,28.25,20,28.3,6,2,2022-08-01 09:12:34
1659345156265845000,28.25,1,28.25,20,28.3,6,2,2022-08-01 09:12:36
1659345156996030000,28.25,3,28.25,20,28.3,6,2,2022-08-01 09:12:36
1659345158677745000,28.25,1,28.25,16,28.3,6,2,2022-08-01 09:12:38
1659345160404671000,28.25,1,28.25,19,28.3,8,2,2022-08-01 09:12:40
1659345161459391000,28.25,5,28.25,14,28.3,13,2,2022-08-01 09:12:41
1659345161492189000,28.25,14,28.2,20,28.3,13,2,2022-08-01 09:12:41
1659345162130403000,28.2,1,28.2,19,28.25,4,2,2022-08-01 09:12:42
1659345163168380000,28.25,2,28.2,19,28.25,5,1,2022-08-01 09:12:43
1659345163395100000,28.2,2,28.2,17,28.25,5,2,2022-08-01 09:12:43
1659345163599209000,28.25,1,28.2,19,28.25,5,1,2022-08-01 09:12:43
1659345164359802000,28.25,4,28.2,17,28.3,12,1,2022-08-01 09:12:44
1659345164359802000,28.3,1,28.2,17,28.3,12,1,2022-08-01 09:12:44
1659345164391155000,28.2,17,28.15,10,28.3,12,2,2022-08-01 09:12:44
1659345165849369000,28.2,2,28.15,7,28.2,3,1,2022-08-01 09:12:45
1659345168563346000,28.2,3,28.2,7,28.25,1,1,2022-08-01 09:12:48
1659345169505176000,28.2,2,28.2,5,28.25,1,2,2022-08-01 09:12:49
1659345170050034000,28.2,2,28.2,3,28.25,1,2,2022-08-01 09:12:50
1659345170197978000,28.2,3,28.15,6,28.25,1,2,2022-08-01 09:12:50
1659345170197978000,28.15,1,28.15,6,28.25,1,2,2022-08-01 09:12:50
1659345171856210000,28.3,1,28.2,1,28.3,9,1,2022-08-01 09:12:51
1659345172194478000,28.2,1,28.15,7,28.3,8,2,2022-08-01 09:12:52
1659345172194478000,28.15,1,28.15,7,28.3,8,2,2022-08-01 09:12:52
1659345173503024000,28.3,5,28.25,20,28.3,1,1,2022-08-01 09:12:53
1659345174571624000,28.25,1,28.25,19,28.3,1,2,2022-08-01 09:12:54
1659345176605329000,28.25,1,28.25,18,28.3,1,2,2022-08-01 09:12:56
1659345176869840000,28.3,1,28.25,18,28.35,7,1,2022-08-01 09:12:56
1659345178174297000,28.25,5,28.25,14,28.3,1,2,2022-08-01 09:12:58
1659345178907516000,28.3,1,28.25,14,28.3,1,1,2022-08-01 09:12:58
1659345180737021000,28.3,1,28.25,14,28.35,7,1,2022-08-01 09:13:00
1659345180820392000,28.25,5,28.25,9,28.3,1,2,2022-08-01 09:13:00
1659345185918009000,28.25,2,28.25,18,28.3,3,2,2022-08-01 09:13:05
1659345186247082000,28.25,2,28.25,16,28.3,3,2,2022-08-01 09:13:06
1659345186978127000,28.3,1,28.25,17,28.3,2,1,2022-08-01 09:13:06
1659345188315803000,28.3,2,28.35,5,28.4,9,1,2022-08-01 09:13:08
1659345188315803000,28.35,13,28.35,5,28.4,9,1,2022-08-01 09:13:08
1659345188642860000,28.35,1,28.35,4,28.4,9,2,2022-08-01 09:13:08
1659345189178711000,28.4,1,28.35,4,28.4,8,1,2022-08-01 09:13:09
1659345189428252000,28.35,2,28.35,2,28.4,8,2,2022-08-01 09:13:09
1659345189592915000,28.4,8,28.45,15,28.5,121,1,2022-08-01 09:13:09
1659345189592915000,28.45,27,28.45,15,28.5,121,1,2022-08-01 09:13:09
1659345190407217000,28.5,50,28.45,15,28.5,71,1,2022-08-01 09:13:10
1659345190442398000,28.5,4,28.45,15,28.5,67,1,2022-08-01 09:13:10
1659345190444455000,28.5,3,28.45,15,28.5,64,1,2022-08-01 09:13:10
1659345190444548000,28.5,3,28.45,15,28.5,61,1,2022-08-01 09:13:10
1659345190448897000,28.5,1,28.45,15,28.5,60,1,2022-08-01 09:13:10
1659345190450564000,28.5,1,28.45,15,28.5,59,1,2022-08-01 09:13:10
1659345190473116000,28.5,1,28.45,15,28.5,58,1,2022-08-01 09:13:10
1659345190522460000,28.5,7,28.45,15,28.5,51,1,2022-08-01 09:13:10
1659345190537620000,28.5,10,28.45,15,28.5,41,1,2022-08-01 09:13:10
1659345190556916000,28.5,1,28.45,15,28.5,40,1,2022-08-01 09:13:10
1659345190567188000,28.5,8,28.45,15,28.5,41,1,2022-08-01 09:13:10
1659345190859897000,28.5,1,28.45,15,28.5,31,1,2022-08-01 09:13:10
1659345190983280000,28.5,2,28.45,15,28.5,29,1,2022-08-01 09:13:10
1659345191007575000,28.5,10,28.45,15,28.5,19,1,2022-08-01 09:13:11
1659345191085208000,28.45,6,28.45,9,28.5,19,2,2022-08-01 09:13:11
1659345191116604000,28.5,10,28.45,15,28.5,32,1,2022-08-01 09:13:11
1659345191437639000,28.5,1,28.45,9,28.5,9,1,2022-08-01 09:13:11
1659345191751765000,28.5,8,28.45,9,28.6,44,1,2022-08-01 09:13:11
1659345191751765000,28.55,1,28.45,9,28.6,44,1,2022-08-01 09:13:11
1659345191751765000,28.6,21,28.45,9,28.6,44,1,2022-08-01 09:13:11
1659345191937802000,28.6,5,28.5,6,28.6,39,1,2022-08-01 09:13:11
1659345191955206000,28.6,5,28.5,6,28.6,34,1,2022-08-01 09:13:11
1659345192330611000,28.6,1,28.5,11,28.6,33,1,2022-08-01 09:13:12
1659345192479812000,28.6,33,28.5,11,28.7,29,1,2022-08-01 09:13:12
1659345192479812000,28.65,17,28.5,11,28.7,29,1,2022-08-01 09:13:12
1659345192567280000,28.7,1,28.55,3,28.7,28,1,2022-08-01 09:13:12
1659345192587994000,28.7,1,28.55,3,28.7,27,1,2022-08-01 09:13:12
1659345192610559000,28.7,1,28.55,5,28.7,26,1,2022-08-01 09:13:12
1659345192778237000,28.7,11,28.55,6,28.7,15,1,2022-08-01 09:13:12
1659345192791118000,28.7,3,28.55,6,28.7,12,1,2022-08-01 09:13:12
1659345192888526000,28.55,5,28.55,1,28.7,12,2,2022-08-01 09:13:12
1659345193251236000,28.65,1,28.55,1,28.7,8,1,2022-08-01 09:13:13
1659345193251236000,28.7,4,28.55,1,28.7,8,1,2022-08-01 09:13:13
1659345193465659000,28.65,10,28.65,13,28.7,36,1,2022-08-01 09:13:13
1659345193944574000,28.7,2,28.65,13,28.7,34,1,2022-08-01 09:13:13
1659345194618449000,28.7,1,28.55,29,28.7,34,1,2022-08-01 09:13:14
1659345195057572000,28.65,1,28.55,29,28.65,9,1,2022-08-01 09:13:15
1659345195093806000,28.65,2,28.55,29,28.65,22,1,2022-08-01 09:13:15
1659345195371332000,28.65,24,28.6,1,28.7,17,1,2022-08-01 09:13:15
1659345195371332000,28.7,6,28.6,1,28.7,17,1,2022-08-01 09:13:15
1659345195652062000,28.7,1,28.6,1,28.7,16,1,2022-08-01 09:13:15
1659345196271246000,28.65,1,28.6,1,28.65,1,1,2022-08-01 09:13:16
1659345196560253000,28.65,1,28.6,1,28.65,6,1,2022-08-01 09:13:16
1659345196793039000,28.65,5,28.6,1,28.7,16,1,2022-08-01 09:13:16
1659345196818152000,28.6,1,28.55,6,28.7,16,2,2022-08-01 09:13:16
1659345196818152000,28.55,2,28.55,6,28.7,16,2,2022-08-01 09:13:16
1659345197362721000,28.7,1,28.55,7,28.7,15,1,2022-08-01 09:13:17
1659345198470776000,28.65,1,28.55,1,28.65,25,1,2022-08-01 09:13:18
1659345198814202000,28.65,1,28.55,1,28.65,24,1,2022-08-01 09:13:18
1659345199039878000,28.55,1,28.5,6,28.6,5,2,2022-08-01 09:13:19
1659345200468863000,28.55,1,28.5,6,28.55,9,1,2022-08-01 09:13:20
1659345200595720000,28.55,5,28.5,6,28.55,4,1,2022-08-01 09:13:20
1659345201688060000,28.5,6,28.45,9,28.55,4,2,2022-08-01 09:13:21
1659345203006854000,28.45,5,28.45,4,28.5,21,2,2022-08-01 09:13:23
1659345203391411000,28.45,4,28.4,6,28.45,3,2,2022-08-01 09:13:23
1659345203499841000,28.45,1,28.4,6,28.45,7,1,2022-08-01 09:13:23
1659345203738649000,28.45,1,28.4,6,28.45,6,1,2022-08-01 09:13:23
1659345204340118000,28.4,1,28.4,5,28.45,6,2,2022-08-01 09:13:24
1659345204528385000,28.4,5,28.35,1,28.4,19,2,2022-08-01 09:13:24
1659345204610013000,28.4,7,28.35,1,28.4,12,1,2022-08-01 09:13:24
1659345204705276000,28.4,1,28.35,1,28.4,11,1,2022-08-01 09:13:24
1659345205962955000,28.35,1,28.35,3,28.4,11,2,2022-08-01 09:13:25
1659345207060790000,28.4,1,28.35,3,28.4,11,1,2022-08-01 09:13:27
1659345207223882000,28.4,1,28.35,3,28.4,9,1,2022-08-01 09:13:27
1659345207276880000,28.4,3,28.35,3,28.4,6,1,2022-08-01 09:13:27
1659345208232254000,28.35,1,28.35,2,28.4,7,2,2022-08-01 09:13:28
1659345208827599000,28.4,1,28.35,2,28.4,6,1,2022-08-01 09:13:28
1659345209066462000,28.4,1,28.35,2,28.4,5,1,2022-08-01 09:13:29
1659345210594506000,28.4,1,28.35,10,28.4,4,1,2022-08-01 09:13:30
1659345214804367000,28.4,2,28.35,26,28.4,9,1,2022-08-01 09:13:34
1659345215890165000,28.4,1,28.35,27,28.4,8,1,2022-08-01 09:13:35
1659345216677201000,28.4,1,28.35,32,28.4,4,1,2022-08-01 09:13:36
1659345217212337000,28.4,2,28.35,32,28.4,1,1,2022-08-01 09:13:37
1659345217293603000,28.4,1,28.35,32,28.45,2,1,2022-08-01 09:13:37
1659345217732153000,28.4,1,28.35,34,28.45,2,1,2022-08-01 09:13:37
1659345217928699000,28.4,1,28.35,34,28.45,2,2,2022-08-01 09:13:37
1659345219078383000,28.4,1,28.4,15,28.45,2,2,2022-08-01 09:13:39
1659345219413937000,28.4,1,28.4,14,28.45,2,2,2022-08-01 09:13:39
1659345219838830000,28.45,1,28.4,19,28.45,2,1,2022-08-01 09:13:39
1659345219958320000,28.45,1,28.4,20,28.45,1,1,2022-08-01 09:13:39
1659345220006554000,28.4,1,28.4,20,28.45,2,2,2022-08-01 09:13:40
1659345220950926000,28.45,1,28.45,1,28.5,20,1,2022-08-01 09:13:40
1659345220969627000,28.45,1,28.4,19,28.45,1,2,2022-08-01 09:13:40
1659345221348082000,28.4,1,28.4,18,28.5,20,2,2022-08-01 09:13:41
1659345222574075000,28.45,1,28.45,1,28.5,20,1,2022-08-01 09:13:42
1659345222612444000,28.45,1,28.4,19,28.5,20,2,2022-08-01 09:13:42
1659345222992887000,28.4,1,28.4,40,28.5,20,2,2022-08-01 09:13:42
1659345224118889000,28.45,1,28.45,1,28.5,21,2,2022-08-01 09:13:44
1659345224407394000,28.5,1,28.4,39,28.5,20,1,2022-08-01 09:13:44
1659345226345840000,28.45,5,28.4,35,28.5,20,2,2022-08-01 09:13:46
1659345226345840000,28.4,5,28.4,35,28.5,20,2,2022-08-01 09:13:46
1659345226900565000,28.4,1,28.4,34,28.5,20,2,2022-08-01 09:13:46
1659345226922425000,28.4,9,28.4,25,28.5,20,2,2022-08-01 09:13:46
1659345226942845000,28.4,22,28.4,3,28.5,20,2,2022-08-01 09:13:46
1659345226963332000,28.4,2,28.4,1,28.5,20,2,2022-08-01 09:13:46
1659345227345384000,28.4,1,28.35,34,28.45,5,2,2022-08-01 09:13:47
1659345227512212000,28.45,5,28.35,34,28.5,10,1,2022-08-01 09:13:47
1659345227512212000,28.5,10,28.35,34,28.5,10,1,2022-08-01 09:13:47
1659345227740253000,28.35,15,28.35,19,28.5,10,2,2022-08-01 09:13:47
1659345228010379000,28.4,1,28.4,1,28.45,10,2,2022-08-01 09:13:48
1659345228357740000,28.4,1,28.4,2,28.45,10,2,2022-08-01 09:13:48
1659345228389062000,28.4,2,28.35,18,28.45,10,2,2022-08-01 09:13:48
1659345228573512000,28.4,1,28.35,4,28.45,10,2,2022-08-01 09:13:48
1659345228573512000,28.35,14,28.35,4,28.45,10,2,2022-08-01 09:13:48
1659345228626124000,28.45,5,28.35,4,28.45,10,1,2022-08-01 09:13:48
1659345228833231000,28.4,1,28.4,2,28.45,5,2,2022-08-01 09:13:48
1659345228855039000,28.4,2,28.35,4,28.45,5,2,2022-08-01 09:13:48
1659345228920228000,28.4,2,28.3,6,28.35,14,2,2022-08-01 09:13:48
1659345228920228000,28.35,4,28.3,6,28.35,14,2,2022-08-01 09:13:48
1659345229747796000,28.35,1,28.3,6,28.35,13,1,2022-08-01 09:13:49
1659345229881978000,28.3,1,28.3,7,28.35,13,2,2022-08-01 09:13:49
1659345230789733000,28.3,5,28.3,1,28.35,13,2,2022-08-01 09:13:50
1659345231206597000,28.3,1,28.25,15,28.35,13,2,2022-08-01 09:13:51
1659345232722647000,28.35,13,28.25,15,28.5,9,1,2022-08-01 09:13:52
1659345232722647000,28.4,1,28.25,15,28.5,9,1,2022-08-01 09:13:52
1659345232722647000,28.45,7,28.25,15,28.5,9,1,2022-08-01 09:13:52
1659345232722647000,28.5,9,28.25,15,28.5,9,1,2022-08-01 09:13:52
1659345233549961000,28.5,5,28.3,15,28.5,9,1,2022-08-01 09:13:53
1659345234845636000,28.45,5,28.35,24,28.45,10,1,2022-08-01 09:13:54
1659345237896251000,28.45,2,28.4,1,28.45,8,1,2022-08-01 09:13:57
1659345237982392000,28.45,8,28.4,11,28.45,8,1,2022-08-01 09:13:57
1659345238206096000,28.5,1,28.4,11,28.5,4,1,2022-08-01 09:13:58
1659345238488640000,28.5,4,28.5,22,28.55,3,1,2022-08-01 09:13:58
1659345238646069000,28.5,5,28.5,17,28.55,3,2,2022-08-01 09:13:58
1659345239183116000,28.55,1,28.5,18,28.55,2,1,2022-08-01 09:13:59
1659345239216815000,28.55,2,28.5,18,28.6,13,1,2022-08-01 09:13:59
1659345239688575000,28.6,1,28.55,2,28.6,12,1,2022-08-01 09:13:59
1659345240047623000,28.6,1,28.55,2,28.6,11,1,2022-08-01 09:14:00
1659345240118033000,28.6,5,28.55,2,28.6,6,1,2022-08-01 09:14:00
1659345240133431000,28.6,5,28.55,2,28.6,1,1,2022-08-01 09:14:00
1659345240152283000,28.6,1,28.55,2,28.65,9,1,2022-08-01 09:14:00
1659345241137005000,28.6,2,28.6,19,28.65,1,2,2022-08-01 09:14:01
1659345241239024000,28.65,1,28.6,19,28.7,2,1,2022-08-01 09:14:01
1659345242604630000,28.7,2,28.6,19,28.7,2,1,2022-08-01 09:14:02
1659345242604630000,28.75,8,28.6,19,28.7,2,1,2022-08-01 09:14:02
1659345242647463000,28.75,3,28.6,19,28.75,23,1,2022-08-01 09:14:02
1659345242647559000,28.75,3,28.6,19,28.75,20,1,2022-08-01 09:14:02
1659345243061504000,28.6,5,28.6,14,28.75,20,2,2022-08-01 09:14:03
1659345244052948000,28.7,1,28.7,1,28.75,20,2,2022-08-01 09:14:04
1659345244902083000,28.75,1,28.6,16,28.75,19,1,2022-08-01 09:14:04
1659345244995275000,28.6,1,28.6,15,28.75,19,2,2022-08-01 09:14:04
1659345245270190000,28.6,1,28.6,14,28.7,5,2,2022-08-01 09:14:05
1659345247347299000,28.7,1,28.6,16,28.7,14,1,2022-08-01 09:14:07
1659345247612736000,28.6,5,28.6,11,28.7,14,2,2022-08-01 09:14:07
1659345248172475000,28.6,10,28.6,1,28.7,14,2,2022-08-01 09:14:08
1659345249884652000,28.6,2,28.5,18,28.6,8,2,2022-08-01 09:14:09
1659345250073423000,28.6,1,28.5,19,28.6,12,1,2022-08-01 09:14:10
1659345250084574000,28.6,1,28.5,19,28.6,13,1,2022-08-01 09:14:10
1659345250437340000,28.6,10,28.5,19,28.6,1,1,2022-08-01 09:14:10
1659345250857678000,28.5,2,28.5,17,28.6,1,2,2022-08-01 09:14:10
1659345252208752000,28.5,7,28.5,10,28.6,5,2,2022-08-01 09:14:12
1659345253537963000,28.5,2,28.5,10,28.55,4,2,2022-08-01 09:14:13
1659345254378913000,28.5,5,28.5,3,28.55,4,2,2022-08-01 09:14:14
1659345254454087000,28.55,1,28.5,3,28.55,3,1,2022-08-01 09:14:14
1659345254765155000,28.5,2,28.5,1,28.55,12,2,2022-08-01 09:14:14
1659345255617103000,28.55,1,28.5,2,28.55,11,1,2022-08-01 09:14:15
1659345255692497000,28.5,2,28.45,1,28.5,3,2,2022-08-01 09:14:15
1659345255814689000,28.5,3,28.5,3,28.55,16,1,2022-08-01 09:14:15
1659345256592111000,28.55,5,28.5,8,28.55,17,1,2022-08-01 09:14:16
1659345256625856000,28.55,1,28.5,8,28.55,11,1,2022-08-01 09:14:16
1659345257299236000,28.55,1,28.5,8,28.55,10,1,2022-08-01 09:14:17
1659345257328017000,28.55,5,28.5,8,28.55,5,1,2022-08-01 09:14:17
1659345257633032000,28.55,1,28.5,8,28.55,4,1,2022-08-01 09:14:17
1659345258860434000,28.55,1,28.5,8,28.55,3,1,2022-08-01 09:14:18
1659345259394292000,28.55,3,28.5,8,28.6,3,1,2022-08-01 09:14:19
1659345259394292000,28.6,3,28.5,8,28.6,3,1,2022-08-01 09:14:19
1659345260067105000,28.55,1,28.5,9,28.6,4,2,2022-08-01 09:14:20
1659345260120670000,28.55,1,28.55,1,28.6,4,2,2022-08-01 09:14:20
1659345260251877000,28.55,1,28.5,9,28.6,4,2,2022-08-01 09:14:20
1659345260275520000,28.6,1,28.5,9,28.6,3,1,2022-08-01 09:14:20
1659345260335794000,28.6,2,28.55,1,28.6,1,1,2022-08-01 09:14:20
1659345260819092000,28.55,1,28.5,9,28.55,2,2,2022-08-01 09:14:20
1659345260856037000,28.55,2,28.5,9,28.6,1,1,2022-08-01 09:14:20
1659345263118377000,28.6,1,28.5,16,28.75,20,1,2022-08-01 09:14:23
1659345263118377000,28.65,4,28.5,16,28.75,20,1,2022-08-01 09:14:23
1659345263118377000,28.7,4,28.5,16,28.75,20,1,2022-08-01 09:14:23
1659345263118377000,28.75,1,28.5,16,28.75,20,1,2022-08-01 09:14:23
1659345263756866000,28.6,1,28.6,1,28.75,20,2,2022-08-01 09:14:23
1659345264371292000,28.6,1,28.6,5,28.7,1,2,2022-08-01 09:14:24
1659345265899718000,28.65,1,28.6,6,28.7,1,2,2022-08-01 09:14:25
1659345265972180000,28.7,1,28.6,6,28.7,1,1,2022-08-01 09:14:25
1659345265972180000,28.75,1,28.6,6,28.7,1,1,2022-08-01 09:14:25
1659345266709356000,28.7,1,28.65,1,28.75,19,2,2022-08-01 09:14:26
1659345267171130000,28.7,1,28.65,1,28.7,2,1,2022-08-01 09:14:27
1659345267376910000,28.7,1,28.65,1,28.7,1,1,2022-08-01 09:14:27
1659345267688061000,28.7,1,28.65,1,28.75,19,1,2022-08-01 09:14:27
1659345268453302000,28.7,1,28.7,1,28.75,19,2,2022-08-01 09:14:28
1659345270028248000,28.7,5,28.65,1,28.7,1,1,2022-08-01 09:14:30
1659345270064951000,28.7,1,28.65,1,28.75,19,1,2022-08-01 09:14:30
1659345270334310000,28.7,1,28.65,1,28.75,19,2,2022-08-01 09:14:30
1659345271678261000,28.65,1,28.6,9,28.65,1,2,2022-08-01 09:14:31
1659345271781994000,28.65,1,28.6,9,28.7,3,1,2022-08-01 09:14:31
1659345273288862000,28.7,3,28.7,5,28.75,19,1,2022-08-01 09:14:33
1659345273698210000,28.7,1,28.7,4,28.75,19,2,2022-08-01 09:14:33
1659345273733085000,28.7,4,28.7,1,28.75,19,2,2022-08-01 09:14:33
1659345273764357000,28.7,1,28.65,1,28.75,19,2,2022-08-01 09:14:33
1659345274094465000,28.75,19,28.75,1,28.8,23,1,2022-08-01 09:14:34
1659345274120875000,28.75,1,28.65,1,28.8,23,2,2022-08-01 09:14:34
1659345274466614000,28.8,1,28.65,1,28.8,22,1,2022-08-01 09:14:34
1659345274719424000,28.7,1,28.65,5,28.8,16,1,2022-08-01 09:14:34
1659345274719424000,28.8,6,28.65,5,28.8,16,1,2022-08-01 09:14:34
1659345274765226000,28.8,5,28.65,5,28.8,11,1,2022-08-01 09:14:34
1659345274977621000,28.7,1,28.65,5,28.8,11,2,2022-08-01 09:14:34
1659345275012963000,28.8,8,28.65,10,28.8,3,1,2022-08-01 09:14:35
1659345275013327000,28.8,3,28.8,2,28.85,7,1,2022-08-01 09:14:35
1659345275232442000,28.85,7,28.8,2,28.9,9,1,2022-08-01 09:14:35
1659345275304014000,28.9,9,28.8,3,29.0,68,1,2022-08-01 09:14:35
1659345275304014000,28.95,36,28.8,3,29.0,68,1,2022-08-01 09:14:35
1659345275304014000,29.0,55,28.8,3,29.0,68,1,2022-08-01 09:14:35
1659345275344336000,29.0,1,28.85,1,29.0,67,1,2022-08-01 09:14:35
1659345275344453000,29.0,1,28.85,1,29.0,66,1,2022-08-01 09:14:35
1659345275344544000,29.0,1,28.85,1,29.0,65,1,2022-08-01 09:14:35
1659345275344905000,29.0,1,28.85,1,29.0,64,1,2022-08-01 09:14:35
1659345275345400000,29.0,1,28.85,1,29.0,63,1,2022-08-01 09:14:35
1659345275345702000,29.0,1,28.85,1,29.0,62,1,2022-08-01 09:14:35
1659345275350359000,29.0,1,28.85,1,29.0,61,1,2022-08-01 09:14:35
1659345275350462000,29.0,1,28.85,1,29.0,60,1,2022-08-01 09:14:35
1659345275363623000,29.0,1,28.85,1,29.0,59,1,2022-08-01 09:14:35
1659345275372145000,29.0,1,28.85,1,29.0,58,1,2022-08-01 09:14:35
1659345275375314000,29.0,1,28.85,1,29.0,57,1,2022-08-01 09:14:35
1659345275380623000,29.0,1,28.85,1,29.0,56,1,2022-08-01 09:14:35
1659345275395627000,29.0,1,28.85,1,29.0,55,1,2022-08-01 09:14:35
1659345275405350000,29.0,1,28.85,1,29.0,54,1,2022-08-01 09:14:35
1659345275419750000,29.0,1,28.85,1,29.0,53,1,2022-08-01 09:14:35
1659345275425715000,29.0,1,28.85,1,29.0,52,1,2022-08-01 09:14:35
1659345275441958000,29.0,1,28.85,1,29.0,51,1,2022-08-01 09:14:35
1659345275442335000,29.0,1,28.85,1,29.0,50,1,2022-08-01 09:14:35
1659345275442727000,29.0,1,28.85,1,29.0,49,1,2022-08-01 09:14:35
1659345275442967000,29.0,1,28.85,1,29.0,48,1,2022-08-01 09:14:35
1659345275443392000,29.0,1,28.85,1,29.0,47,1,2022-08-01 09:14:35
1659345275466051000,29.0,7,28.85,1,29.0,40,1,2022-08-01 09:14:35
1659345275540227000,29.0,5,28.85,1,29.0,35,1,2022-08-01 09:14:35
1659345275552563000,29.0,5,28.85,1,29.0,30,1,2022-08-01 09:14:35
1659345275576203000,29.0,9,28.85,1,29.0,21,1,2022-08-01 09:14:35
1659345275617100000,29.0,17,28.85,5,29.0,4,1,2022-08-01 09:14:35
1659345275617819000,29.0,4,28.85,5,29.0,21,1,2022-08-01 09:14:35
1659345275802407000,29.05,6,28.85,5,29.05,1,1,2022-08-01 09:14:35
1659345275825723000,29.05,1,28.85,5,29.1,4,1,2022-08-01 09:14:35
1659345275825723000,29.1,3,28.85,5,29.1,4,1,2022-08-01 09:14:35
1659345275828143000,29.1,1,28.85,5,29.1,3,1,2022-08-01 09:14:35
1659345275828572000,29.1,1,28.85,5,29.1,2,1,2022-08-01 09:14:35
1659345275841993000,29.1,2,28.85,5,29.15,21,1,2022-08-01 09:14:35
1659345275841993000,29.15,4,28.85,5,29.15,21,1,2022-08-01 09:14:35
1659345275866810000,29.15,8,28.9,1,29.15,13,1,2022-08-01 09:14:35
1659345275873754000,29.15,5,28.9,1,29.15,8,1,2022-08-01 09:14:35
1659345275876400000,29.15,5,28.9,1,29.15,3,1,2022-08-01 09:14:35
1659345275881704000,29.15,1,28.9,1,29.15,2,1,2022-08-01 09:14:35
1659345275889100000,29.15,1,28.9,1,29.15,1,1,2022-08-01 09:14:35
1659345275921970000,29.15,1,28.9,2,29.2,103,1,2022-08-01 09:14:35
1659345275932760000,29.2,6,28.9,2,29.2,97,1,2022-08-01 09:14:35
1659345275957391000,29.2,23,28.9,2,29.2,74,1,2022-08-01 09:14:35
1659345275964616000,29.2,3,28.9,2,29.2,71,1,2022-08-01 09:14:35
1659345275964732000,29.2,3,28.9,2,29.2,68,1,2022-08-01 09:14:35
1659345275967748000,29.2,5,28.9,2,29.2,63,1,2022-08-01 09:14:35
1659345275967771000,29.2,5,28.9,2,29.2,58,1,2022-08-01 09:14:35
1659345275970162000,29.2,40,28.9,2,29.2,18,1,2022-08-01 09:14:35
1659345275973534000,29.2,1,28.9,2,29.2,17,1,2022-08-01 09:14:35
1659345275981053000,29.2,1,28.9,2,29.2,16,1,2022-08-01 09:14:35
1659345276004783000,29.2,1,28.9,2,29.2,15,1,2022-08-01 09:14:36
1659345276007306000,29.2,1,28.9,2,29.2,14,1,2022-08-01 09:14:36
1659345276009087000,29.2,1,28.9,2,29.2,13,1,2022-08-01 09:14:36
1659345276022751000,28.9,2,28.85,2,29.2,13,2,2022-08-01 09:14:36
1659345276022751000,28.85,2,28.85,2,29.2,13,2,2022-08-01 09:14:36
1659345276027269000,29.2,12,28.85,2,29.2,1,1,2022-08-01 09:14:36
1659345276037493000,29.2,1,28.85,2,29.25,488,1,2022-08-01 09:14:36
1659345276253117000,28.9,1,28.9,3,29.15,1,2,2022-08-01 09:14:36
1659345276405785000,29.15,1,28.85,4,29.2,5,1,2022-08-01 09:14:36
1659345276558354000,28.95,5,28.85,4,29.2,5,2,2022-08-01 09:14:36
1659345276600862000,28.85,4,28.65,1,29.2,1,2,2022-08-01 09:14:36
1659345276600862000,28.8,26,28.65,1,29.2,1,2,2022-08-01 09:14:36
1659345276600862000,28.65,10,28.65,1,29.2,1,2,2022-08-01 09:14:36
1659345276800943000,29.2,5,28.85,4,29.25,488,1,2022-08-01 09:14:36
1659345276800943000,29.25,1,28.85,4,29.25,488,1,2022-08-01 09:14:36
1659345276840582000,29.15,5,28.85,4,29.25,487,1,2022-08-01 09:14:36
1659345276840582000,29.25,1,28.85,4,29.25,487,1,2022-08-01 09:14:36
1659345276840684000,29.25,6,28.85,4,29.25,481,1,2022-08-01 09:14:36
1659345276845450000,29.25,5,28.85,4,29.25,476,1,2022-08-01 09:14:36
1659345276845470000,29.25,5,28.85,4,29.25,471,1,2022-08-01 09:14:36
1659345276847670000,29.25,1,28.85,4,29.25,470,1,2022-08-01 09:14:36
1659345276852268000,29.25,1,28.85,4,29.25,469,1,2022-08-01 09:14:36
1659345276852292000,29.25,1,28.85,4,29.25,468,1,2022-08-01 09:14:36
1659345276872871000,29.25,1,28.85,4,29.25,467,1,2022-08-01 09:14:36
1659345276873183000,29.25,1,28.85,4,29.25,466,1,2022-08-01 09:14:36
1659345276876735000,29.25,1,28.85,4,29.25,465,1,2022-08-01 09:14:36
1659345276893819000,29.25,4,28.9,1,29.25,461,1,2022-08-01 09:14:36
1659345276911283000,28.9,1,28.85,4,29.25,461,2,2022-08-01 09:14:36
1659345276947114000,29.25,9,28.85,4,29.25,452,1,2022-08-01 09:14:36
1659345276956688000,28.85,3,28.85,1,29.2,1,2,2022-08-01 09:14:36
1659345277143805000,29.2,2,28.85,1,29.2,3,1,2022-08-01 09:14:37
1659345277170267000,29.2,2,28.65,5,29.2,3,1,2022-08-01 09:14:37
1659345277211894000,28.7,1,28.7,6,29.2,1,2,2022-08-01 09:14:37
1659345277277113000,29.1,2,28.75,10,29.25,447,1,2022-08-01 09:14:37
1659345277277113000,29.2,1,28.75,10,29.25,447,1,2022-08-01 09:14:37
1659345277277113000,29.25,5,28.75,10,29.25,447,1,2022-08-01 09:14:37
1659345277463320000,29.15,1,28.8,9,29.25,439,1,2022-08-01 09:14:37
1659345277463320000,29.25,8,28.8,9,29.25,439,1,2022-08-01 09:14:37
1659345277539706000,29.2,3,28.8,13,29.2,1,1,2022-08-01 09:14:37
1659345277698056000,29.15,4,28.85,4,29.15,1,1,2022-08-01 09:14:37
1659345277749917000,29.15,1,28.85,4,29.25,422,1,2022-08-01 09:14:37
1659345277749917000,29.25,17,28.85,4,29.25,422,1,2022-08-01 09:14:37
1659345277922050000,29.0,1,28.85,4,29.2,4,2,2022-08-01 09:14:37
1659345277963848000,29.2,2,29.0,3,29.2,2,1,2022-08-01 09:14:37
1659345277972701000,29.2,2,29.0,3,29.25,414,1,2022-08-01 09:14:37
1659345277972701000,29.25,8,29.0,3,29.25,414,1,2022-08-01 09:14:37
1659345277994044000,29.0,3,28.85,4,29.2,1,2,2022-08-01 09:14:37
1659345278122776000,29.2,5,28.85,5,29.25,414,1,2022-08-01 09:14:38
1659345278255677000,29.2,2,28.85,5,29.25,411,1,2022-08-01 09:14:38
1659345278255677000,29.25,3,28.85,5,29.25,411,1,2022-08-01 09:14:38
1659345278685941000,29.0,1,29.0,1,29.15,5,2,2022-08-01 09:14:38
1659345278808148000,29.15,2,28.95,1,29.15,3,1,2022-08-01 09:14:38
1659345278966024000,29.0,1,28.95,1,29.15,4,2,2022-08-01 09:14:38
1659345278984586000,28.95,1,28.9,15,29.15,4,2,2022-08-01 09:14:38
1659345279049794000,28.9,4,28.9,11,29.15,8,2,2022-08-01 09:14:39
1659345279088606000,28.9,1,28.9,6,29.15,8,2,2022-08-01 09:14:39
1659345279257464000,28.9,1,28.9,5,29.1,5,2,2022-08-01 09:14:39
1659345280126781000,29.0,2,29.0,2,29.1,16,2,2022-08-01 09:14:40
1659345280155712000,29.0,2,28.95,7,29.1,16,2,2022-08-01 09:14:40
1659345280576394000,28.95,2,28.95,5,29.1,23,2,2022-08-01 09:14:40
1659345280593104000,29.1,1,28.95,5,29.1,22,1,2022-08-01 09:14:40
1659345280610476000,28.95,5,28.9,3,29.1,22,2,2022-08-01 09:14:40
1659345280745872000,28.9,3,28.8,11,29.1,18,2,2022-08-01 09:14:40
1659345280745872000,28.85,3,28.8,11,29.1,18,2,2022-08-01 09:14:40
1659345280745872000,28.8,4,28.8,11,29.1,18,2,2022-08-01 09:14:40
1659345281426414000,29.0,2,28.8,5,29.05,1,1,2022-08-01 09:14:41
1659345281426414000,29.05,8,28.8,5,29.05,1,1,2022-08-01 09:14:41
1659345281474541000,29.05,3,28.85,5,29.1,16,1,2022-08-01 09:14:41
1659345281474541000,29.1,2,28.85,5,29.1,16,1,2022-08-01 09:14:41
1659345281619908000,29.0,2,28.85,5,29.1,14,1,2022-08-01 09:14:41
1659345281619908000,29.1,2,28.85,5,29.1,14,1,2022-08-01 09:14:41
1659345282076890000,28.9,1,28.9,1,29.0,5,2,2022-08-01 09:14:42
1659345282076890000,28.85,2,28.9,1,29.0,5,2,2022-08-01 09:14:42
1659345282497725000,28.9,1,28.85,4,29.0,5,1,2022-08-01 09:14:42
1659345282566044000,28.85,1,28.85,3,29.0,5,2,2022-08-01 09:14:42
1659345283088808000,29.0,1,28.85,2,29.0,16,1,2022-08-01 09:14:43
1659345283123256000,28.85,2,28.8,4,29.0,16,2,2022-08-01 09:14:43
1659345283184520000,29.0,5,28.8,4,29.0,20,1,2022-08-01 09:14:43
1659345283732771000,28.85,1,28.8,4,29.0,12,1,2022-08-01 09:14:43
1659345283807793000,29.0,5,28.8,4,29.0,7,1,2022-08-01 09:14:43
1659345284855057000,28.95,1,28.8,4,28.95,2,1,2022-08-01 09:14:44
1659345286504428000,28.85,1,28.8,4,28.9,5,1,2022-08-01 09:14:46
1659345286671610000,28.8,4,28.75,10,28.9,5,2,2022-08-01 09:14:46
1659345286711456000,28.8,1,28.8,1,28.9,5,2,2022-08-01 09:14:46
1659345286764208000,28.9,2,28.75,10,28.9,3,1,2022-08-01 09:14:46
1659345286865443000,28.9,3,28.75,10,28.95,1,1,2022-08-01 09:14:46
1659345286865443000,28.95,1,28.75,10,28.95,1,1,2022-08-01 09:14:46
1659345287065693000,28.95,1,28.75,10,29.0,15,1,2022-08-01 09:14:47
1659345287390819000,29.0,3,28.8,4,29.0,8,1,2022-08-01 09:14:47
1659345287693404000,28.95,1,28.8,4,28.95,4,1,2022-08-01 09:14:47
1659345288236443000,28.95,1,28.8,2,28.95,6,1,2022-08-01 09:14:48
1659345288736713000,28.8,1,28.8,2,28.95,8,2,2022-08-01 09:14:48
1659345288919755000,28.95,1,28.8,3,28.95,7,1,2022-08-01 09:14:48
1659345289380082000,28.8,2,28.8,1,28.95,9,2,2022-08-01 09:14:49
1659345289924560000,28.85,1,28.8,1,28.9,1,2,2022-08-01 09:14:49
1659345290020694000,28.9,1,28.85,1,28.9,1,1,2022-08-01 09:14:50
1659345290020694000,28.95,2,28.85,1,28.9,1,1,2022-08-01 09:14:50
1659345290938824000,28.9,1,28.8,1,28.9,3,1,2022-08-01 09:14:50
1659345291211298000,28.9,1,28.8,2,28.9,2,1,2022-08-01 09:14:51
1659345291224780000,28.9,1,28.8,2,28.9,3,1,2022-08-01 09:14:51
1659345291347775000,28.9,1,28.8,2,28.95,11,1,2022-08-01 09:14:51
1659345291870614000,28.95,4,28.85,1,28.95,7,1,2022-08-01 09:14:51
1659345293123241000,28.85,1,28.8,10,28.95,7,2,2022-08-01 09:14:53
1659345293123241000,28.8,1,28.8,10,28.95,7,2,2022-08-01 09:14:53
1659345293231707000,28.9,1,28.8,10,28.9,1,1,2022-08-01 09:14:53
1659345294882815000,28.95,1,28.85,10,28.95,7,1,2022-08-01 09:14:54
1659345295511279000,28.9,1,28.85,10,28.9,1,1,2022-08-01 09:14:55
1659345295511279000,28.95,3,28.85,10,28.9,1,1,2022-08-01 09:14:55
1659345296673509000,28.95,1,28.85,13,28.95,4,1,2022-08-01 09:14:56
1659345297104828000,28.95,1,28.85,13,28.95,5,1,2022-08-01 09:14:57
1659345298727667000,28.9,1,28.85,13,28.9,2,1,2022-08-01 09:14:58
1659345299056060000,28.9,1,28.9,2,28.95,10,1,2022-08-01 09:14:59
1659345299077605000,28.9,1,28.9,1,28.95,10,2,2022-08-01 09:14:59
1659345299112080000,28.9,1,28.85,13,28.9,1,2,2022-08-01 09:14:59
1659345299305967000,28.95,1,28.85,13,28.95,9,1,2022-08-01 09:14:59
1659345299686225000,28.95,4,28.9,1,28.95,9,1,2022-08-01 09:14:59
1659345300295202000,28.9,1,28.9,1,28.95,5,2,2022-08-01 09:15:00
1659345304047123000,28.95,1,28.9,8,28.95,6,1,2022-08-01 09:15:04
1659345304128722000,28.9,1,28.9,7,28.95,6,2,2022-08-01 09:15:04
1659345304477847000,28.95,6,28.95,8,29.0,20,1,2022-08-01 09:15:04
1659345304905425000,28.95,1,28.95,7,29.0,20,2,2022-08-01 09:15:04
1659345305059569000,28.95,7,28.95,7,29.0,21,2,2022-08-01 09:15:05
1659345305059569000,28.9,3,28.95,7,29.0,21,2,2022-08-01 09:15:05
1659345305278772000,29.0,10,28.9,8,29.0,11,1,2022-08-01 09:15:05
1659345307434555000,29.0,1,28.95,3,29.0,9,1,2022-08-01 09:15:07
1659345308597059000,29.0,1,28.95,4,29.0,9,1,2022-08-01 09:15:08
1659345309998332000,29.0,2,28.95,4,29.0,7,1,2022-08-01 09:15:09
1659345310086496000,28.95,1,28.95,3,29.0,7,2,2022-08-01 09:15:10
1659345314133130000,28.95,1,28.95,8,29.0,9,2,2022-08-01 09:15:14
1659345314998170000,28.95,1,28.95,12,29.0,12,2,2022-08-01 09:15:14
1659345315524313000,29.0,1,28.95,12,29.0,12,1,2022-08-01 09:15:15
1659345316203653000,29.0,1,28.95,12,29.0,11,1,2022-08-01 09:15:16
1659345317541394000,29.0,10,29.0,20,29.05,20,1,2022-08-01 09:15:17
1659345317555826000,29.0,1,29.0,19,29.05,20,2,2022-08-01 09:15:17
1659345317570177000,29.0,4,28.95,12,29.0,10,2,2022-08-01 09:15:17
1659345318272893000,29.0,1,29.0,15,29.05,20,2,2022-08-01 09:15:18
1659345318322754000,29.0,5,29.0,9,29.05,20,2,2022-08-01 09:15:18
1659345318566755000,29.0,3,29.0,6,29.05,20,2,2022-08-01 09:15:18
1659345319951636000,29.0,1,29.0,6,29.05,20,2,2022-08-01 09:15:19
1659345320091220000,29.0,11,28.95,9,29.05,20,2,2022-08-01 09:15:20
1659345320091220000,28.95,4,28.95,9,29.05,20,2,2022-08-01 09:15:20
1659345320099885000,29.05,20,28.95,9,29.25,454,1,2022-08-01 09:15:20
1659345320099885000,29.1,13,28.95,9,29.25,454,1,2022-08-01 09:15:20
1659345320099885000,29.15,16,28.95,9,29.25,454,1,2022-08-01 09:15:20
1659345320099885000,29.2,84,28.95,9,29.25,454,1,2022-08-01 09:15:20
1659345320099885000,29.25,67,28.95,9,29.25,454,1,2022-08-01 09:15:20
1659345320144185000,29.0,1,28.95,10,29.0,9,2,2022-08-01 09:15:20
1659345320187729000,28.95,1,29.0,1,29.25,454,2,2022-08-01 09:15:20
1659345320504333000,28.95,5,28.95,4,29.0,9,2,2022-08-01 09:15:20
1659345320737594000,29.0,1,28.95,4,29.0,8,1,2022-08-01 09:15:20
1659345321066911000,29.0,2,28.95,4,29.0,6,1,2022-08-01 09:15:21
1659345321219475000,29.0,2,28.95,4,29.0,4,1,2022-08-01 09:15:21
1659345321224404000,29.0,1,28.95,4,29.0,3,1,2022-08-01 09:15:21
1659345321351441000,29.0,2,28.95,3,29.0,1,1,2022-08-01 09:15:21
