ts,close,volume,bid_price,bid_volume,ask_price,ask_volume,tick_type,datetime
1659344404151166000,24.6,455,24.6,13,24.65,4,1,2022-08-01 09:00:04
1659344404186810000,24.6,13,24.55,7,24.65,4,2,2022-08-01 09:00:04
1659344404191645000,24.55,3,24.55,4,24.65,4,2,2022-08-01 09:00:04
1659344404203666000,24.55,4,24.5,46,24.65,4,2,2022-08-01 09:00:04
1659344404203666000,24.5,1,24.5,46,24.65,4,2,2022-08-01 09:00:04
1659344404205445000,24.5,5,24.5,41,24.65,4,2,2022-08-01 09:00:04
1659344404231140000,24.65,1,24.5,41,24.65,3,1,2022-08-01 09:00:04
1659344404246513000,24.5,13,24.5,28,24.65,3,2,2022-08-01 09:00:04
1659344404246623000,24.5,1,24.5,27,24.65,3,2,2022-08-01 09:00:04
1659344404269341000,24.5,27,24.45,20,24.6,1,2,2022-08-01 09:00:04
1659344404334974000,24.6,1,24.45,20,24.7,37,1,2022-08-01 09:00:04
1659344404334974000,24.65,3,24.45,20,24.7,37,1,2022-08-01 09:00:04
1659344404334974000,24.7,1,24.45,20,24.7,37,1,2022-08-01 09:00:04
1659344405335034000,24.5,1,24.45,20,24.5,39,2,2022-08-01 09:00:05
1659344405360785000,24.45,4,24.45,16,24.5,39,2,2022-08-01 09:00:05
1659344405362557000,24.45,7,24.45,9,24.5,39,2,2022-08-01 09:00:05
1659344405380028000,24.45,1,24.45,8,24.5,39,2,2022-08-01 09:00:05
1659344405383302000,24.45,5,24.45,3,24.5,39,2,2022-08-01 09:00:05
1659344405383400000,24.45,3,24.45,3,24.5,39,2,2022-08-01 09:00:05
1659344405734315000,24.5,5,24.4,10,24.5,34,1,2022-08-01 09:00:05
1659344405827347000,24.5,1,24.4,10,24.5,33,1,2022-08-01 09:00:05
1659344405989239000,24.5,1,24.4,10,24.5,32,1,2022-08-01 09:00:05
1659344407781770000,24.5,5,24.4,10,24.5,27,1,2022-08-01 09:00:07
1659344409924196000,24.5,5,24.4,10,24.5,22,1,2022-08-01 09:00:09
1659344409954719000,24.5,14,24.4,10,24.5,8,1,2022-08-01 09:00:09
1659344409985346000,24.5,8,24.4,10,24.55,1,1,2022-08-01 09:00:09
1659344410291852000,24.4,4,24.4,6,24.55,1,2,2022-08-01 09:00:10
1659344411545956000,24.55,1,24.4,6,24.7,38,1,2022-08-01 09:00:11
1659344411545956000,24.6,2,24.4,6,24.7,38,1,2022-08-01 09:00:11
1659344411545956000,24.7,2,24.4,6,24.7,38,1,2022-08-01 09:00:11
1659344412087907000,24.5,1,24.4,6,24.7,35,2,2022-08-01 09:00:12
1659344412774351000,24.5,3,24.5,2,24.7,35,2,2022-08-01 09:00:12
1659344412955069000,24.5,2,24.4,6,24.55,16,2,2022-08-01 09:00:12
1659344413056948000,24.55,5,24.4,6,24.55,16,1,2022-08-01 09:00:13
1659344413642479000,24.4,4,24.4,2,24.55,11,2,2022-08-01 09:00:13
1659344414372842000,24.4,1,24.4,2,24.55,11,2,2022-08-01 09:00:14
1659344414457744000,24.5,1,24.4,2,24.55,11,2,2022-08-01 09:00:14
1659344414814807000,24.5,5,24.4,3,24.55,11,1,2022-08-01 09:00:14
1659344415965846000,24.5,1,24.5,1,24.55,11,2,2022-08-01 09:00:15
1659344416212638000,24.55,1,24.4,3,24.55,10,1,2022-08-01 09:00:16
1659344416335469000,24.4,1,24.4,3,24.55,10,2,2022-08-01 09:00:16
1659344416382438000,24.4,3,24.3,13,24.4,12,2,2022-08-01 09:00:16
1659344416390200000,24.4,1,24.3,13,24.4,11,1,2022-08-01 09:00:16
1659344416413687000,24.4,11,24.3,13,24.55,10,1,2022-08-01 09:00:16
1659344416444512000,24.35,1,24.3,13,24.35,4,1,2022-08-01 09:00:16
1659344416444657000,24.35,3,24.3,13,24.35,1,1,2022-08-01 09:00:16
1659344416444673000,24.35,1,24.3,13,24.55,10,1,2022-08-01 09:00:16
1659344416989980000,24.5,1,24.3,13,24.55,20,1,2022-08-01 09:00:16
1659344417475876000,24.5,2,24.4,1,24.55,20,2,2022-08-01 09:00:17
1659344417600148000,24.55,1,24.4,2,24.55,19,1,2022-08-01 09:00:17
1659344417669344000,24.55,1,24.4,2,24.55,18,1,2022-08-01 09:00:17
1659344417796337000,24.4,1,24.4,2,24.55,18,2,2022-08-01 09:00:17
1659344418153386000,24.55,2,24.4,2,24.55,16,1,2022-08-01 09:00:18
1659344418718063000,24.4,2,24.3,13,24.4,3,2,2022-08-01 09:00:18
1659344418746391000,24.4,3,24.3,13,24.5,5,1,2022-08-01 09:00:18
1659344418968435000,24.35,3,24.3,13,24.5,5,2,2022-08-01 09:00:18
1659344419178412000,24.45,1,24.3,13,24.45,7,1,2022-08-01 09:00:19
1659344420810597000,24.45,1,24.35,1,24.45,6,1,2022-08-01 09:00:20
1659344422143941000,24.4,1,24.35,3,24.4,2,2,2022-08-01 09:00:22
1659344422163796000,24.4,2,24.35,3,24.45,1,1,2022-08-01 09:00:22
1659344423789130000,24.45,1,24.5,12,24.55,17,1,2022-08-01 09:00:23
1659344423789130000,24.5,7,24.5,12,24.55,17,1,2022-08-01 09:00:23
1659344423814563000,24.5,3,24.5,9,24.55,17,2,2022-08-01 09:00:23
1659344423835490000,24.5,9,24.4,1,24.55,17,2,2022-08-01 09:00:23
1659344423864422000,24.4,1,24.35,3,24.55,17,2,2022-08-01 09:00:23
1659344423962367000,24.35,2,24.4,1,24.55,17,2,2022-08-01 09:00:23
1659344424334015000,24.55,1,24.4,4,24.55,17,1,2022-08-01 09:00:24
1659344425184704000,24.4,4,24.3,12,24.45,1,2,2022-08-01 09:00:25
1659344425184704000,24.35,1,24.3,12,24.45,1,2,2022-08-01 09:00:25
1659344425184704000,24.3,1,24.3,12,24.45,1,2,2022-08-01 09:00:25
1659344426765668000,24.4,2,24.35,1,24.45,1,1,2022-08-01 09:00:26
1659344426765668000,24.45,1,24.35,1,24.45,1,1,2022-08-01 09:00:26
1659344427833067000,24.45,1,24.4,3,24.55,17,1,2022-08-01 09:00:27
1659344429088796000,24.4,2,24.4,3,24.55,17,2,2022-08-01 09:00:29
1659344429213200000,24.4,1,24.35,6,24.55,17,2,2022-08-01 09:00:29
1659344429423053000,24.5,6,24.35,6,24.55,13,1,2022-08-01 09:00:29
1659344429423053000,24.55,4,24.35,6,24.55,13,1,2022-08-01 09:00:29
1659344430278094000,24.4,1,24.4,4,24.5,2,2,2022-08-01 09:00:30
1659344431240369000,24.5,5,24.4,4,24.5,2,1,2022-08-01 09:00:31
1659344433214749000,24.45,4,24.4,8,24.45,1,1,2022-08-01 09:00:33
1659344433251272000,24.45,1,24.4,8,24.5,40,1,2022-08-01 09:00:33
1659344433409115000,24.5,4,24.4,8,24.5,40,1,2022-08-01 09:00:33
1659344433799299000,24.4,1,24.4,8,24.45,5,2,2022-08-01 09:00:33
1659344433967990000,24.45,1,24.4,8,24.45,4,1,2022-08-01 09:00:33
1659344434036346000,24.45,1,24.4,8,24.45,5,1,2022-08-01 09:00:34
1659344434138472000,24.4,2,24.4,6,24.45,3,2,2022-08-01 09:00:34
1659344434328301000,24.45,1,24.4,6,24.45,2,1,2022-08-01 09:00:34
1659344434331197000,24.4,1,24.4,5,24.45,2,2,2022-08-01 09:00:34
1659344434380711000,24.4,4,24.4,1,24.45,2,2,2022-08-01 09:00:34
1659344434387779000,24.45,2,24.4,1,24.5,29,1,2022-08-01 09:00:34
1659344434387779000,24.5,3,24.4,1,24.5,29,1,2022-08-01 09:00:34
1659344435823509000,24.45,1,24.4,5,24.5,25,1,2022-08-01 09:00:35
1659344435823509000,24.5,4,24.4,5,24.5,25,1,2022-08-01 09:00:35
1659344435942413000,24.5,5,24.4,5,24.5,20,1,2022-08-01 09:00:35
1659344436913039000,24.45,3,24.4,6,24.45,10,1,2022-08-01 09:00:36
1659344437838013000,24.45,5,24.4,7,24.45,3,1,2022-08-01 09:00:37
1659344438137971000,24.45,1,24.4,7,24.45,2,1,2022-08-01 09:00:38
1659344438822408000,24.45,1,24.4,7,24.45,1,1,2022-08-01 09:00:38
1659344439206694000,24.45,1,24.4,7,24.5,20,1,2022-08-01 09:00:39
1659344439247601000,24.45,1,24.45,1,24.5,20,2,2022-08-01 09:00:39
1659344439247604000,24.45,1,24.4,7,24.5,20,2,2022-08-01 09:00:39
1659344440052437000,24.4,1,24.4,7,24.5,20,2,2022-08-01 09:00:40
1659344440188071000,24.5,1,24.4,7,24.5,19,1,2022-08-01 09:00:40
1659344440291163000,24.5,19,24.4,7,24.55,18,1,2022-08-01 09:00:40
1659344440291163000,24.55,1,24.4,7,24.55,18,1,2022-08-01 09:00:40
1659344440375667000,24.5,1,24.5,6,24.55,18,2,2022-08-01 09:00:40
1659344441081208000,24.55,10,24.5,6,24.55,8,1,2022-08-01 09:00:41
1659344441114944000,24.55,8,24.5,7,24.6,18,1,2022-08-01 09:00:41
1659344441588334000,24.5,1,24.5,6,24.6,18,2,2022-08-01 09:00:41
1659344442642961000,24.5,1,24.5,5,24.6,18,2,2022-08-01 09:00:42
1659344442992980000,24.5,5,24.45,1,24.5,5,2,2022-08-01 09:00:42
1659344443237047000,24.5,5,24.5,15,24.6,18,1,2022-08-01 09:00:43
1659344443491302000,24.6,1,24.5,15,24.6,18,1,2022-08-01 09:00:43
1659344444120224000,24.55,3,24.55,1,24.6,17,2,2022-08-01 09:00:44
1659344444151525000,24.55,1,24.5,15,24.6,17,2,2022-08-01 09:00:44
1659344445961962000,24.6,4,24.5,18,24.6,12,1,2022-08-01 09:00:45
1659344446614157000,24.55,2,24.55,1,24.6,42,2,2022-08-01 09:00:46
1659344447573023000,24.55,3,24.55,3,24.6,42,2,2022-08-01 09:00:47
1659344447573023000,24.5,5,24.55,3,24.6,42,2,2022-08-01 09:00:47
1659344448015671000,24.6,10,24.5,17,24.6,42,1,2022-08-01 09:00:48
1659344448168228000,24.6,1,24.5,17,24.6,31,1,2022-08-01 09:00:48
1659344448414601000,24.5,9,24.5,16,24.55,4,2,2022-08-01 09:00:48
1659344448505879000,24.5,3,24.5,21,24.55,4,2,2022-08-01 09:00:48
1659344448726424000,24.55,1,24.5,18,24.55,3,1,2022-08-01 09:00:48
1659344448747388000,24.55,1,24.5,18,24.55,2,1,2022-08-01 09:00:48
1659344449285591000,24.5,3,24.5,15,24.55,12,2,2022-08-01 09:00:49
1659344449416048000,24.5,10,24.5,5,24.55,12,2,2022-08-01 09:00:49
1659344449445898000,24.5,5,24.45,27,24.55,12,2,2022-08-01 09:00:49
1659344450093711000,24.45,27,24.4,17,24.5,33,2,2022-08-01 09:00:50
1659344450124383000,24.4,17,24.35,13,24.5,36,2,2022-08-01 09:00:50
1659344450376562000,24.5,2,24.35,13,24.5,34,1,2022-08-01 09:00:50
1659344450419800000,24.5,1,24.4,17,24.5,36,1,2022-08-01 09:00:50
1659344451036764000,24.45,1,24.4,1,24.45,21,1,2022-08-01 09:00:51
1659344451470699000,24.4,1,24.35,13,24.45,36,2,2022-08-01 09:00:51
1659344451645199000,24.35,13,24.3,18,24.4,2,2,2022-08-01 09:00:51
1659344451943617000,24.4,2,24.3,18,24.45,44,1,2022-08-01 09:00:51
1659344451943617000,24.45,4,24.3,18,24.45,44,1,2022-08-01 09:00:51
1659344452049139000,24.45,1,24.3,18,24.45,43,1,2022-08-01 09:00:52
1659344452748258000,24.4,4,24.3,18,24.4,6,1,2022-08-01 09:00:52
1659344452886855000,24.3,1,24.3,18,24.4,6,2,2022-08-01 09:00:52
1659344453099505000,24.4,1,24.3,17,24.4,5,1,2022-08-01 09:00:53
1659344453850474000,24.3,2,24.3,15,24.4,6,2,2022-08-01 09:00:53
1659344454766500000,24.4,1,24.3,17,24.4,9,1,2022-08-01 09:00:54
1659344454924493000,24.4,2,24.3,17,24.4,7,1,2022-08-01 09:00:54
1659344455303179000,24.35,1,24.3,17,24.4,7,1,2022-08-01 09:00:55
1659344455349424000,24.3,2,24.3,15,24.4,7,2,2022-08-01 09:00:55
1659344455384997000,24.3,15,24.25,2,24.4,7,2,2022-08-01 09:00:55
1659344455587891000,24.25,2,24.2,24,24.4,7,2,2022-08-01 09:00:55
1659344455587891000,24.2,2,24.2,24,24.4,7,2,2022-08-01 09:00:55
1659344455647811000,24.35,1,24.2,24,24.35,5,1,2022-08-01 09:00:55
1659344456030571000,24.3,1,24.3,1,24.4,26,2,2022-08-01 09:00:56
1659344456136349000,24.3,1,24.25,1,24.4,26,2,2022-08-01 09:00:56
1659344456546296000,24.3,1,24.25,1,24.4,25,1,2022-08-01 09:00:56
1659344456546296000,24.4,1,24.25,1,24.4,25,1,2022-08-01 09:00:56
1659344457453946000,24.3,1,24.25,5,24.35,10,1,2022-08-01 09:00:57
1659344457576632000,24.35,1,24.25,5,24.35,9,1,2022-08-01 09:00:57
1659344457663773000,24.25,5,24.2,19,24.35,9,2,2022-08-01 09:00:57
1659344457663773000,24.2,5,24.2,19,24.35,9,2,2022-08-01 09:00:57
1659344457998596000,24.35,1,24.2,19,24.35,9,1,2022-08-01 09:00:57
1659344459038175000,24.25,1,24.2,19,24.35,9,1,2022-08-01 09:00:59
1659344459150801000,24.25,2,24.2,19,24.35,9,1,2022-08-01 09:00:59
1659344459819792000,24.25,1,24.2,19,24.35,9,1,2022-08-01 09:00:59
1659344460102918000,24.35,1,24.2,19,24.35,8,1,2022-08-01 09:01:00
1659344460503954000,24.25,1,24.25,5,24.35,8,2,2022-08-01 09:01:00
1659344460524856000,24.25,5,24.25,6,24.35,8,2,2022-08-01 09:01:00
1659344461061778000,24.2,6,24.2,20,24.35,8,2,2022-08-01 09:01:01
1659344461735787000,24.25,1,24.2,14,24.35,9,2,2022-08-01 09:01:01
1659344462064627000,24.2,3,24.2,11,24.35,9,2,2022-08-01 09:01:02
1659344463286228000,24.3,1,24.25,1,24.35,8,1,2022-08-01 09:01:03
1659344463286228000,24.35,2,24.25,1,24.35,8,1,2022-08-01 09:01:03
1659344465074328000,24.25,1,24.25,14,24.3,6,2,2022-08-01 09:01:05
1659344466011299000,24.3,1,24.25,18,24.3,5,1,2022-08-01 09:01:06
1659344466021592000,24.3,1,24.25,18,24.3,6,1,2022-08-01 09:01:06
1659344466140536000,24.3,3,24.25,18,24.3,1,1,2022-08-01 09:01:06
1659344466175138000,24.25,18,24.2,12,24.25,12,2,2022-08-01 09:01:06
1659344466325211000,24.25,1,24.2,12,24.25,11,1,2022-08-01 09:01:06
1659344467694353000,24.2,1,24.2,11,24.25,16,2,2022-08-01 09:01:07
1659344468361726000,24.2,11,24.15,6,24.2,1,2,2022-08-01 09:01:08
1659344468906747000,24.25,1,24.15,6,24.25,11,1,2022-08-01 09:01:08
1659344469340142000,24.25,5,24.15,6,24.25,5,1,2022-08-01 09:01:09
1659344469378983000,24.25,1,24.15,7,24.25,5,1,2022-08-01 09:01:09
1659344470129644000,24.15,5,24.15,2,24.2,1,2,2022-08-01 09:01:10
1659344470134576000,24.2,1,24.15,2,24.25,4,1,2022-08-01 09:01:10
1659344470139858000,24.2,1,24.15,2,24.2,19,1,2022-08-01 09:01:10
1659344470372409000,24.2,2,24.15,2,24.2,17,1,2022-08-01 09:01:10
1659344470448732000,24.15,1,24.1,11,24.2,17,2,2022-08-01 09:01:10
1659344470448732000,24.1,2,24.1,11,24.2,17,2,2022-08-01 09:01:10
1659344470552557000,24.1,2,24.15,1,24.2,17,2,2022-08-01 09:01:10
1659344471155331000,24.1,1,24.1,8,24.2,17,2,2022-08-01 09:01:11
1659344471432842000,24.15,1,24.1,8,24.15,8,1,2022-08-01 09:01:11
1659344472121655000,24.15,2,24.1,8,24.15,15,1,2022-08-01 09:01:12
1659344472360067000,24.1,2,24.1,6,24.15,16,2,2022-08-01 09:01:12
1659344472519118000,24.15,1,24.1,8,24.15,16,1,2022-08-01 09:01:12
1659344473184978000,24.15,3,24.1,6,24.15,12,1,2022-08-01 09:01:13
1659344474725522000,24.1,1,24.1,6,24.15,12,2,2022-08-01 09:01:14
1659344475538258000,24.1,1,24.1,8,24.15,13,2,2022-08-01 09:01:15
1659344476428339000,24.1,1,24.1,6,24.15,13,2,2022-08-01 09:01:16
1659344476782667000,24.15,1,24.1,6,24.15,12,1,2022-08-01 09:01:16
1659344478770285000,24.15,11,24.1,38,24.15,4,1,2022-08-01 09:01:18
1659344478770908000,24.15,4,24.1,38,24.2,18,1,2022-08-01 09:01:18
1659344479073238000,24.15,1,24.1,38,24.15,1,1,2022-08-01 09:01:19
1659344479556603000,24.15,1,24.15,5,24.2,18,2,2022-08-01 09:01:19
1659344483412756000,24.2,2,24.2,1,24.25,16,1,2022-08-01 09:01:23
1659344483477692000,24.2,1,24.2,1,24.25,16,2,2022-08-01 09:01:23
1659344483477692000,24.15,1,24.2,1,24.25,16,2,2022-08-01 09:01:23
1659344484302763000,24.2,1,24.2,8,24.25,16,2,2022-08-01 09:01:24
1659344485616670000,24.2,1,24.2,7,24.25,16,2,2022-08-01 09:01:25
1659344487691984000,24.2,1,24.2,9,24.25,16,2,2022-08-01 09:01:27
1659344487921350000,24.2,1,24.2,8,24.25,16,2,2022-08-01 09:01:27
1659344488386254000,24.2,6,24.2,2,24.25,10,2,2022-08-01 09:01:28
1659344489232257000,24.2,1,24.2,1,24.25,10,2,2022-08-01 09:01:29
1659344489271442000,24.2,1,24.15,16,24.25,10,2,2022-08-01 09:01:29
1659344489316410000,24.15,3,24.15,13,24.25,10,2,2022-08-01 09:01:29
1659344491141986000,24.2,1,24.2,1,24.25,10,2,2022-08-01 09:01:31
1659344491829510000,24.25,1,24.2,1,24.25,9,1,2022-08-01 09:01:31
1659344492194716000,24.2,1,24.15,14,24.25,9,2,2022-08-01 09:01:32
1659344495557842000,24.2,2,24.15,15,24.2,11,1,2022-08-01 09:01:35
1659344496284749000,24.2,1,24.15,17,24.2,16,1,2022-08-01 09:01:36
1659344496650280000,24.2,8,24.15,17,24.2,7,1,2022-08-01 09:01:36
1659344496680347000,24.2,7,24.15,17,24.25,10,1,2022-08-01 09:01:36
1659344497753424000,24.25,1,24.2,2,24.25,9,1,2022-08-01 09:01:37
1659344497848225000,24.2,1,24.2,1,24.25,9,2,2022-08-01 09:01:37
1659344497910852000,24.2,1,24.15,18,24.25,9,2,2022-08-01 09:01:37
1659344498940803000,24.25,1,24.2,7,24.25,9,1,2022-08-01 09:01:38
1659344499284279000,24.2,1,24.2,6,24.25,9,2,2022-08-01 09:01:39
1659344499332828000,24.2,3,24.2,3,24.25,9,2,2022-08-01 09:01:39
1659344500047456000,24.2,2,24.2,4,24.25,9,2,2022-08-01 09:01:40
1659344500526537000,24.2,5,24.2,1,24.25,9,2,2022-08-01 09:01:40
1659344500562466000,24.25,1,24.2,6,24.25,9,1,2022-08-01 09:01:40
1659344501720869000,24.2,1,24.2,6,24.25,9,2,2022-08-01 09:01:41
1659344502497884000,24.2,1,24.2,6,24.25,9,2,2022-08-01 09:01:42
1659344502525432000,24.2,1,24.2,7,24.25,9,2,2022-08-01 09:01:42
1659344503222071000,24.25,1,24.2,6,24.25,7,1,2022-08-01 09:01:43
1659344504328724000,24.2,4,24.2,3,24.25,7,2,2022-08-01 09:01:44
1659344504557236000,24.2,1,24.2,4,24.25,7,2,2022-08-01 09:01:44
1659344505723733000,24.25,4,24.2,4,24.25,3,1,2022-08-01 09:01:45
1659344505857526000,24.25,3,24.25,7,24.3,4,1,2022-08-01 09:01:45
1659344506799617000,24.25,5,24.25,2,24.3,4,2,2022-08-01 09:01:46
1659344507580914000,24.25,3,24.2,2,24.3,4,2,2022-08-01 09:01:47
1659344507580914000,24.2,2,24.2,2,24.3,4,2,2022-08-01 09:01:47
1659344507707911000,24.2,2,24.2,2,24.3,5,2,2022-08-01 09:01:47
1659344509219601000,24.2,1,24.2,3,24.25,1,2,2022-08-01 09:01:49
1659344509264265000,24.2,1,24.2,2,24.25,1,2,2022-08-01 09:01:49
1659344510208976000,24.2,2,24.15,25,24.25,1,2,2022-08-01 09:01:50
1659344510208976000,24.15,8,24.15,25,24.25,1,2,2022-08-01 09:01:50
1659344510254480000,24.25,1,24.15,25,24.3,4,1,2022-08-01 09:01:50
1659344510254480000,24.3,4,24.15,25,24.3,4,1,2022-08-01 09:01:50
1659344510426224000,24.2,1,24.15,24,24.3,4,2,2022-08-01 09:01:50
1659344510426224000,24.15,1,24.15,24,24.3,4,2,2022-08-01 09:01:50
1659344511182139000,24.2,2,24.15,24,24.25,3,1,2022-08-01 09:01:51
1659344511482282000,24.25,5,24.25,5,24.35,13,1,2022-08-01 09:01:51
1659344511663605000,24.25,1,24.25,4,24.35,13,2,2022-08-01 09:01:51
1659344511957481000,24.25,1,24.25,6,24.35,13,2,2022-08-01 09:01:51
1659344516969704000,24.35,5,24.25,18,24.35,9,1,2022-08-01 09:01:56
1659344517049890000,24.25,3,24.25,18,24.35,8,2,2022-08-01 09:01:57
1659344520476129000,24.25,1,24.25,18,24.35,9,2,2022-08-01 09:02:00
1659344523308063000,24.35,3,24.3,1,24.35,6,1,2022-08-01 09:02:03
1659344525699304000,24.35,5,24.3,11,24.35,1,1,2022-08-01 09:02:05
1659344525717287000,24.35,1,24.3,11,24.4,20,1,2022-08-01 09:02:05
1659344525861551000,24.3,1,24.3,10,24.4,20,2,2022-08-01 09:02:05
1659344525879799000,24.4,3,24.3,11,24.4,20,1,2022-08-01 09:02:05
1659344526356507000,24.3,1,24.3,9,24.4,17,2,2022-08-01 09:02:06
1659344526563970000,24.4,2,24.3,9,24.4,15,1,2022-08-01 09:02:06
1659344527266099000,24.3,1,24.3,8,24.35,5,2,2022-08-01 09:02:07
1659344527271669000,24.35,1,24.3,8,24.35,4,1,2022-08-01 09:02:07
1659344530415520000,24.35,3,24.3,9,24.35,1,1,2022-08-01 09:02:10
1659344530590569000,24.35,1,24.3,9,24.4,15,1,2022-08-01 09:02:10
1659344531307937000,24.35,1,24.35,1,24.4,15,2,2022-08-01 09:02:11
1659344531853983000,24.35,1,24.3,27,24.4,15,2,2022-08-01 09:02:11
1659344531853983000,24.3,3,24.3,27,24.4,15,2,2022-08-01 09:02:11
1659344532758798000,24.35,3,24.3,26,24.4,15,2,2022-08-01 09:02:12
1659344532758798000,24.3,2,24.3,26,24.4,15,2,2022-08-01 09:02:12
1659344533182213000,24.4,1,24.3,26,24.4,14,1,2022-08-01 09:02:13
1659344536450652000,24.35,1,24.35,5,24.4,15,2,2022-08-01 09:02:16
1659344536474359000,24.35,5,24.3,28,24.4,15,2,2022-08-01 09:02:16
1659344536967551000,24.4,4,24.3,28,24.4,11,1,2022-08-01 09:02:16
1659344538081203000,24.4,5,24.35,10,24.4,11,1,2022-08-01 09:02:18
1659344538530054000,24.4,5,24.35,10,24.4,6,1,2022-08-01 09:02:18
1659344539100920000,24.35,10,24.3,18,24.4,6,2,2022-08-01 09:02:19
1659344539100920000,24.3,10,24.3,18,24.4,6,2,2022-08-01 09:02:19
1659344540010164000,24.35,2,24.35,2,24.4,6,2,2022-08-01 09:02:20
1659344540062261000,24.3,3,24.3,15,24.4,6,2,2022-08-01 09:02:20
1659344540585020000,24.35,1,24.3,15,24.4,6,1,2022-08-01 09:02:20
1659344541001907000,24.4,5,24.3,15,24.4,6,1,2022-08-01 09:02:21
1659344541191129000,24.4,1,24.4,4,24.45,20,1,2022-08-01 09:02:21
1659344541218488000,24.4,4,24.4,4,24.45,20,2,2022-08-01 09:02:21
1659344542113403000,24.3,1,24.3,14,24.45,20,2,2022-08-01 09:02:22
1659344542500356000,24.45,2,24.3,14,24.45,18,1,2022-08-01 09:02:22
1659344543144476000,24.35,3,24.3,64,24.35,2,1,2022-08-01 09:02:23
1659344543144509000,24.35,2,24.3,64,24.45,18,1,2022-08-01 09:02:23
1659344545995968000,24.4,2,24.35,3,24.4,8,1,2022-08-01 09:02:25
1659344547865057000,24.35,2,24.35,3,24.4,9,2,2022-08-01 09:02:27
1659344547900945000,24.4,1,24.35,3,24.4,8,1,2022-08-01 09:02:27
1659344548602467000,24.35,1,24.35,5,24.4,9,2,2022-08-01 09:02:28
1659344549097949000,24.4,9,24.35,4,24.45,8,1,2022-08-01 09:02:29
1659344549097949000,24.45,11,24.35,4,24.45,8,1,2022-08-01 09:02:29
1659344549975759000,24.4,1,24.4,1,24.45,9,2,2022-08-01 09:02:29
1659344550509719000,24.4,2,24.35,8,24.45,10,1,2022-08-01 09:02:30
1659344553403371000,24.4,5,24.4,6,24.45,11,2,2022-08-01 09:02:33
1659344554549103000,24.45,2,24.4,7,24.45,9,1,2022-08-01 09:02:34
1659344556812012000,24.4,1,24.4,9,24.45,8,2,2022-08-01 09:02:36
1659344556971926000,24.45,8,24.4,9,24.5,3,1,2022-08-01 09:02:36
1659344556971926000,24.5,12,24.4,9,24.5,3,1,2022-08-01 09:02:36
1659344560617662000,24.45,1,24.45,4,24.5,4,2,2022-08-01 09:02:40
1659344562498049000,24.5,5,24.5,5,24.55,25,1,2022-08-01 09:02:42
1659344563112578000,24.5,2,24.5,3,24.55,25,2,2022-08-01 09:02:43
1659344566063565000,24.5,3,24.5,3,24.55,24,2,2022-08-01 09:02:46
1659344566063887000,24.5,1,24.5,2,24.55,24,2,2022-08-01 09:02:46
1659344567853148000,24.55,1,24.5,8,24.55,23,1,2022-08-01 09:02:47
1659344568263226000,24.5,2,24.5,8,24.55,24,2,2022-08-01 09:02:48
1659344568577839000,24.5,6,24.45,23,24.5,3,2,2022-08-01 09:02:48
1659344568680951000,24.5,3,24.5,47,24.55,24,1,2022-08-01 09:02:48
1659344569474906000,24.55,10,24.5,47,24.55,14,1,2022-08-01 09:02:49
1659344569495680000,24.5,1,24.5,46,24.55,14,2,2022-08-01 09:02:49
1659344569679107000,24.5,1,24.5,45,24.55,14,2,2022-08-01 09:02:49
1659344569905372000,24.55,1,24.5,47,24.55,14,1,2022-08-01 09:02:49
1659344571465008000,24.55,1,24.5,47,24.55,12,1,2022-08-01 09:02:51
1659344571735850000,24.55,1,24.5,47,24.55,13,1,2022-08-01 09:02:51
1659344571917369000,24.55,10,24.5,48,24.55,3,1,2022-08-01 09:02:51
1659344572747083000,24.55,2,24.5,56,24.55,1,1,2022-08-01 09:02:52
1659344573094693000,24.5,1,24.5,55,24.55,1,2,2022-08-01 09:02:53
1659344574839466000,24.55,2,24.5,57,24.55,11,1,2022-08-01 09:02:54
1659344574933803000,24.55,1,24.5,57,24.55,10,1,2022-08-01 09:02:54
1659344575189165000,24.55,3,24.5,58,24.55,7,1,2022-08-01 09:02:55
1659344575280506000,24.55,1,24.5,58,24.55,6,1,2022-08-01 09:02:55
1659344575329115000,24.55,1,24.5,58,24.55,6,1,2022-08-01 09:02:55
1659344575831683000,24.55,1,24.5,69,24.55,5,1,2022-08-01 09:02:55
1659344576343828000,24.5,1,24.5,68,24.55,6,2,2022-08-01 09:02:56
1659344576361635000,24.55,2,24.5,68,24.55,4,1,2022-08-01 09:02:56
1659344576576570000,24.55,5,24.55,5,24.6,20,1,2022-08-01 09:02:56
1659344576997594000,24.55,1,24.55,12,24.6,20,2,2022-08-01 09:02:56
1659344577748881000,24.6,2,24.55,13,24.6,19,1,2022-08-01 09:02:57
1659344577889528000,24.55,1,24.55,18,24.6,19,2,2022-08-01 09:02:57
1659344578102069000,24.6,1,24.55,17,24.6,18,1,2022-08-01 09:02:58
1659344580236104000,24.6,1,24.55,25,24.6,17,1,2022-08-01 09:03:00
1659344580980768000,24.6,10,24.55,25,24.6,24,1,2022-08-01 09:03:00
1659344581486224000,24.6,2,24.55,25,24.6,12,1,2022-08-01 09:03:01
1659344581540028000,24.6,2,24.55,25,24.6,10,1,2022-08-01 09:03:01
1659344582053808000,24.6,11,24.6,39,24.65,19,1,2022-08-01 09:03:02
1659344583125450000,24.65,2,24.6,40,24.65,17,1,2022-08-01 09:03:03
1659344583660691000,24.65,1,24.6,41,24.65,16,1,2022-08-01 09:03:03
1659344583994593000,24.65,10,24.6,41,24.65,6,1,2022-08-01 09:03:03
1659344584026509000,24.65,6,24.6,41,24.65,16,1,2022-08-01 09:03:04
1659344584181360000,24.6,3,24.6,38,24.7,53,2,2022-08-01 09:03:04
1659344587378195000,24.65,1,24.65,1,24.7,58,2,2022-08-01 09:03:07
1659344588253552000,24.7,5,24.6,47,24.7,53,1,2022-08-01 09:03:08
1659344589545455000,24.65,1,24.6,52,24.65,2,1,2022-08-01 09:03:09
1659344589849255000,24.65,1,24.6,51,24.7,63,1,2022-08-01 09:03:09
1659344589900091000,24.7,1,24.6,51,24.7,62,1,2022-08-01 09:03:09
1659344590208497000,24.7,3,24.6,58,24.7,59,1,2022-08-01 09:03:10
1659344590277696000,24.7,5,24.65,2,24.7,54,1,2022-08-01 09:03:10
1659344590841723000,24.7,1,24.65,2,24.7,53,1,2022-08-01 09:03:10
1659344590852586000,24.65,1,24.65,1,24.7,53,2,2022-08-01 09:03:10
1659344591215397000,24.7,1,24.65,1,24.7,52,1,2022-08-01 09:03:11
1659344591736673000,24.65,2,24.65,4,24.7,52,2,2022-08-01 09:03:11
1659344592957018000,24.65,1,24.65,3,24.7,57,2,2022-08-01 09:03:12
1659344593015335000,24.65,1,24.65,2,24.7,57,2,2022-08-01 09:03:13
1659344593296569000,24.7,1,24.65,2,24.7,51,1,2022-08-01 09:03:13
1659344593600506000,24.7,10,24.65,2,24.7,40,1,2022-08-01 09:03:13
1659344593782047000,24.65,1,24.65,1,24.7,40,2,2022-08-01 09:03:13
1659344594020475000,24.7,4,24.65,1,24.7,36,1,2022-08-01 09:03:14
1659344594045170000,24.7,2,24.65,1,24.7,34,1,2022-08-01 09:03:14
1659344594287841000,24.7,30,24.65,1,24.7,4,1,2022-08-01 09:03:14
1659344594942636000,24.7,4,24.65,5,24.75,41,1,2022-08-01 09:03:14
1659344595420183000,24.75,5,24.65,5,24.75,36,1,2022-08-01 09:03:15
1659344595461483000,24.75,1,24.65,5,24.75,35,1,2022-08-01 09:03:15
1659344595461801000,24.75,4,24.65,5,24.75,31,1,2022-08-01 09:03:15
1659344595499113000,24.75,1,24.65,5,24.75,41,1,2022-08-01 09:03:15
1659344595689955000,24.75,2,24.65,5,24.75,28,1,2022-08-01 09:03:15
1659344596079629000,24.7,1,24.7,2,24.75,28,2,2022-08-01 09:03:16
1659344596156007000,24.7,2,24.65,6,24.75,28,2,2022-08-01 09:03:16
1659344596237509000,24.7,1,24.7,19,24.75,28,2,2022-08-01 09:03:16
1659344596241730000,24.75,2,24.7,19,24.75,26,1,2022-08-01 09:03:16
1659344596339278000,24.75,5,24.7,19,24.75,21,1,2022-08-01 09:03:16
1659344596882855000,24.75,2,24.7,20,24.75,21,1,2022-08-01 09:03:16
1659344597279543000,24.75,1,24.7,20,24.75,18,1,2022-08-01 09:03:17
1659344597390474000,24.75,5,24.7,21,24.75,13,1,2022-08-01 09:03:17
1659344597771197000,24.75,1,24.7,22,24.75,12,1,2022-08-01 09:03:17
1659344598153009000,24.75,2,24.7,22,24.75,10,1,2022-08-01 09:03:18
1659344598275194000,24.75,4,24.7,22,24.75,6,1,2022-08-01 09:03:18
1659344598358479000,24.75,5,24.7,22,24.75,1,1,2022-08-01 09:03:18
1659344598883299000,24.75,1,24.7,22,24.8,69,1,2022-08-01 09:03:18
1659344598954258000,24.8,7,24.7,22,24.8,62,1,2022-08-01 09:03:18
1659344599720418000,24.75,1,24.75,1,24.8,62,2,2022-08-01 09:03:19
1659344599849840000,24.8,1,24.75,2,24.8,62,1,2022-08-01 09:03:19
1659344600393912000,24.75,1,24.7,22,24.8,61,2,2022-08-01 09:03:20
1659344600841603000,24.7,2,24.7,20,24.75,14,2,2022-08-01 09:03:20
1659344601463074000,24.75,1,24.7,20,24.75,28,1,2022-08-01 09:03:21
1659344601484144000,24.7,3,24.7,17,24.75,28,2,2022-08-01 09:03:21
1659344601484161000,24.7,17,24.7,20,24.75,29,2,2022-08-01 09:03:21
1659344602099235000,24.75,3,24.65,22,24.75,25,1,2022-08-01 09:03:22
1659344602151928000,24.75,1,24.65,22,24.75,24,1,2022-08-01 09:03:22
1659344602190245000,24.75,1,24.65,22,24.75,23,1,2022-08-01 09:03:22
1659344602222660000,24.7,2,24.65,22,24.75,21,1,2022-08-01 09:03:22
1659344602222660000,24.75,2,24.65,22,24.75,21,1,2022-08-01 09:03:22
1659344602747593000,24.7,5,24.65,22,24.7,5,2,2022-08-01 09:03:22
1659344603095516000,24.7,2,24.65,22,24.7,3,1,2022-08-01 09:03:23
1659344603209294000,24.7,1,24.65,22,24.7,2,1,2022-08-01 09:03:23
1659344603268418000,24.7,1,24.65,22,24.7,1,1,2022-08-01 09:03:23
1659344603530239000,24.65,1,24.65,21,24.7,1,2,2022-08-01 09:03:23
1659344603595363000,24.7,1,24.65,21,24.75,19,1,2022-08-01 09:03:23
1659344603595363000,24.75,2,24.65,21,24.75,19,1,2022-08-01 09:03:23
1659344604480250000,24.7,1,24.65,21,24.7,5,1,2022-08-01 09:03:24
1659344604588703000,24.65,2,24.65,19,24.7,4,2,2022-08-01 09:03:24
1659344604663313000,24.7,3,24.65,19,24.7,1,1,2022-08-01 09:03:24
1659344605301509000,24.7,1,24.65,19,24.7,2,1,2022-08-01 09:03:25
1659344605422605000,24.7,1,24.65,19,24.7,5,1,2022-08-01 09:03:25
1659344605523388000,24.7,1,24.65,19,24.7,6,1,2022-08-01 09:03:25
1659344606188195000,24.7,1,24.65,19,24.7,12,1,2022-08-01 09:03:26
1659344606924165000,24.7,5,24.65,19,24.7,8,1,2022-08-01 09:03:26
1659344606958896000,24.65,5,24.65,14,24.7,8,2,2022-08-01 09:03:26
1659344607121780000,24.65,5,24.65,9,24.7,10,2,2022-08-01 09:03:27
1659344607125243000,24.65,1,24.65,8,24.7,10,2,2022-08-01 09:03:27
1659344607148603000,24.65,3,24.65,5,24.7,10,2,2022-08-01 09:03:27
1659344607148619000,24.65,2,24.65,3,24.7,10,2,2022-08-01 09:03:27
1659344607168706000,24.65,3,24.6,20,24.7,10,2,2022-08-01 09:03:27
1659344607248943000,24.7,10,24.6,20,24.7,30,1,2022-08-01 09:03:27
1659344607682030000,24.6,15,24.6,5,24.65,5,2,2022-08-01 09:03:27
1659344607698734000,24.6,5,24.55,15,24.65,5,2,2022-08-01 09:03:27
1659344608505429000,24.6,1,24.55,15,24.6,16,1,2022-08-01 09:03:28
1659344609149019000,24.6,1,24.55,15,24.6,16,1,2022-08-01 09:03:29
1659344609434653000,24.6,1,24.55,15,24.6,15,1,2022-08-01 09:03:29
1659344609516801000,24.55,4,24.55,15,24.6,15,2,2022-08-01 09:03:29
1659344609551992000,24.55,11,24.5,70,24.6,15,2,2022-08-01 09:03:29
1659344609950211000,24.55,10,24.5,70,24.55,11,1,2022-08-01 09:03:29
1659344610240766000,24.55,1,24.5,70,24.6,19,1,2022-08-01 09:03:30
1659344610383375000,24.5,1,24.5,69,24.55,4,2,2022-08-01 09:03:30
1659344610592562000,24.55,1,24.5,69,24.55,3,1,2022-08-01 09:03:30
1659344610918365000,24.55,2,24.5,69,24.55,3,1,2022-08-01 09:03:30
1659344611258618000,24.55,1,24.5,69,24.55,2,1,2022-08-01 09:03:31
1659344611606053000,24.5,5,24.5,64,24.55,6,2,2022-08-01 09:03:31
1659344611619533000,24.55,5,24.5,64,24.55,1,1,2022-08-01 09:03:31
1659344612198429000,24.55,1,24.5,64,24.55,5,1,2022-08-01 09:03:32
1659344612242173000,24.5,1,24.5,63,24.55,5,2,2022-08-01 09:03:32
1659344613174068000,24.55,1,24.5,63,24.55,8,1,2022-08-01 09:03:33
1659344613705836000,24.5,1,24.5,64,24.55,9,2,2022-08-01 09:03:33
1659344614007791000,24.5,1,24.5,64,24.55,9,2,2022-08-01 09:03:34
1659344615871818000,24.55,1,24.5,63,24.55,10,1,2022-08-01 09:03:35
1659344616061744000,24.55,2,24.5,63,24.55,8,1,2022-08-01 09:03:36
1659344616098924000,24.55,8,24.5,63,24.6,15,1,2022-08-01 09:03:36
1659344616098924000,24.6,2,24.5,63,24.6,15,1,2022-08-01 09:03:36
1659344616293588000,24.6,5,24.5,63,24.6,15,1,2022-08-01 09:03:36
1659344617449486000,24.55,1,24.5,63,24.55,11,1,2022-08-01 09:03:37
1659344618056658000,24.55,1,24.5,64,24.55,10,1,2022-08-01 09:03:38
1659344619926612000,24.55,2,24.5,65,24.55,18,1,2022-08-01 09:03:39
1659344619965971000,24.5,1,24.5,65,24.55,18,2,2022-08-01 09:03:39
1659344620340550000,24.5,1,24.5,66,24.55,18,2,2022-08-01 09:03:40
1659344620858716000,24.55,1,24.5,65,24.55,16,1,2022-08-01 09:03:40
1659344621229436000,24.55,1,24.5,65,24.55,15,1,2022-08-01 09:03:41
1659344621453851000,24.55,1,24.5,65,24.55,14,1,2022-08-01 09:03:41
1659344622316870000,24.5,1,24.5,64,24.55,14,2,2022-08-01 09:03:42
1659344622448915000,24.55,1,24.5,65,24.55,14,1,2022-08-01 09:03:42
1659344622617126000,24.5,1,24.5,63,24.55,13,2,2022-08-01 09:03:42
1659344623316503000,24.55,4,24.5,63,24.55,9,1,2022-08-01 09:03:43
1659344623877330000,24.55,2,24.5,63,24.55,7,1,2022-08-01 09:03:43
1659344623902345000,24.5,1,24.5,62,24.55,7,2,2022-08-01 09:03:43
1659344624579213000,24.55,7,24.55,3,24.6,39,1,2022-08-01 09:03:44
1659344625200257000,24.55,5,24.55,11,24.6,39,2,2022-08-01 09:03:45
1659344626958134000,24.55,2,24.55,16,24.6,44,2,2022-08-01 09:03:46
1659344626996459000,24.55,1,24.55,18,24.6,44,2,2022-08-01 09:03:46
1659344628330352000,24.55,1,24.55,23,24.6,45,2,2022-08-01 09:03:48
1659344628627911000,24.6,45,24.55,22,24.65,21,1,2022-08-01 09:03:48
1659344628627911000,24.65,15,24.55,22,24.65,21,1,2022-08-01 09:03:48
1659344629220576000,24.55,2,24.55,20,24.65,21,2,2022-08-01 09:03:49
1659344629728519000,24.55,10,24.55,12,24.65,21,2,2022-08-01 09:03:49
1659344636078398000,24.55,10,24.55,9,24.6,10,2,2022-08-01 09:03:56
1659344636113415000,24.55,1,24.55,8,24.6,10,2,2022-08-01 09:03:56
1659344636139575000,24.55,8,24.5,94,24.6,10,2,2022-08-01 09:03:56
1659344637325138000,24.55,1,24.55,4,24.6,15,2,2022-08-01 09:03:57
1659344637327450000,24.55,1,24.55,3,24.6,15,2,2022-08-01 09:03:57
1659344637329921000,24.55,1,24.55,2,24.6,15,2,2022-08-01 09:03:57
1659344637336538000,24.55,1,24.55,1,24.6,15,2,2022-08-01 09:03:57
1659344637338698000,24.55,1,24.5,94,24.6,15,2,2022-08-01 09:03:57
1659344638492668000,24.55,1,24.5,94,24.55,36,1,2022-08-01 09:03:58
1659344638816105000,24.55,1,24.5,94,24.55,35,1,2022-08-01 09:03:58
1659344639736278000,24.5,1,24.5,93,24.55,35,2,2022-08-01 09:03:59
1659344639781012000,24.5,1,24.5,92,24.55,35,2,2022-08-01 09:03:59
1659344639967374000,24.5,1,24.5,94,24.55,35,2,2022-08-01 09:03:59
1659344640056419000,24.5,10,24.5,81,24.55,35,2,2022-08-01 09:04:00
1659344640073166000,24.55,10,24.5,81,24.55,25,1,2022-08-01 09:04:00
1659344640093125000,24.5,18,24.5,63,24.55,25,2,2022-08-01 09:04:00
1659344640126551000,24.5,1,24.5,62,24.55,25,2,2022-08-01 09:04:00
1659344640395721000,24.5,3,24.5,59,24.55,25,2,2022-08-01 09:04:00
1659344640433449000,24.5,47,24.5,12,24.55,25,2,2022-08-01 09:04:00
1659344640463401000,24.5,10,24.5,2,24.55,25,2,2022-08-01 09:04:00
1659344640463454000,24.5,2,24.45,14,24.55,25,2,2022-08-01 09:04:00
1659344640543141000,24.45,13,24.45,1,24.5,4,2,2022-08-01 09:04:00
1659344640815412000,24.5,1,24.45,1,24.5,3,1,2022-08-01 09:04:00
1659344640830123000,24.5,2,24.45,1,24.5,1,1,2022-08-01 09:04:00
1659344641011623000,24.45,1,24.45,1,24.5,16,2,2022-08-01 09:04:01
1659344641360708000,24.45,1,24.4,27,24.6,15,1,2022-08-01 09:04:01
1659344641360708000,24.5,16,24.4,27,24.6,15,1,2022-08-01 09:04:01
1659344641360708000,24.55,31,24.4,27,24.6,15,1,2022-08-01 09:04:01
1659344641360708000,24.6,2,24.4,27,24.6,15,1,2022-08-01 09:04:01
1659344641774807000,24.45,1,24.4,27,24.5,8,2,2022-08-01 09:04:01
1659344641832131000,24.45,2,24.4,27,24.45,2,1,2022-08-01 09:04:01
1659344641981626000,24.45,1,24.4,27,24.45,2,1,2022-08-01 09:04:01
1659344642680668000,24.45,1,24.4,27,24.5,8,1,2022-08-01 09:04:02
1659344643558122000,24.4,5,24.4,22,24.5,12,2,2022-08-01 09:04:03
1659344643770711000,24.4,5,24.4,17,24.45,1,2,2022-08-01 09:04:03
1659344643828878000,24.45,1,24.4,17,24.5,12,1,2022-08-01 09:04:03
1659344644164374000,24.45,2,24.45,1,24.5,4,2,2022-08-01 09:04:04
1659344644437392000,24.45,1,24.4,13,24.5,4,2,2022-08-01 09:04:04
1659344644437392000,24.4,4,24.4,13,24.5,4,2,2022-08-01 09:04:04
1659344645080728000,24.5,1,24.4,13,24.5,3,1,2022-08-01 09:04:05
1659344645782743000,24.45,1,24.4,13,24.5,3,1,2022-08-01 09:04:05
1659344647725742000,24.4,1,24.4,13,24.45,10,2,2022-08-01 09:04:07
1659344647790252000,24.45,10,24.4,13,24.5,3,1,2022-08-01 09:04:07
1659344648662730000,24.45,1,24.45,5,24.5,6,2,2022-08-01 09:04:08
1659344656206495000,24.5,1,24.45,11,24.5,28,1,2022-08-01 09:04:16
1659344658000408000,24.45,5,24.45,7,24.5,29,2,2022-08-01 09:04:18
1659344659205800000,24.45,1,24.45,9,24.5,29,2,2022-08-01 09:04:19
1659344659393600000,24.5,1,24.45,9,24.5,28,1,2022-08-01 09:04:19
1659344659587648000,24.45,2,24.45,7,24.5,28,2,2022-08-01 09:04:19
1659344659846364000,24.45,5,24.45,2,24.5,28,2,2022-08-01 09:04:19
1659344660931571000,24.45,2,24.45,2,24.5,28,2,2022-08-01 09:04:20
1659344661126492000,24.5,20,24.45,2,24.5,8,1,2022-08-01 09:04:21
1659344661236734000,24.45,2,24.4,12,24.5,8,2,2022-08-01 09:04:21
1659344661236734000,24.4,3,24.4,12,24.5,8,2,2022-08-01 09:04:21
1659344662022857000,24.45,1,24.4,13,24.5,8,1,2022-08-01 09:04:22
1659344664482643000,24.4,2,24.4,12,24.45,3,2,2022-08-01 09:04:24
1659344664818702000,24.4,1,24.4,9,24.45,3,2,2022-08-01 09:04:24
1659344666472832000,24.4,2,24.4,9,24.45,3,2,2022-08-01 09:04:26
1659344668721295000,24.45,1,24.4,7,24.45,3,1,2022-08-01 09:04:28
1659344668758608000,24.45,3,24.4,7,24.5,10,1,2022-08-01 09:04:28
1659344669368477000,24.4,1,24.4,6,24.5,10,2,2022-08-01 09:04:29
1659344669461434000,24.45,1,24.4,6,24.5,10,1,2022-08-01 09:04:29
1659344669899100000,24.45,4,24.4,6,24.5,10,2,2022-08-01 09:04:29
1659344670744225000,24.45,1,24.4,5,24.5,10,2,2022-08-01 09:04:30
1659344670744225000,24.4,1,24.4,5,24.5,10,2,2022-08-01 09:04:30
1659344670829454000,24.4,1,24.4,4,24.5,10,2,2022-08-01 09:04:30
1659344671690040000,24.4,4,24.35,27,24.4,1,2,2022-08-01 09:04:31
1659344671716037000,24.4,1,24.35,27,24.5,10,1,2022-08-01 09:04:31
1659344672415524000,24.4,1,24.4,1,24.5,10,2,2022-08-01 09:04:32
1659344672415524000,24.35,1,24.4,1,24.5,10,2,2022-08-01 09:04:32
1659344674531939000,24.5,10,24.45,27,24.5,10,1,2022-08-01 09:04:34
1659344674600412000,24.5,1,24.45,27,24.55,11,1,2022-08-01 09:04:34
1659344674637173000,24.55,4,24.45,27,24.55,7,1,2022-08-01 09:04:34
1659344674672692000,24.55,7,24.45,27,24.6,25,1,2022-08-01 09:04:34
1659344676140804000,24.5,5,24.45,22,24.6,25,2,2022-08-01 09:04:36
1659344676140804000,24.45,5,24.45,22,24.6,25,2,2022-08-01 09:04:36
1659344676262099000,24.5,1,24.45,21,24.6,25,2,2022-08-01 09:04:36
1659344676262099000,24.45,1,24.45,21,24.6,25,2,2022-08-01 09:04:36
1659344677085182000,24.55,1,24.55,3,24.6,25,1,2022-08-01 09:04:37
1659344678769768000,24.55,3,24.5,15,24.6,25,2,2022-08-01 09:04:38
1659344678769768000,24.5,2,24.5,15,24.6,25,2,2022-08-01 09:04:38
1659344680383656000,24.5,2,24.5,13,24.6,25,2,2022-08-01 09:04:40
1659344680942889000,24.55,1,24.5,13,24.6,25,1,2022-08-01 09:04:40
1659344681657886000,24.6,1,24.55,1,24.6,24,1,2022-08-01 09:04:41
1659344681689689000,24.6,15,24.55,1,24.6,9,1,2022-08-01 09:04:41
1659344683492896000,24.6,1,24.55,1,24.6,8,1,2022-08-01 09:04:43
1659344684400574000,24.6,8,24.55,3,24.65,31,1,2022-08-01 09:04:44
1659344685108146000,24.6,1,24.6,1,24.65,31,2,2022-08-01 09:04:45
1659344685108146000,24.55,1,24.6,1,24.65,31,2,2022-08-01 09:04:45
1659344686184362000,24.6,2,24.55,4,24.65,31,2,2022-08-01 09:04:46
1659344686800809000,24.65,1,24.6,15,24.65,30,1,2022-08-01 09:04:46
1659344687383705000,24.6,10,24.6,5,24.65,30,2,2022-08-01 09:04:47
1659344687603262000,24.65,2,24.6,7,24.65,30,1,2022-08-01 09:04:47
1659344687634089000,24.65,8,24.6,7,24.65,20,1,2022-08-01 09:04:47
1659344689226963000,24.6,2,24.6,5,24.65,20,2,2022-08-01 09:04:49
1659344690733882000,24.65,1,24.6,17,24.65,19,1,2022-08-01 09:04:50
1659344690848458000,24.65,1,24.6,17,24.65,18,1,2022-08-01 09:04:50
1659344690854651000,24.65,18,24.6,17,24.7,60,1,2022-08-01 09:04:50
1659344690854651000,24.7,32,24.6,17,24.7,60,1,2022-08-01 09:04:50
1659344692671362000,24.6,1,24.6,36,24.7,60,2,2022-08-01 09:04:52
1659344692858747000,24.7,1,24.6,36,24.7,59,1,2022-08-01 09:04:52
1659344692992008000,24.7,12,24.6,36,24.7,47,1,2022-08-01 09:04:52
1659344693028310000,24.7,30,24.6,36,24.7,17,1,2022-08-01 09:04:53
1659344693029011000,24.7,5,24.6,36,24.7,12,1,2022-08-01 09:04:53
1659344693058433000,24.7,12,24.6,36,24.75,23,1,2022-08-01 09:04:53
1659344693523330000,24.75,15,24.6,37,24.75,8,1,2022-08-01 09:04:53
1659344693563996000,24.75,8,24.6,37,24.8,53,1,2022-08-01 09:04:53
1659344693880135000,24.8,1,24.65,6,24.8,52,1,2022-08-01 09:04:53
1659344693951512000,24.8,15,24.65,6,24.8,37,1,2022-08-01 09:04:53
1659344694074607000,24.8,2,24.65,6,24.8,37,1,2022-08-01 09:04:54
1659344694483225000,24.8,2,24.65,7,24.8,33,1,2022-08-01 09:04:54
1659344694584506000,24.8,3,24.65,7,24.8,30,1,2022-08-01 09:04:54
1659344694760372000,24.8,3,24.65,16,24.8,27,1,2022-08-01 09:04:54
1659344694791505000,24.8,12,24.65,16,24.8,15,1,2022-08-01 09:04:54
1659344694907206000,24.8,7,24.65,16,24.8,8,1,2022-08-01 09:04:54
1659344694935397000,24.8,8,24.65,16,24.85,8,1,2022-08-01 09:04:54
1659344695053762000,24.85,3,24.7,8,24.85,5,1,2022-08-01 09:04:55
1659344695070581000,24.85,3,24.7,8,24.85,2,1,2022-08-01 09:04:55
1659344695093802000,24.85,2,24.7,8,24.9,49,1,2022-08-01 09:04:55
1659344695093802000,24.9,2,24.7,8,24.9,49,1,2022-08-01 09:04:55
1659344695127745000,24.9,3,24.7,8,24.9,46,1,2022-08-01 09:04:55
1659344695132532000,24.9,1,24.7,8,24.9,45,1,2022-08-01 09:04:55
1659344695321408000,24.9,3,24.7,8,24.9,42,1,2022-08-01 09:04:55
1659344695579987000,24.7,4,24.7,4,24.9,42,2,2022-08-01 09:04:55
1659344696193200000,24.85,1,24.7,4,24.85,3,1,2022-08-01 09:04:56
1659344696286213000,24.85,1,24.7,4,24.85,2,1,2022-08-01 09:04:56
1659344698215116000,24.8,1,24.75,1,24.85,2,2,2022-08-01 09:04:58
1659344699245604000,24.8,1,24.75,1,24.85,1,1,2022-08-01 09:04:59
1659344700051541000,24.85,1,24.75,1,24.9,32,1,2022-08-01 09:05:00
1659344700314604000,24.75,1,24.7,2,24.9,32,2,2022-08-01 09:05:00
1659344700314604000,24.7,1,24.7,2,24.9,32,2,2022-08-01 09:05:00
1659344700541586000,24.75,1,24.7,2,24.75,9,1,2022-08-01 09:05:00
1659344700560753000,24.75,1,24.7,2,24.75,8,1,2022-08-01 09:05:00
1659344700587449000,24.75,8,24.7,2,24.85,10,1,2022-08-01 09:05:00
1659344700990265000,24.7,2,24.7,7,24.85,11,2,2022-08-01 09:05:00
1659344701124910000,24.8,10,24.8,10,24.85,11,2,2022-08-01 09:05:01
1659344701491265000,24.75,2,24.7,1,24.8,1,2,2022-08-01 09:05:01
1659344701491265000,24.7,1,24.7,1,24.8,1,2,2022-08-01 09:05:01
1659344701583681000,24.8,1,24.7,1,24.85,11,1,2022-08-01 09:05:01
1659344701833092000,24.7,1,24.7,5,24.8,2,2,2022-08-01 09:05:01
1659344702637441000,24.8,2,24.65,14,24.85,13,1,2022-08-01 09:05:02
1659344703005747000,24.8,1,24.75,1,24.85,14,1,2022-08-01 09:05:03
1659344703023454000,24.75,1,24.7,1,24.85,14,2,2022-08-01 09:05:03
1659344704418771000,24.75,1,24.7,4,24.85,22,2,2022-08-01 09:05:04
1659344704418771000,24.7,1,24.7,4,24.85,22,2,2022-08-01 09:05:04
1659344706452492000,24.8,1,24.7,4,24.8,4,1,2022-08-01 09:05:06
1659344706555878000,24.8,4,24.7,4,24.85,26,1,2022-08-01 09:05:06
1659344706555878000,24.85,2,24.7,4,24.85,26,1,2022-08-01 09:05:06
1659344707049583000,24.85,2,24.75,3,24.85,36,1,2022-08-01 09:05:07
1659344707497076000,24.85,1,24.75,4,24.85,34,1,2022-08-01 09:05:07
1659344707900460000,24.85,1,24.75,4,24.85,32,1,2022-08-01 09:05:07
1659344707928495000,24.85,1,24.75,4,24.85,31,1,2022-08-01 09:05:07
1659344708312202000,24.8,5,24.8,14,24.85,31,1,2022-08-01 09:05:08
1659344708512992000,24.85,1,24.8,14,24.85,30,1,2022-08-01 09:05:08
1659344708522868000,24.8,5,24.8,9,24.85,30,2,2022-08-01 09:05:08
1659344708550899000,24.8,9,24.75,4,24.85,30,2,2022-08-01 09:05:08
1659344709820472000,24.75,1,24.75,3,24.8,6,2,2022-08-01 09:05:09
1659344710579085000,24.75,3,24.7,24,24.75,7,2,2022-08-01 09:05:10
1659344710813091000,24.75,7,24.75,8,24.8,6,1,2022-08-01 09:05:10
1659344712492336000,24.8,1,24.75,9,24.8,12,1,2022-08-01 09:05:12
1659344712690562000,24.8,1,24.75,9,24.8,11,1,2022-08-01 09:05:12
1659344713427550000,24.75,1,24.75,8,24.8,11,2,2022-08-01 09:05:13
1659344714234146000,24.75,6,24.75,3,24.8,17,2,2022-08-01 09:05:14
1659344714270436000,24.75,2,24.75,1,24.8,17,2,2022-08-01 09:05:14
1659344714301897000,24.75,1,24.7,37,24.8,17,2,2022-08-01 09:05:14
1659344715547066000,24.75,3,24.7,37,24.75,3,1,2022-08-01 09:05:15
1659344715798219000,24.75,1,24.7,37,24.75,2,1,2022-08-01 09:05:15
1659344715938748000,24.7,1,24.7,36,24.75,2,2,2022-08-01 09:05:15
1659344716287415000,24.75,3,24.7,36,24.75,3,1,2022-08-01 09:05:16
1659344716386862000,24.75,1,24.7,36,24.75,2,1,2022-08-01 09:05:16
1659344716428282000,24.75,2,24.7,36,24.8,25,1,2022-08-01 09:05:16
1659344716440508000,24.7,1,24.7,35,24.8,25,2,2022-08-01 09:05:16
1659344716486568000,24.75,1,24.65,6,24.7,14,2,2022-08-01 09:05:16
1659344716486568000,24.7,35,24.65,6,24.7,14,2,2022-08-01 09:05:16
1659344720739081000,24.7,5,24.65,45,24.7,11,1,2022-08-01 09:05:20
1659344722212808000,24.7,1,24.65,45,24.7,11,1,2022-08-01 09:05:22
1659344722428133000,24.7,1,24.65,45,24.7,10,1,2022-08-01 09:05:22
1659344723260458000,24.7,1,24.65,45,24.7,9,1,2022-08-01 09:05:23
1659344723601217000,24.7,5,24.65,45,24.7,4,1,2022-08-01 09:05:23
1659344723847521000,24.7,4,24.65,45,24.75,8,1,2022-08-01 09:05:23
1659344724986259000,24.65,1,24.65,45,24.7,21,2,2022-08-01 09:05:24
1659344725644870000,24.7,3,24.65,44,24.7,18,1,2022-08-01 09:05:25
1659344726435899000,24.7,1,24.65,44,24.7,17,1,2022-08-01 09:05:26
1659344726761968000,24.7,1,24.65,44,24.7,16,1,2022-08-01 09:05:26
1659344726816494000,24.7,3,24.65,44,24.7,19,1,2022-08-01 09:05:26
1659344727048924000,24.7,1,24.65,44,24.7,18,1,2022-08-01 09:05:27
1659344727255409000,24.65,1,24.65,43,24.7,23,2,2022-08-01 09:05:27
1659344727558783000,24.7,2,24.65,43,24.7,22,1,2022-08-01 09:05:27
1659344729031135000,24.7,2,24.65,43,24.7,20,1,2022-08-01 09:05:29
1659344729454996000,24.7,2,24.65,43,24.7,18,1,2022-08-01 09:05:29
1659344730246355000,24.7,1,24.65,43,24.7,19,1,2022-08-01 09:05:30
1659344730527791000,24.7,10,24.65,41,24.7,19,1,2022-08-01 09:05:30
1659344731030595000,24.7,1,24.65,41,24.7,8,1,2022-08-01 09:05:31
1659344731471791000,24.65,1,24.65,41,24.7,18,2,2022-08-01 09:05:31
1659344731551766000,24.7,2,24.65,41,24.7,16,1,2022-08-01 09:05:31
1659344731672411000,24.7,10,24.65,42,24.7,18,1,2022-08-01 09:05:31
1659344732268227000,24.7,4,24.65,43,24.7,2,1,2022-08-01 09:05:32
1659344732441118000,24.65,1,24.65,42,24.7,2,2,2022-08-01 09:05:32
1659344732541177000,24.7,1,24.65,42,24.7,1,1,2022-08-01 09:05:32
1659344732566335000,24.7,3,24.7,2,24.75,13,1,2022-08-01 09:05:32
1659344733681336000,24.75,5,24.7,3,24.75,8,1,2022-08-01 09:05:33
1659344734590931000,24.75,1,24.7,3,24.75,7,1,2022-08-01 09:05:34
1659344735265021000,24.7,3,24.65,41,24.75,7,2,2022-08-01 09:05:35
1659344736403808000,24.75,3,24.7,3,24.75,7,1,2022-08-01 09:05:36
1659344737368560000,24.75,3,24.7,3,24.75,1,1,2022-08-01 09:05:37
1659344737392131000,24.75,1,24.7,3,24.8,25,1,2022-08-01 09:05:37
1659344737405235000,24.7,1,24.7,2,24.8,25,2,2022-08-01 09:05:37
1659344738236828000,24.7,2,24.65,41,24.7,3,2,2022-08-01 09:05:38
1659344739081312000,24.7,2,24.65,41,24.7,1,1,2022-08-01 09:05:39
1659344740020227000,24.7,1,24.65,42,24.7,2,1,2022-08-01 09:05:40
1659344740407554000,24.7,1,24.65,42,24.7,1,1,2022-08-01 09:05:40
1659344743297010000,24.7,2,24.65,42,24.7,7,1,2022-08-01 09:05:43
1659344743319269000,24.7,1,24.65,42,24.7,6,1,2022-08-01 09:05:43
1659344743579481000,24.7,1,24.65,42,24.7,15,1,2022-08-01 09:05:43
1659344743786678000,24.7,1,24.65,42,24.7,14,1,2022-08-01 09:05:43
1659344744330998000,24.7,5,24.65,42,24.7,9,1,2022-08-01 09:05:44
1659344744473535000,24.7,1,24.65,42,24.7,8,1,2022-08-01 09:05:44
1659344744548863000,24.7,1,24.65,42,24.7,7,1,2022-08-01 09:05:44
1659344744624168000,24.7,4,24.65,42,24.7,3,1,2022-08-01 09:05:44
1659344745228208000,24.7,5,24.65,42,24.75,23,1,2022-08-01 09:05:45
1659344746131290000,24.7,2,24.65,43,24.75,23,2,2022-08-01 09:05:46
1659344746491369000,24.7,1,24.7,1,24.75,25,2,2022-08-01 09:05:46
1659344747057864000,24.7,2,24.65,52,24.7,3,1,2022-08-01 09:05:47
1659344747758234000,24.7,1,24.65,52,24.75,25,1,2022-08-01 09:05:47
1659344748530251000,24.7,1,24.65,53,24.7,5,1,2022-08-01 09:05:48
1659344749021350000,24.65,1,24.65,52,24.7,4,2,2022-08-01 09:05:49
1659344749321475000,24.7,4,24.7,6,24.75,25,1,2022-08-01 09:05:49
1659344751006900000,24.7,1,24.7,12,24.75,25,2,2022-08-01 09:05:51
1659344751511343000,24.7,1,24.7,11,24.75,27,2,2022-08-01 09:05:51
1659344751702437000,24.7,1,24.7,10,24.75,27,2,2022-08-01 09:05:51
1659344752610652000,24.75,1,24.7,55,24.75,25,1,2022-08-01 09:05:52
1659344753460447000,24.7,3,24.7,62,24.75,24,2,2022-08-01 09:05:53
1659344753639334000,24.75,2,24.7,62,24.75,22,1,2022-08-01 09:05:53
1659344753756286000,24.7,1,24.7,61,24.75,22,2,2022-08-01 09:05:53
1659344756174839000,24.7,5,24.7,76,24.75,22,2,2022-08-01 09:05:56
1659344756885608000,24.7,1,24.7,75,24.75,22,2,2022-08-01 09:05:56
1659344757303972000,24.7,3,24.7,72,24.75,22,2,2022-08-01 09:05:57
1659344758927530000,24.7,1,24.7,71,24.75,23,2,2022-08-01 09:05:58
1659344759336766000,24.75,1,24.7,71,24.75,22,1,2022-08-01 09:05:59
1659344760466507000,24.7,1,24.7,72,24.75,22,2,2022-08-01 09:06:00
1659344760735451000,24.75,22,24.7,72,24.8,21,1,2022-08-01 09:06:00
1659344760819060000,24.8,15,24.7,72,24.8,21,1,2022-08-01 09:06:00
1659344761424127000,24.8,6,24.7,72,24.85,16,1,2022-08-01 09:06:01
1659344761424127000,24.85,9,24.7,72,24.85,16,1,2022-08-01 09:06:01
1659344761570578000,24.7,1,24.7,71,24.85,16,2,2022-08-01 09:06:01
1659344761602214000,24.85,2,24.7,72,24.85,16,1,2022-08-01 09:06:01
1659344763921232000,24.8,1,24.75,1,24.85,16,1,2022-08-01 09:06:03
1659344764557749000,24.85,5,24.75,3,24.85,11,1,2022-08-01 09:06:04
1659344765587625000,24.8,1,24.75,3,24.8,2,1,2022-08-01 09:06:05
1659344765951512000,24.75,4,24.75,4,24.8,1,2,2022-08-01 09:06:05
1659344765951512000,24.7,6,24.75,4,24.8,1,2,2022-08-01 09:06:05
1659344766651932000,24.8,1,24.75,2,24.85,17,1,2022-08-01 09:06:06
1659344767310012000,24.85,1,24.75,2,24.85,16,1,2022-08-01 09:06:07
1659344768943927000,24.85,2,24.75,4,24.85,29,1,2022-08-01 09:06:08
1659344769541322000,24.75,1,24.75,3,24.85,29,2,2022-08-01 09:06:09
1659344769562150000,24.75,3,24.7,78,24.85,29,2,2022-08-01 09:06:09
1659344770516095000,24.85,10,24.75,1,24.85,19,1,2022-08-01 09:06:10
1659344770762350000,24.8,1,24.75,1,24.85,19,1,2022-08-01 09:06:10
1659344771899954000,24.85,2,24.75,4,24.85,18,1,2022-08-01 09:06:11
1659344772026915000,24.85,1,24.75,4,24.85,20,1,2022-08-01 09:06:12
1659344772489431000,24.75,1,24.75,3,24.85,17,2,2022-08-01 09:06:12
1659344772609732000,24.75,3,24.7,76,24.85,17,2,2022-08-01 09:06:12
1659344772609732000,24.7,2,24.7,76,24.85,17,2,2022-08-01 09:06:12
1659344773734457000,24.85,1,24.8,1,24.85,23,1,2022-08-01 09:06:13
1659344774133397000,24.85,1,24.8,1,24.85,22,1,2022-08-01 09:06:14
1659344774916247000,24.8,1,24.75,1,24.8,8,2,2022-08-01 09:06:14
1659344775363207000,24.8,3,24.75,1,24.8,7,1,2022-08-01 09:06:15
1659344776011730000,24.8,1,24.75,1,24.8,9,1,2022-08-01 09:06:16
1659344776532132000,24.8,2,24.75,1,24.8,6,1,2022-08-01 09:06:16
1659344777309415000,24.8,10,24.75,1,24.8,1,1,2022-08-01 09:06:17
1659344777318426000,24.75,1,24.7,75,24.8,1,2,2022-08-01 09:06:17
1659344777318426000,24.7,1,24.7,75,24.8,1,2,2022-08-01 09:06:17
1659344777336657000,24.8,1,24.7,75,24.85,26,1,2022-08-01 09:06:17
1659344777878613000,24.8,3,24.7,75,24.85,26,1,2022-08-01 09:06:17
1659344779007192000,24.8,2,24.75,10,24.8,11,1,2022-08-01 09:06:19
1659344779222205000,24.8,10,24.75,10,24.8,13,1,2022-08-01 09:06:19
1659344779308895000,24.8,1,24.75,10,24.8,2,1,2022-08-01 09:06:19
1659344780692423000,24.8,1,24.75,10,24.8,2,1,2022-08-01 09:06:20
1659344781440227000,24.8,3,24.8,7,24.85,36,1,2022-08-01 09:06:21
1659344781454594000,24.8,7,24.75,10,24.8,3,2,2022-08-01 09:06:21
1659344783137785000,24.75,2,24.75,9,24.8,19,2,2022-08-01 09:06:23
1659344784640113000,24.8,2,24.75,9,24.8,19,1,2022-08-01 09:06:24
1659344784967246000,24.8,1,24.75,9,24.8,18,1,2022-08-01 09:06:24
1659344785423192000,24.8,1,24.75,20,24.8,17,1,2022-08-01 09:06:25
1659344788324664000,24.75,5,24.75,18,24.8,22,2,2022-08-01 09:06:28
1659344788686997000,24.8,5,24.75,19,24.8,22,1,2022-08-01 09:06:28
1659344790638699000,24.8,1,24.75,19,24.8,16,1,2022-08-01 09:06:30
1659344790712181000,24.75,10,24.75,9,24.8,16,2,2022-08-01 09:06:30
1659344792007797000,24.75,5,24.75,4,24.8,16,2,2022-08-01 09:06:32
1659344792680183000,24.8,1,24.75,9,24.8,16,1,2022-08-01 09:06:32
1659344792906144000,24.8,1,24.75,9,24.8,14,1,2022-08-01 09:06:32
1659344793538395000,24.8,2,24.75,9,24.8,25,1,2022-08-01 09:06:33
1659344794076417000,24.8,10,24.75,9,24.8,17,1,2022-08-01 09:06:34
1659344794160201000,24.8,1,24.75,9,24.8,18,1,2022-08-01 09:06:34
1659344794750117000,24.75,5,24.75,4,24.8,17,2,2022-08-01 09:06:34
1659344796140491000,24.75,1,24.75,41,24.8,19,2,2022-08-01 09:06:36
1659344797471775000,24.8,1,24.75,41,24.8,18,1,2022-08-01 09:06:37
1659344797641950000,24.8,2,24.75,41,24.8,16,1,2022-08-01 09:06:37
1659344797754126000,24.8,1,24.75,41,24.8,15,1,2022-08-01 09:06:37
1659344797982109000,24.8,1,24.75,41,24.8,14,1,2022-08-01 09:06:37
1659344798687720000,24.8,1,24.75,41,24.8,14,1,2022-08-01 09:06:38
1659344799547232000,24.8,1,24.75,41,24.8,14,1,2022-08-01 09:06:39
1659344801291738000,24.8,5,24.75,42,24.8,11,1,2022-08-01 09:06:41
1659344801468621000,24.8,1,24.75,42,24.8,10,1,2022-08-01 09:06:41
1659344802297153000,24.8,1,24.75,42,24.8,9,1,2022-08-01 09:06:42
1659344803236863000,24.8,2,24.75,42,24.8,7,1,2022-08-01 09:06:43
1659344803637678000,24.8,1,24.75,42,24.8,7,1,2022-08-01 09:06:43
1659344804037210000,24.8,1,24.75,42,24.8,5,1,2022-08-01 09:06:44
1659344804199183000,24.8,2,24.75,42,24.8,3,1,2022-08-01 09:06:44
1659344804215087000,24.8,1,24.75,42,24.8,2,1,2022-08-01 09:06:44
1659344804436439000,24.8,2,24.8,1,24.85,43,1,2022-08-01 09:06:44
1659344806471121000,24.8,1,24.8,5,24.85,43,2,2022-08-01 09:06:46
1659344806629852000,24.85,20,24.8,5,24.85,23,1,2022-08-01 09:06:46
1659344807504492000,24.8,1,24.8,1,24.85,23,2,2022-08-01 09:06:47
1659344807637624000,24.85,2,24.8,1,24.85,21,1,2022-08-01 09:06:47
1659344807832194000,24.8,1,24.75,42,24.85,21,2,2022-08-01 09:06:47
1659344808837017000,24.75,1,24.75,41,24.85,21,2,2022-08-01 09:06:48
1659344808840886000,24.85,15,24.75,41,24.85,6,1,2022-08-01 09:06:48
1659344812170317000,24.85,6,24.8,4,24.9,49,1,2022-08-01 09:06:52
1659344812916074000,24.8,1,24.8,4,24.9,49,2,2022-08-01 09:06:52
1659344813368812000,24.85,2,24.8,4,24.9,49,1,2022-08-01 09:06:53
1659344813671139000,24.8,1,24.8,6,24.9,49,2,2022-08-01 09:06:53
1659344814348915000,24.85,3,24.8,15,24.85,3,1,2022-08-01 09:06:54
1659344815623136000,24.85,1,24.8,57,24.85,4,1,2022-08-01 09:06:55
1659344816213178000,24.85,1,24.8,58,24.85,3,1,2022-08-01 09:06:56
1659344817890521000,24.85,1,24.8,59,24.85,6,1,2022-08-01 09:06:57
1659344818342222000,24.85,2,24.8,59,24.85,5,1,2022-08-01 09:06:58
1659344818877426000,24.8,1,24.8,58,24.85,5,2,2022-08-01 09:06:58
1659344818927795000,24.85,3,24.8,58,24.85,2,1,2022-08-01 09:06:58
1659344819242580000,24.85,2,24.85,1,24.9,54,1,2022-08-01 09:06:59
1659344819868637000,24.85,2,24.85,2,24.9,53,2,2022-08-01 09:06:59
1659344821255010000,24.9,1,24.85,1,24.9,52,1,2022-08-01 09:07:01
1659344822683174000,24.85,2,24.8,60,24.9,57,2,2022-08-01 09:07:02
1659344823794849000,24.85,3,24.85,7,24.9,58,1,2022-08-01 09:07:03
1659344824018811000,24.85,3,24.85,7,24.9,58,2,2022-08-01 09:07:04
1659344827044583000,24.9,4,24.85,9,24.9,60,1,2022-08-01 09:07:07
1659344830477031000,24.9,20,24.85,15,24.9,31,1,2022-08-01 09:07:10
1659344831352948000,24.9,3,24.85,35,24.9,33,1,2022-08-01 09:07:11
1659344831446920000,24.9,4,24.85,35,24.9,29,1,2022-08-01 09:07:11
1659344831850783000,24.9,1,24.85,39,24.9,28,1,2022-08-01 09:07:11
1659344832086960000,24.9,1,24.85,39,24.9,28,1,2022-08-01 09:07:12
1659344832579029000,24.9,1,24.85,40,24.9,26,1,2022-08-01 09:07:12
1659344832695953000,24.9,13,24.85,40,24.9,13,1,2022-08-01 09:07:12
1659344832718823000,24.9,13,24.85,40,24.95,46,1,2022-08-01 09:07:12
1659344833309869000,24.9,1,24.9,4,24.95,46,2,2022-08-01 09:07:13
1659344834460499000,24.95,1,24.9,39,24.95,45,1,2022-08-01 09:07:14
1659344834768419000,24.95,5,24.9,33,24.95,45,1,2022-08-01 09:07:14
1659344835346778000,24.9,5,24.9,30,24.95,40,2,2022-08-01 09:07:15
1659344835680872000,24.9,5,24.9,30,24.95,40,2,2022-08-01 09:07:15
1659344836180457000,24.95,1,24.9,25,24.95,39,1,2022-08-01 09:07:16
1659344836513630000,24.95,39,24.95,1,25.0,66,1,2022-08-01 09:07:16
1659344836948640000,24.95,1,24.95,1,25.0,63,2,2022-08-01 09:07:16
1659344838166251000,25.0,3,24.95,3,25.0,60,1,2022-08-01 09:07:18
1659344838210094000,25.0,1,24.95,5,25.0,59,1,2022-08-01 09:07:18
1659344838210707000,25.0,1,24.95,5,25.0,58,1,2022-08-01 09:07:18
1659344838211376000,25.0,1,24.95,5,25.0,57,1,2022-08-01 09:07:18
1659344838211983000,25.0,1,24.95,5,25.0,60,1,2022-08-01 09:07:18
1659344838356549000,25.0,9,24.95,5,25.0,47,1,2022-08-01 09:07:18
1659344838752313000,24.95,1,24.95,5,25.0,47,2,2022-08-01 09:07:18
1659344838905081000,24.95,1,24.95,5,25.0,47,2,2022-08-01 09:07:18
1659344840039021000,25.0,1,24.95,9,25.0,46,1,2022-08-01 09:07:20
1659344840200208000,25.0,15,24.95,9,25.0,31,1,2022-08-01 09:07:20
1659344840248130000,25.0,3,24.95,9,25.0,31,1,2022-08-01 09:07:20
1659344840281305000,25.0,4,24.95,9,25.0,24,1,2022-08-01 09:07:20
1659344840454415000,25.0,1,24.95,10,25.0,23,1,2022-08-01 09:07:20
1659344840477958000,25.0,6,24.95,10,25.0,17,1,2022-08-01 09:07:20
1659344840508316000,25.0,9,24.95,10,25.0,8,1,2022-08-01 09:07:20
1659344840539441000,25.0,8,24.95,10,25.05,87,1,2022-08-01 09:07:20
1659344841181847000,25.05,87,25.0,20,25.1,79,1,2022-08-01 09:07:21
1659344841226719000,25.1,1,25.0,20,25.1,78,1,2022-08-01 09:07:21
1659344841228889000,25.1,5,25.0,20,25.1,73,1,2022-08-01 09:07:21
1659344841277353000,25.1,1,25.0,20,25.1,72,1,2022-08-01 09:07:21
1659344841278782000,25.0,1,25.0,19,25.1,72,2,2022-08-01 09:07:21
1659344841331667000,25.1,5,25.0,79,25.1,67,1,2022-08-01 09:07:21
1659344841368549000,25.1,3,25.0,79,25.1,64,1,2022-08-01 09:07:21
1659344841525897000,25.1,1,25.0,79,25.1,63,1,2022-08-01 09:07:21
1659344841561018000,25.1,5,25.0,81,25.1,58,1,2022-08-01 09:07:21
1659344841852019000,25.05,1,25.05,19,25.1,58,2,2022-08-01 09:07:21
1659344841894913000,25.1,1,25.05,19,25.1,57,1,2022-08-01 09:07:21
1659344841941833000,25.1,10,25.05,19,25.1,47,1,2022-08-01 09:07:21
1659344841976691000,25.1,5,25.05,19,25.1,42,1,2022-08-01 09:07:21
1659344843342314000,25.05,1,25.0,66,25.1,42,2,2022-08-01 09:07:23
1659344843485030000,25.1,10,25.0,66,25.1,32,1,2022-08-01 09:07:23
1659344843523189000,25.0,5,25.0,61,25.1,32,2,2022-08-01 09:07:23
1659344843962168000,25.1,1,25.0,61,25.1,31,1,2022-08-01 09:07:23
1659344844327526000,25.1,1,25.0,64,25.1,30,1,2022-08-01 09:07:24
1659344844664968000,25.0,2,25.0,62,25.1,30,2,2022-08-01 09:07:24
1659344844932338000,25.1,4,25.0,62,25.1,26,1,2022-08-01 09:07:24
1659344844956658000,25.1,3,25.0,62,25.1,22,1,2022-08-01 09:07:24
1659344845099404000,25.1,1,25.0,62,25.1,21,1,2022-08-01 09:07:25
1659344845680341000,25.1,2,25.0,62,25.1,19,1,2022-08-01 09:07:25
1659344845912199000,25.05,1,25.0,57,25.1,19,2,2022-08-01 09:07:25
1659344845912199000,25.0,4,25.0,57,25.1,19,2,2022-08-01 09:07:25
1659344846512911000,25.1,1,25.0,63,25.1,18,1,2022-08-01 09:07:26
1659344846518670000,25.1,5,25.0,63,25.1,13,1,2022-08-01 09:07:26
1659344846572878000,25.1,2,25.0,63,25.1,19,1,2022-08-01 09:07:26
1659344846798385000,25.1,10,25.0,63,25.1,1,1,2022-08-01 09:07:26
1659344846819946000,25.1,1,25.0,63,25.15,5,1,2022-08-01 09:07:26
1659344847684449000,25.0,1,25.0,62,25.05,3,2,2022-08-01 09:07:27
1659344847697228000,25.05,3,25.0,62,25.2,41,1,2022-08-01 09:07:27
1659344847697228000,25.15,6,25.0,62,25.2,41,1,2022-08-01 09:07:27
1659344847697228000,25.2,1,25.0,62,25.2,41,1,2022-08-01 09:07:27
1659344847744898000,25.2,1,25.05,6,25.2,40,1,2022-08-01 09:07:27
1659344847745699000,25.2,1,25.05,6,25.2,39,1,2022-08-01 09:07:27
1659344847766478000,25.05,1,25.05,5,25.2,39,2,2022-08-01 09:07:27
1659344847880662000,25.15,1,25.1,10,25.2,39,1,2022-08-01 09:07:27
1659344848486167000,25.2,3,25.1,12,25.2,36,1,2022-08-01 09:07:28
1659344848530333000,25.2,1,25.1,12,25.2,35,1,2022-08-01 09:07:28
1659344848754702000,25.1,1,25.1,14,25.2,35,2,2022-08-01 09:07:28
1659344849027236000,25.15,2,25.1,16,25.15,3,1,2022-08-01 09:07:29
1659344850244298000,25.15,3,25.1,19,25.15,5,1,2022-08-01 09:07:30
1659344850674758000,25.1,1,25.1,18,25.15,5,2,2022-08-01 09:07:30
1659344850693224000,25.1,18,25.05,1,25.15,5,2,2022-08-01 09:07:30
1659344850855591000,25.05,1,25.0,71,25.15,5,2,2022-08-01 09:07:30
1659344851031596000,25.15,1,25.1,1,25.15,4,1,2022-08-01 09:07:31
1659344851062633000,25.1,1,25.0,71,25.15,4,2,2022-08-01 09:07:31
1659344851210861000,25.0,1,25.0,71,25.15,4,2,2022-08-01 09:07:31
1659344851832983000,25.1,1,25.0,95,25.15,2,1,2022-08-01 09:07:31
1659344851832983000,25.15,4,25.0,95,25.15,2,1,2022-08-01 09:07:31
1659344852074622000,25.1,1,25.0,95,25.1,1,2,2022-08-01 09:07:32
1659344852150777000,25.1,1,25.0,94,25.15,3,1,2022-08-01 09:07:32
1659344852481686000,25.15,1,25.0,94,25.15,2,1,2022-08-01 09:07:32
1659344852645128000,25.15,2,25.15,3,25.2,36,1,2022-08-01 09:07:32
1659344852743437000,25.15,4,25.15,4,25.2,36,2,2022-08-01 09:07:32
1659344852885982000,25.05,1,25.05,4,25.15,6,2,2022-08-01 09:07:32
1659344853040033000,25.15,1,25.05,4,25.15,6,1,2022-08-01 09:07:33
1659344854245422000,25.15,2,25.1,2,25.15,6,1,2022-08-01 09:07:34
1659344854411019000,25.1,1,25.1,2,25.15,4,2,2022-08-01 09:07:34
1659344855253150000,25.15,2,25.1,1,25.15,2,1,2022-08-01 09:07:35
1659344855370617000,25.15,2,25.1,1,25.2,32,1,2022-08-01 09:07:35
1659344855370617000,25.2,2,25.1,1,25.2,32,1,2022-08-01 09:07:35
1659344855914011000,25.15,1,25.1,1,25.2,32,1,2022-08-01 09:07:35
1659344855977171000,25.15,1,25.1,1,25.2,32,1,2022-08-01 09:07:35
1659344857065477000,25.15,1,25.1,23,25.2,32,2,2022-08-01 09:07:37
1659344857301375000,25.2,1,25.1,25,25.2,31,1,2022-08-01 09:07:37
1659344857796506000,25.15,1,25.1,35,25.2,31,1,2022-08-01 09:07:37
1659344858593177000,25.1,1,25.1,73,25.15,1,2,2022-08-01 09:07:38
1659344858630533000,25.15,1,25.1,73,25.2,34,1,2022-08-01 09:07:38
1659344858630533000,25.2,1,25.1,73,25.2,34,1,2022-08-01 09:07:38
1659344858889529000,25.15,1,25.1,73,25.2,34,2,2022-08-01 09:07:38
1659344859171984000,25.15,1,25.1,73,25.15,10,1,2022-08-01 09:07:39
1659344859412653000,25.15,1,25.1,73,25.15,12,1,2022-08-01 09:07:39
1659344859742730000,25.15,1,25.1,73,25.15,11,1,2022-08-01 09:07:39
1659344860593703000,25.15,1,25.1,74,25.15,10,1,2022-08-01 09:07:40
1659344860605664000,25.1,3,25.1,71,25.15,10,2,2022-08-01 09:07:40
1659344860877024000,25.15,5,25.1,71,25.15,5,1,2022-08-01 09:07:40
1659344860981939000,25.15,1,25.1,71,25.15,4,1,2022-08-01 09:07:40
1659344861912119000,25.15,1,25.1,72,25.15,18,1,2022-08-01 09:07:41
1659344862159898000,25.15,1,25.1,72,25.15,18,1,2022-08-01 09:07:42
1659344862742697000,25.15,4,25.1,72,25.15,19,1,2022-08-01 09:07:42
1659344862956260000,25.15,1,25.1,72,25.15,14,1,2022-08-01 09:07:42
1659344863005555000,25.15,5,25.1,72,25.15,9,1,2022-08-01 09:07:43
1659344863094003000,25.15,1,25.1,72,25.15,8,1,2022-08-01 09:07:43
1659344863128208000,25.15,4,25.1,72,25.15,4,1,2022-08-01 09:07:43
1659344863172674000,25.15,7,25.1,72,25.15,7,1,2022-08-01 09:07:43
1659344863944613000,25.2,20,25.15,3,25.2,19,1,2022-08-01 09:07:43
1659344864542623000,25.15,1,25.15,3,25.2,19,2,2022-08-01 09:07:44
1659344865017027000,25.15,3,25.15,16,25.2,19,2,2022-08-01 09:07:45
1659344865621145000,25.2,1,25.15,18,25.2,18,1,2022-08-01 09:07:45
1659344865795527000,25.2,18,25.15,18,25.2,19,1,2022-08-01 09:07:45
1659344866197742000,25.2,1,25.2,1,25.25,4,2,2022-08-01 09:07:46
1659344866751836000,25.2,1,25.2,1,25.25,4,2,2022-08-01 09:07:46
1659344866762219000,25.25,1,25.2,1,25.25,3,1,2022-08-01 09:07:46
1659344866814829000,25.25,1,25.2,2,25.25,2,1,2022-08-01 09:07:46
1659344866875864000,25.25,2,25.2,3,25.3,5,1,2022-08-01 09:07:46
1659344866875864000,25.3,3,25.2,3,25.3,5,1,2022-08-01 09:07:46
1659344866930156000,25.3,4,25.2,6,25.3,1,1,2022-08-01 09:07:46
1659344866986414000,25.3,1,25.2,10,25.35,4,1,2022-08-01 09:07:46
1659344866986414000,25.35,4,25.2,10,25.35,4,1,2022-08-01 09:07:46
1659344867033948000,25.35,3,25.25,2,25.35,1,1,2022-08-01 09:07:47
1659344867130956000,25.35,1,25.25,2,25.4,94,1,2022-08-01 09:07:47
1659344867259820000,25.35,1,25.25,2,25.4,94,1,2022-08-01 09:07:47
1659344867405803000,25.25,1,25.25,1,25.4,94,2,2022-08-01 09:07:47
1659344867420278000,25.25,1,25.2,10,25.4,94,2,2022-08-01 09:07:47
1659344867504804000,25.2,6,25.2,4,25.4,94,2,2022-08-01 09:07:47
1659344868348512000,25.35,1,25.2,29,25.35,11,1,2022-08-01 09:07:48
1659344869631951000,25.25,1,25.25,1,25.35,23,2,2022-08-01 09:07:49
1659344869911293000,25.35,1,25.2,29,25.35,22,1,2022-08-01 09:07:49
1659344869965583000,25.35,9,25.2,29,25.35,13,1,2022-08-01 09:07:49
1659344870183809000,25.3,5,25.2,30,25.35,3,1,2022-08-01 09:07:50
1659344870183809000,25.35,10,25.2,30,25.35,3,1,2022-08-01 09:07:50
1659344870497396000,25.35,3,25.2,30,25.4,89,1,2022-08-01 09:07:50
1659344870497396000,25.4,5,25.2,30,25.4,89,1,2022-08-01 09:07:50
1659344870545398000,25.4,3,25.25,2,25.4,86,1,2022-08-01 09:07:50
1659344870718858000,25.4,4,25.25,2,25.4,82,1,2022-08-01 09:07:50
1659344872183948000,25.4,5,25.35,2,25.4,77,1,2022-08-01 09:07:52
1659344872972009000,25.35,1,25.35,2,25.4,77,2,2022-08-01 09:07:52
1659344873349901000,25.4,1,25.35,1,25.4,76,1,2022-08-01 09:07:53
1659344873434181000,25.4,2,25.35,1,25.4,74,1,2022-08-01 09:07:53
1659344873578647000,25.35,1,25.25,17,25.4,74,2,2022-08-01 09:07:53
1659344873581468000,25.25,1,25.25,16,25.4,74,2,2022-08-01 09:07:53
1659344873888765000,25.4,1,25.25,17,25.4,73,1,2022-08-01 09:07:53
1659344874140861000,25.4,1,25.25,17,25.4,72,1,2022-08-01 09:07:54
1659344874240989000,25.25,3,25.25,14,25.4,72,2,2022-08-01 09:07:54
1659344874305833000,25.4,1,25.25,14,25.4,71,1,2022-08-01 09:07:54
1659344874574293000,25.35,1,25.25,14,25.4,71,1,2022-08-01 09:07:54
1659344874675037000,25.4,1,25.35,1,25.4,70,1,2022-08-01 09:07:54
1659344874815577000,25.35,1,25.25,1,25.4,70,2,2022-08-01 09:07:54
1659344875216654000,25.35,10,25.35,10,25.4,70,1,2022-08-01 09:07:55
1659344875224638000,25.4,1,25.25,5,25.35,10,1,2022-08-01 09:07:55
1659344875735921000,25.35,1,25.35,10,25.4,69,2,2022-08-01 09:07:55
1659344875892899000,25.35,5,25.35,5,25.4,69,2,2022-08-01 09:07:55
1659344876746215000,25.4,2,25.35,5,25.4,67,1,2022-08-01 09:07:56
1659344876750195000,25.4,1,25.35,5,25.4,66,1,2022-08-01 09:07:56
1659344877047208000,25.35,1,25.35,4,25.4,67,2,2022-08-01 09:07:57
1659344877176565000,25.4,4,25.35,4,25.4,63,1,2022-08-01 09:07:57
1659344877213264000,25.4,1,25.35,4,25.4,62,1,2022-08-01 09:07:57
1659344877695983000,25.35,1,25.35,3,25.4,63,2,2022-08-01 09:07:57
1659344877743851000,25.4,1,25.35,4,25.4,63,1,2022-08-01 09:07:57
1659344877947871000,25.35,3,25.3,38,25.35,2,2,2022-08-01 09:07:57
1659344878369816000,25.35,1,25.3,38,25.35,1,1,2022-08-01 09:07:58
1659344878671771000,25.35,1,25.35,1,25.4,62,1,2022-08-01 09:07:58
1659344878970518000,25.35,1,25.3,40,25.4,62,2,2022-08-01 09:07:58
1659344879330297000,25.35,10,25.35,38,25.4,62,2,2022-08-01 09:07:59
1659344880023486000,25.35,5,25.35,33,25.4,62,2,2022-08-01 09:08:00
1659344880065800000,25.35,2,25.35,31,25.4,62,2,2022-08-01 09:08:00
1659344880246959000,25.4,10,25.35,31,25.4,52,1,2022-08-01 09:08:00
1659344880835210000,25.4,5,25.35,32,25.4,51,1,2022-08-01 09:08:00
1659344881330369000,25.4,1,25.35,32,25.4,50,1,2022-08-01 09:08:01
1659344881414845000,25.4,2,25.35,32,25.4,48,1,2022-08-01 09:08:01
1659344881565438000,25.4,1,25.35,33,25.4,47,1,2022-08-01 09:08:01
1659344881840935000,25.4,1,25.35,34,25.4,46,1,2022-08-01 09:08:01
1659344881858887000,25.4,2,25.35,34,25.4,44,1,2022-08-01 09:08:01
1659344881889558000,25.4,1,25.35,34,25.4,43,1,2022-08-01 09:08:01
1659344882101789000,25.4,10,25.35,34,25.4,33,1,2022-08-01 09:08:02
1659344882376197000,25.4,20,25.35,35,25.4,13,1,2022-08-01 09:08:02
1659344882403680000,25.4,13,25.35,35,25.45,3,1,2022-08-01 09:08:02
1659344883524872000,25.35,2,25.35,35,25.4,1,2,2022-08-01 09:08:03
1659344883595071000,25.4,1,25.35,36,25.45,3,1,2022-08-01 09:08:03
1659344884519479000,25.45,1,25.4,7,25.45,2,1,2022-08-01 09:08:04
1659344884551314000,25.45,2,25.4,8,25.5,42,1,2022-08-01 09:08:04
1659344884551314000,25.5,1,25.4,8,25.5,42,1,2022-08-01 09:08:04
1659344885261105000,25.45,1,25.45,1,25.5,42,2,2022-08-01 09:08:05
1659344885420074000,25.5,27,25.4,22,25.5,15,1,2022-08-01 09:08:05
1659344885453746000,25.5,5,25.4,22,25.5,10,1,2022-08-01 09:08:05
1659344885478119000,25.5,10,25.4,22,25.55,13,1,2022-08-01 09:08:05
1659344885544954000,25.4,1,25.4,22,25.5,10,2,2022-08-01 09:08:05
1659344887175111000,25.4,1,25.4,24,25.5,1,2,2022-08-01 09:08:07
1659344887721112000,25.4,1,25.4,29,25.5,6,2,2022-08-01 09:08:07
1659344888047699000,25.5,6,25.45,1,25.5,6,1,2022-08-01 09:08:08
1659344888736161000,25.55,1,25.5,10,25.55,12,1,2022-08-01 09:08:08
1659344888771234000,25.55,1,25.5,10,25.55,11,1,2022-08-01 09:08:08
1659344888781121000,25.55,2,25.5,10,25.55,9,1,2022-08-01 09:08:08
1659344888799699000,25.55,1,25.5,10,25.55,13,1,2022-08-01 09:08:08
1659344888842038000,25.55,1,25.5,10,25.55,7,1,2022-08-01 09:08:08
1659344888855481000,25.55,4,25.5,10,25.55,3,1,2022-08-01 09:08:08
1659344889137379000,25.55,2,25.5,10,25.55,1,1,2022-08-01 09:08:09
1659344889165772000,25.5,2,25.5,10,25.55,3,2,2022-08-01 09:08:09
1659344889736685000,25.5,2,25.5,8,25.55,1,2,2022-08-01 09:08:09
1659344889967869000,25.5,2,25.5,4,25.55,1,2,2022-08-01 09:08:09
1659344890949911000,25.5,1,25.5,3,25.55,2,2,2022-08-01 09:08:10
1659344891450324000,25.55,1,25.5,13,25.55,1,1,2022-08-01 09:08:11
1659344891452584000,25.5,1,25.5,12,25.55,1,2,2022-08-01 09:08:11
1659344891580754000,25.55,1,25.5,12,25.55,6,1,2022-08-01 09:08:11
1659344892375029000,25.55,1,25.5,12,25.55,15,1,2022-08-01 09:08:12
1659344892462656000,25.5,1,25.5,11,25.55,20,2,2022-08-01 09:08:12
1659344893201414000,25.55,1,25.5,17,25.55,20,1,2022-08-01 09:08:13
1659344893324899000,25.5,7,25.5,10,25.55,20,2,2022-08-01 09:08:13
1659344893750240000,25.55,2,25.5,10,25.55,19,1,2022-08-01 09:08:13
1659344893773229000,25.55,1,25.5,10,25.55,18,1,2022-08-01 09:08:13
1659344893952139000,25.5,2,25.5,8,25.55,18,2,2022-08-01 09:08:13
1659344894055103000,25.55,1,25.5,8,25.55,17,1,2022-08-01 09:08:14
1659344894538129000,25.5,5,25.5,4,25.55,17,2,2022-08-01 09:08:14
1659344894740031000,25.5,2,25.5,4,25.55,27,2,2022-08-01 09:08:14
1659344894835656000,25.5,1,25.5,1,25.55,27,2,2022-08-01 09:08:14
1659344894864589000,25.5,1,25.5,2,25.55,27,2,2022-08-01 09:08:14
1659344895063813000,25.5,1,25.5,2,25.55,27,2,2022-08-01 09:08:15
1659344895217655000,25.5,2,25.5,2,25.55,35,2,2022-08-01 09:08:15
1659344895955210000,25.5,1,25.5,18,25.55,36,2,2022-08-01 09:08:15
1659344895963500000,25.5,1,25.5,17,25.55,36,2,2022-08-01 09:08:15
1659344896022160000,25.5,1,25.5,16,25.55,35,2,2022-08-01 09:08:16
1659344896050508000,25.55,10,25.5,17,25.55,25,1,2022-08-01 09:08:16
1659344896103501000,25.5,1,25.5,16,25.55,25,2,2022-08-01 09:08:16
1659344896188460000,25.55,3,25.5,16,25.55,22,1,2022-08-01 09:08:16
1659344896288928000,25.55,10,25.5,17,25.55,35,1,2022-08-01 09:08:16
1659344896493890000,25.55,1,25.5,19,25.55,11,1,2022-08-01 09:08:16
1659344896697139000,25.5,4,25.5,16,25.55,11,2,2022-08-01 09:08:16
1659344896988617000,25.55,11,25.55,1,25.6,24,1,2022-08-01 09:08:16
1659344897207451000,25.55,2,25.55,2,25.6,24,2,2022-08-01 09:08:17
1659344897493363000,25.55,1,25.55,3,25.6,24,2,2022-08-01 09:08:17
1659344897659982000,25.55,2,25.55,1,25.6,24,2,2022-08-01 09:08:17
1659344897666060000,25.55,1,25.55,3,25.6,24,2,2022-08-01 09:08:17
1659344897666060000,25.5,1,25.55,3,25.6,24,2,2022-08-01 09:08:17
1659344898612931000,25.55,1,25.5,23,25.6,24,1,2022-08-01 09:08:18
1659344899171692000,25.5,1,25.5,23,25.55,5,2,2022-08-01 09:08:19
1659344899273530000,25.55,1,25.5,24,25.55,5,1,2022-08-01 09:08:19
1659344899671916000,25.5,4,25.5,21,25.55,4,2,2022-08-01 09:08:19
1659344899685902000,25.55,3,25.5,21,25.55,1,1,2022-08-01 09:08:19
1659344899928742000,25.55,1,25.55,27,25.6,24,1,2022-08-01 09:08:19
1659344900151744000,25.55,1,25.55,26,25.6,24,2,2022-08-01 09:08:20
1659344900184012000,25.55,26,25.5,61,25.6,24,2,2022-08-01 09:08:20
1659344900284117000,25.55,1,25.55,1,25.6,24,2,2022-08-01 09:08:20
1659344900748147000,25.6,1,25.5,61,25.6,23,1,2022-08-01 09:08:20
1659344901180937000,25.6,5,25.55,3,25.6,18,1,2022-08-01 09:08:21
1659344901294606000,25.6,4,25.55,3,25.6,18,1,2022-08-01 09:08:21
1659344901324361000,25.6,1,25.55,3,25.6,13,1,2022-08-01 09:08:21
1659344901827907000,25.55,3,25.5,64,25.55,7,2,2022-08-01 09:08:21
1659344902156500000,25.55,1,25.5,66,25.55,7,1,2022-08-01 09:08:22
1659344902315178000,25.55,1,25.5,67,25.55,7,1,2022-08-01 09:08:22
1659344902918795000,25.55,3,25.5,67,25.55,4,1,2022-08-01 09:08:22
1659344903445465000,25.55,3,25.5,69,25.55,1,1,2022-08-01 09:08:23
1659344903613967000,25.55,1,25.5,69,25.6,15,1,2022-08-01 09:08:23
1659344903867954000,25.6,1,25.5,67,25.6,14,1,2022-08-01 09:08:23
1659344903879507000,25.5,3,25.5,64,25.6,14,2,2022-08-01 09:08:23
1659344904102497000,25.55,1,25.5,64,25.6,14,2,2022-08-01 09:08:24
1659344904531130000,25.55,1,25.5,74,25.55,3,2,2022-08-01 09:08:24
1659344904546219000,25.55,3,25.5,75,25.6,15,1,2022-08-01 09:08:24
1659344904866658000,25.6,5,25.5,71,25.6,10,1,2022-08-01 09:08:24
1659344905649323000,25.55,2,25.5,101,25.55,1,1,2022-08-01 09:08:25
1659344906504764000,25.55,1,25.5,99,25.55,6,1,2022-08-01 09:08:26
1659344906870106000,25.55,1,25.5,99,25.55,5,1,2022-08-01 09:08:26
1659344907153442000,25.55,1,25.5,100,25.55,6,1,2022-08-01 09:08:27
1659344907836447000,25.55,2,25.5,100,25.55,14,1,2022-08-01 09:08:27
1659344908747767000,25.5,44,25.5,58,25.55,20,2,2022-08-01 09:08:28
1659344908768316000,25.5,50,25.5,8,25.55,20,2,2022-08-01 09:08:28
1659344908768764000,25.5,8,25.5,102,25.55,20,2,2022-08-01 09:08:28
1659344908847080000,25.55,2,25.45,9,25.55,18,1,2022-08-01 09:08:28
1659344908917338000,25.45,9,25.4,28,25.55,18,2,2022-08-01 09:08:28
1659344908917338000,25.4,11,25.4,28,25.55,18,2,2022-08-01 09:08:28
1659344909091691000,25.55,2,25.4,28,25.55,17,1,2022-08-01 09:08:29
1659344909317425000,25.5,1,25.5,1,25.55,20,2,2022-08-01 09:08:29
1659344909390104000,25.55,3,25.4,28,25.55,22,1,2022-08-01 09:08:29
1659344909474635000,25.55,5,25.4,28,25.55,18,1,2022-08-01 09:08:29
1659344909569718000,25.4,15,25.4,13,25.55,18,2,2022-08-01 09:08:29
1659344909594456000,25.4,13,25.35,11,25.55,19,2,2022-08-01 09:08:29
1659344909784969000,25.5,1,25.35,9,25.5,1,1,2022-08-01 09:08:29
1659344909796216000,25.5,1,25.35,9,25.55,19,1,2022-08-01 09:08:29
1659344909922007000,25.5,5,25.35,9,25.5,6,1,2022-08-01 09:08:29
1659344910131453000,25.35,9,25.3,49,25.4,15,2,2022-08-01 09:08:30
1659344910408424000,25.35,4,25.3,49,25.4,15,2,2022-08-01 09:08:30
1659344911111792000,25.4,1,25.3,49,25.4,15,1,2022-08-01 09:08:31
1659344911146306000,25.3,2,25.3,47,25.4,15,2,2022-08-01 09:08:31
1659344911163165000,25.3,31,25.3,16,25.4,15,2,2022-08-01 09:08:31
1659344911177602000,25.3,1,25.3,15,25.4,15,2,2022-08-01 09:08:31
1659344911177716000,25.3,1,25.3,14,25.4,15,2,2022-08-01 09:08:31
1659344911226770000,25.3,1,25.3,14,25.4,15,2,2022-08-01 09:08:31
1659344911519082000,25.4,5,25.3,13,25.4,10,1,2022-08-01 09:08:31
1659344911840595000,25.35,2,25.3,13,25.35,7,1,2022-08-01 09:08:31
1659344911981396000,25.3,13,25.25,9,25.3,37,2,2022-08-01 09:08:31
1659344912641656000,25.25,9,25.2,57,25.35,7,2,2022-08-01 09:08:32
1659344912641656000,25.2,3,25.2,57,25.35,7,2,2022-08-01 09:08:32
1659344912673228000,25.2,1,25.2,56,25.35,7,2,2022-08-01 09:08:32
1659344913334643000,25.3,3,25.2,56,25.35,7,1,2022-08-01 09:08:33
1659344913718104000,25.2,2,25.2,56,25.35,7,2,2022-08-01 09:08:33
1659344914607937000,25.2,1,25.2,56,25.3,2,2,2022-08-01 09:08:34
1659344915806853000,25.2,1,25.2,55,25.3,10,2,2022-08-01 09:08:35
1659344916295753000,25.3,2,25.2,54,25.3,8,1,2022-08-01 09:08:36
1659344916393862000,25.2,1,25.2,53,25.3,8,2,2022-08-01 09:08:36
1659344916621951000,25.3,1,25.2,53,25.3,7,1,2022-08-01 09:08:36
1659344917080836000,25.3,2,25.2,53,25.3,5,1,2022-08-01 09:08:37
1659344917103957000,25.3,5,25.2,53,25.35,7,1,2022-08-01 09:08:37
1659344917606783000,25.25,1,25.2,49,25.35,7,2,2022-08-01 09:08:37
1659344917982829000,25.2,1,25.2,49,25.35,8,2,2022-08-01 09:08:37
1659344918456454000,25.25,1,25.2,48,25.25,1,2,2022-08-01 09:08:38
1659344918487020000,25.25,1,25.2,48,25.35,8,1,2022-08-01 09:08:38
1659344919319757000,25.35,1,25.2,52,25.35,8,1,2022-08-01 09:08:39
1659344919896011000,25.2,1,25.2,52,25.35,7,2,2022-08-01 09:08:39
1659344920588961000,25.2,2,25.2,50,25.3,5,2,2022-08-01 09:08:40
1659344921827453000,25.25,1,25.25,5,25.3,7,2,2022-08-01 09:08:41
1659344922789281000,25.3,7,25.25,5,25.3,13,1,2022-08-01 09:08:42
1659344922925960000,25.25,5,25.2,51,25.25,22,2,2022-08-01 09:08:42
1659344922960154000,25.25,21,25.2,51,25.25,1,1,2022-08-01 09:08:42
1659344922987403000,25.25,1,25.2,51,25.3,6,1,2022-08-01 09:08:42
1659344923220263000,25.3,5,25.2,51,25.3,1,1,2022-08-01 09:08:43
1659344923374034000,25.25,2,25.2,51,25.3,1,1,2022-08-01 09:08:43
1659344924105020000,25.3,1,25.2,51,25.3,1,1,2022-08-01 09:08:44
1659344925176887000,25.25,1,25.2,53,25.3,12,2,2022-08-01 09:08:45
1659344925406666000,25.25,1,25.2,54,25.3,12,2,2022-08-01 09:08:45
1659344925902781000,25.3,1,25.2,54,25.3,11,1,2022-08-01 09:08:45
1659344927406780000,25.3,5,25.25,4,25.3,9,1,2022-08-01 09:08:47
1659344927429407000,25.25,2,25.25,2,25.3,9,2,2022-08-01 09:08:47
1659344927543703000,25.25,1,25.25,1,25.3,9,2,2022-08-01 09:08:47
1659344927680819000,25.3,3,25.25,1,25.3,6,1,2022-08-01 09:08:47
1659344927880371000,25.25,1,25.2,56,25.3,6,2,2022-08-01 09:08:47
1659344927880371000,25.2,4,25.2,56,25.3,6,2,2022-08-01 09:08:47
1659344928443054000,25.2,2,25.2,54,25.3,6,2,2022-08-01 09:08:48
1659344929217845000,25.3,1,25.25,2,25.3,6,1,2022-08-01 09:08:49
1659344929527620000,25.25,1,25.25,1,25.3,5,2,2022-08-01 09:08:49
1659344930097257000,25.25,1,25.2,51,25.25,2,2,2022-08-01 09:08:50
1659344930217230000,25.25,1,25.2,52,25.25,1,1,2022-08-01 09:08:50
1659344930670325000,25.25,1,25.25,2,25.3,7,1,2022-08-01 09:08:50
1659344930816860000,25.3,2,25.25,3,25.3,7,1,2022-08-01 09:08:50
1659344931027749000,25.25,1,25.25,2,25.3,5,2,2022-08-01 09:08:51
1659344931277643000,25.25,1,25.25,1,25.3,5,2,2022-08-01 09:08:51
1659344932627711000,25.25,10,25.25,2,25.3,7,2,2022-08-01 09:08:52
1659344932662514000,25.25,2,25.2,52,25.3,7,2,2022-08-01 09:08:52
1659344932662514000,25.2,4,25.2,52,25.3,7,2,2022-08-01 09:08:52
1659344934444850000,25.2,2,25.2,52,25.25,3,2,2022-08-01 09:08:54
1659344934815513000,25.25,1,25.2,52,25.25,17,1,2022-08-01 09:08:54
1659344934936121000,25.25,1,25.2,52,25.25,15,1,2022-08-01 09:08:54
1659344935933844000,25.25,10,25.2,52,25.25,5,1,2022-08-01 09:08:55
1659344936427368000,25.2,2,25.2,50,25.25,5,2,2022-08-01 09:08:56
1659344936569859000,25.25,1,25.2,50,25.25,4,1,2022-08-01 09:08:56
1659344937411134000,25.2,1,25.2,50,25.25,4,2,2022-08-01 09:08:57
1659344937771758000,25.25,6,25.2,50,25.25,6,1,2022-08-01 09:08:57
1659344938167880000,25.25,1,25.25,1,25.3,11,2,2022-08-01 09:08:58
1659344938310662000,25.25,1,25.2,42,25.25,1,2,2022-08-01 09:08:58
1659344939419318000,25.25,2,25.2,42,25.25,2,1,2022-08-01 09:08:59
1659344939784851000,25.2,3,25.2,39,25.25,2,2,2022-08-01 09:08:59
1659344940327180000,25.25,1,25.2,39,25.25,1,1,2022-08-01 09:09:00
1659344940879229000,25.25,4,25.2,44,25.3,10,1,2022-08-01 09:09:00
1659344941675046000,25.25,2,25.25,2,25.3,10,2,2022-08-01 09:09:01
1659344942410080000,25.25,1,25.2,45,25.3,10,1,2022-08-01 09:09:02
1659344943071780000,25.2,2,25.2,43,25.25,1,2,2022-08-01 09:09:03
1659344943344879000,25.2,43,25.15,14,25.2,29,2,2022-08-01 09:09:03
1659344943750269000,25.15,2,25.15,14,25.2,29,2,2022-08-01 09:09:03
1659344944198840000,25.2,2,25.15,12,25.2,27,1,2022-08-01 09:09:04
1659344944835662000,25.15,12,25.1,36,25.2,27,2,2022-08-01 09:09:04
1659344944835662000,25.1,3,25.1,36,25.2,27,2,2022-08-01 09:09:04
1659344946900713000,25.15,1,25.1,36,25.15,19,1,2022-08-01 09:09:06
1659344947981141000,25.1,1,25.1,35,25.15,19,2,2022-08-01 09:09:07
1659344948299919000,25.15,5,25.1,35,25.15,14,1,2022-08-01 09:09:08
1659344948632748000,25.1,1,25.1,34,25.15,14,2,2022-08-01 09:09:08
1659344948991279000,25.1,1,25.1,33,25.15,14,2,2022-08-01 09:09:08
1659344949212874000,25.1,1,25.1,28,25.15,14,2,2022-08-01 09:09:09
1659344949904090000,25.1,20,25.1,7,25.15,14,2,2022-08-01 09:09:09
1659344949920776000,25.1,1,25.1,6,25.15,14,2,2022-08-01 09:09:09
1659344949927830000,25.1,6,25.05,31,25.15,14,2,2022-08-01 09:09:09
1659344951111347000,25.05,1,25.05,31,25.15,15,2,2022-08-01 09:09:11
1659344952005795000,25.1,1,25.05,36,25.15,15,1,2022-08-01 09:09:12
1659344952109255000,25.05,1,25.05,35,25.15,15,2,2022-08-01 09:09:12
1659344952121567000,25.05,1,25.05,34,25.15,15,2,2022-08-01 09:09:12
1659344952145924000,25.05,1,25.05,33,25.15,15,2,2022-08-01 09:09:12
1659344952243397000,25.1,1,25.05,33,25.15,15,1,2022-08-01 09:09:12
1659344952359848000,25.05,1,25.05,33,25.1,1,2,2022-08-01 09:09:12
1659344952535502000,25.15,8,25.1,5,25.15,7,1,2022-08-01 09:09:12
1659344952550827000,25.15,4,25.1,5,25.15,3,1,2022-08-01 09:09:12
1659344952675348000,25.1,5,25.05,32,25.15,3,2,2022-08-01 09:09:12
1659344952680544000,25.05,1,25.05,31,25.15,3,2,2022-08-01 09:09:12
1659344952699622000,25.15,1,25.1,5,25.15,15,1,2022-08-01 09:09:12
1659344952889428000,25.05,1,25.05,30,25.1,4,2,2022-08-01 09:09:12
1659344952899173000,25.1,4,25.05,30,25.15,2,1,2022-08-01 09:09:12
1659344953332111000,25.05,4,25.05,26,25.1,5,2,2022-08-01 09:09:13
1659344953354092000,25.1,5,25.05,30,25.1,5,1,2022-08-01 09:09:13
1659344955336497000,25.05,1,25.05,25,25.1,7,2,2022-08-01 09:09:15
1659344955376748000,25.05,2,25.05,23,25.1,7,2,2022-08-01 09:09:15
1659344955856958000,25.05,10,25.05,14,25.1,8,2,2022-08-01 09:09:15
1659344956123610000,25.1,1,25.05,14,25.1,8,1,2022-08-01 09:09:16
1659344956497520000,25.1,1,25.05,14,25.1,7,1,2022-08-01 09:09:16
1659344957124731000,25.05,3,25.05,11,25.1,9,2,2022-08-01 09:09:17
1659344957943127000,25.05,1,25.05,10,25.1,9,2,2022-08-01 09:09:17
1659344958812181000,25.05,5,25.05,5,25.1,9,2,2022-08-01 09:09:18
1659344959078963000,25.1,1,25.05,5,25.1,8,1,2022-08-01 09:09:19
1659344959722685000,25.05,2,25.05,3,25.1,9,2,2022-08-01 09:09:19
1659344959742250000,25.1,1,25.05,3,25.1,8,1,2022-08-01 09:09:19
1659344959769792000,25.05,3,25.0,63,25.05,2,2,2022-08-01 09:09:19
1659344959801436000,25.05,2,25.05,5,25.1,9,1,2022-08-01 09:09:19
1659344960414722000,25.05,1,25.0,63,25.05,3,2,2022-08-01 09:09:20
1659344960450100000,25.05,3,25.0,63,25.1,8,1,2022-08-01 09:09:20
1659344961522080000,25.1,2,25.05,6,25.1,6,1,2022-08-01 09:09:21
1659344961551377000,25.1,6,25.05,6,25.15,11,1,2022-08-01 09:09:21
1659344961566329000,25.05,6,25.0,60,25.15,11,2,2022-08-01 09:09:21
1659344961566329000,25.0,1,25.0,60,25.15,11,2,2022-08-01 09:09:21
1659344961895324000,25.0,3,25.0,57,25.15,11,2,2022-08-01 09:09:21
1659344961942803000,25.05,3,25.0,57,25.15,11,1,2022-08-01 09:09:21
1659344962246446000,25.15,2,25.0,57,25.15,11,1,2022-08-01 09:09:22
1659344963930359000,25.05,1,25.0,57,25.05,4,1,2022-08-01 09:09:23
1659344963967276000,25.05,4,25.0,57,25.1,2,1,2022-08-01 09:09:23
1659344964757940000,25.1,2,25.05,5,25.1,2,1,2022-08-01 09:09:24
1659344965865623000,25.1,1,25.05,11,25.15,14,2,2022-08-01 09:09:25
1659344966068728000,25.05,1,25.05,10,25.15,14,2,2022-08-01 09:09:26
1659344967251172000,25.15,1,25.05,13,25.15,13,1,2022-08-01 09:09:27
1659344968328431000,25.1,1,25.1,1,25.15,13,2,2022-08-01 09:09:28
1659344968507832000,25.05,1,25.05,15,25.15,13,2,2022-08-01 09:09:28
1659344968709266000,25.05,1,25.05,14,25.15,13,2,2022-08-01 09:09:28
1659344971554950000,25.05,1,25.05,17,25.1,9,2,2022-08-01 09:09:31
1659344971878002000,25.05,2,25.05,15,25.1,9,2,2022-08-01 09:09:31
1659344972438805000,25.05,5,25.05,11,25.1,9,2,2022-08-01 09:09:32
1659344974727129000,25.05,10,25.05,25,25.1,11,2,2022-08-01 09:09:34
1659344975067186000,25.05,5,25.05,10,25.1,11,2,2022-08-01 09:09:35
1659344975632389000,25.05,1,25.05,11,25.1,11,2,2022-08-01 09:09:35
1659344978189113000,25.05,2,25.05,21,25.1,15,2,2022-08-01 09:09:38
1659344978490784000,25.05,1,25.05,20,25.1,15,2,2022-08-01 09:09:38
1659344982795997000,25.1,15,25.05,29,25.15,11,1,2022-08-01 09:09:42
1659344983927899000,25.15,5,25.1,7,25.15,10,1,2022-08-01 09:09:43
1659344984576235000,25.1,7,25.05,27,25.15,10,2,2022-08-01 09:09:44
1659344984576235000,25.05,3,25.05,27,25.15,10,2,2022-08-01 09:09:44
1659344985014129000,25.15,3,25.05,27,25.15,7,1,2022-08-01 09:09:45
1659344985052398000,25.15,6,25.05,27,25.15,1,1,2022-08-01 09:09:45
1659344985071561000,25.15,1,25.15,2,25.25,7,1,2022-08-01 09:09:45
1659344985113792000,25.25,7,25.15,2,25.3,5,1,2022-08-01 09:09:45
1659344985113792000,25.3,3,25.15,2,25.3,5,1,2022-08-01 09:09:45
1659344986198170000,25.15,2,25.15,2,25.3,5,2,2022-08-01 09:09:46
1659344986198170000,25.1,8,25.15,2,25.3,5,2,2022-08-01 09:09:46
1659344987590530000,25.1,1,25.1,7,25.3,5,2,2022-08-01 09:09:47
1659344988074611000,25.3,1,25.1,6,25.3,4,1,2022-08-01 09:09:48
1659344989708058000,25.15,1,25.1,6,25.3,4,2,2022-08-01 09:09:49
1659344992504045000,25.25,1,25.1,6,25.25,3,1,2022-08-01 09:09:52
1659344992979277000,25.1,1,25.1,7,25.25,8,2,2022-08-01 09:09:52
1659344993343437000,25.25,1,25.1,6,25.25,7,1,2022-08-01 09:09:53
1659344996187690000,25.15,1,25.1,8,25.15,1,1,2022-08-01 09:09:56
1659344996450935000,25.15,1,25.1,8,25.25,12,1,2022-08-01 09:09:56
1659344996450935000,25.25,1,25.1,8,25.25,12,1,2022-08-01 09:09:56
1659344999235915000,25.2,1,25.15,3,25.2,2,1,2022-08-01 09:09:59
1659345002797038000,25.15,4,25.1,17,25.2,23,2,2022-08-01 09:10:02
1659345003714989000,25.2,1,25.1,17,25.2,25,1,2022-08-01 09:10:03
1659345003837277000,25.2,1,25.1,17,25.2,24,1,2022-08-01 09:10:03
1659345004167082000,25.2,2,25.1,17,25.2,25,1,2022-08-01 09:10:04
1659345004964861000,25.15,1,25.1,17,25.2,25,2,2022-08-01 09:10:04
1659345005159969000,25.2,2,25.15,5,25.2,23,1,2022-08-01 09:10:05
1659345005187675000,25.15,5,25.15,5,25.2,25,2,2022-08-01 09:10:05
1659345008751479000,25.15,1,25.15,3,25.2,23,2,2022-08-01 09:10:08
1659345009394057000,25.15,2,25.15,2,25.2,23,2,2022-08-01 09:10:09
1659345009430976000,25.15,2,25.1,21,25.2,23,2,2022-08-01 09:10:09
1659345010002281000,25.15,1,25.1,22,25.15,1,1,2022-08-01 09:10:10
1659345011260947000,25.1,22,25.05,46,25.15,4,2,2022-08-01 09:10:11
1659345011957285000,25.15,1,25.05,46,25.15,3,1,2022-08-01 09:10:11
1659345012702573000,25.15,1,25.05,46,25.15,6,1,2022-08-01 09:10:12
1659345015106154000,25.15,1,25.05,46,25.15,5,1,2022-08-01 09:10:15
1659345016551766000,25.1,12,25.05,46,25.1,20,2,2022-08-01 09:10:16
1659345016659320000,25.1,20,25.05,46,25.15,12,1,2022-08-01 09:10:16
1659345016977371000,25.1,1,25.1,1,25.15,12,2,2022-08-01 09:10:16
1659345019978984000,25.1,2,25.05,46,25.15,13,2,2022-08-01 09:10:19
1659345019978984000,25.05,2,25.05,46,25.15,13,2,2022-08-01 09:10:19
1659345023752692000,25.05,30,25.05,16,25.1,4,2,2022-08-01 09:10:23
1659345023774269000,25.05,16,25.0,111,25.1,4,2,2022-08-01 09:10:23
1659345024096359000,25.1,7,25.0,111,25.15,6,1,2022-08-01 09:10:24
1659345024096359000,25.15,8,25.0,111,25.15,6,1,2022-08-01 09:10:24
1659345024545899000,25.05,5,25.0,111,25.15,6,2,2022-08-01 09:10:24
1659345024794924000,25.0,1,25.0,110,25.05,10,2,2022-08-01 09:10:24
1659345025318675000,25.05,1,25.0,110,25.05,9,1,2022-08-01 09:10:25
1659345025594301000,25.05,1,25.0,110,25.05,8,1,2022-08-01 09:10:25
1659345025846529000,25.05,1,25.0,110,25.05,7,1,2022-08-01 09:10:25
1659345025998773000,25.05,3,25.0,110,25.05,4,1,2022-08-01 09:10:25
1659345027330272000,25.05,1,25.0,109,25.05,3,1,2022-08-01 09:10:27
1659345028201524000,25.05,1,25.0,109,25.05,2,1,2022-08-01 09:10:28
1659345028247949000,25.05,1,25.0,109,25.05,1,1,2022-08-01 09:10:28
1659345030126932000,25.05,1,25.0,109,25.05,3,1,2022-08-01 09:10:30
1659345030692724000,25.05,1,25.0,109,25.05,2,1,2022-08-01 09:10:30
1659345030989858000,25.05,1,25.0,109,25.05,1,1,2022-08-01 09:10:30
1659345033964696000,25.05,1,25.0,102,25.1,7,1,2022-08-01 09:10:33
1659345034168834000,25.0,1,25.0,101,25.1,7,2,2022-08-01 09:10:34
1659345034361513000,25.05,1,25.05,1,25.1,7,2,2022-08-01 09:10:34
1659345035882834000,25.0,1,25.0,106,25.1,7,2,2022-08-01 09:10:35
1659345037928296000,25.0,1,25.0,106,25.1,7,2,2022-08-01 09:10:37
1659345038720250000,25.05,1,24.95,10,25.0,13,2,2022-08-01 09:10:38
1659345038720250000,25.0,106,24.95,10,25.0,13,2,2022-08-01 09:10:38
1659345039312677000,24.95,7,24.95,4,25.0,23,2,2022-08-01 09:10:39
1659345039343087000,24.95,3,24.95,1,25.0,23,2,2022-08-01 09:10:39
1659345039343294000,24.95,1,24.9,15,25.0,23,2,2022-08-01 09:10:39
1659345039357171000,24.9,1,24.9,14,25.0,23,2,2022-08-01 09:10:39
1659345039532232000,25.0,5,24.95,11,25.0,23,1,2022-08-01 09:10:39
1659345040090057000,25.0,10,24.9,14,25.0,8,1,2022-08-01 09:10:40
1659345040240377000,24.9,10,24.9,4,25.0,8,2,2022-08-01 09:10:40
1659345040255269000,25.0,1,24.9,4,25.0,7,1,2022-08-01 09:10:40
1659345040438886000,24.9,2,24.9,2,25.0,7,2,2022-08-01 09:10:40
1659345040600103000,24.95,2,24.9,2,24.95,2,1,2022-08-01 09:10:40
1659345041373796000,25.0,5,24.95,1,25.0,8,1,2022-08-01 09:10:41
1659345041692416000,24.95,1,24.9,2,24.95,8,2,2022-08-01 09:10:41
1659345041921608000,24.95,1,24.9,3,24.95,7,1,2022-08-01 09:10:41
1659345041999225000,24.95,7,24.9,3,25.0,5,1,2022-08-01 09:10:41
1659345041999225000,25.0,3,24.9,3,25.0,5,1,2022-08-01 09:10:41
1659345043418037000,24.95,1,24.9,3,24.95,1,1,2022-08-01 09:10:43
1659345043442683000,24.95,1,24.9,3,25.0,11,1,2022-08-01 09:10:43
1659345044229786000,24.95,1,24.9,3,24.95,5,1,2022-08-01 09:10:44
1659345045817206000,24.9,2,24.9,1,24.95,5,2,2022-08-01 09:10:45
1659345046367761000,24.95,1,24.9,1,24.95,4,1,2022-08-01 09:10:46
1659345047885455000,24.9,3,24.9,3,24.95,4,2,2022-08-01 09:10:47
1659345049097864000,24.9,1,24.9,2,24.95,4,2,2022-08-01 09:10:49
1659345049098923000,24.9,1,24.9,1,24.95,4,2,2022-08-01 09:10:49
1659345049116670000,24.9,1,24.85,58,24.95,4,2,2022-08-01 09:10:49
1659345053107198000,24.9,2,24.85,57,24.95,19,1,2022-08-01 09:10:53
1659345053212940000,24.85,1,24.85,56,24.95,19,2,2022-08-01 09:10:53
1659345053442442000,24.85,1,24.85,55,24.95,19,2,2022-08-01 09:10:53
1659345053469508000,24.85,1,24.85,54,24.95,19,2,2022-08-01 09:10:53
1659345054610121000,24.85,54,24.8,3,24.9,2,2,2022-08-01 09:10:54
1659345054610121000,24.8,26,24.8,3,24.9,2,2,2022-08-01 09:10:54
1659345054651862000,24.8,1,24.8,2,24.9,2,2,2022-08-01 09:10:54
1659345054681190000,24.8,2,24.85,54,24.9,2,2,2022-08-01 09:10:54
1659345056381036000,24.8,1,24.75,20,24.9,2,2,2022-08-01 09:10:56
1659345056950598000,24.85,1,24.75,20,24.8,5,2,2022-08-01 09:10:56
1659345056986841000,24.8,2,24.75,20,24.8,3,1,2022-08-01 09:10:56
1659345057017583000,24.8,3,24.75,20,24.9,4,1,2022-08-01 09:10:57
1659345057233737000,24.75,8,24.75,12,24.9,4,2,2022-08-01 09:10:57
1659345057687936000,24.75,8,24.75,4,24.85,1,2,2022-08-01 09:10:57
1659345057724055000,24.75,4,24.7,38,24.85,1,2,2022-08-01 09:10:57
1659345057879137000,24.75,6,24.7,38,24.85,1,1,2022-08-01 09:10:57
1659345058449099000,24.85,1,24.7,36,24.9,2,1,2022-08-01 09:10:58
1659345059365360000,24.75,1,24.7,36,24.85,1,2,2022-08-01 09:10:59
1659345062111036000,24.8,2,24.8,5,24.85,2,2,2022-08-01 09:11:02
1659345062476918000,24.8,1,24.8,4,24.85,1,2,2022-08-01 09:11:02
1659345062651446000,24.8,1,24.8,3,24.85,1,2,2022-08-01 09:11:02
1659345062681789000,24.8,3,24.8,3,24.85,1,2,2022-08-01 09:11:02
1659345063350048000,24.75,1,24.75,11,24.85,11,2,2022-08-01 09:11:03
1659345063518656000,24.8,2,24.75,11,24.85,21,1,2022-08-01 09:11:03
1659345065768882000,24.85,1,24.8,2,24.85,20,1,2022-08-01 09:11:05
1659345065927078000,24.8,1,24.8,1,24.85,20,2,2022-08-01 09:11:05
1659345066296231000,24.8,2,24.75,12,24.85,20,2,2022-08-01 09:11:06
1659345067080179000,24.75,2,24.75,10,24.85,20,2,2022-08-01 09:11:07
1659345068266557000,24.85,1,24.75,19,24.85,19,1,2022-08-01 09:11:08
1659345068562792000,24.75,10,24.75,9,24.85,19,2,2022-08-01 09:11:08
1659345068877647000,24.8,1,24.75,9,24.85,19,1,2022-08-01 09:11:08
1659345069875612000,24.8,1,24.8,1,24.85,19,1,2022-08-01 09:11:09
1659345071525675000,24.8,1,24.75,13,24.85,19,2,2022-08-01 09:11:11
1659345071711636000,24.75,7,24.75,6,24.85,19,2,2022-08-01 09:11:11
1659345072298313000,24.85,4,24.75,11,24.85,15,1,2022-08-01 09:11:12
1659345072360542000,24.8,2,24.75,11,24.85,15,1,2022-08-01 09:11:12
1659345072689164000,24.8,1,24.8,9,24.85,15,1,2022-08-01 09:11:12
1659345075184468000,24.8,7,24.8,8,24.85,15,2,2022-08-01 09:11:15
1659345077343182000,24.8,5,24.8,9,24.85,15,2,2022-08-01 09:11:17
1659345077428651000,24.8,1,24.8,8,24.85,15,2,2022-08-01 09:11:17
1659345077732457000,24.85,1,24.8,8,24.85,14,1,2022-08-01 09:11:17
1659345078346121000,24.8,6,24.8,2,24.85,14,2,2022-08-01 09:11:18
1659345079008242000,24.8,7,24.75,19,24.8,3,2,2022-08-01 09:11:19
1659345079039981000,24.8,3,24.75,19,24.85,4,1,2022-08-01 09:11:19
1659345079683523000,24.8,5,24.75,19,24.8,5,1,2022-08-01 09:11:19
1659345079713466000,24.8,5,24.75,19,24.85,6,1,2022-08-01 09:11:19
1659345080171362000,24.8,1,24.75,19,24.8,1,1,2022-08-01 09:11:20
1659345081167514000,24.8,1,24.8,2,24.85,6,2,2022-08-01 09:11:21
1659345083194172000,24.8,4,24.75,19,24.85,6,2,2022-08-01 09:11:23
1659345086688706000,24.85,6,24.8,21,24.9,14,1,2022-08-01 09:11:26
1659345087661438000,24.85,1,24.85,9,24.9,4,2,2022-08-01 09:11:27
1659345089150547000,24.85,2,24.85,10,24.9,4,2,2022-08-01 09:11:29
1659345090691158000,24.85,1,24.85,7,24.9,4,2,2022-08-01 09:11:30
1659345090693870000,24.9,2,24.85,7,24.9,2,1,2022-08-01 09:11:30
1659345091947630000,24.85,1,24.85,6,24.9,2,2,2022-08-01 09:11:31
1659345092270031000,24.9,1,24.85,6,24.9,1,1,2022-08-01 09:11:32
1659345092627742000,24.9,1,24.9,1,24.95,13,1,2022-08-01 09:11:32
1659345096204483000,24.9,2,24.9,9,24.95,13,2,2022-08-01 09:11:36
1659345096484610000,24.95,1,24.9,9,24.95,12,1,2022-08-01 09:11:36
1659345096782857000,24.9,1,24.9,9,24.95,12,2,2022-08-01 09:11:36
1659345101829940000,24.95,5,24.9,11,24.95,2,1,2022-08-01 09:11:41
1659345101860176000,24.95,2,24.9,11,25.0,10,1,2022-08-01 09:11:41
1659345102133429000,24.9,1,24.9,11,25.0,10,2,2022-08-01 09:11:42
1659345103119894000,24.95,1,24.9,11,25.0,10,1,2022-08-01 09:11:43
1659345104695413000,24.9,4,24.9,9,25.0,10,2,2022-08-01 09:11:44
1659345105835427000,25.0,1,24.9,16,25.0,9,1,2022-08-01 09:11:45
1659345109927474000,25.0,2,24.95,3,25.0,10,1,2022-08-01 09:11:49
1659345111907000000,25.0,2,24.95,4,25.0,5,1,2022-08-01 09:11:51
1659345112167311000,24.95,1,24.95,3,25.0,5,2,2022-08-01 09:11:52
1659345112279768000,25.0,5,24.95,3,25.05,2,1,2022-08-01 09:11:52
1659345114187212000,25.0,3,25.0,49,25.05,2,2,2022-08-01 09:11:54
1659345114665321000,25.05,1,25.0,52,25.05,2,1,2022-08-01 09:11:54
1659345117272683000,25.1,1,25.05,3,25.1,5,1,2022-08-01 09:11:57
1659345119354858000,25.1,1,25.05,4,25.1,4,1,2022-08-01 09:11:59
1659345119788447000,25.1,4,25.1,4,25.15,16,1,2022-08-01 09:11:59
1659345119825931000,25.1,4,25.05,4,25.15,16,2,2022-08-01 09:11:59
1659345121841773000,25.05,1,25.05,6,25.1,6,2,2022-08-01 09:12:01
1659345121871381000,25.05,6,25.0,53,25.1,6,2,2022-08-01 09:12:01
1659345122030321000,25.0,2,25.0,51,25.1,6,2,2022-08-01 09:12:02
1659345122760931000,25.1,1,25.0,52,25.1,5,1,2022-08-01 09:12:02
1659345123060183000,25.05,1,25.0,52,25.05,3,1,2022-08-01 09:12:03
1659345123455908000,25.05,2,25.0,52,25.1,4,1,2022-08-01 09:12:03
1659345123455908000,25.1,2,25.0,52,25.1,4,1,2022-08-01 09:12:03
1659345123822513000,25.1,1,25.05,1,25.1,3,1,2022-08-01 09:12:03
1659345124224319000,25.1,1,25.05,1,25.1,2,1,2022-08-01 09:12:04
1659345126169414000,25.1,1,25.05,1,25.1,2,1,2022-08-01 09:12:06
1659345126455908000,25.05,1,25.05,1,25.1,13,2,2022-08-01 09:12:06
1659345126484126000,25.05,1,25.0,64,25.1,13,2,2022-08-01 09:12:06
1659345126543359000,25.0,1,25.05,2,25.1,13,2,2022-08-01 09:12:06
1659345127136622000,25.05,5,25.05,5,25.1,13,2,2022-08-01 09:12:07
1659345128743796000,25.1,10,25.05,11,25.1,5,1,2022-08-01 09:12:08
1659345128779753000,25.1,5,25.05,11,25.15,21,1,2022-08-01 09:12:08
1659345130618779000,25.1,1,25.05,11,25.1,3,1,2022-08-01 09:12:10
1659345132858326000,25.1,2,25.05,13,25.15,21,1,2022-08-01 09:12:12
1659345133925103000,25.1,1,25.1,2,25.15,21,2,2022-08-01 09:12:13
1659345133959898000,25.1,2,25.1,3,25.15,21,2,2022-08-01 09:12:13
1659345134872150000,25.15,10,25.1,1,25.15,11,1,2022-08-01 09:12:14
1659345135618644000,25.1,3,25.1,3,25.15,15,2,2022-08-01 09:12:15
1659345136393205000,25.1,1,25.05,16,25.1,1,1,2022-08-01 09:12:16
1659345138776258000,25.1,1,25.05,16,25.1,1,1,2022-08-01 09:12:18
1659345139569874000,25.1,1,25.05,17,25.15,15,1,2022-08-01 09:12:19
1659345140394782000,25.1,1,25.05,17,25.15,15,2,2022-08-01 09:12:20
1659345140426391000,25.05,17,25.0,86,25.15,15,2,2022-08-01 09:12:20
1659345141269886000,25.05,2,25.0,86,25.1,5,2,2022-08-01 09:12:21
1659345142816180000,25.1,1,25.0,86,25.1,9,1,2022-08-01 09:12:22
1659345143588787000,25.1,5,25.0,86,25.1,4,1,2022-08-01 09:12:23
1659345145428747000,25.05,5,25.05,4,25.1,7,2,2022-08-01 09:12:25
1659345145445926000,25.1,2,25.05,4,25.1,5,1,2022-08-01 09:12:25
1659345145468364000,25.05,3,25.05,1,25.1,5,2,2022-08-01 09:12:25
1659345145468430000,25.05,1,25.0,76,25.1,5,2,2022-08-01 09:12:25
1659345145684358000,25.0,76,24.95,9,25.1,10,2,2022-08-01 09:12:25
1659345146083393000,25.05,1,24.95,9,25.05,10,1,2022-08-01 09:12:26
1659345146365152000,25.0,1,24.95,9,25.05,9,2,2022-08-01 09:12:26
1659345146482510000,25.05,3,25.0,1,25.05,9,1,2022-08-01 09:12:26
1659345148510212000,25.0,2,24.95,9,25.05,7,2,2022-08-01 09:12:28
1659345149501064000,25.0,1,24.95,14,25.05,7,1,2022-08-01 09:12:29
1659345149813477000,25.05,1,24.95,14,25.05,5,1,2022-08-01 09:12:29
1659345150723726000,24.95,2,24.95,12,25.05,6,2,2022-08-01 09:12:30
1659345150756757000,24.95,12,24.9,10,25.05,6,2,2022-08-01 09:12:30
1659345151525032000,24.95,1,24.9,10,24.95,1,1,2022-08-01 09:12:31
1659345151562922000,24.95,1,24.9,10,25.05,2,1,2022-08-01 09:12:31
1659345152032303000,25.05,1,24.9,10,25.05,6,1,2022-08-01 09:12:32
1659345153778278000,24.95,1,24.9,10,25.0,10,2,2022-08-01 09:12:33
1659345156658775000,25.0,5,24.9,15,25.0,10,1,2022-08-01 09:12:36
1659345159067595000,24.95,1,24.9,56,24.95,14,1,2022-08-01 09:12:39
1659345159511517000,24.95,2,24.9,56,24.95,11,1,2022-08-01 09:12:39
1659345159672143000,24.95,2,24.9,56,24.95,9,1,2022-08-01 09:12:39
1659345160288957000,24.95,1,24.9,51,24.95,14,1,2022-08-01 09:12:40
1659345160752249000,24.95,5,24.9,51,24.95,8,1,2022-08-01 09:12:40
1659345161240722000,24.95,5,24.9,51,24.95,3,1,2022-08-01 09:12:41
1659345161275157000,24.95,3,24.9,51,25.0,22,1,2022-08-01 09:12:41
1659345161619652000,24.9,1,24.9,51,25.0,22,2,2022-08-01 09:12:41
1659345161691345000,25.0,1,24.9,50,25.0,21,1,2022-08-01 09:12:41
1659345163642395000,24.95,1,24.9,50,24.95,1,1,2022-08-01 09:12:43
1659345165065519000,24.95,1,24.9,50,25.0,21,1,2022-08-01 09:12:45
1659345167280782000,25.0,1,24.95,4,25.0,16,1,2022-08-01 09:12:47
1659345167827597000,25.0,2,24.95,4,25.0,14,1,2022-08-01 09:12:47
1659345168251003000,24.95,2,24.95,2,25.0,14,2,2022-08-01 09:12:48
1659345169484454000,24.95,5,24.95,1,25.0,14,2,2022-08-01 09:12:49
1659345172345122000,24.95,1,24.95,7,25.0,16,2,2022-08-01 09:12:52
1659345174080439000,24.95,5,24.95,7,25.0,16,2,2022-08-01 09:12:54
1659345174529272000,24.95,3,24.95,5,25.0,16,2,2022-08-01 09:12:54
1659345176858498000,24.95,2,24.95,18,25.0,16,2,2022-08-01 09:12:56
1659345177321602000,24.95,18,24.9,52,25.0,16,2,2022-08-01 09:12:57
1659345177321602000,24.9,12,24.9,52,25.0,16,2,2022-08-01 09:12:57
1659345177500485000,24.95,2,24.9,52,25.0,16,2,2022-08-01 09:12:57
1659345177831010000,24.9,5,24.9,47,25.0,16,2,2022-08-01 09:12:57
1659345180261801000,24.9,3,24.9,45,24.95,7,2,2022-08-01 09:13:00
1659345180287758000,24.9,2,24.9,43,24.95,7,2,2022-08-01 09:13:00
1659345180802666000,24.9,3,24.9,40,24.95,12,2,2022-08-01 09:13:00
1659345181721670000,24.9,10,24.9,30,24.95,12,2,2022-08-01 09:13:01
1659345182184845000,24.9,16,24.9,14,24.95,12,2,2022-08-01 09:13:02
1659345183220823000,24.9,1,24.9,13,24.95,8,2,2022-08-01 09:13:03
1659345183421564000,24.95,2,24.9,13,24.95,6,1,2022-08-01 09:13:03
1659345183747869000,24.9,1,24.9,12,24.95,6,2,2022-08-01 09:13:03
1659345184761074000,24.9,4,24.9,8,24.95,26,2,2022-08-01 09:13:04
1659345184794542000,24.9,8,24.85,20,24.95,26,2,2022-08-01 09:13:04
1659345186800627000,24.85,20,24.8,91,24.9,6,2,2022-08-01 09:13:06
1659345187041701000,24.9,1,24.8,91,24.9,5,1,2022-08-01 09:13:07
1659345187064589000,24.8,10,24.85,20,24.9,6,2,2022-08-01 09:13:07
1659345187245595000,24.9,1,24.8,81,24.9,4,1,2022-08-01 09:13:07
1659345187890116000,24.8,20,24.8,61,24.9,4,2,2022-08-01 09:13:07
1659345190843699000,24.8,4,24.8,57,24.9,6,2,2022-08-01 09:13:10
1659345191456324000,24.8,2,24.8,57,24.9,7,2,2022-08-01 09:13:11
1659345192366779000,24.9,3,24.8,55,24.9,22,1,2022-08-01 09:13:12
1659345193079276000,24.9,1,24.8,55,24.9,25,1,2022-08-01 09:13:13
1659345193988575000,24.85,1,24.8,55,24.9,24,1,2022-08-01 09:13:13
1659345194710525000,24.85,1,24.8,55,24.9,24,2,2022-08-01 09:13:14
1659345195189770000,24.8,50,24.8,5,24.9,24,2,2022-08-01 09:13:15
1659345195226989000,24.8,4,24.8,1,24.9,24,2,2022-08-01 09:13:15
1659345195241930000,24.8,1,24.75,29,24.9,24,2,2022-08-01 09:13:15
1659345195313253000,24.9,5,24.75,29,24.9,19,1,2022-08-01 09:13:15
1659345197376060000,24.85,1,24.8,10,24.85,13,1,2022-08-01 09:13:17
1659345197614838000,24.8,10,24.8,10,24.85,14,2,2022-08-01 09:13:17
1659345198072417000,24.8,1,24.8,1,24.85,13,2,2022-08-01 09:13:18
1659345198175134000,24.75,1,24.75,28,24.8,1,2,2022-08-01 09:13:18
1659345198812662000,24.75,1,24.75,27,24.8,1,2,2022-08-01 09:13:18
1659345198936143000,24.8,1,24.75,27,24.85,13,1,2022-08-01 09:13:18
1659345202387102000,24.8,1,24.75,28,24.8,6,1,2022-08-01 09:13:22
1659345205026419000,24.8,1,24.75,28,24.8,9,1,2022-08-01 09:13:25
1659345206725878000,24.8,1,24.75,30,24.8,13,1,2022-08-01 09:13:26
1659345207032913000,24.8,5,24.75,30,24.8,8,1,2022-08-01 09:13:27
1659345207057202000,24.8,1,24.75,30,24.8,7,1,2022-08-01 09:13:27
1659345207093251000,24.8,1,24.75,30,24.8,6,1,2022-08-01 09:13:27
1659345207958872000,24.8,8,24.8,2,24.85,38,1,2022-08-01 09:13:27
1659345211027835000,24.8,1,24.8,5,24.85,25,2,2022-08-01 09:13:31
1659345215816758000,24.8,3,24.8,10,24.85,22,2,2022-08-01 09:13:35
1659345220738232000,24.8,4,24.8,19,24.85,22,2,2022-08-01 09:13:40
1659345221268106000,24.85,1,24.8,20,24.85,21,1,2022-08-01 09:13:41
1659345222177355000,24.8,1,24.8,19,24.85,21,2,2022-08-01 09:13:42
1659345222496752000,24.8,1,24.8,18,24.85,21,2,2022-08-01 09:13:42
1659345227126195000,24.8,1,24.8,24,24.85,21,2,2022-08-01 09:13:47
1659345229725252000,24.8,1,24.8,27,24.85,21,2,2022-08-01 09:13:49
1659345231687664000,24.85,1,24.8,33,24.85,20,1,2022-08-01 09:13:51
1659345232207130000,24.85,2,24.8,33,24.85,18,1,2022-08-01 09:13:52
