ts,close,volume,bid_price,bid_volume,ask_price,ask_volume,tick_type,datetime
1662973321278542000,24.8,1083,24.75,5,24.8,40,1,2022-09-12 09:02:01
1662973322212987000,24.75,5,24.7,5,24.8,41,2,2022-09-12 09:02:02
1662973323188499000,24.7,5,24.6,19,24.65,17,2,2022-09-12 09:02:03
1662973323188499000,24.65,18,24.6,19,24.65,17,2,2022-09-12 09:02:03
1662973323224312000,24.6,1,24.6,18,24.65,17,2,2022-09-12 09:02:03
1662973323235832000,24.6,1,24.6,17,24.65,17,2,2022-09-12 09:02:03
1662973323243096000,24.6,1,24.6,16,24.65,17,2,2022-09-12 09:02:03
1662973323539504000,24.65,17,24.75,6,24.8,41,1,2022-09-12 09:02:03
1662973323539504000,24.75,2,24.75,6,24.8,41,1,2022-09-12 09:02:03
1662973323575751000,24.75,2,24.75,4,24.8,41,2,2022-09-12 09:02:03
1662973323575790000,24.75,4,24.6,16,24.8,41,2,2022-09-12 09:02:03
1662973324048377000,24.75,1,24.65,2,24.75,10,1,2022-09-12 09:02:04
1662973324630407000,24.8,40,24.65,30,24.8,1,1,2022-09-12 09:02:04
1662973324667380000,24.8,1,24.65,30,24.85,54,1,2022-09-12 09:02:04
1662973324781341000,24.85,10,24.7,1,24.85,54,1,2022-09-12 09:02:04
1662973325558211000,24.85,5,24.8,12,24.85,39,1,2022-09-12 09:02:05
1662973325910358000,24.85,2,24.8,14,24.85,37,1,2022-09-12 09:02:05
1662973325953325000,24.85,5,24.8,14,24.85,32,1,2022-09-12 09:02:05
1662973325974176000,24.85,6,24.8,14,24.85,26,1,2022-09-12 09:02:05
1662973326108533000,24.85,2,24.8,14,24.85,24,1,2022-09-12 09:02:06
1662973326133556000,24.8,3,24.8,11,24.85,24,2,2022-09-12 09:02:06
1662973326287483000,24.85,2,24.8,11,24.85,22,1,2022-09-12 09:02:06
1662973326322817000,24.85,2,24.8,11,24.85,22,1,2022-09-12 09:02:06
1662973326718605000,24.85,2,24.8,11,24.85,18,1,2022-09-12 09:02:06
1662973326725032000,24.85,4,24.8,11,24.85,14,1,2022-09-12 09:02:06
1662973326751735000,24.85,3,24.8,11,24.85,11,1,2022-09-12 09:02:06
1662973327320752000,24.85,1,24.8,11,24.85,10,1,2022-09-12 09:02:07
1662973327567237000,24.85,2,24.8,11,24.85,8,1,2022-09-12 09:02:07
1662973327763538000,24.85,7,24.8,11,24.85,1,1,2022-09-12 09:02:07
1662973327800982000,24.85,1,24.8,11,24.9,50,1,2022-09-12 09:02:07
1662973327932122000,24.9,1,24.8,11,24.9,49,1,2022-09-12 09:02:07
1662973328140388000,24.9,3,24.8,7,24.9,46,1,2022-09-12 09:02:08
1662973328200154000,24.9,2,24.8,7,24.9,44,1,2022-09-12 09:02:08
1662973328222246000,24.8,2,24.8,5,24.9,44,2,2022-09-12 09:02:08
1662973328230525000,24.8,1,24.8,4,24.9,44,2,2022-09-12 09:02:08
1662973328254695000,24.9,23,24.8,4,24.9,21,1,2022-09-12 09:02:08
1662973329573017000,24.9,2,24.85,30,24.9,19,1,2022-09-12 09:02:09
1662973329594702000,24.9,2,24.85,30,24.9,17,1,2022-09-12 09:02:09
1662973329762646000,24.85,1,24.85,29,24.9,17,2,2022-09-12 09:02:09
1662973330303233000,24.9,4,24.85,25,24.9,13,1,2022-09-12 09:02:10
1662973330325851000,24.85,8,24.85,17,24.9,13,2,2022-09-12 09:02:10
1662973330340504000,24.9,12,24.85,17,24.9,1,1,2022-09-12 09:02:10
1662973330340604000,24.9,1,24.85,17,24.95,18,1,2022-09-12 09:02:10
1662973330421170000,24.9,1,24.85,17,24.95,18,2,2022-09-12 09:02:10
1662973330557056000,24.85,7,24.85,10,24.95,18,2,2022-09-12 09:02:10
1662973330801502000,24.9,2,24.85,10,24.95,18,2,2022-09-12 09:02:10
1662973330847228000,24.95,5,24.85,10,24.95,18,1,2022-09-12 09:02:10
1662973330883033000,24.95,12,24.85,11,24.95,1,1,2022-09-12 09:02:10
1662973330883090000,24.95,1,24.85,11,25.0,44,1,2022-09-12 09:02:10
1662973331567964000,24.85,2,24.85,11,25.0,44,2,2022-09-12 09:02:11
1662973332305864000,25.0,2,24.9,12,25.0,44,1,2022-09-12 09:02:12
1662973332847531000,24.95,1,24.9,9,25.0,42,2,2022-09-12 09:02:12
1662973333279228000,25.0,5,24.9,9,25.0,42,1,2022-09-12 09:02:13
1662973334370636000,24.9,1,24.9,18,25.0,37,2,2022-09-12 09:02:14
1662973334777148000,25.0,1,24.9,19,25.0,36,1,2022-09-12 09:02:14
1662973335267095000,24.9,1,24.9,21,25.0,36,2,2022-09-12 09:02:15
1662973335521360000,25.0,1,24.9,23,25.0,35,1,2022-09-12 09:02:15
1662973335609792000,25.0,5,24.9,23,25.0,30,1,2022-09-12 09:02:15
1662973335748186000,24.95,1,24.9,23,25.0,30,2,2022-09-12 09:02:15
1662973336011846000,25.0,1,24.9,23,25.0,29,1,2022-09-12 09:02:16
1662973337223665000,25.0,1,24.9,23,25.0,28,1,2022-09-12 09:02:17
1662973337928099000,25.0,1,24.95,2,25.0,27,1,2022-09-12 09:02:17
1662973338129800000,25.0,3,24.95,2,25.0,24,1,2022-09-12 09:02:18
1662973338175347000,25.0,10,24.95,2,25.0,14,1,2022-09-12 09:02:18
1662973338398495000,24.95,2,24.95,1,25.0,18,2,2022-09-12 09:02:18
1662973338451340000,25.0,3,24.95,1,25.0,15,1,2022-09-12 09:02:18
1662973338650828000,24.95,1,24.9,20,25.0,15,2,2022-09-12 09:02:18
1662973338650828000,24.9,9,24.9,20,25.0,15,2,2022-09-12 09:02:18
1662973338945315000,25.0,2,24.9,20,25.0,14,1,2022-09-12 09:02:18
1662973339011163000,25.0,10,24.9,20,25.0,4,1,2022-09-12 09:02:19
1662973339070872000,25.0,1,24.9,20,25.0,3,1,2022-09-12 09:02:19
1662973339159196000,25.0,2,24.9,20,25.0,1,1,2022-09-12 09:02:19
1662973339442568000,25.0,1,24.9,20,25.05,32,1,2022-09-12 09:02:19
1662973339498869000,25.0,5,24.9,20,25.05,32,2,2022-09-12 09:02:19
1662973340509737000,25.0,5,24.95,10,25.0,35,2,2022-09-12 09:02:20
1662973340619151000,25.0,1,24.95,10,25.0,34,1,2022-09-12 09:02:20
1662973340673883000,25.0,1,24.95,10,25.0,33,1,2022-09-12 09:02:20
1662973340809964000,25.0,1,24.95,10,25.0,32,1,2022-09-12 09:02:20
1662973340939793000,25.0,1,24.95,10,25.0,31,1,2022-09-12 09:02:20
1662973341137831000,25.0,3,24.95,10,25.0,28,1,2022-09-12 09:02:21
1662973341199220000,25.0,1,24.95,10,25.0,27,1,2022-09-12 09:02:21
1662973341251107000,25.0,4,24.95,10,25.0,23,1,2022-09-12 09:02:21
1662973341531635000,25.0,1,24.95,10,25.0,22,1,2022-09-12 09:02:21
1662973341695238000,25.0,1,24.95,10,25.0,21,1,2022-09-12 09:02:21
1662973341726456000,25.0,1,24.95,10,25.0,20,1,2022-09-12 09:02:21
1662973341870412000,24.95,1,24.95,9,25.0,20,2,2022-09-12 09:02:21
1662973341937365000,25.0,2,24.95,9,25.0,18,1,2022-09-12 09:02:21
1662973341997280000,25.0,1,24.95,5,25.0,17,1,2022-09-12 09:02:21
1662973342062560000,25.0,3,24.95,5,25.0,14,1,2022-09-12 09:02:22
1662973342137730000,25.0,1,24.95,5,25.0,13,1,2022-09-12 09:02:22
1662973342276483000,25.0,5,24.95,5,25.0,14,1,2022-09-12 09:02:22
1662973342588925000,25.0,6,24.95,10,25.0,3,1,2022-09-12 09:02:22
1662973343129876000,25.0,1,24.95,10,25.0,2,1,2022-09-12 09:02:23
1662973343170515000,25.0,2,24.95,10,25.05,32,1,2022-09-12 09:02:23
1662973344732814000,25.05,1,25.0,21,25.05,32,1,2022-09-12 09:02:24
1662973345123706000,25.05,1,25.0,22,25.05,30,1,2022-09-12 09:02:25
1662973345246679000,25.05,3,25.0,23,25.05,30,1,2022-09-12 09:02:25
1662973345405248000,25.05,2,25.0,23,25.05,25,1,2022-09-12 09:02:25
1662973345774328000,25.05,1,25.0,24,25.05,24,1,2022-09-12 09:02:25
1662973346283401000,25.0,2,25.0,30,25.05,24,2,2022-09-12 09:02:26
1662973346501371000,25.05,2,25.0,28,25.05,24,1,2022-09-12 09:02:26
1662973347164909000,25.05,1,25.0,29,25.05,23,1,2022-09-12 09:02:27
1662973347310824000,25.05,2,25.0,29,25.05,21,1,2022-09-12 09:02:27
1662973347313420000,25.05,1,25.0,29,25.05,24,1,2022-09-12 09:02:27
1662973347643084000,25.05,10,25.0,30,25.05,10,1,2022-09-12 09:02:27
1662973347677285000,25.05,10,25.0,31,25.1,33,1,2022-09-12 09:02:27
1662973347974515000,25.0,4,25.0,27,25.05,10,2,2022-09-12 09:02:27
1662973347983046000,25.0,1,25.0,26,25.05,10,2,2022-09-12 09:02:27
1662973348053842000,25.05,1,25.0,26,25.05,9,1,2022-09-12 09:02:28
1662973348149839000,25.0,1,25.0,25,25.05,9,2,2022-09-12 09:02:28
1662973348380720000,25.0,6,25.0,18,25.05,9,2,2022-09-12 09:02:28
1662973348599441000,25.05,1,25.0,19,25.05,8,1,2022-09-12 09:02:28
1662973348796982000,25.05,5,25.0,19,25.05,3,1,2022-09-12 09:02:28
1662973348867542000,25.05,1,25.0,19,25.05,2,1,2022-09-12 09:02:28
1662973348884114000,25.0,1,25.0,18,25.05,2,2,2022-09-12 09:02:28
1662973348979094000,25.05,2,25.0,18,25.1,30,1,2022-09-12 09:02:28
1662973348979094000,25.1,3,25.0,18,25.1,30,1,2022-09-12 09:02:28
1662973349141287000,25.0,1,25.0,17,25.05,10,2,2022-09-12 09:02:29
1662973349170569000,25.0,1,25.0,16,25.05,10,2,2022-09-12 09:02:29
1662973349341483000,25.05,1,25.0,18,25.05,10,1,2022-09-12 09:02:29
1662973349351648000,25.0,1,25.0,15,25.05,9,2,2022-09-12 09:02:29
1662973349399352000,25.0,1,25.0,14,25.05,10,2,2022-09-12 09:02:29
1662973349515747000,25.0,1,25.0,13,25.05,10,2,2022-09-12 09:02:29
1662973349849049000,25.05,5,25.0,14,25.05,10,1,2022-09-12 09:02:29
1662973350194566000,25.05,5,25.0,14,25.1,30,1,2022-09-12 09:02:30
1662973350489229000,25.1,1,25.05,1,25.1,29,1,2022-09-12 09:02:30
1662973350899227000,25.05,1,25.05,10,25.1,39,2,2022-09-12 09:02:30
1662973350949693000,25.05,7,25.05,3,25.1,39,2,2022-09-12 09:02:30
1662973350989890000,25.05,3,25.0,15,25.1,39,2,2022-09-12 09:02:30
1662973351084573000,25.0,8,25.0,7,25.1,39,2,2022-09-12 09:02:31
1662973351115192000,25.0,1,25.0,6,25.1,39,2,2022-09-12 09:02:31
1662973351396024000,25.0,1,25.0,7,25.1,41,2,2022-09-12 09:02:31
1662973351966147000,25.05,5,25.05,1,25.1,43,2,2022-09-12 09:02:31
1662973352028420000,25.1,1,25.05,1,25.1,42,1,2022-09-12 09:02:32
1662973352367255000,25.1,10,25.05,1,25.1,32,1,2022-09-12 09:02:32
1662973352863246000,25.0,1,25.0,7,25.1,32,2,2022-09-12 09:02:32
1662973353609269000,25.05,2,25.0,9,25.05,9,1,2022-09-12 09:02:33
1662973353870738000,25.05,5,25.0,9,25.05,6,1,2022-09-12 09:02:33
1662973354112299000,25.05,2,25.0,9,25.05,8,1,2022-09-12 09:02:34
1662973354129157000,25.0,2,25.0,7,25.05,8,2,2022-09-12 09:02:34
1662973354352178000,25.05,8,25.0,7,25.1,20,1,2022-09-12 09:02:34
1662973354352178000,25.1,12,25.0,7,25.1,20,1,2022-09-12 09:02:34
1662973355084887000,25.05,2,25.0,12,25.05,10,1,2022-09-12 09:02:35
1662973355128350000,25.05,10,25.0,12,25.1,13,1,2022-09-12 09:02:35
1662973355128350000,25.1,7,25.0,12,25.1,13,1,2022-09-12 09:02:35
1662973355132698000,25.1,1,25.0,12,25.1,12,1,2022-09-12 09:02:35
1662973355454728000,25.1,10,25.0,12,25.15,25,1,2022-09-12 09:02:35
1662973356302945000,25.1,4,25.05,5,25.15,25,2,2022-09-12 09:02:36
1662973356302945000,25.05,1,25.05,5,25.15,25,2,2022-09-12 09:02:36
1662973356472082000,25.05,1,25.05,6,25.15,25,2,2022-09-12 09:02:36
1662973356600699000,25.15,1,25.05,6,25.15,24,1,2022-09-12 09:02:36
1662973356861608000,25.05,1,25.05,5,25.15,24,2,2022-09-12 09:02:36
1662973357479378000,25.05,1,25.05,4,25.15,10,2,2022-09-12 09:02:37
1662973357578015000,25.15,5,25.05,4,25.15,5,1,2022-09-12 09:02:37
1662973357606042000,25.15,5,25.15,7,25.2,24,1,2022-09-12 09:02:37
1662973357856650000,25.2,4,25.15,7,25.2,24,1,2022-09-12 09:02:37
1662973358200665000,25.15,1,25.15,6,25.2,20,2,2022-09-12 09:02:38
1662973358321186000,25.2,5,25.15,6,25.2,20,1,2022-09-12 09:02:38
1662973358484822000,25.2,1,25.15,6,25.2,14,1,2022-09-12 09:02:38
1662973359023212000,25.2,5,25.15,6,25.2,9,1,2022-09-12 09:02:39
1662973359044346000,25.2,9,25.15,6,25.25,2,1,2022-09-12 09:02:39
1662973359156150000,25.15,1,25.15,6,25.25,2,2,2022-09-12 09:02:39
1662973359410677000,25.15,1,25.15,4,25.25,2,2,2022-09-12 09:02:39
1662973359463356000,25.15,4,25.1,17,25.25,2,2,2022-09-12 09:02:39
1662973359463356000,25.1,3,25.1,17,25.25,2,2,2022-09-12 09:02:39
1662973360311779000,25.2,1,25.1,19,25.2,1,1,2022-09-12 09:02:40
1662973360311779000,25.25,2,25.1,19,25.2,1,1,2022-09-12 09:02:40
1662973360311779000,25.3,7,25.1,19,25.2,1,1,2022-09-12 09:02:40
1662973360368670000,25.15,1,25.15,10,25.3,11,2,2022-09-12 09:02:40
1662973360654002000,25.15,1,25.15,9,25.25,2,2,2022-09-12 09:02:40
1662973360718438000,25.25,2,25.15,9,25.25,1,1,2022-09-12 09:02:40
1662973361713003000,25.25,1,25.2,7,25.3,10,1,2022-09-12 09:02:41
1662973361713003000,25.3,1,25.2,7,25.3,10,1,2022-09-12 09:02:41
1662973362545497000,25.2,1,25.2,18,25.3,9,2,2022-09-12 09:02:42
1662973362602259000,25.2,10,25.2,8,25.3,9,2,2022-09-12 09:02:42
1662973362636295000,25.25,2,25.2,8,25.25,8,1,2022-09-12 09:02:42
1662973362746120000,25.25,1,25.2,8,25.25,7,1,2022-09-12 09:02:42
1662973362749024000,25.2,1,25.2,8,25.25,10,2,2022-09-12 09:02:42
1662973362949842000,25.2,1,25.2,6,25.25,7,2,2022-09-12 09:02:42
1662973363070286000,25.2,1,25.2,5,25.25,7,2,2022-09-12 09:02:43
1662973363125975000,25.2,1,25.2,4,25.25,7,2,2022-09-12 09:02:43
1662973363154574000,25.25,1,25.2,4,25.25,6,1,2022-09-12 09:02:43
1662973363310737000,25.2,1,25.2,3,25.25,6,2,2022-09-12 09:02:43
1662973363507488000,25.2,1,25.2,2,25.25,6,2,2022-09-12 09:02:43
1662973363530287000,25.25,3,25.2,2,25.25,3,1,2022-09-12 09:02:43
1662973363772253000,25.2,1,25.2,2,25.25,3,2,2022-09-12 09:02:43
1662973364010793000,25.25,1,25.2,1,25.25,2,1,2022-09-12 09:02:44
1662973364052953000,25.25,1,25.2,1,25.25,1,1,2022-09-12 09:02:44
1662973364583431000,25.25,1,25.2,1,25.3,19,1,2022-09-12 09:02:44
1662973364720761000,25.2,1,25.2,2,25.3,19,2,2022-09-12 09:02:44
1662973365091696000,25.2,1,25.15,14,25.25,1,2,2022-09-12 09:02:45
1662973365483516000,25.25,1,25.2,20,25.3,17,1,2022-09-12 09:02:45
1662973365483516000,25.3,9,25.2,20,25.3,17,1,2022-09-12 09:02:45
1662973365580095000,25.2,1,25.2,19,25.3,17,2,2022-09-12 09:02:45
1662973366410552000,25.3,1,25.25,3,25.3,16,1,2022-09-12 09:02:46
1662973366565259000,25.25,1,25.25,2,25.3,16,2,2022-09-12 09:02:46
1662973366674197000,25.25,1,25.25,2,25.3,16,2,2022-09-12 09:02:46
1662973366916769000,25.25,1,25.2,20,25.25,1,2,2022-09-12 09:02:46
1662973367620652000,25.25,2,25.2,21,25.25,1,1,2022-09-12 09:02:47
1662973367846774000,25.25,1,25.2,21,25.25,1,1,2022-09-12 09:02:47
1662973368054075000,25.3,5,25.25,1,25.3,12,1,2022-09-12 09:02:48
1662973368544422000,25.25,4,25.2,22,25.3,12,2,2022-09-12 09:02:48
1662973368544422000,25.2,1,25.2,22,25.3,12,2,2022-09-12 09:02:48
1662973368973064000,25.3,5,25.25,2,25.3,7,1,2022-09-12 09:02:48
1662973369239469000,25.25,2,25.2,16,25.3,7,2,2022-09-12 09:02:49
1662973369239469000,25.2,7,25.2,16,25.3,7,2,2022-09-12 09:02:49
1662973369437645000,25.2,5,25.2,11,25.3,7,2,2022-09-12 09:02:49
1662973370281125000,25.25,2,25.25,2,25.3,8,2,2022-09-12 09:02:50
1662973370714006000,25.25,1,25.25,3,25.3,8,2,2022-09-12 09:02:50
1662973370907356000,25.25,1,25.25,1,25.3,8,2,2022-09-12 09:02:50
1662973370936631000,25.25,1,25.25,1,25.3,8,2,2022-09-12 09:02:50
1662973370969856000,25.25,1,25.2,15,25.3,8,2,2022-09-12 09:02:50
1662973371116561000,25.2,1,25.2,14,25.3,8,2,2022-09-12 09:02:51
1662973371267485000,25.2,1,25.2,13,25.3,8,2,2022-09-12 09:02:51
1662973371465694000,25.2,1,25.2,13,25.25,1,2,2022-09-12 09:02:51
1662973371651754000,25.2,1,25.2,12,25.25,1,2,2022-09-12 09:02:51
1662973371688700000,25.2,1,25.2,11,25.25,1,2,2022-09-12 09:02:51
1662973371697420000,25.2,1,25.2,10,25.25,1,2,2022-09-12 09:02:51
1662973371815833000,25.25,1,25.2,10,25.3,7,1,2022-09-12 09:02:51
1662973371815833000,25.3,1,25.2,10,25.3,7,1,2022-09-12 09:02:51
1662973371915142000,25.2,1,25.2,9,25.3,7,2,2022-09-12 09:02:51
1662973372052748000,25.3,1,25.2,9,25.3,6,1,2022-09-12 09:02:52
1662973372392740000,25.25,1,25.2,11,25.3,9,1,2022-09-12 09:02:52
1662973372450049000,25.25,2,25.2,11,25.3,1,1,2022-09-12 09:02:52
1662973372450049000,25.3,8,25.2,11,25.3,1,1,2022-09-12 09:02:52
1662973372743408000,25.25,1,25.2,11,25.3,1,2,2022-09-12 09:02:52
1662973372951166000,25.2,5,25.2,6,25.3,3,2,2022-09-12 09:02:52
1662973373126996000,25.25,1,25.2,6,25.3,3,2,2022-09-12 09:02:53
1662973373308460000,25.2,1,25.2,6,25.3,3,2,2022-09-12 09:02:53
1662973374169973000,25.3,3,25.3,4,25.35,10,1,2022-09-12 09:02:54
1662973374199409000,25.3,4,25.25,1,25.3,1,2,2022-09-12 09:02:54
1662973374209488000,25.25,1,25.2,8,25.3,1,2,2022-09-12 09:02:54
1662973374308941000,25.2,1,25.2,8,25.3,1,2,2022-09-12 09:02:54
1662973374951502000,25.3,1,25.25,1,25.35,10,1,2022-09-12 09:02:54
1662973375165937000,25.35,1,25.25,1,25.35,10,1,2022-09-12 09:02:55
1662973375621418000,25.35,3,25.3,1,25.35,6,1,2022-09-12 09:02:55
1662973375660577000,25.3,1,25.25,1,25.35,6,2,2022-09-12 09:02:55
1662973375985864000,25.3,1,25.3,9,25.35,6,2,2022-09-12 09:02:55
1662973376056564000,25.3,1,25.3,8,25.35,6,2,2022-09-12 09:02:56
1662973376123073000,25.3,1,25.3,7,25.35,6,2,2022-09-12 09:02:56
1662973376152006000,25.3,7,25.25,1,25.35,6,2,2022-09-12 09:02:56
1662973376663567000,25.35,5,25.25,1,25.35,1,1,2022-09-12 09:02:56
1662973376991156000,25.3,1,25.25,1,25.35,2,1,2022-09-12 09:02:56
1662973377311718000,25.35,2,25.3,1,25.4,12,1,2022-09-12 09:02:57
1662973378271249000,25.3,1,25.25,2,25.35,1,2,2022-09-12 09:02:58
1662973378312558000,25.35,1,25.25,2,25.4,12,1,2022-09-12 09:02:58
1662973378419840000,25.3,4,25.35,1,25.4,12,1,2022-09-12 09:02:58
1662973378453081000,25.35,1,25.25,2,25.4,12,2,2022-09-12 09:02:58
1662973378453501000,25.25,2,25.2,3,25.4,12,2,2022-09-12 09:02:58
1662973378453501000,25.2,8,25.2,3,25.4,12,2,2022-09-12 09:02:58
1662973379329786000,25.4,5,25.25,5,25.4,7,1,2022-09-12 09:02:59
1662973379747869000,25.25,1,25.25,4,25.4,7,2,2022-09-12 09:02:59
1662973380906616000,25.35,2,25.3,5,25.35,4,1,2022-09-12 09:03:00
1662973381232707000,25.3,1,25.3,4,25.35,5,2,2022-09-12 09:03:01
1662973381365200000,25.3,1,25.3,5,25.35,5,2,2022-09-12 09:03:01
1662973381489806000,25.35,5,25.3,5,25.35,1,1,2022-09-12 09:03:01
1662973381717138000,25.3,2,25.3,5,25.35,6,2,2022-09-12 09:03:01
1662973381892524000,25.3,2,25.3,1,25.35,1,2,2022-09-12 09:03:01
1662973382036532000,25.3,1,25.25,16,25.35,1,2,2022-09-12 09:03:02
1662973382036532000,25.25,1,25.25,16,25.35,1,2,2022-09-12 09:03:02
1662973382351400000,25.35,1,25.25,16,25.35,1,1,2022-09-12 09:03:02
1662973382354240000,25.25,2,25.25,14,25.35,1,2,2022-09-12 09:03:02
1662973382385631000,25.35,1,25.25,14,25.4,7,1,2022-09-12 09:03:02
1662973384377694000,25.25,2,25.25,16,25.35,9,2,2022-09-12 09:03:04
1662973384515421000,25.25,2,25.25,14,25.35,9,2,2022-09-12 09:03:04
1662973384730238000,25.25,2,25.25,12,25.35,9,2,2022-09-12 09:03:04
1662973385036538000,25.3,1,25.25,14,25.35,9,1,2022-09-12 09:03:05
1662973385527643000,25.25,1,25.25,19,25.3,10,2,2022-09-12 09:03:05
1662973386371062000,25.25,1,25.25,18,25.3,10,2,2022-09-12 09:03:06
1662973386384893000,25.25,10,25.25,8,25.3,10,2,2022-09-12 09:03:06
1662973386767526000,25.3,1,25.25,6,25.3,9,1,2022-09-12 09:03:06
1662973387030513000,25.25,6,25.2,28,25.25,6,2,2022-09-12 09:03:07
1662973387056972000,25.25,2,25.2,28,25.25,4,1,2022-09-12 09:03:07
1662973387138156000,25.25,3,25.2,28,25.25,1,1,2022-09-12 09:03:07
1662973387464888000,25.2,2,25.2,27,25.25,5,2,2022-09-12 09:03:07
1662973387714620000,25.25,10,25.2,27,25.25,4,1,2022-09-12 09:03:07
1662973387870833000,25.25,2,25.2,27,25.25,12,1,2022-09-12 09:03:07
1662973388575716000,25.25,10,25.2,27,25.25,6,1,2022-09-12 09:03:08
1662973389010096000,25.2,2,25.2,25,25.25,6,2,2022-09-12 09:03:09
1662973389467186000,25.2,1,25.2,24,25.25,6,2,2022-09-12 09:03:09
1662973389622011000,25.2,1,25.2,24,25.25,6,2,2022-09-12 09:03:09
1662973389626807000,25.25,1,25.2,24,25.25,5,1,2022-09-12 09:03:09
1662973389951565000,25.25,3,25.2,24,25.25,2,1,2022-09-12 09:03:09
1662973390006119000,25.2,3,25.2,21,25.25,2,2,2022-09-12 09:03:10
1662973390455816000,25.25,3,25.2,21,25.3,10,1,2022-09-12 09:03:10
1662973390480166000,25.2,2,25.2,19,25.3,10,2,2022-09-12 09:03:10
1662973391192930000,25.25,1,25.25,4,25.3,10,2,2022-09-12 09:03:11
1662973391249421000,25.25,1,25.25,3,25.3,10,2,2022-09-12 09:03:11
1662973391444161000,25.25,3,25.2,21,25.25,7,2,2022-09-12 09:03:11
1662973391451555000,25.25,2,25.2,21,25.25,5,1,2022-09-12 09:03:11
1662973391537214000,25.2,1,25.2,20,25.25,5,2,2022-09-12 09:03:11
1662973391640933000,25.25,3,25.2,20,25.25,2,1,2022-09-12 09:03:11
1662973391992236000,25.2,10,25.2,10,25.25,2,2,2022-09-12 09:03:11
1662973392568747000,25.2,10,25.15,19,25.25,2,2,2022-09-12 09:03:12
1662973393452387000,25.15,12,25.15,4,25.2,24,2,2022-09-12 09:03:13
1662973393472968000,25.15,4,25.1,8,25.2,24,2,2022-09-12 09:03:13
1662973393581696000,25.2,1,25.1,8,25.2,24,1,2022-09-12 09:03:13
1662973393859698000,25.2,1,25.1,8,25.2,22,1,2022-09-12 09:03:13
1662973394238075000,25.15,1,25.1,8,25.15,1,1,2022-09-12 09:03:14
1662973394637086000,25.15,10,25.1,8,25.15,1,1,2022-09-12 09:03:14
1662973394742701000,25.15,1,25.1,8,25.2,13,1,2022-09-12 09:03:14
1662973394742701000,25.2,9,25.1,8,25.2,13,1,2022-09-12 09:03:14
1662973395010866000,25.1,8,25.05,10,25.1,2,2,2022-09-12 09:03:15
1662973395229965000,25.05,2,25.05,10,25.1,2,2,2022-09-12 09:03:15
1662973395429728000,25.05,8,24.95,31,25.0,31,2,2022-09-12 09:03:15
1662973395429728000,25.0,61,24.95,31,25.0,31,2,2022-09-12 09:03:15
1662973396131093000,25.0,1,24.95,31,25.0,30,1,2022-09-12 09:03:16
1662973396257688000,25.0,1,24.95,31,25.0,31,1,2022-09-12 09:03:16
1662973396434372000,25.0,3,24.95,31,25.0,27,1,2022-09-12 09:03:16
1662973396489740000,24.95,1,24.95,30,25.0,27,2,2022-09-12 09:03:16
1662973396782712000,24.95,1,24.95,29,25.0,27,2,2022-09-12 09:03:16
1662973397393945000,25.0,1,24.95,32,25.0,26,1,2022-09-12 09:03:17
1662973397741721000,24.95,1,24.95,31,25.0,26,2,2022-09-12 09:03:17
1662973398020736000,25.0,1,24.95,31,25.0,25,1,2022-09-12 09:03:18
1662973398228317000,25.0,3,24.95,31,25.0,25,1,2022-09-12 09:03:18
1662973398829061000,24.95,5,24.95,29,25.0,23,2,2022-09-12 09:03:18
1662973399083394000,24.95,2,24.95,22,25.0,23,2,2022-09-12 09:03:19
1662973399149399000,24.95,1,24.95,24,25.0,23,2,2022-09-12 09:03:19
1662973399459122000,25.0,10,24.95,21,25.0,22,1,2022-09-12 09:03:19
1662973399902562000,24.95,1,24.95,20,25.0,12,2,2022-09-12 09:03:19
1662973400048856000,24.95,10,24.95,11,25.0,12,2,2022-09-12 09:03:20
1662973400196778000,24.95,3,24.95,8,25.0,12,2,2022-09-12 09:03:20
1662973400337506000,24.95,8,24.95,21,25.0,12,2,2022-09-12 09:03:20
1662973400997534000,24.95,2,24.9,24,25.0,11,1,2022-09-12 09:03:20
1662973400997534000,25.0,1,24.9,24,25.0,11,1,2022-09-12 09:03:20
1662973401468325000,25.0,1,24.9,28,25.0,10,1,2022-09-12 09:03:21
1662973401643981000,25.0,10,24.9,28,25.05,1,1,2022-09-12 09:03:21
1662973401867618000,25.0,1,24.9,30,25.05,1,1,2022-09-12 09:03:21
1662973401944543000,24.95,1,24.9,30,25.05,1,1,2022-09-12 09:03:21
1662973402316672000,24.95,5,24.95,11,25.05,1,2,2022-09-12 09:03:22
1662973402830767000,24.95,3,24.95,13,25.05,1,2,2022-09-12 09:03:22
1662973402841561000,24.95,1,24.95,16,25.05,1,2,2022-09-12 09:03:22
1662973403823799000,25.05,1,25.0,7,25.05,1,1,2022-09-12 09:03:23
1662973404147584000,25.0,1,25.0,7,25.1,22,2,2022-09-12 09:03:24
1662973404404785000,25.1,10,25.0,6,25.1,12,1,2022-09-12 09:03:24
1662973404790376000,25.0,1,25.0,6,25.1,12,2,2022-09-12 09:03:24
1662973406419882000,25.0,2,24.95,16,25.0,5,2,2022-09-12 09:03:26
1662973406471896000,25.0,1,24.95,16,25.0,4,1,2022-09-12 09:03:26
1662973406641323000,25.0,4,24.95,26,25.1,12,1,2022-09-12 09:03:26
1662973406782681000,25.1,1,25.0,2,25.1,12,1,2022-09-12 09:03:26
1662973406871298000,25.1,1,25.0,2,25.1,10,1,2022-09-12 09:03:26
1662973407168461000,25.1,10,25.0,2,25.2,35,1,2022-09-12 09:03:27
1662973407168461000,25.15,3,25.0,2,25.2,35,1,2022-09-12 09:03:27
1662973407168461000,25.2,7,25.0,2,25.2,35,1,2022-09-12 09:03:27
1662973407230401000,25.0,3,25.0,10,25.2,35,2,2022-09-12 09:03:27
1662973407549239000,25.0,2,25.0,8,25.15,1,2,2022-09-12 09:03:27
1662973407994843000,25.05,5,25.05,8,25.15,3,2,2022-09-12 09:03:27
1662973408608560000,25.05,8,25.0,2,25.15,3,2,2022-09-12 09:03:28
1662973408608560000,25.0,2,25.0,2,25.15,3,2,2022-09-12 09:03:28
1662973408851727000,25.05,1,25.05,2,25.15,3,2,2022-09-12 09:03:28
1662973409781202000,25.1,1,25.1,3,25.15,4,2,2022-09-12 09:03:29
1662973409783690000,25.1,1,25.1,2,25.15,4,2,2022-09-12 09:03:29
1662973409784347000,25.1,1,25.1,1,25.15,4,2,2022-09-12 09:03:29
1662973409784367000,25.1,1,25.1,4,25.15,4,2,2022-09-12 09:03:29
1662973411961444000,25.1,2,25.05,1,25.1,6,1,2022-09-12 09:03:31
1662973412745881000,25.05,1,25.0,3,25.1,6,2,2022-09-12 09:03:32
1662973413336728000,25.05,2,24.9,33,25.1,6,2,2022-09-12 09:03:33
1662973413336728000,25.0,3,24.9,33,25.1,6,2,2022-09-12 09:03:33
1662973413336728000,24.95,17,24.9,33,25.1,6,2,2022-09-12 09:03:33
1662973413336728000,24.9,3,24.9,33,25.1,6,2,2022-09-12 09:03:33
1662973414017630000,25.05,1,24.9,36,25.1,6,2,2022-09-12 09:03:34
1662973414312412000,24.9,10,24.9,26,25.05,5,2,2022-09-12 09:03:34
1662973414540383000,25.05,6,24.9,26,25.1,4,1,2022-09-12 09:03:34
1662973414540383000,25.1,4,24.9,26,25.1,4,1,2022-09-12 09:03:34
1662973414622891000,25.1,1,24.9,26,25.1,3,1,2022-09-12 09:03:34
1662973414744514000,25.05,1,24.9,26,25.1,3,2,2022-09-12 09:03:34
1662973417254195000,25.1,3,25.05,3,25.1,2,1,2022-09-12 09:03:37
1662973417735001000,25.1,2,25.05,3,25.1,1,1,2022-09-12 09:03:37
1662973418542373000,25.05,1,25.05,2,25.1,3,2,2022-09-12 09:03:38
1662973418542454000,25.05,2,25.0,9,25.1,3,2,2022-09-12 09:03:38
1662973419626962000,25.1,1,25.0,9,25.1,4,1,2022-09-12 09:03:39
1662973420485313000,25.05,1,25.0,9,25.1,4,1,2022-09-12 09:03:40
1662973423477643000,25.05,1,25.0,24,25.1,4,1,2022-09-12 09:03:43
1662973423554463000,25.1,4,25.0,24,25.1,5,1,2022-09-12 09:03:43
1662973425117047000,25.05,1,25.05,2,25.1,12,2,2022-09-12 09:03:45
1662973425486903000,25.05,1,25.0,27,25.1,12,2,2022-09-12 09:03:45
1662973426092136000,25.1,3,25.0,30,25.1,14,1,2022-09-12 09:03:46
1662973426391316000,25.0,2,25.0,28,25.1,11,2,2022-09-12 09:03:46
1662973428468190000,25.05,6,25.0,28,25.05,4,2,2022-09-12 09:03:48
1662973429381367000,25.05,2,25.0,35,25.05,2,1,2022-09-12 09:03:49
1662973429516541000,25.05,2,25.0,35,25.1,23,1,2022-09-12 09:03:49
1662973431960012000,25.05,1,25.0,39,25.1,23,2,2022-09-12 09:03:51
1662973432422126000,25.0,1,25.0,38,25.1,23,2,2022-09-12 09:03:52
1662973433717018000,25.0,1,25.0,37,25.1,23,2,2022-09-12 09:03:53
1662973436472820000,25.05,1,25.0,44,25.1,24,1,2022-09-12 09:03:56
1662973436827186000,25.0,1,25.0,43,25.1,24,2,2022-09-12 09:03:56
1662973439140814000,25.0,1,25.0,42,25.05,7,2,2022-09-12 09:03:59
1662973439369467000,25.05,1,25.0,42,25.05,6,1,2022-09-12 09:03:59
1662973440572408000,25.05,2,25.0,44,25.05,4,1,2022-09-12 09:04:00
1662973440972289000,25.05,1,25.0,46,25.05,3,1,2022-09-12 09:04:00
1662973441241157000,25.05,1,25.0,49,25.05,2,1,2022-09-12 09:04:01
1662973442788462000,25.05,2,25.0,51,25.05,18,1,2022-09-12 09:04:02
1662973442831804000,25.0,7,25.0,44,25.05,18,2,2022-09-12 09:04:02
1662973443179044000,25.05,1,25.0,44,25.05,17,1,2022-09-12 09:04:03
1662973443297775000,25.0,1,25.0,44,25.05,18,2,2022-09-12 09:04:03
1662973444044150000,25.0,7,25.0,36,25.05,18,2,2022-09-12 09:04:04
1662973444328552000,25.05,1,25.0,36,25.05,17,1,2022-09-12 09:04:04
1662973444718726000,25.0,7,25.0,29,25.05,17,2,2022-09-12 09:04:04
1662973445011745000,25.0,10,25.0,19,25.05,17,2,2022-09-12 09:04:05
1662973445315941000,25.0,1,25.0,18,25.05,17,2,2022-09-12 09:04:05
1662973445829277000,25.0,4,25.0,14,25.05,17,2,2022-09-12 09:04:05
1662973446740122000,25.0,1,25.0,13,25.05,17,2,2022-09-12 09:04:06
1662973448548874000,25.0,1,25.0,21,25.05,17,2,2022-09-12 09:04:08
1662973449104363000,25.0,10,25.0,13,25.05,17,2,2022-09-12 09:04:09
1662973449893207000,25.0,1,25.0,12,25.05,17,2,2022-09-12 09:04:09
1662973450021566000,25.0,1,25.0,11,25.05,17,2,2022-09-12 09:04:10
1662973450338042000,25.0,2,25.0,9,25.05,17,2,2022-09-12 09:04:10
1662973450510008000,25.0,2,25.0,7,25.05,17,2,2022-09-12 09:04:10
1662973450576094000,25.0,7,24.95,11,25.0,3,2,2022-09-12 09:04:10
1662973452659138000,25.0,1,24.95,15,25.0,9,1,2022-09-12 09:04:12
1662973452821488000,25.0,3,24.95,15,25.0,6,1,2022-09-12 09:04:12
1662973453724621000,25.0,2,24.95,15,25.0,6,1,2022-09-12 09:04:13
1662973454782637000,24.95,1,24.95,14,25.0,6,2,2022-09-12 09:04:14
1662973455168815000,25.0,6,24.95,16,25.05,9,1,2022-09-12 09:04:15
1662973455168815000,25.05,9,24.95,16,25.05,9,1,2022-09-12 09:04:15
1662973456513517000,25.0,1,24.95,16,25.05,9,1,2022-09-12 09:04:16
1662973458400486000,24.95,5,24.95,12,25.0,2,2,2022-09-12 09:04:18
1662973458512117000,24.95,12,24.9,32,25.0,2,2,2022-09-12 09:04:18
1662973458512117000,24.9,3,24.9,32,25.0,2,2,2022-09-12 09:04:18
1662973460209548000,24.9,3,24.9,31,25.0,3,2,2022-09-12 09:04:20
1662973460220444000,24.9,1,24.9,34,25.0,3,2,2022-09-12 09:04:20
1662973461209138000,24.9,4,24.9,26,25.0,3,2,2022-09-12 09:04:21
1662973461464893000,24.9,2,24.9,26,24.95,10,2,2022-09-12 09:04:21
1662973462732209000,24.9,12,24.9,12,24.95,11,2,2022-09-12 09:04:22
1662973462761546000,24.9,11,24.9,1,24.95,11,2,2022-09-12 09:04:22
1662973462798163000,24.9,1,24.85,34,24.95,11,2,2022-09-12 09:04:22
1662973465229568000,24.9,2,24.9,1,24.95,11,2,2022-09-12 09:04:25
1662973465259609000,24.9,1,24.85,34,24.95,11,2,2022-09-12 09:04:25
1662973467007063000,24.9,1,24.85,34,24.95,12,2,2022-09-12 09:04:27
1662973470688706000,24.9,5,24.85,35,24.95,14,2,2022-09-12 09:04:30
1662973472663004000,24.9,5,24.85,36,24.9,1,1,2022-09-12 09:04:32
1662973474973854000,24.9,2,24.85,37,24.95,2,1,2022-09-12 09:04:34
1662973474973854000,24.95,13,24.85,37,24.95,2,1,2022-09-12 09:04:34
1662973475590437000,24.85,2,24.85,35,24.95,2,2,2022-09-12 09:04:35
1662973477420014000,24.9,1,24.85,35,24.95,8,1,2022-09-12 09:04:37
1662973477420014000,24.95,1,24.85,35,24.95,8,1,2022-09-12 09:04:37
1662973477868815000,24.95,1,24.85,35,24.95,7,1,2022-09-12 09:04:37
1662973481007808000,24.9,4,24.85,37,24.9,6,2,2022-09-12 09:04:41
1662973481252001000,24.9,1,24.85,37,24.9,5,1,2022-09-12 09:04:41
1662973482681590000,24.85,10,24.85,27,24.9,6,2,2022-09-12 09:04:42
1662973483152526000,24.9,1,24.85,26,24.9,5,1,2022-09-12 09:04:43
1662973483381044000,24.9,5,24.85,26,25.0,13,1,2022-09-12 09:04:43
1662973483381044000,24.95,7,24.85,26,25.0,13,1,2022-09-12 09:04:43
1662973483381044000,25.0,8,24.85,26,25.0,13,1,2022-09-12 09:04:43
1662973484513508000,24.95,1,24.85,26,25.0,12,2,2022-09-12 09:04:44
1662973485837292000,24.95,4,24.9,1,24.95,6,1,2022-09-12 09:04:45
1662973485935636000,24.9,1,24.85,27,24.9,9,2,2022-09-12 09:04:45
1662973486071923000,24.9,1,24.85,27,24.9,8,1,2022-09-12 09:04:46
1662973486378483000,24.9,8,24.9,2,24.95,6,1,2022-09-12 09:04:46
1662973489714609000,24.9,2,24.9,1,24.95,6,2,2022-09-12 09:04:49
1662973490582128000,24.9,2,24.9,3,24.95,6,2,2022-09-12 09:04:50
1662973490937320000,24.9,1,24.9,2,24.95,6,2,2022-09-12 09:04:50
1662973491821612000,24.9,3,24.85,33,24.9,3,2,2022-09-12 09:04:51
1662973493164224000,24.9,3,24.85,33,24.95,5,1,2022-09-12 09:04:53
1662973493164224000,24.95,2,24.85,33,24.95,5,1,2022-09-12 09:04:53
1662973496831157000,24.9,10,24.9,9,24.95,5,2,2022-09-12 09:04:56
1662973497735640000,24.95,2,24.9,14,24.95,3,1,2022-09-12 09:04:57
1662973497832759000,24.9,1,24.9,14,24.95,3,2,2022-09-12 09:04:57
1662973499885467000,24.9,1,24.9,14,24.95,3,2,2022-09-12 09:04:59
1662973500157550000,24.9,5,24.9,9,24.95,3,2,2022-09-12 09:05:00
1662973500377758000,24.9,4,24.9,5,24.95,3,2,2022-09-12 09:05:00
1662973500406514000,24.9,4,24.9,1,24.95,3,2,2022-09-12 09:05:00
1662973500455436000,24.9,1,24.85,35,24.95,3,2,2022-09-12 09:05:00
1662973500455436000,24.85,1,24.85,35,24.95,3,2,2022-09-12 09:05:00
1662973501016472000,24.9,1,24.85,35,24.9,10,1,2022-09-12 09:05:01
1662973501112308000,24.85,2,24.85,33,24.9,10,2,2022-09-12 09:05:01
1662973501145229000,24.85,1,24.85,32,24.9,10,2,2022-09-12 09:05:01
1662973501986136000,24.85,2,24.85,32,24.9,12,2,2022-09-12 09:05:01
1662973502731921000,24.9,10,24.85,30,24.9,2,1,2022-09-12 09:05:02
1662973503185614000,24.85,2,24.85,30,24.9,2,2,2022-09-12 09:05:03
1662973503224322000,24.85,1,24.85,29,24.9,2,2,2022-09-12 09:05:03
1662973503248844000,24.9,2,24.85,29,24.95,4,1,2022-09-12 09:05:03
1662973504606848000,24.95,4,24.95,6,25.0,25,1,2022-09-12 09:05:04
1662973504617281000,24.95,1,24.95,5,25.0,25,2,2022-09-12 09:05:04
1662973504644311000,24.95,5,24.85,29,25.0,25,2,2022-09-12 09:05:04
1662973506126566000,24.9,1,24.9,6,25.0,20,2,2022-09-12 09:05:06
1662973507375389000,24.9,1,24.9,7,25.0,20,2,2022-09-12 09:05:07
1662973508859862000,24.9,1,24.9,9,24.95,1,2,2022-09-12 09:05:08
1662973510605769000,24.95,1,24.9,18,25.0,19,1,2022-09-12 09:05:10
1662973514346822000,24.9,2,24.9,16,25.0,19,2,2022-09-12 09:05:14
1662973514767530000,25.0,5,24.9,16,25.0,14,1,2022-09-12 09:05:14
1662973518724882000,24.9,1,24.9,21,24.95,1,2,2022-09-12 09:05:18
1662973520393678000,24.95,1,24.9,21,25.0,14,1,2022-09-12 09:05:20
1662973527929959000,25.0,17,25.0,3,25.05,15,1,2022-09-12 09:05:27
1662973528348340000,25.05,1,25.0,3,25.05,14,1,2022-09-12 09:05:28
1662973530876121000,25.05,1,25.0,3,25.05,13,1,2022-09-12 09:05:30
1662973530973710000,25.0,3,24.95,10,25.0,7,2,2022-09-12 09:05:30
1662973531613717000,25.0,1,24.95,10,25.0,6,1,2022-09-12 09:05:31
1662973531653885000,24.95,10,24.9,49,25.0,6,2,2022-09-12 09:05:31
1662973532880792000,24.95,1,24.95,4,25.0,6,2,2022-09-12 09:05:32
1662973535452564000,25.0,1,24.95,6,25.0,5,1,2022-09-12 09:05:35
1662973536974318000,25.0,2,24.95,7,25.0,13,1,2022-09-12 09:05:36
1662973538307909000,24.95,2,24.95,6,25.0,13,2,2022-09-12 09:05:38
1662973539068284000,25.0,1,24.95,7,25.0,12,1,2022-09-12 09:05:39
1662973540284860000,25.0,1,24.95,7,25.0,11,1,2022-09-12 09:05:40
1662973540831419000,25.0,2,24.95,7,25.0,9,1,2022-09-12 09:05:40
1662973541417692000,25.0,1,24.95,7,25.0,10,1,2022-09-12 09:05:41
1662973542031236000,25.0,1,24.95,8,25.0,10,1,2022-09-12 09:05:42
1662973543523234000,25.0,5,24.95,10,25.0,4,1,2022-09-12 09:05:43
1662973543775106000,25.0,3,24.95,10,25.0,5,1,2022-09-12 09:05:43
1662973544516071000,24.95,1,24.95,12,25.0,6,2,2022-09-12 09:05:44
1662973544605046000,25.0,1,24.95,12,25.0,5,1,2022-09-12 09:05:44
1662973545914453000,25.0,1,24.95,12,25.0,4,1,2022-09-12 09:05:45
1662973546514986000,25.0,1,24.95,12,25.0,5,1,2022-09-12 09:05:46
1662973546850870000,25.0,1,24.95,12,25.0,4,1,2022-09-12 09:05:46
1662973547334254000,25.0,1,24.95,12,25.0,3,1,2022-09-12 09:05:47
1662973548807585000,25.0,1,24.95,12,25.0,2,1,2022-09-12 09:05:48
1662973548888852000,25.0,2,24.95,12,25.05,19,1,2022-09-12 09:05:48
1662973556826798000,25.0,1,25.0,11,25.05,29,2,2022-09-12 09:05:56
1662973560325517000,25.0,11,24.95,18,25.0,9,2,2022-09-12 09:06:00
1662973565601292000,24.95,2,24.95,20,25.0,15,2,2022-09-12 09:06:05
1662973565633274000,24.95,20,24.9,51,25.0,15,2,2022-09-12 09:06:05
1662973565719771000,25.0,10,24.9,51,25.0,5,1,2022-09-12 09:06:05
1662973567596014000,24.95,1,24.9,49,24.95,9,1,2022-09-12 09:06:07
1662973568363103000,24.95,1,24.9,49,24.95,8,1,2022-09-12 09:06:08
1662973570974308000,24.95,5,24.9,54,24.95,3,1,2022-09-12 09:06:10
1662973572874602000,24.95,3,24.9,56,25.05,22,1,2022-09-12 09:06:12
1662973572874602000,25.0,5,24.9,56,25.05,22,1,2022-09-12 09:06:12
1662973572874602000,25.05,2,24.9,56,25.05,22,1,2022-09-12 09:06:12
1662973573892690000,24.95,1,24.95,1,25.05,22,2,2022-09-12 09:06:13
1662973574389069000,24.95,2,24.9,56,25.0,38,2,2022-09-12 09:06:14
1662973579030006000,24.95,2,24.95,12,25.0,39,2,2022-09-12 09:06:19
1662973582711689000,24.95,1,24.95,13,25.0,39,2,2022-09-12 09:06:22
1662973588657443000,24.95,1,24.95,12,25.0,40,2,2022-09-12 09:06:28
1662973588889210000,24.95,1,24.95,11,25.0,40,2,2022-09-12 09:06:28
1662973588915608000,24.95,3,24.95,8,25.0,40,2,2022-09-12 09:06:28
1662973589010908000,24.95,8,24.9,67,24.95,12,2,2022-09-12 09:06:29
1662973589510790000,24.95,1,24.9,66,24.95,11,1,2022-09-12 09:06:29
1662973594514337000,24.95,2,24.9,56,24.95,15,1,2022-09-12 09:06:34
1662973596227466000,24.95,11,24.9,47,24.95,5,1,2022-09-12 09:06:36
1662973599342711000,24.95,1,24.9,47,24.95,5,1,2022-09-12 09:06:39
1662973600054841000,24.95,1,24.9,47,24.95,5,1,2022-09-12 09:06:40
1662973600458881000,24.95,1,24.9,47,24.95,4,1,2022-09-12 09:06:40
1662973600646384000,24.95,4,24.95,1,25.0,41,1,2022-09-12 09:06:40
1662973600685914000,24.95,1,24.9,47,25.0,41,2,2022-09-12 09:06:40
1662973602130135000,24.9,1,24.9,46,25.0,41,2,2022-09-12 09:06:42
1662973606041002000,25.0,4,24.95,2,25.0,37,1,2022-09-12 09:06:46
1662973608560462000,24.95,1,24.95,2,25.0,39,2,2022-09-12 09:06:48
1662973608652863000,24.95,1,24.95,1,25.0,39,2,2022-09-12 09:06:48
1662973609048476000,24.95,1,24.9,71,25.0,39,2,2022-09-12 09:06:49
1662973612278369000,24.95,1,24.9,75,24.95,6,1,2022-09-12 09:06:52
1662973612633223000,24.9,75,24.8,20,24.95,6,2,2022-09-12 09:06:52
1662973612633223000,24.85,36,24.8,20,24.95,6,2,2022-09-12 09:06:52
1662973612633223000,24.8,40,24.8,20,24.95,6,2,2022-09-12 09:06:52
1662973612665224000,24.8,20,24.75,34,24.9,2,2,2022-09-12 09:06:52
1662973613736558000,24.85,1,24.75,34,24.85,1,1,2022-09-12 09:06:53
1662973616786951000,24.8,1,24.8,2,24.85,1,2,2022-09-12 09:06:56
1662973618362379000,24.8,1,24.8,2,24.85,1,2,2022-09-12 09:06:58
1662973619729395000,24.8,1,24.8,2,24.85,2,2,2022-09-12 09:06:59
1662973621226251000,24.85,2,24.8,5,24.9,15,1,2022-09-12 09:07:01
1662973621226251000,24.9,3,24.8,5,24.9,15,1,2022-09-12 09:07:01
1662973621406312000,24.8,5,24.75,8,24.9,15,2,2022-09-12 09:07:01
1662973621406312000,24.75,29,24.75,8,24.9,15,2,2022-09-12 09:07:01
1662973621748232000,24.75,8,24.7,27,24.8,15,2,2022-09-12 09:07:01
1662973621748232000,24.7,5,24.7,27,24.8,15,2,2022-09-12 09:07:01
1662973623443333000,24.7,1,24.7,26,24.75,3,2,2022-09-12 09:07:03
1662973625558619000,24.7,1,24.7,25,24.75,3,2,2022-09-12 09:07:05
1662973625628433000,24.7,1,24.7,24,24.75,3,2,2022-09-12 09:07:05
1662973625905157000,24.7,2,24.7,22,24.75,3,2,2022-09-12 09:07:05
1662973626013211000,24.7,1,24.7,21,24.75,3,2,2022-09-12 09:07:06
1662973626246939000,24.75,3,24.75,2,24.8,17,1,2022-09-12 09:07:06
1662973626274666000,24.75,2,24.7,21,24.8,17,2,2022-09-12 09:07:06
1662973629015590000,24.75,1,24.7,31,24.8,22,1,2022-09-12 09:07:09
1662973630449830000,24.75,1,24.75,1,24.8,22,1,2022-09-12 09:07:10
1662973630475435000,24.75,1,24.7,38,24.8,22,2,2022-09-12 09:07:10
1662973631287093000,24.75,1,24.7,39,24.75,4,1,2022-09-12 09:07:11
1662973631746949000,24.75,1,24.7,39,24.75,6,1,2022-09-12 09:07:11
1662973631830049000,24.75,1,24.7,39,24.75,5,1,2022-09-12 09:07:11
1662973632556512000,24.7,2,24.7,37,24.75,5,2,2022-09-12 09:07:12
1662973632596795000,24.7,10,24.7,27,24.75,5,2,2022-09-12 09:07:12
1662973632669067000,24.75,1,24.7,27,24.75,5,1,2022-09-12 09:07:12
1662973634644497000,24.7,3,24.7,24,24.75,7,2,2022-09-12 09:07:14
1662973634684239000,24.7,1,24.7,23,24.75,7,2,2022-09-12 09:07:14
1662973634701123000,24.7,1,24.7,22,24.75,7,2,2022-09-12 09:07:14
1662973634745239000,24.7,5,24.7,17,24.75,7,2,2022-09-12 09:07:14
1662973635488019000,24.7,2,24.7,15,24.75,9,2,2022-09-12 09:07:15
1662973636552253000,24.7,1,24.7,12,24.75,10,2,2022-09-12 09:07:16
1662973636584296000,24.7,12,24.7,13,24.75,10,2,2022-09-12 09:07:16
1662973637969314000,24.65,1,24.65,27,24.7,5,2,2022-09-12 09:07:17
1662973638014169000,24.65,1,24.65,26,24.7,7,2,2022-09-12 09:07:18
1662973638622875000,24.7,1,24.65,24,24.7,72,1,2022-09-12 09:07:18
1662973640512260000,24.65,5,24.65,19,24.7,78,2,2022-09-12 09:07:20
1662973640518701000,24.65,3,24.65,16,24.7,78,2,2022-09-12 09:07:20
1662973640544086000,24.65,16,24.6,25,24.7,78,2,2022-09-12 09:07:20
1662973641778406000,24.65,1,24.6,25,24.65,15,1,2022-09-12 09:07:21
1662973642596336000,24.65,1,24.6,25,24.65,14,1,2022-09-12 09:07:22
1662973644539151000,24.6,3,24.6,22,24.65,17,2,2022-09-12 09:07:24
1662973644591687000,24.6,1,24.6,21,24.65,17,2,2022-09-12 09:07:24
1662973644638466000,24.6,3,24.6,18,24.65,17,2,2022-09-12 09:07:24
1662973644663440000,24.6,14,24.6,4,24.65,17,2,2022-09-12 09:07:24
1662973644693254000,24.6,1,24.6,3,24.65,17,2,2022-09-12 09:07:24
1662973644922028000,24.6,3,24.55,6,24.65,10,2,2022-09-12 09:07:24
1662973646224631000,24.6,1,24.55,6,24.65,13,1,2022-09-12 09:07:26
1662973647062666000,24.55,1,24.55,3,24.65,13,2,2022-09-12 09:07:27
1662973647177531000,24.55,3,24.5,70,24.6,1,2,2022-09-12 09:07:27
1662973647208471000,24.5,1,24.5,69,24.6,1,2,2022-09-12 09:07:27
1662973648242604000,24.55,1,24.5,69,24.55,2,1,2022-09-12 09:07:28
1662973648325726000,24.5,1,24.5,68,24.55,2,2,2022-09-12 09:07:28
1662973648511716000,24.5,1,24.5,68,24.55,2,2,2022-09-12 09:07:28
1662973649461230000,24.5,4,24.5,64,24.55,2,2,2022-09-12 09:07:29
1662973649493379000,24.5,1,24.5,63,24.55,2,2,2022-09-12 09:07:29
1662973649500273000,24.5,1,24.5,62,24.55,2,2,2022-09-12 09:07:29
1662973649515602000,24.5,1,24.5,61,24.55,2,2,2022-09-12 09:07:29
1662973649545062000,24.5,1,24.5,60,24.55,2,2,2022-09-12 09:07:29
1662973652087081000,24.55,2,24.55,4,24.6,5,1,2022-09-12 09:07:32
1662973654322867000,24.55,1,24.55,5,24.6,3,2,2022-09-12 09:07:34
1662973654339712000,24.55,1,24.55,6,24.6,3,2,2022-09-12 09:07:34
1662973654990434000,24.6,1,24.55,8,24.6,2,1,2022-09-12 09:07:34
1662973655582603000,24.55,1,24.55,8,24.6,2,2,2022-09-12 09:07:35
1662973656158295000,24.55,1,24.55,6,24.6,2,2,2022-09-12 09:07:36
1662973656821850000,24.55,1,24.55,5,24.6,2,2,2022-09-12 09:07:36
1662973657793718000,24.55,5,24.5,74,24.6,2,2,2022-09-12 09:07:37
1662973657996324000,24.5,1,24.5,74,24.6,2,2,2022-09-12 09:07:37
1662973658175007000,24.55,1,24.5,73,24.6,2,1,2022-09-12 09:07:38
1662973658606589000,24.55,2,24.5,73,24.55,4,1,2022-09-12 09:07:38
1662973658643864000,24.55,2,24.5,73,24.6,2,1,2022-09-12 09:07:38
1662973658650029000,24.5,1,24.5,72,24.6,2,2,2022-09-12 09:07:38
1662973659133947000,24.5,5,24.5,67,24.6,2,2,2022-09-12 09:07:39
1662973659603303000,24.5,4,24.5,67,24.55,1,2,2022-09-12 09:07:39
1662973659659645000,24.5,1,24.5,62,24.55,1,2,2022-09-12 09:07:39
1662973660188748000,24.55,1,24.5,62,24.6,1,1,2022-09-12 09:07:40
1662973660374864000,24.5,1,24.5,61,24.6,1,2,2022-09-12 09:07:40
1662973661290730000,24.5,1,24.5,60,24.55,3,2,2022-09-12 09:07:41
1662973661528265000,24.55,1,24.5,60,24.55,2,1,2022-09-12 09:07:41
1662973661701623000,24.55,2,24.6,2,24.65,2,1,2022-09-12 09:07:41
1662973661701623000,24.6,1,24.6,2,24.65,2,1,2022-09-12 09:07:41
1662973662600317000,24.6,2,24.6,2,24.65,2,2,2022-09-12 09:07:42
1662973662632537000,24.6,2,24.55,1,24.65,2,2,2022-09-12 09:07:42
1662973662646911000,24.55,1,24.5,55,24.65,2,2,2022-09-12 09:07:42
1662973662646911000,24.5,2,24.5,55,24.65,2,2,2022-09-12 09:07:42
1662973662775628000,24.5,1,24.5,54,24.6,1,2,2022-09-12 09:07:42
1662973662785536000,24.5,1,24.5,53,24.6,1,2,2022-09-12 09:07:42
1662973662911214000,24.5,1,24.5,52,24.6,1,2,2022-09-12 09:07:42
1662973662993634000,24.6,1,24.5,52,24.65,2,1,2022-09-12 09:07:42
1662973663810329000,24.65,1,24.5,52,24.65,1,1,2022-09-12 09:07:43
1662973664073347000,24.55,1,24.5,52,24.65,1,2,2022-09-12 09:07:44
1662973665077942000,24.6,1,24.5,52,24.65,1,1,2022-09-12 09:07:45
1662973665336489000,24.5,1,24.5,51,24.65,1,2,2022-09-12 09:07:45
1662973665646600000,24.5,2,24.5,49,24.65,1,2,2022-09-12 09:07:45
1662973667775500000,24.5,1,24.5,48,24.65,16,2,2022-09-12 09:07:47
1662973668660375000,24.5,2,24.5,41,24.6,1,2,2022-09-12 09:07:48
1662973670728282000,24.55,1,24.5,53,24.6,3,2,2022-09-12 09:07:50
1662973670939577000,24.5,10,24.5,55,24.6,3,2,2022-09-12 09:07:50
1662973671731068000,24.5,6,24.5,39,24.6,3,2,2022-09-12 09:07:51
1662973673465855000,24.5,2,24.5,37,24.6,3,2,2022-09-12 09:07:53
1662973673946570000,24.55,1,24.5,37,24.6,3,1,2022-09-12 09:07:53
1662973674273322000,24.5,10,24.5,38,24.6,3,2,2022-09-12 09:07:54
1662973674649044000,24.5,2,24.5,26,24.6,3,2,2022-09-12 09:07:54
1662973675076743000,24.5,1,24.5,25,24.6,3,2,2022-09-12 09:07:55
1662973677418649000,24.6,2,24.55,1,24.6,1,1,2022-09-12 09:07:57
1662973677541350000,24.55,1,24.45,6,24.5,35,2,2022-09-12 09:07:57
1662973677541350000,24.5,30,24.45,6,24.5,35,2,2022-09-12 09:07:57
1662973677575063000,24.5,7,24.45,6,24.5,28,1,2022-09-12 09:07:57
1662973677588007000,24.45,1,24.45,5,24.5,28,2,2022-09-12 09:07:57
1662973678643411000,24.5,1,24.45,5,24.5,27,1,2022-09-12 09:07:58
1662973678926871000,24.5,2,24.45,2,24.5,25,1,2022-09-12 09:07:58
1662973680646849000,24.45,2,24.45,2,24.5,26,2,2022-09-12 09:08:00
1662973681215327000,24.45,2,24.4,12,24.5,28,2,2022-09-12 09:08:01
1662973681273175000,24.4,2,24.4,12,24.45,1,2,2022-09-12 09:08:01
1662973681277008000,24.45,1,24.4,12,24.5,28,1,2022-09-12 09:08:01
1662973681683866000,24.4,2,24.4,10,24.5,28,2,2022-09-12 09:08:01
1662973681909312000,24.4,2,24.4,8,24.5,28,2,2022-09-12 09:08:01
1662973683424603000,24.45,3,24.45,6,24.5,28,1,2022-09-12 09:08:03
1662973684358929000,24.45,2,24.45,5,24.5,28,2,2022-09-12 09:08:04
1662973684418407000,24.45,1,24.45,4,24.5,28,2,2022-09-12 09:08:04
1662973684492507000,24.45,4,24.4,7,24.5,28,2,2022-09-12 09:08:04
1662973684492507000,24.4,1,24.4,7,24.5,28,2,2022-09-12 09:08:04
1662973684716244000,24.4,1,24.4,6,24.5,28,2,2022-09-12 09:08:04
1662973685355589000,24.45,1,24.4,6,24.5,28,1,2022-09-12 09:08:05
1662973686461650000,24.4,3,24.4,4,24.5,30,2,2022-09-12 09:08:06
1662973686840313000,24.4,1,24.4,3,24.5,30,2,2022-09-12 09:08:06
1662973687931045000,24.4,1,24.4,3,24.5,30,2,2022-09-12 09:08:07
1662973689970832000,24.45,3,24.4,9,24.5,29,1,2022-09-12 09:08:09
1662973690970602000,24.45,1,24.45,1,24.5,31,2,2022-09-12 09:08:10
1662973691724223000,24.45,1,24.4,18,24.5,29,2,2022-09-12 09:08:11
1662973691933391000,24.4,1,24.4,17,24.5,29,2,2022-09-12 09:08:11
1662973692004753000,24.45,1,24.4,17,24.5,29,1,2022-09-12 09:08:12
1662973692772342000,24.45,3,24.4,17,24.45,2,1,2022-09-12 09:08:12
1662973692791562000,24.45,2,24.4,17,24.5,29,1,2022-09-12 09:08:12
1662973693882289000,24.4,1,24.4,16,24.5,29,2,2022-09-12 09:08:13
1662973695384204000,24.4,4,24.4,14,24.5,29,2,2022-09-12 09:08:15
1662973695897705000,24.4,1,24.4,13,24.45,2,2,2022-09-12 09:08:15
1662973696622284000,24.45,2,24.4,23,24.5,31,1,2022-09-12 09:08:16
1662973697565405000,24.45,1,24.45,15,24.5,33,2,2022-09-12 09:08:17
1662973697818310000,24.45,5,24.45,9,24.5,33,2,2022-09-12 09:08:17
1662973697913900000,24.45,1,24.45,11,24.5,33,2,2022-09-12 09:08:17
1662973698166860000,24.45,1,24.45,12,24.5,33,2,2022-09-12 09:08:18
1662973698523251000,24.5,2,24.45,10,24.5,31,1,2022-09-12 09:08:18
1662973699461633000,24.45,2,24.45,16,24.5,31,2,2022-09-12 09:08:19
1662973700232354000,24.45,1,24.45,13,24.5,31,2,2022-09-12 09:08:20
1662973700619397000,24.45,2,24.45,13,24.5,31,2,2022-09-12 09:08:20
1662973704267799000,24.45,14,24.4,31,24.45,9,2,2022-09-12 09:08:24
1662973704305114000,24.45,9,24.4,31,24.5,8,1,2022-09-12 09:08:24
1662973704310060000,24.4,1,24.4,30,24.5,8,2,2022-09-12 09:08:24
1662973704335644000,24.4,1,24.4,29,24.5,8,2,2022-09-12 09:08:24
1662973706148886000,24.45,2,24.4,30,24.5,8,1,2022-09-12 09:08:26
1662973707101082000,24.45,1,24.4,32,24.45,2,1,2022-09-12 09:08:27
1662973707306654000,24.45,1,24.4,32,24.5,6,1,2022-09-12 09:08:27
1662973707306654000,24.5,2,24.4,32,24.5,6,1,2022-09-12 09:08:27
1662973708731201000,24.45,1,24.4,32,24.5,6,1,2022-09-12 09:08:28
1662973712468953000,24.5,1,24.45,19,24.5,5,1,2022-09-12 09:08:32
1662973712501296000,24.5,5,24.45,19,24.55,1,1,2022-09-12 09:08:32
1662973714461483000,24.5,1,24.5,1,24.55,1,2,2022-09-12 09:08:34
1662973715455121000,24.5,1,24.5,3,24.55,1,2,2022-09-12 09:08:35
1662973718594283000,24.55,1,24.5,9,24.6,8,1,2022-09-12 09:08:38
1662973718594283000,24.6,1,24.5,9,24.6,8,1,2022-09-12 09:08:38
1662973721269430000,24.55,1,24.5,14,24.6,8,2,2022-09-12 09:08:41
1662973723212549000,24.6,5,24.55,5,24.6,3,1,2022-09-12 09:08:43
1662973723678602000,24.55,2,24.55,3,24.6,3,2,2022-09-12 09:08:43
1662973728017258000,24.6,3,24.55,10,24.65,60,1,2022-09-12 09:08:48
1662973731405781000,24.65,1,24.6,3,24.65,59,1,2022-09-12 09:08:51
1662973732654882000,24.65,1,24.6,4,24.65,58,1,2022-09-12 09:08:52
1662973733602299000,24.6,1,24.6,5,24.65,58,2,2022-09-12 09:08:53
1662973735403419000,24.65,5,24.6,4,24.65,53,1,2022-09-12 09:08:55
1662973735739025000,24.65,1,24.6,4,24.65,52,1,2022-09-12 09:08:55
1662973735853352000,24.6,1,24.6,3,24.65,52,2,2022-09-12 09:08:55
1662973736084784000,24.65,1,24.6,3,24.65,51,1,2022-09-12 09:08:56
1662973737538355000,24.65,2,24.6,3,24.65,50,1,2022-09-12 09:08:57
1662973738588342000,24.65,1,24.6,4,24.65,49,1,2022-09-12 09:08:58
1662973738898604000,24.65,1,24.6,4,24.65,48,1,2022-09-12 09:08:58
1662973740925448000,24.65,10,24.6,11,24.65,39,1,2022-09-12 09:09:00
1662973740936853000,24.65,10,24.6,11,24.65,29,1,2022-09-12 09:09:00
1662973741179491000,24.65,5,24.6,11,24.65,24,1,2022-09-12 09:09:01
1662973741206837000,24.65,24,24.6,11,24.7,3,1,2022-09-12 09:09:01
1662973742212989000,24.7,1,24.65,8,24.7,3,1,2022-09-12 09:09:02
1662973744437739000,24.7,2,24.7,2,24.75,3,1,2022-09-12 09:09:04
1662973744469229000,24.7,2,24.65,10,24.75,3,2,2022-09-12 09:09:04
1662973744500725000,24.65,1,24.65,9,24.75,3,2,2022-09-12 09:09:04
1662973744989666000,24.7,1,24.65,9,24.75,3,2,2022-09-12 09:09:04
1662973747178270000,24.65,5,24.65,6,24.75,3,2,2022-09-12 09:09:07
1662973747408618000,24.7,1,24.65,6,24.75,3,2,2022-09-12 09:09:07
1662973749990011000,24.65,4,24.65,4,24.75,3,2,2022-09-12 09:09:09
1662973750793576000,24.65,4,24.6,15,24.7,2,2,2022-09-12 09:09:10
1662973750941246000,24.7,2,24.7,8,24.75,3,1,2022-09-12 09:09:10
1662973750965049000,24.7,8,24.6,15,24.75,3,2,2022-09-12 09:09:10
1662973751746199000,24.75,1,24.6,15,24.75,5,1,2022-09-12 09:09:11
1662973752597086000,24.7,1,24.65,2,24.75,5,1,2022-09-12 09:09:12
1662973753256660000,24.7,1,24.65,2,24.75,5,2,2022-09-12 09:09:13
1662973754492749000,24.65,1,24.65,1,24.75,5,2,2022-09-12 09:09:14
1662973756658482000,24.65,1,24.65,1,24.75,5,2,2022-09-12 09:09:16
1662973756889253000,24.65,1,24.6,19,24.65,4,2,2022-09-12 09:09:16
1662973757282210000,24.65,1,24.6,19,24.65,3,1,2022-09-12 09:09:17
1662973758169026000,24.65,1,24.6,19,24.65,2,1,2022-09-12 09:09:18
1662973759006286000,24.6,1,24.6,19,24.65,2,2,2022-09-12 09:09:19
1662973759846363000,24.65,1,24.6,23,24.65,2,1,2022-09-12 09:09:19
1662973760681553000,24.6,1,24.6,22,24.65,1,2,2022-09-12 09:09:20
1662973762586397000,24.6,1,24.6,23,24.65,1,2,2022-09-12 09:09:22
1662973766336050000,24.65,4,24.65,1,24.7,5,1,2022-09-12 09:09:26
1662973766374190000,24.65,1,24.6,36,24.7,5,2,2022-09-12 09:09:26
1662973766638380000,24.6,1,24.6,35,24.7,5,2,2022-09-12 09:09:26
1662973768574964000,24.7,1,24.65,3,24.7,4,1,2022-09-12 09:09:28
1662973768629439000,24.7,3,24.65,3,24.7,1,1,2022-09-12 09:09:28
1662973769999474000,24.65,2,24.65,3,24.7,11,2,2022-09-12 09:09:29
1662973770019687000,24.65,3,24.65,5,24.7,11,2,2022-09-12 09:09:30
1662973773673645000,24.65,1,24.65,1,24.7,13,1,2022-09-12 09:09:33
1662973773701079000,24.65,1,24.6,36,24.7,13,2,2022-09-12 09:09:33
1662973777090935000,24.7,5,24.65,18,24.7,9,1,2022-09-12 09:09:37
1662973778036717000,24.65,1,24.65,20,24.7,9,2,2022-09-12 09:09:38
1662973778134260000,24.7,1,24.65,20,24.7,8,1,2022-09-12 09:09:38
1662973780515179000,24.7,1,24.65,26,24.7,8,1,2022-09-12 09:09:40
1662973780791358000,24.7,5,24.65,26,24.7,7,1,2022-09-12 09:09:40
1662973781141850000,24.7,2,24.65,26,24.75,6,1,2022-09-12 09:09:41
1662973785979846000,24.75,3,24.7,1,24.75,3,1,2022-09-12 09:09:45
1662973786405638000,24.75,3,24.7,2,24.8,18,1,2022-09-12 09:09:46
1662973786405638000,24.8,3,24.7,2,24.8,18,1,2022-09-12 09:09:46
1662973786538999000,24.8,1,24.7,2,24.8,17,1,2022-09-12 09:09:46
1662973789679084000,24.8,1,24.75,1,24.8,16,1,2022-09-12 09:09:49
1662973790364357000,24.75,1,24.7,8,24.8,18,2,2022-09-12 09:09:50
1662973791189160000,24.8,1,24.7,8,24.8,17,1,2022-09-12 09:09:51
1662973792806881000,24.75,1,24.7,9,24.8,17,2,2022-09-12 09:09:52
1662973793457161000,24.75,1,24.7,9,24.8,16,1,2022-09-12 09:09:53
1662973793457161000,24.8,1,24.7,9,24.8,16,1,2022-09-12 09:09:53
1662973796634079000,24.75,1,24.7,9,24.75,17,1,2022-09-12 09:09:56
1662973797560369000,24.75,1,24.7,10,24.75,17,1,2022-09-12 09:09:57
1662973798297553000,24.75,3,24.7,10,24.75,14,1,2022-09-12 09:09:58
1662973800557739000,24.75,1,24.7,11,24.75,13,1,2022-09-12 09:10:00
1662973800998603000,24.7,1,24.7,10,24.75,13,2,2022-09-12 09:10:00
1662973802178281000,24.75,8,24.7,19,24.75,6,1,2022-09-12 09:10:02
1662973804360112000,24.75,6,24.75,4,24.8,16,1,2022-09-12 09:10:04
1662973806881168000,24.8,16,24.75,13,24.85,16,1,2022-09-12 09:10:06
1662973806881168000,24.85,4,24.75,13,24.85,16,1,2022-09-12 09:10:06
1662973806953625000,24.85,1,24.75,13,24.85,16,1,2022-09-12 09:10:06
1662973809125363000,24.8,5,24.7,61,24.75,47,2,2022-09-12 09:10:09
1662973809125363000,24.75,14,24.7,61,24.75,47,2,2022-09-12 09:10:09
1662973809195588000,24.75,5,24.7,61,24.75,47,1,2022-09-12 09:10:09
1662973812996084000,24.75,3,24.7,61,24.75,39,1,2022-09-12 09:10:12
1662973813047302000,24.75,1,24.7,61,24.75,38,1,2022-09-12 09:10:13
1662973815368336000,24.75,2,24.7,60,24.75,36,1,2022-09-12 09:10:15
1662973815448724000,24.75,2,24.7,60,24.75,34,1,2022-09-12 09:10:15
1662973817141224000,24.75,1,24.7,61,24.75,33,1,2022-09-12 09:10:17
1662973817427837000,24.75,2,24.7,61,24.75,31,1,2022-09-12 09:10:17
1662973817866949000,24.75,1,24.7,61,24.75,30,1,2022-09-12 09:10:17
1662973817892014000,24.75,1,24.7,61,24.75,29,1,2022-09-12 09:10:17
1662973818655721000,24.75,5,24.7,61,24.75,24,1,2022-09-12 09:10:18
1662973820623986000,24.75,2,24.7,61,24.75,22,1,2022-09-12 09:10:20
1662973821441550000,24.75,1,24.7,61,24.75,21,1,2022-09-12 09:10:21
1662973822113172000,24.75,5,24.7,61,24.75,16,1,2022-09-12 09:10:22
1662973822353651000,24.75,2,24.7,63,24.75,16,1,2022-09-12 09:10:22
1662973823554740000,24.75,2,24.7,63,24.75,12,1,2022-09-12 09:10:23
1662973824067649000,24.75,1,24.7,63,24.75,11,1,2022-09-12 09:10:24
1662973824499293000,24.75,1,24.7,63,24.75,10,1,2022-09-12 09:10:24
1662973824838916000,24.75,10,24.7,63,24.75,1,1,2022-09-12 09:10:24
1662973825576004000,24.75,1,24.75,4,24.8,8,1,2022-09-12 09:10:25
1662973825610519000,24.75,4,24.7,63,24.8,8,2,2022-09-12 09:10:25
1662973826503509000,24.8,8,24.75,4,24.85,3,1,2022-09-12 09:10:26
1662973826503509000,24.85,12,24.75,4,24.85,3,1,2022-09-12 09:10:26
1662973829256936000,24.85,3,24.75,6,25.0,46,1,2022-09-12 09:10:29
1662973829256936000,24.9,15,24.75,6,25.0,46,1,2022-09-12 09:10:29
1662973829256936000,24.95,10,24.75,6,25.0,46,1,2022-09-12 09:10:29
1662973829256936000,25.0,14,24.75,6,25.0,46,1,2022-09-12 09:10:29
1662973829378384000,25.0,1,24.8,1,25.0,45,1,2022-09-12 09:10:29
1662973832042270000,24.85,1,24.8,2,24.85,1,1,2022-09-12 09:10:32
1662973832247048000,24.8,2,24.75,5,24.85,1,2,2022-09-12 09:10:32
1662973832247048000,24.75,3,24.75,5,24.85,1,2,2022-09-12 09:10:32
1662973842456954000,24.95,1,24.85,25,24.95,6,1,2022-09-12 09:10:42
1662973843793838000,24.95,1,24.85,25,24.95,4,1,2022-09-12 09:10:43
1662973848844426000,24.9,1,24.95,1,25.0,44,1,2022-09-12 09:10:48
1662973848844426000,24.95,8,24.95,1,25.0,44,1,2022-09-12 09:10:48
1662973848873051000,24.95,1,24.85,25,25.0,44,2,2022-09-12 09:10:48
1662973852679922000,24.95,1,24.9,2,25.0,44,2,2022-09-12 09:10:52
1662973852679922000,24.9,1,24.9,2,25.0,44,2,2022-09-12 09:10:52
1662973855503107000,25.0,2,24.95,1,25.0,42,1,2022-09-12 09:10:55
1662973856352482000,25.0,10,24.95,1,25.0,32,1,2022-09-12 09:10:56
1662973856572233000,24.95,1,24.9,4,25.0,32,2,2022-09-12 09:10:56
1662973856741254000,25.0,1,24.9,4,25.0,32,1,2022-09-12 09:10:56
1662973858965220000,25.0,1,24.9,5,25.0,30,1,2022-09-12 09:10:58
1662973860236837000,24.9,2,24.9,21,24.95,1,2,2022-09-12 09:11:00
1662973860868063000,24.95,1,24.95,2,25.0,30,1,2022-09-12 09:11:00
1662973862753602000,25.0,30,25.0,20,25.05,25,1,2022-09-12 09:11:02
1662973863491915000,25.0,1,25.0,19,25.05,25,2,2022-09-12 09:11:03
1662973863616200000,25.05,2,25.0,19,25.05,23,1,2022-09-12 09:11:03
1662973863657471000,25.05,2,25.0,19,25.05,21,1,2022-09-12 09:11:03
1662973863809478000,25.05,1,25.0,20,25.05,20,1,2022-09-12 09:11:03
1662973863819198000,25.05,2,25.0,20,25.05,18,1,2022-09-12 09:11:03
1662973864635436000,25.0,1,25.0,19,25.05,18,2,2022-09-12 09:11:04
1662973864904480000,25.05,7,25.0,19,25.05,11,1,2022-09-12 09:11:04
1662973865423166000,25.05,2,25.0,20,25.05,9,1,2022-09-12 09:11:05
1662973865828236000,25.05,1,25.0,20,25.05,8,1,2022-09-12 09:11:05
1662973866250282000,25.05,1,25.0,20,25.05,7,1,2022-09-12 09:11:06
1662973866581942000,25.05,1,25.0,20,25.05,6,1,2022-09-12 09:11:06
1662973867060088000,25.05,6,25.0,30,25.1,36,1,2022-09-12 09:11:07
1662973869685908000,25.1,1,25.05,10,25.1,35,1,2022-09-12 09:11:09
1662973869812267000,25.1,3,25.05,10,25.1,32,1,2022-09-12 09:11:09
1662973869843974000,25.1,22,25.05,10,25.1,10,1,2022-09-12 09:11:09
1662973869875166000,25.1,5,25.05,10,25.1,5,1,2022-09-12 09:11:09
1662973869878550000,25.1,5,25.05,10,25.15,41,1,2022-09-12 09:11:09
1662973869980310000,25.05,2,25.05,8,25.15,41,2,2022-09-12 09:11:09
1662973870145117000,25.15,1,25.05,8,25.15,40,1,2022-09-12 09:11:10
1662973870183626000,25.15,3,25.05,8,25.15,37,1,2022-09-12 09:11:10
1662973870286952000,25.15,1,25.05,9,25.15,36,1,2022-09-12 09:11:10
1662973873097791000,25.15,1,25.1,3,25.15,35,1,2022-09-12 09:11:13
1662973873499475000,25.15,1,25.1,3,25.15,34,1,2022-09-12 09:11:13
1662973875145819000,25.1,1,25.1,4,25.15,34,2,2022-09-12 09:11:15
1662973875564162000,25.15,1,25.1,8,25.15,34,1,2022-09-12 09:11:15
1662973876325132000,25.15,5,25.1,8,25.15,28,1,2022-09-12 09:11:16
1662973876909614000,25.15,1,25.1,11,25.15,27,1,2022-09-12 09:11:16
1662973876945055000,25.15,1,25.1,11,25.15,26,1,2022-09-12 09:11:16
1662973877900735000,25.15,26,25.1,12,25.2,64,1,2022-09-12 09:11:17
1662973878818907000,25.15,1,25.1,15,25.15,1,1,2022-09-12 09:11:18
1662973879073114000,25.2,10,25.1,15,25.2,54,1,2022-09-12 09:11:19
1662973879295714000,25.15,1,25.15,4,25.2,54,2,2022-09-12 09:11:19
1662973879580105000,25.2,11,25.15,3,25.2,43,1,2022-09-12 09:11:19
1662973880353700000,25.2,5,25.15,4,25.2,38,1,2022-09-12 09:11:20
1662973880408039000,25.2,5,25.15,4,25.2,33,1,2022-09-12 09:11:20
1662973880440399000,25.2,2,25.15,5,25.2,31,1,2022-09-12 09:11:20
1662973880605403000,25.2,3,25.15,5,25.2,28,1,2022-09-12 09:11:20
1662973880822412000,25.2,1,25.15,5,25.2,27,1,2022-09-12 09:11:20
1662973881407575000,25.2,1,25.15,5,25.2,26,1,2022-09-12 09:11:21
1662973881456003000,25.2,1,25.15,5,25.2,25,1,2022-09-12 09:11:21
1662973881485903000,25.2,1,25.15,6,25.2,24,1,2022-09-12 09:11:21
1662973881592113000,25.2,1,25.15,6,25.2,23,1,2022-09-12 09:11:21
1662973881620786000,25.2,1,25.15,6,25.2,22,1,2022-09-12 09:11:21
1662973881711823000,25.2,1,25.15,6,25.2,21,1,2022-09-12 09:11:21
1662973881770950000,25.2,5,25.15,6,25.2,16,1,2022-09-12 09:11:21
1662973881805003000,25.2,2,25.15,6,25.2,14,1,2022-09-12 09:11:21
1662973882724525000,25.2,1,25.15,15,25.2,13,1,2022-09-12 09:11:22
1662973882884831000,25.2,1,25.15,15,25.2,14,1,2022-09-12 09:11:22
1662973883096267000,25.2,7,25.15,15,25.2,5,1,2022-09-12 09:11:23
1662973883120239000,25.2,3,25.15,15,25.2,2,1,2022-09-12 09:11:23
1662973883136297000,25.2,1,25.15,15,25.2,1,1,2022-09-12 09:11:23
1662973883502237000,25.2,1,25.2,1,25.25,13,1,2022-09-12 09:11:23
1662973883867890000,25.25,3,25.2,4,25.25,10,1,2022-09-12 09:11:23
1662973884639733000,25.25,1,25.2,19,25.25,10,1,2022-09-12 09:11:24
1662973885005292000,25.25,1,25.2,19,25.25,8,1,2022-09-12 09:11:25
1662973885044994000,25.25,1,25.2,19,25.25,7,1,2022-09-12 09:11:25
1662973885191798000,25.25,7,25.25,1,25.3,21,1,2022-09-12 09:11:25
1662973885246360000,25.3,3,25.25,1,25.3,18,1,2022-09-12 09:11:25
1662973885385851000,25.3,5,25.25,4,25.3,13,1,2022-09-12 09:11:25
1662973885431669000,25.3,1,25.25,4,25.3,12,1,2022-09-12 09:11:25
1662973885441491000,25.3,12,25.25,4,25.4,17,1,2022-09-12 09:11:25
1662973885441491000,25.35,3,25.25,4,25.4,17,1,2022-09-12 09:11:25
1662973885441491000,25.4,5,25.25,4,25.4,17,1,2022-09-12 09:11:25
1662973885538295000,25.4,4,25.25,11,25.4,13,1,2022-09-12 09:11:25
1662973885615060000,25.4,2,25.25,11,25.4,11,1,2022-09-12 09:11:25
1662973885680000000,25.4,1,25.25,11,25.4,10,1,2022-09-12 09:11:25
1662973886028714000,25.4,1,25.3,4,25.4,9,1,2022-09-12 09:11:26
1662973886405742000,25.4,5,25.3,4,25.4,9,1,2022-09-12 09:11:26
1662973886828784000,25.4,4,25.3,4,25.45,5,1,2022-09-12 09:11:26
1662973886828784000,25.45,6,25.3,4,25.45,5,1,2022-09-12 09:11:26
1662973886871587000,25.45,1,25.3,6,25.45,4,1,2022-09-12 09:11:26
1662973886923903000,25.45,2,25.3,7,25.45,2,1,2022-09-12 09:11:26
1662973886932764000,25.45,2,25.3,7,25.5,76,1,2022-09-12 09:11:26
1662973886939445000,25.5,6,25.3,7,25.5,70,1,2022-09-12 09:11:26
1662973886943132000,25.5,2,25.3,7,25.5,68,1,2022-09-12 09:11:26
1662973886985421000,25.5,1,25.35,1,25.5,67,1,2022-09-12 09:11:26
1662973887191798000,25.4,1,25.3,7,25.5,63,1,2022-09-12 09:11:27
1662973887191798000,25.5,4,25.3,7,25.5,63,1,2022-09-12 09:11:27
1662973887307960000,25.5,2,25.35,1,25.5,61,1,2022-09-12 09:11:27
1662973887728578000,25.5,1,25.35,1,25.5,60,1,2022-09-12 09:11:27
1662973887768421000,25.35,1,25.3,12,25.5,60,2,2022-09-12 09:11:27
1662973887768421000,25.3,2,25.3,12,25.5,60,2,2022-09-12 09:11:27
1662973887876109000,25.45,1,25.3,12,25.5,60,1,2022-09-12 09:11:27
1662973888021074000,25.5,1,25.3,12,25.5,59,1,2022-09-12 09:11:28
1662973888739058000,25.5,2,25.4,1,25.5,57,1,2022-09-12 09:11:28
1662973888894699000,25.5,1,25.4,4,25.5,57,1,2022-09-12 09:11:28
1662973889374524000,25.4,1,25.4,4,25.45,10,2,2022-09-12 09:11:29
1662973889450582000,25.4,1,25.4,5,25.45,10,2,2022-09-12 09:11:29
1662973889781717000,25.45,10,25.4,4,25.5,57,1,2022-09-12 09:11:29
1662973889940407000,25.5,1,25.4,4,25.5,56,1,2022-09-12 09:11:29
1662973889967244000,25.5,1,25.4,4,25.5,57,1,2022-09-12 09:11:29
1662973890157387000,25.5,1,25.45,1,25.5,54,1,2022-09-12 09:11:30
1662973890221969000,25.5,1,25.45,1,25.5,53,1,2022-09-12 09:11:30
1662973890257894000,25.45,1,25.4,4,25.45,1,2,2022-09-12 09:11:30
1662973890706761000,25.45,3,25.5,15,25.55,9,1,2022-09-12 09:11:30
1662973890706761000,25.5,53,25.5,15,25.55,9,1,2022-09-12 09:11:30
1662973891739348000,25.5,16,25.35,5,25.4,6,2,2022-09-12 09:11:31
1662973891739348000,25.4,10,25.35,5,25.4,6,2,2022-09-12 09:11:31
1662973892282056000,25.35,1,25.35,4,25.4,6,2,2022-09-12 09:11:32
1662973892775282000,25.4,3,25.35,4,25.4,3,1,2022-09-12 09:11:32
1662973892796928000,25.4,3,25.35,4,25.5,12,1,2022-09-12 09:11:32
1662973893449885000,25.4,1,25.35,4,25.4,1,1,2022-09-12 09:11:33
1662973893614050000,25.5,1,25.35,4,25.5,12,1,2022-09-12 09:11:33
1662973893994463000,25.45,1,25.4,1,25.5,11,1,2022-09-12 09:11:33
1662973893994463000,25.5,2,25.4,1,25.5,11,1,2022-09-12 09:11:33
1662973894051689000,25.4,1,25.35,4,25.5,11,2,2022-09-12 09:11:34
1662973894612407000,25.5,25,25.35,5,25.5,17,1,2022-09-12 09:11:34
1662973895370162000,25.45,1,25.4,1,25.45,4,1,2022-09-12 09:11:35
1662973895821282000,25.45,1,25.4,2,25.45,2,1,2022-09-12 09:11:35
1662973895911809000,25.45,2,25.4,2,25.5,15,1,2022-09-12 09:11:35
1662973895911809000,25.5,3,25.4,2,25.5,15,1,2022-09-12 09:11:35
1662973896058064000,25.5,1,25.4,2,25.5,14,1,2022-09-12 09:11:36
1662973896064064000,25.5,5,25.4,2,25.5,9,1,2022-09-12 09:11:36
1662973896401185000,25.45,4,25.4,4,25.5,8,1,2022-09-12 09:11:36
1662973896401185000,25.5,1,25.4,4,25.5,8,1,2022-09-12 09:11:36
1662973897119742000,25.45,1,25.4,4,25.5,8,2,2022-09-12 09:11:37
1662973897215624000,25.4,1,25.4,3,25.5,8,2,2022-09-12 09:11:37
1662973897600853000,25.5,4,25.4,3,25.5,6,1,2022-09-12 09:11:37
1662973897860045000,25.4,1,25.4,2,25.5,6,2,2022-09-12 09:11:37
1662973898055277000,25.5,1,25.4,2,25.5,6,1,2022-09-12 09:11:38
1662973898425790000,25.45,1,25.4,3,25.5,5,1,2022-09-12 09:11:38
1662973898425790000,25.5,3,25.4,3,25.5,5,1,2022-09-12 09:11:38
1662973899239788000,25.5,2,25.4,9,25.5,11,1,2022-09-12 09:11:39
1662973899632775000,25.4,1,25.4,9,25.5,11,2,2022-09-12 09:11:39
1662973901253767000,25.4,5,25.4,5,25.45,1,2,2022-09-12 09:11:41
1662973901508253000,25.4,5,25.3,28,25.45,2,2,2022-09-12 09:11:41
1662973901508253000,25.35,4,25.3,28,25.45,2,2,2022-09-12 09:11:41
1662973901508253000,25.3,1,25.3,28,25.45,2,2,2022-09-12 09:11:41
1662973901996595000,25.45,1,25.3,28,25.45,16,1,2022-09-12 09:11:41
1662973902030811000,25.45,10,25.3,28,25.45,6,1,2022-09-12 09:11:42
1662973902201969000,25.3,1,25.3,27,25.4,2,2,2022-09-12 09:11:42
1662973902490682000,25.35,1,25.3,27,25.35,4,1,2022-09-12 09:11:42
1662973902560131000,25.35,1,25.3,27,25.35,3,1,2022-09-12 09:11:42
1662973902667859000,25.35,1,25.3,27,25.35,2,1,2022-09-12 09:11:42
1662973903887314000,25.35,2,25.3,27,25.35,2,1,2022-09-12 09:11:43
1662973903901022000,25.3,12,25.3,15,25.35,2,2,2022-09-12 09:11:43
1662973903933666000,25.3,11,25.3,4,25.35,3,2,2022-09-12 09:11:43
1662973903934045000,25.3,4,25.25,47,25.35,3,2,2022-09-12 09:11:43
1662973904167121000,25.35,1,25.25,47,25.35,2,1,2022-09-12 09:11:44
1662973904827764000,25.25,20,25.25,26,25.3,2,2,2022-09-12 09:11:44
1662973904861078000,25.25,26,25.2,22,25.3,2,2,2022-09-12 09:11:44
1662973904923972000,25.2,7,25.2,15,25.3,2,2,2022-09-12 09:11:44
1662973904956713000,25.2,14,25.2,22,25.3,2,2,2022-09-12 09:11:44
1662973905822538000,25.2,1,25.15,11,25.2,6,2,2022-09-12 09:11:45
1662973905861070000,25.2,1,25.15,11,25.2,6,1,2022-09-12 09:11:45
1662973906587293000,25.2,5,25.15,11,25.25,1,1,2022-09-12 09:11:46
1662973907034905000,25.15,5,25.15,6,25.25,1,2,2022-09-12 09:11:47
1662973907635278000,25.25,1,25.15,6,25.3,2,1,2022-09-12 09:11:47
1662973907635278000,25.3,1,25.15,6,25.3,2,1,2022-09-12 09:11:47
1662973908919049000,25.25,1,25.15,6,25.3,2,2,2022-09-12 09:11:48
1662973909245114000,25.3,2,25.2,3,25.35,2,1,2022-09-12 09:11:49
1662973909879559000,25.3,1,25.2,3,25.3,1,1,2022-09-12 09:11:49
1662973912132871000,25.25,2,25.2,9,25.3,10,1,2022-09-12 09:11:52
1662973912524922000,25.3,5,25.2,10,25.3,5,1,2022-09-12 09:11:52
1662973913803089000,25.25,5,25.2,10,25.25,1,1,2022-09-12 09:11:53
1662973913986394000,25.25,1,25.2,10,25.3,7,1,2022-09-12 09:11:53
1662973915056120000,25.3,2,25.2,10,25.3,12,1,2022-09-12 09:11:55
1662973915556816000,25.3,5,25.2,5,25.3,7,1,2022-09-12 09:11:55
1662973916996546000,25.3,3,25.25,2,25.3,4,1,2022-09-12 09:11:56
1662973918305332000,25.3,2,25.25,8,25.3,9,1,2022-09-12 09:11:58
1662973919264418000,25.3,1,25.25,9,25.3,9,1,2022-09-12 09:11:59
1662973920385962000,25.25,9,25.2,11,25.25,1,2,2022-09-12 09:12:00
1662973921061286000,25.25,1,25.2,11,25.3,5,1,2022-09-12 09:12:01
1662973921061286000,25.3,4,25.2,11,25.3,5,1,2022-09-12 09:12:01
1662973922440052000,25.3,1,25.2,11,25.3,7,1,2022-09-12 09:12:02
1662973923325065000,25.3,1,25.2,12,25.3,6,1,2022-09-12 09:12:03
1662973923359152000,25.3,1,25.2,12,25.3,7,1,2022-09-12 09:12:03
1662973923984622000,25.3,5,25.2,12,25.3,3,1,2022-09-12 09:12:03
1662973924418584000,25.3,1,25.2,12,25.3,5,1,2022-09-12 09:12:04
1662973925022028000,25.3,1,25.25,3,25.3,6,1,2022-09-12 09:12:05
1662973926155248000,25.25,1,25.25,12,25.3,10,2,2022-09-12 09:12:06
1662973926344522000,25.3,4,25.25,13,25.3,10,1,2022-09-12 09:12:06
1662973926916849000,25.25,1,25.25,13,25.3,6,2,2022-09-12 09:12:06
1662973927400522000,25.3,2,25.25,14,25.3,9,1,2022-09-12 09:12:07
1662973928042038000,25.3,1,25.25,15,25.3,8,1,2022-09-12 09:12:08
1662973928215241000,25.3,1,25.25,15,25.3,7,1,2022-09-12 09:12:08
1662973928351545000,25.25,5,25.25,10,25.3,8,2,2022-09-12 09:12:08
1662973928397374000,25.3,1,25.25,10,25.3,7,1,2022-09-12 09:12:08
1662973929169470000,25.3,1,25.25,10,25.3,6,1,2022-09-12 09:12:09
1662973929735670000,25.3,1,25.25,10,25.3,5,1,2022-09-12 09:12:09
1662973930794142000,25.3,6,25.3,13,25.35,11,1,2022-09-12 09:12:10
1662973931331731000,25.3,1,25.3,12,25.35,11,2,2022-09-12 09:12:11
1662973931401348000,25.3,1,25.3,11,25.35,11,2,2022-09-12 09:12:11
1662973931478071000,25.3,2,25.3,10,25.35,11,2,2022-09-12 09:12:11
1662973931871684000,25.3,1,25.3,10,25.35,13,2,2022-09-12 09:12:11
1662973931969512000,25.35,2,25.3,11,25.35,13,1,2022-09-12 09:12:11
1662973932494830000,25.35,10,25.3,13,25.35,1,1,2022-09-12 09:12:12
1662973932658235000,25.35,1,25.3,13,25.4,20,1,2022-09-12 09:12:12
1662973932658235000,25.4,4,25.3,13,25.4,20,1,2022-09-12 09:12:12
1662973932809489000,25.4,1,25.3,13,25.4,19,1,2022-09-12 09:12:12
1662973935318721000,25.4,6,25.35,2,25.4,19,1,2022-09-12 09:12:15
1662973935992822000,25.4,5,25.35,2,25.4,11,1,2022-09-12 09:12:15
1662973936505375000,25.4,1,25.35,2,25.4,10,1,2022-09-12 09:12:16
1662973936686943000,25.4,1,25.35,2,25.4,9,1,2022-09-12 09:12:16
1662973937133987000,25.4,1,25.35,2,25.4,8,1,2022-09-12 09:12:17
1662973937964439000,25.4,5,25.35,2,25.4,3,1,2022-09-12 09:12:17
1662973938923546000,25.4,1,25.35,3,25.4,2,1,2022-09-12 09:12:18
1662973938960973000,25.4,2,25.35,3,25.4,3,1,2022-09-12 09:12:18
1662973939465943000,25.45,1,25.4,4,25.45,9,1,2022-09-12 09:12:19
1662973940677699000,25.45,2,25.4,5,25.45,10,1,2022-09-12 09:12:20
1662973941094342000,25.45,1,25.4,15,25.45,10,1,2022-09-12 09:12:21
1662973941796309000,25.45,2,25.4,15,25.45,7,1,2022-09-12 09:12:21
1662973941796527000,25.45,1,25.4,15,25.45,6,1,2022-09-12 09:12:21
1662973942295803000,25.45,5,25.4,15,25.45,1,1,2022-09-12 09:12:22
1662973942332965000,25.45,1,25.4,15,25.5,21,1,2022-09-12 09:12:22
1662973943284802000,25.5,1,25.4,16,25.5,20,1,2022-09-12 09:12:23
1662973943486687000,25.5,5,25.4,16,25.5,15,1,2022-09-12 09:12:23
1662973943587851000,25.4,1,25.4,15,25.5,17,2,2022-09-12 09:12:23
1662973943626490000,25.4,1,25.4,14,25.5,17,2,2022-09-12 09:12:23
1662973944206823000,25.5,1,25.45,1,25.5,15,1,2022-09-12 09:12:24
1662973944607203000,25.5,1,25.45,1,25.5,14,1,2022-09-12 09:12:24
1662973944803873000,25.5,14,25.45,1,25.55,8,1,2022-09-12 09:12:24
1662973944803873000,25.55,6,25.45,1,25.55,8,1,2022-09-12 09:12:24
1662973944805644000,25.55,8,25.45,1,25.6,31,1,2022-09-12 09:12:24
1662973944805644000,25.6,13,25.45,1,25.6,31,1,2022-09-12 09:12:24
1662973944807338000,25.6,9,25.45,1,25.6,22,1,2022-09-12 09:12:24
1662973944855101000,25.6,1,25.5,4,25.6,21,1,2022-09-12 09:12:24
1662973944921140000,25.6,1,25.5,4,25.6,20,1,2022-09-12 09:12:24
1662973944921389000,25.6,1,25.5,4,25.6,19,1,2022-09-12 09:12:24
1662973944924603000,25.6,1,25.5,4,25.6,21,1,2022-09-12 09:12:24
1662973944999141000,25.5,1,25.5,3,25.6,18,2,2022-09-12 09:12:24
1662973945875548000,25.55,1,25.5,3,25.6,9,1,2022-09-12 09:12:25
1662973945875548000,25.6,9,25.5,3,25.6,9,1,2022-09-12 09:12:25
1662973945908728000,25.6,5,25.5,3,25.6,4,1,2022-09-12 09:12:25
1662973945938735000,25.6,4,25.5,6,25.6,4,1,2022-09-12 09:12:25
1662973946174444000,25.55,2,25.5,6,25.7,6,2,2022-09-12 09:12:26
1662973946888719000,25.65,2,25.5,7,25.7,3,1,2022-09-12 09:12:26
1662973946888719000,25.7,3,25.5,7,25.7,3,1,2022-09-12 09:12:26
1662973946959427000,25.7,1,25.5,12,25.7,3,1,2022-09-12 09:12:26
1662973946963413000,25.7,1,25.5,14,25.7,1,1,2022-09-12 09:12:26
1662973947295944000,25.7,1,25.55,2,25.7,2,1,2022-09-12 09:12:27
1662973947319020000,25.7,2,25.55,2,25.7,3,1,2022-09-12 09:12:27
1662973947670747000,25.75,1,25.55,7,25.75,1,1,2022-09-12 09:12:27
1662973947692006000,25.75,1,25.55,7,25.8,19,1,2022-09-12 09:12:27
1662973947692006000,25.8,2,25.55,7,25.8,19,1,2022-09-12 09:12:27
1662973947783362000,25.8,1,25.65,2,25.8,18,1,2022-09-12 09:12:27
1662973947785874000,25.8,1,25.65,2,25.8,17,1,2022-09-12 09:12:27
1662973947808089000,25.8,2,25.65,2,25.8,15,1,2022-09-12 09:12:27
1662973948040128000,25.7,2,25.6,8,25.7,3,1,2022-09-12 09:12:28
1662973948073412000,25.7,3,25.6,8,25.8,15,1,2022-09-12 09:12:28
1662973948683312000,25.8,1,25.65,2,25.8,15,1,2022-09-12 09:12:28
1662973948840879000,25.8,1,25.65,2,25.8,14,1,2022-09-12 09:12:28
1662973950375366000,25.8,1,25.65,2,25.8,12,1,2022-09-12 09:12:30
1662973950500182000,25.8,3,25.65,2,25.8,11,1,2022-09-12 09:12:30
1662973950961442000,25.75,1,25.65,4,25.75,1,1,2022-09-12 09:12:30
1662973951268162000,25.7,2,25.6,3,25.8,11,2,2022-09-12 09:12:31
1662973951268162000,25.65,4,25.6,3,25.8,11,2,2022-09-12 09:12:31
1662973951268162000,25.6,9,25.6,3,25.8,11,2,2022-09-12 09:12:31
1662973951816494000,25.8,1,25.7,1,25.8,10,1,2022-09-12 09:12:31
1662973951883756000,25.75,1,25.7,1,25.75,1,1,2022-09-12 09:12:31
1662973951984307000,25.75,1,25.7,3,25.8,10,1,2022-09-12 09:12:31
1662973952761385000,25.7,3,25.6,3,25.75,10,2,2022-09-12 09:12:32
1662973952783864000,25.75,3,25.6,3,25.75,7,1,2022-09-12 09:12:32
1662973952841639000,25.75,1,25.6,6,25.75,6,1,2022-09-12 09:12:32
1662973953208078000,25.75,1,25.6,7,25.75,5,1,2022-09-12 09:12:33
1662973953783830000,25.7,1,25.65,1,25.7,9,1,2022-09-12 09:12:33
1662973954524080000,25.7,8,25.65,1,25.7,5,1,2022-09-12 09:12:34
1662973954610279000,25.65,1,25.6,1,25.65,4,2,2022-09-12 09:12:34
1662973954911619000,25.65,10,25.6,1,25.65,3,1,2022-09-12 09:12:34
1662973954942190000,25.65,3,25.6,1,25.65,13,1,2022-09-12 09:12:34
1662973955180753000,25.65,1,25.6,1,25.65,4,1,2022-09-12 09:12:35
1662973955338494000,25.65,1,25.6,1,25.65,3,1,2022-09-12 09:12:35
1662973955368087000,25.65,2,25.6,1,25.65,1,1,2022-09-12 09:12:35
1662973955406845000,25.65,1,25.6,1,25.65,1,1,2022-09-12 09:12:35
1662973955537112000,25.7,1,25.6,1,25.7,3,1,2022-09-12 09:12:35
1662973955646855000,25.7,1,25.6,3,25.7,2,1,2022-09-12 09:12:35
1662973955647220000,25.7,1,25.6,3,25.7,3,1,2022-09-12 09:12:35
1662973956565919000,25.7,1,25.65,2,25.75,14,1,2022-09-12 09:12:36
1662973956591753000,25.65,1,25.65,1,25.75,14,2,2022-09-12 09:12:36
1662973956856793000,25.75,3,25.65,1,25.75,11,1,2022-09-12 09:12:36
1662973957193247000,25.65,1,25.65,1,25.75,12,2,2022-09-12 09:12:37
1662973957885802000,25.65,3,25.6,7,25.75,12,1,2022-09-12 09:12:37
1662973957885802000,25.7,2,25.6,7,25.75,12,1,2022-09-12 09:12:37
1662973958530968000,25.65,1,25.7,1,25.75,12,1,2022-09-12 09:12:38
1662973958563257000,25.7,1,25.6,7,25.75,12,2,2022-09-12 09:12:38
1662973958975825000,25.7,2,25.7,3,25.75,10,2,2022-09-12 09:12:38
1662973959341839000,25.7,1,25.7,2,25.75,10,2,2022-09-12 09:12:39
1662973959885943000,25.7,1,25.7,1,25.75,9,2,2022-09-12 09:12:39
1662973961229425000,25.7,1,25.65,2,25.7,3,2,2022-09-12 09:12:41
1662973961764467000,25.7,1,25.65,3,25.7,2,1,2022-09-12 09:12:41
1662973961806723000,25.7,2,25.65,3,25.7,3,1,2022-09-12 09:12:41
1662973961982267000,25.7,1,25.65,3,25.8,5,1,2022-09-12 09:12:41
1662973961982267000,25.75,9,25.65,3,25.8,5,1,2022-09-12 09:12:41
1662973961982267000,25.8,10,25.65,3,25.8,5,1,2022-09-12 09:12:41
1662973962194577000,25.65,3,25.6,9,25.8,5,2,2022-09-12 09:12:42
1662973962629079000,25.8,5,25.65,1,25.85,1,1,2022-09-12 09:12:42
1662973963154809000,25.85,1,25.8,1,25.9,17,1,2022-09-12 09:12:43
1662973963154809000,25.9,4,25.8,1,25.9,17,1,2022-09-12 09:12:43
1662973963289182000,25.9,1,25.8,6,25.9,16,1,2022-09-12 09:12:43
1662973963296964000,25.9,1,25.8,6,25.9,15,1,2022-09-12 09:12:43
1662973963313090000,25.9,1,25.8,6,25.9,14,1,2022-09-12 09:12:43
1662973963334425000,25.8,1,25.8,5,25.9,14,2,2022-09-12 09:12:43
1662973963336194000,25.8,5,25.7,6,25.75,6,2,2022-09-12 09:12:43
1662973963367035000,25.75,6,25.7,6,25.9,14,1,2022-09-12 09:12:43
1662973963539172000,25.75,1,25.75,1,25.9,14,2,2022-09-12 09:12:43
1662973963947539000,25.75,1,25.75,28,25.85,1,2,2022-09-12 09:12:43
1662973964138207000,25.85,2,25.85,18,25.9,14,1,2022-09-12 09:12:44
1662973964273921000,25.9,1,25.85,18,25.9,13,1,2022-09-12 09:12:44
1662973964734203000,25.85,1,25.85,17,25.9,14,2,2022-09-12 09:12:44
1662973964928442000,25.85,2,25.85,17,25.9,14,2,2022-09-12 09:12:44
1662973965233278000,25.85,1,25.85,14,25.9,14,2,2022-09-12 09:12:45
1662973965283361000,25.9,5,25.85,14,25.9,9,1,2022-09-12 09:12:45
1662973966607912000,25.85,1,25.85,14,25.9,9,2,2022-09-12 09:12:46
1662973966629071000,25.9,2,25.85,14,25.9,7,1,2022-09-12 09:12:46
1662973966710081000,25.9,4,25.85,14,25.9,3,1,2022-09-12 09:12:46
1662973966813558000,25.85,1,25.85,14,25.9,9,2,2022-09-12 09:12:46
1662973967150666000,25.9,3,25.85,13,25.95,14,1,2022-09-12 09:12:47
1662973967150666000,25.95,2,25.85,13,25.95,14,1,2022-09-12 09:12:47
1662973967276826000,25.95,12,25.85,13,25.95,2,1,2022-09-12 09:12:47
1662973967298973000,25.95,1,25.85,13,25.95,1,1,2022-09-12 09:12:47
1662973967350366000,25.95,1,25.85,13,26.0,64,1,2022-09-12 09:12:47
1662973967350366000,26.0,4,25.85,13,26.0,64,1,2022-09-12 09:12:47
1662973967402687000,25.85,1,25.85,13,26.0,64,2,2022-09-12 09:12:47
1662973967764855000,26.0,1,25.9,1,26.0,63,1,2022-09-12 09:12:47
1662973967916726000,26.0,1,25.9,2,26.0,63,1,2022-09-12 09:12:47
1662973967959341000,25.9,1,25.9,1,26.0,62,2,2022-09-12 09:12:47
1662973968234639000,25.9,3,25.9,6,26.0,62,2,2022-09-12 09:12:48
1662973968465360000,26.0,5,25.9,3,26.0,57,1,2022-09-12 09:12:48
1662973968733131000,26.0,3,25.9,3,26.0,53,1,2022-09-12 09:12:48
1662973969070208000,26.0,2,25.9,3,26.0,51,1,2022-09-12 09:12:49
1662973969124200000,25.9,3,25.85,15,25.9,2,2,2022-09-12 09:12:49
1662973969487516000,25.9,3,25.85,17,26.0,52,1,2022-09-12 09:12:49
1662973969487516000,25.95,1,25.85,17,26.0,52,1,2022-09-12 09:12:49
1662973969927719000,26.0,1,25.95,10,26.0,52,1,2022-09-12 09:12:49
1662973970329461000,25.95,1,25.95,9,26.0,51,2,2022-09-12 09:12:50
1662973970335555000,26.0,1,25.95,10,26.0,51,1,2022-09-12 09:12:50
1662973970772194000,26.0,1,25.95,9,26.0,49,1,2022-09-12 09:12:50
1662973970795474000,26.0,10,25.95,9,26.0,39,1,2022-09-12 09:12:50
1662973970817676000,26.0,8,25.95,9,26.0,31,1,2022-09-12 09:12:50
1662973970844243000,26.0,9,25.95,9,26.0,22,1,2022-09-12 09:12:50
1662973971076259000,26.0,10,25.95,9,26.0,19,1,2022-09-12 09:12:51
1662973971093435000,25.95,1,25.95,8,26.0,19,2,2022-09-12 09:12:51
1662973971101896000,26.0,1,25.95,8,26.0,18,1,2022-09-12 09:12:51
1662973971735753000,26.0,1,25.95,9,26.0,17,1,2022-09-12 09:12:51
1662973971765223000,26.0,3,25.95,9,26.0,14,1,2022-09-12 09:12:51
1662973972177397000,26.0,4,25.95,9,26.0,11,1,2022-09-12 09:12:52
1662973972317012000,25.95,1,25.95,8,26.0,10,2,2022-09-12 09:12:52
1662973972526869000,26.0,2,25.95,8,26.0,8,1,2022-09-12 09:12:52
1662973972532792000,26.0,1,25.95,8,26.0,7,1,2022-09-12 09:12:52
1662973972560855000,26.0,2,25.95,8,26.0,5,1,2022-09-12 09:12:52
1662973972836139000,26.0,5,26.0,2,26.05,9,1,2022-09-12 09:12:52
1662973973053690000,26.0,1,26.0,2,26.05,9,2,2022-09-12 09:12:53
1662973973278289000,26.05,2,26.0,2,26.05,7,1,2022-09-12 09:12:53
1662973973313206000,26.05,3,26.0,2,26.05,4,1,2022-09-12 09:12:53
1662973973315448000,26.0,1,26.0,1,26.05,4,2,2022-09-12 09:12:53
1662973973451536000,26.05,4,26.0,1,26.05,4,1,2022-09-12 09:12:53
1662974094091433000,25.9,174,25.85,9,25.9,6,2,2022-09-12 09:14:54
1662974094111960000,25.85,9,25.8,42,25.9,6,2,2022-09-12 09:14:54
1662974094478287000,25.9,5,25.8,42,25.9,11,1,2022-09-12 09:14:54
1662974094564363000,25.8,12,25.8,30,25.9,11,2,2022-09-12 09:14:54
1662974094577014000,25.9,1,25.8,42,25.9,11,1,2022-09-12 09:14:54
1662974095025712000,25.8,1,25.8,30,25.9,11,2,2022-09-12 09:14:55
1662974095274933000,25.8,15,25.8,14,25.9,11,2,2022-09-12 09:14:55
1662974095275169000,25.8,14,25.75,7,25.9,11,2,2022-09-12 09:14:55
1662974095275169000,25.75,8,25.75,7,25.9,11,2,2022-09-12 09:14:55
1662974095278277000,25.75,7,25.8,29,25.9,11,2,2022-09-12 09:14:55
1662974095278277000,25.7,6,25.8,29,25.9,11,2,2022-09-12 09:14:55
1662974095812075000,25.7,1,25.55,16,25.9,11,2,2022-09-12 09:14:55
1662974095812075000,25.65,1,25.55,16,25.9,11,2,2022-09-12 09:14:55
1662974095812075000,25.6,5,25.55,16,25.9,11,2,2022-09-12 09:14:55
1662974095812075000,25.55,2,25.55,16,25.9,11,2,2022-09-12 09:14:55
1662974096370180000,25.9,2,25.6,2,25.9,10,1,2022-09-12 09:14:56
1662974096942171000,25.9,2,25.65,12,25.9,8,1,2022-09-12 09:14:56
1662974097362602000,25.7,1,25.65,16,25.9,8,2,2022-09-12 09:14:57
1662974098185457000,25.75,2,25.75,8,25.8,6,2,2022-09-12 09:14:58
1662974098488399000,25.8,3,25.75,8,25.8,3,1,2022-09-12 09:14:58
1662974101481483000,25.8,2,25.75,8,25.85,1,2,2022-09-12 09:15:01
1662974102404057000,25.8,1,25.85,1,25.9,9,1,2022-09-12 09:15:02
1662974102422594000,25.85,1,25.75,8,25.8,1,2,2022-09-12 09:15:02
1662974104014787000,25.75,1,25.75,10,25.8,1,2,2022-09-12 09:15:04
1662974104559821000,25.8,1,25.75,11,25.85,1,1,2022-09-12 09:15:04
1662974106397459000,25.75,1,25.75,10,25.8,1,2,2022-09-12 09:15:06
1662974106718165000,25.75,3,25.75,7,25.8,1,2,2022-09-12 09:15:06
1662974108520753000,25.8,1,25.75,4,25.85,2,1,2022-09-12 09:15:08
1662974109996455000,25.8,2,25.8,3,25.85,2,1,2022-09-12 09:15:09
1662974110030592000,25.8,3,25.75,4,25.85,2,2,2022-09-12 09:15:10
1662974111083291000,25.8,5,25.8,5,25.85,4,2,2022-09-12 09:15:11
1662974111527018000,25.75,5,25.75,6,25.8,2,2,2022-09-12 09:15:11
1662974111663856000,25.75,1,25.7,8,25.8,2,2,2022-09-12 09:15:11
1662974111967533000,25.8,5,25.7,8,25.8,5,1,2022-09-12 09:15:11
1662974111967533000,25.85,4,25.7,8,25.8,5,1,2022-09-12 09:15:11
1662974113412747000,25.75,1,25.7,8,25.8,2,1,2022-09-12 09:15:13
1662974113973113000,25.8,2,25.7,8,25.8,2,1,2022-09-12 09:15:13
1662974114243470000,25.8,1,25.7,8,25.8,1,1,2022-09-12 09:15:14
1662974114782842000,25.8,1,25.7,8,25.85,2,1,2022-09-12 09:15:14
1662974115451122000,25.7,1,25.7,7,25.8,2,2,2022-09-12 09:15:15
1662974115675250000,25.8,1,25.7,7,25.8,1,1,2022-09-12 09:15:15
1662974115945964000,25.7,1,25.7,7,25.8,1,2,2022-09-12 09:15:15
1662974116428002000,25.8,1,25.7,6,25.85,2,1,2022-09-12 09:15:16
1662974117452794000,25.75,1,25.65,18,25.7,3,2,2022-09-12 09:15:17
1662974117452794000,25.7,6,25.65,18,25.7,3,2,2022-09-12 09:15:17
1662974117538792000,25.7,2,25.65,18,25.7,23,1,2022-09-12 09:15:17
1662974118362477000,25.7,1,25.65,18,25.7,20,1,2022-09-12 09:15:18
1662974119099917000,25.7,10,25.65,21,25.7,10,1,2022-09-12 09:15:19
1662974119127732000,25.7,10,25.65,21,25.7,20,1,2022-09-12 09:15:19
1662974120417732000,25.7,2,25.7,15,25.8,2,2,2022-09-12 09:15:20
1662974121570291000,25.7,3,25.7,30,25.75,1,2,2022-09-12 09:15:21
1662974121755152000,25.7,1,25.7,26,25.75,1,2,2022-09-12 09:15:21
1662974121806411000,25.7,2,25.7,24,25.75,1,2,2022-09-12 09:15:21
1662974121835038000,25.75,1,25.7,24,25.8,3,1,2022-09-12 09:15:21
1662974121846229000,25.7,1,25.7,23,25.8,3,2,2022-09-12 09:15:21
1662974121854234000,25.7,5,25.7,18,25.8,3,2,2022-09-12 09:15:21
1662974122617660000,25.8,1,25.7,18,25.8,2,1,2022-09-12 09:15:22
1662974124894377000,25.7,2,25.7,22,25.75,1,2,2022-09-12 09:15:24
1662974125172196000,25.75,1,25.7,22,25.8,19,1,2022-09-12 09:15:25
1662974125817886000,25.75,1,25.7,22,25.8,19,2,2022-09-12 09:15:25
1662974125882294000,25.7,1,25.7,21,25.8,19,2,2022-09-12 09:15:25
1662974126504121000,25.75,1,25.75,1,25.8,19,2,2022-09-12 09:15:26
1662974127795223000,25.75,1,25.7,21,25.8,19,2,2022-09-12 09:15:27
1662974128490080000,25.75,1,25.7,25,25.75,1,1,2022-09-12 09:15:28
1662974129058725000,25.75,1,25.7,26,25.75,1,1,2022-09-12 09:15:29
1662974129653156000,25.7,17,25.7,27,25.8,19,2,2022-09-12 09:15:29
1662974129687385000,25.7,10,25.65,5,25.8,19,2,2022-09-12 09:15:29
1662974129910148000,25.8,2,25.65,5,25.8,17,1,2022-09-12 09:15:29
1662974130366388000,25.75,1,25.65,5,25.75,9,1,2022-09-12 09:15:30
1662974130406516000,25.75,1,25.65,5,25.75,8,1,2022-09-12 09:15:30
1662974131318071000,25.7,1,25.65,5,25.7,9,1,2022-09-12 09:15:31
1662974131396631000,25.65,1,25.65,4,25.7,16,2,2022-09-12 09:15:31
1662974131591038000,25.65,2,25.65,2,25.7,18,2,2022-09-12 09:15:31
1662974131667645000,25.65,2,25.6,18,25.7,18,2,2022-09-12 09:15:31
1662974132356101000,25.6,7,25.6,11,25.7,12,2,2022-09-12 09:15:32
1662974132505382000,25.6,11,25.55,9,25.7,12,2,2022-09-12 09:15:32
1662974132505382000,25.55,1,25.55,9,25.7,12,2,2022-09-12 09:15:32
1662974132583900000,25.55,5,25.6,18,25.7,12,2,2022-09-12 09:15:32
1662974132665323000,25.55,4,25.5,14,25.7,12,2,2022-09-12 09:15:32
1662974132665323000,25.5,1,25.5,14,25.7,12,2,2022-09-12 09:15:32
1662974133494430000,25.5,1,25.5,14,25.65,4,2,2022-09-12 09:15:33
1662974133959816000,25.65,1,25.5,13,25.65,3,1,2022-09-12 09:15:33
1662974134236537000,25.5,4,25.5,10,25.65,3,2,2022-09-12 09:15:34
1662974134349846000,25.5,1,25.5,9,25.65,3,2,2022-09-12 09:15:34
1662974137381861000,25.65,1,25.5,8,25.65,11,1,2022-09-12 09:15:37
1662974138161376000,25.55,1,25.55,4,25.6,1,2,2022-09-12 09:15:38
1662974138260857000,25.55,1,25.55,3,25.6,1,2,2022-09-12 09:15:38
1662974140216857000,25.55,1,25.55,3,25.6,3,2,2022-09-12 09:15:40
1662974140402403000,25.6,1,25.55,3,25.6,2,1,2022-09-12 09:15:40
1662974141117515000,25.55,1,25.55,2,25.6,2,2,2022-09-12 09:15:41
1662974141455237000,25.6,1,25.55,2,25.6,1,1,2022-09-12 09:15:41
1662974142785433000,25.55,1,25.55,2,25.6,4,2,2022-09-12 09:15:42
1662974143151024000,25.55,2,25.5,14,25.55,8,2,2022-09-12 09:15:43
1662974143950924000,25.55,1,25.5,14,25.55,8,1,2022-09-12 09:15:43
1662974146482807000,25.55,3,25.5,18,25.55,8,1,2022-09-12 09:15:46
1662974146775823000,25.5,3,25.5,15,25.55,8,2,2022-09-12 09:15:46
1662974147194595000,25.55,1,25.5,16,25.55,7,1,2022-09-12 09:15:47
1662974147345610000,25.5,16,25.45,31,25.5,4,2,2022-09-12 09:15:47
1662974148349847000,25.5,3,25.45,31,25.5,2,1,2022-09-12 09:15:48
1662974148765880000,25.45,1,25.45,30,25.5,2,2,2022-09-12 09:15:48
1662974149452522000,25.5,2,25.45,29,25.5,18,1,2022-09-12 09:15:49
1662974150082952000,25.5,1,25.45,29,25.5,15,1,2022-09-12 09:15:50
1662974150084690000,25.45,3,25.45,29,25.5,16,2,2022-09-12 09:15:50
1662974150841665000,25.5,1,25.45,26,25.5,14,1,2022-09-12 09:15:50
1662974150881416000,25.45,10,25.45,16,25.5,14,2,2022-09-12 09:15:50
1662974152184895000,25.5,2,25.45,16,25.5,12,1,2022-09-12 09:15:52
1662974152868264000,25.45,3,25.45,12,25.5,13,2,2022-09-12 09:15:52
1662974153146556000,25.45,4,25.45,15,25.5,13,2,2022-09-12 09:15:53
1662974153228409000,25.45,8,25.4,15,25.5,13,2,2022-09-12 09:15:53
1662974153228425000,25.4,15,25.35,10,25.5,13,2,2022-09-12 09:15:53
1662974153445415000,25.35,7,25.35,3,25.5,13,2,2022-09-12 09:15:53
1662974154597211000,25.4,2,25.4,2,25.45,4,2,2022-09-12 09:15:54
1662974154597211000,25.35,2,25.4,2,25.45,4,2,2022-09-12 09:15:54
1662974155144758000,25.35,1,25.35,1,25.45,5,2,2022-09-12 09:15:55
1662974155144758000,25.3,1,25.35,1,25.45,5,2,2022-09-12 09:15:55
1662974155279346000,25.3,1,25.3,20,25.45,5,2,2022-09-12 09:15:55
1662974155379871000,25.3,1,25.3,19,25.45,5,2,2022-09-12 09:15:55
1662974157576931000,25.4,1,25.35,4,25.45,7,2,2022-09-12 09:15:57
1662974157880153000,25.35,1,25.35,3,25.45,7,2,2022-09-12 09:15:57
1662974158742594000,25.35,2,25.35,1,25.45,6,2,2022-09-12 09:15:58
1662974160226586000,25.4,1,25.35,37,25.4,1,1,2022-09-12 09:16:00
1662974163809684000,25.4,1,25.4,5,25.45,8,2,2022-09-12 09:16:03
1662974166927895000,25.4,2,25.4,19,25.45,10,2,2022-09-12 09:16:06
1662974167982965000,25.45,10,25.4,18,25.45,11,1,2022-09-12 09:16:07
1662974168073688000,25.45,1,25.4,18,25.45,10,1,2022-09-12 09:16:08
1662974168148836000,25.4,4,25.4,18,25.45,21,2,2022-09-12 09:16:08
1662974168744843000,25.4,1,25.4,13,25.45,10,2,2022-09-12 09:16:08
1662974170660670000,25.4,1,25.4,15,25.45,10,2,2022-09-12 09:16:10
1662974172664448000,25.45,2,25.4,15,25.45,10,1,2022-09-12 09:16:12
1662974172971845000,25.4,1,25.4,14,25.45,10,2,2022-09-12 09:16:12
1662974174230152000,25.4,24,25.35,33,25.45,10,2,2022-09-12 09:16:14
1662974174230152000,25.35,6,25.35,33,25.45,10,2,2022-09-12 09:16:14
1662974174411475000,25.45,1,25.35,33,25.45,9,1,2022-09-12 09:16:14
1662974174415186000,25.35,1,25.35,32,25.45,9,2,2022-09-12 09:16:14
1662974176297529000,25.45,1,25.4,6,25.45,8,1,2022-09-12 09:16:16
1662974177830995000,25.4,1,25.4,6,25.45,9,2,2022-09-12 09:16:17
1662974181750746000,25.4,5,25.4,4,25.45,12,2,2022-09-12 09:16:21
1662974183060182000,25.4,6,25.4,6,25.45,15,2,2022-09-12 09:16:23
1662974183060182000,25.35,4,25.4,6,25.45,15,2,2022-09-12 09:16:23
1662974183444156000,25.35,1,25.35,31,25.45,15,2,2022-09-12 09:16:23
1662974185277421000,25.4,3,25.4,1,25.45,15,1,2022-09-12 09:16:25
1662974185452684000,25.4,1,25.35,31,25.4,5,2,2022-09-12 09:16:25
1662974186408394000,25.4,5,25.4,16,25.45,15,1,2022-09-12 09:16:26
1662974186858767000,25.45,1,25.4,16,25.45,12,1,2022-09-12 09:16:26
1662974186904114000,25.45,1,25.4,16,25.45,11,1,2022-09-12 09:16:26
1662974189676727000,25.4,2,25.4,20,25.45,13,2,2022-09-12 09:16:29
1662974190154424000,25.45,1,25.4,20,25.45,12,1,2022-09-12 09:16:30
1662974190222430000,25.45,3,25.4,20,25.45,9,1,2022-09-12 09:16:30
1662974190324951000,25.45,1,25.4,20,25.45,8,1,2022-09-12 09:16:30
1662974191158597000,25.45,4,25.4,20,25.45,4,1,2022-09-12 09:16:31
1662974192194089000,25.45,1,25.4,33,25.45,3,1,2022-09-12 09:16:32
1662974192444113000,25.45,1,25.4,33,25.45,2,1,2022-09-12 09:16:32
1662974192551035000,25.45,2,25.4,33,25.5,30,1,2022-09-12 09:16:32
1662974192761428000,25.5,2,25.4,33,25.5,28,1,2022-09-12 09:16:32
1662974193022468000,25.5,4,25.4,33,25.5,24,1,2022-09-12 09:16:33
1662974193563991000,25.5,1,25.45,4,25.5,23,1,2022-09-12 09:16:33
1662974194896946000,25.5,5,25.45,7,25.5,18,1,2022-09-12 09:16:34
1662974195759416000,25.5,2,25.45,11,25.5,16,1,2022-09-12 09:16:35
1662974195985219000,25.5,1,25.45,11,25.5,15,1,2022-09-12 09:16:35
1662974196326953000,25.5,1,25.45,11,25.5,14,1,2022-09-12 09:16:36
1662974196459108000,25.5,10,25.45,11,25.5,4,1,2022-09-12 09:16:36
1662974196482201000,25.5,4,25.45,11,25.55,2,1,2022-09-12 09:16:36
1662974196500368000,25.55,1,25.45,11,25.55,1,1,2022-09-12 09:16:36
1662974196664388000,25.55,1,25.5,2,25.6,2,1,2022-09-12 09:16:36
1662974196960913000,25.6,2,25.5,2,25.65,14,1,2022-09-12 09:16:36
1662974197042273000,25.5,1,25.5,1,25.65,14,2,2022-09-12 09:16:37
1662974197121386000,25.5,1,25.4,23,25.65,14,2,2022-09-12 09:16:37
1662974197121386000,25.45,11,25.4,23,25.65,14,2,2022-09-12 09:16:37
1662974197121386000,25.4,8,25.4,23,25.65,14,2,2022-09-12 09:16:37
1662974198119523000,25.5,1,25.45,1,25.65,12,1,2022-09-12 09:16:38
1662974198119523000,25.6,1,25.45,1,25.65,12,1,2022-09-12 09:16:38
1662974198119523000,25.65,2,25.45,1,25.65,12,1,2022-09-12 09:16:38
1662974198727353000,25.6,5,25.45,2,25.65,7,1,2022-09-12 09:16:38
1662974198727353000,25.65,5,25.45,2,25.65,7,1,2022-09-12 09:16:38
1662974201077979000,25.6,2,25.5,12,25.6,1,1,2022-09-12 09:16:41
1662974201458672000,25.6,1,25.5,12,25.65,7,1,2022-09-12 09:16:41
1662974204044146000,25.6,1,25.55,1,25.6,5,1,2022-09-12 09:16:44
1662974204076711000,25.6,1,25.5,2,25.6,4,1,2022-09-12 09:16:44
1662974205208762000,25.55,1,25.5,4,25.55,4,2,2022-09-12 09:16:45
1662974208187167000,25.55,1,25.5,14,25.55,3,1,2022-09-12 09:16:48
1662974208357038000,25.55,1,25.5,14,25.55,2,1,2022-09-12 09:16:48
1662974210298599000,25.55,1,25.5,15,25.55,1,1,2022-09-12 09:16:50
1662974212296752000,25.55,1,25.5,15,25.6,5,1,2022-09-12 09:16:52
1662974215879027000,25.55,3,25.55,11,25.6,5,2,2022-09-12 09:16:55
1662974220788562000,25.55,1,25.55,13,25.6,8,2,2022-09-12 09:17:00
1662974221712787000,25.55,1,25.55,14,25.6,8,2,2022-09-12 09:17:01
1662974222108621000,25.55,3,25.55,11,25.6,8,2,2022-09-12 09:17:02
1662974223095981000,25.55,5,25.55,6,25.6,8,2,2022-09-12 09:17:03
1662974223127626000,25.55,6,25.5,16,25.6,8,2,2022-09-12 09:17:03
1662974223463575000,25.6,1,25.5,17,25.6,7,1,2022-09-12 09:17:03
1662974224365994000,25.55,2,25.5,17,25.6,7,2,2022-09-12 09:17:04
1662974227222077000,25.55,2,25.5,18,25.55,2,1,2022-09-12 09:17:07
1662974227282279000,25.55,2,25.5,18,25.6,7,1,2022-09-12 09:17:07
1662974230018694000,25.55,3,25.55,3,25.6,9,2,2022-09-12 09:17:10
1662974232267864000,25.6,2,25.5,21,25.6,7,1,2022-09-12 09:17:12
1662974235271619000,25.6,2,25.55,4,25.6,5,1,2022-09-12 09:17:15
1662974236266853000,25.6,1,25.55,4,25.6,4,1,2022-09-12 09:17:16
1662974236814270000,25.6,1,25.55,4,25.6,3,1,2022-09-12 09:17:16
1662974236891617000,25.6,1,25.55,5,25.6,2,1,2022-09-12 09:17:16
1662974238708383000,25.6,1,25.55,7,25.6,1,1,2022-09-12 09:17:18
1662974239137046000,25.6,1,25.6,1,25.65,5,1,2022-09-12 09:17:19
1662974241820083000,25.6,1,25.6,3,25.65,5,2,2022-09-12 09:17:21
1662974245903131000,25.6,5,25.55,22,25.6,9,2,2022-09-12 09:17:25
1662974247995361000,25.6,1,25.55,29,25.6,10,1,2022-09-12 09:17:27
1662974248548526000,25.6,2,25.55,29,25.6,7,1,2022-09-12 09:17:28
1662974250216060000,25.6,15,25.55,29,25.6,4,1,2022-09-12 09:17:30
1662974250797986000,25.6,1,25.55,30,25.6,5,1,2022-09-12 09:17:30
1662974253994619000,25.55,1,25.55,31,25.6,5,2,2022-09-12 09:17:33
1662974254008415000,25.6,1,25.55,31,25.6,4,1,2022-09-12 09:17:34
1662974254198726000,25.6,1,25.55,31,25.6,3,1,2022-09-12 09:17:34
1662974255151605000,25.6,1,25.55,31,25.6,2,1,2022-09-12 09:17:35
1662974255944166000,25.6,2,25.55,31,25.75,6,1,2022-09-12 09:17:35
1662974255944166000,25.65,7,25.55,31,25.75,6,1,2022-09-12 09:17:35
1662974255944166000,25.7,10,25.55,31,25.75,6,1,2022-09-12 09:17:35
1662974255944166000,25.75,1,25.55,31,25.75,6,1,2022-09-12 09:17:35
1662974256162861000,25.75,1,25.55,31,25.75,5,1,2022-09-12 09:17:36
1662974256527438000,25.6,2,25.55,23,25.75,5,2,2022-09-12 09:17:36
1662974256527438000,25.55,8,25.55,23,25.75,5,2,2022-09-12 09:17:36
1662974257415566000,25.7,1,25.55,25,25.75,2,1,2022-09-12 09:17:37
1662974257415566000,25.75,4,25.55,25,25.75,2,1,2022-09-12 09:17:37
1662974261087032000,25.75,2,25.6,13,25.8,4,1,2022-09-12 09:17:41
1662974261087032000,25.8,1,25.6,13,25.8,4,1,2022-09-12 09:17:41
1662974262540342000,25.8,4,25.65,9,25.85,6,1,2022-09-12 09:17:42
1662974262540342000,25.85,1,25.65,9,25.85,6,1,2022-09-12 09:17:42
1662974266404847000,25.85,1,25.7,4,25.85,5,1,2022-09-12 09:17:46
1662974267289825000,25.85,3,25.7,4,25.85,2,1,2022-09-12 09:17:47
1662974269809644000,25.85,1,25.7,4,25.85,4,1,2022-09-12 09:17:49
1662974270840614000,25.85,5,25.85,3,25.9,9,1,2022-09-12 09:17:50
1662974270876905000,25.85,3,25.7,4,25.9,9,2,2022-09-12 09:17:50
1662974270877815000,25.9,1,25.7,4,25.9,8,1,2022-09-12 09:17:50
1662974272922251000,25.8,1,25.7,4,25.9,13,1,2022-09-12 09:17:52
1662974273299153000,25.9,1,25.7,4,25.9,12,1,2022-09-12 09:17:53
1662974276331299000,25.8,1,25.7,6,25.85,2,1,2022-09-12 09:17:56
1662974276331299000,25.85,4,25.7,6,25.85,2,1,2022-09-12 09:17:56
1662974276980913000,25.85,1,25.75,1,25.85,1,1,2022-09-12 09:17:56
1662974277494928000,25.85,1,25.85,1,25.9,17,1,2022-09-12 09:17:57
1662974277517836000,25.85,1,25.75,3,25.85,1,2,2022-09-12 09:17:57
1662974278732109000,25.85,1,25.75,3,25.85,1,1,2022-09-12 09:17:58
1662974279827308000,25.85,1,25.75,4,25.9,8,1,2022-09-12 09:17:59
1662974279827308000,25.9,9,25.75,4,25.9,8,1,2022-09-12 09:17:59
1662974280484251000,25.85,1,25.75,4,25.85,1,1,2022-09-12 09:18:00
1662974280742603000,25.85,1,25.75,4,25.9,8,1,2022-09-12 09:18:00
1662974281811114000,25.9,5,25.75,4,25.9,3,1,2022-09-12 09:18:01
1662974281849880000,25.85,1,25.75,4,25.9,4,2,2022-09-12 09:18:01
1662974284278958000,25.8,1,25.75,4,25.9,7,2,2022-09-12 09:18:04
1662974284975926000,25.8,1,25.75,4,25.9,7,1,2022-09-12 09:18:04
1662974286354242000,25.8,3,25.75,4,25.85,1,2,2022-09-12 09:18:06
1662974286940233000,25.85,1,25.75,4,25.85,1,1,2022-09-12 09:18:06
1662974289750879000,25.85,1,25.75,5,25.85,5,1,2022-09-12 09:18:09
1662974291843750000,25.75,7,25.7,5,25.85,15,2,2022-09-12 09:18:11
1662974293087218000,25.8,1,25.7,5,25.85,14,1,2022-09-12 09:18:13
1662974293087218000,25.85,1,25.7,5,25.85,14,1,2022-09-12 09:18:13
1662974293206907000,25.85,10,25.7,5,25.85,4,1,2022-09-12 09:18:13
1662974297546328000,25.8,1,25.7,5,25.85,6,1,2022-09-12 09:18:17
1662974298755735000,25.7,5,25.7,5,25.8,1,2,2022-09-12 09:18:18
1662974299372241000,25.8,1,25.8,4,25.85,9,1,2022-09-12 09:18:19
1662974299410096000,25.8,4,25.65,9,25.85,9,2,2022-09-12 09:18:19
1662974301107127000,25.8,1,25.65,9,25.8,1,1,2022-09-12 09:18:21
1662974301262624000,25.8,1,25.65,9,25.85,9,1,2022-09-12 09:18:21
1662974301704255000,25.8,1,25.7,2,25.8,1,1,2022-09-12 09:18:21
1662974301704255000,25.85,1,25.7,2,25.8,1,1,2022-09-12 09:18:21
1662974302246341000,25.7,2,25.7,2,25.8,1,2,2022-09-12 09:18:22
1662974302246341000,25.65,1,25.7,2,25.8,1,2,2022-09-12 09:18:22
1662974303305159000,25.7,2,25.65,7,25.7,3,2,2022-09-12 09:18:23
1662974305726962000,25.65,2,25.65,2,25.7,5,2,2022-09-12 09:18:25
1662974306982016000,25.7,1,25.6,21,25.7,5,1,2022-09-12 09:18:26
1662974307882858000,25.7,1,25.6,22,25.7,6,1,2022-09-12 09:18:27
1662974312472770000,25.65,2,25.6,20,25.7,15,2,2022-09-12 09:18:32
1662974314128200000,25.65,1,25.6,20,25.65,2,1,2022-09-12 09:18:34
1662974314434295000,25.65,2,25.6,20,25.65,3,1,2022-09-12 09:18:34
1662974316255646000,25.65,1,25.6,20,25.65,2,1,2022-09-12 09:18:36
1662974320549243000,25.6,19,25.55,36,25.65,14,2,2022-09-12 09:18:40
1662974321057682000,25.55,1,25.55,35,25.65,14,2,2022-09-12 09:18:41
1662974322737779000,25.65,1,25.55,35,25.65,16,1,2022-09-12 09:18:42
1662974325725110000,25.55,2,25.55,33,25.6,14,2,2022-09-12 09:18:45
1662974326007683000,25.55,10,25.55,33,25.6,17,2,2022-09-12 09:18:46
1662974327503791000,25.55,1,25.55,22,25.6,17,2,2022-09-12 09:18:47
1662974328102092000,25.55,1,25.55,21,25.6,17,2,2022-09-12 09:18:48
1662974328462599000,25.55,16,25.55,5,25.6,17,2,2022-09-12 09:18:48
1662974328496472000,25.55,5,25.5,36,25.6,17,2,2022-09-12 09:18:48
1662974334162720000,25.5,2,25.5,24,25.55,16,2,2022-09-12 09:18:54
1662974334684277000,25.5,1,25.5,22,25.55,17,2,2022-09-12 09:18:54
1662974335820881000,25.5,5,25.5,17,25.55,17,2,2022-09-12 09:18:55
1662974335839342000,25.5,17,25.45,14,25.55,17,2,2022-09-12 09:18:55
1662974337296246000,25.5,1,25.45,14,25.55,25,2,2022-09-12 09:18:57
1662974337548886000,25.45,2,25.45,12,25.55,25,2,2022-09-12 09:18:57
1662974346864141000,25.5,1,25.45,10,25.5,17,1,2022-09-12 09:19:06
1662974352920838000,25.5,1,25.45,11,25.5,16,1,2022-09-12 09:19:12
1662974355286378000,25.5,2,25.45,11,25.5,14,1,2022-09-12 09:19:15
1662974355811712000,25.5,1,25.45,11,25.5,14,1,2022-09-12 09:19:15
1662974359074090000,25.45,3,25.45,9,25.5,14,2,2022-09-12 09:19:19
1662974360488232000,25.5,1,25.45,9,25.5,14,1,2022-09-12 09:19:20
1662974360961052000,25.45,9,25.4,54,25.45,1,2,2022-09-12 09:19:20
1662974361238216000,25.45,1,25.4,54,25.5,10,1,2022-09-12 09:19:21
1662974361238216000,25.5,4,25.4,54,25.5,10,1,2022-09-12 09:19:21
1662974363500656000,25.45,1,25.4,54,25.45,5,1,2022-09-12 09:19:23
1662974364328745000,25.45,1,25.4,54,25.45,4,1,2022-09-12 09:19:24
1662974364717420000,25.45,1,25.4,54,25.45,3,1,2022-09-12 09:19:24
1662974365691829000,25.45,1,25.4,54,25.45,2,1,2022-09-12 09:19:25
1662974366877385000,25.45,1,25.4,55,25.45,1,1,2022-09-12 09:19:26
1662974369271410000,25.45,1,25.4,55,25.5,12,1,2022-09-12 09:19:29
1662974373918234000,25.45,1,25.45,7,25.5,12,2,2022-09-12 09:19:33
1662974374531506000,25.45,1,25.45,6,25.5,12,2,2022-09-12 09:19:34
1662974377070925000,25.45,5,25.45,2,25.5,12,2,2022-09-12 09:19:37
1662974377820202000,25.45,1,25.45,1,25.5,12,2,2022-09-12 09:19:37
1662974377931819000,25.45,1,25.4,56,25.45,2,2,2022-09-12 09:19:37
1662974378837321000,25.45,2,25.4,56,25.5,12,1,2022-09-12 09:19:38
1662974379628539000,25.5,2,25.4,56,25.5,10,1,2022-09-12 09:19:39
1662974387123449000,25.45,1,25.4,55,25.5,12,2,2022-09-12 09:19:47
1662974387123449000,25.4,1,25.4,55,25.5,12,2,2022-09-12 09:19:47
1662974387324365000,25.45,2,25.45,5,25.5,12,2,2022-09-12 09:19:47
1662974392113731000,25.5,1,25.45,4,25.5,11,1,2022-09-12 09:19:52
1662974392848677000,25.5,10,25.45,4,25.5,1,1,2022-09-12 09:19:52
1662974392879563000,25.5,1,25.45,4,25.55,7,1,2022-09-12 09:19:52
1662974394596874000,25.45,1,25.45,4,25.55,7,2,2022-09-12 09:19:54
1662974402711674000,25.55,2,25.5,14,25.55,5,1,2022-09-12 09:20:02
1662974402744514000,25.55,5,25.5,14,25.6,4,1,2022-09-12 09:20:02
1662974407861857000,25.55,1,25.55,1,25.6,12,2,2022-09-12 09:20:07
1662974407861857000,25.5,4,25.55,1,25.6,12,2,2022-09-12 09:20:07
1662974412014107000,25.55,1,25.5,14,25.6,12,2,2022-09-12 09:20:12
1662974413068258000,25.55,2,25.5,14,25.55,3,1,2022-09-12 09:20:13
1662974414364594000,25.55,1,25.5,13,25.55,2,1,2022-09-12 09:20:14
1662974417044671000,25.5,2,25.5,11,25.55,2,2,2022-09-12 09:20:17
1662974418404311000,25.55,2,25.5,11,25.6,10,1,2022-09-12 09:20:18
1662974426095692000,25.55,1,25.55,1,25.6,10,2,2022-09-12 09:20:26
1662974426124665000,25.55,1,25.5,11,25.6,10,2,2022-09-12 09:20:26
1662974427926333000,25.5,3,25.5,8,25.6,10,2,2022-09-12 09:20:27
1662974430637358000,25.55,1,25.5,10,25.6,10,1,2022-09-12 09:20:30
1662974433157615000,25.5,1,25.5,14,25.55,3,2,2022-09-12 09:20:33
1662974436944708000,25.5,1,25.5,15,25.55,6,2,2022-09-12 09:20:36
1662974437099418000,25.55,1,25.5,15,25.55,5,1,2022-09-12 09:20:37
1662974438841825000,25.55,2,25.5,17,25.55,3,1,2022-09-12 09:20:38
1662974439146464000,25.55,1,25.5,17,25.55,2,1,2022-09-12 09:20:39
1662974445177127000,25.55,2,25.5,18,25.6,14,1,2022-09-12 09:20:45
1662974449086900000,25.55,1,25.5,18,25.55,4,1,2022-09-12 09:20:49
1662974449210267000,25.55,1,25.5,18,25.55,3,1,2022-09-12 09:20:49
1662974449555790000,25.55,2,25.5,18,25.55,11,1,2022-09-12 09:20:49
1662974450042855000,25.55,1,25.5,18,25.55,10,1,2022-09-12 09:20:50
1662974451605073000,25.55,4,25.5,20,25.55,6,1,2022-09-12 09:20:51
1662974453565768000,25.5,2,25.5,18,25.55,6,2,2022-09-12 09:20:53
1662974455013141000,25.55,1,25.5,18,25.55,10,1,2022-09-12 09:20:55
1662974455609166000,25.55,1,25.5,19,25.55,9,1,2022-09-12 09:20:55
1662974456331277000,25.5,2,25.5,17,25.55,9,2,2022-09-12 09:20:56
1662974456550303000,25.5,10,25.5,7,25.55,9,2,2022-09-12 09:20:56
1662974457140492000,25.5,1,25.5,6,25.55,9,2,2022-09-12 09:20:57
1662974457164006000,25.5,5,25.5,1,25.55,9,2,2022-09-12 09:20:57
1662974457318144000,25.55,4,25.5,1,25.55,5,1,2022-09-12 09:20:57
1662974458117378000,25.5,1,25.45,34,25.5,4,2,2022-09-12 09:20:58
1662974460056510000,25.5,1,25.45,34,25.5,3,1,2022-09-12 09:21:00
1662974462585125000,25.5,2,25.45,34,25.5,1,1,2022-09-12 09:21:02
1662974464123168000,25.5,1,25.5,1,25.55,5,1,2022-09-12 09:21:04
