ts,close,volume,bid_price,bid_volume,ask_price,ask_volume,tick_type,datetime
1662973211920705000,288.0,158,287.5,1,288.0,22,1,2022-09-12 09:00:11
1662973212545650000,288.0,1,287.5,2,288.0,22,1,2022-09-12 09:00:12
1662973212573911000,288.0,8,287.5,2,288.0,14,1,2022-09-12 09:00:12
1662973212604540000,288.0,14,287.5,2,288.5,4,1,2022-09-12 09:00:12
1662973213949839000,288.5,1,287.5,2,288.5,3,1,2022-09-12 09:00:13
1662973215216421000,288.5,1,288.0,5,288.5,3,1,2022-09-12 09:00:15
1662973216950957000,288.5,1,288.0,7,288.5,4,1,2022-09-12 09:00:16
1662973217186506000,288.5,1,288.0,7,288.5,3,1,2022-09-12 09:00:17
1662973217446816000,288.5,1,288.0,8,288.5,3,1,2022-09-12 09:00:17
1662973217712703000,288.5,1,288.0,8,288.5,1,1,2022-09-12 09:00:17
1662973217901368000,288.5,1,288.0,9,289.0,13,1,2022-09-12 09:00:17
1662973218116253000,288.0,2,288.0,7,289.0,13,2,2022-09-12 09:00:18
1662973220680455000,288.5,2,288.5,8,289.0,16,2,2022-09-12 09:00:20
1662973221451706000,288.5,1,288.5,7,289.0,16,2,2022-09-12 09:00:21
1662973222402650000,289.0,1,288.5,9,289.0,15,1,2022-09-12 09:00:22
1662973223679809000,289.0,3,288.5,12,289.0,13,1,2022-09-12 09:00:23
1662973223713659000,289.0,6,288.5,12,289.0,7,1,2022-09-12 09:00:23
1662973223744648000,289.0,6,288.5,12,289.0,1,1,2022-09-12 09:00:23
1662973223775032000,289.0,1,288.5,12,289.5,9,1,2022-09-12 09:00:23
1662973228009410000,289.5,1,289.0,10,289.5,10,1,2022-09-12 09:00:28
1662973228420740000,289.5,1,289.0,13,289.5,10,1,2022-09-12 09:00:28
1662973229197790000,289.5,1,289.0,15,289.5,8,1,2022-09-12 09:00:29
1662973229571633000,289.5,8,289.5,2,290.0,45,1,2022-09-12 09:00:29
1662973230152723000,289.5,2,289.5,1,290.0,47,2,2022-09-12 09:00:30
1662973230647734000,290.0,5,289.5,2,290.0,42,1,2022-09-12 09:00:30
1662973230933980000,289.5,3,289.0,29,290.0,42,2,2022-09-12 09:00:30
1662973230965000000,290.0,1,289.0,29,290.0,41,1,2022-09-12 09:00:30
1662973231193262000,290.0,1,289.0,29,290.0,40,1,2022-09-12 09:00:31
1662973232105131000,289.5,2,289.0,34,289.5,3,2,2022-09-12 09:00:32
1662973232169917000,289.5,1,289.0,34,289.5,2,1,2022-09-12 09:00:32
1662973232182045000,289.5,1,289.0,34,289.5,1,1,2022-09-12 09:00:32
1662973232356457000,289.5,1,289.0,34,289.5,3,1,2022-09-12 09:00:32
1662973233589946000,289.5,1,289.0,34,289.5,6,1,2022-09-12 09:00:33
1662973233961178000,289.0,1,289.0,33,289.5,6,2,2022-09-12 09:00:33
1662973234108468000,289.5,1,289.0,33,289.5,5,1,2022-09-12 09:00:34
1662973234427448000,289.5,1,289.0,33,289.5,4,1,2022-09-12 09:00:34
1662973234430607000,289.5,1,289.0,33,289.5,3,1,2022-09-12 09:00:34
1662973236313424000,289.5,2,289.0,33,289.5,2,1,2022-09-12 09:00:36
1662973236700094000,289.5,1,289.0,33,289.5,1,1,2022-09-12 09:00:36
1662973237049859000,289.0,1,289.0,34,290.0,41,2,2022-09-12 09:00:37
1662973239243104000,289.5,1,289.0,33,290.0,51,2,2022-09-12 09:00:39
1662973243229709000,289.5,3,289.0,33,290.0,44,1,2022-09-12 09:00:43
1662973243229709000,290.0,7,289.0,33,290.0,44,1,2022-09-12 09:00:43
1662973244963586000,289.0,1,289.0,33,289.5,14,2,2022-09-12 09:00:44
1662973244996367000,289.0,9,289.0,24,289.5,14,2,2022-09-12 09:00:44
1662973245027317000,289.0,24,288.5,10,289.5,14,2,2022-09-12 09:00:45
1662973245559864000,289.0,1,288.5,10,289.0,1,1,2022-09-12 09:00:45
1662973245699851000,288.5,3,288.5,7,289.0,3,2,2022-09-12 09:00:45
1662973245722816000,288.5,7,288.0,29,289.0,8,2,2022-09-12 09:00:45
1662973245935045000,288.5,1,288.0,29,289.0,10,1,2022-09-12 09:00:45
1662973245999135000,289.0,1,288.0,29,289.0,9,1,2022-09-12 09:00:45
1662973246053502000,289.0,1,288.0,29,289.0,8,1,2022-09-12 09:00:46
1662973246504406000,289.0,1,288.0,29,289.0,9,1,2022-09-12 09:00:46
1662973246560236000,289.0,1,288.0,29,289.0,10,1,2022-09-12 09:00:46
1662973246698456000,288.0,2,288.0,27,289.0,8,2,2022-09-12 09:00:46
1662973246701643000,289.0,1,288.0,27,289.0,7,1,2022-09-12 09:00:46
1662973246722241000,289.0,1,288.0,27,289.0,6,1,2022-09-12 09:00:46
1662973246793840000,289.0,1,288.0,27,289.0,5,1,2022-09-12 09:00:46
1662973246804551000,289.0,1,288.0,27,289.0,4,1,2022-09-12 09:00:46
1662973246879376000,289.0,1,288.0,27,289.0,3,1,2022-09-12 09:00:46
1662973247052588000,289.0,1,288.0,27,289.0,2,1,2022-09-12 09:00:47
1662973247179843000,289.0,1,288.0,27,289.0,1,1,2022-09-12 09:00:47
1662973247998049000,289.0,1,288.0,27,289.0,3,1,2022-09-12 09:00:47
1662973248939676000,289.0,1,288.0,27,289.0,2,1,2022-09-12 09:00:48
1662973249153158000,289.0,1,288.0,27,289.5,18,1,2022-09-12 09:00:49
1662973250699927000,289.0,1,288.0,27,289.0,5,1,2022-09-12 09:00:50
1662973250949370000,288.0,27,287.5,1,288.0,3,2,2022-09-12 09:00:50
1662973251187510000,287.5,1,287.0,10,288.0,5,2,2022-09-12 09:00:51
1662973251187510000,287.0,2,287.0,10,288.0,5,2,2022-09-12 09:00:51
1662973251649809000,288.0,1,287.0,10,288.0,3,1,2022-09-12 09:00:51
1662973251739356000,287.0,3,287.0,7,288.0,8,2,2022-09-12 09:00:51
1662973252668637000,287.5,1,287.0,10,288.0,12,2,2022-09-12 09:00:52
1662973253039264000,288.0,1,287.5,1,288.0,12,1,2022-09-12 09:00:53
1662973253213257000,288.0,1,287.0,10,288.0,10,1,2022-09-12 09:00:53
1662973253599409000,288.0,1,287.0,10,288.0,9,1,2022-09-12 09:00:53
1662973254351915000,287.5,1,287.0,10,287.5,4,1,2022-09-12 09:00:54
1662973255109036000,288.0,1,287.0,10,288.0,8,1,2022-09-12 09:00:55
1662973255312783000,288.0,5,287.0,10,288.0,3,1,2022-09-12 09:00:55
1662973255344907000,287.0,5,287.0,5,288.0,3,2,2022-09-12 09:00:55
1662973255743380000,287.0,1,287.0,4,288.5,1,2,2022-09-12 09:00:55
1662973255935520000,287.0,1,287.0,3,288.5,5,2,2022-09-12 09:00:55
1662973255946599000,287.0,2,287.0,1,288.5,5,2,2022-09-12 09:00:55
1662973256763845000,287.0,1,287.0,1,288.0,8,2,2022-09-12 09:00:56
1662973256794878000,287.0,1,286.5,19,288.0,8,2,2022-09-12 09:00:56
1662973257113699000,288.0,5,286.5,19,288.0,3,1,2022-09-12 09:00:57
1662973257847515000,288.0,5,287.5,1,289.0,8,2,2022-09-12 09:00:57
1662973258674501000,289.0,1,287.5,1,289.0,7,1,2022-09-12 09:00:58
1662973258736042000,287.5,1,287.0,1,288.0,1,2,2022-09-12 09:00:58
1662973260053546000,288.0,1,287.5,5,288.0,3,1,2022-09-12 09:01:00
1662973260169800000,287.5,1,287.5,4,288.0,2,2,2022-09-12 09:01:00
1662973260292304000,287.5,1,287.5,3,288.0,3,2,2022-09-12 09:01:00
1662973260316333000,287.5,1,287.5,2,288.0,3,2,2022-09-12 09:01:00
1662973260336030000,287.5,2,287.5,4,288.0,3,2,2022-09-12 09:01:00
1662973260854430000,287.0,1,286.5,19,288.0,2,2,2022-09-12 09:01:00
1662973262310990000,287.5,1,286.5,19,288.0,2,1,2022-09-12 09:01:02
1662973262580850000,286.5,1,286.5,19,288.0,2,2,2022-09-12 09:01:02
1662973262609123000,288.0,1,286.5,18,288.0,1,1,2022-09-12 09:01:02
1662973262650201000,286.5,1,286.5,17,288.0,1,2,2022-09-12 09:01:02
1662973263113112000,287.0,1,286.5,17,288.0,5,2,2022-09-12 09:01:03
1662973263443547000,288.0,7,287.0,1,289.0,1,1,2022-09-12 09:01:03
1662973263443547000,289.0,3,287.0,1,289.0,1,1,2022-09-12 09:01:03
1662973264099329000,287.5,1,287.5,1,288.5,2,2,2022-09-12 09:01:04
1662973264123952000,287.5,1,287.0,1,288.5,2,2,2022-09-12 09:01:04
1662973264278093000,287.5,1,287.0,4,288.5,2,1,2022-09-12 09:01:04
1662973264539155000,287.0,1,287.0,4,288.5,2,2,2022-09-12 09:01:04
1662973266802086000,288.0,1,288.0,3,288.5,2,2,2022-09-12 09:01:06
1662973266830764000,288.0,3,287.0,4,288.5,2,2,2022-09-12 09:01:06
1662973266953054000,288.5,1,287.0,4,288.5,2,1,2022-09-12 09:01:06
1662973269192415000,288.0,2,287.0,6,289.0,2,1,2022-09-12 09:01:09
1662973269192415000,288.5,1,287.0,6,289.0,2,1,2022-09-12 09:01:09
1662973269192415000,289.0,7,287.0,6,289.0,2,1,2022-09-12 09:01:09
1662973270498483000,288.0,1,287.0,7,289.0,4,1,2022-09-12 09:01:10
1662973271539704000,289.0,3,288.0,1,289.5,14,1,2022-09-12 09:01:11
1662973273174600000,288.5,1,288.0,4,289.0,1,2,2022-09-12 09:01:13
1662973274749594000,288.5,2,288.0,6,289.0,1,1,2022-09-12 09:01:14
1662973274910469000,288.0,3,288.0,6,288.5,2,2,2022-09-12 09:01:14
1662973275851999000,289.0,1,288.0,3,289.5,14,1,2022-09-12 09:01:15
1662973276744035000,289.0,1,288.0,4,289.5,15,2,2022-09-12 09:01:16
1662973277714432000,288.0,1,288.0,3,289.0,15,2,2022-09-12 09:01:17
1662973279810015000,288.5,2,288.5,2,289.0,15,2,2022-09-12 09:01:19
1662973280421932000,289.0,4,288.0,4,289.0,11,1,2022-09-12 09:01:20
1662973280538282000,289.0,1,288.0,5,289.0,10,1,2022-09-12 09:01:20
1662973280553164000,288.0,1,288.0,4,289.0,10,2,2022-09-12 09:01:20
1662973285687242000,288.5,1,288.0,14,288.5,2,1,2022-09-12 09:01:25
1662973285688426000,288.5,1,288.0,14,288.5,1,1,2022-09-12 09:01:25
1662973285715201000,288.5,1,288.0,14,289.0,10,1,2022-09-12 09:01:25
1662973286594989000,288.5,2,288.0,19,289.0,10,1,2022-09-12 09:01:26
1662973286791323000,289.0,2,288.0,19,289.0,8,1,2022-09-12 09:01:26
1662973287817092000,288.5,1,288.5,1,289.0,10,2,2022-09-12 09:01:27
1662973288676661000,288.5,1,288.0,19,289.0,10,2,2022-09-12 09:01:28
1662973289636031000,289.0,1,288.5,1,289.0,9,1,2022-09-12 09:01:29
1662973291989187000,289.0,1,288.5,1,289.0,8,1,2022-09-12 09:01:31
1662973293843204000,288.5,1,288.5,1,289.0,8,2,2022-09-12 09:01:33
1662973296013896000,288.5,1,288.5,11,289.0,8,2,2022-09-12 09:01:36
1662973299654041000,288.5,1,288.5,10,289.0,10,2,2022-09-12 09:01:39
1662973299687826000,288.5,1,288.5,9,289.0,10,2,2022-09-12 09:01:39
1662973299725043000,288.5,9,288.0,32,289.0,10,2,2022-09-12 09:01:39
1662973300785555000,288.0,2,288.0,28,288.5,1,2,2022-09-12 09:01:40
1662973301702684000,288.5,1,288.0,28,289.0,17,1,2022-09-12 09:01:41
1662973301998147000,289.0,10,288.0,28,289.0,7,1,2022-09-12 09:01:41
1662973303229278000,288.5,1,288.0,29,289.0,6,2,2022-09-12 09:01:43
1662973304847940000,288.5,1,288.0,29,288.5,3,1,2022-09-12 09:01:44
1662973305635115000,288.0,29,287.5,5,288.0,1,2,2022-09-12 09:01:45
1662973305661173000,287.5,1,287.5,3,288.0,2,2,2022-09-12 09:01:45
1662973305694375000,287.5,1,287.5,2,288.0,4,2,2022-09-12 09:01:45
1662973305724080000,287.5,1,287.5,1,288.0,4,2,2022-09-12 09:01:45
1662973305785982000,287.5,1,287.0,11,288.0,5,2,2022-09-12 09:01:45
1662973306038732000,288.0,5,287.0,11,288.5,3,1,2022-09-12 09:01:46
1662973306039797000,288.5,1,287.0,11,288.5,2,1,2022-09-12 09:01:46
1662973307040881000,287.5,1,287.0,11,288.0,1,1,2022-09-12 09:01:47
1662973307072630000,288.0,1,287.0,11,288.5,2,1,2022-09-12 09:01:47
1662973307107102000,288.5,1,287.0,11,288.5,1,1,2022-09-12 09:01:47
1662973307192480000,288.5,1,287.0,11,288.5,1,1,2022-09-12 09:01:47
1662973307937427000,287.0,10,287.0,1,288.5,3,2,2022-09-12 09:01:47
1662973309035783000,288.0,1,287.0,2,288.0,3,1,2022-09-12 09:01:49
1662973310325796000,288.0,1,287.0,2,288.0,3,1,2022-09-12 09:01:50
1662973310624023000,287.0,1,287.0,1,288.0,3,2,2022-09-12 09:01:50
1662973310658849000,287.0,1,286.5,22,288.0,3,2,2022-09-12 09:01:50
1662973311869919000,286.5,19,286.5,3,287.0,1,2,2022-09-12 09:01:51
1662973311905442000,286.5,1,286.5,1,287.0,2,2,2022-09-12 09:01:51
1662973311913264000,286.5,1,286.0,8,287.0,2,2,2022-09-12 09:01:51
1662973311953278000,286.5,1,286.0,9,287.0,3,1,2022-09-12 09:01:51
1662973312517853000,286.5,1,286.0,9,287.0,2,1,2022-09-12 09:01:52
1662973312666583000,287.0,3,286.0,9,287.5,2,1,2022-09-12 09:01:52
1662973312696479000,286.0,1,286.0,8,287.5,2,2,2022-09-12 09:01:52
1662973312821902000,287.5,1,286.0,9,287.5,3,1,2022-09-12 09:01:52
1662973313179198000,287.5,1,286.0,9,287.5,1,1,2022-09-12 09:01:53
1662973313899207000,287.0,1,287.0,1,287.5,1,2,2022-09-12 09:01:53
1662973314370595000,286.0,9,285.0,18,288.0,2,2,2022-09-12 09:01:54
1662973314370595000,285.5,8,285.0,18,288.0,2,2,2022-09-12 09:01:54
1662973314370595000,285.0,1,285.0,18,288.0,2,2,2022-09-12 09:01:54
1662973315995895000,287.0,1,285.0,18,287.5,2,1,2022-09-12 09:01:55
1662973319130405000,286.5,1,285.5,5,287.0,1,2,2022-09-12 09:01:59
1662973321783140000,285.5,1,285.5,8,287.0,4,2,2022-09-12 09:02:01
1662973322360103000,286.5,1,286.0,1,286.5,1,2,2022-09-12 09:02:02
1662973322888539000,286.5,1,286.0,1,287.0,3,1,2022-09-12 09:02:02
1662973322921007000,286.0,1,286.0,1,286.5,1,2,2022-09-12 09:02:02
1662973322989018000,286.5,1,285.5,11,287.0,3,1,2022-09-12 09:02:02
1662973323049365000,287.0,2,285.5,11,287.5,4,1,2022-09-12 09:02:03
1662973323765456000,287.5,1,286.0,1,287.5,3,1,2022-09-12 09:02:03
1662973324032587000,286.5,1,286.0,1,287.5,3,1,2022-09-12 09:02:04
1662973328032782000,287.0,2,286.5,2,287.5,3,1,2022-09-12 09:02:08
1662973330608624000,287.0,1,286.5,4,287.0,1,1,2022-09-12 09:02:10
1662973333965579000,287.0,1,286.5,5,287.5,3,2,2022-09-12 09:02:13
1662973339306746000,287.0,4,286.5,8,287.0,1,2,2022-09-12 09:02:19
1662973339340872000,287.0,1,286.5,8,287.5,3,1,2022-09-12 09:02:19
1662973340093236000,287.0,1,286.5,8,287.5,4,2,2022-09-12 09:02:20
1662973340464150000,287.0,1,286.5,8,287.5,4,1,2022-09-12 09:02:20
1662973342602634000,287.0,1,286.5,8,287.5,3,1,2022-09-12 09:02:22
1662973342602634000,287.5,1,286.5,8,287.5,3,1,2022-09-12 09:02:22
1662973342798199000,287.5,1,286.5,8,287.5,3,1,2022-09-12 09:02:22
1662973349969024000,287.5,1,287.0,14,287.5,1,1,2022-09-12 09:02:29
1662973350000029000,287.5,1,287.0,14,288.0,5,1,2022-09-12 09:02:30
1662973352515180000,287.5,1,287.0,14,288.0,7,1,2022-09-12 09:02:32
1662973352937851000,287.5,1,287.0,15,288.0,7,2,2022-09-12 09:02:32
1662973353068618000,288.0,4,287.0,15,288.0,4,1,2022-09-12 09:02:33
1662973356366492000,288.0,1,287.5,3,288.0,2,1,2022-09-12 09:02:36
1662973359503773000,288.0,1,287.5,9,288.0,2,1,2022-09-12 09:02:39
1662973359910422000,288.0,2,287.5,9,288.0,2,1,2022-09-12 09:02:39
1662973361830740000,288.5,1,287.5,10,288.5,6,1,2022-09-12 09:02:41
1662973364022182000,288.0,1,287.5,9,288.5,7,2,2022-09-12 09:02:44
1662973368202442000,288.0,1,287.5,8,288.5,10,2,2022-09-12 09:02:48
1662973368548469000,288.0,2,287.5,8,288.5,11,2,2022-09-12 09:02:48
1662973368920495000,288.0,1,288.0,1,288.5,10,2,2022-09-12 09:02:48
1662973368920495000,287.5,4,288.0,1,288.5,10,2,2022-09-12 09:02:48
1662973369305803000,288.0,1,287.5,4,288.5,10,2,2022-09-12 09:02:49
1662973370341047000,288.0,5,287.5,4,288.0,3,1,2022-09-12 09:02:50
1662973372739393000,287.5,2,287.5,3,288.0,3,2,2022-09-12 09:02:52
1662973374378629000,288.0,6,288.0,4,288.5,9,1,2022-09-12 09:02:54
1662973374403756000,288.0,4,287.5,3,288.5,9,2,2022-09-12 09:02:54
1662973375619829000,288.0,1,287.5,3,288.5,16,2,2022-09-12 09:02:55
1662973377094939000,288.0,1,287.5,11,288.5,15,1,2022-09-12 09:02:57
1662973380776003000,287.5,3,287.5,8,288.5,17,2,2022-09-12 09:03:00
1662973380927343000,288.0,1,287.5,8,288.0,2,1,2022-09-12 09:03:00
1662973381076257000,287.5,8,287.0,18,288.0,2,2,2022-09-12 09:03:01
1662973381245750000,288.0,1,287.0,17,288.0,4,1,2022-09-12 09:03:01
1662973381371408000,287.0,3,287.0,14,288.0,4,2,2022-09-12 09:03:01
1662973381399124000,288.0,1,287.0,14,288.0,3,1,2022-09-12 09:03:01
1662973381587620000,287.5,1,287.5,1,288.0,3,2,2022-09-12 09:03:01
1662973382445004000,288.0,1,287.0,14,288.0,2,1,2022-09-12 09:03:02
1662973382805799000,287.0,14,286.5,11,287.0,16,2,2022-09-12 09:03:02
1662973382839042000,286.5,1,286.5,9,287.0,17,2,2022-09-12 09:03:02
1662973382852704000,286.5,1,286.5,8,287.0,17,2,2022-09-12 09:03:02
1662973382880652000,286.5,8,286.0,23,287.0,17,2,2022-09-12 09:03:02
1662973383646799000,286.0,2,286.0,21,286.5,5,2,2022-09-12 09:03:03
1662973383766288000,286.5,2,286.0,21,286.5,2,1,2022-09-12 09:03:03
1662973384072134000,286.0,1,286.0,20,286.5,3,2,2022-09-12 09:03:04
1662973384919623000,286.5,3,286.0,20,287.0,16,1,2022-09-12 09:03:04
1662973386080826000,287.0,3,286.5,1,287.0,14,1,2022-09-12 09:03:06
1662973392187546000,287.0,2,286.5,2,287.0,14,1,2022-09-12 09:03:12
1662973392787790000,286.5,1,286.5,1,287.0,13,2,2022-09-12 09:03:12
1662973394851853000,287.0,1,286.5,1,287.0,15,1,2022-09-12 09:03:14
1662973395131637000,287.0,14,286.5,1,288.5,13,1,2022-09-12 09:03:15
1662973395131637000,288.0,3,286.5,1,288.5,13,1,2022-09-12 09:03:15
1662973395131637000,288.5,3,286.5,1,288.5,13,1,2022-09-12 09:03:15
1662973396047233000,287.0,2,286.5,3,288.0,2,2,2022-09-12 09:03:16
1662973396748239000,287.0,1,286.5,3,288.0,2,2,2022-09-12 09:03:16
1662973400091584000,288.0,1,287.0,4,288.0,2,1,2022-09-12 09:03:20
1662973405519763000,287.5,1,287.0,9,288.0,6,2,2022-09-12 09:03:25
1662973407515658000,288.0,2,287.0,11,288.0,4,1,2022-09-12 09:03:27
1662973411598689000,287.0,1,287.0,6,288.0,7,2,2022-09-12 09:03:31
1662973411669652000,288.0,1,287.0,5,288.0,7,1,2022-09-12 09:03:31
1662973414783809000,288.0,1,287.0,6,288.0,7,1,2022-09-12 09:03:34
1662973415755508000,288.0,2,287.0,7,288.0,5,1,2022-09-12 09:03:35
1662973418899887000,288.0,1,287.0,8,288.0,5,1,2022-09-12 09:03:38
1662973420327799000,288.0,1,287.0,7,288.0,10,1,2022-09-12 09:03:40
1662973420411651000,288.0,1,287.0,8,288.0,9,1,2022-09-12 09:03:40
1662973423366180000,287.5,1,287.0,8,288.0,9,1,2022-09-12 09:03:43
1662973424251062000,288.0,1,287.0,7,288.0,9,1,2022-09-12 09:03:44
1662973428641980000,287.0,2,287.0,9,288.0,9,2,2022-09-12 09:03:48
1662973430056476000,288.0,3,287.0,7,288.0,20,1,2022-09-12 09:03:50
1662973444224366000,288.0,1,287.5,2,288.0,24,1,2022-09-12 09:04:04
1662973444700847000,287.5,2,287.0,8,288.0,24,2,2022-09-12 09:04:04
1662973445076329000,288.0,1,287.0,8,288.0,24,1,2022-09-12 09:04:05
1662973446415124000,287.5,1,287.0,8,289.0,13,1,2022-09-12 09:04:06
1662973446415124000,288.0,23,287.0,8,289.0,13,1,2022-09-12 09:04:06
1662973446415124000,288.5,8,287.0,8,289.0,13,1,2022-09-12 09:04:06
1662973446566236000,287.5,2,286.0,5,289.0,14,2,2022-09-12 09:04:06
1662973446566236000,287.0,11,286.0,5,289.0,14,2,2022-09-12 09:04:06
1662973446566236000,286.5,16,286.0,5,289.0,14,2,2022-09-12 09:04:06
1662973446566236000,286.0,21,286.0,5,289.0,14,2,2022-09-12 09:04:06
1662973447931895000,287.0,1,286.0,7,287.5,1,2,2022-09-12 09:04:07
1662973451053245000,286.0,3,286.0,5,287.0,1,2,2022-09-12 09:04:11
1662973453009349000,286.5,1,286.0,5,287.0,1,2,2022-09-12 09:04:13
1662973458623327000,286.5,1,286.5,1,287.0,2,2,2022-09-12 09:04:18
1662973463101799000,286.5,1,286.5,2,287.0,2,2,2022-09-12 09:04:23
1662973463153492000,286.5,1,286.5,2,287.0,2,2,2022-09-12 09:04:23
1662973463567165000,286.5,1,286.0,6,287.0,2,2,2022-09-12 09:04:23
1662973463908437000,286.0,1,286.0,5,287.0,2,2,2022-09-12 09:04:23
1662973465767191000,286.5,1,286.0,5,287.0,4,1,2022-09-12 09:04:25
1662973469309067000,286.0,5,285.5,21,286.0,1,2,2022-09-12 09:04:29
1662973469459174000,286.0,1,285.5,20,286.0,3,1,2022-09-12 09:04:29
1662973469931901000,286.0,1,285.5,20,286.0,1,1,2022-09-12 09:04:29
1662973470000920000,286.0,1,285.5,20,286.0,1,1,2022-09-12 09:04:30
1662973472853194000,286.0,2,285.5,7,286.5,2,2,2022-09-12 09:04:32
1662973472853194000,285.5,13,285.5,7,286.5,2,2,2022-09-12 09:04:32
1662973472853235000,285.5,7,285.0,30,286.5,2,2,2022-09-12 09:04:32
1662973472853235000,285.0,8,285.0,30,286.5,2,2,2022-09-12 09:04:32
1662973472853360000,285.0,30,284.5,21,286.5,2,2,2022-09-12 09:04:32
1662973472853527000,284.5,15,286.0,2,286.5,2,2,2022-09-12 09:04:32
1662973472887603000,285.0,1,284.5,4,286.0,1,2,2022-09-12 09:04:32
1662973472887603000,284.5,2,284.5,4,286.0,1,2,2022-09-12 09:04:32
1662973472958471000,284.5,1,284.5,4,285.0,1,2,2022-09-12 09:04:32
1662973473693137000,285.0,1,284.5,4,285.0,1,1,2022-09-12 09:04:33
1662973473946979000,285.0,1,284.5,4,285.5,2,1,2022-09-12 09:04:33
1662973476561692000,285.0,1,284.5,3,286.0,7,1,2022-09-12 09:04:36
1662973476561692000,285.5,3,284.5,3,286.0,7,1,2022-09-12 09:04:36
1662973476561692000,286.0,4,284.5,3,286.0,7,1,2022-09-12 09:04:36
1662973476586598000,284.5,1,284.5,2,286.0,7,2,2022-09-12 09:04:36
1662973480596390000,285.0,2,284.5,1,285.5,1,2,2022-09-12 09:04:40
1662973480596390000,284.5,1,284.5,1,285.5,1,2,2022-09-12 09:04:40
1662973484801553000,284.5,5,284.0,6,285.5,2,2,2022-09-12 09:04:44
1662973484860287000,284.0,1,284.0,3,285.0,2,2,2022-09-12 09:04:44
1662973485046044000,284.0,1,284.0,2,285.0,2,2,2022-09-12 09:04:45
1662973486467108000,285.0,1,284.0,1,285.0,1,1,2022-09-12 09:04:46
1662973487806087000,284.5,1,284.0,2,285.0,1,1,2022-09-12 09:04:47
1662973488463738000,284.5,1,284.0,3,285.0,1,2,2022-09-12 09:04:48
1662973491611239000,285.0,1,284.5,2,285.5,5,1,2022-09-12 09:04:51
1662973492569173000,285.5,1,284.5,2,285.5,3,1,2022-09-12 09:04:52
1662973492645792000,285.5,1,284.5,4,286.0,9,1,2022-09-12 09:04:52
1662973497980269000,284.5,3,284.5,4,286.0,8,2,2022-09-12 09:04:57
1662973498099273000,285.5,1,284.5,3,286.0,10,1,2022-09-12 09:04:58
1662973499375179000,285.5,1,285.5,1,286.0,11,2,2022-09-12 09:04:59
1662973499375179000,285.0,2,285.5,1,286.0,11,2,2022-09-12 09:04:59
1662973499375179000,284.5,7,285.5,1,286.0,11,2,2022-09-12 09:04:59
1662973504056992000,285.0,1,285.0,2,286.0,9,2,2022-09-12 09:05:04
1662973508137208000,285.0,2,284.5,9,286.0,10,2,2022-09-12 09:05:08
1662973508379877000,284.5,1,284.5,8,286.0,10,2,2022-09-12 09:05:08
1662973508577249000,285.0,1,284.5,9,286.0,10,1,2022-09-12 09:05:08
1662973509500573000,284.5,1,284.5,8,286.0,11,2,2022-09-12 09:05:09
1662973511483145000,285.0,1,284.5,7,285.0,2,1,2022-09-12 09:05:11
1662973511643721000,285.0,1,284.5,7,285.0,1,1,2022-09-12 09:05:11
1662973511677794000,285.0,1,284.5,8,286.0,10,1,2022-09-12 09:05:11
1662973514071556000,285.0,1,284.5,12,285.0,1,1,2022-09-12 09:05:14
1662973514104287000,285.0,1,284.5,12,286.0,10,1,2022-09-12 09:05:14
1662973514293327000,285.0,1,284.5,12,286.0,10,1,2022-09-12 09:05:14
1662973515520580000,285.5,2,284.5,12,286.0,10,1,2022-09-12 09:05:15
1662973518943406000,285.5,2,285.0,7,286.0,8,1,2022-09-12 09:05:18
1662973519561495000,286.0,1,285.0,7,286.0,7,1,2022-09-12 09:05:19
1662973521805896000,286.0,1,285.0,7,286.0,6,1,2022-09-12 09:05:21
1662973522954477000,286.0,1,285.5,2,286.0,6,1,2022-09-12 09:05:22
1662973523515119000,285.5,1,285.5,1,286.0,5,2,2022-09-12 09:05:23
1662973528960123000,286.0,2,285.5,2,286.0,4,1,2022-09-12 09:05:28
1662973529025787000,286.0,4,285.5,5,286.5,9,1,2022-09-12 09:05:29
1662973534795307000,286.0,1,286.0,1,286.5,8,2,2022-09-12 09:05:34
1662973542818236000,286.0,1,285.5,6,286.0,1,1,2022-09-12 09:05:42
1662973543556583000,286.0,1,285.5,7,286.5,12,1,2022-09-12 09:05:43
1662973547554981000,286.0,1,285.5,16,286.5,12,1,2022-09-12 09:05:47
1662973548500451000,286.5,2,285.5,16,286.5,10,1,2022-09-12 09:05:48
1662973548514217000,286.5,2,285.5,16,286.5,8,1,2022-09-12 09:05:48
1662973555423637000,286.5,1,286.0,2,286.5,8,1,2022-09-12 09:05:55
1662973556686862000,286.5,1,286.0,2,286.5,7,1,2022-09-12 09:05:56
1662973558152049000,286.0,1,286.0,2,286.5,7,2,2022-09-12 09:05:58
1662973558435817000,286.5,1,286.0,2,286.5,6,1,2022-09-12 09:05:58
1662973563198254000,286.5,1,286.0,5,286.5,6,1,2022-09-12 09:06:03
1662973564387011000,286.0,1,286.0,4,286.5,6,2,2022-09-12 09:06:04
1662973569415392000,286.5,4,286.0,9,286.5,3,1,2022-09-12 09:06:09
1662973569437013000,286.5,3,286.0,9,286.5,3,1,2022-09-12 09:06:09
1662973570726150000,287.0,1,286.5,1,287.0,4,1,2022-09-12 09:06:10
1662973578009654000,287.0,1,286.5,6,287.0,3,1,2022-09-12 09:06:18
1662973582432542000,287.0,1,286.5,9,287.0,2,1,2022-09-12 09:06:22
1662973582466264000,287.0,1,286.5,10,287.0,1,1,2022-09-12 09:06:22
1662973582498584000,287.0,1,286.5,10,287.5,3,1,2022-09-12 09:06:22
1662973585182607000,287.5,1,286.5,10,287.5,3,1,2022-09-12 09:06:25
1662973591162813000,287.0,1,287.0,2,287.5,6,2,2022-09-12 09:06:31
1662973592097798000,287.5,1,287.0,2,287.5,5,1,2022-09-12 09:06:32
1662973592617945000,287.5,1,287.0,2,287.5,4,1,2022-09-12 09:06:32
1662973592811316000,287.0,2,286.5,12,287.0,3,2,2022-09-12 09:06:32
1662973593100003000,287.0,1,286.5,12,287.0,2,1,2022-09-12 09:06:33
1662973593619265000,287.0,1,286.5,13,287.0,1,1,2022-09-12 09:06:33
1662973594399130000,287.0,1,286.5,13,287.5,4,1,2022-09-12 09:06:34
1662973599342606000,287.0,1,286.5,12,287.0,1,1,2022-09-12 09:06:39
1662973599599054000,287.0,1,287.0,4,287.5,6,1,2022-09-12 09:06:39
1662973600623779000,287.5,3,287.0,8,287.5,2,1,2022-09-12 09:06:40
1662973600652652000,287.5,2,287.0,10,288.0,21,1,2022-09-12 09:06:40
1662973603613131000,287.0,1,287.0,12,288.0,21,2,2022-09-12 09:06:43
1662973604673616000,287.5,1,287.0,10,288.0,22,2,2022-09-12 09:06:44
1662973607400465000,287.5,1,287.0,9,287.5,4,1,2022-09-12 09:06:47
1662973607793092000,287.5,1,287.0,9,287.5,3,1,2022-09-12 09:06:47
1662973607834717000,287.0,1,287.0,9,287.5,3,2,2022-09-12 09:06:47
1662973610076255000,287.5,1,287.0,8,287.5,2,1,2022-09-12 09:06:50
1662973610250702000,287.5,1,287.0,8,287.5,2,1,2022-09-12 09:06:50
1662973611677051000,287.5,1,287.0,9,287.5,1,1,2022-09-12 09:06:51
1662973612659449000,287.0,6,287.0,3,287.5,1,2,2022-09-12 09:06:52
1662973612659616000,287.0,3,286.5,12,287.5,1,2,2022-09-12 09:06:52
1662973613085551000,287.0,1,286.5,11,287.0,5,1,2022-09-12 09:06:53
1662973613287804000,286.5,1,286.5,11,287.0,5,2,2022-09-12 09:06:53
1662973613613379000,287.0,1,286.5,10,287.0,4,1,2022-09-12 09:06:53
1662973615253712000,286.5,1,286.5,9,287.0,5,2,2022-09-12 09:06:55
1662973623735243000,286.5,2,286.5,8,287.0,7,2,2022-09-12 09:07:03
1662973623767530000,286.5,8,286.0,17,287.0,8,2,2022-09-12 09:07:03
1662973624747334000,286.5,1,286.0,17,286.5,1,1,2022-09-12 09:07:04
1662973625181104000,286.0,17,285.5,14,286.0,3,2,2022-09-12 09:07:05
1662973625206915000,285.5,1,285.5,12,286.0,6,2,2022-09-12 09:07:05
1662973625212404000,285.5,1,285.5,11,286.0,6,2,2022-09-12 09:07:05
1662973625238326000,285.5,1,285.5,11,286.0,6,2,2022-09-12 09:07:05
1662973635002569000,286.0,1,285.5,10,286.0,9,1,2022-09-12 09:07:15
1662973640069982000,286.0,1,285.5,10,286.0,9,1,2022-09-12 09:07:20
1662973644961476000,286.0,2,285.5,10,286.0,7,1,2022-09-12 09:07:24
1662973644983792000,286.0,3,285.5,10,286.0,3,1,2022-09-12 09:07:24
1662973645003611000,286.0,3,285.5,10,286.0,1,1,2022-09-12 09:07:25
1662973646096458000,286.0,1,285.5,11,286.5,4,1,2022-09-12 09:07:26
1662973649068973000,286.5,1,286.0,4,286.5,3,1,2022-09-12 09:07:29
1662973650752856000,286.5,1,286.0,4,286.5,2,1,2022-09-12 09:07:30
1662973650776908000,286.5,2,286.0,4,287.0,11,1,2022-09-12 09:07:30
1662973655414286000,286.5,1,286.0,7,287.0,10,1,2022-09-12 09:07:35
1662973660221516000,286.5,1,286.0,7,286.5,2,1,2022-09-12 09:07:40
1662973660545556000,286.5,1,286.0,7,286.5,1,1,2022-09-12 09:07:40
1662973660604669000,286.5,1,286.0,8,287.0,10,1,2022-09-12 09:07:40
1662973660997362000,287.0,1,286.5,1,287.0,9,1,2022-09-12 09:07:40
1662973663438670000,286.5,1,286.5,1,287.0,8,2,2022-09-12 09:07:43
1662973670215433000,286.5,2,286.5,3,287.0,9,2,2022-09-12 09:07:50
1662973670215513000,286.5,3,286.0,8,286.5,1,2,2022-09-12 09:07:50
1662973671198007000,286.5,1,286.0,6,286.5,5,1,2022-09-12 09:07:51
1662973672520466000,286.5,1,286.0,6,286.5,4,1,2022-09-12 09:07:52
1662973674108645000,286.5,2,286.0,6,286.5,3,1,2022-09-12 09:07:54
1662973674936885000,286.5,1,286.0,6,286.5,2,1,2022-09-12 09:07:54
1662973677853431000,286.5,2,286.5,1,287.0,8,1,2022-09-12 09:07:57
1662973677911686000,286.5,1,286.0,4,287.0,8,2,2022-09-12 09:07:57
1662973696809200000,286.5,1,286.0,7,286.5,6,1,2022-09-12 09:08:16
1662973706217774000,286.5,1,286.0,8,286.5,6,1,2022-09-12 09:08:26
1662973707792141000,286.5,1,286.0,7,286.5,6,1,2022-09-12 09:08:27
1662973709894967000,286.5,1,286.0,7,286.5,5,1,2022-09-12 09:08:29
1662973721592065000,286.5,1,286.0,8,286.5,9,1,2022-09-12 09:08:41
1662973721688559000,286.5,1,286.0,8,286.5,8,1,2022-09-12 09:08:41
1662973733173395000,286.0,2,286.0,9,286.5,10,2,2022-09-12 09:08:53
1662973733173624000,286.0,2,286.0,7,286.5,10,2,2022-09-12 09:08:53
1662973733173722000,286.0,4,286.0,3,286.5,10,2,2022-09-12 09:08:53
1662973733173880000,286.0,2,286.0,1,286.5,10,2,2022-09-12 09:08:53
1662973733208907000,286.0,1,285.5,18,286.5,10,2,2022-09-12 09:08:53
1662973740987136000,286.0,2,285.5,17,286.0,4,1,2022-09-12 09:09:00
1662973747897727000,286.0,1,285.5,17,286.0,3,1,2022-09-12 09:09:07
1662973753238844000,286.0,2,285.5,17,286.0,4,1,2022-09-12 09:09:13
1662973755424045000,286.0,1,285.5,17,286.0,2,1,2022-09-12 09:09:15
1662973755464032000,286.0,2,285.5,18,286.5,8,1,2022-09-12 09:09:15
1662973760878328000,286.0,1,285.5,17,286.5,10,2,2022-09-12 09:09:20
1662973773672093000,286.0,1,285.5,18,286.0,1,1,2022-09-12 09:09:33
1662973775674673000,285.5,1,285.5,17,286.0,1,2,2022-09-12 09:09:35
1662973782271827000,285.5,17,285.5,2,286.0,13,2,2022-09-12 09:09:42
1662973782306080000,285.5,2,285.5,2,286.0,13,2,2022-09-12 09:09:42
1662973785070844000,285.0,5,285.0,13,285.5,5,2,2022-09-12 09:09:45
1662973785096832000,285.0,3,285.0,10,285.5,5,2,2022-09-12 09:09:45
1662973785107873000,285.0,1,285.0,9,285.5,6,2,2022-09-12 09:09:45
1662973786217915000,285.0,1,285.0,8,285.5,6,2,2022-09-12 09:09:46
1662973796624371000,285.0,1,285.0,10,285.5,7,2,2022-09-12 09:09:56
1662973800046193000,285.5,4,285.0,10,285.5,3,1,2022-09-12 09:10:00
1662973800064148000,285.5,3,285.0,10,285.5,3,1,2022-09-12 09:10:00
1662973801575809000,285.0,2,285.0,8,286.0,13,2,2022-09-12 09:10:01
1662973801669579000,286.0,1,285.5,1,286.0,12,1,2022-09-12 09:10:01
1662973801680631000,285.5,1,285.0,8,286.0,12,2,2022-09-12 09:10:01
1662973814308234000,285.5,2,285.0,12,285.5,10,1,2022-09-12 09:10:14
1662973814342201000,285.5,10,285.0,12,286.0,12,1,2022-09-12 09:10:14
1662973816142575000,285.0,1,285.0,13,286.0,12,2,2022-09-12 09:10:16
1662973817271935000,285.5,1,285.0,11,286.0,12,2,2022-09-12 09:10:17
1662973819273611000,285.0,1,285.0,13,286.0,11,2,2022-09-12 09:10:19
1662973822507690000,285.5,1,285.0,12,286.0,11,1,2022-09-12 09:10:22
1662973830903149000,285.5,1,285.5,2,286.0,11,2,2022-09-12 09:10:30
1662973832085588000,285.5,1,285.5,1,286.0,11,2,2022-09-12 09:10:32
1662973834186019000,285.5,1,285.5,1,286.0,11,2,2022-09-12 09:10:34
1662973834578443000,285.5,1,285.0,13,286.0,11,2,2022-09-12 09:10:34
1662973837114207000,285.5,1,285.0,13,286.0,11,2,2022-09-12 09:10:37
1662973845993302000,285.0,5,285.0,8,285.5,7,2,2022-09-12 09:10:45
1662973849105328000,285.0,5,285.0,3,285.5,9,2,2022-09-12 09:10:49
1662973852285250000,285.0,3,284.5,24,285.0,2,2,2022-09-12 09:10:52
1662973852315327000,285.0,2,284.5,24,285.5,9,1,2022-09-12 09:10:52
1662973856939475000,285.0,1,284.5,25,285.5,10,1,2022-09-12 09:10:56
1662973856965437000,285.5,9,284.5,25,286.0,14,1,2022-09-12 09:10:56
1662973856987648000,285.0,1,284.5,25,286.0,14,1,2022-09-12 09:10:56
1662973860879784000,285.5,1,285.0,2,286.0,14,1,2022-09-12 09:11:00
1662973860913592000,286.0,13,285.0,2,286.0,1,1,2022-09-12 09:11:00
1662973860913663000,286.0,1,285.0,2,286.5,5,1,2022-09-12 09:11:00
1662973861031986000,285.5,1,285.5,2,286.5,4,2,2022-09-12 09:11:01
1662973861797691000,286.5,1,285.5,5,286.5,3,1,2022-09-12 09:11:01
1662973863780630000,286.5,3,285.5,5,287.0,10,1,2022-09-12 09:11:03
1662973876009674000,286.5,1,285.5,1,286.5,11,1,2022-09-12 09:11:16
1662973877973250000,286.5,1,285.5,3,286.5,10,1,2022-09-12 09:11:17
1662973880385393000,286.5,1,285.5,3,286.5,8,1,2022-09-12 09:11:20
1662973880779245000,286.5,3,286.0,6,286.5,5,1,2022-09-12 09:11:20
1662973880810286000,286.5,2,286.0,7,286.5,2,1,2022-09-12 09:11:20
1662973881001044000,286.5,2,286.0,7,287.0,10,1,2022-09-12 09:11:21
1662973881038756000,287.0,7,286.0,7,287.0,3,1,2022-09-12 09:11:21
1662973881070194000,287.0,3,286.5,1,287.0,3,1,2022-09-12 09:11:21
1662973883212332000,287.0,1,286.5,2,287.5,6,1,2022-09-12 09:11:23
1662973886353212000,287.0,1,286.0,8,287.0,2,1,2022-09-12 09:11:26
1662973887221593000,287.0,1,286.0,8,287.0,1,1,2022-09-12 09:11:27
1662973887231557000,286.5,1,286.0,8,287.0,1,2,2022-09-12 09:11:27
1662973888204315000,287.0,1,286.0,8,287.0,1,1,2022-09-12 09:11:28
1662973893617690000,287.0,1,286.5,4,287.0,15,1,2022-09-12 09:11:33
1662973894697771000,286.5,1,286.5,3,287.0,15,2,2022-09-12 09:11:34
1662973898629287000,287.0,1,286.5,3,287.0,15,1,2022-09-12 09:11:38
1662973899084507000,287.0,1,286.5,3,287.0,13,1,2022-09-12 09:11:39
1662973910340613000,287.0,1,286.5,4,287.0,13,1,2022-09-12 09:11:50
1662973915947848000,286.5,4,286.0,7,286.5,1,2,2022-09-12 09:11:55
1662973921175081000,286.5,1,286.0,8,286.5,1,1,2022-09-12 09:12:01
1662973930730155000,286.5,1,286.0,10,287.0,13,1,2022-09-12 09:12:10
1662973932612341000,286.5,1,286.0,10,287.0,14,1,2022-09-12 09:12:12
1662973935142233000,286.5,1,286.0,10,287.0,16,2,2022-09-12 09:12:15
1662973950373755000,286.5,1,286.0,11,286.5,3,1,2022-09-12 09:12:30
1662973950453259000,286.5,1,286.0,11,286.5,2,1,2022-09-12 09:12:30
1662973950492525000,286.5,2,286.0,11,287.0,14,1,2022-09-12 09:12:30
1662973961792561000,286.5,1,286.5,3,287.0,13,2,2022-09-12 09:12:41
1662973961829484000,286.5,1,286.5,2,287.0,14,2,2022-09-12 09:12:41
1662973963333537000,286.5,2,286.0,12,286.5,3,2,2022-09-12 09:12:43
1662973974164311000,286.5,1,286.0,12,286.5,5,1,2022-09-12 09:12:54
1662973976490039000,286.5,1,286.0,13,286.5,3,1,2022-09-12 09:12:56
1662973981652245000,286.5,1,286.0,13,286.5,7,1,2022-09-12 09:13:01
1662973996078822000,286.5,1,286.0,13,286.5,9,1,2022-09-12 09:13:16
1662973998468660000,286.5,1,286.0,13,286.5,7,1,2022-09-12 09:13:18
1662973998713866000,286.5,1,286.0,13,286.5,6,1,2022-09-12 09:13:18
1662973998748638000,286.5,6,286.0,14,287.0,17,1,2022-09-12 09:13:18
1662973998779220000,287.0,5,286.0,13,287.0,12,1,2022-09-12 09:13:18
1662973998811841000,286.5,1,286.0,15,286.5,1,1,2022-09-12 09:13:18
1662973998811925000,286.5,1,286.0,15,287.0,12,1,2022-09-12 09:13:18
1662974001045114000,287.0,12,286.0,16,287.5,7,1,2022-09-12 09:13:21
1662974001178874000,286.5,1,286.5,1,287.5,6,2,2022-09-12 09:13:21
1662974002695838000,287.5,1,286.5,4,287.5,5,1,2022-09-12 09:13:22
1662974002718444000,287.5,5,287.0,1,288.0,24,1,2022-09-12 09:13:22
1662974006668128000,287.0,1,286.5,8,288.0,24,2,2022-09-12 09:13:26
1662974012711428000,287.0,2,287.0,1,288.0,25,2,2022-09-12 09:13:32
1662974013604835000,287.5,1,287.0,2,288.0,22,1,2022-09-12 09:13:33
1662974013604835000,288.0,2,287.0,2,288.0,22,1,2022-09-12 09:13:33
1662974019373038000,288.0,1,287.0,1,288.0,21,1,2022-09-12 09:13:39
1662974023570203000,288.0,2,287.0,6,288.0,19,1,2022-09-12 09:13:43
1662974027537645000,287.5,1,287.0,3,287.5,1,1,2022-09-12 09:13:47
1662974027572319000,287.5,1,287.0,4,288.0,18,1,2022-09-12 09:13:47
1662974029518328000,288.0,1,287.0,4,288.0,19,1,2022-09-12 09:13:49
1662974030882153000,288.0,2,287.0,6,288.0,16,1,2022-09-12 09:13:50
1662974032263580000,288.0,1,287.0,6,288.0,15,1,2022-09-12 09:13:52
1662974034521858000,288.0,1,287.0,6,288.0,15,1,2022-09-12 09:13:54
1662974041366094000,287.5,1,287.0,6,288.0,18,2,2022-09-12 09:14:01
1662974043575183000,287.5,1,287.0,5,288.0,19,1,2022-09-12 09:14:03
1662974045917131000,288.0,3,287.0,6,288.0,16,1,2022-09-12 09:14:05
1662974051525800000,288.0,1,287.5,2,288.0,14,1,2022-09-12 09:14:11
1662974053149298000,288.0,10,287.5,3,288.0,3,1,2022-09-12 09:14:13
1662974053173574000,288.0,3,287.5,5,288.5,8,1,2022-09-12 09:14:13
1662974055924132000,288.5,8,288.0,7,289.0,13,1,2022-09-12 09:14:15
1662974058636955000,289.0,1,288.0,10,289.0,12,1,2022-09-12 09:14:18
1662974058854876000,289.0,1,288.5,1,289.0,11,1,2022-09-12 09:14:18
1662974058883732000,289.0,1,288.5,3,289.0,10,1,2022-09-12 09:14:18
1662974059835233000,289.0,1,288.5,3,289.0,9,1,2022-09-12 09:14:19
1662974060053955000,289.0,9,288.5,3,289.5,10,1,2022-09-12 09:14:20
1662974064307134000,289.5,1,289.0,2,289.5,10,1,2022-09-12 09:14:24
1662974064342476000,289.5,1,289.0,2,289.5,9,1,2022-09-12 09:14:24
1662974064358482000,289.5,9,289.5,1,290.0,84,1,2022-09-12 09:14:24
1662974064487471000,289.5,1,289.5,1,290.0,85,2,2022-09-12 09:14:24
1662974065125895000,290.0,1,289.0,3,290.0,84,1,2022-09-12 09:14:25
1662974065828100000,289.5,1,289.0,3,290.0,84,2,2022-09-12 09:14:25
1662974066298799000,289.5,1,289.0,3,290.0,83,2,2022-09-12 09:14:26
1662974066346647000,289.0,3,288.5,4,290.0,82,2,2022-09-12 09:14:26
1662974066530347000,289.0,1,288.0,10,289.5,2,2,2022-09-12 09:14:26
1662974066530347000,288.5,4,288.0,10,289.5,2,2,2022-09-12 09:14:26
1662974066801049000,289.5,1,288.0,10,289.5,5,1,2022-09-12 09:14:26
1662974067326624000,289.0,1,288.0,10,289.5,4,2,2022-09-12 09:14:27
1662974067969628000,289.5,5,288.0,11,289.5,8,1,2022-09-12 09:14:27
1662974068920393000,289.5,1,288.0,10,289.5,4,1,2022-09-12 09:14:28
1662974069538152000,289.5,1,289.0,1,289.5,1,1,2022-09-12 09:14:29
1662974071120980000,289.5,2,289.0,3,289.5,6,1,2022-09-12 09:14:31
1662974071339238000,289.5,1,289.0,3,289.5,5,1,2022-09-12 09:14:31
1662974073602556000,289.5,1,289.0,3,289.5,9,1,2022-09-12 09:14:33
1662974073636471000,289.5,2,289.0,3,289.5,6,1,2022-09-12 09:14:33
1662974073807556000,289.5,5,289.0,3,289.5,1,1,2022-09-12 09:14:33
1662974073953870000,289.5,1,289.0,3,290.0,80,1,2022-09-12 09:14:33
1662974074611505000,290.0,1,289.0,3,290.0,80,1,2022-09-12 09:14:34
1662974075002580000,289.5,1,289.0,3,289.5,1,1,2022-09-12 09:14:35
1662974075029047000,289.5,1,289.0,3,290.0,79,1,2022-09-12 09:14:35
1662974075806143000,289.5,1,289.0,4,290.0,80,2,2022-09-12 09:14:35
1662974075915597000,289.0,1,289.0,3,290.0,80,2,2022-09-12 09:14:35
1662974076090859000,289.5,3,289.0,3,290.0,81,2,2022-09-12 09:14:36
1662974076127007000,289.0,1,289.0,2,290.0,81,2,2022-09-12 09:14:36
1662974076983523000,289.5,1,289.0,4,289.5,2,1,2022-09-12 09:14:36
1662974077601102000,289.5,2,289.0,4,290.0,79,1,2022-09-12 09:14:37
1662974079261746000,289.5,1,289.0,6,290.0,78,1,2022-09-12 09:14:39
1662974079762142000,290.0,1,289.5,1,290.0,78,1,2022-09-12 09:14:39
1662974079782743000,289.5,1,289.0,6,290.0,78,2,2022-09-12 09:14:39
1662974081336837000,289.5,1,289.0,8,290.0,81,2,2022-09-12 09:14:41
1662974081433681000,289.5,1,289.0,8,290.0,81,2,2022-09-12 09:14:41
1662974084839644000,290.0,1,289.5,19,290.0,80,1,2022-09-12 09:14:44
1662974087527650000,290.0,2,289.5,19,290.0,77,1,2022-09-12 09:14:47
1662974087948615000,289.5,1,289.5,18,290.0,77,2,2022-09-12 09:14:47
1662974088527248000,290.0,2,289.5,19,290.0,76,1,2022-09-12 09:14:48
1662974091961240000,289.5,1,289.5,22,290.0,74,2,2022-09-12 09:14:51
1662974092790385000,290.0,1,289.5,19,290.0,73,1,2022-09-12 09:14:52
1662974092867963000,290.0,1,289.5,19,290.0,72,1,2022-09-12 09:14:52
1662974094227868000,290.0,1,289.5,20,290.0,69,1,2022-09-12 09:14:54
1662974095903932000,290.0,1,289.5,21,290.0,67,1,2022-09-12 09:14:55
1662974096319109000,290.0,1,289.5,21,290.0,65,1,2022-09-12 09:14:56
1662974097115499000,290.0,1,289.5,21,290.0,64,1,2022-09-12 09:14:57
1662974097256323000,290.0,1,289.5,22,290.0,63,1,2022-09-12 09:14:57
1662974098584249000,290.0,1,289.5,22,290.0,63,1,2022-09-12 09:14:58
1662974098660174000,290.0,4,289.5,22,290.0,59,1,2022-09-12 09:14:58
1662974098789039000,290.0,2,289.5,25,290.0,57,1,2022-09-12 09:14:58
1662974099254963000,290.0,1,289.5,25,290.0,57,1,2022-09-12 09:14:59
1662974102109648000,290.0,1,289.5,24,290.0,58,1,2022-09-12 09:15:02
1662974102650843000,290.0,1,289.5,24,290.0,58,1,2022-09-12 09:15:02
1662974102981269000,290.0,10,289.5,25,290.0,48,1,2022-09-12 09:15:02
1662974103051269000,290.0,1,289.5,26,290.0,47,1,2022-09-12 09:15:03
1662974103055785000,290.0,1,289.5,26,290.0,46,1,2022-09-12 09:15:03
1662974103723629000,290.0,1,289.5,26,290.0,45,1,2022-09-12 09:15:03
1662974103947183000,290.0,1,289.5,26,290.0,45,1,2022-09-12 09:15:03
1662974104199800000,290.0,1,289.5,26,290.0,44,1,2022-09-12 09:15:04
1662974104443562000,290.0,2,289.5,26,290.0,45,1,2022-09-12 09:15:04
1662974105339080000,290.0,1,289.5,25,290.0,43,1,2022-09-12 09:15:05
1662974105389428000,290.0,1,289.5,25,290.0,42,1,2022-09-12 09:15:05
1662974105499972000,290.0,5,289.5,26,290.0,37,1,2022-09-12 09:15:05
1662974105500492000,290.0,1,289.5,26,290.0,36,1,2022-09-12 09:15:05
1662974105782547000,290.0,1,289.5,26,290.0,35,1,2022-09-12 09:15:05
1662974106358653000,290.0,1,289.5,26,290.0,35,1,2022-09-12 09:15:06
1662974106553936000,290.0,2,289.5,26,290.0,33,1,2022-09-12 09:15:06
1662974106587695000,290.0,1,289.5,26,290.0,32,1,2022-09-12 09:15:06
1662974106590499000,290.0,20,289.5,26,290.0,12,1,2022-09-12 09:15:06
1662974106628035000,290.0,3,289.5,26,290.0,9,1,2022-09-12 09:15:06
1662974106658085000,290.0,1,289.5,27,290.0,8,1,2022-09-12 09:15:06
1662974106689313000,290.0,1,289.5,27,290.0,7,1,2022-09-12 09:15:06
1662974106690288000,290.0,2,289.5,27,290.0,5,1,2022-09-12 09:15:06
1662974106841542000,289.5,1,289.5,26,290.0,5,2,2022-09-12 09:15:06
1662974106841742000,290.0,1,289.5,26,290.0,4,1,2022-09-12 09:15:06
1662974106878481000,289.5,1,289.5,25,290.0,4,2,2022-09-12 09:15:06
1662974106883270000,289.5,1,289.5,24,290.0,5,2,2022-09-12 09:15:06
1662974107066796000,290.0,1,289.5,23,290.0,4,1,2022-09-12 09:15:07
1662974107294252000,290.0,2,289.5,23,290.0,2,1,2022-09-12 09:15:07
1662974107307307000,290.0,1,289.5,23,290.0,1,1,2022-09-12 09:15:07
1662974107337584000,290.0,1,289.5,23,290.5,9,1,2022-09-12 09:15:07
1662974107337584000,290.5,1,289.5,23,290.5,9,1,2022-09-12 09:15:07
1662974107388618000,290.5,1,290.0,3,290.5,9,1,2022-09-12 09:15:07
1662974107460954000,290.5,1,290.0,5,290.5,10,1,2022-09-12 09:15:07
1662974107547474000,290.5,5,290.0,5,290.5,4,1,2022-09-12 09:15:07
1662974107764414000,290.0,1,290.0,5,290.5,4,2,2022-09-12 09:15:07
1662974107874657000,290.5,1,290.0,5,290.5,3,1,2022-09-12 09:15:07
1662974108075732000,290.5,1,290.0,9,290.5,2,1,2022-09-12 09:15:08
1662974108252296000,290.0,1,290.0,11,290.5,2,2,2022-09-12 09:15:08
1662974108688842000,290.5,1,290.0,6,291.0,38,1,2022-09-12 09:15:08
1662974109432587000,291.0,6,290.5,1,291.0,32,1,2022-09-12 09:15:09
1662974109460705000,291.0,1,290.5,1,291.0,32,1,2022-09-12 09:15:09
1662974109507164000,290.5,1,290.0,10,291.0,31,2,2022-09-12 09:15:09
1662974111071925000,290.5,1,290.0,14,291.0,31,2,2022-09-12 09:15:11
1662974111859949000,290.5,1,290.0,17,291.0,31,2,2022-09-12 09:15:11
1662974111936852000,290.0,1,290.0,17,291.0,30,2,2022-09-12 09:15:11
1662974112650940000,290.0,3,290.0,12,291.0,30,2,2022-09-12 09:15:12
1662974113073078000,291.0,1,290.0,12,291.0,31,1,2022-09-12 09:15:13
1662974113543252000,290.0,2,290.0,10,290.5,23,2,2022-09-12 09:15:13
1662974113543293000,290.0,10,289.5,25,290.5,23,2,2022-09-12 09:15:13
1662974114905840000,290.0,1,289.5,23,290.0,3,1,2022-09-12 09:15:14
1662974115703301000,290.0,1,289.5,23,290.0,1,1,2022-09-12 09:15:15
1662974115732497000,289.5,1,289.5,22,290.0,1,2,2022-09-12 09:15:15
1662974117288764000,290.0,1,289.5,20,290.5,34,1,2022-09-12 09:15:17
1662974117619275000,290.5,1,289.5,20,290.5,34,1,2022-09-12 09:15:17
1662974118556409000,290.0,1,289.5,20,290.0,1,1,2022-09-12 09:15:18
1662974119985743000,290.0,1,289.5,21,290.0,2,1,2022-09-12 09:15:19
1662974121071458000,290.0,1,289.5,20,290.5,30,1,2022-09-12 09:15:21
1662974121458196000,290.0,1,289.5,20,290.5,32,2,2022-09-12 09:15:21
1662974122764581000,289.5,20,289.0,15,290.0,2,2,2022-09-12 09:15:22
1662974122914654000,290.0,1,289.0,14,290.0,5,1,2022-09-12 09:15:22
1662974123259538000,289.5,1,289.0,14,290.0,7,2,2022-09-12 09:15:23
1662974123375900000,290.0,2,289.0,14,290.0,3,1,2022-09-12 09:15:23
1662974123701952000,290.0,1,289.0,14,290.0,4,1,2022-09-12 09:15:23
1662974125235209000,290.0,1,289.0,15,290.0,4,1,2022-09-12 09:15:25
1662974126063956000,289.5,1,289.0,14,290.0,8,2,2022-09-12 09:15:26
1662974126645710000,289.5,1,289.0,13,290.0,11,2,2022-09-12 09:15:26
1662974127523639000,289.5,3,289.0,14,290.0,5,1,2022-09-12 09:15:27
1662974127523639000,290.0,7,289.0,14,290.0,5,1,2022-09-12 09:15:27
1662974130725613000,290.0,1,289.5,2,290.0,10,1,2022-09-12 09:15:30
1662974131397974000,290.0,1,289.5,2,290.0,8,1,2022-09-12 09:15:31
1662974132164563000,290.0,1,289.5,2,290.0,8,1,2022-09-12 09:15:32
1662974132217122000,290.0,1,289.5,3,290.0,7,1,2022-09-12 09:15:32
1662974132308313000,290.0,2,289.5,3,290.0,7,1,2022-09-12 09:15:32
1662974133313270000,290.0,2,289.5,7,290.0,6,1,2022-09-12 09:15:33
1662974133802702000,289.5,5,289.5,1,290.0,6,2,2022-09-12 09:15:33
1662974134200645000,289.5,1,289.0,17,290.0,8,2,2022-09-12 09:15:34
1662974134284428000,290.0,1,289.0,17,290.0,8,1,2022-09-12 09:15:34
1662974134639752000,290.0,2,289.0,17,290.0,5,1,2022-09-12 09:15:34
1662974135854066000,290.0,2,289.0,18,290.0,2,1,2022-09-12 09:15:35
1662974136097169000,290.0,1,289.0,19,290.5,9,1,2022-09-12 09:15:36
1662974137006631000,290.0,1,290.0,1,290.5,11,2,2022-09-12 09:15:37
1662974138070847000,290.0,2,289.5,1,290.5,14,2,2022-09-12 09:15:38
1662974139424324000,290.5,1,289.5,1,290.5,14,1,2022-09-12 09:15:39
1662974139752706000,290.0,1,290.0,1,290.5,15,2,2022-09-12 09:15:39
1662974141698151000,290.0,1,289.5,1,290.5,17,2,2022-09-12 09:15:41
1662974141958136000,290.0,1,290.0,1,290.5,19,2,2022-09-12 09:15:41
1662974143695514000,290.0,1,289.5,1,290.0,3,1,2022-09-12 09:15:43
1662974146888380000,289.5,1,289.0,17,290.0,9,2,2022-09-12 09:15:46
1662974147235175000,290.0,1,289.0,16,290.0,12,1,2022-09-12 09:15:47
1662974150320288000,289.5,1,289.0,15,290.0,14,2,2022-09-12 09:15:50
1662974150853133000,290.0,5,289.0,15,290.0,8,1,2022-09-12 09:15:50
1662974152952925000,290.0,5,289.5,1,290.0,7,1,2022-09-12 09:15:52
1662974153069622000,290.0,2,289.5,1,290.5,18,1,2022-09-12 09:15:53
1662974153069622000,290.5,3,289.5,1,290.5,18,1,2022-09-12 09:15:53
1662974155705452000,290.0,1,289.5,2,290.0,1,1,2022-09-12 09:15:55
1662974156423260000,290.0,1,289.5,1,290.5,18,1,2022-09-12 09:15:56
1662974157708716000,289.5,1,289.5,10,290.5,18,2,2022-09-12 09:15:57
1662974158389913000,290.0,1,289.5,11,290.5,18,2,2022-09-12 09:15:58
1662974158737879000,290.0,1,289.5,11,290.5,19,2,2022-09-12 09:15:58
1662974159647798000,290.5,3,289.5,12,290.5,15,1,2022-09-12 09:15:59
1662974161514351000,289.5,1,289.5,13,290.5,14,2,2022-09-12 09:16:01
1662974163269144000,290.0,1,289.5,13,290.0,11,1,2022-09-12 09:16:03
1662974166416835000,290.0,10,289.5,14,290.5,21,1,2022-09-12 09:16:06
1662974167261774000,289.5,1,289.5,14,290.0,1,2,2022-09-12 09:16:07
1662974168075769000,290.0,1,290.0,4,290.5,21,1,2022-09-12 09:16:08
1662974171609882000,290.0,1,290.0,7,290.5,21,2,2022-09-12 09:16:11
1662974172351244000,290.0,1,290.0,6,290.5,21,2,2022-09-12 09:16:12
1662974172378515000,290.0,6,290.0,1,290.5,21,2,2022-09-12 09:16:12
1662974172398479000,290.0,1,289.5,13,290.5,22,2,2022-09-12 09:16:12
1662974172781875000,290.0,1,289.5,13,290.5,24,2,2022-09-12 09:16:12
1662974172909503000,290.0,1,290.0,1,290.5,24,2,2022-09-12 09:16:12
1662974173408105000,290.0,1,289.5,13,290.5,24,2,2022-09-12 09:16:13
1662974173522315000,290.0,1,289.5,13,290.0,2,1,2022-09-12 09:16:13
1662974174871682000,290.5,1,289.5,13,290.5,23,1,2022-09-12 09:16:14
1662974176874400000,290.0,1,289.5,14,290.0,3,1,2022-09-12 09:16:16
1662974176964275000,290.0,3,289.5,14,290.0,3,1,2022-09-12 09:16:16
1662974181587998000,290.0,1,289.5,14,290.0,7,1,2022-09-12 09:16:21
1662974181611541000,290.0,1,289.5,14,290.0,6,1,2022-09-12 09:16:21
1662974181897894000,290.0,3,289.5,14,290.0,3,1,2022-09-12 09:16:21
1662974183537328000,290.0,1,289.5,15,290.0,2,1,2022-09-12 09:16:23
1662974183569305000,290.0,2,289.5,15,290.5,14,1,2022-09-12 09:16:23
1662974183569305000,290.5,8,289.5,15,290.5,14,1,2022-09-12 09:16:23
1662974183932834000,290.0,1,289.5,15,290.0,1,1,2022-09-12 09:16:23
1662974184963024000,290.5,1,290.0,10,290.5,13,1,2022-09-12 09:16:24
1662974185692908000,290.5,1,290.0,11,290.5,11,1,2022-09-12 09:16:25
1662974186179749000,290.5,1,290.0,12,290.5,10,1,2022-09-12 09:16:26
1662974186454813000,290.0,1,290.0,13,290.5,10,2,2022-09-12 09:16:26
1662974188229367000,290.5,10,290.0,12,291.0,38,1,2022-09-12 09:16:28
1662974192165970000,291.0,1,290.0,15,291.0,37,1,2022-09-12 09:16:32
1662974193079613000,290.5,1,290.0,17,290.5,2,1,2022-09-12 09:16:33
1662974193845449000,290.5,1,290.0,17,291.0,37,1,2022-09-12 09:16:33
1662974194658883000,290.5,1,290.0,19,291.0,37,2,2022-09-12 09:16:34
1662974197926845000,290.5,1,290.0,25,291.0,38,2,2022-09-12 09:16:37
1662974200580088000,291.0,1,290.5,3,291.0,38,1,2022-09-12 09:16:40
1662974200875032000,290.5,2,290.5,1,291.0,37,2,2022-09-12 09:16:40
1662974201334938000,290.5,1,290.0,26,291.0,37,2,2022-09-12 09:16:41
1662974203124736000,290.5,1,290.0,27,290.5,2,1,2022-09-12 09:16:43
1662974203509397000,290.5,2,290.0,25,291.0,37,1,2022-09-12 09:16:43
1662974205333857000,290.5,1,290.5,3,291.0,36,2,2022-09-12 09:16:45
1662974207179632000,290.5,1,290.5,6,291.0,37,2,2022-09-12 09:16:47
1662974209209533000,291.0,1,290.5,9,291.0,37,1,2022-09-12 09:16:49
1662974209744890000,290.5,1,290.5,8,291.0,37,2,2022-09-12 09:16:49
1662974211212896000,290.5,1,290.5,9,291.0,38,2,2022-09-12 09:16:51
1662974214777851000,290.5,1,290.5,13,291.0,40,2,2022-09-12 09:16:54
1662974215028490000,291.0,10,290.5,13,291.0,30,1,2022-09-12 09:16:55
1662974217161015000,290.5,1,290.5,14,291.0,36,2,2022-09-12 09:16:57
1662974217850599000,291.0,4,290.5,14,291.0,32,1,2022-09-12 09:16:57
1662974218406732000,290.5,1,290.5,13,291.0,32,2,2022-09-12 09:16:58
1662974219296176000,291.0,1,290.5,13,291.0,31,1,2022-09-12 09:16:59
1662974219898081000,291.0,1,290.5,13,291.0,30,1,2022-09-12 09:16:59
1662974220566873000,291.0,1,290.5,13,291.0,29,1,2022-09-12 09:17:00
1662974222532924000,291.0,3,290.5,13,291.0,25,1,2022-09-12 09:17:02
1662974223080282000,291.0,1,290.5,13,291.0,24,1,2022-09-12 09:17:03
1662974223418666000,291.0,1,290.5,14,291.0,23,1,2022-09-12 09:17:03
1662974224291234000,291.0,6,290.5,9,291.0,18,1,2022-09-12 09:17:04
1662974224602427000,291.0,1,290.5,10,291.0,18,1,2022-09-12 09:17:04
1662974224904332000,291.0,1,290.5,9,291.0,21,1,2022-09-12 09:17:04
1662974225167670000,291.0,5,290.5,9,291.0,15,1,2022-09-12 09:17:05
1662974225202279000,291.0,5,290.5,10,291.0,10,1,2022-09-12 09:17:05
1662974225290782000,291.0,1,290.5,9,291.0,9,1,2022-09-12 09:17:05
1662974225303972000,291.0,9,291.0,6,291.5,46,1,2022-09-12 09:17:05
1662974225826331000,291.5,3,291.0,8,291.5,43,1,2022-09-12 09:17:05
1662974226499789000,291.5,1,291.0,13,291.5,42,1,2022-09-12 09:17:06
1662974226750655000,291.5,1,291.0,13,291.5,41,1,2022-09-12 09:17:06
1662974228331926000,291.5,1,291.0,21,291.5,40,1,2022-09-12 09:17:08
1662974228333184000,291.0,1,291.0,20,291.5,40,2,2022-09-12 09:17:08
1662974228554377000,291.5,1,291.0,20,291.5,39,1,2022-09-12 09:17:08
1662974229831023000,291.5,1,291.0,23,291.5,39,1,2022-09-12 09:17:09
1662974229976854000,291.5,1,291.0,23,291.5,38,1,2022-09-12 09:17:09
1662974230723089000,291.5,10,291.0,25,291.5,28,1,2022-09-12 09:17:10
1662974230851716000,291.0,1,291.0,25,291.5,28,2,2022-09-12 09:17:10
1662974231135644000,291.5,1,291.0,25,291.5,28,1,2022-09-12 09:17:11
1662974231756019000,291.5,2,291.0,25,291.5,26,1,2022-09-12 09:17:11
1662974232343565000,291.5,1,291.0,26,291.5,25,1,2022-09-12 09:17:12
1662974233195626000,291.0,1,291.0,28,291.5,25,2,2022-09-12 09:17:13
1662974233285655000,291.5,1,291.0,28,291.5,24,1,2022-09-12 09:17:13
1662974233549411000,291.5,10,291.0,28,291.5,14,1,2022-09-12 09:17:13
1662974233760058000,291.5,1,291.0,28,291.5,23,1,2022-09-12 09:17:13
1662974233917451000,291.5,10,291.0,28,291.5,13,1,2022-09-12 09:17:13
1662974234301665000,291.5,1,291.0,29,291.5,19,1,2022-09-12 09:17:14
1662974234373682000,291.5,1,291.0,29,291.5,18,1,2022-09-12 09:17:14
1662974234469470000,291.5,3,291.0,30,291.5,18,1,2022-09-12 09:17:14
1662974235131845000,291.5,5,291.0,30,291.5,15,1,2022-09-12 09:17:15
1662974235169328000,291.5,2,291.0,30,291.5,8,1,2022-09-12 09:17:15
1662974235461966000,291.5,1,291.0,29,291.5,7,1,2022-09-12 09:17:15
1662974236054952000,291.5,1,291.0,28,291.5,6,1,2022-09-12 09:17:16
1662974236081613000,291.5,1,291.0,28,291.5,5,1,2022-09-12 09:17:16
1662974236170024000,291.5,1,291.0,28,291.5,4,1,2022-09-12 09:17:16
1662974236189944000,291.5,1,291.0,27,291.5,3,1,2022-09-12 09:17:16
1662974236396266000,291.5,1,291.0,27,291.5,2,1,2022-09-12 09:17:16
1662974236509525000,291.5,2,291.0,27,292.0,74,1,2022-09-12 09:17:16
1662974236737555000,292.0,1,291.5,4,292.0,73,1,2022-09-12 09:17:16
1662974237472668000,291.5,1,291.5,16,292.0,73,2,2022-09-12 09:17:17
1662974238840395000,292.0,1,291.5,18,292.0,72,1,2022-09-12 09:17:18
1662974239209894000,291.5,1,291.5,18,292.0,72,2,2022-09-12 09:17:19
1662974240275112000,291.5,1,291.5,22,292.0,72,2,2022-09-12 09:17:20
1662974240675644000,292.0,1,291.5,23,292.0,71,1,2022-09-12 09:17:20
1662974240745122000,292.0,2,291.5,23,292.0,69,1,2022-09-12 09:17:20
1662974240821163000,292.0,1,291.5,25,292.0,69,1,2022-09-12 09:17:20
1662974243207758000,292.0,3,291.5,33,292.0,63,1,2022-09-12 09:17:23
1662974243366771000,291.5,1,291.5,32,292.0,63,2,2022-09-12 09:17:23
1662974243422426000,292.0,1,291.5,32,292.0,62,1,2022-09-12 09:17:23
1662974243699280000,292.0,1,291.5,33,292.0,61,1,2022-09-12 09:17:23
1662974244148633000,292.0,1,291.5,34,292.0,60,1,2022-09-12 09:17:24
1662974244490745000,292.0,1,291.5,34,292.0,59,1,2022-09-12 09:17:24
1662974245033264000,292.0,1,291.5,34,292.0,59,1,2022-09-12 09:17:25
1662974245046859000,292.0,10,291.5,34,292.0,49,1,2022-09-12 09:17:25
1662974245228161000,292.0,1,291.5,36,292.0,49,1,2022-09-12 09:17:25
1662974246183874000,292.0,2,291.5,36,292.0,46,1,2022-09-12 09:17:26
1662974246200060000,291.5,1,291.5,35,292.0,46,2,2022-09-12 09:17:26
1662974246429004000,292.0,1,291.5,35,292.0,45,1,2022-09-12 09:17:26
1662974246439019000,292.0,1,291.5,35,292.0,44,1,2022-09-12 09:17:26
1662974246714517000,292.0,3,291.5,45,292.0,41,1,2022-09-12 09:17:26
1662974246715769000,292.0,1,291.5,45,292.0,40,1,2022-09-12 09:17:26
1662974246895085000,292.0,1,291.5,45,292.0,39,1,2022-09-12 09:17:26
1662974247114216000,292.0,2,291.5,45,292.0,38,1,2022-09-12 09:17:27
1662974247139120000,292.0,22,291.5,45,292.0,40,1,2022-09-12 09:17:27
1662974247215208000,292.0,1,291.5,46,292.0,15,1,2022-09-12 09:17:27
1662974247327442000,292.0,1,291.5,46,292.0,14,1,2022-09-12 09:17:27
1662974247432461000,292.0,3,291.5,46,292.0,16,1,2022-09-12 09:17:27
1662974247721564000,292.0,4,291.5,46,292.0,7,1,2022-09-12 09:17:27
1662974247754462000,292.0,2,291.5,46,292.0,5,1,2022-09-12 09:17:27
1662974247858732000,292.0,1,291.5,46,292.0,4,1,2022-09-12 09:17:27
1662974248004844000,292.0,2,291.5,46,292.0,2,1,2022-09-12 09:17:28
1662974248249637000,292.0,2,291.5,45,292.5,3,1,2022-09-12 09:17:28
1662974248249637000,292.5,8,291.5,45,292.5,3,1,2022-09-12 09:17:28
1662974248277465000,292.5,1,292.0,4,292.5,2,1,2022-09-12 09:17:28
1662974248291431000,292.5,1,292.0,5,292.5,2,1,2022-09-12 09:17:28
1662974248326795000,292.5,2,292.0,5,293.0,47,1,2022-09-12 09:17:28
1662974248531860000,293.0,14,292.0,6,293.0,33,1,2022-09-12 09:17:28
1662974248581550000,293.0,33,292.0,7,293.5,28,1,2022-09-12 09:17:28
1662974248747504000,293.5,7,292.5,3,293.5,21,1,2022-09-12 09:17:28
1662974249074344000,292.5,1,292.5,8,293.5,21,2,2022-09-12 09:17:29
1662974249556239000,293.5,2,292.5,8,293.5,19,1,2022-09-12 09:17:29
1662974251912856000,293.0,1,292.5,8,293.5,16,1,2022-09-12 09:17:31
1662974251912856000,293.5,9,292.5,8,293.5,16,1,2022-09-12 09:17:31
1662974253116392000,293.0,2,292.5,9,293.0,3,1,2022-09-12 09:17:33
1662974253124104000,293.0,1,292.5,9,293.0,2,1,2022-09-12 09:17:33
1662974253169678000,293.0,2,292.5,10,293.5,15,1,2022-09-12 09:17:33
1662974253169678000,293.5,1,292.5,10,293.5,15,1,2022-09-12 09:17:33
1662974253399831000,293.5,1,292.5,9,293.5,14,1,2022-09-12 09:17:33
1662974253985605000,293.0,2,293.0,1,293.5,15,2,2022-09-12 09:17:33
1662974254041205000,293.5,1,292.5,9,293.5,15,1,2022-09-12 09:17:34
1662974255077956000,293.0,1,292.5,9,293.5,14,1,2022-09-12 09:17:35
1662974255620262000,293.0,1,292.5,9,293.5,8,2,2022-09-12 09:17:35
1662974255734992000,293.5,1,292.5,9,293.5,7,1,2022-09-12 09:17:35
1662974255821580000,293.5,2,292.5,9,293.5,6,1,2022-09-12 09:17:35
1662974255898449000,293.5,1,292.5,9,293.5,5,1,2022-09-12 09:17:35
1662974256198264000,293.0,1,292.5,9,293.0,4,1,2022-09-12 09:17:36
1662974256225204000,293.0,1,292.5,9,293.0,3,1,2022-09-12 09:17:36
1662974256384744000,293.0,1,292.5,9,293.0,2,1,2022-09-12 09:17:36
1662974256517022000,293.0,1,292.5,9,293.0,1,1,2022-09-12 09:17:36
1662974256691334000,293.0,1,292.5,9,293.5,1,1,2022-09-12 09:17:36
1662974256691334000,293.5,4,292.5,9,293.5,1,1,2022-09-12 09:17:36
1662974256740154000,293.5,2,293.5,1,294.0,25,1,2022-09-12 09:17:36
1662974256767286000,293.5,1,292.5,9,294.0,25,2,2022-09-12 09:17:36
1662974257084995000,293.5,1,293.0,2,294.0,25,2,2022-09-12 09:17:37
1662974257689301000,294.0,1,293.5,10,294.0,24,1,2022-09-12 09:17:37
1662974257747337000,293.5,2,293.5,14,294.0,24,2,2022-09-12 09:17:37
1662974257791689000,293.5,1,293.5,14,294.0,24,2,2022-09-12 09:17:37
1662974257857011000,294.0,1,293.5,14,294.0,23,1,2022-09-12 09:17:37
1662974258023104000,294.0,1,293.5,14,294.0,22,1,2022-09-12 09:17:38
1662974258079773000,294.0,1,293.5,14,294.0,21,1,2022-09-12 09:17:38
1662974258384924000,293.5,1,293.5,13,294.0,21,2,2022-09-12 09:17:38
1662974258871303000,294.0,1,293.5,14,294.0,20,1,2022-09-12 09:17:38
1662974259109350000,294.0,2,293.5,14,294.0,18,1,2022-09-12 09:17:39
1662974259303303000,294.0,2,293.5,16,294.0,16,1,2022-09-12 09:17:39
1662974259898453000,294.0,1,293.5,17,294.0,15,1,2022-09-12 09:17:39
1662974260199202000,294.0,1,293.5,17,294.0,14,1,2022-09-12 09:17:40
1662974260401098000,294.0,1,293.5,17,294.0,13,1,2022-09-12 09:17:40
1662974260536316000,294.0,1,293.5,17,294.0,14,1,2022-09-12 09:17:40
1662974261314179000,294.0,1,293.5,27,294.0,11,1,2022-09-12 09:17:41
1662974261729554000,294.0,2,293.5,28,294.0,9,1,2022-09-12 09:17:41
1662974261776955000,294.0,1,293.5,28,294.0,8,1,2022-09-12 09:17:41
1662974262026980000,294.0,1,293.5,28,294.0,7,1,2022-09-12 09:17:42
1662974262149216000,294.0,1,293.5,28,294.0,6,1,2022-09-12 09:17:42
1662974262293305000,294.0,1,293.5,29,294.0,5,1,2022-09-12 09:17:42
1662974262727842000,294.0,1,293.5,31,294.0,4,1,2022-09-12 09:17:42
1662974262744604000,294.0,1,293.5,31,294.0,3,1,2022-09-12 09:17:42
1662974262895493000,294.0,1,293.5,31,294.0,2,1,2022-09-12 09:17:42
1662974263213119000,294.0,1,293.5,31,294.0,2,1,2022-09-12 09:17:43
1662974263320872000,294.0,1,293.5,31,294.0,1,1,2022-09-12 09:17:43
1662974263377535000,294.0,1,294.0,1,294.5,10,1,2022-09-12 09:17:43
1662974264662057000,294.0,1,294.0,10,294.5,13,2,2022-09-12 09:17:44
1662974264961524000,294.0,1,294.0,6,294.5,13,2,2022-09-12 09:17:44
1662974265028925000,294.5,1,294.0,6,294.5,12,1,2022-09-12 09:17:45
1662974265257645000,294.0,1,294.0,7,294.5,13,2,2022-09-12 09:17:45
1662974266495659000,294.0,1,294.0,12,294.5,16,2,2022-09-12 09:17:46
1662974266634581000,294.5,1,294.0,12,294.5,15,1,2022-09-12 09:17:46
1662974266917958000,294.5,1,294.0,14,294.5,14,1,2022-09-12 09:17:46
1662974267806740000,294.0,1,294.0,14,294.5,14,2,2022-09-12 09:17:47
1662974269278107000,294.5,1,294.0,32,294.5,16,1,2022-09-12 09:17:49
1662974269613533000,294.0,1,294.0,31,294.5,16,2,2022-09-12 09:17:49
1662974269672216000,294.5,1,294.0,32,294.5,17,1,2022-09-12 09:17:49
1662974269790366000,294.5,2,294.0,31,294.5,13,1,2022-09-12 09:17:49
1662974270212655000,294.0,3,294.0,28,294.5,15,2,2022-09-12 09:17:50
1662974270544856000,294.0,5,294.0,24,294.5,15,2,2022-09-12 09:17:50
1662974270572903000,294.0,24,293.5,19,294.5,15,2,2022-09-12 09:17:50
1662974270889572000,294.0,2,293.5,18,294.0,2,1,2022-09-12 09:17:50
1662974271603795000,294.0,2,293.5,18,294.0,3,1,2022-09-12 09:17:51
1662974271618068000,294.0,3,293.5,18,294.5,19,1,2022-09-12 09:17:51
1662974271780207000,294.0,2,293.5,18,294.5,20,2,2022-09-12 09:17:51
1662974272571471000,293.5,5,293.5,12,294.5,17,2,2022-09-12 09:17:52
1662974272602367000,293.5,3,293.5,9,294.5,18,2,2022-09-12 09:17:52
1662974272634751000,293.5,7,293.5,2,294.0,1,2,2022-09-12 09:17:52
1662974272665728000,293.5,2,293.0,8,294.0,1,2,2022-09-12 09:17:52
1662974273330925000,294.0,1,293.0,9,294.0,7,1,2022-09-12 09:17:53
1662974273645207000,294.0,1,293.0,9,294.0,9,1,2022-09-12 09:17:53
1662974274317021000,294.0,1,293.0,9,294.0,8,1,2022-09-12 09:17:54
1662974274802360000,294.0,10,293.0,10,294.0,3,1,2022-09-12 09:17:54
1662974275015519000,294.0,1,293.0,11,294.0,2,1,2022-09-12 09:17:55
1662974275116658000,294.0,1,293.0,11,294.0,1,1,2022-09-12 09:17:55
1662974275307587000,294.0,1,293.0,11,294.0,2,1,2022-09-12 09:17:55
1662974275343291000,294.5,1,293.0,11,294.5,16,1,2022-09-12 09:17:55
1662974275694147000,294.0,1,293.0,13,294.5,16,2,2022-09-12 09:17:55
1662974276005017000,294.0,1,293.0,13,294.5,17,1,2022-09-12 09:17:56
1662974276732596000,294.0,1,293.0,15,294.0,3,1,2022-09-12 09:17:56
1662974277052257000,294.0,1,293.0,15,294.5,18,1,2022-09-12 09:17:57
1662974277504874000,294.0,1,293.0,15,294.0,1,1,2022-09-12 09:17:57
1662974277687682000,294.0,1,293.0,15,294.0,2,1,2022-09-12 09:17:57
1662974277805517000,294.0,1,293.0,15,294.5,18,1,2022-09-12 09:17:57
1662974278246251000,293.0,2,293.0,13,294.5,19,2,2022-09-12 09:17:58
1662974279060844000,294.0,1,293.0,14,294.0,3,1,2022-09-12 09:17:59
1662974279066884000,294.0,1,293.0,14,294.0,2,1,2022-09-12 09:17:59
1662974279957630000,294.0,1,293.0,15,294.0,5,1,2022-09-12 09:17:59
1662974280948681000,293.5,1,293.5,4,294.0,7,2,2022-09-12 09:18:00
1662974281092040000,294.0,3,293.5,4,294.0,14,1,2022-09-12 09:18:01
1662974281118966000,294.0,1,293.5,4,294.0,13,1,2022-09-12 09:18:01
1662974281151166000,293.5,1,293.5,3,294.0,13,2,2022-09-12 09:18:01
1662974281181296000,293.5,1,293.5,4,294.0,17,2,2022-09-12 09:18:01
1662974281487484000,294.0,1,293.0,14,294.0,15,1,2022-09-12 09:18:01
1662974281523050000,294.0,1,293.0,14,294.0,13,1,2022-09-12 09:18:01
1662974281548057000,294.0,1,293.0,14,294.0,12,1,2022-09-12 09:18:01
1662974281982153000,294.0,1,293.0,15,294.0,11,1,2022-09-12 09:18:01
1662974282397799000,294.0,1,293.0,15,294.0,14,1,2022-09-12 09:18:02
1662974282462514000,293.0,3,293.0,12,294.0,14,2,2022-09-12 09:18:02
1662974283402791000,293.0,3,293.0,8,293.5,2,2,2022-09-12 09:18:03
1662974283802385000,293.5,1,293.0,9,293.5,1,1,2022-09-12 09:18:03
1662974286119153000,293.0,1,293.0,12,293.5,2,2,2022-09-12 09:18:06
1662974286678572000,293.5,1,293.0,12,293.5,2,1,2022-09-12 09:18:06
1662974287772683000,293.5,1,293.0,13,293.5,1,1,2022-09-12 09:18:07
1662974288432718000,293.0,1,293.0,15,293.5,4,2,2022-09-12 09:18:08
1662974289448177000,293.0,1,293.0,14,293.5,7,2,2022-09-12 09:18:09
1662974290424524000,293.5,1,293.0,14,293.5,6,1,2022-09-12 09:18:10
1662974292335567000,293.0,1,293.0,14,293.5,7,2,2022-09-12 09:18:12
1662974293046205000,293.5,2,293.0,14,293.5,7,1,2022-09-12 09:18:13
1662974296858132000,293.5,1,293.0,17,293.5,16,1,2022-09-12 09:18:16
1662974297038685000,293.5,1,293.0,17,293.5,16,1,2022-09-12 09:18:17
1662974297797410000,293.5,1,293.0,18,293.5,15,1,2022-09-12 09:18:17
1662974298730410000,293.5,1,293.0,18,293.5,14,1,2022-09-12 09:18:18
1662974300203760000,293.5,1,293.0,18,293.5,14,1,2022-09-12 09:18:20
1662974300442301000,293.0,1,293.0,17,293.5,13,2,2022-09-12 09:18:20
1662974300921797000,293.5,1,293.0,17,293.5,13,1,2022-09-12 09:18:20
1662974301539641000,293.5,1,293.0,17,293.5,12,1,2022-09-12 09:18:21
1662974301555713000,293.5,1,293.0,17,293.5,11,1,2022-09-12 09:18:21
1662974301899431000,293.5,1,293.0,17,293.5,10,1,2022-09-12 09:18:21
1662974302237888000,293.5,1,293.0,20,293.5,9,1,2022-09-12 09:18:22
1662974302302201000,293.5,1,293.0,20,293.5,8,1,2022-09-12 09:18:22
1662974303144592000,293.5,1,293.0,20,293.5,8,1,2022-09-12 09:18:23
1662974303206555000,293.5,1,293.0,20,293.5,6,1,2022-09-12 09:18:23
1662974303642387000,293.5,1,293.0,20,293.5,5,1,2022-09-12 09:18:23
1662974303673375000,293.5,5,293.0,20,294.0,11,1,2022-09-12 09:18:23
1662974306168770000,294.0,1,293.5,14,294.0,14,1,2022-09-12 09:18:26
1662974307008734000,294.0,1,293.5,15,294.0,12,1,2022-09-12 09:18:27
1662974308471278000,293.5,1,293.5,14,294.0,11,2,2022-09-12 09:18:28
1662974308776863000,294.0,1,293.5,14,294.0,10,1,2022-09-12 09:18:28
1662974309411231000,293.5,5,293.5,9,294.0,10,2,2022-09-12 09:18:29
1662974309493793000,294.0,1,293.5,9,294.0,10,1,2022-09-12 09:18:29
1662974310156724000,294.0,2,293.5,9,294.0,13,1,2022-09-12 09:18:30
1662974311065788000,294.0,2,293.5,10,294.0,11,1,2022-09-12 09:18:31
1662974311489149000,294.0,1,293.5,21,294.0,10,1,2022-09-12 09:18:31
1662974311625537000,293.5,2,293.5,21,294.0,11,2,2022-09-12 09:18:31
1662974312261529000,294.0,5,293.5,21,294.0,6,1,2022-09-12 09:18:32
1662974312294893000,294.0,4,293.5,21,294.0,2,1,2022-09-12 09:18:32
1662974312333504000,294.0,2,294.0,1,294.5,16,1,2022-09-12 09:18:32
1662974312641373000,294.0,1,294.0,4,294.5,16,2,2022-09-12 09:18:32
1662974312758078000,294.5,1,294.0,3,294.5,15,1,2022-09-12 09:18:32
1662974314112381000,294.0,1,294.0,9,294.5,16,2,2022-09-12 09:18:34
1662974314283839000,294.0,1,294.0,7,294.5,16,2,2022-09-12 09:18:34
1662974314342206000,294.0,7,293.5,17,294.5,16,2,2022-09-12 09:18:34
1662974314764830000,293.5,1,293.5,15,294.5,16,2,2022-09-12 09:18:34
1662974320156443000,294.0,1,293.5,21,294.0,4,1,2022-09-12 09:18:40
1662974320325220000,294.0,3,294.0,2,294.5,19,1,2022-09-12 09:18:40
1662974321000746000,294.0,2,293.5,22,294.0,3,2,2022-09-12 09:18:41
1662974321099566000,294.0,1,293.5,22,294.0,2,1,2022-09-12 09:18:41
1662974323288330000,294.0,1,293.5,23,294.0,7,1,2022-09-12 09:18:43
1662974324509192000,294.0,9,294.0,11,294.5,21,1,2022-09-12 09:18:44
1662974325603609000,294.0,1,294.0,12,294.5,21,2,2022-09-12 09:18:45
1662974325892106000,294.0,8,294.0,4,294.5,51,2,2022-09-12 09:18:45
1662974325924367000,294.0,1,294.0,3,294.5,51,2,2022-09-12 09:18:45
1662974325924418000,294.0,3,293.5,27,294.5,51,2,2022-09-12 09:18:45
1662974327035582000,294.0,1,293.5,27,294.0,3,1,2022-09-12 09:18:47
1662974327241573000,294.0,1,293.5,27,294.0,3,1,2022-09-12 09:18:47
1662974328815178000,294.0,1,293.5,27,294.0,6,1,2022-09-12 09:18:48
1662974328879394000,294.0,1,293.5,27,294.0,5,1,2022-09-12 09:18:48
1662974328974914000,294.0,2,293.5,27,294.0,3,1,2022-09-12 09:18:48
1662974330426870000,293.5,1,293.5,16,294.0,4,2,2022-09-12 09:18:50
1662974330603285000,294.0,1,293.5,16,294.0,3,1,2022-09-12 09:18:50
1662974331438948000,294.0,1,293.5,16,294.0,2,1,2022-09-12 09:18:51
1662974331858431000,294.0,1,293.5,16,294.0,2,1,2022-09-12 09:18:51
1662974331953378000,294.0,1,293.5,16,294.0,2,1,2022-09-12 09:18:51
1662974332357625000,294.0,1,293.5,16,294.5,58,1,2022-09-12 09:18:52
1662974333766204000,294.0,1,294.0,5,294.5,28,2,2022-09-12 09:18:53
1662974336961109000,294.0,1,294.0,9,294.5,28,2,2022-09-12 09:18:56
1662974339860391000,294.0,1,294.0,11,294.5,28,2,2022-09-12 09:18:59
1662974341021116000,294.0,1,294.0,15,294.5,28,2,2022-09-12 09:19:01
1662974341312313000,294.0,1,294.0,14,294.5,28,2,2022-09-12 09:19:01
1662974343680637000,294.5,1,294.0,15,294.5,34,1,2022-09-12 09:19:03
1662974345478917000,294.0,1,294.0,15,294.5,34,2,2022-09-12 09:19:05
1662974345501353000,294.0,14,294.0,1,294.5,34,2,2022-09-12 09:19:05
1662974345520710000,294.0,1,293.5,13,294.5,34,2,2022-09-12 09:19:05
1662974349912198000,294.0,1,293.5,9,294.0,4,1,2022-09-12 09:19:09
1662974350465950000,294.0,1,293.5,9,294.0,3,1,2022-09-12 09:19:10
1662974350472668000,294.0,1,293.5,9,294.0,2,1,2022-09-12 09:19:10
1662974350950162000,294.0,1,293.5,11,294.0,1,1,2022-09-12 09:19:10
1662974351453997000,294.0,1,294.0,5,294.5,43,1,2022-09-12 09:19:11
1662974352118660000,294.0,1,294.0,7,294.5,43,2,2022-09-12 09:19:12
1662974352253208000,294.0,1,294.0,4,294.5,42,2,2022-09-12 09:19:12
1662974352899333000,294.0,1,294.0,3,294.5,44,2,2022-09-12 09:19:12
1662974353337599000,294.0,1,294.0,3,294.5,43,2,2022-09-12 09:19:13
1662974353378845000,294.0,2,294.0,2,294.5,43,2,2022-09-12 09:19:13
1662974353843147000,294.0,1,294.0,1,294.5,43,2,2022-09-12 09:19:13
1662974353963612000,294.0,1,293.5,9,294.5,43,2,2022-09-12 09:19:13
1662974354276768000,294.0,1,293.5,9,294.5,43,2,2022-09-12 09:19:14
1662974354856157000,294.0,1,293.5,9,294.5,43,1,2022-09-12 09:19:14
1662974355003667000,293.5,1,293.5,8,294.0,1,2,2022-09-12 09:19:15
1662974355249377000,294.0,1,293.5,10,294.5,43,1,2022-09-12 09:19:15
1662974355523383000,294.0,1,293.5,9,294.0,1,1,2022-09-12 09:19:15
1662974357257088000,294.0,1,293.5,10,294.5,43,2,2022-09-12 09:19:17
1662974360071402000,294.0,1,293.5,10,294.0,4,1,2022-09-12 09:19:20
1662974361324639000,293.5,2,293.5,8,294.0,5,2,2022-09-12 09:19:21
1662974362570447000,293.5,1,293.5,8,294.0,9,2,2022-09-12 09:19:22
1662974363361102000,294.0,1,293.5,9,294.0,8,1,2022-09-12 09:19:23
1662974363534255000,294.0,1,293.5,10,294.0,8,1,2022-09-12 09:19:23
1662974363608970000,294.0,1,293.5,10,294.0,8,1,2022-09-12 09:19:23
1662974365252489000,293.5,1,293.5,9,294.0,10,2,2022-09-12 09:19:25
1662974366799504000,293.5,5,293.5,4,294.0,15,2,2022-09-12 09:19:26
1662974366833380000,293.5,1,293.5,3,294.0,15,2,2022-09-12 09:19:26
1662974368249467000,293.5,1,293.5,2,294.0,15,2,2022-09-12 09:19:28
1662974369553579000,293.5,2,293.5,1,294.0,16,2,2022-09-12 09:19:29
1662974369596708000,293.5,1,293.0,25,294.0,16,2,2022-09-12 09:19:29
1662974369732679000,293.5,1,293.0,25,293.5,1,1,2022-09-12 09:19:29
1662974370245250000,293.0,1,293.0,25,293.5,3,2,2022-09-12 09:19:30
1662974370282686000,293.0,1,293.0,23,293.5,3,2,2022-09-12 09:19:30
1662974371412500000,293.0,3,293.0,20,293.5,6,2,2022-09-12 09:19:31
1662974372143298000,293.0,1,293.0,18,293.5,11,2,2022-09-12 09:19:32
1662974376443014000,293.0,1,293.0,18,293.5,14,2,2022-09-12 09:19:36
1662974376769160000,293.0,2,293.0,16,293.5,13,2,2022-09-12 09:19:36
1662974376986134000,293.0,1,293.0,15,293.5,13,2,2022-09-12 09:19:36
1662974377586566000,293.5,1,293.0,16,293.5,12,1,2022-09-12 09:19:37
1662974379466180000,293.0,1,293.0,16,293.5,11,2,2022-09-12 09:19:39
1662974379950309000,293.5,1,293.0,14,293.5,10,1,2022-09-12 09:19:39
1662974379985459000,293.0,1,293.0,13,293.5,10,2,2022-09-12 09:19:39
1662974380704220000,293.5,1,293.0,13,293.5,10,1,2022-09-12 09:19:40
1662974380942320000,293.5,1,293.0,13,293.5,8,1,2022-09-12 09:19:40
1662974381468705000,293.0,2,293.0,11,293.5,9,2,2022-09-12 09:19:41
1662974385660749000,293.0,1,293.0,12,293.5,13,2,2022-09-12 09:19:45
1662974385700956000,293.0,1,293.0,11,293.5,13,2,2022-09-12 09:19:45
1662974386102485000,293.5,1,293.0,11,293.5,11,1,2022-09-12 09:19:46
1662974386404499000,293.0,4,293.0,5,293.5,10,2,2022-09-12 09:19:46
1662974388210191000,293.0,1,293.0,6,293.5,23,2,2022-09-12 09:19:48
1662974388219086000,293.0,1,293.0,5,293.5,23,2,2022-09-12 09:19:48
1662974388797468000,293.0,1,293.0,4,293.5,25,2,2022-09-12 09:19:48
1662974388921296000,293.0,1,293.0,3,293.5,25,2,2022-09-12 09:19:48
1662974389209871000,293.0,3,292.5,10,293.0,2,2,2022-09-12 09:19:49
1662974397807807000,293.0,1,292.5,9,293.0,14,1,2022-09-12 09:19:57
1662974397843100000,292.5,1,292.5,8,293.0,14,2,2022-09-12 09:19:57
1662974398003129000,292.5,1,292.5,7,293.0,14,2,2022-09-12 09:19:58
1662974398017829000,292.5,1,292.5,6,293.0,14,2,2022-09-12 09:19:58
1662974401080325000,292.5,1,292.5,6,293.0,17,2,2022-09-12 09:20:01
1662974401900060000,292.5,1,292.5,5,293.0,16,2,2022-09-12 09:20:01
1662974405114966000,292.5,1,292.5,4,293.0,17,2,2022-09-12 09:20:05
1662974406191947000,293.0,1,292.5,5,293.0,17,1,2022-09-12 09:20:06
1662974406192537000,292.5,1,292.5,4,293.0,17,2,2022-09-12 09:20:06
1662974406663472000,292.5,1,292.5,3,293.0,17,2,2022-09-12 09:20:06
1662974406724084000,292.5,3,292.0,17,293.0,17,2,2022-09-12 09:20:06
1662974406980338000,292.5,1,292.0,17,293.0,18,1,2022-09-12 09:20:06
1662974407089131000,293.0,1,292.0,15,293.0,16,1,2022-09-12 09:20:07
1662974408011038000,292.5,1,292.5,5,293.0,14,2,2022-09-12 09:20:08
1662974408037161000,292.5,1,292.5,4,293.0,14,2,2022-09-12 09:20:08
1662974408060558000,292.5,1,292.5,3,293.0,15,2,2022-09-12 09:20:08
1662974408310699000,292.5,1,292.5,3,293.0,15,2,2022-09-12 09:20:08
1662974408517034000,292.5,1,292.5,2,293.0,15,2,2022-09-12 09:20:08
1662974411307119000,292.5,5,292.5,1,293.0,16,2,2022-09-12 09:20:11
1662974411339495000,292.5,1,292.0,13,293.0,16,2,2022-09-12 09:20:11
1662974411610573000,292.5,1,292.0,14,293.0,18,1,2022-09-12 09:20:11
1662974411698413000,292.5,2,292.5,2,293.0,18,2,2022-09-12 09:20:11
1662974411775959000,292.5,2,292.5,1,293.0,18,2,2022-09-12 09:20:11
1662974411884097000,293.0,1,292.0,17,293.0,17,1,2022-09-12 09:20:11
1662974412907651000,292.5,1,292.0,13,293.0,17,1,2022-09-12 09:20:12
1662974416286512000,292.5,1,292.0,13,292.5,2,1,2022-09-12 09:20:16
1662974416319340000,292.5,2,292.0,13,293.0,23,1,2022-09-12 09:20:16
1662974416972263000,292.5,1,292.0,15,293.0,24,1,2022-09-12 09:20:16
1662974419732681000,292.5,1,292.5,6,293.0,27,2,2022-09-12 09:20:19
1662974419821180000,293.0,1,292.5,5,293.0,26,1,2022-09-12 09:20:19
1662974423386038000,293.0,1,292.5,7,293.0,28,1,2022-09-12 09:20:23
1662974424346554000,292.5,1,292.5,6,293.0,27,2,2022-09-12 09:20:24
1662974426402911000,293.0,1,292.5,7,293.0,26,1,2022-09-12 09:20:26
1662974428764020000,293.0,10,292.5,9,293.0,17,1,2022-09-12 09:20:28
1662974428795068000,293.0,8,292.5,10,293.0,9,1,2022-09-12 09:20:28
1662974428795350000,293.0,1,292.5,10,293.0,8,1,2022-09-12 09:20:28
1662974428828481000,293.0,6,292.5,10,293.0,2,1,2022-09-12 09:20:28
1662974428829983000,293.0,2,292.5,10,293.5,18,1,2022-09-12 09:20:28
1662974428879515000,293.5,1,293.0,2,293.5,17,1,2022-09-12 09:20:28
1662974428890532000,293.5,1,293.0,2,293.5,16,1,2022-09-12 09:20:28
1662974428918065000,293.5,1,293.0,3,293.5,14,1,2022-09-12 09:20:28
1662974428918085000,293.5,1,293.0,3,293.5,13,1,2022-09-12 09:20:28
1662974429267962000,293.5,2,293.0,9,293.5,13,1,2022-09-12 09:20:29
1662974429587686000,293.5,2,293.0,7,293.5,9,1,2022-09-12 09:20:29
1662974429965022000,293.5,1,293.0,7,293.5,8,1,2022-09-12 09:20:29
1662974429996796000,293.5,3,293.0,7,293.5,5,1,2022-09-12 09:20:29
1662974430028556000,293.5,1,293.0,7,293.5,4,1,2022-09-12 09:20:30
1662974430060385000,293.5,4,293.0,6,294.0,20,1,2022-09-12 09:20:30
1662974430064491000,294.0,1,293.0,6,294.0,19,1,2022-09-12 09:20:30
1662974430188297000,293.0,1,293.0,6,294.0,19,2,2022-09-12 09:20:30
1662974430472825000,294.0,1,293.5,6,294.0,17,1,2022-09-12 09:20:30
1662974430829255000,293.5,1,293.5,2,294.0,17,2,2022-09-12 09:20:30
1662974431164343000,294.0,1,293.5,2,294.0,16,1,2022-09-12 09:20:31
1662974431930844000,293.5,1,293.5,1,294.0,16,2,2022-09-12 09:20:31
1662974436448331000,294.0,1,293.5,5,294.0,21,1,2022-09-12 09:20:36
1662974440606295000,293.5,1,293.5,6,294.0,20,2,2022-09-12 09:20:40
1662974441506306000,294.0,1,293.5,7,294.0,19,1,2022-09-12 09:20:41
1662974449599600000,294.0,1,293.5,10,294.0,18,1,2022-09-12 09:20:49
1662974450016994000,293.5,1,293.5,10,294.0,19,2,2022-09-12 09:20:50
1662974450210904000,294.0,1,293.5,10,294.0,21,1,2022-09-12 09:20:50
1662974451060175000,294.0,1,293.5,10,294.0,20,1,2022-09-12 09:20:51
1662974451763911000,294.0,1,293.5,11,294.0,19,1,2022-09-12 09:20:51
1662974452589353000,293.5,1,293.5,10,294.0,21,2,2022-09-12 09:20:52
1662974452926774000,294.0,1,293.5,9,294.0,20,1,2022-09-12 09:20:52
1662974454891652000,294.0,1,293.5,7,294.0,21,1,2022-09-12 09:20:54
1662974456375445000,294.0,1,293.5,8,294.0,24,1,2022-09-12 09:20:56
1662974459769266000,293.5,1,293.5,8,294.0,25,2,2022-09-12 09:20:59
1662974459900423000,293.5,6,293.5,2,294.0,27,2,2022-09-12 09:20:59
1662974459930994000,293.5,2,293.0,16,294.0,27,2,2022-09-12 09:20:59
1662974461234118000,293.0,5,293.0,11,293.5,1,2,2022-09-12 09:21:01
1662974463178636000,293.5,1,293.0,11,293.5,4,1,2022-09-12 09:21:03
1662974467176749000,293.5,1,293.0,12,293.5,2,1,2022-09-12 09:21:07
1662974469590961000,293.5,1,293.0,12,293.5,1,1,2022-09-12 09:21:09
1662974475828170000,293.5,1,293.0,13,293.5,7,1,2022-09-12 09:21:15
1662974476130108000,293.5,1,293.0,13,293.5,5,1,2022-09-12 09:21:16
1662974478943758000,293.5,1,293.0,13,293.5,8,1,2022-09-12 09:21:18
1662974481170981000,293.5,1,293.0,13,293.5,8,1,2022-09-12 09:21:21
1662974483335479000,293.0,11,293.0,2,293.5,8,2,2022-09-12 09:21:23
1662974483369792000,293.0,2,292.5,12,293.5,11,2,2022-09-12 09:21:23
1662974483728284000,293.0,1,292.5,12,293.0,1,1,2022-09-12 09:21:23
1662974484661998000,293.5,1,292.5,12,293.5,10,1,2022-09-12 09:21:24
1662974487445766000,293.5,1,292.5,12,293.5,9,1,2022-09-12 09:21:27
1662974487667543000,293.5,1,292.5,12,293.5,8,1,2022-09-12 09:21:27
1662974503173011000,293.0,1,292.5,10,293.5,14,2,2022-09-12 09:21:43
1662974503912831000,293.0,1,292.5,10,293.5,14,1,2022-09-12 09:21:43
1662974510429400000,293.0,1,292.5,10,293.0,5,1,2022-09-12 09:21:50
1662974512557761000,293.0,1,292.5,11,293.0,12,1,2022-09-12 09:21:52
1662974532932755000,292.5,11,292.0,20,293.0,15,2,2022-09-12 09:22:12
1662974534051996000,292.0,1,292.0,20,293.0,17,2,2022-09-12 09:22:14
1662974547418419000,292.0,7,292.0,7,292.5,7,2,2022-09-12 09:22:27
1662974547449197000,292.0,1,292.0,6,292.5,8,2,2022-09-12 09:22:27
1662974547449334000,292.0,6,291.5,8,292.5,8,2,2022-09-12 09:22:27
1662974550705489000,291.5,1,291.5,7,292.0,7,2,2022-09-12 09:22:30
1662974550732437000,291.5,5,291.5,2,292.0,7,2,2022-09-12 09:22:30
1662974550762061000,291.5,2,291.0,36,292.0,8,2,2022-09-12 09:22:30
1662974551094286000,291.0,3,291.0,33,291.5,1,2,2022-09-12 09:22:31
1662974551280709000,291.0,2,291.0,31,291.5,3,2,2022-09-12 09:22:31
1662974551316299000,291.0,1,291.0,30,291.5,4,2,2022-09-12 09:22:31
1662974552408504000,291.5,5,291.0,30,291.5,4,1,2022-09-12 09:22:32
1662974553755300000,291.5,5,291.0,30,291.5,1,1,2022-09-12 09:22:33
1662974554962962000,291.5,1,291.5,4,292.0,5,1,2022-09-12 09:22:34
1662974556712340000,292.0,1,291.5,5,292.0,4,1,2022-09-12 09:22:36
1662974556782324000,291.5,1,291.5,4,292.0,4,2,2022-09-12 09:22:36
1662974561250815000,291.5,1,291.5,9,292.0,6,2,2022-09-12 09:22:41
1662974563798135000,291.5,1,291.5,9,292.0,6,2,2022-09-12 09:22:43
1662974565639072000,291.5,2,291.5,12,292.0,8,2,2022-09-12 09:22:45
1662974565676602000,291.5,1,291.5,11,292.0,8,2,2022-09-12 09:22:45
1662974567320215000,291.5,1,291.5,10,292.0,9,2,2022-09-12 09:22:47
1662974567876048000,291.5,1,291.5,9,292.0,8,2,2022-09-12 09:22:47
1662974568401455000,291.5,1,291.5,8,292.0,9,2,2022-09-12 09:22:48
1662974568766415000,291.5,1,291.5,7,292.0,11,2,2022-09-12 09:22:48
1662974568792903000,291.5,1,291.5,6,292.0,11,2,2022-09-12 09:22:48
1662974568793122000,291.5,6,291.0,29,292.0,11,2,2022-09-12 09:22:48
1662974569177101000,292.0,5,291.0,29,292.0,6,1,2022-09-12 09:22:49
1662974570902246000,291.5,2,291.0,29,291.5,4,1,2022-09-12 09:22:50
1662974570961660000,291.0,1,291.0,28,291.5,4,2,2022-09-12 09:22:50
1662974571084874000,291.5,1,291.0,28,291.5,4,1,2022-09-12 09:22:51
1662974572175272000,291.0,1,291.0,27,291.5,4,2,2022-09-12 09:22:52
1662974575743644000,291.5,5,291.0,27,291.5,5,1,2022-09-12 09:22:55
1662974576610651000,291.5,5,291.0,27,292.0,10,1,2022-09-12 09:22:56
1662974582696404000,292.0,1,291.5,16,292.0,10,1,2022-09-12 09:23:02
1662974583705849000,292.0,1,291.5,17,292.0,10,1,2022-09-12 09:23:03
1662974586188659000,292.0,1,291.5,18,292.0,5,1,2022-09-12 09:23:06
1662974587298894000,292.0,1,291.5,19,292.0,5,1,2022-09-12 09:23:07
1662974587322926000,292.0,1,291.5,19,292.0,4,1,2022-09-12 09:23:07
1662974587329456000,292.0,4,292.0,6,292.5,7,1,2022-09-12 09:23:07
1662974588454995000,292.0,5,292.0,3,292.5,5,2,2022-09-12 09:23:08
1662974588479613000,292.0,3,291.5,9,292.5,5,2,2022-09-12 09:23:08
1662974594277817000,292.0,1,291.5,9,292.0,1,2,2022-09-12 09:23:14
1662974596306321000,292.0,1,291.5,8,292.5,7,1,2022-09-12 09:23:16
1662974605115963000,292.0,1,292.0,3,292.5,6,2,2022-09-12 09:23:25
1662974609476981000,292.0,3,292.0,8,292.5,6,2,2022-09-12 09:23:29
1662974620448167000,292.0,1,292.0,10,292.5,6,2,2022-09-12 09:23:40
1662974620527958000,292.0,10,291.5,9,292.5,6,2,2022-09-12 09:23:40
1662974622094533000,292.5,1,291.5,9,292.5,12,1,2022-09-12 09:23:42
1662974629486235000,292.0,1,291.5,8,292.0,4,1,2022-09-12 09:23:49
1662974630695790000,292.0,2,291.5,8,292.0,1,1,2022-09-12 09:23:50
1662974630849773000,292.0,1,291.5,8,292.5,6,1,2022-09-12 09:23:50
1662974640564254000,292.5,1,292.0,3,292.5,5,1,2022-09-12 09:24:00
1662974649307118000,292.5,1,292.0,11,292.5,5,1,2022-09-12 09:24:09
1662974649492730000,292.5,5,292.0,11,293.0,16,1,2022-09-12 09:24:09
1662974652537494000,292.5,1,292.0,12,292.5,2,2,2022-09-12 09:24:12
1662974653262007000,292.5,1,292.0,12,292.5,1,1,2022-09-12 09:24:13
1662974655397837000,292.5,1,292.0,12,293.0,16,1,2022-09-12 09:24:15
1662974657985409000,292.5,1,292.5,1,293.0,18,2,2022-09-12 09:24:17
1662974661580674000,293.0,18,292.5,2,293.5,24,1,2022-09-12 09:24:21
1662974663076317000,293.0,1,292.5,4,293.0,2,1,2022-09-12 09:24:23
1662974663945034000,292.5,2,292.5,2,293.0,2,2,2022-09-12 09:24:23
1662974667442942000,293.0,1,292.5,3,293.0,3,1,2022-09-12 09:24:27
1662974669731258000,293.0,1,292.5,6,293.0,2,1,2022-09-12 09:24:29
1662974670696606000,293.0,1,292.5,6,293.0,1,1,2022-09-12 09:24:30
1662974671403207000,293.0,1,292.5,6,293.5,23,1,2022-09-12 09:24:31
1662974672001806000,293.5,2,292.5,6,293.5,21,1,2022-09-12 09:24:32
1662974673202214000,293.5,1,292.5,7,293.5,20,1,2022-09-12 09:24:33
1662974678139088000,293.5,1,292.5,11,293.5,18,1,2022-09-12 09:24:38
1662974678295545000,293.5,1,292.5,11,293.5,17,1,2022-09-12 09:24:38
1662974678770265000,293.5,1,292.5,11,293.5,16,1,2022-09-12 09:24:38
1662974681948145000,293.5,5,292.5,13,293.5,11,1,2022-09-12 09:24:41
1662974683059210000,293.5,1,292.5,14,293.5,10,1,2022-09-12 09:24:43
1662974685164167000,293.5,2,293.0,1,293.5,8,1,2022-09-12 09:24:45
1662974685442968000,293.5,1,293.0,1,293.5,7,1,2022-09-12 09:24:45
1662974685653620000,293.5,1,293.0,1,293.5,6,1,2022-09-12 09:24:45
1662974685832430000,293.5,1,293.0,1,293.5,5,1,2022-09-12 09:24:45
1662974685878646000,293.5,5,293.0,2,294.0,71,1,2022-09-12 09:24:45
1662974687449305000,294.0,3,293.5,1,294.0,65,1,2022-09-12 09:24:47
1662974691140588000,294.0,1,293.5,11,294.0,63,1,2022-09-12 09:24:51
1662974691231257000,294.0,1,293.5,11,294.0,62,1,2022-09-12 09:24:51
1662974691539821000,294.0,1,293.5,11,294.0,62,1,2022-09-12 09:24:51
1662974693886766000,294.0,1,293.5,12,294.0,58,1,2022-09-12 09:24:53
1662974697367051000,293.5,1,293.5,12,294.0,59,2,2022-09-12 09:24:57
1662974697429223000,294.0,1,293.5,12,294.0,58,1,2022-09-12 09:24:57
1662974698641216000,294.0,1,293.5,12,294.0,57,1,2022-09-12 09:24:58
1662974701423206000,294.0,1,293.5,12,294.0,57,1,2022-09-12 09:25:01
1662974701725737000,294.0,1,293.5,12,294.0,56,1,2022-09-12 09:25:01
1662974701750128000,294.0,5,293.5,7,294.0,51,1,2022-09-12 09:25:01
1662974707280816000,294.0,1,293.5,7,294.0,51,1,2022-09-12 09:25:07
1662974708823752000,294.0,10,293.5,7,294.0,42,1,2022-09-12 09:25:08
1662974709859553000,293.5,1,293.5,6,294.0,42,2,2022-09-12 09:25:09
1662974710452695000,294.0,1,293.5,6,294.0,41,1,2022-09-12 09:25:10
1662974711561106000,294.0,2,293.5,7,294.0,41,1,2022-09-12 09:25:11
1662974711798330000,294.0,1,293.5,7,294.0,38,1,2022-09-12 09:25:11
1662974712418067000,294.0,1,293.5,7,294.0,37,1,2022-09-12 09:25:12
1662974712911256000,294.0,2,293.5,7,294.0,35,1,2022-09-12 09:25:12
1662974715277418000,293.5,8,293.0,10,294.0,27,2,2022-09-12 09:25:15
1662974715326126000,293.5,1,293.0,10,294.0,28,1,2022-09-12 09:25:15
1662974715579039000,293.0,1,293.0,8,294.0,28,2,2022-09-12 09:25:15
1662974716001012000,294.0,5,293.0,8,294.0,23,1,2022-09-12 09:25:16
1662974716347854000,294.0,1,293.0,9,294.0,22,1,2022-09-12 09:25:16
1662974717136948000,294.0,1,293.0,9,294.0,19,1,2022-09-12 09:25:17
1662974717878518000,294.0,1,293.5,3,294.0,18,1,2022-09-12 09:25:17
1662974718168422000,294.0,1,293.5,3,294.0,17,1,2022-09-12 09:25:18
1662974718530615000,294.0,1,293.5,3,294.0,16,1,2022-09-12 09:25:18
1662974718678154000,294.0,1,293.5,3,294.0,15,1,2022-09-12 09:25:18
1662974718779451000,294.0,2,293.5,3,294.0,13,1,2022-09-12 09:25:18
1662974718994452000,294.0,1,293.5,3,294.0,12,1,2022-09-12 09:25:18
1662974719501101000,294.0,1,293.5,3,294.0,13,1,2022-09-12 09:25:19
1662974719756362000,294.0,1,293.5,3,294.0,11,1,2022-09-12 09:25:19
1662974719910808000,294.0,5,293.5,3,294.0,6,1,2022-09-12 09:25:19
1662974719944793000,294.0,4,293.5,5,294.0,2,1,2022-09-12 09:25:19
1662974719973959000,294.0,1,293.5,5,294.0,1,1,2022-09-12 09:25:19
1662974719974057000,294.0,1,293.5,5,294.5,34,1,2022-09-12 09:25:19
1662974721049649000,294.0,2,294.0,2,294.5,33,2,2022-09-12 09:25:21
1662974723391334000,294.0,1,294.0,3,294.5,33,2,2022-09-12 09:25:23
1662974723702281000,294.0,1,294.0,2,294.5,33,2,2022-09-12 09:25:23
1662974724213606000,294.0,1,294.0,1,294.5,34,2,2022-09-12 09:25:24
1662974724484008000,294.0,1,293.5,4,294.5,34,2,2022-09-12 09:25:24
1662974725495195000,294.0,1,294.0,1,294.5,34,2,2022-09-12 09:25:25
1662974725616424000,294.0,1,293.5,5,294.5,34,2,2022-09-12 09:25:25
1662974726516168000,294.0,1,293.5,5,294.0,4,2,2022-09-12 09:25:26
1662974726797188000,293.5,2,292.0,39,294.0,4,2,2022-09-12 09:25:26
1662974726797188000,293.0,10,292.0,39,294.0,4,2,2022-09-12 09:25:26
1662974726797188000,292.5,10,292.0,39,294.0,4,2,2022-09-12 09:25:26
1662974728110293000,293.5,4,292.5,2,293.5,1,1,2022-09-12 09:25:28
1662974733140915000,293.0,1,292.5,2,293.5,2,1,2022-09-12 09:25:33
1662974735636540000,293.0,1,292.5,4,293.5,4,1,2022-09-12 09:25:35
1662974736529860000,293.0,1,293.0,1,293.5,5,2,2022-09-12 09:25:36
1662974736560090000,293.0,1,292.5,4,293.5,5,2,2022-09-12 09:25:36
1662974736686840000,293.0,1,292.5,4,293.5,5,2,2022-09-12 09:25:36
1662974739491527000,293.0,1,293.0,1,293.5,6,2,2022-09-12 09:25:39
1662974741805305000,293.0,1,292.5,4,293.0,1,1,2022-09-12 09:25:41
1662974745646727000,293.0,1,292.5,5,293.0,3,1,2022-09-12 09:25:45
1662974746562135000,293.0,1,292.5,6,293.5,5,1,2022-09-12 09:25:46
1662974747048505000,293.5,1,292.5,5,293.5,4,1,2022-09-12 09:25:47
1662974751132912000,293.0,1,292.5,7,293.0,1,1,2022-09-12 09:25:51
1662974751945756000,292.5,4,292.5,1,293.0,5,2,2022-09-12 09:25:51
1662974751976202000,292.5,1,292.0,17,293.0,5,2,2022-09-12 09:25:51
1662974755340071000,292.0,1,292.0,16,292.5,4,2,2022-09-12 09:25:55
1662974755681296000,292.0,2,292.0,14,292.5,4,2,2022-09-12 09:25:55
1662974768970563000,292.5,1,292.0,13,292.5,3,1,2022-09-12 09:26:08
1662974772433050000,292.0,2,292.0,11,292.5,3,2,2022-09-12 09:26:12
1662974773640854000,292.0,10,292.0,1,292.5,4,2,2022-09-12 09:26:13
1662974773675532000,292.0,1,291.5,8,292.5,5,2,2022-09-12 09:26:13
1662974774892281000,292.0,1,291.5,8,292.0,4,1,2022-09-12 09:26:14
1662974778627501000,292.0,1,291.5,6,292.0,4,1,2022-09-12 09:26:18
1662974782628841000,292.0,1,291.5,7,292.0,8,1,2022-09-12 09:26:22
1662974782666485000,291.5,1,291.5,6,292.0,8,2,2022-09-12 09:26:22
1662974786887701000,291.5,1,291.5,6,292.0,12,2,2022-09-12 09:26:26
1662974797742430000,291.5,1,291.5,7,292.0,14,2,2022-09-12 09:26:37
1662974798348394000,291.5,1,291.5,6,292.0,14,2,2022-09-12 09:26:38
1662974798388504000,291.5,1,291.5,6,292.0,14,2,2022-09-12 09:26:38
1662974800717210000,291.5,1,291.5,6,292.0,14,2,2022-09-12 09:26:40
1662974804821895000,291.5,1,291.5,9,292.0,13,2,2022-09-12 09:26:44
1662974806142739000,291.5,1,291.5,10,292.0,13,2,2022-09-12 09:26:46
1662974811079278000,292.0,1,291.5,10,292.0,12,1,2022-09-12 09:26:51
1662974816648519000,291.5,1,291.5,10,292.0,13,2,2022-09-12 09:26:56
1662974816881034000,291.5,1,291.5,9,292.0,13,2,2022-09-12 09:26:56
1662974824186671000,291.5,3,291.5,9,292.0,15,2,2022-09-12 09:27:04
1662974824242488000,291.5,1,291.5,8,292.0,15,2,2022-09-12 09:27:04
1662974824274107000,291.5,1,291.5,7,292.0,15,2,2022-09-12 09:27:04
1662974824274111000,291.5,1,291.5,6,292.0,15,2,2022-09-12 09:27:04
1662974824301494000,291.5,6,291.0,31,292.0,16,2,2022-09-12 09:27:04
1662974833480584000,291.5,1,291.0,30,291.5,3,1,2022-09-12 09:27:13
1662974833640999000,291.5,1,291.0,30,291.5,2,1,2022-09-12 09:27:13
1662974835815028000,291.5,1,291.0,31,291.5,1,1,2022-09-12 09:27:15
1662974837368691000,291.5,1,291.0,31,292.0,15,1,2022-09-12 09:27:17
1662974845998731000,291.5,3,291.5,2,292.0,17,2,2022-09-12 09:27:25
1662974846072911000,291.5,2,291.5,1,292.0,18,2,2022-09-12 09:27:26
1662974861360814000,292.0,2,291.5,5,292.0,19,1,2022-09-12 09:27:41
1662974861723068000,291.5,1,291.5,4,292.0,18,2,2022-09-12 09:27:41
1662974863523757000,291.5,5,291.0,33,292.0,18,2,2022-09-12 09:27:43
1662974873766407000,291.5,1,291.0,32,291.5,7,1,2022-09-12 09:27:53
1662974874598458000,291.5,4,291.0,32,291.5,2,1,2022-09-12 09:27:54
1662974877952550000,291.5,1,291.0,33,291.5,2,1,2022-09-12 09:27:57
1662974886422334000,291.5,1,291.0,33,291.5,5,1,2022-09-12 09:28:06
1662974893714990000,291.5,1,291.0,32,291.5,7,1,2022-09-12 09:28:13
1662974896144872000,291.5,1,291.0,33,291.5,5,1,2022-09-12 09:28:16
1662974898811894000,291.5,5,291.0,32,291.5,2,1,2022-09-12 09:28:18
1662974901430711000,291.5,2,291.0,35,292.0,16,1,2022-09-12 09:28:21
1662974918747401000,292.0,1,291.5,9,292.0,16,1,2022-09-12 09:28:38
1662974930082895000,292.0,1,291.5,13,292.0,15,1,2022-09-12 09:28:50
1662974930872375000,292.0,1,291.5,14,292.0,14,1,2022-09-12 09:28:50
1662974930934350000,292.0,3,291.5,15,292.0,11,1,2022-09-12 09:28:50
1662974930934548000,292.0,5,291.5,16,292.0,6,1,2022-09-12 09:28:50
1662974930964588000,292.0,6,291.5,17,292.5,6,1,2022-09-12 09:28:50
1662974933286426000,292.5,1,292.0,2,292.5,5,1,2022-09-12 09:28:53
1662974933502520000,292.5,1,292.0,2,292.5,4,1,2022-09-12 09:28:53
1662974938434725000,292.5,3,292.0,2,292.5,1,1,2022-09-12 09:28:58
1662974938629224000,292.5,1,292.0,5,293.0,10,1,2022-09-12 09:28:58
1662974942939621000,292.5,2,292.0,11,292.5,1,2,2022-09-12 09:29:02
1662974946391163000,292.5,1,292.0,7,292.5,3,1,2022-09-12 09:29:06
1662974947688254000,292.5,1,292.0,8,292.5,2,1,2022-09-12 09:29:07
1662974950533464000,292.5,1,292.0,8,292.5,2,1,2022-09-12 09:29:10
1662974950676101000,292.5,1,292.0,8,292.5,1,1,2022-09-12 09:29:10
1662974951403214000,292.5,1,292.0,9,293.0,10,1,2022-09-12 09:29:11
1662974953183187000,292.5,1,292.0,8,293.0,12,2,2022-09-12 09:29:13
1662974964978568000,293.0,1,292.0,8,293.0,12,1,2022-09-12 09:29:24
1662974972668775000,292.5,1,292.5,1,293.0,11,2,2022-09-12 09:29:32
1662974983773932000,292.5,1,292.5,1,293.0,11,2,2022-09-12 09:29:43
1662974984640498000,292.5,1,292.0,14,293.0,13,2,2022-09-12 09:29:44
1662974988171266000,292.5,2,292.0,13,293.0,13,1,2022-09-12 09:29:48
1662974994738519000,292.5,1,292.0,13,293.0,16,1,2022-09-12 09:29:54
1662974998642606000,292.5,1,292.0,13,292.5,5,1,2022-09-12 09:29:58
1662975000633631000,292.5,1,292.0,15,292.5,5,1,2022-09-12 09:30:00
1662975002275189000,292.5,1,292.0,16,292.5,4,1,2022-09-12 09:30:02
1662975002808196000,292.5,1,292.0,16,292.5,3,1,2022-09-12 09:30:02
1662975003580592000,292.5,1,292.0,17,292.5,4,1,2022-09-12 09:30:03
1662975011167825000,292.5,2,292.0,15,292.5,5,1,2022-09-12 09:30:11
1662975017925981000,292.0,1,292.0,16,292.5,5,2,2022-09-12 09:30:17
1662975018915944000,292.5,1,292.0,16,292.5,5,1,2022-09-12 09:30:18
1662975021972916000,292.5,1,292.0,16,292.5,3,1,2022-09-12 09:30:21
1662975024047317000,292.5,1,292.0,16,292.5,2,1,2022-09-12 09:30:24
1662975024298261000,292.5,2,292.0,17,293.0,14,1,2022-09-12 09:30:24
1662975025538057000,292.5,1,292.0,17,293.0,15,2,2022-09-12 09:30:25
1662975032919003000,292.5,1,292.5,1,293.0,15,2,2022-09-12 09:30:32
1662975039463064000,292.5,1,292.5,2,293.0,20,2,2022-09-12 09:30:39
1662975039581777000,292.5,2,292.0,21,293.0,20,2,2022-09-12 09:30:39
1662975042101889000,292.5,1,292.0,21,293.0,21,2,2022-09-12 09:30:42
1662975044380011000,292.5,1,292.0,21,293.0,21,1,2022-09-12 09:30:44
1662975047793898000,293.0,1,292.0,21,293.0,20,1,2022-09-12 09:30:47
1662975062001359000,293.0,1,292.5,6,293.0,22,1,2022-09-12 09:31:02
1662975065813004000,293.0,5,292.5,6,293.0,17,1,2022-09-12 09:31:05
1662975066581973000,293.0,1,292.5,8,293.0,14,1,2022-09-12 09:31:06
1662975068075984000,293.0,5,292.5,8,293.0,9,1,2022-09-12 09:31:08
1662975068739935000,293.0,1,292.5,8,293.0,18,1,2022-09-12 09:31:08
1662975072870469000,293.0,10,292.5,12,293.0,8,1,2022-09-12 09:31:12
1662975074137990000,293.0,2,292.5,14,293.0,6,1,2022-09-12 09:31:14
1662975075278995000,293.0,5,292.5,16,293.0,1,1,2022-09-12 09:31:15
1662975075525569000,293.0,1,292.5,16,293.0,1,1,2022-09-12 09:31:15
1662975076230768000,293.0,1,292.5,16,293.5,12,1,2022-09-12 09:31:16
1662975076290178000,293.5,1,292.5,17,293.5,12,1,2022-09-12 09:31:16
1662975078105191000,293.5,5,293.0,7,293.5,6,1,2022-09-12 09:31:18
1662975079229484000,293.5,1,293.0,9,293.5,6,1,2022-09-12 09:31:19
1662975080599313000,293.5,1,293.0,10,293.5,4,1,2022-09-12 09:31:20
1662975081377865000,293.5,1,293.0,10,293.5,3,1,2022-09-12 09:31:21
1662975081818628000,293.5,1,293.0,10,293.5,2,1,2022-09-12 09:31:21
1662975082037878000,293.5,1,293.0,11,293.5,1,1,2022-09-12 09:31:22
1662975082831042000,293.5,1,293.0,11,294.0,47,1,2022-09-12 09:31:22
1662975095953613000,294.0,1,293.5,12,294.0,46,1,2022-09-12 09:31:35
1662975096725787000,294.0,1,293.5,12,294.0,45,1,2022-09-12 09:31:36
1662975098015775000,294.0,1,293.5,12,294.0,43,1,2022-09-12 09:31:38
1662975100991253000,294.0,1,293.5,12,294.0,40,1,2022-09-12 09:31:40
1662975102525538000,294.0,2,293.5,12,294.0,38,1,2022-09-12 09:31:42
1662975106107945000,294.0,1,293.5,15,294.0,34,1,2022-09-12 09:31:46
1662975106263468000,294.0,3,293.5,14,294.0,30,1,2022-09-12 09:31:46
1662975107791792000,293.5,1,293.5,13,294.0,29,2,2022-09-12 09:31:47
1662975110231521000,293.5,3,293.5,10,294.0,30,2,2022-09-12 09:31:50
1662975110255625000,293.5,5,293.5,5,294.0,30,2,2022-09-12 09:31:50
1662975110286130000,293.5,3,293.5,1,294.0,30,2,2022-09-12 09:31:50
1662975110286495000,293.5,1,293.0,7,294.0,30,2,2022-09-12 09:31:50
1662975110820441000,293.0,1,293.0,5,293.5,3,2,2022-09-12 09:31:50
1662975111118755000,293.5,1,293.0,4,293.5,3,1,2022-09-12 09:31:51
1662975112202017000,293.0,4,292.5,13,293.0,1,2,2022-09-12 09:31:52
1662975112794970000,293.0,1,292.5,12,293.5,1,1,2022-09-12 09:31:52
1662975112794970000,293.5,4,292.5,12,293.5,1,1,2022-09-12 09:31:52
1662975117819958000,293.0,1,293.0,4,293.5,6,2,2022-09-12 09:31:57
1662975124163287000,293.0,5,293.0,1,293.5,9,2,2022-09-12 09:32:04
1662975124199205000,293.0,1,292.5,14,293.5,9,2,2022-09-12 09:32:04
1662975126760623000,293.0,1,292.5,14,293.0,3,1,2022-09-12 09:32:06
1662975127668909000,293.0,1,292.5,14,293.0,5,1,2022-09-12 09:32:07
1662975128272705000,293.0,5,293.0,5,293.5,12,1,2022-09-12 09:32:08
1662975128303238000,293.0,1,293.0,5,293.5,13,2,2022-09-12 09:32:08
1662975128974123000,293.0,4,292.5,14,293.0,9,2,2022-09-12 09:32:08
1662975131023244000,293.0,1,292.5,14,293.0,9,1,2022-09-12 09:32:11
1662975138672726000,293.0,1,292.5,18,293.0,12,1,2022-09-12 09:32:18
1662975143230092000,292.5,4,292.5,14,293.0,13,2,2022-09-12 09:32:23
1662975146663561000,293.0,2,292.5,14,293.0,13,1,2022-09-12 09:32:26
1662975148319766000,293.0,1,292.5,15,293.0,11,1,2022-09-12 09:32:28
1662975149052286000,293.0,1,292.5,15,293.0,12,1,2022-09-12 09:32:29
1662975150935981000,293.0,1,292.5,15,293.0,11,1,2022-09-12 09:32:30
1662975159035803000,293.0,1,292.5,15,293.0,10,1,2022-09-12 09:32:39
1662975159927684000,293.0,2,292.5,15,293.0,7,1,2022-09-12 09:32:39
1662975159953467000,292.5,1,292.5,16,293.0,7,2,2022-09-12 09:32:39
1662975160699355000,293.0,1,292.5,15,293.0,6,1,2022-09-12 09:32:40
1662975164756730000,293.0,5,292.5,16,293.0,1,1,2022-09-12 09:32:44
1662975168799129000,293.0,1,292.5,16,293.0,1,1,2022-09-12 09:32:48
1662975169814657000,293.0,1,292.5,16,293.0,1,1,2022-09-12 09:32:49
1662975169958106000,293.0,1,292.5,16,293.5,13,1,2022-09-12 09:32:49
1662975174260092000,293.5,1,292.5,17,293.5,12,1,2022-09-12 09:32:54
1662975174545817000,293.0,1,292.5,18,293.5,12,1,2022-09-12 09:32:54
1662975176886310000,292.5,3,292.5,14,293.5,12,2,2022-09-12 09:32:56
1662975184163463000,293.5,1,292.5,12,293.5,14,1,2022-09-12 09:33:04
1662975198120454000,293.5,1,292.5,13,293.5,14,1,2022-09-12 09:33:18
1662975206244299000,293.0,1,293.0,2,293.5,14,2,2022-09-12 09:33:26
1662975207464340000,293.5,1,293.0,2,293.5,14,1,2022-09-12 09:33:27
1662975211447220000,293.5,1,293.0,3,293.5,13,1,2022-09-12 09:33:31
1662975213989288000,293.0,1,293.0,2,293.5,11,2,2022-09-12 09:33:33
1662975217783321000,293.5,1,293.0,4,293.5,13,1,2022-09-12 09:33:37
1662975232846100000,293.0,1,293.0,3,293.5,15,2,2022-09-12 09:33:52
1662975232881685000,293.0,3,292.5,14,293.5,15,2,2022-09-12 09:33:52
1662975243474080000,293.0,2,292.5,15,293.5,14,1,2022-09-12 09:34:03
1662975244230491000,293.0,1,292.5,16,293.5,14,1,2022-09-12 09:34:04
1662975246675321000,293.0,2,292.5,15,293.5,14,1,2022-09-12 09:34:06
1662975246707574000,293.5,4,292.5,15,293.5,9,1,2022-09-12 09:34:06
1662975247788102000,293.5,1,293.0,2,293.5,8,1,2022-09-12 09:34:07
1662975248001789000,293.5,1,293.0,2,293.5,7,1,2022-09-12 09:34:08
1662975248028013000,293.5,7,293.0,3,294.0,37,1,2022-09-12 09:34:08
1662975248281182000,294.0,1,293.0,7,294.0,35,1,2022-09-12 09:34:08
1662975249213578000,293.5,1,293.0,5,294.0,35,2,2022-09-12 09:34:09
1662975249226807000,294.0,5,293.0,5,294.0,30,1,2022-09-12 09:34:09
1662975249460276000,294.0,10,293.5,2,294.0,20,1,2022-09-12 09:34:09
1662975249492746000,294.0,12,293.5,4,294.0,8,1,2022-09-12 09:34:09
1662975249523463000,294.0,6,293.5,5,294.0,2,1,2022-09-12 09:34:09
1662975249544093000,294.0,1,293.5,5,294.0,1,1,2022-09-12 09:34:09
1662975249554756000,294.0,1,293.5,5,294.5,58,1,2022-09-12 09:34:09
1662975249607224000,294.5,1,294.0,2,294.5,57,1,2022-09-12 09:34:09
1662975249904517000,294.5,2,294.0,5,294.5,55,1,2022-09-12 09:34:09
1662975249945370000,294.5,1,294.0,5,294.5,54,1,2022-09-12 09:34:09
1662975250328023000,294.5,1,294.0,5,294.5,53,1,2022-09-12 09:34:10
1662975250625622000,294.5,1,294.0,5,294.5,52,1,2022-09-12 09:34:10
1662975250842756000,294.5,5,294.0,5,294.5,47,1,2022-09-12 09:34:10
1662975250888650000,294.5,1,294.0,5,294.5,46,1,2022-09-12 09:34:10
1662975250937949000,294.5,10,294.0,5,294.5,36,1,2022-09-12 09:34:10
1662975251172060000,294.5,1,294.0,5,294.5,35,1,2022-09-12 09:34:11
1662975251279976000,294.5,10,294.0,5,294.5,25,1,2022-09-12 09:34:11
1662975251314995000,294.5,13,294.0,5,294.5,12,1,2022-09-12 09:34:11
1662975251345594000,294.5,11,294.0,5,294.5,1,1,2022-09-12 09:34:11
1662975251364753000,294.5,1,294.0,5,295.0,108,1,2022-09-12 09:34:11
1662975252183251000,295.0,1,294.5,11,295.0,107,1,2022-09-12 09:34:12
1662975252389826000,295.0,1,294.5,14,295.0,106,1,2022-09-12 09:34:12
1662975252407242000,295.0,1,294.5,14,295.0,105,1,2022-09-12 09:34:12
1662975252547828000,295.0,1,294.5,14,295.0,107,1,2022-09-12 09:34:12
1662975253421305000,295.0,2,294.5,16,295.0,102,1,2022-09-12 09:34:13
1662975254386011000,295.0,5,294.5,11,295.0,97,1,2022-09-12 09:34:14
1662975254459931000,295.0,1,294.5,11,295.0,96,1,2022-09-12 09:34:14
1662975255247064000,295.0,1,294.5,11,295.0,95,1,2022-09-12 09:34:15
1662975255360069000,295.0,1,294.5,11,295.0,94,1,2022-09-12 09:34:15
1662975255991631000,295.0,1,294.5,8,295.0,93,1,2022-09-12 09:34:15
1662975256458622000,295.0,1,294.5,8,295.0,92,1,2022-09-12 09:34:16
1662975259154388000,295.0,1,294.5,5,295.0,89,1,2022-09-12 09:34:19
1662975259845744000,295.0,1,294.5,4,295.0,89,1,2022-09-12 09:34:19
1662975261603700000,295.0,1,294.5,6,295.0,88,1,2022-09-12 09:34:21
1662975262920167000,294.5,2,294.5,3,295.0,88,2,2022-09-12 09:34:22
1662975263015416000,294.5,3,294.0,1,295.0,88,2,2022-09-12 09:34:23
1662975263688029000,294.5,1,294.0,1,295.0,88,1,2022-09-12 09:34:23
1662975263851391000,294.0,1,293.5,3,294.5,1,2,2022-09-12 09:34:23
1662975264638552000,294.5,1,293.5,1,294.5,5,1,2022-09-12 09:34:24
1662975267147972000,293.5,1,293.5,1,294.0,5,2,2022-09-12 09:34:27
1662975268025440000,294.0,1,293.5,2,294.0,5,1,2022-09-12 09:34:28
1662975268276458000,293.5,1,293.5,2,294.0,4,2,2022-09-12 09:34:28
1662975278906421000,294.0,1,293.5,7,294.0,7,1,2022-09-12 09:34:38
1662975283093015000,294.0,1,293.5,12,294.0,7,1,2022-09-12 09:34:43
1662975283623888000,294.0,1,293.5,12,294.0,6,1,2022-09-12 09:34:43
1662975284428890000,294.0,1,293.5,13,294.0,5,1,2022-09-12 09:34:44
1662975285365836000,294.0,2,293.5,14,294.0,3,1,2022-09-12 09:34:45
1662975285398060000,294.0,3,293.5,14,294.5,6,1,2022-09-12 09:34:45
1662975285401666000,293.5,1,293.5,13,294.5,6,2,2022-09-12 09:34:45
1662975295412652000,294.5,9,294.5,6,295.0,92,1,2022-09-12 09:34:55
1662975295455034000,294.5,1,294.5,5,295.0,92,2,2022-09-12 09:34:55
1662975295501582000,295.0,1,294.5,5,295.0,92,1,2022-09-12 09:34:55
1662975296494484000,294.5,1,294.5,4,295.0,91,2,2022-09-12 09:34:56
1662975296675158000,295.0,1,294.5,4,295.0,91,1,2022-09-12 09:34:56
1662975296969049000,295.0,1,294.5,4,295.0,89,1,2022-09-12 09:34:56
1662975297232619000,294.5,1,294.5,3,295.0,89,2,2022-09-12 09:34:57
1662975298339712000,295.0,3,294.5,4,295.0,86,1,2022-09-12 09:34:58
1662975298894915000,294.5,1,294.5,3,295.0,86,2,2022-09-12 09:34:58
1662975300569609000,295.0,1,294.5,3,295.0,85,1,2022-09-12 09:35:00
1662975302667768000,294.5,1,294.5,2,295.0,84,2,2022-09-12 09:35:02
1662975302949531000,295.0,1,294.5,2,295.0,83,1,2022-09-12 09:35:02
1662975303219191000,295.0,1,294.5,2,295.0,81,1,2022-09-12 09:35:03
1662975304680097000,294.5,1,294.5,1,295.0,81,2,2022-09-12 09:35:04
1662975309751261000,294.5,1,294.5,8,295.0,71,2,2022-09-12 09:35:09
1662975309855957000,295.0,1,294.5,8,295.0,73,1,2022-09-12 09:35:09
1662975317665046000,295.0,1,294.5,11,295.0,70,1,2022-09-12 09:35:17
