ts,close,volume,bid_price,bid_volume,ask_price,ask_volume,tick_type,datetime
1649926814542107000,36.95,437,36.9,1,36.95,9,0,2022-04-14 09:00:14
1649926815288190000,36.95,5,36.9,1,36.95,4,1,2022-04-14 09:00:15
1649926815385721000,36.95,3,36.9,1,36.95,1,1,2022-04-14 09:00:15
1649926815400548000,36.9,1,36.7,9,36.95,1,2,2022-04-14 09:00:15
1649926815400548000,36.85,2,36.7,9,36.95,1,2,2022-04-14 09:00:15
1649926815400548000,36.8,9,36.7,9,36.95,1,2,2022-04-14 09:00:15
1649926815400548000,36.7,1,36.7,9,36.95,1,2,2022-04-14 09:00:15
1649926815408719000,36.7,2,36.7,7,36.95,1,2,2022-04-14 09:00:15
1649926815420826000,36.95,1,36.7,7,37.0,6,1,2022-04-14 09:00:15
1649926817436694000,36.7,1,36.7,6,36.95,7,2,2022-04-14 09:00:17
1649926818061392000,36.7,3,36.7,3,36.9,5,2,2022-04-14 09:00:18
1649926818079140000,36.7,2,36.7,1,36.9,5,2,2022-04-14 09:00:18
1649926818320028000,36.7,1,36.55,1,36.6,21,2,2022-04-14 09:00:18
1649926818320028000,36.6,5,36.55,1,36.6,21,2,2022-04-14 09:00:18
1649926818343839000,36.6,21,36.55,1,36.95,7,1,2022-04-14 09:00:18
1649926818366107000,36.55,1,36.5,3,36.95,7,2,2022-04-14 09:00:18
1649926818397444000,36.9,2,36.6,1,36.9,3,1,2022-04-14 09:00:18
1649926818820387000,36.9,1,36.65,2,36.9,2,1,2022-04-14 09:00:18
1649926819368698000,36.9,1,36.65,3,36.9,1,1,2022-04-14 09:00:19
1649926819384269000,36.9,1,36.65,3,36.95,7,1,2022-04-14 09:00:19
1649926820350170000,36.7,1,36.65,5,36.95,7,2,2022-04-14 09:00:20
1649926823450387000,36.9,1,36.7,1,36.95,6,1,2022-04-14 09:00:23
1649926823450387000,36.95,1,36.7,1,36.95,6,1,2022-04-14 09:00:23
1649926824309319000,36.7,1,36.65,5,36.7,1,2,2022-04-14 09:00:24
1649926824346609000,36.7,1,36.65,5,36.95,6,1,2022-04-14 09:00:24
1649926828490752000,36.65,5,36.5,4,36.95,7,2,2022-04-14 09:00:28
1649926831943028000,36.5,1,36.5,2,36.95,7,2,2022-04-14 09:00:31
1649926833743700000,36.65,1,36.65,2,36.9,6,2,2022-04-14 09:00:33
1649926833907219000,36.65,2,36.5,2,36.9,6,2,2022-04-14 09:00:33
1649926834389767000,36.75,1,36.55,1,36.9,6,2,2022-04-14 09:00:34
1649926838301194000,36.75,1,36.65,1,36.8,1,2,2022-04-14 09:00:38
1649926838331934000,36.65,1,36.55,1,36.8,1,2,2022-04-14 09:00:38
1649926838436321000,36.55,1,36.5,2,36.8,1,2,2022-04-14 09:00:38
1649926840156244000,36.75,1,36.5,2,36.8,2,2,2022-04-14 09:00:40
1649926841964306000,36.5,1,36.5,1,36.65,7,2,2022-04-14 09:00:41
1649926842007015000,36.5,1,36.35,2,36.65,7,2,2022-04-14 09:00:42
1649926843823652000,36.5,1,36.35,1,36.65,7,2,2022-04-14 09:00:43
1649926844240659000,36.55,1,36.35,1,36.6,5,2,2022-04-14 09:00:44
1649926846774251000,36.5,10,36.5,15,36.65,7,2,2022-04-14 09:00:46
1649926847233198000,36.55,1,36.5,15,36.65,7,1,2022-04-14 09:00:47
1649926847707772000,36.5,1,36.5,14,36.65,7,2,2022-04-14 09:00:47
1649926847729546000,36.5,14,36.35,1,36.65,7,2,2022-04-14 09:00:47
1649926848822749000,36.35,1,36.3,20,36.6,6,2,2022-04-14 09:00:48
1649926848966846000,36.3,4,36.3,16,36.6,6,2,2022-04-14 09:00:48
1649926849492756000,36.55,3,36.3,16,36.6,6,2,2022-04-14 09:00:49
1649926849537471000,36.55,1,36.3,16,36.55,4,1,2022-04-14 09:00:49
1649926850500623000,36.55,1,36.55,4,36.6,5,1,2022-04-14 09:00:50
1649926850531970000,36.55,3,36.55,1,36.6,5,2,2022-04-14 09:00:50
1649926850562583000,36.55,1,36.4,2,36.6,1,2,2022-04-14 09:00:50
1649926851230717000,36.6,1,36.55,1,36.65,5,1,2022-04-14 09:00:51
1649926851230717000,36.65,2,36.55,1,36.65,5,1,2022-04-14 09:00:51
1649926853500495000,36.65,1,36.55,1,36.65,6,1,2022-04-14 09:00:53
1649926853811090000,36.55,1,36.4,2,36.65,6,2,2022-04-14 09:00:53
1649926854061398000,36.4,1,36.4,1,36.65,6,2,2022-04-14 09:00:54
1649926854956467000,36.4,1,36.35,1,36.65,6,2,2022-04-14 09:00:54
1649926857863519000,36.5,1,36.5,1,36.65,16,2,2022-04-14 09:00:57
1649926858647195000,36.5,1,36.35,1,36.65,16,2,2022-04-14 09:00:58
1649926858801875000,36.35,2,36.3,16,36.65,16,2,2022-04-14 09:00:58
1649926860489857000,36.5,1,36.45,1,36.65,16,2,2022-04-14 09:01:00
1649926864270705000,36.5,1,36.45,1,36.65,16,2,2022-04-14 09:01:04
1649926865318415000,36.5,1,36.45,1,36.55,6,2,2022-04-14 09:01:05
1649926867682088000,36.5,2,36.45,1,36.55,6,2,2022-04-14 09:01:07
1649926868192492000,36.45,1,36.35,2,36.5,2,2,2022-04-14 09:01:08
1649926868639084000,36.35,1,36.35,1,36.5,2,2,2022-04-14 09:01:08
1649926868801193000,36.35,1,36.3,18,36.5,2,2,2022-04-14 09:01:08
1649926868860563000,36.5,1,36.3,18,36.5,6,1,2022-04-14 09:01:08
1649926869849438000,36.45,1,36.4,2,36.5,3,2,2022-04-14 09:01:09
1649926869925489000,36.5,1,36.4,2,36.5,2,1,2022-04-14 09:01:09
1649926869951993000,36.5,2,36.4,2,36.55,6,1,2022-04-14 09:01:09
1649926871145052000,36.4,1,36.4,1,36.55,6,2,2022-04-14 09:01:11
1649926871584850000,36.4,1,36.3,14,36.5,1,2,2022-04-14 09:01:11
1649926871584850000,36.3,4,36.3,14,36.5,1,2,2022-04-14 09:01:11
1649926873852746000,36.45,2,36.4,5,36.5,1,2,2022-04-14 09:01:13
1649926880460340000,36.4,5,36.4,1,36.55,7,2,2022-04-14 09:01:20
1649926880501701000,36.4,1,36.3,15,36.55,7,2,2022-04-14 09:01:20
1649926880869600000,36.5,3,36.3,15,36.5,3,1,2022-04-14 09:01:20
1649926883848826000,36.45,2,36.35,2,36.55,9,2,2022-04-14 09:01:23
1649926883992685000,36.5,1,36.35,2,36.55,9,2,2022-04-14 09:01:23
1649926884436155000,36.55,9,36.6,1,36.65,16,1,2022-04-14 09:01:24
1649926884471618000,36.6,1,36.35,2,36.65,16,2,2022-04-14 09:01:24
1649926893636671000,36.5,2,36.45,3,36.65,17,2,2022-04-14 09:01:33
1649926900786186000,36.5,1,36.45,3,36.6,16,2,2022-04-14 09:01:40
1649926900815294000,36.45,3,36.4,1,36.6,16,2,2022-04-14 09:01:40
1649926903100329000,36.6,3,36.4,1,36.6,14,1,2022-04-14 09:01:43
1649926905161561000,36.6,1,36.45,1,36.6,13,1,2022-04-14 09:01:45
1649926909032649000,36.5,5,36.45,1,36.6,13,2,2022-04-14 09:01:49
1649926913267104000,36.5,1,36.45,1,36.6,14,1,2022-04-14 09:01:53
1649926915148386000,36.45,1,36.4,4,36.5,5,2,2022-04-14 09:01:55
1649926916666067000,36.4,1,36.4,3,36.5,5,2,2022-04-14 09:01:56
1649926917512660000,36.45,1,36.4,3,36.5,6,2,2022-04-14 09:01:57
1649926920882140000,36.5,5,36.45,1,36.5,1,1,2022-04-14 09:02:00
1649926922937428000,36.45,2,36.45,19,36.5,1,2,2022-04-14 09:02:02
1649926923075818000,36.45,1,36.45,18,36.5,1,2,2022-04-14 09:02:03
1649926924192839000,36.45,1,36.45,17,36.5,1,2,2022-04-14 09:02:04
1649926924260265000,36.45,1,36.45,16,36.5,1,2,2022-04-14 09:02:04
1649926925005070000,36.5,1,36.45,16,36.55,1,1,2022-04-14 09:02:05
1649926930487183000,36.5,10,36.5,7,36.55,1,2,2022-04-14 09:02:10
1649926930512264000,36.5,7,36.45,1,36.55,1,2,2022-04-14 09:02:10
1649926941957286000,36.5,1,36.45,1,36.55,3,2,2022-04-14 09:02:21
1649926942529280000,36.45,1,36.4,3,36.5,3,2,2022-04-14 09:02:22
1649926942784680000,36.55,1,36.4,3,36.55,12,1,2022-04-14 09:02:22
1649926956704637000,36.55,16,36.55,4,36.6,12,1,2022-04-14 09:02:36
1649926957213885000,36.55,1,36.55,3,36.6,12,2,2022-04-14 09:02:37
1649926967520513000,36.6,5,36.55,5,36.6,7,1,2022-04-14 09:02:47
1649926969298387000,36.6,6,36.55,5,36.6,1,1,2022-04-14 09:02:49
1649926969318722000,36.6,1,36.55,5,36.65,13,1,2022-04-14 09:02:49
1649926976063764000,36.6,1,36.55,5,36.6,3,2,2022-04-14 09:02:56
1649926977402555000,36.6,1,36.55,6,36.6,2,1,2022-04-14 09:02:57
1649926980195671000,36.6,3,36.6,2,36.65,14,1,2022-04-14 09:03:00
1649926981463410000,36.6,1,36.6,1,36.65,14,2,2022-04-14 09:03:01
1649926982772969000,36.65,8,36.6,1,36.65,6,1,2022-04-14 09:03:02
1649926982822906000,36.6,1,36.55,6,36.65,6,2,2022-04-14 09:03:02
1649926987776580000,36.65,3,36.55,6,36.65,3,1,2022-04-14 09:03:07
1649926992610705000,36.6,1,36.55,5,36.6,2,2,2022-04-14 09:03:12
1649926996296505000,36.55,7,36.5,7,36.6,14,2,2022-04-14 09:03:16
1649926996327773000,36.5,6,36.5,1,36.55,3,2,2022-04-14 09:03:16
1649926996357896000,36.5,1,36.45,3,36.55,3,2,2022-04-14 09:03:16
1649926997871395000,36.55,1,36.45,8,36.55,2,1,2022-04-14 09:03:17
1649926998883087000,36.55,1,36.45,8,36.55,1,1,2022-04-14 09:03:18
1649927007572074000,36.5,6,36.45,5,36.55,2,2,2022-04-14 09:03:27
1649927007572074000,36.45,4,36.45,5,36.55,2,2,2022-04-14 09:03:27
1649927011188759000,36.45,1,36.45,4,36.5,1,2,2022-04-14 09:03:31
1649927011222481000,36.45,4,36.4,13,36.5,1,2,2022-04-14 09:03:31
1649927015113589000,36.45,1,36.45,1,36.55,3,1,2022-04-14 09:03:35
1649927016239012000,36.55,1,36.45,1,36.55,2,1,2022-04-14 09:03:36
1649927016325749000,36.45,1,36.4,13,36.55,2,2,2022-04-14 09:03:36
1649927019968063000,36.45,2,36.4,14,36.45,1,2,2022-04-14 09:03:39
1649927021529952000,36.45,1,36.4,14,36.55,3,1,2022-04-14 09:03:41
1649927030250086000,36.45,3,36.4,13,36.5,3,2,2022-04-14 09:03:50
1649927033892499000,36.4,10,36.4,3,36.5,3,2,2022-04-14 09:03:53
1649927033920312000,36.4,3,36.35,4,36.45,3,2,2022-04-14 09:03:53
1649927042115058000,36.35,2,36.35,2,36.45,5,2,2022-04-14 09:04:02
1649927042147810000,36.35,2,36.3,20,36.4,3,2,2022-04-14 09:04:02
1649927045288921000,36.3,10,36.3,10,36.45,2,2,2022-04-14 09:04:05
1649927045312568000,36.3,10,36.25,3,36.4,3,2,2022-04-14 09:04:05
1649927045402724000,36.3,1,36.25,3,36.35,4,2,2022-04-14 09:04:05
1649927045466022000,36.3,1,36.2,10,36.35,4,2,2022-04-14 09:04:05
1649927045466022000,36.25,3,36.2,10,36.35,4,2,2022-04-14 09:04:05
1649927045466022000,36.2,16,36.2,10,36.35,4,2,2022-04-14 09:04:05
1649927045527780000,36.3,1,36.2,10,36.3,13,1,2022-04-14 09:04:05
1649927045582527000,36.3,13,36.2,10,36.35,4,1,2022-04-14 09:04:05
1649927047605308000,36.2,10,36.15,1,36.35,6,2,2022-04-14 09:04:07
1649927050685432000,36.15,1,36.05,5,36.3,5,2,2022-04-14 09:04:10
1649927050950397000,36.05,1,36.05,7,36.3,7,2,2022-04-14 09:04:10
1649927051328817000,36.05,1,36.05,6,36.3,7,2,2022-04-14 09:04:11
1649927051992817000,36.05,3,36.05,3,36.3,7,2,2022-04-14 09:04:11
1649927052016628000,36.05,3,36.0,9,36.3,7,2,2022-04-14 09:04:12
1649927055071574000,36.0,3,36.0,6,36.15,2,2,2022-04-14 09:04:15
1649927055121562000,36.0,2,36.0,4,36.15,2,2,2022-04-14 09:04:15
1649927055781665000,36.0,1,36.0,3,36.15,2,2,2022-04-14 09:04:15
1649927055822169000,36.0,3,35.8,2,36.15,2,2,2022-04-14 09:04:15
1649927056638145000,36.0,1,35.8,1,36.0,9,1,2022-04-14 09:04:16
1649927057072118000,35.8,1,35.75,3,36.0,4,2,2022-04-14 09:04:17
1649927057072118000,35.75,2,35.75,3,36.0,4,2,2022-04-14 09:04:17
1649927061835536000,35.75,1,35.75,2,35.95,2,2,2022-04-14 09:04:21
1649927062944147000,35.95,1,35.75,2,35.95,6,1,2022-04-14 09:04:22
1649927065601842000,35.95,1,35.8,1,36.0,3,1,2022-04-14 09:04:25
1649927065601842000,36.0,2,35.8,1,36.0,3,1,2022-04-14 09:04:25
1649927066864733000,35.9,1,35.8,1,36.0,3,1,2022-04-14 09:04:26
1649927069930121000,35.95,1,35.8,1,35.9,6,2,2022-04-14 09:04:29
1649927070770714000,35.9,1,35.8,1,35.9,5,1,2022-04-14 09:04:30
1649927072720662000,35.8,1,0.0,0,0.0,0,2,2022-04-14 09:04:32
1649927072720662000,35.75,2,0.0,0,0.0,0,2,2022-04-14 09:04:32
1649927072720662000,35.7,1,0.0,0,0.0,0,2,2022-04-14 09:04:32
1649927072720662000,35.7,0,0.0,0,0.0,0,2,2022-04-14 09:04:32
1649927193320441000,35.6,83,35.55,42,35.6,2,2,2022-04-14 09:06:33
1649927193341763000,35.6,2,35.55,42,35.7,7,1,2022-04-14 09:06:33
1649927195631048000,35.6,2,35.55,29,35.7,7,2,2022-04-14 09:06:35
1649927195631048000,35.55,13,35.55,29,35.7,7,2,2022-04-14 09:06:35
1649927196636471000,35.65,2,35.6,1,35.7,7,1,2022-04-14 09:06:36
1649927196642391000,35.6,1,35.55,29,35.6,2,2,2022-04-14 09:06:36
1649927196665064000,35.6,2,35.55,29,35.6,3,1,2022-04-14 09:06:36
1649927196665332000,35.6,2,35.55,29,35.6,1,1,2022-04-14 09:06:36
1649927203160039000,35.7,2,35.6,2,35.7,5,1,2022-04-14 09:06:43
1649927203191465000,35.7,5,35.6,2,35.75,3,1,2022-04-14 09:06:43
1649927205824537000,35.75,3,35.65,3,35.8,5,1,2022-04-14 09:06:45
1649927206085952000,35.65,3,35.6,3,35.8,5,2,2022-04-14 09:06:46
1649927206111476000,35.7,1,35.6,3,35.8,5,1,2022-04-14 09:06:46
1649927207480287000,35.75,1,35.7,1,35.8,5,1,2022-04-14 09:06:47
1649927208848917000,35.7,1,35.55,46,35.6,4,2,2022-04-14 09:06:48
1649927208848917000,35.6,6,35.55,46,35.6,4,2,2022-04-14 09:06:48
1649927208884849000,35.6,2,35.55,46,35.6,2,1,2022-04-14 09:06:48
1649927208884904000,35.6,2,35.55,46,35.8,5,1,2022-04-14 09:06:48
1649927209081630000,35.55,5,35.55,41,35.8,5,2,2022-04-14 09:06:49
1649927213179031000,35.75,4,35.7,5,35.8,4,1,2022-04-14 09:06:53
1649927213179031000,35.8,1,35.7,5,35.8,4,1,2022-04-14 09:06:53
1649927217248853000,35.8,1,35.7,5,35.8,3,1,2022-04-14 09:06:57
1649927217438827000,35.8,3,35.7,5,35.85,1,1,2022-04-14 09:06:57
1649927219400745000,35.85,1,35.7,6,35.9,6,1,2022-04-14 09:06:59
1649927220536171000,35.8,1,35.7,11,35.8,10,1,2022-04-14 09:07:00
1649927222332464000,35.7,5,35.7,6,35.8,13,2,2022-04-14 09:07:02
1649927222365934000,35.7,6,35.65,4,35.8,13,2,2022-04-14 09:07:02
1649927222623956000,35.75,1,35.65,4,35.75,1,2,2022-04-14 09:07:02
1649927225507791000,35.75,1,35.65,4,35.75,6,1,2022-04-14 09:07:05
1649927227860971000,35.75,5,35.7,1,35.75,1,1,2022-04-14 09:07:07
1649927227888988000,35.75,1,35.7,1,35.8,14,1,2022-04-14 09:07:07
1649927229342750000,35.7,1,35.65,4,35.75,4,2,2022-04-14 09:07:09
1649927230043659000,35.7,2,35.65,4,35.7,8,1,2022-04-14 09:07:10
1649927230643019000,35.7,10,35.65,4,35.7,8,1,2022-04-14 09:07:10
1649927230662675000,35.7,1,35.65,4,35.7,7,1,2022-04-14 09:07:10
1649927233520970000,35.65,3,35.65,1,35.7,7,2,2022-04-14 09:07:13
1649927233554839000,35.65,1,35.6,60,35.7,7,2,2022-04-14 09:07:13
1649927235559670000,35.6,7,35.6,53,35.75,4,2,2022-04-14 09:07:15
1649927239134817000,35.75,4,35.6,55,35.8,4,1,2022-04-14 09:07:19
1649927239936952000,35.7,1,35.65,1,35.7,2,1,2022-04-14 09:07:19
1649927243205232000,35.65,1,35.65,1,35.7,7,2,2022-04-14 09:07:23
1649927243827769000,35.65,1,35.6,56,35.7,7,2,2022-04-14 09:07:23
1649927245531888000,35.6,2,35.6,54,35.7,7,2,2022-04-14 09:07:25
1649927246851542000,35.7,1,35.6,54,35.7,6,1,2022-04-14 09:07:26
1649927248077866000,35.7,6,35.65,21,35.8,4,1,2022-04-14 09:07:28
1649927248085436000,35.65,4,35.65,17,35.8,4,2,2022-04-14 09:07:28
1649927254101457000,35.7,10,35.7,5,35.75,1,2,2022-04-14 09:07:34
1649927258281822000,35.7,2,35.7,3,35.75,1,2,2022-04-14 09:07:38
1649927258307633000,35.7,3,35.65,18,35.75,1,2,2022-04-14 09:07:38
1649927260505460000,35.75,1,35.7,10,35.8,4,1,2022-04-14 09:07:40
1649927262172679000,35.7,2,35.7,24,35.8,4,2,2022-04-14 09:07:42
1649927267410267000,35.75,1,35.75,1,35.8,4,2,2022-04-14 09:07:47
1649927269235130000,35.75,1,35.7,24,35.8,4,2,2022-04-14 09:07:49
1649927269284245000,35.8,1,35.7,24,35.8,3,1,2022-04-14 09:07:49
1649927269421042000,35.8,3,35.7,25,35.9,1,1,2022-04-14 09:07:49
1649927270785231000,35.75,1,35.8,4,35.9,1,1,2022-04-14 09:07:50
1649927277243153000,35.8,1,35.8,3,35.9,3,2,2022-04-14 09:07:57
1649927279599888000,35.9,1,35.8,3,35.9,2,1,2022-04-14 09:07:59
1649927280154853000,35.8,3,35.75,1,35.9,2,2,2022-04-14 09:08:00
1649927280154853000,35.75,2,35.75,1,35.9,2,2,2022-04-14 09:08:00
1649927305869166000,35.75,2,35.75,5,35.85,2,2,2022-04-14 09:08:25
1649927311131025000,35.75,5,35.7,26,35.85,2,2,2022-04-14 09:08:31
1649927312639312000,35.75,1,35.7,22,35.85,2,2,2022-04-14 09:08:32
1649927312639312000,35.7,4,35.7,22,35.85,2,2,2022-04-14 09:08:32
1649927315169554000,35.75,1,35.7,22,35.8,3,1,2022-04-14 09:08:35
1649927321176160000,35.75,1,35.7,23,35.85,1,1,2022-04-14 09:08:41
1649927325621998000,35.75,2,35.75,1,35.85,1,2,2022-04-14 09:08:45
1649927328057305000,35.75,1,35.75,1,35.85,1,2,2022-04-14 09:08:48
1649927329707366000,35.75,1,35.7,23,35.85,1,2,2022-04-14 09:08:49
1649927342206377000,35.75,1,35.75,9,35.85,1,2,2022-04-14 09:09:02
1649927353885579000,35.75,1,35.75,9,35.85,2,2,2022-04-14 09:09:13
1649927363104062000,35.85,1,35.75,10,35.85,1,1,2022-04-14 09:09:23
1649927376756659000,35.85,2,35.8,1,35.95,4,2,2022-04-14 09:09:36
1649927379903351000,35.85,1,35.8,1,35.9,3,2,2022-04-14 09:09:39
1649927385681580000,35.85,3,35.8,2,35.9,6,2,2022-04-14 09:09:45
1649927390750172000,35.85,1,35.8,3,35.85,4,1,2022-04-14 09:09:50
1649927392398296000,35.8,2,35.8,1,35.85,4,2,2022-04-14 09:09:52
1649927392399950000,35.8,1,35.75,18,35.85,4,2,2022-04-14 09:09:52
1649927397351528000,35.85,1,35.8,2,35.85,3,1,2022-04-14 09:09:57
1649927404218151000,35.85,1,35.8,6,35.85,2,1,2022-04-14 09:10:04
1649927404244549000,35.85,1,35.8,6,35.85,1,1,2022-04-14 09:10:04
1649927409650121000,35.85,1,35.8,7,35.9,3,1,2022-04-14 09:10:09
1649927419274585000,35.9,3,35.9,2,35.95,1,1,2022-04-14 09:10:19
1649927419329937000,35.9,1,35.9,1,35.95,1,2,2022-04-14 09:10:19
1649927420657665000,35.95,2,35.9,1,36.0,5,1,2022-04-14 09:10:20
1649927420657665000,36.0,3,35.9,1,36.0,5,1,2022-04-14 09:10:20
1649927427239533000,36.0,1,35.9,2,36.0,4,1,2022-04-14 09:10:27
1649927427408546000,36.0,1,35.9,2,36.0,3,1,2022-04-14 09:10:27
1649927427780715000,36.0,1,35.9,2,36.0,2,1,2022-04-14 09:10:27
1649927429247912000,36.0,1,35.9,3,36.0,1,1,2022-04-14 09:10:29
1649927430074305000,35.9,3,35.8,9,36.0,1,2,2022-04-14 09:10:30
1649927430074305000,35.8,2,35.8,9,36.0,1,2,2022-04-14 09:10:30
1649927430870572000,36.0,1,36.0,1,36.05,9,1,2022-04-14 09:10:30
1649927436167061000,36.05,1,36.0,1,36.05,9,1,2022-04-14 09:10:36
1649927437026852000,36.0,1,35.9,3,36.05,6,2,2022-04-14 09:10:37
1649927437107594000,35.9,3,35.8,9,36.05,6,2,2022-04-14 09:10:37
1649927437107594000,35.85,1,35.8,9,36.05,6,2,2022-04-14 09:10:37
1649927437107594000,35.8,1,35.8,9,36.05,6,2,2022-04-14 09:10:37
1649927438956452000,36.0,1,35.8,9,36.0,2,1,2022-04-14 09:10:38
1649927441695570000,35.8,5,35.8,4,36.0,5,2,2022-04-14 09:10:41
1649927445868677000,35.95,1,35.8,21,35.95,5,1,2022-04-14 09:10:45
1649927454878463000,35.85,1,35.8,22,35.9,1,2,2022-04-14 09:10:54
1649927455376892000,35.8,5,35.8,17,35.9,1,2,2022-04-14 09:10:55
1649927472866068000,35.85,1,35.8,19,35.9,2,1,2022-04-14 09:11:12
1649927477720569000,35.8,1,35.8,18,35.9,1,2,2022-04-14 09:11:17
1649927480846287000,35.8,2,35.8,16,35.9,1,2,2022-04-14 09:11:20
1649927481338966000,35.9,1,35.8,16,36.0,11,1,2022-04-14 09:11:21
1649927484567945000,35.9,1,35.8,16,35.95,2,2,2022-04-14 09:11:24
1649927487413745000,35.8,5,35.8,11,35.95,2,2,2022-04-14 09:11:27
1649927487751678000,35.95,2,35.8,11,36.0,11,1,2022-04-14 09:11:27
1649927489299631000,35.8,5,35.8,6,36.0,11,2,2022-04-14 09:11:29
1649927489330213000,35.8,6,35.75,9,36.0,11,2,2022-04-14 09:11:29
1649927498299810000,35.8,1,35.75,9,35.95,7,2,2022-04-14 09:11:38
1649927514434627000,35.85,1,35.85,5,35.95,7,2,2022-04-14 09:11:54
1649927517883890000,35.85,1,35.85,4,35.95,7,2,2022-04-14 09:11:57
1649927523986765000,35.85,1,35.85,3,35.95,7,2,2022-04-14 09:12:03
1649927528962574000,35.85,1,35.85,2,35.95,6,2,2022-04-14 09:12:08
1649927535996672000,35.85,1,35.85,2,35.95,6,2,2022-04-14 09:12:15
1649927543269575000,35.9,1,35.85,2,35.95,6,2,2022-04-14 09:12:23
1649927544310504000,35.85,3,35.8,20,35.95,6,2,2022-04-14 09:12:24
1649927549996274000,35.95,1,35.8,15,35.95,5,1,2022-04-14 09:12:29
1649927570556612000,35.85,2,35.8,12,35.95,5,2,2022-04-14 09:12:50
1649927570556612000,35.8,3,35.8,12,35.95,5,2,2022-04-14 09:12:50
1649927578991587000,35.95,1,35.8,12,35.95,4,1,2022-04-14 09:12:58
1649927584857657000,35.85,3,35.8,12,35.85,2,2,2022-04-14 09:13:04
1649927599231500000,35.85,1,35.8,13,35.85,1,1,2022-04-14 09:13:19
1649927599261015000,35.85,1,35.8,13,35.9,1,1,2022-04-14 09:13:19
1649927599291777000,35.9,1,35.8,13,36.0,11,1,2022-04-14 09:13:19
1649927609791786000,35.85,1,35.8,9,35.95,4,2,2022-04-14 09:13:29
1649927609791786000,35.8,4,35.8,9,35.95,4,2,2022-04-14 09:13:29
1649927611090576000,35.95,1,35.8,9,35.95,3,1,2022-04-14 09:13:31
1649927613400556000,35.8,1,35.8,8,35.95,3,2,2022-04-14 09:13:33
1649927651982191000,35.85,3,35.8,31,35.9,1,2,2022-04-14 09:14:11
1649927651982191000,35.8,2,35.8,31,35.9,1,2,2022-04-14 09:14:11
1649927653414479000,35.8,1,35.8,30,35.9,1,2,2022-04-14 09:14:13
1649927689719713000,35.8,14,35.8,19,35.95,3,2,2022-04-14 09:14:49
1649927695945674000,35.8,1,35.8,22,35.9,6,2,2022-04-14 09:14:55
1649927701774440000,35.8,1,35.8,21,35.9,6,2,2022-04-14 09:15:01
1649927711891183000,35.8,5,35.8,18,35.9,6,2,2022-04-14 09:15:11
1649927767297433000,35.85,2,35.85,7,35.9,7,2,2022-04-14 09:16:07
1649927767589167000,35.85,4,35.85,3,35.9,12,2,2022-04-14 09:16:07
1649927767619723000,35.85,3,35.8,22,35.9,12,2,2022-04-14 09:16:07
1649927775376973000,35.85,1,35.8,22,35.85,2,1,2022-04-14 09:16:15
1649927780893110000,35.85,2,35.8,22,35.85,1,1,2022-04-14 09:16:20
1649927783365765000,35.85,1,35.8,22,35.9,12,1,2022-04-14 09:16:23
1649927799890581000,35.9,1,35.85,10,35.9,4,1,2022-04-14 09:16:39
1649927806319494000,35.9,4,35.85,13,35.95,8,1,2022-04-14 09:16:46
1649927813741917000,35.9,3,35.85,14,35.9,2,2,2022-04-14 09:16:53
1649927821016486000,35.9,1,35.85,14,35.9,3,1,2022-04-14 09:17:01
1649927827754768000,35.9,1,35.85,16,35.9,2,1,2022-04-14 09:17:07
1649927828291055000,35.9,1,35.85,16,35.9,1,1,2022-04-14 09:17:08
1649927828783214000,35.9,1,35.85,16,35.95,10,1,2022-04-14 09:17:08
1649927835461828000,35.9,1,35.9,2,35.95,10,2,2022-04-14 09:17:15
1649927837137486000,35.95,1,35.9,2,35.95,9,1,2022-04-14 09:17:17
1649927845987394000,35.95,2,35.9,2,35.95,7,1,2022-04-14 09:17:25
1649927846057438000,35.95,7,35.9,3,36.0,11,1,2022-04-14 09:17:26
1649927857574002000,36.0,1,35.95,5,36.0,10,1,2022-04-14 09:17:37
1649927857599333000,36.0,10,35.95,5,36.05,6,1,2022-04-14 09:17:37
1649927857614450000,36.05,6,35.95,5,36.15,1,1,2022-04-14 09:17:37
1649927857614450000,36.1,12,35.95,5,36.15,1,1,2022-04-14 09:17:37
1649927857614450000,36.15,2,35.95,5,36.15,1,1,2022-04-14 09:17:37
1649927871300292000,36.2,2,36.0,2,36.25,3,1,2022-04-14 09:17:51
1649927873705569000,36.05,1,36.0,2,36.25,3,2,2022-04-14 09:17:53
1649927882838808000,36.1,1,36.05,1,36.15,4,2,2022-04-14 09:18:02
1649927884886510000,36.1,1,36.05,1,36.15,4,2,2022-04-14 09:18:04
1649927887247789000,36.1,1,36.1,2,36.15,4,1,2022-04-14 09:18:07
1649927888300406000,36.1,2,36.05,1,36.1,13,2,2022-04-14 09:18:08
1649927890392079000,36.1,2,36.05,3,36.1,11,1,2022-04-14 09:18:10
1649927891010488000,36.1,1,36.05,3,36.1,10,1,2022-04-14 09:18:11
1649927893648157000,36.1,1,36.05,3,36.1,9,1,2022-04-14 09:18:13
1649927900445574000,36.1,1,36.05,71,36.1,9,1,2022-04-14 09:18:20
1649927900628369000,36.05,4,36.05,67,36.1,9,2,2022-04-14 09:18:20
1649927900790530000,36.05,1,36.0,2,36.1,9,2,2022-04-14 09:18:20
1649927902189607000,36.1,1,36.0,2,36.1,8,1,2022-04-14 09:18:22
1649927907549378000,36.1,2,36.0,2,36.1,6,1,2022-04-14 09:18:27
1649927923727549000,36.0,2,36.0,2,36.1,10,2,2022-04-14 09:18:43
1649927929849487000,36.0,2,35.95,7,36.05,1,2,2022-04-14 09:18:49
1649927930647093000,36.05,1,35.95,7,36.1,10,1,2022-04-14 09:18:50
1649927938333386000,36.1,1,36.0,1,36.1,9,1,2022-04-14 09:18:58
1649927938657108000,36.0,1,35.95,7,36.1,9,2,2022-04-14 09:18:58
1649927959377516000,36.05,1,36.0,1,36.1,10,1,2022-04-14 09:19:19
1649927965828202000,36.1,5,36.0,1,36.1,5,1,2022-04-14 09:19:25
1649927974083244000,36.0,1,35.95,9,36.1,5,2,2022-04-14 09:19:34
1649927984361430000,35.95,1,35.95,10,36.05,1,2,2022-04-14 09:19:44
1649927986570549000,36.05,1,35.95,10,36.1,5,1,2022-04-14 09:19:46
1649927986735432000,35.95,1,35.95,9,36.1,5,2,2022-04-14 09:19:46
1649927988257347000,35.95,1,35.95,8,36.1,5,2,2022-04-14 09:19:48
1649927989008788000,35.95,1,35.95,7,36.1,5,2,2022-04-14 09:19:49
1649927991313911000,35.95,1,35.95,4,36.1,5,2,2022-04-14 09:19:51
1649927993209301000,35.95,1,35.95,3,36.1,5,2,2022-04-14 09:19:53
1649927996172981000,35.95,1,35.95,2,36.1,5,2,2022-04-14 09:19:56
1649927999291287000,35.95,1,35.95,1,36.1,5,2,2022-04-14 09:19:59
1649927999319048000,35.95,1,35.9,4,36.1,5,2,2022-04-14 09:19:59
1649928001910811000,35.9,1,35.9,3,36.1,5,2,2022-04-14 09:20:01
1649928003203968000,36.1,1,35.9,3,36.1,4,1,2022-04-14 09:20:03
1649928003951613000,35.9,1,35.9,2,36.1,4,2,2022-04-14 09:20:03
1649928013073197000,35.9,3,35.85,13,36.05,1,2,2022-04-14 09:20:13
1649928019383596000,35.85,1,35.85,12,36.05,1,2,2022-04-14 09:20:19
1649928067470335000,35.85,1,35.85,16,36.0,6,2,2022-04-14 09:21:07
1649928067498205000,35.85,1,35.85,15,36.0,6,2,2022-04-14 09:21:07
1649928067531054000,35.85,15,35.8,25,36.0,6,2,2022-04-14 09:21:07
1649928068042102000,35.8,1,35.8,24,35.95,4,2,2022-04-14 09:21:08
1649928068081525000,35.8,1,35.8,23,35.95,4,2,2022-04-14 09:21:08
1649928068221748000,35.8,7,35.8,16,35.95,4,2,2022-04-14 09:21:08
1649928068257510000,35.8,3,35.8,13,35.95,4,2,2022-04-14 09:21:08
1649928068258050000,35.8,13,35.75,12,35.95,4,2,2022-04-14 09:21:08
1649928073171827000,35.75,1,35.75,11,36.0,6,2,2022-04-14 09:21:13
1649928074891410000,35.75,1,35.75,10,35.95,1,2,2022-04-14 09:21:14
1649928076409769000,35.85,2,35.75,10,35.95,3,2,2022-04-14 09:21:16
1649928077299121000,35.75,1,35.75,9,35.85,1,2,2022-04-14 09:21:17
1649928078228508000,35.75,1,35.75,8,35.85,1,2,2022-04-14 09:21:18
1649928083626650000,35.85,1,35.75,8,35.95,3,1,2022-04-14 09:21:23
1649928095030944000,35.95,1,35.8,1,35.95,1,1,2022-04-14 09:21:35
1649928109378683000,35.9,1,35.8,2,35.9,4,1,2022-04-14 09:21:49
1649928137122700000,35.9,3,35.8,2,35.9,2,1,2022-04-14 09:22:17
1649928151592347000,35.85,1,35.8,2,35.9,4,1,2022-04-14 09:22:31
1649928174972235000,35.9,1,35.8,2,35.9,3,1,2022-04-14 09:22:54
1649928184764456000,35.9,3,35.8,2,35.95,6,1,2022-04-14 09:23:04
1649928207270319000,35.9,2,35.9,3,35.95,6,1,2022-04-14 09:23:27
1649928236198257000,35.9,1,35.9,3,35.95,6,2,2022-04-14 09:23:56
1649928238199778000,35.95,1,35.9,3,35.95,5,1,2022-04-14 09:23:58
1649928244269602000,35.95,2,35.9,3,35.95,3,1,2022-04-14 09:24:04
1649928244305180000,35.95,1,35.9,3,35.95,2,1,2022-04-14 09:24:04
1649928244346272000,35.95,2,35.9,3,36.0,1,1,2022-04-14 09:24:04
1649928268956824000,36.0,1,35.95,4,36.05,6,1,2022-04-14 09:24:28
1649928280946989000,36.0,1,35.95,4,36.0,1,1,2022-04-14 09:24:40
1649928286697879000,36.0,1,35.95,4,36.05,6,1,2022-04-14 09:24:46
1649928292078361000,35.95,1,35.95,4,36.0,2,2,2022-04-14 09:24:52
1649928294478246000,36.0,2,36.0,1,36.05,7,1,2022-04-14 09:24:54
1649928296627869000,36.0,1,36.0,1,36.05,7,2,2022-04-14 09:24:56
1649928299036461000,36.0,1,35.95,1,36.0,3,2,2022-04-14 09:24:59
1649928311612232000,35.95,1,35.9,2,36.0,4,2,2022-04-14 09:25:11
1649928312575940000,36.0,1,35.9,2,36.0,3,1,2022-04-14 09:25:12
1649928353073561000,35.95,1,35.9,3,36.0,7,1,2022-04-14 09:25:53
1649928376924263000,35.95,1,35.9,3,35.95,1,1,2022-04-14 09:26:16
1649928413309458000,35.95,1,35.95,1,36.0,7,1,2022-04-14 09:26:53
1649928413349287000,35.95,1,35.9,2,36.0,7,2,2022-04-14 09:26:53
1649928456137019000,35.95,5,35.9,10,36.0,8,2,2022-04-14 09:27:36
1649928459573088000,36.0,5,35.9,10,36.0,3,1,2022-04-14 09:27:39
1649928488381980000,36.0,1,35.95,10,36.0,2,1,2022-04-14 09:28:08
1649928490869225000,36.0,1,35.95,10,36.0,1,1,2022-04-14 09:28:10
1649928493394804000,36.0,1,35.95,10,36.05,6,1,2022-04-14 09:28:13
1649928515643322000,36.0,1,36.0,3,36.05,6,1,2022-04-14 09:28:35
1649928518034555000,36.0,1,36.0,3,36.05,6,2,2022-04-14 09:28:38
1649928536899326000,36.0,2,36.0,1,36.05,11,2,2022-04-14 09:28:56
1649928536922791000,36.0,1,35.95,12,36.0,1,2,2022-04-14 09:28:56
1649928561129789000,36.0,1,35.95,13,36.0,1,1,2022-04-14 09:29:21
1649928568265874000,36.0,1,35.95,13,36.05,11,1,2022-04-14 09:29:28
1649928579693193000,36.05,2,36.0,1,36.05,9,1,2022-04-14 09:29:39
1649928602207391000,36.05,1,36.0,1,36.05,13,1,2022-04-14 09:30:02
1649928611191288000,36.05,1,36.0,1,36.05,12,1,2022-04-14 09:30:11
1649928614452543000,36.0,1,35.95,12,36.0,4,2,2022-04-14 09:30:14
1649928617656825000,36.05,1,35.95,12,36.05,11,1,2022-04-14 09:30:17
1649928625509773000,36.05,3,35.95,12,36.05,8,1,2022-04-14 09:30:25
1649928663298835000,36.0,1,35.95,13,36.05,15,1,2022-04-14 09:31:03
1649928686638839000,36.0,4,36.0,6,36.05,15,2,2022-04-14 09:31:26
1649928712622024000,36.0,5,36.0,1,36.05,15,2,2022-04-14 09:31:52
1649928727888156000,36.0,1,35.95,13,36.05,15,2,2022-04-14 09:32:07
1649928744718141000,36.0,1,35.95,15,36.05,15,2,2022-04-14 09:32:24
1649928786713277000,36.0,2,35.95,16,36.05,16,1,2022-04-14 09:33:06
1649928799964127000,36.0,1,35.95,16,36.05,16,1,2022-04-14 09:33:19
1649928799997421000,36.05,1,35.95,16,36.05,15,1,2022-04-14 09:33:19
1649928812037954000,36.05,5,35.95,16,36.05,10,1,2022-04-14 09:33:32
1649928834987826000,36.05,5,35.95,16,36.05,5,1,2022-04-14 09:33:54
1649928859489616000,36.05,1,36.0,2,36.05,4,1,2022-04-14 09:34:19
1649928860285768000,36.05,4,36.05,2,36.1,10,1,2022-04-14 09:34:20
1649928864182340000,36.1,2,36.05,3,36.1,8,1,2022-04-14 09:34:24
1649928864203450000,36.1,8,36.05,3,36.15,9,1,2022-04-14 09:34:24
1649928868933808000,36.15,1,36.05,3,36.15,8,1,2022-04-14 09:34:28
1649928913144816000,36.1,3,36.05,5,36.1,2,2,2022-04-14 09:35:13
1649928917256909000,36.05,5,36.0,11,36.1,4,2,2022-04-14 09:35:17
1649928972427128000,36.0,2,36.0,11,36.05,2,2,2022-04-14 09:36:12
1649928987415361000,36.05,1,36.0,13,36.05,2,1,2022-04-14 09:36:27
1649928996243867000,36.0,13,35.95,14,36.0,2,2,2022-04-14 09:36:36
1649928998746816000,35.95,14,35.9,15,36.0,4,2,2022-04-14 09:36:38
1649928998769954000,35.9,15,35.85,8,36.0,4,2,2022-04-14 09:36:38
1649928998915866000,35.85,1,35.85,7,35.95,2,2,2022-04-14 09:36:38
1649928998927019000,35.85,1,35.85,6,35.95,2,2,2022-04-14 09:36:38
1649928998934822000,35.85,1,35.85,5,35.95,2,2,2022-04-14 09:36:38
1649928999585878000,35.95,1,35.85,5,35.95,1,1,2022-04-14 09:36:39
1649929034312204000,35.85,5,35.8,14,35.9,1,2,2022-04-14 09:37:14
1649929063586578000,35.8,1,35.8,14,35.85,4,2,2022-04-14 09:37:43
1649929064480382000,35.8,3,35.8,11,35.85,4,2,2022-04-14 09:37:44
1649929066910276000,35.8,2,35.8,9,35.85,4,2,2022-04-14 09:37:46
1649929068457942000,35.8,5,35.8,5,35.85,4,2,2022-04-14 09:37:48
1649929070138100000,35.8,1,35.8,4,35.85,4,2,2022-04-14 09:37:50
1649929071355181000,35.8,1,35.8,3,35.85,4,2,2022-04-14 09:37:51
1649929083819472000,35.8,1,35.8,2,35.85,3,2,2022-04-14 09:38:03
1649929085965561000,35.8,2,35.75,15,35.8,1,2,2022-04-14 09:38:05
1649929098722709000,35.8,1,35.8,3,35.85,3,1,2022-04-14 09:38:18
1649929105643733000,35.8,1,35.8,3,35.85,3,2,2022-04-14 09:38:25
1649929126722402000,35.8,1,35.8,4,35.85,5,2,2022-04-14 09:38:46
1649929127175295000,35.85,1,35.8,4,35.85,4,1,2022-04-14 09:38:47
1649929134130452000,35.8,4,35.75,15,35.8,1,2,2022-04-14 09:38:54
1649929135405485000,35.75,3,35.75,12,35.8,2,2,2022-04-14 09:38:55
1649929143553500000,35.75,1,35.75,12,35.8,2,2,2022-04-14 09:39:03
1649929147312764000,35.75,1,35.75,11,35.8,2,2,2022-04-14 09:39:07
1649929165351291000,35.75,5,35.75,7,35.8,2,2,2022-04-14 09:39:25
1649929170472995000,35.75,1,35.75,6,35.8,2,2,2022-04-14 09:39:30
1649929173943802000,35.75,8,35.7,24,35.75,2,2,2022-04-14 09:39:33
1649929183846422000,35.75,1,35.7,24,35.75,1,1,2022-04-14 09:39:43
1649929189677612000,35.75,1,35.7,24,35.75,4,1,2022-04-14 09:39:49
1649929199199120000,35.75,2,35.7,25,35.75,2,1,2022-04-14 09:39:59
1649929201218356000,35.75,1,35.7,25,35.75,1,1,2022-04-14 09:40:01
1649929205343977000,35.7,1,35.7,24,35.75,1,2,2022-04-14 09:40:05
1649929205479858000,35.7,1,35.7,23,35.75,1,2,2022-04-14 09:40:05
1649929215948074000,35.7,1,35.7,16,35.75,1,2,2022-04-14 09:40:15
1649929220075387000,35.7,5,35.7,11,35.75,2,2,2022-04-14 09:40:20
1649929222775686000,35.7,1,35.7,11,35.75,3,2,2022-04-14 09:40:22
1649929223963753000,35.7,1,35.7,10,35.75,3,2,2022-04-14 09:40:23
1649929240085296000,35.7,10,35.7,1,35.75,3,2,2022-04-14 09:40:40
1649929240116897000,35.7,1,35.65,19,35.7,1,2,2022-04-14 09:40:40
1649929249106117000,35.65,1,35.65,18,35.7,7,2,2022-04-14 09:40:49
1649929251580390000,35.65,1,35.65,17,35.7,7,2,2022-04-14 09:40:51
1649929263233236000,35.65,1,35.65,16,35.7,8,2,2022-04-14 09:41:03
1649929286603004000,35.65,2,35.65,15,35.7,8,2,2022-04-14 09:41:26
1649929300600133000,35.65,3,35.65,13,35.7,9,2,2022-04-14 09:41:40
1649929320750731000,35.65,1,35.65,12,35.7,9,2,2022-04-14 09:42:00
1649929327047264000,35.65,1,35.65,11,35.7,9,2,2022-04-14 09:42:07
1649929330826221000,35.65,5,35.65,6,35.7,9,2,2022-04-14 09:42:10
1649929332111096000,35.65,1,35.65,5,35.7,9,2,2022-04-14 09:42:12
1649929332224531000,35.65,1,35.65,4,35.7,8,2,2022-04-14 09:42:12
1649929332248631000,35.65,4,35.6,15,35.7,8,2,2022-04-14 09:42:12
1649929343414166000,35.65,1,35.65,9,35.7,8,2,2022-04-14 09:42:23
1649929347991809000,35.65,9,35.6,1,35.7,8,2,2022-04-14 09:42:27
1649929347991809000,35.6,14,35.6,1,35.7,8,2,2022-04-14 09:42:27
1649929349950393000,35.6,1,35.55,24,35.6,2,2,2022-04-14 09:42:29
1649929357276028000,35.6,2,35.55,24,35.65,11,1,2022-04-14 09:42:37
1649929370613574000,35.6,2,35.55,25,35.65,6,1,2022-04-14 09:42:50
1649929384978520000,35.65,1,35.6,2,35.65,5,1,2022-04-14 09:43:04
1649929406622927000,35.6,1,35.6,4,35.65,3,2,2022-04-14 09:43:26
1649929424971315000,35.65,1,35.6,5,35.65,2,1,2022-04-14 09:43:44
1649929460720968000,35.6,1,35.6,9,35.65,2,2,2022-04-14 09:44:20
1649929461836735000,35.65,1,35.6,9,35.65,1,1,2022-04-14 09:44:21
1649929467122482000,35.65,1,35.6,10,35.7,2,1,2022-04-14 09:44:27
1649929485976146000,35.65,2,35.6,8,35.7,2,2,2022-04-14 09:44:45
1649929485976146000,35.6,2,35.6,8,35.7,2,2,2022-04-14 09:44:45
1649929486905180000,35.7,1,35.6,7,35.7,1,1,2022-04-14 09:44:46
1649929513553112000,35.7,1,35.6,7,35.75,3,1,2022-04-14 09:45:13
1649929547265937000,35.7,1,35.65,2,35.75,3,2,2022-04-14 09:45:47
1649929547265937000,35.65,2,35.65,2,35.75,3,2,2022-04-14 09:45:47
1649929557078398000,35.65,2,35.65,1,35.75,3,2,2022-04-14 09:45:57
1649929593513796000,35.65,1,35.65,1,35.75,3,2,2022-04-14 09:46:33
1649929608576746000,35.65,1,35.6,6,35.65,1,2,2022-04-14 09:46:48
1649929609355331000,35.65,1,35.6,6,35.75,3,1,2022-04-14 09:46:49
1649929643137153000,35.75,1,35.65,6,35.75,6,1,2022-04-14 09:47:23
1649929675569719000,35.65,2,35.65,4,35.75,1,2,2022-04-14 09:47:55
1649929707422319000,35.65,3,35.65,3,35.7,2,2,2022-04-14 09:48:27
1649929719754409000,35.65,1,35.65,2,35.7,2,2,2022-04-14 09:48:39
1649929744706634000,35.7,2,35.7,1,35.75,7,1,2022-04-14 09:49:04
1649929800215576000,35.75,1,35.7,5,35.75,1,1,2022-04-14 09:50:00
1649929812457101000,35.7,5,35.65,3,35.7,4,2,2022-04-14 09:50:12
1649929812667916000,35.7,1,35.65,3,35.7,3,1,2022-04-14 09:50:12
1649929859229985000,35.65,4,35.6,8,35.7,4,2,2022-04-14 09:50:59
1649929877509024000,35.6,5,35.6,3,35.7,4,2,2022-04-14 09:51:17
1649929886514634000,35.6,3,35.55,32,35.7,4,2,2022-04-14 09:51:26
1649929901025685000,35.7,1,35.55,41,35.7,3,1,2022-04-14 09:51:41
1649929919903248000,35.55,2,35.55,39,35.7,5,2,2022-04-14 09:51:59
1649929920376433000,35.55,5,35.55,34,35.7,5,2,2022-04-14 09:52:00
1649929929988624000,35.6,1,35.55,34,35.7,5,2,2022-04-14 09:52:09
1649929932096669000,35.55,1,35.55,33,35.7,5,2,2022-04-14 09:52:12
1649929961525648000,35.6,3,35.6,3,35.7,3,2,2022-04-14 09:52:41
1649929964604444000,35.6,2,35.6,1,35.7,3,2,2022-04-14 09:52:44
1649929967750033000,35.6,1,35.55,35,35.65,2,2,2022-04-14 09:52:47
1649929967803480000,35.55,1,35.55,34,35.7,3,2,2022-04-14 09:52:47
1649929972338717000,35.6,1,35.55,34,35.7,3,1,2022-04-14 09:52:52
1649929998152523000,35.6,6,35.55,39,35.6,2,2,2022-04-14 09:53:18
1649929998183883000,35.6,2,35.55,39,35.7,3,1,2022-04-14 09:53:18
1649930017664208000,35.6,1,35.6,2,35.65,2,2,2022-04-14 09:53:37
1649930023307857000,35.6,1,35.6,1,35.65,2,2,2022-04-14 09:53:43
1649930023817709000,35.65,1,35.6,1,35.65,1,1,2022-04-14 09:53:43
1649930024142855000,35.6,1,35.55,36,35.6,7,2,2022-04-14 09:53:44
1649930030788402000,35.6,1,35.55,35,35.6,6,1,2022-04-14 09:53:50
1649930030825812000,35.6,1,35.55,35,35.6,5,1,2022-04-14 09:53:50
1649930034038418000,35.6,1,35.55,35,35.6,4,1,2022-04-14 09:53:54
1649930034074237000,35.6,3,35.55,35,35.6,1,1,2022-04-14 09:53:54
1649930034315586000,35.6,1,35.6,2,35.65,1,1,2022-04-14 09:53:54
1649930048066299000,35.6,2,35.6,1,35.65,1,2,2022-04-14 09:54:08
1649930049947528000,35.65,1,35.6,1,35.7,3,1,2022-04-14 09:54:09
1649930134583163000,35.65,4,35.65,6,35.7,4,1,2022-04-14 09:55:34
1649930159090102000,35.7,1,35.65,6,35.7,3,1,2022-04-14 09:55:59
1649930170786432000,35.7,3,35.65,6,35.75,2,1,2022-04-14 09:56:10
1649930182860296000,35.75,2,35.75,1,35.8,5,1,2022-04-14 09:56:22
1649930209530619000,35.8,1,35.75,3,35.8,3,1,2022-04-14 09:56:49
1649930216937210000,35.8,2,35.75,3,35.8,1,1,2022-04-14 09:56:56
1649930224332653000,35.8,1,35.75,3,35.85,6,1,2022-04-14 09:57:04
1649930234770168000,35.8,1,35.8,5,35.85,6,2,2022-04-14 09:57:14
1649930240105496000,35.8,2,35.8,3,35.85,6,2,2022-04-14 09:57:20
1649930281528362000,35.85,1,35.8,3,35.85,5,1,2022-04-14 09:58:01
1649930310952441000,35.85,1,35.8,4,35.85,4,1,2022-04-14 09:58:30
1649930356074040000,35.85,3,35.8,2,35.85,1,1,2022-04-14 09:59:16
1649930356099066000,35.85,1,35.8,2,35.9,2,1,2022-04-14 09:59:16
1649930393752582000,35.85,2,35.8,2,35.85,1,2,2022-04-14 09:59:53
1649930399216557000,35.85,1,35.8,2,35.9,2,1,2022-04-14 09:59:59
1649930417160549000,35.9,1,35.8,2,35.9,1,1,2022-04-14 10:00:17
1649930444643328000,35.9,1,35.8,2,35.95,8,1,2022-04-14 10:00:44
1649930454044222000,35.9,5,35.8,2,35.95,9,1,2022-04-14 10:00:54
1649930480224206000,35.85,1,35.8,2,35.9,6,2,2022-04-14 10:01:20
1649930508317667000,35.85,2,35.8,3,35.9,4,1,2022-04-14 10:01:48
1649930555173970000,35.85,2,35.8,3,35.9,5,2,2022-04-14 10:02:35
1649930580270605000,35.8,2,35.8,1,35.9,5,2,2022-04-14 10:03:00
1649930674940452000,35.85,1,35.8,13,35.9,6,1,2022-04-14 10:04:34
1649930674944644000,35.9,1,35.8,13,35.9,5,1,2022-04-14 10:04:34
1649930684951739000,35.8,1,35.8,12,35.9,5,2,2022-04-14 10:04:44
1649930761589676000,35.85,2,35.85,3,35.9,7,2,2022-04-14 10:06:01
1649930924319451000,35.85,1,35.85,4,35.9,7,2,2022-04-14 10:08:44
1649930933189472000,35.9,1,35.85,4,35.9,6,1,2022-04-14 10:08:53
1649930957409871000,35.9,5,35.85,5,35.9,2,1,2022-04-14 10:09:17
1649930984395015000,35.9,2,35.85,10,35.95,10,1,2022-04-14 10:09:44
1649930998220740000,35.95,1,35.9,2,35.95,9,1,2022-04-14 10:09:58
1649931034277225000,35.95,3,35.9,2,35.95,6,1,2022-04-14 10:10:34
1649931037101446000,35.95,1,35.9,2,35.95,5,1,2022-04-14 10:10:37
1649931037204373000,35.9,1,35.9,1,35.95,5,2,2022-04-14 10:10:37
1649931043871951000,35.9,1,35.85,10,35.95,5,2,2022-04-14 10:10:43
1649931085231295000,35.95,1,35.85,10,35.95,4,1,2022-04-14 10:11:25
1649931098626836000,35.95,1,35.85,10,35.95,4,1,2022-04-14 10:11:38
1649931106527933000,35.95,3,35.85,10,35.95,1,1,2022-04-14 10:11:46
1649931106553874000,35.95,1,35.85,10,36.0,18,1,2022-04-14 10:11:46
1649931132060200000,35.95,1,35.9,2,36.0,10,1,2022-04-14 10:12:12
1649931132060200000,36.0,6,35.9,2,36.0,10,1,2022-04-14 10:12:12
1649931139520552000,36.0,5,35.9,9,36.0,6,1,2022-04-14 10:12:19
1649931139558104000,36.0,1,35.9,9,36.0,5,1,2022-04-14 10:12:19
1649931145159257000,36.0,3,35.9,9,36.0,2,1,2022-04-14 10:12:25
1649931145193530000,36.0,2,35.9,9,36.05,7,1,2022-04-14 10:12:25
1649931149760960000,36.05,3,35.9,9,36.05,4,1,2022-04-14 10:12:29
1649931149795534000,36.05,4,35.9,9,36.1,9,1,2022-04-14 10:12:29
1649931169543789000,36.05,1,36.0,1,36.1,4,2,2022-04-14 10:12:49
1649931186926565000,36.05,1,36.0,2,36.05,1,1,2022-04-14 10:13:06
1649931190986393000,36.05,1,36.0,2,36.1,6,1,2022-04-14 10:13:10
1649931195657769000,36.05,1,36.0,2,36.1,6,2,2022-04-14 10:13:15
1649931197537875000,36.0,1,36.0,1,36.1,6,2,2022-04-14 10:13:17
1649931197578387000,36.0,1,35.95,1,36.1,6,2,2022-04-14 10:13:17
1649931208698337000,36.0,1,35.95,1,36.1,6,2,2022-04-14 10:13:28
1649931299931074000,36.05,1,36.0,1,36.05,4,1,2022-04-14 10:14:59
1649931320458947000,36.05,1,36.0,1,36.05,3,1,2022-04-14 10:15:20
1649931349692837000,36.0,2,36.0,1,36.05,5,2,2022-04-14 10:15:49
1649931363413288000,36.0,1,35.95,2,36.05,5,2,2022-04-14 10:16:03
1649931423048311000,36.0,1,35.95,3,36.05,4,1,2022-04-14 10:17:03
1649931449151562000,36.0,1,35.95,4,36.0,3,1,2022-04-14 10:17:29
1649931597224304000,36.05,1,36.0,6,36.05,3,1,2022-04-14 10:19:57
1649931603731205000,36.05,1,36.0,6,36.05,2,1,2022-04-14 10:20:03
1649931620885870000,36.05,2,36.0,6,36.15,4,1,2022-04-14 10:20:20
1649931620885870000,36.1,8,36.0,6,36.15,4,1,2022-04-14 10:20:20
1649931633927635000,36.15,2,36.0,6,36.15,2,1,2022-04-14 10:20:33
1649931665441439000,36.1,1,36.05,2,36.15,2,2,2022-04-14 10:21:05
1649931667358956000,36.15,2,36.05,2,36.2,6,1,2022-04-14 10:21:07
1649931672783602000,36.2,5,36.05,2,36.2,1,1,2022-04-14 10:21:12
1649931674046807000,36.15,1,36.05,2,36.2,3,2,2022-04-14 10:21:14
1649931702105225000,36.15,1,36.05,2,36.15,2,1,2022-04-14 10:21:42
1649931707034181000,36.15,1,36.05,2,36.15,1,1,2022-04-14 10:21:47
1649931735989056000,36.15,1,36.05,2,36.15,3,1,2022-04-14 10:22:15
1649931740374351000,36.15,3,36.05,2,36.2,5,1,2022-04-14 10:22:20
1649931766194792000,36.1,1,36.1,1,36.15,2,2,2022-04-14 10:22:46
1649931766225080000,36.1,1,36.05,3,36.15,2,2,2022-04-14 10:22:46
1649931787251906000,36.05,5,35.95,6,36.0,3,2,2022-04-14 10:23:07
1649931787251906000,36.0,6,35.95,6,36.0,3,2,2022-04-14 10:23:07
1649931809048396000,36.0,1,35.95,6,36.0,2,1,2022-04-14 10:23:29
1649931834359562000,35.95,1,35.95,5,36.0,3,2,2022-04-14 10:23:54
1649931870684693000,35.95,5,35.9,11,36.0,3,2,2022-04-14 10:24:30
1649931886615336000,35.9,5,35.9,6,36.0,3,2,2022-04-14 10:24:46
1649931887767538000,35.9,2,35.9,4,36.0,4,2,2022-04-14 10:24:47
1649931888920656000,35.9,4,35.85,7,36.0,4,2,2022-04-14 10:24:48
1649931888920656000,35.85,1,35.85,7,36.0,4,2,2022-04-14 10:24:48
1649931908550980000,35.85,5,35.85,3,35.9,4,2,2022-04-14 10:25:08
1649931925040242000,35.9,1,35.85,3,35.9,3,1,2022-04-14 10:25:25
1649931937659760000,35.9,1,35.85,3,35.9,2,1,2022-04-14 10:25:37
1649931958775322000,35.9,1,35.85,3,35.9,1,1,2022-04-14 10:25:58
1649931965106279000,35.9,1,35.85,3,35.95,3,1,2022-04-14 10:26:05
1649931969290709000,35.9,1,35.85,2,35.95,1,2,2022-04-14 10:26:09
1649931969290709000,35.85,1,35.85,2,35.95,1,2,2022-04-14 10:26:09
1649932049780343000,35.85,2,35.8,22,35.9,1,2,2022-04-14 10:27:29
1649932086964734000,35.85,1,35.8,22,35.85,1,1,2022-04-14 10:28:06
1649932154667854000,35.85,1,35.8,12,35.9,1,1,2022-04-14 10:29:14
1649932196226392000,35.9,1,35.85,2,35.95,1,1,2022-04-14 10:29:56
1649932223137344000,35.95,1,35.85,2,35.95,1,1,2022-04-14 10:30:23
1649932243592041000,35.9,1,35.85,4,35.95,1,1,2022-04-14 10:30:43
1649932300800071000,35.85,5,35.8,14,35.85,5,2,2022-04-14 10:31:40
1649932325506569000,35.85,3,35.8,14,35.85,2,1,2022-04-14 10:32:05
1649932333728876000,35.85,1,35.8,14,35.85,1,1,2022-04-14 10:32:13
1649932369459024000,35.8,1,35.8,13,35.85,7,2,2022-04-14 10:32:49
1649932373311575000,35.8,2,35.8,11,35.85,7,2,2022-04-14 10:32:53
1649932381225841000,35.8,6,35.8,5,35.85,7,2,2022-04-14 10:33:01
1649932383658055000,35.8,3,35.8,2,35.85,7,2,2022-04-14 10:33:03
1649932383686990000,35.8,2,35.75,11,35.85,7,2,2022-04-14 10:33:03
1649932391559294000,35.8,1,35.75,11,35.8,3,1,2022-04-14 10:33:11
1649932402673193000,35.8,2,35.75,11,35.8,1,1,2022-04-14 10:33:22
1649932414471634000,35.8,1,35.75,11,35.85,7,1,2022-04-14 10:33:34
1649932440925313000,35.75,3,35.75,8,35.85,7,2,2022-04-14 10:34:00
1649932469578152000,35.75,1,35.75,7,35.8,1,2,2022-04-14 10:34:29
1649932478918035000,35.75,2,35.75,6,35.8,31,2,2022-04-14 10:34:38
1649932478938673000,35.75,6,35.7,8,35.8,31,2,2022-04-14 10:34:38
1649932480969798000,35.8,1,35.7,8,35.8,30,1,2022-04-14 10:34:40
1649932487113089000,35.7,8,35.65,4,35.8,30,2,2022-04-14 10:34:47
1649932493693722000,35.65,4,35.6,20,35.75,1,2,2022-04-14 10:34:53
1649932495314640000,35.6,2,35.6,18,35.7,2,2,2022-04-14 10:34:55
1649932514738656000,35.6,10,35.6,5,35.7,2,2,2022-04-14 10:35:14
1649932517730439000,35.6,1,35.6,4,35.7,2,2,2022-04-14 10:35:17
1649932520563979000,35.6,1,35.6,3,35.7,4,2,2022-04-14 10:35:20
1649932550093359000,35.7,1,35.6,3,35.7,2,1,2022-04-14 10:35:50
1649932613444721000,35.65,8,35.6,8,35.65,2,2,2022-04-14 10:36:53
1649932613468285000,35.65,1,35.6,8,35.65,1,1,2022-04-14 10:36:53
1649932627739832000,35.65,1,35.6,8,35.65,6,1,2022-04-14 10:37:07
1649932635615114000,35.6,5,35.6,3,35.65,1,2,2022-04-14 10:37:15
1649932641946364000,35.6,1,35.6,2,35.65,5,2,2022-04-14 10:37:21
1649932666865599000,35.65,1,35.6,3,35.65,4,1,2022-04-14 10:37:46
1649932675506421000,35.6,3,35.55,25,35.6,1,2,2022-04-14 10:37:55
1649932675535928000,35.6,1,35.55,25,35.7,1,1,2022-04-14 10:37:55
1649932675720274000,35.6,1,35.55,25,35.7,1,1,2022-04-14 10:37:55
1649932738299003000,35.6,6,35.55,26,35.6,4,2,2022-04-14 10:38:58
1649932739203731000,35.6,1,35.55,26,35.6,3,1,2022-04-14 10:38:59
1649932746800247000,35.55,14,35.55,12,35.6,3,2,2022-04-14 10:39:06
1649932750873900000,35.6,3,35.55,12,35.65,3,1,2022-04-14 10:39:10
1649932795230115000,35.6,1,35.55,18,35.6,2,1,2022-04-14 10:39:55
1649932811597918000,35.6,1,35.55,18,35.6,2,1,2022-04-14 10:40:11
1649932832053793000,35.6,1,35.55,19,35.6,2,1,2022-04-14 10:40:32
1649932835385373000,35.6,1,35.55,19,35.6,1,1,2022-04-14 10:40:35
1649932839050922000,35.6,1,35.55,19,35.65,1,1,2022-04-14 10:40:39
1649932875080619000,35.65,2,35.6,2,35.7,11,1,2022-04-14 10:41:15
1649932894301162000,35.7,3,35.6,7,35.7,8,1,2022-04-14 10:41:34
1649932997016942000,35.65,1,35.6,11,35.65,7,1,2022-04-14 10:43:17
1649933024808761000,35.6,2,35.6,8,35.65,7,2,2022-04-14 10:43:44
1649933035648564000,35.6,7,35.6,1,35.9,1,2,2022-04-14 10:43:55
1649933141165486000,35.6,1,35.6,5,35.75,1,2,2022-04-14 10:45:41
1649933175117957000,35.85,1,35.6,2,35.9,4,1,2022-04-14 10:46:15
1649933246900254000,35.9,2,35.65,1,35.9,2,1,2022-04-14 10:47:26
1649933255164059000,35.9,1,35.65,4,35.9,1,1,2022-04-14 10:47:35
1649933269219744000,35.85,1,35.7,1,35.95,1,2,2022-04-14 10:47:49
1649933280345930000,35.85,2,35.85,3,35.95,1,2,2022-04-14 10:48:00
1649933280377398000,35.85,1,35.85,2,35.95,1,2,2022-04-14 10:48:00
1649933304102229000,35.85,1,35.85,1,35.95,5,2,2022-04-14 10:48:24
1649933304134196000,35.85,1,35.65,4,35.95,5,2,2022-04-14 10:48:24
1649933394232460000,35.85,1,35.65,4,35.85,3,1,2022-04-14 10:49:54
1649933403759774000,35.85,1,35.65,4,35.85,2,1,2022-04-14 10:50:03
1649933442274756000,35.85,2,35.85,1,35.9,3,1,2022-04-14 10:50:42
1649933442299887000,35.85,1,35.65,4,35.9,3,2,2022-04-14 10:50:42
1649933513041142000,35.9,1,35.65,4,35.9,3,1,2022-04-14 10:51:53
1649933543968455000,35.85,1,35.65,4,35.85,3,1,2022-04-14 10:52:23
1649933638701168000,35.85,1,35.7,1,35.85,2,1,2022-04-14 10:53:58
1649933646264591000,35.85,2,35.85,3,35.9,2,1,2022-04-14 10:54:06
1649933727248766000,35.9,1,35.85,3,35.9,1,1,2022-04-14 10:55:27
1649933758847490000,35.9,1,35.85,4,35.95,4,1,2022-04-14 10:55:58
1649933771122509000,35.95,1,35.85,4,35.95,4,1,2022-04-14 10:56:11
1649933800136089000,35.95,1,35.85,4,35.95,3,1,2022-04-14 10:56:40
1649933912764602000,35.95,1,35.85,4,35.95,1,1,2022-04-14 10:58:32
1649933929686903000,35.85,4,35.7,1,35.85,2,2,2022-04-14 10:58:49
1649933993235802000,35.85,1,35.7,3,35.85,2,1,2022-04-14 10:59:53
1649934008543587000,35.85,1,35.7,3,35.95,1,1,2022-04-14 11:00:08
1649934029125952000,35.95,1,35.7,5,35.95,2,1,2022-04-14 11:00:29
1649934209045480000,35.85,1,35.7,6,35.9,7,2,2022-04-14 11:03:29
1649934286958776000,35.9,1,35.8,6,35.9,6,1,2022-04-14 11:04:46
1649934380163866000,35.9,5,35.8,6,35.9,7,1,2022-04-14 11:06:20
1649934416581318000,35.9,5,35.8,6,35.9,2,1,2022-04-14 11:06:56
1649934425153365000,35.9,1,35.8,6,35.9,1,1,2022-04-14 11:07:05
1649934444210359000,35.9,1,35.9,4,35.95,3,1,2022-04-14 11:07:24
1649934458414582000,35.95,1,35.9,15,35.95,3,1,2022-04-14 11:07:38
1649934460903162000,35.95,1,35.9,15,35.95,2,1,2022-04-14 11:07:40
1649934460933539000,35.95,2,35.9,15,36.0,4,1,2022-04-14 11:07:40
1649934487344890000,35.95,1,35.9,15,36.0,5,2,2022-04-14 11:08:07
1649934492420825000,35.95,1,35.9,15,36.0,5,2,2022-04-14 11:08:12
1649934545220561000,35.95,1,35.9,17,35.95,1,1,2022-04-14 11:09:05
1649934560879718000,35.9,1,35.9,16,35.95,1,2,2022-04-14 11:09:20
1649934590829045000,35.9,2,35.9,15,35.95,1,2,2022-04-14 11:09:50
1649934592240043000,35.95,1,35.9,15,36.0,4,1,2022-04-14 11:09:52
1649934599414185000,35.95,1,35.9,15,36.0,4,2,2022-04-14 11:09:59
1649934670231726000,35.95,1,35.95,1,36.0,7,2,2022-04-14 11:11:10
1649934771242414000,35.95,1,35.9,14,36.0,7,2,2022-04-14 11:12:51
1649934803002417000,35.95,1,35.9,14,35.95,3,1,2022-04-14 11:13:23
1649934848310627000,35.95,1,35.9,13,35.95,2,1,2022-04-14 11:14:08
1649934900150875000,35.9,1,35.9,13,35.95,6,2,2022-04-14 11:15:00
1649934900179407000,35.9,1,35.9,12,35.95,6,2,2022-04-14 11:15:00
1649934986514309000,35.9,1,35.9,11,35.95,6,2,2022-04-14 11:16:26
1649934986535947000,35.9,1,35.9,10,35.95,6,2,2022-04-14 11:16:26
1649935041367103000,35.95,1,35.9,10,35.95,6,1,2022-04-14 11:17:21
1649935045989593000,35.9,1,35.9,9,35.95,6,2,2022-04-14 11:17:25
1649935050170347000,35.95,1,35.9,9,35.95,5,1,2022-04-14 11:17:30
1649935061179180000,35.95,1,35.9,9,35.95,5,1,2022-04-14 11:17:41
1649935073708523000,35.95,1,35.9,9,35.95,3,1,2022-04-14 11:17:53
1649935191226801000,35.95,1,35.9,9,35.95,2,1,2022-04-14 11:19:51
1649935227022971000,35.95,1,35.9,9,35.95,1,1,2022-04-14 11:20:27
1649935281794094000,35.9,1,35.9,9,35.95,1,2,2022-04-14 11:21:21
1649935295205992000,35.9,1,35.9,8,35.95,2,2,2022-04-14 11:21:35
1649935319048854000,35.95,1,35.9,8,35.95,1,1,2022-04-14 11:21:59
1649935577136641000,36.0,1,35.95,4,36.0,9,1,2022-04-14 11:26:17
1649935586766243000,35.95,2,35.95,2,36.0,8,2,2022-04-14 11:26:26
1649935590320868000,35.95,1,35.95,1,36.0,8,2,2022-04-14 11:26:30
1649935595602771000,36.0,1,35.95,1,36.0,7,1,2022-04-14 11:26:35
1649935662334037000,35.95,2,35.9,8,36.0,7,2,2022-04-14 11:27:42
1649935675172139000,36.0,1,35.9,8,36.0,6,1,2022-04-14 11:27:55
1649935790229892000,36.0,1,35.9,8,36.0,8,1,2022-04-14 11:29:50
1649935835135705000,36.0,1,35.9,8,36.0,7,1,2022-04-14 11:30:35
1649935862908663000,36.0,1,35.9,8,36.0,6,1,2022-04-14 11:31:02
1649936092967301000,36.0,1,35.9,10,36.0,6,1,2022-04-14 11:34:52
1649936217110121000,35.9,1,35.9,9,36.0,14,2,2022-04-14 11:36:57
1649936234628626000,35.9,9,35.8,6,36.0,14,2,2022-04-14 11:37:14
1649936234628626000,35.85,2,35.8,6,36.0,14,2,2022-04-14 11:37:14
1649936234628626000,35.8,3,35.8,6,36.0,14,2,2022-04-14 11:37:14
1649936300187431000,35.85,1,35.8,6,35.85,2,1,2022-04-14 11:38:20
1649936301650796000,35.8,2,35.8,4,35.85,2,2,2022-04-14 11:38:21
1649936319454840000,35.8,1,35.8,3,35.85,2,2,2022-04-14 11:38:39
1649936323291565000,35.8,3,35.75,2,35.8,1,2,2022-04-14 11:38:43
1649936338453368000,35.75,1,35.75,1,35.8,2,2,2022-04-14 11:38:58
1649936340456434000,35.75,1,35.7,3,35.8,2,2,2022-04-14 11:39:00
1649936351216069000,35.8,1,35.7,4,35.8,1,1,2022-04-14 11:39:11
1649936389233723000,35.8,1,35.7,4,35.85,2,1,2022-04-14 11:39:49
1649936471165758000,35.8,1,35.75,1,35.85,2,1,2022-04-14 11:41:11
1649936561957729000,35.8,1,35.75,1,35.85,2,2,2022-04-14 11:42:41
1649936603242794000,35.8,1,35.75,1,35.85,2,2,2022-04-14 11:43:23
1649936608996179000,35.85,1,35.75,1,35.85,1,1,2022-04-14 11:43:28
1649936691331256000,35.8,1,35.75,1,35.85,1,2,2022-04-14 11:44:51
1649936718297374000,35.8,1,35.75,1,35.85,1,2,2022-04-14 11:45:18
1649936782464146000,35.8,1,35.7,4,35.75,2,2,2022-04-14 11:46:22
1649936782464146000,35.75,2,35.7,4,35.75,2,2,2022-04-14 11:46:22
1649936782731548000,35.7,4,35.65,1,35.75,2,2,2022-04-14 11:46:22
1649936833816121000,35.7,1,35.65,3,35.75,2,1,2022-04-14 11:47:13
1649936858009126000,35.7,1,35.65,3,35.75,2,2,2022-04-14 11:47:38
1649936867176288000,35.75,1,35.65,3,35.75,1,1,2022-04-14 11:47:47
1649936867206753000,35.75,1,35.65,3,35.85,1,1,2022-04-14 11:47:47
1649936925203917000,35.85,1,35.7,1,35.9,10,1,2022-04-14 11:48:45
1649936988235803000,35.9,1,35.7,1,35.9,10,1,2022-04-14 11:49:48
1649937042538603000,35.85,1,35.7,1,35.9,9,1,2022-04-14 11:50:42
1649937109730698000,35.7,2,35.6,16,35.9,10,2,2022-04-14 11:51:49
1649937109730698000,35.65,6,35.6,16,35.9,10,2,2022-04-14 11:51:49
1649937109730698000,35.6,6,35.6,16,35.9,10,2,2022-04-14 11:51:49
1649937125039841000,35.85,1,35.6,16,35.9,10,1,2022-04-14 11:52:05
1649937292060904000,35.65,1,35.65,1,35.85,6,2,2022-04-14 11:54:52
1649937383136468000,35.85,1,35.65,2,35.85,6,1,2022-04-14 11:56:23
1649937550219883000,35.85,1,35.65,7,35.85,6,1,2022-04-14 11:59:10
1649937554587974000,35.85,1,35.65,7,35.85,5,1,2022-04-14 11:59:14
1649937587242437000,35.85,1,35.65,8,35.85,4,1,2022-04-14 11:59:47
1649937641116969000,35.85,1,35.65,8,35.85,3,1,2022-04-14 12:00:41
1649937767144524000,35.65,8,35.6,7,35.8,5,2,2022-04-14 12:02:47
1649937767144524000,35.6,7,35.6,7,35.8,5,2,2022-04-14 12:02:47
1649937829230995000,35.8,2,35.65,1,35.8,3,1,2022-04-14 12:03:49
1649937838221185000,35.65,1,35.6,7,35.8,3,2,2022-04-14 12:03:58
1649937898958894000,35.75,1,35.6,8,35.8,4,1,2022-04-14 12:04:58
1649938022948697000,35.7,1,35.7,1,35.75,20,2,2022-04-14 12:07:02
1649938026284924000,35.7,1,35.65,1,35.75,20,2,2022-04-14 12:07:06
1649938036600534000,35.65,1,35.6,8,35.7,2,2,2022-04-14 12:07:16
1649938038748709000,35.6,8,35.55,7,35.7,2,2,2022-04-14 12:07:18
1649938038748709000,35.55,25,35.55,7,35.7,2,2,2022-04-14 12:07:18
1649938046630174000,35.55,7,35.5,91,35.7,2,2,2022-04-14 12:07:26
1649938046630174000,35.5,58,35.5,91,35.7,2,2,2022-04-14 12:07:26
1649938046827254000,35.5,2,35.5,89,35.7,2,2,2022-04-14 12:07:26
1649938046837544000,35.5,2,35.5,87,35.7,2,2,2022-04-14 12:07:26
1649938046857765000,35.5,2,35.5,85,35.7,2,2,2022-04-14 12:07:26
1649938046888135000,35.5,43,35.5,42,35.7,2,2,2022-04-14 12:07:26
1649938046919201000,35.5,1,35.5,41,35.7,2,2,2022-04-14 12:07:26
1649938047910756000,35.5,6,35.5,35,35.7,2,2,2022-04-14 12:07:27
1649938047910760000,35.5,1,35.5,34,35.7,2,2,2022-04-14 12:07:27
1649938052788260000,35.5,8,35.5,26,35.7,2,2,2022-04-14 12:07:32
1649938058339364000,35.5,2,35.5,24,35.7,2,2,2022-04-14 12:07:38
1649938063351084000,35.5,2,35.5,22,35.7,2,2,2022-04-14 12:07:43
1649938071379013000,35.55,1,35.5,22,35.65,1,2,2022-04-14 12:07:51
1649938101336429000,35.6,1,35.55,1,35.65,1,2,2022-04-14 12:08:21
1649938107532798000,35.55,1,35.55,1,35.65,1,2,2022-04-14 12:08:27
1649938122924892000,35.55,1,35.5,25,35.6,1,2,2022-04-14 12:08:42
1649938146217669000,35.55,2,35.55,3,35.6,1,1,2022-04-14 12:09:06
1649938157229894000,35.65,1,35.55,3,35.7,1,1,2022-04-14 12:09:17
1649938175247516000,35.65,1,35.55,3,35.65,4,1,2022-04-14 12:09:35
1649938185541743000,35.65,1,35.55,3,35.65,3,1,2022-04-14 12:09:45
1649938186244371000,35.65,1,35.55,3,35.65,2,1,2022-04-14 12:09:46
1649938234386728000,35.55,6,35.5,27,35.65,2,2,2022-04-14 12:10:34
1649938234386728000,35.5,3,35.5,27,35.65,2,2,2022-04-14 12:10:34
1649938234447934000,35.65,1,35.5,27,35.65,1,1,2022-04-14 12:10:34
1649938238715767000,35.5,10,35.5,17,35.65,1,2,2022-04-14 12:10:38
1649938260432984000,35.5,4,35.5,10,35.6,1,2,2022-04-14 12:11:00
1649938271934659000,35.5,5,35.5,5,35.6,2,2,2022-04-14 12:11:11
1649938274259888000,35.5,1,35.5,4,35.55,1,2,2022-04-14 12:11:14
1649938283921829000,35.5,1,35.5,3,35.55,1,2,2022-04-14 12:11:23
1649938288837904000,35.5,2,35.5,2,35.55,1,2,2022-04-14 12:11:28
1649938360843750000,35.5,1,35.5,1,35.55,1,2,2022-04-14 12:12:40
1649938382916170000,35.5,1,35.45,42,35.55,1,2,2022-04-14 12:13:02
1649938415005160000,35.5,1,35.45,42,35.5,1,1,2022-04-14 12:13:35
1649938420210857000,35.5,1,35.45,42,35.55,1,1,2022-04-14 12:13:40
1649938430533418000,35.45,1,35.45,41,35.55,1,2,2022-04-14 12:13:50
1649938430652221000,35.45,1,35.45,40,35.55,1,2,2022-04-14 12:13:50
1649938465977818000,35.45,1,35.45,39,35.55,1,2,2022-04-14 12:14:25
1649938503676387000,35.5,1,35.45,39,35.55,1,2,2022-04-14 12:15:03
1649938504267280000,35.55,1,35.45,39,35.6,3,1,2022-04-14 12:15:04
1649938586551858000,35.5,1,35.5,1,35.6,1,2,2022-04-14 12:16:26
1649938630399868000,35.6,1,35.45,41,35.65,3,1,2022-04-14 12:17:10
1649938635596712000,35.45,2,35.45,39,35.65,3,2,2022-04-14 12:17:15
1649938673191426000,35.65,1,35.5,1,35.65,2,1,2022-04-14 12:17:53
1649938785245582000,35.6,1,35.5,2,35.65,3,1,2022-04-14 12:19:45
1649938800253122000,35.65,1,35.5,2,35.65,2,1,2022-04-14 12:20:00
1649938860065890000,35.65,4,35.65,1,35.7,7,1,2022-04-14 12:21:00
1649938931082275000,35.7,1,35.65,1,35.7,6,1,2022-04-14 12:22:11
1649938960239970000,35.7,1,35.65,1,35.7,5,1,2022-04-14 12:22:40
1649939042004795000,35.5,2,35.5,2,35.65,1,2,2022-04-14 12:24:02
1649939076369557000,35.55,2,35.5,5,35.65,1,2,2022-04-14 12:24:36
1649939092036088000,35.55,1,35.5,5,35.65,1,2,2022-04-14 12:24:52
1649939189150367000,35.65,1,35.55,2,35.65,5,1,2022-04-14 12:26:29
1649939231494521000,35.55,2,35.5,6,35.55,8,2,2022-04-14 12:27:11
1649939235659605000,35.5,4,35.5,2,35.65,4,2,2022-04-14 12:27:15
1649939235885556000,35.5,2,35.45,38,35.5,2,2,2022-04-14 12:27:15
1649939243833023000,35.45,2,35.45,36,35.65,4,2,2022-04-14 12:27:23
1649939276329515000,35.5,1,35.45,36,35.6,1,2,2022-04-14 12:27:56
1649939315346529000,35.55,1,35.5,2,35.6,2,2,2022-04-14 12:28:35
1649939384248403000,35.6,1,35.5,2,35.6,1,1,2022-04-14 12:29:44
1649939400983366000,35.5,2,35.5,1,35.6,1,2,2022-04-14 12:30:00
1649939425154230000,35.6,1,35.5,1,35.65,5,1,2022-04-14 12:30:25
1649939447120185000,35.65,1,35.5,1,35.65,4,1,2022-04-14 12:30:47
1649939484809262000,35.6,1,35.5,1,35.6,3,1,2022-04-14 12:31:24
1649939562379571000,35.6,1,35.5,3,35.6,1,1,2022-04-14 12:32:42
1649939587063531000,35.5,1,35.5,2,35.6,4,2,2022-04-14 12:33:07
1649939704968501000,35.6,1,35.5,4,35.6,5,1,2022-04-14 12:35:04
1649939719708566000,35.55,1,35.5,5,35.6,4,1,2022-04-14 12:35:19
1649939746605427000,35.5,3,35.5,2,35.6,4,2,2022-04-14 12:35:46
1649939747583340000,35.5,1,35.5,1,35.6,4,2,2022-04-14 12:35:47
1649939810318121000,35.5,1,35.5,1,35.6,10,2,2022-04-14 12:36:50
1649939865351283000,35.55,1,35.5,2,35.6,7,2,2022-04-14 12:37:45
1649939871946671000,35.5,1,35.5,1,35.6,7,2,2022-04-14 12:37:51
1649939899361219000,35.5,1,35.45,39,35.6,8,2,2022-04-14 12:38:19
1649939963254291000,35.6,1,35.5,12,35.6,8,1,2022-04-14 12:39:23
1649939983274777000,35.6,1,35.5,12,35.6,8,1,2022-04-14 12:39:43
1649940050102359000,35.6,1,35.55,2,35.6,7,1,2022-04-14 12:40:50
1649940051681303000,35.6,1,35.55,2,35.6,6,1,2022-04-14 12:40:51
1649940094810586000,35.6,5,35.55,4,35.6,1,1,2022-04-14 12:41:34
1649940094837370000,35.6,1,35.55,4,35.65,4,1,2022-04-14 12:41:34
1649940159018300000,35.65,1,35.6,1,35.65,6,1,2022-04-14 12:42:39
1649940171359972000,35.6,1,35.55,4,35.65,6,2,2022-04-14 12:42:51
1649940221012426000,35.6,1,35.55,5,35.65,6,1,2022-04-14 12:43:41
1649940256138906000,35.6,2,35.55,5,35.65,6,1,2022-04-14 12:44:16
1649940377338861000,35.55,1,35.55,4,35.6,20,2,2022-04-14 12:46:17
1649940417520495000,35.55,1,35.55,3,35.6,20,2,2022-04-14 12:46:57
1649940417549264000,35.55,1,35.55,2,35.6,20,2,2022-04-14 12:46:57
1649940421809450000,35.55,2,35.5,13,35.6,20,2,2022-04-14 12:47:01
1649940479205212000,35.6,1,35.5,13,35.6,19,1,2022-04-14 12:47:59
1649940514953123000,35.55,1,35.55,2,35.6,19,2,2022-04-14 12:48:34
1649940526010256000,35.55,1,35.55,1,35.6,20,2,2022-04-14 12:48:46
1649940541123647000,35.55,1,35.5,12,35.6,20,2,2022-04-14 12:49:01
1649940582255747000,35.6,1,35.5,12,35.6,19,1,2022-04-14 12:49:42
1649940641348561000,35.6,20,35.5,12,35.65,7,1,2022-04-14 12:50:41
1649940661795541000,35.65,4,35.55,1,35.65,3,1,2022-04-14 12:51:01
1649940661815465000,35.65,3,35.55,1,35.7,5,1,2022-04-14 12:51:01
1649940675085911000,35.7,1,35.55,6,35.7,4,1,2022-04-14 12:51:15
1649940709065116000,35.7,4,35.55,10,35.8,2,1,2022-04-14 12:51:49
1649940709065116000,35.75,1,35.55,10,35.8,2,1,2022-04-14 12:51:49
1649940709065116000,35.8,8,35.55,10,35.8,2,1,2022-04-14 12:51:49
1649940729230810000,35.8,1,35.6,4,35.8,2,1,2022-04-14 12:52:09
1649940737056695000,35.8,1,35.6,4,35.8,2,1,2022-04-14 12:52:17
1649940778497918000,35.8,1,35.65,1,35.8,4,2,2022-04-14 12:52:58
1649940786499971000,35.8,1,35.65,1,35.8,3,1,2022-04-14 12:53:06
1649940820146336000,35.75,1,35.7,1,35.8,3,2,2022-04-14 12:53:40
1649940862182842000,35.75,1,35.7,2,35.8,3,1,2022-04-14 12:54:22
1649940874466606000,35.8,1,35.7,4,35.8,2,1,2022-04-14 12:54:34
1649940970482406000,35.8,1,35.75,2,35.8,2,1,2022-04-14 12:56:10
1649940995164614000,35.8,1,35.75,5,35.8,1,1,2022-04-14 12:56:35
1649941030832758000,35.8,1,35.8,1,35.85,9,1,2022-04-14 12:57:10
1649941086587315000,35.8,1,35.75,7,35.8,4,2,2022-04-14 12:58:06
1649941181258043000,35.8,1,35.75,7,35.8,4,1,2022-04-14 12:59:41
1649941205815220000,35.8,1,35.75,7,35.8,3,1,2022-04-14 13:00:05
1649941205880226000,35.75,1,35.75,6,35.8,3,2,2022-04-14 13:00:05
1649941247860356000,35.75,2,35.75,4,35.8,3,2,2022-04-14 13:00:47
1649941253110100000,35.8,1,35.75,4,35.8,2,1,2022-04-14 13:00:53
1649941268744817000,35.8,1,35.75,4,35.85,5,1,2022-04-14 13:01:08
1649941300075023000,35.8,1,35.75,4,35.85,5,1,2022-04-14 13:01:40
1649941370274927000,35.8,1,35.75,4,35.8,3,1,2022-04-14 13:02:50
1649941378733449000,35.8,1,35.75,4,35.8,1,1,2022-04-14 13:02:58
1649941407389831000,35.8,1,35.75,4,35.8,1,1,2022-04-14 13:03:27
1649941468834853000,35.8,1,35.75,4,35.8,1,1,2022-04-14 13:04:28
1649941511015806000,35.8,1,35.75,6,35.8,1,1,2022-04-14 13:05:11
1649941521262613000,35.8,1,35.75,6,35.85,9,1,2022-04-14 13:05:21
1649941585890495000,35.8,1,35.75,6,35.8,1,1,2022-04-14 13:06:25
1649941605412908000,35.75,3,35.75,3,35.8,2,2,2022-04-14 13:06:45
1649941613089833000,35.75,1,35.75,2,35.8,2,2,2022-04-14 13:06:53
1649941617974034000,35.75,1,35.75,3,35.8,2,2,2022-04-14 13:06:57
1649941631111519000,35.75,1,35.75,3,35.8,3,2,2022-04-14 13:07:11
1649941635291171000,35.75,2,35.75,1,35.8,3,2,2022-04-14 13:07:15
1649941637171193000,35.75,1,35.7,3,35.8,3,2,2022-04-14 13:07:17
1649941643366754000,35.7,2,35.7,1,35.75,1,2,2022-04-14 13:07:23
1649941657966546000,35.7,1,35.55,5,35.75,5,2,2022-04-14 13:07:37
1649941657966546000,35.65,3,35.55,5,35.75,5,2,2022-04-14 13:07:37
1649941657966546000,35.6,11,35.55,5,35.75,5,2,2022-04-14 13:07:37
1649941657966546000,35.55,5,35.55,5,35.75,5,2,2022-04-14 13:07:37
1649941687829118000,35.6,1,35.6,1,35.7,2,2,2022-04-14 13:08:07
1649941701136094000,35.6,1,35.55,5,35.7,2,2,2022-04-14 13:08:21
1649941711272977000,35.55,1,35.55,4,35.65,2,2,2022-04-14 13:08:31
1649941735436539000,35.55,5,35.5,17,35.6,6,2,2022-04-14 13:08:55
1649941737999760000,35.55,1,35.55,2,35.6,5,2,2022-04-14 13:08:57
1649941755179523000,35.55,1,35.55,1,35.6,5,2,2022-04-14 13:09:15
1649941764699582000,35.55,1,35.55,1,35.6,5,2,2022-04-14 13:09:24
1649941765387178000,35.55,1,35.5,17,35.6,5,2,2022-04-14 13:09:25
1649941769259200000,35.6,1,35.5,17,35.6,4,1,2022-04-14 13:09:29
1649941800054011000,35.55,3,35.55,2,35.6,4,2,2022-04-14 13:10:00
1649941832508925000,35.55,5,35.55,3,35.6,4,2,2022-04-14 13:10:32
1649941857312676000,35.55,5,35.5,17,35.55,5,2,2022-04-14 13:10:57
1649941861302840000,35.5,1,35.5,16,35.55,6,2,2022-04-14 13:11:01
1649941865836198000,35.5,3,35.5,23,35.55,6,2,2022-04-14 13:11:05
1649941897267072000,35.5,1,35.5,23,35.55,7,2,2022-04-14 13:11:37
1649941910723325000,35.5,5,35.5,18,35.55,8,2,2022-04-14 13:11:50
1649941926252887000,35.5,5,35.5,14,35.55,8,2,2022-04-14 13:12:06
1649941932868721000,35.5,1,35.5,13,35.55,8,2,2022-04-14 13:12:12
1649941935962239000,35.55,1,35.5,13,35.55,7,1,2022-04-14 13:12:15
1649941950118680000,35.55,1,35.5,14,35.55,5,1,2022-04-14 13:12:30
1649941952530475000,35.55,2,35.5,15,35.55,3,1,2022-04-14 13:12:32
1649941952562038000,35.55,3,35.5,15,35.6,4,1,2022-04-14 13:12:32
1649941983528388000,35.55,2,35.5,15,35.55,3,1,2022-04-14 13:13:03
1649941986090812000,35.55,1,35.5,15,35.55,2,1,2022-04-14 13:13:06
1649941992809142000,35.55,1,35.5,15,35.55,1,1,2022-04-14 13:13:12
1649942001624212000,35.55,1,35.5,15,35.55,2,1,2022-04-14 13:13:21
1649942006791923000,35.55,1,35.5,17,35.55,1,1,2022-04-14 13:13:26
1649942016312377000,35.55,1,35.5,17,35.6,6,1,2022-04-14 13:13:36
1649942027812272000,35.5,15,35.5,2,35.55,1,2,2022-04-14 13:13:47
1649942039129982000,35.5,1,35.5,6,35.55,3,2,2022-04-14 13:13:59
1649942066947262000,35.55,1,35.5,16,35.55,7,1,2022-04-14 13:14:26
1649942076292732000,35.55,5,35.5,18,35.55,2,1,2022-04-14 13:14:36
1649942076319275000,35.55,1,35.5,18,35.55,1,1,2022-04-14 13:14:36
1649942078600464000,35.55,1,35.5,20,35.6,6,1,2022-04-14 13:14:38
1649942099221590000,35.6,2,35.55,13,35.6,4,1,2022-04-14 13:14:59
1649942099253087000,35.6,1,35.55,13,35.6,3,1,2022-04-14 13:14:59
1649942102046419000,35.6,1,35.55,16,35.6,3,1,2022-04-14 13:15:02
1649942104606388000,35.6,1,35.55,15,35.6,2,1,2022-04-14 13:15:04
1649942104633714000,35.6,1,35.55,15,35.6,1,1,2022-04-14 13:15:04
1649942104654445000,35.6,1,35.55,15,35.65,3,1,2022-04-14 13:15:04
1649942137915933000,35.65,1,35.6,10,35.7,2,1,2022-04-14 13:15:37
1649942161237419000,35.65,3,35.6,6,35.65,2,2,2022-04-14 13:16:01
1649942161588517000,35.65,2,35.6,7,35.75,3,1,2022-04-14 13:16:01
1649942161588517000,35.7,2,35.6,7,35.75,3,1,2022-04-14 13:16:01
1649942161601551000,35.75,3,35.6,7,35.8,5,1,2022-04-14 13:16:01
1649942166756484000,35.75,1,35.65,4,35.8,3,1,2022-04-14 13:16:06
1649942166756484000,35.8,2,35.65,4,35.8,3,1,2022-04-14 13:16:06
1649942171437821000,35.8,3,35.65,5,35.85,7,1,2022-04-14 13:16:11
1649942174527374000,35.85,3,35.65,6,35.85,4,1,2022-04-14 13:16:14
1649942174547969000,35.85,4,35.65,6,35.9,3,1,2022-04-14 13:16:14
1649942177182519000,35.9,3,35.7,3,35.95,3,1,2022-04-14 13:16:17
1649942177628248000,35.95,1,35.75,2,35.95,2,1,2022-04-14 13:16:17
1649942183440287000,35.95,2,35.75,3,36.05,3,1,2022-04-14 13:16:23
1649942183440287000,36.0,17,35.75,3,36.05,3,1,2022-04-14 13:16:23
1649942183440287000,36.05,11,35.75,3,36.05,3,1,2022-04-14 13:16:23
1649942189791327000,36.05,1,35.8,3,36.05,3,1,2022-04-14 13:16:29
1649942208096074000,35.9,2,35.85,8,35.95,1,1,2022-04-14 13:16:48
1649942209165229000,35.95,1,35.85,8,36.0,3,1,2022-04-14 13:16:49
1649942224361927000,36.0,1,35.85,10,36.0,2,1,2022-04-14 13:17:04
1649942243044247000,35.95,1,35.9,5,35.95,1,1,2022-04-14 13:17:23
1649942244500783000,35.95,1,35.95,4,36.0,3,1,2022-04-14 13:17:24
1649942246377852000,36.0,3,35.95,8,36.1,5,1,2022-04-14 13:17:26
1649942246377852000,36.05,2,35.95,8,36.1,5,1,2022-04-14 13:17:26
1649942266166329000,36.0,1,35.95,4,36.05,6,2,2022-04-14 13:17:46
1649942266195559000,36.0,2,36.0,1,36.05,6,2,2022-04-14 13:17:46
1649942266230801000,36.0,1,35.95,3,36.05,6,2,2022-04-14 13:17:46
1649942266455001000,36.05,1,36.0,2,36.05,5,1,2022-04-14 13:17:46
1649942267871084000,36.05,1,36.0,2,36.05,4,1,2022-04-14 13:17:47
1649942274835103000,36.0,1,36.0,2,36.05,5,2,2022-04-14 13:17:54
1649942277691945000,36.0,2,35.95,3,36.0,58,2,2022-04-14 13:17:57
1649942277720713000,35.95,3,35.9,4,36.0,58,2,2022-04-14 13:17:57
1649942289172507000,35.9,1,35.9,3,35.95,6,2,2022-04-14 13:18:09
1649942292607567000,35.9,3,35.85,3,35.95,6,2,2022-04-14 13:18:12
1649942306047946000,35.85,4,35.8,5,35.85,1,2,2022-04-14 13:18:26
1649942311362559000,35.8,1,35.8,5,35.85,59,2,2022-04-14 13:18:31
1649942318679083000,35.8,1,35.8,4,35.85,58,2,2022-04-14 13:18:38
1649942322598801000,35.8,1,35.8,3,35.85,58,2,2022-04-14 13:18:42
1649942328515494000,35.8,2,35.8,1,35.85,58,2,2022-04-14 13:18:48
1649942330779610000,35.85,3,35.8,1,35.85,55,1,2022-04-14 13:18:50
1649942335065406000,35.8,1,35.65,1,35.85,55,2,2022-04-14 13:18:55
1649942354837495000,35.7,1,35.65,1,35.8,8,2,2022-04-14 13:19:14
1649942380792853000,35.75,1,35.65,5,35.7,54,2,2022-04-14 13:19:40
1649942382204539000,35.7,2,35.65,5,35.7,52,1,2022-04-14 13:19:42
1649942388822107000,35.65,1,35.65,4,35.7,52,2,2022-04-14 13:19:48
1649942393285469000,35.65,4,35.6,4,35.65,48,2,2022-04-14 13:19:53
1649942408838333000,35.6,4,35.55,21,35.65,48,2,2022-04-14 13:20:08
1649942410466007000,35.6,3,35.55,23,35.6,45,2,2022-04-14 13:20:10
1649942410490991000,35.6,1,35.55,23,35.6,44,1,2022-04-14 13:20:10
1649942419681997000,35.55,4,35.55,19,35.6,44,2,2022-04-14 13:20:19
1649942425972924000,35.55,19,35.5,14,35.55,25,2,2022-04-14 13:20:25
1649942431046353000,35.5,4,35.5,12,35.55,32,2,2022-04-14 13:20:31
1649942434936491000,35.5,13,35.45,11,35.5,12,2,2022-04-14 13:20:34
1649942437305677000,35.5,2,35.45,12,35.5,10,1,2022-04-14 13:20:37
1649942438977110000,35.5,1,35.45,12,35.5,9,1,2022-04-14 13:20:38
1649942439514152000,35.5,4,35.45,12,35.5,5,1,2022-04-14 13:20:39
1649942439535406000,35.5,5,35.45,12,35.55,7,1,2022-04-14 13:20:39
1649942442239880000,35.55,1,35.45,12,35.55,6,1,2022-04-14 13:20:42
1649942451319404000,35.55,6,35.55,6,35.8,1,1,2022-04-14 13:20:51
1649942521803097000,35.65,1,35.6,2,35.75,1,2,2022-04-14 13:22:01
1649942537828736000,35.65,1,35.6,3,35.7,1,1,2022-04-14 13:22:17
1649942552807312000,35.6,1,35.6,2,35.65,1,2,2022-04-14 13:22:32
1649942560065043000,35.65,1,35.6,3,35.7,1,1,2022-04-14 13:22:40
1649942567629997000,35.65,1,35.6,2,35.7,1,2,2022-04-14 13:22:47
1649942567629997000,35.6,1,35.6,2,35.7,1,2,2022-04-14 13:22:47
1649942571929229000,35.65,1,35.6,2,35.7,1,1,2022-04-14 13:22:51
1649942574445789000,35.6,2,35.55,15,35.7,1,2,2022-04-14 13:22:54
1649942574445789000,35.55,1,35.55,15,35.7,1,2,2022-04-14 13:22:54
1649942620102971000,35.65,1,35.65,3,35.7,1,2,2022-04-14 13:23:40
1649942623429767000,35.7,1,35.65,3,35.75,1,1,2022-04-14 13:23:43
1649942644225175000,35.7,1,35.7,4,35.75,1,1,2022-04-14 13:24:04
1649942662232318000,35.7,1,35.7,3,35.75,1,2,2022-04-14 13:24:22
1649942662677181000,35.75,1,35.7,3,35.8,6,1,2022-04-14 13:24:22
1649942677904421000,35.7,1,35.7,1,35.75,4,2,2022-04-14 13:24:37
1649942680364158000,35.7,1,35.65,3,35.75,4,2,2022-04-14 13:24:40
1649942682856591000,35.7,1,35.65,3,35.75,2,1,2022-04-14 13:24:42
1649942682856591000,35.75,2,35.65,3,35.75,2,1,2022-04-14 13:24:42
1649942691478984000,35.75,1,35.75,1,35.8,6,1,2022-04-14 13:24:51
1649942691479233000,35.75,1,35.65,5,35.8,6,2,2022-04-14 13:24:51
1649942698046573000,35.8,2,35.7,1,35.8,4,1,2022-04-14 13:24:58
1649942699262384000,35.8,2,35.7,1,35.8,2,1,2022-04-14 13:24:59
1649943000000000000,36.0,130,35.9,5,36.0,12,1,2022-04-14 13:30:00
