ts,close,volume,bid_price,bid_volume,ask_price,ask_volume,tick_type,datetime
1654678811302461000,126.0,179,126.0,1926,126.5,534,0,2022-06-08 09:00:11
1654678811401424000,126.5,35,126.0,1923,126.5,499,1,2022-06-08 09:00:11
1654678811423871000,126.5,7,126.0,1923,126.5,492,1,2022-06-08 09:00:11
1654678814561300000,126.5,10,126.0,1924,126.5,492,1,2022-06-08 09:00:14
1654678814777022000,126.5,1,126.0,1924,126.5,491,1,2022-06-08 09:00:14
1654678815852075000,126.5,1,126.0,1924,126.5,494,1,2022-06-08 09:00:15
1654678825133351000,126.5,1,126.0,1934,126.5,499,1,2022-06-08 09:00:25
1654678825288828000,126.5,1,126.0,1934,126.5,498,1,2022-06-08 09:00:25
1654678825544012000,126.5,1,126.0,1934,126.5,497,1,2022-06-08 09:00:25
1654678826469613000,126.5,1,126.0,1934,126.5,494,1,2022-06-08 09:00:26
1654678827054223000,126.5,3,126.0,1934,126.5,491,1,2022-06-08 09:00:27
1654678829500004000,126.5,1,126.0,1936,126.5,490,1,2022-06-08 09:00:29
1654678829509862000,126.5,2,126.0,1936,126.5,488,1,2022-06-08 09:00:29
1654678831186700000,126.5,1,126.0,1935,126.5,487,1,2022-06-08 09:00:31
1654678831531880000,126.5,1,126.0,1935,126.5,486,1,2022-06-08 09:00:31
1654678834037385000,126.5,1,126.0,1936,126.5,485,1,2022-06-08 09:00:34
1654678835354892000,126.5,1,126.0,1936,126.5,486,1,2022-06-08 09:00:35
1654678837261751000,126.5,1,126.0,1935,126.5,485,1,2022-06-08 09:00:37
1654678837763183000,126.5,1,126.0,1935,126.5,484,1,2022-06-08 09:00:37
1654678839222104000,126.5,1,126.0,1935,126.5,488,1,2022-06-08 09:00:39
1654678840431016000,126.5,1,126.0,1935,126.5,487,1,2022-06-08 09:00:40
1654678842017731000,126.5,1,126.0,1935,126.5,236,1,2022-06-08 09:00:42
1654678844696061000,126.5,1,126.0,1936,126.5,237,1,2022-06-08 09:00:44
1654678844984163000,126.5,3,126.0,1936,126.5,234,1,2022-06-08 09:00:44
1654678845066212000,126.5,1,126.0,1936,126.5,233,1,2022-06-08 09:00:45
1654678849816655000,126.5,1,126.0,1938,126.5,235,1,2022-06-08 09:00:49
1654678849992158000,126.5,1,126.0,1938,126.5,234,1,2022-06-08 09:00:49
1654678850435627000,126.5,1,126.0,1938,126.5,233,1,2022-06-08 09:00:50
1654678850552392000,126.5,4,126.0,1934,126.5,229,1,2022-06-08 09:00:50
1654678853420481000,126.0,6,126.0,1929,126.5,227,2,2022-06-08 09:00:53
1654678855219637000,126.5,1,126.0,1931,126.5,226,1,2022-06-08 09:00:55
1654678855496956000,126.5,1,126.0,1931,126.5,225,1,2022-06-08 09:00:55
1654678858379604000,126.5,1,126.0,1932,126.5,228,1,2022-06-08 09:00:58
1654678861084448000,126.5,1,126.0,1932,126.5,236,1,2022-06-08 09:01:01
1654678861623956000,126.5,1,126.0,1932,126.5,239,1,2022-06-08 09:01:01
1654678862249286000,126.5,200,126.0,1932,126.5,39,1,2022-06-08 09:01:02
1654678862268597000,126.5,13,126.0,1932,126.5,26,1,2022-06-08 09:01:02
1654678862268721000,126.5,21,126.0,1932,126.5,5,1,2022-06-08 09:01:02
1654678862268799000,126.5,5,126.0,1932,127.0,418,1,2022-06-08 09:01:02
1654678862289122000,126.5,1,126.0,1932,126.5,7,1,2022-06-08 09:01:02
1654678863266706000,126.5,1,126.0,1931,127.0,423,1,2022-06-08 09:01:03
1654678863565988000,126.5,1,126.0,1931,127.0,431,1,2022-06-08 09:01:03
1654678865233518000,126.5,1,126.0,1933,127.0,432,2,2022-06-08 09:01:05
1654678868637318000,126.5,1,126.5,60,127.0,432,2,2022-06-08 09:01:08
1654678869348596000,126.5,1,126.5,60,127.0,432,2,2022-06-08 09:01:09
1654678870932777000,126.5,61,126.0,1956,126.5,19,2,2022-06-08 09:01:10
1654678871589910000,126.5,1,126.0,1959,126.5,26,1,2022-06-08 09:01:11
1654678873387356000,126.5,1,126.0,1962,126.5,27,1,2022-06-08 09:01:13
1654678874078591000,126.5,1,126.0,1961,126.5,26,1,2022-06-08 09:01:14
1654678874250588000,126.5,1,126.0,1961,126.5,25,1,2022-06-08 09:01:14
1654678874878143000,126.5,1,126.0,1961,126.5,24,1,2022-06-08 09:01:14
1654678875086807000,126.5,1,126.0,1961,126.5,23,1,2022-06-08 09:01:15
1654678875934692000,126.5,1,126.0,1961,126.5,22,1,2022-06-08 09:01:15
1654678876578526000,126.5,1,126.0,1961,126.5,27,1,2022-06-08 09:01:16
1654678876962081000,126.5,1,126.0,1961,126.5,26,1,2022-06-08 09:01:16
1654678877492658000,126.0,1,126.0,1960,126.5,27,2,2022-06-08 09:01:17
1654678877568313000,126.5,27,126.5,23,127.0,425,1,2022-06-08 09:01:17
1654678881156530000,126.5,23,126.0,1960,127.0,426,2,2022-06-08 09:01:21
1654678884409826000,126.5,2,126.0,1961,126.5,3,1,2022-06-08 09:01:24
1654678885018302000,126.5,1,126.0,1961,126.5,2,1,2022-06-08 09:01:25
1654678888064346000,126.5,1,126.0,1961,126.5,11,1,2022-06-08 09:01:28
1654678888697090000,126.5,1,126.0,1961,126.5,12,1,2022-06-08 09:01:28
1654678889383090000,126.5,1,126.0,1962,126.5,11,1,2022-06-08 09:01:29
1654678889548529000,126.5,1,126.0,1971,126.5,10,1,2022-06-08 09:01:29
1654678889880351000,126.5,10,126.0,1972,127.0,427,1,2022-06-08 09:01:29
1654678890994294000,126.5,1,126.0,1973,127.0,436,2,2022-06-08 09:01:30
1654678891214337000,126.5,1,126.0,1972,127.0,436,2,2022-06-08 09:01:31
1654678891230926000,126.0,2,126.0,1970,127.0,436,2,2022-06-08 09:01:31
1654678891535990000,126.5,1,126.0,1970,127.0,477,2,2022-06-08 09:01:31
1654678893085762000,126.5,1,126.0,1970,126.5,1,2,2022-06-08 09:01:33
1654678896056239000,126.5,1,126.0,1970,126.5,12,1,2022-06-08 09:01:36
1654678901946896000,126.0,40,126.0,1928,126.5,373,2,2022-06-08 09:01:41
1654678901991424000,126.0,1,126.0,1927,126.5,373,2,2022-06-08 09:01:41
1654678901991926000,126.0,1,126.0,1926,126.5,373,2,2022-06-08 09:01:41
1654678901992081000,126.0,1,126.0,1925,126.5,373,2,2022-06-08 09:01:41
1654678902015635000,126.0,1,126.0,1924,126.5,375,2,2022-06-08 09:01:42
1654678902033492000,126.0,79,126.0,1845,126.5,375,2,2022-06-08 09:01:42
1654678902040810000,126.0,13,126.0,1832,126.5,367,2,2022-06-08 09:01:42
1654678902066438000,126.0,67,126.0,1765,126.5,367,2,2022-06-08 09:01:42
1654678902069882000,126.0,1,126.0,1764,126.5,367,2,2022-06-08 09:01:42
1654678902070872000,126.0,1,126.0,1763,126.5,367,2,2022-06-08 09:01:42
1654678902070952000,126.0,1,126.0,1762,126.5,367,2,2022-06-08 09:01:42
1654678902072203000,126.0,1,126.0,1761,126.5,367,2,2022-06-08 09:01:42
1654678902076111000,126.0,1,126.0,1760,126.5,367,2,2022-06-08 09:01:42
1654678902081615000,126.0,1,126.0,1759,126.5,367,2,2022-06-08 09:01:42
1654678902091467000,126.0,1,126.0,1758,126.5,367,2,2022-06-08 09:01:42
1654678902099052000,126.0,2,126.0,1756,126.5,367,2,2022-06-08 09:01:42
1654678903184975000,126.5,1,126.0,1756,126.5,366,1,2022-06-08 09:01:43
1654678903588203000,126.5,1,126.0,1756,126.5,365,1,2022-06-08 09:01:43
1654678903603384000,126.0,3,126.0,1753,126.5,365,2,2022-06-08 09:01:43
1654678903793238000,126.0,1,126.0,1752,126.5,365,2,2022-06-08 09:01:43
1654678904751153000,126.0,4,126.0,1748,126.5,370,2,2022-06-08 09:01:44
1654678904764954000,126.0,41,126.0,1707,126.5,370,2,2022-06-08 09:01:44
1654678906607624000,126.5,1,126.0,1708,126.5,370,1,2022-06-08 09:01:46
1654678912067997000,126.5,1,126.0,1709,126.5,416,1,2022-06-08 09:01:52
1654678912180254000,126.0,2,126.0,1704,126.5,416,2,2022-06-08 09:01:52
1654678913908254000,126.0,3,126.0,1702,126.5,454,2,2022-06-08 09:01:53
1654678914886086000,126.5,1,126.0,1703,126.5,463,1,2022-06-08 09:01:54
1654678915595461000,126.0,5,126.0,1698,126.5,478,2,2022-06-08 09:01:55
1654678917547783000,126.0,1,126.0,835,126.5,495,2,2022-06-08 09:01:57
1654678917569672000,126.0,43,126.0,582,126.5,495,2,2022-06-08 09:01:57
1654678917603109000,126.0,11,126.0,571,126.5,495,2,2022-06-08 09:01:57
1654678917617998000,126.0,3,126.0,568,126.5,487,2,2022-06-08 09:01:57
1654678918620054000,126.0,8,126.0,560,126.5,488,2,2022-06-08 09:01:58
1654678919345267000,126.0,5,126.0,555,126.5,504,2,2022-06-08 09:01:59
1654678919461695000,126.0,8,126.0,547,126.5,496,2,2022-06-08 09:01:59
1654678919749136000,126.0,2,126.0,545,126.5,504,2,2022-06-08 09:01:59
1654678919959791000,126.0,2,126.0,544,126.5,504,2,2022-06-08 09:01:59
1654678920108569000,126.0,1,126.0,543,126.5,504,2,2022-06-08 09:02:00
1654678920198892000,126.0,1,126.0,542,126.5,504,2,2022-06-08 09:02:00
1654678920640404000,126.0,4,126.0,538,126.5,509,2,2022-06-08 09:02:00
1654678920665903000,126.0,11,126.0,527,126.5,509,2,2022-06-08 09:02:00
1654678920784241000,126.0,8,126.0,519,126.5,506,2,2022-06-08 09:02:00
1654678920920300000,126.0,4,126.0,515,126.5,518,2,2022-06-08 09:02:00
1654678921892878000,126.0,1,126.0,514,126.5,548,2,2022-06-08 09:02:01
1654678922520496000,126.0,2,126.0,512,126.5,561,2,2022-06-08 09:02:02
1654678922944473000,126.0,2,126.0,511,126.5,571,2,2022-06-08 09:02:02
1654678923053658000,126.0,8,126.0,503,126.5,571,2,2022-06-08 09:02:03
1654678923265375000,126.0,2,126.0,501,126.5,576,2,2022-06-08 09:02:03
1654678923354403000,126.0,1,126.0,500,126.5,576,2,2022-06-08 09:02:03
1654678923739385000,126.0,1,126.0,499,126.5,576,2,2022-06-08 09:02:03
1654678924238649000,126.0,2,126.0,497,126.5,577,2,2022-06-08 09:02:04
1654678924439062000,126.0,1,126.0,496,126.5,577,2,2022-06-08 09:02:04
1654678926479902000,126.0,1,126.0,496,126.5,577,2,2022-06-08 09:02:06
1654678926798819000,126.0,3,126.0,493,126.5,574,2,2022-06-08 09:02:06
1654678929757629000,126.0,1,126.0,493,126.5,604,2,2022-06-08 09:02:09
1654678932794866000,126.0,1,126.0,494,126.5,623,2,2022-06-08 09:02:12
1654678934341279000,126.0,1,126.0,494,126.5,623,2,2022-06-08 09:02:14
1654678937968321000,126.5,1,126.0,497,126.5,621,1,2022-06-08 09:02:17
1654678941242337000,126.0,1,126.0,496,126.5,620,2,2022-06-08 09:02:21
1654678945153898000,126.0,1,126.0,497,126.5,629,2,2022-06-08 09:02:25
1654678945762278000,126.0,10,126.0,489,126.5,629,2,2022-06-08 09:02:25
1654678948113166000,126.5,1,126.0,518,126.5,630,1,2022-06-08 09:02:28
1654678950377548000,126.5,1,126.0,509,126.5,629,1,2022-06-08 09:02:30
1654678952798842000,126.0,1,126.0,509,126.5,615,2,2022-06-08 09:02:32
1654678957377644000,126.0,30,126.0,480,126.5,615,2,2022-06-08 09:02:37
1654678960667820000,126.0,1,126.0,480,126.5,711,2,2022-06-08 09:02:40
1654678964762088000,126.0,1,126.0,481,126.5,712,2,2022-06-08 09:02:44
1654678965595741000,126.0,2,126.0,480,126.5,712,2,2022-06-08 09:02:45
1654678969023881000,126.0,2,126.0,478,126.5,712,2,2022-06-08 09:02:49
1654678970423695000,126.0,1,126.0,480,126.5,712,2,2022-06-08 09:02:50
1654678975049245000,126.0,1,126.0,478,126.5,727,2,2022-06-08 09:02:55
1654678975828869000,126.5,1,126.0,478,126.5,726,1,2022-06-08 09:02:55
1654678982480716000,126.5,1,126.0,477,126.5,735,1,2022-06-08 09:03:02
1654678983793406000,126.0,1,126.0,477,126.5,729,2,2022-06-08 09:03:03
1654678985314870000,126.5,1,126.0,478,126.5,778,1,2022-06-08 09:03:05
1654679004238137000,126.5,1,126.0,487,126.5,869,1,2022-06-08 09:03:24
1654679009718818000,126.0,1,126.0,490,126.5,869,2,2022-06-08 09:03:29
1654679010629036000,126.0,1,126.0,490,126.5,868,2,2022-06-08 09:03:30
1654679011398495000,126.5,1,126.0,490,126.5,867,1,2022-06-08 09:03:31
1654679011835991000,126.5,2,126.0,483,126.5,865,1,2022-06-08 09:03:31
1654679015949291000,126.5,1,126.0,485,126.5,864,1,2022-06-08 09:03:35
1654679017480091000,126.0,1,126.0,485,126.5,864,2,2022-06-08 09:03:37
1654679019100596000,126.0,1,126.0,484,126.5,862,2,2022-06-08 09:03:39
1654679022330062000,126.0,18,126.0,462,126.5,878,2,2022-06-08 09:03:42
1654679027433249000,126.5,1,126.0,465,126.5,879,1,2022-06-08 09:03:47
1654679029789372000,126.5,1,126.0,467,126.5,879,1,2022-06-08 09:03:49
1654679032141665000,126.0,5,126.0,462,126.5,879,2,2022-06-08 09:03:52
1654679033800661000,126.5,1,126.0,464,126.5,878,1,2022-06-08 09:03:53
1654679038849224000,126.0,1,126.0,460,126.5,879,2,2022-06-08 09:03:58
1654679040024094000,126.0,2,126.0,458,126.5,879,2,2022-06-08 09:04:00
1654679040926065000,126.0,10,126.0,448,126.5,870,2,2022-06-08 09:04:00
1654679044804688000,126.0,2,126.0,446,126.5,871,2,2022-06-08 09:04:04
1654679045127516000,126.0,1,126.0,445,126.5,871,2,2022-06-08 09:04:05
1654679047893891000,126.0,1,126.0,444,126.5,872,2,2022-06-08 09:04:07
1654679049726476000,126.0,1,126.0,443,126.5,872,2,2022-06-08 09:04:09
1654679050357423000,126.0,1,126.0,442,126.5,872,2,2022-06-08 09:04:10
1654679051414575000,126.5,1,126.0,442,126.5,871,1,2022-06-08 09:04:11
1654679052228081000,126.5,1,126.0,444,126.5,869,1,2022-06-08 09:04:12
1654679057005636000,126.5,1,126.0,436,126.5,869,1,2022-06-08 09:04:17
1654679062263680000,126.5,1,126.0,439,126.5,886,1,2022-06-08 09:04:22
1654679064761747000,126.0,1,126.0,439,126.5,886,2,2022-06-08 09:04:24
1654679065611484000,126.5,1,126.0,439,126.5,885,1,2022-06-08 09:04:25
1654679074418435000,126.5,5,126.0,552,126.5,881,1,2022-06-08 09:04:34
1654679093688574000,126.5,1,126.0,776,126.5,884,1,2022-06-08 09:04:53
1654679096975401000,126.5,1,126.0,777,126.5,883,1,2022-06-08 09:04:56
1654679099407619000,126.5,1,126.0,778,126.5,882,1,2022-06-08 09:04:59
1654679102202934000,126.5,1,126.0,779,126.5,963,1,2022-06-08 09:05:02
1654679102396445000,126.5,1,126.0,779,126.5,962,1,2022-06-08 09:05:02
1654679107938282000,126.5,2,126.0,780,126.5,961,1,2022-06-08 09:05:07
1654679109742381000,126.0,1,126.0,780,126.5,961,2,2022-06-08 09:05:09
1654679110564721000,126.5,1,126.0,780,126.5,960,1,2022-06-08 09:05:10
1654679111562881000,126.0,1,126.0,781,126.5,961,2,2022-06-08 09:05:11
1654679111899836000,126.0,4,126.0,777,126.5,965,2,2022-06-08 09:05:11
1654679130528995000,126.0,1,126.0,485,126.5,1004,2,2022-06-08 09:05:30
1654679134764406000,126.0,1,126.0,486,126.5,1004,2,2022-06-08 09:05:34
1654679135382325000,126.0,1,126.0,484,126.5,1004,2,2022-06-08 09:05:35
1654679135415889000,126.0,2,126.0,482,126.5,1004,2,2022-06-08 09:05:35
1654679135528030000,126.0,1,126.0,482,126.5,1004,2,2022-06-08 09:05:35
1654679141243120000,126.0,30,126.0,452,126.5,1035,2,2022-06-08 09:05:41
1654679141274690000,126.0,1,126.0,451,126.5,1035,2,2022-06-08 09:05:41
1654679141475655000,126.0,1,126.0,450,126.5,1035,2,2022-06-08 09:05:41
1654679142955538000,126.0,1,126.0,450,126.5,1035,2,2022-06-08 09:05:42
1654679151155235000,126.0,2,126.0,452,126.5,1041,2,2022-06-08 09:05:51
1654679151884620000,126.0,2,126.0,450,126.5,1041,2,2022-06-08 09:05:51
1654679154879244000,126.0,1,126.0,450,126.5,1042,2,2022-06-08 09:05:54
1654679158391316000,126.0,1,126.0,450,126.5,1043,2,2022-06-08 09:05:58
1654679159858751000,126.0,2,126.0,449,126.5,1044,2,2022-06-08 09:05:59
1654679160587716000,126.0,3,126.0,446,126.5,1044,2,2022-06-08 09:06:00
1654679162901577000,126.0,1,126.0,447,126.5,1044,2,2022-06-08 09:06:02
1654679163194909000,126.0,1,126.0,447,126.5,1044,2,2022-06-08 09:06:03
1654679163277873000,126.0,1,126.0,446,126.5,1044,2,2022-06-08 09:06:03
1654679163492000000,126.0,1,126.0,445,126.5,1044,2,2022-06-08 09:06:03
1654679163564233000,126.0,2,126.0,443,126.5,1044,2,2022-06-08 09:06:03
1654679166119406000,126.0,1,126.0,443,126.5,1045,2,2022-06-08 09:06:06
1654679166863105000,126.0,1,126.0,442,126.5,1047,2,2022-06-08 09:06:06
1654679168641550000,126.0,8,126.0,430,126.5,1047,2,2022-06-08 09:06:08
1654679169649107000,126.0,2,126.0,429,126.5,1047,2,2022-06-08 09:06:09
1654679172231758000,126.0,1,126.0,429,126.5,1047,2,2022-06-08 09:06:12
1654679172469406000,126.0,1,126.0,428,126.5,1047,2,2022-06-08 09:06:12
1654679175355129000,126.0,60,126.0,368,126.5,1047,2,2022-06-08 09:06:15
1654679175390167000,126.0,1,126.0,367,126.5,1047,2,2022-06-08 09:06:15
1654679175399706000,126.0,1,126.0,366,126.5,1047,2,2022-06-08 09:06:15
1654679175405868000,126.0,1,126.0,365,126.5,1047,2,2022-06-08 09:06:15
1654679176007048000,126.0,1,126.0,364,126.5,1047,2,2022-06-08 09:06:16
1654679176842937000,126.0,1,126.0,364,126.5,1047,2,2022-06-08 09:06:16
1654679177078857000,126.0,5,126.0,359,126.5,1047,2,2022-06-08 09:06:17
1654679177111567000,126.0,3,126.0,356,126.5,1047,2,2022-06-08 09:06:17
1654679177444306000,126.0,2,126.0,354,126.5,1047,2,2022-06-08 09:06:17
1654679178737907000,126.0,11,126.0,343,126.5,1047,2,2022-06-08 09:06:18
1654679178797214000,126.0,2,126.0,341,126.5,1047,2,2022-06-08 09:06:18
1654679178830428000,126.0,2,126.0,339,126.5,1047,2,2022-06-08 09:06:18
1654679178896666000,126.0,1,126.0,338,126.5,1047,2,2022-06-08 09:06:18
1654679179189045000,126.0,3,126.0,335,126.5,1047,2,2022-06-08 09:06:19
1654679180114945000,126.0,60,126.0,275,126.5,1047,2,2022-06-08 09:06:20
1654679180156923000,126.0,21,126.0,254,126.5,1047,2,2022-06-08 09:06:20
1654679180288157000,126.0,60,126.0,194,126.5,1047,2,2022-06-08 09:06:20
1654679180320055000,126.0,7,126.0,187,126.5,1047,2,2022-06-08 09:06:20
1654679180451617000,126.0,1,126.0,186,126.5,1047,2,2022-06-08 09:06:20
1654679180483340000,126.0,60,126.0,126,126.5,1047,2,2022-06-08 09:06:20
1654679180509099000,126.0,1,126.0,125,126.5,1047,2,2022-06-08 09:06:20
1654679180509511000,126.0,11,126.0,114,126.5,1047,2,2022-06-08 09:06:20
1654679180647025000,126.0,60,126.0,54,126.5,1047,2,2022-06-08 09:06:20
1654679180678232000,126.0,1,126.0,53,126.5,1047,2,2022-06-08 09:06:20
1654679180716779000,126.0,5,126.0,48,126.5,1047,2,2022-06-08 09:06:20
1654679181305984000,126.0,1,126.0,47,126.5,1047,2,2022-06-08 09:06:21
1654679181502177000,126.0,1,126.0,46,126.5,1047,2,2022-06-08 09:06:21
1654679181633696000,126.0,46,125.5,1382,126.0,14,2,2022-06-08 09:06:21
1654679181780620000,126.0,2,125.5,1443,126.0,13,1,2022-06-08 09:06:21
1654679182428141000,126.0,1,125.5,1443,126.0,13,1,2022-06-08 09:06:22
1654679183606941000,125.5,1,125.5,1442,126.0,16,2,2022-06-08 09:06:23
1654679183692463000,125.5,3,125.5,1439,126.0,17,2,2022-06-08 09:06:23
1654679184833947000,125.5,1,125.5,1440,126.0,20,2,2022-06-08 09:06:24
1654679192548131000,126.0,1,125.5,1273,126.0,82,1,2022-06-08 09:06:32
1654679195436787000,126.0,1,125.5,1273,126.0,112,1,2022-06-08 09:06:35
1654679201118421000,126.0,1,125.5,1122,126.0,127,1,2022-06-08 09:06:41
1654679204602602000,125.5,1,125.5,1121,126.0,156,2,2022-06-08 09:06:44
1654679205431828000,125.5,1,125.5,1070,126.0,161,2,2022-06-08 09:06:45
1654679205471922000,125.5,1,125.5,1069,126.0,161,2,2022-06-08 09:06:45
1654679211574138000,126.0,1,125.5,919,126.0,169,1,2022-06-08 09:06:51
1654679216788200000,126.0,1,125.5,919,126.0,191,1,2022-06-08 09:06:56
1654679218459773000,125.5,1,125.5,918,126.0,191,2,2022-06-08 09:06:58
1654679218589810000,126.0,1,125.5,918,126.0,190,1,2022-06-08 09:06:58
1654679218799209000,126.0,1,125.5,918,126.0,189,1,2022-06-08 09:06:58
1654679218911948000,125.5,2,125.5,916,126.0,189,2,2022-06-08 09:06:58
1654679220561291000,125.5,1,125.5,916,126.0,189,2,2022-06-08 09:07:00
1654679220587961000,125.5,1,125.5,915,126.0,189,2,2022-06-08 09:07:00
1654679223001484000,125.5,1,125.5,916,126.0,189,2,2022-06-08 09:07:03
1654679225370314000,125.5,1,125.5,915,126.0,189,2,2022-06-08 09:07:05
1654679232213304000,125.5,1,125.5,914,126.0,192,2,2022-06-08 09:07:12
1654679233219002000,125.5,2,125.5,912,126.0,193,2,2022-06-08 09:07:13
1654679238441694000,125.5,2,125.5,862,126.0,223,2,2022-06-08 09:07:18
1654679241689954000,125.5,2,125.5,861,126.0,228,2,2022-06-08 09:07:21
1654679247558272000,125.5,350,125.5,517,126.0,282,2,2022-06-08 09:07:27
1654679247591703000,125.5,19,125.5,498,126.0,282,2,2022-06-08 09:07:27
1654679247596225000,125.5,1,125.5,497,126.0,282,2,2022-06-08 09:07:27
1654679247596435000,125.5,1,125.5,496,126.0,282,2,2022-06-08 09:07:27
1654679247597297000,125.5,1,125.5,495,126.0,282,2,2022-06-08 09:07:27
1654679247597411000,125.5,1,125.5,494,126.0,282,2,2022-06-08 09:07:27
1654679247597925000,125.5,1,125.5,493,126.0,282,2,2022-06-08 09:07:27
1654679247598306000,125.5,1,125.5,492,126.0,282,2,2022-06-08 09:07:27
1654679247618533000,125.5,1,125.5,491,126.0,282,2,2022-06-08 09:07:27
1654679247623126000,125.5,1,125.5,490,126.0,282,2,2022-06-08 09:07:27
1654679247626045000,125.5,1,125.5,489,126.0,282,2,2022-06-08 09:07:27
1654679247631471000,125.5,1,125.5,488,126.0,282,2,2022-06-08 09:07:27
1654679247632188000,125.5,1,125.5,487,126.0,282,2,2022-06-08 09:07:27
1654679247632963000,125.5,1,125.5,486,126.0,282,2,2022-06-08 09:07:27
1654679247633974000,125.5,1,125.5,485,126.0,282,2,2022-06-08 09:07:27
1654679249636411000,125.5,1,125.5,484,126.0,282,2,2022-06-08 09:07:29
1654679250006985000,125.5,1,125.5,483,126.0,282,2,2022-06-08 09:07:30
1654679250251289000,125.5,1,125.5,483,126.0,282,2,2022-06-08 09:07:30
1654679252169241000,125.5,1,125.5,483,126.0,283,2,2022-06-08 09:07:32
1654679252302312000,125.5,1,125.5,482,126.0,283,2,2022-06-08 09:07:32
1654679258358937000,125.5,1,125.5,480,126.0,309,2,2022-06-08 09:07:38
1654679259288284000,125.5,1,125.5,479,126.0,314,2,2022-06-08 09:07:39
1654679261293315000,125.5,3,125.5,476,126.0,313,2,2022-06-08 09:07:41
1654679262706194000,125.5,350,125.5,127,126.0,315,2,2022-06-08 09:07:42
1654679262768611000,125.5,2,125.5,125,126.0,319,2,2022-06-08 09:07:42
1654679263693032000,125.5,1,125.5,102,126.0,319,2,2022-06-08 09:07:43
1654679264212109000,125.5,1,125.5,101,126.0,343,2,2022-06-08 09:07:44
1654679264295767000,125.5,1,125.5,100,126.0,343,2,2022-06-08 09:07:44
1654679264557540000,125.5,1,125.5,99,126.0,343,2,2022-06-08 09:07:44
1654679264691834000,125.5,1,125.5,98,126.0,343,2,2022-06-08 09:07:44
1654679264878489000,125.5,1,125.5,97,126.0,319,2,2022-06-08 09:07:44
1654679265711057000,125.5,5,125.5,92,126.0,319,2,2022-06-08 09:07:45
1654679265915117000,125.5,5,125.5,87,126.0,319,2,2022-06-08 09:07:45
1654679267085491000,125.5,1,125.5,87,126.0,320,2,2022-06-08 09:07:47
1654679267100314000,125.5,1,125.5,86,126.0,320,2,2022-06-08 09:07:47
1654679267152023000,125.5,1,125.5,85,126.0,320,2,2022-06-08 09:07:47
1654679268829218000,125.5,3,125.5,82,126.0,322,2,2022-06-08 09:07:48
1654679269172660000,125.5,1,125.5,81,126.0,322,2,2022-06-08 09:07:49
1654679270602069000,125.5,1,125.5,80,126.0,323,2,2022-06-08 09:07:50
1654679270733338000,125.5,3,125.5,77,126.0,323,2,2022-06-08 09:07:50
1654679270981576000,125.5,1,125.5,74,126.0,323,2,2022-06-08 09:07:50
1654679272859244000,125.5,1,125.5,74,126.0,323,2,2022-06-08 09:07:52
1654679273767348000,125.5,1,125.5,73,126.0,323,2,2022-06-08 09:07:53
1654679274009440000,126.0,1,125.5,73,126.0,322,1,2022-06-08 09:07:54
1654679274543062000,125.5,1,125.5,80,126.0,321,2,2022-06-08 09:07:54
1654679274657953000,126.0,1,125.5,80,126.0,320,1,2022-06-08 09:07:54
1654679274872082000,125.5,1,125.5,79,126.0,325,2,2022-06-08 09:07:54
1654679275928635000,125.5,1,125.5,78,126.0,325,2,2022-06-08 09:07:55
1654679276479435000,125.5,1,125.5,77,126.0,324,2,2022-06-08 09:07:56
1654679276565319000,125.5,2,125.5,75,126.0,324,2,2022-06-08 09:07:56
1654679276607533000,125.5,1,125.5,74,126.0,324,2,2022-06-08 09:07:56
1654679276996102000,126.0,1,125.5,74,126.0,323,1,2022-06-08 09:07:56
1654679279207834000,125.5,1,125.5,73,126.0,417,2,2022-06-08 09:07:59
1654679279398208000,125.5,1,125.5,72,126.0,417,2,2022-06-08 09:07:59
1654679280892188000,125.5,50,125.5,25,126.0,418,2,2022-06-08 09:08:00
1654679281119004000,125.5,1,125.5,24,126.0,428,2,2022-06-08 09:08:01
1654679282168840000,125.5,1,125.5,26,126.0,430,2,2022-06-08 09:08:02
1654679282690131000,125.5,1,125.5,25,126.0,430,2,2022-06-08 09:08:02
1654679282875863000,125.5,2,125.5,23,126.0,430,2,2022-06-08 09:08:02
1654679282881865000,125.5,2,125.5,21,126.0,430,2,2022-06-08 09:08:02
1654679283095322000,125.5,2,125.5,19,126.0,430,2,2022-06-08 09:08:03
1654679283891569000,125.5,2,125.5,17,126.0,430,2,2022-06-08 09:08:03
1654679283936697000,125.5,2,125.5,15,126.0,430,2,2022-06-08 09:08:03
1654679284471451000,125.5,5,125.5,10,126.0,431,2,2022-06-08 09:08:04
1654679284675920000,125.5,4,125.5,6,126.0,432,2,2022-06-08 09:08:04
1654679285081550000,125.5,1,125.5,6,126.0,432,2,2022-06-08 09:08:05
1654679286554102000,125.5,1,125.5,5,126.0,432,2,2022-06-08 09:08:06
1654679286641233000,125.5,1,125.5,4,126.0,432,2,2022-06-08 09:08:06
1654679287334079000,125.5,2,125.5,2,126.0,432,2,2022-06-08 09:08:07
1654679287849176000,125.5,1,125.5,1,126.0,432,2,2022-06-08 09:08:07
1654679289834988000,125.5,1,125.0,427,126.0,436,2,2022-06-08 09:08:09
1654679292987291000,125.5,1,125.0,474,125.5,3,1,2022-06-08 09:08:12
1654679296447665000,125.0,27,125.0,449,125.5,32,2,2022-06-08 09:08:16
1654679296486932000,125.0,1,125.0,448,125.5,32,2,2022-06-08 09:08:16
1654679296487341000,125.0,1,125.0,447,125.5,32,2,2022-06-08 09:08:16
1654679296493896000,125.0,1,125.0,446,125.5,32,2,2022-06-08 09:08:16
1654679296500241000,125.0,1,125.0,445,125.5,32,2,2022-06-08 09:08:16
1654679296508351000,125.5,1,125.0,445,125.5,31,1,2022-06-08 09:08:16
1654679296511176000,125.0,1,125.0,444,125.5,31,2,2022-06-08 09:08:16
1654679297332078000,125.5,1,125.0,443,125.5,30,1,2022-06-08 09:08:17
1654679298341751000,125.0,1,125.0,443,125.5,52,2,2022-06-08 09:08:18
1654679298515859000,125.0,12,125.0,432,125.5,52,2,2022-06-08 09:08:18
1654679298574349000,125.0,1,125.0,431,125.5,52,2,2022-06-08 09:08:18
1654679299395779000,125.0,1,125.0,430,125.5,55,2,2022-06-08 09:08:19
1654679300961690000,125.0,27,125.0,352,125.5,56,2,2022-06-08 09:08:20
1654679300990574000,125.0,1,125.0,351,125.5,57,2,2022-06-08 09:08:20
1654679300990712000,125.0,1,125.0,350,125.5,57,2,2022-06-08 09:08:20
1654679300992525000,125.0,1,125.0,349,125.5,57,2,2022-06-08 09:08:20
1654679301009170000,125.0,1,125.0,348,125.5,57,2,2022-06-08 09:08:21
1654679302567228000,125.0,1,125.0,351,125.5,58,2,2022-06-08 09:08:22
1654679303253407000,125.0,27,125.0,324,125.5,58,2,2022-06-08 09:08:23
1654679303319274000,125.0,1,125.0,323,125.5,58,2,2022-06-08 09:08:23
1654679304489645000,125.0,1,125.0,320,125.5,57,2,2022-06-08 09:08:24
1654679305747022000,125.0,23,125.0,297,125.5,57,2,2022-06-08 09:08:25
1654679305779261000,125.0,1,125.0,296,125.5,57,2,2022-06-08 09:08:25
1654679306972090000,125.0,1,125.0,396,125.5,56,2,2022-06-08 09:08:26
1654679307553928000,125.5,1,125.0,395,125.5,55,1,2022-06-08 09:08:27
1654679307650875000,125.0,1,125.0,394,125.5,55,2,2022-06-08 09:08:27
1654679308641352000,125.0,1,125.0,393,125.5,55,2,2022-06-08 09:08:28
1654679316111942000,125.5,3,125.0,399,125.5,61,1,2022-06-08 09:08:36
1654679316790080000,125.0,1,125.0,399,125.5,61,2,2022-06-08 09:08:36
1654679323102708000,125.0,10,125.0,388,125.5,63,2,2022-06-08 09:08:43
1654679325394396000,125.5,1,125.0,391,125.5,63,1,2022-06-08 09:08:45
1654679329520230000,125.5,1,125.0,394,125.5,85,1,2022-06-08 09:08:49
1654679329741588000,125.5,1,125.0,395,125.5,84,1,2022-06-08 09:08:49
1654679331394246000,125.0,1,125.0,396,125.5,84,2,2022-06-08 09:08:51
1654679332475175000,125.0,1,125.0,394,125.5,84,2,2022-06-08 09:08:52
1654679334441999000,125.0,5,125.0,388,125.5,85,2,2022-06-08 09:08:54
1654679337919446000,125.0,1,125.0,390,125.5,89,2,2022-06-08 09:08:57
1654679342271260000,125.0,1,125.0,391,125.5,115,2,2022-06-08 09:09:02
1654679343223488000,125.0,1,125.0,390,125.5,117,2,2022-06-08 09:09:03
1654679345915616000,125.0,1,125.0,389,125.5,121,2,2022-06-08 09:09:05
1654679346215225000,125.0,1,125.0,388,125.5,121,2,2022-06-08 09:09:06
1654679346414224000,125.0,1,125.0,387,125.5,121,2,2022-06-08 09:09:06
1654679350874204000,125.0,1,125.0,391,125.5,121,2,2022-06-08 09:09:10
1654679353411016000,125.0,5,125.0,385,125.5,121,2,2022-06-08 09:09:13
1654679355631175000,125.0,1,125.0,386,125.5,120,2,2022-06-08 09:09:15
1654679355817659000,125.5,1,125.0,386,125.5,119,1,2022-06-08 09:09:15
1654679359996277000,125.0,1,125.0,386,125.5,137,2,2022-06-08 09:09:19
1654679366145047000,125.0,3,125.0,389,125.5,157,2,2022-06-08 09:09:26
1654679370068426000,125.0,1,125.0,390,125.5,169,2,2022-06-08 09:09:30
1654679380580630000,125.0,1,125.0,395,125.5,194,2,2022-06-08 09:09:40
1654679382220229000,125.0,1,125.0,396,125.5,196,2,2022-06-08 09:09:42
1654679383629601000,125.0,1,125.0,395,125.5,196,2,2022-06-08 09:09:43
1654679385334941000,125.0,1,125.0,395,125.5,196,2,2022-06-08 09:09:45
1654679387301165000,125.0,1,125.0,395,125.5,191,2,2022-06-08 09:09:47
1654679393363367000,125.0,1,125.0,398,125.5,308,2,2022-06-08 09:09:53
1654679393373956000,125.5,1,125.0,398,125.5,307,1,2022-06-08 09:09:53
1654679399809081000,125.5,1,125.0,391,125.5,306,1,2022-06-08 09:09:59
1654679401002048000,125.5,1,125.0,391,125.5,305,1,2022-06-08 09:10:01
1654679403787982000,125.0,1,125.0,390,125.5,307,2,2022-06-08 09:10:03
1654679407636479000,125.5,1,125.0,393,125.5,324,1,2022-06-08 09:10:07
1654679408960754000,125.5,1,125.0,393,125.5,323,1,2022-06-08 09:10:08
1654679409833340000,125.5,11,125.0,404,125.5,312,1,2022-06-08 09:10:09
1654679410109575000,125.5,1,125.0,403,125.5,311,1,2022-06-08 09:10:10
1654679410241367000,125.0,1,125.0,402,125.5,310,2,2022-06-08 09:10:10
1654679411034164000,125.5,1,125.0,401,125.5,309,1,2022-06-08 09:10:11
1654679416824641000,125.5,1,125.0,408,125.5,310,1,2022-06-08 09:10:16
1654679417498955000,125.5,1,125.0,408,125.5,309,1,2022-06-08 09:10:17
1654679419873298000,125.5,25,125.0,409,125.5,284,1,2022-06-08 09:10:19
1654679422502486000,125.5,1,125.0,410,125.5,293,1,2022-06-08 09:10:22
1654679423798760000,125.5,2,125.0,412,125.5,291,1,2022-06-08 09:10:23
1654679427593717000,125.5,1,125.0,414,125.5,290,1,2022-06-08 09:10:27
1654679428653112000,125.5,1,125.0,418,125.5,289,1,2022-06-08 09:10:28
1654679428847277000,125.5,1,125.0,418,125.5,288,1,2022-06-08 09:10:28
1654679429758022000,125.5,25,125.0,419,125.5,263,1,2022-06-08 09:10:29
1654679429776282000,125.5,98,125.0,419,125.5,165,1,2022-06-08 09:10:29
1654679429799864000,125.5,25,125.0,419,125.5,140,1,2022-06-08 09:10:29
1654679430692639000,125.0,2,125.0,419,125.5,138,2,2022-06-08 09:10:30
1654679430818962000,125.5,1,125.0,419,125.5,137,1,2022-06-08 09:10:30
1654679431157249000,125.5,1,125.0,420,125.5,136,1,2022-06-08 09:10:31
1654679431805590000,125.5,1,125.0,422,125.5,135,1,2022-06-08 09:10:31
1654679431966864000,125.5,1,125.0,422,125.5,134,1,2022-06-08 09:10:31
1654679432202655000,125.5,1,125.0,422,125.5,133,1,2022-06-08 09:10:32
1654679432400372000,125.5,3,125.0,423,125.5,130,1,2022-06-08 09:10:32
1654679432510803000,125.5,5,125.0,423,125.5,125,1,2022-06-08 09:10:32
1654679432612055000,125.5,5,125.0,423,125.5,120,1,2022-06-08 09:10:32
1654679433016078000,125.5,1,125.0,423,125.5,119,1,2022-06-08 09:10:33
1654679433139087000,125.5,6,125.0,423,125.5,113,1,2022-06-08 09:10:33
1654679433187663000,125.5,1,125.0,423,125.5,112,1,2022-06-08 09:10:33
1654679433288332000,125.5,6,125.0,423,125.5,106,1,2022-06-08 09:10:33
1654679434164921000,125.5,1,125.0,423,125.5,105,1,2022-06-08 09:10:34
1654679434234692000,125.5,1,125.0,423,125.5,104,1,2022-06-08 09:10:34
1654679434600330000,125.5,1,125.0,423,125.5,103,1,2022-06-08 09:10:34
1654679434888037000,125.5,1,125.0,423,125.5,102,1,2022-06-08 09:10:34
1654679435010126000,125.5,1,125.0,422,125.5,101,1,2022-06-08 09:10:35
1654679435149628000,125.5,1,125.0,422,125.5,100,1,2022-06-08 09:10:35
1654679435791351000,125.5,1,125.0,422,125.5,99,1,2022-06-08 09:10:35
1654679438234015000,125.5,1,125.0,422,125.5,100,1,2022-06-08 09:10:38
1654679438311752000,125.5,1,125.0,422,125.5,99,1,2022-06-08 09:10:38
1654679439688217000,125.5,1,125.0,424,125.5,98,1,2022-06-08 09:10:39
1654679440448032000,125.0,1,125.0,420,125.5,98,2,2022-06-08 09:10:40
1654679440836371000,125.5,1,125.0,421,125.5,97,1,2022-06-08 09:10:40
1654679447954632000,125.0,1,125.0,429,125.5,94,2,2022-06-08 09:10:47
1654679448319320000,125.5,3,125.0,426,125.5,91,1,2022-06-08 09:10:48
1654679452166512000,125.5,2,125.0,431,125.5,92,1,2022-06-08 09:10:52
1654679453308880000,125.5,1,125.0,432,125.5,91,1,2022-06-08 09:10:53
1654679454395225000,125.5,1,125.0,431,125.5,90,1,2022-06-08 09:10:54
1654679454646584000,125.5,1,125.0,431,125.5,89,1,2022-06-08 09:10:54
1654679456780597000,125.5,4,125.0,432,125.5,85,1,2022-06-08 09:10:56
1654679460966129000,125.5,3,125.0,428,125.5,83,1,2022-06-08 09:11:00
1654679461759123000,125.5,1,125.0,428,125.5,82,1,2022-06-08 09:11:01
1654679462604022000,125.5,1,125.0,427,125.5,81,1,2022-06-08 09:11:02
1654679468048821000,125.5,1,125.0,432,125.5,80,1,2022-06-08 09:11:08
1654679468663475000,125.0,3,125.0,431,125.5,80,2,2022-06-08 09:11:08
1654679469961682000,125.5,1,125.0,431,125.5,79,1,2022-06-08 09:11:09
1654679471381957000,125.5,1,125.0,437,125.5,78,1,2022-06-08 09:11:11
1654679480449795000,125.5,1,125.0,440,125.5,80,1,2022-06-08 09:11:20
1654679485349154000,125.5,1,125.0,442,125.5,80,1,2022-06-08 09:11:25
1654679487503659000,125.0,1,125.0,442,125.5,80,2,2022-06-08 09:11:27
1654679492707661000,125.0,1,125.0,445,125.5,119,2,2022-06-08 09:11:32
1654679494906524000,125.5,1,125.0,445,125.5,118,1,2022-06-08 09:11:34
1654679503644492000,125.5,1,125.0,447,125.5,119,1,2022-06-08 09:11:43
1654679512915903000,125.5,1,125.0,480,125.5,118,1,2022-06-08 09:11:52
1654679517427734000,125.0,1,125.0,481,125.5,119,2,2022-06-08 09:11:57
1654679517481440000,125.0,3,125.0,478,125.5,119,2,2022-06-08 09:11:57
1654679520234248000,125.0,10,125.0,470,125.5,120,2,2022-06-08 09:12:00
1654679520400832000,125.5,1,125.0,469,125.5,119,1,2022-06-08 09:12:00
1654679523237317000,125.5,1,125.0,469,125.5,137,1,2022-06-08 09:12:03
1654679524279506000,125.5,2,125.0,470,125.5,135,1,2022-06-08 09:12:04
1654679529421078000,125.5,1,125.0,472,125.5,135,1,2022-06-08 09:12:09
1654679532220693000,125.5,1,125.0,472,125.5,134,1,2022-06-08 09:12:12
1654679534357447000,125.0,1,125.0,471,125.5,148,2,2022-06-08 09:12:14
1654679534391752000,125.0,1,125.0,470,125.5,148,2,2022-06-08 09:12:14
1654679534411182000,125.0,1,125.0,469,125.5,148,2,2022-06-08 09:12:14
1654679536118410000,125.5,1,125.0,469,125.5,147,1,2022-06-08 09:12:16
1654679541322806000,125.5,1,125.0,473,125.5,146,1,2022-06-08 09:12:21
1654679543268194000,125.5,1,125.0,474,125.5,145,1,2022-06-08 09:12:23
1654679543385612000,125.5,1,125.0,475,125.5,144,1,2022-06-08 09:12:23
1654679545085158000,125.5,1,125.0,475,125.5,143,1,2022-06-08 09:12:25
1654679552373497000,125.0,5,125.0,473,125.5,156,2,2022-06-08 09:12:32
1654679555711464000,125.5,1,125.0,474,125.5,168,1,2022-06-08 09:12:35
1654679561342660000,125.0,1,125.0,476,125.5,168,2,2022-06-08 09:12:41
1654679565330044000,125.5,1,125.0,476,125.5,169,1,2022-06-08 09:12:45
1654679565794986000,125.5,1,125.0,476,125.5,168,1,2022-06-08 09:12:45
1654679566999772000,125.0,3,125.0,473,125.5,168,2,2022-06-08 09:12:46
1654679573037467000,125.5,1,125.0,476,125.5,182,1,2022-06-08 09:12:53
1654679580301130000,125.5,1,125.0,476,125.5,183,1,2022-06-08 09:13:00
1654679581418693000,125.0,1,125.0,475,125.5,183,2,2022-06-08 09:13:01
1654679593647182000,125.5,1,125.0,478,125.5,184,1,2022-06-08 09:13:13
1654679613814219000,125.5,1,125.0,497,125.5,183,1,2022-06-08 09:13:33
1654679628572177000,125.0,1,125.0,514,125.5,184,2,2022-06-08 09:13:48
1654679645506402000,125.0,1,125.0,521,125.5,185,2,2022-06-08 09:14:05
1654679649673972000,125.0,1,125.0,522,125.5,285,2,2022-06-08 09:14:09
1654679651687226000,125.0,1,125.0,523,125.5,284,2,2022-06-08 09:14:11
1654679661704621000,125.0,3,125.0,527,125.5,284,2,2022-06-08 09:14:21
1654679665506882000,125.0,1,125.0,529,125.5,284,2,2022-06-08 09:14:25
1654679671040390000,125.0,1,125.0,530,125.5,283,2,2022-06-08 09:14:31
1654679674608770000,125.5,1,125.0,531,125.5,282,1,2022-06-08 09:14:34
1654679675600714000,125.0,1,125.0,530,125.5,283,2,2022-06-08 09:14:35
1654679683587108000,125.0,2,125.0,532,125.5,284,2,2022-06-08 09:14:43
1654679702346821000,125.0,1,125.0,540,125.5,284,2,2022-06-08 09:15:02
1654679703974707000,125.0,1,125.0,539,125.5,284,2,2022-06-08 09:15:03
1654679716919929000,125.0,1,125.0,546,125.5,287,2,2022-06-08 09:15:16
1654679722511746000,125.0,1,125.0,547,125.5,296,2,2022-06-08 09:15:22
1654679748967975000,125.0,1,125.0,554,125.5,295,2,2022-06-08 09:15:48
1654679758507981000,125.0,1,125.0,556,125.5,295,2,2022-06-08 09:15:58
1654679768552433000,125.5,1,125.0,561,125.5,298,1,2022-06-08 09:16:08
1654679769500762000,125.0,1,125.0,560,125.5,298,2,2022-06-08 09:16:09
1654679776231087000,125.0,10,125.0,551,125.5,299,2,2022-06-08 09:16:16
1654679787904790000,125.5,1,125.0,558,125.5,303,1,2022-06-08 09:16:27
1654679801865865000,125.5,1,125.0,580,125.5,302,1,2022-06-08 09:16:41
1654679810270563000,125.5,1,125.0,579,125.5,301,1,2022-06-08 09:16:50
1654679814169876000,125.0,3,125.0,578,125.5,301,2,2022-06-08 09:16:54
1654679816508355000,125.0,1,125.0,580,125.5,301,2,2022-06-08 09:16:56
1654679833352538000,125.0,1,125.0,581,125.5,301,2,2022-06-08 09:17:13
1654679842350639000,125.0,2,125.0,583,125.5,304,2,2022-06-08 09:17:22
1654679843046558000,125.5,1,125.0,583,125.5,303,1,2022-06-08 09:17:23
1654679851585771000,125.5,1,125.0,585,125.5,302,1,2022-06-08 09:17:31
1654679863326300000,125.0,1,125.0,585,125.5,302,2,2022-06-08 09:17:43
1654679864648360000,125.5,1,125.0,585,125.5,301,1,2022-06-08 09:17:44
1654679868259304000,125.0,3,125.0,582,125.5,301,2,2022-06-08 09:17:48
1654679869803765000,125.5,1,125.0,582,125.5,300,1,2022-06-08 09:17:49
1654679880429389000,125.5,1,125.0,584,125.5,299,1,2022-06-08 09:18:00
1654679910544401000,125.0,1,125.0,597,125.5,305,2,2022-06-08 09:18:30
1654679921612256000,125.5,1,125.0,597,125.5,304,1,2022-06-08 09:18:41
1654679925749111000,125.5,1,125.0,597,125.5,303,1,2022-06-08 09:18:45
1654679945923085000,125.5,1,125.0,600,125.5,303,1,2022-06-08 09:19:05
1654679946467318000,125.5,1,125.0,600,125.5,302,1,2022-06-08 09:19:06
1654679949330671000,125.5,1,125.0,601,125.5,301,1,2022-06-08 09:19:09
1654679952324762000,125.5,1,125.0,602,125.5,300,1,2022-06-08 09:19:12
1654679957539638000,125.0,1,125.0,603,125.5,300,2,2022-06-08 09:19:17
1654679958789282000,125.5,1,125.0,603,125.5,299,1,2022-06-08 09:19:18
1654679965329116000,125.5,1,125.0,606,125.5,298,1,2022-06-08 09:19:25
1654679976151317000,125.5,2,125.0,608,125.5,296,1,2022-06-08 09:19:36
1654679992549848000,125.5,1,125.0,610,125.5,294,1,2022-06-08 09:19:52
1654680004722077000,125.0,1,125.0,613,125.5,294,2,2022-06-08 09:20:04
1654680015511506000,125.0,1,125.0,614,125.5,295,2,2022-06-08 09:20:15
1654680015802935000,125.5,1,125.0,613,125.5,294,1,2022-06-08 09:20:15
1654680028497152000,125.5,1,125.0,620,125.5,293,1,2022-06-08 09:20:28
1654680032219519000,125.5,1,125.0,621,125.5,292,1,2022-06-08 09:20:32
1654680048509395000,125.0,1,125.0,621,125.5,296,2,2022-06-08 09:20:48
1654680051577310000,125.0,1,125.0,621,125.5,296,2,2022-06-08 09:20:51
1654680058165503000,125.0,10,125.0,609,125.5,296,2,2022-06-08 09:20:58
1654680068028745000,125.5,1,125.0,614,125.5,293,1,2022-06-08 09:21:08
1654680077928133000,125.5,1,125.0,616,125.5,292,1,2022-06-08 09:21:17
1654680078640345000,125.5,1,125.0,616,125.5,291,1,2022-06-08 09:21:18
1654680083053099000,125.5,1,125.0,617,125.5,290,1,2022-06-08 09:21:23
1654680087827365000,125.5,1,125.0,620,125.5,289,1,2022-06-08 09:21:27
1654680091776505000,125.5,1,125.0,620,125.5,289,1,2022-06-08 09:21:31
1654680097780201000,125.5,1,125.0,623,125.5,288,1,2022-06-08 09:21:37
1654680098843498000,125.0,1,125.0,622,125.5,288,2,2022-06-08 09:21:38
1654680100300452000,125.5,1,125.0,622,125.5,287,1,2022-06-08 09:21:40
1654680100975250000,125.5,1,125.0,624,125.5,286,1,2022-06-08 09:21:40
1654680106095003000,125.5,2,125.0,625,125.5,284,1,2022-06-08 09:21:46
1654680120021060000,125.5,1,125.0,628,125.5,283,1,2022-06-08 09:22:00
1654680135747266000,125.5,1,125.0,633,125.5,282,1,2022-06-08 09:22:15
1654680144478059000,125.5,1,125.0,632,125.5,281,1,2022-06-08 09:22:24
1654680145356331000,125.5,1,125.0,633,125.5,285,1,2022-06-08 09:22:25
1654680145925511000,125.0,1,125.0,632,125.5,285,2,2022-06-08 09:22:25
1654680147866916000,125.5,1,125.0,632,125.5,284,1,2022-06-08 09:22:27
1654680154742478000,125.0,6,125.0,627,125.5,288,2,2022-06-08 09:22:34
1654680157701887000,125.5,1,125.0,626,125.5,287,1,2022-06-08 09:22:37
1654680167744203000,125.5,1,125.0,628,125.5,286,1,2022-06-08 09:22:47
1654680191774928000,125.5,1,125.0,628,125.5,311,1,2022-06-08 09:23:11
1654680192809993000,125.0,1,125.0,627,125.5,312,2,2022-06-08 09:23:12
1654680195727193000,125.0,1,125.0,626,125.5,312,2,2022-06-08 09:23:15
1654680215085344000,125.0,3,125.0,627,125.5,320,2,2022-06-08 09:23:35
1654680215508586000,125.0,1,125.0,626,125.5,320,2,2022-06-08 09:23:35
1654680228057604000,125.0,1,125.0,628,125.5,321,2,2022-06-08 09:23:48
1654680234272684000,125.5,1,125.0,629,125.5,326,1,2022-06-08 09:23:54
1654680240896161000,125.0,1,125.0,629,125.5,326,2,2022-06-08 09:24:00
1654680247535289000,125.0,1,125.0,628,125.5,326,2,2022-06-08 09:24:07
1654680248598849000,125.5,1,125.0,628,125.5,325,1,2022-06-08 09:24:08
1654680262480194000,125.5,1,125.0,633,125.5,327,1,2022-06-08 09:24:22
1654680282793756000,125.5,1,125.0,640,125.5,329,1,2022-06-08 09:24:42
1654680289079494000,125.0,1,125.0,642,125.5,329,2,2022-06-08 09:24:49
1654680291453092000,125.0,1,125.0,641,125.5,328,2,2022-06-08 09:24:51
1654680300486069000,125.0,1,125.0,640,125.5,328,2,2022-06-08 09:25:00
1654680304220326000,125.5,1,125.0,640,125.5,327,1,2022-06-08 09:25:04
1654680319232086000,125.5,1,125.0,646,125.5,327,1,2022-06-08 09:25:19
1654680320283250000,125.5,10,125.0,646,125.5,318,1,2022-06-08 09:25:20
1654680321431791000,125.5,1,125.0,645,125.5,317,1,2022-06-08 09:25:21
1654680329174240000,125.5,1,125.0,647,125.5,316,1,2022-06-08 09:25:29
1654680337063835000,125.0,1,125.0,645,125.5,315,2,2022-06-08 09:25:37
1654680341541000000,125.5,1,125.0,646,125.5,314,1,2022-06-08 09:25:41
1654680346422771000,125.5,1,125.0,648,125.5,314,1,2022-06-08 09:25:46
1654680348747241000,125.0,3,125.0,645,125.5,314,2,2022-06-08 09:25:48
1654680384803307000,125.0,1,125.0,650,125.5,219,2,2022-06-08 09:26:24
1654680396262897000,125.0,1,125.0,652,125.5,229,2,2022-06-08 09:26:36
1654680411707179000,125.0,1,125.0,656,125.5,230,2,2022-06-08 09:26:51
1654680417112636000,125.5,1,125.0,657,125.5,229,1,2022-06-08 09:26:57
1654680421999787000,125.5,1,125.0,657,125.5,228,1,2022-06-08 09:27:01
1654680424012792000,125.5,1,125.0,657,125.5,227,1,2022-06-08 09:27:04
1654680430644961000,125.5,1,125.0,660,125.5,226,1,2022-06-08 09:27:10
1654680432854233000,125.0,1,125.0,660,125.5,226,2,2022-06-08 09:27:12
1654680456276139000,125.5,1,125.0,666,125.5,225,1,2022-06-08 09:27:36
1654680473107289000,125.5,1,125.0,672,125.5,224,1,2022-06-08 09:27:53
1654680474968741000,125.5,1,125.0,674,125.5,223,1,2022-06-08 09:27:54
1654680481005106000,125.0,1,125.0,675,125.5,223,2,2022-06-08 09:28:01
1654680498530038000,125.5,1,125.0,733,125.5,223,1,2022-06-08 09:28:18
1654680501865662000,125.5,1,125.0,734,125.5,222,1,2022-06-08 09:28:21
1654680529052410000,125.0,1,125.0,740,125.5,324,2,2022-06-08 09:28:49
1654680536721066000,125.5,1,125.0,740,125.5,323,1,2022-06-08 09:28:56
1654680557724448000,125.5,1,125.0,983,125.5,322,1,2022-06-08 09:29:17
1654680568598090000,125.5,1,125.0,1005,125.5,321,1,2022-06-08 09:29:28
1654680576834249000,125.0,1,125.0,1004,125.5,321,2,2022-06-08 09:29:36
1654680577770775000,125.5,2,125.0,1004,125.5,319,1,2022-06-08 09:29:37
1654680579526416000,125.5,1,125.0,1005,125.5,318,1,2022-06-08 09:29:39
1654680591884861000,125.5,47,125.0,1007,125.5,271,1,2022-06-08 09:29:51
1654680591913736000,125.5,1,125.0,1007,125.5,270,1,2022-06-08 09:29:51
1654680592817699000,125.5,1,125.0,1009,125.5,269,1,2022-06-08 09:29:52
1654680594768392000,125.5,1,125.0,1010,125.5,268,1,2022-06-08 09:29:54
1654680596158824000,125.5,1,125.0,1010,125.5,267,1,2022-06-08 09:29:56
1654680597738152000,125.5,1,125.0,1010,125.5,266,1,2022-06-08 09:29:57
1654680608314056000,125.5,1,125.0,1012,125.5,263,1,2022-06-08 09:30:08
1654680615052504000,125.5,1,125.0,1016,125.5,262,1,2022-06-08 09:30:15
1654680622160414000,125.5,1,125.0,1018,125.5,261,1,2022-06-08 09:30:22
1654680624623355000,125.5,1,125.0,1017,125.5,260,1,2022-06-08 09:30:24
1654680624878567000,125.5,1,125.0,1017,125.5,259,1,2022-06-08 09:30:24
1654680625033956000,125.0,1,125.0,1016,125.5,259,2,2022-06-08 09:30:25
1654680625511873000,125.5,1,125.0,1016,125.5,258,1,2022-06-08 09:30:25
1654680630736968000,125.5,1,125.0,1017,125.5,257,1,2022-06-08 09:30:30
1654680636783666000,125.0,2,125.0,1018,125.5,257,2,2022-06-08 09:30:36
1654680640696464000,125.5,1,125.0,1018,125.5,256,1,2022-06-08 09:30:40
1654680646246255000,125.5,1,125.0,1019,125.5,285,1,2022-06-08 09:30:46
1654680655072912000,125.5,1,125.0,1020,125.5,286,1,2022-06-08 09:30:55
1654680655336798000,125.5,1,125.0,1020,125.5,285,1,2022-06-08 09:30:55
1654680668554847000,125.5,1,125.0,1022,125.5,284,1,2022-06-08 09:31:08
1654680673326952000,125.0,1,125.0,1024,125.5,284,2,2022-06-08 09:31:13
1654680676762401000,125.5,1,125.0,1024,125.5,283,1,2022-06-08 09:31:16
1654680677129991000,125.5,1,125.0,1024,125.5,282,1,2022-06-08 09:31:17
1654680689813110000,125.5,1,125.0,1024,125.5,282,1,2022-06-08 09:31:29
1654680694699061000,125.5,1,125.0,1024,125.5,281,1,2022-06-08 09:31:34
1654680704668238000,125.5,1,125.0,1025,125.5,280,1,2022-06-08 09:31:44
1654680706180124000,125.5,1,125.0,1025,125.5,279,1,2022-06-08 09:31:46
1654680709554792000,125.5,1,125.0,1025,125.5,278,1,2022-06-08 09:31:49
1654680713490906000,125.5,1,125.0,1025,125.5,277,1,2022-06-08 09:31:53
1654680715868747000,125.5,1,125.0,1025,125.5,276,1,2022-06-08 09:31:55
1654680716966257000,125.5,1,125.0,1025,125.5,275,1,2022-06-08 09:31:56
1654680717716888000,125.5,1,125.0,1025,125.5,274,1,2022-06-08 09:31:57
1654680721320451000,125.0,1,125.0,1024,125.5,274,2,2022-06-08 09:32:01
1654680726490196000,125.5,1,125.0,1024,125.5,302,1,2022-06-08 09:32:06
1654680727072876000,125.5,1,125.0,1023,125.5,300,1,2022-06-08 09:32:07
1654680729057045000,125.5,1,125.0,1024,125.5,299,1,2022-06-08 09:32:09
1654680734000655000,125.5,1,125.0,1025,125.5,299,1,2022-06-08 09:32:14
1654680737856635000,125.0,4,125.0,1022,125.5,299,2,2022-06-08 09:32:17
1654680738041047000,125.5,1,125.0,1022,125.5,298,1,2022-06-08 09:32:18
1654680753928969000,125.5,1,125.0,1024,125.5,297,1,2022-06-08 09:32:33
1654680760362336000,125.5,1,125.0,1025,125.5,296,1,2022-06-08 09:32:40
1654680763659391000,125.5,1,125.0,1026,125.5,295,1,2022-06-08 09:32:43
1654680764481418000,125.5,1,125.0,1026,125.5,294,1,2022-06-08 09:32:44
1654680769296705000,125.0,1,125.0,1027,125.5,294,2,2022-06-08 09:32:49
1654680779639639000,125.5,1,125.0,1030,125.5,293,1,2022-06-08 09:32:59
1654680781284535000,125.5,1,125.0,1029,125.5,293,1,2022-06-08 09:33:01
1654680785535564000,125.5,1,125.0,1030,125.5,292,1,2022-06-08 09:33:05
1654680790138786000,125.5,1,125.0,1033,125.5,291,1,2022-06-08 09:33:10
1654680792516232000,125.5,1,125.0,1033,125.5,290,1,2022-06-08 09:33:12
1654680794167270000,125.5,1,125.0,1034,125.5,289,1,2022-06-08 09:33:14
1654680802151303000,125.5,1,125.0,1035,125.5,288,1,2022-06-08 09:33:22
1654680810468152000,125.5,1,125.0,1036,125.5,287,1,2022-06-08 09:33:30
1654680817397723000,125.0,1,125.0,1035,125.5,287,2,2022-06-08 09:33:37
1654680831058509000,125.5,1,125.0,1038,125.5,286,1,2022-06-08 09:33:51
1654680831910686000,125.5,1,125.0,1038,125.5,285,1,2022-06-08 09:33:51
1654680842320856000,125.5,9,125.0,1039,125.5,277,1,2022-06-08 09:34:02
1654680856914989000,125.5,1,125.0,1039,125.5,276,1,2022-06-08 09:34:16
1654680857407942000,125.5,1,125.0,1039,125.5,275,1,2022-06-08 09:34:17
1654680865381299000,125.0,1,125.0,1038,125.5,275,2,2022-06-08 09:34:25
1654680888913609000,125.0,2,125.0,1041,125.5,275,2,2022-06-08 09:34:48
1654680891980765000,125.5,1,125.0,1041,125.5,274,1,2022-06-08 09:34:51
1654680904303067000,125.0,2,125.0,1039,125.5,272,2,2022-06-08 09:35:04
1654680913388102000,125.0,1,125.0,1042,125.5,273,2,2022-06-08 09:35:13
1654680922087625000,125.0,1,125.0,1042,125.5,275,2,2022-06-08 09:35:22
1654680938298265000,125.5,1,125.0,1044,125.5,275,1,2022-06-08 09:35:38
1654680947963086000,125.5,1,125.0,1047,125.5,244,1,2022-06-08 09:35:47
1654680955966688000,125.5,1,125.0,1048,125.5,243,1,2022-06-08 09:35:55
1654680961308679000,125.0,1,125.0,1047,125.5,243,2,2022-06-08 09:36:01
1654680988024786000,125.5,1,125.0,1051,125.5,242,1,2022-06-08 09:36:28
1654680995334522000,125.5,1,125.0,1051,125.5,241,1,2022-06-08 09:36:35
1654681009145397000,125.0,1,125.0,1050,125.5,241,2,2022-06-08 09:36:49
1654681010060802000,125.5,1,125.0,1049,125.5,240,1,2022-06-08 09:36:50
1654681014446095000,125.5,1,125.0,1050,125.5,239,1,2022-06-08 09:36:54
1654681017516354000,125.5,1,125.0,1050,125.5,238,1,2022-06-08 09:36:57
1654681022040953000,125.5,1,125.0,1051,125.5,237,1,2022-06-08 09:37:02
1654681024074781000,125.5,1,125.0,1051,125.5,236,1,2022-06-08 09:37:04
1654681025619372000,125.5,1,125.0,1051,125.5,235,1,2022-06-08 09:37:05
1654681031624973000,125.5,1,125.0,1049,125.5,234,1,2022-06-08 09:37:11
1654681036233345000,125.5,1,125.0,1048,125.5,239,1,2022-06-08 09:37:16
1654681038250424000,125.5,1,125.0,1048,125.5,238,1,2022-06-08 09:37:18
1654681039773642000,125.5,1,125.0,1047,125.5,237,1,2022-06-08 09:37:19
1654681040624164000,125.5,1,125.0,1047,125.5,236,1,2022-06-08 09:37:20
1654681041932105000,125.5,1,125.0,1047,125.5,235,1,2022-06-08 09:37:21
1654681050532736000,125.0,1,125.0,1046,125.5,235,2,2022-06-08 09:37:30
1654681054565355000,125.5,1,125.0,1046,125.5,234,1,2022-06-08 09:37:34
1654681056720387000,125.5,1,125.0,1045,125.5,233,1,2022-06-08 09:37:36
1654681057378826000,125.0,1,125.0,1045,125.5,233,2,2022-06-08 09:37:37
1654681071158873000,125.5,1,125.0,1045,125.5,238,1,2022-06-08 09:37:51
1654681078066253000,125.5,1,125.0,806,125.5,237,1,2022-06-08 09:37:58
1654681079563635000,125.5,1,125.0,785,125.5,236,1,2022-06-08 09:37:59
1654681081003404000,125.5,1,125.0,784,125.5,235,1,2022-06-08 09:38:01
1654681094536273000,125.5,1,125.0,781,125.5,240,1,2022-06-08 09:38:14
1654681103724721000,125.5,1,125.0,779,125.5,239,1,2022-06-08 09:38:23
1654681105113628000,125.0,1,125.0,778,125.5,320,2,2022-06-08 09:38:25
1654681121540050000,125.5,1,125.0,782,125.5,325,1,2022-06-08 09:38:41
1654681130359282000,125.5,1,125.0,784,125.5,326,1,2022-06-08 09:38:50
1654681153252446000,125.0,1,125.0,786,125.5,311,2,2022-06-08 09:39:13
1654681154730963000,125.5,1,125.0,787,125.5,310,1,2022-06-08 09:39:14
1654681197088277000,125.5,1,125.0,791,125.5,317,1,2022-06-08 09:39:57
1654681200336264000,125.0,1,125.0,790,125.5,317,2,2022-06-08 09:40:00
1654681215766816000,125.5,1,125.0,792,125.5,321,1,2022-06-08 09:40:15
1654681242106305000,125.5,1,125.0,792,125.5,325,1,2022-06-08 09:40:42
1654681248446761000,125.0,1,125.0,792,125.5,325,2,2022-06-08 09:40:48
1654681270797967000,125.5,1,125.0,793,125.5,375,1,2022-06-08 09:41:10
1654681273843681000,125.5,1,125.0,792,125.5,379,1,2022-06-08 09:41:13
1654681274528487000,125.5,1,125.0,792,125.5,378,1,2022-06-08 09:41:14
1654681296448144000,125.0,1,125.0,793,125.5,381,2,2022-06-08 09:41:36
1654681320307451000,125.5,1,125.0,791,125.5,385,1,2022-06-08 09:42:00
1654681327723840000,125.5,1,125.0,791,125.5,384,1,2022-06-08 09:42:07
1654681328988094000,125.5,1,125.0,790,125.5,383,1,2022-06-08 09:42:08
1654681339270762000,125.0,130,125.0,659,125.5,475,2,2022-06-08 09:42:19
1654681339308380000,125.0,102,125.0,557,125.5,475,2,2022-06-08 09:42:19
1654681339339200000,125.0,7,125.0,550,125.5,477,2,2022-06-08 09:42:19
1654681339341690000,125.0,50,125.0,500,125.5,477,2,2022-06-08 09:42:19
1654681339342307000,125.0,50,125.0,450,125.5,477,2,2022-06-08 09:42:19
1654681339380168000,125.0,4,125.0,446,125.5,477,2,2022-06-08 09:42:19
1654681339380232000,125.0,21,125.0,425,125.5,477,2,2022-06-08 09:42:19
1654681339397475000,125.0,36,125.0,389,125.5,477,2,2022-06-08 09:42:19
1654681339434328000,125.0,11,125.0,378,125.5,477,2,2022-06-08 09:42:19
1654681339434345000,125.0,21,125.0,357,125.5,477,2,2022-06-08 09:42:19
1654681342744711000,125.0,2,125.0,355,125.5,477,2,2022-06-08 09:42:22
1654681342777670000,125.0,11,125.0,344,125.5,477,2,2022-06-08 09:42:22
1654681342777987000,125.0,2,125.0,342,125.5,477,2,2022-06-08 09:42:22
1654681342778120000,125.0,57,125.0,285,125.5,477,2,2022-06-08 09:42:22
1654681343724874000,125.0,1,125.0,284,125.5,477,2,2022-06-08 09:42:23
1654681344636888000,125.0,1,125.0,283,125.5,517,2,2022-06-08 09:42:24
1654681349593241000,125.0,1,125.0,284,125.5,497,2,2022-06-08 09:42:29
1654681377222539000,125.0,1,125.0,235,125.5,613,2,2022-06-08 09:42:57
1654681377866052000,125.0,1,125.0,234,125.5,613,2,2022-06-08 09:42:57
1654681379367397000,125.0,1,125.0,233,125.5,613,2,2022-06-08 09:42:59
1654681384799596000,125.0,4,125.0,230,125.5,613,2,2022-06-08 09:43:04
1654681386693107000,125.0,2,125.0,228,125.5,613,2,2022-06-08 09:43:06
1654681392629332000,125.0,1,125.0,229,125.5,613,2,2022-06-08 09:43:12
1654681395188101000,125.0,1,125.0,227,125.5,613,2,2022-06-08 09:43:15
1654681397705487000,125.0,1,125.0,226,125.5,612,2,2022-06-08 09:43:17
1654681398388291000,125.0,1,125.0,225,125.5,612,2,2022-06-08 09:43:18
1654681400862330000,125.0,4,125.0,221,125.5,612,2,2022-06-08 09:43:20
1654681401983158000,125.0,5,125.0,216,125.5,612,2,2022-06-08 09:43:21
1654681402105203000,125.0,33,125.0,183,125.5,612,2,2022-06-08 09:43:22
1654681402793188000,125.0,1,125.0,182,125.5,612,2,2022-06-08 09:43:22
1654681404786435000,125.0,6,125.0,176,125.5,612,2,2022-06-08 09:43:24
1654681405131149000,125.0,1,125.0,175,125.5,612,2,2022-06-08 09:43:25
1654681406434348000,125.0,1,125.0,174,125.5,612,2,2022-06-08 09:43:26
1654681406968338000,125.0,1,125.0,173,125.5,612,2,2022-06-08 09:43:26
1654681407192362000,125.0,1,125.0,172,125.5,612,2,2022-06-08 09:43:27
1654681410688185000,125.0,1,125.0,171,125.5,612,2,2022-06-08 09:43:30
1654681412185500000,125.0,1,125.0,169,125.5,612,2,2022-06-08 09:43:32
1654681413543805000,125.0,2,125.0,167,125.5,611,2,2022-06-08 09:43:33
1654681415629915000,125.0,1,125.0,167,125.5,612,2,2022-06-08 09:43:35
1654681417682392000,125.0,10,125.0,157,125.5,615,2,2022-06-08 09:43:37
1654681419823844000,125.0,1,125.0,156,125.5,615,2,2022-06-08 09:43:39
1654681420096606000,125.0,2,125.0,154,125.5,615,2,2022-06-08 09:43:40
1654681420220549000,125.0,1,125.0,153,125.5,615,2,2022-06-08 09:43:40
1654681420261588000,125.0,1,125.0,152,125.5,615,2,2022-06-08 09:43:40
1654681426555453000,125.0,1,125.0,151,125.5,528,2,2022-06-08 09:43:46
1654681429040828000,125.0,3,125.0,150,125.5,528,2,2022-06-08 09:43:49
1654681432627275000,125.0,2,125.0,147,125.5,528,2,2022-06-08 09:43:52
1654681433024377000,125.5,1,125.0,147,125.5,527,1,2022-06-08 09:43:53
1654681435383291000,125.0,10,125.0,137,125.5,527,2,2022-06-08 09:43:55
1654681436047800000,125.0,1,125.0,136,125.5,527,2,2022-06-08 09:43:56
1654681436592266000,125.0,1,125.0,135,125.5,527,2,2022-06-08 09:43:56
1654681440549610000,125.0,1,125.0,133,125.5,527,2,2022-06-08 09:44:00
1654681440626505000,125.0,1,125.0,132,125.5,527,2,2022-06-08 09:44:00
1654681449285289000,125.0,1,125.0,131,125.5,527,2,2022-06-08 09:44:09
1654681449536316000,125.0,1,125.0,130,125.5,527,2,2022-06-08 09:44:09
1654681450361691000,125.0,1,125.0,129,125.5,527,2,2022-06-08 09:44:10
1654681451150844000,125.0,87,125.0,41,125.5,527,2,2022-06-08 09:44:11
1654681451841803000,125.0,7,125.0,34,125.5,527,2,2022-06-08 09:44:11
1654681452272226000,125.0,2,125.0,32,125.5,527,2,2022-06-08 09:44:12
1654681452371063000,125.0,2,125.0,30,125.5,527,2,2022-06-08 09:44:12
1654681452876120000,125.0,1,125.0,29,125.5,527,2,2022-06-08 09:44:12
1654681452876950000,125.0,1,125.0,28,125.5,527,2,2022-06-08 09:44:12
1654681453428566000,125.0,4,125.0,24,125.5,527,2,2022-06-08 09:44:13
1654681453453112000,125.0,1,125.0,23,125.5,527,2,2022-06-08 09:44:13
1654681454616708000,125.0,10,125.0,13,125.5,527,2,2022-06-08 09:44:14
1654681454721423000,125.0,1,125.0,12,125.5,527,2,2022-06-08 09:44:14
1654681455094812000,125.0,1,125.0,11,125.5,527,2,2022-06-08 09:44:15
1654681455510683000,125.0,1,125.0,10,125.5,527,2,2022-06-08 09:44:15
1654681458333214000,125.0,4,125.0,7,125.5,527,2,2022-06-08 09:44:18
1654681458511907000,125.0,5,125.0,2,125.5,527,2,2022-06-08 09:44:18
1654681459402540000,125.0,2,124.5,406,125.5,517,2,2022-06-08 09:44:19
1654681460276292000,124.5,2,124.5,435,125.0,22,2,2022-06-08 09:44:20
1654681462058241000,124.5,9,124.5,422,125.0,32,2,2022-06-08 09:44:22
1654681464077859000,124.5,5,124.5,417,125.0,44,2,2022-06-08 09:44:24
1654681467098546000,124.5,5,124.5,412,125.0,45,2,2022-06-08 09:44:27
1654681469414696000,124.5,5,124.5,358,125.0,53,2,2022-06-08 09:44:29
1654681471486902000,124.5,5,124.5,355,125.0,84,2,2022-06-08 09:44:31
1654681475041187000,124.5,5,124.5,348,125.0,89,2,2022-06-08 09:44:35
1654681476272239000,124.5,5,124.5,343,125.0,91,2,2022-06-08 09:44:36
1654681479564897000,124.5,10,124.5,336,125.0,91,2,2022-06-08 09:44:39
1654681481595720000,124.5,5,124.5,332,125.0,98,2,2022-06-08 09:44:41
1654681483341562000,125.0,1,124.5,331,125.0,97,1,2022-06-08 09:44:43
1654681483520222000,124.5,1,124.5,330,125.0,97,2,2022-06-08 09:44:43
1654681484471052000,124.5,6,124.5,325,125.0,97,2,2022-06-08 09:44:44
1654681488076477000,124.5,6,124.5,321,125.0,116,2,2022-06-08 09:44:48
1654681488710163000,124.5,1,124.5,320,125.0,116,2,2022-06-08 09:44:48
1654681491057249000,125.0,1,124.5,319,125.0,115,1,2022-06-08 09:44:51
1654681492329788000,124.5,2,124.5,317,125.0,115,2,2022-06-08 09:44:52
1654681498366653000,124.5,1,124.5,416,125.0,116,2,2022-06-08 09:44:58
1654681500829345000,124.5,1,124.5,415,125.0,116,2,2022-06-08 09:45:00
1654681501161395000,124.5,5,124.5,410,125.0,116,2,2022-06-08 09:45:01
1654681501617654000,124.5,5,124.5,405,125.0,116,2,2022-06-08 09:45:01
1654681503310107000,124.5,1,124.5,405,125.0,117,2,2022-06-08 09:45:03
1654681506664046000,124.5,1,124.5,405,125.0,119,2,2022-06-08 09:45:06
1654681508972291000,124.5,1,124.5,408,125.0,119,2,2022-06-08 09:45:08
1654681513136357000,124.5,10,124.5,398,125.0,120,2,2022-06-08 09:45:13
1654681515262419000,124.5,2,124.5,397,125.0,120,2,2022-06-08 09:45:15
1654681518406216000,125.0,1,124.5,397,125.0,119,1,2022-06-08 09:45:18
1654681523791579000,124.5,1,124.5,398,125.0,119,2,2022-06-08 09:45:23
1654681525343054000,125.0,1,124.5,397,125.0,118,1,2022-06-08 09:45:25
1654681525704225000,125.0,1,124.5,397,125.0,117,1,2022-06-08 09:45:25
1654681526091544000,124.5,30,124.5,367,125.0,117,2,2022-06-08 09:45:26
1654681528447229000,124.5,5,124.5,362,125.0,117,2,2022-06-08 09:45:28
1654681528815831000,125.0,1,124.5,362,125.0,116,1,2022-06-08 09:45:28
1654681535234488000,124.5,1,124.5,363,125.0,121,2,2022-06-08 09:45:35
1654681536509315000,124.5,1,124.5,362,125.0,131,2,2022-06-08 09:45:36
1654681539690580000,125.0,1,124.5,362,125.0,130,1,2022-06-08 09:45:39
1654681541095930000,124.5,20,124.5,342,125.0,130,2,2022-06-08 09:45:41
1654681546762910000,124.5,10,124.5,333,125.0,133,2,2022-06-08 09:45:46
1654681558003254000,124.5,1,124.5,337,125.0,140,2,2022-06-08 09:45:58
1654681559241313000,124.5,1,124.5,336,125.0,140,2,2022-06-08 09:45:59
1654681568854138000,125.0,1,124.5,341,125.0,143,1,2022-06-08 09:46:08
1654681575971840000,125.0,1,124.5,346,125.0,142,1,2022-06-08 09:46:15
1654681584463008000,124.5,1,124.5,351,125.0,144,2,2022-06-08 09:46:24
1654681585533789000,124.5,1,124.5,350,125.0,143,2,2022-06-08 09:46:25
1654681592158039000,125.0,1,124.5,351,125.0,143,1,2022-06-08 09:46:32
1654681605942519000,125.0,1,124.5,351,125.0,141,1,2022-06-08 09:46:45
1654681607552084000,124.5,10,124.5,351,125.0,141,2,2022-06-08 09:46:47
1654681611957877000,125.0,1,124.5,352,125.0,140,1,2022-06-08 09:46:51
1654681613254340000,124.5,1,124.5,351,125.0,140,2,2022-06-08 09:46:53
1654681620437204000,124.5,2,124.5,349,125.0,240,2,2022-06-08 09:47:00
1654681622220841000,124.5,2,124.5,347,125.0,240,2,2022-06-08 09:47:02
1654681629044181000,125.0,1,124.5,349,125.0,240,1,2022-06-08 09:47:09
1654681632514497000,124.5,1,124.5,348,125.0,241,2,2022-06-08 09:47:12
1654681638769798000,125.0,1,124.5,349,125.0,240,1,2022-06-08 09:47:18
1654681640910563000,124.5,1,124.5,349,125.0,240,2,2022-06-08 09:47:20
1654681640960170000,124.5,1,124.5,348,125.0,237,2,2022-06-08 09:47:20
1654681642791001000,125.0,1,124.5,346,125.0,238,1,2022-06-08 09:47:22
1654681646227667000,125.0,1,124.5,345,125.0,237,1,2022-06-08 09:47:26
1654681653996360000,125.0,1,124.5,345,125.0,251,1,2022-06-08 09:47:33
1654681656836833000,125.0,1,124.5,344,125.0,250,1,2022-06-08 09:47:36
1654681660123604000,124.5,1,124.5,343,125.0,251,2,2022-06-08 09:47:40
1654681661970051000,124.5,1,124.5,342,125.0,250,2,2022-06-08 09:47:41
1654681673187285000,125.0,1,124.5,353,125.0,349,1,2022-06-08 09:47:53
1654681675700671000,124.5,1,124.5,352,125.0,348,2,2022-06-08 09:47:55
1654681680550233000,124.5,1,124.5,355,125.0,349,2,2022-06-08 09:48:00
1654681691865026000,124.5,2,124.5,365,125.0,350,2,2022-06-08 09:48:11
1654681701832486000,124.5,10,124.5,376,125.0,350,2,2022-06-08 09:48:21
1654681703705519000,124.5,2,124.5,374,125.0,350,2,2022-06-08 09:48:23
1654681704691505000,124.5,1,124.5,373,125.0,350,2,2022-06-08 09:48:24
1654681720164985000,125.0,1,124.5,374,125.0,349,1,2022-06-08 09:48:40
1654681720319551000,125.0,1,124.5,374,125.0,348,1,2022-06-08 09:48:40
1654681724794071000,124.5,1,124.5,375,125.0,348,2,2022-06-08 09:48:44
1654681726471479000,124.5,15,124.5,360,125.0,333,2,2022-06-08 09:48:46
1654681728490957000,124.5,1,124.5,360,125.0,333,2,2022-06-08 09:48:48
1654681738668486000,125.0,1,124.5,362,125.0,381,1,2022-06-08 09:48:58
1654681762302368000,124.5,7,124.5,366,125.0,385,2,2022-06-08 09:49:22
1654681763524752000,124.5,1,124.5,366,125.0,385,2,2022-06-08 09:49:23
1654681771698432000,125.0,1,124.5,367,125.0,421,1,2022-06-08 09:49:31
1654681772766433000,124.5,1,124.5,366,125.0,421,2,2022-06-08 09:49:32
1654681772829593000,124.5,9,124.5,357,125.0,421,2,2022-06-08 09:49:32
1654681776571434000,124.5,1,124.5,357,125.0,421,2,2022-06-08 09:49:36
1654681796613745000,124.5,1,124.5,359,125.0,420,2,2022-06-08 09:49:56
1654681806837604000,124.5,1,124.5,382,125.0,421,2,2022-06-08 09:50:06
1654681807787295000,124.5,1,124.5,381,125.0,421,2,2022-06-08 09:50:07
1654681822063743000,124.5,1,124.5,393,125.0,424,2,2022-06-08 09:50:22
1654681824579490000,124.5,1,124.5,394,125.0,424,2,2022-06-08 09:50:24
1654681829028764000,125.0,1,124.5,396,125.0,423,1,2022-06-08 09:50:29
1654681829669814000,124.5,1,124.5,396,125.0,422,2,2022-06-08 09:50:29
1654681835412830000,124.5,3,124.5,396,125.0,423,2,2022-06-08 09:50:35
1654681846300338000,124.5,3,124.5,397,125.0,424,2,2022-06-08 09:50:46
1654681851001590000,124.5,3,124.5,396,125.0,424,2,2022-06-08 09:50:51
1654681852529165000,125.0,1,124.5,395,125.0,423,1,2022-06-08 09:50:52
1654681852626112000,124.5,1,124.5,394,125.0,423,2,2022-06-08 09:50:52
1654681864002957000,124.5,1,124.5,405,125.0,423,2,2022-06-08 09:51:04
1654681872755416000,124.5,1,124.5,407,125.0,423,2,2022-06-08 09:51:12
1654681894568654000,125.0,1,124.5,415,125.0,421,1,2022-06-08 09:51:34
1654681910803958000,125.0,1,124.5,419,125.0,420,1,2022-06-08 09:51:50
1654681915174645000,124.5,1,124.5,422,125.0,420,2,2022-06-08 09:51:55
1654681916115141000,125.0,1,124.5,422,125.0,419,1,2022-06-08 09:51:56
1654681920655224000,124.5,1,124.5,422,125.0,420,2,2022-06-08 09:52:00
1654681927386082000,124.5,1,124.5,434,125.0,420,2,2022-06-08 09:52:07
1654681935439792000,124.5,1,124.5,435,125.0,420,2,2022-06-08 09:52:15
1654681945699580000,124.5,1,124.5,433,125.0,421,2,2022-06-08 09:52:25
1654681947282515000,124.5,8,124.5,426,125.0,421,2,2022-06-08 09:52:27
1654681967516190000,124.5,1,124.5,431,125.0,522,2,2022-06-08 09:52:47
1654681968733517000,124.5,1,124.5,432,125.0,522,2,2022-06-08 09:52:48
1654681972028433000,124.5,9,124.5,425,125.0,522,2,2022-06-08 09:52:52
1654681980872369000,124.5,29,124.5,400,125.0,522,2,2022-06-08 09:53:00
1654681993453403000,125.0,1,124.5,406,125.0,521,1,2022-06-08 09:53:13
1654681996096582000,125.0,1,124.5,410,125.0,520,1,2022-06-08 09:53:16
1654682008154701000,125.0,1,124.5,412,125.0,520,1,2022-06-08 09:53:28
1654682015910725000,124.5,2,124.5,406,125.0,520,2,2022-06-08 09:53:35
1654682016835836000,124.5,1,124.5,405,125.0,520,2,2022-06-08 09:53:36
1654682020563087000,125.0,1,124.5,405,125.0,519,1,2022-06-08 09:53:40
1654682030017675000,125.0,1,124.5,405,125.0,518,1,2022-06-08 09:53:50
1654682039419958000,125.0,1,124.5,405,125.0,518,1,2022-06-08 09:53:59
1654682041728445000,125.0,1,124.5,405,125.0,517,1,2022-06-08 09:54:01
1654682045210373000,125.0,1,124.5,407,125.0,516,1,2022-06-08 09:54:05
1654682050066652000,125.0,1,124.5,408,125.0,515,1,2022-06-08 09:54:10
1654682054242399000,124.5,1,124.5,409,125.0,515,2,2022-06-08 09:54:14
1654682058523327000,125.0,1,124.5,408,125.0,514,1,2022-06-08 09:54:18
1654682064928383000,124.5,1,124.5,407,125.0,514,2,2022-06-08 09:54:24
1654682074933884000,124.5,1,124.5,406,125.0,513,2,2022-06-08 09:54:34
1654682089347534000,124.5,4,124.5,407,125.0,513,2,2022-06-08 09:54:49
1654682099157730000,125.0,1,124.5,410,125.0,516,1,2022-06-08 09:54:59
1654682104489253000,125.0,1,124.5,410,125.0,515,1,2022-06-08 09:55:04
1654682106701823000,125.0,1,124.5,412,125.0,514,1,2022-06-08 09:55:06
1654682110658343000,125.0,1,124.5,412,125.0,513,1,2022-06-08 09:55:10
1654682112849333000,124.5,1,124.5,411,125.0,513,2,2022-06-08 09:55:12
1654682113865832000,125.0,1,124.5,411,125.0,512,1,2022-06-08 09:55:13
1654682115016840000,125.0,1,124.5,411,125.0,511,1,2022-06-08 09:55:15
1654682124066995000,125.0,1,124.5,413,125.0,510,1,2022-06-08 09:55:24
1654682124093294000,125.0,11,124.5,413,125.0,499,1,2022-06-08 09:55:24
1654682130869766000,125.0,1,124.5,416,125.0,498,1,2022-06-08 09:55:30
1654682145789737000,125.0,1,124.5,419,125.0,497,1,2022-06-08 09:55:45
1654682152179628000,125.0,1,124.5,423,125.0,494,1,2022-06-08 09:55:52
1654682154431444000,125.0,1,124.5,423,125.0,493,1,2022-06-08 09:55:54
1654682160587073000,124.5,1,124.5,433,125.0,494,2,2022-06-08 09:56:00
1654682162925057000,125.0,1,124.5,435,125.0,493,1,2022-06-08 09:56:02
1654682170822235000,125.0,1,124.5,436,125.0,493,1,2022-06-08 09:56:10
1654682194038010000,124.5,1,124.5,442,125.0,492,2,2022-06-08 09:56:34
1654682195884909000,125.0,1,124.5,443,125.0,491,1,2022-06-08 09:56:35
1654682199228227000,125.0,1,124.5,443,125.0,490,1,2022-06-08 09:56:39
1654682202000710000,124.5,1,124.5,443,125.0,490,2,2022-06-08 09:56:42
1654682202532185000,125.0,1,124.5,443,125.0,489,1,2022-06-08 09:56:42
1654682205922642000,125.0,1,124.5,443,125.0,488,1,2022-06-08 09:56:45
1654682208620890000,124.5,1,124.5,442,125.0,489,2,2022-06-08 09:56:48
1654682216427896000,125.0,1,124.5,446,125.0,488,1,2022-06-08 09:56:56
1654682227080612000,124.5,1,124.5,450,125.0,488,2,2022-06-08 09:57:07
1654682227241212000,125.0,1,124.5,450,125.0,487,1,2022-06-08 09:57:07
1654682232483264000,125.0,1,124.5,453,125.0,486,1,2022-06-08 09:57:12
1654682233406663000,125.0,1,124.5,453,125.0,485,1,2022-06-08 09:57:13
1654682238813473000,125.0,1,124.5,452,125.0,484,1,2022-06-08 09:57:18
1654682251032282000,125.0,1,124.5,455,125.0,482,1,2022-06-08 09:57:31
1654682256659202000,124.5,1,124.5,456,125.0,482,2,2022-06-08 09:57:36
1654682262740290000,125.0,1,124.5,458,125.0,481,1,2022-06-08 09:57:42
1654682271748181000,125.0,1,124.5,460,125.0,481,1,2022-06-08 09:57:51
1654682274479195000,125.0,1,124.5,461,125.0,480,1,2022-06-08 09:57:54
1654682280048717000,125.0,1,124.5,463,125.0,478,1,2022-06-08 09:58:00
1654682288896154000,125.0,1,124.5,466,125.0,477,1,2022-06-08 09:58:08
1654682291588322000,124.5,1,124.5,469,125.0,478,2,2022-06-08 09:58:11
1654682304706549000,124.5,1,124.5,470,125.0,478,2,2022-06-08 09:58:24
1654682308123857000,125.0,1,124.5,470,125.0,478,1,2022-06-08 09:58:28
1654682310602027000,125.0,1,124.5,472,125.0,477,1,2022-06-08 09:58:30
1654682315057061000,125.0,1,124.5,472,125.0,476,1,2022-06-08 09:58:35
1654682323863813000,125.0,1,124.5,477,125.0,475,1,2022-06-08 09:58:43
1654682326381578000,125.0,1,124.5,478,125.0,474,1,2022-06-08 09:58:46
1654682326935522000,125.0,1,124.5,478,125.0,473,1,2022-06-08 09:58:46
1654682338106344000,125.0,6,124.5,478,125.0,467,1,2022-06-08 09:58:58
1654682345166507000,125.0,1,124.5,478,125.0,466,1,2022-06-08 09:59:05
1654682347244974000,125.0,1,124.5,538,125.0,465,1,2022-06-08 09:59:07
1654682352644410000,124.5,1,124.5,479,125.0,465,2,2022-06-08 09:59:12
1654682353121161000,125.0,1,124.5,479,125.0,464,1,2022-06-08 09:59:13
1654682355179032000,124.5,7,124.5,532,125.0,464,2,2022-06-08 09:59:15
1654682357223641000,125.0,1,124.5,474,125.0,563,1,2022-06-08 09:59:17
1654682362353435000,125.0,1,124.5,535,125.0,562,1,2022-06-08 09:59:22
1654682367044045000,125.0,1,124.5,537,125.0,561,1,2022-06-08 09:59:27
1654682370365765000,125.0,1,124.5,538,125.0,560,1,2022-06-08 09:59:30
1654682373316249000,125.0,1,124.5,537,125.0,559,1,2022-06-08 09:59:33
1654682375852983000,125.0,1,124.5,536,125.0,558,1,2022-06-08 09:59:35
1654682376727025000,125.0,1,124.5,526,125.0,557,1,2022-06-08 09:59:36
1654682378767996000,124.5,2,124.5,527,125.0,556,2,2022-06-08 09:59:38
1654682389779188000,125.0,1,124.5,530,125.0,555,1,2022-06-08 09:59:49
1654682391522065000,125.0,1,124.5,591,125.0,554,1,2022-06-08 09:59:51
1654682400823779000,124.5,1,124.5,531,125.0,554,2,2022-06-08 10:00:00
1654682410791395000,125.0,1,124.5,533,125.0,553,1,2022-06-08 10:00:10
1654682419146693000,125.0,1,124.5,533,125.0,552,1,2022-06-08 10:00:19
1654682424843496000,125.0,1,124.5,534,125.0,551,1,2022-06-08 10:00:24
1654682425202166000,125.0,1,124.5,534,125.0,550,1,2022-06-08 10:00:25
1654682425647755000,125.0,1,124.5,534,125.0,549,1,2022-06-08 10:00:25
1654682439162989000,125.0,1,124.5,536,125.0,648,1,2022-06-08 10:00:39
1654682442948110000,125.0,1,124.5,538,125.0,647,1,2022-06-08 10:00:42
1654682446813230000,125.0,1,124.5,538,125.0,646,1,2022-06-08 10:00:46
1654682448619736000,124.5,1,124.5,537,125.0,646,2,2022-06-08 10:00:48
1654682461705515000,125.0,1,124.5,537,125.0,645,1,2022-06-08 10:01:01
1654682475145397000,124.5,1,124.5,540,125.0,645,2,2022-06-08 10:01:15
1654682484705879000,125.0,1,124.5,541,125.0,644,1,2022-06-08 10:01:24
1654682490136548000,124.5,1,124.5,540,125.0,644,2,2022-06-08 10:01:30
1654682491804891000,125.0,1,124.5,540,125.0,643,1,2022-06-08 10:01:31
1654682492078343000,125.0,1,124.5,540,125.0,642,1,2022-06-08 10:01:32
1654682495052392000,125.0,1,124.5,539,125.0,641,1,2022-06-08 10:01:35
1654682496802941000,124.5,1,124.5,538,125.0,641,2,2022-06-08 10:01:36
1654682503506510000,125.0,1,124.5,539,125.0,640,1,2022-06-08 10:01:43
1654682506822888000,125.0,1,124.5,539,125.0,639,1,2022-06-08 10:01:46
1654682518143866000,125.0,1,124.5,543,125.0,637,1,2022-06-08 10:01:58
1654682523630720000,125.0,1,124.5,547,125.0,638,1,2022-06-08 10:02:03
1654682525255824000,124.5,281,124.5,266,125.0,638,2,2022-06-08 10:02:05
1654682542065149000,124.5,1,124.5,218,125.0,642,2,2022-06-08 10:02:22
1654682544867823000,124.5,1,124.5,215,125.0,642,2,2022-06-08 10:02:24
1654682545442269000,124.5,1,124.5,214,125.0,642,2,2022-06-08 10:02:25
1654682550363957000,124.5,1,124.5,211,125.0,642,2,2022-06-08 10:02:30
1654682552652887000,125.0,1,124.5,211,125.0,641,1,2022-06-08 10:02:32
1654682559628195000,124.5,1,124.5,211,125.0,641,2,2022-06-08 10:02:39
1654682562453609000,124.5,1,124.5,207,125.0,641,2,2022-06-08 10:02:42
1654682563556039000,124.5,1,124.5,206,125.0,641,2,2022-06-08 10:02:43
1654682571199141000,124.5,1,124.5,206,125.0,641,2,2022-06-08 10:02:51
1654682575820788000,124.5,1,124.5,207,125.0,741,2,2022-06-08 10:02:55
1654682576063619000,124.5,3,124.5,204,125.0,738,2,2022-06-08 10:02:56
1654682580376582000,124.5,1,124.5,203,125.0,739,2,2022-06-08 10:03:00
1654682587568220000,124.5,1,124.5,204,125.0,739,2,2022-06-08 10:03:07
1654682590790653000,124.5,2,124.5,202,125.0,737,2,2022-06-08 10:03:10
1654682592940243000,124.5,1,124.5,201,125.0,737,2,2022-06-08 10:03:12
1654682602716402000,125.0,1,124.5,199,125.0,736,1,2022-06-08 10:03:22
1654682603669081000,124.5,1,124.5,198,125.0,737,2,2022-06-08 10:03:23
1654682640539931000,125.0,1,124.5,202,125.0,738,1,2022-06-08 10:04:00
1654682641015914000,124.5,1,124.5,201,125.0,738,2,2022-06-08 10:04:01
1654682644447543000,124.5,8,124.5,192,125.0,738,2,2022-06-08 10:04:04
1654682645632546000,125.0,1,124.5,194,125.0,738,1,2022-06-08 10:04:05
1654682648281760000,124.5,3,124.5,191,125.0,735,2,2022-06-08 10:04:08
1654682655332718000,124.5,1,124.5,191,125.0,735,2,2022-06-08 10:04:15
1654682664216894000,124.5,2,124.5,190,125.0,736,2,2022-06-08 10:04:24
1654682673006217000,124.5,1,124.5,190,125.0,736,2,2022-06-08 10:04:33
1654682673567714000,124.5,1,124.5,191,125.0,736,2,2022-06-08 10:04:33
1654682688761773000,124.5,1,124.5,190,125.0,736,2,2022-06-08 10:04:48
1654682695924282000,125.0,1,124.5,191,125.0,735,1,2022-06-08 10:04:55
1654682702936153000,125.0,1,124.5,192,125.0,733,1,2022-06-08 10:05:02
1654682703071579000,124.5,1,124.5,191,125.0,733,2,2022-06-08 10:05:03
1654682713949229000,125.0,1,124.5,195,125.0,732,1,2022-06-08 10:05:13
1654682736720964000,124.5,1,124.5,198,125.0,732,2,2022-06-08 10:05:36
1654682755051231000,124.5,1,124.5,198,125.0,732,2,2022-06-08 10:05:55
1654682769695594000,124.5,3,124.5,196,125.0,733,2,2022-06-08 10:06:09
1654682774978182000,124.5,2,124.5,195,125.0,732,2,2022-06-08 10:06:14
1654682778064840000,124.5,1,124.5,193,125.0,732,2,2022-06-08 10:06:18
1654682784661872000,124.5,1,124.5,192,125.0,732,2,2022-06-08 10:06:24
1654682784898877000,124.5,1,124.5,191,125.0,732,2,2022-06-08 10:06:24
1654682832687949000,124.5,1,124.5,190,125.0,734,2,2022-06-08 10:07:12
1654682844579574000,124.5,3,124.5,188,125.0,734,2,2022-06-08 10:07:24
1654682862942147000,124.5,1,124.5,188,125.0,736,2,2022-06-08 10:07:42
1654682863060677000,124.5,1,124.5,187,125.0,736,2,2022-06-08 10:07:43
1654682877732094000,124.5,1,124.5,208,125.0,736,2,2022-06-08 10:07:57
1654682880715215000,124.5,1,124.5,207,125.0,736,2,2022-06-08 10:08:00
1654682885585771000,124.5,1,124.5,207,125.0,735,2,2022-06-08 10:08:05
1654682903259537000,125.0,1,124.5,210,125.0,734,1,2022-06-08 10:08:23
1654682925819142000,125.0,1,124.5,225,125.0,734,1,2022-06-08 10:08:45
1654682928745289000,124.5,1,124.5,224,125.0,736,2,2022-06-08 10:08:48
1654682931014423000,125.0,1,124.5,223,125.0,735,1,2022-06-08 10:08:51
1654682969672117000,125.0,1,124.5,233,125.0,734,1,2022-06-08 10:09:29
1654682970585123000,125.0,1,124.5,233,125.0,734,1,2022-06-08 10:09:30
1654682976810618000,124.5,1,124.5,233,125.0,734,2,2022-06-08 10:09:36
1654682996180826000,124.5,1,124.5,235,125.0,735,2,2022-06-08 10:09:56
1654683003565804000,124.5,1,124.5,235,125.0,734,2,2022-06-08 10:10:03
1654683008871279000,125.0,1,124.5,236,125.0,734,1,2022-06-08 10:10:08
1654683024990054000,124.5,1,124.5,237,125.0,735,2,2022-06-08 10:10:24
1654683036057930000,124.5,1,124.5,240,125.0,735,2,2022-06-08 10:10:36
1654683036116656000,124.5,1,124.5,239,125.0,735,2,2022-06-08 10:10:36
1654683063866885000,124.5,1,124.5,248,125.0,738,2,2022-06-08 10:11:03
1654683072859300000,124.5,1,124.5,248,125.0,738,2,2022-06-08 10:11:12
1654683090170747000,124.5,7,124.5,244,125.0,743,2,2022-06-08 10:11:30
1654683103609466000,124.5,1,124.5,248,125.0,744,2,2022-06-08 10:11:43
1654683104149263000,124.5,3,124.5,246,125.0,744,2,2022-06-08 10:11:44
1654683120945987000,124.5,1,124.5,251,125.0,744,2,2022-06-08 10:12:00
1654683146270035000,125.0,1,124.5,257,125.0,748,1,2022-06-08 10:12:26
1654683157912451000,124.5,3,124.5,256,125.0,748,2,2022-06-08 10:12:37
1654683169021623000,124.5,1,124.5,259,125.0,749,2,2022-06-08 10:12:49
1654683176188123000,124.5,1,124.5,259,125.0,749,2,2022-06-08 10:12:56
1654683189892218000,124.5,1,124.5,260,125.0,752,2,2022-06-08 10:13:09
1654683190280406000,124.5,3,124.5,257,125.0,752,2,2022-06-08 10:13:10
1654683190878907000,125.0,1,124.5,257,125.0,751,1,2022-06-08 10:13:10
1654683205466769000,124.5,1,124.5,263,125.0,751,2,2022-06-08 10:13:25
1654683210870368000,125.0,1,124.5,264,125.0,750,1,2022-06-08 10:13:30
1654683216878445000,124.5,1,124.5,264,125.0,750,2,2022-06-08 10:13:36
1654683238507699000,125.0,1,124.5,268,125.0,749,1,2022-06-08 10:13:58
1654683239215339000,125.0,1,124.5,268,125.0,748,1,2022-06-08 10:13:59
1654683248382615000,125.0,1,124.5,271,125.0,747,1,2022-06-08 10:14:08
1654683252093960000,124.5,1,124.5,272,125.0,747,2,2022-06-08 10:14:12
1654683255167305000,125.0,3,124.5,271,125.0,744,1,2022-06-08 10:14:15
1654683259106652000,125.0,1,124.5,270,125.0,743,1,2022-06-08 10:14:19
1654683265151364000,124.5,1,124.5,270,125.0,743,2,2022-06-08 10:14:25
1654683281808947000,125.0,1,124.5,277,125.0,743,1,2022-06-08 10:14:41
1654683297040392000,125.0,15,124.5,282,125.0,728,1,2022-06-08 10:14:57
1654683308678333000,125.0,1,124.5,290,125.0,727,1,2022-06-08 10:15:08
1654683312723869000,125.0,1,124.5,290,125.0,727,1,2022-06-08 10:15:12
1654683312823643000,124.5,1,124.5,289,125.0,727,2,2022-06-08 10:15:12
1654683313716226000,125.0,1,124.5,289,125.0,726,1,2022-06-08 10:15:13
1654683317071863000,124.5,1,124.5,292,125.0,726,2,2022-06-08 10:15:17
1654683321892565000,125.0,1,124.5,293,125.0,725,1,2022-06-08 10:15:21
1654683331808304000,125.0,1,124.5,296,125.0,723,1,2022-06-08 10:15:31
1654683338520433000,125.0,1,124.5,298,125.0,722,1,2022-06-08 10:15:38
1654683342942940000,125.0,1,124.5,297,125.0,721,1,2022-06-08 10:15:42
1654683352608350000,125.0,1,124.5,299,125.0,722,1,2022-06-08 10:15:52
1654683354298874000,125.0,1,124.5,301,125.0,721,1,2022-06-08 10:15:54
1654683355694163000,125.0,1,124.5,306,125.0,720,1,2022-06-08 10:15:55
1654683360832403000,124.5,1,124.5,305,125.0,720,2,2022-06-08 10:16:00
1654683366105035000,125.0,1,124.5,307,125.0,720,1,2022-06-08 10:16:06
1654683378478640000,125.0,1,124.5,307,125.0,720,1,2022-06-08 10:16:18
1654683393629256000,125.0,1,124.5,313,125.0,720,1,2022-06-08 10:16:33
1654683400196425000,124.5,1,124.5,313,125.0,720,2,2022-06-08 10:16:40
1654683408849136000,124.5,1,124.5,313,125.0,721,2,2022-06-08 10:16:48
1654683411854914000,125.0,1,124.5,313,125.0,720,1,2022-06-08 10:16:51
1654683426567300000,125.0,1,124.5,321,125.0,719,1,2022-06-08 10:17:06
1654683438503925000,125.0,1,124.5,322,125.0,723,1,2022-06-08 10:17:18
1654683456857746000,124.5,1,124.5,326,125.0,723,2,2022-06-08 10:17:36
1654683456991884000,124.5,1,124.5,325,125.0,723,2,2022-06-08 10:17:36
1654683458639516000,125.0,5,124.5,325,125.0,718,1,2022-06-08 10:17:38
1654683460809194000,124.5,1,124.5,324,125.0,718,2,2022-06-08 10:17:40
1654683470901189000,125.0,1,124.5,328,125.0,719,1,2022-06-08 10:17:50
1654683473143365000,125.0,1,124.5,330,125.0,718,1,2022-06-08 10:17:53
1654683485441717000,124.5,1,124.5,333,125.0,717,2,2022-06-08 10:18:05
1654683487379246000,125.0,4,124.5,334,125.0,713,1,2022-06-08 10:18:07
1654683491408742000,125.0,1,124.5,335,125.0,712,1,2022-06-08 10:18:11
1654683498310874000,125.0,1,124.5,336,125.0,711,1,2022-06-08 10:18:18
1654683504875067000,124.5,1,124.5,337,125.0,712,2,2022-06-08 10:18:24
1654683513070731000,125.0,1,124.5,340,125.0,711,1,2022-06-08 10:18:33
1654683517627896000,125.0,1,124.5,340,125.0,710,1,2022-06-08 10:18:37
1654683521064004000,125.0,1,124.5,338,125.0,709,1,2022-06-08 10:18:41
1654683526693385000,125.0,1,124.5,338,125.0,708,1,2022-06-08 10:18:46
1654683531691968000,125.0,1,124.5,341,125.0,707,1,2022-06-08 10:18:51
1654683533331613000,125.0,1,124.5,341,125.0,706,1,2022-06-08 10:18:53
1654683552901644000,124.5,1,124.5,342,125.0,706,2,2022-06-08 10:19:12
1654683559278797000,125.0,10,124.5,343,125.0,696,1,2022-06-08 10:19:19
1654683559493873000,125.0,1,124.5,343,125.0,695,1,2022-06-08 10:19:19
1654683559538671000,125.0,1,124.5,343,125.0,694,1,2022-06-08 10:19:19
1654683570316348000,125.0,1,124.5,345,125.0,694,1,2022-06-08 10:19:30
1654683582041093000,125.0,1,124.5,351,125.0,694,1,2022-06-08 10:19:42
1654683583602913000,125.0,1,124.5,351,125.0,693,1,2022-06-08 10:19:43
1654683586230509000,125.0,1,124.5,352,125.0,692,1,2022-06-08 10:19:46
1654683593778559000,125.0,1,124.5,353,125.0,694,1,2022-06-08 10:19:53
1654683597061984000,124.5,1,124.5,352,125.0,689,2,2022-06-08 10:19:57
1654683600859986000,124.5,1,124.5,361,125.0,689,2,2022-06-08 10:20:00
1654683602413161000,124.5,5,124.5,356,125.0,689,2,2022-06-08 10:20:02
1654683608878707000,125.0,1,124.5,367,125.0,689,1,2022-06-08 10:20:08
1654683614272455000,125.0,1,124.5,368,125.0,689,1,2022-06-08 10:20:14
1654683623451526000,125.0,1,124.5,367,125.0,688,1,2022-06-08 10:20:23
1654683631401456000,125.0,1,124.5,367,125.0,688,1,2022-06-08 10:20:31
1654683633098802000,125.0,1,124.5,367,125.0,687,1,2022-06-08 10:20:33
1654683648953471000,124.5,1,124.5,372,125.0,689,2,2022-06-08 10:20:48
1654683651176951000,124.5,1,124.5,371,125.0,685,2,2022-06-08 10:20:51
1654683651298504000,125.0,1,124.5,371,125.0,687,1,2022-06-08 10:20:51
1654683657824234000,125.0,1,124.5,371,125.0,686,1,2022-06-08 10:20:57
1654683669028619000,125.0,1,124.5,373,125.0,685,1,2022-06-08 10:21:09
1654683673316859000,125.0,2,124.5,371,125.0,684,1,2022-06-08 10:21:13
1654683675759520000,125.0,1,124.5,372,125.0,683,1,2022-06-08 10:21:15
1654683682340987000,125.0,10,124.5,423,125.0,674,1,2022-06-08 10:21:22
1654683696200916000,124.5,1,124.5,419,125.0,671,2,2022-06-08 10:21:36
1654683697002452000,124.5,1,124.5,418,125.0,673,2,2022-06-08 10:21:37
1654683704251692000,125.0,1,124.5,418,125.0,672,1,2022-06-08 10:21:44
1654683715152623000,125.0,1,124.5,418,125.0,671,1,2022-06-08 10:21:55
1654683716435108000,125.0,1,124.5,418,125.0,670,1,2022-06-08 10:21:56
1654683727885406000,125.0,1,124.5,417,125.0,669,1,2022-06-08 10:22:07
1654683737163120000,124.5,1,124.5,416,125.0,669,2,2022-06-08 10:22:17
1654683740618733000,125.0,1,124.5,417,125.0,668,1,2022-06-08 10:22:20
1654683745059159000,124.5,1,124.5,417,125.0,668,2,2022-06-08 10:22:25
1654683756457126000,125.0,1,124.5,418,125.0,667,1,2022-06-08 10:22:36
1654683757997496000,125.0,1,124.5,418,125.0,666,1,2022-06-08 10:22:37
1654683770003595000,125.0,1,124.5,418,125.0,666,1,2022-06-08 10:22:50
1654683771239514000,124.5,1,124.5,417,125.0,664,2,2022-06-08 10:22:51
1654683778777357000,124.5,1,124.5,417,125.0,665,2,2022-06-08 10:22:58
1654683789650192000,124.5,88,124.5,330,125.0,666,2,2022-06-08 10:23:09
1654683790274972000,125.0,1,124.5,331,125.0,667,1,2022-06-08 10:23:10
1654683793217323000,124.5,1,124.5,331,125.0,667,2,2022-06-08 10:23:13
1654683793402412000,125.0,2,124.5,331,125.0,665,1,2022-06-08 10:23:13
1654683797786625000,125.0,1,124.5,331,125.0,664,1,2022-06-08 10:23:17
1654683813538213000,125.0,1,124.5,336,125.0,666,1,2022-06-08 10:23:33
1654683821575502000,125.0,1,124.5,337,125.0,665,1,2022-06-08 10:23:41
1654683822226440000,125.0,1,124.5,337,125.0,664,1,2022-06-08 10:23:42
1654683832909101000,125.0,1,124.5,338,125.0,663,1,2022-06-08 10:23:52
1654683835491272000,125.0,1,124.5,338,125.0,662,1,2022-06-08 10:23:55
1654683840985396000,124.5,1,124.5,338,125.0,663,2,2022-06-08 10:24:00
1654683878184160000,124.5,1,124.5,341,125.0,666,2,2022-06-08 10:24:38
1654683889035925000,124.5,1,124.5,341,125.0,665,2,2022-06-08 10:24:49
1654683895541471000,125.0,1,124.5,344,125.0,665,1,2022-06-08 10:24:55
1654683904165877000,125.0,1,124.5,346,125.0,664,1,2022-06-08 10:25:04
1654683916632587000,125.0,1,124.5,353,125.0,668,1,2022-06-08 10:25:16
1654683917346819000,125.0,1,124.5,353,125.0,667,1,2022-06-08 10:25:17
1654683919229615000,125.0,1,124.5,354,125.0,667,1,2022-06-08 10:25:19
1654683924334676000,125.0,1,124.5,354,125.0,665,1,2022-06-08 10:25:24
1654683930630593000,124.5,1,124.5,354,125.0,665,2,2022-06-08 10:25:30
1654683936994134000,124.5,1,124.5,353,125.0,665,2,2022-06-08 10:25:36
1654683943142142000,124.5,6,124.5,349,125.0,665,2,2022-06-08 10:25:43
1654683959237974000,125.0,1,124.5,354,125.0,665,1,2022-06-08 10:25:59
1654683984902748000,124.5,1,124.5,356,125.0,726,2,2022-06-08 10:26:24
1654683999142394000,124.5,1,124.5,355,125.0,726,2,2022-06-08 10:26:39
1654684009273983000,124.5,5,124.5,351,125.0,730,2,2022-06-08 10:26:49
1654684012426206000,124.5,1,124.5,349,125.0,730,2,2022-06-08 10:26:52
1654684018004855000,124.5,1,124.5,350,125.0,730,2,2022-06-08 10:26:58
1654684018989134000,125.0,1,124.5,351,125.0,729,1,2022-06-08 10:26:58
1654684022696219000,125.0,1,124.5,351,125.0,729,1,2022-06-08 10:27:02
1654684029493796000,125.0,1,124.5,347,125.0,728,1,2022-06-08 10:27:09
1654684031636835000,125.0,1,124.5,346,125.0,727,1,2022-06-08 10:27:11
1654684033009258000,124.5,1,124.5,345,125.0,727,2,2022-06-08 10:27:13
1654684041453699000,124.5,20,124.5,326,125.0,727,2,2022-06-08 10:27:21
1654684053503020000,124.5,1,124.5,325,125.0,759,2,2022-06-08 10:27:33
1654684059578040000,124.5,1,124.5,324,125.0,760,2,2022-06-08 10:27:39
1654684061815998000,124.5,1,124.5,274,125.0,759,2,2022-06-08 10:27:41
1654684068497611000,125.0,1,124.5,274,125.0,758,1,2022-06-08 10:27:48
1654684076982490000,125.0,1,124.5,275,125.0,758,1,2022-06-08 10:27:56
1654684080344466000,124.5,1,124.5,272,125.0,758,2,2022-06-08 10:28:00
1654684081033094000,124.5,1,124.5,271,125.0,758,2,2022-06-08 10:28:01
1654684085580450000,124.5,1,124.5,270,125.0,758,2,2022-06-08 10:28:05
1654684087188386000,125.0,1,124.5,270,125.0,758,1,2022-06-08 10:28:07
1654684092372125000,124.5,1,124.5,270,125.0,758,2,2022-06-08 10:28:12
1654684110933040000,124.5,1,124.5,275,125.0,758,2,2022-06-08 10:28:30
1654684128759208000,124.5,1,124.5,275,125.0,758,2,2022-06-08 10:28:48
1654684133578513000,124.5,1,124.5,275,125.0,758,2,2022-06-08 10:28:53
1654684156800462000,125.0,1,124.5,278,125.0,757,1,2022-06-08 10:29:16
1654684157934713000,124.5,1,124.5,277,125.0,757,2,2022-06-08 10:29:17
1654684176890084000,124.5,1,124.5,288,125.0,757,2,2022-06-08 10:29:36
1654684185036767000,125.0,1,124.5,289,125.0,758,1,2022-06-08 10:29:45
1654684193858348000,124.5,1,124.5,289,125.0,757,2,2022-06-08 10:29:53
1654684203634490000,124.5,1,124.5,299,125.0,756,2,2022-06-08 10:30:03
1654684204259262000,125.0,1,124.5,300,125.0,755,1,2022-06-08 10:30:04
1654684204980125000,125.0,1,124.5,300,125.0,754,1,2022-06-08 10:30:04
1654684224403837000,125.0,2,124.5,304,125.0,753,1,2022-06-08 10:30:24
1654684225086581000,124.5,1,124.5,303,125.0,753,2,2022-06-08 10:30:25
1654684230384612000,125.0,1,124.5,303,125.0,755,1,2022-06-08 10:30:30
1654684234609565000,125.0,1,124.5,305,125.0,754,1,2022-06-08 10:30:34
1654684235628839000,125.0,1,124.5,305,125.0,753,1,2022-06-08 10:30:35
1654684236140416000,124.5,1,124.5,305,125.0,752,2,2022-06-08 10:30:36
1654684241335032000,125.0,1,124.5,307,125.0,753,1,2022-06-08 10:30:41
1654684246088790000,125.0,1,124.5,307,125.0,752,1,2022-06-08 10:30:46
1654684273132654000,124.5,1,124.5,309,125.0,755,2,2022-06-08 10:31:13
1654684279628985000,125.0,1,124.5,309,125.0,754,1,2022-06-08 10:31:19
1654684290272203000,125.0,1,124.5,313,125.0,753,1,2022-06-08 10:31:30
1654684299140879000,124.5,1,124.5,365,125.0,753,2,2022-06-08 10:31:39
1654684302119709000,125.0,1,124.5,364,125.0,752,1,2022-06-08 10:31:42
1654684309801780000,124.5,1,124.5,364,125.0,752,2,2022-06-08 10:31:49
1654684321194671000,124.5,1,124.5,364,125.0,752,2,2022-06-08 10:32:01
1654684333634205000,125.0,1,124.5,365,125.0,751,1,2022-06-08 10:32:13
1654684353804536000,125.0,1,124.5,369,125.0,750,1,2022-06-08 10:32:33
1654684355799937000,125.0,1,124.5,369,125.0,749,1,2022-06-08 10:32:35
1654684360416485000,125.0,1,124.5,370,125.0,749,1,2022-06-08 10:32:40
1654684369253516000,124.5,1,124.5,368,125.0,749,2,2022-06-08 10:32:49
1654684375485724000,125.0,1,124.5,368,125.0,748,1,2022-06-08 10:32:55
1654684389733014000,125.0,1,124.5,369,125.0,749,1,2022-06-08 10:33:09
1654684401606766000,125.0,1,124.5,371,125.0,748,1,2022-06-08 10:33:21
1654684417100220000,124.5,1,124.5,371,125.0,749,2,2022-06-08 10:33:37
1654684420422410000,125.0,1,124.5,371,125.0,748,1,2022-06-08 10:33:40
1654684432220584000,124.5,1,124.5,373,125.0,748,2,2022-06-08 10:33:52
1654684437842220000,125.0,1,124.5,374,125.0,747,1,2022-06-08 10:33:57
1654684439208373000,124.5,1,124.5,374,125.0,747,2,2022-06-08 10:33:59
1654684442777438000,125.0,1,124.5,375,125.0,746,1,2022-06-08 10:34:02
1654684457264251000,124.5,1,124.5,383,125.0,746,2,2022-06-08 10:34:17
1654684464668373000,125.0,1,124.5,386,125.0,745,1,2022-06-08 10:34:24
1654684465192916000,124.5,1,124.5,385,125.0,745,2,2022-06-08 10:34:25
1654684480245555000,124.5,1,124.5,386,125.0,745,2,2022-06-08 10:34:40
1654684491430989000,125.0,1,124.5,386,125.0,745,1,2022-06-08 10:34:51
1654684512965324000,124.5,1,124.5,388,125.0,748,2,2022-06-08 10:35:12
1654684521122884000,124.5,1,124.5,388,125.0,746,2,2022-06-08 10:35:21
1654684529816865000,125.0,1,124.5,388,125.0,747,1,2022-06-08 10:35:29
1654684561055651000,124.5,1,124.5,389,125.0,750,2,2022-06-08 10:36:01
1654684561349088000,124.5,2,124.5,387,125.0,750,2,2022-06-08 10:36:01
1654684569663165000,125.0,1,124.5,390,125.0,750,1,2022-06-08 10:36:09
1654684579019858000,124.5,1,124.5,388,125.0,750,2,2022-06-08 10:36:19
1654684603252857000,125.0,1,124.5,396,125.0,753,1,2022-06-08 10:36:43
1654684609173911000,124.5,1,124.5,397,125.0,754,2,2022-06-08 10:36:49
1654684611620271000,125.0,1,124.5,398,125.0,753,1,2022-06-08 10:36:51
1654684640047827000,125.0,1,124.5,399,125.0,752,1,2022-06-08 10:37:20
1654684645920175000,125.0,1,124.5,398,125.0,751,1,2022-06-08 10:37:25
1654684649832034000,125.0,1,124.5,398,125.0,750,1,2022-06-08 10:37:29
1654684657187217000,124.5,1,124.5,398,125.0,750,2,2022-06-08 10:37:37
1654684671036902000,124.5,1,124.5,398,125.0,749,2,2022-06-08 10:37:51
1654684705095137000,124.5,1,124.5,403,125.0,750,2,2022-06-08 10:38:25
1654684719947547000,124.5,1,124.5,405,125.0,751,2,2022-06-08 10:38:39
1654684740929659000,124.5,2,124.5,445,125.0,751,2,2022-06-08 10:39:00
1654684743199328000,125.0,1,124.5,446,125.0,750,1,2022-06-08 10:39:03
1654684746705739000,125.0,1,124.5,446,125.0,749,1,2022-06-08 10:39:06
1654684750240978000,124.5,2,124.5,444,125.0,748,2,2022-06-08 10:39:10
1654684752922777000,124.5,1,124.5,444,125.0,750,2,2022-06-08 10:39:12
1654684801291857000,124.5,1,124.5,451,125.0,753,2,2022-06-08 10:40:01
1654684809820553000,125.0,1,124.5,454,125.0,752,1,2022-06-08 10:40:09
1654684821550342000,124.5,1,124.5,452,125.0,751,2,2022-06-08 10:40:21
1654684828581065000,124.5,1,124.5,452,125.0,751,2,2022-06-08 10:40:28
1654684849267314000,124.5,1,124.5,454,125.0,751,2,2022-06-08 10:40:49
1654684860115460000,124.5,1,124.5,456,125.0,752,2,2022-06-08 10:41:00
1654684878723191000,125.0,1,124.5,459,125.0,781,1,2022-06-08 10:41:18
1654684881770147000,124.5,1,124.5,459,125.0,781,2,2022-06-08 10:41:21
1654684896004005000,125.0,1,124.5,459,125.0,780,1,2022-06-08 10:41:36
1654684897222714000,124.5,1,124.5,458,125.0,780,2,2022-06-08 10:41:37
1654684906331992000,125.0,1,124.5,459,125.0,780,1,2022-06-08 10:41:46
1654684916589349000,125.0,1,124.5,458,125.0,779,1,2022-06-08 10:41:56
1654684921722497000,124.5,2,124.5,456,125.0,780,2,2022-06-08 10:42:01
1654684922550514000,124.5,1,124.5,455,125.0,780,2,2022-06-08 10:42:02
1654684927319360000,125.0,1,124.5,455,125.0,778,1,2022-06-08 10:42:07
1654684942889109000,125.0,1,124.5,457,125.0,777,1,2022-06-08 10:42:22
1654684945377685000,124.5,1,124.5,456,125.0,777,2,2022-06-08 10:42:25
1654684946746476000,125.0,1,124.5,456,125.0,776,1,2022-06-08 10:42:26
1654684950267005000,125.0,1,124.5,457,125.0,775,1,2022-06-08 10:42:30
1654684993234993000,124.5,1,124.5,461,125.0,777,2,2022-06-08 10:43:13
1654684997187174000,125.0,1,124.5,462,125.0,776,1,2022-06-08 10:43:17
1654685000182494000,124.5,1,124.5,462,125.0,776,2,2022-06-08 10:43:20
1654685010742014000,125.0,1,124.5,462,125.0,776,1,2022-06-08 10:43:30
1654685022723694000,125.0,1,124.5,462,125.0,775,1,2022-06-08 10:43:42
1654685041306009000,124.5,1,124.5,466,125.0,776,2,2022-06-08 10:44:01
1654685089151780000,124.5,1,124.5,474,125.0,777,2,2022-06-08 10:44:49
1654685094834454000,125.0,1,124.5,475,125.0,776,1,2022-06-08 10:44:54
1654685101678160000,124.5,2,124.5,474,125.0,776,2,2022-06-08 10:45:01
1654685109761938000,125.0,1,124.5,475,125.0,775,1,2022-06-08 10:45:09
1654685135676646000,125.0,1,124.5,478,125.0,775,1,2022-06-08 10:45:35
1654685137114905000,124.5,1,124.5,477,125.0,775,2,2022-06-08 10:45:37
1654685140035442000,124.5,1,124.5,477,125.0,775,2,2022-06-08 10:45:40
1654685155509289000,125.0,1,124.5,480,125.0,774,1,2022-06-08 10:45:55
1654685178873424000,125.0,1,124.5,483,125.0,772,1,2022-06-08 10:46:18
1654685185239276000,124.5,1,124.5,482,125.0,772,2,2022-06-08 10:46:25
1654685216158885000,124.5,1,124.5,492,125.0,773,2,2022-06-08 10:46:56
1654685233252715000,124.5,1,124.5,495,125.0,773,2,2022-06-08 10:47:13
1654685268257792000,124.5,1,124.5,495,125.0,772,2,2022-06-08 10:47:48
1654685280963767000,124.5,1,124.5,496,125.0,772,2,2022-06-08 10:48:00
1654685281011280000,124.5,2,124.5,494,125.0,772,2,2022-06-08 10:48:01
1654685281067767000,124.5,1,124.5,493,125.0,772,2,2022-06-08 10:48:01
1654685286423998000,125.0,1,124.5,493,125.0,770,1,2022-06-08 10:48:06
1654685287059723000,124.5,1,124.5,492,125.0,770,2,2022-06-08 10:48:07
1654685307157889000,125.0,1,124.5,490,125.0,769,1,2022-06-08 10:48:27
1654685308294562000,125.0,1,124.5,490,125.0,768,1,2022-06-08 10:48:28
1654685320903621000,124.5,1,124.5,490,125.0,768,2,2022-06-08 10:48:40
1654685329088991000,124.5,1,124.5,490,125.0,768,2,2022-06-08 10:48:49
1654685338984975000,125.0,1,124.5,489,125.0,767,1,2022-06-08 10:48:58
1654685339180939000,125.0,1,124.5,489,125.0,766,1,2022-06-08 10:48:59
1654685339957715000,124.5,1,124.5,488,125.0,765,2,2022-06-08 10:48:59
1654685341005538000,125.0,1,124.5,488,125.0,764,1,2022-06-08 10:49:01
1654685348711838000,125.0,1,124.5,489,125.0,763,1,2022-06-08 10:49:08
1654685367565306000,125.0,1,124.5,492,125.0,763,1,2022-06-08 10:49:27
1654685374083603000,125.0,1,124.5,492,125.0,762,1,2022-06-08 10:49:34
1654685377136859000,124.5,1,124.5,492,125.0,762,2,2022-06-08 10:49:37
1654685384083913000,125.0,4,124.5,488,125.0,758,1,2022-06-08 10:49:44
1654685389769816000,125.0,1,124.5,489,125.0,757,1,2022-06-08 10:49:49
1654685410923323000,125.0,1,124.5,492,125.0,806,1,2022-06-08 10:50:10
1654685418533568000,124.5,1,124.5,494,125.0,805,2,2022-06-08 10:50:18
1654685421083098000,124.5,1,124.5,493,125.0,805,2,2022-06-08 10:50:21
1654685422251579000,125.0,1,124.5,493,125.0,804,1,2022-06-08 10:50:22
1654685425103621000,125.0,1,124.5,493,125.0,803,1,2022-06-08 10:50:25
1654685425222608000,124.5,1,124.5,492,125.0,803,2,2022-06-08 10:50:25
1654685452009598000,125.0,1,124.5,495,125.0,807,1,2022-06-08 10:50:52
1654685462143357000,124.5,2,124.5,494,125.0,807,2,2022-06-08 10:51:02
1654685473274290000,124.5,1,124.5,495,125.0,807,2,2022-06-08 10:51:13
1654685514067961000,125.0,1,124.5,498,125.0,809,1,2022-06-08 10:51:54
1654685521429175000,124.5,1,124.5,497,125.0,809,2,2022-06-08 10:52:01
1654685533821059000,124.5,1,124.5,498,125.0,809,2,2022-06-08 10:52:13
1654685550504933000,124.5,1,124.5,500,125.0,809,2,2022-06-08 10:52:30
1654685556295921000,125.0,1,124.5,499,125.0,808,1,2022-06-08 10:52:36
1654685561159677000,124.5,1,124.5,499,125.0,808,2,2022-06-08 10:52:41
1654685569295679000,124.5,1,124.5,501,125.0,808,2,2022-06-08 10:52:49
1654685576828270000,125.0,1,124.5,504,125.0,807,1,2022-06-08 10:52:56
1654685617381086000,124.5,1,124.5,504,125.0,807,2,2022-06-08 10:53:37
1654685641637552000,124.5,2,124.5,503,125.0,807,2,2022-06-08 10:54:01
1654685642838789000,125.0,1,124.5,503,125.0,806,1,2022-06-08 10:54:02
1654685665431390000,124.5,1,124.5,505,125.0,806,2,2022-06-08 10:54:25
1654685675864432000,125.0,1,124.5,506,125.0,805,1,2022-06-08 10:54:35
1654685692442373000,124.5,1,124.5,507,125.0,803,2,2022-06-08 10:54:52
1654685695206162000,125.0,1,124.5,507,125.0,802,1,2022-06-08 10:54:55
1654685702072946000,124.5,1,124.5,507,125.0,802,2,2022-06-08 10:55:02
1654685712405015000,124.5,1,124.5,509,125.0,803,2,2022-06-08 10:55:12
1654685744093052000,125.0,1,124.5,521,125.0,803,1,2022-06-08 10:55:44
1654685760302289000,124.5,1,124.5,521,125.0,804,2,2022-06-08 10:56:00
1654685779008441000,125.0,1,124.5,524,125.0,804,1,2022-06-08 10:56:19
1654685804932558000,125.0,1,124.5,525,125.0,803,1,2022-06-08 10:56:44
1654685808310772000,124.5,1,124.5,524,125.0,803,2,2022-06-08 10:56:48
1654685811326429000,124.5,1,124.5,524,125.0,801,2,2022-06-08 10:56:51
1654685821299696000,124.5,2,124.5,523,125.0,802,2,2022-06-08 10:57:01
1654685830669492000,125.0,1,124.5,524,125.0,801,1,2022-06-08 10:57:10
1654685841980889000,124.5,1,124.5,526,125.0,801,2,2022-06-08 10:57:21
1654685848330981000,125.0,1,124.5,529,125.0,800,1,2022-06-08 10:57:28
1654685848523977000,125.0,1,124.5,528,125.0,799,1,2022-06-08 10:57:28
1654685856111970000,124.5,1,124.5,527,125.0,799,2,2022-06-08 10:57:36
1654685856696281000,125.0,1,124.5,527,125.0,798,1,2022-06-08 10:57:36
1654685876093292000,125.0,1,124.5,538,125.0,798,1,2022-06-08 10:57:56
1654685902118522000,125.0,1,124.5,541,125.0,797,1,2022-06-08 10:58:22
1654685902910297000,124.5,1,124.5,540,125.0,797,2,2022-06-08 10:58:22
1654685904423183000,124.5,1,124.5,539,125.0,797,2,2022-06-08 10:58:24
1654685952434377000,124.5,1,124.5,542,125.0,796,2,2022-06-08 10:59:12
1654685959228489000,125.0,1,124.5,541,125.0,795,1,2022-06-08 10:59:19
1654685961248557000,124.5,1,124.5,540,125.0,794,2,2022-06-08 10:59:21
1654685966231260000,124.5,2,124.5,539,125.0,794,2,2022-06-08 10:59:26
1654685966538721000,125.0,1,124.5,539,125.0,793,1,2022-06-08 10:59:26
1654685975030719000,125.0,1,124.5,540,125.0,792,1,2022-06-08 10:59:35
1654685979107200000,125.0,1,124.5,540,125.0,791,1,2022-06-08 10:59:39
1654685981980525000,124.5,1,124.5,539,125.0,792,2,2022-06-08 10:59:41
1654686000615892000,124.5,1,124.5,540,125.0,792,2,2022-06-08 11:00:00
1654686001223656000,124.5,2,124.5,538,125.0,792,2,2022-06-08 11:00:01
1654686123135472000,124.5,1,124.5,546,125.0,794,2,2022-06-08 11:02:03
1654686161844355000,125.0,1,124.5,548,125.0,794,1,2022-06-08 11:02:41
1654686182134545000,124.5,1,124.5,548,125.0,794,2,2022-06-08 11:03:02
1654686200782745000,125.0,10,124.5,552,125.0,784,1,2022-06-08 11:03:20
1654686230883871000,124.5,1,124.5,561,125.0,823,2,2022-06-08 11:03:50
1654686259019193000,124.5,100,124.5,463,125.0,788,2,2022-06-08 11:04:19
1654686263206854000,124.5,1,124.5,463,125.0,788,2,2022-06-08 11:04:23
1654686269620978000,124.5,1,124.5,460,125.0,789,2,2022-06-08 11:04:29
1654686282907595000,124.5,1,124.5,456,125.0,789,2,2022-06-08 11:04:42
1654686292009768000,124.5,1,124.5,455,125.0,789,2,2022-06-08 11:04:52
1654686302129711000,125.0,1,124.5,454,125.0,788,1,2022-06-08 11:05:02
1654686334665769000,124.5,1,124.5,456,125.0,789,2,2022-06-08 11:05:34
1654686347946234000,125.0,1,124.5,459,125.0,788,1,2022-06-08 11:05:47
1654686361789573000,124.5,1,124.5,460,125.0,788,2,2022-06-08 11:06:01
1654686373974764000,125.0,1,124.5,462,125.0,787,1,2022-06-08 11:06:13
1654686386614538000,124.5,1,124.5,463,125.0,787,2,2022-06-08 11:06:26
1654686401194863000,125.0,1,124.5,464,125.0,786,1,2022-06-08 11:06:41
1654686402992655000,124.5,1,124.5,463,125.0,786,2,2022-06-08 11:06:42
1654686423987637000,125.0,1,124.5,467,125.0,786,1,2022-06-08 11:07:03
1654686438779097000,124.5,1,124.5,468,125.0,786,2,2022-06-08 11:07:18
1654686444327054000,125.0,1,124.5,468,125.0,785,1,2022-06-08 11:07:24
1654686476114061000,125.0,1,124.5,471,125.0,786,1,2022-06-08 11:07:56
1654686489018427000,125.0,1,124.5,471,125.0,785,1,2022-06-08 11:08:09
1654686490741089000,124.5,1,124.5,470,125.0,785,2,2022-06-08 11:08:10
1654686494082968000,125.0,1,124.5,470,125.0,786,1,2022-06-08 11:08:14
1654686508556159000,125.0,1,124.5,471,125.0,786,1,2022-06-08 11:08:28
1654686527485398000,125.0,1,124.5,471,125.0,785,1,2022-06-08 11:08:47
1654686541296944000,124.5,1,124.5,472,125.0,785,2,2022-06-08 11:09:01
1654686542681132000,124.5,1,124.5,471,125.0,785,2,2022-06-08 11:09:02
1654686543921505000,124.5,1,124.5,470,125.0,785,2,2022-06-08 11:09:03
1654686585982617000,125.0,1,124.5,473,125.0,786,1,2022-06-08 11:09:45
1654686594851216000,124.5,1,124.5,473,125.0,786,2,2022-06-08 11:09:54
1654686612342742000,124.5,100,124.5,378,125.0,786,2,2022-06-08 11:10:12
1654686647079439000,124.5,1,124.5,341,125.0,792,2,2022-06-08 11:10:47
1654686659290136000,124.5,1,124.5,345,125.0,789,2,2022-06-08 11:10:59
1654686661609231000,125.0,1,124.5,345,125.0,788,1,2022-06-08 11:11:01
1654686671638747000,124.5,1,124.5,347,125.0,788,2,2022-06-08 11:11:11
1654686674598685000,124.5,3,124.5,344,125.0,788,2,2022-06-08 11:11:14
1654686679972802000,124.5,2,124.5,342,125.0,788,2,2022-06-08 11:11:19
1654686684111240000,124.5,1,124.5,342,125.0,789,2,2022-06-08 11:11:24
1654686686406403000,125.0,1,124.5,342,125.0,788,1,2022-06-08 11:11:26
1654686698885363000,124.5,1,124.5,341,125.0,790,2,2022-06-08 11:11:38
1654686705705549000,124.5,1,124.5,341,125.0,790,2,2022-06-08 11:11:45
1654686721540323000,124.5,1,124.5,343,125.0,791,2,2022-06-08 11:12:01
1654686740782522000,124.5,1,124.5,342,125.0,791,2,2022-06-08 11:12:20
1654686743221314000,124.5,1,124.5,341,125.0,791,2,2022-06-08 11:12:23
1654686751171942000,124.5,1,124.5,341,125.0,791,2,2022-06-08 11:12:31
1654686769067409000,125.0,1,124.5,340,125.0,790,1,2022-06-08 11:12:49
1654686803172411000,124.5,1,124.5,340,125.0,794,2,2022-06-08 11:13:23
1654686824182883000,124.5,1,124.5,341,125.0,799,2,2022-06-08 11:13:44
1654686855273862000,124.5,1,124.5,341,125.0,799,2,2022-06-08 11:14:15
1654686901472037000,124.5,1,124.5,347,125.0,797,2,2022-06-08 11:15:01
1654686906912249000,124.5,1,124.5,346,125.0,797,2,2022-06-08 11:15:06
1654686908139945000,124.5,1,124.5,345,125.0,797,2,2022-06-08 11:15:08
