ts,close,volume,bid_price,bid_volume,ask_price,ask_volume,tick_type,datetime
1654678815720902000,26.6,1250,26.6,15,26.65,13,1,2022-06-08 09:00:15
1654678815823164000,26.65,1,26.6,15,26.65,12,1,2022-06-08 09:00:15
1654678815976459000,26.65,1,26.6,15,26.65,11,1,2022-06-08 09:00:15
1654678815984786000,26.65,5,26.6,15,26.65,6,1,2022-06-08 09:00:15
1654678816019295000,26.65,6,26.6,15,26.65,1,1,2022-06-08 09:00:16
1654678816680591000,26.6,1,26.6,14,26.65,1,2,2022-06-08 09:00:16
1654678817302542000,26.65,1,26.6,14,26.7,13,1,2022-06-08 09:00:17
1654678817302542000,26.7,4,26.6,14,26.7,13,1,2022-06-08 09:00:17
1654678817655240000,26.6,2,26.6,12,26.7,13,2,2022-06-08 09:00:17
1654678818310234000,26.6,3,26.6,9,26.7,13,2,2022-06-08 09:00:18
1654678818341559000,26.6,3,26.6,6,26.7,13,2,2022-06-08 09:00:18
1654678818433251000,26.7,1,26.65,5,26.7,12,1,2022-06-08 09:00:18
1654678819051463000,26.65,1,26.65,9,26.7,12,2,2022-06-08 09:00:19
1654678819192590000,26.7,5,26.65,9,26.7,7,1,2022-06-08 09:00:19
1654678819279043000,26.7,1,26.65,9,26.7,6,1,2022-06-08 09:00:19
1654678819447407000,26.65,9,26.6,6,26.7,6,2,2022-06-08 09:00:19
1654678820180545000,26.7,3,26.6,7,26.7,3,1,2022-06-08 09:00:20
1654678820215979000,26.7,3,26.65,1,26.75,15,1,2022-06-08 09:00:20
1654678820264323000,26.65,1,26.6,7,26.75,15,2,2022-06-08 09:00:20
1654678820336763000,26.7,1,26.6,7,26.75,14,1,2022-06-08 09:00:20
1654678820336763000,26.75,1,26.6,7,26.75,14,1,2022-06-08 09:00:20
1654678820383211000,26.75,1,26.6,7,26.75,13,1,2022-06-08 09:00:20
1654678820387188000,26.6,3,26.6,4,26.75,13,2,2022-06-08 09:00:20
1654678820717152000,26.75,1,26.6,16,26.75,12,1,2022-06-08 09:00:20
1654678821349869000,26.7,2,26.65,3,26.7,1,1,2022-06-08 09:00:21
1654678821384188000,26.7,1,26.65,3,26.75,12,1,2022-06-08 09:00:21
1654678821651764000,26.7,1,26.65,4,26.7,9,1,2022-06-08 09:00:21
1654678821661532000,26.7,2,26.65,4,26.7,7,1,2022-06-08 09:00:21
1654678821821264000,26.7,1,26.65,4,26.7,6,1,2022-06-08 09:00:21
1654678821858466000,26.7,1,26.65,4,26.7,5,1,2022-06-08 09:00:21
1654678822195013000,26.65,1,26.65,4,26.7,10,2,2022-06-08 09:00:22
1654678822259426000,26.7,1,26.65,4,26.7,9,1,2022-06-08 09:00:22
1654678822420573000,26.7,1,26.65,4,26.7,8,1,2022-06-08 09:00:22
1654678822482028000,26.7,3,26.65,4,26.7,5,1,2022-06-08 09:00:22
1654678822518004000,26.7,2,26.65,4,26.7,3,1,2022-06-08 09:00:22
1654678822586895000,26.7,1,26.65,4,26.7,2,1,2022-06-08 09:00:22
1654678822620375000,26.7,2,26.65,4,26.75,12,1,2022-06-08 09:00:22
1654678822717908000,26.7,1,26.65,4,26.75,12,1,2022-06-08 09:00:22
1654678822740042000,26.75,1,26.65,4,26.75,11,1,2022-06-08 09:00:22
1654678822776235000,26.75,11,26.65,8,26.8,42,1,2022-06-08 09:00:22
1654678823026290000,26.65,5,26.65,3,26.7,5,2,2022-06-08 09:00:23
1654678823040489000,26.7,5,26.65,3,26.8,27,1,2022-06-08 09:00:23
1654678823040489000,26.8,15,26.65,3,26.8,27,1,2022-06-08 09:00:23
1654678823168141000,26.8,10,26.65,15,26.8,17,1,2022-06-08 09:00:23
1654678823471637000,26.7,1,26.7,2,26.8,17,2,2022-06-08 09:00:23
1654678823689574000,26.8,1,26.7,2,26.8,16,1,2022-06-08 09:00:23
1654678823772585000,26.75,2,26.5,35,26.8,16,2,2022-06-08 09:00:23
1654678823772585000,26.7,2,26.5,35,26.8,16,2,2022-06-08 09:00:23
1654678823772585000,26.65,19,26.5,35,26.8,16,2,2022-06-08 09:00:23
1654678823772585000,26.6,29,26.5,35,26.8,16,2,2022-06-08 09:00:23
1654678823772585000,26.55,3,26.5,35,26.8,16,2,2022-06-08 09:00:23
1654678823772585000,26.5,15,26.5,35,26.8,16,2,2022-06-08 09:00:23
1654678823802343000,26.75,1,26.5,35,26.8,16,1,2022-06-08 09:00:23
1654678824006906000,26.75,2,26.55,1,26.75,10,1,2022-06-08 09:00:24
1654678824044845000,26.75,5,26.55,1,26.75,5,1,2022-06-08 09:00:24
1654678824053935000,26.75,5,26.8,29,26.85,15,1,2022-06-08 09:00:24
1654678824053935000,26.8,16,26.8,29,26.85,15,1,2022-06-08 09:00:24
1654678824076729000,26.8,23,26.8,6,26.85,15,2,2022-06-08 09:00:24
1654678824107857000,26.85,1,26.8,11,26.85,12,1,2022-06-08 09:00:24
1654678824138176000,26.8,11,26.7,1,26.85,12,2,2022-06-08 09:00:24
1654678824206164000,26.7,1,26.65,11,26.85,12,2,2022-06-08 09:00:24
1654678824211179000,26.85,1,26.65,11,26.85,11,1,2022-06-08 09:00:24
1654678824327777000,26.8,10,26.8,5,26.85,12,2,2022-06-08 09:00:24
1654678824329129000,26.85,1,26.8,5,26.85,11,1,2022-06-08 09:00:24
1654678824358378000,26.85,1,26.8,5,26.85,10,1,2022-06-08 09:00:24
1654678824359497000,26.8,5,26.75,1,26.85,10,2,2022-06-08 09:00:24
1654678824793964000,26.85,10,26.75,1,26.9,75,1,2022-06-08 09:00:24
1654678824837717000,26.9,1,26.75,1,26.9,74,1,2022-06-08 09:00:24
1654678825406742000,26.85,5,26.75,1,26.9,75,1,2022-06-08 09:00:25
1654678825551182000,26.9,5,26.75,1,26.9,70,1,2022-06-08 09:00:25
1654678825570949000,26.9,5,26.75,1,26.9,65,1,2022-06-08 09:00:25
1654678825614576000,26.9,5,26.75,1,26.9,60,1,2022-06-08 09:00:25
1654678825683683000,26.9,1,26.75,1,26.9,59,1,2022-06-08 09:00:25
1654678825732362000,26.9,5,26.75,1,26.9,54,1,2022-06-08 09:00:25
1654678825779641000,26.9,10,26.75,1,26.9,44,1,2022-06-08 09:00:25
1654678825908551000,26.85,1,26.75,1,26.85,9,1,2022-06-08 09:00:25
1654678826076218000,26.85,1,26.75,1,26.85,8,1,2022-06-08 09:00:26
1654678826147809000,26.85,5,26.75,1,26.85,3,1,2022-06-08 09:00:26
1654678826233468000,26.85,1,26.75,1,26.85,2,1,2022-06-08 09:00:26
1654678826412164000,26.85,2,26.8,1,26.9,36,1,2022-06-08 09:00:26
1654678826412164000,26.9,8,26.8,1,26.9,36,1,2022-06-08 09:00:26
1654678826551017000,26.9,2,26.8,1,26.9,34,1,2022-06-08 09:00:26
1654678826567220000,26.9,1,26.8,1,26.9,33,1,2022-06-08 09:00:26
1654678826567310000,26.8,1,26.7,10,26.9,33,2,2022-06-08 09:00:26
1654678826567310000,26.75,1,26.7,10,26.9,33,2,2022-06-08 09:00:26
1654678826567310000,26.7,6,26.7,10,26.9,33,2,2022-06-08 09:00:26
1654678826957771000,26.85,1,26.8,1,26.85,6,1,2022-06-08 09:00:26
1654678827021004000,26.8,2,26.75,6,26.85,10,2,2022-06-08 09:00:27
1654678827028692000,26.85,5,26.75,6,26.85,5,1,2022-06-08 09:00:27
1654678827091267000,26.85,5,26.85,1,26.9,33,1,2022-06-08 09:00:27
1654678827559959000,26.9,2,26.85,1,26.9,31,1,2022-06-08 09:00:27
1654678827712394000,26.9,1,26.85,1,26.9,30,1,2022-06-08 09:00:27
1654678827787145000,26.9,3,26.85,1,26.9,27,1,2022-06-08 09:00:27
1654678828063249000,26.9,1,26.85,1,26.9,26,1,2022-06-08 09:00:28
1654678828531125000,26.9,1,26.85,12,26.9,25,1,2022-06-08 09:00:28
1654678828592378000,26.9,6,26.85,12,26.9,19,1,2022-06-08 09:00:28
1654678828764860000,26.9,1,26.85,12,26.9,18,1,2022-06-08 09:00:28
1654678828789537000,26.85,1,26.85,11,26.9,18,2,2022-06-08 09:00:28
1654678828842948000,26.9,1,26.85,11,26.9,17,1,2022-06-08 09:00:28
1654678829178475000,26.9,10,26.85,11,26.9,7,1,2022-06-08 09:00:29
1654678829208211000,26.9,7,26.85,11,26.95,11,1,2022-06-08 09:00:29
1654678829488463000,26.85,10,26.85,1,26.95,11,2,2022-06-08 09:00:29
1654678829625401000,26.95,1,26.85,1,26.95,11,1,2022-06-08 09:00:29
1654678829696115000,26.95,1,26.85,1,26.95,10,1,2022-06-08 09:00:29
1654678829721330000,26.95,2,26.85,1,26.95,8,1,2022-06-08 09:00:29
1654678829997053000,26.95,8,26.85,16,27.0,237,1,2022-06-08 09:00:29
1654678829997053000,27.0,2,26.85,16,27.0,237,1,2022-06-08 09:00:29
1654678830023859000,26.85,1,26.85,15,27.0,237,2,2022-06-08 09:00:30
1654678830201481000,27.0,40,26.85,15,27.0,199,1,2022-06-08 09:00:30
1654678830282547000,27.0,10,26.9,3,27.0,189,1,2022-06-08 09:00:30
1654678830302227000,27.0,50,26.9,3,27.0,139,1,2022-06-08 09:00:30
1654678830343548000,27.0,50,26.9,3,27.0,89,1,2022-06-08 09:00:30
1654678830380462000,27.0,31,26.9,3,27.0,58,1,2022-06-08 09:00:30
1654678830464170000,27.0,50,26.9,3,27.0,8,1,2022-06-08 09:00:30
1654678830499115000,27.0,8,26.9,3,27.05,7,1,2022-06-08 09:00:30
1654678830633506000,27.05,7,26.9,15,27.1,20,1,2022-06-08 09:00:30
1654678830633506000,27.1,3,26.9,15,27.1,20,1,2022-06-08 09:00:30
1654678830648186000,26.9,10,26.9,5,27.1,20,2,2022-06-08 09:00:30
1654678830661833000,27.1,1,26.9,5,27.1,19,1,2022-06-08 09:00:30
1654678830791003000,27.05,7,26.9,5,27.1,18,1,2022-06-08 09:00:30
1654678830791003000,27.1,3,26.9,5,27.1,18,1,2022-06-08 09:00:30
1654678830976534000,27.1,18,27.1,2,27.15,8,1,2022-06-08 09:00:30
1654678831015569000,27.15,8,27.1,2,27.2,44,1,2022-06-08 09:00:31
1654678831015569000,27.2,2,27.1,2,27.2,44,1,2022-06-08 09:00:31
1654678831015734000,27.1,2,27.0,5,27.2,44,2,2022-06-08 09:00:31
1654678831066242000,27.0,1,27.0,4,27.2,44,2,2022-06-08 09:00:31
1654678831158670000,27.2,44,27.1,5,27.25,76,1,2022-06-08 09:00:31
1654678831158670000,27.25,44,27.1,5,27.25,76,1,2022-06-08 09:00:31
1654678831174721000,27.1,5,27.0,10,27.25,76,2,2022-06-08 09:00:31
1654678831389536000,27.05,1,27.05,11,27.2,1,2,2022-06-08 09:00:31
1654678831491985000,27.15,1,27.15,4,27.2,1,1,2022-06-08 09:00:31
1654678831974197000,27.15,4,27.15,2,27.2,3,2,2022-06-08 09:00:31
1654678831992436000,27.2,1,27.15,2,27.2,2,1,2022-06-08 09:00:31
1654678832032401000,27.2,1,27.15,2,27.2,2,1,2022-06-08 09:00:32
1654678832153099000,27.2,2,27.15,2,27.25,74,1,2022-06-08 09:00:32
1654678832153099000,27.25,3,27.15,2,27.25,74,1,2022-06-08 09:00:32
1654678832855119000,27.25,5,27.1,21,27.25,69,1,2022-06-08 09:00:32
1654678833224553000,27.25,3,27.1,21,27.25,66,1,2022-06-08 09:00:33
1654678833485232000,27.2,2,27.1,10,27.25,62,1,2022-06-08 09:00:33
1654678833485232000,27.25,4,27.1,10,27.25,62,1,2022-06-08 09:00:33
1654678833492093000,27.2,1,27.1,10,27.2,4,1,2022-06-08 09:00:33
1654678833584931000,27.2,1,27.1,10,27.2,3,1,2022-06-08 09:00:33
1654678833604415000,27.1,10,27.05,13,27.2,3,2,2022-06-08 09:00:33
1654678833707414000,27.2,3,27.15,1,27.25,51,1,2022-06-08 09:00:33
1654678833707414000,27.25,11,27.15,1,27.25,51,1,2022-06-08 09:00:33
1654678833735335000,27.25,10,27.15,1,27.25,41,1,2022-06-08 09:00:33
1654678833789409000,27.2,10,27.15,1,27.25,41,1,2022-06-08 09:00:33
1654678833901096000,27.15,1,27.05,14,27.15,4,2,2022-06-08 09:00:33
1654678833979571000,27.05,2,27.0,16,27.1,5,2,2022-06-08 09:00:33
1654678833979571000,27.0,8,27.0,16,27.1,5,2,2022-06-08 09:00:33
1654678834065505000,27.1,1,27.0,16,27.1,4,1,2022-06-08 09:00:34
1654678834150790000,27.1,1,27.05,2,27.1,3,1,2022-06-08 09:00:34
1654678834218263000,27.1,3,27.05,2,27.15,16,1,2022-06-08 09:00:34
1654678834288995000,27.15,1,27.05,2,27.15,15,1,2022-06-08 09:00:34
1654678834391489000,27.15,10,27.05,2,27.15,5,1,2022-06-08 09:00:34
1654678834547164000,27.15,1,27.05,2,27.15,4,1,2022-06-08 09:00:34
1654678834555822000,27.15,1,27.05,2,27.15,3,1,2022-06-08 09:00:34
1654678834565155000,27.15,1,27.05,2,27.15,2,1,2022-06-08 09:00:34
1654678834577804000,27.15,1,27.05,2,27.15,1,1,2022-06-08 09:00:34
1654678834589251000,27.15,1,27.05,2,27.2,7,1,2022-06-08 09:00:34
1654678834609220000,27.2,7,27.05,2,27.25,36,1,2022-06-08 09:00:34
1654678834609220000,27.25,3,27.05,2,27.25,36,1,2022-06-08 09:00:34
1654678834686219000,27.05,1,27.05,13,27.2,10,2,2022-06-08 09:00:34
1654678834833212000,27.2,6,27.05,13,27.2,6,1,2022-06-08 09:00:34
1654678834962233000,27.1,5,27.05,13,27.1,5,2,2022-06-08 09:00:34
1654678834965948000,27.1,1,27.05,13,27.1,4,1,2022-06-08 09:00:34
1654678835138624000,27.05,1,27.0,9,27.1,4,2,2022-06-08 09:00:35
1654678835138624000,27.0,9,27.0,9,27.1,4,2,2022-06-08 09:00:35
1654678835215289000,27.1,4,27.0,9,27.25,30,1,2022-06-08 09:00:35
1654678835215289000,27.2,10,27.0,9,27.25,30,1,2022-06-08 09:00:35
1654678835215289000,27.25,6,27.0,9,27.25,30,1,2022-06-08 09:00:35
1654678835347670000,27.25,1,27.05,13,27.25,29,1,2022-06-08 09:00:35
1654678835380190000,27.25,10,27.05,13,27.25,19,1,2022-06-08 09:00:35
1654678835446958000,27.25,2,27.05,13,27.25,17,1,2022-06-08 09:00:35
1654678835465262000,27.05,1,27.05,12,27.15,10,2,2022-06-08 09:00:35
1654678835571987000,27.1,1,27.0,14,27.15,10,1,2022-06-08 09:00:35
1654678835602975000,27.15,2,27.0,14,27.15,8,1,2022-06-08 09:00:35
1654678835994497000,27.15,2,27.0,14,27.15,31,1,2022-06-08 09:00:35
1654678836274184000,27.0,1,27.0,13,27.1,1,2,2022-06-08 09:00:36
1654678836287773000,27.0,10,27.0,3,27.1,1,2,2022-06-08 09:00:36
1654678836321126000,27.0,3,26.95,3,27.1,1,2,2022-06-08 09:00:36
1654678836414875000,27.1,1,27.0,3,27.15,12,1,2022-06-08 09:00:36
1654678836414875000,27.15,19,27.0,3,27.15,12,1,2022-06-08 09:00:36
1654678836434372000,27.15,5,27.0,3,27.15,7,1,2022-06-08 09:00:36
1654678836512111000,27.15,1,27.0,3,27.15,6,1,2022-06-08 09:00:36
1654678836842863000,27.1,1,27.0,3,27.1,1,1,2022-06-08 09:00:36
1654678836864480000,27.1,1,27.0,3,27.1,5,1,2022-06-08 09:00:36
1654678836889888000,27.1,5,27.0,3,27.15,13,1,2022-06-08 09:00:36
1654678836889888000,27.15,3,27.0,3,27.15,13,1,2022-06-08 09:00:36
1654678837054530000,27.15,1,27.1,1,27.15,12,1,2022-06-08 09:00:37
1654678837105977000,27.15,2,27.1,1,27.15,10,1,2022-06-08 09:00:37
1654678837192665000,27.15,1,27.1,1,27.15,9,1,2022-06-08 09:00:37
1654678837248586000,27.1,1,27.0,20,27.1,3,2,2022-06-08 09:00:37
1654678837324651000,27.1,1,27.0,8,27.1,2,1,2022-06-08 09:00:37
1654678837337460000,27.0,1,27.0,7,27.1,2,2,2022-06-08 09:00:37
1654678837390086000,27.1,2,27.0,7,27.15,7,1,2022-06-08 09:00:37
1654678837390086000,27.15,2,27.0,7,27.15,7,1,2022-06-08 09:00:37
1654678837394159000,27.15,1,27.0,7,27.15,6,1,2022-06-08 09:00:37
1654678837395102000,27.15,6,27.0,7,27.2,12,1,2022-06-08 09:00:37
1654678837395102000,27.2,2,27.0,7,27.2,12,1,2022-06-08 09:00:37
1654678837413698000,27.1,1,27.0,7,27.1,9,2,2022-06-08 09:00:37
1654678837445272000,27.1,9,27.0,7,27.2,1,1,2022-06-08 09:00:37
1654678837445272000,27.2,11,27.0,7,27.2,1,1,2022-06-08 09:00:37
1654678837537572000,27.1,1,27.0,7,27.25,10,1,2022-06-08 09:00:37
1654678837537572000,27.2,1,27.0,7,27.25,10,1,2022-06-08 09:00:37
1654678837537572000,27.25,8,27.0,7,27.25,10,1,2022-06-08 09:00:37
1654678837553980000,27.25,10,27.0,7,27.3,16,1,2022-06-08 09:00:37
1654678837591103000,27.3,6,27.0,7,27.3,10,1,2022-06-08 09:00:37
1654678837651419000,27.05,1,27.05,1,27.3,10,1,2022-06-08 09:00:37
1654678837682296000,27.05,2,27.0,4,27.3,10,2,2022-06-08 09:00:37
1654678837682296000,27.0,3,27.0,4,27.3,10,2,2022-06-08 09:00:37
1654678837861505000,27.05,5,27.0,4,27.3,5,1,2022-06-08 09:00:37
1654678837861505000,27.3,5,27.0,4,27.3,5,1,2022-06-08 09:00:37
1654678838014178000,27.0,4,26.95,9,27.3,7,2,2022-06-08 09:00:38
1654678838014178000,26.95,6,26.95,9,27.3,7,2,2022-06-08 09:00:38
1654678838375259000,27.15,3,27.0,2,27.15,17,1,2022-06-08 09:00:38
1654678838522429000,27.15,1,27.0,3,27.15,16,1,2022-06-08 09:00:38
1654678838582918000,27.15,2,27.0,3,27.15,14,1,2022-06-08 09:00:38
1654678838678931000,27.0,1,27.0,2,27.15,14,2,2022-06-08 09:00:38
1654678838806213000,27.15,3,27.05,3,27.15,11,1,2022-06-08 09:00:38
1654678839176318000,27.15,2,27.05,5,27.15,9,1,2022-06-08 09:00:39
1654678839184319000,27.05,5,27.0,19,27.15,9,2,2022-06-08 09:00:39
1654678839184319000,27.0,5,27.0,19,27.15,9,2,2022-06-08 09:00:39
1654678839188393000,27.15,5,27.0,19,27.15,4,1,2022-06-08 09:00:39
1654678839228613000,27.15,2,27.0,19,27.15,2,1,2022-06-08 09:00:39
1654678839334758000,27.05,10,27.0,21,27.05,20,1,2022-06-08 09:00:39
1654678839338337000,27.05,10,27.0,21,27.05,10,1,2022-06-08 09:00:39
1654678839367561000,27.05,10,27.0,21,27.1,2,1,2022-06-08 09:00:39
1654678839374158000,27.0,1,27.0,20,27.1,2,2,2022-06-08 09:00:39
1654678839408980000,27.1,2,27.0,20,27.2,5,1,2022-06-08 09:00:39
1654678839408980000,27.15,3,27.0,20,27.2,5,1,2022-06-08 09:00:39
1654678839408980000,27.2,5,27.0,20,27.2,5,1,2022-06-08 09:00:39
1654678839435651000,27.2,5,27.0,20,27.25,10,1,2022-06-08 09:00:39
1654678839435651000,27.25,5,27.0,20,27.25,10,1,2022-06-08 09:00:39
1654678839499118000,27.1,1,27.0,19,27.25,10,2,2022-06-08 09:00:39
1654678839499118000,27.0,1,27.0,19,27.25,10,2,2022-06-08 09:00:39
1654678839736612000,27.15,1,27.0,20,27.25,10,2,2022-06-08 09:00:39
1654678839945559000,27.1,1,27.05,1,27.1,4,1,2022-06-08 09:00:39
1654678839980356000,27.1,4,27.05,1,27.25,9,1,2022-06-08 09:00:39
1654678839980356000,27.25,1,27.05,1,27.25,9,1,2022-06-08 09:00:39
1654678840288187000,27.05,2,27.05,11,27.25,9,2,2022-06-08 09:00:40
1654678840369510000,27.1,1,27.05,2,27.2,1,2,2022-06-08 09:00:40
1654678840369510000,27.05,9,27.05,2,27.2,1,2,2022-06-08 09:00:40
1654678840642761000,27.05,8,27.0,26,27.1,1,2,2022-06-08 09:00:40
1654678840642761000,27.0,2,27.0,26,27.1,1,2,2022-06-08 09:00:40
1654678840709811000,27.05,1,27.05,3,27.1,1,2,2022-06-08 09:00:40
1654678840814518000,27.1,1,27.15,9,27.2,21,1,2022-06-08 09:00:40
1654678840969923000,27.15,10,27.15,10,27.2,22,2,2022-06-08 09:00:40
1654678841156698000,27.15,1,27.15,9,27.2,23,2,2022-06-08 09:00:41
1654678841183947000,27.15,9,27.05,4,27.2,23,2,2022-06-08 09:00:41
1654678841211207000,27.2,1,27.15,1,27.2,22,1,2022-06-08 09:00:41
1654678841236892000,27.15,1,27.05,4,27.2,22,2,2022-06-08 09:00:41
1654678841377553000,27.15,1,27.0,22,27.2,22,2,2022-06-08 09:00:41
1654678841377553000,27.05,4,27.0,22,27.2,22,2,2022-06-08 09:00:41
1654678841377553000,27.0,5,27.0,22,27.2,22,2,2022-06-08 09:00:41
1654678841432182000,27.2,1,27.0,23,27.2,21,1,2022-06-08 09:00:41
1654678841949747000,27.15,1,27.15,4,27.2,22,1,2022-06-08 09:00:41
1654678842121856000,27.15,1,27.15,4,27.2,42,2,2022-06-08 09:00:42
1654678842359701000,27.15,1,27.15,3,27.2,42,2,2022-06-08 09:00:42
1654678842592110000,27.15,3,27.05,22,27.2,42,2,2022-06-08 09:00:42
1654678842592110000,27.1,5,27.05,22,27.2,42,2,2022-06-08 09:00:42
1654678842592110000,27.05,2,27.05,22,27.2,42,2,2022-06-08 09:00:42
1654678842876070000,27.15,3,27.05,22,27.15,7,1,2022-06-08 09:00:42
1654678842953316000,27.15,1,27.05,23,27.15,6,1,2022-06-08 09:00:42
1654678843032682000,27.05,24,27.0,27,27.15,6,2,2022-06-08 09:00:43
1654678843032682000,27.0,6,27.0,27,27.15,6,2,2022-06-08 09:00:43
1654678843046238000,27.15,4,27.0,27,27.15,2,1,2022-06-08 09:00:43
1654678843071000000,27.15,2,27.0,27,27.2,42,1,2022-06-08 09:00:43
1654678843240853000,27.15,1,27.0,23,27.2,42,1,2022-06-08 09:00:43
1654678843249362000,27.0,1,27.0,22,27.2,42,2,2022-06-08 09:00:43
1654678843392256000,27.15,1,27.15,9,27.2,45,2,2022-06-08 09:00:43
1654678843424708000,27.15,9,27.05,1,27.2,45,2,2022-06-08 09:00:43
1654678843634766000,27.05,1,27.0,13,27.15,21,2,2022-06-08 09:00:43
1654678843634766000,27.0,9,27.0,13,27.15,21,2,2022-06-08 09:00:43
1654678844156212000,27.15,1,27.0,13,27.15,60,1,2022-06-08 09:00:44
1654678844186320000,27.0,10,27.0,3,27.15,60,2,2022-06-08 09:00:44
1654678844220968000,27.0,3,26.95,4,27.15,60,2,2022-06-08 09:00:44
1654678844243290000,27.15,2,26.95,4,27.15,58,1,2022-06-08 09:00:44
1654678844423318000,26.95,1,26.95,3,27.15,68,2,2022-06-08 09:00:44
1654678844468900000,27.1,3,26.95,3,27.15,68,2,2022-06-08 09:00:44
1654678844471030000,27.15,2,26.95,3,27.15,66,1,2022-06-08 09:00:44
1654678844518872000,27.1,1,26.95,3,27.1,4,2,2022-06-08 09:00:44
1654678844577756000,26.95,3,26.9,37,27.1,6,2,2022-06-08 09:00:44
1654678844577756000,26.9,7,26.9,37,27.1,6,2,2022-06-08 09:00:44
1654678844880688000,27.1,2,27.0,7,27.1,17,1,2022-06-08 09:00:44
1654678844978994000,27.1,3,27.0,7,27.1,18,1,2022-06-08 09:00:44
1654678845018710000,27.0,7,26.95,2,27.1,19,2,2022-06-08 09:00:45
1654678845018710000,26.95,3,26.95,2,27.1,19,2,2022-06-08 09:00:45
1654678845065792000,26.95,2,26.9,37,27.05,10,2,2022-06-08 09:00:45
1654678845116534000,27.05,1,26.9,37,27.05,9,1,2022-06-08 09:00:45
1654678845207020000,27.05,1,27.0,2,27.05,9,1,2022-06-08 09:00:45
1654678845315302000,27.05,2,27.0,2,27.05,7,1,2022-06-08 09:00:45
1654678845409276000,27.0,2,26.9,29,27.05,11,2,2022-06-08 09:00:45
1654678845409276000,26.9,8,26.9,29,27.05,11,2,2022-06-08 09:00:45
1654678845606856000,27.0,1,26.9,29,27.1,16,1,2022-06-08 09:00:45
1654678845606856000,27.05,12,26.9,29,27.1,16,1,2022-06-08 09:00:45
1654678845606856000,27.1,7,26.9,29,27.1,16,1,2022-06-08 09:00:45
1654678845781158000,26.9,10,26.9,19,27.05,1,2,2022-06-08 09:00:45
1654678846010242000,27.0,4,26.9,19,27.05,32,1,2022-06-08 09:00:46
1654678846010242000,27.05,1,26.9,19,27.05,32,1,2022-06-08 09:00:46
1654678846118185000,26.9,10,26.9,9,27.05,32,2,2022-06-08 09:00:46
1654678846146195000,26.9,9,26.85,2,27.05,32,2,2022-06-08 09:00:46
1654678846332083000,26.85,1,26.85,1,27.05,47,2,2022-06-08 09:00:46
1654678846531235000,26.85,1,26.8,6,27.0,6,2,2022-06-08 09:00:46
1654678846531235000,26.8,9,26.8,6,27.0,6,2,2022-06-08 09:00:46
1654678846638408000,27.0,1,26.8,6,27.0,5,1,2022-06-08 09:00:46
1654678846824779000,27.0,4,26.8,6,27.0,41,1,2022-06-08 09:00:46
1654678846927072000,27.0,1,26.8,6,27.0,41,1,2022-06-08 09:00:46
1654678847196844000,27.0,1,26.8,6,27.0,45,1,2022-06-08 09:00:47
1654678847468174000,27.0,1,26.9,10,27.0,46,1,2022-06-08 09:00:47
1654678847597456000,26.9,1,26.9,9,26.95,10,2,2022-06-08 09:00:47
1654678847698885000,26.9,3,26.9,6,26.95,10,2,2022-06-08 09:00:47
1654678847732246000,26.9,6,26.8,6,26.95,10,2,2022-06-08 09:00:47
1654678847963678000,26.95,9,26.8,6,26.95,55,1,2022-06-08 09:00:47
1654678848435081000,26.9,1,26.85,3,26.95,82,2,2022-06-08 09:00:48
1654678848599930000,26.85,2,26.85,1,26.9,1,2,2022-06-08 09:00:48
1654678848631930000,26.85,1,26.8,6,26.9,1,2,2022-06-08 09:00:48
1654678848690696000,26.9,1,26.85,1,26.95,78,1,2022-06-08 09:00:48
1654678848690696000,26.95,4,26.85,1,26.95,78,1,2022-06-08 09:00:48
1654678848751596000,26.95,1,26.85,1,26.95,77,1,2022-06-08 09:00:48
1654678848958482000,26.95,5,26.85,2,26.95,72,1,2022-06-08 09:00:48
1654678849012181000,26.9,1,26.85,2,26.95,72,2,2022-06-08 09:00:49
1654678849101557000,26.95,20,26.85,2,26.95,52,1,2022-06-08 09:00:49
1654678849107042000,26.95,1,26.85,2,26.95,51,1,2022-06-08 09:00:49
1654678849147390000,26.85,2,26.8,32,26.85,2,2,2022-06-08 09:00:49
1654678849344794000,26.85,1,26.8,37,26.85,1,1,2022-06-08 09:00:49
1654678849391049000,26.85,4,26.8,37,26.9,35,1,2022-06-08 09:00:49
1654678849391049000,26.9,1,26.8,37,26.9,35,1,2022-06-08 09:00:49
1654678849465327000,26.8,1,26.8,36,26.9,35,2,2022-06-08 09:00:49
1654678849468966000,26.8,1,26.8,35,26.9,35,2,2022-06-08 09:00:49
1654678849654790000,26.9,1,26.85,2,26.9,34,1,2022-06-08 09:00:49
1654678849696586000,26.9,3,26.85,2,26.9,31,1,2022-06-08 09:00:49
1654678849967303000,26.9,10,26.85,7,26.9,22,1,2022-06-08 09:00:49
1654678850027690000,26.85,7,26.8,42,26.9,22,2,2022-06-08 09:00:50
1654678850027690000,26.8,3,26.8,42,26.9,22,2,2022-06-08 09:00:50
1654678850094603000,26.9,1,26.8,42,26.9,21,1,2022-06-08 09:00:50
1654678850332448000,26.85,2,26.8,42,26.85,18,1,2022-06-08 09:00:50
1654678850421320000,26.85,4,26.8,42,26.85,14,1,2022-06-08 09:00:50
1654678850426353000,26.85,5,26.8,42,26.85,9,1,2022-06-08 09:00:50
1654678850439757000,26.85,1,26.8,42,26.85,8,1,2022-06-08 09:00:50
1654678850493467000,26.85,1,26.8,42,26.85,7,1,2022-06-08 09:00:50
1654678850897408000,26.85,1,26.8,42,26.85,6,1,2022-06-08 09:00:50
1654678850988375000,26.85,1,26.8,42,26.85,5,1,2022-06-08 09:00:50
1654678851076140000,26.8,3,26.8,39,26.85,10,2,2022-06-08 09:00:51
1654678851213914000,26.8,3,26.8,36,26.85,10,2,2022-06-08 09:00:51
1654678851242545000,26.8,13,26.8,23,26.85,10,2,2022-06-08 09:00:51
1654678851272218000,26.85,2,26.8,23,26.85,8,1,2022-06-08 09:00:51
1654678851301324000,26.8,16,26.8,7,26.85,8,2,2022-06-08 09:00:51
1654678851316108000,26.8,7,26.75,7,26.85,8,2,2022-06-08 09:00:51
1654678851316108000,26.75,3,26.75,7,26.85,8,2,2022-06-08 09:00:51
1654678851554837000,26.85,9,26.75,7,26.9,26,1,2022-06-08 09:00:51
1654678851554837000,26.9,14,26.75,7,26.9,26,1,2022-06-08 09:00:51
1654678851744970000,26.9,1,26.75,7,26.9,25,1,2022-06-08 09:00:51
1654678852043226000,26.8,1,26.75,7,26.85,2,1,2022-06-08 09:00:52
1654678852366409000,26.75,7,26.7,20,26.85,7,2,2022-06-08 09:00:52
1654678852366409000,26.7,1,26.7,20,26.85,7,2,2022-06-08 09:00:52
1654678852514049000,26.7,10,26.7,10,26.85,7,2,2022-06-08 09:00:52
1654678852547854000,26.7,9,26.7,1,26.85,10,2,2022-06-08 09:00:52
1654678852734311000,26.85,1,26.7,1,26.85,9,1,2022-06-08 09:00:52
1654678852940744000,26.7,1,26.65,12,26.85,10,2,2022-06-08 09:00:52
1654678852940744000,26.65,9,26.65,12,26.85,10,2,2022-06-08 09:00:52
1654678853085785000,26.6,2,26.6,9,26.85,10,2,2022-06-08 09:00:53
1654678853239044000,26.8,1,26.6,9,26.85,10,1,2022-06-08 09:00:53
1654678853281950000,26.6,1,26.6,8,26.85,10,2,2022-06-08 09:00:53
1654678853328447000,26.6,2,26.6,6,26.65,10,2,2022-06-08 09:00:53
1654678853384999000,26.6,6,26.5,32,26.65,10,2,2022-06-08 09:00:53
1654678853384999000,26.5,4,26.5,32,26.65,10,2,2022-06-08 09:00:53
1654678853537819000,26.65,8,26.5,32,26.65,2,1,2022-06-08 09:00:53
1654678853597984000,26.5,2,26.5,30,26.65,4,2,2022-06-08 09:00:53
1654678853642087000,26.5,5,26.5,25,26.65,4,2,2022-06-08 09:00:53
1654678853682371000,26.5,2,26.5,23,26.65,4,2,2022-06-08 09:00:53
1654678853760176000,26.65,1,26.5,23,26.65,3,1,2022-06-08 09:00:53
1654678853816624000,26.5,1,26.5,22,26.65,3,2,2022-06-08 09:00:53
1654678853844623000,26.5,10,26.5,12,26.65,3,2,2022-06-08 09:00:53
1654678853950453000,26.65,1,26.5,12,26.65,2,1,2022-06-08 09:00:53
1654678854193289000,26.5,12,26.25,2,26.65,2,2,2022-06-08 09:00:54
1654678854193289000,26.45,5,26.25,2,26.65,2,2,2022-06-08 09:00:54
1654678854193289000,26.4,3,26.25,2,26.65,2,2,2022-06-08 09:00:54
1654678854193289000,26.35,1,26.25,2,26.65,2,2,2022-06-08 09:00:54
1654678854193289000,26.3,12,26.25,2,26.65,2,2,2022-06-08 09:00:54
1654678854193289000,26.25,2,26.25,2,26.65,2,2,2022-06-08 09:00:54
1654678854250372000,26.25,1,26.25,1,26.65,2,2,2022-06-08 09:00:54
1654678854343943000,26.65,2,26.25,1,26.7,5,1,2022-06-08 09:00:54
1654678854344441000,26.7,1,26.25,1,26.7,4,1,2022-06-08 09:00:54
1654678854360188000,26.25,1,26.2,18,26.7,4,2,2022-06-08 09:00:54
1654678854360188000,26.2,4,26.2,18,26.7,4,2,2022-06-08 09:00:54
1654678854373959000,26.2,5,26.2,13,26.25,2,2,2022-06-08 09:00:54
1654678854375652000,26.2,5,26.2,8,26.25,2,2,2022-06-08 09:00:54
1654678854380099000,26.2,5,26.2,3,26.25,2,2,2022-06-08 09:00:54
1654678854386287000,26.2,3,26.1,119,26.25,2,2,2022-06-08 09:00:54
1654678854386287000,26.15,2,26.1,119,26.25,2,2,2022-06-08 09:00:54
1654678854386287000,26.1,5,26.1,119,26.25,2,2,2022-06-08 09:00:54
1654678854402332000,26.25,2,26.1,119,26.7,4,1,2022-06-08 09:00:54
1654678854429772000,26.25,1,26.1,119,26.7,6,2,2022-06-08 09:00:54
1654678854450340000,26.1,3,26.1,116,26.7,4,2,2022-06-08 09:00:54
1654678854461375000,26.1,4,26.1,112,26.7,4,2,2022-06-08 09:00:54
1654678854673887000,26.7,4,26.4,4,26.8,1,1,2022-06-08 09:00:54
1654678854673887000,26.75,4,26.4,4,26.8,1,1,2022-06-08 09:00:54
1654678854673887000,26.8,2,26.4,4,26.8,1,1,2022-06-08 09:00:54
1654678854842046000,26.45,1,26.45,2,26.8,1,2,2022-06-08 09:00:54
1654678854928327000,26.45,1,26.45,1,26.8,3,2,2022-06-08 09:00:54
1654678854958120000,26.45,1,26.1,112,26.8,4,2,2022-06-08 09:00:54
1654678854958120000,26.4,4,26.1,112,26.8,4,2,2022-06-08 09:00:54
1654678854958120000,26.15,5,26.1,112,26.8,4,2,2022-06-08 09:00:54
1654678854991220000,26.1,2,26.1,110,26.8,4,2,2022-06-08 09:00:54
1654678855036892000,26.55,1,26.1,110,26.55,30,1,2022-06-08 09:00:55
1654678855189506000,26.1,4,26.1,106,26.55,30,2,2022-06-08 09:00:55
1654678855228830000,26.1,88,26.1,18,26.5,12,2,2022-06-08 09:00:55
1654678855306828000,26.25,1,26.1,7,26.5,12,2,2022-06-08 09:00:55
1654678855306828000,26.1,11,26.1,7,26.5,12,2,2022-06-08 09:00:55
1654678855328017000,26.1,1,26.1,6,26.5,12,2,2022-06-08 09:00:55
1654678855847136000,26.2,1,26.2,3,26.5,17,2,2022-06-08 09:00:55
1654678856023231000,26.2,3,26.1,6,26.4,8,2,2022-06-08 09:00:56
1654678856023231000,26.1,1,26.1,6,26.4,8,2,2022-06-08 09:00:56
1654678856271454000,26.25,10,26.15,2,26.25,20,1,2022-06-08 09:00:56
1654678856304739000,26.25,1,26.15,2,26.25,19,1,2022-06-08 09:00:56
1654678856466308000,26.15,1,26.15,3,26.25,19,2,2022-06-08 09:00:56
1654678856596975000,26.25,11,26.15,3,26.25,10,1,2022-06-08 09:00:56
1654678856632084000,26.25,10,26.15,3,26.4,6,1,2022-06-08 09:00:56
1654678856736759000,26.4,5,26.15,3,26.45,5,1,2022-06-08 09:00:56
1654678856792134000,26.15,3,26.1,1,26.45,5,2,2022-06-08 09:00:56
1654678856792134000,26.1,7,26.1,1,26.45,5,2,2022-06-08 09:00:56
1654678856823181000,26.1,1,26.05,1,26.45,5,2,2022-06-08 09:00:56
1654678856823181000,26.05,1,26.05,1,26.45,5,2,2022-06-08 09:00:56
1654678856866589000,26.05,1,26.0,29,26.45,5,2,2022-06-08 09:00:56
1654678856866589000,26.0,17,26.0,29,26.45,5,2,2022-06-08 09:00:56
1654678856881272000,26.0,25,26.0,4,26.45,5,2,2022-06-08 09:00:56
1654678857091620000,26.0,2,26.0,2,26.05,4,2,2022-06-08 09:00:57
1654678857250485000,26.0,2,25.8,25,25.9,2,2,2022-06-08 09:00:57
1654678857278848000,25.8,1,25.8,24,25.9,2,2,2022-06-08 09:00:57
1654678857289231000,25.8,1,25.8,23,25.9,2,2,2022-06-08 09:00:57
1654678857292961000,25.9,2,25.8,23,26.05,6,1,2022-06-08 09:00:57
1654678857405581000,25.8,1,25.8,22,26.05,4,2,2022-06-08 09:00:57
1654678857971139000,25.8,1,25.8,21,26.05,4,2,2022-06-08 09:00:57
1654678858043944000,25.8,1,25.8,20,26.05,3,2,2022-06-08 09:00:58
1654678858111079000,25.8,10,25.8,10,26.05,3,2,2022-06-08 09:00:58
1654678858179736000,25.8,5,25.8,5,26.05,3,2,2022-06-08 09:00:58
1654678858449108000,25.8,1,25.8,4,26.05,6,2,2022-06-08 09:00:58
1654678858470919000,25.9,1,25.8,4,25.9,4,1,2022-06-08 09:00:58
1654678858500425000,25.8,5,0.0,0,0.0,0,2,2022-06-08 09:00:58
1654678858500425000,25.75,1,0.0,0,0.0,0,2,2022-06-08 09:00:58
1654678858500425000,25.7,1,0.0,0,0.0,0,2,2022-06-08 09:00:58
1654678858500425000,25.7,0,0.0,0,0.0,0,2,2022-06-08 09:00:58
1654678978948112000,25.8,318,25.8,54,26.0,4,1,2022-06-08 09:02:58
1654678979046759000,25.8,3,25.8,56,26.0,6,2,2022-06-08 09:02:59
1654678979398912000,26.0,6,26.0,4,26.05,2,1,2022-06-08 09:02:59
1654678979502349000,26.0,5,25.8,55,26.05,5,2,2022-06-08 09:02:59
1654678979502349000,25.95,5,25.8,55,26.05,5,2,2022-06-08 09:02:59
1654678979502349000,25.8,1,25.8,55,26.05,5,2,2022-06-08 09:02:59
1654678980005876000,25.85,2,25.85,3,26.05,7,2,2022-06-08 09:03:00
1654678980348620000,26.05,2,25.9,20,26.05,5,1,2022-06-08 09:03:00
1654678980858212000,25.95,5,25.95,5,26.0,18,1,2022-06-08 09:03:00
1654678980879915000,25.95,1,25.95,4,26.0,16,2,2022-06-08 09:03:00
1654678980879930000,25.95,1,25.95,3,26.0,16,2,2022-06-08 09:03:00
1654678980913908000,25.95,3,25.9,20,26.0,16,2,2022-06-08 09:03:00
1654678981108098000,25.9,1,25.9,19,26.0,16,2,2022-06-08 09:03:01
1654678981155635000,25.9,1,25.9,18,26.0,16,2,2022-06-08 09:03:01
1654678981162285000,25.9,1,25.9,17,26.0,16,2,2022-06-08 09:03:01
1654678981294267000,25.9,1,25.9,16,26.0,16,2,2022-06-08 09:03:01
1654678981300263000,25.9,1,25.9,15,26.0,16,2,2022-06-08 09:03:01
1654678981310672000,25.9,1,25.9,14,26.0,16,2,2022-06-08 09:03:01
1654678982539410000,26.0,3,25.95,1,26.05,14,1,2022-06-08 09:03:02
1654678982600351000,25.95,1,25.85,15,25.9,1,2,2022-06-08 09:03:02
1654678982627857000,25.9,1,25.85,15,26.05,14,1,2022-06-08 09:03:02
1654678983950089000,25.85,3,25.8,13,25.95,4,2,2022-06-08 09:03:03
1654678983950089000,25.8,2,25.8,13,25.95,4,2,2022-06-08 09:03:03
1654678984064806000,25.8,1,25.8,12,25.95,4,2,2022-06-08 09:03:04
1654678984169283000,25.8,2,25.8,10,25.95,15,2,2022-06-08 09:03:04
1654678984497700000,25.9,1,25.8,10,25.95,15,2,2022-06-08 09:03:04
1654678984573824000,25.95,6,25.8,10,25.95,9,1,2022-06-08 09:03:04
1654678984658456000,25.9,1,25.8,10,26.0,13,1,2022-06-08 09:03:04
1654678984658456000,25.95,9,25.8,10,26.0,13,1,2022-06-08 09:03:04
1654678984766930000,25.95,5,25.95,45,26.0,13,2,2022-06-08 09:03:04
1654678984991298000,25.95,10,25.95,35,26.0,13,2,2022-06-08 09:03:04
1654678985025760000,25.95,7,25.95,28,26.0,13,2,2022-06-08 09:03:05
1654678985292789000,25.95,3,25.95,25,26.0,13,2,2022-06-08 09:03:05
1654678985312323000,25.95,21,25.95,4,26.0,13,2,2022-06-08 09:03:05
1654678985367464000,25.95,1,25.95,3,26.0,13,2,2022-06-08 09:03:05
1654678985399562000,25.95,1,25.95,2,26.0,13,2,2022-06-08 09:03:05
1654678985596562000,25.95,2,25.8,9,26.0,12,2,2022-06-08 09:03:05
1654678985596562000,25.8,1,25.8,9,26.0,12,2,2022-06-08 09:03:05
1654678985711955000,25.95,5,25.8,9,25.95,6,1,2022-06-08 09:03:05
1654678986178931000,25.95,5,25.8,9,25.95,16,1,2022-06-08 09:03:06
1654678986424152000,25.8,1,25.8,8,25.95,16,2,2022-06-08 09:03:06
1654678986560999000,25.95,10,25.8,8,25.95,6,1,2022-06-08 09:03:06
1654678986683668000,25.8,3,25.8,6,25.95,6,2,2022-06-08 09:03:06
1654678986929351000,25.8,6,25.7,39,25.95,6,2,2022-06-08 09:03:06
1654678986929351000,25.75,16,25.7,39,25.95,6,2,2022-06-08 09:03:06
1654678986929351000,25.7,11,25.7,39,25.95,6,2,2022-06-08 09:03:06
1654678986956826000,25.7,18,25.7,21,25.9,1,2,2022-06-08 09:03:06
1654678986975008000,25.9,1,25.7,21,25.9,1,1,2022-06-08 09:03:06
1654678987066296000,25.85,1,25.8,1,25.85,1,1,2022-06-08 09:03:07
1654678987103395000,25.8,1,25.7,18,25.85,1,2,2022-06-08 09:03:07
1654678987103395000,25.75,1,25.7,18,25.85,1,2,2022-06-08 09:03:07
1654678987103395000,25.7,3,25.7,18,25.85,1,2,2022-06-08 09:03:07
1654678987187475000,25.7,5,25.7,13,25.8,6,2,2022-06-08 09:03:07
1654678987201532000,25.8,1,25.7,13,25.8,5,1,2022-06-08 09:03:07
1654678987375230000,25.7,1,25.7,12,25.8,5,2,2022-06-08 09:03:07
1654678987489004000,25.8,5,25.7,12,25.9,11,1,2022-06-08 09:03:07
1654678987489004000,25.85,1,25.7,12,25.9,11,1,2022-06-08 09:03:07
1654678987602617000,25.85,1,25.85,9,25.9,11,1,2022-06-08 09:03:07
1654678987611213000,25.9,1,25.85,9,25.9,10,1,2022-06-08 09:03:07
1654678987669984000,25.85,9,25.6,31,25.9,10,2,2022-06-08 09:03:07
1654678987669984000,25.7,12,25.6,31,25.9,10,2,2022-06-08 09:03:07
1654678987669984000,25.65,4,25.6,31,25.9,10,2,2022-06-08 09:03:07
1654678987669984000,25.6,15,25.6,31,25.9,10,2,2022-06-08 09:03:07
1654678987733194000,25.85,2,25.6,31,25.85,2,1,2022-06-08 09:03:07
1654678987839383000,25.65,1,25.5,187,25.8,5,2,2022-06-08 09:03:07
1654678987839383000,25.6,31,25.5,187,25.8,5,2,2022-06-08 09:03:07
1654678987839383000,25.55,15,25.5,187,25.8,5,2,2022-06-08 09:03:07
1654678987839383000,25.5,8,25.5,187,25.8,5,2,2022-06-08 09:03:07
1654678987842152000,25.5,5,25.5,182,25.8,5,2,2022-06-08 09:03:07
1654678987927479000,25.75,1,25.5,182,25.75,5,1,2022-06-08 09:03:07
1654678987982225000,25.55,2,25.55,1,25.75,6,2,2022-06-08 09:03:07
1654678988071748000,25.55,1,25.5,144,25.6,20,2,2022-06-08 09:03:08
1654678988071748000,25.5,38,25.5,144,25.6,20,2,2022-06-08 09:03:08
1654678988100571000,25.6,1,25.5,144,25.6,19,1,2022-06-08 09:03:08
1654678988530382000,25.55,1,25.5,144,25.55,11,1,2022-06-08 09:03:08
1654678988563359000,25.55,1,25.5,144,25.55,10,1,2022-06-08 09:03:08
1654678988651934000,25.5,3,25.5,141,25.55,10,2,2022-06-08 09:03:08
1654678988826686000,25.5,141,25.4,1,25.55,10,2,2022-06-08 09:03:08
1654678988826686000,25.45,1,25.4,1,25.55,10,2,2022-06-08 09:03:08
1654678988826686000,25.4,2,25.4,1,25.55,10,2,2022-06-08 09:03:08
1654678988980937000,25.5,3,25.4,1,25.5,1,1,2022-06-08 09:03:08
1654678989109848000,25.4,1,25.2,6,25.45,1,2,2022-06-08 09:03:09
1654678989109848000,25.35,5,25.2,6,25.45,1,2,2022-06-08 09:03:09
1654678989109848000,25.3,4,25.2,6,25.45,1,2,2022-06-08 09:03:09
1654678989109848000,25.25,1,25.2,6,25.45,1,2,2022-06-08 09:03:09
1654678989109848000,25.2,1,25.2,6,25.45,1,2,2022-06-08 09:03:09
1654678989178565000,25.2,6,25.0,34,25.4,1,2,2022-06-08 09:03:09
1654678989178565000,25.1,19,25.0,34,25.4,1,2,2022-06-08 09:03:09
1654678989178565000,25.05,3,25.0,34,25.4,1,2,2022-06-08 09:03:09
1654678989178565000,25.0,2,25.0,34,25.4,1,2,2022-06-08 09:03:09
1654678989388925000,25.4,1,25.0,34,25.45,1,1,2022-06-08 09:03:09
1654678989421366000,25.45,1,25.0,34,25.5,2,1,2022-06-08 09:03:09
1654678989658803000,25.3,2,25.0,34,25.3,9,1,2022-06-08 09:03:09
1654678989882987000,25.0,2,25.0,32,25.3,24,2,2022-06-08 09:03:09
1654678990082527000,25.1,1,25.1,1,25.25,12,2,2022-06-08 09:03:10
1654678990148624000,25.1,1,25.0,23,25.25,12,2,2022-06-08 09:03:10
1654678990148624000,25.0,9,25.0,23,25.25,12,2,2022-06-08 09:03:10
1654678990210681000,25.0,20,25.0,3,25.1,1,2,2022-06-08 09:03:10
1654678990913611000,25.05,2,25.05,2,25.1,4,2,2022-06-08 09:03:10
1654678990956369000,25.05,1,25.05,1,25.1,4,2,2022-06-08 09:03:10
1654678991129479000,25.1,4,25.05,1,25.25,8,1,2022-06-08 09:03:11
1654678991129479000,25.25,6,25.05,1,25.25,8,1,2022-06-08 09:03:11
1654678991206993000,25.1,2,25.1,4,25.2,7,2,2022-06-08 09:03:11
1654678991269629000,25.1,1,25.1,3,25.2,7,2,2022-06-08 09:03:11
1654678991739622000,25.1,3,25.05,1,25.15,5,2,2022-06-08 09:03:11
1654678991834124000,25.05,1,24.85,12,25.15,8,2,2022-06-08 09:03:11
1654678991834124000,25.0,4,24.85,12,25.15,8,2,2022-06-08 09:03:11
1654678991834124000,24.95,2,24.85,12,25.15,8,2,2022-06-08 09:03:11
1654678991834124000,24.9,1,24.85,12,25.15,8,2,2022-06-08 09:03:11
1654678992183041000,24.9,0,0.0,0,0.0,0,2,2022-06-08 09:03:12
1654679113269955000,24.65,513,24.65,13,24.7,10,2,2022-06-08 09:05:13
1654679113304954000,24.7,10,24.65,13,24.85,26,1,2022-06-08 09:05:13
1654679113307198000,24.65,13,24.6,29,24.85,26,2,2022-06-08 09:05:13
1654679113307198000,24.6,5,24.6,29,24.85,26,2,2022-06-08 09:05:13
1654679113667336000,24.6,1,24.6,28,24.7,1,2,2022-06-08 09:05:13
1654679113671798000,24.6,1,24.6,27,24.7,1,2,2022-06-08 09:05:13
1654679114596654000,24.65,1,24.65,1,24.7,4,2,2022-06-08 09:05:14
1654679114641775000,24.65,1,24.6,27,24.7,4,2,2022-06-08 09:05:14
1654679114736395000,24.7,1,24.6,27,24.7,3,1,2022-06-08 09:05:14
1654679114769477000,24.7,3,24.6,27,24.8,5,1,2022-06-08 09:05:14
1654679115059541000,24.8,5,24.6,27,24.85,21,1,2022-06-08 09:05:15
1654679115059541000,24.85,5,24.6,27,24.85,21,1,2022-06-08 09:05:15
1654679116920694000,24.75,1,24.65,13,24.75,4,1,2022-06-08 09:05:16
1654679117051919000,24.65,5,24.65,8,24.75,4,2,2022-06-08 09:05:17
1654679117386234000,24.65,10,24.6,31,24.75,12,2,2022-06-08 09:05:17
1654679117497084000,24.75,5,24.6,31,24.75,8,1,2022-06-08 09:05:17
1654679117963271000,24.7,1,24.6,31,24.75,8,2,2022-06-08 09:05:17
1654679118497399000,24.6,5,24.6,21,24.75,8,2,2022-06-08 09:05:18
1654679118535035000,24.6,21,24.55,45,24.75,8,2,2022-06-08 09:05:18
1654679118918815000,24.7,1,24.55,45,24.7,4,1,2022-06-08 09:05:18
1654679119971939000,24.55,1,24.55,44,24.65,11,2,2022-06-08 09:05:19
1654679120319671000,24.55,5,24.55,39,24.65,11,2,2022-06-08 09:05:20
1654679120557018000,24.55,5,24.55,34,24.65,15,2,2022-06-08 09:05:20
1654679120651744000,24.65,1,24.55,34,24.65,16,1,2022-06-08 09:05:20
1654679120806833000,24.55,30,24.55,4,24.65,16,2,2022-06-08 09:05:20
1654679120839565000,24.55,3,24.55,1,24.65,16,2,2022-06-08 09:05:20
1654679120854324000,24.55,1,24.5,213,24.65,16,2,2022-06-08 09:05:20
1654679120854324000,24.5,29,24.5,213,24.65,16,2,2022-06-08 09:05:20
1654679121038889000,24.5,10,24.5,203,24.65,16,2,2022-06-08 09:05:21
1654679121076479000,24.5,20,24.5,183,24.65,16,2,2022-06-08 09:05:21
1654679121317282000,24.5,5,24.5,178,24.65,16,2,2022-06-08 09:05:21
1654679121335189000,24.5,40,24.5,138,24.65,16,2,2022-06-08 09:05:21
1654679121425740000,24.5,5,24.5,133,24.65,16,2,2022-06-08 09:05:21
1654679121472689000,24.5,20,24.5,113,24.65,16,2,2022-06-08 09:05:21
1654679121573275000,24.5,20,24.5,93,24.6,1,2,2022-06-08 09:05:21
1654679121579027000,24.5,5,24.5,88,24.6,1,2,2022-06-08 09:05:21
1654679121649678000,24.5,10,24.5,78,24.6,2,2,2022-06-08 09:05:21
1654679121662836000,24.5,20,24.5,58,24.6,2,2,2022-06-08 09:05:21
1654679121695070000,24.6,2,24.5,58,24.65,16,1,2022-06-08 09:05:21
1654679121695070000,24.65,1,24.5,58,24.65,16,1,2022-06-08 09:05:21
1654679121761091000,24.5,40,24.5,18,24.65,16,2,2022-06-08 09:05:21
1654679121802824000,24.5,1,24.5,17,24.65,16,2,2022-06-08 09:05:21
1654679122052850000,24.5,5,24.5,15,24.55,1,2,2022-06-08 09:05:22
1654679122062112000,24.5,5,24.5,10,24.55,1,2,2022-06-08 09:05:22
1654679122119202000,24.5,7,24.5,3,24.55,1,2,2022-06-08 09:05:22
1654679122119357000,24.5,3,24.4,19,24.55,1,2,2022-06-08 09:05:22
1654679122119357000,24.45,10,24.4,19,24.55,1,2,2022-06-08 09:05:22
1654679122119357000,24.4,17,24.4,19,24.55,1,2,2022-06-08 09:05:22
1654679122165760000,24.4,19,24.3,28,24.55,1,2,2022-06-08 09:05:22
1654679122165760000,24.35,16,24.3,28,24.55,1,2,2022-06-08 09:05:22
1654679122165760000,24.3,5,24.3,28,24.55,1,2,2022-06-08 09:05:22
1654679122169293000,24.3,20,24.3,8,24.55,1,2,2022-06-08 09:05:22
1654679122209082000,24.3,1,24.3,7,24.45,5,2,2022-06-08 09:05:22
1654679122354572000,24.3,5,24.3,6,24.45,15,2,2022-06-08 09:05:22
1654679122544845000,24.3,6,24.25,14,24.45,19,2,2022-06-08 09:05:22
1654679122544845000,24.25,9,24.25,14,24.45,19,2,2022-06-08 09:05:22
1654679122646997000,24.25,5,24.25,9,24.4,1,2,2022-06-08 09:05:22
1654679123354777000,24.25,2,24.25,7,24.3,1,2,2022-06-08 09:05:23
1654679123452501000,24.25,5,24.25,2,24.3,1,2,2022-06-08 09:05:23
1654679123527790000,24.3,1,24.25,2,24.35,7,1,2022-06-08 09:05:23
1654679123527790000,24.35,1,24.25,2,24.35,7,1,2022-06-08 09:05:23
1654679123568473000,24.25,2,24.2,75,24.35,7,2,2022-06-08 09:05:23
1654679123568473000,24.2,8,24.2,75,24.35,7,2,2022-06-08 09:05:23
1654679123714030000,24.2,1,24.2,74,24.35,6,2,2022-06-08 09:05:23
1654679123981323000,24.2,2,24.2,72,24.35,6,2,2022-06-08 09:05:23
1654679124453743000,24.2,1,24.2,76,24.35,6,2,2022-06-08 09:05:24
1654679124476878000,24.2,18,24.2,58,24.35,7,2,2022-06-08 09:05:24
1654679124526691000,24.2,1,24.2,57,24.35,7,2,2022-06-08 09:05:24
1654679124585043000,24.25,1,24.2,57,24.35,7,2,2022-06-08 09:05:24
1654679124640386000,24.25,1,24.25,4,24.35,7,1,2022-06-08 09:05:24
1654679124837601000,24.25,1,24.25,9,24.35,5,2,2022-06-08 09:05:24
1654679124988771000,24.25,9,24.2,47,24.35,5,2,2022-06-08 09:05:24
1654679124988771000,24.2,10,24.2,47,24.35,5,2,2022-06-08 09:05:24
1654679125090317000,24.35,1,24.2,47,24.35,4,1,2022-06-08 09:05:25
1654679125125364000,24.35,4,24.2,47,24.4,10,1,2022-06-08 09:05:25
1654679125373017000,24.2,2,24.2,45,24.4,4,2,2022-06-08 09:05:25
1654679125673379000,24.4,1,24.3,10,24.4,3,1,2022-06-08 09:05:25
1654679125905512000,24.3,7,24.3,3,24.35,1,2,2022-06-08 09:05:25
1654679125959075000,24.35,1,24.3,3,24.4,3,1,2022-06-08 09:05:25
1654679125985136000,24.3,3,24.25,4,24.4,3,2,2022-06-08 09:05:25
1654679125985136000,24.25,2,24.25,4,24.4,3,2,2022-06-08 09:05:25
1654679126147762000,24.4,1,24.25,12,24.4,2,1,2022-06-08 09:05:26
1654679126196000000,24.35,9,24.25,13,24.35,1,1,2022-06-08 09:05:26
1654679126215144000,24.25,1,24.25,12,24.35,1,2,2022-06-08 09:05:26
1654679126222266000,24.35,1,24.25,12,24.4,12,1,2022-06-08 09:05:26
1654679126293696000,24.25,1,24.25,12,24.4,2,2,2022-06-08 09:05:26
1654679126330313000,24.25,4,24.25,8,24.4,2,2,2022-06-08 09:05:26
1654679126514926000,24.3,1,24.25,12,24.4,2,2,2022-06-08 09:05:26
1654679126522961000,24.3,1,24.25,3,24.4,2,2,2022-06-08 09:05:26
1654679126522961000,24.25,9,24.25,3,24.4,2,2,2022-06-08 09:05:26
1654679127087241000,24.3,1,24.25,10,24.4,2,2,2022-06-08 09:05:27
1654679127087241000,24.25,1,24.25,10,24.4,2,2,2022-06-08 09:05:27
1654679127473843000,24.25,2,24.25,18,24.35,1,2,2022-06-08 09:05:27
1654679127947813000,24.3,1,24.3,4,24.35,12,2,2022-06-08 09:05:27
1654679128036118000,24.3,2,24.3,2,24.35,12,2,2022-06-08 09:05:28
1654679128210513000,24.3,1,24.3,6,24.35,12,2,2022-06-08 09:05:28
1654679128340871000,24.3,3,24.3,3,24.35,12,2,2022-06-08 09:05:28
1654679128417157000,24.3,3,24.25,20,24.35,12,2,2022-06-08 09:05:28
1654679128417157000,24.25,1,24.25,20,24.35,12,2,2022-06-08 09:05:28
1654679128725004000,24.35,12,24.25,21,24.4,8,1,2022-06-08 09:05:28
1654679128725004000,24.4,3,24.25,21,24.4,8,1,2022-06-08 09:05:28
1654679128794633000,24.25,1,24.25,28,24.4,8,2,2022-06-08 09:05:28
1654679128807048000,24.25,2,24.25,26,24.4,8,2,2022-06-08 09:05:28
1654679129127436000,24.4,2,24.25,26,24.4,1,1,2022-06-08 09:05:29
1654679129186236000,24.4,1,24.3,5,24.45,12,1,2022-06-08 09:05:29
1654679129211385000,24.3,1,24.3,4,24.45,12,2,2022-06-08 09:05:29
1654679129454522000,24.3,2,24.3,2,24.45,17,2,2022-06-08 09:05:29
1654679129483720000,24.45,5,24.3,2,24.45,12,1,2022-06-08 09:05:29
1654679129793999000,24.35,5,24.35,3,24.4,2,2,2022-06-08 09:05:29
1654679129904937000,24.4,2,24.35,6,24.45,5,1,2022-06-08 09:05:29
1654679129949235000,24.35,1,24.35,5,24.45,5,2,2022-06-08 09:05:29
1654679130012469000,24.35,1,24.35,9,24.45,5,2,2022-06-08 09:05:30
1654679130178986000,24.35,2,24.35,7,24.4,2,2,2022-06-08 09:05:30
1654679130513399000,24.4,1,24.35,16,24.4,1,1,2022-06-08 09:05:30
1654679130517836000,24.4,1,24.4,1,24.45,5,1,2022-06-08 09:05:30
1654679130680015000,24.4,1,24.35,25,24.45,5,2,2022-06-08 09:05:30
1654679130680015000,24.35,1,24.35,25,24.45,5,2,2022-06-08 09:05:30
1654679131328114000,24.4,3,24.4,2,24.5,14,2,2022-06-08 09:05:31
1654679131397155000,24.4,2,24.4,5,24.5,14,2,2022-06-08 09:05:31
1654679131619050000,24.4,1,24.4,11,24.5,14,2,2022-06-08 09:05:31
1654679131911843000,24.45,5,24.4,81,24.45,5,2,2022-06-08 09:05:31
1654679131940053000,24.45,4,24.4,81,24.45,1,1,2022-06-08 09:05:31
1654679132026340000,24.4,1,24.4,80,24.45,1,2,2022-06-08 09:05:32
1654679132050502000,24.45,1,24.4,80,24.5,4,1,2022-06-08 09:05:32
1654679132446328000,24.45,1,24.45,11,24.5,4,2,2022-06-08 09:05:32
1654679132686382000,24.5,1,24.45,10,24.5,3,1,2022-06-08 09:05:32
1654679132699309000,24.5,3,24.45,10,24.55,3,1,2022-06-08 09:05:32
1654679132943901000,24.45,1,24.45,10,24.55,7,2,2022-06-08 09:05:32
1654679133147845000,24.45,1,24.45,11,24.55,7,2,2022-06-08 09:05:33
1654679133363504000,24.5,1,24.4,46,24.55,7,2,2022-06-08 09:05:33
1654679133363504000,24.45,13,24.4,46,24.55,7,2,2022-06-08 09:05:33
1654679133363504000,24.4,24,24.4,46,24.55,7,2,2022-06-08 09:05:33
1654679133402308000,24.4,1,24.4,45,24.55,7,2,2022-06-08 09:05:33
1654679133422804000,24.55,7,24.55,3,24.6,5,1,2022-06-08 09:05:33
1654679133516666000,24.55,2,24.55,1,24.6,5,2,2022-06-08 09:05:33
1654679134368374000,24.55,1,24.5,5,24.6,5,2,2022-06-08 09:05:34
1654679134522975000,24.6,5,24.5,5,24.65,9,1,2022-06-08 09:05:34
1654679134563438000,24.5,2,24.5,3,24.6,1,2,2022-06-08 09:05:34
1654679135402453000,24.55,5,24.45,6,24.5,28,2,2022-06-08 09:05:35
1654679135402453000,24.5,3,24.45,6,24.5,28,2,2022-06-08 09:05:35
1654679135460036000,24.45,4,24.45,2,24.5,28,2,2022-06-08 09:05:35
1654679135916160000,24.5,1,24.45,2,24.5,27,1,2022-06-08 09:05:35
1654679136323527000,24.45,2,24.4,52,24.45,3,2,2022-06-08 09:05:36
1654679136378382000,24.45,2,24.4,52,24.45,1,1,2022-06-08 09:05:36
1654679136417191000,24.45,1,24.4,52,24.5,27,1,2022-06-08 09:05:36
1654679136438374000,24.4,2,24.4,50,24.5,27,2,2022-06-08 09:05:36
1654679136660192000,24.45,1,24.4,48,24.5,27,2,2022-06-08 09:05:36
1654679136660192000,24.4,2,24.4,48,24.5,27,2,2022-06-08 09:05:36
1654679136678193000,24.4,5,24.4,43,24.5,27,2,2022-06-08 09:05:36
1654679136871893000,24.45,1,24.4,43,24.5,23,1,2022-06-08 09:05:36
1654679136871893000,24.5,4,24.4,43,24.5,23,1,2022-06-08 09:05:36
1654679137141717000,24.4,2,24.4,41,24.5,23,2,2022-06-08 09:05:37
1654679138082043000,24.45,2,24.45,1,24.5,33,2,2022-06-08 09:05:38
1654679138153050000,24.5,2,24.45,1,24.5,31,1,2022-06-08 09:05:38
1654679138860527000,24.45,1,24.4,46,24.5,31,2,2022-06-08 09:05:38
1654679138860527000,24.4,2,24.4,46,24.5,31,2,2022-06-08 09:05:38
1654679139090223000,24.5,1,24.45,1,24.5,30,1,2022-06-08 09:05:39
1654679139198211000,24.45,1,24.4,46,24.5,30,2,2022-06-08 09:05:39
1654679139286660000,24.5,1,24.4,46,24.5,29,1,2022-06-08 09:05:39
1654679139383867000,24.45,1,24.4,37,24.5,29,2,2022-06-08 09:05:39
1654679139383867000,24.4,9,24.4,37,24.5,29,2,2022-06-08 09:05:39
1654679139553080000,24.5,2,24.4,37,24.5,27,1,2022-06-08 09:05:39
1654679139728201000,24.5,5,24.4,36,24.5,22,1,2022-06-08 09:05:39
1654679139997770000,24.4,1,24.4,35,24.5,22,2,2022-06-08 09:05:39
1654679140195288000,24.4,1,24.4,34,24.5,22,2,2022-06-08 09:05:40
1654679140366435000,24.4,1,24.4,33,24.5,22,2,2022-06-08 09:05:40
1654679140827578000,24.45,3,24.4,26,24.5,30,2,2022-06-08 09:05:40
1654679140827578000,24.4,7,24.4,26,24.5,30,2,2022-06-08 09:05:40
1654679140853868000,24.4,5,24.4,21,24.5,30,2,2022-06-08 09:05:40
1654679141025018000,24.5,5,24.4,22,24.5,25,1,2022-06-08 09:05:41
1654679141108228000,24.4,1,24.4,24,24.5,25,2,2022-06-08 09:05:41
1654679141425719000,24.4,2,24.4,22,24.5,25,2,2022-06-08 09:05:41
1654679141443781000,24.5,1,24.4,22,24.5,24,1,2022-06-08 09:05:41
1654679141457656000,24.5,1,24.4,22,24.5,23,1,2022-06-08 09:05:41
1654679141716606000,24.4,10,24.4,14,24.45,1,2,2022-06-08 09:05:41
1654679141734827000,24.45,1,24.4,15,24.5,23,1,2022-06-08 09:05:41
1654679141769409000,24.4,10,24.4,5,24.5,23,2,2022-06-08 09:05:41
1654679141935912000,24.4,5,24.35,17,24.5,23,2,2022-06-08 09:05:41
1654679141935912000,24.35,1,24.35,17,24.5,23,2,2022-06-08 09:05:41
1654679142161971000,24.5,1,24.35,17,24.5,22,1,2022-06-08 09:05:42
1654679142366887000,24.35,10,24.35,7,24.5,22,2,2022-06-08 09:05:42
1654679142371460000,24.35,2,24.35,5,24.5,22,2,2022-06-08 09:05:42
1654679142902912000,24.35,3,24.35,2,24.4,3,2,2022-06-08 09:05:42
1654679143000332000,24.4,1,24.35,2,24.4,2,1,2022-06-08 09:05:43
1654679143083384000,24.4,1,24.35,2,24.4,1,1,2022-06-08 09:05:43
1654679143118668000,24.35,2,24.3,29,24.4,1,2,2022-06-08 09:05:43
1654679143263137000,24.3,20,24.3,9,24.4,1,2,2022-06-08 09:05:43
1654679143722225000,24.3,3,24.3,6,24.4,1,2,2022-06-08 09:05:43
1654679143857433000,24.3,6,24.25,18,24.35,2,2,2022-06-08 09:05:43
1654679143857433000,24.25,11,24.25,18,24.35,2,2,2022-06-08 09:05:43
1654679143893741000,24.25,15,24.2,45,24.35,2,2,2022-06-08 09:05:43
1654679143893741000,24.2,11,24.2,45,24.35,2,2,2022-06-08 09:05:43
1654679143936823000,24.2,18,24.2,27,24.35,5,2,2022-06-08 09:05:43
1654679143948987000,24.35,2,24.2,27,24.4,5,1,2022-06-08 09:05:43
1654679144101811000,24.2,1,24.2,26,24.35,7,2,2022-06-08 09:05:44
1654679144286081000,24.35,1,24.2,26,24.35,6,1,2022-06-08 09:05:44
1654679144367373000,24.35,2,24.2,26,24.35,4,1,2022-06-08 09:05:44
1654679144486935000,24.3,1,24.2,26,24.3,1,2,2022-06-08 09:05:44
1654679144623880000,24.2,10,24.2,16,24.3,2,2,2022-06-08 09:05:44
1654679144812913000,24.25,1,24.2,16,24.25,10,1,2022-06-08 09:05:44
1654679144824326000,24.2,11,24.2,5,24.25,10,2,2022-06-08 09:05:44
1654679144869850000,24.2,1,24.2,4,24.25,14,2,2022-06-08 09:05:44
1654679145373656000,24.2,4,24.15,16,24.2,1,2,2022-06-08 09:05:45
1654679145697684000,24.15,1,24.15,15,24.2,16,2,2022-06-08 09:05:45
1654679145740101000,24.2,1,24.15,15,24.2,15,1,2022-06-08 09:05:45
1654679145860426000,24.15,5,24.15,10,24.2,15,2,2022-06-08 09:05:45
1654679145876807000,24.15,5,24.15,5,24.2,16,2,2022-06-08 09:05:45
1654679145877788000,24.15,5,24.1,64,24.2,16,2,2022-06-08 09:05:45
1654679145898964000,24.1,2,24.1,62,24.2,16,2,2022-06-08 09:05:45
1654679146223822000,24.1,3,24.1,59,24.2,16,2,2022-06-08 09:05:46
1654679146335881000,24.1,1,24.1,58,24.15,1,2,2022-06-08 09:05:46
1654679146346845000,24.1,50,24.1,8,24.15,1,2,2022-06-08 09:05:46
1654679146459840000,24.1,1,24.1,7,24.15,1,2,2022-06-08 09:05:46
1654679146615201000,24.15,6,24.1,7,24.2,12,1,2022-06-08 09:05:46
1654679146615201000,24.2,4,24.1,7,24.2,12,1,2022-06-08 09:05:46
1654679146616516000,24.2,1,24.1,7,24.2,11,1,2022-06-08 09:05:46
1654679146815150000,24.1,1,24.1,6,24.2,12,2,2022-06-08 09:05:46
1654679146850416000,24.1,6,24.05,29,24.2,12,2,2022-06-08 09:05:46
1654679146850416000,24.05,4,24.05,29,24.2,12,2,2022-06-08 09:05:46
1654679146856761000,24.05,1,24.05,28,24.2,12,2,2022-06-08 09:05:46
1654679146916873000,24.05,1,24.05,27,24.2,12,2,2022-06-08 09:05:46
1654679147037560000,24.05,1,24.05,26,24.2,12,2,2022-06-08 09:05:47
1654679147057163000,24.2,1,24.05,26,24.2,11,1,2022-06-08 09:05:47
1654679147095269000,24.2,5,24.05,26,24.2,6,1,2022-06-08 09:05:47
1654679147141505000,24.2,1,24.05,26,24.2,5,1,2022-06-08 09:05:47
1654679147215222000,24.15,1,24.05,17,24.2,5,2,2022-06-08 09:05:47
1654679147215222000,24.05,9,24.05,17,24.2,5,2,2022-06-08 09:05:47
1654679147286183000,24.05,8,24.05,9,24.2,5,2,2022-06-08 09:05:47
1654679147465462000,24.05,9,24.0,307,24.05,1,2,2022-06-08 09:05:47
1654679147491892000,24.05,1,24.0,307,24.2,3,1,2022-06-08 09:05:47
1654679147491892000,24.2,1,24.0,307,24.2,3,1,2022-06-08 09:05:47
1654679147973715000,24.0,29,24.0,285,24.15,5,2,2022-06-08 09:05:47
1654679148079258000,24.0,1,24.0,284,24.1,1,2,2022-06-08 09:05:48
1654679148403955000,24.1,1,24.0,284,24.1,5,1,2022-06-08 09:05:48
1654679148683120000,24.0,2,24.0,282,24.1,5,2,2022-06-08 09:05:48
1654679148717743000,24.0,1,24.0,281,24.1,5,2,2022-06-08 09:05:48
1654679148854219000,24.0,10,24.0,271,24.1,5,2,2022-06-08 09:05:48
1654679149080282000,24.05,2,24.05,1,24.1,5,2,2022-06-08 09:05:49
1654679149357265000,24.05,1,24.0,264,24.1,5,2,2022-06-08 09:05:49
1654679149357265000,24.0,9,24.0,264,24.1,5,2,2022-06-08 09:05:49
1654679149439407000,24.0,1,24.0,263,24.1,5,2,2022-06-08 09:05:49
1654679149476734000,24.0,30,24.0,233,24.1,5,2,2022-06-08 09:05:49
1654679149616125000,24.1,2,24.0,233,24.1,3,1,2022-06-08 09:05:49
1654679149748542000,24.1,1,24.05,1,24.1,2,1,2022-06-08 09:05:49
1654679149808813000,24.1,2,24.05,6,24.15,4,1,2022-06-08 09:05:49
1654679149808813000,24.15,3,24.05,6,24.15,4,1,2022-06-08 09:05:49
1654679150283021000,24.05,2,24.05,4,24.1,7,2,2022-06-08 09:05:50
1654679150370480000,24.05,4,24.0,232,24.1,7,2,2022-06-08 09:05:50
1654679150370480000,24.0,1,24.0,232,24.1,7,2,2022-06-08 09:05:50
1654679150617782000,24.05,5,24.0,227,24.1,7,2,2022-06-08 09:05:50
1654679150617782000,24.0,5,24.0,227,24.1,7,2,2022-06-08 09:05:50
1654679150876517000,24.05,5,24.0,227,24.05,5,2,2022-06-08 09:05:50
1654679150908147000,24.0,10,24.0,217,24.05,5,2,2022-06-08 09:05:50
1654679151209528000,24.05,4,24.0,217,24.05,1,1,2022-06-08 09:05:51
1654679151533084000,24.05,2,24.0,217,24.05,3,1,2022-06-08 09:05:51
1654679151535850000,24.05,1,24.0,217,24.05,2,1,2022-06-08 09:05:51
1654679151556506000,24.05,2,24.05,28,24.1,8,1,2022-06-08 09:05:51
1654679151736710000,24.05,2,24.05,26,24.1,8,2,2022-06-08 09:05:51
1654679151943365000,24.05,4,24.05,22,24.1,8,2,2022-06-08 09:05:51
1654679152123462000,24.1,2,24.05,22,24.1,6,1,2022-06-08 09:05:52
1654679152298054000,24.1,1,24.05,27,24.1,5,1,2022-06-08 09:05:52
1654679152331841000,24.1,5,24.05,27,24.15,2,1,2022-06-08 09:05:52
1654679152388315000,24.15,2,24.05,27,24.2,9,1,2022-06-08 09:05:52
1654679152388315000,24.2,3,24.05,27,24.2,9,1,2022-06-08 09:05:52
1654679152488093000,24.05,20,24.05,7,24.2,9,2,2022-06-08 09:05:52
1654679152812251000,24.15,5,24.05,11,24.2,9,2,2022-06-08 09:05:52
1654679153110631000,24.1,12,24.05,6,24.2,9,2,2022-06-08 09:05:53
1654679153110631000,24.05,18,24.05,6,24.2,9,2,2022-06-08 09:05:53
1654679153152021000,24.2,9,24.2,1,24.25,4,1,2022-06-08 09:05:53
1654679153175791000,24.2,1,24.05,11,24.25,4,2,2022-06-08 09:05:53
1654679153488544000,24.1,8,24.05,17,24.25,4,2,2022-06-08 09:05:53
1654679153488544000,24.05,2,24.05,17,24.25,4,2,2022-06-08 09:05:53
1654679153532331000,24.1,1,24.1,4,24.25,4,2,2022-06-08 09:05:53
1654679153795025000,24.2,1,24.1,75,24.3,1,1,2022-06-08 09:05:53
1654679153795025000,24.25,4,24.1,75,24.3,1,1,2022-06-08 09:05:53
1654679154786616000,24.25,1,24.25,10,24.3,7,2,2022-06-08 09:05:54
1654679154890702000,24.25,10,24.15,17,24.3,7,2,2022-06-08 09:05:54
1654679154890702000,24.2,1,24.15,17,24.3,7,2,2022-06-08 09:05:54
1654679154890702000,24.15,9,24.15,17,24.3,7,2,2022-06-08 09:05:54
1654679154961014000,24.15,1,24.15,31,24.3,7,2,2022-06-08 09:05:54
1654679155136032000,24.3,5,24.2,5,24.3,2,1,2022-06-08 09:05:55
1654679155161652000,24.3,2,24.2,5,24.35,8,1,2022-06-08 09:05:55
1654679155268024000,24.2,2,24.2,3,24.35,8,2,2022-06-08 09:05:55
1654679155588511000,24.3,1,24.2,3,24.35,6,2,2022-06-08 09:05:55
1654679155952608000,24.35,3,24.2,3,24.35,11,1,2022-06-08 09:05:55
1654679155980259000,24.2,2,24.2,1,24.35,11,2,2022-06-08 09:05:55
1654679156135712000,24.25,5,24.15,30,24.35,3,2,2022-06-08 09:05:56
1654679156135712000,24.2,2,24.15,30,24.35,3,2,2022-06-08 09:05:56
1654679156135712000,24.15,13,24.15,30,24.35,3,2,2022-06-08 09:05:56
1654679156448516000,24.3,5,24.25,10,24.3,5,1,2022-06-08 09:05:56
1654679156519930000,24.25,10,24.15,29,24.3,5,2,2022-06-08 09:05:56
1654679156519930000,24.2,3,24.15,29,24.3,5,2,2022-06-08 09:05:56
1654679156519930000,24.15,7,24.15,29,24.3,5,2,2022-06-08 09:05:56
1654679157079927000,24.3,1,24.2,10,24.3,4,1,2022-06-08 09:05:57
1654679157114558000,24.3,4,24.2,10,24.35,3,1,2022-06-08 09:05:57
1654679157172930000,24.35,1,24.2,11,24.35,2,1,2022-06-08 09:05:57
1654679157289922000,24.35,2,24.2,11,24.4,11,1,2022-06-08 09:05:57
1654679157289922000,24.4,3,24.2,11,24.4,11,1,2022-06-08 09:05:57
1654679158078803000,24.3,1,24.3,9,24.35,1,1,2022-06-08 09:05:58
1654679158145461000,24.3,1,24.3,8,24.35,1,2,2022-06-08 09:05:58
1654679158200361000,24.3,8,24.2,4,24.35,1,2,2022-06-08 09:05:58
1654679158200361000,24.2,12,24.2,4,24.35,1,2,2022-06-08 09:05:58
1654679159046188000,24.3,5,24.3,11,24.35,3,2,2022-06-08 09:05:59
1654679159053413000,24.3,10,24.3,1,24.35,3,2,2022-06-08 09:05:59
1654679159079765000,24.3,1,24.2,34,24.35,3,2,2022-06-08 09:05:59
1654679159519580000,24.3,5,24.25,5,24.3,7,1,2022-06-08 09:05:59
1654679159549393000,24.25,5,24.2,22,24.3,7,2,2022-06-08 09:05:59
1654679159549393000,24.2,15,24.2,22,24.3,7,2,2022-06-08 09:05:59
1654679159815713000,24.2,10,24.2,13,24.3,7,2,2022-06-08 09:05:59
1654679160046686000,24.2,14,24.15,48,24.3,7,2,2022-06-08 09:06:00
1654679160046686000,24.15,6,24.15,48,24.3,7,2,2022-06-08 09:06:00
1654679160837061000,24.2,2,24.1,87,24.3,7,2,2022-06-08 09:06:00
1654679160837061000,24.15,18,24.1,87,24.3,7,2,2022-06-08 09:06:00
1654679161270429000,24.1,20,24.1,33,24.2,10,2,2022-06-08 09:06:01
1654679161745556000,24.1,20,24.1,13,24.15,5,2,2022-06-08 09:06:01
1654679162035306000,24.1,14,24.05,24,24.15,15,2,2022-06-08 09:06:02
1654679162035306000,24.05,6,24.05,24,24.15,15,2,2022-06-08 09:06:02
1654679162393574000,24.05,7,24.05,17,24.15,21,2,2022-06-08 09:06:02
1654679162394182000,24.05,17,24.0,138,24.05,3,2,2022-06-08 09:06:02
1654679162443184000,24.05,3,24.0,138,24.15,19,1,2022-06-08 09:06:02
1654679162443184000,24.15,2,24.0,138,24.15,19,1,2022-06-08 09:06:02
1654679162627992000,24.0,2,24.0,135,24.15,14,2,2022-06-08 09:06:02
1654679162659846000,24.0,16,24.0,119,24.1,10,2,2022-06-08 09:06:02
1654679162710775000,24.1,1,24.0,119,24.1,16,1,2022-06-08 09:06:02
1654679162730702000,24.0,10,24.0,109,24.05,5,2,2022-06-08 09:06:02
1654679163125393000,24.05,1,24.0,109,24.05,24,1,2022-06-08 09:06:03
1654679163152675000,24.0,5,24.0,104,24.05,24,2,2022-06-08 09:06:03
1654679163189995000,24.0,1,24.0,103,24.05,24,2,2022-06-08 09:06:03
1654679163245539000,24.05,2,24.0,103,24.05,22,1,2022-06-08 09:06:03
1654679163287720000,24.0,5,24.0,98,24.05,22,2,2022-06-08 09:06:03
1654679163387084000,24.05,1,24.0,98,24.05,42,1,2022-06-08 09:06:03
1654679163418443000,24.0,2,24.0,96,24.05,42,2,2022-06-08 09:06:03
1654679163418950000,24.0,1,24.0,95,24.05,42,2,2022-06-08 09:06:03
1654679163467303000,24.0,10,24.0,78,24.05,42,2,2022-06-08 09:06:03
1654679163493786000,24.0,1,24.0,77,24.05,41,2,2022-06-08 09:06:03
1654679163507711000,24.0,5,24.0,72,24.05,41,2,2022-06-08 09:06:03
1654679163536208000,24.0,2,24.0,70,24.05,41,2,2022-06-08 09:06:03
1654679163541179000,24.0,5,24.0,65,24.05,41,2,2022-06-08 09:06:03
1654679163583837000,24.0,1,24.0,64,24.05,41,2,2022-06-08 09:06:03
1654679163586565000,24.0,2,24.0,62,24.05,41,2,2022-06-08 09:06:03
1654679163649218000,24.0,1,24.0,61,24.05,41,2,2022-06-08 09:06:03
1654679163650995000,24.0,1,24.0,60,24.05,41,2,2022-06-08 09:06:03
1654679163682249000,24.0,6,24.0,54,24.05,41,2,2022-06-08 09:06:03
1654679163711467000,24.0,5,24.0,49,24.05,41,2,2022-06-08 09:06:03
1654679163819923000,24.0,5,24.0,44,24.05,41,2,2022-06-08 09:06:03
1654679163820737000,24.0,1,24.0,43,24.05,41,2,2022-06-08 09:06:03
1654679163842869000,24.0,5,24.0,38,24.05,61,2,2022-06-08 09:06:03
1654679163849883000,24.0,13,24.0,25,24.05,61,2,2022-06-08 09:06:03
1654679163870079000,24.0,1,24.0,24,24.05,61,2,2022-06-08 09:06:03
1654679163947401000,24.0,1,24.0,23,24.05,61,2,2022-06-08 09:06:03
1654679163978894000,24.0,4,24.0,19,24.05,61,2,2022-06-08 09:06:03
1654679163981061000,24.0,1,24.0,18,24.05,61,2,2022-06-08 09:06:03
1654679164008089000,24.0,5,24.0,13,24.05,61,2,2022-06-08 09:06:04
1654679164011070000,24.0,5,24.0,8,24.05,61,2,2022-06-08 09:06:04
1654679164112681000,24.0,8,23.95,7,24.0,2,2,2022-06-08 09:06:04
1654679164152144000,23.95,5,23.95,2,24.0,4,2,2022-06-08 09:06:04
1654679164194588000,23.95,2,23.9,10,24.0,8,2,2022-06-08 09:06:04
1654679164194588000,23.9,3,23.9,10,24.0,8,2,2022-06-08 09:06:04
1654679164382505000,23.9,5,23.9,5,24.0,18,2,2022-06-08 09:06:04
1654679164383071000,23.9,5,23.85,5,24.0,18,2,2022-06-08 09:06:04
1654679164404745000,23.85,2,23.85,3,24.0,18,2,2022-06-08 09:06:04
1654679164408960000,23.85,2,23.85,1,24.0,18,2,2022-06-08 09:06:04
1654679164416625000,23.85,1,23.8,36,24.0,18,2,2022-06-08 09:06:04
1654679164416625000,23.8,3,23.8,36,24.0,18,2,2022-06-08 09:06:04
1654679164443548000,23.8,5,23.8,31,24.0,18,2,2022-06-08 09:06:04
1654679164608834000,23.8,2,23.8,29,24.0,28,2,2022-06-08 09:06:04
1654679164663933000,24.0,1,23.8,33,24.0,27,1,2022-06-08 09:06:04
1654679164703776000,23.8,4,23.8,29,23.9,10,2,2022-06-08 09:06:04
1654679164856562000,23.8,10,23.8,19,23.9,10,2,2022-06-08 09:06:04
1654679165232527000,23.85,5,23.8,7,23.9,16,2,2022-06-08 09:06:05
1654679165232527000,23.8,7,23.8,7,23.9,16,2,2022-06-08 09:06:05
1654679165279720000,23.9,1,23.8,7,23.9,15,1,2022-06-08 09:06:05
1654679165514965000,23.8,3,23.8,4,23.9,15,2,2022-06-08 09:06:05
1654679165644688000,23.8,4,23.75,4,23.8,1,2,2022-06-08 09:06:05
1654679166142718000,23.8,5,23.75,5,23.85,1,1,2022-06-08 09:06:06
1654679166260462000,23.8,0,0.0,0,0.0,0,1,2022-06-08 09:06:06
1654679286733133000,24.3,321,24.3,66,24.35,16,1,2022-06-08 09:08:06
1654679286756105000,24.35,14,24.3,66,24.35,2,1,2022-06-08 09:08:06
1654679286797614000,24.35,2,24.3,72,24.4,6,1,2022-06-08 09:08:06
1654679286980537000,24.4,4,24.3,72,24.4,2,1,2022-06-08 09:08:06
1654679287004873000,24.4,2,24.3,72,24.45,17,1,2022-06-08 09:08:07
1654679287227927000,24.45,4,24.3,72,24.45,13,1,2022-06-08 09:08:07
1654679287424095000,24.3,5,24.3,67,24.45,13,2,2022-06-08 09:08:07
1654679287616656000,24.45,5,24.35,5,24.45,15,1,2022-06-08 09:08:07
1654679288334270000,24.45,15,24.35,5,24.6,11,1,2022-06-08 09:08:08
1654679288334270000,24.5,28,24.35,5,24.6,11,1,2022-06-08 09:08:08
1654679288334270000,24.55,3,24.35,5,24.6,11,1,2022-06-08 09:08:08
1654679288334270000,24.6,4,24.35,5,24.6,11,1,2022-06-08 09:08:08
1654679288402679000,24.4,1,24.35,5,24.4,4,2,2022-06-08 09:08:08
1654679288963313000,24.4,1,24.35,2,24.4,7,1,2022-06-08 09:08:08
1654679288993685000,24.4,1,24.35,2,24.4,6,1,2022-06-08 09:08:08
1654679289097803000,24.4,1,24.35,2,24.4,5,1,2022-06-08 09:08:09
1654679289133534000,24.4,5,24.35,2,24.45,2,1,2022-06-08 09:08:09
1654679289875489000,24.45,1,24.4,2,24.45,2,1,2022-06-08 09:08:09
1654679290397262000,24.45,1,24.4,2,24.45,1,1,2022-06-08 09:08:10
1654679290794700000,24.4,1,24.35,2,24.55,14,2,2022-06-08 09:08:10
1654679290862928000,24.5,1,24.35,2,24.5,2,1,2022-06-08 09:08:10
1654679291246114000,24.35,1,24.3,15,24.45,11,2,2022-06-08 09:08:11
1654679291246114000,24.3,2,24.3,15,24.45,11,2,2022-06-08 09:08:11
1654679292429481000,24.4,1,24.3,15,24.4,4,1,2022-06-08 09:08:12
1654679293016169000,24.4,1,24.3,15,24.4,10,1,2022-06-08 09:08:13
1654679293276260000,24.4,1,24.3,15,24.4,9,1,2022-06-08 09:08:13
1654679293553171000,24.4,1,24.3,16,24.4,8,1,2022-06-08 09:08:13
1654679293722390000,24.35,1,24.35,1,24.4,8,1,2022-06-08 09:08:13
1654679294008875000,24.4,8,24.35,1,24.55,5,1,2022-06-08 09:08:14
1654679294008875000,24.45,11,24.35,1,24.55,5,1,2022-06-08 09:08:14
1654679294008875000,24.5,3,24.35,1,24.55,5,1,2022-06-08 09:08:14
1654679294008875000,24.55,8,24.35,1,24.55,5,1,2022-06-08 09:08:14
1654679294436504000,24.35,1,24.3,10,24.55,8,2,2022-06-08 09:08:14
1654679295063071000,24.45,1,24.3,16,24.55,9,2,2022-06-08 09:08:15
1654679295972755000,24.45,1,24.4,1,24.5,11,2,2022-06-08 09:08:15
1654679296316791000,24.5,5,24.4,2,24.5,6,1,2022-06-08 09:08:16
1654679296451774000,24.5,1,24.4,3,24.5,5,1,2022-06-08 09:08:16
1654679296709089000,24.5,5,24.45,3,24.55,9,1,2022-06-08 09:08:16
1654679296709089000,24.55,5,24.45,3,24.55,9,1,2022-06-08 09:08:16
1654679297145686000,24.45,6,24.4,3,24.5,5,2,2022-06-08 09:08:17
1654679297528119000,24.45,5,24.4,2,24.45,5,1,2022-06-08 09:08:17
1654679298290470000,24.45,1,24.4,3,24.45,9,1,2022-06-08 09:08:18
1654679298681348000,24.45,1,24.4,5,24.45,8,1,2022-06-08 09:08:18
1654679299042662000,24.45,1,24.4,5,24.45,9,1,2022-06-08 09:08:19
1654679299190383000,24.45,1,24.4,5,24.45,8,1,2022-06-08 09:08:19
1654679299231702000,24.45,8,24.4,5,24.5,10,1,2022-06-08 09:08:19
1654679299231702000,24.5,2,24.4,5,24.5,10,1,2022-06-08 09:08:19
1654679299302812000,24.4,1,24.4,5,24.5,13,2,2022-06-08 09:08:19
1654679299369175000,24.5,5,24.4,5,24.5,8,1,2022-06-08 09:08:19
1654679299401981000,24.5,1,24.4,5,24.5,7,1,2022-06-08 09:08:19
1654679299618734000,24.45,1,24.4,5,24.5,7,2,2022-06-08 09:08:19
1654679300717839000,24.5,2,24.45,2,24.5,6,1,2022-06-08 09:08:20
1654679300726846000,24.5,2,24.45,2,24.5,4,1,2022-06-08 09:08:20
1654679300761844000,24.45,2,24.45,1,24.5,5,2,2022-06-08 09:08:20
1654679300942431000,24.5,1,24.4,6,24.5,4,1,2022-06-08 09:08:20
1654679301551411000,24.5,1,24.4,6,24.5,9,1,2022-06-08 09:08:21
1654679301748733000,24.5,2,24.4,7,24.5,7,1,2022-06-08 09:08:21
1654679301868450000,24.4,3,24.4,4,24.5,7,2,2022-06-08 09:08:21
1654679301963727000,24.5,1,24.4,5,24.5,7,1,2022-06-08 09:08:21
1654679302171584000,24.45,1,24.4,5,24.5,12,1,2022-06-08 09:08:22
1654679302285253000,24.5,1,24.4,5,24.5,16,1,2022-06-08 09:08:22
1654679302658387000,24.5,10,24.45,1,24.5,7,1,2022-06-08 09:08:22
1654679302984727000,24.5,1,24.45,1,24.5,6,1,2022-06-08 09:08:22
1654679303355781000,24.5,7,24.5,3,24.55,15,1,2022-06-08 09:08:23
1654679303366314000,24.5,3,24.4,8,24.45,6,2,2022-06-08 09:08:23
1654679303366314000,24.45,1,24.4,8,24.45,6,2,2022-06-08 09:08:23
1654679303391647000,24.45,1,24.4,8,24.45,5,1,2022-06-08 09:08:23
1654679303631979000,24.45,1,24.4,8,24.45,4,1,2022-06-08 09:08:23
1654679303806591000,24.4,8,24.35,4,24.45,5,2,2022-06-08 09:08:23
1654679303981732000,24.45,5,24.35,5,24.55,15,1,2022-06-08 09:08:23
1654679303981732000,24.55,5,24.35,5,24.55,15,1,2022-06-08 09:08:23
1654679304007400000,24.55,2,24.35,5,24.55,13,1,2022-06-08 09:08:24
1654679304711489000,24.45,1,24.35,4,24.4,18,2,2022-06-08 09:08:24
1654679304711489000,24.4,1,24.35,4,24.4,18,2,2022-06-08 09:08:24
1654679304744206000,24.4,1,24.35,4,24.4,17,1,2022-06-08 09:08:24
1654679304855033000,24.4,1,24.35,4,24.4,16,1,2022-06-08 09:08:24
1654679304857222000,24.4,1,24.35,4,24.4,15,1,2022-06-08 09:08:24
1654679305058713000,24.4,5,24.35,4,24.4,10,1,2022-06-08 09:08:25
1654679305085232000,24.4,10,24.35,4,24.5,12,1,2022-06-08 09:08:25
1654679305233519000,24.5,1,24.4,1,24.5,10,1,2022-06-08 09:08:25
1654679305583560000,24.45,5,24.4,1,24.45,5,1,2022-06-08 09:08:25
1654679305586055000,24.45,1,24.4,1,24.45,4,1,2022-06-08 09:08:25
1654679305617565000,24.4,1,24.35,3,24.45,4,2,2022-06-08 09:08:25
1654679305771427000,24.4,1,24.35,3,24.45,3,1,2022-06-08 09:08:25
1654679305771427000,24.45,1,24.35,3,24.45,3,1,2022-06-08 09:08:25
1654679305819266000,24.45,1,24.35,3,24.45,2,1,2022-06-08 09:08:25
1654679306064282000,24.45,2,24.35,3,24.45,1,1,2022-06-08 09:08:26
1654679306154338000,24.35,1,24.35,1,24.45,1,2,2022-06-08 09:08:26
1654679306452323000,24.4,3,24.4,2,24.45,6,2,2022-06-08 09:08:26
1654679306466957000,24.4,2,24.35,1,24.4,3,2,2022-06-08 09:08:26
1654679306772493000,24.4,1,24.35,1,24.4,12,1,2022-06-08 09:08:26
1654679307220372000,24.4,1,24.35,2,24.4,11,1,2022-06-08 09:08:27
1654679307429974000,24.4,2,24.35,2,24.4,10,1,2022-06-08 09:08:27
1654679307935971000,24.4,1,24.35,2,24.4,9,1,2022-06-08 09:08:27
1654679307958384000,24.4,1,24.35,2,24.4,8,1,2022-06-08 09:08:27
1654679308061371000,24.4,1,24.35,2,24.4,7,1,2022-06-08 09:08:28
1654679308521995000,24.4,5,24.35,2,24.4,2,1,2022-06-08 09:08:28
1654679308997017000,24.35,1,24.35,2,24.4,4,2,2022-06-08 09:08:28
1654679309110670000,24.4,1,24.35,2,24.4,3,1,2022-06-08 09:08:29
1654679309194775000,24.4,2,24.4,3,24.45,12,1,2022-06-08 09:08:29
1654679309894092000,24.4,1,24.4,3,24.45,12,2,2022-06-08 09:08:29
1654679310200546000,24.45,1,24.4,3,24.45,11,1,2022-06-08 09:08:30
1654679311285481000,24.4,1,24.4,2,24.45,11,2,2022-06-08 09:08:31
1654679311909368000,24.45,3,24.4,4,24.45,8,1,2022-06-08 09:08:31
1654679312231676000,24.4,1,24.4,3,24.45,8,2,2022-06-08 09:08:32
1654679312440979000,24.45,5,24.4,3,24.45,3,1,2022-06-08 09:08:32
1654679312463501000,24.4,3,24.35,8,24.45,3,2,2022-06-08 09:08:32
1654679312806766000,24.4,1,24.35,4,24.45,6,2,2022-06-08 09:08:32
1654679312806766000,24.35,4,24.35,4,24.45,6,2,2022-06-08 09:08:32
1654679312814873000,24.45,1,24.35,4,24.45,5,1,2022-06-08 09:08:32
1654679313131239000,24.45,1,24.35,4,24.45,4,1,2022-06-08 09:08:33
1654679313898513000,24.45,1,24.35,9,24.45,4,1,2022-06-08 09:08:33
1654679313904252000,24.45,1,24.35,9,24.45,3,1,2022-06-08 09:08:33
1654679314161952000,24.4,5,24.35,9,24.45,1,1,2022-06-08 09:08:34
1654679314296886000,24.45,1,24.35,9,24.5,35,1,2022-06-08 09:08:34
1654679314794554000,24.35,2,24.35,7,24.5,35,2,2022-06-08 09:08:34
1654679314829870000,24.35,7,24.3,34,24.5,35,2,2022-06-08 09:08:34
1654679315090293000,24.5,1,24.35,1,24.5,34,1,2022-06-08 09:08:35
1654679316079957000,24.4,1,24.35,3,24.45,35,1,2022-06-08 09:08:36
1654679316079957000,24.45,2,24.35,3,24.45,35,1,2022-06-08 09:08:36
1654679316350974000,24.4,1,24.35,3,24.45,36,2,2022-06-08 09:08:36
1654679318123621000,24.4,1,24.35,13,24.45,39,1,2022-06-08 09:08:38
1654679318219203000,24.4,5,24.4,35,24.45,39,2,2022-06-08 09:08:38
1654679318413990000,24.4,5,24.4,30,24.45,39,2,2022-06-08 09:08:38
1654679318447093000,24.4,3,24.4,27,24.45,40,2,2022-06-08 09:08:38
1654679318447183000,24.4,2,24.4,25,24.45,40,2,2022-06-08 09:08:38
1654679318447254000,24.4,8,24.4,17,24.45,40,2,2022-06-08 09:08:38
1654679318477659000,24.4,17,24.35,13,24.45,40,2,2022-06-08 09:08:38
1654679318845464000,24.4,1,24.35,13,24.45,31,1,2022-06-08 09:08:38
1654679318845464000,24.45,9,24.35,13,24.45,31,1,2022-06-08 09:08:38
1654679319825619000,24.4,1,24.35,15,24.4,20,1,2022-06-08 09:08:39
1654679319857910000,24.4,3,24.35,15,24.4,17,1,2022-06-08 09:08:39
1654679319981947000,24.4,3,24.35,16,24.4,14,1,2022-06-08 09:08:39
1654679320239666000,24.4,1,24.35,15,24.4,13,1,2022-06-08 09:08:40
1654679320781436000,24.4,1,24.35,15,24.4,13,1,2022-06-08 09:08:40
1654679320900515000,24.4,1,24.35,15,24.4,12,1,2022-06-08 09:08:40
1654679321270540000,24.4,1,24.35,15,24.4,11,1,2022-06-08 09:08:41
1654679321678430000,24.4,1,24.35,16,24.4,10,1,2022-06-08 09:08:41
1654679322206699000,24.4,1,24.35,16,24.4,9,1,2022-06-08 09:08:42
1654679322558330000,24.4,5,24.35,16,24.4,4,1,2022-06-08 09:08:42
1654679323146289000,24.4,4,24.4,1,24.45,26,1,2022-06-08 09:08:43
1654679323659387000,24.45,2,24.4,4,24.45,24,1,2022-06-08 09:08:43
1654679324485946000,24.4,5,24.4,11,24.45,24,2,2022-06-08 09:08:44
1654679324785059000,24.4,5,24.4,7,24.45,24,2,2022-06-08 09:08:44
1654679325053882000,24.4,2,24.4,5,24.45,24,2,2022-06-08 09:08:45
1654679325200132000,24.45,1,24.4,7,24.45,23,1,2022-06-08 09:08:45
1654679325314209000,24.45,2,24.4,7,24.45,21,1,2022-06-08 09:08:45
1654679325604074000,24.4,5,24.4,23,24.45,21,2,2022-06-08 09:08:45
1654679326326830000,24.45,1,24.4,25,24.45,20,1,2022-06-08 09:08:46
1654679326432543000,24.4,1,24.4,24,24.45,20,2,2022-06-08 09:08:46
1654679326753391000,24.4,1,24.4,23,24.45,20,2,2022-06-08 09:08:46
1654679327923924000,24.45,3,24.4,35,24.45,17,1,2022-06-08 09:08:47
1654679328487251000,24.45,5,24.4,45,24.45,12,1,2022-06-08 09:08:48
1654679328506722000,24.45,4,24.4,45,24.45,8,1,2022-06-08 09:08:48
1654679328602253000,24.45,1,24.4,45,24.45,7,1,2022-06-08 09:08:48
1654679328631629000,24.45,7,24.4,45,24.5,45,1,2022-06-08 09:08:48
1654679329460314000,24.5,2,24.45,7,24.5,43,1,2022-06-08 09:08:49
1654679329657919000,24.45,1,24.45,7,24.5,43,2,2022-06-08 09:08:49
1654679330032501000,24.5,5,24.45,10,24.5,38,1,2022-06-08 09:08:50
1654679330406850000,24.5,1,24.45,11,24.5,37,1,2022-06-08 09:08:50
1654679330763515000,24.5,1,24.45,12,24.5,36,1,2022-06-08 09:08:50
1654679331459853000,24.5,4,24.45,12,24.5,33,1,2022-06-08 09:08:51
1654679333380140000,24.5,1,24.45,13,24.5,32,1,2022-06-08 09:08:53
1654679333432137000,24.45,1,24.45,12,24.5,32,2,2022-06-08 09:08:53
1654679333497857000,24.5,1,24.45,12,24.5,31,1,2022-06-08 09:08:53
1654679333813212000,24.5,1,24.45,12,24.5,30,1,2022-06-08 09:08:53
1654679334443409000,24.5,2,24.45,7,24.5,28,1,2022-06-08 09:08:54
1654679334708445000,24.5,1,24.45,7,24.5,27,1,2022-06-08 09:08:54
1654679334996493000,24.45,3,24.45,4,24.5,31,2,2022-06-08 09:08:54
1654679335247041000,24.5,1,24.45,6,24.5,30,1,2022-06-08 09:08:55
1654679335328806000,24.5,1,24.45,5,24.5,29,1,2022-06-08 09:08:55
1654679335343857000,24.5,1,24.45,5,24.5,28,1,2022-06-08 09:08:55
1654679335459729000,24.45,1,24.45,4,24.5,28,2,2022-06-08 09:08:55
1654679335788069000,24.5,10,24.45,4,24.5,23,1,2022-06-08 09:08:55
1654679335999842000,24.5,1,24.45,4,24.5,22,1,2022-06-08 09:08:55
1654679336214227000,24.5,5,24.45,4,24.5,17,1,2022-06-08 09:08:56
1654679336873962000,24.45,1,24.45,8,24.5,17,2,2022-06-08 09:08:56
1654679337249233000,24.45,1,24.45,8,24.5,17,2,2022-06-08 09:08:57
1654679337258006000,24.5,2,24.45,8,24.5,15,1,2022-06-08 09:08:57
1654679337386704000,24.5,1,24.45,8,24.5,14,1,2022-06-08 09:08:57
1654679337687558000,24.5,10,24.45,8,24.5,4,1,2022-06-08 09:08:57
1654679337810588000,24.5,4,24.45,8,24.55,21,1,2022-06-08 09:08:57
1654679337810588000,24.55,1,24.45,8,24.55,21,1,2022-06-08 09:08:57
1654679338297152000,24.5,1,24.5,3,24.55,21,2,2022-06-08 09:08:58
1654679338918340000,24.55,5,24.5,8,24.55,16,1,2022-06-08 09:08:58
1654679339063500000,24.5,1,24.5,7,24.55,16,2,2022-06-08 09:08:59
1654679339462932000,24.5,5,24.5,2,24.55,16,2,2022-06-08 09:08:59
1654679339513891000,24.5,2,24.45,19,24.5,1,2,2022-06-08 09:08:59
1654679339612544000,24.5,2,24.5,18,24.55,16,1,2022-06-08 09:08:59
1654679340059889000,24.5,5,24.5,15,24.55,16,2,2022-06-08 09:09:00
1654679340374186000,24.5,14,24.45,19,24.5,6,2,2022-06-08 09:09:00
1654679341926049000,24.45,5,24.45,4,24.5,27,2,2022-06-08 09:09:01
1654679341953197000,24.45,4,24.4,58,24.5,27,2,2022-06-08 09:09:01
1654679342389294000,24.5,1,24.45,1,24.5,38,1,2022-06-08 09:09:02
1654679342398522000,24.45,1,24.4,62,24.45,4,2,2022-06-08 09:09:02
1654679342466104000,24.45,1,24.4,62,24.45,5,1,2022-06-08 09:09:02
1654679342478378000,24.45,5,24.4,62,24.5,38,1,2022-06-08 09:09:02
1654679342685384000,24.45,1,24.4,62,24.45,11,1,2022-06-08 09:09:02
1654679342704164000,24.45,16,24.4,62,24.5,34,1,2022-06-08 09:09:02
1654679342704164000,24.5,4,24.4,62,24.5,34,1,2022-06-08 09:09:02
1654679342742411000,24.4,62,24.35,15,24.5,34,2,2022-06-08 09:09:02
1654679342742411000,24.35,8,24.35,15,24.5,34,2,2022-06-08 09:09:02
1654679342912650000,24.45,1,24.35,15,24.45,12,1,2022-06-08 09:09:02
1654679342945610000,24.35,1,24.35,14,24.45,12,2,2022-06-08 09:09:02
1654679342979275000,24.45,1,24.35,14,24.45,11,1,2022-06-08 09:09:02
1654679343063336000,24.45,1,24.35,14,24.45,10,1,2022-06-08 09:09:03
1654679343318955000,24.45,1,24.35,14,24.45,11,1,2022-06-08 09:09:03
1654679344220467000,24.35,5,24.35,9,24.4,8,2,2022-06-08 09:09:04
1654679344250255000,24.35,9,24.3,30,24.4,8,2,2022-06-08 09:09:04
1654679344266803000,24.4,1,24.3,30,24.4,7,1,2022-06-08 09:09:04
1654679344401504000,24.3,1,24.3,29,24.4,7,2,2022-06-08 09:09:04
1654679344634210000,24.4,1,24.3,29,24.4,6,1,2022-06-08 09:09:04
1654679345830075000,24.35,1,24.3,29,24.35,3,1,2022-06-08 09:09:05
1654679346361625000,24.35,1,24.3,29,24.35,2,1,2022-06-08 09:09:06
1654679346798401000,24.35,1,24.3,29,24.35,1,1,2022-06-08 09:09:06
1654679346944663000,24.35,1,24.3,29,24.45,18,1,2022-06-08 09:09:06
1654679346944663000,24.4,8,24.3,29,24.45,18,1,2022-06-08 09:09:06
1654679346944663000,24.45,1,24.3,29,24.45,18,1,2022-06-08 09:09:06
1654679348601213000,24.35,1,24.3,29,24.35,1,2,2022-06-08 09:09:08
1654679348883981000,24.35,1,24.35,1,24.45,12,1,2022-06-08 09:09:08
1654679348940219000,24.45,2,24.35,1,24.45,10,1,2022-06-08 09:09:08
1654679354175237000,24.4,1,24.35,6,24.4,10,1,2022-06-08 09:09:14
1654679354185540000,24.4,4,24.35,6,24.4,6,1,2022-06-08 09:09:14
1654679354894780000,24.4,3,24.35,6,24.4,13,1,2022-06-08 09:09:14
1654679357571580000,24.4,5,24.35,8,24.4,12,1,2022-06-08 09:09:17
1654679358124201000,24.35,3,24.35,5,24.4,12,2,2022-06-08 09:09:18
1654679358431796000,24.35,1,24.35,4,24.4,12,2,2022-06-08 09:09:18
1654679358479734000,24.35,4,24.3,36,24.35,1,2,2022-06-08 09:09:18
1654679358637426000,24.35,1,24.3,30,24.4,10,1,2022-06-08 09:09:18
1654679358637426000,24.4,2,24.3,30,24.4,10,1,2022-06-08 09:09:18
1654679359441375000,24.4,5,24.35,5,24.4,11,1,2022-06-08 09:09:19
1654679359743791000,24.35,5,24.3,30,24.4,11,2,2022-06-08 09:09:19
1654679360117616000,24.4,11,24.4,19,24.45,17,1,2022-06-08 09:09:20
1654679360185885000,24.4,1,24.4,18,24.45,17,2,2022-06-08 09:09:20
1654679360512149000,24.4,1,24.4,17,24.45,17,2,2022-06-08 09:09:20
1654679361120265000,24.4,2,24.4,17,24.45,13,2,2022-06-08 09:09:21
1654679363536873000,24.4,1,24.4,19,24.45,14,2,2022-06-08 09:09:23
1654679365090727000,24.4,5,24.4,14,24.45,14,2,2022-06-08 09:09:25
1654679365253377000,24.45,4,24.4,14,24.45,10,1,2022-06-08 09:09:25
1654679365286546000,24.4,2,24.4,12,24.45,10,2,2022-06-08 09:09:25
1654679366397374000,24.4,8,24.4,7,24.45,10,2,2022-06-08 09:09:26
1654679367456923000,24.4,2,24.4,5,24.45,10,2,2022-06-08 09:09:27
1654679367863353000,24.4,5,24.35,9,24.45,10,2,2022-06-08 09:09:27
1654679368476314000,24.4,3,24.4,1,24.45,10,1,2022-06-08 09:09:28
1654679368478610000,24.4,1,24.35,8,24.45,10,2,2022-06-08 09:09:28
1654679368478610000,24.35,1,24.35,8,24.45,10,2,2022-06-08 09:09:28
1654679370686077000,24.35,8,24.3,24,24.4,2,2,2022-06-08 09:09:30
1654679370686077000,24.3,2,24.3,24,24.4,2,2,2022-06-08 09:09:30
1654679370930252000,24.4,2,24.4,3,24.45,10,1,2022-06-08 09:09:30
1654679370953110000,24.4,3,24.3,24,24.45,10,2,2022-06-08 09:09:30
1654679370953110000,24.35,2,24.3,24,24.45,10,2,2022-06-08 09:09:30
1654679373694302000,24.4,1,24.35,12,24.4,9,1,2022-06-08 09:09:33
1654679376007134000,24.35,2,24.35,11,24.4,10,2,2022-06-08 09:09:36
1654679376295416000,24.4,2,24.35,11,24.4,8,1,2022-06-08 09:09:36
1654679378049825000,24.35,1,24.35,10,24.4,8,2,2022-06-08 09:09:38
1654679379709477000,24.4,2,24.35,15,24.4,16,1,2022-06-08 09:09:39
1654679380738526000,24.4,5,24.35,16,24.4,11,1,2022-06-08 09:09:40
1654679382086791000,24.35,15,24.35,2,24.4,12,2,2022-06-08 09:09:42
1654679382151562000,24.35,2,24.3,29,24.4,12,2,2022-06-08 09:09:42
1654679382408328000,24.4,2,24.35,3,24.4,10,1,2022-06-08 09:09:42
1654679382833533000,24.4,2,24.35,3,24.4,8,1,2022-06-08 09:09:42
1654679383491955000,24.35,3,24.3,12,24.4,16,2,2022-06-08 09:09:43
1654679383491955000,24.3,17,24.3,12,24.4,16,2,2022-06-08 09:09:43
1654679384292526000,24.3,2,24.3,10,24.4,16,2,2022-06-08 09:09:44
1654679384308803000,24.3,10,24.2,37,24.4,16,2,2022-06-08 09:09:44
1654679384308803000,24.25,6,24.2,37,24.4,16,2,2022-06-08 09:09:44
1654679384308803000,24.2,4,24.2,37,24.4,16,2,2022-06-08 09:09:44
1654679384535836000,24.2,2,24.2,33,24.35,2,2,2022-06-08 09:09:44
1654679384752616000,24.35,1,24.2,33,24.35,1,1,2022-06-08 09:09:44
1654679384818279000,24.35,1,24.35,1,24.4,16,1,2022-06-08 09:09:44
1654679384848635000,24.35,1,24.2,33,24.4,16,2,2022-06-08 09:09:44
1654679385113964000,24.4,5,24.2,39,24.4,11,1,2022-06-08 09:09:45
1654679385702142000,24.35,1,24.2,39,24.35,2,1,2022-06-08 09:09:45
1654679386943536000,24.25,3,24.2,37,24.35,22,2,2022-06-08 09:09:46
1654679386943536000,24.2,2,24.2,37,24.35,22,2,2022-06-08 09:09:46
1654679387144351000,24.2,6,24.2,31,24.35,22,2,2022-06-08 09:09:47
1654679388241012000,24.3,2,24.2,31,24.3,10,1,2022-06-08 09:09:48
1654679388611892000,24.3,2,24.2,31,24.3,8,1,2022-06-08 09:09:48
1654679389018724000,24.2,5,24.2,26,24.3,8,2,2022-06-08 09:09:49
1654679389361923000,24.3,3,24.2,26,24.3,5,1,2022-06-08 09:09:49
1654679390604845000,24.2,5,24.2,15,24.25,10,2,2022-06-08 09:09:50
1654679391852550000,24.2,1,24.2,15,24.3,16,2,2022-06-08 09:09:51
1654679392124151000,24.2,2,24.2,13,24.3,18,2,2022-06-08 09:09:52
1654679392740755000,24.3,1,24.2,13,24.3,17,1,2022-06-08 09:09:52
1654679392998184000,24.25,1,24.2,9,24.3,15,2,2022-06-08 09:09:52
1654679392998184000,24.2,4,24.2,9,24.3,15,2,2022-06-08 09:09:52
1654679393437163000,24.2,9,24.15,3,24.3,15,2,2022-06-08 09:09:53
1654679393437163000,24.15,5,24.15,3,24.3,15,2,2022-06-08 09:09:53
1654679393532664000,24.3,15,24.15,3,24.35,12,1,2022-06-08 09:09:53
1654679394119408000,24.15,3,24.15,3,24.2,3,2,2022-06-08 09:09:54
1654679394366985000,24.2,1,24.15,3,24.2,2,1,2022-06-08 09:09:54
1654679394413023000,24.2,1,24.15,3,24.2,1,1,2022-06-08 09:09:54
1654679396845304000,24.2,5,24.3,2,24.35,12,1,2022-06-08 09:09:56
1654679396845304000,24.25,1,24.3,2,24.35,12,1,2022-06-08 09:09:56
1654679396845304000,24.3,2,24.3,2,24.35,12,1,2022-06-08 09:09:56
1654679397907601000,24.3,2,24.2,8,24.35,12,2,2022-06-08 09:09:57
1654679397907601000,24.2,12,24.2,8,24.35,12,2,2022-06-08 09:09:57
1654679397962131000,24.2,1,24.2,7,24.35,12,2,2022-06-08 09:09:57
1654679399361215000,24.35,1,24.2,11,24.35,11,1,2022-06-08 09:09:59
1654679400170369000,24.35,1,24.2,16,24.35,10,1,2022-06-08 09:10:00
1654679400307188000,24.2,1,24.2,21,24.3,10,2,2022-06-08 09:10:00
1654679404583717000,24.25,2,24.2,22,24.3,10,2,2022-06-08 09:10:04
1654679404583717000,24.2,3,24.2,22,24.3,10,2,2022-06-08 09:10:04
1654679406161845000,24.2,1,24.2,30,24.25,1,2,2022-06-08 09:10:06
1654679408955616000,24.25,1,24.2,32,24.3,10,1,2022-06-08 09:10:08
1654679409227405000,24.25,5,24.2,22,24.3,10,2,2022-06-08 09:10:09
1654679409227405000,24.2,10,24.2,22,24.3,10,2,2022-06-08 09:10:09
1654679410104922000,24.25,1,24.2,22,24.25,10,1,2022-06-08 09:10:10
1654679410770037000,24.2,10,24.2,13,24.25,10,2,2022-06-08 09:10:10
1654679411367464000,24.2,5,24.2,8,24.25,12,2,2022-06-08 09:10:11
1654679412210467000,24.2,3,24.2,5,24.25,12,2,2022-06-08 09:10:12
1654679412248008000,24.2,5,24.15,10,24.25,12,2,2022-06-08 09:10:12
1654679414447846000,24.2,1,24.15,10,24.2,10,1,2022-06-08 09:10:14
1654679416193206000,24.2,1,24.15,13,24.2,9,1,2022-06-08 09:10:16
1654679416515731000,24.15,5,24.15,8,24.2,9,2,2022-06-08 09:10:16
1654679418511765000,24.2,5,24.15,8,24.2,4,1,2022-06-08 09:10:18
1654679419015141000,24.15,1,24.15,7,24.2,4,2,2022-06-08 09:10:19
1654679421664508000,24.15,9,24.1,25,24.15,1,2,2022-06-08 09:10:21
1654679422907503000,24.15,1,24.1,25,24.15,3,1,2022-06-08 09:10:22
1654679423029927000,24.1,2,24.1,23,24.15,3,2,2022-06-08 09:10:23
1654679423337825000,24.1,20,24.1,3,24.15,4,2,2022-06-08 09:10:23
1654679424125307000,24.15,1,24.1,3,24.15,3,1,2022-06-08 09:10:24
1654679424126312000,24.15,1,24.1,3,24.15,2,1,2022-06-08 09:10:24
1654679425366789000,24.1,1,24.1,2,24.15,2,2,2022-06-08 09:10:25
1654679426778161000,24.1,1,24.1,1,24.15,10,2,2022-06-08 09:10:26
1654679426852673000,24.15,1,24.1,1,24.15,9,1,2022-06-08 09:10:26
1654679427206226000,24.1,1,24.05,21,24.15,9,2,2022-06-08 09:10:27
1654679427774155000,24.05,21,24.0,193,24.05,10,2,2022-06-08 09:10:27
1654679427964123000,24.05,10,24.0,193,24.1,10,1,2022-06-08 09:10:27
1654679428599681000,24.0,2,24.0,192,24.1,10,2,2022-06-08 09:10:28
1654679428919929000,24.0,40,24.0,152,24.1,12,2,2022-06-08 09:10:28
1654679430075579000,24.05,3,24.0,152,24.05,8,1,2022-06-08 09:10:30
1654679430117237000,24.0,30,24.0,122,24.05,8,2,2022-06-08 09:10:30
1654679430365779000,24.0,4,24.0,118,24.05,7,2,2022-06-08 09:10:30
1654679430711537000,24.0,1,24.0,117,24.05,7,2,2022-06-08 09:10:30
1654679430843249000,24.0,10,24.0,107,24.05,7,2,2022-06-08 09:10:30
1654679430912331000,24.0,2,24.0,105,24.05,7,2,2022-06-08 09:10:30
1654679431034576000,24.0,10,24.0,95,24.05,7,2,2022-06-08 09:10:31
1654679431169519000,24.0,10,24.0,85,24.05,7,2,2022-06-08 09:10:31
1654679431304892000,24.0,1,24.0,84,24.05,7,2,2022-06-08 09:10:31
1654679431321766000,24.0,10,24.0,74,24.05,7,2,2022-06-08 09:10:31
1654679431457109000,24.0,10,24.0,64,24.05,7,2,2022-06-08 09:10:31
1654679431464217000,24.0,2,24.0,62,24.05,7,2,2022-06-08 09:10:31
1654679431489927000,24.0,4,24.0,58,24.05,7,2,2022-06-08 09:10:31
1654679431493897000,24.0,58,23.8,41,24.05,7,2,2022-06-08 09:10:31
1654679431493897000,23.95,8,23.8,41,24.05,7,2,2022-06-08 09:10:31
1654679431493897000,23.9,22,23.8,41,24.05,7,2,2022-06-08 09:10:31
1654679431493897000,23.85,11,23.8,41,24.05,7,2,2022-06-08 09:10:31
1654679431493897000,23.8,51,23.8,41,24.05,7,2,2022-06-08 09:10:31
1654679431523716000,23.8,38,23.8,6,24.0,1,2,2022-06-08 09:10:31
1654679431535109000,23.8,6,23.75,42,24.0,1,2,2022-06-08 09:10:31
1654679431535109000,23.75,4,23.75,42,24.0,1,2,2022-06-08 09:10:31
1654679431592319000,23.75,5,23.75,38,24.0,1,2,2022-06-08 09:10:31
1654679431769473000,23.75,38,23.7,79,23.95,1,2,2022-06-08 09:10:31
1654679431769473000,23.7,12,23.7,79,23.95,1,2,2022-06-08 09:10:31
1654679431913600000,23.7,1,23.7,78,23.95,1,2,2022-06-08 09:10:31
1654679431929969000,23.7,1,23.7,77,23.95,1,2,2022-06-08 09:10:31
1654679432139966000,23.95,1,23.7,77,24.0,1,1,2022-06-08 09:10:32
1654679432139966000,24.0,3,23.7,77,24.0,1,1,2022-06-08 09:10:32
1654679432513580000,23.75,1,23.7,78,24.0,6,2,2022-06-08 09:10:32
1654679432513580000,23.7,1,23.7,78,24.0,6,2,2022-06-08 09:10:32
1654679435135035000,23.95,2,23.75,3,23.95,8,1,2022-06-08 09:10:35
1654679435242827000,23.75,3,23.75,5,23.95,8,2,2022-06-08 09:10:35
1654679435419788000,23.75,1,23.75,4,23.9,1,2,2022-06-08 09:10:35
1654679435694921000,23.75,2,23.75,2,23.9,1,2,2022-06-08 09:10:35
1654679436731503000,23.8,1,23.8,4,23.9,1,2,2022-06-08 09:10:36
1654679437297629000,23.8,4,23.7,40,23.9,1,2,2022-06-08 09:10:37
1654679437297629000,23.75,3,23.7,40,23.9,1,2,2022-06-08 09:10:37
1654679437297629000,23.7,43,23.7,40,23.9,1,2,2022-06-08 09:10:37
1654679437443373000,23.9,1,23.75,6,23.9,8,1,2022-06-08 09:10:37
1654679439530737000,23.85,2,23.8,10,23.95,8,1,2022-06-08 09:10:39
1654679440737903000,23.9,1,23.9,4,23.95,8,2,2022-06-08 09:10:40
1654679441890035000,23.95,1,23.9,12,23.95,7,1,2022-06-08 09:10:41
1654679442133752000,23.95,1,23.9,12,23.95,6,1,2022-06-08 09:10:42
1654679442511878000,23.9,2,23.9,10,23.95,6,2,2022-06-08 09:10:42
1654679442781242000,23.95,5,23.9,10,23.95,1,1,2022-06-08 09:10:42
1654679444180852000,23.95,1,23.9,11,24.0,8,1,2022-06-08 09:10:44
1654679446106469000,23.95,3,23.95,7,24.0,10,2,2022-06-08 09:10:46
1654679446359359000,24.0,2,23.95,7,24.0,8,1,2022-06-08 09:10:46
1654679448233448000,23.95,7,23.95,3,24.0,9,2,2022-06-08 09:10:48
1654679448249481000,23.95,1,23.95,2,24.0,9,2,2022-06-08 09:10:48
1654679449094213000,24.0,5,23.95,2,24.0,4,1,2022-06-08 09:10:49
1654679449294016000,24.0,4,23.95,2,24.1,1,1,2022-06-08 09:10:49
1654679449294016000,24.1,1,23.95,2,24.1,1,1,2022-06-08 09:10:49
1654679449627757000,23.95,2,23.9,22,24.1,4,2,2022-06-08 09:10:49
1654679450365525000,24.0,1,24.0,3,24.1,4,2,2022-06-08 09:10:50
1654679454249246000,24.05,1,24.05,4,24.1,2,2,2022-06-08 09:10:54
1654679454428181000,24.1,1,24.05,4,24.1,1,1,2022-06-08 09:10:54
1654679455042504000,24.1,1,24.05,4,24.15,26,1,2022-06-08 09:10:55
1654679455042504000,24.15,1,24.05,4,24.15,26,1,2022-06-08 09:10:55
1654679461785461000,24.1,1,24.1,3,24.15,26,2,2022-06-08 09:11:01
1654679462234751000,24.1,4,24.05,11,24.1,14,2,2022-06-08 09:11:02
1654679463366324000,24.1,1,24.05,12,24.1,13,1,2022-06-08 09:11:03
1654679465226069000,24.1,5,24.05,12,24.1,24,1,2022-06-08 09:11:05
1654679466731108000,24.1,2,24.05,19,24.1,22,1,2022-06-08 09:11:06
1654679467192174000,24.1,1,24.05,19,24.1,21,1,2022-06-08 09:11:07
1654679467218403000,24.1,10,24.05,19,24.1,11,1,2022-06-08 09:11:07
1654679467784153000,24.05,2,24.05,17,24.1,11,2,2022-06-08 09:11:07
1654679467977940000,24.05,10,24.05,7,24.1,11,2,2022-06-08 09:11:07
1654679468273470000,24.1,1,24.05,7,24.1,10,1,2022-06-08 09:11:08
1654679469142896000,24.05,1,24.05,7,24.1,10,2,2022-06-08 09:11:09
1654679469327580000,24.1,2,24.05,7,24.1,8,1,2022-06-08 09:11:09
1654679470455844000,24.05,10,24.05,3,24.1,8,2,2022-06-08 09:11:10
1654679471565845000,24.05,1,24.05,2,24.1,8,2,2022-06-08 09:11:11
1654679471841567000,24.05,2,24.0,20,24.05,8,2,2022-06-08 09:11:11
1654679471952973000,24.05,5,24.0,20,24.05,3,1,2022-06-08 09:11:11
1654679471988634000,24.05,3,24.0,20,24.1,8,1,2022-06-08 09:11:11
1654679473109870000,24.05,1,24.0,20,24.05,9,2,2022-06-08 09:11:13
1654679474718943000,24.05,1,24.0,35,24.05,10,1,2022-06-08 09:11:14
1654679476849922000,24.05,4,24.0,37,24.05,6,1,2022-06-08 09:11:16
1654679476877984000,24.05,6,24.0,37,24.1,10,1,2022-06-08 09:11:16
1654679477960081000,24.0,1,24.0,36,24.1,10,2,2022-06-08 09:11:17
1654679480709656000,24.1,5,24.05,11,24.1,5,1,2022-06-08 09:11:20
1654679480745345000,24.1,5,24.05,12,24.15,2,1,2022-06-08 09:11:20
1654679481011636000,24.05,10,24.05,2,24.15,2,2,2022-06-08 09:11:21
1654679481042474000,24.05,2,24.0,37,24.15,2,2,2022-06-08 09:11:21
1654679482795359000,24.05,2,24.0,42,24.05,8,1,2022-06-08 09:11:22
1654679482833310000,24.05,2,24.0,42,24.05,6,1,2022-06-08 09:11:22
1654679484187641000,24.05,1,24.0,44,24.05,5,1,2022-06-08 09:11:24
1654679484226650000,24.05,5,24.0,44,24.15,3,1,2022-06-08 09:11:24
1654679485262230000,24.0,1,24.0,43,24.05,1,2,2022-06-08 09:11:25
1654679486191107000,24.05,1,24.0,45,24.05,3,1,2022-06-08 09:11:26
1654679487460117000,24.05,1,24.0,45,24.05,2,1,2022-06-08 09:11:27
1654679487816914000,24.05,2,24.0,45,24.1,1,1,2022-06-08 09:11:27
1654679488597038000,24.1,1,24.1,1,24.15,3,1,2022-06-08 09:11:28
1654679489419660000,24.1,1,24.0,43,24.15,12,2,2022-06-08 09:11:29
1654679489419660000,24.05,1,24.0,43,24.15,12,2,2022-06-08 09:11:29
1654679489419660000,24.0,3,24.0,43,24.15,12,2,2022-06-08 09:11:29
1654679489438155000,24.05,1,24.0,43,24.05,9,2,2022-06-08 09:11:29
1654679489638149000,24.0,1,24.0,44,24.05,9,2,2022-06-08 09:11:29
1654679490124004000,24.05,2,24.0,44,24.05,7,1,2022-06-08 09:11:30
1654679490204596000,24.0,13,24.0,31,24.05,7,2,2022-06-08 09:11:30
1654679490384604000,24.05,5,24.0,31,24.05,2,1,2022-06-08 09:11:30
1654679490507140000,24.05,1,24.0,31,24.05,1,1,2022-06-08 09:11:30
1654679491582093000,24.05,1,24.0,31,24.05,10,1,2022-06-08 09:11:31
1654679492738876000,24.0,7,24.0,25,24.05,10,2,2022-06-08 09:11:32
1654679493368115000,24.0,2,24.0,23,24.05,20,2,2022-06-08 09:11:33
1654679493511615000,24.0,1,24.0,22,24.05,20,2,2022-06-08 09:11:33
1654679494262816000,24.0,10,24.0,12,24.05,20,2,2022-06-08 09:11:34
1654679494315184000,24.0,1,24.0,11,24.05,20,2,2022-06-08 09:11:34
1654679494536845000,24.0,1,24.0,10,24.05,20,2,2022-06-08 09:11:34
1654679494760265000,24.0,1,24.0,9,24.05,20,2,2022-06-08 09:11:34
1654679495244931000,24.0,5,24.0,4,24.05,20,2,2022-06-08 09:11:35
1654679495273164000,24.0,4,23.95,20,24.05,20,2,2022-06-08 09:11:35
1654679495460966000,24.05,5,23.95,20,24.05,15,1,2022-06-08 09:11:35
1654679496561373000,24.0,1,23.95,20,24.0,9,2,2022-06-08 09:11:36
1654679496649802000,24.0,10,23.95,20,24.0,3,1,2022-06-08 09:11:36
1654679497532950000,24.0,4,24.0,1,24.05,15,1,2022-06-08 09:11:37
1654679497546242000,24.0,1,23.95,20,24.05,15,2,2022-06-08 09:11:37
1654679499623727000,24.05,1,23.95,20,24.05,14,1,2022-06-08 09:11:39
1654679499833430000,24.0,1,23.95,20,24.05,14,2,2022-06-08 09:11:39
1654679501646068000,24.0,1,24.0,4,24.05,14,2,2022-06-08 09:11:41
1654679502165885000,24.0,4,23.95,20,24.0,3,2,2022-06-08 09:11:42
1654679503674072000,23.95,10,23.95,10,24.0,10,2,2022-06-08 09:11:43
1654679503721024000,24.0,1,23.95,10,24.0,9,1,2022-06-08 09:11:43
1654679503866338000,24.0,2,23.95,10,24.0,7,1,2022-06-08 09:11:43
1654679503891579000,23.95,3,23.95,7,24.0,7,2,2022-06-08 09:11:43
1654679504768336000,23.95,7,23.9,11,24.0,9,2,2022-06-08 09:11:44
1654679504768336000,23.9,3,23.9,11,24.0,9,2,2022-06-08 09:11:44
1654679505370337000,24.0,4,23.9,11,24.0,6,1,2022-06-08 09:11:45
1654679505627477000,24.0,1,23.9,11,24.0,5,1,2022-06-08 09:11:45
1654679507386252000,24.0,1,23.95,1,24.0,4,1,2022-06-08 09:11:47
1654679507819735000,24.0,4,24.0,1,24.05,15,1,2022-06-08 09:11:47
1654679508887619000,24.0,1,23.95,1,24.05,15,2,2022-06-08 09:11:48
1654679509422411000,24.0,1,23.95,1,24.05,15,2,2022-06-08 09:11:49
1654679511069560000,24.0,1,24.0,2,24.05,16,2,2022-06-08 09:11:51
1654679511481347000,24.0,1,24.0,1,24.05,16,2,2022-06-08 09:11:51
1654679512684594000,24.0,2,23.95,15,24.0,4,2,2022-06-08 09:11:52
1654679512983256000,24.0,1,23.95,17,24.0,3,1,2022-06-08 09:11:52
1654679513476854000,24.0,1,23.95,17,24.0,2,1,2022-06-08 09:11:53
1654679513906041000,24.0,2,24.0,3,24.05,17,1,2022-06-08 09:11:53
1654679514492301000,24.0,3,23.95,20,24.05,17,2,2022-06-08 09:11:54
1654679514492301000,23.95,2,23.95,20,24.05,17,2,2022-06-08 09:11:54
1654679517279725000,24.0,1,23.95,20,24.0,11,1,2022-06-08 09:11:57
1654679518767112000,24.0,1,23.95,22,24.0,10,1,2022-06-08 09:11:58
1654679521988185000,24.0,10,23.95,24,24.0,1,1,2022-06-08 09:12:01
1654679522012466000,24.0,1,23.95,24,24.05,34,1,2022-06-08 09:12:02
1654679522605434000,24.0,5,23.95,24,24.05,33,2,2022-06-08 09:12:02
1654679528331921000,24.05,30,24.0,22,24.05,3,1,2022-06-08 09:12:08
1654679528359466000,24.05,3,24.0,22,24.1,5,1,2022-06-08 09:12:08
1654679533880293000,24.1,3,24.05,35,24.1,2,1,2022-06-08 09:12:13
1654679535153557000,24.05,1,24.05,35,24.1,2,2,2022-06-08 09:12:15
1654679535161869000,24.1,1,24.05,35,24.1,1,1,2022-06-08 09:12:15
1654679538341402000,24.1,1,24.05,35,24.15,11,1,2022-06-08 09:12:18
1654679539608294000,24.1,2,24.05,28,24.15,11,2,2022-06-08 09:12:19
1654679539608294000,24.05,8,24.05,28,24.15,11,2,2022-06-08 09:12:19
1654679540467112000,24.15,10,24.05,39,24.15,1,1,2022-06-08 09:12:20
1654679540845986000,24.05,10,24.05,29,24.15,1,2,2022-06-08 09:12:20
1654679541266433000,24.05,10,24.05,19,24.15,1,2,2022-06-08 09:12:21
1654679541774401000,24.05,10,24.05,9,24.15,1,2,2022-06-08 09:12:21
1654679542153707000,24.15,1,24.05,9,24.2,11,1,2022-06-08 09:12:22
1654679542153707000,24.2,4,24.05,9,24.2,11,1,2022-06-08 09:12:22
1654679542270266000,24.05,9,24.0,58,24.05,1,2,2022-06-08 09:12:22
1654679544455601000,24.05,1,24.0,50,24.1,1,1,2022-06-08 09:12:24
1654679548041552000,24.05,10,24.05,51,24.1,2,2,2022-06-08 09:12:28
1654679548398891000,24.05,10,24.05,41,24.1,2,2,2022-06-08 09:12:28
1654679548580489000,24.1,2,24.05,41,24.2,14,1,2022-06-08 09:12:28
1654679548607331000,24.1,1,24.05,41,24.2,14,2,2022-06-08 09:12:28
1654679548828646000,24.1,1,24.05,32,24.2,14,2,2022-06-08 09:12:28
1654679548828646000,24.05,9,24.05,32,24.2,14,2,2022-06-08 09:12:28
1654679548867119000,24.2,12,24.05,32,24.2,2,1,2022-06-08 09:12:28
1654679549295704000,24.05,10,24.05,22,24.25,24,2,2022-06-08 09:12:29
1654679549648877000,24.05,10,24.05,12,24.2,1,2,2022-06-08 09:12:29
1654679549737878000,24.25,1,24.1,10,24.25,23,1,2022-06-08 09:12:29
1654679549992515000,24.1,10,24.05,12,24.25,23,2,2022-06-08 09:12:29
1654679550394332000,24.1,1,24.1,2,24.25,24,2,2022-06-08 09:12:30
1654679550429889000,24.1,2,24.05,4,24.25,24,2,2022-06-08 09:12:30
1654679550429889000,24.05,8,24.05,4,24.25,24,2,2022-06-08 09:12:30
1654679550733649000,24.05,4,24.0,50,24.05,6,2,2022-06-08 09:12:30
1654679551521440000,24.05,2,24.0,49,24.05,24,1,2022-06-08 09:12:31
1654679552019225000,24.05,1,24.0,51,24.05,33,1,2022-06-08 09:12:32
1654679553262425000,24.05,1,24.0,49,24.05,42,1,2022-06-08 09:12:33
1654679555890122000,24.05,30,24.0,51,24.05,12,1,2022-06-08 09:12:35
1654679555908187000,24.05,7,24.0,51,24.05,5,1,2022-06-08 09:12:35
1654679556217474000,24.05,3,24.0,52,24.05,2,1,2022-06-08 09:12:36
1654679556368806000,24.05,2,24.0,52,24.15,1,1,2022-06-08 09:12:36
1654679568471572000,24.15,3,24.15,2,24.2,12,1,2022-06-08 09:12:48
1654679573237931000,24.15,7,24.1,5,24.15,23,2,2022-06-08 09:12:53
1654679573852736000,24.15,3,24.1,5,24.15,20,1,2022-06-08 09:12:53
1654679573930964000,24.15,2,24.1,5,24.15,18,1,2022-06-08 09:12:53
1654679574536641000,24.15,5,24.1,5,24.15,13,1,2022-06-08 09:12:54
1654679574963187000,24.15,1,24.1,5,24.15,12,1,2022-06-08 09:12:54
1654679576900410000,24.15,2,24.1,7,24.15,10,1,2022-06-08 09:12:56
1654679578000620000,24.1,7,24.05,21,24.1,16,2,2022-06-08 09:12:58
1654679580544829000,24.1,2,24.05,19,24.1,14,1,2022-06-08 09:13:00
1654679580678717000,24.1,14,24.05,19,24.15,4,1,2022-06-08 09:13:00
1654679580678717000,24.15,6,24.05,19,24.15,4,1,2022-06-08 09:13:00
1654679584059357000,24.15,2,24.05,19,24.15,3,1,2022-06-08 09:13:04
1654679584207291000,24.05,10,24.05,9,24.15,3,2,2022-06-08 09:13:04
1654679584880034000,24.1,1,24.0,43,24.05,1,2,2022-06-08 09:13:04
1654679584880034000,24.05,8,24.0,43,24.05,1,2,2022-06-08 09:13:04
1654679585195524000,24.05,2,24.0,43,24.05,9,1,2022-06-08 09:13:05
1654679585208171000,24.05,5,24.0,43,24.05,4,1,2022-06-08 09:13:05
1654679586283826000,24.0,2,24.0,41,24.05,4,2,2022-06-08 09:13:06
1654679587557519000,24.05,1,24.0,41,24.05,3,1,2022-06-08 09:13:07
1654679588946809000,24.05,3,24.05,7,24.1,3,1,2022-06-08 09:13:08
1654679589037547000,24.05,2,24.05,5,24.1,3,2,2022-06-08 09:13:09
1654679589072929000,24.05,5,24.0,40,24.1,3,2,2022-06-08 09:13:09
1654679589313882000,24.1,3,24.1,2,24.15,16,1,2022-06-08 09:13:09
1654679592532706000,24.1,1,24.1,1,24.15,17,2,2022-06-08 09:13:12
1654679593527901000,24.1,1,24.05,5,24.15,17,2,2022-06-08 09:13:13
1654679596098383000,24.1,10,24.05,8,24.1,12,1,2022-06-08 09:13:16
1654679597976288000,24.1,1,24.05,10,24.1,11,1,2022-06-08 09:13:17
1654679598863883000,24.1,5,24.05,10,24.1,6,1,2022-06-08 09:13:18
1654679598944435000,24.1,2,24.05,10,24.1,4,1,2022-06-08 09:13:18
1654679598996212000,24.1,4,24.05,10,24.15,16,1,2022-06-08 09:13:18
1654679601279990000,24.1,1,24.05,16,24.1,9,2,2022-06-08 09:13:21
1654679601304230000,24.1,1,24.05,16,24.1,8,1,2022-06-08 09:13:21
1654679604924949000,24.05,15,24.0,51,24.05,6,2,2022-06-08 09:13:24
1654679605001133000,24.05,1,24.0,51,24.05,5,1,2022-06-08 09:13:25
1654679605321847000,24.05,3,24.0,51,24.05,2,1,2022-06-08 09:13:25
1654679606059622000,24.05,4,24.0,66,24.1,39,1,2022-06-08 09:13:26
1654679606059622000,24.1,1,24.0,66,24.1,39,1,2022-06-08 09:13:26
1654679606958561000,24.1,2,24.0,66,24.1,37,1,2022-06-08 09:13:26
1654679621090533000,24.1,2,24.05,29,24.1,41,1,2022-06-08 09:13:41
1654679625157650000,24.1,25,24.05,29,24.1,16,1,2022-06-08 09:13:45
1654679625189631000,24.1,16,24.05,29,24.15,17,1,2022-06-08 09:13:45
1654679627062364000,24.15,10,24.1,8,24.15,7,1,2022-06-08 09:13:47
1654679627091342000,24.15,3,24.1,8,24.15,4,1,2022-06-08 09:13:47
1654679628150883000,24.15,2,24.1,8,24.15,2,1,2022-06-08 09:13:48
1654679628175026000,24.15,2,24.1,8,24.2,16,1,2022-06-08 09:13:48
1654679629723087000,24.2,1,24.15,2,24.2,5,1,2022-06-08 09:13:49
1654679631157098000,24.2,5,24.15,2,24.25,22,1,2022-06-08 09:13:51
1654679631897063000,24.25,1,24.15,2,24.25,23,1,2022-06-08 09:13:51
1654679634695619000,24.25,1,24.15,7,24.25,20,1,2022-06-08 09:13:54
1654679635449190000,24.25,5,24.15,7,24.25,15,1,2022-06-08 09:13:55
1654679636185527000,24.25,15,24.25,5,24.3,2,1,2022-06-08 09:13:56
1654679636220736000,24.25,2,24.25,3,24.3,2,2,2022-06-08 09:13:56
1654679636241269000,24.25,3,24.2,2,24.3,2,2,2022-06-08 09:13:56
1654679637778228000,24.3,2,24.25,17,24.35,30,1,2022-06-08 09:13:57
1654679639102795000,24.35,1,24.25,3,24.35,29,1,2022-06-08 09:13:59
1654679639456766000,24.25,3,24.2,2,24.35,29,2,2022-06-08 09:13:59
1654679639456766000,24.2,17,24.2,2,24.35,29,2,2022-06-08 09:13:59
1654679639591712000,24.35,1,24.2,2,24.35,28,1,2022-06-08 09:13:59
1654679639737849000,24.35,5,24.2,2,24.35,23,1,2022-06-08 09:13:59
1654679641622421000,24.3,10,24.2,12,24.35,23,1,2022-06-08 09:14:01
1654679644564842000,24.3,2,24.3,3,24.35,43,2,2022-06-08 09:14:04
1654679645486284000,24.3,3,24.2,15,24.3,7,2,2022-06-08 09:14:05
1654679645680889000,24.3,1,24.2,15,24.3,11,1,2022-06-08 09:14:05
1654679648186086000,24.3,1,24.25,2,24.3,11,1,2022-06-08 09:14:08
1654679648488306000,24.3,1,24.25,2,24.3,10,1,2022-06-08 09:14:08
1654679648994836000,24.25,2,24.2,15,24.3,10,2,2022-06-08 09:14:08
1654679649199855000,24.3,1,24.2,15,24.3,9,1,2022-06-08 09:14:09
1654679649596759000,24.3,1,24.2,15,24.3,10,1,2022-06-08 09:14:09
1654679649721661000,24.3,1,24.2,15,24.3,9,1,2022-06-08 09:14:09
1654679649991735000,24.25,2,24.3,4,24.35,33,1,2022-06-08 09:14:09
1654679649991735000,24.3,9,24.3,4,24.35,33,1,2022-06-08 09:14:09
1654679650110888000,24.3,2,24.3,3,24.35,33,2,2022-06-08 09:14:10
1654679650148181000,24.3,3,24.2,15,24.35,33,2,2022-06-08 09:14:10
1654679650664863000,24.3,1,24.2,15,24.35,33,1,2022-06-08 09:14:10
1654679654169533000,24.3,1,24.25,1,24.3,10,1,2022-06-08 09:14:14
1654679656346410000,24.3,1,24.25,1,24.3,10,1,2022-06-08 09:14:16
1654679658942725000,24.3,3,24.25,2,24.3,9,1,2022-06-08 09:14:18
1654679661175071000,24.3,5,24.25,12,24.3,4,1,2022-06-08 09:14:21
