ts,close,volume,bid_price,bid_volume,ask_price,ask_volume,tick_type,datetime
1645002012903375000,114.0,433,113.5,76,114.0,124,1,2022-02-16 09:00:12
1645002012982291000,114.0,1,113.5,76,114.0,123,1,2022-02-16 09:00:12
1645002012984299000,113.5,1,113.5,75,114.0,123,2,2022-02-16 09:00:12
1645002013006130000,113.5,21,113.5,54,114.0,123,2,2022-02-16 09:00:13
1645002013007240000,113.5,1,113.5,53,114.0,123,2,2022-02-16 09:00:13
1645002013028398000,113.5,6,113.5,47,114.0,123,2,2022-02-16 09:00:13
1645002013061480000,113.5,2,113.5,45,114.0,123,2,2022-02-16 09:00:13
1645002013086223000,113.5,4,113.5,41,114.0,123,2,2022-02-16 09:00:13
1645002013109257000,113.5,2,113.5,39,114.0,123,2,2022-02-16 09:00:13
1645002013177281000,114.0,1,113.5,39,114.0,122,1,2022-02-16 09:00:13
1645002013256603000,113.5,1,113.5,38,114.0,122,2,2022-02-16 09:00:13
1645002013286613000,113.5,1,113.5,37,114.0,122,2,2022-02-16 09:00:13
1645002013559865000,113.5,8,113.5,29,114.0,122,2,2022-02-16 09:00:13
1645002013579986000,113.5,22,113.5,7,114.0,122,2,2022-02-16 09:00:13
1645002013589490000,113.5,7,112.0,30,112.5,1,2,2022-02-16 09:00:13
1645002013589490000,113.0,18,112.0,30,112.5,1,2,2022-02-16 09:00:13
1645002013589490000,112.5,18,112.0,30,112.5,1,2,2022-02-16 09:00:13
1645002013621746000,112.5,1,112.0,27,114.0,122,1,2022-02-16 09:00:13
1645002013635770000,112.0,1,112.0,26,114.0,122,2,2022-02-16 09:00:13
1645002013637464000,114.0,1,112.0,26,114.0,121,1,2022-02-16 09:00:13
1645002013699443000,112.0,2,112.0,24,113.0,5,2,2022-02-16 09:00:13
1645002013740256000,112.0,1,112.0,23,113.0,5,2,2022-02-16 09:00:13
1645002014022027000,113.0,2,112.0,23,113.0,3,1,2022-02-16 09:00:14
1645002014130929000,113.0,3,112.0,23,114.0,130,1,2022-02-16 09:00:14
1645002014359583000,113.0,1,112.0,23,114.0,121,1,2022-02-16 09:00:14
1645002014360674000,112.0,1,112.0,22,114.0,121,2,2022-02-16 09:00:14
1645002014681532000,113.0,1,112.0,45,112.5,25,2,2022-02-16 09:00:14
1645002014712887000,112.5,25,112.0,45,114.0,122,1,2022-02-16 09:00:14
1645002014765911000,112.5,1,112.0,38,114.0,121,1,2022-02-16 09:00:14
1645002015161857000,112.5,1,112.0,57,113.5,1,1,2022-02-16 09:00:15
1645002015423426000,113.5,1,112.5,6,114.0,121,1,2022-02-16 09:00:15
1645002015797005000,114.0,1,112.5,6,114.0,120,1,2022-02-16 09:00:15
1645002016053843000,112.5,1,112.5,15,114.0,120,2,2022-02-16 09:00:16
1645002016373162000,112.5,2,112.5,14,113.5,8,2,2022-02-16 09:00:16
1645002016427777000,113.5,8,112.5,14,114.0,120,1,2022-02-16 09:00:16
1645002017381569000,113.5,9,113.5,1,114.0,121,1,2022-02-16 09:00:17
1645002017409897000,113.5,1,112.5,15,114.0,121,2,2022-02-16 09:00:17
1645002017901598000,114.0,2,112.5,20,114.0,119,1,2022-02-16 09:00:17
1645002018509185000,112.5,1,112.5,30,114.0,119,2,2022-02-16 09:00:18
1645002018932300000,113.5,1,113.0,1,114.0,119,2,2022-02-16 09:00:18
1645002019079966000,113.5,23,113.0,2,114.0,119,2,2022-02-16 09:00:19
1645002019454630000,113.5,5,113.0,4,114.0,119,1,2022-02-16 09:00:19
1645002020123115000,113.5,1,113.0,5,113.5,8,1,2022-02-16 09:00:20
1645002020428179000,113.0,5,112.5,34,113.5,108,2,2022-02-16 09:00:20
1645002020794295000,113.0,1,112.5,34,113.5,108,2,2022-02-16 09:00:20
1645002020873062000,113.5,32,112.5,34,113.5,76,1,2022-02-16 09:00:20
1645002022354598000,113.5,1,113.0,6,113.5,82,1,2022-02-16 09:00:22
1645002022532975000,113.0,2,113.0,4,113.5,82,2,2022-02-16 09:00:22
1645002022578875000,113.0,4,112.5,44,113.5,82,2,2022-02-16 09:00:22
1645002023882462000,113.0,1,112.5,42,113.0,1,1,2022-02-16 09:00:23
1645002023915499000,113.0,1,112.5,42,113.5,85,1,2022-02-16 09:00:23
1645002023999747000,113.0,2,112.5,42,113.5,85,1,2022-02-16 09:00:23
1645002024206390000,113.5,5,112.5,34,113.5,80,1,2022-02-16 09:00:24
1645002024478954000,112.5,1,112.5,34,113.5,80,2,2022-02-16 09:00:24
1645002024559693000,113.5,1,112.5,34,113.5,79,1,2022-02-16 09:00:24
1645002025096516000,113.5,1,113.0,6,113.5,77,1,2022-02-16 09:00:25
1645002025720395000,113.0,1,113.0,17,113.5,77,2,2022-02-16 09:00:25
1645002026451658000,113.0,1,113.0,18,113.5,80,2,2022-02-16 09:00:26
1645002026548954000,113.5,1,113.0,19,113.5,79,1,2022-02-16 09:00:26
1645002026880075000,113.5,1,113.0,20,113.5,79,1,2022-02-16 09:00:26
1645002027071709000,113.0,1,113.0,19,113.5,79,2,2022-02-16 09:00:27
1645002028624421000,113.0,1,113.0,42,113.5,79,2,2022-02-16 09:00:28
1645002028933798000,113.0,3,113.0,41,113.5,79,2,2022-02-16 09:00:28
1645002029151503000,113.5,1,113.0,42,113.5,78,1,2022-02-16 09:00:29
1645002029621340000,113.5,2,113.0,44,113.5,76,1,2022-02-16 09:00:29
1645002029662271000,113.5,76,113.0,44,114.0,126,1,2022-02-16 09:00:29
1645002030660281000,113.5,1,113.0,47,114.0,126,1,2022-02-16 09:00:30
1645002030711560000,113.5,10,113.0,47,114.0,126,2,2022-02-16 09:00:30
1645002031284238000,113.5,1,113.5,4,114.0,127,2,2022-02-16 09:00:31
1645002031315832000,113.5,4,113.0,48,114.0,127,2,2022-02-16 09:00:31
1645002031630771000,113.5,1,113.0,35,114.0,127,1,2022-02-16 09:00:31
1645002031822568000,113.5,1,113.0,35,114.0,127,2,2022-02-16 09:00:31
1645002032283822000,114.0,5,113.0,34,114.0,122,1,2022-02-16 09:00:32
1645002032480636000,113.0,1,113.0,33,114.0,122,2,2022-02-16 09:00:32
1645002032898504000,114.0,1,113.5,3,114.0,22,1,2022-02-16 09:00:32
1645002032981917000,114.0,1,113.5,3,114.0,21,1,2022-02-16 09:00:32
1645002033620085000,114.0,13,113.5,5,114.0,8,1,2022-02-16 09:00:33
1645002033628111000,114.0,2,113.5,5,114.0,6,1,2022-02-16 09:00:33
1645002033650538000,114.0,5,113.5,5,114.0,1,1,2022-02-16 09:00:33
1645002033729563000,114.0,1,113.5,6,114.5,8,1,2022-02-16 09:00:33
1645002033733047000,114.5,3,113.5,6,114.5,5,1,2022-02-16 09:00:33
1645002034112682000,114.5,2,113.5,16,114.5,4,1,2022-02-16 09:00:34
1645002034321550000,114.0,1,113.5,19,114.5,4,2,2022-02-16 09:00:34
1645002035504712000,114.5,1,114.0,4,114.5,3,1,2022-02-16 09:00:35
1645002035808693000,114.5,1,114.0,5,114.5,2,1,2022-02-16 09:00:35
1645002036549971000,114.0,1,114.0,4,114.5,2,2,2022-02-16 09:00:36
1645002036778130000,114.5,1,114.0,5,114.5,1,1,2022-02-16 09:00:36
1645002037666743000,114.5,3,114.0,5,114.5,98,1,2022-02-16 09:00:37
1645002038670773000,114.5,1,114.0,7,114.5,97,1,2022-02-16 09:00:38
1645002038823264000,114.5,1,114.0,7,114.5,97,1,2022-02-16 09:00:38
1645002039696057000,114.5,1,114.0,32,114.5,96,1,2022-02-16 09:00:39
1645002040221217000,114.0,1,114.0,39,114.5,101,2,2022-02-16 09:00:40
1645002040254833000,114.5,1,114.0,39,114.5,100,1,2022-02-16 09:00:40
1645002040479782000,114.5,1,114.0,39,114.5,99,1,2022-02-16 09:00:40
1645002040513865000,114.5,1,114.0,39,114.5,98,1,2022-02-16 09:00:40
1645002041002253000,114.5,1,114.0,42,114.5,97,1,2022-02-16 09:00:41
1645002041023012000,114.5,1,114.0,42,114.5,96,1,2022-02-16 09:00:41
1645002041193504000,114.0,1,114.0,42,114.5,96,2,2022-02-16 09:00:41
1645002041521959000,114.5,3,114.0,46,114.5,93,1,2022-02-16 09:00:41
1645002042123731000,114.5,1,114.0,50,114.5,92,1,2022-02-16 09:00:42
1645002042246290000,114.5,1,114.0,49,114.5,91,1,2022-02-16 09:00:42
1645002042388663000,114.5,1,114.0,49,114.5,90,1,2022-02-16 09:00:42
1645002042393229000,114.0,1,114.0,48,114.5,90,2,2022-02-16 09:00:42
1645002042557456000,114.5,1,114.0,48,114.5,89,1,2022-02-16 09:00:42
1645002042634568000,114.5,1,114.0,48,114.5,88,1,2022-02-16 09:00:42
1645002042833857000,114.5,1,114.0,48,114.5,88,1,2022-02-16 09:00:42
1645002042950834000,114.5,1,114.0,49,114.5,92,1,2022-02-16 09:00:42
1645002043032233000,114.5,1,114.0,49,114.5,91,1,2022-02-16 09:00:43
1645002043294644000,114.5,1,114.0,49,114.5,90,1,2022-02-16 09:00:43
1645002043645286000,114.5,1,114.0,50,114.5,89,1,2022-02-16 09:00:43
1645002043735962000,114.5,1,114.0,50,114.5,88,1,2022-02-16 09:00:43
1645002043882605000,114.5,10,114.0,50,114.5,78,1,2022-02-16 09:00:43
1645002044044056000,114.5,1,114.0,50,114.5,77,1,2022-02-16 09:00:44
1645002044169763000,114.5,1,114.0,50,114.5,76,1,2022-02-16 09:00:44
1645002045052886000,114.5,1,114.0,53,114.5,75,1,2022-02-16 09:00:45
1645002045320353000,114.5,1,114.0,54,114.5,74,1,2022-02-16 09:00:45
1645002045335798000,114.5,1,114.0,54,114.5,74,1,2022-02-16 09:00:45
1645002045408647000,114.5,1,114.0,54,114.5,73,1,2022-02-16 09:00:45
1645002045459452000,114.5,4,114.0,54,114.5,70,1,2022-02-16 09:00:45
1645002045861772000,114.5,1,114.0,54,114.5,78,1,2022-02-16 09:00:45
1645002045889645000,114.5,1,114.0,54,114.5,77,1,2022-02-16 09:00:45
1645002046067520000,114.5,1,114.0,54,114.5,77,1,2022-02-16 09:00:46
1645002046431162000,114.5,1,114.0,51,114.5,76,1,2022-02-16 09:00:46
1645002046506782000,114.5,1,114.0,51,114.5,75,1,2022-02-16 09:00:46
1645002046717172000,114.5,1,114.0,61,114.5,74,1,2022-02-16 09:00:46
1645002046726146000,114.5,1,114.0,61,114.5,73,1,2022-02-16 09:00:46
1645002046800581000,114.5,1,114.0,61,114.5,72,1,2022-02-16 09:00:46
1645002046907846000,114.5,2,114.0,61,114.5,70,1,2022-02-16 09:00:46
1645002047406495000,114.5,1,114.0,61,114.5,71,1,2022-02-16 09:00:47
1645002047852946000,114.5,1,114.0,60,114.5,70,1,2022-02-16 09:00:47
1645002048069610000,114.5,2,114.0,60,114.5,68,1,2022-02-16 09:00:48
1645002048213135000,114.5,10,114.0,60,114.5,58,1,2022-02-16 09:00:48
1645002048248613000,114.5,1,114.0,60,114.5,57,1,2022-02-16 09:00:48
1645002048335048000,114.5,10,114.0,61,114.5,47,1,2022-02-16 09:00:48
1645002048496471000,114.5,1,114.0,61,114.5,46,1,2022-02-16 09:00:48
1645002049015102000,114.5,1,114.0,61,114.5,45,1,2022-02-16 09:00:49
1645002049178048000,114.5,1,114.0,61,114.5,44,1,2022-02-16 09:00:49
1645002049406694000,114.5,2,114.0,61,114.5,42,1,2022-02-16 09:00:49
1645002049417399000,114.5,3,114.0,61,114.5,38,1,2022-02-16 09:00:49
1645002049572657000,114.5,10,114.0,61,114.5,28,1,2022-02-16 09:00:49
1645002049598504000,114.5,1,114.0,61,114.5,27,1,2022-02-16 09:00:49
1645002049673219000,114.5,1,114.0,61,114.5,26,1,2022-02-16 09:00:49
1645002049680641000,114.5,1,114.0,61,114.5,25,1,2022-02-16 09:00:49
1645002049724221000,114.5,1,114.0,61,114.5,24,1,2022-02-16 09:00:49
1645002049804754000,114.5,1,114.0,61,114.5,23,1,2022-02-16 09:00:49
1645002049915294000,114.5,1,114.0,61,114.5,22,1,2022-02-16 09:00:49
1645002049946718000,114.5,2,114.0,61,114.5,20,1,2022-02-16 09:00:49
1645002049968573000,114.5,1,114.0,61,114.5,19,1,2022-02-16 09:00:49
1645002050054714000,114.5,5,114.0,61,114.5,14,1,2022-02-16 09:00:50
1645002050328812000,114.5,1,114.0,62,114.5,13,1,2022-02-16 09:00:50
1645002050422185000,114.5,2,114.0,62,114.5,11,1,2022-02-16 09:00:50
1645002050447108000,114.5,1,114.0,62,114.5,10,1,2022-02-16 09:00:50
1645002050461594000,114.5,2,114.0,62,114.5,8,1,2022-02-16 09:00:50
1645002050490264000,114.5,1,114.0,62,114.5,7,1,2022-02-16 09:00:50
1645002050587603000,114.5,5,114.0,62,114.5,2,1,2022-02-16 09:00:50
1645002050611809000,114.5,2,114.0,62,115.0,148,1,2022-02-16 09:00:50
1645002050842967000,115.0,1,114.0,63,115.0,147,1,2022-02-16 09:00:50
1645002050977253000,114.0,2,114.0,61,115.0,147,2,2022-02-16 09:00:50
1645002051060108000,114.5,1,114.0,61,115.0,147,2,2022-02-16 09:00:51
1645002051136840000,114.5,1,114.5,1,115.0,147,2,2022-02-16 09:00:51
1645002051136988000,114.5,1,114.0,61,115.0,147,2,2022-02-16 09:00:51
1645002051180820000,114.5,6,114.5,4,115.0,147,2,2022-02-16 09:00:51
1645002051192480000,114.5,1,114.5,3,115.0,147,2,2022-02-16 09:00:51
1645002051196626000,114.5,1,114.5,2,115.0,147,2,2022-02-16 09:00:51
1645002051204713000,114.5,2,114.0,61,115.0,147,2,2022-02-16 09:00:51
1645002051509459000,114.5,1,114.5,34,115.0,147,2,2022-02-16 09:00:51
1645002051720263000,115.0,5,114.5,34,115.0,132,1,2022-02-16 09:00:51
1645002051750943000,115.0,2,114.5,35,115.0,130,1,2022-02-16 09:00:51
1645002051756939000,115.0,2,114.5,35,115.0,128,1,2022-02-16 09:00:51
1645002052232680000,114.5,2,114.5,42,115.0,128,2,2022-02-16 09:00:52
1645002053011659000,115.0,1,114.5,51,115.0,127,1,2022-02-16 09:00:53
1645002053815157000,115.0,1,114.5,58,115.0,127,1,2022-02-16 09:00:53
1645002054611320000,115.0,1,114.5,62,115.0,127,1,2022-02-16 09:00:54
1645002054688984000,114.5,1,114.5,61,115.0,128,2,2022-02-16 09:00:54
1645002055223578000,115.0,1,114.5,61,115.0,127,1,2022-02-16 09:00:55
1645002055570475000,115.0,1,114.5,61,115.0,126,1,2022-02-16 09:00:55
1645002055704638000,115.0,1,114.5,62,115.0,125,1,2022-02-16 09:00:55
1645002055800250000,115.0,1,114.5,62,115.0,124,1,2022-02-16 09:00:55
1645002056395862000,115.0,1,114.5,63,115.0,126,1,2022-02-16 09:00:56
1645002056627448000,115.0,1,114.5,64,115.0,125,1,2022-02-16 09:00:56
1645002056955670000,115.0,1,114.5,67,115.0,124,1,2022-02-16 09:00:56
1645002057248075000,114.5,1,114.5,66,115.0,124,2,2022-02-16 09:00:57
1645002057294164000,114.5,1,114.5,65,115.0,124,2,2022-02-16 09:00:57
1645002057310384000,115.0,1,114.5,65,115.0,123,1,2022-02-16 09:00:57
1645002057583722000,115.0,1,114.5,65,115.0,122,1,2022-02-16 09:00:57
1645002058071838000,115.0,1,114.5,63,115.0,121,1,2022-02-16 09:00:58
1645002058137447000,115.0,1,114.5,63,115.0,120,1,2022-02-16 09:00:58
1645002058557553000,115.0,1,114.5,65,115.0,119,1,2022-02-16 09:00:58
1645002058609019000,114.5,3,114.5,62,115.0,119,2,2022-02-16 09:00:58
1645002058939951000,115.0,1,114.5,63,115.0,118,1,2022-02-16 09:00:58
1645002060231314000,115.0,1,114.5,75,115.0,117,1,2022-02-16 09:01:00
1645002060234300000,114.5,1,114.5,74,115.0,117,2,2022-02-16 09:01:00
1645002060456921000,115.0,1,114.5,76,115.0,116,1,2022-02-16 09:01:00
1645002060478350000,114.5,2,114.5,74,115.0,116,2,2022-02-16 09:01:00
1645002060489572000,115.0,2,114.5,74,115.0,114,1,2022-02-16 09:01:00
1645002060551945000,114.5,2,114.5,72,115.0,114,2,2022-02-16 09:01:00
1645002060728976000,114.5,3,114.5,69,115.0,116,2,2022-02-16 09:01:00
1645002060731504000,114.5,4,114.5,65,115.0,116,2,2022-02-16 09:01:00
1645002061171602000,115.0,8,114.5,68,115.0,108,1,2022-02-16 09:01:01
1645002061635901000,114.5,1,114.5,68,115.0,110,2,2022-02-16 09:01:01
1645002061888913000,115.0,1,114.5,68,115.0,109,1,2022-02-16 09:01:01
1645002062488057000,115.0,8,114.5,73,115.0,107,1,2022-02-16 09:01:02
1645002063854352000,115.0,1,114.5,79,115.0,106,1,2022-02-16 09:01:03
1645002063978939000,114.5,1,114.5,78,115.0,108,2,2022-02-16 09:01:03
1645002064117022000,115.0,2,114.5,79,115.0,106,1,2022-02-16 09:01:04
1645002065569787000,115.0,1,114.5,82,115.0,105,1,2022-02-16 09:01:05
1645002065737189000,114.5,1,114.5,83,115.0,105,2,2022-02-16 09:01:05
1645002065919037000,115.0,3,114.5,81,115.0,102,1,2022-02-16 09:01:05
1645002066226952000,115.0,2,114.5,81,115.0,100,1,2022-02-16 09:01:06
1645002067752352000,114.5,1,114.5,78,115.0,100,2,2022-02-16 09:01:07
1645002067777615000,115.0,2,114.5,78,115.0,102,1,2022-02-16 09:01:07
1645002069464335000,115.0,30,114.5,90,115.0,74,1,2022-02-16 09:01:09
1645002069838561000,115.0,1,114.5,89,115.0,73,1,2022-02-16 09:01:09
1645002070243334000,115.0,1,114.5,89,115.0,72,1,2022-02-16 09:01:10
1645002070908293000,115.0,1,114.5,91,115.0,71,1,2022-02-16 09:01:10
1645002071066364000,115.0,1,114.5,91,115.0,70,1,2022-02-16 09:01:11
1645002071066811000,115.0,1,114.5,91,115.0,69,1,2022-02-16 09:01:11
1645002071125881000,115.0,4,114.5,91,115.0,65,1,2022-02-16 09:01:11
1645002071214742000,114.5,1,114.5,90,115.0,65,2,2022-02-16 09:01:11
1645002071247907000,115.0,1,114.5,90,115.0,64,1,2022-02-16 09:01:11
1645002071340893000,115.0,1,114.5,90,115.0,63,1,2022-02-16 09:01:11
1645002071691007000,115.0,16,114.5,97,115.0,47,1,2022-02-16 09:01:11
1645002071737855000,115.0,1,114.5,97,115.0,46,1,2022-02-16 09:01:11
1645002071805072000,115.0,1,114.5,97,115.0,45,1,2022-02-16 09:01:11
1645002071901373000,115.0,1,114.5,97,115.0,44,1,2022-02-16 09:01:11
1645002072106156000,115.0,1,114.5,98,115.0,43,1,2022-02-16 09:01:12
1645002072659845000,115.0,1,114.5,99,115.0,42,1,2022-02-16 09:01:12
1645002072683383000,115.0,5,114.5,99,115.0,37,1,2022-02-16 09:01:12
1645002072814040000,115.0,1,114.5,99,115.0,36,1,2022-02-16 09:01:12
1645002072862916000,115.0,5,114.5,99,115.0,31,1,2022-02-16 09:01:12
1645002073080741000,115.0,2,114.5,99,115.0,30,1,2022-02-16 09:01:13
1645002073161348000,115.0,1,114.5,99,115.0,29,1,2022-02-16 09:01:13
1645002073256057000,115.0,1,114.5,99,115.0,28,1,2022-02-16 09:01:13
1645002073294080000,115.0,2,114.5,99,115.0,26,1,2022-02-16 09:01:13
1645002073540160000,115.0,2,114.5,100,115.0,24,1,2022-02-16 09:01:13
1645002073615495000,115.0,2,114.5,98,115.0,22,1,2022-02-16 09:01:13
1645002073691461000,115.0,1,114.5,98,115.0,21,1,2022-02-16 09:01:13
1645002073736634000,115.0,2,114.5,98,115.0,19,1,2022-02-16 09:01:13
1645002073773320000,115.0,1,114.5,98,115.0,18,1,2022-02-16 09:01:13
1645002073776641000,115.0,1,114.5,98,115.0,17,1,2022-02-16 09:01:13
1645002073925403000,115.0,2,114.5,98,115.0,16,1,2022-02-16 09:01:13
1645002073930317000,115.0,2,114.5,98,115.0,14,1,2022-02-16 09:01:13
1645002073951748000,115.0,1,114.5,99,115.0,13,1,2022-02-16 09:01:13
1645002073982989000,115.0,1,114.5,99,115.0,12,1,2022-02-16 09:01:13
1645002074028574000,115.0,1,114.5,99,115.0,11,1,2022-02-16 09:01:14
1645002074029461000,115.0,1,114.5,99,115.0,10,1,2022-02-16 09:01:14
1645002074057159000,115.0,1,114.5,99,115.0,9,1,2022-02-16 09:01:14
1645002074095123000,115.0,1,114.5,99,115.0,8,1,2022-02-16 09:01:14
1645002074096345000,115.0,2,114.5,99,115.0,6,1,2022-02-16 09:01:14
1645002074132031000,115.0,1,114.5,99,115.0,5,1,2022-02-16 09:01:14
1645002074162253000,115.0,1,114.5,99,115.0,4,1,2022-02-16 09:01:14
1645002074185771000,115.0,4,114.5,99,115.5,24,1,2022-02-16 09:01:14
1645002074602041000,115.0,1,115.0,10,115.5,25,2,2022-02-16 09:01:14
1645002074831746000,115.5,1,115.0,12,115.5,24,1,2022-02-16 09:01:14
1645002075205203000,115.0,1,115.0,18,115.5,24,2,2022-02-16 09:01:15
1645002076268195000,115.5,1,115.0,23,115.5,25,1,2022-02-16 09:01:16
1645002076702743000,115.0,3,115.0,24,115.5,27,2,2022-02-16 09:01:16
1645002077054444000,115.5,5,115.0,28,115.5,22,1,2022-02-16 09:01:17
1645002077960096000,115.5,1,115.0,29,115.5,27,1,2022-02-16 09:01:17
1645002078141184000,115.5,1,115.0,30,115.5,26,1,2022-02-16 09:01:18
1645002078273857000,115.5,3,115.0,30,115.5,23,1,2022-02-16 09:01:18
1645002078620630000,115.5,5,115.0,51,115.5,18,1,2022-02-16 09:01:18
1645002079631819000,115.0,1,115.0,51,115.5,20,2,2022-02-16 09:01:19
1645002079944951000,115.5,1,115.0,63,115.5,21,1,2022-02-16 09:01:19
1645002080133284000,115.5,1,115.0,64,115.5,20,1,2022-02-16 09:01:20
1645002080688494000,115.0,1,115.0,63,115.5,20,2,2022-02-16 09:01:20
1645002081353780000,115.5,4,115.0,66,115.5,17,1,2022-02-16 09:01:21
1645002081530055000,115.5,1,115.0,66,115.5,20,1,2022-02-16 09:01:21
1645002081650742000,115.5,3,115.0,66,115.5,17,1,2022-02-16 09:01:21
1645002082030527000,115.0,10,115.0,66,115.5,17,2,2022-02-16 09:01:22
1645002082273292000,115.5,1,115.0,66,115.5,18,1,2022-02-16 09:01:22
1645002083577155000,115.5,3,115.0,72,115.5,16,1,2022-02-16 09:01:23
1645002083944043000,115.5,1,115.0,76,115.5,15,1,2022-02-16 09:01:23
1645002084518274000,115.5,1,115.0,76,115.5,16,1,2022-02-16 09:01:24
1645002084571403000,115.5,8,115.0,76,115.5,8,1,2022-02-16 09:01:24
1645002084582439000,115.5,1,115.0,76,115.5,7,1,2022-02-16 09:01:24
1645002085223294000,115.5,1,115.0,77,115.5,13,1,2022-02-16 09:01:25
1645002085334144000,115.0,1,115.0,76,115.5,13,2,2022-02-16 09:01:25
1645002085429195000,115.5,5,115.0,86,115.5,8,1,2022-02-16 09:01:25
1645002085727641000,115.0,86,114.5,110,115.5,109,2,2022-02-16 09:01:25
1645002085779544000,115.0,3,114.5,110,115.5,109,1,2022-02-16 09:01:25
1645002085835322000,114.5,2,114.5,109,115.0,1,2,2022-02-16 09:01:25
1645002085914072000,115.0,1,114.5,109,115.5,109,1,2022-02-16 09:01:25
1645002085993043000,115.5,1,114.5,109,115.5,108,1,2022-02-16 09:01:25
1645002086076602000,115.0,3,114.5,109,115.5,118,2,2022-02-16 09:01:26
1645002086132998000,115.5,1,115.0,1,115.5,117,1,2022-02-16 09:01:26
1645002086169160000,115.0,1,114.5,109,115.5,117,2,2022-02-16 09:01:26
1645002086990943000,115.0,1,114.5,99,115.0,5,1,2022-02-16 09:01:26
1645002087089952000,115.0,1,114.5,99,115.0,4,1,2022-02-16 09:01:27
1645002087202252000,115.0,3,114.5,99,115.0,1,1,2022-02-16 09:01:27
1645002087305871000,115.0,2,114.5,99,115.0,9,1,2022-02-16 09:01:27
1645002087315989000,115.0,1,114.5,99,115.0,8,1,2022-02-16 09:01:27
1645002087325135000,115.0,1,114.5,99,115.0,7,1,2022-02-16 09:01:27
1645002087343303000,115.0,1,114.5,99,115.0,7,1,2022-02-16 09:01:27
1645002087508649000,115.0,1,114.5,99,115.0,6,1,2022-02-16 09:01:27
1645002087855500000,115.0,1,114.5,98,115.0,8,1,2022-02-16 09:01:27
1645002087980442000,115.0,1,114.5,98,115.0,7,1,2022-02-16 09:01:27
1645002088143859000,115.0,4,114.5,98,115.0,3,1,2022-02-16 09:01:28
1645002088165915000,115.0,1,114.5,98,115.0,2,1,2022-02-16 09:01:28
1645002088422121000,115.0,1,114.5,98,115.0,1,1,2022-02-16 09:01:28
1645002088456149000,115.0,1,114.5,98,115.0,1,1,2022-02-16 09:01:28
1645002088573238000,115.0,1,114.5,98,115.5,126,1,2022-02-16 09:01:28
1645002088951845000,115.0,1,114.5,98,115.0,13,1,2022-02-16 09:01:28
1645002088966280000,115.0,1,114.5,98,115.0,12,1,2022-02-16 09:01:28
1645002089211091000,115.0,1,114.5,98,115.0,24,1,2022-02-16 09:01:29
1645002089270134000,115.0,1,114.5,97,115.0,26,1,2022-02-16 09:01:29
1645002089549453000,115.0,1,114.5,97,115.0,45,1,2022-02-16 09:01:29
1645002090294107000,114.5,10,114.5,87,115.0,58,2,2022-02-16 09:01:30
1645002090328659000,114.5,1,114.5,86,115.0,58,2,2022-02-16 09:01:30
1645002090373098000,115.0,2,114.5,86,115.0,57,1,2022-02-16 09:01:30
1645002090447485000,114.5,10,114.5,76,115.0,57,2,2022-02-16 09:01:30
1645002090458613000,115.0,2,114.5,76,115.0,55,1,2022-02-16 09:01:30
1645002090569413000,114.5,10,114.5,66,115.0,60,2,2022-02-16 09:01:30
1645002090634321000,114.5,1,114.5,65,115.0,60,2,2022-02-16 09:01:30
1645002090757010000,115.0,1,114.5,65,115.0,81,1,2022-02-16 09:01:30
1645002090956812000,115.0,1,114.5,65,115.0,80,1,2022-02-16 09:01:30
1645002091945818000,115.0,1,114.5,65,115.0,95,1,2022-02-16 09:01:31
1645002092015798000,115.0,1,114.5,65,115.0,94,1,2022-02-16 09:01:32
1645002092312388000,114.5,3,114.5,61,115.0,94,2,2022-02-16 09:01:32
1645002092620924000,114.5,10,114.5,51,115.0,98,2,2022-02-16 09:01:32
1645002092628757000,115.0,1,114.5,51,115.0,97,1,2022-02-16 09:01:32
1645002092643028000,114.5,4,114.5,47,115.0,97,2,2022-02-16 09:01:32
1645002092649491000,114.5,1,114.5,46,115.0,97,2,2022-02-16 09:01:32
1645002092683467000,114.5,1,114.5,45,115.0,97,2,2022-02-16 09:01:32
1645002092715707000,114.5,1,114.5,44,115.0,97,2,2022-02-16 09:01:32
1645002093141500000,115.0,3,114.5,44,115.0,99,1,2022-02-16 09:01:33
1645002093417982000,114.5,1,114.5,42,115.0,100,2,2022-02-16 09:01:33
1645002093429737000,114.5,5,114.5,37,115.0,100,2,2022-02-16 09:01:33
1645002093579619000,114.5,1,114.5,36,115.0,102,2,2022-02-16 09:01:33
1645002093593685000,114.5,1,114.5,35,115.0,102,2,2022-02-16 09:01:33
1645002093631759000,114.5,1,114.5,34,115.0,104,2,2022-02-16 09:01:33
1645002093822774000,114.5,34,114.0,282,115.0,116,2,2022-02-16 09:01:33
1645002093822774000,114.0,16,114.0,282,115.0,116,2,2022-02-16 09:01:33
1645002094139068000,114.5,1,114.0,282,114.5,3,1,2022-02-16 09:01:34
1645002094173326000,114.0,1,114.0,281,114.5,3,2,2022-02-16 09:01:34
1645002094220541000,114.0,1,114.0,280,114.5,3,2,2022-02-16 09:01:34
1645002094284321000,114.5,1,114.0,280,114.5,2,1,2022-02-16 09:01:34
1645002094393914000,114.0,1,114.0,279,114.5,6,2,2022-02-16 09:01:34
1645002094679434000,114.0,1,114.0,278,114.5,7,2,2022-02-16 09:01:34
1645002094857851000,114.5,1,114.0,278,114.5,106,1,2022-02-16 09:01:34
1645002094875559000,114.5,1,114.0,278,114.5,105,1,2022-02-16 09:01:34
1645002094949279000,114.5,1,114.0,278,114.5,105,1,2022-02-16 09:01:34
1645002095188618000,114.0,7,114.0,271,114.5,115,2,2022-02-16 09:01:35
1645002095293356000,114.5,1,114.0,271,114.5,120,1,2022-02-16 09:01:35
1645002095356393000,114.5,3,114.0,271,114.5,117,1,2022-02-16 09:01:35
1645002095399856000,114.5,1,114.0,271,114.5,116,1,2022-02-16 09:01:35
1645002095478480000,114.5,1,114.0,271,114.5,115,1,2022-02-16 09:01:35
1645002096070387000,114.0,18,114.0,53,114.5,151,2,2022-02-16 09:01:36
1645002096109950000,114.0,1,114.0,52,114.5,151,2,2022-02-16 09:01:36
1645002096401054000,114.0,19,114.0,32,114.5,158,2,2022-02-16 09:01:36
1645002096430917000,114.0,12,114.0,20,114.5,158,2,2022-02-16 09:01:36
1645002096452763000,114.0,15,114.0,5,114.5,158,2,2022-02-16 09:01:36
1645002096456930000,114.0,1,114.0,4,114.5,158,2,2022-02-16 09:01:36
1645002096471443000,114.0,1,114.0,3,114.5,158,2,2022-02-16 09:01:36
1645002096493563000,114.0,1,114.0,2,114.5,158,2,2022-02-16 09:01:36
1645002096505897000,114.0,1,114.0,1,114.5,158,2,2022-02-16 09:01:36
1645002096510498000,114.0,1,113.5,318,114.5,158,2,2022-02-16 09:01:36
1645002096688359000,114.0,4,113.5,318,114.5,120,1,2022-02-16 09:01:36
1645002096688359000,114.5,1,113.5,318,114.5,120,1,2022-02-16 09:01:36
1645002097086623000,114.0,1,113.5,318,114.0,1,1,2022-02-16 09:01:37
1645002097869505000,114.0,1,113.5,108,114.0,4,1,2022-02-16 09:01:37
1645002098299767000,113.5,1,113.5,108,114.0,4,2,2022-02-16 09:01:38
1645002099175696000,114.0,1,113.5,98,114.0,10,1,2022-02-16 09:01:39
1645002101555791000,113.5,2,113.5,42,114.0,122,2,2022-02-16 09:01:41
1645002101597384000,113.5,1,113.5,42,114.0,122,2,2022-02-16 09:01:41
1645002101633099000,113.5,5,113.5,37,114.0,122,2,2022-02-16 09:01:41
1645002101687322000,113.5,1,113.5,36,114.0,122,2,2022-02-16 09:01:41
1645002101708705000,113.5,3,113.5,33,114.0,122,2,2022-02-16 09:01:41
1645002101944344000,113.5,9,113.5,24,114.0,122,2,2022-02-16 09:01:41
1645002101999131000,113.5,1,113.5,23,114.0,122,2,2022-02-16 09:01:41
1645002102667405000,114.0,1,113.5,23,114.0,123,1,2022-02-16 09:01:42
1645002104377817000,113.5,1,113.5,12,114.0,130,2,2022-02-16 09:01:44
1645002105267421000,113.5,1,113.5,20,114.0,161,2,2022-02-16 09:01:45
1645002105365992000,113.5,1,113.5,19,114.0,161,2,2022-02-16 09:01:45
1645002105433318000,113.5,4,113.5,15,114.0,161,2,2022-02-16 09:01:45
1645002105433355000,113.5,4,113.5,11,114.0,161,2,2022-02-16 09:01:45
1645002105470541000,113.5,11,113.0,56,114.0,161,2,2022-02-16 09:01:45
1645002106067396000,114.0,3,113.0,72,114.0,161,1,2022-02-16 09:01:46
1645002106289762000,113.5,1,113.0,72,114.0,163,2,2022-02-16 09:01:46
1645002106311327000,113.0,4,113.0,68,114.0,163,2,2022-02-16 09:01:46
1645002106320492000,114.0,2,113.0,68,114.0,161,1,2022-02-16 09:01:46
1645002106630684000,113.0,2,113.0,66,113.5,1,2,2022-02-16 09:01:46
1645002106806967000,113.5,1,113.0,66,114.0,154,1,2022-02-16 09:01:46
1645002107130929000,113.0,1,113.0,65,114.0,154,2,2022-02-16 09:01:47
1645002107493891000,113.5,1,113.5,1,114.0,154,2,2022-02-16 09:01:47
1645002107951085000,113.5,1,113.5,1,114.0,154,2,2022-02-16 09:01:47
1645002108274607000,113.5,1,113.0,68,113.5,2,2,2022-02-16 09:01:48
1645002108299754000,113.0,1,113.0,67,113.5,2,2,2022-02-16 09:01:48
1645002108336637000,113.5,1,113.0,67,113.5,1,1,2022-02-16 09:01:48
1645002108352898000,113.5,1,113.0,67,114.0,154,1,2022-02-16 09:01:48
1645002108872896000,113.0,1,113.0,66,113.5,4,2,2022-02-16 09:01:48
1645002109016118000,113.5,1,113.0,67,113.5,3,1,2022-02-16 09:01:49
1645002109439634000,113.5,1,113.0,67,113.5,2,1,2022-02-16 09:01:49
1645002109481435000,113.5,1,113.0,67,113.5,1,1,2022-02-16 09:01:49
1645002109750594000,113.0,7,113.0,60,113.5,1,2,2022-02-16 09:01:49
1645002109887103000,113.0,2,113.0,58,113.5,1,2,2022-02-16 09:01:49
1645002110472841000,113.5,1,113.0,58,113.5,4,1,2022-02-16 09:01:50
1645002110840405000,113.5,1,113.0,58,113.5,9,1,2022-02-16 09:01:50
1645002110874849000,113.5,1,113.0,58,113.5,8,1,2022-02-16 09:01:50
1645002111381200000,113.5,2,113.0,58,113.5,7,1,2022-02-16 09:01:51
1645002111450544000,113.0,1,113.0,57,113.5,7,2,2022-02-16 09:01:51
1645002111627122000,113.0,6,113.0,50,113.5,8,2,2022-02-16 09:01:51
1645002111956112000,113.5,2,113.0,51,113.5,8,1,2022-02-16 09:01:51
1645002112049191000,113.0,1,113.0,50,113.5,8,2,2022-02-16 09:01:52
1645002113441258000,113.0,1,113.0,55,113.5,17,2,2022-02-16 09:01:53
1645002113569220000,113.5,10,113.0,56,113.5,9,1,2022-02-16 09:01:53
1645002113601147000,113.0,1,113.0,55,113.5,9,2,2022-02-16 09:01:53
1645002113712687000,113.5,1,113.0,55,113.5,10,1,2022-02-16 09:01:53
1645002114242061000,113.0,2,113.0,54,113.5,13,2,2022-02-16 09:01:54
1645002115164527000,113.5,1,113.0,55,113.5,13,1,2022-02-16 09:01:55
1645002115193329000,113.0,1,113.0,54,113.5,13,2,2022-02-16 09:01:55
1645002116472721000,113.5,3,113.0,55,113.5,13,1,2022-02-16 09:01:56
1645002116785668000,113.5,1,113.0,57,113.5,15,1,2022-02-16 09:01:56
1645002116798257000,113.5,3,113.0,57,113.5,12,1,2022-02-16 09:01:56
1645002117493440000,113.5,1,113.0,60,113.5,12,1,2022-02-16 09:01:57
1645002117911118000,113.5,1,113.0,60,113.5,11,1,2022-02-16 09:01:57
1645002117942876000,113.5,2,113.0,60,113.5,9,1,2022-02-16 09:01:57
1645002118402064000,113.5,1,113.0,61,113.5,83,1,2022-02-16 09:01:58
1645002119163399000,113.5,1,113.0,62,113.5,84,1,2022-02-16 09:01:59
1645002119261174000,113.0,4,113.0,58,113.5,84,2,2022-02-16 09:01:59
1645002119806354000,113.0,10,113.0,48,113.5,84,2,2022-02-16 09:01:59
1645002120830606000,113.5,2,113.0,44,113.5,84,1,2022-02-16 09:02:00
1645002121471983000,113.5,1,113.0,45,113.5,84,1,2022-02-16 09:02:01
1645002121895783000,113.0,1,113.0,45,113.5,84,2,2022-02-16 09:02:01
1645002122114045000,113.0,2,113.0,46,113.5,84,2,2022-02-16 09:02:02
1645002123098332000,113.0,2,113.0,48,113.5,85,2,2022-02-16 09:02:03
1645002123302910000,113.5,1,113.0,48,113.5,84,1,2022-02-16 09:02:03
1645002125325835000,113.0,1,113.0,50,113.5,92,2,2022-02-16 09:02:05
1645002125603077000,113.0,1,113.0,54,113.5,92,2,2022-02-16 09:02:05
1645002125636322000,113.0,1,113.0,53,113.5,92,2,2022-02-16 09:02:05
1645002126590342000,113.0,5,113.0,49,113.5,92,2,2022-02-16 09:02:06
1645002128008914000,113.0,1,113.0,50,113.5,95,2,2022-02-16 09:02:08
1645002128634243000,113.5,2,113.0,50,113.5,93,1,2022-02-16 09:02:08
1645002128743189000,113.0,1,113.0,49,113.5,93,2,2022-02-16 09:02:08
1645002129124621000,113.0,1,113.0,48,113.5,93,2,2022-02-16 09:02:09
1645002129295997000,113.0,8,113.0,40,113.5,93,2,2022-02-16 09:02:09
1645002129326947000,113.0,1,113.0,39,113.5,93,2,2022-02-16 09:02:09
1645002129345939000,113.0,39,112.5,106,113.5,93,2,2022-02-16 09:02:09
1645002129435271000,112.5,1,112.5,109,113.0,1,2,2022-02-16 09:02:09
1645002129885680000,113.0,1,112.5,109,113.5,93,1,2022-02-16 09:02:09
1645002130323998000,113.0,1,113.0,1,113.5,93,1,2022-02-16 09:02:10
1645002132071852000,113.0,1,113.0,17,113.5,94,2,2022-02-16 09:02:12
1645002133210201000,113.0,17,112.5,109,113.0,33,2,2022-02-16 09:02:13
1645002133239889000,112.5,1,112.5,108,113.0,33,2,2022-02-16 09:02:13
1645002133421864000,113.0,3,112.5,113,113.0,30,1,2022-02-16 09:02:13
1645002133483184000,112.5,1,112.5,112,113.0,30,2,2022-02-16 09:02:13
1645002134679322000,112.5,1,112.5,112,113.0,32,2,2022-02-16 09:02:14
1645002134856188000,113.0,2,112.5,112,113.0,30,1,2022-02-16 09:02:14
1645002134877479000,113.0,2,112.5,112,113.0,28,1,2022-02-16 09:02:14
1645002135045286000,113.0,1,112.5,102,113.0,27,1,2022-02-16 09:02:15
1645002135752949000,113.0,3,112.5,106,113.0,28,1,2022-02-16 09:02:15
1645002135921547000,112.5,2,112.5,104,113.0,29,2,2022-02-16 09:02:15
1645002136088979000,113.0,1,112.5,104,113.0,28,1,2022-02-16 09:02:16
1645002137257465000,113.0,1,112.5,105,113.0,28,1,2022-02-16 09:02:17
1645002138721790000,113.0,1,112.5,108,113.0,32,1,2022-02-16 09:02:18
1645002140422872000,112.5,1,112.5,109,113.0,39,2,2022-02-16 09:02:20
1645002140559009000,112.5,1,112.5,108,113.0,39,2,2022-02-16 09:02:20
1645002140681033000,112.5,2,112.5,106,113.0,39,2,2022-02-16 09:02:20
1645002141396411000,112.5,2,112.5,104,113.0,39,2,2022-02-16 09:02:21
1645002141698495000,113.0,1,112.5,104,113.0,38,1,2022-02-16 09:02:21
1645002144316861000,112.5,10,112.5,95,113.0,42,2,2022-02-16 09:02:24
1645002144691691000,113.0,1,112.5,95,113.0,41,1,2022-02-16 09:02:24
1645002145451315000,112.5,1,112.5,94,113.0,48,2,2022-02-16 09:02:25
1645002146088871000,112.5,50,112.5,40,113.0,50,2,2022-02-16 09:02:26
1645002146153130000,112.5,1,112.5,39,113.0,50,2,2022-02-16 09:02:26
1645002146419311000,113.0,1,112.5,41,113.0,49,1,2022-02-16 09:02:26
1645002147093545000,113.0,1,112.5,49,113.0,48,1,2022-02-16 09:02:27
1645002147591673000,112.5,1,112.5,58,113.0,48,2,2022-02-16 09:02:27
1645002148434582000,112.5,1,112.5,59,113.0,50,2,2022-02-16 09:02:28
1645002148558300000,112.5,4,112.5,55,113.0,50,2,2022-02-16 09:02:28
1645002148570817000,112.5,1,112.5,54,113.0,50,2,2022-02-16 09:02:28
1645002149179889000,112.5,1,112.5,53,113.0,50,2,2022-02-16 09:02:29
1645002149390465000,112.5,1,112.5,52,113.0,50,2,2022-02-16 09:02:29
1645002149650962000,112.5,1,112.5,51,113.0,50,2,2022-02-16 09:02:29
1645002150164350000,112.5,1,112.5,57,113.0,50,2,2022-02-16 09:02:30
1645002150493558000,112.5,1,112.5,56,113.0,53,2,2022-02-16 09:02:30
1645002150667627000,113.0,3,112.5,56,113.0,50,1,2022-02-16 09:02:30
1645002150990282000,112.5,3,112.5,53,113.0,50,2,2022-02-16 09:02:30
1645002151191693000,113.0,2,112.5,55,113.0,48,1,2022-02-16 09:02:31
1645002152113846000,112.5,1,112.5,54,113.0,47,2,2022-02-16 09:02:32
1645002153723798000,113.0,3,112.5,54,113.0,97,1,2022-02-16 09:02:33
1645002154054495000,112.5,1,112.5,54,113.0,97,2,2022-02-16 09:02:34
1645002155089589000,112.5,50,112.5,7,113.0,97,2,2022-02-16 09:02:35
1645002155124708000,112.5,1,112.5,6,113.0,97,2,2022-02-16 09:02:35
1645002155593113000,112.5,4,112.5,3,113.0,97,2,2022-02-16 09:02:35
1645002155593138000,112.5,3,112.0,86,113.0,97,2,2022-02-16 09:02:35
1645002156162442000,112.0,2,112.0,88,112.5,20,2,2022-02-16 09:02:36
1645002156209430000,112.0,1,112.0,87,112.5,20,2,2022-02-16 09:02:36
1645002156998470000,112.5,5,112.0,87,112.5,22,1,2022-02-16 09:02:36
1645002157359472000,112.0,1,112.0,86,112.5,22,2,2022-02-16 09:02:37
1645002157408403000,112.0,1,112.0,85,112.5,22,2,2022-02-16 09:02:37
1645002157601917000,112.0,2,112.0,84,112.5,22,2,2022-02-16 09:02:37
1645002158181401000,112.5,1,112.0,84,112.5,26,1,2022-02-16 09:02:38
1645002159249657000,112.5,1,112.0,84,112.5,29,1,2022-02-16 09:02:39
1645002160730818000,112.5,1,112.0,85,112.5,33,1,2022-02-16 09:02:40
1645002161098250000,112.0,1,112.0,84,112.5,33,2,2022-02-16 09:02:41
1645002163350545000,112.5,1,112.0,88,112.5,54,1,2022-02-16 09:02:43
1645002164260566000,112.5,1,112.0,90,112.5,53,1,2022-02-16 09:02:44
1645002164562579000,112.5,2,112.0,90,112.5,51,1,2022-02-16 09:02:44
1645002165237579000,112.5,1,112.0,90,112.5,55,1,2022-02-16 09:02:45
1645002167703602000,112.5,10,112.0,91,112.5,42,1,2022-02-16 09:02:47
1645002168869034000,112.0,3,112.0,86,112.5,42,2,2022-02-16 09:02:48
1645002169134165000,112.5,6,112.0,86,112.5,37,1,2022-02-16 09:02:49
1645002169209232000,112.5,1,112.0,86,112.5,36,1,2022-02-16 09:02:49
1645002169485310000,112.5,1,112.0,86,112.5,35,1,2022-02-16 09:02:49
1645002169677578000,112.0,1,112.0,85,112.5,35,2,2022-02-16 09:02:49
1645002169954239000,112.5,10,112.0,85,112.5,26,1,2022-02-16 09:02:49
1645002170281249000,112.0,2,112.0,83,112.5,26,2,2022-02-16 09:02:50
1645002170400106000,112.0,2,112.0,81,112.5,26,2,2022-02-16 09:02:50
1645002170746633000,112.5,10,112.0,82,112.5,16,1,2022-02-16 09:02:50
1645002170881301000,112.5,6,112.0,82,112.5,10,1,2022-02-16 09:02:50
1645002170938621000,112.5,1,112.0,82,112.5,10,1,2022-02-16 09:02:50
1645002170999595000,112.0,2,112.0,80,112.5,10,2,2022-02-16 09:02:50
1645002171154645000,112.5,1,112.0,80,112.5,9,1,2022-02-16 09:02:51
1645002171313392000,112.5,9,112.5,1,113.0,113,1,2022-02-16 09:02:51
1645002171417576000,112.5,1,112.0,79,113.0,113,2,2022-02-16 09:02:51
1645002171417576000,112.0,1,112.0,79,113.0,113,2,2022-02-16 09:02:51
1645002171500739000,113.0,5,112.0,79,113.0,108,1,2022-02-16 09:02:51
1645002172140825000,112.5,1,112.0,79,112.5,2,1,2022-02-16 09:02:52
1645002172482063000,112.5,1,112.0,77,112.5,2,1,2022-02-16 09:02:52
1645002172582930000,112.5,1,112.0,77,112.5,1,1,2022-02-16 09:02:52
1645002172872473000,112.5,1,112.5,1,113.0,106,1,2022-02-16 09:02:52
1645002173168328000,112.5,1,112.5,1,113.0,105,2,2022-02-16 09:02:53
1645002173178073000,113.0,6,112.5,1,113.0,99,1,2022-02-16 09:02:53
1645002174782346000,113.0,1,112.5,10,113.0,98,1,2022-02-16 09:02:54
1645002175193106000,113.0,1,112.5,12,113.0,97,1,2022-02-16 09:02:55
1645002175603489000,113.0,1,112.5,16,113.0,76,1,2022-02-16 09:02:55
1645002175961537000,112.5,1,112.5,17,113.0,76,2,2022-02-16 09:02:55
1645002180496016000,113.0,1,112.5,60,113.0,93,1,2022-02-16 09:03:00
1645002180965880000,112.5,6,112.5,54,113.0,91,2,2022-02-16 09:03:00
1645002181144982000,112.5,1,112.5,52,113.0,91,2,2022-02-16 09:03:01
1645002182086509000,112.5,1,112.5,54,113.0,92,2,2022-02-16 09:03:02
1645002182655817000,112.5,1,112.5,53,113.0,102,2,2022-02-16 09:03:02
1645002182815189000,112.5,5,112.5,48,113.0,102,2,2022-02-16 09:03:02
1645002185833308000,112.5,5,112.5,50,113.0,103,2,2022-02-16 09:03:05
1645002185946213000,112.5,1,112.5,49,113.0,103,2,2022-02-16 09:03:05
1645002188250148000,112.5,10,112.5,42,113.0,104,2,2022-02-16 09:03:08
1645002189635838000,112.5,1,112.5,41,113.0,109,2,2022-02-16 09:03:09
1645002189807510000,112.5,8,112.5,33,113.0,109,2,2022-02-16 09:03:09
1645002191277716000,112.5,1,112.5,32,113.0,110,2,2022-02-16 09:03:11
1645002192190650000,112.5,1,112.5,31,113.0,111,2,2022-02-16 09:03:12
1645002193722538000,112.5,1,112.5,30,113.0,110,2,2022-02-16 09:03:13
1645002194246254000,112.5,1,112.5,30,113.0,110,2,2022-02-16 09:03:14
1645002194422393000,112.5,3,112.5,28,113.0,110,2,2022-02-16 09:03:14
1645002194573566000,112.5,2,112.5,27,113.0,110,2,2022-02-16 09:03:14
1645002197705212000,112.5,1,112.5,24,113.0,111,2,2022-02-16 09:03:17
1645002198522459000,112.5,3,112.5,22,113.0,111,2,2022-02-16 09:03:18
1645002198756581000,113.0,1,112.5,21,113.0,110,1,2022-02-16 09:03:18
1645002201297498000,112.5,1,112.5,22,113.0,110,2,2022-02-16 09:03:21
1645002202505634000,113.0,1,112.5,25,113.0,110,1,2022-02-16 09:03:22
1645002204491719000,112.5,10,112.5,18,113.0,110,2,2022-02-16 09:03:24
1645002204519415000,112.5,18,112.0,67,113.0,110,2,2022-02-16 09:03:24
1645002205306497000,112.5,1,112.5,1,113.0,110,2,2022-02-16 09:03:25
1645002206084715000,113.0,1,112.5,2,113.0,107,1,2022-02-16 09:03:26
1645002206841664000,112.5,2,112.0,69,113.0,107,2,2022-02-16 09:03:26
1645002207396938000,113.0,3,112.0,69,113.0,103,1,2022-02-16 09:03:27
1645002208009052000,112.5,1,112.0,69,113.0,105,2,2022-02-16 09:03:28
1645002210229096000,112.5,1,112.5,1,113.0,107,2,2022-02-16 09:03:30
1645002211207721000,112.5,1,112.5,1,113.0,108,2,2022-02-16 09:03:31
1645002211229193000,112.5,1,112.0,69,113.0,108,2,2022-02-16 09:03:31
1645002212011891000,112.5,1,112.0,69,113.0,104,2,2022-02-16 09:03:32
1645002212032646000,112.0,1,112.0,68,113.0,104,2,2022-02-16 09:03:32
1645002212303626000,112.5,1,112.0,70,113.0,103,2,2022-02-16 09:03:32
1645002214506008000,112.5,1,112.5,1,113.0,103,2,2022-02-16 09:03:34
1645002216216066000,112.5,1,112.5,2,113.0,104,2,2022-02-16 09:03:36
1645002216472044000,112.5,1,112.5,1,113.0,104,2,2022-02-16 09:03:36
1645002216972792000,112.5,1,112.5,4,113.0,104,2,2022-02-16 09:03:36
1645002217121456000,112.5,1,112.5,3,113.0,104,2,2022-02-16 09:03:37
1645002218506176000,112.5,6,112.0,67,113.0,104,2,2022-02-16 09:03:38
1645002218506176000,112.0,4,112.0,67,113.0,104,2,2022-02-16 09:03:38
1645002220529695000,112.5,2,112.0,68,112.5,5,1,2022-02-16 09:03:40
1645002222467669000,112.5,1,112.0,68,112.5,4,1,2022-02-16 09:03:42
1645002223560618000,112.5,1,112.0,68,112.5,6,1,2022-02-16 09:03:43
1645002224163074000,112.5,3,112.0,68,112.5,3,1,2022-02-16 09:03:44
1645002225064898000,112.0,9,112.0,59,112.5,4,2,2022-02-16 09:03:45
1645002225714922000,112.5,1,112.0,59,112.5,4,1,2022-02-16 09:03:45
1645002226746934000,112.5,4,112.0,59,112.5,11,1,2022-02-16 09:03:46
1645002226972751000,112.0,6,112.0,52,112.5,11,2,2022-02-16 09:03:46
1645002227872458000,112.5,5,112.0,48,112.5,13,1,2022-02-16 09:03:47
1645002227969721000,112.0,1,112.0,47,112.5,13,2,2022-02-16 09:03:47
1645002228476932000,112.5,1,112.0,47,112.5,16,1,2022-02-16 09:03:48
1645002229542585000,112.0,2,112.0,48,112.5,16,2,2022-02-16 09:03:49
1645002230008056000,112.5,1,112.0,49,112.5,15,1,2022-02-16 09:03:50
1645002230050128000,112.0,1,112.0,48,112.5,15,2,2022-02-16 09:03:50
1645002230726403000,112.0,1,112.0,82,112.5,16,2,2022-02-16 09:03:50
1645002231239584000,112.0,2,112.0,80,112.5,22,2,2022-02-16 09:03:51
1645002232120587000,112.5,5,112.0,82,112.5,17,1,2022-02-16 09:03:52
1645002234239240000,112.0,1,112.0,81,112.5,18,2,2022-02-16 09:03:54
1645002235811175000,112.0,10,112.0,75,112.5,30,2,2022-02-16 09:03:55
1645002236578419000,112.5,1,112.0,75,112.5,30,1,2022-02-16 09:03:56
1645002237298486000,112.5,1,112.0,78,112.5,29,1,2022-02-16 09:03:57
1645002238239917000,112.0,2,112.0,77,112.5,29,2,2022-02-16 09:03:58
1645002238840411000,112.5,10,112.0,77,112.5,19,1,2022-02-16 09:03:58
1645002240731388000,112.5,5,112.0,77,112.5,19,1,2022-02-16 09:04:00
1645002242080369000,112.5,1,112.0,78,112.5,19,1,2022-02-16 09:04:02
1645002242389260000,112.5,1,112.0,79,112.5,20,1,2022-02-16 09:04:02
1645002242978662000,112.5,1,112.0,80,112.5,20,1,2022-02-16 09:04:02
1645002242991737000,112.5,1,112.0,80,112.5,19,1,2022-02-16 09:04:02
1645002243789694000,112.5,3,112.0,81,112.5,16,1,2022-02-16 09:04:03
1645002243884263000,112.5,1,112.0,81,112.5,15,1,2022-02-16 09:04:03
1645002243901783000,112.5,1,112.0,81,112.5,14,1,2022-02-16 09:04:03
1645002244521884000,112.5,1,112.0,81,112.5,13,1,2022-02-16 09:04:04
1645002246131960000,112.5,13,112.5,2,113.0,116,1,2022-02-16 09:04:06
1645002248517599000,112.5,1,112.5,28,113.0,124,2,2022-02-16 09:04:08
1645002251883330000,112.5,10,112.5,10,113.0,124,2,2022-02-16 09:04:11
1645002252052424000,112.5,3,112.5,7,113.0,125,2,2022-02-16 09:04:12
1645002253914370000,112.5,1,112.5,11,113.0,129,2,2022-02-16 09:04:13
1645002254355661000,112.5,1,112.5,10,113.0,129,2,2022-02-16 09:04:14
1645002254662967000,112.5,1,112.5,10,113.0,129,2,2022-02-16 09:04:14
1645002255643651000,113.0,54,112.5,10,113.0,75,1,2022-02-16 09:04:15
1645002258024907000,113.0,2,112.5,15,113.0,53,1,2022-02-16 09:04:18
1645002258212277000,113.0,2,112.5,15,113.0,51,1,2022-02-16 09:04:18
1645002258268627000,112.5,1,112.5,15,113.0,51,2,2022-02-16 09:04:18
1645002261697151000,112.5,1,112.5,25,113.0,50,2,2022-02-16 09:04:21
1645002263694908000,112.5,1,112.5,31,113.0,51,2,2022-02-16 09:04:23
1645002263955463000,113.0,2,112.5,41,113.0,49,1,2022-02-16 09:04:23
1645002269213998000,113.0,5,112.5,52,113.0,47,1,2022-02-16 09:04:29
1645002271252614000,113.0,2,112.5,55,113.0,45,1,2022-02-16 09:04:31
1645002273893069000,113.0,1,112.5,57,113.0,44,1,2022-02-16 09:04:33
1645002274007315000,113.0,10,112.5,58,113.0,34,1,2022-02-16 09:04:34
1645002275066335000,113.0,2,112.5,61,113.0,32,1,2022-02-16 09:04:35
1645002275369011000,113.0,2,112.5,61,113.0,30,1,2022-02-16 09:04:35
1645002275378251000,113.0,2,112.5,61,113.0,28,1,2022-02-16 09:04:35
1645002275603699000,113.0,1,112.5,61,113.0,27,1,2022-02-16 09:04:35
1645002275658901000,113.0,5,112.5,61,113.0,22,1,2022-02-16 09:04:35
1645002275683452000,113.0,15,112.5,61,113.0,7,1,2022-02-16 09:04:35
1645002275714567000,113.0,7,112.5,61,113.5,153,1,2022-02-16 09:04:35
1645002277729606000,113.5,2,113.0,6,113.5,153,1,2022-02-16 09:04:37
1645002277769071000,113.5,1,113.0,6,113.5,152,1,2022-02-16 09:04:37
1645002277770069000,113.5,1,113.0,6,113.5,151,1,2022-02-16 09:04:37
1645002278200248000,113.0,7,112.5,64,113.5,150,2,2022-02-16 09:04:38
1645002278200248000,112.5,3,112.5,64,113.5,150,2,2022-02-16 09:04:38
1645002278595038000,113.0,1,113.0,1,113.5,150,2,2022-02-16 09:04:38
1645002280399928000,113.0,1,113.0,14,113.5,150,2,2022-02-16 09:04:40
1645002281037197000,113.0,1,113.0,13,113.5,150,2,2022-02-16 09:04:41
1645002282455671000,113.0,1,113.0,13,113.5,150,2,2022-02-16 09:04:42
1645002284571796000,113.5,1,113.0,14,113.5,148,1,2022-02-16 09:04:44
1645002285882120000,113.0,2,113.0,14,113.5,150,2,2022-02-16 09:04:45
1645002287904911000,113.5,1,113.0,14,113.5,149,1,2022-02-16 09:04:47
1645002289009054000,113.5,1,113.0,16,113.5,148,1,2022-02-16 09:04:49
1645002293427986000,113.5,5,113.0,27,113.5,148,1,2022-02-16 09:04:53
1645002295465176000,113.5,1,113.0,29,113.5,147,1,2022-02-16 09:04:55
1645002296736057000,113.5,1,113.0,29,113.5,156,1,2022-02-16 09:04:56
1645002296923004000,113.5,1,113.0,29,113.5,155,1,2022-02-16 09:04:56
1645002297064848000,113.5,10,113.0,30,113.5,145,1,2022-02-16 09:04:57
1645002297964119000,113.5,1,113.0,31,113.5,144,1,2022-02-16 09:04:57
1645002297979529000,113.5,1,113.0,31,113.5,143,1,2022-02-16 09:04:57
1645002299872154000,113.5,1,113.0,33,113.5,142,1,2022-02-16 09:04:59
1645002301106221000,113.0,5,113.0,29,113.5,142,2,2022-02-16 09:05:01
1645002301231207000,113.0,2,113.0,27,113.5,146,2,2022-02-16 09:05:01
1645002303130902000,113.0,4,113.0,23,113.5,143,2,2022-02-16 09:05:03
1645002308555693000,113.0,2,113.0,26,113.5,149,2,2022-02-16 09:05:08
1645002309631039000,113.5,1,113.0,26,113.5,148,1,2022-02-16 09:05:09
1645002310823766000,113.0,1,113.0,26,113.5,148,2,2022-02-16 09:05:10
1645002310855570000,113.0,8,113.0,18,113.5,148,2,2022-02-16 09:05:10
1645002310888480000,113.0,2,113.0,16,113.5,148,2,2022-02-16 09:05:10
1645002310889590000,113.0,2,113.0,14,113.5,148,2,2022-02-16 09:05:10
1645002310917769000,113.0,2,113.0,12,113.5,148,2,2022-02-16 09:05:10
1645002311411801000,113.0,12,112.5,62,113.0,18,2,2022-02-16 09:05:11
1645002311748634000,112.5,5,112.5,57,113.0,19,2,2022-02-16 09:05:11
1645002312010652000,113.0,1,112.5,57,113.0,18,1,2022-02-16 09:05:12
1645002312038911000,112.5,2,112.5,55,113.0,18,2,2022-02-16 09:05:12
1645002313077552000,113.0,1,112.5,54,113.0,25,1,2022-02-16 09:05:13
1645002314341052000,112.5,1,112.5,52,113.0,50,2,2022-02-16 09:05:14
1645002314386714000,112.5,8,112.5,44,113.0,42,2,2022-02-16 09:05:14
1645002314454714000,112.5,8,112.5,36,113.0,42,2,2022-02-16 09:05:14
1645002314506335000,112.5,1,112.5,35,113.0,42,2,2022-02-16 09:05:14
1645002314510465000,112.5,8,112.5,27,113.0,42,2,2022-02-16 09:05:14
1645002314546331000,112.5,1,112.5,26,113.0,42,2,2022-02-16 09:05:14
1645002314554608000,112.5,5,112.5,21,113.0,42,2,2022-02-16 09:05:14
1645002314592720000,112.5,1,112.5,20,113.0,42,2,2022-02-16 09:05:14
1645002314595713000,113.0,1,112.5,20,113.0,41,1,2022-02-16 09:05:14
1645002314623729000,112.5,5,112.5,15,113.0,41,2,2022-02-16 09:05:14
1645002314676453000,112.5,15,112.0,85,113.0,41,2,2022-02-16 09:05:14
1645002314757955000,112.0,1,112.0,84,112.5,1,2,2022-02-16 09:05:14
1645002314810575000,112.0,2,112.0,82,112.5,1,2,2022-02-16 09:05:14
1645002315507524000,112.5,1,112.0,82,113.0,48,1,2022-02-16 09:05:15
1645002316618867000,112.5,1,112.0,81,113.0,50,1,2022-02-16 09:05:16
1645002317788618000,112.5,1,112.5,1,113.0,50,2,2022-02-16 09:05:17
1645002318390763000,112.5,1,112.0,83,113.0,59,2,2022-02-16 09:05:18
1645002321540554000,112.5,1,112.0,83,112.5,1,2,2022-02-16 09:05:21
1645002321931644000,112.5,4,112.0,83,113.0,44,1,2022-02-16 09:05:21
1645002321931644000,113.0,26,112.0,83,113.0,44,1,2022-02-16 09:05:21
1645002327731030000,113.0,1,112.5,10,113.0,53,1,2022-02-16 09:05:27
1645002328147855000,113.0,1,112.5,10,113.0,51,1,2022-02-16 09:05:28
1645002328814928000,112.5,1,112.5,11,113.0,51,2,2022-02-16 09:05:28
1645002331301876000,112.5,1,112.5,13,113.0,48,2,2022-02-16 09:05:31
1645002332851107000,112.5,4,112.5,11,113.0,50,2,2022-02-16 09:05:32
1645002334791058000,112.5,10,112.5,5,113.0,53,2,2022-02-16 09:05:34
1645002336146443000,112.5,1,112.5,4,113.0,53,2,2022-02-16 09:05:36
1645002336188290000,112.5,1,112.5,3,113.0,53,2,2022-02-16 09:05:36
1645002339620813000,112.5,2,112.5,2,113.0,53,2,2022-02-16 09:05:39
1645002339654048000,112.5,2,112.0,281,113.0,53,2,2022-02-16 09:05:39
1645002341654467000,112.5,1,112.0,281,112.5,9,1,2022-02-16 09:05:41
1645002342133530000,112.0,1,112.0,280,112.5,9,2,2022-02-16 09:05:42
1645002342185735000,112.0,1,112.0,279,112.5,9,2,2022-02-16 09:05:42
1645002342349298000,112.5,1,112.0,279,112.5,8,1,2022-02-16 09:05:42
1645002343643499000,112.5,1,112.0,279,112.5,10,1,2022-02-16 09:05:43
1645002345060286000,112.5,1,112.0,279,112.5,10,1,2022-02-16 09:05:45
1645002346567132000,112.5,1,112.0,280,112.5,19,1,2022-02-16 09:05:46
1645002348672530000,112.5,10,112.0,280,112.5,14,1,2022-02-16 09:05:48
1645002350007291000,112.5,1,112.0,281,112.5,19,1,2022-02-16 09:05:50
1645002351306188000,112.5,1,112.0,283,112.5,31,1,2022-02-16 09:05:51
1645002352464084000,112.5,1,112.0,283,112.5,30,1,2022-02-16 09:05:52
1645002352674404000,112.5,1,112.0,283,112.5,29,1,2022-02-16 09:05:52
1645002354928436000,112.5,1,112.0,83,112.5,30,1,2022-02-16 09:05:54
1645002355600684000,112.5,1,112.0,83,112.5,29,1,2022-02-16 09:05:55
1645002358720097000,112.5,1,112.0,83,112.5,30,1,2022-02-16 09:05:58
1645002360013237000,112.0,12,112.0,72,112.5,29,2,2022-02-16 09:06:00
1645002360203172000,112.5,1,112.0,72,112.5,28,1,2022-02-16 09:06:00
1645002364435858000,112.5,1,112.0,72,112.5,48,1,2022-02-16 09:06:04
1645002364510731000,112.0,2,112.0,70,112.5,46,2,2022-02-16 09:06:04
1645002365453969000,112.5,1,112.0,69,112.5,45,1,2022-02-16 09:06:05
1645002367545176000,112.0,1,112.0,69,112.5,45,2,2022-02-16 09:06:07
1645002367587420000,112.5,1,112.0,69,112.5,44,1,2022-02-16 09:06:07
1645002367643447000,112.5,1,112.0,69,112.5,43,1,2022-02-16 09:06:07
1645002368442195000,112.0,1,112.0,72,112.5,45,2,2022-02-16 09:06:08
1645002369465341000,112.0,1,112.0,71,112.5,46,2,2022-02-16 09:06:09
1645002369886456000,112.0,2,112.0,69,112.5,46,2,2022-02-16 09:06:09
1645002370209113000,112.5,1,112.0,69,112.5,45,1,2022-02-16 09:06:10
1645002371672938000,112.0,5,112.0,65,112.5,41,2,2022-02-16 09:06:11
1645002371673430000,112.5,1,112.0,65,112.5,40,1,2022-02-16 09:06:11
1645002371725851000,112.0,1,112.0,64,112.5,40,2,2022-02-16 09:06:11
1645002373214490000,112.0,1,112.0,63,112.5,40,2,2022-02-16 09:06:13
1645002374644223000,112.0,1,112.0,68,112.5,40,2,2022-02-16 09:06:14
1645002376546964000,112.0,2,112.0,68,112.5,50,2,2022-02-16 09:06:16
1645002376596205000,112.0,1,112.0,67,112.5,50,2,2022-02-16 09:06:16
1645002377990233000,112.5,1,112.0,67,112.5,50,1,2022-02-16 09:06:17
1645002379231473000,112.0,1,112.0,66,112.5,50,2,2022-02-16 09:06:19
1645002379609607000,112.0,1,112.0,65,112.5,50,2,2022-02-16 09:06:19
1645002381251915000,112.0,2,112.0,63,112.5,50,2,2022-02-16 09:06:21
1645002381373855000,112.0,10,112.0,53,112.5,50,2,2022-02-16 09:06:21
1645002381411716000,112.0,1,112.0,52,112.5,50,2,2022-02-16 09:06:21
1645002381412889000,112.0,14,112.0,38,112.5,50,2,2022-02-16 09:06:21
1645002381430823000,112.0,1,112.0,37,112.5,50,2,2022-02-16 09:06:21
1645002382837965000,112.0,1,112.0,36,112.5,51,2,2022-02-16 09:06:22
1645002383617583000,112.0,1,112.0,36,112.5,52,2,2022-02-16 09:06:23
1645002383637465000,112.0,2,112.0,34,112.5,52,2,2022-02-16 09:06:23
1645002383680807000,112.0,5,112.0,29,112.5,52,2,2022-02-16 09:06:23
1645002383745644000,112.0,1,112.0,28,112.5,52,2,2022-02-16 09:06:23
1645002384103388000,112.0,2,112.0,26,112.5,52,2,2022-02-16 09:06:24
1645002384160711000,112.0,10,112.0,16,112.5,52,2,2022-02-16 09:06:24
1645002384191749000,112.0,5,112.0,11,112.5,52,2,2022-02-16 09:06:24
1645002384192734000,112.0,1,112.0,10,112.5,52,2,2022-02-16 09:06:24
1645002384682968000,112.0,1,112.0,9,112.5,52,2,2022-02-16 09:06:24
1645002384778621000,112.0,3,112.0,6,112.5,52,2,2022-02-16 09:06:24
1645002385085756000,112.0,3,112.0,3,112.5,56,2,2022-02-16 09:06:25
1645002385229573000,112.0,1,112.0,2,112.5,56,2,2022-02-16 09:06:25
1645002385505323000,112.0,1,112.0,1,112.5,56,2,2022-02-16 09:06:25
1645002385914219000,112.0,1,111.5,250,112.0,4,2,2022-02-16 09:06:25
1645002385950896000,112.0,4,111.5,250,112.5,56,1,2022-02-16 09:06:25
1645002386250158000,111.5,1,111.5,243,112.0,1,2,2022-02-16 09:06:26
1645002386275463000,111.5,1,111.5,242,112.0,1,2,2022-02-16 09:06:26
1645002386276892000,111.5,3,111.5,239,112.0,1,2,2022-02-16 09:06:26
1645002386287198000,111.5,1,111.5,238,112.0,1,2,2022-02-16 09:06:26
1645002386294227000,111.5,1,111.5,237,112.0,1,2,2022-02-16 09:06:26
1645002386301375000,111.5,1,111.5,236,112.0,1,2,2022-02-16 09:06:26
1645002386309095000,111.5,1,111.5,235,112.0,1,2,2022-02-16 09:06:26
1645002386319302000,111.5,2,111.5,233,112.0,1,2,2022-02-16 09:06:26
1645002386319449000,111.5,1,111.5,232,112.0,1,2,2022-02-16 09:06:26
1645002386327022000,111.5,1,111.5,231,112.0,1,2,2022-02-16 09:06:26
1645002386368034000,111.5,1,111.5,230,112.0,1,2,2022-02-16 09:06:26
1645002386371339000,111.5,1,111.5,229,112.0,1,2,2022-02-16 09:06:26
1645002386531937000,111.5,15,111.5,214,112.0,2,2,2022-02-16 09:06:26
1645002386564294000,111.5,1,111.5,213,112.0,2,2,2022-02-16 09:06:26
1645002388156228000,111.5,3,111.5,209,112.0,27,2,2022-02-16 09:06:28
1645002388730729000,111.5,1,111.5,208,112.0,27,2,2022-02-16 09:06:28
1645002390385937000,111.5,7,111.5,201,112.0,27,2,2022-02-16 09:06:30
1645002390426101000,111.5,1,111.5,200,112.0,27,2,2022-02-16 09:06:30
1645002390435989000,111.5,2,111.5,198,112.0,27,2,2022-02-16 09:06:30
1645002390591413000,112.0,1,111.5,198,112.0,26,1,2022-02-16 09:06:30
1645002390843213000,111.5,2,111.5,195,112.0,26,2,2022-02-16 09:06:30
1645002392374891000,112.0,1,111.5,196,112.0,28,1,2022-02-16 09:06:32
1645002393072257000,111.5,1,111.5,195,112.0,19,2,2022-02-16 09:06:33
1645002393182679000,112.0,1,111.5,195,112.0,28,1,2022-02-16 09:06:33
1645002393215388000,111.5,11,111.5,184,112.0,20,2,2022-02-16 09:06:33
1645002393250523000,111.5,1,111.5,183,112.0,20,2,2022-02-16 09:06:33
1645002393279967000,111.5,1,111.5,182,112.0,30,2,2022-02-16 09:06:33
1645002395435499000,111.5,1,111.5,183,112.0,33,2,2022-02-16 09:06:35
1645002396078831000,111.5,2,111.5,4,112.0,33,2,2022-02-16 09:06:36
1645002397185002000,111.5,1,111.5,4,112.0,33,2,2022-02-16 09:06:37
1645002397225672000,111.5,4,111.0,55,112.0,33,2,2022-02-16 09:06:37
1645002397543209000,111.0,1,111.0,56,111.5,1,2,2022-02-16 09:06:37
1645002397631735000,111.0,1,111.0,55,111.5,1,2,2022-02-16 09:06:37
1645002397690189000,111.0,1,111.0,54,111.5,1,2,2022-02-16 09:06:37
1645002397707529000,111.0,1,111.0,53,111.5,1,2,2022-02-16 09:06:37
1645002399280805000,111.0,5,111.0,46,111.5,17,2,2022-02-16 09:06:39
1645002399770166000,111.5,2,111.0,46,111.5,20,1,2022-02-16 09:06:39
1645002399864326000,111.0,1,111.0,44,111.5,20,2,2022-02-16 09:06:39
1645002400040839000,111.5,1,111.0,44,111.5,19,1,2022-02-16 09:06:40
1645002400042655000,111.0,5,111.0,39,111.5,19,2,2022-02-16 09:06:40
1645002400076793000,111.0,1,111.0,38,111.5,19,2,2022-02-16 09:06:40
1645002401899308000,111.0,1,111.0,39,111.5,20,2,2022-02-16 09:06:41
1645002402860001000,111.0,5,111.0,35,111.5,21,2,2022-02-16 09:06:42
1645002403646205000,111.0,1,111.0,35,111.5,20,2,2022-02-16 09:06:43
1645002403866505000,111.0,1,111.0,34,111.5,28,2,2022-02-16 09:06:43
1645002404275482000,111.5,1,111.0,34,111.5,27,1,2022-02-16 09:06:44
1645002405658829000,111.0,1,111.0,37,111.5,17,2,2022-02-16 09:06:45
1645002406492938000,111.5,1,111.0,39,111.5,16,1,2022-02-16 09:06:46
1645002406657946000,111.0,1,111.0,46,111.5,16,2,2022-02-16 09:06:46
1645002407258486000,111.0,2,111.0,38,111.5,16,2,2022-02-16 09:06:47
1645002407355348000,111.0,5,111.0,33,111.5,16,2,2022-02-16 09:06:47
1645002407388980000,111.0,1,111.0,32,111.5,16,2,2022-02-16 09:06:47
1645002407408009000,111.0,1,111.0,31,111.5,16,2,2022-02-16 09:06:47
1645002407447371000,111.0,1,111.0,30,111.5,16,2,2022-02-16 09:06:47
1645002407489735000,111.0,1,111.0,29,111.5,16,2,2022-02-16 09:06:47
1645002408134358000,111.0,2,111.0,27,111.5,16,2,2022-02-16 09:06:48
1645002408388377000,111.0,27,110.5,40,111.5,26,2,2022-02-16 09:06:48
1645002408388377000,110.5,8,110.5,40,111.5,26,2,2022-02-16 09:06:48
1645002409092529000,111.0,1,110.5,50,111.0,2,1,2022-02-16 09:06:49
1645002409126604000,111.0,2,110.5,50,111.5,29,1,2022-02-16 09:06:49
1645002410407415000,111.0,2,110.5,50,111.0,9,1,2022-02-16 09:06:50
1645002410445226000,110.5,1,110.5,49,111.0,9,2,2022-02-16 09:06:50
1645002410532661000,111.0,1,110.5,49,111.0,8,1,2022-02-16 09:06:50
1645002410948368000,111.0,2,110.5,49,111.0,6,1,2022-02-16 09:06:50
1645002411038606000,111.0,1,110.5,49,111.0,5,1,2022-02-16 09:06:51
1645002411754158000,110.5,1,110.5,48,111.0,5,2,2022-02-16 09:06:51
1645002411776242000,111.0,1,110.5,48,111.0,4,1,2022-02-16 09:06:51
1645002412080185000,111.0,1,110.5,48,111.0,3,1,2022-02-16 09:06:52
1645002412125831000,110.5,5,110.5,43,111.0,3,2,2022-02-16 09:06:52
1645002412543660000,111.0,1,110.5,43,111.0,4,1,2022-02-16 09:06:52
1645002412743141000,111.0,1,110.5,43,111.0,3,1,2022-02-16 09:06:52
1645002412833183000,111.0,1,110.5,43,111.0,2,1,2022-02-16 09:06:52
1645002413037553000,111.0,2,111.0,8,111.5,21,1,2022-02-16 09:06:53
1645002413987256000,111.0,1,111.0,17,111.5,16,2,2022-02-16 09:06:53
1645002414047190000,111.0,1,111.0,19,111.5,22,2,2022-02-16 09:06:54
1645002414570975000,111.0,2,111.0,19,111.5,22,2,2022-02-16 09:06:54
1645002414672709000,111.0,2,111.0,17,111.5,22,2,2022-02-16 09:06:54
1645002415257078000,111.0,1,111.0,16,111.5,22,2,2022-02-16 09:06:55
1645002416234561000,111.0,1,111.0,26,111.5,22,2,2022-02-16 09:06:56
1645002416843174000,111.0,1,111.0,25,111.5,22,2,2022-02-16 09:06:56
1645002417161015000,111.5,1,111.0,29,111.5,31,1,2022-02-16 09:06:57
1645002417232407000,111.0,1,111.0,28,111.5,31,2,2022-02-16 09:06:57
1645002417707276000,111.0,3,111.0,26,111.5,31,2,2022-02-16 09:06:57
1645002418368692000,111.0,3,111.0,15,111.5,34,2,2022-02-16 09:06:58
1645002418910404000,111.0,1,111.0,14,111.5,34,2,2022-02-16 09:06:58
1645002419456549000,111.0,2,111.0,13,111.5,34,2,2022-02-16 09:06:59
1645002419466473000,111.0,1,111.0,12,111.5,34,2,2022-02-16 09:06:59
1645002420455789000,111.5,1,111.0,19,111.5,34,1,2022-02-16 09:07:00
1645002420740550000,111.0,1,111.0,28,111.5,35,2,2022-02-16 09:07:00
1645002421626299000,111.0,1,111.0,27,111.5,35,2,2022-02-16 09:07:01
1645002421661231000,111.0,1,111.0,26,111.5,36,2,2022-02-16 09:07:01
1645002421674223000,111.0,5,111.0,21,111.5,36,2,2022-02-16 09:07:01
1645002422122350000,111.0,1,111.0,12,111.5,36,2,2022-02-16 09:07:02
1645002422838932000,111.0,1,111.0,13,111.5,36,2,2022-02-16 09:07:02
1645002423541731000,111.0,1,111.0,12,111.5,37,2,2022-02-16 09:07:03
1645002423769283000,111.0,1,111.0,12,111.5,37,2,2022-02-16 09:07:03
1645002424209967000,111.0,1,111.0,11,111.5,37,2,2022-02-16 09:07:04
1645002424773644000,111.0,1,111.0,10,111.5,37,2,2022-02-16 09:07:04
1645002428446829000,111.5,1,111.0,28,111.5,46,1,2022-02-16 09:07:08
1645002428730529000,111.0,2,111.0,26,111.5,46,2,2022-02-16 09:07:08
1645002430499873000,111.0,1,111.0,29,111.5,46,2,2022-02-16 09:07:10
1645002431005678000,111.5,3,111.0,29,111.5,43,1,2022-02-16 09:07:11
1645002432076862000,111.0,1,111.0,31,111.5,43,2,2022-02-16 09:07:12
1645002433526385000,111.5,1,111.0,32,111.5,42,1,2022-02-16 09:07:13
1645002434303655000,111.0,1,111.0,32,111.5,42,2,2022-02-16 09:07:14
1645002435623627000,111.0,2,111.0,30,111.5,42,2,2022-02-16 09:07:15
1645002438578433000,111.5,1,111.0,31,111.5,41,1,2022-02-16 09:07:18
1645002438771609000,111.5,1,111.0,31,111.5,40,1,2022-02-16 09:07:18
1645002440733012000,111.5,1,111.0,33,111.5,39,1,2022-02-16 09:07:20
1645002442052633000,111.0,1,111.0,35,111.5,41,2,2022-02-16 09:07:22
1645002442712431000,111.5,4,111.0,36,111.5,39,1,2022-02-16 09:07:22
1645002444193304000,111.0,1,111.0,45,111.5,38,2,2022-02-16 09:07:24
1645002445088207000,111.5,10,111.0,35,111.5,35,1,2022-02-16 09:07:25
1645002445664081000,111.5,1,111.0,35,111.5,34,1,2022-02-16 09:07:25
1645002447498932000,111.5,1,111.0,37,111.5,35,1,2022-02-16 09:07:27
1645002447576457000,111.5,35,111.5,52,112.0,22,1,2022-02-16 09:07:27
1645002448406090000,112.0,7,111.5,61,112.0,15,1,2022-02-16 09:07:28
1645002448852200000,111.5,1,111.5,60,112.0,15,2,2022-02-16 09:07:28
1645002449213319000,111.5,1,111.5,61,112.0,15,2,2022-02-16 09:07:29
1645002449566032000,112.0,1,111.5,61,112.0,14,1,2022-02-16 09:07:29
1645002450100721000,111.5,1,111.5,60,112.0,14,2,2022-02-16 09:07:30
1645002450508838000,112.0,1,111.5,60,112.0,13,1,2022-02-16 09:07:30
1645002452235576000,111.5,8,111.5,53,112.0,30,2,2022-02-16 09:07:32
1645002452800952000,112.0,1,111.5,45,112.0,38,1,2022-02-16 09:07:32
1645002463699606000,112.0,5,111.5,53,112.0,43,1,2022-02-16 09:07:43
1645002466918645000,112.0,1,111.5,66,112.0,42,1,2022-02-16 09:07:46
1645002468860539000,112.0,3,111.5,67,112.0,39,1,2022-02-16 09:07:48
1645002470308979000,112.0,1,111.5,67,112.0,38,1,2022-02-16 09:07:50
1645002470351731000,112.0,1,111.5,67,112.0,37,1,2022-02-16 09:07:50
1645002470766852000,112.0,1,111.5,67,112.0,27,1,2022-02-16 09:07:50
1645002471089492000,112.0,1,111.5,67,112.0,26,1,2022-02-16 09:07:51
1645002471847377000,112.0,1,111.5,67,112.0,29,1,2022-02-16 09:07:51
1645002473167941000,112.0,1,111.5,67,112.0,28,1,2022-02-16 09:07:53
1645002473610153000,112.0,1,111.5,67,112.0,27,1,2022-02-16 09:07:53
1645002475460618000,112.0,1,111.5,66,112.0,55,1,2022-02-16 09:07:55
1645002477046904000,112.0,1,111.5,67,112.0,61,1,2022-02-16 09:07:57
1645002479477724000,112.0,10,111.5,70,112.0,55,1,2022-02-16 09:07:59
1645002479697178000,112.0,5,111.5,70,112.0,50,1,2022-02-16 09:07:59
1645002480584442000,112.0,1,111.5,70,112.0,50,1,2022-02-16 09:08:00
1645002482276854000,112.0,1,111.5,70,112.0,53,1,2022-02-16 09:08:02
1645002483317851000,112.0,2,111.5,70,112.0,52,1,2022-02-16 09:08:03
1645002485041601000,112.0,1,111.5,71,112.0,51,1,2022-02-16 09:08:05
1645002485211971000,112.0,2,111.5,69,112.0,49,1,2022-02-16 09:08:05
1645002488423421000,112.0,1,111.5,70,112.0,48,1,2022-02-16 09:08:08
1645002489124793000,112.0,1,111.5,70,112.0,47,1,2022-02-16 09:08:09
1645002492741516000,112.0,1,111.5,70,112.0,47,1,2022-02-16 09:08:12
1645002497233747000,112.0,1,111.5,71,112.0,47,1,2022-02-16 09:08:17
1645002497404987000,112.0,1,111.5,71,112.0,46,1,2022-02-16 09:08:17
1645002500158290000,112.0,7,111.5,74,112.0,40,1,2022-02-16 09:08:20
1645002505610890000,112.0,1,111.5,77,112.0,49,1,2022-02-16 09:08:25
1645002508707815000,112.0,1,111.5,78,112.0,49,1,2022-02-16 09:08:28
1645002514504818000,112.0,3,111.5,77,112.0,46,1,2022-02-16 09:08:34
1645002515616525000,112.0,1,111.5,77,112.0,45,1,2022-02-16 09:08:35
1645002518771176000,112.0,1,111.5,77,112.0,44,1,2022-02-16 09:08:38
1645002518803751000,112.0,10,111.5,77,112.0,34,1,2022-02-16 09:08:38
1645002519221452000,112.0,10,111.5,77,112.0,24,1,2022-02-16 09:08:39
1645002519609141000,112.0,1,111.5,77,112.0,23,1,2022-02-16 09:08:39
1645002519994190000,112.0,1,111.5,77,112.0,22,1,2022-02-16 09:08:39
1645002521238841000,112.0,3,111.5,77,112.0,19,1,2022-02-16 09:08:41
1645002521274519000,112.0,1,111.5,77,112.0,18,1,2022-02-16 09:08:41
1645002521611412000,112.0,1,111.5,77,112.0,17,1,2022-02-16 09:08:41
1645002521799743000,112.0,1,111.5,77,112.0,16,1,2022-02-16 09:08:41
1645002521868301000,112.0,1,111.5,78,112.0,15,1,2022-02-16 09:08:41
1645002522251820000,112.0,1,111.5,78,112.0,4,1,2022-02-16 09:08:42
1645002522366636000,112.0,1,111.5,78,112.0,3,1,2022-02-16 09:08:42
1645002522425907000,112.0,1,111.5,78,112.0,2,1,2022-02-16 09:08:42
1645002522541287000,112.0,1,111.5,78,112.0,1,1,2022-02-16 09:08:42
1645002523838352000,112.0,1,111.5,78,112.0,12,1,2022-02-16 09:08:43
1645002524002629000,112.0,1,111.5,78,112.0,1,1,2022-02-16 09:08:44
1645002524136649000,112.0,1,112.0,9,112.5,87,1,2022-02-16 09:08:44
1645002524173596000,112.0,1,112.0,8,112.5,87,2,2022-02-16 09:08:44
1645002537195546000,112.0,20,112.0,25,112.5,86,2,2022-02-16 09:08:57
1645002537248710000,112.0,14,112.0,11,112.5,86,2,2022-02-16 09:08:57
1645002538200720000,112.0,2,112.0,9,112.5,86,2,2022-02-16 09:08:58
1645002539989113000,112.0,3,112.0,6,112.5,86,2,2022-02-16 09:08:59
1645002540221150000,112.0,1,112.0,5,112.5,86,2,2022-02-16 09:09:00
1645002540609908000,112.0,1,112.0,4,112.5,86,2,2022-02-16 09:09:00
1645002541778119000,112.0,1,112.0,4,112.5,86,2,2022-02-16 09:09:01
1645002541843948000,112.0,4,111.5,81,112.5,86,2,2022-02-16 09:09:01
1645002542097775000,112.0,1,111.5,80,112.0,6,1,2022-02-16 09:09:02
1645002542729656000,111.5,1,111.5,79,112.0,13,2,2022-02-16 09:09:02
1645002543391046000,112.0,1,111.5,79,112.0,13,1,2022-02-16 09:09:03
1645002546260490000,112.0,2,111.5,79,112.0,31,1,2022-02-16 09:09:06
1645002547021416000,112.0,1,111.5,79,112.0,32,1,2022-02-16 09:09:07
1645002547358950000,111.5,1,111.5,78,112.0,33,2,2022-02-16 09:09:07
1645002549868714000,111.5,1,111.5,77,112.0,33,2,2022-02-16 09:09:09
1645002554589733000,111.5,1,111.5,76,112.0,38,2,2022-02-16 09:09:14
1645002558166709000,111.5,3,111.5,74,112.0,40,2,2022-02-16 09:09:18
1645002558201434000,111.5,1,111.5,73,112.0,40,2,2022-02-16 09:09:18
1645002558888413000,111.5,1,111.5,59,112.0,40,2,2022-02-16 09:09:18
1645002558952907000,111.5,14,111.5,45,112.0,40,2,2022-02-16 09:09:18
1645002558995403000,111.5,1,111.5,44,112.0,40,2,2022-02-16 09:09:18
1645002559015932000,111.5,1,111.5,43,112.0,40,2,2022-02-16 09:09:19
1645002559308183000,111.5,1,111.5,42,112.0,40,2,2022-02-16 09:09:19
1645002561141514000,111.5,2,111.5,39,112.0,53,2,2022-02-16 09:09:21
1645002562025173000,111.5,5,111.5,34,112.0,52,2,2022-02-16 09:09:22
1645002562097422000,111.5,1,111.5,33,112.0,52,2,2022-02-16 09:09:22
1645002563545629000,111.5,1,111.5,32,112.0,54,2,2022-02-16 09:09:23
1645002563603715000,111.5,14,111.5,18,112.0,54,2,2022-02-16 09:09:23
1645002563636616000,111.5,5,111.5,13,112.0,54,2,2022-02-16 09:09:23
1645002563662030000,111.5,3,111.5,10,112.0,58,2,2022-02-16 09:09:23
1645002563663110000,111.5,10,111.0,58,112.0,58,2,2022-02-16 09:09:23
1645002564351579000,111.5,1,111.0,58,111.5,9,1,2022-02-16 09:09:24
1645002564687572000,111.5,1,111.0,58,111.5,10,1,2022-02-16 09:09:24
1645002565661027000,111.0,2,111.0,56,111.5,21,2,2022-02-16 09:09:25
1645002569445697000,111.0,1,111.0,53,111.5,35,2,2022-02-16 09:09:29
1645002572121188000,111.0,1,111.0,52,111.5,36,2,2022-02-16 09:09:32
1645002586735173000,111.0,1,111.0,58,111.5,35,2,2022-02-16 09:09:46
1645002586767206000,111.0,1,111.0,57,111.5,35,2,2022-02-16 09:09:46
1645002588860346000,111.5,3,111.0,56,111.5,33,1,2022-02-16 09:09:48
1645002596277213000,111.5,10,111.0,83,111.5,19,1,2022-02-16 09:09:56
1645002596308319000,111.0,1,111.0,82,111.5,19,2,2022-02-16 09:09:56
1645002596334835000,111.0,1,111.0,81,111.5,19,2,2022-02-16 09:09:56
1645002596447256000,111.0,2,111.0,79,111.5,19,2,2022-02-16 09:09:56
1645002597028984000,111.5,1,111.0,80,111.5,18,1,2022-02-16 09:09:57
1645002598343588000,111.5,1,111.0,83,111.5,21,1,2022-02-16 09:09:58
1645002598802432000,111.5,1,111.0,83,111.5,20,1,2022-02-16 09:09:58
1645002599347723000,111.5,2,111.0,83,111.5,19,1,2022-02-16 09:09:59
1645002600104590000,111.5,5,111.0,83,111.5,14,1,2022-02-16 09:10:00
1645002600155929000,111.5,14,111.0,83,112.0,60,1,2022-02-16 09:10:00
1645002600210798000,111.0,1,111.0,84,111.5,2,2,2022-02-16 09:10:00
1645002600919649000,111.5,1,111.0,85,111.5,1,1,2022-02-16 09:10:00
1645002601516434000,111.5,1,111.0,86,112.0,60,1,2022-02-16 09:10:01
1645002601640689000,111.5,1,111.5,4,112.0,67,2,2022-02-16 09:10:01
1645002601682983000,111.5,4,111.0,86,112.0,60,2,2022-02-16 09:10:01
1645002603944925000,111.5,1,111.5,1,112.0,61,1,2022-02-16 09:10:03
1645002608719205000,111.5,2,111.5,61,112.0,57,2,2022-02-16 09:10:08
1645002609890550000,112.0,1,111.5,67,112.0,56,1,2022-02-16 09:10:09
1645002612380436000,112.0,5,111.5,75,112.0,50,1,2022-02-16 09:10:12
1645002612431445000,112.0,5,111.5,75,112.0,45,1,2022-02-16 09:10:12
1645002612683378000,111.5,1,111.5,74,112.0,45,2,2022-02-16 09:10:12
1645002616447360000,111.5,1,111.5,78,112.0,45,2,2022-02-16 09:10:16
1645002616449429000,111.5,1,111.5,77,112.0,45,2,2022-02-16 09:10:16
1645002616517381000,111.5,3,111.5,74,112.0,45,2,2022-02-16 09:10:16
1645002618364538000,111.5,1,111.5,66,112.0,44,2,2022-02-16 09:10:18
1645002619528134000,111.5,1,111.5,65,112.0,44,2,2022-02-16 09:10:19
1645002621254444000,111.5,2,111.5,63,112.0,44,2,2022-02-16 09:10:21
1645002623959779000,112.0,5,111.5,66,112.0,19,1,2022-02-16 09:10:23
1645002631150300000,112.0,1,111.5,71,112.0,36,1,2022-02-16 09:10:31
1645002632797894000,112.0,1,111.5,73,112.0,36,1,2022-02-16 09:10:32
1645002634134243000,112.0,1,111.5,76,112.0,37,1,2022-02-16 09:10:34
1645002637168692000,112.0,1,111.5,78,112.0,38,1,2022-02-16 09:10:37
1645002637739220000,112.0,1,111.5,78,112.0,41,1,2022-02-16 09:10:37
1645002638986374000,112.0,1,111.5,78,112.0,40,1,2022-02-16 09:10:38
1645002641249133000,112.0,2,111.5,79,112.0,38,1,2022-02-16 09:10:41
1645002642064242000,111.5,2,111.5,77,112.0,38,2,2022-02-16 09:10:42
1645002642066557000,112.0,1,111.5,77,112.0,37,1,2022-02-16 09:10:42
1645002643071572000,112.0,2,111.5,75,112.0,35,1,2022-02-16 09:10:43
1645002643929851000,112.0,1,111.5,75,112.0,34,1,2022-02-16 09:10:43
1645002645682793000,111.5,1,111.5,74,112.0,44,2,2022-02-16 09:10:45
1645002648071434000,112.0,2,111.5,72,112.0,42,1,2022-02-16 09:10:48
1645002648265755000,112.0,1,111.5,72,112.0,42,1,2022-02-16 09:10:48
1645002650885892000,112.0,1,111.5,72,112.0,41,1,2022-02-16 09:10:50
1645002651022330000,112.0,15,111.5,72,112.0,26,1,2022-02-16 09:10:51
1645002653445564000,112.0,1,111.5,73,112.0,25,1,2022-02-16 09:10:53
1645002653789270000,112.0,1,111.5,73,112.0,24,1,2022-02-16 09:10:53
1645002653984096000,112.0,1,111.5,73,112.0,23,1,2022-02-16 09:10:53
1645002654542118000,112.0,1,111.5,74,112.0,22,1,2022-02-16 09:10:54
1645002656187404000,112.0,1,111.5,80,112.0,21,1,2022-02-16 09:10:56
1645002656249100000,112.0,5,111.5,80,112.0,16,1,2022-02-16 09:10:56
1645002656318079000,112.0,1,111.5,80,112.0,15,1,2022-02-16 09:10:56
1645002656718231000,112.0,5,111.5,80,112.0,10,1,2022-02-16 09:10:56
1645002656748120000,112.0,10,111.5,80,112.5,91,1,2022-02-16 09:10:56
1645002659732354000,112.0,1,112.0,10,112.5,92,2,2022-02-16 09:10:59
1645002659977217000,112.5,1,112.0,10,112.5,91,1,2022-02-16 09:10:59
1645002662435881000,112.0,3,112.0,7,112.5,91,2,2022-02-16 09:11:02
1645002666113916000,112.0,6,112.0,1,112.5,93,2,2022-02-16 09:11:06
1645002666144229000,112.0,1,111.5,78,112.5,93,2,2022-02-16 09:11:06
1645002668566613000,112.0,2,112.0,27,112.5,95,2,2022-02-16 09:11:08
1645002668939424000,112.0,2,112.0,25,112.5,96,2,2022-02-16 09:11:08
1645002669017553000,112.0,25,111.5,76,112.5,105,2,2022-02-16 09:11:09
1645002670656117000,111.5,1,111.5,73,112.0,9,2,2022-02-16 09:11:10
1645002672145915000,112.0,1,111.5,73,112.0,21,1,2022-02-16 09:11:12
1645002672781279000,111.5,1,111.5,72,112.0,22,2,2022-02-16 09:11:12
1645002674803752000,111.5,3,111.5,69,112.0,28,2,2022-02-16 09:11:14
1645002676044598000,112.0,1,111.5,69,112.0,29,1,2022-02-16 09:11:16
1645002676716654000,112.0,15,111.5,69,112.0,16,1,2022-02-16 09:11:16
1645002678369740000,112.0,2,111.5,70,112.0,16,1,2022-02-16 09:11:18
1645002681181254000,111.5,1,111.5,71,112.0,18,2,2022-02-16 09:11:21
1645002681775350000,112.0,1,111.5,72,112.0,22,1,2022-02-16 09:11:21
1645002690494096000,112.0,4,111.5,83,112.0,35,1,2022-02-16 09:11:30
1645002694327512000,112.0,1,111.5,93,112.0,46,1,2022-02-16 09:11:34
1645002695613745000,112.0,10,111.5,95,112.0,37,1,2022-02-16 09:11:35
1645002698313042000,112.0,5,111.5,95,112.0,24,1,2022-02-16 09:11:38
1645002698819796000,112.0,1,111.5,96,112.0,23,1,2022-02-16 09:11:38
1645002700017283000,112.0,5,111.5,96,112.0,18,1,2022-02-16 09:11:40
1645002701357795000,112.0,1,111.5,96,112.0,10,1,2022-02-16 09:11:41
1645002701902881000,111.5,1,111.5,96,112.0,10,2,2022-02-16 09:11:41
1645002702714194000,112.0,2,111.5,96,112.0,9,1,2022-02-16 09:11:42
1645002703557507000,112.0,1,111.5,97,112.0,10,1,2022-02-16 09:11:43
1645002704142930000,112.0,1,111.5,97,112.0,8,1,2022-02-16 09:11:44
1645002704483995000,112.0,1,111.5,97,112.0,7,1,2022-02-16 09:11:44
1645002706406888000,112.0,1,111.5,97,112.0,9,1,2022-02-16 09:11:46
1645002706495627000,112.0,1,111.5,97,112.0,8,1,2022-02-16 09:11:46
1645002706778537000,112.0,1,111.5,97,112.0,7,1,2022-02-16 09:11:46
1645002707344605000,112.0,4,111.5,97,112.0,3,1,2022-02-16 09:11:47
1645002707537818000,112.0,1,111.5,96,112.0,2,1,2022-02-16 09:11:47
1645002708324843000,112.0,2,112.0,3,112.5,97,1,2022-02-16 09:11:48
1645002708344168000,112.0,2,112.0,1,112.5,97,2,2022-02-16 09:11:48
1645002714095443000,112.5,1,112.0,9,112.5,107,1,2022-02-16 09:11:54
1645002718753552000,112.5,1,112.0,17,112.5,97,1,2022-02-16 09:11:58
1645002729569770000,112.5,1,112.0,25,112.5,113,1,2022-02-16 09:12:09
1645002732632069000,112.5,1,112.0,29,112.5,112,1,2022-02-16 09:12:12
1645002738739197000,112.5,1,112.0,31,112.5,111,1,2022-02-16 09:12:18
1645002742442035000,112.5,10,112.0,33,112.5,106,1,2022-02-16 09:12:22
1645002764173232000,112.5,1,112.0,42,112.5,110,1,2022-02-16 09:12:44
1645002767031401000,112.5,1,112.0,41,112.5,108,1,2022-02-16 09:12:47
1645002772171265000,112.5,2,112.0,39,112.5,107,1,2022-02-16 09:12:52
1645002774868535000,112.5,1,112.0,49,112.5,106,1,2022-02-16 09:12:54
1645002778038300000,112.5,1,112.0,58,112.5,98,1,2022-02-16 09:12:58
1645002784865162000,112.5,1,112.0,64,112.5,97,1,2022-02-16 09:13:04
1645002787500614000,112.0,2,112.0,64,112.5,98,2,2022-02-16 09:13:07
1645002794166056000,112.0,1,112.0,65,112.5,108,2,2022-02-16 09:13:14
1645002804805926000,112.0,2,112.0,308,112.5,111,2,2022-02-16 09:13:24
1645002808955842000,112.0,1,112.0,307,112.5,111,2,2022-02-16 09:13:28
1645002812210042000,112.5,1,112.0,309,112.5,112,1,2022-02-16 09:13:32
1645002812624952000,112.0,10,112.0,299,112.5,112,2,2022-02-16 09:13:32
1645002816643949000,112.5,1,112.0,298,112.5,112,1,2022-02-16 09:13:36
1645002819426433000,112.5,1,112.0,298,112.5,111,1,2022-02-16 09:13:39
1645002836011178000,112.5,1,112.0,294,112.5,150,1,2022-02-16 09:13:56
1645002839529978000,112.5,1,112.0,295,112.5,149,1,2022-02-16 09:13:59
1645002842607687000,112.5,1,112.0,295,112.5,147,1,2022-02-16 09:14:02
1645002844087787000,112.5,1,112.0,295,112.5,145,1,2022-02-16 09:14:04
1645002844964093000,112.5,1,112.0,295,112.5,144,1,2022-02-16 09:14:04
1645002846361914000,112.0,1,112.0,294,112.5,145,2,2022-02-16 09:14:06
1645002847554613000,112.0,1,112.0,293,112.5,145,2,2022-02-16 09:14:07
1645002853852456000,112.0,1,112.0,292,112.5,146,2,2022-02-16 09:14:13
1645002865529543000,112.5,1,112.0,292,112.5,150,1,2022-02-16 09:14:25
1645002865646492000,112.0,1,112.0,291,112.5,150,2,2022-02-16 09:14:25
1645002866572893000,112.0,1,112.0,290,112.5,149,2,2022-02-16 09:14:26
1645002867399360000,112.0,1,112.0,289,112.5,149,2,2022-02-16 09:14:27
1645002876308047000,112.0,1,112.0,290,112.5,148,2,2022-02-16 09:14:36
1645002876696550000,112.5,2,112.0,290,112.5,146,1,2022-02-16 09:14:36
1645002878641478000,112.5,2,112.0,290,112.5,144,1,2022-02-16 09:14:38
1645002885883538000,112.5,1,112.0,293,112.5,145,1,2022-02-16 09:14:45
1645002885969050000,112.5,5,112.0,293,112.5,141,1,2022-02-16 09:14:45
1645002886344966000,112.5,2,112.0,293,112.5,139,1,2022-02-16 09:14:46
1645002886587550000,112.0,1,112.0,292,112.5,139,2,2022-02-16 09:14:46
1645002886831385000,112.5,1,112.0,292,112.5,138,1,2022-02-16 09:14:46
1645002888646586000,112.5,1,112.0,292,112.5,141,1,2022-02-16 09:14:48
1645002890446900000,112.0,1,112.0,294,112.5,143,2,2022-02-16 09:14:50
1645002893781471000,112.0,10,112.0,287,112.5,144,2,2022-02-16 09:14:53
1645002894132765000,112.5,1,112.0,287,112.5,143,1,2022-02-16 09:14:54
1645002898032086000,112.0,2,112.0,285,112.5,143,2,2022-02-16 09:14:58
1645002905080143000,112.5,1,112.0,286,112.5,143,1,2022-02-16 09:15:05
1645002907806372000,112.5,2,112.0,287,112.5,136,1,2022-02-16 09:15:07
1645002909147395000,112.5,1,112.0,288,112.5,135,1,2022-02-16 09:15:09
1645002914940418000,112.0,2,112.0,286,112.5,135,2,2022-02-16 09:15:14
1645002918042615000,112.0,1,112.0,286,112.5,138,2,2022-02-16 09:15:18
1645002922414281000,112.5,1,112.0,288,112.5,137,1,2022-02-16 09:15:22
1645002923354992000,112.5,1,112.0,288,112.5,136,1,2022-02-16 09:15:23
1645002935603645000,112.0,1,112.0,288,112.5,136,2,2022-02-16 09:15:35
1645002938230296000,112.5,3,112.0,288,112.5,134,1,2022-02-16 09:15:38
1645002942433116000,112.5,1,112.0,288,112.5,133,1,2022-02-16 09:15:42
1645002946581777000,112.0,1,112.0,287,112.5,132,2,2022-02-16 09:15:46
1645002952688034000,112.5,114,112.5,136,113.0,176,1,2022-02-16 09:15:52
1645002952782237000,112.5,2,112.5,134,113.0,176,2,2022-02-16 09:15:52
1645002952901359000,112.5,1,112.5,133,113.0,176,2,2022-02-16 09:15:52
1645002952927263000,113.0,4,112.5,133,113.0,172,1,2022-02-16 09:15:52
1645002953210212000,113.0,1,112.5,133,113.0,171,1,2022-02-16 09:15:53
1645002953733771000,113.0,4,112.5,133,113.0,167,1,2022-02-16 09:15:53
1645002953740015000,113.0,1,112.5,133,113.0,166,1,2022-02-16 09:15:53
1645002953772963000,113.0,5,112.5,133,113.0,161,1,2022-02-16 09:15:53
1645002955548092000,112.5,2,112.5,6,113.0,161,2,2022-02-16 09:15:55
1645002955749903000,113.0,5,112.5,1,113.0,156,1,2022-02-16 09:15:55
1645002956427872000,113.0,1,112.5,266,113.0,155,1,2022-02-16 09:15:56
1645002956429986000,113.0,2,112.5,266,113.0,153,1,2022-02-16 09:15:56
1645002956497117000,113.0,5,112.5,266,113.0,148,1,2022-02-16 09:15:56
1645002961055178000,112.5,1,112.5,259,113.0,149,2,2022-02-16 09:16:01
1645002961102060000,113.0,1,112.5,259,113.0,148,1,2022-02-16 09:16:01
1645002962317968000,113.0,1,112.5,259,113.0,147,1,2022-02-16 09:16:02
1645002962883100000,113.0,2,112.5,259,113.0,145,1,2022-02-16 09:16:02
1645002964063025000,113.0,1,112.5,260,113.0,144,1,2022-02-16 09:16:04
1645002965503767000,113.0,1,112.5,260,113.0,142,1,2022-02-16 09:16:05
1645002965522754000,113.0,1,112.5,260,113.0,141,1,2022-02-16 09:16:05
1645002965608651000,113.0,1,112.5,260,113.0,140,1,2022-02-16 09:16:05
1645002966857619000,113.0,2,112.5,259,113.0,138,1,2022-02-16 09:16:06
1645002967040116000,113.0,1,112.5,259,113.0,137,1,2022-02-16 09:16:07
1645002968620094000,113.0,1,112.5,259,113.0,137,1,2022-02-16 09:16:08
1645002968655789000,113.0,2,112.5,259,113.0,135,1,2022-02-16 09:16:08
1645002970220340000,113.0,1,112.5,260,113.0,135,1,2022-02-16 09:16:10
1645002971038466000,113.0,1,112.5,261,113.0,134,1,2022-02-16 09:16:11
1645002971415848000,113.0,2,112.5,266,113.0,132,1,2022-02-16 09:16:11
1645002975187886000,113.0,1,112.5,266,113.0,131,1,2022-02-16 09:16:15
1645002976115593000,113.0,2,112.5,266,113.0,129,1,2022-02-16 09:16:16
1645002979065948000,113.0,1,112.5,273,113.0,129,1,2022-02-16 09:16:19
1645002982027182000,113.0,1,112.5,273,113.0,129,1,2022-02-16 09:16:22
1645002983229140000,113.0,1,112.5,273,113.0,128,1,2022-02-16 09:16:23
1645002983445938000,113.0,1,112.5,273,113.0,127,1,2022-02-16 09:16:23
1645002985115405000,113.0,1,112.5,271,113.0,126,1,2022-02-16 09:16:25
1645002985358473000,113.0,3,112.5,271,113.0,123,1,2022-02-16 09:16:25
1645002986191821000,113.0,1,112.5,271,113.0,122,1,2022-02-16 09:16:26
1645002986791953000,113.0,1,112.5,271,113.0,121,1,2022-02-16 09:16:26
1645002986981428000,113.0,1,112.5,271,113.0,120,1,2022-02-16 09:16:26
1645002987312195000,113.0,2,112.5,271,113.0,118,1,2022-02-16 09:16:27
1645002988525401000,113.0,1,112.5,271,113.0,117,1,2022-02-16 09:16:28
1645002989018613000,113.0,1,112.5,271,113.0,116,1,2022-02-16 09:16:29
1645002991589409000,113.0,3,112.5,274,113.0,112,1,2022-02-16 09:16:31
1645002993055989000,113.0,1,112.5,275,113.0,111,1,2022-02-16 09:16:33
1645002993280019000,113.0,1,112.5,275,113.0,110,1,2022-02-16 09:16:33
1645002993935515000,113.0,2,112.5,275,113.0,108,1,2022-02-16 09:16:33
1645002995040316000,113.0,5,112.5,275,113.0,103,1,2022-02-16 09:16:35
1645002995726617000,113.0,1,112.5,275,113.0,102,1,2022-02-16 09:16:35
1645002996038953000,113.0,1,112.5,275,113.0,101,1,2022-02-16 09:16:36
1645002998236175000,113.0,8,112.5,269,113.0,101,1,2022-02-16 09:16:38
1645002998505370000,113.0,1,112.5,269,113.0,100,1,2022-02-16 09:16:38
1645002998608894000,113.0,2,112.5,269,113.0,91,1,2022-02-16 09:16:38
1645002999362527000,113.0,1,112.5,269,113.0,90,1,2022-02-16 09:16:39
1645003000031529000,113.0,3,112.5,269,113.0,87,1,2022-02-16 09:16:40
1645003000056540000,113.0,1,112.5,269,113.0,86,1,2022-02-16 09:16:40
1645003000181414000,113.0,2,112.5,269,113.0,84,1,2022-02-16 09:16:40
1645003000295155000,113.0,3,112.5,269,113.0,81,1,2022-02-16 09:16:40
1645003000628967000,113.0,1,112.5,269,113.0,79,1,2022-02-16 09:16:40
1645003000965781000,113.0,2,112.5,269,113.0,77,1,2022-02-16 09:16:40
1645003001117742000,113.0,1,112.5,269,113.0,76,1,2022-02-16 09:16:41
1645003001604543000,113.0,1,112.5,269,113.0,75,1,2022-02-16 09:16:41
1645003002203548000,113.0,1,112.5,269,113.0,74,1,2022-02-16 09:16:42
1645003002550893000,113.0,1,112.5,269,113.0,73,1,2022-02-16 09:16:42
1645003002640108000,113.0,2,112.5,269,113.0,71,1,2022-02-16 09:16:42
1645003002830851000,113.0,1,112.5,269,113.0,70,1,2022-02-16 09:16:42
1645003002923353000,113.0,1,112.5,269,113.0,69,1,2022-02-16 09:16:42
1645003003022761000,113.0,1,112.5,269,113.0,68,1,2022-02-16 09:16:43
1645003003111438000,113.0,1,112.5,269,113.0,67,1,2022-02-16 09:16:43
1645003003222422000,113.0,3,112.5,269,113.0,64,1,2022-02-16 09:16:43
1645003003412372000,113.0,1,112.5,269,113.0,63,1,2022-02-16 09:16:43
1645003003789275000,113.0,5,112.5,269,113.0,58,1,2022-02-16 09:16:43
1645003004522413000,113.0,3,112.5,269,113.0,56,1,2022-02-16 09:16:44
1645003004674525000,113.0,1,112.5,269,113.0,56,1,2022-02-16 09:16:44
1645003004830271000,113.0,1,112.5,269,113.0,55,1,2022-02-16 09:16:44
1645003005205026000,113.0,3,112.5,269,113.0,52,1,2022-02-16 09:16:45
1645003005435079000,113.0,4,112.5,269,113.0,48,1,2022-02-16 09:16:45
1645003005846364000,113.0,1,112.5,269,113.0,44,1,2022-02-16 09:16:45
1645003006063793000,113.0,1,112.5,268,113.0,43,1,2022-02-16 09:16:46
1645003006365376000,113.0,1,112.5,269,113.0,42,1,2022-02-16 09:16:46
1645003006426011000,113.0,1,112.5,269,113.0,41,1,2022-02-16 09:16:46
1645003006820424000,113.0,1,112.5,269,113.0,40,1,2022-02-16 09:16:46
1645003006825208000,113.0,1,112.5,269,113.0,39,1,2022-02-16 09:16:46
1645003006988481000,113.0,1,112.5,269,113.0,38,1,2022-02-16 09:16:46
1645003007014986000,113.0,1,112.5,269,113.0,37,1,2022-02-16 09:16:47
1645003007285433000,113.0,1,112.5,269,113.0,36,1,2022-02-16 09:16:47
1645003007741117000,113.0,1,112.5,269,113.0,36,1,2022-02-16 09:16:47
1645003007788618000,113.0,1,112.5,269,113.0,35,1,2022-02-16 09:16:47
1645003008035014000,113.0,1,112.5,270,113.0,33,1,2022-02-16 09:16:48
1645003008153600000,113.0,1,112.5,270,113.0,32,1,2022-02-16 09:16:48
1645003008405930000,113.0,2,112.5,270,113.0,30,1,2022-02-16 09:16:48
1645003008644330000,113.0,1,112.5,270,113.0,29,1,2022-02-16 09:16:48
1645003009052199000,113.0,3,112.5,270,113.0,26,1,2022-02-16 09:16:49
1645003009144833000,113.0,22,112.5,270,113.0,4,1,2022-02-16 09:16:49
1645003009158224000,113.0,1,112.5,270,113.0,3,1,2022-02-16 09:16:49
1645003009184327000,113.0,3,112.5,270,113.5,144,1,2022-02-16 09:16:49
1645003009626792000,113.5,1,112.5,270,113.5,157,1,2022-02-16 09:16:49
1645003010692199000,113.5,1,113.0,19,113.5,149,1,2022-02-16 09:16:50
1645003012291845000,113.0,3,113.0,18,113.5,148,2,2022-02-16 09:16:52
1645003013221789000,113.5,1,113.0,18,113.5,147,1,2022-02-16 09:16:53
1645003019157937000,113.0,5,113.0,30,113.5,147,2,2022-02-16 09:16:59
1645003019292270000,113.5,1,113.0,31,113.5,146,1,2022-02-16 09:16:59
1645003020334098000,113.5,1,113.0,31,113.5,144,1,2022-02-16 09:17:00
1645003020977062000,113.5,1,113.0,31,113.5,143,1,2022-02-16 09:17:00
1645003021920860000,113.5,1,113.0,35,113.5,142,1,2022-02-16 09:17:01
1645003022032641000,113.5,1,113.0,35,113.5,137,1,2022-02-16 09:17:02
1645003023469448000,113.5,2,113.0,35,113.5,140,1,2022-02-16 09:17:03
1645003024751406000,113.5,2,113.0,38,113.5,138,1,2022-02-16 09:17:04
1645003024974028000,113.5,1,113.0,38,113.5,137,1,2022-02-16 09:17:04
1645003025038108000,113.5,1,113.0,38,113.5,136,1,2022-02-16 09:17:05
1645003027693065000,113.5,1,113.0,40,113.5,137,1,2022-02-16 09:17:07
1645003028520935000,113.5,1,113.0,41,113.5,136,1,2022-02-16 09:17:08
1645003028696580000,113.5,8,113.0,41,113.5,128,1,2022-02-16 09:17:08
1645003032905922000,113.5,1,113.0,44,113.5,127,1,2022-02-16 09:17:12
1645003033699563000,113.5,1,113.0,44,113.5,126,1,2022-02-16 09:17:13
1645003035563648000,113.5,1,113.0,44,113.5,128,1,2022-02-16 09:17:15
1645003035611216000,113.0,1,113.0,43,113.5,128,2,2022-02-16 09:17:15
1645003035704022000,113.5,2,113.0,43,113.5,126,1,2022-02-16 09:17:15
1645003036142736000,113.5,1,113.0,43,113.5,125,1,2022-02-16 09:17:16
1645003036213060000,113.5,2,113.0,43,113.5,123,1,2022-02-16 09:17:16
1645003036593315000,113.5,1,113.0,43,113.5,122,1,2022-02-16 09:17:16
1645003037992069000,113.5,1,113.0,43,113.5,123,1,2022-02-16 09:17:17
1645003039734107000,113.5,1,113.0,46,113.5,124,1,2022-02-16 09:17:19
1645003040757071000,113.5,2,113.0,47,113.5,122,1,2022-02-16 09:17:20
1645003042510238000,113.5,1,113.0,46,113.5,123,1,2022-02-16 09:17:22
1645003043209393000,113.5,1,113.0,46,113.5,126,1,2022-02-16 09:17:23
1645003044383891000,113.5,3,113.0,47,113.5,124,1,2022-02-16 09:17:24
1645003044827387000,113.5,1,113.0,48,113.5,124,1,2022-02-16 09:17:24
1645003046140570000,113.5,1,113.0,48,113.5,93,1,2022-02-16 09:17:26
1645003046401199000,113.0,1,113.0,47,113.5,93,2,2022-02-16 09:17:26
1645003046888262000,113.5,1,113.0,51,113.5,92,1,2022-02-16 09:17:26
1645003048006298000,113.5,3,113.0,51,113.5,109,1,2022-02-16 09:17:28
1645003048433770000,113.5,1,113.0,51,113.5,108,1,2022-02-16 09:17:28
1645003049408855000,113.0,1,113.0,50,113.5,108,2,2022-02-16 09:17:29
1645003054188304000,113.5,2,113.0,48,113.5,109,1,2022-02-16 09:17:34
1645003059461682000,113.0,1,113.0,51,113.5,128,2,2022-02-16 09:17:39
1645003065545941000,113.0,2,113.0,59,113.5,128,2,2022-02-16 09:17:45
1645003067833382000,113.5,2,113.0,61,113.5,126,1,2022-02-16 09:17:47
1645003068192648000,113.0,1,113.0,61,113.5,126,2,2022-02-16 09:17:48
1645003068594647000,113.0,2,113.0,59,113.5,126,2,2022-02-16 09:17:48
1645003069876996000,113.5,1,113.0,58,113.5,126,1,2022-02-16 09:17:49
1645003070015732000,113.0,1,113.0,57,113.5,126,2,2022-02-16 09:17:50
1645003070289872000,113.0,4,113.0,53,113.5,126,2,2022-02-16 09:17:50
1645003071434171000,113.0,1,113.0,52,113.5,137,2,2022-02-16 09:17:51
1645003072777505000,113.0,1,113.0,51,113.5,137,2,2022-02-16 09:17:52
1645003072857197000,113.0,6,113.0,45,113.5,137,2,2022-02-16 09:17:52
1645003073244663000,113.0,1,113.0,44,113.5,139,2,2022-02-16 09:17:53
1645003073633208000,113.0,1,113.0,43,113.5,139,2,2022-02-16 09:17:53
1645003073828271000,113.0,1,113.0,42,113.5,139,2,2022-02-16 09:17:53
1645003073878803000,113.0,6,113.0,36,113.5,139,2,2022-02-16 09:17:53
1645003074572368000,113.0,31,112.5,313,113.0,87,2,2022-02-16 09:17:54
1645003074589149000,112.5,1,112.5,312,113.0,87,2,2022-02-16 09:17:54
1645003074928241000,112.5,3,112.5,309,113.0,117,2,2022-02-16 09:17:54
1645003076554445000,112.5,5,112.5,58,113.0,143,2,2022-02-16 09:17:56
1645003077346000000,112.5,18,112.0,337,112.5,2,2,2022-02-16 09:17:57
1645003077383621000,112.0,1,112.0,336,112.5,2,2,2022-02-16 09:17:57
1645003077384644000,112.0,1,112.0,335,112.5,2,2,2022-02-16 09:17:57
1645003078044487000,112.0,3,112.0,332,112.5,6,2,2022-02-16 09:17:58
1645003078558897000,112.0,1,112.0,331,112.5,7,2,2022-02-16 09:17:58
1645003080068488000,112.5,4,112.0,81,112.5,16,1,2022-02-16 09:18:00
1645003088685744000,112.0,1,112.0,84,112.5,53,2,2022-02-16 09:18:08
1645003092051302000,112.0,10,112.0,62,112.5,55,2,2022-02-16 09:18:12
1645003092093171000,112.0,1,112.0,61,112.5,55,2,2022-02-16 09:18:12
1645003092106989000,112.0,1,112.0,60,112.5,55,2,2022-02-16 09:18:12
1645003093002268000,112.0,1,112.0,59,112.5,54,2,2022-02-16 09:18:13
1645003094954682000,112.5,1,112.0,61,112.5,48,1,2022-02-16 09:18:14
1645003095592518000,112.0,1,112.0,60,112.5,49,2,2022-02-16 09:18:15
1645003096367932000,112.0,1,112.0,59,112.5,49,2,2022-02-16 09:18:16
1645003097289008000,112.0,1,112.0,58,112.5,50,2,2022-02-16 09:18:17
1645003098205652000,112.0,5,112.0,48,112.5,50,2,2022-02-16 09:18:18
1645003098255874000,112.0,1,112.0,47,112.5,50,2,2022-02-16 09:18:18
1645003099967327000,112.0,3,112.0,45,112.5,60,2,2022-02-16 09:18:19
1645003100828417000,112.0,2,112.0,43,112.5,60,2,2022-02-16 09:18:20
1645003107909675000,112.0,1,112.0,48,112.5,65,2,2022-02-16 09:18:27
1645003128723441000,112.5,4,112.0,50,112.5,67,1,2022-02-16 09:18:48
1645003128754964000,112.0,1,112.0,49,112.5,67,2,2022-02-16 09:18:48
1645003129388147000,112.0,10,112.0,39,112.5,57,2,2022-02-16 09:18:49
1645003129423386000,112.0,1,112.0,38,112.5,57,2,2022-02-16 09:18:49
1645003129680047000,112.0,2,112.0,36,112.5,67,2,2022-02-16 09:18:49
1645003130824507000,112.0,5,112.0,31,112.5,67,2,2022-02-16 09:18:50
1645003131702690000,112.0,2,112.0,29,112.5,67,2,2022-02-16 09:18:51
1645003133279220000,112.0,1,112.0,28,112.5,67,2,2022-02-16 09:18:53
1645003134706244000,112.0,1,112.0,28,112.5,67,2,2022-02-16 09:18:54
1645003136462119000,112.0,2,112.0,27,112.5,67,2,2022-02-16 09:18:56
1645003137148965000,112.0,1,112.0,26,112.5,67,2,2022-02-16 09:18:57
1645003143218000000,112.0,2,112.0,25,112.5,69,2,2022-02-16 09:19:03
1645003144396620000,112.0,1,112.0,24,112.5,70,2,2022-02-16 09:19:04
1645003144447575000,112.0,1,112.0,23,112.5,70,2,2022-02-16 09:19:04
1645003145656837000,112.0,1,112.0,24,112.5,69,2,2022-02-16 09:19:05
1645003146944873000,112.0,1,112.0,23,112.5,69,2,2022-02-16 09:19:06
1645003149887060000,112.0,9,112.0,14,112.5,74,2,2022-02-16 09:19:09
1645003151012575000,112.0,1,112.0,13,112.5,74,2,2022-02-16 09:19:11
1645003151298647000,112.0,1,112.0,12,112.5,74,2,2022-02-16 09:19:11
1645003151936682000,112.0,3,112.0,10,112.5,75,2,2022-02-16 09:19:11
1645003151989099000,112.0,1,112.0,9,112.5,75,2,2022-02-16 09:19:11
1645003152140220000,112.0,2,112.0,7,112.5,75,2,2022-02-16 09:19:12
1645003152167070000,112.0,1,112.0,6,112.5,75,2,2022-02-16 09:19:12
1645003152305363000,112.0,1,112.0,5,112.5,75,2,2022-02-16 09:19:12
1645003152697015000,112.0,1,112.0,4,112.5,75,2,2022-02-16 09:19:12
1645003154622409000,112.0,1,112.0,3,112.5,75,2,2022-02-16 09:19:14
1645003154839096000,112.0,1,112.0,2,112.5,75,2,2022-02-16 09:19:14
1645003155030750000,112.0,2,111.5,102,112.5,75,2,2022-02-16 09:19:15
1645003166289872000,111.5,3,111.5,103,112.0,27,2,2022-02-16 09:19:26
1645003175017350000,111.5,1,111.5,111,112.0,34,2,2022-02-16 09:19:35
1645003180662650000,112.0,1,111.5,112,112.0,35,1,2022-02-16 09:19:40
1645003185383753000,111.5,1,111.5,107,112.0,43,2,2022-02-16 09:19:45
1645003186336215000,112.0,1,111.5,100,112.0,42,1,2022-02-16 09:19:46
1645003202841430000,112.0,1,111.5,109,112.0,42,1,2022-02-16 09:20:02
1645003206843786000,112.0,1,111.5,109,112.0,45,1,2022-02-16 09:20:06
1645003211810469000,112.0,1,111.5,102,112.0,45,1,2022-02-16 09:20:11
1645003211968735000,112.0,1,111.5,102,112.0,44,1,2022-02-16 09:20:11
1645003212537940000,112.0,1,111.5,102,112.0,43,1,2022-02-16 09:20:12
1645003213891170000,112.0,1,111.5,102,112.0,42,1,2022-02-16 09:20:13
1645003215301677000,112.0,1,111.5,102,112.0,41,1,2022-02-16 09:20:15
1645003216167220000,112.0,1,111.5,102,112.0,40,1,2022-02-16 09:20:16
1645003217315751000,112.0,4,111.5,102,112.0,36,1,2022-02-16 09:20:17
1645003220276673000,112.0,1,111.5,103,112.0,35,1,2022-02-16 09:20:20
1645003222005305000,112.0,2,111.5,102,112.0,33,1,2022-02-16 09:20:22
1645003229502705000,112.0,1,111.5,102,112.0,34,1,2022-02-16 09:20:29
1645003233893485000,112.0,5,111.5,102,112.0,29,1,2022-02-16 09:20:33
1645003238891544000,112.0,2,111.5,102,112.0,27,1,2022-02-16 09:20:38
1645003240006808000,112.0,1,111.5,102,112.0,27,1,2022-02-16 09:20:40
1645003241777816000,112.0,2,111.5,102,112.0,25,1,2022-02-16 09:20:41
1645003242968304000,112.0,1,111.5,102,112.0,24,1,2022-02-16 09:20:42
1645003243102817000,112.0,20,111.5,102,112.0,4,1,2022-02-16 09:20:43
1645003243163155000,112.0,4,111.5,106,112.5,42,1,2022-02-16 09:20:43
1645003243653604000,112.5,1,112.0,5,112.5,38,1,2022-02-16 09:20:43
1645003250872221000,112.5,1,112.0,20,112.5,44,1,2022-02-16 09:20:50
1645003252131182000,112.5,1,112.0,22,112.5,43,1,2022-02-16 09:20:52
1645003256331872000,112.5,1,112.0,24,112.5,41,1,2022-02-16 09:20:56
1645003267158517000,112.0,1,112.0,39,112.5,49,2,2022-02-16 09:21:07
1645003295976652000,112.0,1,112.0,52,112.5,54,2,2022-02-16 09:21:35
1645003297085711000,112.5,1,112.0,52,112.5,53,1,2022-02-16 09:21:37
1645003310919934000,112.5,1,112.0,53,112.5,55,1,2022-02-16 09:21:50
1645003311502427000,112.5,5,112.0,48,112.5,50,1,2022-02-16 09:21:51
1645003314905865000,112.5,1,112.0,49,112.5,49,1,2022-02-16 09:21:54
1645003316375538000,112.5,2,112.0,55,112.5,46,1,2022-02-16 09:21:56
1645003345510209000,112.5,1,112.0,60,112.5,49,1,2022-02-16 09:22:25
1645003373297053000,112.0,1,112.0,61,112.5,50,2,2022-02-16 09:22:53
1645003382886100000,112.0,1,112.0,59,112.5,49,2,2022-02-16 09:23:02
1645003385616213000,112.0,2,112.0,57,112.5,55,2,2022-02-16 09:23:05
1645003396981030000,112.5,2,112.0,58,112.5,61,1,2022-02-16 09:23:16
1645003410731064000,112.5,2,112.0,57,112.5,59,1,2022-02-16 09:23:30
1645003415825441000,112.5,1,112.0,57,112.5,57,1,2022-02-16 09:23:35
1645003431643263000,112.5,1,112.0,60,112.5,49,1,2022-02-16 09:23:51
1645003467834756000,112.5,1,112.0,63,112.5,58,1,2022-02-16 09:24:27
1645003468267803000,112.5,1,112.0,63,112.5,57,1,2022-02-16 09:24:28
1645003485643277000,112.5,1,112.0,67,112.5,57,1,2022-02-16 09:24:45
1645003497025317000,112.5,1,112.0,67,112.5,58,1,2022-02-16 09:24:57
1645003519819324000,112.0,1,112.0,68,112.5,58,2,2022-02-16 09:25:19
1645003534416346000,112.5,1,112.0,69,112.5,56,1,2022-02-16 09:25:34
1645003547125499000,112.5,1,112.0,68,112.5,58,1,2022-02-16 09:25:47
1645003559731950000,112.0,1,112.0,67,112.5,59,2,2022-02-16 09:25:59
1645003569951390000,112.0,1,112.0,68,112.5,59,2,2022-02-16 09:26:09
1645003576860049000,112.0,1,112.0,67,112.5,59,2,2022-02-16 09:26:16
1645003587744233000,112.0,1,112.0,65,112.5,60,2,2022-02-16 09:26:27
1645003587797625000,112.0,17,112.0,48,112.5,62,2,2022-02-16 09:26:27
1645003589788285000,112.0,3,112.0,45,112.5,62,2,2022-02-16 09:26:29
1645003589840480000,112.0,6,112.0,39,112.5,62,2,2022-02-16 09:26:29
1645003590839911000,112.0,1,112.0,38,112.5,62,2,2022-02-16 09:26:30
1645003590897964000,112.0,6,112.0,32,112.5,62,2,2022-02-16 09:26:30
1645003591519568000,112.0,4,112.0,28,112.5,62,2,2022-02-16 09:26:31
1645003591715602000,112.0,4,112.0,26,112.5,62,2,2022-02-16 09:26:31
1645003593388033000,112.0,1,112.0,25,112.5,62,2,2022-02-16 09:26:33
1645003595477042000,112.0,2,112.0,23,112.5,62,2,2022-02-16 09:26:35
1645003596011597000,112.0,1,112.0,22,112.5,62,2,2022-02-16 09:26:36
1645003596064243000,112.0,6,112.0,16,112.5,62,2,2022-02-16 09:26:36
1645003596750317000,112.0,1,112.0,15,112.5,62,2,2022-02-16 09:26:36
1645003597078034000,112.0,2,112.0,13,112.5,62,2,2022-02-16 09:26:37
1645003597852276000,112.0,1,112.0,12,112.5,62,2,2022-02-16 09:26:37
1645003598714983000,112.0,10,112.0,2,112.5,62,2,2022-02-16 09:26:38
1645003598736887000,112.0,2,111.5,94,112.5,62,2,2022-02-16 09:26:38
1645003600500743000,112.0,1,111.5,94,112.0,2,1,2022-02-16 09:26:40
1645003604574731000,112.0,1,111.5,94,112.0,10,1,2022-02-16 09:26:44
1645003606956087000,112.0,1,111.5,94,112.0,8,1,2022-02-16 09:26:46
1645003624373512000,112.0,1,111.5,90,112.0,17,1,2022-02-16 09:27:04
1645003635513641000,111.5,3,111.5,87,112.0,18,2,2022-02-16 09:27:15
1645003635771928000,111.5,1,111.5,86,112.0,18,2,2022-02-16 09:27:15
1645003636690748000,112.0,1,111.5,86,112.0,20,1,2022-02-16 09:27:16
1645003648581685000,112.0,1,111.5,86,112.0,47,1,2022-02-16 09:27:28
1645003656063736000,112.0,1,111.5,86,112.0,49,1,2022-02-16 09:27:36
1645003666031524000,111.5,1,111.5,86,112.0,52,2,2022-02-16 09:27:46
1645003670512537000,111.5,1,111.5,85,112.0,33,2,2022-02-16 09:27:50
1645003679712210000,111.5,1,111.5,86,112.0,42,2,2022-02-16 09:27:59
1645003679838301000,111.5,2,111.5,84,112.0,42,2,2022-02-16 09:27:59
1645003683956569000,111.5,2,111.5,83,112.0,40,2,2022-02-16 09:28:03
1645003689319060000,112.0,40,111.5,87,112.5,48,1,2022-02-16 09:28:09
1645003693974997000,112.0,2,112.0,7,112.5,40,2,2022-02-16 09:28:13
1645003694511002000,112.0,2,112.0,6,112.5,40,2,2022-02-16 09:28:14
1645003697145398000,112.0,1,111.5,99,112.5,41,2,2022-02-16 09:28:17
1645003698686976000,112.0,5,112.0,5,112.5,41,2,2022-02-16 09:28:18
1645003704340570000,112.0,1,112.0,3,112.5,43,1,2022-02-16 09:28:24
1645003706721838000,112.0,7,112.0,63,112.5,39,2,2022-02-16 09:28:26
1645003709271241000,112.0,1,112.0,62,112.5,39,2,2022-02-16 09:28:29
1645003711934348000,112.0,1,112.0,62,112.5,38,2,2022-02-16 09:28:31
1645003734133350000,112.0,1,112.0,61,112.5,43,2,2022-02-16 09:28:54
1645003736414256000,112.0,1,112.0,53,112.5,43,2,2022-02-16 09:28:56
1645003805076880000,112.0,1,112.0,60,112.5,53,2,2022-02-16 09:30:05
1645003805428738000,112.0,4,112.0,56,112.5,53,2,2022-02-16 09:30:05
1645003818029670000,112.0,20,112.0,36,112.5,53,2,2022-02-16 09:30:18
1645003821990756000,112.0,1,112.0,35,112.5,53,2,2022-02-16 09:30:21
1645003824627276000,112.0,1,112.0,34,112.5,53,2,2022-02-16 09:30:24
1645003845637323000,112.0,1,112.0,34,112.5,56,2,2022-02-16 09:30:45
1645003847636278000,112.5,1,112.0,34,112.5,55,1,2022-02-16 09:30:47
1645003851203841000,112.0,20,112.0,14,112.5,56,2,2022-02-16 09:30:51
1645003851233308000,112.0,2,112.0,12,112.5,56,2,2022-02-16 09:30:51
1645003851540627000,112.0,12,111.5,93,112.5,65,2,2022-02-16 09:30:51
1645003853054281000,112.0,1,111.5,93,112.5,69,2,2022-02-16 09:30:53
1645003859423295000,111.5,1,111.5,103,112.5,69,2,2022-02-16 09:30:59
1645003869723309000,111.5,5,111.5,98,112.0,4,2,2022-02-16 09:31:09
1645003873764674000,111.5,2,111.5,95,112.0,7,2,2022-02-16 09:31:13
1645003877966418000,111.5,6,111.5,91,112.0,16,2,2022-02-16 09:31:17
1645003878183975000,111.5,1,111.5,86,112.0,23,2,2022-02-16 09:31:18
1645003886358305000,111.5,1,111.5,83,112.0,18,2,2022-02-16 09:31:26
1645003889374753000,111.5,1,111.5,81,112.0,18,2,2022-02-16 09:31:29
1645003906820821000,111.5,30,111.5,62,112.0,22,2,2022-02-16 09:31:46
1645003906860290000,111.5,1,111.5,61,112.0,22,2,2022-02-16 09:31:46
1645003909822918000,111.5,1,111.5,53,112.0,29,2,2022-02-16 09:31:49
1645003917433883000,111.5,4,111.5,63,112.0,22,2,2022-02-16 09:31:57
1645003919113350000,111.5,1,111.5,57,112.0,22,2,2022-02-16 09:31:59
1645003935181806000,112.0,2,111.5,65,112.0,20,1,2022-02-16 09:32:15
1645003942922953000,111.5,1,111.5,73,112.0,21,2,2022-02-16 09:32:22
1645003953130299000,111.5,1,111.5,74,112.0,21,2,2022-02-16 09:32:33
1645003960187946000,111.5,1,111.5,74,112.0,20,2,2022-02-16 09:32:40
1645003962078240000,112.0,2,111.5,74,112.0,18,1,2022-02-16 09:32:42
1645003970150420000,111.5,1,111.5,73,112.0,19,2,2022-02-16 09:32:50
1645003987113764000,112.0,1,111.5,68,112.0,44,1,2022-02-16 09:33:07
1645003987503078000,111.5,2,111.5,66,112.0,44,2,2022-02-16 09:33:07
1645003993214058000,111.5,1,111.5,69,112.0,44,2,2022-02-16 09:33:13
1645004000076566000,111.5,1,111.5,68,112.0,50,2,2022-02-16 09:33:20
1645004027343081000,111.5,1,111.5,74,112.0,51,2,2022-02-16 09:33:47
1645004041980115000,111.5,1,111.5,72,112.0,56,2,2022-02-16 09:34:01
1645004047794489000,111.5,1,111.5,69,112.0,55,2,2022-02-16 09:34:07
1645004050649771000,111.5,1,111.5,67,112.0,55,2,2022-02-16 09:34:10
1645004056765024000,111.5,5,111.5,55,112.0,56,2,2022-02-16 09:34:16
1645004056784998000,111.5,1,111.5,54,112.0,56,2,2022-02-16 09:34:16
1645004058037571000,111.5,5,111.5,49,112.0,56,2,2022-02-16 09:34:18
1645004059347339000,111.5,1,111.5,48,112.0,57,2,2022-02-16 09:34:19
1645004061875018000,111.5,1,111.5,47,112.0,57,2,2022-02-16 09:34:21
1645004087809099000,111.5,1,111.5,60,112.0,57,2,2022-02-16 09:34:47
1645004093641344000,111.5,5,111.5,56,112.0,58,2,2022-02-16 09:34:53
1645004101059865000,111.5,2,111.5,46,112.0,58,2,2022-02-16 09:35:01
1645004103627344000,111.5,1,111.5,45,112.0,59,2,2022-02-16 09:35:03
1645004112396070000,111.5,2,111.5,46,112.0,60,2,2022-02-16 09:35:12
1645004122778314000,111.5,1,111.5,45,112.0,60,2,2022-02-16 09:35:22
1645004126104091000,111.5,2,111.5,44,112.0,60,2,2022-02-16 09:35:26
1645004131677878000,111.5,1,111.5,43,112.0,61,2,2022-02-16 09:35:31
1645004142425432000,112.0,10,111.5,48,112.0,50,1,2022-02-16 09:35:42
1645004147851217000,111.5,1,111.5,64,112.0,49,2,2022-02-16 09:35:47
1645004154652277000,112.0,1,111.5,66,112.0,48,1,2022-02-16 09:35:54
1645004165523772000,112.0,1,111.5,69,112.0,56,1,2022-02-16 09:36:05
1645004172603460000,111.5,1,111.5,68,112.0,56,2,2022-02-16 09:36:12
1645004174166070000,112.0,1,111.5,65,112.0,55,1,2022-02-16 09:36:14
1645004174699679000,112.0,3,111.5,65,112.0,52,1,2022-02-16 09:36:14
1645004188845827000,112.0,1,111.5,65,112.0,53,1,2022-02-16 09:36:28
1645004193232712000,112.0,5,111.5,65,112.0,48,1,2022-02-16 09:36:33
1645004193295280000,112.0,17,111.5,65,112.0,31,1,2022-02-16 09:36:33
