ts,close,volume,bid_price,bid_volume,ask_price,ask_volume,tick_type,datetime
1645002135958918000,155.0,687,155.0,61,155.5,10,1,2022-02-16 09:02:15
1645002135996330000,155.5,10,155.0,61,156.0,49,1,2022-02-16 09:02:15
1645002136036518000,155.0,1,155.0,61,156.0,49,2,2022-02-16 09:02:16
1645002136065799000,156.0,1,155.0,61,156.0,49,1,2022-02-16 09:02:16
1645002136338767000,156.0,1,155.5,1,156.0,50,1,2022-02-16 09:02:16
1645002136416507000,155.5,1,155.0,62,156.0,50,2,2022-02-16 09:02:16
1645002136751440000,155.0,1,155.0,62,156.0,50,2,2022-02-16 09:02:16
1645002136935447000,155.0,6,155.0,56,156.0,50,2,2022-02-16 09:02:16
1645002137274565000,156.0,1,155.5,2,156.0,49,1,2022-02-16 09:02:17
1645002137378218000,155.5,2,155.0,57,156.0,49,2,2022-02-16 09:02:17
1645002137378218000,155.0,4,155.0,57,156.0,49,2,2022-02-16 09:02:17
1645002137634602000,156.0,3,155.5,1,156.0,46,1,2022-02-16 09:02:17
1645002138029431000,156.0,1,155.5,1,156.0,45,1,2022-02-16 09:02:18
1645002138034936000,155.5,1,155.0,58,155.5,9,2,2022-02-16 09:02:18
1645002138070007000,155.5,7,155.0,58,155.5,2,1,2022-02-16 09:02:18
1645002138070781000,155.5,2,155.0,58,156.0,44,1,2022-02-16 09:02:18
1645002138103969000,155.5,1,155.5,4,156.0,44,2,2022-02-16 09:02:18
1645002138104729000,155.5,2,155.5,2,156.0,44,2,2022-02-16 09:02:18
1645002138778173000,156.0,2,155.5,2,156.0,42,1,2022-02-16 09:02:18
1645002138930495000,156.0,1,155.5,2,156.0,41,1,2022-02-16 09:02:18
1645002139044248000,156.0,2,155.5,2,156.0,39,1,2022-02-16 09:02:19
1645002140239547000,155.5,1,155.5,1,156.0,39,2,2022-02-16 09:02:20
1645002140283008000,155.5,1,155.0,69,156.0,39,2,2022-02-16 09:02:20
1645002140506752000,156.0,1,155.0,69,156.0,43,1,2022-02-16 09:02:20
1645002140657796000,156.0,1,155.0,71,156.0,42,1,2022-02-16 09:02:20
1645002140744931000,156.0,20,155.0,72,156.0,22,1,2022-02-16 09:02:20
1645002140881579000,156.0,5,155.0,72,156.0,17,1,2022-02-16 09:02:20
1645002141063616000,155.5,1,155.0,72,156.0,17,1,2022-02-16 09:02:21
1645002141223603000,156.0,1,155.0,72,156.0,16,1,2022-02-16 09:02:21
1645002141262563000,156.0,1,155.0,72,156.0,15,1,2022-02-16 09:02:21
1645002141566152000,155.5,3,155.0,73,155.5,7,1,2022-02-16 09:02:21
1645002141568010000,155.5,3,155.0,73,155.5,4,1,2022-02-16 09:02:21
1645002141601514000,155.5,4,155.0,73,156.0,15,1,2022-02-16 09:02:21
1645002141603162000,155.0,73,154.5,158,156.0,15,2,2022-02-16 09:02:21
1645002141650138000,155.5,1,155.0,6,155.5,5,2,2022-02-16 09:02:21
1645002141681982000,155.5,1,154.5,158,155.5,2,1,2022-02-16 09:02:21
1645002141713400000,155.5,10,154.5,158,155.5,2,1,2022-02-16 09:02:21
1645002141794328000,155.0,1,154.5,158,155.5,2,1,2022-02-16 09:02:21
1645002141820514000,155.5,2,155.0,2,156.0,9,1,2022-02-16 09:02:21
1645002141820514000,156.0,8,155.0,2,156.0,9,1,2022-02-16 09:02:21
1645002141905976000,156.0,1,155.5,1,156.0,7,1,2022-02-16 09:02:21
1645002141913896000,156.0,5,155.5,1,156.0,2,1,2022-02-16 09:02:21
1645002141917129000,155.5,1,155.0,2,156.0,2,2,2022-02-16 09:02:21
1645002141933213000,156.0,1,155.0,2,156.0,1,1,2022-02-16 09:02:21
1645002142091761000,156.0,1,155.5,1,156.5,25,1,2022-02-16 09:02:22
1645002142201203000,156.0,1,155.5,1,156.0,4,2,2022-02-16 09:02:22
1645002142211750000,156.0,1,155.5,1,156.0,3,1,2022-02-16 09:02:22
1645002142282794000,156.0,2,155.5,1,156.0,1,1,2022-02-16 09:02:22
1645002142407094000,155.5,1,155.0,2,155.5,4,2,2022-02-16 09:02:22
1645002142427550000,155.5,4,155.0,2,156.0,1,1,2022-02-16 09:02:22
1645002142597724000,156.0,1,155.0,4,156.0,3,1,2022-02-16 09:02:22
1645002142613599000,156.0,1,155.0,4,156.0,2,1,2022-02-16 09:02:22
1645002142691010000,156.0,1,155.0,4,156.0,2,1,2022-02-16 09:02:22
1645002142730441000,155.0,1,155.0,3,156.0,2,2,2022-02-16 09:02:22
1645002142734630000,155.0,1,155.0,2,156.0,2,2,2022-02-16 09:02:22
1645002142744564000,156.0,1,155.0,2,156.0,1,1,2022-02-16 09:02:22
1645002142769564000,156.0,1,155.0,3,156.5,25,1,2022-02-16 09:02:22
1645002142891861000,156.0,2,155.5,9,156.0,23,1,2022-02-16 09:02:22
1645002142905138000,156.0,1,155.5,9,156.0,22,1,2022-02-16 09:02:22
1645002143033386000,155.5,1,155.5,9,156.0,22,2,2022-02-16 09:02:23
1645002143275688000,156.0,1,155.5,12,156.0,31,1,2022-02-16 09:02:23
1645002143403267000,156.0,1,155.5,13,156.0,31,1,2022-02-16 09:02:23
1645002143547908000,156.0,1,155.5,33,156.0,30,1,2022-02-16 09:02:23
1645002143574816000,156.0,2,155.5,33,156.0,28,1,2022-02-16 09:02:23
1645002143658804000,156.0,1,155.5,33,156.0,27,1,2022-02-16 09:02:23
1645002144006686000,156.0,3,155.5,33,156.0,25,1,2022-02-16 09:02:24
1645002144017365000,156.0,1,155.5,33,156.0,24,1,2022-02-16 09:02:24
1645002144127251000,156.0,1,155.5,33,156.0,23,1,2022-02-16 09:02:24
1645002144134769000,156.0,1,155.5,33,156.0,22,1,2022-02-16 09:02:24
1645002144200763000,156.0,1,155.5,33,156.0,21,1,2022-02-16 09:02:24
1645002144248627000,156.0,1,155.5,33,156.0,20,1,2022-02-16 09:02:24
1645002144284765000,155.5,10,155.5,23,156.0,20,2,2022-02-16 09:02:24
1645002144333254000,156.0,1,155.5,23,156.0,19,1,2022-02-16 09:02:24
1645002144527085000,156.0,5,155.5,23,156.0,19,1,2022-02-16 09:02:24
1645002144697901000,155.5,2,155.5,22,156.0,19,2,2022-02-16 09:02:24
1645002144768534000,156.0,1,155.5,24,156.0,19,1,2022-02-16 09:02:24
1645002144804181000,156.0,2,155.5,24,156.0,17,1,2022-02-16 09:02:24
1645002144842990000,156.0,2,155.5,24,156.0,15,1,2022-02-16 09:02:24
1645002144886540000,156.0,1,155.5,24,156.0,14,1,2022-02-16 09:02:24
1645002145027614000,156.0,1,155.5,25,156.0,14,1,2022-02-16 09:02:25
1645002145061566000,156.0,1,155.5,25,156.0,13,1,2022-02-16 09:02:25
1645002145204562000,156.0,2,155.5,25,156.0,12,1,2022-02-16 09:02:25
1645002145349879000,156.0,1,155.5,26,156.0,21,1,2022-02-16 09:02:25
1645002145419173000,156.0,1,155.5,26,156.0,20,1,2022-02-16 09:02:25
1645002145457078000,156.0,1,155.5,26,156.0,19,1,2022-02-16 09:02:25
1645002145465232000,156.0,3,155.5,26,156.0,16,1,2022-02-16 09:02:25
1645002145547968000,156.0,2,155.5,26,156.0,16,1,2022-02-16 09:02:25
1645002145629330000,156.0,2,155.5,26,156.0,14,1,2022-02-16 09:02:25
1645002145725985000,156.0,2,155.5,26,156.0,12,1,2022-02-16 09:02:25
1645002145829380000,156.0,1,155.5,26,156.0,11,1,2022-02-16 09:02:25
1645002145905906000,155.5,1,155.5,27,156.0,11,2,2022-02-16 09:02:25
1645002146152473000,156.0,1,155.5,32,156.0,20,1,2022-02-16 09:02:26
1645002146256738000,156.0,4,155.5,12,156.0,16,1,2022-02-16 09:02:26
1645002146391615000,156.0,2,155.5,12,156.0,15,1,2022-02-16 09:02:26
1645002146421947000,156.0,6,155.5,12,156.0,9,1,2022-02-16 09:02:26
1645002146470759000,156.0,1,155.5,12,156.0,8,1,2022-02-16 09:02:26
1645002146520058000,156.0,1,155.5,13,156.0,7,1,2022-02-16 09:02:26
1645002146529171000,156.0,3,155.5,13,156.0,4,1,2022-02-16 09:02:26
1645002146699399000,156.0,4,156.0,1,156.5,55,1,2022-02-16 09:02:26
1645002146862958000,156.0,5,156.0,2,156.5,55,2,2022-02-16 09:02:26
1645002146929243000,156.5,1,156.0,3,156.5,54,1,2022-02-16 09:02:26
1645002146973815000,156.0,1,156.0,2,156.5,53,2,2022-02-16 09:02:26
1645002147010860000,156.5,1,156.0,3,156.5,52,1,2022-02-16 09:02:27
1645002147579605000,156.0,10,156.0,1,156.5,60,2,2022-02-16 09:02:27
1645002147618459000,156.0,1,155.5,15,156.5,60,2,2022-02-16 09:02:27
1645002147738116000,156.0,2,155.5,17,156.0,8,2,2022-02-16 09:02:27
1645002147742858000,156.0,2,155.5,17,156.0,6,1,2022-02-16 09:02:27
1645002147748766000,156.0,1,155.5,17,156.0,5,1,2022-02-16 09:02:27
1645002147930411000,156.0,1,155.5,17,156.0,4,1,2022-02-16 09:02:27
1645002147959154000,155.5,1,155.5,16,156.0,4,2,2022-02-16 09:02:27
1645002147987004000,156.0,2,155.5,17,156.0,2,1,2022-02-16 09:02:27
1645002148230725000,156.0,2,156.0,8,156.5,60,1,2022-02-16 09:02:28
1645002148410467000,156.0,1,156.0,11,156.5,60,2,2022-02-16 09:02:28
1645002148443866000,156.5,1,156.0,11,156.5,59,1,2022-02-16 09:02:28
1645002148530375000,156.5,1,156.0,39,156.5,58,1,2022-02-16 09:02:28
1645002148566401000,156.5,2,156.0,39,156.5,56,1,2022-02-16 09:02:28
1645002148675666000,156.5,1,156.0,41,156.5,55,1,2022-02-16 09:02:28
1645002148764322000,156.0,15,156.0,27,156.5,55,2,2022-02-16 09:02:28
1645002148793615000,156.0,10,156.0,17,156.5,55,2,2022-02-16 09:02:28
1645002148860778000,156.0,3,156.0,14,156.5,55,2,2022-02-16 09:02:28
1645002149212767000,156.5,1,156.0,21,156.5,64,1,2022-02-16 09:02:29
1645002149371814000,156.5,1,156.0,23,156.5,68,1,2022-02-16 09:02:29
1645002149423999000,156.5,1,156.0,24,156.5,67,1,2022-02-16 09:02:29
1645002149611450000,156.5,1,156.0,25,156.5,67,1,2022-02-16 09:02:29
1645002150041544000,156.0,2,156.0,24,156.5,68,2,2022-02-16 09:02:30
1645002150248752000,156.0,2,156.0,26,156.5,68,2,2022-02-16 09:02:30
1645002150278172000,156.5,1,156.0,26,156.5,67,1,2022-02-16 09:02:30
1645002150318768000,156.5,1,156.0,27,156.5,66,1,2022-02-16 09:02:30
1645002150478168000,156.0,1,156.0,27,156.5,46,2,2022-02-16 09:02:30
1645002150561635000,156.0,1,156.0,26,156.5,46,2,2022-02-16 09:02:30
1645002150611897000,156.5,1,156.0,26,156.5,45,1,2022-02-16 09:02:30
1645002150671133000,156.5,1,156.0,26,156.5,44,1,2022-02-16 09:02:30
1645002151070912000,156.5,1,156.0,29,156.5,43,1,2022-02-16 09:02:31
1645002151091714000,156.0,1,156.0,28,156.5,43,2,2022-02-16 09:02:31
1645002151801219000,156.5,1,156.0,35,156.5,42,1,2022-02-16 09:02:31
1645002151998243000,156.5,3,156.0,35,156.5,39,1,2022-02-16 09:02:31
1645002152085246000,156.5,1,156.0,36,156.5,38,1,2022-02-16 09:02:32
1645002152135573000,156.5,2,156.0,36,156.5,36,1,2022-02-16 09:02:32
1645002152234669000,156.0,1,156.0,38,156.5,36,2,2022-02-16 09:02:32
1645002152273585000,156.5,1,156.0,38,156.5,35,1,2022-02-16 09:02:32
1645002152282160000,156.5,1,156.0,38,156.5,34,1,2022-02-16 09:02:32
1645002152449534000,156.5,1,156.0,38,156.5,33,1,2022-02-16 09:02:32
1645002152523108000,156.0,10,156.0,29,156.5,33,2,2022-02-16 09:02:32
1645002152548552000,156.5,5,156.0,29,156.5,28,1,2022-02-16 09:02:32
1645002152920717000,156.0,6,156.0,25,156.5,28,2,2022-02-16 09:02:32
1645002152933437000,156.0,1,156.0,24,156.5,28,2,2022-02-16 09:02:32
1645002153128583000,156.5,6,156.0,27,156.5,22,1,2022-02-16 09:02:33
1645002153162258000,156.5,2,156.0,28,156.5,30,1,2022-02-16 09:02:33
1645002153414311000,156.5,1,156.0,33,156.5,40,1,2022-02-16 09:02:33
1645002153546481000,156.5,2,156.0,38,156.5,38,1,2022-02-16 09:02:33
1645002153795664000,156.5,1,156.0,40,156.5,37,1,2022-02-16 09:02:33
1645002153825251000,156.5,1,156.0,40,156.5,36,1,2022-02-16 09:02:33
1645002153845586000,156.5,1,156.0,40,156.5,35,1,2022-02-16 09:02:33
1645002154021932000,156.5,1,156.0,41,156.5,34,1,2022-02-16 09:02:34
1645002154103927000,156.5,6,156.0,42,156.5,28,1,2022-02-16 09:02:34
1645002154106592000,156.5,1,156.0,42,156.5,27,1,2022-02-16 09:02:34
1645002154270545000,156.5,2,156.0,45,156.5,35,1,2022-02-16 09:02:34
1645002154319493000,156.5,1,156.0,45,156.5,34,1,2022-02-16 09:02:34
1645002154321479000,156.5,5,156.0,45,156.5,29,1,2022-02-16 09:02:34
1645002154338545000,156.5,1,156.0,45,156.5,28,1,2022-02-16 09:02:34
1645002154347069000,156.5,1,156.0,45,156.5,28,1,2022-02-16 09:02:34
1645002154399172000,156.0,10,156.0,36,156.5,38,2,2022-02-16 09:02:34
1645002154612398000,156.5,2,156.0,38,156.5,46,1,2022-02-16 09:02:34
1645002154692873000,156.5,2,156.0,38,156.5,44,1,2022-02-16 09:02:34
1645002154815506000,156.0,3,156.0,35,156.5,44,2,2022-02-16 09:02:34
1645002154861224000,156.5,5,156.0,35,156.5,39,1,2022-02-16 09:02:34
1645002154882105000,156.5,1,156.0,35,156.5,38,1,2022-02-16 09:02:34
1645002154975924000,156.5,2,156.0,36,156.5,36,1,2022-02-16 09:02:34
1645002155142671000,156.5,4,156.0,46,156.5,33,1,2022-02-16 09:02:35
1645002155160176000,156.5,1,156.0,46,156.5,32,1,2022-02-16 09:02:35
1645002155525370000,156.5,1,156.0,58,156.5,33,1,2022-02-16 09:02:35
1645002155535740000,156.5,1,156.0,58,156.5,32,1,2022-02-16 09:02:35
1645002155565810000,156.5,1,156.0,58,156.5,31,1,2022-02-16 09:02:35
1645002155592298000,156.5,10,156.0,58,156.5,21,1,2022-02-16 09:02:35
1645002155739430000,156.5,2,156.0,58,156.5,25,1,2022-02-16 09:02:35
1645002155774577000,156.0,10,156.0,48,156.5,25,2,2022-02-16 09:02:35
1645002155775822000,156.5,1,156.0,48,156.5,24,1,2022-02-16 09:02:35
1645002155964730000,156.0,1,156.0,48,156.5,24,2,2022-02-16 09:02:35
1645002156017654000,156.0,10,156.0,38,156.5,24,2,2022-02-16 09:02:36
1645002156045577000,156.5,1,156.0,38,156.5,23,1,2022-02-16 09:02:36
1645002156049289000,156.0,1,156.0,37,156.5,23,2,2022-02-16 09:02:36
1645002156049443000,156.0,1,156.0,36,156.5,23,2,2022-02-16 09:02:36
1645002156075686000,156.5,1,156.0,36,156.5,22,1,2022-02-16 09:02:36
1645002156087185000,156.0,1,156.0,35,156.5,22,2,2022-02-16 09:02:36
1645002156105773000,156.5,2,156.0,35,156.5,20,1,2022-02-16 09:02:36
1645002156171500000,156.0,1,156.0,35,156.5,20,2,2022-02-16 09:02:36
1645002156324029000,156.5,3,156.0,38,156.5,17,1,2022-02-16 09:02:36
1645002156339032000,156.5,1,156.0,38,156.5,16,1,2022-02-16 09:02:36
1645002156390759000,156.5,1,156.0,39,156.5,15,1,2022-02-16 09:02:36
1645002156397215000,156.5,1,156.0,39,156.5,14,1,2022-02-16 09:02:36
1645002156422929000,156.5,1,156.0,39,156.5,13,1,2022-02-16 09:02:36
1645002156503915000,156.0,5,156.0,34,156.5,13,2,2022-02-16 09:02:36
1645002156526054000,156.5,1,156.0,34,156.5,12,1,2022-02-16 09:02:36
1645002156540531000,156.5,1,156.0,34,156.5,11,1,2022-02-16 09:02:36
1645002156811757000,156.5,1,156.0,38,156.5,21,1,2022-02-16 09:02:36
1645002156815122000,156.5,1,156.0,38,156.5,20,1,2022-02-16 09:02:36
1645002156820135000,156.5,1,156.0,38,156.5,19,1,2022-02-16 09:02:36
1645002156836418000,156.5,2,156.0,38,156.5,17,1,2022-02-16 09:02:36
1645002156944444000,156.5,1,156.0,38,156.5,16,1,2022-02-16 09:02:36
1645002156959893000,156.0,1,156.0,37,156.5,16,2,2022-02-16 09:02:36
1645002157074060000,156.5,1,156.0,38,156.5,15,1,2022-02-16 09:02:37
1645002157170559000,156.5,1,156.0,38,156.5,15,1,2022-02-16 09:02:37
1645002157222090000,156.0,1,156.0,37,156.5,15,2,2022-02-16 09:02:37
1645002157224990000,156.5,1,156.0,37,156.5,14,1,2022-02-16 09:02:37
1645002157322989000,156.5,1,156.0,37,156.5,13,1,2022-02-16 09:02:37
1645002157354527000,156.5,1,156.0,39,156.5,12,1,2022-02-16 09:02:37
1645002157533927000,156.0,2,156.0,42,156.5,12,2,2022-02-16 09:02:37
1645002157645099000,156.5,1,156.0,43,156.5,11,1,2022-02-16 09:02:37
1645002157860215000,156.5,3,156.0,47,156.5,8,1,2022-02-16 09:02:37
1645002157924273000,156.5,1,156.0,47,156.5,7,1,2022-02-16 09:02:37
1645002157966395000,156.0,2,156.0,45,156.5,7,2,2022-02-16 09:02:37
1645002158076390000,156.5,4,156.0,47,156.5,3,1,2022-02-16 09:02:38
1645002158099301000,156.5,1,156.0,47,156.5,2,1,2022-02-16 09:02:38
1645002158117884000,156.5,1,156.0,57,156.5,1,1,2022-02-16 09:02:38
1645002158183536000,156.5,1,156.0,59,157.0,68,1,2022-02-16 09:02:38
1645002158531566000,157.0,3,156.5,17,157.0,72,1,2022-02-16 09:02:38
1645002158545983000,156.5,2,156.5,15,157.0,72,2,2022-02-16 09:02:38
1645002158621970000,156.5,10,156.5,5,157.0,72,2,2022-02-16 09:02:38
1645002158653941000,156.5,5,156.5,1,157.0,72,2,2022-02-16 09:02:38
1645002158746352000,156.5,2,156.0,73,157.0,72,2,2022-02-16 09:02:38
1645002158809129000,156.5,1,156.0,73,156.5,9,2,2022-02-16 09:02:38
1645002158871984000,156.5,2,156.0,73,156.5,7,1,2022-02-16 09:02:38
1645002158914403000,156.5,1,156.0,73,156.5,6,1,2022-02-16 09:02:38
1645002158924564000,156.5,1,156.0,73,156.5,5,1,2022-02-16 09:02:38
1645002158957880000,156.5,1,156.0,74,156.5,14,1,2022-02-16 09:02:38
1645002158989133000,156.5,1,156.0,74,156.5,13,1,2022-02-16 09:02:38
1645002159031528000,156.5,1,156.0,74,156.5,12,1,2022-02-16 09:02:39
1645002159045240000,156.5,1,156.0,75,156.5,11,1,2022-02-16 09:02:39
1645002159127775000,156.5,1,156.0,75,156.5,10,1,2022-02-16 09:02:39
1645002159159927000,156.5,2,156.0,75,156.5,8,1,2022-02-16 09:02:39
1645002159328790000,156.5,1,156.0,76,156.5,11,1,2022-02-16 09:02:39
1645002159336363000,156.5,2,156.0,76,156.5,9,1,2022-02-16 09:02:39
1645002159394107000,156.5,1,156.0,76,156.5,8,1,2022-02-16 09:02:39
1645002159541799000,156.5,1,156.0,76,156.5,9,1,2022-02-16 09:02:39
1645002159592147000,156.5,1,156.0,76,156.5,8,1,2022-02-16 09:02:39
1645002159863545000,156.0,10,156.0,71,156.5,13,2,2022-02-16 09:02:39
1645002159899132000,156.5,3,156.0,71,156.5,10,1,2022-02-16 09:02:39
1645002159919123000,156.0,1,156.0,70,156.5,10,2,2022-02-16 09:02:39
1645002160037163000,156.5,1,156.0,70,156.5,19,1,2022-02-16 09:02:40
1645002160064535000,156.5,1,156.0,70,156.5,18,1,2022-02-16 09:02:40
1645002160075722000,156.5,1,156.0,70,156.5,17,1,2022-02-16 09:02:40
1645002160091381000,156.0,1,156.0,69,156.5,17,2,2022-02-16 09:02:40
1645002160288703000,156.5,1,156.0,71,156.5,16,1,2022-02-16 09:02:40
1645002160413369000,156.5,1,156.0,72,156.5,15,1,2022-02-16 09:02:40
1645002160436536000,156.0,1,156.0,72,156.5,15,2,2022-02-16 09:02:40
1645002160526826000,156.5,2,156.0,72,156.5,15,1,2022-02-16 09:02:40
1645002160630516000,156.5,1,156.0,72,156.5,18,1,2022-02-16 09:02:40
1645002160649522000,156.0,10,156.0,62,156.5,28,2,2022-02-16 09:02:40
1645002160685033000,156.0,1,156.0,61,156.5,28,2,2022-02-16 09:02:40
1645002160749427000,156.0,10,156.0,51,156.5,29,2,2022-02-16 09:02:40
1645002160809959000,156.0,1,156.0,50,156.5,29,2,2022-02-16 09:02:40
1645002160925148000,156.0,1,156.0,49,156.5,29,2,2022-02-16 09:02:40
1645002160963248000,156.5,10,156.0,49,156.5,19,1,2022-02-16 09:02:40
1645002160984972000,156.0,1,156.0,48,156.5,19,2,2022-02-16 09:02:40
1645002161008367000,156.5,1,156.0,48,156.5,18,1,2022-02-16 09:02:41
1645002161042072000,156.5,1,156.0,48,156.5,17,1,2022-02-16 09:02:41
1645002161050186000,156.5,1,156.0,48,156.5,16,1,2022-02-16 09:02:41
1645002161123775000,156.0,1,156.0,47,156.5,16,2,2022-02-16 09:02:41
1645002161336632000,156.5,5,156.0,47,156.5,21,1,2022-02-16 09:02:41
1645002161361398000,156.5,1,156.0,47,156.5,30,1,2022-02-16 09:02:41
1645002161875416000,156.5,1,156.0,53,156.5,36,1,2022-02-16 09:02:41
1645002161923320000,156.5,3,156.0,54,156.5,33,1,2022-02-16 09:02:41
1645002161953532000,156.5,1,156.0,54,156.5,32,1,2022-02-16 09:02:41
1645002161983077000,156.5,1,156.0,54,156.5,32,1,2022-02-16 09:02:41
1645002162088627000,156.5,1,156.0,54,156.5,34,1,2022-02-16 09:02:42
1645002162148363000,156.5,1,156.0,54,156.5,33,1,2022-02-16 09:02:42
1645002162283580000,156.0,1,156.0,54,156.5,33,2,2022-02-16 09:02:42
1645002162320401000,156.5,1,156.0,54,156.5,32,1,2022-02-16 09:02:42
1645002162321314000,156.0,2,156.0,52,156.5,32,2,2022-02-16 09:02:42
1645002162466288000,156.5,2,156.0,53,156.5,31,1,2022-02-16 09:02:42
1645002162550536000,156.0,10,156.0,43,156.5,31,2,2022-02-16 09:02:42
1645002162579392000,156.0,10,156.0,33,156.5,31,2,2022-02-16 09:02:42
1645002162646189000,156.5,6,156.0,34,156.5,25,1,2022-02-16 09:02:42
1645002162707893000,156.5,1,156.0,34,156.5,26,1,2022-02-16 09:02:42
1645002162783037000,156.5,1,156.0,35,156.5,26,1,2022-02-16 09:02:42
1645002162848705000,156.5,1,156.0,35,156.5,27,1,2022-02-16 09:02:42
1645002162964306000,156.5,1,156.0,35,156.5,35,1,2022-02-16 09:02:42
1645002163137793000,156.5,2,156.0,36,156.5,35,1,2022-02-16 09:02:43
1645002163156855000,156.0,12,156.0,24,156.5,35,2,2022-02-16 09:02:43
1645002163176739000,156.0,10,156.0,14,156.5,40,2,2022-02-16 09:02:43
1645002163177851000,156.0,10,156.0,4,156.5,40,2,2022-02-16 09:02:43
1645002163178989000,156.0,4,155.5,48,156.0,6,2,2022-02-16 09:02:43
1645002163212493000,155.5,1,155.5,47,156.0,7,2,2022-02-16 09:02:43
1645002163241189000,155.5,10,155.5,37,156.0,7,2,2022-02-16 09:02:43
1645002163279477000,155.5,1,155.5,36,156.0,7,2,2022-02-16 09:02:43
1645002163283915000,156.0,3,155.5,36,156.0,4,1,2022-02-16 09:02:43
1645002163422416000,156.0,1,155.5,36,156.0,3,1,2022-02-16 09:02:43
1645002163428707000,156.0,2,155.5,36,156.0,1,1,2022-02-16 09:02:43
1645002163496932000,156.0,4,155.5,36,156.0,7,1,2022-02-16 09:02:43
1645002163546710000,156.0,1,155.5,36,156.0,6,1,2022-02-16 09:02:43
1645002163601427000,156.0,1,155.5,36,156.0,5,1,2022-02-16 09:02:43
1645002163792855000,156.0,1,155.5,36,156.0,12,1,2022-02-16 09:02:43
1645002163862890000,156.0,2,155.5,34,156.0,19,1,2022-02-16 09:02:43
1645002163864441000,156.0,2,155.5,34,156.0,17,1,2022-02-16 09:02:43
1645002163932434000,156.0,1,155.5,34,156.0,16,1,2022-02-16 09:02:43
1645002163942495000,156.0,1,155.5,34,156.0,15,1,2022-02-16 09:02:43
1645002163968307000,156.0,1,155.5,34,156.0,35,1,2022-02-16 09:02:43
1645002163989115000,155.5,4,155.5,30,156.0,36,2,2022-02-16 09:02:43
1645002164024259000,156.0,1,155.5,30,156.0,35,1,2022-02-16 09:02:44
1645002164046154000,156.0,1,155.5,30,156.0,40,1,2022-02-16 09:02:44
1645002164069548000,156.0,3,155.5,30,156.0,37,1,2022-02-16 09:02:44
1645002164088045000,156.0,3,155.5,30,156.0,34,1,2022-02-16 09:02:44
1645002164108515000,156.0,1,155.5,30,156.0,34,1,2022-02-16 09:02:44
1645002164109887000,155.5,1,155.5,29,156.0,34,2,2022-02-16 09:02:44
1645002164227530000,156.0,2,155.5,27,156.0,47,1,2022-02-16 09:02:44
1645002164234191000,156.0,1,155.5,27,156.0,46,1,2022-02-16 09:02:44
1645002164345263000,156.0,1,155.5,27,156.0,46,1,2022-02-16 09:02:44
1645002164375314000,156.0,1,155.5,27,156.0,45,1,2022-02-16 09:02:44
1645002164531634000,156.0,1,155.5,26,156.0,44,1,2022-02-16 09:02:44
1645002164650541000,156.0,1,155.5,26,156.0,43,1,2022-02-16 09:02:44
1645002164681000000,156.0,1,155.5,26,156.0,44,1,2022-02-16 09:02:44
1645002164682812000,156.0,1,155.5,26,156.0,43,1,2022-02-16 09:02:44
1645002164720220000,156.0,1,155.5,26,156.0,45,1,2022-02-16 09:02:44
1645002164723033000,156.0,1,155.5,26,156.0,44,1,2022-02-16 09:02:44
1645002164819572000,156.0,4,155.5,26,156.0,40,1,2022-02-16 09:02:44
1645002164877425000,156.0,1,155.5,26,156.0,39,1,2022-02-16 09:02:44
1645002164976175000,156.0,10,155.5,26,156.0,31,1,2022-02-16 09:02:44
1645002165202164000,155.5,10,155.5,16,156.0,31,2,2022-02-16 09:02:45
1645002165219811000,155.5,1,155.5,15,156.0,33,2,2022-02-16 09:02:45
1645002165229764000,156.0,1,155.5,15,156.0,32,1,2022-02-16 09:02:45
1645002165261453000,155.5,1,155.5,14,156.0,32,2,2022-02-16 09:02:45
1645002165314833000,156.0,2,155.5,14,156.0,30,1,2022-02-16 09:02:45
1645002165409125000,155.5,10,155.5,4,156.0,33,2,2022-02-16 09:02:45
1645002165433601000,156.0,1,155.5,4,156.0,32,1,2022-02-16 09:02:45
1645002165448455000,156.0,2,155.5,4,156.0,30,1,2022-02-16 09:02:45
1645002165575157000,156.0,1,155.5,6,156.0,29,1,2022-02-16 09:02:45
1645002165600047000,156.0,1,155.5,6,156.0,28,1,2022-02-16 09:02:45
1645002165617239000,156.0,1,155.5,6,156.0,27,1,2022-02-16 09:02:45
1645002165630221000,155.5,6,155.0,56,155.5,4,2,2022-02-16 09:02:45
1645002165727630000,155.5,1,155.0,55,155.5,3,1,2022-02-16 09:02:45
1645002165761962000,155.5,1,155.0,55,155.5,2,1,2022-02-16 09:02:45
1645002165782995000,155.5,1,155.0,55,155.5,1,1,2022-02-16 09:02:45
1645002165809476000,155.5,1,155.0,55,156.0,30,1,2022-02-16 09:02:45
1645002166001771000,155.5,1,155.0,55,155.5,1,1,2022-02-16 09:02:46
1645002166275423000,155.5,3,155.0,55,156.0,30,1,2022-02-16 09:02:46
1645002166462442000,156.0,1,155.0,55,156.0,29,1,2022-02-16 09:02:46
1645002166645234000,155.5,1,155.0,55,155.5,1,1,2022-02-16 09:02:46
1645002166761535000,155.5,1,155.0,55,155.5,1,1,2022-02-16 09:02:46
1645002166905213000,155.5,1,155.0,55,156.0,29,1,2022-02-16 09:02:46
1645002166951199000,155.5,2,155.0,55,156.0,30,1,2022-02-16 09:02:46
1645002166966163000,156.0,1,155.0,55,156.0,29,1,2022-02-16 09:02:46
1645002167231460000,155.5,1,155.0,55,156.0,32,1,2022-02-16 09:02:47
1645002167284081000,155.5,1,155.0,55,156.0,23,1,2022-02-16 09:02:47
1645002167284081000,156.0,9,155.0,55,156.0,23,1,2022-02-16 09:02:47
1645002167358834000,156.0,1,155.0,55,156.0,30,1,2022-02-16 09:02:47
1645002167529211000,156.0,1,155.5,1,156.0,29,1,2022-02-16 09:02:47
1645002168191587000,155.5,1,155.0,56,156.0,32,2,2022-02-16 09:02:48
1645002168463305000,155.5,1,155.0,54,155.5,16,1,2022-02-16 09:02:48
1645002168482866000,155.5,10,155.0,55,155.5,6,1,2022-02-16 09:02:48
1645002168527974000,155.0,1,155.0,54,155.5,6,2,2022-02-16 09:02:48
1645002168749963000,155.5,2,155.0,54,155.5,4,1,2022-02-16 09:02:48
1645002168809070000,155.5,1,155.0,54,155.5,3,1,2022-02-16 09:02:48
1645002168858744000,155.5,1,155.0,54,155.5,2,1,2022-02-16 09:02:48
1645002169381696000,155.5,1,155.0,54,155.5,2,1,2022-02-16 09:02:49
1645002169800513000,155.5,2,155.0,55,155.5,5,1,2022-02-16 09:02:49
1645002169900919000,155.5,1,155.0,55,155.5,4,1,2022-02-16 09:02:49
1645002170060051000,155.5,1,155.0,55,155.5,3,1,2022-02-16 09:02:50
1645002170116638000,155.5,2,155.0,55,155.5,1,1,2022-02-16 09:02:50
1645002170151656000,155.0,1,155.0,54,155.5,1,2,2022-02-16 09:02:50
1645002170273924000,155.5,1,155.0,57,156.0,39,1,2022-02-16 09:02:50
1645002170954431000,155.5,2,155.0,60,155.5,3,1,2022-02-16 09:02:50
1645002171265241000,155.5,1,155.0,60,155.5,2,1,2022-02-16 09:02:51
1645002171416085000,155.0,1,155.0,60,155.5,5,2,2022-02-16 09:02:51
1645002171528994000,155.5,1,155.0,68,155.5,4,1,2022-02-16 09:02:51
1645002171665647000,155.5,5,155.0,69,155.5,9,1,2022-02-16 09:02:51
1645002171707500000,155.0,1,155.0,68,155.5,9,2,2022-02-16 09:02:51
1645002172138707000,155.5,1,155.0,72,155.5,9,1,2022-02-16 09:02:52
1645002172249026000,155.5,1,155.0,74,155.5,9,1,2022-02-16 09:02:52
1645002172316093000,155.5,1,155.0,74,155.5,8,1,2022-02-16 09:02:52
1645002172331672000,155.0,1,155.0,75,155.5,8,2,2022-02-16 09:02:52
1645002172680668000,155.5,1,155.0,75,155.5,7,1,2022-02-16 09:02:52
1645002172704303000,155.5,1,155.0,75,155.5,6,1,2022-02-16 09:02:52
1645002172813339000,155.0,1,155.0,73,155.5,6,2,2022-02-16 09:02:52
1645002173053694000,155.5,1,155.0,76,155.5,5,1,2022-02-16 09:02:53
1645002173297402000,155.5,1,155.0,78,155.5,5,1,2022-02-16 09:02:53
1645002173579903000,155.5,1,155.0,78,155.5,30,1,2022-02-16 09:02:53
1645002174077723000,155.5,1,155.0,77,155.5,41,1,2022-02-16 09:02:54
1645002174239909000,155.5,1,155.0,78,155.5,40,1,2022-02-16 09:02:54
1645002174348308000,155.0,2,155.0,78,155.5,40,2,2022-02-16 09:02:54
1645002174410094000,155.5,2,155.0,78,155.5,39,1,2022-02-16 09:02:54
1645002174516112000,155.5,1,155.0,78,155.5,39,1,2022-02-16 09:02:54
1645002174657157000,155.5,1,155.0,79,155.5,38,1,2022-02-16 09:02:54
1645002174666207000,155.5,1,155.0,79,155.5,37,1,2022-02-16 09:02:54
1645002174703278000,155.5,2,155.0,79,155.5,35,1,2022-02-16 09:02:54
1645002174741345000,155.5,2,155.0,79,155.5,33,1,2022-02-16 09:02:54
1645002175008142000,155.5,1,155.0,79,155.5,33,1,2022-02-16 09:02:55
1645002175124288000,155.0,7,155.0,72,155.5,33,2,2022-02-16 09:02:55
1645002175270673000,155.5,1,155.0,77,155.5,33,1,2022-02-16 09:02:55
1645002175400603000,155.5,1,155.0,78,155.5,32,1,2022-02-16 09:02:55
1645002175625398000,155.5,1,155.0,80,155.5,31,1,2022-02-16 09:02:55
1645002175713864000,155.0,1,155.0,80,155.5,32,2,2022-02-16 09:02:55
1645002176053689000,155.5,1,155.0,81,155.5,33,1,2022-02-16 09:02:56
1645002176367695000,155.5,1,155.0,84,155.5,32,1,2022-02-16 09:02:56
1645002176367711000,155.5,1,155.0,84,155.5,31,1,2022-02-16 09:02:56
1645002176368391000,155.5,1,155.0,84,155.5,30,1,2022-02-16 09:02:56
1645002176390054000,155.5,1,155.0,85,155.5,39,1,2022-02-16 09:02:56
1645002176434597000,155.5,4,155.0,85,155.5,35,1,2022-02-16 09:02:56
1645002176480001000,155.0,10,155.0,75,155.5,35,2,2022-02-16 09:02:56
1645002176560879000,155.0,1,155.0,75,155.5,45,2,2022-02-16 09:02:56
1645002176575143000,155.5,10,155.0,75,155.5,35,1,2022-02-16 09:02:56
1645002176731440000,155.5,2,155.0,76,155.5,36,1,2022-02-16 09:02:56
1645002177177706000,155.0,1,155.0,81,155.5,36,2,2022-02-16 09:02:57
1645002177310809000,155.5,1,155.0,81,155.5,33,1,2022-02-16 09:02:57
1645002177350472000,155.5,1,155.0,81,155.5,32,1,2022-02-16 09:02:57
1645002177573675000,155.5,1,155.0,99,155.5,31,1,2022-02-16 09:02:57
1645002177683506000,155.5,3,155.0,100,155.5,28,1,2022-02-16 09:02:57
1645002177812721000,155.0,1,155.0,99,155.5,28,2,2022-02-16 09:02:57
1645002178113277000,155.5,1,155.0,99,155.5,27,1,2022-02-16 09:02:58
1645002178145219000,155.5,1,155.0,99,155.5,30,1,2022-02-16 09:02:58
1645002178510660000,155.5,1,155.0,103,155.5,30,1,2022-02-16 09:02:58
1645002178526407000,155.5,3,155.0,103,155.5,27,1,2022-02-16 09:02:58
1645002178562146000,155.5,1,155.0,103,155.5,26,1,2022-02-16 09:02:58
1645002178649465000,155.5,1,155.0,103,155.5,25,1,2022-02-16 09:02:58
1645002178811745000,155.5,1,155.0,105,155.5,24,1,2022-02-16 09:02:58
1645002178997177000,155.5,1,155.0,105,155.5,23,1,2022-02-16 09:02:58
1645002179020312000,155.5,1,155.0,105,155.5,22,1,2022-02-16 09:02:59
1645002179043464000,155.5,1,155.0,105,155.5,21,1,2022-02-16 09:02:59
1645002179050260000,155.5,10,155.0,105,155.5,11,1,2022-02-16 09:02:59
1645002179057942000,155.5,1,155.0,105,155.5,10,1,2022-02-16 09:02:59
1645002179091136000,155.0,1,155.0,105,155.5,10,2,2022-02-16 09:02:59
1645002179126448000,155.5,1,155.0,105,155.5,9,1,2022-02-16 09:02:59
1645002179132894000,155.0,10,155.0,95,155.5,9,2,2022-02-16 09:02:59
1645002179134167000,155.0,10,155.0,85,155.5,9,2,2022-02-16 09:02:59
1645002179135161000,155.0,10,155.0,75,155.5,9,2,2022-02-16 09:02:59
1645002179136537000,155.0,10,155.0,65,155.5,9,2,2022-02-16 09:02:59
1645002179137750000,155.0,10,155.0,55,155.5,9,2,2022-02-16 09:02:59
1645002179138642000,155.0,10,155.0,45,155.5,9,2,2022-02-16 09:02:59
1645002179206855000,155.5,9,155.5,1,156.0,35,1,2022-02-16 09:02:59
1645002179240384000,155.5,1,155.0,46,156.0,35,2,2022-02-16 09:02:59
1645002179273463000,155.5,1,155.0,46,156.0,35,2,2022-02-16 09:02:59
1645002179738920000,155.5,1,155.5,33,156.0,34,2,2022-02-16 09:02:59
1645002180346080000,155.5,1,155.5,42,156.0,34,2,2022-02-16 09:03:00
1645002180562534000,155.5,1,155.5,44,156.0,34,2,2022-02-16 09:03:00
1645002180585969000,155.5,2,155.5,42,156.0,34,2,2022-02-16 09:03:00
1645002180652613000,155.5,1,155.5,42,156.0,34,2,2022-02-16 09:03:00
1645002180659835000,155.5,1,155.5,41,156.0,34,2,2022-02-16 09:03:00
1645002180668775000,155.5,1,155.5,40,156.0,34,2,2022-02-16 09:03:00
1645002180672047000,155.5,3,155.5,37,156.0,34,2,2022-02-16 09:03:00
1645002180676262000,156.0,1,155.5,37,156.0,33,1,2022-02-16 09:03:00
1645002180678791000,155.5,1,155.5,36,156.0,33,2,2022-02-16 09:03:00
1645002180695585000,155.5,3,155.5,33,156.0,35,2,2022-02-16 09:03:00
1645002180698077000,155.5,3,155.5,30,156.0,35,2,2022-02-16 09:03:00
1645002180732112000,155.5,3,155.5,27,156.0,35,2,2022-02-16 09:03:00
1645002180747308000,156.0,5,155.5,27,156.0,30,1,2022-02-16 09:03:00
1645002180761927000,155.5,27,155.0,49,156.0,30,2,2022-02-16 09:03:00
1645002180849597000,155.0,3,155.0,46,156.0,30,2,2022-02-16 09:03:00
1645002180968411000,155.5,3,155.0,34,156.0,31,2,2022-02-16 09:03:00
1645002180968411000,155.0,12,155.0,34,156.0,31,2,2022-02-16 09:03:00
1645002180996149000,155.5,1,155.0,34,156.0,32,2,2022-02-16 09:03:00
1645002181107174000,155.5,1,155.0,35,156.0,37,2,2022-02-16 09:03:01
1645002181198772000,155.5,1,155.5,1,156.0,37,2,2022-02-16 09:03:01
1645002181198896000,155.5,1,155.0,35,156.0,37,2,2022-02-16 09:03:01
1645002181263750000,155.5,1,155.0,35,156.0,37,2,2022-02-16 09:03:01
1645002181324380000,155.0,1,155.0,34,156.0,37,2,2022-02-16 09:03:01
1645002181563721000,155.5,4,155.0,34,156.0,34,2,2022-02-16 09:03:01
1645002181596837000,155.5,2,155.0,34,156.0,34,2,2022-02-16 09:03:01
1645002181597779000,156.0,1,155.0,34,156.0,33,1,2022-02-16 09:03:01
1645002181711007000,156.0,1,155.0,44,156.0,32,1,2022-02-16 09:03:01
1645002182322821000,155.5,2,155.0,53,155.5,10,1,2022-02-16 09:03:02
1645002182364174000,155.5,2,155.0,53,155.5,18,1,2022-02-16 09:03:02
1645002182380407000,155.5,1,155.0,53,155.5,17,1,2022-02-16 09:03:02
1645002182439589000,155.5,3,155.0,53,155.5,17,1,2022-02-16 09:03:02
1645002182537237000,155.5,1,155.0,55,155.5,16,1,2022-02-16 09:03:02
1645002182581058000,155.5,1,155.0,56,155.5,15,1,2022-02-16 09:03:02
1645002182657651000,155.5,1,155.0,56,155.5,14,1,2022-02-16 09:03:02
1645002182749961000,155.5,1,155.0,56,155.5,13,1,2022-02-16 09:03:02
1645002182766938000,155.0,3,155.0,53,155.5,14,2,2022-02-16 09:03:02
1645002182818792000,155.0,4,155.0,49,155.5,14,2,2022-02-16 09:03:02
1645002182978769000,155.5,1,155.0,50,155.5,13,1,2022-02-16 09:03:02
1645002183133968000,155.5,1,155.0,50,155.5,12,1,2022-02-16 09:03:03
1645002183154854000,155.5,1,155.0,50,155.5,11,1,2022-02-16 09:03:03
1645002183175320000,155.5,1,155.0,50,155.5,10,1,2022-02-16 09:03:03
1645002183184071000,155.5,5,155.0,50,155.5,5,1,2022-02-16 09:03:03
1645002183410052000,155.5,2,155.0,50,155.5,3,1,2022-02-16 09:03:03
1645002183548974000,155.5,1,155.0,50,155.5,2,1,2022-02-16 09:03:03
1645002183574925000,155.5,2,155.0,50,156.0,33,1,2022-02-16 09:03:03
1645002184102867000,155.5,1,155.0,51,155.5,1,1,2022-02-16 09:03:04
1645002184148314000,155.5,1,155.0,51,156.0,33,1,2022-02-16 09:03:04
1645002184630134000,155.5,1,155.5,3,156.0,33,2,2022-02-16 09:03:04
1645002184959136000,155.5,3,155.0,52,156.0,33,2,2022-02-16 09:03:04
1645002184959136000,155.0,2,155.0,52,156.0,33,2,2022-02-16 09:03:04
1645002185119057000,156.0,1,155.0,55,156.0,32,1,2022-02-16 09:03:05
1645002185317229000,155.5,1,155.5,2,156.0,32,2,2022-02-16 09:03:05
1645002185540468000,156.0,1,155.5,3,156.0,31,1,2022-02-16 09:03:05
1645002185961389000,155.5,5,155.5,4,156.0,32,2,2022-02-16 09:03:05
1645002186543937000,156.0,1,155.5,11,156.0,31,1,2022-02-16 09:03:06
1645002186675182000,155.5,3,155.5,11,156.0,31,2,2022-02-16 09:03:06
1645002186763819000,155.5,3,155.5,9,156.0,31,2,2022-02-16 09:03:06
1645002187541648000,155.5,1,155.5,13,156.0,31,2,2022-02-16 09:03:07
1645002188176647000,156.0,1,155.5,17,156.0,30,1,2022-02-16 09:03:08
1645002188226100000,155.5,2,155.5,22,156.0,30,2,2022-02-16 09:03:08
1645002189629634000,156.0,2,155.5,36,156.0,28,1,2022-02-16 09:03:09
1645002189806675000,156.0,2,155.5,36,156.0,26,1,2022-02-16 09:03:09
1645002189833697000,156.0,2,155.5,36,156.0,24,1,2022-02-16 09:03:09
1645002189937550000,156.0,1,155.5,36,156.0,24,1,2022-02-16 09:03:09
1645002190713028000,156.0,1,155.5,40,156.0,17,1,2022-02-16 09:03:10
1645002191194676000,156.0,5,155.5,42,156.0,12,1,2022-02-16 09:03:11
1645002191244501000,156.0,17,156.0,3,156.5,54,1,2022-02-16 09:03:11
1645002191351408000,156.0,1,156.0,2,156.5,60,2,2022-02-16 09:03:11
1645002191481848000,156.0,2,155.5,44,156.5,60,2,2022-02-16 09:03:11
1645002191805319000,156.0,2,156.0,2,156.5,60,2,2022-02-16 09:03:11
1645002192128382000,156.0,2,155.5,45,156.5,60,2,2022-02-16 09:03:12
1645002192128382000,155.5,3,155.5,45,156.5,60,2,2022-02-16 09:03:12
1645002192492888000,156.5,1,155.5,52,156.5,59,1,2022-02-16 09:03:12
1645002192543549000,156.5,1,155.5,52,156.5,58,1,2022-02-16 09:03:12
1645002192619195000,156.0,1,155.5,52,156.5,57,1,2022-02-16 09:03:12
1645002192627215000,155.5,1,155.5,52,156.5,57,2,2022-02-16 09:03:12
1645002192789383000,156.5,1,155.5,52,156.5,56,1,2022-02-16 09:03:12
1645002192936513000,156.5,2,156.0,2,156.5,54,1,2022-02-16 09:03:12
1645002193564367000,156.5,1,156.0,9,156.5,55,1,2022-02-16 09:03:13
1645002193954328000,156.0,3,156.0,16,156.5,55,2,2022-02-16 09:03:13
1645002194630663000,156.5,1,156.0,18,156.5,54,1,2022-02-16 09:03:14
1645002195005430000,156.5,2,156.0,22,156.5,52,1,2022-02-16 09:03:15
1645002195199354000,156.0,1,156.0,21,156.5,52,2,2022-02-16 09:03:15
1645002195939614000,156.0,1,156.0,23,156.5,57,2,2022-02-16 09:03:15
1645002196219888000,156.5,2,156.0,29,156.5,54,1,2022-02-16 09:03:16
1645002196359007000,156.0,2,156.0,27,156.5,54,2,2022-02-16 09:03:16
1645002196540863000,156.5,1,156.0,27,156.5,53,1,2022-02-16 09:03:16
1645002196646525000,156.5,2,156.0,27,156.5,51,1,2022-02-16 09:03:16
1645002197012018000,156.5,3,156.0,27,156.5,48,1,2022-02-16 09:03:17
1645002197530467000,156.5,1,156.0,32,156.5,44,1,2022-02-16 09:03:17
1645002198148871000,156.5,1,156.0,40,156.5,43,1,2022-02-16 09:03:18
1645002198309685000,156.0,1,156.0,40,156.5,43,2,2022-02-16 09:03:18
1645002198309900000,156.5,1,156.0,40,156.5,42,1,2022-02-16 09:03:18
1645002198493775000,156.5,1,156.0,41,156.5,41,1,2022-02-16 09:03:18
1645002198541135000,156.5,1,156.0,42,156.5,40,1,2022-02-16 09:03:18
1645002198620359000,156.5,2,156.0,43,156.5,39,1,2022-02-16 09:03:18
1645002198955903000,156.5,1,156.0,43,156.5,38,1,2022-02-16 09:03:18
1645002198982741000,156.5,2,156.0,43,156.5,36,1,2022-02-16 09:03:18
1645002199123645000,156.5,1,156.0,44,156.5,36,1,2022-02-16 09:03:19
1645002199437429000,156.5,5,156.0,54,156.5,29,1,2022-02-16 09:03:19
1645002199696906000,156.5,1,156.0,55,156.5,28,1,2022-02-16 09:03:19
1645002199725208000,156.5,3,156.0,55,156.5,25,1,2022-02-16 09:03:19
1645002199769280000,156.5,1,156.0,55,156.5,25,1,2022-02-16 09:03:19
1645002199820733000,156.0,1,156.0,54,156.5,25,2,2022-02-16 09:03:19
1645002199832135000,156.5,4,156.0,54,156.5,21,1,2022-02-16 09:03:19
1645002199844220000,156.0,1,156.0,53,156.5,21,2,2022-02-16 09:03:19
1645002200042024000,156.0,1,156.0,52,156.5,21,2,2022-02-16 09:03:20
1645002200077784000,156.5,2,156.0,52,156.5,19,1,2022-02-16 09:03:20
1645002200238095000,156.5,4,156.0,57,156.5,15,1,2022-02-16 09:03:20
1645002200249806000,156.5,1,156.0,57,156.5,14,1,2022-02-16 09:03:20
1645002200274558000,156.5,7,156.0,58,156.5,7,1,2022-02-16 09:03:20
1645002200281380000,156.5,1,156.0,58,156.5,6,1,2022-02-16 09:03:20
1645002200306379000,156.5,6,156.0,58,157.0,45,1,2022-02-16 09:03:20
1645002200749581000,157.0,1,156.5,10,157.0,44,1,2022-02-16 09:03:20
1645002201095253000,157.0,1,156.5,18,157.0,45,1,2022-02-16 09:03:21
1645002201350305000,157.0,1,156.5,22,157.0,44,1,2022-02-16 09:03:21
1645002201481584000,157.0,3,156.5,23,157.0,39,1,2022-02-16 09:03:21
1645002201642942000,157.0,30,156.5,24,157.0,9,1,2022-02-16 09:03:21
1645002201668133000,157.0,7,156.5,24,157.0,2,1,2022-02-16 09:03:21
1645002201668522000,157.0,2,156.5,24,157.5,30,1,2022-02-16 09:03:21
1645002202574928000,157.5,5,156.5,30,157.5,29,1,2022-02-16 09:03:22
1645002202596921000,157.0,1,156.5,30,157.5,29,1,2022-02-16 09:03:22
1645002202761509000,157.0,1,156.5,30,157.5,29,1,2022-02-16 09:03:22
1645002202849908000,157.0,2,156.5,31,157.5,29,1,2022-02-16 09:03:22
1645002202903845000,156.5,1,156.5,31,157.5,29,2,2022-02-16 09:03:22
1645002203006141000,157.0,1,156.5,31,157.5,29,1,2022-02-16 09:03:23
1645002203174477000,156.5,1,156.5,30,157.5,29,2,2022-02-16 09:03:23
1645002203180992000,156.5,1,156.5,29,157.5,29,2,2022-02-16 09:03:23
1645002203361031000,157.5,5,156.5,31,157.5,24,1,2022-02-16 09:03:23
1645002203620268000,157.5,1,157.0,5,157.5,25,1,2022-02-16 09:03:23
1645002203685725000,157.5,2,157.0,5,157.5,23,1,2022-02-16 09:03:23
1645002204098572000,157.5,2,157.0,9,157.5,23,1,2022-02-16 09:03:24
1645002204137575000,157.5,1,157.0,9,157.5,22,1,2022-02-16 09:03:24
1645002204184265000,157.0,1,157.0,8,157.5,22,2,2022-02-16 09:03:24
1645002204971238000,157.5,1,157.0,16,157.5,21,1,2022-02-16 09:03:24
1645002205068518000,157.5,1,157.0,16,157.5,20,1,2022-02-16 09:03:25
1645002205113348000,157.5,10,157.0,17,157.5,10,1,2022-02-16 09:03:25
1645002205146514000,157.5,7,157.0,16,157.5,3,1,2022-02-16 09:03:25
1645002205146533000,157.5,3,157.0,16,158.0,33,1,2022-02-16 09:03:25
1645002205809133000,157.5,1,157.0,26,158.0,33,2,2022-02-16 09:03:25
1645002206395151000,158.0,1,157.5,5,158.0,32,1,2022-02-16 09:03:26
1645002206985075000,158.0,5,157.5,6,158.0,24,1,2022-02-16 09:03:26
1645002207014180000,157.5,6,157.0,39,158.0,24,2,2022-02-16 09:03:27
1645002207231613000,157.0,1,157.0,40,158.0,24,2,2022-02-16 09:03:27
1645002207441717000,157.5,1,157.0,43,158.0,24,2,2022-02-16 09:03:27
1645002207535022000,158.0,2,157.0,43,158.0,22,1,2022-02-16 09:03:27
1645002207541916000,158.0,5,157.0,43,158.0,17,1,2022-02-16 09:03:27
1645002207638305000,157.5,1,157.0,45,158.0,17,1,2022-02-16 09:03:27
1645002207699462000,158.0,1,157.0,45,158.0,16,1,2022-02-16 09:03:27
1645002207712449000,158.0,3,157.0,45,158.0,13,1,2022-02-16 09:03:27
1645002207832165000,158.0,1,157.0,46,158.0,12,1,2022-02-16 09:03:27
1645002208048291000,157.5,2,157.0,47,157.5,8,2,2022-02-16 09:03:28
1645002208258645000,157.5,1,157.0,51,157.5,7,1,2022-02-16 09:03:28
1645002208297438000,157.5,1,157.0,51,157.5,6,1,2022-02-16 09:03:28
1645002208361512000,157.5,1,157.0,51,157.5,5,1,2022-02-16 09:03:28
1645002208381460000,157.5,1,157.0,51,157.5,4,1,2022-02-16 09:03:28
1645002208397584000,157.5,4,157.0,51,158.0,12,1,2022-02-16 09:03:28
1645002208578787000,158.0,1,157.0,52,158.0,11,1,2022-02-16 09:03:28
1645002208628251000,158.0,11,158.0,9,158.5,17,1,2022-02-16 09:03:28
1645002208655247000,158.0,9,157.5,1,158.0,1,2,2022-02-16 09:03:28
1645002208687409000,158.0,1,157.5,2,158.5,17,1,2022-02-16 09:03:28
1645002208695749000,158.5,1,157.5,2,158.5,16,1,2022-02-16 09:03:28
1645002208712519000,157.5,2,157.0,51,158.5,16,2,2022-02-16 09:03:28
1645002208712519000,157.0,1,157.0,51,158.5,16,2,2022-02-16 09:03:28
1645002208743040000,157.5,5,157.0,51,158.0,5,1,2022-02-16 09:03:28
1645002208810448000,157.5,5,157.0,51,158.5,17,1,2022-02-16 09:03:28
1645002208827963000,157.5,1,157.0,51,158.5,16,2,2022-02-16 09:03:28
1645002208926542000,158.0,1,157.5,5,158.0,4,1,2022-02-16 09:03:28
1645002208929982000,158.0,1,157.5,5,158.0,3,1,2022-02-16 09:03:28
1645002209056235000,158.0,1,157.5,5,158.0,2,1,2022-02-16 09:03:29
1645002209059108000,158.0,1,157.5,5,158.0,1,1,2022-02-16 09:03:29
1645002209179901000,158.0,1,157.5,8,158.5,17,1,2022-02-16 09:03:29
1645002209199869000,158.5,1,157.5,8,158.5,16,1,2022-02-16 09:03:29
1645002209207899000,157.5,1,157.5,7,158.5,16,2,2022-02-16 09:03:29
1645002209321697000,158.5,1,158.0,2,158.5,15,1,2022-02-16 09:03:29
1645002209531160000,158.5,1,158.0,3,158.5,14,1,2022-02-16 09:03:29
1645002209568072000,158.0,3,157.5,9,158.0,5,2,2022-02-16 09:03:29
1645002209615855000,158.0,1,157.5,9,158.0,4,1,2022-02-16 09:03:29
1645002209731765000,158.0,2,157.5,15,158.0,2,1,2022-02-16 09:03:29
1645002209734892000,158.0,2,158.0,3,158.5,13,1,2022-02-16 09:03:29
1645002209867055000,158.5,3,158.0,4,158.5,10,1,2022-02-16 09:03:29
1645002210031979000,158.0,2,158.0,10,158.5,10,2,2022-02-16 09:03:30
1645002210104739000,158.5,1,158.0,10,158.5,9,1,2022-02-16 09:03:30
1645002210344808000,158.5,1,158.0,11,158.5,12,1,2022-02-16 09:03:30
1645002210429627000,158.0,10,158.0,1,158.5,12,2,2022-02-16 09:03:30
1645002210731891000,158.0,1,158.0,2,158.5,12,2,2022-02-16 09:03:30
1645002210757960000,158.0,2,157.5,25,158.5,13,2,2022-02-16 09:03:30
1645002210845151000,158.5,1,158.0,1,158.5,13,1,2022-02-16 09:03:30
1645002211010693000,158.5,1,158.0,1,158.5,11,1,2022-02-16 09:03:31
1645002211030853000,158.0,2,157.5,27,158.0,8,2,2022-02-16 09:03:31
1645002211197524000,158.0,1,157.5,28,158.0,8,1,2022-02-16 09:03:31
1645002211247520000,158.0,1,157.5,28,158.0,9,1,2022-02-16 09:03:31
1645002211264448000,158.0,2,157.5,28,158.0,7,1,2022-02-16 09:03:31
1645002211360207000,158.0,1,157.5,29,158.0,6,1,2022-02-16 09:03:31
1645002211390159000,158.0,1,157.5,29,158.0,5,1,2022-02-16 09:03:31
1645002211545832000,157.5,1,157.5,29,158.0,5,2,2022-02-16 09:03:31
1645002211608577000,158.0,5,158.0,3,158.5,13,1,2022-02-16 09:03:31
1645002211645515000,158.5,2,158.0,3,158.5,11,1,2022-02-16 09:03:31
1645002211858903000,158.5,1,158.0,5,158.5,30,1,2022-02-16 09:03:31
1645002211913799000,158.0,1,158.0,4,158.5,31,2,2022-02-16 09:03:31
1645002212494853000,158.5,1,158.0,8,158.5,37,1,2022-02-16 09:03:32
1645002212663346000,158.5,1,158.0,16,158.5,35,1,2022-02-16 09:03:32
1645002212889502000,158.0,1,158.0,16,158.5,35,2,2022-02-16 09:03:32
1645002213425326000,158.0,1,158.0,20,158.5,36,2,2022-02-16 09:03:33
1645002213731945000,158.5,1,158.0,26,158.5,35,1,2022-02-16 09:03:33
1645002213924536000,158.0,3,158.0,24,158.5,35,2,2022-02-16 09:03:33
1645002213985414000,158.5,4,158.0,26,158.5,31,1,2022-02-16 09:03:33
1645002214182004000,158.5,1,158.0,30,158.5,31,1,2022-02-16 09:03:34
1645002214211795000,158.0,1,158.0,29,158.5,31,2,2022-02-16 09:03:34
1645002214244431000,158.0,1,158.0,29,158.5,31,2,2022-02-16 09:03:34
1645002214257619000,158.5,1,158.0,29,158.5,30,1,2022-02-16 09:03:34
1645002214335274000,158.0,2,158.0,27,158.5,30,2,2022-02-16 09:03:34
1645002214404612000,158.5,2,158.0,27,158.5,28,1,2022-02-16 09:03:34
1645002214445222000,158.0,3,158.0,24,158.5,28,2,2022-02-16 09:03:34
1645002214549397000,158.5,5,158.0,26,158.5,17,1,2022-02-16 09:03:34
1645002214630071000,158.5,2,158.0,26,158.5,15,1,2022-02-16 09:03:34
1645002214829381000,158.5,2,158.0,26,158.5,14,1,2022-02-16 09:03:34
1645002214965226000,158.5,1,158.0,27,158.5,13,1,2022-02-16 09:03:34
1645002215051560000,158.5,2,158.0,27,158.5,11,1,2022-02-16 09:03:35
1645002215225995000,158.0,5,158.0,24,158.5,11,2,2022-02-16 09:03:35
1645002215253039000,158.5,11,158.5,1,159.0,69,1,2022-02-16 09:03:35
1645002215352425000,159.0,1,158.5,1,159.0,69,1,2022-02-16 09:03:35
1645002215416942000,158.5,1,158.0,24,159.0,69,2,2022-02-16 09:03:35
1645002215536422000,158.0,1,158.0,26,159.0,69,2,2022-02-16 09:03:35
1645002215734423000,159.0,1,158.0,27,159.0,68,1,2022-02-16 09:03:35
1645002215778712000,158.0,1,158.0,27,159.0,68,2,2022-02-16 09:03:35
1645002215818366000,159.0,1,158.0,26,159.0,67,1,2022-02-16 09:03:35
1645002216014321000,158.5,1,158.5,1,159.0,67,2,2022-02-16 09:03:36
1645002216048307000,158.5,1,158.0,26,159.0,67,2,2022-02-16 09:03:36
1645002216278022000,159.0,1,158.5,2,159.0,66,1,2022-02-16 09:03:36
1645002216455522000,158.5,2,158.5,2,159.0,65,2,2022-02-16 09:03:36
1645002216477065000,158.5,2,158.0,30,159.0,65,2,2022-02-16 09:03:36
1645002216661783000,159.0,1,158.5,1,159.0,67,1,2022-02-16 09:03:36
1645002216734336000,159.0,1,158.5,2,159.0,66,1,2022-02-16 09:03:36
1645002216741612000,158.5,2,158.0,37,159.0,66,2,2022-02-16 09:03:36
1645002216932590000,158.5,1,158.5,2,159.0,68,1,2022-02-16 09:03:36
1645002217085816000,158.5,1,158.5,5,159.0,68,2,2022-02-16 09:03:37
1645002217468127000,159.0,1,158.5,9,159.0,77,1,2022-02-16 09:03:37
1645002217481456000,159.0,1,158.5,9,159.0,76,1,2022-02-16 09:03:37
1645002217633715000,158.5,1,158.5,9,159.0,75,2,2022-02-16 09:03:37
1645002217808396000,158.5,1,158.5,10,159.0,76,2,2022-02-16 09:03:37
1645002217900216000,159.0,2,158.5,10,159.0,74,1,2022-02-16 09:03:37
1645002218139687000,159.0,1,158.5,14,159.0,72,1,2022-02-16 09:03:38
1645002218308181000,159.0,1,158.5,26,159.0,71,1,2022-02-16 09:03:38
1645002218607518000,158.5,2,158.5,27,159.0,72,2,2022-02-16 09:03:38
1645002218663872000,158.5,1,158.5,26,159.0,72,2,2022-02-16 09:03:38
1645002218668038000,159.0,1,158.5,26,159.0,71,1,2022-02-16 09:03:38
1645002218681400000,159.0,7,158.5,26,159.0,64,1,2022-02-16 09:03:38
1645002218829129000,158.5,1,158.5,26,159.0,64,2,2022-02-16 09:03:38
1645002218923086000,159.0,1,158.5,26,159.0,63,1,2022-02-16 09:03:38
1645002219016264000,159.0,1,158.5,26,159.0,62,1,2022-02-16 09:03:39
1645002219133369000,159.0,1,158.5,27,159.0,65,1,2022-02-16 09:03:39
1645002219140594000,159.0,2,158.5,27,159.0,63,1,2022-02-16 09:03:39
1645002219229742000,158.5,2,158.5,25,159.0,63,2,2022-02-16 09:03:39
1645002219334810000,159.0,1,158.5,26,159.0,62,1,2022-02-16 09:03:39
1645002219431930000,159.0,1,158.5,26,159.0,61,1,2022-02-16 09:03:39
1645002219472382000,159.0,5,158.5,26,159.0,56,1,2022-02-16 09:03:39
1645002219561218000,159.0,1,158.5,26,159.0,55,1,2022-02-16 09:03:39
1645002219786372000,159.0,1,158.5,26,159.0,55,1,2022-02-16 09:03:39
1645002219884811000,159.0,1,158.5,26,159.0,54,1,2022-02-16 09:03:39
1645002220063658000,158.5,1,158.5,25,159.0,54,2,2022-02-16 09:03:40
1645002220147432000,159.0,1,158.5,29,159.0,63,1,2022-02-16 09:03:40
1645002220402984000,159.0,5,158.5,33,159.0,58,1,2022-02-16 09:03:40
1645002220456766000,159.0,1,158.5,33,159.0,57,1,2022-02-16 09:03:40
1645002220459980000,159.0,1,158.5,33,159.0,56,1,2022-02-16 09:03:40
1645002220586384000,159.0,1,158.5,33,159.0,55,1,2022-02-16 09:03:40
1645002220617030000,159.0,1,158.5,33,159.0,54,1,2022-02-16 09:03:40
1645002220686499000,159.0,7,158.5,33,159.0,47,1,2022-02-16 09:03:40
1645002220913044000,159.0,1,158.5,34,159.0,48,1,2022-02-16 09:03:40
1645002221013264000,159.0,1,158.5,34,159.0,52,1,2022-02-16 09:03:41
1645002221052042000,159.0,1,158.5,34,159.0,51,1,2022-02-16 09:03:41
1645002221082737000,159.0,1,158.5,34,159.0,50,1,2022-02-16 09:03:41
1645002221118936000,158.5,9,158.5,25,159.0,50,2,2022-02-16 09:03:41
1645002221174696000,159.0,2,158.5,25,159.0,48,1,2022-02-16 09:03:41
1645002221299832000,159.0,2,158.5,26,159.0,46,1,2022-02-16 09:03:41
1645002221339553000,159.0,2,158.5,27,159.0,44,1,2022-02-16 09:03:41
1645002221372500000,159.0,1,158.5,27,159.0,43,1,2022-02-16 09:03:41
1645002221423479000,159.0,2,158.5,27,159.0,41,1,2022-02-16 09:03:41
1645002221514958000,159.0,1,158.5,33,159.0,40,1,2022-02-16 09:03:41
1645002221530891000,159.0,2,158.5,33,159.0,38,1,2022-02-16 09:03:41
1645002221619707000,159.0,1,158.5,34,159.0,44,1,2022-02-16 09:03:41
1645002221643609000,159.0,2,158.5,34,159.0,42,1,2022-02-16 09:03:41
1645002221667345000,159.0,1,158.5,34,159.0,41,1,2022-02-16 09:03:41
1645002221956827000,159.0,1,158.5,35,159.0,41,1,2022-02-16 09:03:41
1645002221964491000,159.0,1,158.5,35,159.0,40,1,2022-02-16 09:03:41
1645002222008975000,159.0,2,158.5,35,159.0,38,1,2022-02-16 09:03:42
1645002222089637000,159.0,1,158.5,39,159.0,37,1,2022-02-16 09:03:42
1645002222099689000,159.0,1,158.5,39,159.0,36,1,2022-02-16 09:03:42
1645002222109265000,159.0,1,158.5,39,159.0,35,1,2022-02-16 09:03:42
1645002222113826000,159.0,1,158.5,39,159.0,34,1,2022-02-16 09:03:42
1645002222157510000,158.5,2,158.5,37,159.0,34,2,2022-02-16 09:03:42
1645002222227746000,159.0,3,158.5,37,159.0,31,1,2022-02-16 09:03:42
1645002222270431000,159.0,1,158.5,37,159.0,30,1,2022-02-16 09:03:42
1645002222383829000,159.0,1,158.5,40,159.0,30,1,2022-02-16 09:03:42
1645002222492630000,159.0,1,158.5,40,159.0,29,1,2022-02-16 09:03:42
1645002222612517000,159.0,1,158.5,40,159.0,28,1,2022-02-16 09:03:42
1645002222612533000,159.0,1,158.5,40,159.0,27,1,2022-02-16 09:03:42
1645002222704974000,159.0,1,158.5,40,159.0,26,1,2022-02-16 09:03:42
1645002222712184000,159.0,1,158.5,40,159.0,25,1,2022-02-16 09:03:42
1645002222742720000,159.0,1,158.5,40,159.0,24,1,2022-02-16 09:03:42
1645002222757764000,159.0,1,158.5,40,159.0,23,1,2022-02-16 09:03:42
1645002222820739000,159.0,1,158.5,40,159.0,27,1,2022-02-16 09:03:42
1645002222862344000,159.0,1,158.5,42,159.0,26,1,2022-02-16 09:03:42
1645002223034407000,158.5,1,158.5,43,159.0,32,2,2022-02-16 09:03:43
1645002223040049000,159.0,1,158.5,43,159.0,31,1,2022-02-16 09:03:43
1645002223075494000,159.0,3,158.5,43,159.0,28,1,2022-02-16 09:03:43
1645002223255753000,159.0,1,158.5,43,159.0,37,1,2022-02-16 09:03:43
1645002223308777000,159.0,1,158.5,43,159.0,36,1,2022-02-16 09:03:43
1645002223392493000,159.0,1,158.5,43,159.0,35,1,2022-02-16 09:03:43
1645002223408576000,159.0,9,158.5,43,159.0,26,1,2022-02-16 09:03:43
1645002223411799000,159.0,1,158.5,43,159.0,25,1,2022-02-16 09:03:43
1645002223628871000,159.0,2,158.5,43,159.0,23,1,2022-02-16 09:03:43
1645002223629794000,159.0,11,158.5,43,159.0,12,1,2022-02-16 09:03:43
1645002223759045000,159.0,1,158.5,44,159.0,11,1,2022-02-16 09:03:43
1645002223770759000,159.0,1,158.5,44,159.0,10,1,2022-02-16 09:03:43
1645002223828970000,159.0,1,158.5,44,159.0,9,1,2022-02-16 09:03:43
1645002223834428000,159.0,1,158.5,44,159.0,8,1,2022-02-16 09:03:43
1645002223903968000,159.0,1,158.5,44,159.0,7,1,2022-02-16 09:03:43
1645002223965612000,158.5,1,158.5,44,159.0,7,2,2022-02-16 09:03:43
1645002223966404000,159.0,1,158.5,44,159.0,6,1,2022-02-16 09:03:43
1645002224021562000,159.0,1,158.5,44,159.0,5,1,2022-02-16 09:03:44
1645002224034672000,159.0,5,158.5,44,159.5,30,1,2022-02-16 09:03:44
1645002224034672000,159.5,5,158.5,44,159.5,30,1,2022-02-16 09:03:44
1645002224309864000,159.5,1,159.0,9,159.5,31,1,2022-02-16 09:03:44
1645002224321247000,159.0,1,159.0,8,159.5,31,2,2022-02-16 09:03:44
1645002224464489000,159.5,1,159.0,8,159.5,30,1,2022-02-16 09:03:44
1645002224505509000,159.0,3,159.0,5,159.5,30,2,2022-02-16 09:03:44
1645002224697769000,159.5,1,159.0,8,159.5,29,1,2022-02-16 09:03:44
1645002225325943000,159.0,2,159.0,28,159.5,29,2,2022-02-16 09:03:45
1645002225546868000,159.5,1,159.0,31,159.5,28,1,2022-02-16 09:03:45
1645002225596954000,159.5,1,159.0,31,159.5,27,1,2022-02-16 09:03:45
1645002225723324000,159.0,1,159.0,32,159.5,27,2,2022-02-16 09:03:45
1645002225834968000,159.5,1,159.0,38,159.5,26,1,2022-02-16 09:03:45
1645002226206717000,159.0,1,159.0,46,159.5,26,2,2022-02-16 09:03:46
1645002226323543000,159.5,1,159.0,52,159.5,25,1,2022-02-16 09:03:46
1645002226378505000,159.5,1,159.0,52,159.5,24,1,2022-02-16 09:03:46
1645002226404780000,159.5,1,159.0,52,159.5,24,1,2022-02-16 09:03:46
1645002226417637000,159.5,1,159.0,52,159.5,23,1,2022-02-16 09:03:46
1645002226619418000,159.5,1,159.0,52,159.5,22,1,2022-02-16 09:03:46
1645002227043167000,159.5,1,159.0,61,159.5,22,1,2022-02-16 09:03:47
1645002227390213000,159.5,1,159.0,62,159.5,21,1,2022-02-16 09:03:47
1645002227420327000,159.5,2,159.0,62,159.5,19,1,2022-02-16 09:03:47
1645002227595136000,159.0,1,159.0,73,159.5,19,2,2022-02-16 09:03:47
1645002227655706000,159.5,1,159.0,74,159.5,18,1,2022-02-16 09:03:47
1645002227933202000,159.5,1,159.0,77,159.5,28,1,2022-02-16 09:03:47
1645002228090446000,159.5,1,159.0,78,159.5,37,1,2022-02-16 09:03:48
1645002228299422000,159.0,2,159.0,80,159.5,37,2,2022-02-16 09:03:48
1645002228338874000,159.0,1,159.0,79,159.5,37,2,2022-02-16 09:03:48
1645002228374814000,159.5,1,159.0,80,159.5,36,1,2022-02-16 09:03:48
1645002228381410000,159.5,1,159.0,80,159.5,35,1,2022-02-16 09:03:48
1645002228542009000,159.5,3,159.0,80,159.5,33,1,2022-02-16 09:03:48
1645002228542798000,159.5,1,159.0,80,159.5,32,1,2022-02-16 09:03:48
1645002228672903000,159.5,1,159.0,80,159.5,32,1,2022-02-16 09:03:48
1645002228847296000,159.5,1,159.0,80,159.5,31,1,2022-02-16 09:03:48
1645002229016351000,159.5,1,159.0,80,159.5,30,1,2022-02-16 09:03:49
1645002229442367000,159.0,1,159.0,82,159.5,35,2,2022-02-16 09:03:49
1645002229755668000,159.5,1,159.0,85,159.5,34,1,2022-02-16 09:03:49
1645002229812157000,159.5,1,159.0,85,159.5,33,1,2022-02-16 09:03:49
1645002230065670000,159.5,2,159.0,87,159.5,32,1,2022-02-16 09:03:50
1645002230125525000,159.5,3,159.0,88,159.5,29,1,2022-02-16 09:03:50
1645002230161591000,159.5,1,159.0,89,159.5,28,1,2022-02-16 09:03:50
1645002230282754000,159.5,1,159.0,91,159.5,27,1,2022-02-16 09:03:50
1645002230294251000,159.5,1,159.0,91,159.5,26,1,2022-02-16 09:03:50
1645002230557123000,159.5,1,159.0,96,159.5,27,1,2022-02-16 09:03:50
1645002230998185000,159.5,1,159.0,101,159.5,27,1,2022-02-16 09:03:50
1645002231052323000,159.5,1,159.0,104,159.5,26,1,2022-02-16 09:03:51
1645002231099229000,159.5,1,159.0,104,159.5,25,1,2022-02-16 09:03:51
1645002231191276000,159.5,2,159.0,104,159.5,23,1,2022-02-16 09:03:51
1645002231258103000,159.0,2,159.0,102,159.5,23,2,2022-02-16 09:03:51
1645002231348045000,159.5,1,159.0,102,159.5,22,1,2022-02-16 09:03:51
1645002231384991000,159.5,1,159.0,102,159.5,21,1,2022-02-16 09:03:51
1645002231772323000,159.5,2,159.0,113,159.5,24,1,2022-02-16 09:03:51
1645002231913654000,159.5,2,159.0,113,159.5,22,1,2022-02-16 09:03:51
1645002231962386000,159.5,2,159.0,116,159.5,20,1,2022-02-16 09:03:51
1645002232009114000,159.5,1,159.0,116,159.5,21,1,2022-02-16 09:03:52
1645002232076859000,159.5,1,159.0,117,159.5,20,1,2022-02-16 09:03:52
1645002232118095000,159.5,10,159.0,117,159.5,11,1,2022-02-16 09:03:52
1645002232141193000,159.5,2,159.0,118,159.5,9,1,2022-02-16 09:03:52
1645002232213002000,159.5,3,159.0,116,159.5,6,1,2022-02-16 09:03:52
1645002232218212000,159.5,1,159.0,116,159.5,5,1,2022-02-16 09:03:52
1645002232321769000,159.5,1,159.0,117,159.5,4,1,2022-02-16 09:03:52
1645002232393835000,159.5,1,159.0,117,159.5,3,1,2022-02-16 09:03:52
1645002232468974000,159.5,3,159.5,2,160.0,37,1,2022-02-16 09:03:52
1645002232556021000,160.0,1,159.5,3,160.0,36,1,2022-02-16 09:03:52
1645002232561004000,160.0,1,159.5,3,160.0,35,1,2022-02-16 09:03:52
1645002232608686000,160.0,1,159.5,4,160.0,34,1,2022-02-16 09:03:52
1645002232791347000,159.5,1,159.5,15,160.0,34,2,2022-02-16 09:03:52
1645002232801936000,160.0,1,159.5,16,160.0,33,1,2022-02-16 09:03:52
1645002232837151000,160.0,1,159.5,17,160.0,33,1,2022-02-16 09:03:52
1645002232846345000,160.0,1,159.5,18,160.0,32,1,2022-02-16 09:03:52
1645002232852387000,160.0,1,159.5,18,160.0,31,1,2022-02-16 09:03:52
1645002232857200000,160.0,1,159.5,18,160.0,30,1,2022-02-16 09:03:52
1645002232917423000,160.0,1,159.5,39,160.0,29,1,2022-02-16 09:03:52
1645002232944765000,159.5,1,159.5,38,160.0,29,2,2022-02-16 09:03:52
1645002233367681000,160.0,1,159.5,45,160.0,28,1,2022-02-16 09:03:53
1645002233403061000,160.0,10,159.5,45,160.0,18,1,2022-02-16 09:03:53
1645002233462957000,160.0,2,159.5,46,160.0,17,1,2022-02-16 09:03:53
1645002233711979000,159.5,1,159.5,48,160.0,17,2,2022-02-16 09:03:53
1645002233869142000,160.0,1,159.5,53,160.0,16,1,2022-02-16 09:03:53
1645002233884967000,160.0,2,159.5,53,160.0,14,1,2022-02-16 09:03:53
1645002233904038000,160.0,2,159.5,63,160.0,12,1,2022-02-16 09:03:53
1645002234303930000,160.0,10,159.5,73,160.5,36,1,2022-02-16 09:03:54
1645002235767237000,160.0,1,160.0,4,160.5,34,2,2022-02-16 09:03:55
1645002237157223000,160.0,0,0.0,0,0.0,0,2,2022-02-16 09:03:57
1645002357629582000,160.0,260,160.0,123,160.5,38,2,2022-02-16 09:05:57
1645002357869460000,160.0,1,160.0,122,160.5,38,2,2022-02-16 09:05:57
1645002357892737000,160.0,1,160.0,121,160.5,38,2,2022-02-16 09:05:57
1645002357909731000,160.0,1,160.0,120,160.5,38,2,2022-02-16 09:05:57
1645002357942977000,160.0,1,160.0,119,160.5,38,2,2022-02-16 09:05:57
1645002357943907000,160.0,1,160.0,118,160.5,38,2,2022-02-16 09:05:57
1645002357998735000,160.0,1,160.0,117,160.5,41,2,2022-02-16 09:05:57
1645002358023841000,160.0,1,160.0,116,160.5,41,2,2022-02-16 09:05:58
1645002358029046000,160.0,1,160.0,115,160.5,42,2,2022-02-16 09:05:58
1645002358035525000,160.0,3,160.0,112,160.5,42,2,2022-02-16 09:05:58
1645002358039325000,160.0,4,160.0,108,160.5,42,2,2022-02-16 09:05:58
1645002358043893000,160.0,11,160.0,97,160.5,42,2,2022-02-16 09:05:58
1645002358267227000,160.0,3,160.0,95,160.5,47,2,2022-02-16 09:05:58
1645002358330245000,160.5,47,160.0,95,161.0,11,1,2022-02-16 09:05:58
1645002358330245000,161.0,3,160.0,95,161.0,11,1,2022-02-16 09:05:58
1645002358409917000,160.5,3,160.5,6,161.0,11,2,2022-02-16 09:05:58
1645002358438369000,161.0,11,160.5,6,161.5,18,1,2022-02-16 09:05:58
1645002358438369000,161.5,3,160.5,6,161.5,18,1,2022-02-16 09:05:58
1645002358546456000,160.5,7,160.0,85,161.5,18,2,2022-02-16 09:05:58
1645002358546456000,160.0,13,160.0,85,161.5,18,2,2022-02-16 09:05:58
1645002358554271000,161.5,3,160.0,85,161.5,15,1,2022-02-16 09:05:58
1645002358579638000,161.5,1,160.0,85,161.5,14,1,2022-02-16 09:05:58
1645002358672940000,161.5,1,160.5,1,161.5,13,1,2022-02-16 09:05:58
1645002359397603000,161.0,1,160.5,2,161.0,2,1,2022-02-16 09:05:59
1645002359535968000,160.5,1,160.5,2,161.0,2,2,2022-02-16 09:05:59
1645002360393402000,160.5,1,160.5,1,161.5,18,2,2022-02-16 09:06:00
1645002362156509000,160.5,1,160.5,6,161.0,27,2,2022-02-16 09:06:02
1645002362239482000,161.0,1,160.5,6,161.0,26,1,2022-02-16 09:06:02
1645002362786729000,160.5,1,160.5,14,161.0,36,2,2022-02-16 09:06:02
1645002362874984000,160.5,1,160.5,13,161.0,36,2,2022-02-16 09:06:02
1645002362966949000,160.5,5,160.5,8,161.0,36,2,2022-02-16 09:06:02
1645002363002041000,160.5,8,160.0,77,161.0,36,2,2022-02-16 09:06:03
1645002363226712000,160.5,1,160.0,78,161.0,36,2,2022-02-16 09:06:03
1645002363753207000,160.5,1,160.0,80,160.5,10,1,2022-02-16 09:06:03
1645002363875239000,160.5,2,160.0,80,160.5,8,1,2022-02-16 09:06:03
1645002364089460000,160.5,1,160.0,80,160.5,7,1,2022-02-16 09:06:04
1645002364323910000,160.0,47,160.0,43,160.5,20,2,2022-02-16 09:06:04
1645002364352767000,160.0,7,160.0,36,160.5,20,2,2022-02-16 09:06:04
1645002364352784000,160.0,7,160.0,29,160.5,20,2,2022-02-16 09:06:04
1645002364352803000,160.0,7,160.0,22,160.5,20,2,2022-02-16 09:06:04
1645002364352805000,160.0,18,160.0,4,160.5,20,2,2022-02-16 09:06:04
1645002364352830000,160.0,4,159.5,80,160.5,20,2,2022-02-16 09:06:04
1645002364377378000,159.5,5,159.5,75,160.5,22,2,2022-02-16 09:06:04
1645002364687628000,160.0,1,159.5,75,160.0,2,1,2022-02-16 09:06:04
1645002364788753000,160.0,2,159.5,75,160.5,28,1,2022-02-16 09:06:04
1645002365035792000,160.0,3,159.5,71,160.5,28,1,2022-02-16 09:06:05
1645002365035792000,160.5,1,159.5,71,160.5,28,1,2022-02-16 09:06:05
1645002365036264000,160.5,1,159.5,71,160.5,27,1,2022-02-16 09:06:05
1645002365169034000,160.0,1,159.5,71,160.0,4,1,2022-02-16 09:06:05
1645002365256036000,159.5,1,159.5,70,160.0,5,2,2022-02-16 09:06:05
1645002365281362000,159.5,5,159.5,65,160.0,5,2,2022-02-16 09:06:05
1645002365289953000,159.5,1,159.5,64,160.0,5,2,2022-02-16 09:06:05
1645002365491820000,159.5,1,159.5,63,160.0,6,2,2022-02-16 09:06:05
1645002365601467000,159.5,1,159.5,62,160.0,18,2,2022-02-16 09:06:05
1645002365756105000,160.0,1,159.5,62,160.0,32,1,2022-02-16 09:06:05
1645002365766067000,159.5,7,159.5,55,160.0,32,2,2022-02-16 09:06:05
1645002365766142000,159.5,7,159.5,48,160.0,32,2,2022-02-16 09:06:05
1645002365766158000,159.5,7,159.5,41,160.0,32,2,2022-02-16 09:06:05
1645002365779635000,160.0,2,159.5,41,160.0,30,1,2022-02-16 09:06:05
1645002365799221000,159.5,4,159.5,37,160.0,30,2,2022-02-16 09:06:05
1645002365799820000,159.5,37,159.0,64,160.0,30,2,2022-02-16 09:06:05
1645002365816211000,160.0,1,159.0,64,160.0,29,1,2022-02-16 09:06:05
1645002366081774000,160.0,1,159.0,64,160.0,36,1,2022-02-16 09:06:06
1645002366093940000,160.0,1,159.0,64,160.0,35,1,2022-02-16 09:06:06
1645002366353418000,159.5,1,159.0,64,159.5,9,1,2022-02-16 09:06:06
1645002366466869000,159.5,1,159.0,64,159.5,8,1,2022-02-16 09:06:06
1645002366627697000,159.0,1,159.0,63,159.5,10,2,2022-02-16 09:06:06
1645002366721058000,159.0,1,159.0,62,159.5,10,2,2022-02-16 09:06:06
1645002366850033000,159.0,1,159.0,61,159.5,10,2,2022-02-16 09:06:06
1645002366986353000,159.5,1,159.0,61,159.5,9,1,2022-02-16 09:06:06
1645002367020815000,159.5,1,159.0,61,159.5,8,1,2022-02-16 09:06:07
1645002367063541000,159.0,3,159.0,58,159.5,8,2,2022-02-16 09:06:07
1645002367369952000,159.0,1,159.0,58,159.5,11,2,2022-02-16 09:06:07
1645002367622371000,159.5,1,159.0,58,159.5,10,1,2022-02-16 09:06:07
1645002367655103000,159.0,2,159.0,56,159.5,10,2,2022-02-16 09:06:07
1645002367821571000,159.0,3,159.0,53,159.5,12,2,2022-02-16 09:06:07
1645002367964039000,159.0,1,159.0,52,159.5,8,2,2022-02-16 09:06:07
1645002368003619000,159.5,1,159.0,52,159.5,7,1,2022-02-16 09:06:08
1645002368186836000,159.5,1,159.0,51,159.5,5,1,2022-02-16 09:06:08
1645002368782812000,159.5,2,159.0,53,159.5,4,1,2022-02-16 09:06:08
1645002369017998000,159.0,1,159.0,52,159.5,4,2,2022-02-16 09:06:09
1645002369415924000,159.0,1,159.0,51,159.5,3,2,2022-02-16 09:06:09
1645002369539422000,159.0,1,159.0,50,159.5,3,2,2022-02-16 09:06:09
1645002369697006000,159.5,1,159.0,50,159.5,3,1,2022-02-16 09:06:09
1645002369921169000,159.0,1,159.0,49,159.5,3,2,2022-02-16 09:06:09
1645002370129544000,159.5,3,159.0,49,160.0,16,1,2022-02-16 09:06:10
1645002370291585000,159.5,1,159.0,49,160.0,19,2,2022-02-16 09:06:10
1645002370636869000,159.5,5,159.0,51,160.0,19,2,2022-02-16 09:06:10
1645002370651487000,160.0,1,159.0,51,160.0,18,1,2022-02-16 09:06:10
1645002371175101000,159.5,1,159.0,52,160.0,20,2,2022-02-16 09:06:11
1645002371496558000,159.0,2,159.0,50,159.5,2,2,2022-02-16 09:06:11
1645002371520403000,159.5,1,159.0,50,159.5,2,1,2022-02-16 09:06:11
1645002371641717000,159.5,2,159.5,1,160.0,20,1,2022-02-16 09:06:11
1645002371719915000,159.5,1,159.0,50,160.0,20,2,2022-02-16 09:06:11
1645002371912321000,159.5,1,159.0,46,160.0,22,2,2022-02-16 09:06:11
1645002371912321000,159.0,9,159.0,46,160.0,22,2,2022-02-16 09:06:11
1645002371979185000,159.5,1,159.5,1,160.0,22,2,2022-02-16 09:06:11
1645002372052736000,159.5,1,159.0,46,160.0,22,2,2022-02-16 09:06:12
1645002372373414000,159.5,1,159.0,48,160.0,25,1,2022-02-16 09:06:12
1645002372678947000,159.5,1,159.0,48,160.0,16,1,2022-02-16 09:06:12
1645002372678947000,160.0,9,159.0,48,160.0,16,1,2022-02-16 09:06:12
1645002373122146000,159.5,1,159.0,43,159.5,1,1,2022-02-16 09:06:13
1645002373659794000,159.5,1,159.0,44,159.5,2,1,2022-02-16 09:06:13
1645002373712768000,159.5,1,159.0,44,159.5,1,1,2022-02-16 09:06:13
1645002373811889000,159.5,1,159.0,45,160.0,19,1,2022-02-16 09:06:13
1645002374028313000,160.0,2,159.5,20,160.0,18,1,2022-02-16 09:06:14
1645002374068628000,159.5,3,159.5,17,160.0,18,2,2022-02-16 09:06:14
1645002374183226000,160.0,2,159.5,17,160.0,16,1,2022-02-16 09:06:14
1645002374699926000,159.5,2,159.5,27,160.0,26,2,2022-02-16 09:06:14
1645002374745173000,160.0,1,159.5,27,160.0,25,1,2022-02-16 09:06:14
1645002374879599000,160.0,2,159.5,28,160.0,24,1,2022-02-16 09:06:14
1645002374910332000,160.0,10,159.5,28,160.0,14,1,2022-02-16 09:06:14
1645002374998941000,160.0,4,159.5,38,160.0,10,1,2022-02-16 09:06:14
1645002375030993000,160.0,7,159.5,38,160.0,4,1,2022-02-16 09:06:15
1645002375031270000,160.0,2,159.5,39,160.0,2,1,2022-02-16 09:06:15
1645002375031305000,160.0,2,159.5,39,160.5,15,1,2022-02-16 09:06:15
1645002375264082000,160.0,1,159.5,39,160.5,10,1,2022-02-16 09:06:15
1645002375280242000,159.5,1,159.5,38,160.5,10,2,2022-02-16 09:06:15
1645002375359617000,159.5,1,159.5,37,160.5,10,2,2022-02-16 09:06:15
1645002375394262000,160.0,1,159.5,37,160.5,10,2,2022-02-16 09:06:15
1645002375532342000,160.0,1,159.5,36,160.0,1,1,2022-02-16 09:06:15
1645002375538344000,160.0,1,160.0,1,160.5,10,1,2022-02-16 09:06:15
1645002375749809000,160.5,10,160.0,6,161.0,19,1,2022-02-16 09:06:15
1645002376089391000,161.0,2,160.0,9,161.0,18,1,2022-02-16 09:06:16
1645002376223274000,160.0,1,160.0,18,161.0,17,2,2022-02-16 09:06:16
1645002376270790000,160.0,1,160.0,16,161.0,17,2,2022-02-16 09:06:16
1645002376756048000,161.0,12,160.5,3,161.0,5,1,2022-02-16 09:06:16
1645002376781229000,161.0,1,160.5,3,161.0,4,1,2022-02-16 09:06:16
1645002376839947000,160.5,2,160.5,1,161.0,4,2,2022-02-16 09:06:16
1645002376935339000,160.5,1,160.0,22,161.0,4,2,2022-02-16 09:06:16
1645002377408897000,161.0,5,160.5,1,161.5,7,1,2022-02-16 09:06:17
1645002377408897000,161.5,5,160.5,1,161.5,7,1,2022-02-16 09:06:17
1645002377645378000,161.5,1,161.0,1,161.5,7,1,2022-02-16 09:06:17
1645002377895887000,161.0,1,160.5,3,161.5,8,2,2022-02-16 09:06:17
1645002378359881000,160.5,1,160.5,8,161.5,10,2,2022-02-16 09:06:18
1645002378497117000,161.5,10,160.5,10,162.0,65,1,2022-02-16 09:06:18
1645002378700658000,161.0,1,161.0,2,161.5,3,2,2022-02-16 09:06:18
1645002378858133000,161.5,1,161.0,2,161.5,2,1,2022-02-16 09:06:18
1645002378972876000,161.0,2,160.5,11,161.0,8,2,2022-02-16 09:06:18
1645002379021219000,161.0,2,160.5,11,161.0,6,1,2022-02-16 09:06:19
1645002379216411000,161.0,2,160.5,11,161.0,4,1,2022-02-16 09:06:19
1645002379247088000,161.0,3,160.5,11,161.0,1,1,2022-02-16 09:06:19
1645002379281375000,161.0,1,160.5,11,161.5,5,1,2022-02-16 09:06:19
1645002379418876000,161.0,1,160.5,12,161.0,1,1,2022-02-16 09:06:19
1645002379578122000,160.5,2,160.5,10,161.0,1,2,2022-02-16 09:06:19
1645002379688268000,161.0,2,160.5,9,161.5,5,1,2022-02-16 09:06:19
1645002379688268000,161.5,2,160.5,9,161.5,5,1,2022-02-16 09:06:19
1645002379972196000,160.5,5,160.5,5,161.0,10,2,2022-02-16 09:06:19
1645002380033774000,161.0,2,160.5,5,161.0,8,1,2022-02-16 09:06:20
1645002380133808000,161.0,1,160.5,6,161.0,7,1,2022-02-16 09:06:20
1645002380137082000,161.0,7,161.0,3,161.5,7,1,2022-02-16 09:06:20
1645002380169713000,161.5,2,161.0,3,161.5,6,1,2022-02-16 09:06:20
1645002380205767000,161.0,2,161.0,1,161.5,7,2,2022-02-16 09:06:20
1645002380234620000,161.0,1,160.5,6,161.5,7,2,2022-02-16 09:06:20
1645002381542713000,161.0,1,160.5,11,161.0,1,1,2022-02-16 09:06:21
1645002381833980000,161.0,1,160.5,13,161.5,30,1,2022-02-16 09:06:21
1645002382339266000,161.0,1,160.5,13,161.0,4,1,2022-02-16 09:06:22
1645002382534467000,161.0,1,160.5,14,161.0,3,1,2022-02-16 09:06:22
1645002382559932000,161.0,1,160.5,14,161.0,2,1,2022-02-16 09:06:22
1645002382771404000,161.0,2,160.5,14,161.5,28,1,2022-02-16 09:06:22
1645002382771404000,161.5,4,160.5,14,161.5,28,1,2022-02-16 09:06:22
1645002382837513000,160.5,1,160.5,13,161.0,3,2,2022-02-16 09:06:22
1645002382963067000,161.0,1,160.5,13,161.0,2,1,2022-02-16 09:06:22
1645002383048936000,161.0,1,160.5,13,161.0,1,1,2022-02-16 09:06:23
1645002383261626000,160.5,1,160.5,13,161.0,6,2,2022-02-16 09:06:23
1645002383610733000,161.0,1,160.5,12,161.0,10,1,2022-02-16 09:06:23
1645002383630119000,161.0,1,160.5,12,161.0,9,1,2022-02-16 09:06:23
1645002383741069000,161.0,9,161.0,5,161.5,28,1,2022-02-16 09:06:23
1645002383779535000,161.0,5,160.5,12,161.5,28,2,2022-02-16 09:06:23
1645002383836925000,161.5,1,160.5,12,161.5,27,1,2022-02-16 09:06:23
1645002384177957000,161.0,1,160.5,12,161.5,27,2,2022-02-16 09:06:24
1645002384220943000,161.0,1,160.5,13,161.5,27,2,2022-02-16 09:06:24
1645002384262025000,161.0,1,160.5,15,161.5,27,2,2022-02-16 09:06:24
1645002384294729000,161.0,1,160.5,15,161.5,27,2,2022-02-16 09:06:24
1645002384889728000,161.0,1,160.5,16,161.5,30,1,2022-02-16 09:06:24
1645002385039576000,160.5,8,160.5,9,161.5,30,2,2022-02-16 09:06:25
1645002385335036000,161.0,1,160.5,10,161.0,3,1,2022-02-16 09:06:25
1645002385400657000,161.0,2,160.5,10,161.0,1,1,2022-02-16 09:06:25
1645002386461098000,160.5,10,160.5,7,161.0,14,2,2022-02-16 09:06:26
1645002386518524000,161.0,1,160.5,7,161.0,15,1,2022-02-16 09:06:26
1645002386646588000,161.0,1,160.5,7,161.0,14,1,2022-02-16 09:06:26
1645002387222624000,161.0,1,160.5,11,161.0,18,1,2022-02-16 09:06:27
1645002387356052000,160.5,10,160.5,1,161.0,17,2,2022-02-16 09:06:27
1645002387367178000,161.0,2,160.5,1,161.0,15,1,2022-02-16 09:06:27
1645002387390230000,160.5,1,160.0,33,161.0,16,2,2022-02-16 09:06:27
1645002387460223000,161.0,1,160.0,33,161.0,15,1,2022-02-16 09:06:27
1645002387972873000,161.0,4,160.5,2,161.0,12,1,2022-02-16 09:06:27
1645002388048488000,160.5,1,160.5,1,161.0,11,2,2022-02-16 09:06:28
1645002388097915000,161.0,1,160.5,1,161.0,11,1,2022-02-16 09:06:28
1645002388234050000,160.5,3,160.0,31,161.0,10,2,2022-02-16 09:06:28
1645002388478291000,160.5,1,160.0,31,161.0,12,1,2022-02-16 09:06:28
1645002388514405000,161.0,1,160.0,30,161.0,12,1,2022-02-16 09:06:28
1645002388682511000,161.0,1,160.0,30,161.0,12,1,2022-02-16 09:06:28
1645002388767241000,161.0,1,160.0,31,161.0,10,1,2022-02-16 09:06:28
1645002388981933000,161.0,1,160.0,36,161.0,9,1,2022-02-16 09:06:28
1645002389121844000,161.0,1,160.0,35,161.0,8,1,2022-02-16 09:06:29
1645002389217222000,160.0,1,160.0,34,161.0,8,2,2022-02-16 09:06:29
1645002389918439000,160.5,1,160.0,34,160.5,2,1,2022-02-16 09:06:29
1645002390036536000,160.5,2,160.0,34,161.0,17,1,2022-02-16 09:06:30
1645002390036536000,161.0,1,160.0,34,161.0,17,1,2022-02-16 09:06:30
1645002390576715000,160.5,2,160.0,34,160.5,1,1,2022-02-16 09:06:30
1645002390778645000,160.5,1,160.0,35,161.0,18,1,2022-02-16 09:06:30
1645002390778645000,161.0,1,160.0,35,161.0,18,1,2022-02-16 09:06:30
1645002391992285000,160.5,2,160.0,52,160.5,1,2,2022-02-16 09:06:31
1645002392127836000,160.5,1,160.0,52,161.0,45,1,2022-02-16 09:06:32
1645002392326919000,160.5,2,160.0,52,161.0,56,1,2022-02-16 09:06:32
1645002393015037000,161.0,3,160.5,1,161.0,53,1,2022-02-16 09:06:33
1645002393116140000,160.5,1,160.0,68,161.0,53,2,2022-02-16 09:06:33
1645002393132303000,160.0,1,160.0,67,161.0,53,2,2022-02-16 09:06:33
1645002393497751000,160.0,1,160.0,69,161.0,54,2,2022-02-16 09:06:33
1645002394677031000,160.5,1,160.0,71,160.5,1,1,2022-02-16 09:06:34
1645002394803162000,160.5,1,160.5,1,161.0,60,1,2022-02-16 09:06:34
1645002394865948000,160.5,1,160.0,73,161.0,60,2,2022-02-16 09:06:34
1645002395034349000,160.5,2,160.0,74,161.0,61,1,2022-02-16 09:06:35
1645002395153294000,160.5,3,160.0,74,160.5,7,2,2022-02-16 09:06:35
1645002395167634000,160.5,1,160.0,74,160.5,6,1,2022-02-16 09:06:35
1645002395342412000,160.5,1,160.0,74,160.5,7,1,2022-02-16 09:06:35
1645002395746272000,160.5,3,160.0,79,160.5,4,1,2022-02-16 09:06:35
1645002396081043000,160.0,1,160.0,78,160.5,8,2,2022-02-16 09:06:36
1645002397111723000,160.5,1,160.0,78,160.5,12,1,2022-02-16 09:06:37
1645002397457241000,160.5,5,160.0,78,160.5,8,1,2022-02-16 09:06:37
1645002397789505000,160.5,1,160.0,78,160.5,8,1,2022-02-16 09:06:37
1645002398099608000,160.0,1,160.0,78,160.5,7,2,2022-02-16 09:06:38
1645002398289210000,160.5,1,160.0,78,160.5,8,1,2022-02-16 09:06:38
1645002398395130000,160.0,2,160.0,76,160.5,8,2,2022-02-16 09:06:38
1645002398432129000,160.5,1,160.0,76,160.5,7,1,2022-02-16 09:06:38
1645002398496798000,160.5,1,160.0,76,160.5,6,1,2022-02-16 09:06:38
1645002398517289000,160.5,2,160.0,77,160.5,4,1,2022-02-16 09:06:38
1645002399470524000,160.5,1,160.0,80,160.5,7,1,2022-02-16 09:06:39
1645002399780411000,160.5,1,160.0,85,160.5,11,1,2022-02-16 09:06:39
1645002399977410000,160.5,1,160.0,85,160.5,10,1,2022-02-16 09:06:39
1645002399988573000,160.5,1,160.0,85,160.5,9,1,2022-02-16 09:06:39
1645002400445155000,160.5,3,160.0,90,160.5,18,1,2022-02-16 09:06:40
1645002400756479000,160.5,2,160.0,91,160.5,20,1,2022-02-16 09:06:40
1645002401040839000,160.0,6,160.0,84,160.5,21,2,2022-02-16 09:06:41
1645002401379494000,160.5,1,160.0,85,160.5,25,1,2022-02-16 09:06:41
1645002401424427000,160.5,1,160.0,85,160.5,24,1,2022-02-16 09:06:41
1645002402016208000,160.5,2,160.0,85,160.5,28,1,2022-02-16 09:06:42
1645002402162206000,160.0,10,160.0,77,160.5,29,2,2022-02-16 09:06:42
1645002402163332000,160.5,1,160.0,77,160.5,28,1,2022-02-16 09:06:42
1645002402196396000,160.0,6,160.0,71,160.5,28,2,2022-02-16 09:06:42
1645002402225643000,160.0,6,160.0,65,160.5,29,2,2022-02-16 09:06:42
1645002402273413000,160.5,1,160.0,65,160.5,28,1,2022-02-16 09:06:42
1645002402537150000,160.5,1,160.0,65,160.5,28,1,2022-02-16 09:06:42
1645002402727829000,160.0,1,160.0,65,160.5,28,2,2022-02-16 09:06:42
1645002402999591000,160.0,1,160.0,60,160.5,30,2,2022-02-16 09:06:42
1645002404098999000,160.0,1,160.0,69,160.5,38,2,2022-02-16 09:06:44
1645002404337349000,160.5,1,160.0,72,160.5,37,1,2022-02-16 09:06:44
1645002404806857000,160.0,1,160.0,71,160.5,37,2,2022-02-16 09:06:44
1645002405279680000,160.0,2,160.0,69,160.5,42,2,2022-02-16 09:06:45
1645002406210015000,160.0,2,160.0,67,160.5,44,2,2022-02-16 09:06:46
1645002406501312000,160.5,1,160.0,72,160.5,44,1,2022-02-16 09:06:46
1645002407164165000,160.5,3,160.0,72,160.5,45,1,2022-02-16 09:06:47
1645002407427270000,160.5,5,160.0,73,160.5,40,1,2022-02-16 09:06:47
1645002407862102000,160.0,1,160.0,73,160.5,39,2,2022-02-16 09:06:47
1645002407869431000,160.0,1,160.0,72,160.5,39,2,2022-02-16 09:06:47
1645002407910406000,160.0,1,160.0,71,160.5,40,2,2022-02-16 09:06:47
1645002407918134000,160.5,1,160.0,71,160.5,39,1,2022-02-16 09:06:47
1645002408367537000,160.0,1,160.0,70,160.5,41,2,2022-02-16 09:06:48
1645002409142111000,160.5,1,160.0,71,160.5,40,1,2022-02-16 09:06:49
1645002410360184000,160.5,5,160.0,72,160.5,40,1,2022-02-16 09:06:50
1645002410592544000,160.5,1,160.0,74,160.5,38,1,2022-02-16 09:06:50
1645002410930913000,160.0,5,160.0,69,160.5,39,2,2022-02-16 09:06:50
1645002410967874000,160.5,1,160.0,69,160.5,39,1,2022-02-16 09:06:50
1645002411688061000,160.5,5,160.0,65,160.5,37,1,2022-02-16 09:06:51
1645002411825005000,160.5,1,160.0,65,160.5,36,1,2022-02-16 09:06:51
1645002412589267000,160.0,1,160.0,64,160.5,41,2,2022-02-16 09:06:52
1645002412712373000,160.0,1,160.0,62,160.5,41,2,2022-02-16 09:06:52
1645002413529197000,160.5,5,160.0,63,160.5,37,1,2022-02-16 09:06:53
1645002413807075000,160.5,1,160.0,66,160.5,35,1,2022-02-16 09:06:53
1645002415099284000,160.0,1,160.0,67,160.5,37,2,2022-02-16 09:06:55
1645002415118707000,160.0,1,160.0,66,160.5,37,2,2022-02-16 09:06:55
1645002415452911000,160.5,1,160.0,66,160.5,37,1,2022-02-16 09:06:55
1645002415835923000,160.0,1,160.0,65,160.5,37,2,2022-02-16 09:06:55
1645002416069874000,160.0,3,160.0,66,160.5,38,2,2022-02-16 09:06:56
1645002416257560000,160.5,1,160.0,66,160.5,39,1,2022-02-16 09:06:56
1645002416829976000,160.5,2,160.0,68,160.5,38,1,2022-02-16 09:06:56
1645002418293481000,160.5,1,160.0,69,160.5,36,1,2022-02-16 09:06:58
1645002418453887000,160.5,1,160.0,70,160.5,35,1,2022-02-16 09:06:58
1645002419194373000,160.5,2,160.0,70,160.5,35,1,2022-02-16 09:06:59
1645002420396288000,160.5,1,160.0,72,160.5,39,1,2022-02-16 09:07:00
1645002420616022000,160.5,1,160.0,78,160.5,38,1,2022-02-16 09:07:00
1645002420677692000,160.5,10,160.0,78,160.5,28,1,2022-02-16 09:07:00
1645002421146905000,160.5,1,160.0,78,160.5,29,1,2022-02-16 09:07:01
1645002421333605000,160.5,10,160.0,79,160.5,19,1,2022-02-16 09:07:01
1645002421460748000,160.5,1,160.0,79,160.5,18,1,2022-02-16 09:07:01
1645002421489815000,160.5,10,160.0,79,160.5,8,1,2022-02-16 09:07:01
1645002421623924000,160.5,1,160.0,78,160.5,7,1,2022-02-16 09:07:01
1645002421657285000,160.5,4,160.0,79,160.5,3,1,2022-02-16 09:07:01
1645002421727786000,160.5,1,160.0,79,160.5,22,1,2022-02-16 09:07:01
1645002421833950000,160.5,3,160.0,78,160.5,19,1,2022-02-16 09:07:01
1645002421847341000,160.5,1,160.0,78,160.5,18,1,2022-02-16 09:07:01
1645002421870967000,160.5,5,160.0,78,160.5,13,1,2022-02-16 09:07:01
1645002421931619000,160.5,2,160.0,78,160.5,11,1,2022-02-16 09:07:01
1645002422089804000,160.5,2,160.0,79,160.5,10,1,2022-02-16 09:07:02
1645002422111429000,160.5,1,160.0,79,160.5,9,1,2022-02-16 09:07:02
1645002422324083000,160.5,10,160.0,79,161.0,43,1,2022-02-16 09:07:02
1645002422397253000,160.5,1,160.5,4,161.0,44,2,2022-02-16 09:07:02
1645002422431188000,160.5,3,160.5,2,161.0,44,2,2022-02-16 09:07:02
1645002422464944000,160.5,2,160.0,79,161.0,44,2,2022-02-16 09:07:02
1645002422511437000,160.5,1,160.5,4,161.0,44,2,2022-02-16 09:07:02
1645002422521187000,160.5,4,160.0,79,161.0,44,2,2022-02-16 09:07:02
1645002422636165000,161.0,2,160.0,79,161.0,42,1,2022-02-16 09:07:02
1645002422654837000,161.0,1,160.5,1,161.0,41,1,2022-02-16 09:07:02
1645002422666498000,160.5,1,160.0,79,161.0,41,2,2022-02-16 09:07:02
1645002422816048000,161.0,5,160.0,79,161.0,36,1,2022-02-16 09:07:02
1645002423117872000,161.0,1,160.5,1,161.0,36,1,2022-02-16 09:07:03
1645002423147118000,161.0,1,160.5,1,161.0,35,1,2022-02-16 09:07:03
1645002423449398000,160.5,1,160.5,2,161.0,35,2,2022-02-16 09:07:03
1645002423457640000,161.0,3,160.5,3,161.0,32,1,2022-02-16 09:07:03
1645002423534309000,161.0,5,160.5,3,161.0,27,1,2022-02-16 09:07:03
1645002423772236000,160.5,3,160.0,69,161.0,27,2,2022-02-16 09:07:03
1645002423772236000,160.0,12,160.0,69,161.0,27,2,2022-02-16 09:07:03
1645002424825787000,161.0,1,160.5,5,161.0,27,1,2022-02-16 09:07:04
1645002425669516000,161.0,1,160.5,8,161.0,25,1,2022-02-16 09:07:05
1645002426402595000,161.0,1,160.5,9,161.0,24,1,2022-02-16 09:07:06
1645002427345366000,160.5,1,160.5,13,161.0,24,2,2022-02-16 09:07:07
1645002427389367000,160.5,2,160.5,11,161.0,24,2,2022-02-16 09:07:07
1645002427464641000,160.5,1,160.5,10,161.0,23,2,2022-02-16 09:07:07
1645002427523860000,160.5,1,160.5,10,161.0,24,2,2022-02-16 09:07:07
1645002427963256000,160.5,2,160.5,8,161.0,24,2,2022-02-16 09:07:07
1645002428087434000,160.5,1,160.5,7,161.0,24,2,2022-02-16 09:07:08
1645002428123941000,160.5,2,160.5,6,161.0,24,2,2022-02-16 09:07:08
1645002428418276000,160.5,1,160.5,6,161.0,24,2,2022-02-16 09:07:08
1645002428802839000,160.5,6,160.0,70,161.0,25,2,2022-02-16 09:07:08
1645002429559262000,160.5,1,160.5,1,161.0,30,2,2022-02-16 09:07:09
1645002429742721000,160.5,1,160.0,69,161.0,31,2,2022-02-16 09:07:09
1645002429742721000,160.0,1,160.0,69,161.0,31,2,2022-02-16 09:07:09
1645002430425800000,160.5,1,160.0,70,160.5,2,1,2022-02-16 09:07:10
1645002430559298000,160.5,5,160.0,70,160.5,2,1,2022-02-16 09:07:10
1645002431144342000,160.5,2,160.0,70,160.5,3,1,2022-02-16 09:07:11
1645002431317863000,160.5,3,160.0,70,161.0,32,1,2022-02-16 09:07:11
1645002431931625000,160.5,1,160.0,70,160.5,1,1,2022-02-16 09:07:11
1645002433358825000,160.0,1,160.0,71,160.5,3,2,2022-02-16 09:07:13
1645002433584659000,160.5,1,160.0,71,160.5,2,1,2022-02-16 09:07:13
1645002433765618000,160.0,1,160.0,70,160.5,2,2,2022-02-16 09:07:13
1645002434058360000,160.5,3,160.0,71,161.0,39,1,2022-02-16 09:07:14
1645002434494160000,160.0,1,160.0,71,161.0,39,2,2022-02-16 09:07:14
1645002435518154000,160.5,1,160.0,71,160.5,10,1,2022-02-16 09:07:15
1645002436172582000,160.5,2,160.0,73,160.5,8,1,2022-02-16 09:07:16
1645002436428237000,160.5,1,160.0,73,160.5,8,1,2022-02-16 09:07:16
1645002436549943000,160.0,1,160.0,72,160.5,8,2,2022-02-16 09:07:16
1645002437216064000,160.0,10,160.0,64,160.5,9,2,2022-02-16 09:07:17
1645002437228981000,160.0,10,160.0,54,160.5,9,2,2022-02-16 09:07:17
1645002438081745000,160.5,1,160.0,56,160.5,21,1,2022-02-16 09:07:18
1645002438748218000,160.0,1,160.0,51,160.5,24,2,2022-02-16 09:07:18
1645002438810559000,160.0,4,160.0,47,160.5,24,2,2022-02-16 09:07:18
1645002439399078000,160.5,2,160.0,48,160.5,31,1,2022-02-16 09:07:19
1645002439463339000,160.0,1,160.0,47,160.5,31,2,2022-02-16 09:07:19
1645002439865720000,160.0,1,160.0,47,160.5,34,2,2022-02-16 09:07:19
1645002440328033000,160.0,6,160.0,40,160.5,37,2,2022-02-16 09:07:20
1645002440365515000,160.0,14,160.0,25,160.5,38,2,2022-02-16 09:07:20
1645002440366103000,160.0,1,160.0,24,160.5,38,2,2022-02-16 09:07:20
1645002440374066000,160.5,1,160.0,24,160.5,37,1,2022-02-16 09:07:20
1645002440388988000,160.0,4,160.0,20,160.5,37,2,2022-02-16 09:07:20
1645002440399209000,160.0,20,159.5,30,160.5,37,2,2022-02-16 09:07:20
1645002440670525000,160.0,1,159.5,29,160.0,2,1,2022-02-16 09:07:20
1645002440703453000,159.5,2,159.5,27,160.0,2,2,2022-02-16 09:07:20
1645002440735866000,159.5,1,159.5,26,160.0,2,2,2022-02-16 09:07:20
1645002440775360000,160.0,1,159.5,26,160.0,1,1,2022-02-16 09:07:20
1645002440864775000,159.5,3,159.5,23,160.0,8,2,2022-02-16 09:07:20
1645002441070117000,159.5,3,159.5,20,160.0,17,2,2022-02-16 09:07:21
1645002441085883000,159.5,10,159.5,10,160.0,18,2,2022-02-16 09:07:21
1645002441093125000,159.5,4,159.5,6,160.0,18,2,2022-02-16 09:07:21
1645002441441734000,160.0,1,159.5,6,160.0,23,1,2022-02-16 09:07:21
1645002441678001000,159.5,1,159.5,6,160.0,23,2,2022-02-16 09:07:21
1645002441888950000,159.5,1,159.5,5,160.0,26,2,2022-02-16 09:07:21
1645002441952069000,159.5,1,159.5,4,160.0,26,2,2022-02-16 09:07:21
1645002442243985000,160.0,2,159.5,4,160.0,29,1,2022-02-16 09:07:22
1645002442352064000,159.5,1,159.5,3,160.0,29,2,2022-02-16 09:07:22
1645002442712189000,159.5,1,159.5,2,160.0,29,2,2022-02-16 09:07:22
1645002442720159000,160.0,1,159.5,2,160.0,28,1,2022-02-16 09:07:22
1645002442741789000,159.5,2,159.0,71,160.0,28,2,2022-02-16 09:07:22
1645002444267063000,159.0,2,159.0,69,159.5,2,2,2022-02-16 09:07:24
1645002444268813000,159.5,1,159.0,69,159.5,1,1,2022-02-16 09:07:24
1645002445238650000,159.0,1,159.0,68,159.5,1,2,2022-02-16 09:07:25
1645002445271421000,159.5,1,159.0,68,160.0,35,1,2022-02-16 09:07:25
1645002445278548000,159.0,1,159.0,67,160.0,35,2,2022-02-16 09:07:25
1645002445489967000,159.0,15,159.0,52,159.5,1,2,2022-02-16 09:07:25
1645002445934654000,159.5,1,159.0,52,159.5,1,1,2022-02-16 09:07:25
1645002446078666000,159.0,2,159.0,50,159.5,1,2,2022-02-16 09:07:26
1645002446245680000,159.0,2,159.0,48,159.5,1,2,2022-02-16 09:07:26
1645002446500908000,159.5,1,159.5,3,160.0,39,1,2022-02-16 09:07:26
1645002446812157000,159.5,3,159.0,45,160.0,35,2,2022-02-16 09:07:26
1645002446812157000,159.0,2,159.0,45,160.0,35,2,2022-02-16 09:07:26
1645002447135398000,159.5,2,159.0,44,159.5,1,1,2022-02-16 09:07:27
1645002447296699000,159.0,2,159.0,42,159.5,1,2,2022-02-16 09:07:27
1645002447618852000,159.0,1,159.0,48,159.5,1,2,2022-02-16 09:07:27
1645002447635459000,159.0,1,159.0,47,159.5,1,2,2022-02-16 09:07:27
1645002448555974000,159.0,1,159.0,47,159.5,1,2,2022-02-16 09:07:28
1645002448739930000,159.5,1,159.0,43,160.0,41,1,2022-02-16 09:07:28
1645002448754655000,159.0,1,159.0,42,160.0,41,2,2022-02-16 09:07:28
1645002449093739000,159.0,1,159.0,41,159.5,5,2,2022-02-16 09:07:29
1645002450996072000,159.0,1,159.0,40,159.5,6,2,2022-02-16 09:07:30
1645002451566757000,159.0,1,159.0,40,159.5,7,2,2022-02-16 09:07:31
1645002451577884000,159.0,1,159.0,39,159.5,7,2,2022-02-16 09:07:31
1645002451895659000,159.0,1,159.0,38,159.5,9,2,2022-02-16 09:07:31
1645002451905430000,159.5,1,159.0,38,159.5,8,1,2022-02-16 09:07:31
1645002452399438000,159.0,1,159.0,37,159.5,10,2,2022-02-16 09:07:32
1645002453112298000,159.5,1,159.0,38,159.5,9,1,2022-02-16 09:07:33
1645002453358372000,159.0,1,159.0,40,159.5,9,2,2022-02-16 09:07:33
1645002453787000000,159.0,1,159.0,45,159.5,9,2,2022-02-16 09:07:33
1645002453793149000,159.5,9,159.0,45,160.0,34,1,2022-02-16 09:07:33
1645002454134421000,159.0,1,159.0,44,160.0,30,2,2022-02-16 09:07:34
1645002454211669000,159.0,1,159.0,43,159.5,1,2,2022-02-16 09:07:34
1645002454527232000,159.0,1,159.0,44,159.5,1,2,2022-02-16 09:07:34
1645002456215618000,159.0,1,159.0,43,159.5,8,2,2022-02-16 09:07:36
1645002456457468000,159.5,1,159.0,44,159.5,8,1,2022-02-16 09:07:36
1645002456689007000,159.0,1,159.0,44,159.5,9,2,2022-02-16 09:07:36
1645002456894324000,159.0,2,159.0,42,159.5,10,2,2022-02-16 09:07:36
1645002456992275000,159.0,1,159.0,41,159.5,10,2,2022-02-16 09:07:36
1645002458815729000,159.0,1,159.0,42,159.5,13,2,2022-02-16 09:07:38
1645002458849123000,159.5,10,159.0,42,159.5,3,1,2022-02-16 09:07:38
1645002459186995000,159.5,2,159.0,47,159.5,1,1,2022-02-16 09:07:39
1645002459219138000,159.5,1,159.0,47,160.0,26,1,2022-02-16 09:07:39
1645002459686910000,159.0,1,159.0,46,160.0,26,2,2022-02-16 09:07:39
1645002459749761000,159.5,1,159.0,47,160.0,26,1,2022-02-16 09:07:39
1645002459883963000,159.0,3,159.0,44,160.0,26,2,2022-02-16 09:07:39
1645002460767341000,159.5,2,159.5,4,160.0,27,2,2022-02-16 09:07:40
1645002462741924000,159.5,1,159.5,11,160.0,29,2,2022-02-16 09:07:42
1645002462747609000,160.0,2,159.5,11,160.0,27,1,2022-02-16 09:07:42
1645002463111648000,159.5,4,159.5,7,160.0,27,2,2022-02-16 09:07:43
1645002463507231000,159.5,1,159.5,7,160.0,28,2,2022-02-16 09:07:43
1645002463681298000,159.5,3,159.5,4,160.0,33,2,2022-02-16 09:07:43
1645002463881839000,159.5,1,159.5,3,160.0,33,2,2022-02-16 09:07:43
1645002464342906000,159.5,4,159.0,47,159.5,1,2,2022-02-16 09:07:44
1645002465916207000,159.5,1,159.0,48,159.5,11,1,2022-02-16 09:07:45
1645002466825586000,159.5,1,159.0,50,159.5,12,1,2022-02-16 09:07:46
1645002467879156000,159.5,3,159.0,49,159.5,21,1,2022-02-16 09:07:47
1645002469837103000,159.0,1,159.0,52,159.5,27,2,2022-02-16 09:07:49
1645002471350866000,159.5,1,159.0,54,159.5,30,1,2022-02-16 09:07:51
1645002471786402000,159.0,2,159.0,53,159.5,31,2,2022-02-16 09:07:51
1645002471930937000,159.0,1,159.0,52,159.5,31,2,2022-02-16 09:07:51
1645002472969044000,159.5,31,159.5,1,160.0,44,1,2022-02-16 09:07:52
1645002473409600000,159.5,1,159.5,7,160.0,44,2,2022-02-16 09:07:53
1645002473656295000,159.5,1,159.5,6,160.0,44,2,2022-02-16 09:07:53
1645002474715588000,159.5,1,159.5,7,160.0,44,2,2022-02-16 09:07:54
1645002475220843000,159.5,1,159.5,6,160.0,44,2,2022-02-16 09:07:55
1645002475402597000,159.5,1,159.5,5,160.0,44,2,2022-02-16 09:07:55
1645002475652651000,159.5,1,159.5,5,160.0,44,2,2022-02-16 09:07:55
1645002476023506000,159.5,1,159.5,6,160.0,44,2,2022-02-16 09:07:56
1645002476067455000,159.5,1,159.5,5,160.0,44,2,2022-02-16 09:07:56
1645002477884092000,159.5,1,159.5,8,160.0,48,2,2022-02-16 09:07:57
1645002477975823000,159.5,1,159.5,7,160.0,48,2,2022-02-16 09:07:57
1645002478811244000,159.5,1,159.5,7,160.0,50,2,2022-02-16 09:07:58
1645002479305398000,159.5,3,159.5,4,160.0,50,2,2022-02-16 09:07:59
1645002479778863000,160.0,5,159.5,4,160.0,48,1,2022-02-16 09:07:59
1645002480532079000,159.5,1,159.5,3,160.0,48,2,2022-02-16 09:08:00
1645002480600629000,159.5,1,159.5,2,160.0,48,2,2022-02-16 09:08:00
1645002480675156000,159.5,1,159.5,1,160.0,48,2,2022-02-16 09:08:00
1645002481054183000,159.5,1,159.0,54,160.0,50,2,2022-02-16 09:08:01
1645002481167245000,159.0,1,159.0,53,160.0,50,2,2022-02-16 09:08:01
1645002481868331000,159.5,1,159.0,53,159.5,1,2,2022-02-16 09:08:01
1645002481956271000,159.0,1,159.0,52,159.5,1,2,2022-02-16 09:08:01
1645002483034763000,159.5,1,159.0,58,159.5,3,1,2022-02-16 09:08:03
1645002483210374000,159.5,1,159.0,58,159.5,2,1,2022-02-16 09:08:03
1645002483276698000,159.5,1,159.0,58,159.5,1,1,2022-02-16 09:08:03
1645002488220518000,159.0,1,159.0,64,159.5,3,2,2022-02-16 09:08:08
1645002489133996000,159.5,2,159.0,65,159.5,5,1,2022-02-16 09:08:09
1645002489777203000,159.5,1,159.0,65,159.5,4,1,2022-02-16 09:08:09
1645002490073167000,159.0,5,159.0,60,159.5,4,2,2022-02-16 09:08:10
1645002491102618000,159.5,2,159.0,61,159.5,3,1,2022-02-16 09:08:11
1645002493421532000,159.5,1,159.0,64,159.5,10,1,2022-02-16 09:08:13
1645002494902514000,159.0,5,159.0,64,159.5,15,2,2022-02-16 09:08:14
1645002497917995000,159.0,10,159.0,59,159.5,25,2,2022-02-16 09:08:17
1645002498547027000,159.5,2,159.0,59,159.5,23,1,2022-02-16 09:08:18
1645002499605159000,159.0,1,159.0,58,159.5,23,2,2022-02-16 09:08:19
1645002500772728000,159.0,1,159.0,58,159.5,26,2,2022-02-16 09:08:20
1645002500996776000,159.5,1,159.0,58,159.5,25,1,2022-02-16 09:08:20
1645002501591153000,159.0,3,159.0,55,159.5,25,2,2022-02-16 09:08:21
1645002501914175000,159.0,2,159.0,53,159.5,26,2,2022-02-16 09:08:21
1645002502111600000,159.0,2,159.0,51,159.5,26,2,2022-02-16 09:08:22
1645002502126494000,159.0,1,159.0,50,159.5,26,2,2022-02-16 09:08:22
1645002502530942000,159.0,4,159.0,46,159.5,27,2,2022-02-16 09:08:22
1645002502575802000,159.0,46,158.5,53,159.5,27,2,2022-02-16 09:08:22
1645002502662515000,159.0,1,158.5,57,159.0,2,1,2022-02-16 09:08:22
1645002506387282000,158.5,1,158.5,48,159.0,15,2,2022-02-16 09:08:26
1645002506488403000,159.0,1,158.5,48,159.0,14,1,2022-02-16 09:08:26
1645002506714780000,159.0,2,158.5,48,159.0,10,1,2022-02-16 09:08:26
1645002507632811000,159.0,2,158.5,49,159.0,9,1,2022-02-16 09:08:27
1645002507781303000,159.0,1,158.5,49,159.0,8,1,2022-02-16 09:08:27
1645002508118905000,158.5,3,158.5,46,159.0,8,2,2022-02-16 09:08:28
1645002509140493000,159.0,1,158.5,45,159.0,15,1,2022-02-16 09:08:29
1645002509254668000,158.5,1,158.5,44,159.0,15,2,2022-02-16 09:08:29
1645002509747173000,158.5,1,158.5,43,159.0,15,2,2022-02-16 09:08:29
1645002512043328000,158.5,5,158.5,36,159.0,16,2,2022-02-16 09:08:32
1645002512324821000,159.0,1,158.5,36,159.0,17,1,2022-02-16 09:08:32
1645002512422285000,158.5,1,158.5,35,159.0,17,2,2022-02-16 09:08:32
1645002512980540000,158.5,5,158.5,30,159.0,17,2,2022-02-16 09:08:32
1645002513026147000,158.5,1,158.5,29,159.0,17,2,2022-02-16 09:08:33
1645002513555621000,158.5,1,158.5,28,159.0,18,2,2022-02-16 09:08:33
1645002513636937000,159.0,1,158.5,28,159.0,17,1,2022-02-16 09:08:33
1645002514185555000,158.5,1,158.5,27,159.0,19,2,2022-02-16 09:08:34
1645002514800876000,158.5,1,158.5,26,159.0,19,2,2022-02-16 09:08:34
1645002514912622000,158.5,1,158.5,25,159.0,19,2,2022-02-16 09:08:34
1645002515203239000,158.5,2,158.5,23,159.0,21,2,2022-02-16 09:08:35
1645002515802533000,158.5,1,158.5,19,159.0,23,2,2022-02-16 09:08:35
1645002515916958000,158.5,1,158.5,18,159.0,23,2,2022-02-16 09:08:35
1645002516168683000,158.5,10,158.5,8,159.0,24,2,2022-02-16 09:08:36
1645002516357949000,158.5,1,158.5,7,159.0,26,2,2022-02-16 09:08:36
1645002516478251000,158.5,1,158.5,6,159.0,26,2,2022-02-16 09:08:36
1645002516510096000,158.5,1,158.5,5,159.0,26,2,2022-02-16 09:08:36
1645002516617127000,158.5,2,158.5,4,159.0,27,2,2022-02-16 09:08:36
1645002516716393000,158.5,1,158.5,3,159.0,27,2,2022-02-16 09:08:36
1645002516749030000,158.5,1,158.5,2,159.0,27,2,2022-02-16 09:08:36
1645002517028338000,158.5,1,158.5,1,159.0,27,2,2022-02-16 09:08:37
1645002517049190000,158.5,1,158.0,95,159.0,27,2,2022-02-16 09:08:37
1645002517197504000,158.5,1,158.0,95,159.0,28,1,2022-02-16 09:08:37
1645002517472258000,158.5,3,158.0,96,158.5,1,2,2022-02-16 09:08:37
1645002517502101000,158.5,1,158.0,96,159.0,29,1,2022-02-16 09:08:37
1645002517903802000,158.5,1,158.0,96,159.0,29,2,2022-02-16 09:08:37
1645002518168819000,158.5,1,158.0,96,158.5,1,1,2022-02-16 09:08:38
1645002518206619000,158.5,1,158.0,96,159.0,29,1,2022-02-16 09:08:38
1645002518534712000,158.5,1,158.0,96,159.0,30,2,2022-02-16 09:08:38
1645002518576357000,158.0,1,158.0,95,159.0,33,2,2022-02-16 09:08:38
1645002519733956000,158.5,2,158.5,3,159.0,33,2,2022-02-16 09:08:39
1645002519885553000,158.5,1,158.5,2,159.0,33,2,2022-02-16 09:08:39
1645002519888290000,158.5,1,158.5,1,159.0,33,2,2022-02-16 09:08:39
1645002520229776000,159.0,1,158.5,3,159.0,32,1,2022-02-16 09:08:40
1645002520346501000,158.5,1,158.5,2,159.0,34,2,2022-02-16 09:08:40
1645002520563220000,158.5,1,158.5,1,159.0,34,2,2022-02-16 09:08:40
1645002520870575000,158.5,2,158.0,96,159.0,34,2,2022-02-16 09:08:40
1645002521529596000,158.0,5,158.0,91,158.5,1,2,2022-02-16 09:08:41
1645002521712020000,158.5,1,158.0,91,159.0,35,1,2022-02-16 09:08:41
1645002522118275000,158.5,1,158.0,91,159.0,35,1,2022-02-16 09:08:42
1645002523317238000,158.5,1,158.0,89,158.5,5,1,2022-02-16 09:08:43
1645002523735210000,158.5,1,158.0,89,158.5,4,1,2022-02-16 09:08:43
1645002524512887000,158.0,1,158.0,88,158.5,4,2,2022-02-16 09:08:44
1645002525019775000,158.0,1,158.0,87,158.5,25,2,2022-02-16 09:08:45
1645002525925040000,158.5,1,158.0,88,158.5,26,1,2022-02-16 09:08:45
1645002526583461000,158.5,3,158.0,87,158.5,25,1,2022-02-16 09:08:46
1645002527666770000,158.0,2,158.0,85,158.5,31,2,2022-02-16 09:08:47
1645002528467943000,158.0,2,158.0,84,158.5,32,2,2022-02-16 09:08:48
1645002529143221000,158.5,1,158.0,84,158.5,33,1,2022-02-16 09:08:49
1645002529384541000,158.0,1,158.0,86,158.5,33,2,2022-02-16 09:08:49
1645002529952059000,158.5,1,158.0,86,158.5,34,1,2022-02-16 09:08:49
1645002529984485000,158.0,2,158.0,80,158.5,34,2,2022-02-16 09:08:49
1645002530206324000,158.5,1,158.0,80,158.5,33,1,2022-02-16 09:08:50
1645002530373513000,158.5,1,158.0,80,158.5,33,1,2022-02-16 09:08:50
1645002530911015000,158.5,5,158.0,81,158.5,31,1,2022-02-16 09:08:50
1645002531807988000,158.0,1,158.0,79,158.5,33,2,2022-02-16 09:08:51
1645002533418485000,158.5,1,158.0,79,158.5,37,1,2022-02-16 09:08:53
1645002533802416000,158.5,7,158.0,79,158.5,30,1,2022-02-16 09:08:53
1645002533814401000,158.0,1,158.0,78,158.5,30,2,2022-02-16 09:08:53
1645002533834168000,158.5,18,158.0,78,158.5,12,1,2022-02-16 09:08:53
1645002533869300000,158.5,7,158.0,78,158.5,5,1,2022-02-16 09:08:53
1645002533870183000,158.5,5,158.0,83,159.0,40,1,2022-02-16 09:08:53
1645002534280385000,158.5,1,158.0,83,159.0,40,1,2022-02-16 09:08:54
1645002534285072000,158.0,1,158.0,82,159.0,40,2,2022-02-16 09:08:54
1645002534743701000,158.0,1,158.0,80,158.5,1,2,2022-02-16 09:08:54
1645002535354394000,158.5,1,158.0,80,159.0,40,1,2022-02-16 09:08:55
1645002535406774000,158.0,6,158.0,75,159.0,40,2,2022-02-16 09:08:55
1645002535410496000,158.0,1,158.0,74,159.0,40,2,2022-02-16 09:08:55
1645002535510884000,158.0,1,158.0,73,159.0,41,2,2022-02-16 09:08:55
1645002535967843000,158.5,1,158.0,71,159.0,41,2,2022-02-16 09:08:55
1645002535967843000,158.0,3,158.0,71,159.0,41,2,2022-02-16 09:08:55
1645002536306433000,158.5,1,158.5,10,159.0,40,2,2022-02-16 09:08:56
1645002537299796000,159.0,2,158.5,16,159.0,37,1,2022-02-16 09:08:57
1645002537581882000,159.0,1,158.5,16,159.0,35,1,2022-02-16 09:08:57
1645002537751135000,158.5,1,158.5,15,159.0,35,2,2022-02-16 09:08:57
1645002537904158000,158.5,1,158.5,14,159.0,35,2,2022-02-16 09:08:57
1645002537997407000,158.5,1,158.5,14,159.0,35,2,2022-02-16 09:08:57
1645002538564380000,158.5,2,158.5,14,159.0,40,2,2022-02-16 09:08:58
1645002539544774000,158.5,1,158.5,15,159.0,40,2,2022-02-16 09:08:59
1645002541998814000,158.5,1,158.5,18,159.0,42,2,2022-02-16 09:09:01
1645002542016429000,158.5,3,158.5,15,159.0,42,2,2022-02-16 09:09:02
1645002542329042000,158.5,1,158.5,15,159.0,42,2,2022-02-16 09:09:02
1645002542484810000,159.0,1,158.5,14,159.0,41,1,2022-02-16 09:09:02
1645002542769417000,158.5,1,158.5,13,159.0,36,2,2022-02-16 09:09:02
1645002543146746000,158.5,1,158.5,12,159.0,41,2,2022-02-16 09:09:03
1645002543457420000,158.5,1,158.5,11,159.0,41,2,2022-02-16 09:09:03
1645002544116854000,158.5,1,158.5,10,159.0,42,2,2022-02-16 09:09:04
1645002544184052000,159.0,1,158.5,10,159.0,41,1,2022-02-16 09:09:04
1645002544603348000,158.5,1,158.5,9,159.0,40,2,2022-02-16 09:09:04
1645002545185002000,158.5,1,158.5,9,159.0,40,2,2022-02-16 09:09:05
1645002546036609000,158.5,1,158.5,10,159.0,40,2,2022-02-16 09:09:06
1645002547312042000,158.5,5,158.5,7,159.0,40,2,2022-02-16 09:09:07
1645002547907478000,158.5,1,158.5,6,159.0,40,2,2022-02-16 09:09:07
1645002548110674000,158.5,1,158.5,5,159.0,40,2,2022-02-16 09:09:08
1645002548772744000,158.5,1,158.5,6,159.0,40,2,2022-02-16 09:09:08
1645002548962272000,158.5,1,158.5,5,159.0,40,2,2022-02-16 09:09:08
1645002550149102000,158.5,1,158.5,5,159.0,45,2,2022-02-16 09:09:10
1645002550488046000,158.5,1,158.5,4,159.0,45,2,2022-02-16 09:09:10
1645002550692464000,158.5,1,158.5,3,159.0,45,2,2022-02-16 09:09:10
1645002550778503000,158.5,3,158.0,92,158.5,1,2,2022-02-16 09:09:10
1645002550808761000,158.5,1,158.0,92,159.0,45,1,2022-02-16 09:09:10
1645002551422193000,158.5,1,158.5,1,159.0,47,2,2022-02-16 09:09:11
1645002552144675000,158.5,1,158.5,2,159.0,48,2,2022-02-16 09:09:12
1645002552604194000,158.5,1,158.5,1,159.0,49,2,2022-02-16 09:09:12
1645002552934103000,158.5,1,158.0,95,159.0,49,2,2022-02-16 09:09:12
1645002552968899000,158.5,1,158.0,95,158.5,1,1,2022-02-16 09:09:12
1645002553335415000,158.5,1,158.0,96,158.5,1,1,2022-02-16 09:09:13
1645002554138977000,158.5,3,158.0,96,158.5,1,1,2022-02-16 09:09:14
1645002555447140000,158.5,1,158.0,96,158.5,4,1,2022-02-16 09:09:15
1645002555475389000,158.5,1,158.0,96,158.5,3,1,2022-02-16 09:09:15
1645002556165557000,158.0,1,158.0,95,158.5,5,2,2022-02-16 09:09:16
1645002556824401000,158.5,1,158.0,96,158.5,4,1,2022-02-16 09:09:16
1645002557231631000,158.5,1,158.0,96,158.5,3,1,2022-02-16 09:09:17
1645002557349549000,158.5,1,158.0,96,158.5,4,1,2022-02-16 09:09:17
1645002557744592000,158.0,1,158.0,95,158.5,4,2,2022-02-16 09:09:17
1645002558184669000,158.5,1,158.0,95,158.5,3,1,2022-02-16 09:09:18
1645002559111009000,158.0,1,158.0,94,158.5,3,2,2022-02-16 09:09:19
1645002559852833000,158.5,1,158.0,105,158.5,5,1,2022-02-16 09:09:19
1645002562004913000,158.5,6,158.5,4,159.0,49,1,2022-02-16 09:09:22
1645002563166084000,158.5,1,158.5,4,159.0,49,2,2022-02-16 09:09:23
1645002563634852000,159.0,1,158.5,5,159.0,48,1,2022-02-16 09:09:23
1645002563697015000,158.5,2,158.5,3,159.0,48,2,2022-02-16 09:09:23
1645002565079842000,158.5,1,158.5,3,159.0,48,2,2022-02-16 09:09:25
1645002565498169000,158.5,2,158.5,8,159.0,49,2,2022-02-16 09:09:25
1645002565650476000,158.5,1,158.5,7,159.0,49,2,2022-02-16 09:09:25
1645002567183567000,158.5,1,158.5,7,159.0,49,2,2022-02-16 09:09:27
1645002568709721000,158.5,2,158.5,6,159.0,49,2,2022-02-16 09:09:28
1645002572401011000,158.5,1,158.5,9,159.0,50,2,2022-02-16 09:09:32
1645002572494014000,158.5,1,158.5,8,159.0,49,2,2022-02-16 09:09:32
1645002573774787000,158.5,1,158.5,7,159.0,49,2,2022-02-16 09:09:33
1645002575196988000,159.0,1,158.5,9,159.0,51,1,2022-02-16 09:09:35
1645002575209452000,159.0,1,158.5,9,159.0,50,1,2022-02-16 09:09:35
1645002575489550000,158.5,1,158.5,8,159.0,50,2,2022-02-16 09:09:35
1645002575876928000,158.5,6,158.5,2,159.0,50,2,2022-02-16 09:09:35
1645002576660935000,158.5,1,158.5,1,159.0,50,2,2022-02-16 09:09:36
1645002578380309000,158.5,1,158.5,40,159.0,50,2,2022-02-16 09:09:38
1645002579748404000,159.0,2,158.5,44,159.0,48,1,2022-02-16 09:09:39
1645002579920178000,159.0,1,158.5,44,159.0,47,1,2022-02-16 09:09:39
1645002579944606000,159.0,6,158.5,44,159.0,41,1,2022-02-16 09:09:39
1645002579971220000,159.0,12,158.5,44,159.0,29,1,2022-02-16 09:09:39
1645002579989837000,159.0,7,158.5,44,159.0,22,1,2022-02-16 09:09:39
1645002579989853000,159.0,7,158.5,44,159.0,15,1,2022-02-16 09:09:39
1645002579989895000,159.0,7,158.5,44,159.0,8,1,2022-02-16 09:09:39
1645002579989910000,159.0,7,158.5,44,159.0,1,1,2022-02-16 09:09:39
1645002579990709000,159.0,1,158.5,44,159.5,38,1,2022-02-16 09:09:39
1645002580404198000,159.0,1,158.5,49,159.5,38,2,2022-02-16 09:09:40
1645002581578420000,159.0,1,159.0,5,159.5,38,2,2022-02-16 09:09:41
1645002582107491000,159.0,1,159.0,7,159.5,38,2,2022-02-16 09:09:42
1645002582144005000,159.0,1,159.0,6,159.5,38,2,2022-02-16 09:09:42
1645002582519759000,159.0,1,159.0,5,159.5,38,2,2022-02-16 09:09:42
1645002584393458000,159.5,1,159.0,5,159.5,37,1,2022-02-16 09:09:44
1645002584514718000,159.0,1,159.0,4,159.5,37,2,2022-02-16 09:09:44
1645002585023965000,159.5,1,159.0,5,159.5,36,1,2022-02-16 09:09:45
1645002585446763000,159.0,1,159.0,14,159.5,36,2,2022-02-16 09:09:45
1645002587922524000,159.0,1,159.0,19,159.5,36,2,2022-02-16 09:09:47
1645002592087346000,159.0,1,159.0,22,159.5,36,2,2022-02-16 09:09:52
