ts,close,volume,bid_price,bid_volume,ask_price,ask_volume,tick_type,datetime
1651741214121074000,28.85,841,28.85,15,28.9,65,0,2022-05-05 09:00:14
1651741214245139000,28.85,1,28.85,15,28.9,65,2,2022-05-05 09:00:14
1651741214262989000,28.85,1,28.85,14,28.9,65,2,2022-05-05 09:00:14
1651741214304912000,28.85,6,28.85,8,28.9,65,2,2022-05-05 09:00:14
1651741214623329000,28.85,2,28.85,6,28.9,65,2,2022-05-05 09:00:14
1651741214893792000,28.9,1,28.85,9,28.9,64,1,2022-05-05 09:00:14
1651741215018289000,28.85,9,28.8,102,28.9,64,2,2022-05-05 09:00:15
1651741215018289000,28.8,2,28.8,102,28.9,64,2,2022-05-05 09:00:15
1651741215237215000,28.9,3,28.8,102,28.9,61,1,2022-05-05 09:00:15
1651741215873166000,28.8,1,28.8,101,28.9,61,2,2022-05-05 09:00:15
1651741216445744000,28.9,2,28.8,101,28.9,64,1,2022-05-05 09:00:16
1651741217242783000,28.85,1,28.85,4,28.9,64,2,2022-05-05 09:00:17
1651741218906962000,28.85,1,28.85,6,28.9,78,2,2022-05-05 09:00:18
1651741220395334000,28.85,18,28.85,2,28.9,79,2,2022-05-05 09:00:20
1651741220629844000,28.85,1,28.85,6,28.9,79,2,2022-05-05 09:00:20
1651741220831785000,28.9,1,28.85,6,28.9,78,1,2022-05-05 09:00:20
1651741220948024000,28.9,2,28.85,9,28.9,76,1,2022-05-05 09:00:20
1651741221210365000,28.85,1,28.85,8,28.9,76,2,2022-05-05 09:00:21
1651741223837824000,28.9,10,28.85,41,28.9,66,1,2022-05-05 09:00:23
1651741223876242000,28.9,4,28.85,41,28.9,62,1,2022-05-05 09:00:23
1651741223876944000,28.9,62,28.85,41,28.95,55,1,2022-05-05 09:00:23
1651741223940352000,28.95,4,28.85,41,28.95,51,1,2022-05-05 09:00:23
1651741224690940000,28.95,5,28.9,1,28.95,46,1,2022-05-05 09:00:24
1651741224894177000,28.9,1,28.85,46,28.95,46,2,2022-05-05 09:00:24
1651741224894177000,28.85,1,28.85,46,28.95,46,2,2022-05-05 09:00:24
1651741225327071000,28.85,2,28.85,44,28.95,46,2,2022-05-05 09:00:25
1651741226413305000,28.9,1,28.85,61,28.95,46,2,2022-05-05 09:00:26
1651741227006526000,28.9,5,28.85,66,28.9,5,1,2022-05-05 09:00:27
1651741227035806000,28.9,5,28.85,66,28.95,46,1,2022-05-05 09:00:27
1651741227304358000,28.95,4,28.85,66,28.95,42,1,2022-05-05 09:00:27
1651741228243414000,28.9,1,28.85,66,28.95,42,1,2022-05-05 09:00:28
1651741228933061000,28.9,1,28.85,68,28.9,6,2,2022-05-05 09:00:28
1651741229312956000,28.9,2,28.85,68,28.9,4,1,2022-05-05 09:00:29
1651741229337247000,28.9,4,28.85,68,28.95,42,1,2022-05-05 09:00:29
1651741229487811000,28.95,1,28.85,68,28.95,41,1,2022-05-05 09:00:29
1651741229945437000,28.95,5,28.9,2,28.95,36,1,2022-05-05 09:00:29
1651741230466633000,28.9,1,28.9,1,28.95,37,2,2022-05-05 09:00:30
1651741230941056000,28.95,1,28.9,1,28.95,36,1,2022-05-05 09:00:30
1651741231438167000,28.95,1,28.9,3,28.95,35,1,2022-05-05 09:00:31
1651741231861254000,28.95,1,28.9,3,28.95,34,1,2022-05-05 09:00:31
1651741232019149000,28.95,1,28.9,3,28.95,33,1,2022-05-05 09:00:32
1651741232996720000,28.9,1,28.9,3,28.95,33,2,2022-05-05 09:00:32
1651741233337767000,28.95,20,28.9,3,28.95,13,1,2022-05-05 09:00:33
1651741233362635000,28.95,1,28.9,3,28.95,12,1,2022-05-05 09:00:33
1651741233525624000,28.95,10,28.9,5,28.95,2,1,2022-05-05 09:00:33
1651741233545637000,28.95,2,28.9,5,29.0,60,1,2022-05-05 09:00:33
1651741234560433000,29.0,1,28.9,7,29.0,59,1,2022-05-05 09:00:34
1651741234706754000,29.0,4,28.9,12,29.0,57,1,2022-05-05 09:00:34
1651741235151766000,28.95,1,28.9,12,29.0,57,2,2022-05-05 09:00:35
1651741235553528000,29.0,6,28.9,12,29.0,51,1,2022-05-05 09:00:35
1651741235620711000,28.9,1,28.9,11,29.0,51,2,2022-05-05 09:00:35
1651741236346759000,29.0,5,28.9,12,29.0,46,1,2022-05-05 09:00:36
1651741236401866000,29.0,10,28.9,12,29.0,36,1,2022-05-05 09:00:36
1651741237563767000,28.95,1,28.85,52,29.0,37,2,2022-05-05 09:00:37
1651741237563767000,28.9,23,28.85,52,29.0,37,2,2022-05-05 09:00:37
1651741237563767000,28.85,36,28.85,52,29.0,37,2,2022-05-05 09:00:37
1651741237785783000,28.95,8,28.95,2,29.0,37,2,2022-05-05 09:00:37
1651741237815026000,28.95,2,28.9,2,29.0,37,2,2022-05-05 09:00:37
1651741238116653000,28.9,1,28.9,2,29.0,37,2,2022-05-05 09:00:38
1651741238256940000,29.0,2,28.9,4,29.0,35,1,2022-05-05 09:00:38
1651741239320811000,28.95,1,28.9,5,28.95,2,1,2022-05-05 09:00:39
1651741239530497000,28.95,1,28.9,9,28.95,1,1,2022-05-05 09:00:39
1651741239840371000,28.95,1,28.9,9,28.95,10,1,2022-05-05 09:00:39
1651741240017204000,28.95,3,28.9,9,28.95,7,1,2022-05-05 09:00:40
1651741240300016000,28.95,3,28.9,9,28.95,4,1,2022-05-05 09:00:40
1651741240541574000,28.95,1,28.9,14,28.95,13,1,2022-05-05 09:00:40
1651741240720108000,28.95,1,28.9,14,28.95,13,1,2022-05-05 09:00:40
1651741241361714000,28.95,1,28.9,15,28.95,15,1,2022-05-05 09:00:41
1651741241533985000,28.95,4,28.9,20,28.95,11,1,2022-05-05 09:00:41
1651741241844365000,28.95,2,28.9,20,28.95,9,1,2022-05-05 09:00:41
1651741242481896000,28.9,2,28.9,20,28.95,10,2,2022-05-05 09:00:42
1651741242886971000,28.95,1,28.9,20,28.95,9,1,2022-05-05 09:00:42
1651741243200301000,28.95,5,28.9,20,28.95,4,1,2022-05-05 09:00:43
1651741244133284000,28.9,1,28.9,20,28.95,14,2,2022-05-05 09:00:44
1651741244215177000,28.9,1,28.9,19,28.95,14,2,2022-05-05 09:00:44
1651741244254198000,28.9,19,28.85,67,28.95,14,2,2022-05-05 09:00:44
1651741244261356000,28.95,1,28.85,67,28.95,13,1,2022-05-05 09:00:44
1651741244390520000,28.95,2,28.85,66,28.95,17,1,2022-05-05 09:00:44
1651741245042543000,28.95,6,28.9,1,28.95,5,1,2022-05-05 09:00:45
1651741245619332000,28.95,1,28.9,1,28.95,11,1,2022-05-05 09:00:45
1651741245943177000,28.95,1,28.9,1,28.95,13,1,2022-05-05 09:00:45
1651741246201808000,28.95,5,28.9,1,28.95,8,1,2022-05-05 09:00:46
1651741246389207000,28.95,4,28.9,2,28.95,4,1,2022-05-05 09:00:46
1651741246591685000,28.9,2,28.85,70,28.9,8,2,2022-05-05 09:00:46
1651741246664092000,28.9,8,28.85,70,28.95,2,1,2022-05-05 09:00:46
1651741246664092000,28.95,2,28.85,70,28.95,2,1,2022-05-05 09:00:46
1651741246845273000,28.95,1,28.85,71,28.95,1,1,2022-05-05 09:00:46
1651741246953505000,28.95,1,28.95,4,29.0,46,1,2022-05-05 09:00:46
1651741247916722000,28.95,8,28.85,71,29.0,46,2,2022-05-05 09:00:47
1651741247916722000,28.9,1,28.85,71,29.0,46,2,2022-05-05 09:00:47
1651741247916722000,28.85,1,28.85,71,29.0,46,2,2022-05-05 09:00:47
1651741248164631000,29.0,3,28.9,1,29.0,43,1,2022-05-05 09:00:48
1651741248177753000,28.9,1,28.85,76,29.0,43,2,2022-05-05 09:00:48
1651741249152676000,28.95,1,28.95,16,29.0,43,2,2022-05-05 09:00:49
1651741249249572000,28.95,1,28.95,15,29.0,43,2,2022-05-05 09:00:49
1651741249335877000,28.95,7,28.95,8,29.0,43,2,2022-05-05 09:00:49
1651741249361468000,28.95,8,28.9,1,29.0,43,2,2022-05-05 09:00:49
1651741250649356000,28.95,1,28.9,2,28.95,5,2,2022-05-05 09:00:50
1651741251234662000,28.9,2,28.85,70,28.95,5,2,2022-05-05 09:00:51
1651741251234662000,28.85,8,28.85,70,28.95,5,2,2022-05-05 09:00:51
1651741251249879000,28.95,1,28.85,70,28.95,4,1,2022-05-05 09:00:51
1651741252339544000,28.9,1,28.9,8,28.95,7,2,2022-05-05 09:00:52
1651741252342919000,28.95,1,28.9,8,28.95,6,1,2022-05-05 09:00:52
1651741252679079000,28.9,1,28.9,12,28.95,8,2,2022-05-05 09:00:52
1651741252757262000,28.95,1,28.9,12,28.95,9,1,2022-05-05 09:00:52
1651741253170239000,28.95,2,28.9,32,28.95,9,1,2022-05-05 09:00:53
1651741253714738000,28.95,2,28.9,32,28.95,7,1,2022-05-05 09:00:53
1651741254457883000,28.95,1,28.9,32,28.95,6,1,2022-05-05 09:00:54
1651741254675659000,28.95,1,28.9,33,28.95,5,1,2022-05-05 09:00:54
1651741255210291000,28.95,10,28.9,34,28.95,4,1,2022-05-05 09:00:55
1651741255261971000,28.95,4,28.95,1,29.0,46,1,2022-05-05 09:00:55
1651741255652279000,28.95,2,28.9,34,29.0,46,2,2022-05-05 09:00:55
1651741255693224000,28.95,1,28.95,6,29.0,46,2,2022-05-05 09:00:55
1651741255811535000,28.95,1,28.95,5,29.0,46,2,2022-05-05 09:00:55
1651741256186521000,28.95,1,28.95,4,29.0,46,2,2022-05-05 09:00:56
1651741256379297000,28.95,4,28.9,18,29.0,46,2,2022-05-05 09:00:56
1651741256379297000,28.9,16,28.9,18,29.0,46,2,2022-05-05 09:00:56
1651741256464584000,29.0,5,28.95,5,29.0,41,1,2022-05-05 09:00:56
1651741256671167000,28.95,7,28.9,18,29.0,41,2,2022-05-05 09:00:56
1651741257446635000,28.95,1,28.95,30,29.0,41,2,2022-05-05 09:00:57
1651741257563760000,28.95,5,28.95,25,29.0,41,2,2022-05-05 09:00:57
1651741257698946000,28.95,12,28.95,13,29.0,41,2,2022-05-05 09:00:57
1651741257828747000,28.95,23,28.85,75,29.0,41,2,2022-05-05 09:00:57
1651741257828747000,28.9,27,28.85,75,29.0,41,2,2022-05-05 09:00:57
1651741258982345000,28.95,4,28.85,75,28.95,13,1,2022-05-05 09:00:58
1651741259332756000,28.9,1,28.85,75,28.95,13,2,2022-05-05 09:00:59
1651741259535419000,28.95,10,28.9,3,28.95,3,1,2022-05-05 09:00:59
1651741260251485000,28.95,5,28.9,4,28.95,3,1,2022-05-05 09:01:00
1651741260582821000,28.9,4,28.85,76,28.9,6,2,2022-05-05 09:01:00
1651741261068762000,28.9,1,28.85,76,28.9,5,1,2022-05-05 09:01:01
1651741261101577000,28.9,5,28.85,76,28.95,8,1,2022-05-05 09:01:01
1651741263261656000,28.9,1,28.85,76,28.9,19,1,2022-05-05 09:01:03
1651741263862074000,28.9,2,28.85,76,28.9,17,1,2022-05-05 09:01:03
1651741264051049000,28.9,1,28.85,76,28.9,16,1,2022-05-05 09:01:04
1651741264074824000,28.9,2,28.85,76,28.9,14,1,2022-05-05 09:01:04
1651741264436091000,28.9,1,28.85,76,28.9,13,1,2022-05-05 09:01:04
1651741264920423000,28.9,1,28.85,83,28.9,17,1,2022-05-05 09:01:04
1651741265468566000,28.9,1,28.85,83,28.9,16,1,2022-05-05 09:01:05
1651741265699173000,28.85,70,28.85,13,28.9,26,2,2022-05-05 09:01:05
1651741267097659000,28.9,1,28.85,18,28.9,26,1,2022-05-05 09:01:07
1651741267715846000,28.9,1,28.85,18,28.9,25,1,2022-05-05 09:01:07
1651741267797816000,28.85,5,28.85,13,28.9,25,2,2022-05-05 09:01:07
1651741268643794000,28.9,1,28.85,14,28.9,24,1,2022-05-05 09:01:08
1651741268884283000,28.9,2,28.85,14,28.9,22,1,2022-05-05 09:01:08
1651741268932778000,28.85,1,28.85,13,28.9,22,2,2022-05-05 09:01:08
1651741269384314000,28.85,13,28.8,122,28.9,42,2,2022-05-05 09:01:09
1651741269396778000,28.9,1,28.8,122,28.9,41,1,2022-05-05 09:01:09
1651741270836468000,28.85,1,28.8,122,28.85,24,1,2022-05-05 09:01:10
1651741271195473000,28.8,5,28.8,117,28.85,24,2,2022-05-05 09:01:11
1651741271304367000,28.85,10,28.8,117,28.85,14,1,2022-05-05 09:01:11
1651741271712383000,28.85,1,28.8,117,28.85,13,1,2022-05-05 09:01:11
1651741271751471000,28.8,1,28.8,116,28.85,13,2,2022-05-05 09:01:11
1651741272159572000,28.85,5,28.8,116,28.85,8,1,2022-05-05 09:01:12
1651741272370073000,28.8,5,28.8,111,28.85,12,2,2022-05-05 09:01:12
1651741272449433000,28.85,1,28.8,111,28.85,11,1,2022-05-05 09:01:12
1651741273095379000,28.8,1,28.8,110,28.85,16,2,2022-05-05 09:01:13
1651741273749741000,28.8,40,28.8,70,28.85,17,2,2022-05-05 09:01:13
1651741274160575000,28.85,4,28.8,70,28.85,33,1,2022-05-05 09:01:14
1651741274185610000,28.8,1,28.8,69,28.85,33,2,2022-05-05 09:01:14
1651741274201170000,28.8,14,28.8,55,28.85,33,2,2022-05-05 09:01:14
1651741274235458000,28.8,5,28.8,50,28.85,33,2,2022-05-05 09:01:14
1651741274235530000,28.8,24,28.8,26,28.85,33,2,2022-05-05 09:01:14
1651741274264690000,28.8,5,28.8,21,28.85,33,2,2022-05-05 09:01:14
1651741274269247000,28.8,21,28.75,11,28.85,33,2,2022-05-05 09:01:14
1651741274589198000,28.75,1,28.75,10,28.85,33,2,2022-05-05 09:01:14
1651741274617327000,28.75,10,28.7,30,28.85,33,2,2022-05-05 09:01:14
1651741275335493000,28.7,2,28.7,28,28.75,1,2,2022-05-05 09:01:15
1651741275358926000,28.75,1,28.7,28,28.8,4,1,2022-05-05 09:01:15
1651741276651798000,28.7,1,28.7,27,28.8,6,2,2022-05-05 09:01:16
1651741276888792000,28.8,1,28.7,27,28.8,5,1,2022-05-05 09:01:16
1651741277717565000,28.8,5,28.8,5,28.85,40,1,2022-05-05 09:01:17
1651741277754489000,28.8,5,28.7,27,28.85,40,2,2022-05-05 09:01:17
1651741277869129000,28.8,1,28.7,27,28.85,36,2,2022-05-05 09:01:17
1651741277903433000,28.75,2,28.7,27,28.85,28,1,2022-05-05 09:01:17
1651741277903433000,28.85,8,28.7,27,28.85,28,1,2022-05-05 09:01:17
1651741277954361000,28.7,1,28.7,26,28.85,28,2,2022-05-05 09:01:17
1651741278954314000,28.8,1,28.8,1,28.85,29,2,2022-05-05 09:01:18
1651741278966750000,28.8,1,28.75,3,28.85,29,2,2022-05-05 09:01:18
1651741278984747000,28.75,2,28.75,1,28.85,29,2,2022-05-05 09:01:18
1651741278988016000,28.75,1,28.7,26,28.85,29,2,2022-05-05 09:01:18
1651741279988058000,28.75,8,28.7,26,28.8,1,2,2022-05-05 09:01:19
1651741280093704000,28.7,1,28.7,25,28.8,1,2,2022-05-05 09:01:20
1651741281479007000,28.75,1,28.7,28,28.75,2,1,2022-05-05 09:01:21
1651741282005526000,28.7,1,28.7,27,28.75,2,2,2022-05-05 09:01:22
1651741282547842000,28.75,2,28.75,1,28.8,31,1,2022-05-05 09:01:22
1651741282575914000,28.75,1,28.7,27,28.8,31,2,2022-05-05 09:01:22
1651741282593046000,28.75,2,28.7,27,28.75,8,1,2022-05-05 09:01:22
1651741282883493000,28.7,1,28.7,31,28.75,8,2,2022-05-05 09:01:22
1651741283038123000,28.75,3,28.7,31,28.75,5,1,2022-05-05 09:01:23
1651741284130654000,28.7,1,28.7,30,28.75,5,2,2022-05-05 09:01:24
1651741284145471000,28.7,2,28.7,28,28.75,5,2,2022-05-05 09:01:24
1651741284617292000,28.75,1,28.7,29,28.75,4,1,2022-05-05 09:01:24
1651741284742521000,28.7,2,28.7,27,28.75,4,2,2022-05-05 09:01:24
1651741285266253000,28.7,2,28.7,28,28.75,6,2,2022-05-05 09:01:25
1651741285734667000,28.75,1,28.7,28,28.75,5,1,2022-05-05 09:01:25
1651741286107891000,28.7,2,28.7,27,28.75,5,2,2022-05-05 09:01:26
1651741286340222000,28.7,10,28.7,17,28.75,5,2,2022-05-05 09:01:26
1651741286721081000,28.7,8,28.7,24,28.75,5,2,2022-05-05 09:01:26
1651741286745475000,28.7,5,28.7,19,28.75,5,2,2022-05-05 09:01:26
1651741287053551000,28.7,15,28.7,4,28.75,5,2,2022-05-05 09:01:27
1651741287515137000,28.7,1,28.7,3,28.75,5,2,2022-05-05 09:01:27
1651741287703297000,28.7,3,28.65,20,28.75,5,2,2022-05-05 09:01:27
1651741287703297000,28.65,7,28.65,20,28.75,5,2,2022-05-05 09:01:27
1651741288175496000,28.7,1,28.65,20,28.7,1,2,2022-05-05 09:01:28
1651741289228327000,28.65,6,28.65,23,28.7,13,2,2022-05-05 09:01:29
1651741289328474000,28.65,1,28.65,22,28.7,13,2,2022-05-05 09:01:29
1651741289850679000,28.7,2,28.65,22,28.7,11,1,2022-05-05 09:01:29
1651741290176426000,28.65,3,28.65,19,28.7,11,2,2022-05-05 09:01:30
1651741290238969000,28.65,1,28.65,19,28.7,11,2,2022-05-05 09:01:30
1651741290243579000,28.65,4,28.65,15,28.7,11,2,2022-05-05 09:01:30
1651741290828115000,28.65,16,28.6,12,28.7,11,2,2022-05-05 09:01:30
1651741291173709000,28.6,2,28.6,10,28.7,12,2,2022-05-05 09:01:31
1651741291235004000,28.7,2,28.6,10,28.7,10,1,2022-05-05 09:01:31
1651741291381760000,28.6,3,28.6,7,28.7,10,2,2022-05-05 09:01:31
1651741291774992000,28.6,7,28.55,14,28.7,10,2,2022-05-05 09:01:31
1651741291774992000,28.55,3,28.55,14,28.7,10,2,2022-05-05 09:01:31
1651741291888873000,28.7,1,28.55,14,28.7,13,1,2022-05-05 09:01:31
1651741291894730000,28.55,2,28.55,12,28.7,13,2,2022-05-05 09:01:31
1651741292247824000,28.65,1,28.55,12,28.7,13,2,2022-05-05 09:01:32
1651741292989690000,28.6,1,28.55,13,28.7,14,1,2022-05-05 09:01:32
1651741293381025000,28.55,1,28.55,12,28.7,14,2,2022-05-05 09:01:33
1651741293554211000,28.7,2,28.55,12,28.7,13,1,2022-05-05 09:01:33
1651741295227494000,28.6,1,28.6,10,28.7,15,2,2022-05-05 09:01:35
1651741295373007000,28.6,3,28.6,7,28.7,15,2,2022-05-05 09:01:35
1651741296171651000,28.6,2,28.6,6,28.7,15,2,2022-05-05 09:01:36
1651741296358643000,28.6,1,28.6,5,28.7,15,2,2022-05-05 09:01:36
1651741296412870000,28.65,1,28.6,5,28.7,15,2,2022-05-05 09:01:36
1651741297348457000,28.6,1,28.6,7,28.7,15,2,2022-05-05 09:01:37
1651741297911206000,28.7,5,28.6,7,28.7,10,1,2022-05-05 09:01:37
1651741297959758000,28.6,1,28.6,6,28.7,10,2,2022-05-05 09:01:37
1651741298150261000,28.6,1,28.6,10,28.7,10,2,2022-05-05 09:01:38
1651741298175892000,28.6,1,28.6,9,28.7,10,2,2022-05-05 09:01:38
1651741298238281000,28.6,1,28.6,8,28.7,10,2,2022-05-05 09:01:38
1651741298710862000,28.6,8,28.55,68,28.6,2,2,2022-05-05 09:01:38
1651741298713152000,28.55,8,28.55,60,28.6,2,2,2022-05-05 09:01:38
1651741298740412000,28.6,2,28.55,60,28.7,10,1,2022-05-05 09:01:38
1651741299159560000,28.55,1,28.55,60,28.65,23,2,2022-05-05 09:01:39
1651741299638095000,28.6,2,28.55,60,28.65,23,2,2022-05-05 09:01:39
1651741300753043000,28.55,1,28.55,59,28.6,1,2,2022-05-05 09:01:40
1651741301705607000,28.6,1,28.55,69,28.6,7,1,2022-05-05 09:01:41
1651741301923583000,28.55,1,28.55,68,28.6,7,2,2022-05-05 09:01:41
1651741302944458000,28.55,2,28.55,66,28.6,25,2,2022-05-05 09:01:42
1651741303292186000,28.6,1,28.55,66,28.6,30,1,2022-05-05 09:01:43
1651741303686414000,28.6,3,28.55,66,28.6,28,1,2022-05-05 09:01:43
1651741304067523000,28.55,1,28.55,65,28.6,28,2,2022-05-05 09:01:44
1651741306095524000,28.55,1,28.55,72,28.6,41,2,2022-05-05 09:01:46
1651741306104701000,28.55,1,28.55,71,28.6,41,2,2022-05-05 09:01:46
1651741306771940000,28.6,2,28.55,71,28.6,39,1,2022-05-05 09:01:46
1651741307325512000,28.6,1,28.55,70,28.6,39,1,2022-05-05 09:01:47
1651741309285705000,28.55,1,28.55,73,28.6,39,2,2022-05-05 09:01:49
1651741309613739000,28.55,1,28.55,72,28.6,39,2,2022-05-05 09:01:49
1651741309937081000,28.6,1,28.55,72,28.6,38,1,2022-05-05 09:01:49
1651741313137050000,28.55,1,28.55,73,28.6,38,2,2022-05-05 09:01:53
1651741313431634000,28.55,5,28.55,70,28.6,38,2,2022-05-05 09:01:53
1651741313617723000,28.6,1,28.55,70,28.6,37,1,2022-05-05 09:01:53
1651741314181080000,28.55,1,28.55,69,28.6,37,2,2022-05-05 09:01:54
1651741314596218000,28.6,1,28.55,69,28.6,34,1,2022-05-05 09:01:54
1651741314859973000,28.55,11,28.55,60,28.6,23,2,2022-05-05 09:01:54
1651741316329154000,28.55,15,28.55,46,28.6,9,2,2022-05-05 09:01:56
1651741316713719000,28.55,3,28.55,43,28.6,9,2,2022-05-05 09:01:56
1651741316991707000,28.6,2,28.55,43,28.6,7,1,2022-05-05 09:01:56
1651741317040557000,28.55,1,28.55,42,28.6,7,2,2022-05-05 09:01:57
1651741317258551000,28.55,1,28.55,41,28.6,7,2,2022-05-05 09:01:57
1651741317287373000,28.55,1,28.55,40,28.6,7,2,2022-05-05 09:01:57
1651741317798138000,28.6,1,28.55,40,28.6,6,1,2022-05-05 09:01:57
1651741318083554000,28.55,4,28.55,36,28.6,6,2,2022-05-05 09:01:58
1651741318422495000,28.55,2,28.55,37,28.6,11,2,2022-05-05 09:01:58
1651741318689872000,28.55,1,28.55,37,28.6,11,2,2022-05-05 09:01:58
1651741318827972000,28.55,4,28.55,33,28.6,11,2,2022-05-05 09:01:58
1651741319683465000,28.55,2,28.55,31,28.6,11,2,2022-05-05 09:01:59
1651741320935448000,28.55,31,28.5,41,28.6,13,2,2022-05-05 09:02:00
1651741320935448000,28.5,19,28.5,41,28.6,13,2,2022-05-05 09:02:00
1651741321265225000,28.55,2,28.5,41,28.55,3,2,2022-05-05 09:02:01
1651741321964633000,28.5,1,28.5,40,28.55,3,2,2022-05-05 09:02:01
1651741325980418000,28.55,1,28.5,39,28.55,11,1,2022-05-05 09:02:05
1651741326201372000,28.5,2,28.5,37,28.55,11,2,2022-05-05 09:02:06
1651741326656651000,28.5,5,28.5,33,28.55,11,2,2022-05-05 09:02:06
1651741327047358000,28.5,2,28.5,31,28.55,11,2,2022-05-05 09:02:07
1651741327254832000,28.5,3,28.5,28,28.55,11,2,2022-05-05 09:02:07
1651741327518477000,28.5,1,28.5,27,28.55,11,2,2022-05-05 09:02:07
1651741327666144000,28.5,1,28.5,26,28.55,11,2,2022-05-05 09:02:07
1651741327672329000,28.5,1,28.5,25,28.55,11,2,2022-05-05 09:02:07
1651741328530873000,28.5,8,28.5,17,28.55,11,2,2022-05-05 09:02:08
1651741328707553000,28.5,5,28.5,12,28.55,11,2,2022-05-05 09:02:08
1651741328830286000,28.55,1,28.5,22,28.55,10,1,2022-05-05 09:02:08
1651741328861707000,28.5,1,28.5,21,28.55,10,2,2022-05-05 09:02:08
1651741329446907000,28.5,5,28.5,16,28.55,10,2,2022-05-05 09:02:09
1651741329855678000,28.5,10,28.5,6,28.55,10,2,2022-05-05 09:02:09
1651741329957383000,28.5,1,28.5,5,28.55,10,2,2022-05-05 09:02:09
1651741330537805000,28.5,5,28.45,12,28.55,10,2,2022-05-05 09:02:10
1651741331866107000,28.45,6,28.45,6,28.5,24,2,2022-05-05 09:02:11
1651741332695316000,28.45,6,28.45,3,28.5,28,2,2022-05-05 09:02:12
1651741333067426000,28.45,1,28.45,2,28.5,28,2,2022-05-05 09:02:13
1651741333932758000,28.45,2,28.4,36,28.45,3,2,2022-05-05 09:02:13
1651741334846257000,28.4,1,28.4,35,28.45,3,2,2022-05-05 09:02:14
1651741336416800000,28.45,4,28.4,41,28.45,9,1,2022-05-05 09:02:16
1651741336839274000,28.45,1,28.4,41,28.45,8,1,2022-05-05 09:02:16
1651741336882347000,28.45,8,28.4,41,28.5,31,1,2022-05-05 09:02:16
1651741338073204000,28.45,2,28.4,42,28.45,1,1,2022-05-05 09:02:18
1651741338339590000,28.4,2,28.4,40,28.45,1,2,2022-05-05 09:02:18
1651741338674704000,28.45,1,28.4,40,28.5,26,1,2022-05-05 09:02:18
1651741339339601000,28.45,2,28.45,3,28.5,27,2,2022-05-05 09:02:19
1651741339585811000,28.45,1,28.45,2,28.5,27,2,2022-05-05 09:02:19
1651741339769826000,28.5,27,28.5,73,28.55,11,1,2022-05-05 09:02:19
1651741340492066000,28.5,2,28.5,71,28.55,11,2,2022-05-05 09:02:20
1651741342417341000,28.5,1,28.5,70,28.55,11,2,2022-05-05 09:02:22
1651741342747451000,28.5,15,28.5,55,28.55,11,2,2022-05-05 09:02:22
1651741343735097000,28.55,8,28.5,55,28.55,3,1,2022-05-05 09:02:23
1651741343768403000,28.55,3,28.5,55,28.6,16,1,2022-05-05 09:02:23
1651741343922002000,28.5,5,28.5,50,28.6,16,2,2022-05-05 09:02:23
1651741344174208000,28.5,7,28.5,44,28.6,16,2,2022-05-05 09:02:24
1651741345350367000,28.5,2,28.5,43,28.6,16,2,2022-05-05 09:02:25
1651741345879060000,28.55,1,28.5,43,28.6,16,2,2022-05-05 09:02:25
1651741346502997000,28.55,1,28.55,3,28.6,16,2,2022-05-05 09:02:26
1651741346604950000,28.6,5,28.55,3,28.6,11,1,2022-05-05 09:02:26
1651741346955694000,28.55,1,28.55,2,28.6,11,2,2022-05-05 09:02:26
1651741347111691000,28.55,2,28.5,42,28.6,11,2,2022-05-05 09:02:27
1651741347111691000,28.5,3,28.5,42,28.6,11,2,2022-05-05 09:02:27
1651741348962912000,28.5,7,28.5,42,28.55,1,2,2022-05-05 09:02:28
1651741349127217000,28.55,1,28.5,42,28.6,13,1,2022-05-05 09:02:29
1651741349431054000,28.5,3,28.5,39,28.6,13,2,2022-05-05 09:02:29
1651741350671798000,28.55,1,28.5,39,28.6,13,1,2022-05-05 09:02:30
1651741350671798000,28.6,4,28.5,39,28.6,13,1,2022-05-05 09:02:30
1651741350970894000,28.6,1,28.5,39,28.6,12,1,2022-05-05 09:02:30
1651741351663260000,28.55,1,28.5,35,28.6,12,2,2022-05-05 09:02:31
1651741351663260000,28.5,4,28.5,35,28.6,12,2,2022-05-05 09:02:31
1651741353766609000,28.6,6,28.55,2,28.6,6,1,2022-05-05 09:02:33
1651741354048767000,28.6,1,28.55,2,28.6,5,1,2022-05-05 09:02:34
1651741354397850000,28.55,1,28.55,1,28.6,6,2,2022-05-05 09:02:34
1651741356093348000,28.6,5,28.55,1,28.6,1,1,2022-05-05 09:02:36
1651741356275735000,28.55,1,28.5,40,28.6,1,2,2022-05-05 09:02:36
1651741357087525000,28.55,3,28.5,40,28.6,1,1,2022-05-05 09:02:37
1651741357207506000,28.55,1,28.5,36,28.6,1,2,2022-05-05 09:02:37
1651741357207506000,28.5,4,28.5,36,28.6,1,2,2022-05-05 09:02:37
1651741357276016000,28.5,1,28.5,35,28.6,1,2,2022-05-05 09:02:37
1651741357298019000,28.6,1,28.5,35,28.65,13,1,2022-05-05 09:02:37
1651741358454045000,28.55,1,28.55,3,28.65,17,2,2022-05-05 09:02:38
1651741360176475000,28.55,1,28.55,3,28.6,10,2,2022-05-05 09:02:40
1651741360575812000,28.55,1,28.55,3,28.6,11,2,2022-05-05 09:02:40
1651741362469092000,28.55,3,28.5,1,28.6,11,2,2022-05-05 09:02:42
1651741362469092000,28.5,47,28.5,1,28.6,11,2,2022-05-05 09:02:42
1651741363279916000,28.5,2,28.45,1,28.55,1,2,2022-05-05 09:02:43
1651741363279916000,28.45,8,28.45,1,28.55,1,2,2022-05-05 09:02:43
1651741363714433000,28.45,1,28.4,49,28.6,14,2,2022-05-05 09:02:43
1651741363714433000,28.4,1,28.4,49,28.6,14,2,2022-05-05 09:02:43
1651741364022781000,28.5,1,28.4,49,28.6,14,2,2022-05-05 09:02:44
1651741364365464000,28.6,2,28.45,15,28.6,19,1,2022-05-05 09:02:44
1651741364835911000,28.55,3,28.45,15,28.6,19,2,2022-05-05 09:02:44
1651741368748429000,28.55,3,28.5,26,28.6,17,1,2022-05-05 09:02:48
1651741369004621000,28.55,1,28.55,11,28.6,17,2,2022-05-05 09:02:49
1651741370190900000,28.55,5,28.55,11,28.6,17,2,2022-05-05 09:02:50
1651741370551603000,28.6,1,28.55,11,28.6,16,1,2022-05-05 09:02:50
1651741370587880000,28.6,13,28.55,11,28.6,3,1,2022-05-05 09:02:50
1651741371303229000,28.55,2,28.55,10,28.6,3,2,2022-05-05 09:02:51
1651741371509224000,28.55,1,28.55,9,28.6,3,2,2022-05-05 09:02:51
1651741371995597000,28.55,9,28.5,31,28.55,11,2,2022-05-05 09:02:51
1651741372831092000,28.55,1,28.5,34,28.55,10,1,2022-05-05 09:02:52
1651741372879333000,28.5,10,28.5,24,28.55,10,2,2022-05-05 09:02:52
1651741373345183000,28.55,5,28.5,24,28.55,5,1,2022-05-05 09:02:53
1651741373906691000,28.55,2,28.5,24,28.55,3,1,2022-05-05 09:02:53
1651741374351066000,28.5,1,28.5,23,28.55,3,2,2022-05-05 09:02:54
1651741375405037000,28.55,3,28.5,28,28.6,6,1,2022-05-05 09:02:55
1651741376045187000,28.6,1,28.5,28,28.6,5,1,2022-05-05 09:02:56
1651741376291981000,28.5,1,28.5,27,28.6,5,2,2022-05-05 09:02:56
1651741376695494000,28.55,1,28.55,1,28.6,5,2,2022-05-05 09:02:56
1651741378532009000,28.55,2,28.55,12,28.6,10,2,2022-05-05 09:02:58
1651741378593642000,28.55,7,28.55,5,28.6,10,2,2022-05-05 09:02:58
1651741378800909000,28.55,2,28.55,3,28.6,10,2,2022-05-05 09:02:58
1651741381299700000,28.55,1,28.55,7,28.6,10,2,2022-05-05 09:03:01
1651741382156693000,28.55,1,28.55,6,28.6,10,2,2022-05-05 09:03:02
1651741383227352000,28.6,1,28.55,8,28.6,9,1,2022-05-05 09:03:03
1651741383704270000,28.55,13,28.5,36,28.55,37,2,2022-05-05 09:03:03
1651741384148915000,28.55,1,28.5,34,28.55,36,1,2022-05-05 09:03:04
1651741388624146000,28.55,10,28.5,35,28.55,30,1,2022-05-05 09:03:08
1651741389614067000,28.55,4,28.5,35,28.55,26,1,2022-05-05 09:03:09
1651741390333913000,28.55,1,28.5,35,28.55,25,1,2022-05-05 09:03:10
1651741390407744000,28.5,1,28.5,34,28.55,25,2,2022-05-05 09:03:10
1651741392185949000,28.5,35,28.5,60,28.55,25,2,2022-05-05 09:03:12
1651741392498312000,28.5,5,28.5,55,28.55,25,2,2022-05-05 09:03:12
1651741393500806000,28.5,5,28.5,50,28.55,25,2,2022-05-05 09:03:13
1651741393938264000,28.55,2,28.5,52,28.55,23,1,2022-05-05 09:03:13
1651741394742901000,28.55,1,28.5,63,28.55,22,1,2022-05-05 09:03:14
1651741395237584000,28.5,2,28.5,66,28.55,23,2,2022-05-05 09:03:15
1651741396354838000,28.55,1,28.5,74,28.55,22,1,2022-05-05 09:03:16
1651741399456317000,28.55,1,28.5,75,28.55,22,1,2022-05-05 09:03:19
1651741402006748000,28.55,1,28.5,80,28.55,23,1,2022-05-05 09:03:22
1651741403538015000,28.55,1,28.5,80,28.55,22,1,2022-05-05 09:03:23
1651741404143105000,28.55,1,28.5,80,28.55,21,1,2022-05-05 09:03:24
1651741405541066000,28.55,1,28.5,80,28.55,20,1,2022-05-05 09:03:25
1651741405565151000,28.55,1,28.5,80,28.55,19,1,2022-05-05 09:03:25
1651741405885421000,28.55,1,28.5,80,28.55,18,1,2022-05-05 09:03:25
1651741406180164000,28.55,10,28.5,80,28.55,8,1,2022-05-05 09:03:26
1651741406557435000,28.55,1,28.5,80,28.55,7,1,2022-05-05 09:03:26
1651741406843640000,28.55,1,28.5,80,28.55,6,1,2022-05-05 09:03:26
1651741406871647000,28.55,6,28.5,80,28.6,21,1,2022-05-05 09:03:26
1651741415142744000,28.55,5,28.55,24,28.6,26,2,2022-05-05 09:03:35
1651741415171225000,28.55,16,28.55,8,28.6,26,2,2022-05-05 09:03:35
1651741415618461000,28.55,1,28.55,13,28.6,26,2,2022-05-05 09:03:35
1651741416657849000,28.55,1,28.55,12,28.6,26,2,2022-05-05 09:03:36
1651741417024143000,28.55,2,28.55,10,28.6,26,2,2022-05-05 09:03:37
1651741417250395000,28.6,1,28.55,10,28.6,25,1,2022-05-05 09:03:37
1651741417422202000,28.55,1,28.55,9,28.6,25,2,2022-05-05 09:03:37
1651741420104566000,28.55,5,28.55,15,28.6,25,2,2022-05-05 09:03:40
1651741420142401000,28.55,15,28.5,63,28.6,25,2,2022-05-05 09:03:40
1651741420785432000,28.5,3,28.5,60,28.6,25,2,2022-05-05 09:03:40
1651741421865764000,28.6,2,28.5,62,28.6,23,1,2022-05-05 09:03:41
1651741425772394000,28.55,1,28.5,62,28.6,23,2,2022-05-05 09:03:45
1651741426622630000,28.55,10,28.5,63,28.55,30,1,2022-05-05 09:03:46
1651741426823500000,28.5,1,28.5,62,28.55,31,2,2022-05-05 09:03:46
1651741427857838000,28.5,50,28.5,13,28.55,31,2,2022-05-05 09:03:47
1651741427898810000,28.5,7,28.5,6,28.55,31,2,2022-05-05 09:03:47
1651741427899006000,28.5,6,28.45,19,28.55,31,2,2022-05-05 09:03:47
1651741430799802000,28.45,19,28.4,61,28.5,2,2,2022-05-05 09:03:50
1651741430834411000,28.4,61,28.35,14,28.5,2,2,2022-05-05 09:03:50
1651741432409394000,28.45,1,28.35,20,28.5,14,2,2022-05-05 09:03:52
1651741432620805000,28.45,2,28.35,20,28.5,10,2,2022-05-05 09:03:52
1651741433485332000,28.5,5,28.35,20,28.5,7,1,2022-05-05 09:03:53
1651741434790879000,28.45,1,28.45,9,28.5,7,2,2022-05-05 09:03:54
1651741436242638000,28.45,9,28.35,14,28.5,11,2,2022-05-05 09:03:56
1651741440744901000,28.4,3,28.35,14,28.45,11,2,2022-05-05 09:04:00
1651741442137181000,28.45,1,28.4,5,28.45,12,1,2022-05-05 09:04:02
1651741442189909000,28.45,2,28.4,5,28.45,10,1,2022-05-05 09:04:02
1651741444494046000,28.4,2,28.4,3,28.45,10,2,2022-05-05 09:04:04
1651741445717815000,28.45,3,28.4,3,28.45,8,1,2022-05-05 09:04:05
1651741447050251000,28.4,10,28.35,15,28.4,10,2,2022-05-05 09:04:07
1651741447906123000,28.35,7,28.35,13,28.4,18,2,2022-05-05 09:04:07
1651741447931216000,28.4,11,28.35,13,28.4,7,1,2022-05-05 09:04:07
1651741448066957000,28.4,2,28.35,13,28.4,5,1,2022-05-05 09:04:08
1651741448099024000,28.35,1,28.35,12,28.4,5,2,2022-05-05 09:04:08
1651741448107374000,28.35,1,28.35,11,28.4,5,2,2022-05-05 09:04:08
1651741448114731000,28.35,1,28.35,10,28.4,5,2,2022-05-05 09:04:08
1651741448152464000,28.35,1,28.35,9,28.4,5,2,2022-05-05 09:04:08
1651741448714019000,28.4,1,28.35,9,28.4,4,1,2022-05-05 09:04:08
1651741449648300000,28.35,9,28.3,23,28.4,4,2,2022-05-05 09:04:09
1651741449648300000,28.3,1,28.3,23,28.4,4,2,2022-05-05 09:04:09
1651741449882538000,28.35,1,28.35,23,28.4,4,2,2022-05-05 09:04:09
1651741451603282000,28.35,21,28.35,3,28.4,4,2,2022-05-05 09:04:11
1651741453072480000,28.35,1,28.35,2,28.4,4,2,2022-05-05 09:04:13
1651741453116316000,28.35,2,28.3,26,28.4,4,2,2022-05-05 09:04:13
1651741453425493000,28.35,2,28.3,26,28.4,17,2,2022-05-05 09:04:13
1651741453953177000,28.4,2,28.3,23,28.4,16,1,2022-05-05 09:04:13
1651741454808466000,28.4,1,28.35,6,28.4,15,1,2022-05-05 09:04:14
1651741455559764000,28.4,1,28.35,7,28.4,14,1,2022-05-05 09:04:15
1651741458034606000,28.35,4,28.35,4,28.4,19,2,2022-05-05 09:04:18
1651741458647718000,28.35,3,28.35,1,28.4,20,2,2022-05-05 09:04:18
1651741459395849000,28.4,2,28.35,1,28.4,18,1,2022-05-05 09:04:19
1651741460377825000,28.4,1,28.35,1,28.4,22,1,2022-05-05 09:04:20
1651741462248164000,28.35,1,28.35,2,28.4,22,2,2022-05-05 09:04:22
1651741462288019000,28.35,2,28.3,25,28.35,5,2,2022-05-05 09:04:22
1651741463323944000,28.3,25,28.25,16,28.3,25,2,2022-05-05 09:04:23
1651741465614299000,28.25,3,28.25,12,28.3,25,2,2022-05-05 09:04:25
1651741466362770000,28.25,1,28.25,11,28.3,25,2,2022-05-05 09:04:26
1651741466909131000,28.25,10,28.25,1,28.3,25,2,2022-05-05 09:04:26
1651741468896640000,28.25,1,28.25,4,28.3,25,2,2022-05-05 09:04:28
1651741469175765000,28.25,3,28.25,1,28.3,25,2,2022-05-05 09:04:29
1651741469375972000,28.25,1,28.2,55,28.3,25,2,2022-05-05 09:04:29
1651741469486212000,28.3,3,28.2,55,28.3,22,1,2022-05-05 09:04:29
1651741469979131000,28.25,2,28.2,37,28.3,23,2,2022-05-05 09:04:29
1651741469979131000,28.2,18,28.2,37,28.3,23,2,2022-05-05 09:04:29
1651741470021548000,28.3,1,28.2,38,28.3,22,1,2022-05-05 09:04:30
1651741471377934000,28.25,1,28.2,39,28.3,3,1,2022-05-05 09:04:31
1651741471377934000,28.3,19,28.2,39,28.3,3,1,2022-05-05 09:04:31
1651741471557647000,28.2,2,28.2,37,28.3,3,2,2022-05-05 09:04:31
1651741471909590000,28.25,1,28.2,40,28.3,3,2,2022-05-05 09:04:31
1651741474253689000,28.3,1,28.25,1,28.3,3,1,2022-05-05 09:04:34
1651741474795103000,28.3,1,28.25,1,28.3,14,1,2022-05-05 09:04:34
1651741475209608000,28.3,5,28.25,3,28.3,9,1,2022-05-05 09:04:35
1651741475521225000,28.3,1,28.25,7,28.3,8,1,2022-05-05 09:04:35
1651741476093602000,28.3,1,28.25,7,28.3,13,1,2022-05-05 09:04:36
1651741476750890000,28.3,4,28.25,10,28.3,9,1,2022-05-05 09:04:36
1651741476761542000,28.3,9,28.25,10,28.35,11,1,2022-05-05 09:04:36
1651741477783720000,28.3,1,28.25,32,28.35,11,1,2022-05-05 09:04:37
1651741478577296000,28.25,1,28.25,33,28.35,11,2,2022-05-05 09:04:38
1651741479105107000,28.3,1,28.3,4,28.35,11,2,2022-05-05 09:04:39
1651741481546429000,28.35,4,28.3,6,28.35,7,1,2022-05-05 09:04:41
1651741481575245000,28.35,7,28.3,6,28.4,9,1,2022-05-05 09:04:41
1651741481703137000,28.4,5,28.3,6,28.4,4,1,2022-05-05 09:04:41
1651741482460704000,28.3,1,28.3,17,28.4,4,2,2022-05-05 09:04:42
1651741486256580000,28.3,1,28.3,24,28.4,4,2,2022-05-05 09:04:46
1651741490189780000,28.35,1,28.35,2,28.4,3,2,2022-05-05 09:04:50
1651741491962811000,28.4,1,28.35,2,28.4,2,1,2022-05-05 09:04:51
1651741492269766000,28.35,1,28.35,1,28.4,2,2,2022-05-05 09:04:52
1651741499443851000,28.35,1,28.35,26,28.4,17,2,2022-05-05 09:04:59
1651741500037472000,28.4,10,28.35,26,28.4,7,1,2022-05-05 09:05:00
1651741500284703000,28.4,7,28.35,34,28.45,9,1,2022-05-05 09:05:00
1651741505197010000,28.35,1,28.35,36,28.45,20,2,2022-05-05 09:05:05
1651741507463530000,28.4,1,28.4,3,28.45,22,2,2022-05-05 09:05:07
1651741508643663000,28.4,1,28.4,3,28.45,22,2,2022-05-05 09:05:08
1651741509069283000,28.4,1,28.4,2,28.45,22,2,2022-05-05 09:05:09
1651741509424306000,28.45,5,28.4,3,28.45,17,1,2022-05-05 09:05:09
1651741509492054000,28.45,2,28.4,3,28.45,15,1,2022-05-05 09:05:09
1651741509929414000,28.4,1,28.4,2,28.45,18,2,2022-05-05 09:05:09
1651741517739721000,28.45,1,28.4,15,28.45,17,1,2022-05-05 09:05:17
1651741518466327000,28.45,17,28.45,3,28.5,52,1,2022-05-05 09:05:18
1651741518614065000,28.45,1,28.45,2,28.5,54,2,2022-05-05 09:05:18
1651741518656707000,28.45,2,28.4,15,28.5,54,2,2022-05-05 09:05:18
1651741520857679000,28.4,1,28.4,20,28.45,5,2,2022-05-05 09:05:20
1651741527005824000,28.45,5,28.4,18,28.45,13,1,2022-05-05 09:05:27
1651741528021857000,28.4,1,28.4,17,28.45,13,2,2022-05-05 09:05:28
1651741530135174000,28.4,1,28.4,16,28.45,14,2,2022-05-05 09:05:30
1651741531144868000,28.45,1,28.4,21,28.45,13,1,2022-05-05 09:05:31
1651741534345531000,28.45,5,28.4,24,28.45,12,1,2022-05-05 09:05:34
1651741535604051000,28.4,1,28.4,25,28.45,12,2,2022-05-05 09:05:35
1651741537799657000,28.4,5,28.4,20,28.45,12,2,2022-05-05 09:05:37
1651741538580719000,28.45,1,28.4,20,28.45,11,1,2022-05-05 09:05:38
1651741539863669000,28.45,2,28.4,30,28.45,10,1,2022-05-05 09:05:39
1651741540983250000,28.4,1,28.4,29,28.45,10,2,2022-05-05 09:05:40
1651741542750389000,28.45,2,28.4,29,28.45,8,1,2022-05-05 09:05:42
1651741543234750000,28.45,1,28.4,29,28.45,7,1,2022-05-05 09:05:43
1651741543599093000,28.4,5,28.4,24,28.45,7,2,2022-05-05 09:05:43
1651741546211001000,28.45,1,28.4,24,28.45,6,1,2022-05-05 09:05:46
1651741546375583000,28.45,1,28.4,24,28.45,5,1,2022-05-05 09:05:46
1651741546753053000,28.45,3,28.4,24,28.45,2,1,2022-05-05 09:05:46
1651741547552702000,28.45,1,28.4,24,28.45,1,1,2022-05-05 09:05:47
1651741548171079000,28.4,10,28.4,14,28.45,2,2,2022-05-05 09:05:48
1651741548664230000,28.45,1,28.4,14,28.45,1,1,2022-05-05 09:05:48
1651741549871044000,28.45,3,28.4,16,28.5,53,1,2022-05-05 09:05:49
1651741549871044000,28.5,2,28.4,16,28.5,53,1,2022-05-05 09:05:49
1651741553706163000,28.45,1,28.45,5,28.5,53,2,2022-05-05 09:05:53
1651741562978061000,28.5,10,28.45,33,28.5,45,1,2022-05-05 09:06:02
1651741563014229000,28.45,4,28.45,29,28.5,45,2,2022-05-05 09:06:03
1651741563568472000,28.45,1,28.45,28,28.5,45,2,2022-05-05 09:06:03
1651741565755099000,28.5,5,28.45,29,28.5,40,1,2022-05-05 09:06:05
1651741566913006000,28.45,13,28.45,16,28.5,40,2,2022-05-05 09:06:06
1651741575214338000,28.45,4,28.45,15,28.5,52,2,2022-05-05 09:06:15
1651741577878808000,28.5,1,28.45,15,28.5,51,1,2022-05-05 09:06:17
1651741578345154000,28.45,1,28.45,14,28.5,51,2,2022-05-05 09:06:18
1651741581486028000,28.45,2,28.45,13,28.5,52,2,2022-05-05 09:06:21
1651741582834589000,28.45,1,28.45,14,28.5,57,2,2022-05-05 09:06:22
1651741584331724000,28.45,2,28.45,12,28.5,57,2,2022-05-05 09:06:24
1651741590192168000,28.5,1,28.45,33,28.5,57,1,2022-05-05 09:06:30
1651741594165970000,28.5,10,28.45,33,28.5,48,1,2022-05-05 09:06:34
1651741597679535000,28.45,1,28.45,33,28.5,53,2,2022-05-05 09:06:37
1651741599064815000,28.5,2,28.45,33,28.5,51,1,2022-05-05 09:06:39
1651741600277181000,28.45,1,28.45,32,28.5,51,2,2022-05-05 09:06:40
1651741603781130000,28.5,3,28.45,34,28.5,48,1,2022-05-05 09:06:43
1651741605169683000,28.45,10,28.45,24,28.5,48,2,2022-05-05 09:06:45
1651741618034144000,28.5,1,28.45,32,28.5,50,1,2022-05-05 09:06:58
1651741618164319000,28.45,1,28.45,33,28.5,50,2,2022-05-05 09:06:58
1651741621941921000,28.45,5,28.45,28,28.5,50,2,2022-05-05 09:07:01
1651741625446430000,28.5,3,28.45,28,28.5,48,1,2022-05-05 09:07:05
1651741628492037000,28.45,33,28.4,55,28.45,3,2,2022-05-05 09:07:08
1651741636877543000,28.45,1,28.4,58,28.45,13,1,2022-05-05 09:07:16
1651741637595251000,28.45,1,28.4,58,28.45,12,1,2022-05-05 09:07:17
1651741643762142000,28.45,2,28.4,57,28.45,11,1,2022-05-05 09:07:23
1651741645259857000,28.45,10,28.4,57,28.45,4,1,2022-05-05 09:07:25
1651741646068343000,28.45,1,28.4,57,28.45,3,1,2022-05-05 09:07:26
1651741647325267000,28.45,1,28.4,60,28.45,2,1,2022-05-05 09:07:27
1651741651868992000,28.45,1,28.4,59,28.45,2,1,2022-05-05 09:07:31
1651741652211121000,28.45,1,28.4,59,28.45,1,1,2022-05-05 09:07:32
1651741652540748000,28.4,1,28.4,58,28.45,2,2,2022-05-05 09:07:32
1651741652850784000,28.45,1,28.4,58,28.45,1,1,2022-05-05 09:07:32
1651741654640609000,28.45,2,28.45,48,28.5,48,1,2022-05-05 09:07:34
1651741662239593000,28.45,1,28.45,54,28.5,49,2,2022-05-05 09:07:42
1651741664676068000,28.5,1,28.45,54,28.5,52,1,2022-05-05 09:07:44
1651741672947946000,28.5,1,28.45,63,28.5,77,1,2022-05-05 09:07:52
1651741675933061000,28.5,1,28.45,62,28.5,79,1,2022-05-05 09:07:55
1651741678838654000,28.5,1,28.45,62,28.5,79,1,2022-05-05 09:07:58
1651741682719566000,28.5,2,28.45,62,28.5,80,1,2022-05-05 09:08:02
1651741685100987000,28.5,1,28.45,68,28.5,79,1,2022-05-05 09:08:05
1651741685907697000,28.5,1,28.45,68,28.5,78,1,2022-05-05 09:08:05
1651741686479646000,28.45,1,28.45,67,28.5,78,2,2022-05-05 09:08:06
1651741690603511000,28.45,1,28.45,67,28.5,78,2,2022-05-05 09:08:10
1651741693206743000,28.45,1,28.45,66,28.5,79,2,2022-05-05 09:08:13
1651741694497852000,28.45,1,28.45,65,28.5,79,2,2022-05-05 09:08:14
1651741708291999000,28.45,1,28.45,78,28.5,78,2,2022-05-05 09:08:28
1651741708317910000,28.45,1,28.45,77,28.5,78,2,2022-05-05 09:08:28
1651741710269479000,28.45,5,28.45,72,28.5,79,2,2022-05-05 09:08:30
1651741710599711000,28.5,45,28.45,71,28.5,34,1,2022-05-05 09:08:30
1651741710626594000,28.5,12,28.45,71,28.5,22,1,2022-05-05 09:08:30
1651741710659039000,28.5,22,28.45,71,28.55,26,1,2022-05-05 09:08:30
1651741711269306000,28.45,1,28.45,70,28.55,26,2,2022-05-05 09:08:31
1651741717040201000,28.55,1,28.5,12,28.55,28,1,2022-05-05 09:08:37
1651741717206592000,28.55,2,28.5,12,28.55,26,1,2022-05-05 09:08:37
1651741722649785000,28.55,2,28.5,13,28.55,24,1,2022-05-05 09:08:42
1651741723159779000,28.55,2,28.5,13,28.55,22,1,2022-05-05 09:08:43
1651741724442055000,28.55,1,28.5,14,28.55,21,1,2022-05-05 09:08:44
1651741725146375000,28.5,1,28.5,13,28.55,21,2,2022-05-05 09:08:45
1651741725728768000,28.55,1,28.5,13,28.55,20,1,2022-05-05 09:08:45
1651741726842401000,28.55,1,28.5,13,28.55,19,1,2022-05-05 09:08:46
1651741727968480000,28.5,1,28.5,12,28.55,19,2,2022-05-05 09:08:47
1651741728705040000,28.55,2,28.5,13,28.55,17,1,2022-05-05 09:08:48
1651741729546866000,28.55,1,28.5,13,28.55,16,1,2022-05-05 09:08:49
1651741729826092000,28.55,1,28.5,13,28.55,15,1,2022-05-05 09:08:49
1651741732012417000,28.5,2,28.5,21,28.55,15,2,2022-05-05 09:08:52
1651741736047022000,28.55,1,28.5,56,28.55,19,1,2022-05-05 09:08:56
1651741737407832000,28.55,7,28.5,57,28.55,12,1,2022-05-05 09:08:57
1651741738824851000,28.5,2,28.5,58,28.55,12,2,2022-05-05 09:08:58
1651741739087328000,28.55,2,28.5,58,28.55,10,1,2022-05-05 09:08:59
1651741739110278000,28.55,4,28.5,59,28.55,6,1,2022-05-05 09:08:59
1651741739133637000,28.55,6,28.5,59,28.6,23,1,2022-05-05 09:08:59
1651741746500901000,28.6,20,28.55,9,28.6,9,1,2022-05-05 09:09:06
1651741747808672000,28.6,5,28.55,10,28.6,4,1,2022-05-05 09:09:07
1651741751153736000,28.6,1,28.55,11,28.6,5,1,2022-05-05 09:09:11
1651741752938820000,28.6,1,28.55,12,28.6,4,1,2022-05-05 09:09:12
1651741753419413000,28.6,4,28.6,6,28.65,24,1,2022-05-05 09:09:13
1651741754693446000,28.65,1,28.6,19,28.65,19,1,2022-05-05 09:09:14
1651741754729702000,28.65,19,28.6,19,28.7,22,1,2022-05-05 09:09:14
1651741757068757000,28.7,10,28.6,23,28.7,12,1,2022-05-05 09:09:17
1651741757086828000,28.7,12,28.6,23,28.75,14,1,2022-05-05 09:09:17
1651741757404922000,28.65,1,28.65,4,28.75,14,2,2022-05-05 09:09:17
1651741758625862000,28.6,2,28.6,42,28.75,14,2,2022-05-05 09:09:18
1651741762182017000,28.75,2,28.7,5,28.75,12,1,2022-05-05 09:09:22
1651741762622166000,28.75,12,28.75,6,28.8,40,1,2022-05-05 09:09:22
1651741762717241000,28.8,1,28.75,26,28.8,39,1,2022-05-05 09:09:22
1651741762748738000,28.8,5,28.75,26,28.8,34,1,2022-05-05 09:09:22
1651741763223886000,28.8,1,28.75,26,28.8,33,1,2022-05-05 09:09:23
1651741763255292000,28.8,5,28.75,26,28.8,28,1,2022-05-05 09:09:23
1651741763814226000,28.75,5,28.75,21,28.8,28,2,2022-05-05 09:09:23
1651741764984086000,28.8,2,28.75,21,28.8,26,1,2022-05-05 09:09:24
1651741765497304000,28.8,1,28.75,21,28.8,25,1,2022-05-05 09:09:25
1651741765523162000,28.8,5,28.75,21,28.8,20,1,2022-05-05 09:09:25
1651741766493954000,28.8,4,28.75,21,28.8,18,1,2022-05-05 09:09:26
1651741768402732000,28.8,1,28.75,24,28.8,18,1,2022-05-05 09:09:28
1651741768504907000,28.8,1,28.75,24,28.8,17,1,2022-05-05 09:09:28
1651741768917848000,28.75,2,28.75,22,28.8,17,2,2022-05-05 09:09:28
1651741769055475000,28.8,17,28.8,3,28.85,26,1,2022-05-05 09:09:29
1651741770656141000,28.8,20,28.8,8,28.85,26,2,2022-05-05 09:09:30
1651741770695999000,28.8,8,28.75,4,28.85,26,2,2022-05-05 09:09:30
1651741771057215000,28.8,1,28.75,4,28.85,30,2,2022-05-05 09:09:31
1651741773516655000,28.75,4,28.7,5,28.8,16,2,2022-05-05 09:09:33
1651741773810050000,28.8,1,28.7,5,28.8,15,1,2022-05-05 09:09:33
1651741773861805000,28.8,2,28.7,5,28.8,13,1,2022-05-05 09:09:33
1651741774045873000,28.8,1,28.7,5,28.8,12,1,2022-05-05 09:09:34
1651741776044328000,28.8,5,28.75,28,28.8,13,1,2022-05-05 09:09:36
1651741776390124000,28.8,10,28.75,28,28.8,3,1,2022-05-05 09:09:36
1651741776739374000,28.8,1,28.75,28,28.8,2,1,2022-05-05 09:09:36
1651741778427412000,28.75,3,28.75,25,28.8,3,2,2022-05-05 09:09:38
1651741780100614000,28.75,25,28.7,5,28.8,3,2,2022-05-05 09:09:40
1651741780294582000,28.8,1,28.7,5,28.8,11,1,2022-05-05 09:09:40
1651741780705655000,28.8,1,28.7,5,28.8,10,1,2022-05-05 09:09:40
1651741782582166000,28.75,1,28.7,5,28.8,14,2,2022-05-05 09:09:42
1651741785363117000,28.75,1,28.7,7,28.75,19,1,2022-05-05 09:09:45
1651741786382394000,28.7,2,28.7,6,28.75,19,2,2022-05-05 09:09:46
1651741786404363000,28.7,6,28.65,3,28.75,19,2,2022-05-05 09:09:46
1651741787632040000,28.7,1,28.65,3,28.7,8,1,2022-05-05 09:09:47
1651741788898225000,28.65,3,28.55,8,28.7,8,2,2022-05-05 09:09:48
1651741788898225000,28.6,16,28.55,8,28.7,8,2,2022-05-05 09:09:48
1651741788898225000,28.55,1,28.55,8,28.7,8,2,2022-05-05 09:09:48
1651741791959908000,28.65,1,28.55,8,28.65,8,1,2022-05-05 09:09:51
1651741796888044000,28.65,1,28.55,9,28.65,9,1,2022-05-05 09:09:56
1651741803017791000,28.6,1,28.55,27,28.6,6,1,2022-05-05 09:10:03
1651741804696103000,28.55,2,28.55,24,28.6,7,2,2022-05-05 09:10:04
1651741804883556000,28.6,2,28.55,24,28.6,8,1,2022-05-05 09:10:04
1651741805694987000,28.6,2,28.55,24,28.6,6,1,2022-05-05 09:10:05
1651741805790210000,28.6,4,28.55,24,28.6,2,1,2022-05-05 09:10:05
1651741805806542000,28.6,1,28.55,24,28.6,1,1,2022-05-05 09:10:05
1651741811649764000,28.6,1,28.6,30,28.65,1,2,2022-05-05 09:10:11
1651741812143234000,28.65,1,28.65,9,28.7,15,1,2022-05-05 09:10:12
1651741812175735000,28.65,9,28.6,20,28.7,11,2,2022-05-05 09:10:12
1651741812228723000,28.6,8,28.6,12,28.7,11,2,2022-05-05 09:10:12
1651741812574971000,28.65,2,28.6,12,28.7,11,2,2022-05-05 09:10:12
1651741813442897000,28.65,1,28.6,12,28.65,14,1,2022-05-05 09:10:13
1651741814072257000,28.6,11,28.55,11,28.65,49,2,2022-05-05 09:10:14
1651741815314447000,28.55,3,28.55,11,28.65,51,2,2022-05-05 09:10:15
1651741815654145000,28.6,1,28.55,11,28.6,2,1,2022-05-05 09:10:15
1651741819403644000,28.55,11,28.5,48,28.6,36,2,2022-05-05 09:10:19
1651741819573556000,28.55,1,28.5,48,28.55,2,1,2022-05-05 09:10:19
1651741820100888000,28.55,2,28.5,48,28.6,33,1,2022-05-05 09:10:20
1651741825775199000,28.6,1,28.55,16,28.6,32,1,2022-05-05 09:10:25
1651741829563941000,28.55,10,28.55,6,28.6,32,2,2022-05-05 09:10:29
1651741829603732000,28.55,6,28.5,49,28.6,32,2,2022-05-05 09:10:29
1651741831200466000,28.55,5,28.55,26,28.6,32,2,2022-05-05 09:10:31
1651741831681763000,28.6,1,28.55,27,28.6,31,1,2022-05-05 09:10:31
1651741832250507000,28.6,1,28.55,27,28.6,30,1,2022-05-05 09:10:32
1651741835259671000,28.6,1,28.55,27,28.6,29,1,2022-05-05 09:10:35
1651741837611751000,28.6,10,28.55,34,28.6,19,1,2022-05-05 09:10:37
1651741841025280000,28.55,3,28.55,31,28.6,19,2,2022-05-05 09:10:41
1651741841057659000,28.6,4,28.55,31,28.6,15,1,2022-05-05 09:10:41
1651741842684324000,28.6,5,28.55,31,28.6,10,1,2022-05-05 09:10:42
1651741842751936000,28.6,1,28.55,31,28.6,9,1,2022-05-05 09:10:42
1651741844059837000,28.6,4,28.55,31,28.6,5,1,2022-05-05 09:10:44
1651741844145897000,28.6,5,28.55,31,28.65,26,1,2022-05-05 09:10:44
1651741845957072000,28.6,1,28.6,2,28.65,26,2,2022-05-05 09:10:45
1651741847233332000,28.6,2,28.55,31,28.65,29,2,2022-05-05 09:10:47
1651741848933634000,28.6,1,28.55,31,28.65,29,1,2022-05-05 09:10:48
1651741851906389000,28.6,1,28.55,31,28.65,29,1,2022-05-05 09:10:51
1651741854331066000,28.65,5,28.55,37,28.65,24,1,2022-05-05 09:10:54
1651741855794098000,28.6,2,28.6,1,28.65,24,1,2022-05-05 09:10:55
1651741857615319000,28.6,1,28.55,39,28.65,24,2,2022-05-05 09:10:57
1651741859317165000,28.6,1,28.55,39,28.65,28,2,2022-05-05 09:10:59
1651741860707898000,28.6,5,28.55,44,28.65,28,2,2022-05-05 09:11:00
1651741863294047000,28.6,1,28.55,44,28.6,1,1,2022-05-05 09:11:03
1651741864155894000,28.6,1,28.55,39,28.65,28,1,2022-05-05 09:11:04
1651741864678269000,28.6,1,28.55,39,28.6,1,1,2022-05-05 09:11:04
1651741868394435000,28.55,36,28.55,3,28.6,25,2,2022-05-05 09:11:08
1651741868420726000,28.55,3,28.5,53,28.6,25,2,2022-05-05 09:11:08
1651741869156456000,28.55,3,28.5,54,28.55,1,1,2022-05-05 09:11:09
1651741869680539000,28.55,1,28.55,2,28.6,33,1,2022-05-05 09:11:09
1651741869706457000,28.55,2,28.5,54,28.6,33,2,2022-05-05 09:11:09
1651741883337052000,28.55,20,28.5,58,28.55,19,1,2022-05-05 09:11:23
1651741883587803000,28.55,4,28.5,58,28.55,15,1,2022-05-05 09:11:23
1651741883879508000,28.55,3,28.5,58,28.55,12,1,2022-05-05 09:11:23
1651741885268765000,28.55,1,28.5,61,28.55,11,1,2022-05-05 09:11:25
1651741885305814000,28.55,1,28.5,61,28.55,10,1,2022-05-05 09:11:25
1651741885384654000,28.55,1,28.5,61,28.55,9,1,2022-05-05 09:11:25
1651741885471220000,28.55,1,28.5,61,28.55,8,1,2022-05-05 09:11:25
1651741885520124000,28.55,1,28.5,61,28.55,7,1,2022-05-05 09:11:25
1651741885602374000,28.55,1,28.5,61,28.55,6,1,2022-05-05 09:11:25
1651741885717300000,28.55,1,28.5,61,28.55,5,1,2022-05-05 09:11:25
1651741885750832000,28.55,1,28.5,61,28.55,4,1,2022-05-05 09:11:25
1651741885796497000,28.55,1,28.5,61,28.55,3,1,2022-05-05 09:11:25
1651741885822589000,28.55,2,28.5,61,28.55,1,1,2022-05-05 09:11:25
1651741885843701000,28.55,1,28.5,61,28.6,7,1,2022-05-05 09:11:25
1651741889088506000,28.55,1,28.55,1,28.6,12,2,2022-05-05 09:11:29
1651741891107716000,28.55,1,28.5,62,28.55,1,2,2022-05-05 09:11:31
1651741898142821000,28.55,3,28.5,63,28.6,15,1,2022-05-05 09:11:38
1651741899387380000,28.55,1,28.55,1,28.6,15,2,2022-05-05 09:11:39
1651741902604709000,28.6,1,28.55,4,28.6,14,1,2022-05-05 09:11:42
1651741906422925000,28.55,2,28.55,23,28.6,20,2,2022-05-05 09:11:46
1651741909148200000,28.6,3,28.55,23,28.6,17,1,2022-05-05 09:11:49
1651741920080201000,28.55,1,28.55,26,28.6,20,2,2022-05-05 09:12:00
1651741920762133000,28.55,25,28.55,2,28.6,20,2,2022-05-05 09:12:00
1651741920786042000,28.55,2,28.5,68,28.6,20,2,2022-05-05 09:12:00
1651741923915386000,28.6,2,28.55,10,28.6,18,1,2022-05-05 09:12:03
1651741925514202000,28.55,1,28.55,9,28.6,18,2,2022-05-05 09:12:05
1651741928509916000,28.55,1,28.55,9,28.6,19,2,2022-05-05 09:12:08
1651741928772809000,28.6,2,28.55,9,28.6,17,1,2022-05-05 09:12:08
1651741930365096000,28.55,1,28.55,8,28.6,19,2,2022-05-05 09:12:10
1651741930399164000,28.55,8,28.5,69,28.6,19,2,2022-05-05 09:12:10
1651741931996490000,28.55,1,28.5,67,28.6,19,2,2022-05-05 09:12:11
1651741931996490000,28.5,2,28.5,67,28.6,19,2,2022-05-05 09:12:11
1651741940267866000,28.55,1,28.5,69,28.6,24,2,2022-05-05 09:12:20
1651741942810045000,28.55,1,28.5,69,28.55,2,1,2022-05-05 09:12:22
1651741947109625000,28.55,1,28.5,70,28.55,1,1,2022-05-05 09:12:27
1651741952990856000,28.55,3,28.5,70,28.55,17,1,2022-05-05 09:12:32
1651741958270671000,28.5,1,28.5,69,28.55,20,2,2022-05-05 09:12:38
1651741961206918000,28.55,15,28.5,68,28.55,5,1,2022-05-05 09:12:41
1651741963496841000,28.55,1,28.5,68,28.55,4,1,2022-05-05 09:12:43
1651741963573242000,28.55,1,28.5,68,28.55,3,1,2022-05-05 09:12:43
1651741963625419000,28.5,2,28.5,66,28.55,3,2,2022-05-05 09:12:43
1651741966072605000,28.55,1,28.5,66,28.55,6,1,2022-05-05 09:12:46
1651741968270347000,28.5,1,28.5,65,28.55,8,2,2022-05-05 09:12:48
1651741969825249000,28.55,1,28.5,65,28.55,7,1,2022-05-05 09:12:49
1651741971278563000,28.55,1,28.5,65,28.55,6,1,2022-05-05 09:12:51
1651741972165707000,28.55,1,28.5,65,28.55,12,1,2022-05-05 09:12:52
1651741972567542000,28.55,1,28.5,65,28.55,11,1,2022-05-05 09:12:52
1651741976300150000,28.55,2,28.5,65,28.55,10,1,2022-05-05 09:12:56
1651741977211338000,28.55,2,28.5,65,28.55,8,1,2022-05-05 09:12:57
1651741977768347000,28.55,1,28.5,65,28.55,7,1,2022-05-05 09:12:57
1651741980121732000,28.55,2,28.5,65,28.55,12,1,2022-05-05 09:13:00
1651741982340644000,28.55,2,28.5,66,28.55,10,1,2022-05-05 09:13:02
1651741989793680000,28.55,1,28.5,68,28.55,9,1,2022-05-05 09:13:09
1651741990748624000,28.55,6,28.5,68,28.55,6,1,2022-05-05 09:13:10
1651741991387303000,28.55,1,28.5,72,28.55,5,1,2022-05-05 09:13:11
1651741992580209000,28.5,1,28.5,71,28.55,7,2,2022-05-05 09:13:12
1651741992859986000,28.55,5,28.5,71,28.55,2,1,2022-05-05 09:13:12
1651741994307020000,28.55,1,28.5,71,28.55,6,1,2022-05-05 09:13:14
1651741996287331000,28.55,6,28.55,29,28.6,11,1,2022-05-05 09:13:16
1651742001377113000,28.55,3,28.55,40,28.6,13,2,2022-05-05 09:13:21
1651742001831425000,28.6,5,28.55,41,28.6,8,1,2022-05-05 09:13:21
1651742003305288000,28.55,1,28.55,40,28.6,8,2,2022-05-05 09:13:23
1651742006234567000,28.55,1,28.55,43,28.6,13,2,2022-05-05 09:13:26
1651742010415911000,28.6,5,28.55,43,28.6,8,1,2022-05-05 09:13:30
1651742012348410000,28.6,9,28.6,3,28.65,15,1,2022-05-05 09:13:32
1651742012379606000,28.6,3,28.55,49,28.6,1,2,2022-05-05 09:13:32
1651742012492239000,28.55,1,28.55,48,28.6,1,2,2022-05-05 09:13:32
1651742013055721000,28.55,3,28.55,45,28.6,1,2,2022-05-05 09:13:33
1651742017479708000,28.55,1,28.55,46,28.6,1,2,2022-05-05 09:13:37
1651742017647812000,28.6,1,28.55,46,28.65,11,1,2022-05-05 09:13:37
1651742017647812000,28.65,4,28.55,46,28.65,11,1,2022-05-05 09:13:37
1651742019421801000,28.6,2,28.55,46,28.65,11,2,2022-05-05 09:13:39
1651742019827771000,28.6,5,28.55,33,28.65,11,2,2022-05-05 09:13:39
1651742019827771000,28.55,13,28.55,33,28.65,11,2,2022-05-05 09:13:39
1651742024429369000,28.6,1,28.55,40,28.6,2,1,2022-05-05 09:13:44
1651742032112004000,28.55,1,28.55,53,28.6,8,2,2022-05-05 09:13:52
1651742032135368000,28.55,19,28.55,34,28.6,8,2,2022-05-05 09:13:52
1651742032194136000,28.6,1,28.55,30,28.6,7,1,2022-05-05 09:13:52
1651742038508035000,28.55,20,28.55,11,28.6,23,2,2022-05-05 09:13:58
1651742038536639000,28.55,11,28.5,74,28.6,23,2,2022-05-05 09:13:58
1651742038685338000,28.55,4,28.5,70,28.6,12,1,2022-05-05 09:13:58
1651742038685338000,28.6,16,28.5,70,28.6,12,1,2022-05-05 09:13:58
1651742040155656000,28.55,3,28.5,70,28.6,10,2,2022-05-05 09:14:00
1651742040774788000,28.6,1,28.5,70,28.6,14,1,2022-05-05 09:14:00
1651742042598553000,28.6,2,28.5,72,28.6,7,1,2022-05-05 09:14:02
1651742042713969000,28.6,1,28.5,72,28.6,6,1,2022-05-05 09:14:02
1651742044070449000,28.6,5,28.5,72,28.6,1,1,2022-05-05 09:14:04
1651742049097689000,28.6,1,28.6,4,28.65,17,1,2022-05-05 09:14:09
1651742050182058000,28.6,8,28.5,81,28.65,13,2,2022-05-05 09:14:10
1651742050673456000,28.5,10,28.5,71,28.65,13,2,2022-05-05 09:14:10
1651742058876792000,28.6,4,28.55,6,28.65,21,1,2022-05-05 09:14:18
1651742061292543000,28.55,1,28.55,6,28.65,34,2,2022-05-05 09:14:21
1651742069494266000,28.6,1,28.6,4,28.65,37,1,2022-05-05 09:14:29
1651742069518539000,28.6,4,28.55,6,28.65,37,2,2022-05-05 09:14:29
1651742069690242000,28.65,11,28.55,6,28.65,22,1,2022-05-05 09:14:29
1651742078530263000,28.65,29,28.65,16,28.7,19,1,2022-05-05 09:14:38
1651742078545377000,28.7,5,28.65,16,28.7,14,1,2022-05-05 09:14:38
1651742078586880000,28.7,5,28.65,16,28.7,9,1,2022-05-05 09:14:38
1651742078656992000,28.7,6,28.65,22,28.7,3,1,2022-05-05 09:14:38
1651742078684446000,28.7,3,28.65,22,28.75,14,1,2022-05-05 09:14:38
1651742079991589000,28.75,16,28.7,32,28.8,30,1,2022-05-05 09:14:39
1651742080248966000,28.8,1,28.7,32,28.8,29,1,2022-05-05 09:14:40
1651742083189088000,28.8,5,28.75,1,28.8,20,1,2022-05-05 09:14:43
1651742084005465000,28.8,1,28.75,1,28.8,19,1,2022-05-05 09:14:44
1651742087140959000,28.8,2,28.75,9,28.8,18,1,2022-05-05 09:14:47
1651742087171852000,28.8,5,28.75,9,28.8,13,1,2022-05-05 09:14:47
1651742087701984000,28.8,5,28.75,9,28.8,8,1,2022-05-05 09:14:47
1651742088336268000,28.8,1,28.75,13,28.8,7,1,2022-05-05 09:14:48
1651742089169967000,28.8,2,28.75,13,28.8,5,1,2022-05-05 09:14:49
1651742089967174000,28.8,2,28.75,12,28.8,3,1,2022-05-05 09:14:49
1651742089975886000,28.8,3,28.8,1,28.85,40,1,2022-05-05 09:14:49
1651742091433730000,28.8,1,28.75,15,28.85,36,2,2022-05-05 09:14:51
1651742092695927000,28.85,2,28.75,15,28.85,45,1,2022-05-05 09:14:52
1651742092718817000,28.85,5,28.75,15,28.85,42,1,2022-05-05 09:14:52
1651742093151151000,28.75,1,28.75,14,28.85,42,2,2022-05-05 09:14:53
1651742095921242000,28.8,1,28.8,2,28.85,42,2,2022-05-05 09:14:55
1651742098913466000,28.8,3,28.8,11,28.85,41,2,2022-05-05 09:14:58
1651742099348436000,28.8,11,28.75,11,28.85,41,2,2022-05-05 09:14:59
1651742099348436000,28.75,9,28.75,11,28.85,41,2,2022-05-05 09:14:59
1651742099544539000,28.8,1,28.8,5,28.85,41,1,2022-05-05 09:14:59
1651742101065958000,28.8,1,28.8,4,28.85,46,2,2022-05-05 09:15:01
1651742101757170000,28.8,4,28.75,11,28.85,50,2,2022-05-05 09:15:01
1651742102795754000,28.8,2,28.75,11,28.85,54,2,2022-05-05 09:15:02
1651742104495125000,28.8,1,28.75,11,28.85,54,1,2022-05-05 09:15:04
1651742109004364000,28.8,1,28.75,17,28.8,18,1,2022-05-05 09:15:09
1651742112486778000,28.8,19,28.8,1,28.85,47,1,2022-05-05 09:15:12
1651742112513649000,28.8,1,28.75,18,28.85,47,2,2022-05-05 09:15:12
1651742114097505000,28.8,1,28.8,4,28.85,40,2,2022-05-05 09:15:14
1651742117188703000,28.85,1,28.8,34,28.85,42,1,2022-05-05 09:15:17
1651742117294687000,28.8,1,28.8,33,28.85,42,2,2022-05-05 09:15:17
1651742118322690000,28.8,2,28.8,31,28.85,42,2,2022-05-05 09:15:18
1651742118571707000,28.8,1,28.8,30,28.85,42,2,2022-05-05 09:15:18
1651742119268430000,28.85,11,28.8,32,28.85,29,1,2022-05-05 09:15:19
1651742120409744000,28.85,1,28.8,32,28.85,28,1,2022-05-05 09:15:20
1651742120698066000,28.8,1,28.8,34,28.85,28,2,2022-05-05 09:15:20
1651742120767120000,28.85,6,28.8,34,28.85,22,1,2022-05-05 09:15:20
1651742122671898000,28.8,1,28.8,34,28.85,22,2,2022-05-05 09:15:22
1651742123649200000,28.85,1,28.8,34,28.85,21,1,2022-05-05 09:15:23
1651742123989179000,28.85,20,28.8,34,28.85,1,1,2022-05-05 09:15:23
1651742124013093000,28.85,1,28.8,34,28.9,37,1,2022-05-05 09:15:24
1651742126047721000,28.9,1,28.85,1,28.9,39,1,2022-05-05 09:15:26
1651742126642241000,28.85,3,28.8,39,28.85,2,2,2022-05-05 09:15:26
1651742127123355000,28.85,1,28.8,39,28.85,1,1,2022-05-05 09:15:27
1651742130303139000,28.85,1,28.8,39,28.9,39,1,2022-05-05 09:15:30
1651742130551559000,28.9,2,28.8,39,28.9,41,1,2022-05-05 09:15:30
1651742131078644000,28.85,1,28.8,39,28.85,9,1,2022-05-05 09:15:31
1651742133562155000,28.85,5,28.8,39,28.85,7,1,2022-05-05 09:15:33
1651742133581573000,28.8,19,28.8,20,28.85,7,2,2022-05-05 09:15:33
1651742133838133000,28.8,20,28.8,3,28.85,7,2,2022-05-05 09:15:33
1651742133873702000,28.8,3,28.75,13,28.85,7,2,2022-05-05 09:15:33
1651742136207870000,28.75,2,28.75,11,28.8,8,2,2022-05-05 09:15:36
1651742136247210000,28.75,11,28.7,4,28.8,9,2,2022-05-05 09:15:36
1651742136464219000,28.8,1,28.7,4,28.8,12,1,2022-05-05 09:15:36
1651742136517831000,28.8,1,28.7,4,28.8,11,1,2022-05-05 09:15:36
1651742137825251000,28.75,1,28.7,4,28.8,11,1,2022-05-05 09:15:37
1651742142810291000,28.75,1,28.7,8,28.8,19,1,2022-05-05 09:15:42
1651742147868236000,28.7,5,28.7,5,28.8,21,2,2022-05-05 09:15:47
1651742153740091000,28.75,7,28.7,9,28.75,10,1,2022-05-05 09:15:53
1651742158740988000,28.7,2,28.7,7,28.75,24,2,2022-05-05 09:15:58
1651742160477818000,28.7,3,28.7,5,28.75,25,2,2022-05-05 09:16:00
1651742161344282000,28.75,2,28.7,5,28.75,25,1,2022-05-05 09:16:01
1651742167987919000,28.7,2,28.7,3,28.75,25,2,2022-05-05 09:16:07
1651742168094028000,28.7,1,28.7,2,28.75,25,2,2022-05-05 09:16:08
1651742170067981000,28.7,1,28.7,10,28.75,25,2,2022-05-05 09:16:10
1651742170292913000,28.7,1,28.7,9,28.75,25,2,2022-05-05 09:16:10
1651742171635291000,28.7,1,28.7,8,28.75,25,2,2022-05-05 09:16:11
1651742171932458000,28.7,1,28.7,7,28.75,24,2,2022-05-05 09:16:11
1651742172785827000,28.7,5,28.7,2,28.75,26,2,2022-05-05 09:16:12
1651742174205024000,28.7,2,28.65,5,28.75,26,2,2022-05-05 09:16:14
1651742178123242000,28.7,2,28.65,9,28.75,29,1,2022-05-05 09:16:18
1651742181583333000,28.7,2,28.65,9,28.7,1,1,2022-05-05 09:16:21
1651742182955429000,28.7,2,28.65,9,28.7,19,1,2022-05-05 09:16:22
1651742184571596000,28.7,2,28.65,9,28.7,17,1,2022-05-05 09:16:24
1651742191963340000,28.65,2,28.65,16,28.7,17,2,2022-05-05 09:16:31
1651742199225750000,28.65,2,28.65,14,28.7,23,2,2022-05-05 09:16:39
1651742215410687000,28.65,1,28.65,64,28.7,33,2,2022-05-05 09:16:55
1651742220084134000,28.7,5,28.65,64,28.7,28,1,2022-05-05 09:17:00
1651742223181974000,28.65,1,28.65,66,28.7,28,2,2022-05-05 09:17:03
1651742223948929000,28.7,2,28.65,70,28.7,26,1,2022-05-05 09:17:03
1651742225983451000,28.7,1,28.65,75,28.7,25,1,2022-05-05 09:17:05
1651742233020450000,28.7,5,28.65,80,28.7,22,1,2022-05-05 09:17:13
1651742233852029000,28.65,2,28.65,79,28.7,22,2,2022-05-05 09:17:13
1651742241056180000,28.7,1,28.65,79,28.7,19,1,2022-05-05 09:17:21
1651742247373186000,28.7,1,28.65,82,28.7,21,1,2022-05-05 09:17:27
1651742251230027000,28.7,5,28.65,85,28.7,18,1,2022-05-05 09:17:31
1651742253062485000,28.7,1,28.65,86,28.7,17,1,2022-05-05 09:17:33
1651742254032239000,28.7,1,28.65,86,28.7,16,1,2022-05-05 09:17:34
1651742254157339000,28.7,2,28.65,86,28.7,14,1,2022-05-05 09:17:34
1651742255764382000,28.7,1,28.65,86,28.7,13,1,2022-05-05 09:17:35
1651742256458823000,28.7,3,28.65,86,28.7,10,1,2022-05-05 09:17:36
1651742256483236000,28.7,10,28.65,86,28.75,18,1,2022-05-05 09:17:36
1651742258955922000,28.7,1,28.7,12,28.75,14,2,2022-05-05 09:17:38
1651742270218406000,28.75,1,28.7,30,28.75,15,1,2022-05-05 09:17:50
1651742270243868000,28.75,15,28.7,30,28.8,20,1,2022-05-05 09:17:50
1651742274607660000,28.75,1,28.7,31,28.8,22,1,2022-05-05 09:17:54
1651742280913549000,28.8,1,28.7,37,28.8,11,1,2022-05-05 09:18:00
1651742288423734000,28.8,3,28.75,2,28.8,9,1,2022-05-05 09:18:08
1651742298834955000,28.8,5,28.75,11,28.8,9,1,2022-05-05 09:18:18
1651742302090116000,28.8,1,28.75,11,28.8,10,1,2022-05-05 09:18:22
1651742303833373000,28.8,9,28.75,11,28.8,3,1,2022-05-05 09:18:23
1651742307013064000,28.8,1,28.75,15,28.8,2,1,2022-05-05 09:18:27
1651742307776114000,28.8,5,28.75,15,28.8,1,1,2022-05-05 09:18:27
1651742309126328000,28.8,1,28.75,15,28.85,43,1,2022-05-05 09:18:29
1651742309697013000,28.8,1,28.8,1,28.85,46,2,2022-05-05 09:18:29
1651742323703135000,28.85,1,28.8,12,28.85,43,1,2022-05-05 09:18:43
1651742323961597000,28.85,2,28.8,12,28.85,43,1,2022-05-05 09:18:43
1651742327475332000,28.85,3,28.8,24,28.85,40,1,2022-05-05 09:18:47
1651742328926539000,28.85,1,28.8,24,28.85,39,1,2022-05-05 09:18:48
1651742329858865000,28.8,3,28.8,21,28.85,39,2,2022-05-05 09:18:49
1651742344333910000,28.8,4,28.8,22,28.85,41,2,2022-05-05 09:19:04
1651742345989309000,28.8,2,28.8,22,28.85,41,2,2022-05-05 09:19:05
1651742351645749000,28.8,10,28.8,13,28.85,41,2,2022-05-05 09:19:11
1651742353486646000,28.8,5,28.8,9,28.85,41,2,2022-05-05 09:19:13
1651742354147448000,28.8,9,28.75,15,28.85,41,2,2022-05-05 09:19:14
1651742354290532000,28.8,1,28.75,15,28.85,45,2,2022-05-05 09:19:14
1651742358277438000,28.75,5,28.75,10,28.8,23,2,2022-05-05 09:19:18
1651742359438203000,28.8,5,28.75,10,28.8,14,1,2022-05-05 09:19:19
1651742359465736000,28.75,6,28.75,4,28.8,14,2,2022-05-05 09:19:19
1651742361278526000,28.75,4,28.7,25,28.8,20,2,2022-05-05 09:19:21
1651742391767353000,28.75,2,28.7,29,28.75,8,1,2022-05-05 09:19:51
1651742392198374000,28.7,9,28.7,20,28.75,8,2,2022-05-05 09:19:52
1651742392330732000,28.7,2,28.7,18,28.75,8,2,2022-05-05 09:19:52
1651742392473895000,28.75,1,28.7,18,28.75,7,1,2022-05-05 09:19:52
1651742406090935000,28.7,3,28.7,17,28.75,9,2,2022-05-05 09:20:06
1651742408277071000,28.7,17,28.65,82,28.75,9,2,2022-05-05 09:20:08
1651742408277071000,28.65,3,28.65,82,28.75,9,2,2022-05-05 09:20:08
1651742411427200000,28.7,5,28.65,82,28.75,12,1,2022-05-05 09:20:11
1651742420536788000,28.7,1,28.65,82,28.75,12,2,2022-05-05 09:20:20
1651742426535146000,28.75,6,28.65,95,28.75,6,1,2022-05-05 09:20:26
1651742426555490000,28.75,3,28.65,95,28.8,16,1,2022-05-05 09:20:26
1651742431430105000,28.7,3,28.7,17,28.8,16,2,2022-05-05 09:20:31
1651742438931049000,28.7,3,28.7,17,28.75,3,2,2022-05-05 09:20:38
1651742444255342000,28.7,1,28.7,19,28.75,4,2,2022-05-05 09:20:44
1651742453843875000,28.75,2,28.7,23,28.75,2,1,2022-05-05 09:20:53
1651742455500299000,28.7,2,28.7,21,28.75,3,2,2022-05-05 09:20:55
1651742463718979000,28.75,3,28.7,23,28.8,16,1,2022-05-05 09:21:03
1651742466205573000,28.7,5,28.7,24,28.8,16,2,2022-05-05 09:21:06
1651742479026541000,28.75,2,28.7,22,28.75,2,2,2022-05-05 09:21:19
1651742479063130000,28.75,2,28.7,22,28.8,12,1,2022-05-05 09:21:19
1651742496839838000,28.75,1,28.7,21,28.8,16,2,2022-05-05 09:21:36
1651742496839838000,28.7,19,28.7,21,28.8,16,2,2022-05-05 09:21:36
1651742498124856000,28.8,1,28.7,21,28.8,15,1,2022-05-05 09:21:38
1651742506452912000,28.75,1,28.7,23,28.75,4,2,2022-05-05 09:21:46
1651742507967141000,28.75,1,28.7,23,28.75,3,1,2022-05-05 09:21:47
1651742524994696000,28.75,3,28.7,26,28.75,1,1,2022-05-05 09:22:04
1651742537793961000,28.75,1,28.75,9,28.8,45,1,2022-05-05 09:22:17
1651742537827399000,28.75,9,28.7,16,28.8,45,2,2022-05-05 09:22:17
1651742546198359000,28.75,2,28.7,24,28.8,49,1,2022-05-05 09:22:26
1651742552778211000,28.75,1,28.7,27,28.8,49,1,2022-05-05 09:22:32
1651742557712078000,28.75,1,28.75,1,28.8,49,1,2022-05-05 09:22:37
1651742558680626000,28.75,1,28.7,42,28.8,49,2,2022-05-05 09:22:38
1651742562836518000,28.75,1,28.7,43,28.75,1,1,2022-05-05 09:22:42
1651742565831377000,28.7,2,28.7,51,28.75,3,2,2022-05-05 09:22:45
1651742568487815000,28.75,3,28.7,51,28.8,50,1,2022-05-05 09:22:48
1651742569688702000,28.7,1,28.7,50,28.8,50,2,2022-05-05 09:22:49
1651742577140954000,28.75,2,28.7,51,28.8,48,1,2022-05-05 09:22:57
1651742591182671000,28.7,1,28.7,55,28.75,1,2,2022-05-05 09:23:11
1651742593633836000,28.75,1,28.75,2,28.8,49,1,2022-05-05 09:23:13
1651742610165521000,28.75,1,28.75,1,28.8,49,2,2022-05-05 09:23:30
1651742611541505000,28.75,1,28.7,65,28.8,49,2,2022-05-05 09:23:31
1651742614823380000,28.75,2,28.7,65,28.75,3,2,2022-05-05 09:23:34
1651742615877831000,28.75,3,28.75,14,28.8,49,1,2022-05-05 09:23:35
1651742619583260000,28.8,2,28.75,14,28.8,47,1,2022-05-05 09:23:39
1651742625227407000,28.75,3,28.75,11,28.8,47,2,2022-05-05 09:23:45
1651742626764881000,28.8,2,28.75,11,28.8,45,1,2022-05-05 09:23:46
1651742652239598000,28.75,3,28.75,6,28.8,45,2,2022-05-05 09:24:12
1651742659153009000,28.8,1,28.75,7,28.8,44,1,2022-05-05 09:24:19
1651742659195140000,28.8,8,28.75,7,28.8,34,1,2022-05-05 09:24:19
1651742660589568000,28.75,2,28.75,5,28.8,35,2,2022-05-05 09:24:20
1651742665898599000,28.75,3,28.75,5,28.8,32,2,2022-05-05 09:24:25
1651742677802142000,28.8,10,28.75,22,28.8,22,1,2022-05-05 09:24:37
1651742677840735000,28.8,17,28.75,22,28.8,5,1,2022-05-05 09:24:37
1651742677877968000,28.8,5,28.75,22,28.85,48,1,2022-05-05 09:24:37
1651742682738108000,28.85,14,28.8,9,28.85,30,1,2022-05-05 09:24:42
1651742682775805000,28.85,10,28.8,9,28.85,20,1,2022-05-05 09:24:42
1651742682779041000,28.85,17,28.8,9,28.85,3,1,2022-05-05 09:24:42
1651742682797127000,28.85,3,28.8,13,28.9,111,1,2022-05-05 09:24:42
1651742685212580000,28.9,1,28.8,18,28.9,108,1,2022-05-05 09:24:45
1651742685378279000,28.9,2,28.8,22,28.9,100,1,2022-05-05 09:24:45
1651742687641518000,28.9,13,28.8,25,28.9,87,1,2022-05-05 09:24:47
1651742687679188000,28.9,87,28.8,25,28.95,55,1,2022-05-05 09:24:47
1651742687795389000,28.95,10,28.85,4,28.95,45,1,2022-05-05 09:24:47
1651742687798362000,28.95,6,28.85,4,28.95,39,1,2022-05-05 09:24:47
1651742687828557000,28.95,5,28.85,4,28.95,34,1,2022-05-05 09:24:47
1651742687920848000,28.95,2,28.85,7,28.95,32,1,2022-05-05 09:24:47
1651742687961411000,28.95,5,28.85,7,28.95,27,1,2022-05-05 09:24:47
1651742687974885000,28.95,2,28.85,7,28.95,25,1,2022-05-05 09:24:47
1651742687994091000,28.95,1,28.85,7,28.95,24,1,2022-05-05 09:24:47
1651742688044612000,28.95,1,28.85,7,28.95,23,1,2022-05-05 09:24:48
1651742688161588000,28.95,1,28.85,7,28.95,22,1,2022-05-05 09:24:48
1651742688306563000,28.95,1,28.85,7,28.95,21,1,2022-05-05 09:24:48
1651742688733301000,28.95,5,28.9,5,28.95,16,1,2022-05-05 09:24:48
1651742691466685000,28.95,1,28.9,9,28.95,15,1,2022-05-05 09:24:51
1651742691941762000,28.95,1,28.9,9,28.95,14,1,2022-05-05 09:24:51
1651742692063055000,28.9,3,28.9,6,28.95,14,2,2022-05-05 09:24:52
1651742693926226000,28.95,1,28.9,6,28.95,13,1,2022-05-05 09:24:53
1651742695737835000,28.95,4,28.9,9,28.95,15,1,2022-05-05 09:24:55
1651742696396837000,28.95,1,28.9,9,28.95,14,1,2022-05-05 09:24:56
1651742699577958000,28.95,12,28.9,13,28.95,3,1,2022-05-05 09:24:59
1651742700037429000,28.95,3,28.9,13,29.0,177,1,2022-05-05 09:25:00
1651742700516791000,28.95,1,28.9,17,28.95,1,2,2022-05-05 09:25:00
1651742700544020000,28.95,1,28.9,17,29.0,177,1,2022-05-05 09:25:00
1651742700669076000,28.95,1,28.9,17,29.0,177,1,2022-05-05 09:25:00
1651742701595936000,28.95,1,28.9,13,28.95,2,2,2022-05-05 09:25:01
1651742701626838000,28.95,1,28.9,13,28.95,1,1,2022-05-05 09:25:01
1651742702482468000,28.95,1,28.95,1,29.0,182,1,2022-05-05 09:25:02
1651742702516622000,28.95,1,28.9,13,29.0,182,2,2022-05-05 09:25:02
1651742703377571000,28.95,2,28.9,13,28.95,3,2,2022-05-05 09:25:03
1651742704066814000,28.95,5,28.9,13,29.0,182,1,2022-05-05 09:25:04
1651742705030941000,29.0,1,28.9,13,29.0,181,1,2022-05-05 09:25:05
1651742705109688000,29.0,1,28.9,13,29.0,180,1,2022-05-05 09:25:05
1651742705439920000,28.95,1,28.9,11,29.0,180,2,2022-05-05 09:25:05
1651742705439920000,28.9,2,28.9,11,29.0,180,2,2022-05-05 09:25:05
1651742705709212000,29.0,2,28.9,11,29.0,178,1,2022-05-05 09:25:05
1651742709725391000,28.95,5,28.95,6,29.0,178,2,2022-05-05 09:25:09
1651742710904414000,28.95,1,28.95,35,29.0,190,2,2022-05-05 09:25:10
1651742712332943000,29.0,1,28.95,37,29.0,189,1,2022-05-05 09:25:12
1651742713072665000,28.95,2,28.95,46,29.0,189,2,2022-05-05 09:25:13
1651742713366380000,29.0,23,28.95,46,29.0,166,1,2022-05-05 09:25:13
1651742714179032000,29.0,5,28.95,50,29.0,161,1,2022-05-05 09:25:14
1651742714363501000,29.0,10,28.95,50,29.0,151,1,2022-05-05 09:25:14
1651742714796395000,29.0,5,28.95,50,29.0,146,1,2022-05-05 09:25:14
1651742715239419000,29.0,1,28.95,50,29.0,145,1,2022-05-05 09:25:15
1651742715421056000,29.0,5,28.95,50,29.0,140,1,2022-05-05 09:25:15
1651742715456367000,29.0,5,28.95,50,29.0,135,1,2022-05-05 09:25:15
1651742716535303000,29.0,1,28.95,50,29.0,134,1,2022-05-05 09:25:16
1651742716728973000,29.0,1,28.95,50,29.0,135,1,2022-05-05 09:25:16
1651742716822830000,29.0,1,28.95,50,29.0,134,1,2022-05-05 09:25:16
1651742717546051000,29.0,1,28.95,50,29.0,131,1,2022-05-05 09:25:17
1651742717636176000,29.0,1,28.95,50,29.0,130,1,2022-05-05 09:25:17
1651742718066444000,29.0,1,28.95,50,29.0,129,1,2022-05-05 09:25:18
1651742718100820000,29.0,2,28.95,50,29.0,127,1,2022-05-05 09:25:18
1651742718345802000,29.0,1,28.95,50,29.0,126,1,2022-05-05 09:25:18
1651742718779611000,29.0,1,28.95,51,29.0,122,1,2022-05-05 09:25:18
1651742719203676000,29.0,3,28.95,51,29.0,119,1,2022-05-05 09:25:19
1651742719286389000,29.0,2,28.95,51,29.0,117,1,2022-05-05 09:25:19
1651742719294073000,29.0,1,28.95,51,29.0,116,1,2022-05-05 09:25:19
1651742719399742000,29.0,1,28.95,51,29.0,115,1,2022-05-05 09:25:19
1651742720131795000,29.0,1,28.95,51,29.0,114,1,2022-05-05 09:25:20
1651742720139916000,29.0,1,28.95,51,29.0,113,1,2022-05-05 09:25:20
1651742720213258000,29.0,1,28.95,51,29.0,112,1,2022-05-05 09:25:20
1651742720296283000,29.0,3,28.95,51,29.0,109,1,2022-05-05 09:25:20
1651742720508167000,29.0,2,28.95,51,29.0,107,1,2022-05-05 09:25:20
1651742721585750000,29.0,5,28.95,55,29.0,102,1,2022-05-05 09:25:21
1651742721792754000,29.0,11,28.95,55,29.0,91,1,2022-05-05 09:25:21
1651742721827702000,29.0,12,28.95,55,29.0,79,1,2022-05-05 09:25:21
1651742721850935000,29.0,33,28.95,55,29.0,46,1,2022-05-05 09:25:21
1651742721850975000,29.0,33,28.95,55,29.0,13,1,2022-05-05 09:25:21
1651742721873789000,29.0,7,28.95,55,29.0,6,1,2022-05-05 09:25:21
1651742721876669000,29.0,5,28.95,56,29.0,1,1,2022-05-05 09:25:21
1651742721925304000,29.0,1,28.95,56,29.05,18,1,2022-05-05 09:25:21
1651742722320918000,29.0,1,28.95,56,29.0,1,1,2022-05-05 09:25:22
1651742722514201000,29.0,1,29.0,2,29.05,21,1,2022-05-05 09:25:22
1651742722924000000,29.05,1,29.0,20,29.05,15,1,2022-05-05 09:25:22
1651742723028170000,29.05,1,29.0,22,29.05,11,1,2022-05-05 09:25:23
1651742723030393000,29.05,1,29.0,22,29.05,10,1,2022-05-05 09:25:23
1651742723035218000,29.05,1,29.0,22,29.05,9,1,2022-05-05 09:25:23
1651742723044923000,29.05,1,29.0,22,29.05,8,1,2022-05-05 09:25:23
1651742723112937000,29.05,1,29.0,22,29.05,7,1,2022-05-05 09:25:23
1651742723425986000,29.05,4,29.0,23,29.05,3,1,2022-05-05 09:25:23
1651742724258578000,29.05,1,29.0,39,29.05,2,1,2022-05-05 09:25:24
1651742724375078000,29.05,1,29.0,39,29.05,1,1,2022-05-05 09:25:24
1651742724426658000,29.05,1,29.0,39,29.1,48,1,2022-05-05 09:25:24
1651742724426658000,29.1,1,29.0,39,29.1,48,1,2022-05-05 09:25:24
1651742724887346000,29.1,10,29.0,45,29.1,38,1,2022-05-05 09:25:24
1651742725597806000,29.1,1,29.05,1,29.1,37,1,2022-05-05 09:25:25
1651742726127777000,29.05,1,29.0,45,29.05,9,2,2022-05-05 09:25:26
1651742726310387000,29.05,4,29.0,39,29.05,5,1,2022-05-05 09:25:26
1651742726791731000,29.05,2,29.0,43,29.05,3,1,2022-05-05 09:25:26
1651742728164774000,29.05,10,29.0,45,29.05,10,1,2022-05-05 09:25:28
1651742728195872000,29.05,1,29.0,45,29.05,9,1,2022-05-05 09:25:28
1651742729006835000,29.05,1,29.0,42,29.05,8,1,2022-05-05 09:25:29
1651742729114257000,29.05,2,29.0,42,29.05,6,1,2022-05-05 09:25:29
1651742729385410000,29.05,1,29.0,42,29.05,5,1,2022-05-05 09:25:29
1651742729542177000,29.05,1,29.0,45,29.05,14,1,2022-05-05 09:25:29
1651742729579940000,29.05,1,29.0,45,29.05,13,1,2022-05-05 09:25:29
1651742729629479000,29.05,1,29.0,49,29.05,12,1,2022-05-05 09:25:29
1651742729668734000,29.0,3,29.0,46,29.05,12,2,2022-05-05 09:25:29
1651742729960873000,29.05,1,29.0,44,29.05,11,1,2022-05-05 09:25:29
1651742730072852000,29.05,1,29.0,44,29.05,10,1,2022-05-05 09:25:30
1651742730483161000,29.05,1,29.0,44,29.05,10,1,2022-05-05 09:25:30
1651742731227463000,29.05,1,29.0,43,29.05,20,1,2022-05-05 09:25:31
1651742731402327000,29.05,20,29.0,43,29.1,47,1,2022-05-05 09:25:31
1651742731402327000,29.1,10,29.0,43,29.1,47,1,2022-05-05 09:25:31
1651742732014468000,29.05,1,29.0,43,29.1,57,1,2022-05-05 09:25:32
1651742732376061000,29.05,3,29.0,43,29.1,57,2,2022-05-05 09:25:32
1651742733020045000,29.1,1,29.05,4,29.1,56,1,2022-05-05 09:25:33
1651742733081772000,29.05,4,29.0,54,29.05,6,2,2022-05-05 09:25:33
1651742733903940000,29.05,1,29.0,54,29.05,25,1,2022-05-05 09:25:33
1651742733930384000,29.05,1,29.0,54,29.05,24,1,2022-05-05 09:25:33
1651742733958512000,29.05,10,29.0,44,29.05,14,1,2022-05-05 09:25:33
1651742734241908000,29.05,1,29.0,44,29.05,14,1,2022-05-05 09:25:34
1651742734280892000,29.05,3,29.0,44,29.05,11,1,2022-05-05 09:25:34
1651742734386007000,29.05,1,29.0,44,29.05,13,1,2022-05-05 09:25:34
1651742734789594000,29.05,2,29.0,44,29.05,17,1,2022-05-05 09:25:34
1651742735375706000,29.05,2,29.0,44,29.05,25,1,2022-05-05 09:25:35
1651742735646207000,29.05,10,29.0,44,29.05,15,1,2022-05-05 09:25:35
1651742735663125000,29.05,2,29.0,44,29.05,13,1,2022-05-05 09:25:35
1651742736634308000,29.05,1,29.0,46,29.05,17,1,2022-05-05 09:25:36
1651742736977280000,29.0,10,29.0,36,29.05,22,2,2022-05-05 09:25:36
1651742736996088000,29.0,36,28.95,48,29.05,22,2,2022-05-05 09:25:36
1651742737304760000,29.05,1,28.95,48,29.05,28,1,2022-05-05 09:25:37
1651742737408091000,29.05,2,28.95,48,29.05,26,1,2022-05-05 09:25:37
1651742737488724000,29.05,5,28.95,48,29.05,21,1,2022-05-05 09:25:37
1651742737787121000,29.05,6,28.95,48,29.05,15,1,2022-05-05 09:25:37
1651742737900135000,29.0,2,28.95,47,29.0,9,1,2022-05-05 09:25:37
1651742738699350000,29.0,4,28.95,47,29.0,10,1,2022-05-05 09:25:38
1651742738709448000,29.0,2,28.95,47,29.0,8,1,2022-05-05 09:25:38
1651742739007825000,29.0,1,28.95,47,29.0,10,1,2022-05-05 09:25:39
1651742739010031000,29.0,2,28.95,47,29.0,8,1,2022-05-05 09:25:39
1651742739482647000,29.0,1,28.95,47,29.0,11,1,2022-05-05 09:25:39
1651742739551323000,29.0,1,28.95,47,29.0,10,1,2022-05-05 09:25:39
1651742741568536000,28.95,5,28.95,42,29.0,16,2,2022-05-05 09:25:41
1651742741598815000,28.95,42,28.9,13,29.0,16,2,2022-05-05 09:25:41
1651742741733540000,29.0,15,28.9,13,29.0,10,1,2022-05-05 09:25:41
1651742743621981000,28.95,1,28.9,16,28.95,8,1,2022-05-05 09:25:43
1651742744572442000,29.0,1,28.9,16,29.0,12,1,2022-05-05 09:25:44
1651742744581928000,29.0,2,28.9,14,29.0,10,1,2022-05-05 09:25:44
1651742744988076000,29.0,3,28.9,14,29.0,7,1,2022-05-05 09:25:44
1651742748037459000,28.95,3,28.95,3,29.0,20,2,2022-05-05 09:25:48
1651742748060181000,28.95,3,28.9,14,29.0,20,2,2022-05-05 09:25:48
1651742749006866000,28.95,2,28.9,14,29.0,23,2,2022-05-05 09:25:49
1651742751208338000,29.0,1,28.9,21,29.0,23,1,2022-05-05 09:25:51
1651742751415359000,29.0,1,28.9,21,29.0,22,1,2022-05-05 09:25:51
1651742751853777000,29.0,3,28.9,21,29.0,19,1,2022-05-05 09:25:51
1651742752255195000,28.95,5,28.9,21,29.0,19,1,2022-05-05 09:25:52
1651742753061565000,28.95,1,28.9,21,28.95,9,1,2022-05-05 09:25:53
1651742755378054000,28.95,1,28.9,21,28.95,13,1,2022-05-05 09:25:55
1651742755671933000,28.9,1,28.9,20,28.95,18,2,2022-05-05 09:25:55
1651742756109984000,28.9,10,28.9,10,28.95,18,2,2022-05-05 09:25:56
1651742756165693000,28.9,10,28.85,6,28.95,32,2,2022-05-05 09:25:56
1651742756473664000,28.95,1,28.85,3,28.95,31,1,2022-05-05 09:25:56
1651742760253125000,28.85,1,28.85,5,28.9,5,2,2022-05-05 09:26:00
1651742760787820000,28.85,2,28.85,3,28.9,5,2,2022-05-05 09:26:00
1651742762864897000,28.85,3,28.8,17,28.9,14,2,2022-05-05 09:26:02
1651742763407270000,28.9,9,28.8,15,28.9,5,1,2022-05-05 09:26:03
1651742763664692000,28.9,8,29.0,43,29.05,30,1,2022-05-05 09:26:03
1651742763664692000,28.95,26,29.0,43,29.05,30,1,2022-05-05 09:26:03
1651742763664692000,29.0,23,29.0,43,29.05,30,1,2022-05-05 09:26:03
1651742763699147000,29.0,23,29.0,20,29.05,30,2,2022-05-05 09:26:03
1651742763699238000,29.0,20,28.8,15,29.05,30,2,2022-05-05 09:26:03
1651742763910285000,28.85,1,28.8,15,29.05,30,1,2022-05-05 09:26:03
1651742768413058000,28.9,1,28.85,5,28.9,10,1,2022-05-05 09:26:08
1651742768762860000,28.9,4,28.85,5,28.9,6,1,2022-05-05 09:26:08
1651742770264110000,28.9,2,28.85,6,28.9,4,1,2022-05-05 09:26:10
1651742770408511000,28.85,5,28.85,1,28.9,4,2,2022-05-05 09:26:10
1651742773160241000,28.85,1,28.85,3,28.9,5,2,2022-05-05 09:26:13
1651742774154114000,28.9,5,28.85,5,29.0,7,1,2022-05-05 09:26:14
1651742775481240000,28.85,3,28.85,6,29.0,14,2,2022-05-05 09:26:15
1651742776030570000,29.0,2,28.85,8,29.0,12,1,2022-05-05 09:26:16
1651742776253354000,29.0,7,28.9,2,29.0,1,1,2022-05-05 09:26:16
1651742777207580000,28.9,3,28.85,9,28.9,2,2,2022-05-05 09:26:17
1651742777226180000,28.9,2,28.9,2,29.05,31,1,2022-05-05 09:26:17
1651742782114310000,28.95,3,28.9,13,28.95,2,2,2022-05-05 09:26:22
1651742785090582000,28.95,1,28.9,17,28.95,1,1,2022-05-05 09:26:25
1651742785307255000,28.95,1,28.9,17,29.0,1,1,2022-05-05 09:26:25
1651742788821170000,29.0,1,28.95,11,29.0,3,1,2022-05-05 09:26:28
1651742789410082000,29.0,1,28.95,13,29.0,3,1,2022-05-05 09:26:29
1651742791090066000,29.0,4,28.95,18,29.0,2,1,2022-05-05 09:26:31
1651742791152354000,28.95,5,28.95,13,29.0,2,2,2022-05-05 09:26:31
1651742791999227000,29.0,1,28.95,13,29.0,6,1,2022-05-05 09:26:31
1651742792010277000,29.0,5,28.95,13,29.0,1,1,2022-05-05 09:26:32
1651742792847268000,29.0,1,29.0,2,29.05,35,1,2022-05-05 09:26:32
1651742792876448000,29.0,1,29.0,1,29.05,35,2,2022-05-05 09:26:32
1651742794346918000,29.05,10,29.0,5,29.05,26,1,2022-05-05 09:26:34
1651742794580025000,29.05,1,29.0,5,29.05,25,1,2022-05-05 09:26:34
1651742796037433000,29.0,2,29.0,7,29.05,23,2,2022-05-05 09:26:36
1651742796367033000,29.05,5,29.0,3,29.05,18,1,2022-05-05 09:26:36
1651742796874614000,29.0,2,29.0,5,29.05,18,2,2022-05-05 09:26:36
1651742797446156000,29.05,1,29.0,1,29.05,17,1,2022-05-05 09:26:37
1651742798309842000,29.0,1,28.95,7,29.05,17,2,2022-05-05 09:26:38
1651742798812265000,29.0,1,28.95,13,29.05,21,1,2022-05-05 09:26:38
1651742799569828000,29.05,1,29.0,1,29.05,20,1,2022-05-05 09:26:39
1651742800043492000,29.05,14,29.0,4,29.05,6,1,2022-05-05 09:26:40
1651742800498985000,29.05,6,29.0,8,29.1,48,1,2022-05-05 09:26:40
1651742800498985000,29.1,4,29.0,8,29.1,48,1,2022-05-05 09:26:40
1651742801884825000,29.1,4,29.05,19,29.1,40,1,2022-05-05 09:26:41
1651742801927747000,29.1,17,29.05,19,29.1,23,1,2022-05-05 09:26:41
1651742802351829000,29.1,2,29.05,15,29.1,21,1,2022-05-05 09:26:42
1651742802371247000,29.05,1,29.05,14,29.1,21,2,2022-05-05 09:26:42
1651742802521970000,29.1,10,29.05,14,29.1,11,1,2022-05-05 09:26:42
1651742802562665000,29.1,4,29.05,14,29.1,7,1,2022-05-05 09:26:42
1651742802717994000,29.1,1,29.05,16,29.1,6,1,2022-05-05 09:26:42
1651742802775649000,29.1,5,29.05,16,29.1,1,1,2022-05-05 09:26:42
1651742802808585000,29.1,1,29.05,16,29.15,36,1,2022-05-05 09:26:42
1651742803676362000,29.15,5,29.1,1,29.15,31,1,2022-05-05 09:26:43
1651742803780314000,29.15,1,29.1,1,29.15,30,1,2022-05-05 09:26:43
1651742804715405000,29.15,1,29.1,12,29.15,29,1,2022-05-05 09:26:44
1651742805153745000,29.15,1,29.1,12,29.15,28,1,2022-05-05 09:26:45
1651742805883457000,29.15,4,29.1,12,29.15,24,1,2022-05-05 09:26:45
1651742807072422000,29.15,2,29.1,7,29.15,22,1,2022-05-05 09:26:47
1651742807188478000,29.15,3,29.1,9,29.15,19,1,2022-05-05 09:26:47
1651742807262610000,29.15,12,29.1,13,29.15,7,1,2022-05-05 09:26:47
1651742807271197000,29.15,7,29.1,13,29.2,62,1,2022-05-05 09:26:47
1651742807271197000,29.2,5,29.1,13,29.2,62,1,2022-05-05 09:26:47
1651742807380762000,29.2,2,29.15,2,29.2,63,1,2022-05-05 09:26:47
1651742807392543000,29.2,1,29.15,2,29.2,62,1,2022-05-05 09:26:47
1651742807880304000,29.2,19,29.15,2,29.2,42,1,2022-05-05 09:26:47
1651742808299495000,29.2,5,29.15,2,29.2,37,1,2022-05-05 09:26:48
1651742808373475000,29.2,1,29.15,6,29.2,33,1,2022-05-05 09:26:48
1651742809439572000,29.2,1,29.15,12,29.2,37,1,2022-05-05 09:26:49
1651742809732644000,29.2,5,29.15,12,29.2,32,1,2022-05-05 09:26:49
1651742809751812000,29.2,5,29.15,12,29.2,27,1,2022-05-05 09:26:49
1651742811126709000,29.2,2,29.15,15,29.2,24,1,2022-05-05 09:26:51
1651742811216793000,29.2,3,29.15,15,29.2,21,1,2022-05-05 09:26:51
1651742811222678000,29.15,5,29.15,10,29.2,21,2,2022-05-05 09:26:51
1651742811307985000,29.2,5,29.15,10,29.2,16,1,2022-05-05 09:26:51
1651742811373988000,29.15,1,29.15,9,29.2,16,2,2022-05-05 09:26:51
1651742811546936000,29.2,1,29.15,9,29.2,15,1,2022-05-05 09:26:51
1651742811633598000,29.2,1,29.15,9,29.2,14,1,2022-05-05 09:26:51
1651742811667401000,29.2,3,29.15,9,29.2,11,1,2022-05-05 09:26:51
1651742811690173000,29.2,1,29.15,9,29.2,10,1,2022-05-05 09:26:51
1651742811721632000,29.2,4,29.15,9,29.2,6,1,2022-05-05 09:26:51
1651742811838433000,29.2,6,29.2,24,29.25,13,1,2022-05-05 09:26:51
1651742813152097000,29.25,10,29.2,27,29.25,4,1,2022-05-05 09:26:53
1651742814077250000,29.2,1,29.2,27,29.25,10,2,2022-05-05 09:26:54
1651742814880582000,29.25,1,29.2,30,29.25,9,1,2022-05-05 09:26:54
1651742814931602000,29.25,3,29.2,30,29.25,6,1,2022-05-05 09:26:54
1651742815096068000,29.25,1,29.2,30,29.25,5,1,2022-05-05 09:26:55
1651742815758295000,29.25,1,29.2,30,29.25,4,1,2022-05-05 09:26:55
1651742816316625000,29.25,1,29.2,30,29.25,3,1,2022-05-05 09:26:56
1651742816402199000,29.25,2,29.2,30,29.25,8,1,2022-05-05 09:26:56
1651742817103476000,29.25,1,29.2,33,29.25,9,1,2022-05-05 09:26:57
1651742817126393000,29.25,2,29.2,33,29.25,7,1,2022-05-05 09:26:57
1651742817646616000,29.25,2,29.2,33,29.25,7,1,2022-05-05 09:26:57
1651742817793085000,29.25,2,29.2,33,29.25,5,1,2022-05-05 09:26:57
1651742818336224000,29.25,2,29.2,33,29.25,12,1,2022-05-05 09:26:58
1651742818523430000,29.25,2,29.2,33,29.25,10,1,2022-05-05 09:26:58
1651742818609516000,29.25,1,29.2,33,29.25,9,1,2022-05-05 09:26:58
1651742818775661000,29.25,2,29.2,33,29.25,7,1,2022-05-05 09:26:58
1651742818895242000,29.25,1,29.2,33,29.25,6,1,2022-05-05 09:26:58
1651742818918565000,29.25,1,29.2,33,29.25,5,1,2022-05-05 09:26:58
1651742819008918000,29.25,1,29.2,33,29.25,4,1,2022-05-05 09:26:59
1651742819072375000,29.25,1,29.2,33,29.25,3,1,2022-05-05 09:26:59
1651742820197939000,29.25,1,29.2,36,29.25,8,1,2022-05-05 09:27:00
1651742820452690000,29.25,5,29.2,36,29.25,3,1,2022-05-05 09:27:00
1651742820970886000,29.25,2,29.2,42,29.25,12,1,2022-05-05 09:27:00
1651742821201412000,29.25,3,29.2,42,29.25,10,1,2022-05-05 09:27:01
1651742821508317000,29.25,1,29.2,42,29.25,10,1,2022-05-05 09:27:01
1651742822203528000,29.25,1,29.2,42,29.25,16,1,2022-05-05 09:27:02
1651742822491067000,29.2,24,29.2,13,29.25,21,2,2022-05-05 09:27:02
1651742822512578000,29.2,13,29.15,15,29.25,21,2,2022-05-05 09:27:02
1651742822533476000,29.25,1,29.15,15,29.25,27,1,2022-05-05 09:27:02
1651742822624459000,29.25,2,29.15,15,29.25,26,1,2022-05-05 09:27:02
1651742822907853000,29.25,1,29.15,15,29.25,27,1,2022-05-05 09:27:02
1651742823030854000,29.25,10,29.15,16,29.25,17,1,2022-05-05 09:27:03
1651742823688593000,29.2,1,29.15,16,29.25,20,1,2022-05-05 09:27:03
1651742824174264000,29.15,11,29.15,5,29.2,7,2,2022-05-05 09:27:04
1651742824204327000,29.15,5,29.1,6,29.2,7,2,2022-05-05 09:27:04
1651742824464448000,29.15,1,29.1,8,29.15,11,1,2022-05-05 09:27:04
1651742824465114000,29.15,10,29.1,8,29.15,1,1,2022-05-05 09:27:04
1651742825459838000,29.15,1,29.1,8,29.15,4,1,2022-05-05 09:27:05
1651742825528527000,29.2,1,29.1,6,29.2,61,1,2022-05-05 09:27:05
1651742825784796000,29.1,1,29.1,5,29.2,61,2,2022-05-05 09:27:05
1651742826853400000,29.1,1,29.1,4,29.2,61,2,2022-05-05 09:27:06
1651742826950714000,29.15,1,29.1,4,29.2,61,2,2022-05-05 09:27:06
1651742830223467000,29.15,5,29.1,4,29.15,7,1,2022-05-05 09:27:10
1651742830292246000,29.15,1,29.1,4,29.15,6,1,2022-05-05 09:27:10
1651742831721779000,29.15,1,29.1,4,29.15,23,1,2022-05-05 09:27:11
1651742831732346000,29.15,5,29.1,4,29.15,18,1,2022-05-05 09:27:11
1651742831876234000,29.15,10,29.1,4,29.15,8,1,2022-05-05 09:27:11
1651742831890204000,29.15,3,29.1,4,29.15,5,1,2022-05-05 09:27:11
1651742832827218000,29.15,1,29.1,4,29.15,7,1,2022-05-05 09:27:12
1651742833382699000,29.15,1,29.1,5,29.15,6,1,2022-05-05 09:27:13
1651742833606713000,29.15,7,29.1,5,29.2,44,1,2022-05-05 09:27:13
1651742833606713000,29.2,33,29.1,5,29.2,44,1,2022-05-05 09:27:13
1651742833632259000,29.1,1,29.1,4,29.2,44,2,2022-05-05 09:27:13
1651742833867165000,29.1,5,29.1,1,29.2,44,2,2022-05-05 09:27:13
1651742834496174000,29.1,1,29.1,1,29.2,44,2,2022-05-05 09:27:14
1651742836262274000,29.1,1,29.1,3,29.15,8,2,2022-05-05 09:27:16
1651742838936542000,29.15,1,29.1,4,29.15,23,1,2022-05-05 09:27:18
1651742839042291000,29.15,5,29.1,5,29.15,18,1,2022-05-05 09:27:19
1651742841097698000,29.1,3,29.1,4,29.15,24,2,2022-05-05 09:27:21
1651742841161946000,29.15,2,29.1,4,29.15,22,1,2022-05-05 09:27:21
1651742841501808000,29.1,2,29.1,2,29.15,22,2,2022-05-05 09:27:21
1651742841973925000,29.15,2,29.1,2,29.15,25,1,2022-05-05 09:27:21
1651742846508940000,29.1,1,29.1,9,29.15,44,2,2022-05-05 09:27:26
1651742847858652000,29.15,10,29.1,21,29.15,31,1,2022-05-05 09:27:27
1651742848302443000,29.15,8,29.1,21,29.15,23,1,2022-05-05 09:27:28
1651742849023921000,29.15,5,29.1,21,29.15,18,1,2022-05-05 09:27:29
1651742852823374000,29.15,5,29.1,28,29.15,35,1,2022-05-05 09:27:32
1651742852930924000,29.15,30,29.1,28,29.15,5,1,2022-05-05 09:27:32
1651742853980931000,29.15,5,29.1,28,29.15,1,1,2022-05-05 09:27:33
1651742854766118000,29.15,1,29.15,14,29.2,24,1,2022-05-05 09:27:34
1651742855512977000,29.15,1,29.15,14,29.2,20,2,2022-05-05 09:27:35
1651742855944083000,29.15,14,29.1,26,29.2,40,2,2022-05-05 09:27:35
1651742857415777000,29.15,1,29.15,2,29.2,40,2,2022-05-05 09:27:37
1651742857438816000,29.15,2,29.1,27,29.2,40,2,2022-05-05 09:27:37
1651742857791378000,29.2,7,29.1,28,29.2,33,1,2022-05-05 09:27:37
1651742858838309000,29.15,1,29.15,4,29.2,33,2,2022-05-05 09:27:38
1651742859239920000,29.2,2,29.15,5,29.2,31,1,2022-05-05 09:27:39
1651742859401966000,29.15,5,29.1,28,29.2,31,2,2022-05-05 09:27:39
1651742860032703000,29.15,1,29.1,28,29.2,31,2,2022-05-05 09:27:40
1651742861145486000,29.15,1,29.1,28,29.15,1,1,2022-05-05 09:27:41
1651742861578163000,29.15,1,29.1,28,29.2,31,1,2022-05-05 09:27:41
1651742861817076000,29.2,6,29.1,28,29.2,25,1,2022-05-05 09:27:41
1651742863839106000,29.15,1,29.1,33,29.15,14,1,2022-05-05 09:27:43
1651742865497491000,29.15,10,29.1,33,29.15,5,1,2022-05-05 09:27:45
1651742866229454000,29.15,5,29.1,33,29.2,25,1,2022-05-05 09:27:46
1651742866809045000,29.15,1,29.1,33,29.15,4,1,2022-05-05 09:27:46
1651742867312521000,29.15,4,29.1,36,29.2,26,1,2022-05-05 09:27:47
1651742867492231000,29.2,1,29.1,36,29.2,25,1,2022-05-05 09:27:47
1651742867819980000,29.2,1,29.15,1,29.2,24,1,2022-05-05 09:27:47
1651742870185528000,29.15,1,29.15,2,29.2,26,2,2022-05-05 09:27:50
1651742870660215000,29.2,1,29.15,5,29.2,25,1,2022-05-05 09:27:50
1651742872451758000,29.2,1,29.15,11,29.2,24,1,2022-05-05 09:27:52
1651742872994818000,29.2,1,29.15,16,29.2,23,1,2022-05-05 09:27:52
1651742873227118000,29.15,15,29.15,1,29.2,24,2,2022-05-05 09:27:53
1651742875147866000,29.15,2,29.1,48,29.2,24,2,2022-05-05 09:27:55
1651742875304215000,29.2,11,29.1,48,29.2,17,1,2022-05-05 09:27:55
1651742875882304000,29.15,1,29.15,1,29.2,17,2,2022-05-05 09:27:55
1651742876877940000,29.15,1,29.15,1,29.2,14,2,2022-05-05 09:27:56
1651742877016460000,29.15,1,29.1,48,29.2,14,2,2022-05-05 09:27:57
1651742878683502000,29.15,2,29.1,48,29.2,15,1,2022-05-05 09:27:58
1651742878908187000,29.2,2,29.1,48,29.2,15,1,2022-05-05 09:27:58
1651742882164065000,29.15,3,29.15,6,29.2,20,2,2022-05-05 09:28:02
1651742883064988000,29.15,7,29.1,45,29.15,3,2,2022-05-05 09:28:03
1651742884585929000,29.15,3,29.1,129,29.2,21,1,2022-05-05 09:28:04
1651742884585929000,29.2,2,29.1,129,29.2,21,1,2022-05-05 09:28:04
1651742885402898000,29.1,8,29.1,122,29.15,2,2,2022-05-05 09:28:05
1651742886002707000,29.15,1,29.1,122,29.15,2,1,2022-05-05 09:28:06
1651742886410428000,29.15,3,29.1,123,29.15,2,1,2022-05-05 09:28:06
1651742887278322000,29.15,1,29.1,131,29.15,1,1,2022-05-05 09:28:07
1651742887593239000,29.15,1,29.1,131,29.2,29,1,2022-05-05 09:28:07
1651742887980569000,29.15,5,29.1,140,29.15,17,1,2022-05-05 09:28:07
1651742888512266000,29.15,1,29.1,141,29.15,16,1,2022-05-05 09:28:08
1651742889847751000,29.15,1,29.1,148,29.15,15,1,2022-05-05 09:28:09
1651742889877463000,29.15,2,29.1,148,29.15,13,1,2022-05-05 09:28:09
1651742892510993000,29.15,1,29.1,148,29.15,14,1,2022-05-05 09:28:12
1651742892787600000,29.15,1,29.1,148,29.15,13,1,2022-05-05 09:28:12
1651742893924839000,29.15,3,29.1,148,29.15,10,1,2022-05-05 09:28:13
1651742894592738000,29.15,1,29.1,149,29.15,9,1,2022-05-05 09:28:14
1651742896599086000,29.15,1,29.1,149,29.15,9,1,2022-05-05 09:28:16
1651742896699568000,29.15,1,29.1,149,29.15,8,1,2022-05-05 09:28:16
1651742897416740000,29.15,1,29.1,149,29.15,7,1,2022-05-05 09:28:17
1651742898707166000,29.15,1,29.1,149,29.15,6,1,2022-05-05 09:28:18
1651742898800734000,29.15,1,29.1,149,29.15,5,1,2022-05-05 09:28:18
1651742900110719000,29.15,3,29.1,149,29.15,2,1,2022-05-05 09:28:20
1651742901923662000,29.1,1,29.1,149,29.15,3,2,2022-05-05 09:28:21
1651742901947477000,29.15,3,29.1,149,29.2,50,1,2022-05-05 09:28:21
1651742902712848000,29.15,1,29.15,4,29.2,49,1,2022-05-05 09:28:22
1651742906941859000,29.15,4,29.1,150,29.15,1,2,2022-05-05 09:28:26
1651742907056281000,29.15,1,29.15,4,29.2,47,1,2022-05-05 09:28:27
1651742908581552000,29.15,1,29.15,8,29.2,52,2,2022-05-05 09:28:28
1651742910041392000,29.2,2,29.15,8,29.2,55,1,2022-05-05 09:28:30
1651742911163201000,29.15,2,29.15,7,29.2,66,2,2022-05-05 09:28:31
1651742911233732000,29.15,1,29.15,6,29.2,66,2,2022-05-05 09:28:31
1651742911969924000,29.15,1,29.15,5,29.2,66,2,2022-05-05 09:28:31
1651742912522764000,29.15,1,29.15,13,29.2,66,2,2022-05-05 09:28:32
1651742913147630000,29.2,1,29.15,13,29.2,65,1,2022-05-05 09:28:33
1651742914229949000,29.15,5,29.15,8,29.2,65,2,2022-05-05 09:28:34
1651742914271389000,29.15,5,29.15,3,29.2,65,2,2022-05-05 09:28:34
1651742914301948000,29.15,3,29.1,146,29.2,65,2,2022-05-05 09:28:34
1651742915029396000,29.15,2,29.1,145,29.15,13,1,2022-05-05 09:28:35
1651742916611344000,29.15,10,29.1,145,29.15,21,1,2022-05-05 09:28:36
1651742917963881000,29.15,1,29.1,146,29.15,22,1,2022-05-05 09:28:37
1651742918498165000,29.1,9,29.1,137,29.15,22,2,2022-05-05 09:28:38
1651742919207369000,29.15,2,29.1,137,29.15,20,1,2022-05-05 09:28:39
1651742919559249000,29.15,1,29.1,137,29.15,19,1,2022-05-05 09:28:39
1651742919792972000,29.1,2,29.1,135,29.15,19,2,2022-05-05 09:28:39
1651742923562154000,29.15,1,29.1,132,29.15,23,1,2022-05-05 09:28:43
1651742923591926000,29.15,4,29.1,132,29.15,19,1,2022-05-05 09:28:43
1651742925822582000,29.15,5,29.1,132,29.15,17,1,2022-05-05 09:28:45
1651742926771264000,29.15,1,29.1,132,29.15,36,1,2022-05-05 09:28:46
1651742928249782000,29.1,17,29.1,115,29.15,46,2,2022-05-05 09:28:48
1651742929211529000,29.1,1,29.1,114,29.15,46,2,2022-05-05 09:28:49
1651742929393727000,29.1,1,29.1,113,29.15,46,2,2022-05-05 09:28:49
1651742929555656000,29.1,5,29.1,108,29.15,46,2,2022-05-05 09:28:49
1651742930118822000,29.1,3,29.1,105,29.15,46,2,2022-05-05 09:28:50
1651742931864807000,29.1,1,29.1,104,29.15,47,2,2022-05-05 09:28:51
1651742932224040000,29.1,1,29.1,103,29.15,46,2,2022-05-05 09:28:52
1651742933472997000,29.1,4,29.1,104,29.15,44,2,2022-05-05 09:28:53
1651742934930325000,29.1,5,29.1,99,29.15,44,2,2022-05-05 09:28:54
1651742935846285000,29.15,1,29.1,99,29.15,43,1,2022-05-05 09:28:55
1651742937463028000,29.1,4,29.1,98,29.15,43,2,2022-05-05 09:28:57
1651742937965712000,29.1,1,29.1,97,29.15,43,2,2022-05-05 09:28:57
1651742938105833000,29.1,10,29.1,87,29.15,43,2,2022-05-05 09:28:58
1651742938132436000,29.1,33,29.1,54,29.15,43,2,2022-05-05 09:28:58
1651742938132465000,29.1,33,29.1,21,29.15,43,2,2022-05-05 09:28:58
1651742938153239000,29.1,21,29.05,7,29.15,43,2,2022-05-05 09:28:58
1651742939631795000,29.1,2,29.05,7,29.1,4,1,2022-05-05 09:28:59
1651742941226345000,29.05,7,29.0,64,29.1,23,2,2022-05-05 09:29:01
1651742941226345000,29.0,9,29.0,64,29.1,23,2,2022-05-05 09:29:01
1651742941295378000,29.0,1,29.0,63,29.1,27,2,2022-05-05 09:29:01
1651742941457963000,29.0,1,29.0,62,29.1,28,2,2022-05-05 09:29:01
1651742941911622000,29.0,5,29.0,57,29.05,1,2,2022-05-05 09:29:01
1651742942213223000,29.0,1,29.0,56,29.05,1,2,2022-05-05 09:29:02
1651742945378578000,29.0,2,29.0,49,29.05,4,2,2022-05-05 09:29:05
1651742945686778000,29.0,10,29.0,39,29.05,4,2,2022-05-05 09:29:05
1651742946345046000,29.0,1,29.0,38,29.05,4,2,2022-05-05 09:29:06
1651742946723163000,29.0,5,29.0,33,29.05,4,2,2022-05-05 09:29:06
1651742947258426000,29.05,5,29.0,33,29.05,3,1,2022-05-05 09:29:07
1651742947458091000,29.0,1,29.0,34,29.05,2,2,2022-05-05 09:29:07
1651742949276689000,29.0,1,29.0,33,29.05,2,2,2022-05-05 09:29:09
1651742950786089000,29.0,1,29.0,31,29.05,2,2,2022-05-05 09:29:10
1651742951271098000,29.0,1,29.0,30,29.05,2,2,2022-05-05 09:29:11
1651742951736592000,29.0,1,29.0,29,29.05,2,2,2022-05-05 09:29:11
1651742951825560000,29.0,1,29.0,28,29.05,2,2,2022-05-05 09:29:11
1651742953817753000,29.0,4,29.0,28,29.05,4,2,2022-05-05 09:29:13
1651742956222754000,29.0,1,29.0,30,29.05,6,2,2022-05-05 09:29:16
1651742957466515000,29.05,2,29.0,30,29.05,4,1,2022-05-05 09:29:17
1651742961218876000,29.0,3,29.0,29,29.05,4,2,2022-05-05 09:29:21
1651742965530648000,29.05,4,29.0,27,29.1,31,1,2022-05-05 09:29:25
1651742967523017000,29.05,1,29.05,2,29.1,25,2,2022-05-05 09:29:27
1651742967564413000,29.05,2,29.0,29,29.1,25,2,2022-05-05 09:29:27
1651742969303925000,29.05,1,29.0,37,29.1,24,2,2022-05-05 09:29:29
1651742969303925000,29.0,2,29.0,37,29.1,24,2,2022-05-05 09:29:29
1651742969426675000,29.0,1,29.0,36,29.1,24,2,2022-05-05 09:29:29
1651742971013590000,29.05,1,29.0,36,29.1,24,1,2022-05-05 09:29:31
1651742972248681000,29.05,1,29.0,35,29.05,1,1,2022-05-05 09:29:32
1651742973044896000,29.05,1,29.05,1,29.1,24,1,2022-05-05 09:29:33
1651742973461081000,29.05,1,29.0,36,29.05,2,2,2022-05-05 09:29:33
1651742977286951000,29.05,1,29.0,38,29.05,5,1,2022-05-05 09:29:37
1651742980215888000,29.05,2,29.0,34,29.05,4,1,2022-05-05 09:29:40
1651742982873475000,29.05,1,29.0,34,29.05,3,1,2022-05-05 09:29:42
1651742983144121000,29.0,1,29.0,33,29.05,3,2,2022-05-05 09:29:43
1651742984456954000,29.05,1,29.0,33,29.05,3,1,2022-05-05 09:29:44
1651742984749169000,29.05,2,29.0,33,29.05,1,1,2022-05-05 09:29:44
1651742988289109000,29.05,1,29.0,38,29.05,5,1,2022-05-05 09:29:48
1651742992772315000,29.05,2,29.0,38,29.05,8,1,2022-05-05 09:29:52
1651742993440239000,29.05,1,29.0,38,29.05,7,1,2022-05-05 09:29:53
1651742993828373000,29.05,1,29.0,38,29.05,6,1,2022-05-05 09:29:53
1651742994002108000,29.0,2,29.0,34,29.05,6,2,2022-05-05 09:29:54
1651742994834540000,29.05,1,29.0,34,29.05,5,1,2022-05-05 09:29:54
1651742998119192000,29.05,5,29.0,39,29.1,31,1,2022-05-05 09:29:58
1651743002423048000,29.05,2,29.05,1,29.1,31,2,2022-05-05 09:30:02
1651743013649892000,29.05,10,29.05,10,29.1,34,2,2022-05-05 09:30:13
1651743013990619000,29.05,1,29.05,9,29.1,34,2,2022-05-05 09:30:13
1651743014482467000,29.05,7,29.05,2,29.1,34,2,2022-05-05 09:30:14
1651743016279270000,29.05,1,29.05,1,29.1,34,2,2022-05-05 09:30:16
1651743016671797000,29.05,1,29.0,41,29.05,2,2,2022-05-05 09:30:16
1651743016706263000,29.05,2,29.0,41,29.1,34,1,2022-05-05 09:30:16
1651743017456041000,29.05,1,29.05,9,29.1,34,2,2022-05-05 09:30:17
1651743019323107000,29.05,4,29.05,5,29.1,34,2,2022-05-05 09:30:19
1651743020329593000,29.05,1,29.05,4,29.1,33,2,2022-05-05 09:30:20
1651743020989326000,29.05,3,29.05,1,29.1,33,2,2022-05-05 09:30:20
1651743023228204000,29.05,1,29.0,41,29.05,1,2,2022-05-05 09:30:23
1651743023254981000,29.05,1,29.0,41,29.1,32,1,2022-05-05 09:30:23
1651743024181738000,29.0,10,29.0,31,29.1,32,2,2022-05-05 09:30:24
1651743026956879000,29.0,3,29.0,25,29.05,2,2,2022-05-05 09:30:26
1651743027527463000,29.0,7,29.0,18,29.05,3,2,2022-05-05 09:30:27
1651743028487704000,29.0,2,29.0,16,29.05,3,2,2022-05-05 09:30:28
1651743030375861000,29.0,1,29.0,18,29.05,3,2,2022-05-05 09:30:30
1651743031675775000,29.05,1,29.0,21,29.05,2,1,2022-05-05 09:30:31
1651743032501374000,29.0,1,29.0,20,29.05,2,2,2022-05-05 09:30:32
1651743033807028000,29.0,2,29.0,17,29.05,2,2,2022-05-05 09:30:33
1651743039946513000,29.05,1,29.0,19,29.05,15,1,2022-05-05 09:30:39
1651743045122209000,29.05,2,29.0,17,29.05,15,1,2022-05-05 09:30:45
1651743048826661000,29.0,9,29.0,11,29.05,15,2,2022-05-05 09:30:48
1651743050503353000,29.05,4,29.0,12,29.05,11,1,2022-05-05 09:30:50
1651743052537594000,29.0,1,29.0,11,29.05,11,2,2022-05-05 09:30:52
1651743056394854000,29.05,1,29.0,11,29.05,10,1,2022-05-05 09:30:56
1651743057299175000,29.0,11,28.95,19,29.0,31,2,2022-05-05 09:30:57
1651743063259660000,28.95,1,28.95,20,29.0,35,2,2022-05-05 09:31:03
1651743064446446000,28.95,2,28.95,18,29.0,35,2,2022-05-05 09:31:04
1651743064655313000,29.0,1,28.95,18,29.0,34,1,2022-05-05 09:31:04
1651743064837334000,29.0,10,28.95,18,29.0,24,1,2022-05-05 09:31:04
1651743064873681000,29.0,6,28.95,18,29.0,18,1,2022-05-05 09:31:04
1651743064904789000,29.0,18,28.95,18,29.05,9,1,2022-05-05 09:31:04
1651743071666111000,29.0,1,29.0,23,29.05,9,2,2022-05-05 09:31:11
1651743072006119000,29.0,1,29.0,22,29.05,9,2,2022-05-05 09:31:12
1651743073681025000,29.0,1,29.0,22,29.05,9,2,2022-05-05 09:31:13
1651743074458111000,29.0,1,29.0,21,29.05,10,2,2022-05-05 09:31:14
1651743077219156000,29.0,3,29.0,18,29.05,11,2,2022-05-05 09:31:17
1651743077360874000,29.0,1,29.0,12,29.05,11,2,2022-05-05 09:31:17
1651743077567494000,29.0,1,29.0,11,29.05,11,2,2022-05-05 09:31:17
1651743078627053000,29.0,1,29.0,11,29.05,11,2,2022-05-05 09:31:18
1651743079894314000,29.0,1,29.0,10,29.05,11,2,2022-05-05 09:31:19
1651743080036196000,29.05,1,29.0,10,29.05,10,1,2022-05-05 09:31:20
1651743080245570000,29.05,1,29.0,10,29.05,9,1,2022-05-05 09:31:20
1651743081102204000,29.0,5,29.0,6,29.05,9,2,2022-05-05 09:31:21
1651743086864561000,29.0,7,29.0,1,29.05,12,2,2022-05-05 09:31:26
1651743087966108000,29.05,1,29.0,1,29.05,11,1,2022-05-05 09:31:27
1651743090298964000,29.0,1,29.0,5,29.05,14,2,2022-05-05 09:31:30
1651743093381579000,29.0,3,29.0,8,29.05,14,2,2022-05-05 09:31:33
1651743098093674000,29.05,8,29.0,13,29.05,6,1,2022-05-05 09:31:38
1651743098127922000,29.05,6,29.0,13,29.1,41,1,2022-05-05 09:31:38
1651743098282560000,29.05,1,29.05,4,29.1,37,2,2022-05-05 09:31:38
1651743117122969000,29.05,3,29.0,73,29.05,21,1,2022-05-05 09:31:57
1651743124711071000,29.05,2,29.0,73,29.05,21,1,2022-05-05 09:32:04
1651743136055545000,29.05,2,29.0,70,29.05,23,1,2022-05-05 09:32:16
1651743137399481000,29.05,1,29.0,71,29.05,22,1,2022-05-05 09:32:17
1651743140848984000,29.05,2,29.0,71,29.05,33,1,2022-05-05 09:32:20
1651743141622949000,29.05,3,29.0,71,29.05,30,1,2022-05-05 09:32:21
1651743143086195000,29.05,13,29.0,71,29.05,17,1,2022-05-05 09:32:23
1651743144612102000,29.05,10,29.0,71,29.05,7,1,2022-05-05 09:32:24
1651743144645843000,29.05,7,29.0,71,29.1,40,1,2022-05-05 09:32:24
1651743145188047000,29.05,1,29.05,1,29.1,40,1,2022-05-05 09:32:25
1651743147014955000,29.1,4,29.05,5,29.1,36,1,2022-05-05 09:32:27
1651743149485251000,29.1,1,29.05,7,29.1,35,1,2022-05-05 09:32:29
1651743150633370000,29.1,1,29.05,8,29.1,34,1,2022-05-05 09:32:30
1651743154843663000,29.1,1,29.05,13,29.1,33,1,2022-05-05 09:32:34
1651743156546835000,29.05,1,29.05,12,29.1,34,2,2022-05-05 09:32:36
1651743159580813000,29.1,1,29.05,12,29.1,33,1,2022-05-05 09:32:39
1651743160238695000,29.05,1,29.05,11,29.1,33,2,2022-05-05 09:32:40
1651743161996673000,29.1,6,29.05,11,29.1,27,1,2022-05-05 09:32:41
1651743175393644000,29.1,28,29.1,22,29.15,50,1,2022-05-05 09:32:55
1651743175498370000,29.1,5,29.1,17,29.15,46,2,2022-05-05 09:32:55
1651743176283173000,29.1,6,29.1,11,29.15,46,2,2022-05-05 09:32:56
1651743177725930000,29.1,1,29.1,13,29.15,46,2,2022-05-05 09:32:57
1651743177727212000,29.1,1,29.1,12,29.15,46,2,2022-05-05 09:32:57
1651743180222962000,29.15,26,29.1,19,29.15,20,1,2022-05-05 09:33:00
1651743180252598000,29.15,17,29.1,19,29.15,3,1,2022-05-05 09:33:00
1651743180289613000,29.15,3,29.1,23,29.2,79,1,2022-05-05 09:33:00
1651743180931350000,29.1,1,29.1,22,29.2,79,2,2022-05-05 09:33:00
1651743183134012000,29.15,1,29.15,10,29.2,79,2,2022-05-05 09:33:03
1651743187975927000,29.15,1,29.15,9,29.2,77,2,2022-05-05 09:33:07
1651743190438243000,29.15,1,29.15,13,29.2,77,2,2022-05-05 09:33:10
1651743192813309000,29.15,1,29.15,21,29.2,77,2,2022-05-05 09:33:12
1651743192904024000,29.15,1,29.15,20,29.2,77,2,2022-05-05 09:33:12
1651743193584079000,29.15,1,29.15,25,29.2,77,2,2022-05-05 09:33:13
1651743194464394000,29.15,1,29.15,24,29.2,77,2,2022-05-05 09:33:14
1651743197196133000,29.15,3,29.15,21,29.2,77,2,2022-05-05 09:33:17
1651743197362719000,29.15,2,29.15,19,29.2,77,2,2022-05-05 09:33:17
1651743201327084000,29.15,1,29.15,24,29.2,77,2,2022-05-05 09:33:21
1651743201577241000,29.15,1,29.15,23,29.2,77,2,2022-05-05 09:33:21
1651743202968068000,29.15,1,29.15,24,29.2,77,2,2022-05-05 09:33:22
1651743202972814000,29.15,15,29.15,9,29.2,77,2,2022-05-05 09:33:22
1651743204288265000,29.2,2,29.15,9,29.2,75,1,2022-05-05 09:33:24
1651743206247427000,29.15,1,29.15,8,29.2,75,2,2022-05-05 09:33:26
1651743208018260000,29.15,1,29.15,7,29.2,76,2,2022-05-05 09:33:28
