ts,close,volume,bid_price,bid_volume,ask_price,ask_volume,tick_type,datetime
1650013216693195000,86.0,273,86.0,12,86.1,11,2,2022-04-15 09:00:16
1650013216720636000,86.1,11,86.0,12,86.8,1,1,2022-04-15 09:00:16
1650013216970370000,86.1,1,86.1,4,86.8,1,2,2022-04-15 09:00:16
1650013217299467000,86.8,1,86.3,1,86.9,1,1,2022-04-15 09:00:17
1650013217351493000,86.4,1,85.8,28,86.9,1,2,2022-04-15 09:00:17
1650013217351493000,86.2,5,85.8,28,86.9,1,2,2022-04-15 09:00:17
1650013217351493000,86.0,22,85.8,28,86.9,1,2,2022-04-15 09:00:17
1650013217351493000,85.8,22,85.8,28,86.9,1,2,2022-04-15 09:00:17
1650013217547149000,86.1,1,85.8,28,86.8,3,2,2022-04-15 09:00:17
1650013218063120000,86.3,11,86.0,1,86.8,5,1,2022-04-15 09:00:18
1650013218300170000,86.1,1,85.8,27,86.0,7,2,2022-04-15 09:00:18
1650013218300170000,86.0,2,85.8,27,86.0,7,2,2022-04-15 09:00:18
1650013218321989000,86.0,1,85.8,27,86.0,6,1,2022-04-15 09:00:18
1650013218322036000,86.0,6,85.8,26,86.7,2,1,2022-04-15 09:00:18
1650013220384469000,86.3,6,86.0,12,86.6,1,1,2022-04-15 09:00:20
1650013220779288000,86.6,1,86.1,10,86.8,6,1,2022-04-15 09:00:20
1650013221893105000,86.8,4,86.1,10,87.0,1,1,2022-04-15 09:00:21
1650013221893105000,86.9,1,86.1,10,87.0,1,1,2022-04-15 09:00:21
1650013221893105000,87.0,5,86.1,10,87.0,1,1,2022-04-15 09:00:21
1650013222798582000,86.2,4,85.8,16,86.9,1,2,2022-04-15 09:00:22
1650013222798582000,86.1,11,85.8,16,86.9,1,2,2022-04-15 09:00:22
1650013222798582000,86.0,14,85.8,16,86.9,1,2,2022-04-15 09:00:22
1650013222798582000,85.8,21,85.8,16,86.9,1,2,2022-04-15 09:00:22
1650013224073158000,86.8,1,85.9,3,86.8,1,1,2022-04-15 09:00:24
1650013226208327000,86.1,1,86.1,9,86.5,1,2,2022-04-15 09:00:26
1650013226341097000,86.1,9,85.9,1,86.5,1,2,2022-04-15 09:00:26
1650013226341097000,86.0,1,85.9,1,86.5,1,2,2022-04-15 09:00:26
1650013227095119000,86.3,1,86.1,10,86.4,1,1,2022-04-15 09:00:27
1650013227461236000,86.1,1,86.1,11,86.4,1,2,2022-04-15 09:00:27
1650013229542960000,86.1,1,86.1,11,86.4,1,2,2022-04-15 09:00:29
1650013229783780000,86.4,1,86.1,9,86.6,1,1,2022-04-15 09:00:29
1650013230059761000,86.6,1,86.2,5,86.8,6,1,2022-04-15 09:00:30
1650013232284851000,86.8,1,86.3,5,86.8,3,1,2022-04-15 09:00:32
1650013232351607000,86.8,3,86.8,2,87.0,1,1,2022-04-15 09:00:32
1650013232383472000,86.8,2,86.3,5,87.0,1,2,2022-04-15 09:00:32
1650013234454931000,86.6,1,86.5,1,87.0,1,2,2022-04-15 09:00:34
1650013238951373000,86.7,1,86.6,1,86.8,1,1,2022-04-15 09:00:38
1650013240829659000,86.8,1,86.6,3,86.8,1,1,2022-04-15 09:00:40
1650013240856721000,86.8,1,86.6,3,86.9,1,1,2022-04-15 09:00:40
1650013241065945000,86.6,5,86.5,2,86.6,5,2,2022-04-15 09:00:41
1650013241073745000,86.6,1,86.5,2,86.6,4,1,2022-04-15 09:00:41
1650013241097801000,86.6,4,86.5,2,86.9,1,1,2022-04-15 09:00:41
1650013242285416000,86.9,1,86.7,1,87.2,4,1,2022-04-15 09:00:42
1650013242285416000,87.0,2,86.7,1,87.2,4,1,2022-04-15 09:00:42
1650013242507704000,86.8,3,86.7,4,87.2,4,1,2022-04-15 09:00:42
1650013243072493000,86.7,1,86.7,3,87.2,4,2,2022-04-15 09:00:43
1650013244077644000,86.9,10,86.6,2,87.0,1,1,2022-04-15 09:00:44
1650013245656913000,86.6,2,86.5,2,86.6,8,2,2022-04-15 09:00:45
1650013245685115000,86.6,8,86.5,2,86.9,1,1,2022-04-15 09:00:45
1650013245923471000,86.6,1,86.5,2,86.9,1,2,2022-04-15 09:00:45
1650013246528184000,86.8,1,86.5,2,86.9,1,2,2022-04-15 09:00:46
1650013249466297000,86.9,1,86.6,4,87.0,2,1,2022-04-15 09:00:49
1650013251178534000,86.7,1,86.5,2,86.6,5,2,2022-04-15 09:00:51
1650013251178534000,86.6,4,86.5,2,86.6,5,2,2022-04-15 09:00:51
1650013251203392000,86.6,5,86.5,2,87.0,2,1,2022-04-15 09:00:51
1650013251437076000,86.5,2,86.5,3,87.0,2,2,2022-04-15 09:00:51
1650013251782574000,86.7,1,86.5,3,87.0,4,2,2022-04-15 09:00:51
1650013251846671000,87.0,1,86.5,3,87.0,3,1,2022-04-15 09:00:51
1650013252239557000,87.0,1,86.6,1,87.0,2,1,2022-04-15 09:00:52
1650013252404766000,87.0,2,87.0,3,87.1,1,1,2022-04-15 09:00:52
1650013252446865000,87.0,3,86.6,1,87.1,1,2,2022-04-15 09:00:52
1650013253088992000,86.9,1,86.6,2,87.1,1,1,2022-04-15 09:00:53
1650013253530603000,86.9,1,86.6,2,87.1,1,2,2022-04-15 09:00:53
1650013253824742000,87.0,1,86.7,1,87.1,4,1,2022-04-15 09:00:53
1650013253847693000,86.7,1,86.6,2,87.1,4,2,2022-04-15 09:00:53
1650013253909564000,86.9,1,86.6,2,87.1,4,2,2022-04-15 09:00:53
1650013253974565000,86.7,1,86.6,2,87.0,2,2,2022-04-15 09:00:53
1650013255106367000,86.8,1,86.6,4,86.9,7,2,2022-04-15 09:00:55
1650013255137502000,86.6,4,86.5,4,86.9,7,2,2022-04-15 09:00:55
1650013255686589000,86.9,1,86.6,1,86.9,8,1,2022-04-15 09:00:55
1650013257308984000,86.8,1,86.8,2,86.9,6,1,2022-04-15 09:00:57
1650013257341090000,86.8,2,86.7,1,86.9,6,2,2022-04-15 09:00:57
1650013257372147000,86.7,1,86.6,5,86.9,6,2,2022-04-15 09:00:57
1650013257437410000,86.8,2,86.6,5,86.9,6,2,2022-04-15 09:00:57
1650013257469997000,86.6,5,86.5,4,86.9,6,2,2022-04-15 09:00:57
1650013260533637000,86.8,1,86.7,1,86.8,1,1,2022-04-15 09:01:00
1650013260818812000,86.7,1,86.6,2,86.8,10,2,2022-04-15 09:01:00
1650013261789163000,86.6,2,86.6,1,86.7,4,2,2022-04-15 09:01:01
1650013261894598000,86.6,1,86.5,8,86.7,4,2,2022-04-15 09:01:01
1650013261923287000,86.5,8,86.4,2,86.7,4,2,2022-04-15 09:01:01
1650013262548016000,86.6,1,86.4,2,86.7,5,2,2022-04-15 09:01:02
1650013263076677000,86.6,1,86.4,2,86.7,5,2,2022-04-15 09:01:03
1650013263141431000,86.7,1,86.4,2,86.7,4,1,2022-04-15 09:01:03
1650013263264986000,86.6,1,86.4,2,86.7,4,2,2022-04-15 09:01:03
1650013263329111000,86.6,1,86.4,2,86.7,4,2,2022-04-15 09:01:03
1650013263447478000,86.5,1,86.3,1,86.6,1,2,2022-04-15 09:01:03
1650013263447478000,86.4,2,86.3,1,86.6,1,2,2022-04-15 09:01:03
1650013263447478000,86.3,2,86.3,1,86.6,1,2,2022-04-15 09:01:03
1650013263638990000,86.6,1,86.3,1,86.6,2,1,2022-04-15 09:01:03
1650013263719387000,86.6,1,86.3,1,86.6,1,1,2022-04-15 09:01:03
1650013263794476000,86.3,1,86.2,4,86.6,2,2,2022-04-15 09:01:03
1650013263794476000,86.2,1,86.2,4,86.6,2,2,2022-04-15 09:01:03
1650013264110715000,86.6,1,86.2,4,86.6,1,1,2022-04-15 09:01:04
1650013264192420000,86.6,1,86.2,4,86.7,4,1,2022-04-15 09:01:04
1650013265438587000,86.6,1,86.3,3,86.7,4,2,2022-04-15 09:01:05
1650013265806349000,86.5,2,86.3,3,86.7,4,2,2022-04-15 09:01:05
1650013269379579000,86.4,1,86.2,4,86.7,15,2,2022-04-15 09:01:09
1650013270658034000,86.5,3,86.3,1,86.6,1,1,2022-04-15 09:01:10
1650013271487542000,86.3,1,86.2,9,86.4,1,2,2022-04-15 09:01:11
1650013272471345000,86.4,1,86.2,9,86.6,13,1,2022-04-15 09:01:12
1650013273497393000,86.3,1,86.2,9,86.6,13,2,2022-04-15 09:01:13
1650013275774930000,86.4,1,86.2,10,86.6,13,2,2022-04-15 09:01:15
1650013276020511000,86.5,3,86.2,10,86.6,13,2,2022-04-15 09:01:16
1650013276594080000,86.3,1,86.3,1,86.5,1,2,2022-04-15 09:01:16
1650013277175320000,86.4,1,86.3,1,86.5,1,2,2022-04-15 09:01:17
1650013278344948000,86.3,1,86.3,5,86.4,1,2,2022-04-15 09:01:18
1650013278379093000,86.3,5,86.2,10,86.4,1,2,2022-04-15 09:01:18
1650013278962676000,86.3,1,86.2,10,86.4,1,1,2022-04-15 09:01:18
1650013279160719000,86.3,1,86.2,10,86.4,1,2,2022-04-15 09:01:19
1650013280113752000,86.3,1,86.3,5,86.4,3,2,2022-04-15 09:01:20
1650013280385260000,86.3,1,86.3,4,86.4,2,2,2022-04-15 09:01:20
1650013281718450000,86.4,3,86.3,4,86.6,12,1,2022-04-15 09:01:21
1650013281718450000,86.5,1,86.3,4,86.6,12,1,2022-04-15 09:01:21
1650013281718450000,86.6,1,86.3,4,86.6,12,1,2022-04-15 09:01:21
1650013282043545000,86.5,1,86.4,1,86.6,12,2,2022-04-15 09:01:22
1650013282074637000,86.4,1,86.3,5,86.6,12,2,2022-04-15 09:01:22
1650013282815952000,86.3,2,86.3,4,86.6,12,2,2022-04-15 09:01:22
1650013282887532000,86.6,1,86.3,4,86.6,11,1,2022-04-15 09:01:22
1650013283204656000,86.6,1,86.3,5,86.6,10,1,2022-04-15 09:01:23
1650013284134025000,86.3,5,86.2,10,86.3,13,2,2022-04-15 09:01:24
1650013284451033000,86.3,1,86.2,10,86.3,12,1,2022-04-15 09:01:24
1650013284877601000,86.3,1,86.2,10,86.3,11,1,2022-04-15 09:01:24
1650013284917260000,86.3,2,86.2,10,86.3,9,1,2022-04-15 09:01:24
1650013284995845000,86.3,7,86.2,10,86.3,3,1,2022-04-15 09:01:24
1650013284996870000,86.3,1,86.2,10,86.3,2,1,2022-04-15 09:01:24
1650013285025375000,86.3,2,86.2,10,86.6,10,1,2022-04-15 09:01:25
1650013285162851000,86.5,1,86.2,10,86.6,10,2,2022-04-15 09:01:25
1650013286982699000,86.5,1,86.4,1,86.6,11,1,2022-04-15 09:01:26
1650013287789512000,86.4,1,86.2,10,86.6,11,2,2022-04-15 09:01:27
1650013289421582000,86.3,1,86.2,10,86.5,2,2,2022-04-15 09:01:29
1650013289994922000,86.5,1,86.3,10,86.5,1,1,2022-04-15 09:01:29
1650013290932472000,86.5,1,86.3,10,86.6,8,1,2022-04-15 09:01:30
1650013291944745000,86.5,1,86.4,1,86.6,8,1,2022-04-15 09:01:31
1650013293628790000,86.5,1,86.4,1,86.6,8,2,2022-04-15 09:01:33
1650013293628790000,86.4,1,86.4,1,86.6,8,2,2022-04-15 09:01:33
1650013296814143000,86.4,1,86.4,1,86.5,1,2,2022-04-15 09:01:36
1650013296982867000,86.5,2,86.4,1,86.6,9,1,2022-04-15 09:01:36
1650013299726948000,86.5,1,86.4,5,86.5,2,1,2022-04-15 09:01:39
1650013300686583000,86.5,1,86.4,6,86.5,1,1,2022-04-15 09:01:40
1650013300805804000,86.5,1,86.4,6,86.6,8,1,2022-04-15 09:01:40
1650013301802193000,86.6,2,86.4,7,86.6,7,1,2022-04-15 09:01:41
1650013302464714000,86.4,1,86.4,7,86.6,7,2,2022-04-15 09:01:42
1650013303877869000,86.5,1,86.4,8,86.6,7,1,2022-04-15 09:01:43
1650013305527285000,86.5,1,86.5,2,86.6,7,2,2022-04-15 09:01:45
1650013307869000000,86.6,2,86.5,4,86.6,10,1,2022-04-15 09:01:47
1650013308587809000,86.6,10,86.5,4,86.7,14,1,2022-04-15 09:01:48
1650013310656147000,86.7,1,86.5,9,86.7,13,1,2022-04-15 09:01:50
1650013311520328000,86.5,1,86.5,10,86.7,13,2,2022-04-15 09:01:51
1650013312996440000,86.6,1,86.5,13,86.7,13,1,2022-04-15 09:01:52
1650013313060591000,86.6,1,86.5,13,86.7,13,1,2022-04-15 09:01:53
1650013313098585000,86.7,2,86.5,13,86.7,11,1,2022-04-15 09:01:53
1650013316063113000,86.5,3,86.5,11,86.6,7,2,2022-04-15 09:01:56
1650013316111195000,86.5,1,86.5,10,86.6,7,2,2022-04-15 09:01:56
1650013316867035000,86.6,1,86.5,10,86.6,6,1,2022-04-15 09:01:56
1650013317913670000,86.6,1,86.5,12,86.6,5,1,2022-04-15 09:01:57
1650013318010681000,86.6,3,86.5,10,86.6,2,1,2022-04-15 09:01:58
1650013318029518000,86.6,1,86.5,10,86.6,1,1,2022-04-15 09:01:58
1650013319114692000,86.6,1,86.5,9,86.7,11,1,2022-04-15 09:01:59
1650013324292738000,86.6,5,86.6,5,86.7,11,2,2022-04-15 09:02:04
1650013324323144000,86.6,1,86.6,4,86.7,11,2,2022-04-15 09:02:04
1650013324328298000,86.6,1,86.6,3,86.7,11,2,2022-04-15 09:02:04
1650013324343029000,86.6,3,86.5,11,86.7,11,2,2022-04-15 09:02:04
1650013325221546000,86.7,5,86.5,11,86.7,6,1,2022-04-15 09:02:05
1650013327506274000,86.6,1,86.5,12,86.7,6,1,2022-04-15 09:02:07
1650013328912563000,86.7,1,86.6,2,86.7,5,1,2022-04-15 09:02:08
1650013331939707000,86.6,1,86.6,4,86.7,5,2,2022-04-15 09:02:11
1650013332894736000,86.7,5,86.6,6,86.8,9,1,2022-04-15 09:02:12
1650013336931123000,86.8,1,86.7,8,86.8,8,1,2022-04-15 09:02:16
1650013337366249000,86.8,1,86.7,8,86.8,7,1,2022-04-15 09:02:17
1650013337391955000,86.8,6,86.7,8,86.8,1,1,2022-04-15 09:02:17
1650013337422236000,86.8,1,86.7,8,86.9,10,1,2022-04-15 09:02:17
1650013337693806000,86.9,5,86.7,9,86.9,5,1,2022-04-15 09:02:17
1650013338623917000,86.9,5,86.8,10,87.0,19,1,2022-04-15 09:02:18
1650013338756442000,87.0,1,86.8,10,87.0,18,1,2022-04-15 09:02:18
1650013339144265000,87.0,1,86.8,10,87.0,17,1,2022-04-15 09:02:19
1650013340096206000,87.0,1,86.8,10,87.0,16,1,2022-04-15 09:02:20
1650013340847282000,87.0,1,86.8,10,87.0,15,1,2022-04-15 09:02:20
1650013341186436000,87.0,4,86.8,10,87.0,11,1,2022-04-15 09:02:21
1650013341752153000,87.0,1,86.8,10,87.0,10,1,2022-04-15 09:02:21
1650013342871441000,87.0,1,86.9,1,87.0,9,1,2022-04-15 09:02:22
1650013342961403000,87.0,1,86.9,1,87.0,8,1,2022-04-15 09:02:22
1650013343251717000,87.0,1,86.9,1,87.0,7,1,2022-04-15 09:02:23
1650013343412394000,87.0,7,86.9,1,87.2,4,1,2022-04-15 09:02:23
1650013343412394000,87.1,1,86.9,1,87.2,4,1,2022-04-15 09:02:23
1650013343412394000,87.2,2,86.9,1,87.2,4,1,2022-04-15 09:02:23
1650013348165351000,87.1,1,87.0,5,87.2,4,1,2022-04-15 09:02:28
1650013348911122000,87.2,1,87.0,5,87.2,3,1,2022-04-15 09:02:28
1650013348995648000,87.2,1,87.0,5,87.2,2,1,2022-04-15 09:02:28
1650013351436587000,87.2,1,87.1,3,87.2,1,1,2022-04-15 09:02:31
1650013351863434000,87.1,1,87.1,2,87.2,1,2,2022-04-15 09:02:31
1650013352051561000,87.2,1,87.1,2,87.3,2,1,2022-04-15 09:02:32
1650013352287940000,87.3,1,87.1,2,87.3,1,1,2022-04-15 09:02:32
1650013352333038000,87.3,1,87.1,2,87.4,4,1,2022-04-15 09:02:32
1650013353221826000,87.4,4,87.1,4,87.5,44,1,2022-04-15 09:02:33
1650013355154915000,87.3,1,87.1,5,87.4,8,1,2022-04-15 09:02:35
1650013355967088000,87.4,1,87.1,5,87.4,7,1,2022-04-15 09:02:35
1650013356002037000,87.4,7,87.1,5,87.5,44,1,2022-04-15 09:02:36
1650013356312912000,87.1,1,87.1,5,87.5,44,2,2022-04-15 09:02:36
1650013356576864000,87.5,1,87.2,2,87.5,43,1,2022-04-15 09:02:36
1650013357225758000,87.5,1,87.2,2,87.5,42,1,2022-04-15 09:02:37
1650013357232171000,87.5,1,87.2,2,87.5,41,1,2022-04-15 09:02:37
1650013357236146000,87.5,1,87.2,2,87.5,40,1,2022-04-15 09:02:37
1650013357241443000,87.5,1,87.2,2,87.5,39,1,2022-04-15 09:02:37
1650013357646074000,87.4,1,87.2,2,87.5,39,2,2022-04-15 09:02:37
1650013359005915000,87.3,1,87.2,3,87.3,6,1,2022-04-15 09:02:39
1650013359808707000,87.3,1,87.2,3,87.3,5,1,2022-04-15 09:02:39
1650013360076825000,87.3,5,87.2,3,87.5,36,1,2022-04-15 09:02:40
1650013360076825000,87.4,3,87.2,3,87.5,36,1,2022-04-15 09:02:40
1650013360076825000,87.5,4,87.2,3,87.5,36,1,2022-04-15 09:02:40
1650013360386465000,87.5,1,87.2,3,87.5,35,1,2022-04-15 09:02:40
1650013361444693000,87.5,2,87.3,11,87.5,33,1,2022-04-15 09:02:41
1650013361567935000,87.4,1,87.3,11,87.5,33,1,2022-04-15 09:02:41
1650013363862185000,87.5,1,87.3,12,87.5,32,1,2022-04-15 09:02:43
1650013364096050000,87.5,1,87.3,13,87.5,32,1,2022-04-15 09:02:44
1650013364263625000,87.5,1,87.3,13,87.5,31,1,2022-04-15 09:02:44
1650013364557207000,87.4,1,87.3,13,87.4,6,2,2022-04-15 09:02:44
1650013364643333000,87.4,5,87.3,13,87.4,3,1,2022-04-15 09:02:44
1650013366647941000,87.3,4,87.3,10,87.4,11,2,2022-04-15 09:02:46
1650013366661783000,87.4,3,87.3,10,87.4,8,1,2022-04-15 09:02:46
1650013366858914000,87.3,4,87.3,6,87.4,8,2,2022-04-15 09:02:46
1650013366897463000,87.3,6,87.2,5,87.4,8,2,2022-04-15 09:02:46
1650013367213448000,87.4,1,87.2,5,87.4,9,1,2022-04-15 09:02:47
1650013367763408000,87.4,1,87.2,5,87.4,8,1,2022-04-15 09:02:47
1650013368035043000,87.4,1,87.2,5,87.4,8,1,2022-04-15 09:02:48
1650013368106161000,87.4,1,87.2,5,87.4,7,1,2022-04-15 09:02:48
1650013368305354000,87.4,1,87.2,6,87.4,6,1,2022-04-15 09:02:48
1650013368421911000,87.2,1,87.2,5,87.3,1,2,2022-04-15 09:02:48
1650013368994602000,87.3,1,87.2,5,87.4,7,1,2022-04-15 09:02:48
1650013369285677000,87.4,1,87.2,5,87.4,7,1,2022-04-15 09:02:49
1650013370167289000,87.3,1,87.2,7,87.4,7,1,2022-04-15 09:02:50
1650013371032163000,87.3,2,87.3,8,87.4,7,2,2022-04-15 09:02:51
1650013371061487000,87.3,8,87.2,7,87.4,7,2,2022-04-15 09:02:51
1650013371583542000,87.3,1,87.2,8,87.4,7,1,2022-04-15 09:02:51
1650013374696513000,87.3,1,87.2,9,87.3,1,2,2022-04-15 09:02:54
1650013375548640000,87.3,1,87.3,1,87.4,11,1,2022-04-15 09:02:55
1650013375577932000,87.3,1,87.2,10,87.4,11,2,2022-04-15 09:02:55
1650013376374574000,87.2,10,87.1,9,87.3,4,2,2022-04-15 09:02:56
1650013376391004000,87.3,1,87.1,9,87.3,3,1,2022-04-15 09:02:56
1650013376776117000,87.2,1,87.1,8,87.2,3,1,2022-04-15 09:02:56
1650013377645319000,87.1,8,87.0,10,87.2,4,2,2022-04-15 09:02:57
1650013377711267000,87.0,3,87.0,7,87.1,3,2,2022-04-15 09:02:57
1650013377741649000,87.0,3,87.0,4,87.1,3,2,2022-04-15 09:02:57
1650013377741886000,87.0,4,86.9,9,87.1,3,2,2022-04-15 09:02:57
1650013377778208000,87.0,1,86.9,8,87.0,2,1,2022-04-15 09:02:57
1650013377861475000,87.0,1,86.9,8,87.0,5,1,2022-04-15 09:02:57
1650013378322003000,87.0,1,86.9,7,87.0,4,1,2022-04-15 09:02:58
1650013379019948000,86.9,3,86.9,3,87.0,1,2,2022-04-15 09:02:59
1650013379023756000,86.9,2,86.9,1,87.0,1,2,2022-04-15 09:02:59
1650013379057163000,86.9,1,86.8,1,87.0,1,2,2022-04-15 09:02:59
1650013379092124000,87.0,1,86.8,1,87.2,2,1,2022-04-15 09:02:59
1650013379708378000,87.2,1,87.0,1,87.2,1,1,2022-04-15 09:02:59
1650013381271958000,87.2,1,87.0,2,87.3,13,1,2022-04-15 09:03:01
1650013381271958000,87.3,2,87.0,2,87.3,13,1,2022-04-15 09:03:01
1650013382515435000,87.0,2,86.8,1,87.0,8,2,2022-04-15 09:03:02
1650013383152747000,87.0,1,86.8,1,87.0,7,1,2022-04-15 09:03:03
1650013383544259000,87.0,1,86.8,1,87.0,6,1,2022-04-15 09:03:03
1650013385329592000,86.8,2,86.7,17,86.8,7,2,2022-04-15 09:03:05
1650013385437466000,86.8,2,86.7,17,86.8,5,1,2022-04-15 09:03:05
1650013387345402000,86.7,5,86.7,11,87.0,1,2,2022-04-15 09:03:07
1650013389410267000,87.0,2,86.7,11,87.1,6,1,2022-04-15 09:03:09
1650013389410267000,87.1,3,86.7,11,87.1,6,1,2022-04-15 09:03:09
1650013391064212000,87.0,1,86.7,11,87.1,7,1,2022-04-15 09:03:11
1650013392219045000,86.7,2,86.7,12,87.0,1,2,2022-04-15 09:03:12
1650013393338249000,87.0,1,86.7,12,87.1,4,1,2022-04-15 09:03:13
1650013393338249000,87.1,3,86.7,12,87.1,4,1,2022-04-15 09:03:13
1650013397046392000,87.0,1,86.8,1,87.0,2,1,2022-04-15 09:03:17
1650013397272617000,87.0,2,87.1,4,87.3,15,1,2022-04-15 09:03:17
1650013397272617000,87.1,4,87.1,4,87.3,15,1,2022-04-15 09:03:17
1650013397296902000,87.1,4,86.8,1,87.3,15,2,2022-04-15 09:03:17
1650013398436227000,87.0,1,86.8,2,87.1,1,1,2022-04-15 09:03:18
1650013398436227000,87.1,1,86.8,2,87.1,1,1,2022-04-15 09:03:18
1650013404176181000,87.0,1,86.9,3,87.0,6,1,2022-04-15 09:03:24
1650013405897815000,87.0,1,86.9,3,87.0,6,1,2022-04-15 09:03:25
1650013406297217000,87.0,1,86.9,3,87.0,5,1,2022-04-15 09:03:26
1650013406872394000,87.0,1,86.9,3,87.0,4,1,2022-04-15 09:03:26
1650013408932331000,87.0,2,86.9,3,87.0,2,1,2022-04-15 09:03:28
1650013409378695000,87.0,1,86.9,3,87.0,1,1,2022-04-15 09:03:29
1650013409415241000,86.9,1,86.9,2,87.0,1,2,2022-04-15 09:03:29
1650013410302303000,86.9,2,86.8,3,87.0,1,2,2022-04-15 09:03:30
1650013410302303000,86.8,2,86.8,3,87.0,1,2,2022-04-15 09:03:30
1650013412355890000,86.9,1,86.7,32,87.0,1,2,2022-04-15 09:03:32
1650013412355890000,86.8,4,86.7,32,87.0,1,2,2022-04-15 09:03:32
1650013412355890000,86.7,3,86.7,32,87.0,1,2,2022-04-15 09:03:32
1650013417173336000,86.9,1,86.8,2,86.9,2,1,2022-04-15 09:03:37
1650013417210494000,86.8,1,86.8,1,86.9,2,2,2022-04-15 09:03:37
1650013418412757000,86.9,1,86.8,1,86.9,1,1,2022-04-15 09:03:38
1650013418692433000,86.9,1,86.8,1,87.0,3,1,2022-04-15 09:03:38
1650013426431373000,86.9,1,86.8,5,87.0,5,2,2022-04-15 09:03:46
1650013429141356000,86.9,1,86.8,5,87.0,5,1,2022-04-15 09:03:49
1650013430321877000,86.9,1,86.9,2,87.0,5,1,2022-04-15 09:03:50
1650013431806167000,86.9,1,86.9,1,87.0,5,2,2022-04-15 09:03:51
1650013431848041000,86.9,1,86.8,7,87.0,5,2,2022-04-15 09:03:51
1650013432420083000,87.0,4,86.8,7,87.0,1,1,2022-04-15 09:03:52
1650013432451251000,87.0,1,86.8,7,87.1,5,1,2022-04-15 09:03:52
1650013434899397000,87.0,1,86.9,1,87.1,5,2,2022-04-15 09:03:54
1650013440430451000,87.0,1,86.9,7,87.0,1,2,2022-04-15 09:04:00
1650013441676546000,87.0,1,86.9,7,87.1,5,1,2022-04-15 09:04:01
1650013443204456000,87.0,1,87.0,4,87.1,8,2,2022-04-15 09:04:03
1650013447740839000,87.0,5,87.0,1,87.1,6,2,2022-04-15 09:04:07
1650013447770738000,87.0,1,86.9,6,87.1,6,2,2022-04-15 09:04:07
1650013450758626000,87.1,1,87.0,1,87.1,5,1,2022-04-15 09:04:10
1650013453036321000,87.1,5,87.1,5,87.2,9,1,2022-04-15 09:04:13
1650013454380841000,87.2,1,87.1,5,87.2,8,1,2022-04-15 09:04:14
1650013459888226000,87.2,1,87.1,6,87.2,10,1,2022-04-15 09:04:19
1650013459982478000,87.2,1,87.1,6,87.2,9,1,2022-04-15 09:04:19
1650013460013793000,87.2,9,87.1,6,87.3,8,1,2022-04-15 09:04:20
1650013463248577000,87.2,1,87.2,2,87.3,8,2,2022-04-15 09:04:23
1650013467494026000,87.3,1,87.2,3,87.3,9,1,2022-04-15 09:04:27
1650013468820873000,87.2,1,87.2,2,87.3,9,2,2022-04-15 09:04:28
1650013472207686000,87.2,3,87.1,9,87.3,8,2,2022-04-15 09:04:32
1650013472247055000,87.3,8,87.1,9,87.6,3,1,2022-04-15 09:04:32
1650013472247055000,87.4,8,87.1,9,87.6,3,1,2022-04-15 09:04:32
1650013472247055000,87.5,34,87.1,9,87.6,3,1,2022-04-15 09:04:32
1650013473083042000,87.6,2,87.2,3,87.7,2,1,2022-04-15 09:04:33
1650013473083042000,87.7,1,87.2,3,87.7,2,1,2022-04-15 09:04:33
1650013475221240000,87.4,1,87.1,10,87.6,1,2,2022-04-15 09:04:35
1650013475553471000,87.6,1,87.2,1,87.7,3,1,2022-04-15 09:04:35
1650013477194086000,87.7,1,87.3,10,87.7,2,1,2022-04-15 09:04:37
1650013477202904000,87.7,1,87.3,10,87.7,1,1,2022-04-15 09:04:37
1650013479863941000,87.6,1,87.4,1,87.7,2,1,2022-04-15 09:04:39
1650013479889600000,87.7,1,87.4,1,87.7,1,1,2022-04-15 09:04:39
1650013480503405000,87.4,1,87.3,6,87.8,22,2,2022-04-15 09:04:40
1650013480503405000,87.3,4,87.3,6,87.8,22,2,2022-04-15 09:04:40
1650013481782628000,87.7,1,87.4,1,87.8,22,1,2022-04-15 09:04:41
1650013483269298000,87.4,1,87.4,3,87.8,22,2,2022-04-15 09:04:43
1650013485568864000,87.4,1,87.3,7,87.4,1,1,2022-04-15 09:04:45
1650013486039536000,87.4,1,87.3,7,87.6,1,1,2022-04-15 09:04:46
1650013487027506000,87.4,1,87.3,7,87.6,2,2,2022-04-15 09:04:47
1650013488118298000,87.6,1,87.4,2,87.6,2,1,2022-04-15 09:04:48
1650013490248581000,87.6,3,87.4,3,87.7,8,1,2022-04-15 09:04:50
1650013490248581000,87.7,2,87.4,3,87.7,8,1,2022-04-15 09:04:50
1650013490358850000,87.7,3,87.4,3,87.7,5,1,2022-04-15 09:04:50
1650013491500418000,87.7,1,87.4,4,87.7,4,1,2022-04-15 09:04:51
1650013491782802000,87.7,4,87.4,4,88.0,20,1,2022-04-15 09:04:51
1650013491782802000,87.8,23,87.4,4,88.0,20,1,2022-04-15 09:04:51
1650013491782802000,87.9,12,87.4,4,88.0,20,1,2022-04-15 09:04:51
1650013491782802000,88.0,11,87.4,4,88.0,20,1,2022-04-15 09:04:51
1650013491928330000,87.6,1,87.5,4,87.9,1,1,2022-04-15 09:04:51
1650013492002583000,87.6,1,87.4,5,87.9,1,2,2022-04-15 09:04:52
1650013492130075000,87.4,2,87.4,3,87.9,1,2,2022-04-15 09:04:52
1650013492703433000,87.6,1,87.4,3,87.9,2,2,2022-04-15 09:04:52
1650013492866886000,87.7,1,87.4,3,87.9,2,2,2022-04-15 09:04:52
1650013493821685000,87.9,1,87.6,1,87.9,2,1,2022-04-15 09:04:53
1650013498471096000,87.7,1,87.6,3,87.7,1,1,2022-04-15 09:04:58
1650013498880960000,87.7,1,87.6,3,87.9,3,1,2022-04-15 09:04:58
1650013500822151000,87.6,3,87.5,1,87.6,7,2,2022-04-15 09:05:00
1650013500854298000,87.5,1,87.4,17,87.6,7,2,2022-04-15 09:05:00
1650013500916032000,87.6,3,87.4,17,87.6,4,1,2022-04-15 09:05:00
1650013500996492000,87.6,1,87.4,17,87.6,3,1,2022-04-15 09:05:00
1650013501182846000,87.6,1,87.4,17,87.6,2,1,2022-04-15 09:05:01
1650013502608396000,87.7,1,87.5,2,87.8,2,2,2022-04-15 09:05:02
1650013503123772000,87.8,1,87.5,2,87.8,2,1,2022-04-15 09:05:03
1650013503244959000,87.7,1,87.5,2,87.8,1,2,2022-04-15 09:05:03
1650013503363908000,87.8,1,87.5,2,87.9,5,1,2022-04-15 09:05:03
1650013503363908000,87.9,4,87.5,2,87.9,5,1,2022-04-15 09:05:03
1650013503578259000,87.9,1,87.5,5,87.9,5,1,2022-04-15 09:05:03
1650013503602473000,87.5,3,87.5,2,87.9,5,2,2022-04-15 09:05:03
1650013507511043000,87.6,7,87.5,1,87.8,5,2,2022-04-15 09:05:07
1650013507847509000,87.8,5,87.5,1,87.9,7,1,2022-04-15 09:05:07
1650013508041207000,87.8,1,87.5,1,87.9,7,2,2022-04-15 09:05:08
1650013508669525000,87.6,3,87.5,2,87.7,2,2,2022-04-15 09:05:08
1650013509298928000,87.7,1,87.5,2,87.7,1,1,2022-04-15 09:05:09
1650013509584448000,87.6,1,87.5,2,87.8,4,2,2022-04-15 09:05:09
1650013510747543000,87.5,2,87.4,13,87.7,6,2,2022-04-15 09:05:10
1650013510747543000,87.4,4,87.4,13,87.7,6,2,2022-04-15 09:05:10
1650013514229970000,87.7,5,87.4,13,87.7,4,1,2022-04-15 09:05:14
1650013515813616000,87.5,1,87.4,11,87.6,1,2,2022-04-15 09:05:15
1650013515813616000,87.4,2,87.4,11,87.6,1,2,2022-04-15 09:05:15
1650013518902282000,87.4,13,87.3,5,87.6,1,2,2022-04-15 09:05:18
1650013518978507000,87.3,2,87.3,3,87.5,3,2,2022-04-15 09:05:18
1650013519740151000,87.4,2,87.5,1,87.6,3,1,2022-04-15 09:05:19
1650013519740151000,87.5,3,87.5,1,87.6,3,1,2022-04-15 09:05:19
1650013519775105000,87.5,1,87.3,3,87.6,3,2,2022-04-15 09:05:19
1650013519975313000,87.5,2,87.3,3,87.6,1,1,2022-04-15 09:05:19
1650013519975313000,87.6,2,87.3,3,87.6,1,1,2022-04-15 09:05:19
1650013523930980000,87.4,2,87.3,3,87.6,3,2,2022-04-15 09:05:23
1650013525201881000,87.5,1,87.4,1,87.6,3,1,2022-04-15 09:05:25
1650013525560643000,87.5,1,87.4,1,87.6,4,1,2022-04-15 09:05:25
1650013525586711000,87.4,1,87.3,3,87.6,4,2,2022-04-15 09:05:25
1650013527030138000,87.3,2,87.3,2,87.4,3,2,2022-04-15 09:05:27
1650013527103883000,87.3,1,87.3,1,87.4,4,2,2022-04-15 09:05:27
1650013527511448000,87.4,1,87.3,1,87.4,3,1,2022-04-15 09:05:27
1650013528197413000,87.3,1,87.2,7,87.4,6,2,2022-04-15 09:05:28
1650013528979247000,87.4,2,87.3,2,87.4,4,1,2022-04-15 09:05:28
1650013529001060000,87.3,1,87.3,1,87.4,4,2,2022-04-15 09:05:29
1650013534977568000,87.3,3,87.2,7,87.4,5,2,2022-04-15 09:05:34
1650013535160605000,87.3,1,87.2,7,87.4,5,1,2022-04-15 09:05:35
1650013537927695000,87.3,6,87.2,7,87.4,5,2,2022-04-15 09:05:37
1650013539571932000,87.3,1,87.2,9,87.4,7,2,2022-04-15 09:05:39
1650013540136101000,87.4,1,87.3,1,87.4,6,1,2022-04-15 09:05:40
1650013542947070000,87.3,1,87.3,1,87.4,7,2,2022-04-15 09:05:42
1650013542968540000,87.3,1,87.2,10,87.4,7,2,2022-04-15 09:05:42
1650013543919452000,87.2,1,87.2,9,87.4,7,2,2022-04-15 09:05:43
1650013547578191000,87.2,2,87.2,7,87.3,3,2,2022-04-15 09:05:47
1650013547606096000,87.2,3,87.2,4,87.3,3,2,2022-04-15 09:05:47
1650013547606758000,87.2,2,87.2,2,87.3,3,2,2022-04-15 09:05:47
1650013547607067000,87.2,2,87.1,18,87.2,3,2,2022-04-15 09:05:47
1650013550526795000,87.1,5,87.1,12,87.2,8,2,2022-04-15 09:05:50
1650013550555902000,87.1,2,87.1,10,87.2,8,2,2022-04-15 09:05:50
1650013551938058000,87.2,1,87.1,10,87.2,7,1,2022-04-15 09:05:51
1650013553187925000,87.2,1,87.1,9,87.2,6,1,2022-04-15 09:05:53
1650013557684128000,87.2,1,87.1,9,87.2,6,1,2022-04-15 09:05:57
1650013557831948000,87.2,5,87.1,9,87.2,1,1,2022-04-15 09:05:57
1650013557860461000,87.1,1,87.1,8,87.2,1,2,2022-04-15 09:05:57
1650013559165960000,87.2,1,87.1,8,87.2,2,1,2022-04-15 09:05:59
1650013559199840000,87.1,1,87.1,7,87.2,2,2,2022-04-15 09:05:59
1650013559224627000,87.1,4,87.1,3,87.2,2,2,2022-04-15 09:05:59
1650013563432419000,87.1,1,87.1,2,87.2,3,2,2022-04-15 09:06:03
1650013563463399000,87.1,1,87.1,1,87.2,3,2,2022-04-15 09:06:03
1650013563493905000,87.1,1,87.0,37,87.2,3,2,2022-04-15 09:06:03
1650013564671897000,87.1,1,87.0,37,87.2,2,1,2022-04-15 09:06:04
1650013566736380000,87.0,38,86.9,8,87.0,22,2,2022-04-15 09:06:06
1650013566775862000,86.9,1,86.9,7,87.0,22,2,2022-04-15 09:06:06
1650013566778461000,86.9,1,86.9,6,87.0,22,2,2022-04-15 09:06:06
1650013566856509000,86.9,4,86.9,2,87.0,24,2,2022-04-15 09:06:06
1650013566856525000,86.9,2,86.8,25,87.0,24,2,2022-04-15 09:06:06
1650013571869376000,86.8,1,86.8,21,86.9,3,2,2022-04-15 09:06:11
1650013572279492000,86.9,1,86.8,21,86.9,1,1,2022-04-15 09:06:12
1650013575316042000,86.8,1,86.8,20,86.9,3,2,2022-04-15 09:06:15
1650013575363321000,86.8,10,86.8,10,86.9,3,2,2022-04-15 09:06:15
1650013575385129000,86.8,10,86.7,20,86.9,3,2,2022-04-15 09:06:15
1650013575435906000,86.7,11,86.7,9,86.8,14,2,2022-04-15 09:06:15
1650013575456504000,86.7,1,86.7,8,86.8,15,2,2022-04-15 09:06:15
1650013575456834000,86.7,5,86.7,3,86.8,15,2,2022-04-15 09:06:15
1650013575456873000,86.7,3,86.6,8,86.8,15,2,2022-04-15 09:06:15
1650013575477314000,86.6,2,86.6,6,86.7,2,2,2022-04-15 09:06:15
1650013575528602000,86.6,6,86.5,33,86.7,3,2,2022-04-15 09:06:15
1650013577493386000,86.6,1,86.5,28,86.7,4,2,2022-04-15 09:06:17
1650013577493386000,86.5,5,86.5,28,86.7,4,2,2022-04-15 09:06:17
1650013581169589000,86.5,1,86.5,27,86.7,8,2,2022-04-15 09:06:21
1650013582225241000,86.5,10,86.5,17,86.7,8,2,2022-04-15 09:06:22
1650013582258805000,86.5,17,86.4,6,86.7,8,2,2022-04-15 09:06:22
1650013582417172000,86.4,3,86.4,3,86.6,3,2,2022-04-15 09:06:22
1650013582449130000,86.4,3,86.3,21,86.5,7,2,2022-04-15 09:06:22
1650013583323898000,86.5,1,86.3,21,86.5,10,1,2022-04-15 09:06:23
1650013584044582000,86.3,3,86.3,18,86.5,12,2,2022-04-15 09:06:24
1650013586912888000,86.3,1,86.3,17,86.4,1,2,2022-04-15 09:06:26
1650013588985267000,86.3,2,86.3,15,86.4,1,2,2022-04-15 09:06:28
1650013589155142000,86.3,5,86.3,10,86.4,1,2,2022-04-15 09:06:29
1650013589188024000,86.3,10,86.2,19,86.4,1,2,2022-04-15 09:06:29
1650013589492123000,86.3,1,86.2,19,86.3,1,1,2022-04-15 09:06:29
1650013589672422000,86.3,1,86.2,19,86.4,3,1,2022-04-15 09:06:29
1650013590819183000,86.3,1,86.3,5,86.4,3,2,2022-04-15 09:06:30
1650013591875490000,86.3,1,86.3,4,86.4,3,2,2022-04-15 09:06:31
1650013592279888000,86.4,2,86.3,5,86.4,1,1,2022-04-15 09:06:32
1650013594096966000,86.3,1,86.3,5,86.4,1,2,2022-04-15 09:06:34
1650013595172068000,86.3,2,86.3,3,86.4,1,2,2022-04-15 09:06:35
1650013595552070000,86.4,1,86.3,3,86.5,7,1,2022-04-15 09:06:35
1650013596715328000,86.4,1,86.4,3,86.5,7,2,2022-04-15 09:06:36
1650013597034874000,86.5,5,86.4,3,86.5,2,1,2022-04-15 09:06:37
1650013598405169000,86.4,1,86.4,2,86.5,2,2,2022-04-15 09:06:38
1650013599293444000,86.4,2,86.3,5,86.4,4,2,2022-04-15 09:06:39
1650013601010376000,86.4,1,86.3,7,86.4,8,1,2022-04-15 09:06:41
1650013601252191000,86.3,2,86.3,4,86.4,8,2,2022-04-15 09:06:41
1650013601997374000,86.4,1,86.3,16,86.4,7,1,2022-04-15 09:06:41
1650013603333095000,86.4,7,86.3,25,86.5,3,1,2022-04-15 09:06:43
1650013606931717000,86.4,1,86.4,15,86.5,3,2,2022-04-15 09:06:46
1650013609121612000,86.4,1,86.4,14,86.5,3,2,2022-04-15 09:06:49
1650013614098883000,86.5,1,86.4,16,86.5,3,1,2022-04-15 09:06:54
1650013614817862000,86.5,1,86.4,16,86.5,2,1,2022-04-15 09:06:54
1650013616258588000,86.5,1,86.4,16,86.5,1,1,2022-04-15 09:06:56
1650013616824444000,86.5,1,86.4,16,86.6,4,1,2022-04-15 09:06:56
1650013618653538000,86.5,1,86.5,4,86.6,4,1,2022-04-15 09:06:58
1650013618847245000,86.5,1,86.5,3,86.6,4,2,2022-04-15 09:06:58
1650013623270911000,86.6,1,86.5,3,86.6,6,1,2022-04-15 09:07:03
1650013627630749000,86.5,2,86.5,4,86.6,6,2,2022-04-15 09:07:07
1650013629932837000,86.6,1,86.5,6,86.6,5,1,2022-04-15 09:07:09
1650013631281763000,86.6,1,86.5,7,86.6,9,1,2022-04-15 09:07:11
1650013632465160000,86.6,1,86.5,7,86.6,8,1,2022-04-15 09:07:12
1650013632835590000,86.5,1,86.5,6,86.6,8,2,2022-04-15 09:07:12
1650013635150759000,86.6,2,86.5,7,86.6,8,1,2022-04-15 09:07:15
1650013635178839000,86.5,1,86.5,6,86.6,8,2,2022-04-15 09:07:15
1650013639460340000,86.5,1,86.5,6,86.6,8,2,2022-04-15 09:07:19
1650013643045705000,86.5,1,86.5,17,86.6,9,2,2022-04-15 09:07:23
1650013644928661000,86.6,1,86.5,17,86.6,7,1,2022-04-15 09:07:24
1650013648413421000,86.6,1,86.5,19,86.6,7,1,2022-04-15 09:07:28
1650013648510742000,86.5,1,86.5,18,86.6,7,2,2022-04-15 09:07:28
1650013648535266000,86.5,5,86.5,13,86.6,7,2,2022-04-15 09:07:28
1650013648559679000,86.5,4,86.5,9,86.6,7,2,2022-04-15 09:07:28
1650013648565348000,86.5,1,86.5,8,86.6,7,2,2022-04-15 09:07:28
1650013648896281000,86.6,1,86.5,8,86.6,6,1,2022-04-15 09:07:28
1650013649274242000,86.6,2,86.5,8,86.6,4,1,2022-04-15 09:07:29
1650013652292320000,86.5,1,86.5,8,86.6,4,2,2022-04-15 09:07:32
1650013652379720000,86.6,1,86.5,8,86.6,6,1,2022-04-15 09:07:32
1650013653309570000,86.6,1,86.5,11,86.6,5,1,2022-04-15 09:07:33
1650013656355287000,86.6,1,86.5,13,86.6,11,1,2022-04-15 09:07:36
1650013656520427000,86.5,2,86.5,11,86.6,11,2,2022-04-15 09:07:36
1650013658808684000,86.5,5,86.5,6,86.6,11,2,2022-04-15 09:07:38
1650013659726458000,86.5,4,86.5,3,86.6,11,2,2022-04-15 09:07:39
1650013661600255000,86.5,1,86.5,2,86.6,11,2,2022-04-15 09:07:41
1650013661751788000,86.5,2,86.4,26,86.6,11,2,2022-04-15 09:07:41
1650013662227939000,86.4,1,86.4,25,86.5,2,2,2022-04-15 09:07:42
1650013663595842000,86.5,2,86.4,25,86.6,11,1,2022-04-15 09:07:43
1650013664372452000,86.4,1,86.4,24,86.5,1,2,2022-04-15 09:07:44
1650013666901152000,86.5,3,86.4,24,86.5,2,1,2022-04-15 09:07:46
1650013672950691000,86.5,1,86.4,24,86.5,13,1,2022-04-15 09:07:52
1650013676955289000,86.4,4,86.4,20,86.5,14,2,2022-04-15 09:07:56
1650013676982488000,86.4,15,86.4,5,86.5,14,2,2022-04-15 09:07:56
1650013677015203000,86.4,5,86.3,14,86.5,14,2,2022-04-15 09:07:57
1650013677133248000,86.3,7,86.3,7,86.4,3,2,2022-04-15 09:07:57
1650013677166002000,86.3,7,86.2,11,86.4,3,2,2022-04-15 09:07:57
1650013677402551000,86.3,1,86.2,11,86.4,5,1,2022-04-15 09:07:57
1650013678432624000,86.2,4,86.2,7,86.4,5,2,2022-04-15 09:07:58
1650013678466374000,86.2,7,86.1,18,86.4,5,2,2022-04-15 09:07:58
1650013678599447000,86.4,1,86.1,18,86.4,4,1,2022-04-15 09:07:58
1650013683119722000,86.3,1,86.1,19,86.4,8,1,2022-04-15 09:08:03
1650013693009211000,86.3,1,86.2,4,86.3,4,1,2022-04-15 09:08:13
1650013697589473000,86.3,1,86.2,4,86.3,4,1,2022-04-15 09:08:17
1650013701529458000,86.3,1,86.2,5,86.3,3,1,2022-04-15 09:08:21
1650013702038945000,86.2,1,86.2,4,86.3,3,2,2022-04-15 09:08:22
1650013704609310000,86.3,3,86.2,4,86.4,9,1,2022-04-15 09:08:24
1650013717501039000,86.3,2,86.3,3,86.4,10,2,2022-04-15 09:08:37
1650013718019293000,86.3,2,86.3,1,86.4,10,2,2022-04-15 09:08:38
1650013722552085000,86.3,1,86.3,6,86.4,12,2,2022-04-15 09:08:42
1650013726728427000,86.3,1,86.3,15,86.4,13,2,2022-04-15 09:08:46
1650013730787531000,86.3,1,86.3,14,86.4,13,2,2022-04-15 09:08:50
1650013735029584000,86.3,1,86.3,13,86.4,13,2,2022-04-15 09:08:55
1650013736731398000,86.3,1,86.3,13,86.4,13,2,2022-04-15 09:08:56
1650013741832798000,86.4,1,86.3,16,86.4,13,1,2022-04-15 09:09:01
1650013743320124000,86.4,1,86.3,16,86.4,12,1,2022-04-15 09:09:03
1650013746981177000,86.4,1,86.3,17,86.4,11,1,2022-04-15 09:09:06
1650013747939220000,86.4,1,86.3,17,86.4,10,1,2022-04-15 09:09:07
1650013748832553000,86.4,1,86.3,17,86.4,9,1,2022-04-15 09:09:08
1650013748888005000,86.4,1,86.3,17,86.4,8,1,2022-04-15 09:09:08
1650013748917653000,86.4,8,86.3,17,86.5,11,1,2022-04-15 09:09:08
1650013754363135000,86.4,5,86.3,17,86.5,14,2,2022-04-15 09:09:14
1650013755548816000,86.4,1,86.3,17,86.4,2,1,2022-04-15 09:09:15
1650013755984285000,86.4,1,86.3,17,86.5,13,2,2022-04-15 09:09:15
1650013759408940000,86.5,1,86.3,17,86.5,12,1,2022-04-15 09:09:19
1650013760669605000,86.4,1,86.3,17,86.5,11,2,2022-04-15 09:09:20
1650013760852502000,86.4,1,86.3,16,86.4,1,1,2022-04-15 09:09:20
1650013760867480000,86.3,16,86.2,13,86.4,1,2,2022-04-15 09:09:20
1650013760928087000,86.3,1,86.2,13,86.4,1,1,2022-04-15 09:09:20
1650013761434840000,86.3,1,86.2,13,86.3,3,1,2022-04-15 09:09:21
1650013762124561000,86.3,2,86.3,14,86.5,8,1,2022-04-15 09:09:22
1650013769658274000,86.3,1,86.3,15,86.5,12,2,2022-04-15 09:09:29
1650013769806066000,86.3,8,86.3,7,86.4,7,2,2022-04-15 09:09:29
1650013769806418000,86.3,5,86.3,2,86.4,7,2,2022-04-15 09:09:29
1650013769835101000,86.3,2,86.2,11,86.3,5,2,2022-04-15 09:09:29
1650013781025654000,86.3,1,86.2,10,86.4,9,2,2022-04-15 09:09:41
1650013781025654000,86.2,1,86.2,10,86.4,9,2,2022-04-15 09:09:41
1650013790652827000,86.2,1,86.2,10,86.3,4,2,2022-04-15 09:09:50
1650013791792377000,86.2,1,86.2,10,86.3,4,2,2022-04-15 09:09:51
1650013793720415000,86.2,6,86.2,4,86.3,12,2,2022-04-15 09:09:53
1650013793746396000,86.2,4,86.1,28,86.3,12,2,2022-04-15 09:09:53
1650013795970694000,86.2,1,86.1,28,86.2,1,1,2022-04-15 09:09:55
1650013796358493000,86.1,1,86.1,27,86.2,2,2,2022-04-15 09:09:56
1650013799500642000,86.1,4,86.1,23,86.2,12,2,2022-04-15 09:09:59
1650013799527630000,86.1,23,86.0,41,86.2,12,2,2022-04-15 09:09:59
1650013800175722000,86.0,1,86.0,40,86.1,5,2,2022-04-15 09:10:00
1650013800215440000,86.0,1,86.0,39,86.1,5,2,2022-04-15 09:10:00
1650013800226298000,86.0,39,85.9,15,86.1,5,2,2022-04-15 09:10:00
1650013805620603000,86.0,1,85.9,14,86.0,2,1,2022-04-15 09:10:05
1650013806321620000,86.0,1,85.9,14,86.0,1,1,2022-04-15 09:10:06
1650013808377365000,86.0,1,85.9,14,86.0,4,1,2022-04-15 09:10:08
1650013808831272000,85.9,7,85.9,7,86.0,4,2,2022-04-15 09:10:08
1650013808866885000,85.9,7,85.8,26,86.0,4,2,2022-04-15 09:10:08
1650013810198378000,85.9,1,85.8,26,85.9,7,1,2022-04-15 09:10:10
1650013810206043000,85.8,7,85.8,19,85.9,7,2,2022-04-15 09:10:10
1650013810406916000,85.9,2,85.8,19,85.9,6,1,2022-04-15 09:10:10
1650013810526275000,85.8,2,85.8,17,85.9,6,2,2022-04-15 09:10:10
1650013810852302000,85.8,7,85.8,11,85.9,7,2,2022-04-15 09:10:10
1650013810899042000,85.8,1,85.8,10,85.9,7,2,2022-04-15 09:10:10
1650013811575554000,85.8,3,85.8,7,85.9,2,2,2022-04-15 09:10:11
1650013811677061000,85.8,3,85.8,4,85.9,2,2,2022-04-15 09:10:11
1650013813082580000,85.8,1,85.8,3,85.9,5,2,2022-04-15 09:10:13
1650013813120366000,85.8,1,85.8,2,85.9,5,2,2022-04-15 09:10:13
1650013813464600000,85.8,1,85.8,1,85.9,5,2,2022-04-15 09:10:13
1650013813489683000,85.8,1,85.7,5,85.9,5,2,2022-04-15 09:10:13
1650013815242793000,85.8,1,85.7,5,85.9,4,1,2022-04-15 09:10:15
1650013815242793000,85.9,1,85.7,5,85.9,4,1,2022-04-15 09:10:15
1650013815965316000,85.8,1,85.7,5,85.8,4,1,2022-04-15 09:10:15
1650013815991896000,85.8,4,85.7,5,85.9,4,1,2022-04-15 09:10:15
1650013817337782000,85.8,1,85.7,5,85.9,4,1,2022-04-15 09:10:17
1650013823088529000,85.8,2,85.8,1,85.9,5,2,2022-04-15 09:10:23
1650013823288038000,85.8,1,85.6,9,85.7,7,2,2022-04-15 09:10:23
1650013823288038000,85.7,7,85.6,9,85.7,7,2,2022-04-15 09:10:23
1650013823316259000,85.7,7,85.6,9,85.9,5,1,2022-04-15 09:10:23
1650013823490860000,85.8,1,85.6,10,85.8,2,1,2022-04-15 09:10:23
1650013823835034000,85.8,1,85.6,10,85.8,1,1,2022-04-15 09:10:23
1650013824776743000,85.8,1,85.6,10,85.8,3,1,2022-04-15 09:10:24
1650013825044309000,85.6,5,85.6,5,85.8,3,2,2022-04-15 09:10:25
1650013826417298000,85.7,1,85.6,4,85.7,2,2,2022-04-15 09:10:26
1650013826449889000,85.7,2,85.6,4,85.8,8,1,2022-04-15 09:10:26
1650013826482253000,85.8,2,85.6,4,85.8,6,1,2022-04-15 09:10:26
1650013826907521000,85.8,1,85.6,4,85.8,5,1,2022-04-15 09:10:26
1650013827332837000,85.8,5,85.6,4,85.9,3,1,2022-04-15 09:10:27
1650013827365122000,85.6,1,85.6,5,85.9,3,2,2022-04-15 09:10:27
1650013827867728000,85.8,1,85.6,5,85.9,1,1,2022-04-15 09:10:27
1650013829404873000,85.6,2,85.6,6,85.9,1,2,2022-04-15 09:10:29
1650013831982548000,85.9,1,85.7,2,86.0,4,1,2022-04-15 09:10:31
1650013832501785000,85.7,2,85.7,3,86.0,4,2,2022-04-15 09:10:32
1650013833527456000,85.9,5,85.8,2,86.0,4,1,2022-04-15 09:10:33
1650013834646707000,85.8,1,85.8,3,86.0,4,2,2022-04-15 09:10:34
1650013837713579000,85.8,1,85.8,3,86.0,3,2,2022-04-15 09:10:37
1650013837953482000,85.9,1,85.8,3,86.0,3,1,2022-04-15 09:10:37
1650013840188942000,85.9,1,85.8,4,86.0,3,2,2022-04-15 09:10:40
1650013840799492000,85.8,1,85.8,1,86.0,3,2,2022-04-15 09:10:40
1650013843817956000,85.9,1,85.8,4,86.0,4,1,2022-04-15 09:10:43
1650013844003292000,85.8,1,85.8,3,86.0,4,2,2022-04-15 09:10:44
1650013846413238000,85.8,1,85.7,8,86.0,4,2,2022-04-15 09:10:46
1650013850516929000,85.8,1,85.8,2,85.9,2,2,2022-04-15 09:10:50
1650013851671943000,85.8,2,85.8,2,85.9,3,2,2022-04-15 09:10:51
1650013851930996000,85.8,1,85.8,1,85.9,3,2,2022-04-15 09:10:51
1650013857559572000,85.8,2,85.8,2,85.9,5,2,2022-04-15 09:10:57
1650013857621023000,85.9,3,85.8,2,85.9,2,1,2022-04-15 09:10:57
1650013860753370000,85.8,2,85.7,4,85.9,3,2,2022-04-15 09:11:00
1650013860753370000,85.7,2,85.7,4,85.9,3,2,2022-04-15 09:11:00
1650013860917078000,85.7,1,85.7,3,85.9,3,2,2022-04-15 09:11:00
1650013863316069000,85.7,1,85.7,1,85.8,1,2,2022-04-15 09:11:03
1650013863469115000,85.8,1,85.7,1,85.9,3,1,2022-04-15 09:11:03
1650013864594951000,85.9,1,85.8,1,85.9,2,1,2022-04-15 09:11:04
1650013865809984000,85.9,1,85.8,1,85.9,1,1,2022-04-15 09:11:05
1650013868302715000,85.9,1,85.9,9,86.0,12,1,2022-04-15 09:11:08
1650013868331256000,85.9,9,85.8,1,86.0,12,2,2022-04-15 09:11:08
1650013868331256000,85.8,1,85.8,1,86.0,12,2,2022-04-15 09:11:08
1650013869110506000,85.8,1,85.7,1,85.9,1,2,2022-04-15 09:11:09
1650013869527707000,85.9,1,85.7,1,86.0,12,1,2022-04-15 09:11:09
1650013870439268000,85.8,1,85.7,2,86.0,12,2,2022-04-15 09:11:10
1650013871399540000,85.9,1,85.8,5,85.9,1,1,2022-04-15 09:11:11
1650013873830325000,85.9,2,85.9,3,86.0,11,1,2022-04-15 09:11:13
1650013874695633000,85.9,1,85.9,2,86.0,11,2,2022-04-15 09:11:14
1650013876091956000,85.9,1,85.9,3,86.0,11,2,2022-04-15 09:11:16
1650013877995417000,85.9,1,85.9,3,86.0,11,2,2022-04-15 09:11:17
1650013878124953000,85.9,1,85.9,3,86.0,11,2,2022-04-15 09:11:18
1650013878302176000,85.9,1,85.9,2,86.0,11,2,2022-04-15 09:11:18
1650013879536444000,85.9,1,85.9,2,86.0,11,2,2022-04-15 09:11:19
1650013880262746000,85.9,1,85.9,1,86.0,11,2,2022-04-15 09:11:20
1650013881984243000,85.9,1,85.9,2,86.0,11,2,2022-04-15 09:11:21
1650013883723892000,85.9,1,85.9,3,86.0,11,2,2022-04-15 09:11:23
1650013885503123000,85.9,2,85.9,1,86.0,12,2,2022-04-15 09:11:25
1650013888798505000,85.9,1,85.8,13,86.0,12,1,2022-04-15 09:11:28
1650013890446546000,85.8,1,85.8,12,85.9,3,2,2022-04-15 09:11:30
1650013891162626000,85.9,3,85.9,3,86.0,12,1,2022-04-15 09:11:31
1650013893540938000,85.9,1,85.9,2,86.0,12,2,2022-04-15 09:11:33
1650013895736498000,86.0,1,85.9,5,86.0,11,1,2022-04-15 09:11:35
1650013896540255000,86.0,1,85.9,6,86.0,10,1,2022-04-15 09:11:36
1650013899618515000,86.0,5,85.9,7,86.0,5,1,2022-04-15 09:11:39
1650013899638917000,86.0,5,85.9,7,86.1,3,1,2022-04-15 09:11:39
1650013903158017000,86.1,1,86.0,13,86.1,2,1,2022-04-15 09:11:43
1650013903291078000,86.1,2,86.0,14,86.2,10,1,2022-04-15 09:11:43
1650013908648771000,86.1,1,86.0,15,86.1,7,1,2022-04-15 09:11:48
1650013911057336000,86.1,1,86.0,16,86.1,6,1,2022-04-15 09:11:51
1650013912055360000,86.1,1,86.0,17,86.1,5,1,2022-04-15 09:11:52
1650013912088022000,86.1,2,86.0,17,86.1,3,1,2022-04-15 09:11:52
1650013912361604000,86.1,1,86.0,17,86.1,2,1,2022-04-15 09:11:52
1650013912388143000,86.1,2,86.0,17,86.2,12,1,2022-04-15 09:11:52
1650013914317358000,86.2,2,86.1,9,86.2,2,1,2022-04-15 09:11:54
1650013914351661000,86.2,2,86.1,9,86.3,11,1,2022-04-15 09:11:54
1650013914977410000,86.3,1,86.2,1,86.3,10,1,2022-04-15 09:11:54
1650013915009390000,86.3,9,86.2,1,86.3,1,1,2022-04-15 09:11:55
1650013915041626000,86.3,1,86.2,1,86.4,1,1,2022-04-15 09:11:55
1650013917319978000,86.4,1,86.2,3,86.5,4,1,2022-04-15 09:11:57
1650013917520595000,86.5,1,86.2,3,86.5,3,1,2022-04-15 09:11:57
1650013923588568000,86.4,2,86.4,3,86.5,3,1,2022-04-15 09:12:03
1650013931105365000,86.5,1,86.4,5,86.5,2,1,2022-04-15 09:12:11
1650013931504237000,86.5,1,86.4,3,86.6,1,1,2022-04-15 09:12:11
1650013935425166000,86.5,1,86.4,8,86.6,7,1,2022-04-15 09:12:15
1650013935439155000,86.6,1,86.4,8,86.6,6,1,2022-04-15 09:12:15
1650013941738677000,86.6,1,86.5,6,86.6,4,1,2022-04-15 09:12:21
1650013942756114000,86.6,1,86.5,6,86.6,3,1,2022-04-15 09:12:22
1650013942881900000,86.6,1,86.5,6,86.6,2,1,2022-04-15 09:12:22
1650013943218799000,86.6,1,86.5,6,86.6,1,1,2022-04-15 09:12:23
1650013944027028000,86.5,2,86.5,6,86.6,1,2,2022-04-15 09:12:24
1650013944552846000,86.5,1,86.5,5,86.6,2,2,2022-04-15 09:12:24
1650013944583355000,86.5,5,86.4,9,86.6,3,2,2022-04-15 09:12:24
1650013949123567000,86.4,2,86.4,5,86.5,1,2,2022-04-15 09:12:29
1650013949143922000,86.4,4,86.4,1,86.5,1,2,2022-04-15 09:12:29
1650013949164868000,86.4,1,86.3,3,86.4,1,2,2022-04-15 09:12:29
1650013949258408000,86.3,1,86.3,2,86.4,1,2,2022-04-15 09:12:29
1650013950216833000,86.4,1,86.3,2,86.4,1,1,2022-04-15 09:12:30
1650013953141999000,86.3,2,86.2,3,86.4,2,2,2022-04-15 09:12:33
1650013957011961000,86.2,1,86.2,2,86.3,2,2,2022-04-15 09:12:37
1650013959622529000,86.2,1,86.2,1,86.3,2,2,2022-04-15 09:12:39
1650013961995324000,86.2,1,86.1,10,86.3,2,2,2022-04-15 09:12:41
1650013971005476000,86.1,1,86.1,9,86.2,1,2,2022-04-15 09:12:51
1650013973613591000,86.2,1,86.1,8,86.3,2,1,2022-04-15 09:12:53
1650013974947864000,86.1,3,86.1,5,86.3,2,2,2022-04-15 09:12:54
1650013977281873000,86.3,1,86.2,1,86.3,2,1,2022-04-15 09:12:57
1650013981604487000,86.3,1,86.2,2,86.4,2,1,2022-04-15 09:13:01
1650013992877468000,86.4,3,86.2,4,86.4,4,1,2022-04-15 09:13:12
1650013996383074000,86.4,3,86.2,4,86.5,6,1,2022-04-15 09:13:16
1650013998279482000,86.4,1,86.4,2,86.5,7,2,2022-04-15 09:13:18
1650014007901721000,86.5,5,86.4,2,86.5,3,1,2022-04-15 09:13:27
1650014013310458000,86.5,2,86.4,2,86.5,2,1,2022-04-15 09:13:33
1650014014646701000,86.5,1,86.4,1,86.5,1,1,2022-04-15 09:13:34
1650014018490184000,86.5,1,86.4,4,86.6,4,1,2022-04-15 09:13:38
1650014021222890000,86.6,1,86.5,6,86.6,3,1,2022-04-15 09:13:41
1650014021258698000,86.6,3,86.5,6,86.7,6,1,2022-04-15 09:13:41
1650014026375005000,86.7,1,86.6,2,86.7,6,1,2022-04-15 09:13:46
1650014037488717000,86.6,1,86.6,1,86.7,8,2,2022-04-15 09:13:57
1650014039005052000,86.6,1,86.5,5,86.7,8,2,2022-04-15 09:13:59
1650014040449718000,86.7,1,86.5,3,86.7,8,1,2022-04-15 09:14:00
1650014040669214000,86.7,4,86.5,3,86.7,4,1,2022-04-15 09:14:00
1650014041474209000,86.7,1,86.6,5,86.7,3,1,2022-04-15 09:14:01
1650014043778423000,86.7,3,86.7,2,86.8,7,1,2022-04-15 09:14:03
1650014044929244000,86.7,1,86.7,1,86.8,6,2,2022-04-15 09:14:04
1650014045987467000,86.8,1,86.7,1,86.8,5,1,2022-04-15 09:14:05
1650014047094641000,86.7,1,86.6,5,86.8,5,2,2022-04-15 09:14:07
1650014048792518000,86.7,1,86.6,5,86.8,5,1,2022-04-15 09:14:08
1650014050120332000,86.7,1,86.6,5,86.7,2,2,2022-04-15 09:14:10
1650014050233055000,86.7,2,86.7,3,86.8,5,1,2022-04-15 09:14:10
1650014051324461000,86.7,1,86.7,2,86.8,5,2,2022-04-15 09:14:11
1650014053791442000,86.8,5,86.7,4,86.9,7,1,2022-04-15 09:14:13
1650014053962436000,86.9,3,86.7,4,86.9,4,1,2022-04-15 09:14:13
1650014055917802000,86.8,1,86.7,4,86.9,4,1,2022-04-15 09:14:15
1650014057066678000,86.8,3,86.7,3,86.9,4,2,2022-04-15 09:14:17
1650014057657309000,86.7,1,86.7,2,86.9,4,2,2022-04-15 09:14:17
1650014060410405000,86.8,1,86.7,2,86.9,4,2,2022-04-15 09:14:20
1650014060445164000,86.7,2,86.5,4,86.9,4,2,2022-04-15 09:14:20
1650014064960708000,86.8,1,86.7,1,86.9,7,1,2022-04-15 09:14:24
1650014071592706000,86.8,1,86.7,4,86.8,2,1,2022-04-15 09:14:31
1650014073635028000,86.7,4,86.5,5,86.8,3,2,2022-04-15 09:14:33
1650014073635028000,86.6,6,86.5,5,86.8,3,2,2022-04-15 09:14:33
1650014073682414000,86.7,1,86.5,4,86.8,5,1,2022-04-15 09:14:33
1650014074235487000,86.8,1,86.5,4,86.8,4,1,2022-04-15 09:14:34
1650014074765326000,86.5,4,86.4,3,86.8,4,2,2022-04-15 09:14:34
1650014074765326000,86.4,1,86.4,3,86.8,4,2,2022-04-15 09:14:34
1650014099451194000,86.4,1,86.4,9,86.6,1,2,2022-04-15 09:14:59
1650014109281698000,86.6,1,86.5,1,86.7,2,1,2022-04-15 09:15:09
1650014114058184000,86.6,1,86.5,1,86.7,3,2,2022-04-15 09:15:14
1650014119346530000,86.5,1,86.4,9,86.7,5,2,2022-04-15 09:15:19
1650014123921733000,86.5,1,86.4,9,86.6,3,2,2022-04-15 09:15:23
1650014127634278000,86.5,1,86.4,9,86.6,4,1,2022-04-15 09:15:27
1650014145051447000,86.5,2,86.5,3,86.6,5,2,2022-04-15 09:15:45
1650014146430712000,86.5,3,86.4,10,86.5,2,2,2022-04-15 09:15:46
1650014149604774000,86.5,1,86.4,10,86.5,3,1,2022-04-15 09:15:49
1650014156214995000,86.5,3,86.4,10,86.5,8,1,2022-04-15 09:15:56
1650014157164906000,86.5,1,86.4,10,86.5,7,1,2022-04-15 09:15:57
1650014162882538000,86.5,1,86.4,11,86.5,6,1,2022-04-15 09:16:02
1650014178159763000,86.5,3,86.4,11,86.5,7,1,2022-04-15 09:16:18
1650014180348686000,86.5,2,86.4,11,86.5,5,1,2022-04-15 09:16:20
1650014181170644000,86.4,5,86.4,6,86.5,6,2,2022-04-15 09:16:21
1650014182385302000,86.4,1,86.4,5,86.5,6,2,2022-04-15 09:16:22
1650014184774191000,86.4,1,86.4,4,86.5,7,2,2022-04-15 09:16:24
1650014189004295000,86.5,1,86.4,4,86.5,6,1,2022-04-15 09:16:29
1650014189047637000,86.4,1,86.4,3,86.5,6,2,2022-04-15 09:16:29
1650014196287698000,86.4,1,86.4,2,86.5,6,2,2022-04-15 09:16:36
1650014198873866000,86.4,1,86.4,1,86.5,6,2,2022-04-15 09:16:38
1650014200276864000,86.5,6,86.4,1,86.5,1,1,2022-04-15 09:16:40
1650014200302550000,86.5,1,86.4,1,86.6,4,1,2022-04-15 09:16:40
1650014202353738000,86.5,1,86.4,3,86.6,4,1,2022-04-15 09:16:42
1650014202394698000,86.6,3,86.4,1,86.6,1,1,2022-04-15 09:16:42
1650014205040929000,86.6,1,86.5,3,86.6,1,1,2022-04-15 09:16:45
1650014207244318000,86.6,1,86.4,3,86.6,1,1,2022-04-15 09:16:47
1650014207280791000,86.6,1,86.4,3,86.7,4,1,2022-04-15 09:16:47
1650014207311544000,86.7,4,86.4,3,86.8,9,1,2022-04-15 09:16:47
1650014212613713000,86.6,2,86.4,4,86.6,1,2,2022-04-15 09:16:52
1650014215370574000,86.6,1,86.5,1,86.8,12,1,2022-04-15 09:16:55
1650014220988993000,86.6,2,86.6,1,86.8,12,2,2022-04-15 09:17:00
1650014226024160000,86.6,1,86.5,2,86.8,12,2,2022-04-15 09:17:06
1650014231059855000,86.5,1,86.5,1,86.7,4,2,2022-04-15 09:17:11
1650014241702136000,86.5,1,86.4,2,86.6,1,2,2022-04-15 09:17:21
1650014246625331000,86.5,1,86.4,2,86.6,1,1,2022-04-15 09:17:26
1650014265906726000,86.6,1,86.5,4,86.6,5,1,2022-04-15 09:17:45
1650014265932860000,86.6,5,86.5,4,86.7,4,1,2022-04-15 09:17:45
1650014265965579000,86.7,3,86.5,4,86.8,12,1,2022-04-15 09:17:45
1650014269994804000,86.7,1,86.6,3,86.7,1,1,2022-04-15 09:17:49
1650014271179139000,86.6,1,86.6,1,86.7,1,2,2022-04-15 09:17:51
1650014271590636000,86.7,1,86.5,4,86.8,12,1,2022-04-15 09:17:51
1650014279786196000,86.7,1,86.5,5,86.7,2,2,2022-04-15 09:17:59
1650014306284981000,86.7,2,86.6,1,86.7,3,1,2022-04-15 09:18:26
1650014308881326000,86.6,1,86.5,6,86.7,3,2,2022-04-15 09:18:28
1650014310305573000,86.7,3,86.5,6,86.8,13,1,2022-04-15 09:18:30
1650014313022144000,86.7,1,86.5,6,86.8,12,1,2022-04-15 09:18:33
1650014319188770000,86.7,1,86.5,6,86.7,6,1,2022-04-15 09:18:39
1650014319272493000,86.7,1,86.5,7,86.7,6,1,2022-04-15 09:18:39
1650014324743996000,86.7,6,86.7,4,86.8,12,1,2022-04-15 09:18:44
1650014325140047000,86.8,2,86.7,5,86.8,9,1,2022-04-15 09:18:45
1650014325772411000,86.7,2,86.7,3,86.8,9,2,2022-04-15 09:18:45
1650014327002558000,86.8,2,86.7,3,86.8,7,1,2022-04-15 09:18:47
1650014329319182000,86.8,1,86.7,3,86.8,7,1,2022-04-15 09:18:49
1650014332083648000,86.8,2,86.7,3,86.8,5,1,2022-04-15 09:18:52
1650014335769508000,86.8,1,86.7,3,86.8,4,1,2022-04-15 09:18:55
1650014336995609000,86.8,1,86.7,3,86.8,3,1,2022-04-15 09:18:56
1650014338910416000,86.8,3,86.7,3,86.9,8,1,2022-04-15 09:18:58
1650014355365881000,86.8,3,86.8,3,86.9,6,2,2022-04-15 09:19:15
1650014355394838000,86.8,1,86.8,2,86.9,6,2,2022-04-15 09:19:15
1650014355425521000,86.8,1,86.8,1,86.9,6,2,2022-04-15 09:19:15
1650014355582971000,86.8,1,86.7,2,86.8,1,2,2022-04-15 09:19:15
1650014356496702000,86.8,1,86.7,2,86.9,6,1,2022-04-15 09:19:16
1650014361367372000,86.8,4,86.8,17,86.9,7,1,2022-04-15 09:19:21
1650014363620785000,86.8,1,86.8,16,86.9,6,2,2022-04-15 09:19:23
1650014364970382000,86.8,5,86.8,11,86.9,6,2,2022-04-15 09:19:24
1650014364995730000,86.8,5,86.8,6,86.9,6,2,2022-04-15 09:19:24
1650014367802815000,86.9,1,86.8,6,86.9,5,1,2022-04-15 09:19:27
1650014374266301000,86.9,1,86.8,6,86.9,5,1,2022-04-15 09:19:34
1650014378078608000,86.9,2,86.8,8,86.9,3,1,2022-04-15 09:19:38
1650014381018483000,86.9,2,86.8,8,86.9,1,1,2022-04-15 09:19:41
1650014382474743000,86.9,1,86.8,8,86.9,1,1,2022-04-15 09:19:42
1650014384942394000,86.9,1,86.8,8,86.9,1,1,2022-04-15 09:19:44
1650014387766531000,86.9,1,86.8,8,86.9,1,1,2022-04-15 09:19:47
1650014388374988000,86.9,2,86.8,7,86.9,1,1,2022-04-15 09:19:48
1650014389346342000,86.9,1,86.8,7,87.0,40,1,2022-04-15 09:19:49
1650014391367876000,86.9,3,86.9,1,87.0,40,2,2022-04-15 09:19:51
1650014392949336000,86.9,1,86.8,10,87.0,40,2,2022-04-15 09:19:52
1650014394630151000,86.9,1,86.8,11,87.0,40,1,2022-04-15 09:19:54
1650014404753323000,86.8,10,86.7,4,86.9,6,2,2022-04-15 09:20:04
1650014404855072000,86.7,2,86.7,2,86.9,6,2,2022-04-15 09:20:04
1650014404890157000,86.7,2,86.6,3,86.9,6,2,2022-04-15 09:20:04
1650014406149854000,86.6,3,86.5,10,86.9,8,2,2022-04-15 09:20:06
1650014406149854000,86.5,2,86.5,10,86.9,8,2,2022-04-15 09:20:06
1650014408159203000,86.5,10,86.4,3,86.6,10,2,2022-04-15 09:20:08
1650014411655781000,86.5,1,86.4,3,86.6,10,1,2022-04-15 09:20:11
1650014420089706000,86.5,1,86.4,5,86.6,10,1,2022-04-15 09:20:20
1650014420192868000,86.5,1,86.4,5,86.6,10,2,2022-04-15 09:20:20
1650014426018724000,86.5,1,86.4,5,86.6,10,2,2022-04-15 09:20:26
1650014426249028000,86.4,2,86.4,3,86.6,10,2,2022-04-15 09:20:26
1650014442871056000,86.5,1,86.4,14,86.6,10,2,2022-04-15 09:20:42
1650014450335439000,86.5,1,86.4,14,86.6,10,2,2022-04-15 09:20:50
1650014456624248000,86.5,1,86.4,14,86.6,10,1,2022-04-15 09:20:56
1650014465451839000,86.4,1,86.4,12,86.5,2,2,2022-04-15 09:21:05
1650014469465965000,86.5,2,86.4,12,86.6,10,1,2022-04-15 09:21:09
1650014476871288000,86.6,1,86.5,6,86.6,9,1,2022-04-15 09:21:16
1650014476893253000,86.6,5,86.5,6,86.6,4,1,2022-04-15 09:21:16
1650014476919994000,86.5,1,86.5,5,86.6,5,2,2022-04-15 09:21:16
1650014486415977000,86.5,2,86.5,4,86.6,5,2,2022-04-15 09:21:26
1650014491434191000,86.5,2,86.5,2,86.6,7,2,2022-04-15 09:21:31
1650014492032880000,86.5,1,86.5,1,86.6,7,2,2022-04-15 09:21:32
1650014493020457000,86.6,5,86.5,1,86.6,2,1,2022-04-15 09:21:33
1650014496976543000,86.5,1,86.4,13,86.6,3,2,2022-04-15 09:21:36
1650014510750664000,86.4,1,86.4,12,86.6,3,2,2022-04-15 09:21:50
1650014511504201000,86.5,2,86.5,6,86.6,3,2,2022-04-15 09:21:51
1650014530439513000,86.6,3,86.5,9,86.8,3,1,2022-04-15 09:22:10
1650014538036416000,86.6,2,86.5,9,86.7,7,2,2022-04-15 09:22:18
1650014539866161000,86.6,1,86.5,9,86.7,7,2,2022-04-15 09:22:19
1650014544916064000,86.6,1,86.5,9,86.7,7,2,2022-04-15 09:22:24
1650014555436708000,86.6,1,86.6,2,86.7,8,2,2022-04-15 09:22:35
1650014555461277000,86.6,1,86.6,1,86.7,8,2,2022-04-15 09:22:35
1650014557395445000,86.7,6,86.6,1,86.7,2,1,2022-04-15 09:22:37
1650014575103249000,86.6,1,86.6,1,86.7,7,2,2022-04-15 09:22:55
1650014575122919000,86.6,1,86.5,5,86.7,7,2,2022-04-15 09:22:55
1650014586665580000,86.7,6,86.6,1,86.7,1,1,2022-04-15 09:23:06
1650014603179711000,86.6,3,86.5,5,86.6,2,2,2022-04-15 09:23:23
1650014609451464000,86.6,1,86.5,5,86.6,2,1,2022-04-15 09:23:29
1650014618055408000,86.6,1,86.5,5,86.6,2,1,2022-04-15 09:23:38
1650014621480784000,86.6,1,86.5,5,86.6,1,1,2022-04-15 09:23:41
1650014635263372000,86.6,1,86.5,5,86.6,2,1,2022-04-15 09:23:55
1650014657810385000,86.5,1,86.5,5,86.6,4,2,2022-04-15 09:24:17
1650014667660865000,86.5,1,86.5,4,86.6,7,2,2022-04-15 09:24:27
1650014667699810000,86.5,4,86.4,7,86.6,7,2,2022-04-15 09:24:27
1650014684701274000,86.4,2,86.4,5,86.5,1,2,2022-04-15 09:24:44
1650014686377512000,86.4,1,86.4,4,86.5,1,2,2022-04-15 09:24:46
1650014686741344000,86.4,1,86.4,3,86.5,1,2,2022-04-15 09:24:46
1650014686766246000,86.4,1,86.4,2,86.5,1,2,2022-04-15 09:24:46
1650014706557555000,86.4,1,86.4,1,86.5,2,2,2022-04-15 09:25:06
1650014708584154000,86.4,1,86.3,9,86.5,2,2,2022-04-15 09:25:08
1650014742907102000,86.4,1,86.3,11,86.5,4,2,2022-04-15 09:25:42
1650014745946012000,86.3,5,86.3,6,86.5,4,2,2022-04-15 09:25:45
1650014757400943000,86.3,6,86.2,16,86.3,4,2,2022-04-15 09:25:57
1650014757484446000,86.2,14,86.2,2,86.3,4,2,2022-04-15 09:25:57
1650014757628270000,86.2,1,86.2,1,86.3,4,2,2022-04-15 09:25:57
1650014757667469000,86.2,1,86.1,11,86.3,5,2,2022-04-15 09:25:57
1650014776521272000,86.2,1,86.1,11,86.3,8,1,2022-04-15 09:26:16
1650014779017931000,86.1,1,86.1,10,86.3,7,2,2022-04-15 09:26:19
1650014784288436000,86.1,9,86.0,43,86.3,7,2,2022-04-15 09:26:24
1650014787664006000,86.0,2,86.0,41,86.1,1,2,2022-04-15 09:26:27
1650014787738746000,86.0,7,86.0,34,86.1,1,2,2022-04-15 09:26:27
1650014787998279000,86.0,1,86.0,33,86.1,1,2,2022-04-15 09:26:27
1650014790913815000,86.0,1,86.0,32,86.1,1,2,2022-04-15 09:26:30
1650014791249543000,86.0,30,86.0,2,86.1,1,2,2022-04-15 09:26:31
1650014791270664000,86.0,2,85.9,12,86.1,1,2,2022-04-15 09:26:31
1650014791862767000,85.9,3,85.9,9,86.0,1,2,2022-04-15 09:26:31
1650014792033907000,86.0,1,85.9,9,86.1,4,1,2022-04-15 09:26:32
1650014792705729000,85.9,1,85.9,8,86.1,4,2,2022-04-15 09:26:32
1650014795709561000,85.9,1,85.9,7,86.0,1,2,2022-04-15 09:26:35
1650014795970505000,85.9,7,85.8,22,86.0,1,2,2022-04-15 09:26:35
1650014803430138000,85.8,2,85.8,20,85.9,5,2,2022-04-15 09:26:43
1650014803469286000,85.8,1,85.8,19,85.9,5,2,2022-04-15 09:26:43
1650014803493727000,85.9,1,85.8,19,85.9,4,1,2022-04-15 09:26:43
1650014806242738000,85.8,1,85.8,18,85.9,10,2,2022-04-15 09:26:46
1650014806275948000,85.8,6,85.8,12,85.9,10,2,2022-04-15 09:26:46
1650014806306329000,85.8,11,85.8,1,85.9,10,2,2022-04-15 09:26:46
1650014806307166000,85.8,1,85.7,12,85.9,10,2,2022-04-15 09:26:46
1650014809208496000,85.8,1,85.7,12,85.8,1,1,2022-04-15 09:26:49
1650014810808951000,85.8,1,85.8,1,85.9,12,1,2022-04-15 09:26:50
1650014811008155000,85.8,1,85.8,1,85.9,11,2,2022-04-15 09:26:51
1650014811491508000,85.8,1,85.7,9,85.9,11,2,2022-04-15 09:26:51
1650014811491508000,85.7,3,85.7,9,85.9,11,2,2022-04-15 09:26:51
1650014811553159000,85.7,9,85.6,12,85.8,1,2,2022-04-15 09:26:51
1650014812971821000,85.7,1,85.6,12,85.8,3,1,2022-04-15 09:26:52
1650014815830511000,85.6,5,85.6,7,85.7,1,2,2022-04-15 09:26:55
1650014815848383000,85.6,7,85.5,29,85.7,1,2,2022-04-15 09:26:55
1650014815955275000,85.7,2,85.7,2,85.8,4,1,2022-04-15 09:26:55
1650014815981267000,85.7,2,85.5,29,85.8,4,2,2022-04-15 09:26:55
1650014816213724000,85.8,2,85.5,29,85.8,2,1,2022-04-15 09:26:56
1650014816754723000,85.5,29,85.4,4,85.6,3,2,2022-04-15 09:26:56
1650014816754723000,85.4,1,85.4,4,85.6,3,2,2022-04-15 09:26:56
1650014816950439000,85.4,4,85.3,18,85.5,7,2,2022-04-15 09:26:56
1650014817186200000,85.4,1,85.3,18,85.4,5,1,2022-04-15 09:26:57
1650014817671794000,85.3,5,85.3,13,85.4,5,2,2022-04-15 09:26:57
1650014817705497000,85.3,11,85.3,2,85.4,5,2,2022-04-15 09:26:57
1650014817706316000,85.3,2,85.2,5,85.4,5,2,2022-04-15 09:26:57
1650014817720283000,85.2,1,85.2,4,85.4,5,2,2022-04-15 09:26:57
1650014821899440000,85.3,5,85.2,5,85.4,3,1,2022-04-15 09:27:01
1650014822305171000,85.3,1,85.2,5,85.3,1,1,2022-04-15 09:27:02
1650014822349574000,85.2,1,85.2,4,85.3,3,2,2022-04-15 09:27:02
1650014823110545000,85.2,3,85.1,7,85.3,3,2,2022-04-15 09:27:03
1650014823110545000,85.1,5,85.1,7,85.3,3,2,2022-04-15 09:27:03
1650014823180370000,85.1,1,85.1,6,85.3,3,2,2022-04-15 09:27:03
1650014823680332000,85.3,3,85.3,2,85.4,4,1,2022-04-15 09:27:03
1650014826299850000,85.4,4,85.3,17,85.5,1,1,2022-04-15 09:27:06
1650014829917544000,85.4,1,85.3,17,85.5,1,1,2022-04-15 09:27:09
1650014830343011000,85.5,1,85.3,18,85.6,11,1,2022-04-15 09:27:10
1650014830374515000,85.3,1,85.3,17,85.6,11,2,2022-04-15 09:27:10
1650014831159568000,85.3,4,85.3,13,85.6,7,2,2022-04-15 09:27:11
1650014831304416000,85.6,1,85.3,13,85.6,6,1,2022-04-15 09:27:11
1650014831465803000,85.3,1,85.3,12,85.6,6,2,2022-04-15 09:27:11
1650014833261765000,85.4,1,85.4,4,85.6,9,2,2022-04-15 09:27:13
1650014835094569000,85.5,1,85.4,5,85.6,9,1,2022-04-15 09:27:15
1650014840313462000,85.6,9,85.5,2,85.7,1,1,2022-04-15 09:27:20
1650014840786740000,85.5,1,85.5,1,85.7,1,2,2022-04-15 09:27:20
1650014844487885000,85.7,1,85.6,1,85.8,1,1,2022-04-15 09:27:24
1650014844809903000,85.6,1,85.5,5,85.8,1,2,2022-04-15 09:27:24
1650014849817729000,85.5,1,85.5,5,85.7,2,2,2022-04-15 09:27:29
1650014852307975000,85.5,4,85.5,2,85.7,2,2,2022-04-15 09:27:32
1650014853325081000,85.5,1,85.5,1,85.6,10,2,2022-04-15 09:27:33
1650014854117848000,85.6,2,85.5,1,85.6,8,1,2022-04-15 09:27:34
1650014855620853000,85.5,1,85.4,11,85.5,6,2,2022-04-15 09:27:35
1650014856700698000,85.5,1,85.4,11,85.5,5,1,2022-04-15 09:27:36
1650014858925004000,85.5,4,85.4,11,85.5,1,1,2022-04-15 09:27:38
1650014858958184000,85.5,1,85.4,11,85.6,8,1,2022-04-15 09:27:38
1650014858989376000,85.6,8,85.4,11,85.7,2,1,2022-04-15 09:27:38
1650014859768304000,85.5,1,85.4,12,85.7,2,1,2022-04-15 09:27:39
1650014864384377000,85.7,2,85.5,3,85.8,3,1,2022-04-15 09:27:44
1650014865140260000,85.6,1,85.5,7,85.8,3,1,2022-04-15 09:27:45
1650014865418650000,85.6,1,85.5,10,85.8,3,1,2022-04-15 09:27:45
1650014865439164000,85.6,1,85.5,9,85.6,2,1,2022-04-15 09:27:45
1650014865439338000,85.6,1,85.5,9,85.6,1,1,2022-04-15 09:27:45
1650014865769205000,85.6,1,85.5,9,85.8,3,1,2022-04-15 09:27:45
1650014866077299000,85.5,2,85.5,7,85.8,3,2,2022-04-15 09:27:46
1650014871082173000,85.5,1,85.5,12,85.7,1,2,2022-04-15 09:27:51
1650014873284508000,85.5,10,85.5,3,85.7,1,2,2022-04-15 09:27:53
1650014873322341000,85.5,3,85.4,12,85.7,1,2,2022-04-15 09:27:53
1650014876752659000,85.5,1,85.5,2,85.6,1,2,2022-04-15 09:27:56
1650014881512595000,85.5,4,85.4,10,85.5,1,2,2022-04-15 09:28:01
1650014882320469000,85.4,3,85.4,7,85.5,2,2,2022-04-15 09:28:02
1650014882321678000,85.4,5,85.4,2,85.5,2,2,2022-04-15 09:28:02
1650014882326353000,85.4,2,85.3,11,85.4,1,2,2022-04-15 09:28:02
1650014888149938000,85.4,1,85.3,11,85.4,6,1,2022-04-15 09:28:08
1650014889309839000,85.4,2,85.3,11,85.4,5,1,2022-04-15 09:28:09
1650014890211980000,85.3,11,85.0,63,85.1,7,2,2022-04-15 09:28:10
1650014890211980000,85.2,4,85.0,63,85.1,7,2,2022-04-15 09:28:10
1650014890211980000,85.1,8,85.0,63,85.1,7,2,2022-04-15 09:28:10
1650014890244061000,85.0,1,85.0,62,85.1,9,2,2022-04-15 09:28:10
1650014890707412000,85.1,9,85.0,62,85.4,10,1,2022-04-15 09:28:10
1650014890707412000,85.3,1,85.0,62,85.4,10,1,2022-04-15 09:28:10
1650014890707412000,85.4,1,85.0,62,85.4,10,1,2022-04-15 09:28:10
1650014890712766000,85.4,3,85.0,62,85.4,7,1,2022-04-15 09:28:10
1650014890812886000,85.4,1,85.0,62,85.4,6,1,2022-04-15 09:28:10
1650014897432810000,85.2,1,85.1,1,85.2,1,1,2022-04-15 09:28:17
1650014897937012000,85.2,1,85.1,2,85.3,8,1,2022-04-15 09:28:17
1650014898741736000,85.2,1,85.1,3,85.3,8,1,2022-04-15 09:28:18
1650014898966655000,85.1,3,85.0,59,85.3,8,2,2022-04-15 09:28:18
1650014901922869000,85.2,1,85.0,58,85.2,3,1,2022-04-15 09:28:21
1650014905468523000,85.2,3,85.1,4,85.2,1,1,2022-04-15 09:28:25
1650014905497053000,85.2,1,85.1,4,85.3,2,1,2022-04-15 09:28:25
1650014908491871000,85.2,1,85.2,1,85.3,2,2,2022-04-15 09:28:28
1650014910531003000,85.2,1,85.2,1,85.3,3,2,2022-04-15 09:28:30
1650014911142512000,85.2,1,85.1,4,85.3,3,2,2022-04-15 09:28:31
1650014911731251000,85.2,1,85.1,5,85.2,2,1,2022-04-15 09:28:31
1650014914163019000,85.1,2,85.1,3,85.3,3,2,2022-04-15 09:28:34
1650014915060236000,85.2,4,85.1,3,85.2,1,2,2022-04-15 09:28:35
1650014915712611000,85.1,3,85.0,56,85.2,1,2,2022-04-15 09:28:35
1650014915712611000,85.0,3,85.0,56,85.2,1,2,2022-04-15 09:28:35
1650014917160199000,85.1,1,85.0,51,85.2,1,2,2022-04-15 09:28:37
1650014917955254000,85.0,1,85.0,50,85.2,4,2,2022-04-15 09:28:37
1650014919614385000,85.1,1,85.0,50,85.1,9,2,2022-04-15 09:28:39
1650014920746584000,85.1,1,85.0,49,85.1,9,1,2022-04-15 09:28:40
1650014921849167000,85.0,1,85.0,48,85.1,9,2,2022-04-15 09:28:41
1650014921923066000,85.0,1,85.0,47,85.1,9,2,2022-04-15 09:28:41
1650014923684395000,85.0,1,85.0,46,85.1,9,2,2022-04-15 09:28:43
1650014923707230000,85.1,1,85.0,44,85.1,8,1,2022-04-15 09:28:43
1650014925418446000,85.0,4,85.0,40,85.1,8,2,2022-04-15 09:28:45
1650014925561971000,85.0,7,85.0,33,85.1,8,2,2022-04-15 09:28:45
1650014925598203000,85.0,6,85.0,27,85.1,8,2,2022-04-15 09:28:45
1650014925629027000,85.0,1,85.0,26,85.1,8,2,2022-04-15 09:28:45
1650014925633381000,85.0,1,85.0,25,85.1,8,2,2022-04-15 09:28:45
1650014925815543000,85.0,2,85.0,23,85.1,8,2,2022-04-15 09:28:45
1650014926356841000,85.0,3,85.0,20,85.1,9,2,2022-04-15 09:28:46
1650014926750174000,85.0,4,85.0,16,85.1,10,2,2022-04-15 09:28:46
1650014926782924000,85.0,4,85.0,12,85.1,10,2,2022-04-15 09:28:46
1650014926787175000,85.0,1,85.0,11,85.1,10,2,2022-04-15 09:28:46
1650014926813189000,85.0,10,85.0,1,85.1,10,2,2022-04-15 09:28:46
1650014926846276000,85.0,1,84.9,4,85.1,10,2,2022-04-15 09:28:46
1650014927103055000,85.0,1,84.9,4,85.0,5,1,2022-04-15 09:28:47
1650014927363559000,84.9,4,84.8,24,84.9,3,2,2022-04-15 09:28:47
1650014930289601000,84.9,1,84.8,24,84.9,5,1,2022-04-15 09:28:50
1650014931763971000,84.9,1,84.8,24,84.9,4,1,2022-04-15 09:28:51
1650014931858548000,84.8,1,84.8,23,84.9,5,2,2022-04-15 09:28:51
1650014932560930000,84.8,10,84.8,13,84.9,5,2,2022-04-15 09:28:52
1650014932592836000,84.8,1,84.8,12,84.9,7,2,2022-04-15 09:28:52
1650014933981854000,84.8,1,84.8,11,84.9,8,2,2022-04-15 09:28:53
1650014934956437000,84.8,1,84.8,10,84.9,9,2,2022-04-15 09:28:54
1650014935203288000,84.8,1,84.8,9,84.9,9,2,2022-04-15 09:28:55
1650014935853664000,84.9,1,84.8,9,84.9,8,1,2022-04-15 09:28:55
1650014936231712000,84.8,5,84.8,4,84.9,6,2,2022-04-15 09:28:56
1650014938360804000,84.8,3,84.8,1,84.9,6,2,2022-04-15 09:28:58
1650014938393974000,84.8,1,84.7,4,84.9,5,2,2022-04-15 09:28:58
1650014939327798000,84.8,1,84.8,1,84.9,8,2,2022-04-15 09:28:59
1650014940432544000,84.8,1,84.7,7,84.8,5,2,2022-04-15 09:29:00
1650014940456014000,84.8,5,84.7,7,84.9,8,1,2022-04-15 09:29:00
1650014940478561000,84.8,2,84.7,7,84.9,8,1,2022-04-15 09:29:00
1650014940642759000,84.9,9,84.9,2,85.0,14,1,2022-04-15 09:29:00
1650014940829243000,84.9,1,84.9,1,85.0,14,2,2022-04-15 09:29:00
1650014941492633000,84.9,1,84.8,2,85.0,14,2,2022-04-15 09:29:01
1650014941492633000,84.8,1,84.8,2,85.0,14,2,2022-04-15 09:29:01
1650014943604746000,84.8,3,84.8,2,85.0,14,2,2022-04-15 09:29:03
1650014943660331000,84.8,2,84.7,7,85.0,14,2,2022-04-15 09:29:03
1650014944173973000,84.7,8,84.5,23,85.0,14,2,2022-04-15 09:29:04
1650014944173973000,84.6,11,84.5,23,85.0,14,2,2022-04-15 09:29:04
1650014944173973000,84.5,8,84.5,23,85.0,14,2,2022-04-15 09:29:04
1650014944306257000,84.8,1,84.5,21,84.9,6,2,2022-04-15 09:29:04
1650014944306257000,84.5,2,84.5,21,84.9,6,2,2022-04-15 09:29:04
1650014944987616000,84.9,1,84.8,5,84.9,5,1,2022-04-15 09:29:04
1650014946339563000,84.8,3,84.8,3,84.9,1,2,2022-04-15 09:29:06
1650014947861973000,84.8,1,84.8,4,84.9,1,2,2022-04-15 09:29:07
1650014948950692000,84.8,3,84.8,2,84.9,1,2,2022-04-15 09:29:08
1650014950017787000,84.8,1,84.8,5,84.9,1,2,2022-04-15 09:29:10
1650014950432713000,84.8,1,84.8,4,84.9,1,2,2022-04-15 09:29:10
1650014950733835000,84.9,1,84.8,4,85.0,17,1,2022-04-15 09:29:10
1650014954546394000,84.9,2,84.8,4,85.0,16,2,2022-04-15 09:29:14
1650014954546394000,84.8,3,84.8,4,85.0,16,2,2022-04-15 09:29:14
1650014954640428000,84.8,1,84.8,3,85.0,16,2,2022-04-15 09:29:14
1650014962168033000,84.8,1,84.8,4,85.0,18,2,2022-04-15 09:29:22
1650014962546997000,84.8,1,84.8,3,85.0,18,2,2022-04-15 09:29:22
1650014962563750000,84.8,1,84.8,2,85.0,18,2,2022-04-15 09:29:22
1650014962579499000,84.8,2,84.7,1,85.0,18,2,2022-04-15 09:29:22
1650014964898533000,84.8,1,84.8,1,84.9,1,2,2022-04-15 09:29:24
1650014965032958000,84.8,1,84.7,2,84.9,1,2,2022-04-15 09:29:25
1650014968379571000,84.8,1,84.7,3,84.9,1,2,2022-04-15 09:29:28
1650014975065808000,84.7,2,84.7,3,84.8,5,2,2022-04-15 09:29:35
1650014975836122000,84.7,1,84.7,2,84.8,5,2,2022-04-15 09:29:35
1650014978403595000,84.7,2,84.7,2,84.8,7,2,2022-04-15 09:29:38
1650014979280590000,84.7,1,84.7,1,84.8,7,2,2022-04-15 09:29:39
1650014980377846000,84.8,5,84.7,1,84.8,2,1,2022-04-15 09:29:40
1650014980589128000,84.7,1,84.6,11,84.8,2,2,2022-04-15 09:29:40
1650014980992969000,84.7,1,84.6,11,84.8,2,1,2022-04-15 09:29:40
1650014983089324000,84.7,1,84.7,6,84.8,8,2,2022-04-15 09:29:43
1650014988158365000,84.7,3,84.7,7,84.8,8,2,2022-04-15 09:29:48
1650014988184822000,84.7,1,84.7,6,84.8,8,2,2022-04-15 09:29:48
1650014990353967000,84.7,1,84.7,8,84.8,10,2,2022-04-15 09:29:50
1650014993374737000,84.7,2,84.7,6,84.8,10,2,2022-04-15 09:29:53
1650014999776480000,84.8,1,84.7,13,84.8,9,1,2022-04-15 09:29:59
1650015000345733000,84.7,1,84.7,12,84.8,8,2,2022-04-15 09:30:00
1650015000404435000,84.7,1,84.7,11,84.8,8,2,2022-04-15 09:30:00
1650015000731155000,84.7,2,84.7,9,84.8,18,2,2022-04-15 09:30:00
1650015000740928000,84.7,3,84.7,6,84.8,18,2,2022-04-15 09:30:00
1650015000761771000,84.7,2,84.7,4,84.8,18,2,2022-04-15 09:30:00
1650015000768847000,84.7,3,84.7,1,84.8,18,2,2022-04-15 09:30:00
1650015000774132000,84.7,1,84.6,11,84.8,18,2,2022-04-15 09:30:00
1650015000919226000,84.6,11,84.5,26,84.7,11,2,2022-04-15 09:30:00
1650015005138597000,84.6,1,84.5,23,84.7,26,1,2022-04-15 09:30:05
1650015005140436000,84.5,21,84.5,2,84.7,26,2,2022-04-15 09:30:05
1650015005141735000,84.5,2,84.4,11,84.5,1,2,2022-04-15 09:30:05
1650015005176158000,84.4,1,84.4,10,84.5,2,2,2022-04-15 09:30:05
1650015005417844000,84.5,1,84.4,10,84.5,1,1,2022-04-15 09:30:05
1650015005841361000,84.4,1,84.4,9,84.5,1,2,2022-04-15 09:30:05
1650015006222345000,84.5,1,84.4,9,84.6,1,1,2022-04-15 09:30:06
1650015007125532000,84.4,2,84.4,7,84.6,1,2,2022-04-15 09:30:07
1650015008168886000,84.4,2,84.4,5,84.6,2,2,2022-04-15 09:30:08
1650015008208635000,84.4,2,84.4,3,84.6,2,2,2022-04-15 09:30:08
1650015010124537000,84.5,3,84.4,3,84.6,4,1,2022-04-15 09:30:10
1650015010124537000,84.6,1,84.4,3,84.6,4,1,2022-04-15 09:30:10
1650015010286664000,84.4,3,84.3,2,84.4,2,2,2022-04-15 09:30:10
1650015012430105000,84.4,1,84.3,2,84.4,2,1,2022-04-15 09:30:12
1650015015356344000,84.4,1,84.3,1,84.4,1,1,2022-04-15 09:30:15
1650015015539023000,84.3,1,84.2,4,84.4,1,2,2022-04-15 09:30:15
1650015015539023000,84.2,1,84.2,4,84.4,1,2,2022-04-15 09:30:15
1650015017821496000,84.4,1,84.3,4,84.4,1,1,2022-04-15 09:30:17
1650015018060902000,84.3,1,84.3,3,84.4,1,2,2022-04-15 09:30:18
1650015018823508000,84.3,1,84.3,3,84.4,1,2,2022-04-15 09:30:18
1650015019898857000,84.4,1,84.3,3,84.5,1,1,2022-04-15 09:30:19
1650015020130357000,84.3,1,84.3,2,84.5,1,2,2022-04-15 09:30:20
1650015020850990000,84.5,1,84.3,2,84.5,1,1,2022-04-15 09:30:20
1650015021285645000,84.3,1,84.3,1,84.5,1,2,2022-04-15 09:30:21
1650015022335077000,84.3,1,84.3,1,84.4,1,2,2022-04-15 09:30:22
1650015022551962000,84.3,1,84.2,6,84.4,1,2,2022-04-15 09:30:22
1650015023880803000,84.3,1,84.2,5,84.3,2,1,2022-04-15 09:30:23
1650015023965680000,84.3,1,84.2,5,84.3,1,1,2022-04-15 09:30:23
1650015024790863000,84.3,1,84.3,1,84.4,1,1,2022-04-15 09:30:24
1650015025027188000,84.3,1,84.2,5,84.3,1,2,2022-04-15 09:30:25
1650015025680211000,84.3,1,84.2,5,84.4,1,1,2022-04-15 09:30:25
1650015026648425000,84.2,1,84.2,4,84.4,2,2,2022-04-15 09:30:26
1650015028414851000,84.3,1,84.2,4,84.4,2,2,2022-04-15 09:30:28
1650015029192915000,84.2,10,84.1,10,84.4,2,2,2022-04-15 09:30:29
1650015029300535000,84.1,10,84.1,1,84.4,2,2,2022-04-15 09:30:29
1650015031658791000,84.2,1,84.1,1,84.2,9,1,2022-04-15 09:30:31
1650015034226622000,84.1,1,84.0,29,84.2,9,2,2022-04-15 09:30:34
1650015034955198000,84.2,1,84.1,1,84.2,8,1,2022-04-15 09:30:34
1650015035346524000,84.1,1,84.1,1,84.2,8,2,2022-04-15 09:30:35
1650015037492434000,84.1,1,84.1,1,84.2,8,2,2022-04-15 09:30:37
1650015038699313000,84.1,1,84.1,8,84.2,8,2,2022-04-15 09:30:38
1650015039377145000,84.1,1,84.1,7,84.2,9,2,2022-04-15 09:30:39
1650015039630776000,84.1,1,84.1,7,84.2,9,2,2022-04-15 09:30:39
1650015039688107000,84.2,1,84.1,7,84.2,8,1,2022-04-15 09:30:39
1650015039898931000,84.2,1,84.1,7,84.2,7,1,2022-04-15 09:30:39
1650015040679957000,84.2,1,84.1,7,84.2,6,1,2022-04-15 09:30:40
1650015040713041000,84.2,6,84.1,7,84.4,7,1,2022-04-15 09:30:40
1650015042107745000,84.3,1,84.3,3,84.4,7,2,2022-04-15 09:30:42
1650015042413077000,84.3,1,84.3,2,84.4,7,2,2022-04-15 09:30:42
1650015044718694000,84.3,2,84.2,3,84.3,2,2,2022-04-15 09:30:44
1650015047431877000,84.2,1,84.2,2,84.3,2,2,2022-04-15 09:30:47
1650015048584720000,84.2,1,84.2,1,84.3,2,2,2022-04-15 09:30:48
1650015051499492000,84.3,1,84.2,3,84.3,1,1,2022-04-15 09:30:51
1650015051778620000,84.2,3,84.1,12,84.3,1,2,2022-04-15 09:30:51
1650015053426626000,84.3,1,84.1,14,84.3,1,1,2022-04-15 09:30:53
1650015053584369000,84.3,1,84.1,14,84.4,6,1,2022-04-15 09:30:53
1650015053662135000,84.4,5,84.1,14,84.4,1,1,2022-04-15 09:30:53
1650015053984275000,84.3,2,84.2,6,84.4,1,1,2022-04-15 09:30:53
1650015054704646000,84.4,1,84.2,3,84.5,7,1,2022-04-15 09:30:54
1650015056082578000,84.3,1,84.2,8,84.5,7,1,2022-04-15 09:30:56
1650015062341105000,84.5,1,84.3,2,84.5,6,1,2022-04-15 09:31:02
1650015065648712000,84.4,1,84.3,5,84.5,2,1,2022-04-15 09:31:05
1650015065648712000,84.5,4,84.3,5,84.5,2,1,2022-04-15 09:31:05
1650015066183727000,84.3,1,84.3,5,84.5,2,2,2022-04-15 09:31:06
1650015073628227000,84.4,1,84.3,9,84.4,11,1,2022-04-15 09:31:13
1650015074102770000,84.4,2,84.3,10,84.4,9,1,2022-04-15 09:31:14
1650015074334228000,84.3,11,84.2,17,84.4,9,2,2022-04-15 09:31:14
1650015078218017000,84.4,3,84.3,2,84.4,7,1,2022-04-15 09:31:18
1650015080613320000,84.4,6,84.3,4,84.4,1,1,2022-04-15 09:31:20
1650015080645180000,84.4,1,84.3,4,84.5,2,1,2022-04-15 09:31:20
1650015086402208000,84.4,1,84.4,6,84.5,4,2,2022-04-15 09:31:26
1650015088141266000,84.4,1,84.4,8,84.5,4,2,2022-04-15 09:31:28
1650015088200320000,84.4,8,84.3,23,84.5,5,2,2022-04-15 09:31:28
1650015089867408000,84.4,1,84.3,22,84.5,6,1,2022-04-15 09:31:29
1650015091063689000,84.4,2,84.3,16,84.5,6,2,2022-04-15 09:31:31
1650015095107441000,84.5,2,84.3,17,84.5,4,1,2022-04-15 09:31:35
1650015096850540000,84.4,1,84.3,18,84.5,5,2,2022-04-15 09:31:36
1650015099894985000,84.5,2,84.4,5,84.5,4,1,2022-04-15 09:31:39
1650015102360590000,84.4,1,84.4,11,84.5,4,2,2022-04-15 09:31:42
1650015103587589000,84.5,1,84.4,11,84.5,3,1,2022-04-15 09:31:43
1650015103754141000,84.5,1,84.4,11,84.5,2,1,2022-04-15 09:31:43
1650015103832791000,84.5,1,84.4,11,84.5,1,1,2022-04-15 09:31:43
1650015104725921000,84.5,1,84.5,1,84.6,12,1,2022-04-15 09:31:44
1650015104753778000,84.5,1,84.4,11,84.6,12,2,2022-04-15 09:31:44
1650015105784472000,84.5,1,84.5,1,84.6,12,2,2022-04-15 09:31:45
1650015107948148000,84.5,2,84.4,12,84.6,12,2,2022-04-15 09:31:47
1650015107970560000,84.4,5,84.4,7,84.6,12,2,2022-04-15 09:31:47
1650015109226745000,84.5,1,84.4,7,84.6,12,2,2022-04-15 09:31:49
1650015109999142000,84.5,1,84.4,8,84.6,12,2,2022-04-15 09:31:49
1650015112351717000,84.6,1,84.5,1,84.6,11,1,2022-04-15 09:31:52
1650015116236696000,84.5,1,84.4,11,84.5,1,2,2022-04-15 09:31:56
1650015116623339000,84.4,3,84.4,8,84.5,1,2,2022-04-15 09:31:56
1650015116649884000,84.4,8,84.3,16,84.5,1,2,2022-04-15 09:31:56
1650015117000364000,84.5,1,84.3,16,84.5,1,1,2022-04-15 09:31:57
1650015118454689000,84.3,5,84.3,11,84.5,2,2,2022-04-15 09:31:58
1650015120294048000,84.5,2,84.3,11,84.5,2,1,2022-04-15 09:32:00
1650015120324261000,84.3,8,84.3,3,84.5,3,2,2022-04-15 09:32:00
1650015120355096000,84.3,3,84.2,12,84.5,3,2,2022-04-15 09:32:00
1650015120391246000,84.5,1,84.2,12,84.5,2,1,2022-04-15 09:32:00
1650015122695402000,84.4,2,84.2,12,84.4,5,1,2022-04-15 09:32:02
1650015123328335000,84.4,3,84.2,11,84.4,2,1,2022-04-15 09:32:03
1650015123964056000,84.4,2,84.2,11,84.5,2,1,2022-04-15 09:32:03
1650015126001767000,84.5,1,84.2,11,84.5,1,1,2022-04-15 09:32:06
1650015127753980000,84.4,1,84.3,2,84.5,1,2,2022-04-15 09:32:07
1650015130695088000,84.5,1,84.3,3,84.6,11,1,2022-04-15 09:32:10
1650015135512380000,84.5,1,84.5,1,84.6,11,1,2022-04-15 09:32:15
1650015135547885000,84.5,1,84.3,6,84.6,11,2,2022-04-15 09:32:15
1650015140517428000,84.3,1,84.3,5,84.4,1,2,2022-04-15 09:32:20
1650015140542536000,84.4,1,84.5,2,84.6,13,1,2022-04-15 09:32:20
1650015140542536000,84.5,2,84.5,2,84.6,13,1,2022-04-15 09:32:20
1650015140543679000,84.5,2,84.3,3,84.6,13,2,2022-04-15 09:32:20
1650015140543679000,84.3,2,84.3,3,84.6,13,2,2022-04-15 09:32:20
1650015145253037000,84.5,1,84.3,5,84.6,13,1,2022-04-15 09:32:25
1650015152869061000,84.5,1,84.4,1,84.6,15,1,2022-04-15 09:32:32
1650015158045259000,84.5,2,84.4,5,84.6,17,2,2022-04-15 09:32:38
1650015162433556000,84.5,1,84.4,5,84.6,17,1,2022-04-15 09:32:42
1650015163620898000,84.5,1,84.4,7,84.6,17,2,2022-04-15 09:32:43
1650015166063087000,84.5,1,84.4,7,84.5,4,1,2022-04-15 09:32:46
1650015168504513000,84.5,1,84.4,8,84.5,4,1,2022-04-15 09:32:48
1650015168688643000,84.5,2,84.4,8,84.5,2,1,2022-04-15 09:32:48
1650015171050274000,84.5,1,84.4,8,84.5,3,1,2022-04-15 09:32:51
1650015171475717000,84.5,2,84.4,8,84.5,1,1,2022-04-15 09:32:51
1650015171709150000,84.4,1,84.4,7,84.5,2,2,2022-04-15 09:32:51
1650015171740361000,84.4,2,84.4,5,84.5,2,2,2022-04-15 09:32:51
1650015171771072000,84.4,5,84.3,9,84.5,2,2,2022-04-15 09:32:51
1650015172228328000,84.5,1,84.3,8,84.5,2,1,2022-04-15 09:32:52
1650015178690046000,84.4,1,84.3,9,84.5,4,2,2022-04-15 09:32:58
1650015178722768000,84.3,5,84.3,4,84.5,4,2,2022-04-15 09:32:58
1650015179750508000,84.5,2,84.3,6,84.5,2,1,2022-04-15 09:32:59
1650015182286418000,84.5,2,84.3,6,84.6,17,1,2022-04-15 09:33:02
1650015189544490000,84.5,1,84.4,4,84.6,17,2,2022-04-15 09:33:09
1650015192369614000,84.5,1,84.4,4,84.6,17,1,2022-04-15 09:33:12
1650015196336384000,84.5,2,84.4,4,84.6,17,1,2022-04-15 09:33:16
1650015209334769000,84.5,1,84.4,6,84.5,1,1,2022-04-15 09:33:29
1650015210768634000,84.5,1,84.4,8,84.6,17,1,2022-04-15 09:33:30
1650015212154469000,84.5,1,84.4,8,84.6,16,1,2022-04-15 09:33:32
1650015219114823000,84.5,1,84.5,4,84.6,16,2,2022-04-15 09:33:39
1650015219637128000,84.5,2,84.5,2,84.6,16,2,2022-04-15 09:33:39
1650015219659238000,84.5,2,84.4,10,84.6,16,2,2022-04-15 09:33:39
1650015227990158000,84.5,2,84.4,9,84.5,6,1,2022-04-15 09:33:47
1650015228936412000,84.5,1,84.4,9,84.5,5,1,2022-04-15 09:33:48
1650015231448801000,84.5,1,84.4,9,84.5,4,1,2022-04-15 09:33:51
1650015232210798000,84.5,1,84.4,9,84.5,3,1,2022-04-15 09:33:52
1650015232336916000,84.5,1,84.4,9,84.5,2,1,2022-04-15 09:33:52
1650015234121010000,84.5,1,84.4,9,84.5,1,1,2022-04-15 09:33:54
1650015234816315000,84.5,1,84.4,9,84.6,16,1,2022-04-15 09:33:54
1650015242741474000,84.5,3,84.5,2,84.6,16,2,2022-04-15 09:34:02
1650015242761012000,84.5,2,84.4,9,84.6,16,2,2022-04-15 09:34:02
1650015245068099000,84.5,1,84.4,9,84.6,16,1,2022-04-15 09:34:05
1650015247111218000,84.6,2,84.4,9,84.6,14,1,2022-04-15 09:34:07
1650015250243768000,84.5,1,84.4,9,84.6,11,1,2022-04-15 09:34:10
1650015250243768000,84.6,3,84.4,9,84.6,11,1,2022-04-15 09:34:10
1650015254087506000,84.4,1,84.4,9,84.6,11,2,2022-04-15 09:34:14
1650015256353189000,84.5,1,84.4,10,84.6,11,1,2022-04-15 09:34:16
1650015257012601000,84.5,1,84.4,10,84.5,2,1,2022-04-15 09:34:17
1650015258118101000,84.5,1,84.4,10,84.5,1,1,2022-04-15 09:34:18
1650015262976308000,84.5,1,84.4,11,84.6,11,1,2022-04-15 09:34:22
1650015265545560000,84.5,1,84.5,1,84.6,11,2,2022-04-15 09:34:25
1650015270210786000,84.6,1,84.5,1,84.6,10,1,2022-04-15 09:34:30
1650015274228962000,84.6,1,84.5,1,84.6,9,1,2022-04-15 09:34:34
1650015278323678000,84.6,2,84.5,1,84.6,7,1,2022-04-15 09:34:38
1650015283271700000,84.6,1,84.5,7,84.6,7,1,2022-04-15 09:34:43
1650015284847938000,84.6,1,84.5,8,84.6,6,1,2022-04-15 09:34:44
1650015286006572000,84.6,1,84.5,8,84.6,5,1,2022-04-15 09:34:46
1650015286329990000,84.6,1,84.5,8,84.6,4,1,2022-04-15 09:34:46
1650015289209850000,84.6,1,84.5,8,84.6,3,1,2022-04-15 09:34:49
1650015290531498000,84.6,1,84.5,8,84.6,2,1,2022-04-15 09:34:50
1650015291053746000,84.6,1,84.5,8,84.6,1,1,2022-04-15 09:34:51
1650015291074800000,84.6,1,84.5,8,84.7,31,1,2022-04-15 09:34:51
1650015292086274000,84.6,5,84.5,3,84.7,31,2,2022-04-15 09:34:52
1650015295195749000,84.6,1,84.5,3,84.7,31,2,2022-04-15 09:34:55
1650015299464202000,84.7,2,84.5,4,84.7,29,1,2022-04-15 09:34:59
1650015303472345000,84.5,3,84.5,1,84.6,1,2,2022-04-15 09:35:03
1650015303495305000,84.5,1,84.4,11,84.6,1,2,2022-04-15 09:35:03
1650015308302143000,84.6,1,84.4,10,84.7,29,1,2022-04-15 09:35:08
1650015308929687000,84.7,1,84.4,11,84.7,28,1,2022-04-15 09:35:08
1650015315630539000,84.6,1,84.5,2,84.6,1,1,2022-04-15 09:35:15
1650015328762888000,84.6,1,84.5,3,84.7,28,1,2022-04-15 09:35:28
1650015343116983000,84.7,1,84.6,5,84.7,27,1,2022-04-15 09:35:43
1650015343846908000,84.6,2,84.6,3,84.7,27,2,2022-04-15 09:35:43
1650015354852612000,84.7,1,84.6,4,84.7,26,1,2022-04-15 09:35:54
1650015371534884000,84.7,1,84.6,6,84.7,25,1,2022-04-15 09:36:11
1650015371570290000,84.7,7,84.6,6,84.7,18,1,2022-04-15 09:36:11
1650015373188056000,84.7,1,84.6,6,84.7,17,1,2022-04-15 09:36:13
1650015373217287000,84.7,17,84.6,6,84.8,19,1,2022-04-15 09:36:13
1650015374773610000,84.8,1,84.6,7,84.8,18,1,2022-04-15 09:36:14
1650015374888787000,84.8,6,84.6,7,84.8,12,1,2022-04-15 09:36:14
1650015374920206000,84.8,11,84.6,7,84.8,1,1,2022-04-15 09:36:14
1650015374920509000,84.8,1,84.6,7,84.9,2,1,2022-04-15 09:36:14
1650015374983866000,84.8,2,84.6,7,84.9,2,2,2022-04-15 09:36:14
1650015382195430000,84.8,1,84.6,9,84.9,3,2,2022-04-15 09:36:22
1650015383289704000,84.8,1,84.6,9,84.9,3,2,2022-04-15 09:36:23
1650015390263879000,84.8,1,84.7,1,84.9,3,1,2022-04-15 09:36:30
1650015390287765000,84.7,1,84.6,9,84.9,3,2,2022-04-15 09:36:30
1650015398531873000,84.9,1,84.8,1,84.9,2,1,2022-04-15 09:36:38
1650015398558230000,84.8,1,84.7,1,84.9,2,2,2022-04-15 09:36:38
1650015408324363000,84.9,1,84.7,3,84.9,1,1,2022-04-15 09:36:48
1650015412299825000,84.9,1,84.7,8,85.0,3,1,2022-04-15 09:36:52
1650015415727314000,84.7,1,84.7,8,85.0,3,2,2022-04-15 09:36:55
1650015423829593000,84.8,1,84.7,9,85.0,3,2,2022-04-15 09:37:03
1650015433579108000,84.9,1,84.8,5,85.0,3,1,2022-04-15 09:37:13
1650015436346585000,84.8,4,84.8,2,85.0,8,2,2022-04-15 09:37:16
1650015437517846000,85.0,1,84.8,3,85.0,7,1,2022-04-15 09:37:17
1650015437705334000,84.9,1,84.8,3,85.0,7,2,2022-04-15 09:37:17
1650015437982935000,84.9,1,84.8,3,85.0,7,1,2022-04-15 09:37:17
1650015442816960000,84.9,2,84.8,4,85.0,7,2,2022-04-15 09:37:22
1650015447182258000,84.9,1,84.8,7,85.0,8,2,2022-04-15 09:37:27
1650015451687011000,84.9,1,84.8,7,84.9,1,1,2022-04-15 09:37:31
1650015454586776000,84.9,1,84.8,10,84.9,1,1,2022-04-15 09:37:34
1650015458990000000,84.8,10,84.7,8,84.9,9,2,2022-04-15 09:37:38
1650015471932254000,84.8,3,84.8,3,84.9,20,2,2022-04-15 09:37:51
1650015474092009000,84.8,1,84.8,2,84.9,20,2,2022-04-15 09:37:54
1650015475019824000,84.9,2,84.8,2,84.9,18,1,2022-04-15 09:37:55
1650015476275292000,84.8,2,84.7,8,84.9,18,2,2022-04-15 09:37:56
1650015479949729000,84.8,1,84.7,8,84.9,18,2,2022-04-15 09:37:59
1650015479980429000,84.7,5,84.7,3,84.9,18,2,2022-04-15 09:37:59
1650015482728845000,84.8,1,84.7,3,84.8,1,2,2022-04-15 09:38:02
1650015488122809000,84.8,5,84.7,3,84.8,10,1,2022-04-15 09:38:08
1650015495808300000,84.8,10,84.7,3,84.8,2,1,2022-04-15 09:38:15
1650015502626379000,84.8,2,84.8,1,84.9,4,1,2022-04-15 09:38:22
1650015506800204000,84.9,1,84.8,1,84.9,3,1,2022-04-15 09:38:26
1650015509337040000,84.9,3,84.8,1,85.0,8,1,2022-04-15 09:38:29
1650015525007135000,85.0,1,84.9,5,85.0,8,1,2022-04-15 09:38:45
1650015525374587000,85.0,1,84.9,5,85.0,7,1,2022-04-15 09:38:45
1650015528588644000,85.0,2,84.9,4,85.0,5,1,2022-04-15 09:38:48
1650015533577261000,85.0,3,84.9,6,85.0,2,1,2022-04-15 09:38:53
1650015533613488000,85.0,1,84.9,6,85.0,1,1,2022-04-15 09:38:53
1650015539063127000,85.1,1,85.0,6,85.1,1,1,2022-04-15 09:38:59
1650015544712434000,85.1,1,85.0,8,85.1,2,1,2022-04-15 09:39:04
1650015544759660000,85.1,1,85.0,8,85.1,1,1,2022-04-15 09:39:04
1650015548149198000,85.1,1,85.0,10,85.2,15,1,2022-04-15 09:39:08
1650015549627254000,85.0,6,85.0,4,85.2,17,2,2022-04-15 09:39:09
1650015549656542000,85.0,3,85.0,1,85.2,17,2,2022-04-15 09:39:09
1650015549687243000,85.0,1,84.9,11,85.2,18,2,2022-04-15 09:39:09
1650015549772677000,84.9,1,84.9,10,85.2,18,2,2022-04-15 09:39:09
1650015551351797000,85.0,1,85.0,9,85.2,18,2,2022-04-15 09:39:11
1650015551903358000,85.1,1,85.0,9,85.2,18,1,2022-04-15 09:39:11
1650015552154323000,85.0,1,85.0,8,85.2,18,2,2022-04-15 09:39:12
1650015563613512000,85.1,1,85.0,13,85.2,18,1,2022-04-15 09:39:23
1650015567648523000,85.1,1,85.0,13,85.2,17,2,2022-04-15 09:39:27
1650015570169419000,85.1,3,85.0,14,85.1,3,1,2022-04-15 09:39:30
1650015574229990000,85.1,1,85.0,15,85.1,3,1,2022-04-15 09:39:34
1650015574769437000,85.1,3,85.0,15,85.1,1,1,2022-04-15 09:39:34
1650015575801144000,85.1,1,85.0,16,85.2,14,1,2022-04-15 09:39:35
1650015575801144000,85.2,2,85.0,16,85.2,14,1,2022-04-15 09:39:35
1650015576937681000,85.1,1,85.0,16,85.2,14,1,2022-04-15 09:39:36
1650015579022915000,85.1,1,85.0,16,85.2,14,2,2022-04-15 09:39:39
1650015583356600000,85.1,1,85.0,17,85.2,14,2,2022-04-15 09:39:43
1650015583429569000,85.2,1,85.0,17,85.2,13,1,2022-04-15 09:39:43
1650015586706567000,85.2,1,85.0,17,85.2,12,1,2022-04-15 09:39:46
1650015589904874000,85.2,2,85.0,17,85.2,11,1,2022-04-15 09:39:49
1650015590056060000,85.0,17,84.9,8,85.2,11,2,2022-04-15 09:39:50
1650015590234216000,85.1,1,84.9,8,85.1,1,1,2022-04-15 09:39:50
1650015592429007000,85.0,1,84.9,7,85.1,1,2,2022-04-15 09:39:52
1650015594354498000,85.0,1,84.9,7,85.1,2,1,2022-04-15 09:39:54
1650015597150185000,85.1,2,84.9,7,85.1,1,1,2022-04-15 09:39:57
1650015598318978000,85.0,1,84.9,8,85.1,1,2,2022-04-15 09:39:58
1650015606602148000,85.1,1,85.0,2,85.1,3,1,2022-04-15 09:40:06
1650015608011658000,85.0,2,84.9,7,85.1,3,2,2022-04-15 09:40:08
1650015616798622000,84.9,1,84.9,6,85.1,4,2,2022-04-15 09:40:16
1650015617039322000,85.0,1,84.9,6,85.1,5,2,2022-04-15 09:40:17
1650015618782536000,84.9,6,84.8,4,84.9,4,2,2022-04-15 09:40:18
1650015621134531000,84.8,1,84.8,3,84.9,4,2,2022-04-15 09:40:21
1650015623861205000,84.8,3,84.7,10,84.9,6,2,2022-04-15 09:40:23
1650015623861205000,84.7,3,84.7,10,84.9,6,2,2022-04-15 09:40:23
1650015626947479000,84.9,5,84.7,8,84.9,2,1,2022-04-15 09:40:26
1650015635579274000,84.8,3,84.7,17,84.9,1,1,2022-04-15 09:40:35
1650015635579274000,84.9,2,84.7,17,84.9,1,1,2022-04-15 09:40:35
1650015643159954000,84.9,1,84.8,12,85.0,1,1,2022-04-15 09:40:43
1650015655726522000,84.9,1,84.8,14,85.0,6,2,2022-04-15 09:40:55
1650015663427094000,85.0,1,84.8,26,85.0,6,1,2022-04-15 09:41:03
1650015669787124000,84.9,1,84.8,26,84.9,1,1,2022-04-15 09:41:09
1650015670421751000,84.9,1,84.8,26,85.0,7,1,2022-04-15 09:41:10
1650015680430367000,84.8,6,84.8,20,85.0,7,2,2022-04-15 09:41:20
1650015683157874000,84.9,3,84.8,20,85.0,9,2,2022-04-15 09:41:23
1650015687590314000,85.0,2,84.8,21,85.0,8,1,2022-04-15 09:41:27
1650015698373274000,85.0,1,84.8,21,85.0,7,1,2022-04-15 09:41:38
1650015709850983000,85.0,3,84.9,1,85.0,5,1,2022-04-15 09:41:49
1650015717640618000,85.0,1,84.9,3,85.0,4,1,2022-04-15 09:41:57
1650015726648492000,85.0,1,84.9,5,85.0,3,1,2022-04-15 09:42:06
1650015734352418000,85.0,1,84.9,16,85.0,3,1,2022-04-15 09:42:14
1650015736239949000,84.9,5,84.9,11,85.0,3,2,2022-04-15 09:42:16
1650015736268701000,84.9,11,84.8,12,85.0,3,2,2022-04-15 09:42:16
1650015751784666000,84.9,1,84.9,1,85.0,11,1,2022-04-15 09:42:31
1650015751816869000,84.9,1,84.8,14,85.0,11,2,2022-04-15 09:42:31
1650015776672108000,84.9,1,84.8,14,85.0,11,1,2022-04-15 09:42:56
1650015800201047000,85.0,3,84.9,1,85.0,9,1,2022-04-15 09:43:20
1650015809310021000,85.0,1,84.9,1,85.0,8,1,2022-04-15 09:43:29
1650015810742414000,85.0,1,84.9,1,85.0,7,1,2022-04-15 09:43:30
1650015821789676000,85.0,1,84.9,6,85.0,6,1,2022-04-15 09:43:41
1650015853834112000,85.0,5,84.9,7,85.0,4,1,2022-04-15 09:44:13
1650015857833780000,85.0,1,84.9,7,85.0,4,1,2022-04-15 09:44:17
1650015860362443000,85.0,1,84.9,7,85.0,4,1,2022-04-15 09:44:20
1650015862337340000,85.0,1,84.9,7,85.0,3,1,2022-04-15 09:44:22
1650015864299045000,85.0,1,84.9,8,85.0,2,1,2022-04-15 09:44:24
1650015868614014000,85.0,1,84.9,8,85.0,1,1,2022-04-15 09:44:28
1650015869546710000,85.0,1,85.0,9,85.1,6,1,2022-04-15 09:44:29
1650015898063401000,85.1,1,85.0,18,85.1,6,1,2022-04-15 09:44:58
1650015906447728000,85.1,6,85.1,4,85.2,10,1,2022-04-15 09:45:06
1650015915345074000,85.2,1,85.1,11,85.2,10,1,2022-04-15 09:45:15
1650015918041054000,85.2,1,85.1,12,85.2,9,1,2022-04-15 09:45:18
1650015918612691000,85.2,5,85.1,12,85.2,4,1,2022-04-15 09:45:18
1650015919834465000,85.2,1,85.1,12,85.2,3,1,2022-04-15 09:45:19
1650015920442136000,85.2,1,85.1,10,85.2,2,1,2022-04-15 09:45:20
1650015921629838000,85.2,1,85.1,10,85.2,1,1,2022-04-15 09:45:21
1650015923090904000,85.2,1,85.1,10,85.3,1,1,2022-04-15 09:45:23
1650015926390962000,85.3,1,85.2,5,85.4,6,1,2022-04-15 09:45:26
1650015931781760000,85.4,6,85.4,4,85.5,7,1,2022-04-15 09:45:31
1650015931793026000,85.4,1,85.4,3,85.5,7,2,2022-04-15 09:45:31
1650015952541858000,85.4,1,85.4,5,85.5,6,2,2022-04-15 09:45:52
1650015961115399000,85.5,6,85.5,2,85.6,11,1,2022-04-15 09:46:01
1650015962102498000,85.5,2,85.4,3,85.6,11,2,2022-04-15 09:46:02
1650015962102498000,85.4,3,85.4,3,85.6,11,2,2022-04-15 09:46:02
1650015967393418000,85.5,1,85.4,18,85.5,1,2,2022-04-15 09:46:07
1650015967638713000,85.5,1,85.4,18,85.6,13,1,2022-04-15 09:46:07
1650015968729584000,85.6,1,85.4,18,85.6,12,1,2022-04-15 09:46:08
1650015974694591000,85.6,3,85.4,18,85.6,10,1,2022-04-15 09:46:14
1650015978429004000,85.6,1,85.4,18,85.6,9,1,2022-04-15 09:46:18
1650015980350089000,85.6,9,85.6,1,85.7,6,1,2022-04-15 09:46:20
1650015980376947000,85.6,1,85.4,19,85.7,6,2,2022-04-15 09:46:20
1650015987081788000,85.6,1,85.6,2,85.7,4,2,2022-04-15 09:46:27
1650015990789034000,85.6,1,85.6,1,85.7,4,2,2022-04-15 09:46:30
1650015990818735000,85.6,1,85.5,2,85.7,4,2,2022-04-15 09:46:30
1650015996786160000,85.7,4,85.5,2,85.7,1,1,2022-04-15 09:46:36
1650015999102179000,85.7,1,85.5,2,85.8,9,1,2022-04-15 09:46:39
1650016000017959000,85.5,7,85.4,10,85.6,9,2,2022-04-15 09:46:40
1650016000017959000,85.4,3,85.4,10,85.6,9,2,2022-04-15 09:46:40
1650016000064183000,85.5,1,85.4,10,85.6,9,2,2022-04-15 09:46:40
1650016005715483000,85.5,1,85.4,11,85.5,3,1,2022-04-15 09:46:45
1650016009962419000,85.5,2,85.4,11,85.5,2,1,2022-04-15 09:46:49
1650016010649670000,85.5,2,85.4,11,85.6,9,1,2022-04-15 09:46:50
1650016016660227000,85.5,1,85.4,11,85.6,10,2,2022-04-15 09:46:56
1650016019514358000,85.5,1,85.3,4,85.4,5,2,2022-04-15 09:46:59
1650016019514358000,85.4,11,85.3,4,85.4,5,2,2022-04-15 09:46:59
1650016020561450000,85.4,1,85.3,4,85.4,5,1,2022-04-15 09:47:00
1650016024272252000,85.4,6,85.4,4,85.5,2,1,2022-04-15 09:47:04
1650016024310601000,85.4,2,85.4,2,85.5,2,2,2022-04-15 09:47:04
1650016045263103000,85.5,1,85.4,8,85.5,6,1,2022-04-15 09:47:25
1650016050282542000,85.5,1,85.4,8,85.5,5,1,2022-04-15 09:47:30
1650016053075101000,85.4,8,85.3,4,85.4,2,2,2022-04-15 09:47:33
1650016053245459000,85.4,1,85.3,4,85.4,2,1,2022-04-15 09:47:33
1650016069553818000,85.4,1,85.3,3,85.4,4,1,2022-04-15 09:47:49
1650016086827105000,85.4,3,85.3,9,85.4,1,1,2022-04-15 09:48:06
1650016089356876000,85.4,1,85.3,9,85.5,3,1,2022-04-15 09:48:09
1650016100545720000,85.4,1,85.4,1,85.5,9,2,2022-04-15 09:48:20
1650016102424653000,85.4,5,85.3,9,85.5,9,2,2022-04-15 09:48:22
1650016106819282000,85.4,2,85.3,9,85.5,1,1,2022-04-15 09:48:26
1650016106819282000,85.5,8,85.3,9,85.5,1,1,2022-04-15 09:48:26
1650016110137375000,85.5,1,85.4,3,85.6,8,1,2022-04-15 09:48:30
1650016110137375000,85.6,1,85.4,3,85.6,8,1,2022-04-15 09:48:30
1650016116519498000,85.6,1,85.4,4,85.6,7,1,2022-04-15 09:48:36
1650016118269539000,85.6,3,85.5,1,85.6,4,1,2022-04-15 09:48:38
1650016127007868000,85.6,4,85.5,2,85.8,8,1,2022-04-15 09:48:47
1650016127007868000,85.7,6,85.5,2,85.8,8,1,2022-04-15 09:48:47
1650016128586032000,85.8,3,85.6,2,85.8,5,1,2022-04-15 09:48:48
1650016134060174000,85.8,1,85.6,3,85.8,20,1,2022-04-15 09:48:54
1650016136499651000,85.8,1,85.6,3,85.8,20,1,2022-04-15 09:48:56
1650016138349324000,85.8,1,85.6,3,85.8,20,1,2022-04-15 09:48:58
1650016138594851000,85.8,1,85.6,3,85.8,19,1,2022-04-15 09:48:58
1650016142018511000,85.8,2,85.6,3,85.8,17,1,2022-04-15 09:49:02
1650016142908735000,85.6,1,85.6,2,85.8,18,2,2022-04-15 09:49:02
1650016143545045000,85.6,1,85.6,1,85.8,18,2,2022-04-15 09:49:03
1650016144759328000,85.8,2,85.6,2,85.8,16,1,2022-04-15 09:49:04
1650016157181649000,85.7,1,85.6,6,85.7,4,1,2022-04-15 09:49:17
1650016158531036000,85.7,2,85.6,5,85.7,2,1,2022-04-15 09:49:18
1650016166421644000,85.7,2,85.6,7,85.7,2,1,2022-04-15 09:49:26
1650016171080251000,85.7,2,85.6,11,85.7,1,1,2022-04-15 09:49:31
1650016171952960000,85.7,1,85.6,12,85.8,15,1,2022-04-15 09:49:31
1650016172249269000,85.8,15,85.6,12,85.9,15,1,2022-04-15 09:49:32
1650016172249269000,85.9,5,85.6,12,85.9,15,1,2022-04-15 09:49:32
1650016174824829000,85.9,1,85.7,4,85.9,14,1,2022-04-15 09:49:34
1650016176859044000,85.7,1,85.7,1,85.9,14,2,2022-04-15 09:49:36
1650016179704316000,85.9,1,85.8,2,85.9,13,1,2022-04-15 09:49:39
1650016184532152000,85.8,1,85.8,4,85.9,13,2,2022-04-15 09:49:44
1650016187019293000,85.8,1,85.8,5,85.9,14,2,2022-04-15 09:49:47
1650016196911897000,85.9,1,85.8,6,85.9,16,1,2022-04-15 09:49:56
1650016201711407000,85.9,1,85.8,7,85.9,15,1,2022-04-15 09:50:01
1650016202154981000,85.8,2,85.8,6,85.9,15,2,2022-04-15 09:50:02
1650016202246066000,85.8,2,85.8,4,85.9,15,2,2022-04-15 09:50:02
1650016204663484000,85.9,2,85.8,5,85.9,13,1,2022-04-15 09:50:04
1650016206186530000,85.8,1,85.8,6,85.9,13,2,2022-04-15 09:50:06
1650016207747104000,85.8,1,85.8,10,85.9,13,2,2022-04-15 09:50:07
1650016209890619000,85.9,1,85.8,10,85.9,12,1,2022-04-15 09:50:09
1650016212393593000,85.9,1,85.8,10,85.9,11,1,2022-04-15 09:50:12
1650016214260535000,85.9,2,85.8,10,85.9,9,1,2022-04-15 09:50:14
1650016216712226000,85.9,9,85.8,10,86.0,13,1,2022-04-15 09:50:16
1650016220207445000,85.9,1,85.9,2,86.0,13,2,2022-04-15 09:50:20
1650016231994244000,86.0,3,85.9,3,86.0,10,1,2022-04-15 09:50:31
1650016237618899000,86.0,1,85.9,3,86.0,10,1,2022-04-15 09:50:37
1650016240512589000,86.0,1,85.9,4,86.0,8,1,2022-04-15 09:50:40
1650016241016506000,85.9,1,85.9,3,86.0,8,2,2022-04-15 09:50:41
1650016242455684000,86.0,1,85.9,3,86.0,7,1,2022-04-15 09:50:42
1650016242521090000,86.0,2,85.9,4,86.0,5,1,2022-04-15 09:50:42
1650016243718718000,86.0,1,85.9,7,86.0,4,1,2022-04-15 09:50:43
1650016244320128000,86.0,1,85.9,7,86.0,3,1,2022-04-15 09:50:44
1650016246203439000,86.0,1,85.9,7,86.0,3,1,2022-04-15 09:50:46
1650016247816407000,86.0,1,85.9,7,86.0,2,1,2022-04-15 09:50:47
1650016247932560000,86.0,2,86.0,1,86.1,2,1,2022-04-15 09:50:47
1650016250531697000,86.0,2,85.9,7,86.0,3,2,2022-04-15 09:50:50
1650016250684765000,86.0,1,85.9,7,86.0,2,1,2022-04-15 09:50:50
1650016251633653000,86.0,1,85.9,7,86.0,1,1,2022-04-15 09:50:51
1650016251837952000,86.0,1,85.9,7,86.1,2,1,2022-04-15 09:50:51
1650016254213077000,86.1,1,86.0,3,86.1,1,1,2022-04-15 09:50:54
1650016255120313000,86.1,1,86.0,3,86.2,8,1,2022-04-15 09:50:55
1650016262209224000,86.1,5,86.0,4,86.1,2,1,2022-04-15 09:51:02
1650016263815590000,86.1,1,86.0,4,86.1,4,1,2022-04-15 09:51:03
1650016264390502000,86.1,1,86.0,4,86.1,3,1,2022-04-15 09:51:04
1650016264925881000,86.1,3,86.0,4,86.2,1,1,2022-04-15 09:51:04
1650016264925881000,86.2,7,86.0,4,86.2,1,1,2022-04-15 09:51:04
1650016264982798000,86.2,1,86.1,1,86.3,2,1,2022-04-15 09:51:04
1650016264982798000,86.3,12,86.1,1,86.3,2,1,2022-04-15 09:51:04
1650016265107321000,86.3,2,86.1,1,86.4,4,1,2022-04-15 09:51:05
1650016265107321000,86.4,6,86.1,1,86.4,4,1,2022-04-15 09:51:05
1650016265151891000,86.4,2,86.1,1,86.4,3,1,2022-04-15 09:51:05
1650016265183675000,86.4,1,86.1,3,86.4,2,1,2022-04-15 09:51:05
1650016265201340000,86.4,1,86.1,3,86.4,1,1,2022-04-15 09:51:05
1650016265204457000,86.4,1,86.1,3,86.5,22,1,2022-04-15 09:51:05
1650016265329016000,86.5,1,86.1,5,86.5,21,1,2022-04-15 09:51:05
1650016265338073000,86.5,1,86.1,5,86.5,20,1,2022-04-15 09:51:05
1650016265348991000,86.5,1,86.1,5,86.5,19,1,2022-04-15 09:51:05
1650016265374200000,86.5,1,86.1,5,86.5,18,1,2022-04-15 09:51:05
1650016265697338000,86.5,5,86.1,5,86.5,13,1,2022-04-15 09:51:05
1650016265711719000,86.5,5,86.1,5,86.5,8,1,2022-04-15 09:51:05
1650016265780662000,86.5,8,86.1,5,86.6,3,1,2022-04-15 09:51:05
1650016265780662000,86.6,3,86.1,5,86.6,3,1,2022-04-15 09:51:05
1650016265789485000,86.6,3,86.1,5,86.7,7,1,2022-04-15 09:51:05
1650016265789485000,86.7,11,86.1,5,86.7,7,1,2022-04-15 09:51:05
1650016265866693000,86.6,1,86.2,7,86.8,3,1,2022-04-15 09:51:05
1650016265866693000,86.7,7,86.2,7,86.8,3,1,2022-04-15 09:51:05
1650016265866693000,86.8,2,86.2,7,86.8,3,1,2022-04-15 09:51:05
1650016265876434000,86.8,3,86.2,7,86.9,13,1,2022-04-15 09:51:05
1650016265876434000,86.9,1,86.2,7,86.9,13,1,2022-04-15 09:51:05
1650016265888534000,86.9,1,86.2,7,86.9,12,1,2022-04-15 09:51:05
1650016265902115000,86.9,1,86.2,7,86.9,11,1,2022-04-15 09:51:05
1650016265916255000,86.9,1,86.2,7,86.9,10,1,2022-04-15 09:51:05
1650016265917975000,86.9,1,86.2,7,86.9,9,1,2022-04-15 09:51:05
1650016271172511000,86.9,1,86.6,1,86.9,8,1,2022-04-15 09:51:11
1650016273001739000,86.6,1,86.5,1,86.9,9,2,2022-04-15 09:51:13
1650016276134447000,86.7,1,86.6,1,86.8,5,1,2022-04-15 09:51:16
1650016278083883000,86.6,1,86.5,1,86.6,7,2,2022-04-15 09:51:18
1650016278865835000,86.5,1,86.4,1,86.6,7,2,2022-04-15 09:51:18
1650016280415642000,86.6,2,86.4,1,86.6,5,1,2022-04-15 09:51:20
1650016281951908000,86.5,1,86.4,1,86.6,6,1,2022-04-15 09:51:21
1650016283461072000,86.6,1,86.4,1,86.6,5,1,2022-04-15 09:51:23
1650016288126905000,86.6,1,86.5,1,86.6,4,1,2022-04-15 09:51:28
1650016290309778000,86.5,1,86.5,1,86.6,5,2,2022-04-15 09:51:30
1650016291471624000,86.6,1,86.5,2,86.6,5,1,2022-04-15 09:51:31
1650016293078968000,86.6,2,86.5,4,86.6,3,1,2022-04-15 09:51:33
1650016296593428000,86.6,1,86.5,6,86.6,2,1,2022-04-15 09:51:36
1650016297192669000,86.6,1,86.5,6,86.6,1,1,2022-04-15 09:51:37
1650016297756196000,86.6,1,86.5,6,86.7,4,1,2022-04-15 09:51:37
1650016298702469000,86.6,2,86.5,7,86.7,4,2,2022-04-15 09:51:38
1650016299115617000,86.7,1,86.5,7,86.7,3,1,2022-04-15 09:51:39
1650016303576525000,86.6,1,86.5,9,86.6,4,2,2022-04-15 09:51:43
1650016304816336000,86.6,1,86.5,9,86.6,3,1,2022-04-15 09:51:44
1650016305184724000,86.6,3,86.5,9,86.9,15,1,2022-04-15 09:51:45
1650016305184724000,86.7,5,86.5,9,86.9,15,1,2022-04-15 09:51:45
1650016305184724000,86.8,10,86.5,9,86.9,15,1,2022-04-15 09:51:45
1650016305184724000,86.9,2,86.5,9,86.9,15,1,2022-04-15 09:51:45
1650016311198884000,86.7,1,86.6,2,86.8,1,1,2022-04-15 09:51:51
1650016311824076000,86.8,1,86.6,7,86.9,15,1,2022-04-15 09:51:51
1650016313768171000,86.8,1,86.7,1,86.8,4,1,2022-04-15 09:51:53
1650016314463605000,86.8,2,86.7,1,86.8,2,1,2022-04-15 09:51:54
1650016321059347000,86.7,5,86.7,2,86.8,7,2,2022-04-15 09:52:01
1650016321059859000,86.7,1,86.7,1,86.8,7,2,2022-04-15 09:52:01
1650016322089849000,86.8,1,86.7,1,86.8,7,1,2022-04-15 09:52:02
1650016323573325000,86.7,1,86.6,8,86.8,7,2,2022-04-15 09:52:03
1650016324873292000,86.6,2,86.6,6,86.7,1,2,2022-04-15 09:52:04
1650016325430683000,86.7,2,86.6,6,86.8,1,1,2022-04-15 09:52:05
1650016325430683000,86.8,10,86.6,6,86.8,1,1,2022-04-15 09:52:05
1650016325631482000,86.8,1,86.8,5,86.9,17,1,2022-04-15 09:52:05
1650016326167876000,86.8,1,86.8,4,86.9,17,2,2022-04-15 09:52:06
1650016326199674000,86.8,1,86.8,3,86.9,17,2,2022-04-15 09:52:06
1650016327019538000,86.8,3,86.6,6,86.9,17,2,2022-04-15 09:52:07
1650016328299869000,86.7,1,86.7,2,86.9,17,2,2022-04-15 09:52:08
1650016330959617000,86.7,2,86.6,6,86.7,3,2,2022-04-15 09:52:10
1650016332877064000,86.7,3,86.6,6,86.8,7,1,2022-04-15 09:52:12
1650016332877064000,86.8,2,86.6,6,86.8,7,1,2022-04-15 09:52:12
1650016333172255000,86.6,6,86.4,2,86.8,8,2,2022-04-15 09:52:13
1650016333172255000,86.5,24,86.4,2,86.8,8,2,2022-04-15 09:52:13
1650016334344249000,86.7,1,86.6,1,86.8,9,2,2022-04-15 09:52:14
1650016335219691000,86.6,1,86.4,2,86.7,1,2,2022-04-15 09:52:15
1650016337992414000,86.7,1,86.5,1,86.7,13,1,2022-04-15 09:52:17
1650016343105761000,86.5,1,86.5,1,86.6,1,2,2022-04-15 09:52:23
1650016343123583000,86.5,1,86.4,1,86.6,1,2,2022-04-15 09:52:23
1650016346034521000,86.6,1,86.4,1,86.6,4,1,2022-04-15 09:52:26
1650016350450706000,86.5,1,86.4,1,86.5,2,1,2022-04-15 09:52:30
1650016354530125000,86.4,2,86.4,1,86.6,6,2,2022-04-15 09:52:34
1650016356884682000,86.5,1,86.4,1,86.5,1,1,2022-04-15 09:52:36
1650016368726392000,86.5,1,86.4,5,86.5,7,1,2022-04-15 09:52:48
1650016369480073000,86.4,1,86.4,4,86.5,7,2,2022-04-15 09:52:49
1650016373215821000,86.4,1,86.4,3,86.5,7,2,2022-04-15 09:52:53
1650016374076430000,86.4,3,86.3,4,86.5,7,2,2022-04-15 09:52:54
1650016385111696000,86.4,5,86.3,4,86.4,3,1,2022-04-15 09:53:05
1650016386800042000,86.4,3,86.3,4,86.4,1,1,2022-04-15 09:53:06
1650016387001000000,86.3,2,86.3,2,86.4,1,2,2022-04-15 09:53:07
1650016388110087000,86.3,1,86.3,1,86.4,1,2,2022-04-15 09:53:08
1650016388848694000,86.4,1,86.3,1,86.5,3,1,2022-04-15 09:53:08
1650016395233156000,86.3,1,86.3,4,86.5,3,2,2022-04-15 09:53:15
1650016398614837000,86.4,1,86.3,4,86.5,3,2,2022-04-15 09:53:18
1650016408913167000,86.3,2,86.3,5,86.4,12,2,2022-04-15 09:53:28
1650016408947273000,86.3,1,86.3,4,86.4,12,2,2022-04-15 09:53:28
1650016413431796000,86.3,1,86.3,3,86.4,12,2,2022-04-15 09:53:33
1650016413461070000,86.3,3,86.2,2,86.4,12,2,2022-04-15 09:53:33
1650016433988531000,86.2,1,86.2,3,86.3,15,2,2022-04-15 09:53:53
1650016434023606000,86.2,3,86.1,13,86.3,15,2,2022-04-15 09:53:54
1650016436792605000,86.1,2,86.1,10,86.3,15,2,2022-04-15 09:53:56
1650016441969477000,86.2,1,86.1,11,86.3,15,2,2022-04-15 09:54:01
1650016452042873000,86.1,4,86.1,2,86.2,4,2,2022-04-15 09:54:12
1650016452058226000,86.1,2,86.0,21,86.2,4,2,2022-04-15 09:54:12
1650016455131877000,86.0,3,86.0,18,86.2,4,2,2022-04-15 09:54:15
1650016455409214000,86.0,1,86.0,17,86.2,5,2,2022-04-15 09:54:15
1650016468511408000,86.1,1,86.1,6,86.2,5,2,2022-04-15 09:54:28
1650016472237245000,86.1,1,86.1,4,86.2,5,2,2022-04-15 09:54:32
1650016476458302000,86.1,1,86.1,3,86.2,6,2,2022-04-15 09:54:36
1650016482257482000,86.1,1,86.1,4,86.2,8,2,2022-04-15 09:54:42
1650016482838422000,86.1,1,86.1,3,86.2,8,2,2022-04-15 09:54:42
1650016486255517000,86.1,3,86.0,18,86.1,2,2,2022-04-15 09:54:46
1650016491369652000,86.1,1,86.0,18,86.1,2,1,2022-04-15 09:54:51
1650016497586178000,86.1,2,86.0,18,86.1,2,1,2022-04-15 09:54:57
