ts,close,volume,bid_price,bid_volume,ask_price,ask_volume,tick_type,datetime
1639386003208205000,299.0,172,299.0,17,299.5,3,1,2021-12-13 09:00:03
1639386003252051000,299.5,3,299.0,17,300.0,14,1,2021-12-13 09:00:03
1639386003741113000,300.0,1,299.0,17,300.0,13,1,2021-12-13 09:00:03
1639386003777378000,300.0,13,299.0,17,300.5,1,1,2021-12-13 09:00:03
1639386003887366000,300.0,1,299.0,19,301.0,8,1,2021-12-13 09:00:03
1639386005648737000,299.5,1,299.0,19,299.5,1,2,2021-12-13 09:00:05
1639386005675669000,299.5,1,299.0,19,301.0,8,1,2021-12-13 09:00:05
1639386005709164000,300.5,1,299.0,19,301.0,8,1,2021-12-13 09:00:05
1639386007527256000,299.5,1,299.0,20,301.0,8,2,2021-12-13 09:00:07
1639386010210564000,301.0,2,300.0,1,301.0,6,1,2021-12-13 09:00:10
1639386010417208000,300.0,1,299.0,20,301.0,6,2,2021-12-13 09:00:10
1639386011446196000,300.0,1,299.5,2,300.5,1,1,2021-12-13 09:00:11
1639386011556783000,300.5,1,299.5,3,301.0,6,1,2021-12-13 09:00:11
1639386013251189000,301.0,1,300.5,1,301.0,5,1,2021-12-13 09:00:13
1639386013287417000,301.0,5,300.5,1,301.5,1,1,2021-12-13 09:00:13
1639386014478415000,301.0,1,300.5,1,301.5,1,1,2021-12-13 09:00:14
1639386014704237000,301.5,1,300.5,1,302.0,4,1,2021-12-13 09:00:14
1639386017373727000,301.5,1,301.0,1,302.0,4,1,2021-12-13 09:00:17
1639386018131561000,302.0,1,301.0,2,302.0,3,1,2021-12-13 09:00:18
1639386018510800000,301.0,1,301.0,1,302.0,3,2,2021-12-13 09:00:18
1639386018785315000,301.0,1,300.5,4,302.0,3,2,2021-12-13 09:00:18
1639386018787248000,302.0,2,300.5,4,302.0,1,1,2021-12-13 09:00:18
1639386019164875000,301.5,1,300.5,4,302.0,1,2,2021-12-13 09:00:19
1639386020411289000,301.0,1,301.0,1,302.0,2,2,2021-12-13 09:00:20
1639386020468461000,302.0,1,301.0,1,302.0,1,1,2021-12-13 09:00:20
1639386020653174000,302.0,1,302.0,3,302.5,1,1,2021-12-13 09:00:20
1639386020686802000,302.0,3,301.0,1,302.5,2,2,2021-12-13 09:00:20
1639386020933483000,302.0,1,302.0,1,302.5,2,2,2021-12-13 09:00:20
1639386020955250000,302.0,1,301.0,1,302.5,2,2,2021-12-13 09:00:20
1639386021585181000,302.5,1,301.5,10,302.5,2,1,2021-12-13 09:00:21
1639386023680074000,302.5,2,302.0,3,303.0,18,1,2021-12-13 09:00:23
1639386023826074000,302.0,1,302.0,3,303.0,18,2,2021-12-13 09:00:23
1639386024198058000,302.5,1,302.0,3,302.5,1,1,2021-12-13 09:00:24
1639386024875943000,302.5,1,302.0,4,302.5,2,1,2021-12-13 09:00:24
1639386025463238000,302.5,1,302.0,4,302.5,1,1,2021-12-13 09:00:25
1639386025989951000,302.0,1,302.0,5,302.5,1,2,2021-12-13 09:00:25
1639386026015280000,302.0,5,301.5,16,302.5,1,2,2021-12-13 09:00:26
1639386026588822000,302.5,1,301.5,21,303.0,18,1,2021-12-13 09:00:26
1639386028212672000,302.5,1,302.5,1,303.0,18,2,2021-12-13 09:00:28
1639386028331842000,302.5,1,302.0,1,303.0,18,2,2021-12-13 09:00:28
1639386028499090000,302.5,1,302.0,2,303.0,18,1,2021-12-13 09:00:28
1639386029055784000,302.5,1,302.0,3,303.0,18,1,2021-12-13 09:00:29
1639386029814383000,303.0,1,302.5,2,303.0,17,1,2021-12-13 09:00:29
1639386030385488000,303.0,1,302.5,4,303.0,11,1,2021-12-13 09:00:30
1639386030444547000,302.5,1,302.5,3,303.0,11,2,2021-12-13 09:00:30
1639386030458248000,303.0,1,302.5,3,303.0,10,1,2021-12-13 09:00:30
1639386031125644000,303.0,1,302.5,4,303.0,9,1,2021-12-13 09:00:31
1639386031383897000,302.5,1,302.5,5,303.0,9,2,2021-12-13 09:00:31
1639386032500346000,303.0,1,302.5,6,303.0,8,1,2021-12-13 09:00:32
1639386033146483000,303.0,8,302.5,12,303.5,2,1,2021-12-13 09:00:33
1639386033633979000,303.0,1,302.5,12,303.5,2,2,2021-12-13 09:00:33
1639386033633979000,302.5,1,302.5,12,303.5,2,2,2021-12-13 09:00:33
1639386034543511000,302.5,2,302.5,10,303.0,1,2,2021-12-13 09:00:34
1639386034895940000,303.0,1,302.5,12,303.5,2,1,2021-12-13 09:00:34
1639386035888577000,302.5,2,302.5,14,303.0,8,2,2021-12-13 09:00:35
1639386036045689000,302.5,1,302.5,13,303.0,8,2,2021-12-13 09:00:36
1639386036155909000,302.5,13,302.0,5,303.0,9,2,2021-12-13 09:00:36
1639386036891528000,302.5,1,302.0,5,303.0,10,2,2021-12-13 09:00:36
1639386037063133000,303.0,1,302.0,5,303.0,9,1,2021-12-13 09:00:37
1639386037138151000,302.5,1,302.0,6,303.0,9,2,2021-12-13 09:00:37
1639386037624973000,302.5,1,302.0,6,302.5,2,1,2021-12-13 09:00:37
1639386038624191000,302.5,1,302.0,6,302.5,1,1,2021-12-13 09:00:38
1639386038677447000,302.5,1,302.0,6,303.0,9,1,2021-12-13 09:00:38
1639386038910527000,302.5,1,302.0,5,303.0,9,2,2021-12-13 09:00:38
1639386038910527000,302.0,1,302.0,5,303.0,9,2,2021-12-13 09:00:38
1639386039283065000,302.5,1,302.0,5,303.0,13,1,2021-12-13 09:00:39
1639386039373143000,302.5,1,302.0,5,303.0,13,2,2021-12-13 09:00:39
1639386039408454000,303.0,1,302.0,5,303.0,8,1,2021-12-13 09:00:39
1639386039464226000,302.0,5,301.5,20,302.5,5,2,2021-12-13 09:00:39
1639386039637859000,302.5,1,301.5,20,302.5,8,1,2021-12-13 09:00:39
1639386040035281000,302.0,1,301.5,20,302.5,4,2,2021-12-13 09:00:40
1639386040098201000,302.5,1,301.5,20,302.5,3,1,2021-12-13 09:00:40
1639386040444175000,301.5,1,301.5,19,302.5,7,2,2021-12-13 09:00:40
1639386040722370000,302.5,1,301.5,19,302.5,7,1,2021-12-13 09:00:40
1639386040860023000,302.0,1,301.5,19,302.5,7,2,2021-12-13 09:00:40
1639386040872687000,301.5,5,301.5,14,302.5,7,2,2021-12-13 09:00:40
1639386040987460000,301.5,10,301.5,4,302.5,3,2,2021-12-13 09:00:40
1639386041017950000,301.5,4,301.0,13,302.5,3,2,2021-12-13 09:00:41
1639386041150411000,302.0,1,301.0,13,302.5,3,1,2021-12-13 09:00:41
1639386041150653000,302.0,1,301.0,13,302.5,3,2,2021-12-13 09:00:41
1639386041351933000,302.0,1,301.0,13,302.5,3,2,2021-12-13 09:00:41
1639386041760181000,302.0,3,301.0,13,302.0,4,1,2021-12-13 09:00:41
1639386043319373000,301.0,1,301.0,12,302.0,4,2,2021-12-13 09:00:43
1639386043612554000,302.0,1,301.0,12,302.0,3,1,2021-12-13 09:00:43
1639386044962216000,302.0,2,301.0,13,302.0,3,1,2021-12-13 09:00:44
1639386045643732000,301.5,1,301.0,13,302.0,4,2,2021-12-13 09:00:45
1639386046245296000,302.0,1,301.0,13,302.0,3,1,2021-12-13 09:00:46
1639386046907654000,302.0,1,301.0,14,302.0,2,1,2021-12-13 09:00:46
1639386046924032000,302.0,1,301.0,14,302.0,1,1,2021-12-13 09:00:46
1639386047381578000,302.0,1,301.0,14,302.5,10,1,2021-12-13 09:00:47
1639386047542828000,302.5,1,301.0,14,302.5,9,1,2021-12-13 09:00:47
1639386049878019000,302.5,1,302.0,1,302.5,8,1,2021-12-13 09:00:49
1639386049930458000,302.5,1,302.0,2,302.5,7,1,2021-12-13 09:00:49
1639386050399473000,302.0,1,302.0,1,302.5,8,2,2021-12-13 09:00:50
1639386051310028000,302.5,1,302.0,1,302.5,7,1,2021-12-13 09:00:51
1639386052080562000,302.0,1,302.0,5,302.5,7,2,2021-12-13 09:00:52
1639386053421023000,302.5,1,302.0,10,302.5,4,1,2021-12-13 09:00:53
1639386053760245000,302.5,1,302.0,10,302.5,3,1,2021-12-13 09:00:53
1639386054513285000,302.0,2,302.0,8,302.5,8,2,2021-12-13 09:00:54
1639386054880759000,302.5,1,302.0,8,302.5,7,1,2021-12-13 09:00:54
1639386055229335000,302.5,1,302.0,9,302.5,6,1,2021-12-13 09:00:55
1639386057452034000,302.5,1,302.0,15,302.5,7,1,2021-12-13 09:00:57
1639386057865715000,302.5,1,302.0,15,302.5,7,1,2021-12-13 09:00:57
1639386058339631000,302.5,1,302.0,15,302.5,7,1,2021-12-13 09:00:58
1639386058360270000,302.5,1,302.0,15,302.5,6,1,2021-12-13 09:00:58
1639386059064185000,302.5,1,302.0,15,302.5,6,1,2021-12-13 09:00:59
1639386060397039000,302.0,1,302.0,17,302.5,7,2,2021-12-13 09:01:00
1639386060766388000,302.0,2,302.0,16,302.5,7,2,2021-12-13 09:01:00
1639386061210744000,302.0,16,301.5,7,302.5,10,2,2021-12-13 09:01:01
1639386061336621000,301.5,7,301.0,17,302.5,11,2,2021-12-13 09:01:01
1639386061554760000,301.0,1,301.0,16,301.5,1,2,2021-12-13 09:01:01
1639386061692987000,301.5,1,301.0,16,301.5,1,1,2021-12-13 09:01:01
1639386062176877000,301.5,1,301.0,16,302.5,10,1,2021-12-13 09:01:02
1639386062702636000,301.0,3,301.0,13,302.0,3,2,2021-12-13 09:01:02
1639386063249394000,302.0,1,301.0,13,302.0,3,1,2021-12-13 09:01:03
1639386063541239000,301.5,1,301.0,13,302.0,4,2,2021-12-13 09:01:03
1639386064409199000,302.0,1,301.0,13,302.0,5,1,2021-12-13 09:01:04
1639386064469309000,301.5,1,301.0,13,302.0,5,2,2021-12-13 09:01:04
1639386064479961000,301.0,1,301.0,12,302.0,5,2,2021-12-13 09:01:04
1639386064837386000,301.0,8,301.0,4,302.0,8,2,2021-12-13 09:01:04
1639386064866736000,301.0,4,300.5,10,302.0,8,2,2021-12-13 09:01:04
1639386064936149000,302.0,1,300.5,10,302.0,7,1,2021-12-13 09:01:04
1639386065219422000,300.5,2,300.5,8,302.0,7,2,2021-12-13 09:01:05
1639386066246615000,300.5,1,300.5,7,301.0,1,2,2021-12-13 09:01:06
1639386066259338000,301.0,1,300.5,7,301.5,1,1,2021-12-13 09:01:06
1639386067927785000,301.0,1,300.5,9,301.0,1,1,2021-12-13 09:01:07
1639386070020617000,301.0,1,300.5,9,301.0,1,1,2021-12-13 09:01:10
1639386070419708000,300.5,1,300.5,8,301.0,1,2,2021-12-13 09:01:10
1639386072650690000,301.0,1,300.5,13,301.5,4,1,2021-12-13 09:01:12
1639386074058884000,301.0,1,300.5,13,301.5,3,2,2021-12-13 09:01:14
1639386074097087000,300.5,2,300.5,11,301.5,3,2,2021-12-13 09:01:14
1639386074228474000,301.0,1,300.5,11,301.5,3,1,2021-12-13 09:01:14
1639386074228523000,301.0,1,300.5,11,301.5,3,2,2021-12-13 09:01:14
1639386075580569000,300.5,1,300.5,10,301.5,3,2,2021-12-13 09:01:15
1639386075938881000,301.5,1,300.5,10,301.5,2,1,2021-12-13 09:01:15
1639386076402005000,301.0,1,300.5,8,301.5,2,2,2021-12-13 09:01:16
1639386076430997000,301.5,1,300.5,8,301.5,1,1,2021-12-13 09:01:16
1639386079947456000,301.0,1,301.0,9,301.5,2,2,2021-12-13 09:01:19
1639386079956600000,301.0,1,301.0,8,301.5,2,2,2021-12-13 09:01:19
1639386079984123000,301.0,6,301.0,2,301.5,2,2,2021-12-13 09:01:19
1639386080015474000,301.0,2,300.5,10,301.5,2,2,2021-12-13 09:01:20
1639386080386643000,300.5,1,300.5,9,301.5,2,2,2021-12-13 09:01:20
1639386081823417000,301.5,1,300.5,10,301.5,2,1,2021-12-13 09:01:21
1639386081950041000,301.5,1,300.5,10,301.5,1,1,2021-12-13 09:01:21
1639386089127603000,301.0,1,300.5,16,301.5,8,2,2021-12-13 09:01:29
1639386090406634000,300.5,1,300.5,16,301.0,1,2,2021-12-13 09:01:30
1639386095057078000,300.5,1,300.5,14,301.0,12,2,2021-12-13 09:01:35
1639386095965963000,301.0,1,300.5,15,301.0,11,1,2021-12-13 09:01:35
1639386096072742000,301.0,2,300.5,15,301.0,9,1,2021-12-13 09:01:36
1639386096249029000,300.5,10,300.5,5,301.0,11,2,2021-12-13 09:01:36
1639386096271813000,300.5,5,300.0,21,301.0,11,2,2021-12-13 09:01:36
1639386096349868000,300.5,1,300.0,21,300.5,1,1,2021-12-13 09:01:36
1639386096956108000,300.5,1,300.5,1,301.0,11,1,2021-12-13 09:01:36
1639386097149703000,300.5,1,300.0,21,301.0,11,2,2021-12-13 09:01:37
1639386098118487000,300.5,1,300.0,21,300.5,9,1,2021-12-13 09:01:38
1639386098263102000,300.5,1,300.0,21,300.5,8,1,2021-12-13 09:01:38
1639386098564081000,300.5,1,300.0,21,300.5,7,1,2021-12-13 09:01:38
1639386099999841000,300.5,1,300.0,21,300.5,6,1,2021-12-13 09:01:39
1639386100403991000,300.0,1,300.0,20,300.5,8,2,2021-12-13 09:01:40
1639386100922648000,300.0,1,300.0,19,300.5,8,2,2021-12-13 09:01:40
1639386101275205000,300.5,1,300.0,19,300.5,7,1,2021-12-13 09:01:41
1639386101276889000,300.0,2,300.0,17,300.5,7,2,2021-12-13 09:01:41
1639386102079190000,300.5,1,300.0,17,300.5,8,1,2021-12-13 09:01:42
1639386103867781000,300.0,1,300.0,16,300.5,8,2,2021-12-13 09:01:43
1639386103867837000,300.5,1,300.0,16,300.5,8,1,2021-12-13 09:01:43
1639386106401699000,300.5,1,300.0,18,300.5,9,1,2021-12-13 09:01:46
1639386106784050000,300.5,1,300.0,18,300.5,8,1,2021-12-13 09:01:46
1639386106837833000,300.5,1,300.0,18,300.5,8,1,2021-12-13 09:01:46
1639386110360349000,300.0,1,300.0,18,300.5,9,2,2021-12-13 09:01:50
1639386110547230000,300.5,1,300.0,18,300.5,8,1,2021-12-13 09:01:50
1639386113052507000,300.5,1,300.0,20,300.5,9,1,2021-12-13 09:01:53
1639386114149900000,300.5,1,300.0,20,300.5,8,1,2021-12-13 09:01:54
1639386114171555000,300.5,2,300.0,20,300.5,6,1,2021-12-13 09:01:54
1639386114219292000,300.0,1,300.0,19,300.5,6,2,2021-12-13 09:01:54
1639386116342456000,300.0,2,300.0,17,300.5,24,2,2021-12-13 09:01:56
1639386116343031000,300.0,1,300.0,16,300.5,24,2,2021-12-13 09:01:56
1639386116344559000,300.0,5,300.0,11,300.5,24,2,2021-12-13 09:01:56
1639386116376314000,300.0,11,299.5,10,300.5,24,2,2021-12-13 09:01:56
1639386116459184000,300.0,3,299.5,10,300.5,25,1,2021-12-13 09:01:56
1639386116459184000,300.5,2,299.5,10,300.5,25,1,2021-12-13 09:01:56
1639386117731373000,300.0,3,299.5,10,300.5,10,2,2021-12-13 09:01:57
1639386119866806000,300.0,2,299.5,13,300.5,8,1,2021-12-13 09:01:59
1639386119866806000,300.5,3,299.5,13,300.5,8,1,2021-12-13 09:01:59
1639386120247705000,300.0,1,299.5,13,300.0,1,2,2021-12-13 09:02:00
1639386120390597000,299.5,1,299.5,12,300.0,2,2,2021-12-13 09:02:00
1639386120599651000,299.5,4,299.5,8,300.0,2,2,2021-12-13 09:02:00
1639386120644090000,299.5,1,299.5,7,300.0,3,2,2021-12-13 09:02:00
1639386121773614000,300.0,3,299.5,8,300.5,8,1,2021-12-13 09:02:01
1639386122137653000,300.0,1,299.5,8,300.0,1,1,2021-12-13 09:02:02
1639386123573190000,299.5,5,299.5,4,300.0,2,2,2021-12-13 09:02:03
1639386123609458000,299.5,1,299.5,3,300.0,3,2,2021-12-13 09:02:03
1639386123630184000,299.5,1,299.5,2,300.0,3,2,2021-12-13 09:02:03
1639386124720247000,299.5,1,299.5,1,300.0,4,2,2021-12-13 09:02:04
1639386124752676000,299.5,1,299.5,1,300.0,4,2,2021-12-13 09:02:04
1639386125350229000,299.5,1,299.0,28,300.0,4,2,2021-12-13 09:02:05
1639386125350229000,299.0,9,299.0,28,300.0,4,2,2021-12-13 09:02:05
1639386125384861000,299.0,1,299.0,27,299.5,3,2,2021-12-13 09:02:05
1639386130327841000,299.0,1,299.0,26,299.5,5,2,2021-12-13 09:02:10
1639386130364145000,299.0,1,299.0,25,299.5,5,2,2021-12-13 09:02:10
1639386130368404000,299.0,1,299.0,24,299.5,5,2,2021-12-13 09:02:10
1639386134865984000,299.5,5,299.0,23,299.5,4,1,2021-12-13 09:02:14
1639386135875598000,299.5,4,299.5,1,300.0,4,1,2021-12-13 09:02:15
1639386136496942000,299.5,1,299.0,19,300.0,4,2,2021-12-13 09:02:16
1639386136496942000,299.0,4,299.0,19,300.0,4,2,2021-12-13 09:02:16
1639386137437117000,300.0,1,299.5,3,300.0,3,1,2021-12-13 09:02:17
1639386139624703000,299.5,1,299.5,2,300.0,3,2,2021-12-13 09:02:19
1639386140478959000,299.5,1,299.5,1,300.0,3,2,2021-12-13 09:02:20
1639386140737274000,299.5,1,299.0,21,300.0,3,2,2021-12-13 09:02:20
1639386144209860000,299.5,1,299.0,21,299.5,5,1,2021-12-13 09:02:24
1639386144581560000,299.5,1,299.0,21,299.5,4,1,2021-12-13 09:02:24
1639386145047280000,299.0,1,299.0,20,299.5,4,2,2021-12-13 09:02:25
1639386145882806000,299.5,1,299.0,20,299.5,3,1,2021-12-13 09:02:25
1639386146474619000,299.0,1,299.0,19,299.5,3,2,2021-12-13 09:02:26
1639386147113252000,299.0,1,299.0,20,299.5,4,2,2021-12-13 09:02:27
1639386147394048000,299.0,1,299.0,19,299.5,4,2,2021-12-13 09:02:27
1639386149747332000,299.0,1,299.0,19,299.5,6,2,2021-12-13 09:02:29
1639386150343278000,299.0,1,299.0,18,299.5,6,2,2021-12-13 09:02:30
1639386151289316000,299.5,1,299.0,18,299.5,5,1,2021-12-13 09:02:31
1639386151922416000,299.0,1,299.0,17,299.5,5,2,2021-12-13 09:02:31
1639386151988499000,299.0,1,299.0,16,299.5,5,2,2021-12-13 09:02:31
1639386155747436000,299.5,1,299.0,21,299.5,4,1,2021-12-13 09:02:35
1639386157461257000,299.0,1,299.0,20,299.5,5,2,2021-12-13 09:02:37
1639386160374784000,299.0,1,299.0,20,299.5,5,2,2021-12-13 09:02:40
1639386162968360000,299.0,1,299.0,19,299.5,5,2,2021-12-13 09:02:42
1639386167728103000,299.0,3,299.0,19,299.5,7,2,2021-12-13 09:02:47
1639386169970402000,299.0,5,299.0,14,299.5,8,2,2021-12-13 09:02:49
1639386174496755000,299.0,16,299.0,3,299.5,9,2,2021-12-13 09:02:54
1639386174537067000,299.0,3,298.5,15,299.5,9,2,2021-12-13 09:02:54
1639386175863347000,299.0,1,298.5,14,299.5,10,2,2021-12-13 09:02:55
1639386176674311000,299.0,1,299.0,1,299.5,9,2,2021-12-13 09:02:56
1639386177786036000,299.0,1,298.5,14,299.5,9,2,2021-12-13 09:02:57
1639386178657757000,298.5,14,298.0,31,299.0,2,2,2021-12-13 09:02:58
1639386178663349000,299.0,1,298.0,31,299.0,1,1,2021-12-13 09:02:58
1639386179087869000,299.0,1,298.0,31,299.0,2,1,2021-12-13 09:02:59
1639386179869865000,299.0,1,298.0,31,299.0,3,1,2021-12-13 09:02:59
1639386181575410000,299.0,2,298.0,31,299.0,2,1,2021-12-13 09:03:01
1639386182271044000,298.5,3,298.0,31,298.5,3,2,2021-12-13 09:03:02
1639386182291372000,298.5,3,298.0,31,299.0,2,1,2021-12-13 09:03:02
1639386182495316000,298.5,2,298.0,31,299.0,3,1,2021-12-13 09:03:02
1639386182535655000,299.0,1,298.0,31,299.0,2,1,2021-12-13 09:03:02
1639386183540899000,299.0,4,299.0,2,299.5,7,1,2021-12-13 09:03:03
1639386185843121000,299.0,3,298.5,4,299.5,7,2,2021-12-13 09:03:05
1639386189278283000,299.0,1,299.0,3,299.5,8,2,2021-12-13 09:03:09
1639386189389798000,299.0,1,299.0,2,299.5,8,2,2021-12-13 09:03:09
1639386189660177000,299.0,1,299.0,1,299.5,8,2,2021-12-13 09:03:09
1639386190493830000,299.5,1,299.0,2,299.5,7,1,2021-12-13 09:03:10
1639386190527895000,299.0,2,298.5,4,299.0,2,2,2021-12-13 09:03:10
1639386190559452000,299.0,1,298.5,4,299.0,1,1,2021-12-13 09:03:10
1639386190686046000,298.5,1,298.5,3,299.0,2,2,2021-12-13 09:03:10
1639386200300127000,299.0,1,298.5,9,299.0,7,1,2021-12-13 09:03:20
1639386208850698000,299.0,1,298.5,14,299.0,12,1,2021-12-13 09:03:28
1639386208889162000,298.5,1,298.5,13,299.0,12,2,2021-12-13 09:03:28
1639386213193220000,298.5,1,298.5,15,299.0,17,2,2021-12-13 09:03:33
1639386213476042000,299.0,1,298.5,15,299.0,16,1,2021-12-13 09:03:33
1639386216781602000,298.5,1,298.5,14,299.0,16,2,2021-12-13 09:03:36
1639386217621611000,299.0,1,298.5,14,299.0,15,1,2021-12-13 09:03:37
1639386222521318000,299.0,1,298.5,21,299.0,15,1,2021-12-13 09:03:42
1639386224132361000,298.5,1,298.5,20,299.0,15,2,2021-12-13 09:03:44
1639386225741836000,298.5,2,298.5,18,299.0,15,2,2021-12-13 09:03:45
1639386225959723000,299.0,1,298.5,18,299.0,14,1,2021-12-13 09:03:45
1639386228095889000,299.0,1,298.5,18,299.0,13,1,2021-12-13 09:03:48
1639386240446165000,299.0,14,299.0,74,299.5,15,1,2021-12-13 09:04:00
1639386240486973000,299.5,3,299.0,74,299.5,12,1,2021-12-13 09:04:00
1639386240529626000,299.5,7,299.0,74,299.5,2,1,2021-12-13 09:04:00
1639386240529797000,299.5,3,299.0,74,299.5,2,1,2021-12-13 09:04:00
1639386240573124000,299.5,2,299.0,74,300.0,21,1,2021-12-13 09:04:00
1639386240925575000,299.0,9,299.0,65,299.5,1,2,2021-12-13 09:04:00
1639386241521694000,299.5,1,299.0,65,300.0,21,1,2021-12-13 09:04:01
1639386242825951000,300.0,1,299.0,73,300.0,19,1,2021-12-13 09:04:02
1639386243508238000,299.0,1,299.0,72,300.0,19,2,2021-12-13 09:04:03
1639386252551913000,299.5,1,299.0,77,300.0,19,1,2021-12-13 09:04:12
1639386253043479000,300.0,5,299.5,2,300.0,14,1,2021-12-13 09:04:13
1639386253060447000,300.0,2,299.5,2,300.0,10,1,2021-12-13 09:04:13
1639386253060565000,300.0,2,299.5,2,300.0,10,1,2021-12-13 09:04:13
1639386253082815000,300.0,10,299.5,2,300.5,8,1,2021-12-13 09:04:13
1639386253749664000,299.5,2,299.0,69,300.5,8,2,2021-12-13 09:04:13
1639386253749664000,299.0,8,299.0,69,300.5,8,2,2021-12-13 09:04:13
1639386256100538000,299.5,1,299.0,71,300.5,9,1,2021-12-13 09:04:16
1639386258685604000,300.0,1,299.5,2,300.5,9,1,2021-12-13 09:04:18
1639386266013453000,300.0,1,299.5,11,300.0,3,1,2021-12-13 09:04:26
1639386266044381000,300.0,3,299.5,11,300.5,9,1,2021-12-13 09:04:26
1639386266263132000,300.5,1,299.5,11,300.5,7,1,2021-12-13 09:04:26
1639386266341420000,300.5,1,299.5,11,300.5,6,1,2021-12-13 09:04:26
1639386277707544000,300.5,1,300.0,9,300.5,5,1,2021-12-13 09:04:37
1639386280148839000,300.5,3,300.0,10,300.5,2,1,2021-12-13 09:04:40
1639386280172834000,300.5,2,300.0,10,301.0,5,1,2021-12-13 09:04:40
1639386281818828000,301.0,1,300.5,1,301.0,4,1,2021-12-13 09:04:41
1639386286259392000,301.0,3,300.5,5,301.0,1,1,2021-12-13 09:04:46
1639386289475629000,301.5,2,301.0,3,301.5,18,1,2021-12-13 09:04:49
1639386290805440000,301.5,1,301.0,3,301.5,17,1,2021-12-13 09:04:50
1639386292647499000,301.5,3,301.0,6,301.5,9,1,2021-12-13 09:04:52
1639386293756288000,301.5,1,301.0,6,301.5,8,1,2021-12-13 09:04:53
1639386294055507000,301.5,1,301.0,6,301.5,7,1,2021-12-13 09:04:54
1639386295483122000,301.5,1,301.0,9,301.5,6,1,2021-12-13 09:04:55
1639386296762941000,301.5,1,301.0,9,301.5,5,1,2021-12-13 09:04:56
1639386296976919000,301.5,4,301.0,9,301.5,1,1,2021-12-13 09:04:56
1639386297009542000,301.5,1,301.0,9,302.0,11,1,2021-12-13 09:04:57
1639386302976451000,301.5,1,301.5,15,302.0,14,2,2021-12-13 09:05:02
1639386303012690000,301.5,15,301.0,10,302.0,14,2,2021-12-13 09:05:03
1639386303165503000,301.5,1,301.0,10,302.0,15,2,2021-12-13 09:05:03
1639386303291548000,301.0,9,301.0,2,302.0,15,2,2021-12-13 09:05:03
1639386303304898000,301.0,2,300.5,8,301.0,7,2,2021-12-13 09:05:03
1639386303957175000,301.0,1,300.5,8,301.0,8,1,2021-12-13 09:05:03
1639386304083697000,301.0,1,300.5,8,301.0,7,1,2021-12-13 09:05:04
1639386304354784000,301.0,1,300.5,8,301.0,6,1,2021-12-13 09:05:04
1639386305836578000,301.0,1,300.5,8,301.0,6,1,2021-12-13 09:05:05
1639386306614706000,301.0,1,300.5,8,301.0,4,1,2021-12-13 09:05:06
1639386306991201000,301.0,4,301.0,1,301.5,4,1,2021-12-13 09:05:06
1639386307845549000,301.0,1,300.5,8,301.5,6,2,2021-12-13 09:05:07
1639386308559965000,301.0,1,300.5,7,301.5,10,2,2021-12-13 09:05:08
1639386308703955000,301.0,1,300.5,7,301.5,10,2,2021-12-13 09:05:08
1639386309516095000,301.0,1,300.5,8,301.5,10,2,2021-12-13 09:05:09
1639386310600572000,300.5,1,300.5,7,301.5,11,2,2021-12-13 09:05:10
1639386310631243000,300.5,1,300.0,15,301.5,11,2,2021-12-13 09:05:10
1639386310631584000,300.5,6,300.0,15,301.5,11,2,2021-12-13 09:05:10
1639386310985741000,301.0,2,300.0,15,301.5,11,1,2021-12-13 09:05:10
1639386311801280000,300.0,15,299.5,15,301.0,27,2,2021-12-13 09:05:11
1639386312059494000,301.0,1,299.5,13,301.0,26,1,2021-12-13 09:05:12
1639386313952365000,300.5,1,299.5,13,300.5,5,2,2021-12-13 09:05:13
1639386314965272000,300.0,1,299.5,13,300.0,1,2,2021-12-13 09:05:14
1639386319827473000,300.0,1,299.5,10,300.0,1,1,2021-12-13 09:05:19
1639386322763716000,300.0,2,299.5,10,300.5,6,1,2021-12-13 09:05:22
1639386322982233000,299.5,9,299.5,1,300.5,6,2,2021-12-13 09:05:22
1639386323012094000,299.5,1,299.0,94,300.5,6,2,2021-12-13 09:05:23
1639386323043336000,299.0,4,299.0,90,300.5,8,2,2021-12-13 09:05:23
1639386323353594000,299.0,2,299.0,86,300.5,44,2,2021-12-13 09:05:23
1639386323703917000,300.5,1,299.0,86,300.5,43,1,2021-12-13 09:05:23
1639386328612210000,299.0,1,299.0,86,299.5,2,2,2021-12-13 09:05:28
1639386328972047000,299.0,6,299.0,80,299.5,2,2,2021-12-13 09:05:28
1639386330274249000,299.0,1,299.0,77,299.5,19,2,2021-12-13 09:05:30
1639386330349145000,299.0,2,299.0,75,299.5,53,2,2021-12-13 09:05:30
1639386330383457000,299.0,3,299.0,72,299.5,53,2,2021-12-13 09:05:30
1639386330416173000,299.0,2,299.0,45,299.5,53,2,2021-12-13 09:05:30
1639386330416681000,299.0,25,299.0,45,299.5,53,2,2021-12-13 09:05:30
1639386330439155000,299.0,12,298.5,21,299.5,53,2,2021-12-13 09:05:30
1639386330439586000,299.0,27,298.5,21,299.5,53,2,2021-12-13 09:05:30
1639386330439901000,299.0,6,298.5,21,299.5,53,2,2021-12-13 09:05:30
1639386330495322000,298.5,1,298.5,20,299.0,7,2,2021-12-13 09:05:30
1639386330532030000,298.5,6,298.5,14,299.0,7,2,2021-12-13 09:05:30
1639386330547266000,298.5,1,298.5,13,299.0,7,2,2021-12-13 09:05:30
1639386330576547000,298.5,13,298.0,49,299.0,7,2,2021-12-13 09:05:30
1639386330750894000,298.5,1,298.0,49,299.0,9,1,2021-12-13 09:05:30
1639386331307722000,298.0,1,298.0,48,298.5,3,2,2021-12-13 09:05:31
1639386331473668000,298.0,1,298.0,47,298.5,3,2,2021-12-13 09:05:31
1639386331577898000,298.5,3,298.0,47,299.0,5,1,2021-12-13 09:05:31
1639386331577898000,299.0,5,298.0,47,299.0,5,1,2021-12-13 09:05:31
1639386334959716000,298.0,1,298.0,46,298.5,1,2,2021-12-13 09:05:34
1639386335388382000,298.5,1,298.0,45,299.0,8,1,2021-12-13 09:05:35
1639386337239773000,298.5,2,298.5,48,299.0,7,2,2021-12-13 09:05:37
1639386337321628000,298.5,46,298.5,2,299.0,7,2,2021-12-13 09:05:37
1639386337339566000,298.5,2,298.0,46,299.0,7,2,2021-12-13 09:05:37
1639386341484340000,298.5,1,298.0,48,298.5,12,1,2021-12-13 09:05:41
1639386342702730000,298.0,2,298.0,46,298.5,13,2,2021-12-13 09:05:42
1639386344042747000,298.5,2,298.0,46,298.5,11,1,2021-12-13 09:05:44
1639386346089224000,298.5,1,298.0,45,298.5,11,1,2021-12-13 09:05:46
1639386346463105000,298.5,1,298.0,45,298.5,10,1,2021-12-13 09:05:46
1639386346858811000,298.0,1,298.0,45,298.5,10,2,2021-12-13 09:05:46
1639386347547375000,298.5,1,298.0,46,298.5,9,1,2021-12-13 09:05:47
1639386348267933000,298.5,1,298.0,54,298.5,8,1,2021-12-13 09:05:48
1639386348303232000,298.5,8,298.0,54,299.0,8,1,2021-12-13 09:05:48
1639386348360241000,298.5,1,298.0,54,299.0,7,1,2021-12-13 09:05:48
1639386351809533000,298.5,2,298.5,5,299.0,7,2,2021-12-13 09:05:51
1639386353046846000,298.5,1,298.5,4,299.0,9,2,2021-12-13 09:05:53
1639386353191575000,298.5,1,298.5,3,299.0,9,2,2021-12-13 09:05:53
1639386353556387000,298.5,2,298.5,4,299.0,9,2,2021-12-13 09:05:53
1639386354410828000,298.5,3,298.5,1,299.0,9,2,2021-12-13 09:05:54
1639386355175314000,298.5,1,298.5,1,299.0,9,2,2021-12-13 09:05:55
1639386362677172000,298.5,1,298.5,2,299.0,10,2,2021-12-13 09:06:02
1639386362766012000,298.5,2,298.0,43,298.5,3,2,2021-12-13 09:06:02
1639386365390029000,298.5,2,298.0,43,298.5,2,1,2021-12-13 09:06:05
1639386365495224000,298.5,2,298.0,43,298.5,2,1,2021-12-13 09:06:05
1639386367142951000,298.5,2,298.0,44,299.0,10,1,2021-12-13 09:06:07
1639386368407371000,298.5,2,298.5,6,299.0,10,2,2021-12-13 09:06:08
1639386373421906000,298.5,1,298.5,8,299.0,13,2,2021-12-13 09:06:13
1639386373455529000,298.5,1,298.5,7,299.0,13,2,2021-12-13 09:06:13
1639386374624821000,298.5,1,298.5,6,299.0,13,2,2021-12-13 09:06:14
1639386379132445000,298.5,1,298.5,7,299.0,13,2,2021-12-13 09:06:19
1639386380517196000,298.5,7,298.0,45,299.0,13,2,2021-12-13 09:06:20
1639386381080360000,298.5,1,298.0,45,299.0,13,1,2021-12-13 09:06:21
1639386383638070000,298.5,1,298.0,46,299.0,13,1,2021-12-13 09:06:23
1639386383715034000,298.0,1,298.0,45,299.0,13,2,2021-12-13 09:06:23
1639386388277329000,298.0,1,298.0,49,299.0,12,2,2021-12-13 09:06:28
1639386388345355000,298.5,1,298.0,49,299.0,12,1,2021-12-13 09:06:28
1639386390211326000,298.5,2,298.0,49,298.5,1,1,2021-12-13 09:06:30
1639386390233845000,298.5,1,298.0,49,299.0,10,1,2021-12-13 09:06:30
1639386390665199000,298.0,1,298.0,48,298.5,1,2,2021-12-13 09:06:30
1639386390696720000,298.5,1,298.0,48,299.0,10,1,2021-12-13 09:06:30
1639386392637526000,299.0,1,298.0,48,299.0,10,1,2021-12-13 09:06:32
1639386395256134000,298.5,1,298.0,47,299.0,10,2,2021-12-13 09:06:35
1639386401330071000,298.5,1,298.5,2,299.0,12,2,2021-12-13 09:06:41
1639386401330228000,298.5,1,298.5,2,299.0,12,2,2021-12-13 09:06:41
1639386404826689000,298.5,3,298.5,1,299.0,12,2,2021-12-13 09:06:44
1639386407486573000,298.5,1,298.0,50,299.0,13,2,2021-12-13 09:06:47
1639386409253889000,298.5,1,298.0,51,299.0,13,2,2021-12-13 09:06:49
1639386411266456000,298.0,1,298.0,50,299.0,16,2,2021-12-13 09:06:51
1639386416379671000,298.0,1,298.0,51,298.5,5,2,2021-12-13 09:06:56
1639386419416407000,298.5,1,298.0,51,298.5,9,1,2021-12-13 09:06:59
1639386419694347000,298.5,2,298.0,51,298.5,9,1,2021-12-13 09:06:59
1639386422888840000,298.0,15,298.0,36,298.5,10,2,2021-12-13 09:07:02
1639386422923118000,298.0,1,298.0,35,298.5,10,2,2021-12-13 09:07:02
1639386422929538000,298.0,1,298.0,33,298.5,10,2,2021-12-13 09:07:02
1639386422929920000,298.0,1,298.0,33,298.5,10,2,2021-12-13 09:07:02
1639386422957467000,298.0,1,298.0,32,298.5,10,2,2021-12-13 09:07:02
1639386424123632000,298.0,1,298.0,31,298.5,10,2,2021-12-13 09:07:04
1639386436718792000,298.5,1,298.0,33,298.5,10,1,2021-12-13 09:07:16
1639386439399074000,298.0,1,298.0,31,298.5,13,2,2021-12-13 09:07:19
1639386444587028000,298.0,1,298.0,30,298.5,16,2,2021-12-13 09:07:24
1639386447814151000,298.0,1,298.0,30,298.5,23,2,2021-12-13 09:07:27
1639386452416456000,298.0,19,298.0,11,298.5,24,2,2021-12-13 09:07:32
1639386452462945000,298.0,1,298.0,10,298.5,24,2,2021-12-13 09:07:32
1639386452487666000,298.0,1,298.0,9,298.5,24,2,2021-12-13 09:07:32
1639386453179605000,298.0,3,298.0,6,298.5,24,2,2021-12-13 09:07:33
1639386453783379000,298.0,6,297.5,24,298.5,24,2,2021-12-13 09:07:33
1639386457163706000,298.0,1,297.5,24,298.0,7,1,2021-12-13 09:07:37
1639386460666112000,298.0,1,297.5,24,298.0,8,1,2021-12-13 09:07:40
1639386461127231000,298.0,1,297.5,24,298.0,7,1,2021-12-13 09:07:41
1639386463568683000,298.0,1,297.5,24,298.0,7,1,2021-12-13 09:07:43
1639386466689433000,297.5,1,297.5,23,298.0,13,2,2021-12-13 09:07:46
1639386466724640000,297.5,1,297.5,22,298.0,13,2,2021-12-13 09:07:46
1639386468835670000,297.5,1,297.5,20,298.0,13,2,2021-12-13 09:07:48
1639386471250810000,297.5,1,297.5,19,298.0,13,2,2021-12-13 09:07:51
1639386471289400000,297.5,1,297.5,18,298.0,13,2,2021-12-13 09:07:51
1639386471318028000,297.5,1,297.5,17,298.0,13,2,2021-12-13 09:07:51
1639386471483592000,297.5,1,297.5,14,298.0,15,2,2021-12-13 09:07:51
1639386471619260000,297.5,1,297.5,13,298.0,15,2,2021-12-13 09:07:51
1639386472924401000,297.5,4,297.5,10,298.0,16,2,2021-12-13 09:07:52
1639386473451542000,297.5,1,297.5,7,298.0,18,2,2021-12-13 09:07:53
1639386473876355000,297.5,1,297.5,6,298.0,18,2,2021-12-13 09:07:53
1639386473917206000,297.5,1,297.5,5,298.0,18,2,2021-12-13 09:07:53
1639386474480140000,297.5,1,297.5,4,298.0,18,2,2021-12-13 09:07:54
1639386474830174000,297.5,1,297.5,3,298.0,18,2,2021-12-13 09:07:54
1639386474869691000,297.5,1,297.5,2,298.0,18,2,2021-12-13 09:07:54
1639386474965423000,297.5,1,297.5,1,298.0,18,2,2021-12-13 09:07:54
1639386475697380000,297.5,1,297.0,28,298.0,20,2,2021-12-13 09:07:55
1639386476938459000,297.0,3,297.0,25,297.5,6,2,2021-12-13 09:07:56
1639386478957751000,297.0,1,297.0,24,297.5,19,2,2021-12-13 09:07:58
1639386481627578000,297.0,1,297.0,23,297.5,22,2,2021-12-13 09:08:01
1639386482549901000,297.0,1,297.0,22,297.5,22,2,2021-12-13 09:08:02
1639386482680477000,297.0,1,297.0,21,297.5,22,2,2021-12-13 09:08:02
1639386485114500000,297.0,2,297.0,17,297.5,24,2,2021-12-13 09:08:05
1639386485146845000,297.0,1,297.0,16,297.5,24,2,2021-12-13 09:08:05
1639386485683291000,297.0,1,297.0,15,297.5,19,2,2021-12-13 09:08:05
1639386485697784000,297.0,1,297.0,14,297.5,19,2,2021-12-13 09:08:05
1639386486464927000,297.0,5,297.0,7,297.5,19,2,2021-12-13 09:08:06
1639386486485561000,297.0,1,297.0,6,297.5,19,2,2021-12-13 09:08:06
1639386486746050000,297.5,1,297.0,6,297.5,18,1,2021-12-13 09:08:06
1639386487235190000,297.0,6,296.5,9,297.0,1,2,2021-12-13 09:08:07
1639386487710107000,297.0,5,296.5,9,297.5,6,1,2021-12-13 09:08:07
1639386487710107000,297.5,5,296.5,9,297.5,6,1,2021-12-13 09:08:07
1639386489444334000,297.0,1,296.5,9,297.5,6,2,2021-12-13 09:08:09
1639386489794921000,296.5,1,296.5,8,297.5,6,2,2021-12-13 09:08:09
1639386489882509000,296.5,2,296.5,6,297.5,6,2,2021-12-13 09:08:09
1639386489883409000,296.5,1,296.5,5,297.5,6,2,2021-12-13 09:08:09
1639386495849383000,297.0,1,297.0,1,297.5,9,1,2021-12-13 09:08:15
1639386496116169000,297.0,1,296.5,4,297.5,10,2,2021-12-13 09:08:16
1639386497145934000,296.5,1,296.5,3,297.0,4,2,2021-12-13 09:08:17
1639386504639087000,296.5,1,296.5,7,297.0,17,2,2021-12-13 09:08:24
1639386507229451000,296.5,2,296.5,6,297.0,17,2,2021-12-13 09:08:27
1639386508076701000,296.5,1,296.5,5,297.0,17,2,2021-12-13 09:08:28
1639386508268128000,296.5,3,296.5,2,297.0,17,2,2021-12-13 09:08:28
1639386508298170000,296.5,1,296.5,1,297.0,17,2,2021-12-13 09:08:28
1639386508817951000,296.5,1,296.0,34,297.0,17,2,2021-12-13 09:08:28
1639386513072478000,296.5,1,296.0,34,296.5,4,1,2021-12-13 09:08:33
1639386513277298000,296.5,1,296.0,34,296.5,3,1,2021-12-13 09:08:33
1639386520564374000,296.0,1,296.0,34,296.5,7,2,2021-12-13 09:08:40
1639386520994713000,296.5,1,296.0,34,296.5,6,1,2021-12-13 09:08:40
1639386529914313000,296.0,2,296.0,30,296.5,11,2,2021-12-13 09:08:49
1639386535063190000,296.0,4,296.0,27,296.5,13,2,2021-12-13 09:08:55
1639386537594454000,296.5,2,296.0,26,296.5,13,1,2021-12-13 09:08:57
1639386538716822000,296.0,1,296.0,25,296.5,13,2,2021-12-13 09:08:58
1639386539812205000,296.0,1,296.0,24,296.5,12,2,2021-12-13 09:08:59
1639386547142390000,296.0,1,296.0,24,296.5,20,2,2021-12-13 09:09:07
1639386548177816000,296.0,1,296.0,23,296.5,20,2,2021-12-13 09:09:08
1639386552005361000,296.0,5,296.0,19,296.5,15,2,2021-12-13 09:09:12
1639386552035432000,296.0,1,296.0,18,296.5,15,2,2021-12-13 09:09:12
1639386553660904000,296.0,1,296.0,17,296.5,15,2,2021-12-13 09:09:13
1639386554268421000,296.0,1,296.0,16,296.5,15,2,2021-12-13 09:09:14
1639386554447900000,296.0,1,296.0,15,296.5,15,2,2021-12-13 09:09:14
1639386554549335000,296.5,1,296.0,15,296.5,14,1,2021-12-13 09:09:14
1639386555436597000,296.0,1,296.0,14,296.5,14,2,2021-12-13 09:09:15
1639386555999066000,296.0,2,296.0,13,296.5,14,2,2021-12-13 09:09:15
1639386558935884000,296.0,1,296.0,13,296.5,14,2,2021-12-13 09:09:18
1639386559060580000,296.5,1,296.0,13,296.5,13,1,2021-12-13 09:09:19
1639386562267358000,296.5,1,296.0,17,296.5,12,1,2021-12-13 09:09:22
1639386562287416000,296.5,12,296.0,17,297.0,6,1,2021-12-13 09:09:22
1639386562884984000,296.5,1,296.5,2,297.0,6,2,2021-12-13 09:09:22
1639386562887929000,296.5,2,296.0,17,297.0,4,2,2021-12-13 09:09:22
1639386562890701000,296.0,1,296.0,16,297.0,4,2,2021-12-13 09:09:22
1639386568570017000,296.5,1,296.5,13,297.0,7,1,2021-12-13 09:09:28
1639386570521683000,296.5,1,296.5,14,297.0,7,2,2021-12-13 09:09:30
1639386574369230000,296.5,1,296.5,13,297.0,7,2,2021-12-13 09:09:34
1639386580003456000,296.5,1,296.5,18,297.0,7,2,2021-12-13 09:09:40
1639386580793011000,297.0,1,296.5,18,297.0,6,1,2021-12-13 09:09:40
1639386580953163000,297.0,1,296.5,18,297.0,5,1,2021-12-13 09:09:40
1639386583769830000,297.0,1,296.5,19,297.0,5,1,2021-12-13 09:09:43
1639386586114473000,297.0,1,296.5,20,297.0,5,1,2021-12-13 09:09:46
1639386586557362000,297.0,1,296.5,19,297.0,4,1,2021-12-13 09:09:46
1639386588348947000,296.5,10,296.5,10,297.0,4,2,2021-12-13 09:09:48
1639386589702140000,296.5,1,296.5,9,297.0,6,2,2021-12-13 09:09:49
1639386589877949000,296.5,9,296.0,14,296.5,7,2,2021-12-13 09:09:49
1639386589900497000,296.5,1,296.0,14,296.5,6,1,2021-12-13 09:09:49
1639386589914785000,296.5,1,296.0,14,296.5,5,1,2021-12-13 09:09:49
1639386589918180000,296.0,11,296.0,3,296.5,5,2,2021-12-13 09:09:49
1639386589924043000,296.0,1,296.0,2,296.5,5,2,2021-12-13 09:09:49
1639386589952857000,296.0,2,295.5,10,296.5,5,2,2021-12-13 09:09:49
1639386590997463000,295.5,3,295.5,7,296.0,1,2,2021-12-13 09:09:50
1639386591031346000,295.5,1,295.5,6,296.0,1,2,2021-12-13 09:09:51
1639386591595080000,296.0,1,295.5,6,296.5,6,1,2021-12-13 09:09:51
1639386598787200000,295.5,5,295.5,1,296.0,1,2,2021-12-13 09:09:58
1639386600767086000,295.5,1,295.5,1,296.0,8,2,2021-12-13 09:10:00
1639386600768920000,295.5,1,295.0,27,296.0,8,2,2021-12-13 09:10:00
1639386601654046000,295.0,2,295.0,25,296.0,10,2,2021-12-13 09:10:01
1639386603752070000,295.0,1,295.0,24,295.5,1,2,2021-12-13 09:10:03
1639386604207821000,295.0,1,295.0,23,295.5,1,2,2021-12-13 09:10:04
1639386605635088000,295.0,1,295.0,22,295.5,1,2,2021-12-13 09:10:05
1639386606331598000,295.0,1,295.0,21,295.5,1,2,2021-12-13 09:10:06
1639386610158396000,295.0,1,295.0,20,295.5,5,2,2021-12-13 09:10:10
1639386611116573000,295.5,1,295.0,20,295.5,4,1,2021-12-13 09:10:11
1639386611503245000,295.0,1,295.0,19,295.5,4,2,2021-12-13 09:10:11
1639386613326840000,295.0,1,295.0,18,295.5,4,2,2021-12-13 09:10:13
1639386616271065000,295.0,1,295.0,16,295.5,6,2,2021-12-13 09:10:16
1639386616836640000,295.0,1,295.0,15,295.5,6,2,2021-12-13 09:10:16
1639386617798546000,295.0,1,295.0,14,295.5,6,2,2021-12-13 09:10:17
1639386618669880000,295.0,2,295.0,12,295.5,6,2,2021-12-13 09:10:18
1639386619637371000,295.0,1,295.0,11,295.5,6,2,2021-12-13 09:10:19
1639386619854999000,295.0,1,295.0,10,295.5,6,2,2021-12-13 09:10:19
1639386619879248000,295.0,1,295.0,9,295.5,6,2,2021-12-13 09:10:19
1639386620082782000,295.0,1,295.0,8,295.5,7,2,2021-12-13 09:10:20
1639386621615968000,295.0,1,295.0,7,295.5,7,2,2021-12-13 09:10:21
1639386622015262000,295.0,1,295.0,6,295.5,7,2,2021-12-13 09:10:22
1639386622758401000,295.0,1,295.0,5,295.5,7,2,2021-12-13 09:10:22
1639386623469466000,295.0,1,295.0,4,295.5,7,2,2021-12-13 09:10:23
1639386623638012000,295.0,1,295.0,3,295.5,8,2,2021-12-13 09:10:23
1639386624981423000,295.0,1,295.0,2,295.5,9,2,2021-12-13 09:10:24
1639386625015646000,295.0,2,294.5,11,295.5,9,2,2021-12-13 09:10:25
1639386626606749000,294.5,1,294.5,10,295.0,1,2,2021-12-13 09:10:26
1639386631017266000,295.0,1,294.5,9,295.0,10,1,2021-12-13 09:10:31
1639386631414555000,294.5,1,294.5,8,295.0,10,2,2021-12-13 09:10:31
1639386632308675000,294.5,3,294.5,5,295.0,10,2,2021-12-13 09:10:32
1639386632923395000,294.5,1,294.5,4,295.0,13,2,2021-12-13 09:10:32
1639386633271258000,294.5,1,294.5,3,295.0,13,2,2021-12-13 09:10:33
1639386633292630000,294.5,3,294.0,15,295.0,13,2,2021-12-13 09:10:33
1639386633937382000,294.0,2,294.0,13,295.0,13,2,2021-12-13 09:10:33
1639386635060894000,294.0,1,294.0,12,294.5,2,2,2021-12-13 09:10:35
1639386635839911000,294.0,1,294.0,10,294.5,3,2,2021-12-13 09:10:35
1639386637788312000,294.0,5,294.0,5,294.5,4,2,2021-12-13 09:10:37
1639386639131583000,294.0,2,294.0,3,294.5,7,2,2021-12-13 09:10:39
1639386639278843000,294.0,1,294.0,2,294.5,7,2,2021-12-13 09:10:39
1639386639748548000,294.0,1,294.0,1,294.5,7,2,2021-12-13 09:10:39
1639386640302442000,294.0,1,293.5,9,294.5,7,2,2021-12-13 09:10:40
1639386640380449000,293.5,2,293.5,7,294.5,7,2,2021-12-13 09:10:40
1639386641543371000,294.0,2,293.5,7,294.5,4,1,2021-12-13 09:10:41
1639386641543371000,294.5,3,293.5,7,294.5,4,1,2021-12-13 09:10:41
1639386642307105000,294.0,2,294.0,1,294.5,5,2,2021-12-13 09:10:42
1639386642404869000,294.0,1,293.5,7,294.5,5,2,2021-12-13 09:10:42
1639386643879780000,293.5,1,293.5,6,294.0,2,2,2021-12-13 09:10:43
1639386647146706000,293.5,1,293.5,5,294.0,4,2,2021-12-13 09:10:47
1639386647275674000,294.0,1,293.5,5,294.0,3,1,2021-12-13 09:10:47
1639386647688399000,293.5,1,293.5,4,294.0,3,2,2021-12-13 09:10:47
1639386650577065000,293.5,1,293.5,4,294.0,5,2,2021-12-13 09:10:50
1639386650824757000,293.5,4,293.0,8,294.0,5,2,2021-12-13 09:10:50
1639386650824757000,293.0,6,293.0,8,294.0,5,2,2021-12-13 09:10:50
1639386654095450000,293.5,1,293.5,3,294.0,10,1,2021-12-13 09:10:54
1639386655120613000,293.5,1,293.5,3,294.0,10,2,2021-12-13 09:10:55
1639386656241103000,293.5,1,293.5,6,294.0,8,2,2021-12-13 09:10:56
1639386656448268000,294.0,8,293.5,12,294.5,6,1,2021-12-13 09:10:56
1639386656849210000,294.0,5,293.5,21,295.0,26,1,2021-12-13 09:10:56
1639386656849210000,294.5,7,293.5,21,295.0,26,1,2021-12-13 09:10:56
1639386656947631000,293.5,1,293.5,23,294.5,2,2,2021-12-13 09:10:56
1639386658066535000,294.0,1,293.5,2,294.5,2,1,2021-12-13 09:10:58
1639386658484515000,293.5,2,293.0,9,293.5,1,2,2021-12-13 09:10:58
1639386658506353000,293.5,1,293.0,9,294.5,2,1,2021-12-13 09:10:58
1639386658750950000,293.0,1,293.0,8,294.0,1,2,2021-12-13 09:10:58
1639386660054110000,294.0,1,294.0,2,294.5,2,1,2021-12-13 09:11:00
1639386660403943000,294.0,1,294.0,1,294.5,2,2,2021-12-13 09:11:00
1639386661716026000,294.0,1,293.5,2,294.5,2,2,2021-12-13 09:11:01
1639386661956655000,294.0,1,293.5,5,294.5,2,1,2021-12-13 09:11:01
1639386663906247000,294.0,1,293.5,10,294.0,2,1,2021-12-13 09:11:03
1639386663936176000,294.0,2,293.5,10,294.5,2,1,2021-12-13 09:11:03
1639386667074521000,293.5,2,293.5,9,294.0,2,2,2021-12-13 09:11:07
1639386667727370000,294.0,2,293.5,11,294.5,3,1,2021-12-13 09:11:07
1639386671749024000,294.0,1,294.0,2,294.5,3,2,2021-12-13 09:11:11
1639386674358892000,294.0,1,294.0,6,294.5,4,2,2021-12-13 09:11:14
1639386674719792000,294.5,1,294.0,6,294.5,3,1,2021-12-13 09:11:14
1639386675409816000,294.5,3,294.0,7,295.0,23,1,2021-12-13 09:11:15
1639386676187609000,294.0,1,294.0,7,295.0,23,2,2021-12-13 09:11:16
1639386679893231000,294.5,1,294.5,1,295.0,20,1,2021-12-13 09:11:19
1639386681892500000,294.5,1,294.0,12,295.0,20,2,2021-12-13 09:11:21
1639386684168175000,294.0,1,294.0,12,295.0,20,2,2021-12-13 09:11:24
1639386687132096000,294.0,1,294.0,10,294.5,5,2,2021-12-13 09:11:27
1639386688303495000,294.0,5,294.0,8,294.5,5,2,2021-12-13 09:11:28
1639386688675636000,294.5,1,294.0,8,294.5,4,1,2021-12-13 09:11:28
1639386691871403000,294.0,1,294.0,11,294.5,4,2,2021-12-13 09:11:31
1639386693832858000,294.5,4,294.0,12,294.5,2,1,2021-12-13 09:11:33
1639386694003840000,294.5,1,294.0,11,294.5,1,1,2021-12-13 09:11:34
1639386695111318000,294.5,1,294.0,12,295.0,19,1,2021-12-13 09:11:35
1639386695111318000,295.0,2,294.0,12,295.0,19,1,2021-12-13 09:11:35
1639386697661283000,294.5,1,294.0,14,294.5,4,2,2021-12-13 09:11:37
1639386699673214000,294.5,1,294.0,14,294.5,5,1,2021-12-13 09:11:39
1639386700990035000,294.5,1,294.0,13,294.5,4,1,2021-12-13 09:11:40
1639386703907092000,294.5,1,294.0,15,294.5,3,1,2021-12-13 09:11:43
1639386704310267000,294.0,1,294.0,14,294.5,3,2,2021-12-13 09:11:44
1639386711597865000,294.5,1,294.0,21,294.5,5,1,2021-12-13 09:11:51
1639386712734738000,294.5,2,294.0,22,294.5,3,1,2021-12-13 09:11:52
1639386725572149000,294.5,1,294.0,32,294.5,3,1,2021-12-13 09:12:05
1639386728161914000,294.5,1,294.0,32,294.5,2,1,2021-12-13 09:12:08
1639386729067788000,294.5,2,294.5,3,295.0,3,1,2021-12-13 09:12:09
1639386745321595000,295.0,1,294.5,14,295.0,4,1,2021-12-13 09:12:25
1639386747890081000,295.0,1,294.5,15,295.0,5,1,2021-12-13 09:12:27
1639386748933271000,295.0,2,294.5,15,295.0,4,1,2021-12-13 09:12:28
1639386751164172000,295.0,1,294.5,15,295.0,4,1,2021-12-13 09:12:31
1639386751210166000,295.0,1,294.5,15,295.0,3,1,2021-12-13 09:12:31
1639386753189685000,294.5,1,294.5,15,295.0,3,2,2021-12-13 09:12:33
1639386753258414000,295.0,1,294.5,15,295.0,2,1,2021-12-13 09:12:33
1639386753334346000,295.0,1,294.5,15,295.0,1,1,2021-12-13 09:12:33
1639386757345309000,295.0,1,294.5,16,295.0,2,1,2021-12-13 09:12:37
1639386760769532000,295.0,1,294.5,18,295.0,3,1,2021-12-13 09:12:40
1639386761090792000,295.0,1,294.5,17,295.0,2,1,2021-12-13 09:12:41
1639386762052365000,295.0,2,295.0,1,295.5,5,1,2021-12-13 09:12:42
1639386762734187000,295.0,1,294.5,17,295.0,2,2,2021-12-13 09:12:42
1639386763593896000,295.0,1,294.5,17,295.0,1,1,2021-12-13 09:12:43
1639386770415668000,294.5,1,294.5,18,295.0,3,2,2021-12-13 09:12:50
1639386770541604000,295.0,1,294.5,18,295.0,2,1,2021-12-13 09:12:50
1639386772565690000,295.0,1,294.5,18,295.0,2,1,2021-12-13 09:12:52
1639386772795990000,295.0,2,294.5,18,295.5,4,1,2021-12-13 09:12:52
1639386772923008000,295.0,2,294.5,18,295.5,4,2,2021-12-13 09:12:52
1639386778224359000,295.0,3,294.5,18,295.0,1,1,2021-12-13 09:12:58
1639386783257666000,295.0,1,294.5,20,295.0,3,1,2021-12-13 09:13:03
1639386784350019000,294.5,2,294.5,18,295.0,3,2,2021-12-13 09:13:04
1639386785062466000,294.5,11,294.5,7,295.0,5,2,2021-12-13 09:13:05
1639386785063850000,294.5,4,294.5,3,295.0,5,2,2021-12-13 09:13:05
1639386785094196000,294.5,2,294.0,28,295.0,6,2,2021-12-13 09:13:05
1639386785094537000,294.5,1,294.0,28,295.0,6,2,2021-12-13 09:13:05
1639386786433374000,295.0,3,294.0,28,295.0,4,1,2021-12-13 09:13:06
1639386788549619000,295.0,2,294.0,28,295.0,2,1,2021-12-13 09:13:08
1639386791679576000,294.5,1,294.0,28,295.0,3,2,2021-12-13 09:13:11
1639386794969717000,295.0,1,294.0,29,295.0,2,1,2021-12-13 09:13:14
1639386808584979000,295.0,1,294.5,3,295.0,3,1,2021-12-13 09:13:28
1639386809312013000,295.0,1,294.5,3,295.0,2,1,2021-12-13 09:13:29
1639386815868450000,295.0,1,294.5,5,295.0,2,1,2021-12-13 09:13:35
1639386822653987000,294.5,1,294.5,4,295.0,1,2,2021-12-13 09:13:42
1639386826169595000,295.0,1,294.5,5,295.5,7,1,2021-12-13 09:13:46
1639386828570844000,295.0,1,294.5,5,295.5,5,2,2021-12-13 09:13:48
1639386833467793000,295.0,1,294.5,5,295.0,2,1,2021-12-13 09:13:53
1639386836666861000,295.0,1,294.5,5,295.0,1,1,2021-12-13 09:13:56
1639386841884816000,295.0,1,294.5,7,295.0,1,1,2021-12-13 09:14:01
1639386845393084000,295.0,1,294.5,7,295.0,1,1,2021-12-13 09:14:05
1639386848857906000,295.0,1,294.5,6,295.5,5,1,2021-12-13 09:14:08
1639386856791324000,295.0,1,294.5,8,295.0,1,1,2021-12-13 09:14:16
1639386858899333000,295.0,1,294.5,8,295.5,6,1,2021-12-13 09:14:18
1639386859068562000,295.0,1,294.5,8,295.5,5,2,2021-12-13 09:14:19
1639386860045862000,295.0,1,294.5,8,295.5,4,1,2021-12-13 09:14:20
1639386860177245000,295.0,1,294.5,8,295.5,4,2,2021-12-13 09:14:20
1639386861492636000,295.0,1,294.5,7,295.5,3,2,2021-12-13 09:14:21
1639386864504940000,295.5,2,294.5,7,295.5,1,1,2021-12-13 09:14:24
1639386868663538000,295.0,1,294.5,7,295.5,1,2,2021-12-13 09:14:28
1639386876523975000,295.0,1,294.5,7,295.5,1,2,2021-12-13 09:14:36
1639386881928179000,295.0,1,294.5,7,295.5,5,2,2021-12-13 09:14:41
1639386886630255000,295.0,1,294.5,8,295.0,4,1,2021-12-13 09:14:46
1639386887971400000,294.5,1,294.5,7,295.0,4,2,2021-12-13 09:14:47
1639386887998217000,294.5,7,294.0,27,295.0,4,2,2021-12-13 09:14:47
1639386889680203000,295.0,1,294.0,27,295.0,5,1,2021-12-13 09:14:49
1639386891115141000,295.0,1,294.0,27,295.0,4,1,2021-12-13 09:14:51
1639386895058701000,295.0,4,295.0,1,295.5,5,1,2021-12-13 09:14:55
1639386898324507000,295.0,1,295.0,2,295.5,6,2,2021-12-13 09:14:58
1639386898342629000,295.0,1,295.0,1,295.5,6,2,2021-12-13 09:14:58
1639386898362573000,295.0,1,294.0,28,295.5,6,2,2021-12-13 09:14:58
1639386899143876000,295.0,1,294.0,28,295.5,6,2,2021-12-13 09:14:59
1639386905058039000,294.0,2,294.0,26,295.0,4,2,2021-12-13 09:15:05
1639386906320440000,295.0,1,294.0,27,295.0,4,1,2021-12-13 09:15:06
1639386910451578000,295.0,1,294.0,28,295.0,4,1,2021-12-13 09:15:10
1639386910688711000,294.0,10,294.0,18,295.0,4,2,2021-12-13 09:15:10
1639386911843360000,294.0,7,294.0,11,295.0,6,2,2021-12-13 09:15:11
1639386916636432000,294.0,10,293.5,12,294.0,4,2,2021-12-13 09:15:16
1639386919782742000,294.0,1,293.5,11,294.0,3,1,2021-12-13 09:15:19
1639386927155688000,293.5,2,293.5,7,294.0,5,2,2021-12-13 09:15:27
1639386927192189000,293.5,1,293.5,6,294.0,6,2,2021-12-13 09:15:27
1639386927309246000,294.0,2,293.5,6,294.0,4,1,2021-12-13 09:15:27
1639386927332041000,293.5,3,293.5,3,294.0,4,2,2021-12-13 09:15:27
1639386927367575000,293.5,3,293.0,18,294.0,4,2,2021-12-13 09:15:27
1639386927797996000,293.5,2,293.0,18,293.5,1,1,2021-12-13 09:15:27
1639386928421246000,293.5,1,293.5,1,294.0,6,1,2021-12-13 09:15:28
1639386930176739000,293.5,1,293.0,18,294.0,6,2,2021-12-13 09:15:30
1639386934004951000,293.0,4,293.0,16,294.0,7,2,2021-12-13 09:15:34
1639386941077646000,293.0,2,293.0,13,293.5,6,2,2021-12-13 09:15:41
1639386941097811000,293.0,1,293.0,12,293.5,6,2,2021-12-13 09:15:41
1639386945801893000,293.0,1,293.0,11,293.5,7,2,2021-12-13 09:15:45
1639386948535564000,293.0,2,293.0,9,293.5,7,2,2021-12-13 09:15:48
1639386952990171000,293.0,1,293.0,9,293.5,7,2,2021-12-13 09:15:52
1639386954794629000,293.0,1,293.0,8,293.5,7,2,2021-12-13 09:15:54
1639386955699859000,293.0,1,293.0,7,293.5,7,2,2021-12-13 09:15:55
1639386956002532000,293.0,1,293.0,6,293.5,7,2,2021-12-13 09:15:56
1639386956873742000,293.0,2,293.0,4,293.5,7,2,2021-12-13 09:15:56
1639386957337748000,293.0,3,293.0,1,293.5,7,2,2021-12-13 09:15:57
1639386957369399000,293.0,1,292.5,2,293.5,7,2,2021-12-13 09:15:57
1639386958803774000,293.0,2,292.5,2,293.5,8,1,2021-12-13 09:15:58
1639386960809492000,292.5,1,292.5,3,293.0,6,2,2021-12-13 09:16:00
1639386960918517000,292.5,3,292.0,15,293.0,6,2,2021-12-13 09:16:00
1639386960918517000,292.0,2,292.0,15,293.0,6,2,2021-12-13 09:16:00
1639386962307656000,292.5,2,292.0,15,293.0,6,1,2021-12-13 09:16:02
1639386962921487000,292.5,1,292.0,14,293.0,6,2,2021-12-13 09:16:02
1639386962921487000,292.0,1,292.0,14,293.0,6,2,2021-12-13 09:16:02
1639386964436023000,292.0,1,292.0,13,293.0,6,2,2021-12-13 09:16:04
1639386969199690000,292.5,1,292.5,1,293.0,6,1,2021-12-13 09:16:09
1639386970533235000,292.5,1,292.0,12,293.0,6,2,2021-12-13 09:16:10
1639386971177644000,293.0,1,292.5,2,293.0,6,1,2021-12-13 09:16:11
1639386971214185000,292.5,1,292.5,1,293.0,5,2,2021-12-13 09:16:11
1639386972311437000,292.5,1,292.5,1,293.0,5,2,2021-12-13 09:16:12
1639386973074659000,292.5,1,292.0,14,293.0,5,2,2021-12-13 09:16:13
1639386973219514000,292.0,1,292.0,13,293.0,5,2,2021-12-13 09:16:13
1639386973745640000,292.0,1,292.0,11,293.0,5,2,2021-12-13 09:16:13
1639386973938059000,292.0,1,292.0,10,293.0,5,2,2021-12-13 09:16:13
1639386974562831000,292.5,1,292.5,1,293.0,5,1,2021-12-13 09:16:14
1639386975477648000,292.5,1,292.0,10,293.0,5,2,2021-12-13 09:16:15
1639386976098141000,292.5,1,292.0,12,293.0,5,1,2021-12-13 09:16:16
1639386977502196000,292.5,1,292.0,14,293.0,5,2,2021-12-13 09:16:17
1639386978147349000,292.5,1,292.0,14,293.0,6,1,2021-12-13 09:16:18
1639386980309072000,292.5,2,292.0,14,293.0,4,1,2021-12-13 09:16:20
1639386981231490000,292.5,1,292.0,14,293.0,5,1,2021-12-13 09:16:21
1639386983729160000,292.5,1,292.5,1,293.0,6,1,2021-12-13 09:16:23
1639386983853444000,292.5,1,292.0,9,293.0,6,2,2021-12-13 09:16:23
1639386983853444000,292.0,3,292.0,9,293.0,6,2,2021-12-13 09:16:23
1639386985262505000,292.5,1,292.0,9,293.0,6,1,2021-12-13 09:16:25
1639386986698218000,292.5,1,292.5,5,293.0,6,2,2021-12-13 09:16:26
1639386986840234000,292.5,5,292.5,1,293.0,6,2,2021-12-13 09:16:26
1639386988278501000,292.5,2,292.0,7,293.0,6,2,2021-12-13 09:16:28
1639386988278501000,292.0,1,292.0,7,293.0,6,2,2021-12-13 09:16:28
1639386988672955000,292.5,1,292.0,7,293.0,6,1,2021-12-13 09:16:28
1639386990330596000,292.5,1,292.0,7,293.0,6,1,2021-12-13 09:16:30
1639386991569770000,292.0,1,292.0,6,292.5,1,2,2021-12-13 09:16:31
1639386992740816000,292.5,1,292.0,7,293.0,7,1,2021-12-13 09:16:32
1639386993506083000,293.0,5,292.0,7,293.0,1,1,2021-12-13 09:16:33
1639386993536407000,293.0,1,292.0,9,293.5,6,1,2021-12-13 09:16:33
1639386994119172000,292.0,1,292.0,9,293.5,6,2,2021-12-13 09:16:34
1639386994222397000,292.5,1,292.5,2,293.5,6,1,2021-12-13 09:16:34
1639387002526208000,292.5,1,292.5,4,293.5,7,2,2021-12-13 09:16:42
1639387006906135000,292.5,4,291.5,7,293.5,8,2,2021-12-13 09:16:46
1639387006906135000,292.0,13,291.5,7,293.5,8,2,2021-12-13 09:16:46
1639387006906135000,291.5,3,291.5,7,293.5,8,2,2021-12-13 09:16:46
1639387008614084000,292.5,1,291.5,9,293.0,2,1,2021-12-13 09:16:48
1639387012041230000,292.5,1,291.5,9,293.0,2,2,2021-12-13 09:16:52
1639387012867528000,292.5,1,291.5,9,293.0,2,1,2021-12-13 09:16:52
1639387015855089000,292.5,2,291.5,9,293.0,2,1,2021-12-13 09:16:55
1639387020576051000,292.5,1,292.0,1,293.0,5,1,2021-12-13 09:17:00
1639387024330730000,292.5,3,292.0,5,293.0,6,1,2021-12-13 09:17:04
1639387024401703000,293.0,5,292.0,7,293.5,7,1,2021-12-13 09:17:04
1639387028265886000,293.0,1,292.5,5,293.5,6,1,2021-12-13 09:17:08
1639387042770695000,293.0,1,292.5,10,293.5,8,1,2021-12-13 09:17:22
1639387046579641000,292.5,1,292.5,7,293.5,8,2,2021-12-13 09:17:26
1639387050549221000,293.5,9,293.0,6,294.0,9,1,2021-12-13 09:17:30
1639387051449054000,294.0,8,293.5,2,294.5,6,1,2021-12-13 09:17:31
1639387055214428000,293.5,1,293.5,3,294.5,7,2,2021-12-13 09:17:35
1639387058382508000,294.5,7,293.5,5,295.0,4,1,2021-12-13 09:17:38
1639387058674781000,294.0,2,293.5,5,295.0,3,2,2021-12-13 09:17:38
1639387058674931000,294.0,7,293.5,5,295.0,3,1,2021-12-13 09:17:38
1639387058720173000,294.0,9,293.5,5,295.0,2,1,2021-12-13 09:17:38
1639387060824747000,294.5,1,294.5,49,295.0,1,1,2021-12-13 09:17:40
1639387060850594000,295.0,1,294.5,49,295.5,12,1,2021-12-13 09:17:40
1639387065778536000,295.0,1,294.5,49,295.5,13,1,2021-12-13 09:17:45
1639387066813976000,294.5,1,294.5,49,295.5,13,2,2021-12-13 09:17:46
1639387081127505000,295.0,1,295.0,3,295.5,13,1,2021-12-13 09:18:01
1639387083173003000,295.0,1,295.0,2,295.5,13,2,2021-12-13 09:18:03
1639387088375368000,295.0,1,295.0,1,295.5,12,2,2021-12-13 09:18:08
1639387093613722000,295.5,13,295.0,10,296.0,11,1,2021-12-13 09:18:13
1639387097193372000,295.5,1,295.0,12,296.0,8,2,2021-12-13 09:18:17
1639387101563180000,296.0,1,295.5,4,296.0,6,1,2021-12-13 09:18:21
1639387101600989000,296.0,6,295.5,4,296.5,17,1,2021-12-13 09:18:21
1639387101768990000,295.5,1,295.5,4,296.5,17,2,2021-12-13 09:18:21
1639387101793089000,295.5,1,295.5,3,296.5,17,2,2021-12-13 09:18:21
1639387106413685000,296.5,1,296.0,1,296.5,16,1,2021-12-13 09:18:26
1639387106442961000,296.5,16,296.0,1,297.0,3,1,2021-12-13 09:18:26
1639387107863571000,296.0,1,295.5,6,297.0,4,2,2021-12-13 09:18:27
1639387109243947000,297.0,2,295.5,7,297.0,2,1,2021-12-13 09:18:29
1639387110820780000,296.5,1,295.5,7,297.0,2,2,2021-12-13 09:18:30
1639387115258825000,297.0,2,296.5,4,297.5,4,1,2021-12-13 09:18:35
1639387121044392000,297.0,1,296.5,11,297.0,1,1,2021-12-13 09:18:41
1639387121087735000,297.0,1,296.5,11,297.5,4,1,2021-12-13 09:18:41
1639387121492745000,297.5,4,297.0,2,298.0,2,1,2021-12-13 09:18:41
1639387123695775000,297.5,1,297.0,2,298.0,2,1,2021-12-13 09:18:43
1639387123766799000,297.0,1,297.0,1,298.0,2,2,2021-12-13 09:18:43
1639387124051599000,297.0,1,296.5,12,298.0,2,2,2021-12-13 09:18:44
1639387125225924000,297.0,2,296.5,13,298.0,4,2,2021-12-13 09:18:45
1639387126869810000,298.0,1,297.0,3,298.0,8,1,2021-12-13 09:18:46
1639387130393221000,297.5,2,297.0,8,298.0,11,2,2021-12-13 09:18:50
1639387131194093000,297.0,2,297.0,8,297.5,1,2,2021-12-13 09:18:51
1639387132371784000,297.5,1,297.0,8,298.0,13,1,2021-12-13 09:18:52
1639387132975418000,298.0,2,297.0,8,298.0,11,1,2021-12-13 09:18:52
1639387134496965000,297.5,1,297.0,8,298.0,12,2,2021-12-13 09:18:54
1639387135541527000,297.5,1,297.5,1,298.0,12,1,2021-12-13 09:18:55
1639387136317739000,298.0,1,297.5,1,298.0,12,1,2021-12-13 09:18:56
1639387136614751000,297.5,2,297.0,11,298.0,12,2,2021-12-13 09:18:56
1639387137809849000,297.5,1,297.0,15,298.0,13,2,2021-12-13 09:18:57
1639387139346855000,298.0,1,297.5,2,298.0,12,1,2021-12-13 09:18:59
1639387141720017000,297.5,1,297.5,7,298.0,12,2,2021-12-13 09:19:01
1639387142370770000,298.0,2,297.5,7,298.0,11,1,2021-12-13 09:19:02
1639387144522910000,298.0,2,297.5,23,298.0,11,1,2021-12-13 09:19:04
1639387145186426000,297.5,1,297.5,23,298.0,12,2,2021-12-13 09:19:05
1639387145822283000,298.0,1,297.5,24,298.0,11,1,2021-12-13 09:19:05
1639387145918824000,298.0,1,297.5,24,298.0,10,1,2021-12-13 09:19:05
1639387146415270000,298.0,3,297.5,24,298.0,7,1,2021-12-13 09:19:06
1639387146526418000,297.5,1,297.5,23,298.0,7,2,2021-12-13 09:19:06
1639387146536641000,297.5,1,297.5,22,298.0,7,2,2021-12-13 09:19:06
1639387146722278000,298.0,1,297.5,22,298.0,6,1,2021-12-13 09:19:06
1639387148254224000,298.0,1,297.5,23,298.0,5,1,2021-12-13 09:19:08
1639387148317552000,298.0,5,298.0,25,298.5,7,1,2021-12-13 09:19:08
1639387149581587000,298.5,1,298.0,26,298.5,6,1,2021-12-13 09:19:09
1639387149610840000,298.5,6,298.0,26,299.0,5,1,2021-12-13 09:19:09
1639387152793008000,298.5,1,298.0,34,299.0,7,1,2021-12-13 09:19:12
1639387155113932000,298.0,1,298.0,38,299.0,7,2,2021-12-13 09:19:15
1639387157636926000,299.0,1,298.5,1,299.0,5,1,2021-12-13 09:19:17
1639387157670529000,299.0,1,298.5,1,299.0,4,1,2021-12-13 09:19:17
1639387158518564000,299.0,1,298.5,1,299.0,3,1,2021-12-13 09:19:18
1639387158602421000,299.0,3,298.5,1,299.5,6,1,2021-12-13 09:19:18
1639387161693911000,299.5,5,298.5,3,300.5,1,1,2021-12-13 09:19:21
1639387161693911000,300.0,12,298.5,3,300.5,1,1,2021-12-13 09:19:21
1639387161693911000,300.5,3,298.5,3,300.5,1,1,2021-12-13 09:19:21
1639387161744183000,299.0,1,299.0,1,300.0,1,2,2021-12-13 09:19:21
1639387162143561000,300.0,1,299.0,1,300.0,10,1,2021-12-13 09:19:22
1639387162420914000,300.0,2,299.0,1,300.0,8,1,2021-12-13 09:19:22
1639387165285673000,300.0,2,299.0,4,300.0,7,1,2021-12-13 09:19:25
1639387166625779000,300.0,1,299.0,4,300.0,6,1,2021-12-13 09:19:26
1639387166855648000,300.0,2,299.0,4,300.0,4,1,2021-12-13 09:19:26
1639387167765026000,300.0,1,299.0,4,300.0,4,1,2021-12-13 09:19:27
1639387167777299000,300.0,1,299.0,4,300.0,3,1,2021-12-13 09:19:27
1639387167977164000,300.0,1,299.0,4,300.0,2,1,2021-12-13 09:19:27
1639387168011640000,300.0,1,299.0,4,300.0,1,1,2021-12-13 09:19:28
1639387168098850000,300.0,1,300.0,4,301.0,6,1,2021-12-13 09:19:28
1639387169128944000,301.0,1,300.0,10,301.0,6,1,2021-12-13 09:19:29
1639387169312008000,300.0,2,300.0,8,301.0,6,2,2021-12-13 09:19:29
1639387171692183000,300.0,1,300.0,11,301.0,6,2,2021-12-13 09:19:31
1639387171877665000,300.0,4,300.0,8,301.0,6,2,2021-12-13 09:19:31
1639387171963125000,301.0,1,300.0,8,301.0,5,1,2021-12-13 09:19:31
1639387172965361000,300.0,1,300.0,10,301.0,6,2,2021-12-13 09:19:32
1639387173507832000,301.0,2,300.0,10,301.0,4,1,2021-12-13 09:19:33
1639387174987716000,300.5,1,300.0,12,301.0,4,2,2021-12-13 09:19:34
1639387174987716000,300.0,1,300.0,12,301.0,4,2,2021-12-13 09:19:34
1639387175607358000,300.5,1,300.0,11,300.5,1,1,2021-12-13 09:19:35
1639387175841053000,300.5,1,300.0,12,301.0,5,1,2021-12-13 09:19:35
1639387178814688000,300.5,5,300.0,17,300.5,1,1,2021-12-13 09:19:38
1639387179946244000,300.5,1,300.0,18,301.0,7,1,2021-12-13 09:19:39
1639387182657541000,301.0,7,301.0,17,301.5,5,1,2021-12-13 09:19:42
1639387182734043000,301.0,3,301.0,14,301.5,7,2,2021-12-13 09:19:42
1639387182768617000,301.0,14,300.5,2,301.5,7,2,2021-12-13 09:19:42
1639387183000310000,300.5,1,300.5,2,301.0,2,2,2021-12-13 09:19:43
1639387183261492000,300.5,1,300.5,2,301.0,2,2,2021-12-13 09:19:43
1639387183553609000,300.5,1,300.5,2,301.0,2,2,2021-12-13 09:19:43
1639387184550708000,300.5,1,300.5,4,301.0,5,2,2021-12-13 09:19:44
1639387184576217000,300.5,1,300.5,3,301.0,5,2,2021-12-13 09:19:44
1639387185069310000,300.5,1,300.5,2,301.0,6,2,2021-12-13 09:19:45
1639387185084486000,300.5,2,300.0,22,300.5,1,2,2021-12-13 09:19:45
1639387185841412000,300.5,1,300.5,5,301.0,9,1,2021-12-13 09:19:45
1639387185870578000,300.5,4,300.5,1,301.0,9,2,2021-12-13 09:19:45
1639387185903473000,300.5,1,300.0,22,301.0,9,2,2021-12-13 09:19:45
1639387186586788000,300.5,1,300.0,23,300.5,4,1,2021-12-13 09:19:46
1639387186645463000,300.0,3,300.0,20,300.5,4,2,2021-12-13 09:19:46
1639387186778857000,300.5,1,300.0,21,300.5,5,1,2021-12-13 09:19:46
1639387186843992000,300.5,1,300.0,21,300.5,5,1,2021-12-13 09:19:46
1639387188642617000,300.5,1,300.0,21,300.5,8,1,2021-12-13 09:19:48
1639387189094747000,300.5,9,300.0,21,300.5,2,1,2021-12-13 09:19:49
1639387189129419000,300.0,1,300.0,20,300.5,3,2,2021-12-13 09:19:49
1639387189879585000,300.0,3,300.0,17,300.5,4,2,2021-12-13 09:19:49
1639387189921844000,300.5,1,300.0,17,300.5,4,1,2021-12-13 09:19:49
1639387190274424000,300.5,1,300.0,17,300.5,3,1,2021-12-13 09:19:50
1639387190905624000,300.5,2,300.0,18,300.5,2,1,2021-12-13 09:19:50
1639387192068090000,300.5,1,300.0,20,300.5,3,1,2021-12-13 09:19:52
1639387192290930000,300.5,1,300.0,20,300.5,2,1,2021-12-13 09:19:52
1639387193163219000,300.0,1,300.0,19,300.5,3,2,2021-12-13 09:19:53
1639387193915150000,300.5,1,300.0,19,300.5,2,1,2021-12-13 09:19:53
1639387196865216000,300.5,1,300.0,27,300.5,1,1,2021-12-13 09:19:56
1639387196994214000,300.5,1,300.0,27,301.0,4,1,2021-12-13 09:19:56
1639387200418798000,301.0,1,300.5,5,301.0,7,1,2021-12-13 09:20:00
1639387201158993000,301.0,1,300.5,5,301.0,6,1,2021-12-13 09:20:01
1639387202101097000,301.0,1,300.5,6,301.0,6,1,2021-12-13 09:20:02
1639387203159332000,301.0,5,300.5,7,301.0,1,1,2021-12-13 09:20:03
1639387203376213000,301.0,1,300.5,7,301.5,10,1,2021-12-13 09:20:03
1639387204163471000,300.5,1,300.5,6,301.5,10,2,2021-12-13 09:20:04
1639387205458332000,300.5,2,300.5,4,301.5,10,2,2021-12-13 09:20:05
1639387206722056000,301.0,1,300.5,8,301.0,1,1,2021-12-13 09:20:06
1639387206921507000,301.0,2,300.5,9,301.5,10,1,2021-12-13 09:20:06
1639387210018386000,301.0,1,300.5,13,301.0,1,1,2021-12-13 09:20:10
1639387211063964000,300.5,1,300.5,12,301.0,1,2,2021-12-13 09:20:11
1639387211873482000,301.0,1,300.5,11,301.5,12,1,2021-12-13 09:20:11
1639387213054814000,301.0,1,300.5,11,301.5,13,2,2021-12-13 09:20:13
1639387214292932000,301.0,2,300.5,12,301.5,12,2,2021-12-13 09:20:14
1639387216542524000,301.0,1,300.5,15,301.0,5,1,2021-12-13 09:20:16
1639387216968659000,301.0,1,300.5,15,301.0,5,1,2021-12-13 09:20:16
1639387217057258000,301.0,1,300.5,15,301.0,5,1,2021-12-13 09:20:17
1639387218284842000,301.0,1,300.5,16,301.0,6,1,2021-12-13 09:20:18
1639387218401180000,301.0,6,301.0,14,301.5,13,1,2021-12-13 09:20:18
1639387218688670000,301.0,1,301.0,13,301.5,13,2,2021-12-13 09:20:18
1639387218708639000,301.0,1,301.0,12,301.5,13,2,2021-12-13 09:20:18
1639387218966796000,301.0,1,301.0,11,301.5,13,2,2021-12-13 09:20:18
1639387219298165000,301.0,2,301.0,9,301.5,13,2,2021-12-13 09:20:19
1639387222454750000,301.0,1,301.0,9,301.5,15,2,2021-12-13 09:20:22
1639387223638621000,301.0,1,301.0,9,301.5,15,2,2021-12-13 09:20:23
1639387223733786000,301.0,1,301.0,8,301.5,15,2,2021-12-13 09:20:23
1639387224145697000,301.0,1,301.0,8,301.5,16,2,2021-12-13 09:20:24
1639387225684139000,301.0,1,301.0,8,301.5,16,2,2021-12-13 09:20:25
1639387226673557000,301.0,1,301.0,7,301.5,17,2,2021-12-13 09:20:26
1639387227370034000,301.0,1,301.0,8,301.5,19,2,2021-12-13 09:20:27
1639387227515035000,301.0,1,301.0,7,301.5,19,2,2021-12-13 09:20:27
1639387227552649000,301.0,1,301.0,4,301.5,19,2,2021-12-13 09:20:27
1639387227552746000,301.0,2,301.0,4,301.5,19,2,2021-12-13 09:20:27
1639387227582934000,301.0,3,301.0,1,301.5,19,2,2021-12-13 09:20:27
1639387227615624000,301.0,1,300.5,14,301.5,19,2,2021-12-13 09:20:27
1639387227832534000,300.5,2,300.5,12,301.0,5,2,2021-12-13 09:20:27
1639387228003070000,301.0,1,300.5,12,301.0,4,1,2021-12-13 09:20:28
1639387229031520000,301.0,2,300.5,12,301.0,5,1,2021-12-13 09:20:29
1639387230121224000,301.0,2,300.5,11,301.0,4,1,2021-12-13 09:20:30
1639387230280632000,301.0,4,300.5,11,301.5,19,1,2021-12-13 09:20:30
1639387232529705000,301.0,1,300.5,11,301.0,3,1,2021-12-13 09:20:32
1639387232736858000,301.0,3,301.0,7,301.5,17,1,2021-12-13 09:20:32
1639387232900430000,301.0,7,300.5,11,301.0,3,2,2021-12-13 09:20:32
1639387233636434000,301.0,2,300.5,11,301.0,5,1,2021-12-13 09:20:33
1639387233899259000,301.0,2,300.5,11,301.0,3,1,2021-12-13 09:20:33
1639387235081074000,301.0,1,300.5,11,301.0,13,1,2021-12-13 09:20:35
1639387235692090000,301.0,1,300.5,11,301.0,12,1,2021-12-13 09:20:35
1639387235983693000,301.0,1,300.5,10,301.0,11,1,2021-12-13 09:20:35
1639387236339547000,301.0,1,300.5,10,301.0,10,1,2021-12-13 09:20:36
1639387236556491000,300.5,1,300.5,9,301.0,10,2,2021-12-13 09:20:36
1639387239368193000,300.5,1,300.5,7,301.0,11,2,2021-12-13 09:20:39
1639387239767007000,301.0,1,300.5,7,301.0,10,1,2021-12-13 09:20:39
1639387240415185000,301.0,1,300.5,8,301.0,10,1,2021-12-13 09:20:40
1639387244752257000,301.0,2,300.5,9,301.0,9,1,2021-12-13 09:20:44
1639387245157575000,300.5,2,300.5,7,301.0,9,2,2021-12-13 09:20:45
1639387247990821000,301.0,1,300.5,7,301.0,12,1,2021-12-13 09:20:47
1639387249142945000,300.5,1,300.5,6,301.0,12,2,2021-12-13 09:20:49
1639387249170430000,300.5,1,300.5,5,301.0,12,2,2021-12-13 09:20:49
1639387251939171000,300.5,1,300.5,6,301.0,15,2,2021-12-13 09:20:51
1639387254741345000,300.5,3,300.5,3,301.0,18,2,2021-12-13 09:20:54
1639387254765001000,300.5,3,300.0,42,301.0,18,2,2021-12-13 09:20:54
1639387254858975000,300.0,1,300.0,41,300.5,1,2,2021-12-13 09:20:54
1639387262779939000,300.5,1,300.0,36,300.5,4,1,2021-12-13 09:21:02
1639387270100585000,300.5,1,300.0,35,300.5,16,1,2021-12-13 09:21:10
1639387271886284000,300.5,1,300.0,36,300.5,15,1,2021-12-13 09:21:11
1639387275643613000,300.5,2,300.0,45,300.5,13,1,2021-12-13 09:21:15
1639387275683502000,300.0,1,300.0,44,300.5,14,2,2021-12-13 09:21:15
1639387282762194000,300.0,1,300.0,43,300.5,18,2,2021-12-13 09:21:22
1639387284327654000,300.0,1,300.0,42,300.5,20,2,2021-12-13 09:21:24
1639387290215436000,300.0,2,300.0,41,300.5,20,2,2021-12-13 09:21:30
1639387292135897000,300.0,1,300.0,40,300.5,21,2,2021-12-13 09:21:32
1639387292282578000,300.0,1,300.0,38,300.5,20,2,2021-12-13 09:21:32
1639387292384880000,300.5,4,300.0,34,300.5,16,1,2021-12-13 09:21:32
1639387293156013000,300.0,1,300.0,33,300.5,22,2,2021-12-13 09:21:33
1639387299214313000,300.0,5,300.0,27,300.5,23,2,2021-12-13 09:21:39
1639387299242409000,300.0,1,300.0,26,300.5,23,2,2021-12-13 09:21:39
1639387299523217000,300.5,1,300.0,27,300.5,22,1,2021-12-13 09:21:39
1639387302952160000,300.0,1,300.0,26,300.5,22,2,2021-12-13 09:21:42
1639387305583315000,300.5,24,300.0,27,301.0,7,1,2021-12-13 09:21:45
1639387305583315000,301.0,26,300.0,27,301.0,7,1,2021-12-13 09:21:45
1639387305615350000,301.0,3,300.0,27,301.0,4,1,2021-12-13 09:21:45
1639387305645359000,300.5,1,300.0,27,301.0,2,2,2021-12-13 09:21:45
1639387305645359000,301.0,2,300.0,27,301.0,2,1,2021-12-13 09:21:45
1639387305730733000,301.0,2,300.5,2,301.5,10,1,2021-12-13 09:21:45
1639387305916034000,300.5,1,300.5,1,301.5,10,2,2021-12-13 09:21:45
1639387306971374000,300.5,1,300.5,4,301.5,10,2,2021-12-13 09:21:46
1639387307616552000,301.5,10,300.5,6,302.0,21,1,2021-12-13 09:21:47
1639387309968756000,301.0,3,301.0,1,302.0,21,2,2021-12-13 09:21:49
1639387310911014000,302.0,21,301.0,5,302.0,1,1,2021-12-13 09:21:50
1639387310933111000,302.0,1,301.0,5,302.5,19,1,2021-12-13 09:21:50
1639387311461953000,301.0,1,301.0,5,302.5,19,2,2021-12-13 09:21:51
1639387311585729000,302.5,9,301.0,7,302.5,10,1,2021-12-13 09:21:51
1639387311772297000,302.5,1,301.5,1,302.5,9,1,2021-12-13 09:21:51
1639387311832459000,302.5,8,301.5,3,302.5,1,1,2021-12-13 09:21:51
1639387311865549000,302.5,1,301.5,3,303.0,46,1,2021-12-13 09:21:51
1639387312045416000,303.0,1,301.5,3,303.0,45,1,2021-12-13 09:21:52
1639387312067990000,303.0,3,301.5,3,303.0,42,1,2021-12-13 09:21:52
1639387313891462000,303.0,4,302.5,1,303.0,38,1,2021-12-13 09:21:53
1639387313927842000,303.0,27,302.5,1,303.0,11,1,2021-12-13 09:21:53
1639387313954734000,303.0,10,302.5,1,303.0,1,1,2021-12-13 09:21:53
1639387313958941000,303.0,1,302.5,1,303.5,7,1,2021-12-13 09:21:53
1639387315122728000,303.5,2,303.0,20,303.5,5,1,2021-12-13 09:21:55
1639387315151767000,303.5,2,303.0,20,304.0,9,1,2021-12-13 09:21:55
1639387315151842000,303.5,3,303.0,20,304.0,9,1,2021-12-13 09:21:55
1639387315825943000,304.0,2,303.5,2,304.0,7,1,2021-12-13 09:21:55
1639387315958485000,303.5,2,303.0,20,303.5,15,2,2021-12-13 09:21:55
1639387316172899000,303.5,1,303.0,20,303.5,14,1,2021-12-13 09:21:56
1639387316613945000,303.0,2,303.0,19,303.5,14,2,2021-12-13 09:21:56
1639387316774606000,303.5,5,303.0,19,303.5,9,1,2021-12-13 09:21:56
1639387318008406000,303.5,1,303.0,20,303.5,6,1,2021-12-13 09:21:58
1639387318324248000,303.5,1,303.0,20,303.5,7,1,2021-12-13 09:21:58
1639387318801828000,303.5,1,303.0,20,303.5,7,1,2021-12-13 09:21:58
1639387319277704000,303.0,1,303.0,19,303.5,8,2,2021-12-13 09:21:59
1639387319514917000,303.5,1,303.0,19,303.5,8,1,2021-12-13 09:21:59
1639387319707340000,303.5,1,303.0,20,303.5,7,1,2021-12-13 09:21:59
1639387319890760000,303.5,1,303.0,20,303.5,6,1,2021-12-13 09:21:59
1639387320373048000,303.0,1,303.0,19,303.5,6,2,2021-12-13 09:22:00
1639387320469434000,303.5,2,303.0,19,303.5,4,1,2021-12-13 09:22:00
1639387320597552000,303.5,2,303.0,19,303.5,2,1,2021-12-13 09:22:00
1639387320767553000,303.5,1,303.0,20,303.5,1,1,2021-12-13 09:22:00
1639387321484076000,303.5,1,303.0,20,303.5,2,1,2021-12-13 09:22:01
1639387321619067000,303.5,1,303.0,20,303.5,1,1,2021-12-13 09:22:01
1639387322221149000,303.5,1,303.0,21,304.0,3,1,2021-12-13 09:22:02
1639387322221149000,304.0,4,303.0,21,304.0,3,1,2021-12-13 09:22:02
1639387322421808000,304.0,1,303.0,24,304.0,3,1,2021-12-13 09:22:02
1639387322780974000,303.5,3,303.0,24,303.5,2,2,2021-12-13 09:22:02
1639387322908584000,303.5,1,303.0,24,303.5,1,1,2021-12-13 09:22:02
1639387323009512000,303.5,1,303.5,1,304.0,5,1,2021-12-13 09:22:03
1639387323491980000,303.5,2,303.5,3,304.0,3,2,2021-12-13 09:22:03
1639387323613093000,303.5,3,303.0,24,303.5,2,2,2021-12-13 09:22:03
1639387323900662000,303.0,2,303.0,22,303.5,2,2,2021-12-13 09:22:03
1639387323958869000,303.5,1,303.0,23,303.5,1,1,2021-12-13 09:22:03
1639387324640149000,303.5,1,303.0,23,303.5,1,1,2021-12-13 09:22:04
1639387324726899000,303.5,1,303.0,23,304.0,4,1,2021-12-13 09:22:04
1639387326993540000,303.5,1,303.0,26,303.5,2,1,2021-12-13 09:22:06
1639387327106276000,303.5,2,303.0,26,304.0,3,1,2021-12-13 09:22:07
1639387327106276000,304.0,1,303.0,26,304.0,3,1,2021-12-13 09:22:07
1639387327237631000,304.0,1,303.0,26,304.0,2,1,2021-12-13 09:22:07
1639387328478294000,304.0,3,303.5,5,305.0,18,1,2021-12-13 09:22:08
1639387328478294000,304.5,6,303.5,5,305.0,18,1,2021-12-13 09:22:08
1639387328478294000,305.0,1,303.5,5,305.0,18,1,2021-12-13 09:22:08
1639387328581602000,304.5,1,303.5,10,305.0,19,2,2021-12-13 09:22:08
1639387329237622000,304.5,1,304.5,4,305.0,19,2,2021-12-13 09:22:09
1639387329266253000,304.5,1,304.5,3,305.0,19,2,2021-12-13 09:22:09
1639387330193889000,304.5,1,304.5,3,305.0,20,2,2021-12-13 09:22:10
1639387330620525000,304.5,3,304.0,2,305.0,20,2,2021-12-13 09:22:10
1639387330791840000,304.0,1,304.0,1,305.0,20,2,2021-12-13 09:22:10
1639387330807198000,305.0,1,304.0,1,305.0,19,1,2021-12-13 09:22:10
1639387332361391000,304.5,1,304.0,1,304.5,9,2,2021-12-13 09:22:12
1639387332530726000,304.0,1,303.5,13,304.5,9,2,2021-12-13 09:22:12
1639387332985578000,304.5,1,304.0,1,304.5,8,1,2021-12-13 09:22:12
1639387333269964000,304.5,1,304.0,1,304.5,8,1,2021-12-13 09:22:13
1639387333528657000,304.5,1,304.0,1,304.5,7,1,2021-12-13 09:22:13
1639387333581083000,304.5,1,304.0,1,304.5,6,1,2021-12-13 09:22:13
1639387334474533000,304.5,1,304.0,2,304.5,8,1,2021-12-13 09:22:14
1639387335220437000,304.5,1,304.0,3,304.5,7,1,2021-12-13 09:22:15
1639387335622427000,304.5,1,304.0,3,304.5,7,1,2021-12-13 09:22:15
1639387336294883000,304.5,1,304.0,6,304.5,6,1,2021-12-13 09:22:16
1639387336333660000,304.5,1,304.0,6,304.5,5,1,2021-12-13 09:22:16
1639387336516401000,304.5,1,304.0,6,304.5,5,1,2021-12-13 09:22:16
1639387336783924000,304.5,1,304.0,6,304.5,4,1,2021-12-13 09:22:16
1639387337206214000,304.5,1,304.0,6,304.5,3,1,2021-12-13 09:22:17
1639387337236621000,304.5,1,304.0,6,304.5,2,1,2021-12-13 09:22:17
1639387337416999000,304.5,1,304.0,7,304.5,5,1,2021-12-13 09:22:17
1639387337829137000,304.0,2,304.0,5,304.5,6,2,2021-12-13 09:22:17
1639387338172219000,304.5,2,304.0,6,304.5,4,1,2021-12-13 09:22:18
1639387338835118000,304.5,1,304.0,6,304.5,3,1,2021-12-13 09:22:18
1639387339057063000,304.5,1,304.0,6,304.5,2,1,2021-12-13 09:22:19
1639387339103837000,304.5,1,304.0,6,304.5,1,1,2021-12-13 09:22:19
1639387339372011000,304.5,1,304.0,6,304.5,26,1,2021-12-13 09:22:19
1639387339775492000,304.5,1,304.0,8,304.5,25,1,2021-12-13 09:22:19
1639387339924634000,304.5,3,304.0,8,304.5,22,1,2021-12-13 09:22:19
1639387340552525000,304.5,1,304.0,9,304.5,22,1,2021-12-13 09:22:20
1639387340569309000,304.5,1,304.0,9,304.5,23,1,2021-12-13 09:22:20
1639387340611710000,304.5,1,304.0,9,304.5,22,1,2021-12-13 09:22:20
1639387340806327000,304.5,1,304.0,10,304.5,22,1,2021-12-13 09:22:20
1639387341015587000,304.0,1,304.0,10,304.5,22,2,2021-12-13 09:22:21
1639387341253160000,304.0,10,303.5,31,304.5,22,2,2021-12-13 09:22:21
1639387341833868000,304.0,1,303.5,31,304.0,2,1,2021-12-13 09:22:21
1639387342207130000,304.0,3,304.0,7,304.5,23,1,2021-12-13 09:22:22
1639387342237846000,304.0,1,304.0,6,304.5,23,2,2021-12-13 09:22:22
1639387342265934000,304.0,6,303.5,30,304.5,23,2,2021-12-13 09:22:22
1639387342475033000,304.5,1,303.5,30,304.5,22,1,2021-12-13 09:22:22
1639387343018323000,304.5,2,303.5,29,304.5,21,1,2021-12-13 09:22:23
1639387343329040000,304.5,1,304.0,1,304.5,20,1,2021-12-13 09:22:23
1639387343662862000,304.0,1,303.5,29,304.5,20,2,2021-12-13 09:22:23
1639387344282400000,304.0,1,303.5,29,304.5,21,1,2021-12-13 09:22:24
1639387344548045000,304.5,1,303.5,29,304.5,20,1,2021-12-13 09:22:24
1639387344953576000,304.0,1,303.5,29,304.0,1,2,2021-12-13 09:22:24
1639387345415512000,304.0,4,303.5,29,304.5,22,1,2021-12-13 09:22:25
1639387345476760000,304.5,1,303.5,29,304.5,21,1,2021-12-13 09:22:25
1639387346230844000,303.5,1,303.5,28,304.0,1,2,2021-12-13 09:22:26
1639387346997921000,304.0,1,303.5,28,304.0,1,1,2021-12-13 09:22:26
1639387347008551000,304.0,1,303.5,28,304.5,20,1,2021-12-13 09:22:27
1639387347636797000,304.0,1,303.5,29,304.5,20,1,2021-12-13 09:22:27
1639387347781558000,304.5,1,303.5,29,304.5,19,1,2021-12-13 09:22:27
1639387348558605000,304.5,10,304.0,1,304.5,9,1,2021-12-13 09:22:28
1639387348848504000,304.0,1,303.5,29,304.0,7,2,2021-12-13 09:22:28
1639387349062012000,304.0,7,304.0,1,304.5,11,1,2021-12-13 09:22:29
1639387349343403000,304.5,1,304.0,1,304.5,10,1,2021-12-13 09:22:29
1639387350064722000,304.0,1,304.0,1,304.5,11,2,2021-12-13 09:22:30
1639387350649800000,304.0,1,304.0,1,304.5,10,2,2021-12-13 09:22:30
1639387350960473000,304.0,1,303.5,29,304.5,11,2,2021-12-13 09:22:30
1639387350976035000,304.5,1,303.5,29,304.5,10,1,2021-12-13 09:22:30
1639387351142085000,304.5,1,303.5,29,304.5,10,1,2021-12-13 09:22:31
1639387351789761000,304.0,1,304.0,1,304.5,10,2,2021-12-13 09:22:31
1639387351830077000,304.5,10,304.0,1,305.0,45,1,2021-12-13 09:22:31
1639387351921921000,304.0,1,303.5,29,304.0,1,2,2021-12-13 09:22:31
1639387352152366000,304.0,2,303.5,29,304.5,1,1,2021-12-13 09:22:32
1639387352725192000,304.5,1,304.0,1,304.5,2,1,2021-12-13 09:22:32
1639387353259403000,304.5,2,304.5,8,305.0,49,1,2021-12-13 09:22:33
1639387353695756000,305.0,1,304.5,8,305.0,48,1,2021-12-13 09:22:33
1639387353755983000,304.5,1,304.5,7,305.0,48,2,2021-12-13 09:22:33
1639387353782219000,305.0,48,305.0,2,305.5,11,1,2021-12-13 09:22:33
1639387353791365000,305.0,2,304.5,2,305.5,11,2,2021-12-13 09:22:33
1639387353791365000,304.5,5,304.5,2,305.5,11,2,2021-12-13 09:22:33
1639387354151365000,304.5,2,304.0,5,305.5,11,2,2021-12-13 09:22:34
1639387354151365000,304.0,3,304.0,5,305.5,11,2,2021-12-13 09:22:34
1639387354739936000,304.5,4,304.5,2,305.5,11,1,2021-12-13 09:22:34
1639387355816155000,305.0,1,305.0,2,305.5,9,1,2021-12-13 09:22:35
1639387357157193000,305.5,1,305.0,2,305.5,9,1,2021-12-13 09:22:37
1639387357635109000,305.0,1,305.0,1,305.5,12,2,2021-12-13 09:22:37
1639387358083505000,305.5,1,305.0,1,305.5,11,1,2021-12-13 09:22:38
1639387359368549000,305.5,1,305.0,4,305.5,11,1,2021-12-13 09:22:39
1639387359430713000,305.5,1,305.0,4,305.5,10,1,2021-12-13 09:22:39
1639387359684079000,305.0,1,305.0,3,305.5,9,2,2021-12-13 09:22:39
1639387360778260000,305.5,5,305.0,4,305.5,3,1,2021-12-13 09:22:40
1639387360805135000,305.5,1,305.0,4,305.5,2,1,2021-12-13 09:22:40
1639387360930593000,305.0,1,305.0,3,305.5,4,2,2021-12-13 09:22:40
1639387361778568000,305.5,1,305.0,5,305.5,3,1,2021-12-13 09:22:41
1639387361891544000,305.0,1,305.0,4,305.5,3,2,2021-12-13 09:22:41
1639387362130444000,305.5,1,305.0,4,305.5,3,1,2021-12-13 09:22:42
1639387362265594000,305.5,1,305.0,5,305.5,2,1,2021-12-13 09:22:42
1639387362326497000,305.5,1,305.0,6,305.5,1,1,2021-12-13 09:22:42
1639387362473494000,305.5,1,305.0,7,306.0,20,1,2021-12-13 09:22:42
1639387362512774000,306.0,1,305.5,1,306.0,19,1,2021-12-13 09:22:42
1639387363312417000,306.0,5,305.5,5,306.0,12,1,2021-12-13 09:22:43
1639387364094861000,306.0,12,305.5,5,306.5,8,1,2021-12-13 09:22:44
1639387364094861000,306.5,8,305.5,5,306.5,8,1,2021-12-13 09:22:44
1639387364484556000,306.5,2,305.5,6,306.5,6,1,2021-12-13 09:22:44
1639387364509386000,305.5,1,305.5,5,306.5,6,2,2021-12-13 09:22:44
1639387365069165000,305.5,1,305.5,6,306.5,9,2,2021-12-13 09:22:45
1639387365185829000,306.0,1,306.0,2,306.5,9,1,2021-12-13 09:22:45
1639387365192939000,306.5,1,306.0,2,306.5,8,1,2021-12-13 09:22:45
1639387365511216000,306.5,1,306.0,2,306.5,7,1,2021-12-13 09:22:45
1639387365792436000,306.5,1,306.0,4,306.5,5,1,2021-12-13 09:22:45
1639387366212890000,306.0,1,306.0,4,306.5,5,2,2021-12-13 09:22:46
1639387367316909000,306.5,1,306.0,4,306.5,5,1,2021-12-13 09:22:47
1639387367408905000,306.5,5,306.0,4,307.0,13,1,2021-12-13 09:22:47
1639387368249074000,306.5,1,306.0,4,306.5,1,2,2021-12-13 09:22:48
1639387368304120000,306.0,2,306.0,2,306.5,1,2,2021-12-13 09:22:48
1639387368407301000,306.5,1,306.0,3,307.0,13,1,2021-12-13 09:22:48
1639387368658046000,307.0,1,306.0,5,307.0,11,1,2021-12-13 09:22:48
1639387368658564000,307.0,1,306.0,5,307.0,11,1,2021-12-13 09:22:48
1639387369935695000,306.0,1,306.0,8,306.5,2,2,2021-12-13 09:22:49
1639387370406797000,306.5,2,306.0,10,306.5,2,1,2021-12-13 09:22:50
1639387370486727000,306.5,1,306.0,11,306.5,1,1,2021-12-13 09:22:50
1639387371222080000,306.0,1,306.0,12,306.5,2,2,2021-12-13 09:22:51
1639387371363654000,306.0,1,306.0,11,306.5,2,2,2021-12-13 09:22:51
1639387371874853000,306.5,1,306.0,17,306.5,3,1,2021-12-13 09:22:51
1639387372074951000,306.5,3,306.0,18,307.0,10,1,2021-12-13 09:22:52
1639387372733501000,307.0,1,306.5,2,307.0,12,1,2021-12-13 09:22:52
1639387372906462000,307.0,1,306.5,3,307.0,12,1,2021-12-13 09:22:52
1639387373481772000,306.5,2,306.5,1,307.0,12,2,2021-12-13 09:22:53
1639387373524918000,306.5,1,306.0,21,307.0,12,2,2021-12-13 09:22:53
1639387373889559000,307.0,1,306.5,1,307.0,11,1,2021-12-13 09:22:53
1639387374313414000,306.5,1,306.0,25,307.0,12,2,2021-12-13 09:22:54
1639387374608898000,306.0,1,306.0,24,307.0,17,2,2021-12-13 09:22:54
1639387374828164000,306.5,1,306.0,24,307.0,17,1,2021-12-13 09:22:54
1639387375124193000,306.0,1,306.0,24,307.0,17,2,2021-12-13 09:22:55
1639387375467270000,306.5,1,306.0,24,306.5,1,1,2021-12-13 09:22:55
1639387375658552000,306.5,1,306.0,24,306.5,3,1,2021-12-13 09:22:55
1639387375854025000,306.5,3,306.0,24,307.0,12,1,2021-12-13 09:22:55
1639387375854025000,307.0,7,306.0,24,307.0,12,1,2021-12-13 09:22:55
1639387375966687000,306.5,1,306.0,24,306.5,2,2,2021-12-13 09:22:55
1639387376020470000,306.5,1,306.0,24,306.5,1,1,2021-12-13 09:22:56
1639387376324007000,306.5,1,306.0,25,307.0,11,1,2021-12-13 09:22:56
1639387376432641000,306.5,1,306.0,25,307.0,9,1,2021-12-13 09:22:56
1639387376685333000,306.5,1,306.5,16,307.0,10,2,2021-12-13 09:22:56
1639387376767727000,306.5,1,306.5,15,307.0,10,2,2021-12-13 09:22:56
1639387377307821000,306.5,1,306.5,15,307.0,10,2,2021-12-13 09:22:57
1639387377340039000,306.5,1,306.5,14,307.0,10,2,2021-12-13 09:22:57
1639387377452710000,306.5,1,306.5,13,307.0,12,2,2021-12-13 09:22:57
1639387378103627000,307.0,1,306.5,16,307.0,12,1,2021-12-13 09:22:58
1639387378839633000,307.0,1,306.5,19,307.0,11,1,2021-12-13 09:22:58
1639387378909456000,306.5,1,306.5,18,307.0,11,2,2021-12-13 09:22:58
1639387379572244000,307.0,1,306.5,20,307.0,10,1,2021-12-13 09:22:59
1639387380509663000,306.5,5,306.5,17,307.0,10,2,2021-12-13 09:23:00
1639387380514760000,307.0,10,306.5,17,308.0,40,1,2021-12-13 09:23:00
1639387380514760000,307.5,12,306.5,17,308.0,40,1,2021-12-13 09:23:00
1639387380514760000,308.0,4,306.5,17,308.0,40,1,2021-12-13 09:23:00
1639387380553541000,307.0,1,306.5,17,308.0,40,2,2021-12-13 09:23:00
1639387380557016000,308.0,1,307.0,4,308.0,39,1,2021-12-13 09:23:00
1639387381880451000,307.0,1,307.0,9,308.0,39,2,2021-12-13 09:23:01
1639387382104987000,307.0,1,307.0,9,308.0,39,2,2021-12-13 09:23:02
1639387382203156000,307.0,1,307.0,8,307.5,10,2,2021-12-13 09:23:02
1639387382349357000,307.5,1,307.0,8,307.5,9,1,2021-12-13 09:23:02
1639387383063401000,307.0,1,307.0,7,307.5,9,2,2021-12-13 09:23:03
1639387383272364000,307.5,1,307.0,8,307.5,8,1,2021-12-13 09:23:03
1639387384039640000,307.0,8,306.5,23,307.5,13,2,2021-12-13 09:23:04
1639387384703110000,307.5,1,306.5,23,307.5,15,1,2021-12-13 09:23:04
1639387384933641000,307.5,1,307.0,1,307.5,12,1,2021-12-13 09:23:04
1639387385014082000,307.5,1,307.0,1,307.5,11,1,2021-12-13 09:23:05
1639387385187010000,307.5,5,307.0,2,307.5,13,1,2021-12-13 09:23:05
1639387385341799000,307.5,1,307.0,5,307.5,13,1,2021-12-13 09:23:05
1639387385424161000,307.0,1,307.0,4,307.5,13,2,2021-12-13 09:23:05
1639387386102230000,307.5,5,307.0,4,307.5,8,1,2021-12-13 09:23:06
1639387386855681000,307.5,1,307.0,7,307.5,7,1,2021-12-13 09:23:06
1639387387515762000,307.5,2,307.0,9,307.5,5,1,2021-12-13 09:23:07
1639387387549984000,307.5,2,307.0,9,307.5,3,1,2021-12-13 09:23:07
1639387387871000000,307.5,1,307.0,10,307.5,4,1,2021-12-13 09:23:07
1639387388222362000,307.5,1,307.0,10,307.5,3,1,2021-12-13 09:23:08
1639387388793611000,307.5,1,307.0,10,307.5,2,1,2021-12-13 09:23:08
1639387388812915000,307.5,1,307.0,10,307.5,1,1,2021-12-13 09:23:08
1639387388857232000,307.5,1,307.0,11,308.0,51,1,2021-12-13 09:23:08
1639387389769878000,307.5,2,307.5,3,308.0,54,2,2021-12-13 09:23:09
1639387389876751000,307.5,1,307.5,4,308.0,53,2,2021-12-13 09:23:09
1639387390441752000,308.0,5,307.5,6,308.0,49,1,2021-12-13 09:23:10
1639387390879593000,308.0,1,307.5,6,308.0,49,1,2021-12-13 09:23:10
1639387390907134000,307.5,2,307.5,4,308.0,49,2,2021-12-13 09:23:10
1639387390997037000,308.0,10,307.5,5,308.0,39,1,2021-12-13 09:23:10
1639387391220293000,308.0,1,307.5,5,308.0,39,1,2021-12-13 09:23:11
1639387391256507000,308.0,5,307.5,5,308.0,35,1,2021-12-13 09:23:11
1639387391572623000,307.5,1,307.5,5,308.0,34,2,2021-12-13 09:23:11
1639387391769687000,307.5,5,307.0,31,308.0,34,2,2021-12-13 09:23:11
1639387391893380000,308.0,2,307.0,31,308.0,32,1,2021-12-13 09:23:11
1639387392857809000,308.0,1,307.5,10,308.0,30,1,2021-12-13 09:23:12
1639387392993258000,308.0,1,307.5,10,308.0,29,1,2021-12-13 09:23:12
1639387393034643000,307.5,2,307.5,8,308.0,29,2,2021-12-13 09:23:13
1639387393101228000,307.5,3,307.5,5,308.0,29,2,2021-12-13 09:23:13
1639387393176083000,307.5,5,307.0,32,308.0,30,2,2021-12-13 09:23:13
1639387393228779000,307.5,1,307.0,32,307.5,1,2,2021-12-13 09:23:13
1639387393625082000,307.5,1,307.0,32,308.0,30,1,2021-12-13 09:23:13
1639387394647928000,308.0,1,307.5,1,308.0,30,1,2021-12-13 09:23:14
1639387394786666000,307.5,1,307.0,34,308.0,30,2,2021-12-13 09:23:14
1639387394879132000,307.5,1,307.0,35,307.5,1,1,2021-12-13 09:23:14
1639387394900288000,307.5,1,307.0,36,308.0,29,1,2021-12-13 09:23:14
1639387395055764000,307.5,1,307.5,2,308.0,32,2,2021-12-13 09:23:15
1639387395330150000,308.0,2,307.5,3,308.0,30,1,2021-12-13 09:23:15
1639387395834126000,307.5,1,307.5,4,308.0,30,2,2021-12-13 09:23:15
1639387395889441000,307.5,4,307.0,36,308.0,32,2,2021-12-13 09:23:15
1639387396267007000,307.5,1,307.0,36,307.5,1,1,2021-12-13 09:23:16
1639387396711003000,307.5,1,307.0,36,308.0,31,2,2021-12-13 09:23:16
1639387397323359000,307.5,1,307.5,6,308.0,34,2,2021-12-13 09:23:17
1639387397356754000,307.5,6,307.0,37,308.0,34,2,2021-12-13 09:23:17
1639387398367561000,307.0,3,307.0,36,307.5,6,2,2021-12-13 09:23:18
1639387398509198000,307.0,8,307.0,28,307.5,5,2,2021-12-13 09:23:18
1639387398534810000,307.0,28,306.5,25,307.5,5,2,2021-12-13 09:23:18
1639387398793699000,307.0,1,306.5,25,307.5,6,1,2021-12-13 09:23:18
1639387398950390000,307.5,1,306.5,25,307.5,5,1,2021-12-13 09:23:18
1639387399035350000,307.0,1,306.5,25,307.5,5,2,2021-12-13 09:23:19
1639387399598666000,306.5,1,306.5,25,307.5,12,2,2021-12-13 09:23:19
1639387399616099000,306.5,1,306.5,24,307.5,12,2,2021-12-13 09:23:19
1639387399692960000,307.5,1,306.5,24,307.5,12,1,2021-12-13 09:23:19
1639387400083580000,307.0,1,306.5,24,307.5,14,2,2021-12-13 09:23:20
1639387400422906000,307.5,1,306.5,24,307.5,14,1,2021-12-13 09:23:20
1639387400504596000,307.5,1,307.0,1,307.5,13,1,2021-12-13 09:23:20
1639387400535817000,307.0,1,306.5,23,307.5,13,2,2021-12-13 09:23:20
1639387401023576000,307.0,1,306.5,23,307.5,14,1,2021-12-13 09:23:21
1639387402163472000,306.5,1,306.5,22,307.5,14,2,2021-12-13 09:23:22
1639387402438946000,307.0,1,306.5,22,307.0,1,1,2021-12-13 09:23:22
1639387402671283000,307.0,1,306.5,22,307.5,16,1,2021-12-13 09:23:22
1639387402872240000,307.5,1,306.5,22,307.5,15,1,2021-12-13 09:23:22
1639387403564107000,307.0,1,307.0,1,307.5,34,2,2021-12-13 09:23:23
1639387404149150000,307.0,2,306.5,22,307.0,18,2,2021-12-13 09:23:24
1639387404255127000,307.0,1,306.5,22,307.0,17,1,2021-12-13 09:23:24
1639387404286728000,307.0,5,306.5,22,307.0,12,1,2021-12-13 09:23:24
1639387404320938000,307.0,1,306.5,22,307.0,11,1,2021-12-13 09:23:24
1639387404333551000,306.5,1,306.5,21,307.0,11,2,2021-12-13 09:23:24
1639387404579430000,307.0,1,306.5,21,307.0,10,1,2021-12-13 09:23:24
1639387404826728000,306.5,1,306.5,20,307.0,10,2,2021-12-13 09:23:24
1639387404853720000,306.5,1,306.5,19,307.0,10,2,2021-12-13 09:23:24
1639387404878228000,307.0,5,306.5,19,307.0,5,1,2021-12-13 09:23:24
1639387405356237000,307.0,1,306.5,20,307.0,7,1,2021-12-13 09:23:25
1639387405513714000,307.0,1,306.5,20,307.0,6,1,2021-12-13 09:23:25
1639387405774955000,307.0,1,306.5,20,307.0,5,1,2021-12-13 09:23:25
1639387406249262000,307.0,5,306.5,20,307.0,1,1,2021-12-13 09:23:26
1639387406749768000,307.0,3,306.5,20,307.5,31,1,2021-12-13 09:23:26
1639387407571122000,307.0,2,306.5,19,307.5,31,2,2021-12-13 09:23:27
1639387408729307000,307.0,2,307.0,1,307.5,33,2,2021-12-13 09:23:28
1639387408760975000,307.0,1,306.5,21,307.5,33,2,2021-12-13 09:23:28
1639387409324988000,307.0,1,306.5,22,307.5,34,1,2021-12-13 09:23:29
1639387411709416000,307.0,1,306.5,23,307.0,3,1,2021-12-13 09:23:31
1639387413613257000,306.5,3,306.5,20,307.0,12,2,2021-12-13 09:23:33
1639387413645858000,306.5,10,306.5,10,307.0,13,2,2021-12-13 09:23:33
1639387413676063000,306.5,3,306.0,39,307.0,13,2,2021-12-13 09:23:33
1639387413676318000,306.5,7,306.0,39,307.0,13,2,2021-12-13 09:23:33
1639387413783194000,306.0,1,306.0,38,306.5,3,2,2021-12-13 09:23:33
1639387414523821000,306.5,1,306.0,38,307.0,14,1,2021-12-13 09:23:34
1639387414668690000,306.5,1,306.0,38,307.0,16,1,2021-12-13 09:23:34
1639387414672420000,306.0,5,306.0,33,307.0,16,2,2021-12-13 09:23:34
1639387414702299000,306.0,3,306.0,30,307.0,17,2,2021-12-13 09:23:34
1639387414737484000,307.0,5,306.0,30,307.0,12,1,2021-12-13 09:23:34
1639387414959602000,306.5,1,306.0,30,306.5,4,2,2021-12-13 09:23:34
1639387415327747000,306.5,1,306.0,30,306.5,3,1,2021-12-13 09:23:35
1639387416235606000,306.0,2,306.0,28,306.5,10,2,2021-12-13 09:23:36
1639387416278009000,306.0,1,306.0,27,306.5,10,2,2021-12-13 09:23:36
1639387416936962000,306.5,1,306.0,27,306.5,9,1,2021-12-13 09:23:36
1639387417110770000,306.5,1,306.0,27,306.5,8,1,2021-12-13 09:23:37
1639387417210995000,306.5,1,306.0,27,306.5,7,1,2021-12-13 09:23:37
1639387417376963000,306.5,1,306.0,26,306.5,6,1,2021-12-13 09:23:37
1639387417377070000,306.5,1,306.0,26,306.5,5,1,2021-12-13 09:23:37
1639387417716727000,306.5,1,306.0,27,306.5,4,1,2021-12-13 09:23:37
1639387418024841000,306.5,3,306.0,27,306.5,2,1,2021-12-13 09:23:38
1639387418352675000,306.0,1,306.0,26,306.5,2,2,2021-12-13 09:23:38
1639387418532662000,306.0,1,306.0,25,306.5,2,2,2021-12-13 09:23:38
1639387418772391000,306.5,1,306.0,25,306.5,2,1,2021-12-13 09:23:38
1639387419946792000,306.0,1,306.0,24,306.5,8,2,2021-12-13 09:23:39
1639387421421894000,306.5,1,306.0,24,306.5,14,1,2021-12-13 09:23:41
1639387422026628000,306.0,1,306.0,23,306.5,16,2,2021-12-13 09:23:42
1639387422034183000,306.0,1,306.0,22,306.5,16,2,2021-12-13 09:23:42
1639387422063621000,306.0,22,305.5,18,306.5,16,2,2021-12-13 09:23:42
1639387422435412000,306.0,1,305.5,18,306.5,16,1,2021-12-13 09:23:42
1639387422435412000,306.5,1,305.5,18,306.5,16,1,2021-12-13 09:23:42
1639387424364867000,305.5,1,305.5,17,306.0,6,2,2021-12-13 09:23:44
1639387424440848000,305.5,1,305.5,16,306.0,6,2,2021-12-13 09:23:44
1639387424442950000,305.5,1,305.5,15,306.0,6,2,2021-12-13 09:23:44
1639387424470176000,305.5,14,305.5,1,306.0,6,2,2021-12-13 09:23:44
1639387424501640000,305.5,1,305.0,15,306.0,6,2,2021-12-13 09:23:44
1639387424655088000,305.5,1,305.0,15,306.0,8,2,2021-12-13 09:23:44
1639387425476295000,306.0,1,305.5,10,306.0,9,1,2021-12-13 09:23:45
1639387426914588000,305.5,1,305.5,10,306.0,10,2,2021-12-13 09:23:46
1639387427002119000,306.0,2,305.5,10,306.0,8,1,2021-12-13 09:23:47
1639387427628411000,305.5,1,305.5,9,306.0,8,2,2021-12-13 09:23:47
1639387427975654000,305.5,1,305.5,8,306.0,9,2,2021-12-13 09:23:47
1639387428912992000,305.5,1,305.5,7,306.0,11,2,2021-12-13 09:23:48
1639387429367280000,305.5,1,305.5,6,306.0,12,2,2021-12-13 09:23:49
1639387429388479000,306.0,2,305.5,6,306.0,10,1,2021-12-13 09:23:49
1639387429712542000,305.5,1,305.5,5,306.0,12,2,2021-12-13 09:23:49
1639387430865686000,305.5,1,305.5,5,306.0,14,2,2021-12-13 09:23:50
1639387431831776000,305.5,1,305.5,5,306.0,16,2,2021-12-13 09:23:51
1639387432306739000,305.5,2,305.5,4,306.0,15,2,2021-12-13 09:23:52
1639387432884812000,305.5,1,305.5,3,306.0,20,2,2021-12-13 09:23:52
1639387433590786000,305.5,1,305.5,2,306.0,15,2,2021-12-13 09:23:53
1639387434032958000,305.5,2,305.0,16,306.0,17,2,2021-12-13 09:23:54
1639387435113156000,305.5,1,305.5,3,306.0,18,2,2021-12-13 09:23:55
1639387435152216000,305.5,1,305.5,2,306.0,18,2,2021-12-13 09:23:55
1639387435636027000,305.5,1,305.5,1,306.0,18,2,2021-12-13 09:23:55
1639387435679976000,305.5,1,305.0,17,306.0,18,2,2021-12-13 09:23:55
1639387435900583000,306.0,1,305.0,18,306.0,17,1,2021-12-13 09:23:55
1639387436570959000,305.0,1,305.0,17,305.5,2,2,2021-12-13 09:23:56
1639387436753561000,305.5,1,305.0,17,305.5,1,1,2021-12-13 09:23:56
1639387437621679000,305.5,1,305.0,16,305.5,3,1,2021-12-13 09:23:57
1639387437693325000,305.5,1,305.0,16,305.5,2,1,2021-12-13 09:23:57
1639387438553058000,305.0,1,305.0,14,305.5,3,2,2021-12-13 09:23:58
1639387439910191000,305.5,1,305.0,15,305.5,3,1,2021-12-13 09:23:59
1639387440017545000,305.0,1,305.0,14,305.5,3,2,2021-12-13 09:24:00
1639387440328259000,305.0,2,305.0,12,305.5,3,2,2021-12-13 09:24:00
1639387441103521000,305.5,1,305.0,13,305.5,2,1,2021-12-13 09:24:01
1639387441287745000,305.5,1,305.0,13,305.5,1,1,2021-12-13 09:24:01
1639387441788109000,305.5,1,305.0,13,306.0,18,1,2021-12-13 09:24:01
1639387442268204000,305.5,1,305.0,15,306.0,18,1,2021-12-13 09:24:02
1639387443421086000,305.5,1,305.5,1,306.0,19,2,2021-12-13 09:24:03
1639387443460815000,305.5,1,305.0,16,306.0,19,2,2021-12-13 09:24:03
1639387444337159000,305.5,1,305.0,15,306.0,19,1,2021-12-13 09:24:04
1639387444377496000,305.5,1,305.0,15,306.0,18,1,2021-12-13 09:24:04
1639387444494930000,305.5,1,305.0,15,306.0,18,1,2021-12-13 09:24:04
1639387444937138000,305.5,1,305.5,1,306.0,18,2,2021-12-13 09:24:04
1639387445514356000,305.5,1,305.0,15,305.5,1,2,2021-12-13 09:24:05
1639387445552537000,305.5,1,305.0,15,306.0,18,1,2021-12-13 09:24:05
1639387446199864000,305.5,1,305.0,15,306.0,18,1,2021-12-13 09:24:06
1639387446554906000,305.0,1,305.0,14,306.0,18,2,2021-12-13 09:24:06
1639387449542506000,305.5,1,305.5,3,306.0,18,1,2021-12-13 09:24:09
1639387450801136000,305.5,1,305.5,5,306.0,17,2,2021-12-13 09:24:10
1639387450999738000,305.5,1,305.5,4,306.0,17,2,2021-12-13 09:24:10
1639387453798249000,306.0,1,305.5,7,306.0,18,1,2021-12-13 09:24:13
1639387454965126000,305.5,1,305.5,7,306.0,19,2,2021-12-13 09:24:14
1639387454965349000,305.5,1,305.5,7,306.0,19,2,2021-12-13 09:24:14
1639387455324061000,305.5,5,305.5,4,306.0,19,2,2021-12-13 09:24:15
1639387456444700000,306.0,1,305.5,4,306.0,19,1,2021-12-13 09:24:16
1639387456579569000,305.5,1,305.5,3,306.0,19,2,2021-12-13 09:24:16
1639387459230612000,306.0,1,305.5,6,306.0,19,1,2021-12-13 09:24:19
1639387459382494000,305.5,1,305.5,7,306.0,19,2,2021-12-13 09:24:19
1639387459886160000,305.5,1,305.5,6,306.0,19,2,2021-12-13 09:24:19
1639387461191900000,306.0,1,305.5,6,306.0,19,1,2021-12-13 09:24:21
1639387461382236000,305.5,5,305.5,1,306.0,19,2,2021-12-13 09:24:21
1639387461750288000,305.5,1,305.0,41,306.0,19,2,2021-12-13 09:24:21
1639387462275197000,305.0,1,305.0,40,306.0,20,2,2021-12-13 09:24:22
1639387463825253000,305.5,2,305.5,2,306.0,21,1,2021-12-13 09:24:23
1639387464054106000,305.5,1,305.5,1,306.0,21,2,2021-12-13 09:24:24
1639387464302097000,305.5,1,305.0,39,306.0,23,2,2021-12-13 09:24:24
1639387464668415000,305.0,1,305.0,38,305.5,1,2,2021-12-13 09:24:24
1639387469727204000,305.5,1,305.0,47,305.5,4,1,2021-12-13 09:24:29
1639387469835918000,305.5,4,305.0,47,306.0,19,1,2021-12-13 09:24:29
1639387469835918000,306.0,6,305.0,47,306.0,19,1,2021-12-13 09:24:29
1639387471364146000,305.5,1,305.0,46,305.5,2,2,2021-12-13 09:24:31
1639387471396590000,305.5,2,305.0,46,306.0,18,1,2021-12-13 09:24:31
1639387471555907000,305.0,1,305.0,45,306.0,18,2,2021-12-13 09:24:31
1639387472228034000,305.5,1,305.5,3,306.0,18,1,2021-12-13 09:24:32
1639387472767802000,306.0,1,305.5,4,306.0,17,1,2021-12-13 09:24:32
1639387472865194000,306.0,17,306.0,3,306.5,14,1,2021-12-13 09:24:32
1639387473360481000,306.0,1,306.0,7,306.5,13,2,2021-12-13 09:24:33
1639387474442801000,306.5,12,306.5,18,307.0,18,1,2021-12-13 09:24:34
1639387474474362000,307.0,12,306.5,18,307.0,6,1,2021-12-13 09:24:34
1639387474506190000,307.0,6,306.5,18,307.5,15,1,2021-12-13 09:24:34
1639387474516317000,307.5,1,306.5,18,307.5,14,1,2021-12-13 09:24:34
1639387475410904000,307.5,1,306.5,18,307.5,11,1,2021-12-13 09:24:35
1639387475479086000,307.0,1,307.0,1,307.5,11,2,2021-12-13 09:24:35
1639387475904359000,307.5,1,307.0,1,307.5,9,1,2021-12-13 09:24:35
1639387476976610000,307.5,1,307.0,1,307.5,8,1,2021-12-13 09:24:36
1639387477723877000,307.5,2,307.0,1,307.5,6,1,2021-12-13 09:24:37
1639387479631894000,307.5,1,306.0,7,307.5,4,1,2021-12-13 09:24:39
1639387481567408000,307.5,1,307.0,1,307.5,3,1,2021-12-13 09:24:41
1639387481685869000,307.5,3,307.0,1,308.0,39,1,2021-12-13 09:24:41
1639387481685869000,308.0,17,307.0,1,308.0,39,1,2021-12-13 09:24:41
1639387482673353000,307.5,1,307.0,1,307.5,1,2,2021-12-13 09:24:42
1639387482924310000,307.5,1,307.0,1,307.5,2,1,2021-12-13 09:24:42
1639387483334998000,307.5,1,307.0,1,307.5,1,1,2021-12-13 09:24:43
1639387483780959000,307.5,1,307.5,1,308.0,36,1,2021-12-13 09:24:43
1639387484004787000,307.5,1,307.0,1,308.0,35,2,2021-12-13 09:24:44
1639387485300884000,307.5,2,307.5,1,308.0,35,2,2021-12-13 09:24:45
1639387485617804000,308.0,20,307.5,5,308.0,15,1,2021-12-13 09:24:45
1639387486293799000,308.0,6,307.5,7,308.0,9,1,2021-12-13 09:24:46
1639387486333743000,308.0,3,307.5,7,308.0,6,1,2021-12-13 09:24:46
1639387486367840000,308.0,3,307.5,7,308.0,3,1,2021-12-13 09:24:46
1639387486440693000,307.5,2,307.5,5,308.0,3,2,2021-12-13 09:24:46
1639387487010584000,308.0,3,307.5,6,308.0,1,1,2021-12-13 09:24:47
1639387487035751000,308.0,1,307.5,6,308.5,9,1,2021-12-13 09:24:47
1639387487045223000,307.5,1,307.5,5,308.5,9,2,2021-12-13 09:24:47
1639387487235950000,308.0,1,307.5,5,308.5,9,1,2021-12-13 09:24:47
1639387488194278000,308.0,2,308.0,7,308.5,9,2,2021-12-13 09:24:48
1639387488423866000,308.0,1,308.0,6,308.5,9,2,2021-12-13 09:24:48
1639387488575496000,308.5,9,309.0,7,309.5,13,1,2021-12-13 09:24:48
1639387488575496000,309.0,34,309.0,7,309.5,13,1,2021-12-13 09:24:48
1639387488606546000,309.5,1,309.0,14,309.5,12,1,2021-12-13 09:24:48
1639387488609282000,309.5,5,309.0,15,309.5,7,1,2021-12-13 09:24:48
1639387488632314000,309.5,4,309.0,17,309.5,3,1,2021-12-13 09:24:48
1639387488638732000,309.5,1,309.0,17,309.5,2,1,2021-12-13 09:24:48
1639387488640937000,309.5,2,309.0,18,310.0,40,1,2021-12-13 09:24:48
1639387489005005000,309.5,1,309.0,19,310.0,40,2,2021-12-13 09:24:49
1639387489258966000,310.0,1,309.0,19,310.0,40,1,2021-12-13 09:24:49
1639387489427641000,310.0,1,309.5,14,310.0,39,1,2021-12-13 09:24:49
1639387489554722000,309.5,1,309.5,13,310.0,39,2,2021-12-13 09:24:49
1639387489571939000,310.0,2,309.5,13,310.0,37,1,2021-12-13 09:24:49
1639387489640262000,310.0,2,309.5,13,310.0,35,1,2021-12-13 09:24:49
1639387490304607000,310.0,1,309.5,13,310.0,34,1,2021-12-13 09:24:50
1639387490318355000,310.0,1,309.5,13,310.0,33,1,2021-12-13 09:24:50
1639387490464023000,310.0,1,309.5,13,310.0,32,1,2021-12-13 09:24:50
1639387490833005000,310.0,1,309.5,13,310.0,31,1,2021-12-13 09:24:50
1639387491007841000,310.0,1,309.5,13,310.0,30,1,2021-12-13 09:24:51
1639387491434714000,310.0,1,309.5,13,310.0,29,1,2021-12-13 09:24:51
1639387491482910000,310.0,2,309.5,13,310.0,27,1,2021-12-13 09:24:51
1639387491995350000,310.0,1,309.5,13,310.0,26,1,2021-12-13 09:24:51
1639387492402636000,310.0,1,309.5,13,310.0,26,1,2021-12-13 09:24:52
1639387492483782000,310.0,16,309.5,13,310.0,10,1,2021-12-13 09:24:52
1639387492525888000,310.0,8,309.5,13,310.0,3,1,2021-12-13 09:24:52
1639387492559180000,310.0,2,310.0,1,310.5,3,1,2021-12-13 09:24:52
1639387492700866000,310.5,1,310.0,2,310.5,2,1,2021-12-13 09:24:52
1639387492873779000,310.5,1,310.0,7,310.5,1,1,2021-12-13 09:24:52
1639387492941332000,310.5,1,310.0,7,311.5,3,1,2021-12-13 09:24:52
1639387492941332000,311.0,2,310.0,7,311.5,3,1,2021-12-13 09:24:52
1639387492941332000,311.5,2,310.0,7,311.5,3,1,2021-12-13 09:24:52
1639387493360010000,311.5,1,311.0,5,311.5,2,1,2021-12-13 09:24:53
1639387493748262000,311.5,2,311.0,5,312.0,140,1,2021-12-13 09:24:53
1639387494009032000,311.0,1,311.0,6,312.0,140,2,2021-12-13 09:24:54
1639387494172517000,312.0,3,311.0,6,312.0,137,1,2021-12-13 09:24:54
1639387494184155000,311.0,1,311.0,5,312.0,137,2,2021-12-13 09:24:54
1639387494483856000,311.0,1,311.0,6,311.5,8,2,2021-12-13 09:24:54
1639387494505770000,311.5,1,311.0,6,311.5,7,1,2021-12-13 09:24:54
1639387494744738000,311.5,1,311.0,6,311.5,6,1,2021-12-13 09:24:54
1639387494775594000,311.5,1,311.0,6,311.5,5,1,2021-12-13 09:24:54
1639387494892264000,311.5,1,311.0,6,311.5,4,1,2021-12-13 09:24:54
1639387495920153000,311.5,1,311.0,10,311.5,6,1,2021-12-13 09:24:55
1639387496212093000,311.0,1,311.0,9,311.5,7,2,2021-12-13 09:24:56
1639387496238181000,311.0,3,310.5,1,311.5,8,2,2021-12-13 09:24:56
1639387496238495000,311.0,6,310.5,1,311.5,8,2,2021-12-13 09:24:56
1639387496252800000,311.5,1,310.5,1,311.5,7,1,2021-12-13 09:24:56
1639387496285181000,311.5,1,310.5,1,311.5,7,1,2021-12-13 09:24:56
1639387496331841000,311.5,1,310.5,1,311.5,7,1,2021-12-13 09:24:56
1639387496455835000,311.5,2,311.0,1,311.5,5,1,2021-12-13 09:24:56
1639387496762977000,311.0,1,311.0,1,311.5,5,2,2021-12-13 09:24:56
1639387496903080000,311.5,1,311.0,1,311.5,4,1,2021-12-13 09:24:56
1639387496976828000,311.5,1,311.0,1,311.5,3,1,2021-12-13 09:24:56
1639387497380399000,311.5,1,311.0,1,311.5,2,1,2021-12-13 09:24:57
1639387497499674000,311.5,1,311.0,1,311.5,6,1,2021-12-13 09:24:57
1639387497579599000,311.5,1,311.0,1,311.5,5,1,2021-12-13 09:24:57
1639387497592093000,311.0,1,310.5,5,311.5,5,2,2021-12-13 09:24:57
1639387497726181000,311.5,1,311.0,1,311.5,4,1,2021-12-13 09:24:57
1639387497755467000,311.5,1,311.0,1,311.5,3,1,2021-12-13 09:24:57
1639387497767275000,311.5,1,311.0,1,311.5,2,1,2021-12-13 09:24:57
1639387497853138000,311.0,1,311.0,1,311.5,2,2,2021-12-13 09:24:57
1639387497908014000,311.5,1,311.0,1,311.5,1,1,2021-12-13 09:24:57
1639387498188547000,311.5,2,311.0,3,311.5,1,1,2021-12-13 09:24:58
1639387498288272000,311.5,1,311.5,9,312.0,138,1,2021-12-13 09:24:58
1639387498327008000,312.0,1,311.5,9,312.0,137,1,2021-12-13 09:24:58
1639387498343255000,311.5,3,311.5,6,312.0,137,2,2021-12-13 09:24:58
1639387498374515000,311.5,6,311.0,3,312.0,137,2,2021-12-13 09:24:58
1639387498427938000,311.5,2,311.5,7,312.0,137,2,2021-12-13 09:24:58
1639387498614757000,312.0,1,311.5,7,312.0,136,1,2021-12-13 09:24:58
1639387498760208000,311.5,1,311.5,6,312.0,136,2,2021-12-13 09:24:58
1639387498924788000,312.0,1,311.5,8,312.0,135,1,2021-12-13 09:24:58
1639387499437067000,311.5,1,311.5,20,312.0,135,2,2021-12-13 09:24:59
1639387499590804000,311.5,1,311.5,19,312.0,135,2,2021-12-13 09:24:59
1639387499756869000,311.5,3,311.5,17,312.0,135,2,2021-12-13 09:24:59
1639387500095688000,311.5,1,311.5,17,312.0,138,2,2021-12-13 09:25:00
1639387500144175000,311.5,1,311.5,16,312.0,138,2,2021-12-13 09:25:00
1639387500785691000,312.0,2,311.5,19,312.0,136,1,2021-12-13 09:25:00
1639387501121536000,311.5,1,311.5,22,312.0,136,2,2021-12-13 09:25:01
1639387501258335000,311.5,3,311.5,20,312.0,136,2,2021-12-13 09:25:01
1639387501719791000,311.5,1,311.5,20,312.0,136,2,2021-12-13 09:25:01
1639387502190028000,311.5,1,311.5,20,312.0,137,2,2021-12-13 09:25:02
1639387502244098000,312.0,1,311.5,20,312.0,136,1,2021-12-13 09:25:02
1639387502257341000,312.0,1,311.5,20,312.0,135,1,2021-12-13 09:25:02
1639387502418231000,312.0,3,311.5,21,312.0,132,1,2021-12-13 09:25:02
1639387503015750000,311.5,1,311.5,20,312.0,133,2,2021-12-13 09:25:03
1639387503045305000,311.5,17,311.5,3,312.0,133,2,2021-12-13 09:25:03
1639387503073340000,311.5,3,311.0,13,312.0,133,2,2021-12-13 09:25:03
1639387503180004000,311.5,1,311.5,1,312.0,133,2,2021-12-13 09:25:03
1639387503190256000,311.5,1,311.0,13,312.0,133,2,2021-12-13 09:25:03
1639387503241540000,311.5,1,311.0,13,312.0,133,2,2021-12-13 09:25:03
1639387503453974000,311.5,1,311.0,13,312.0,134,2,2021-12-13 09:25:03
1639387503648603000,312.0,2,311.0,13,312.0,132,1,2021-12-13 09:25:03
1639387504021854000,311.5,1,311.0,14,312.0,133,2,2021-12-13 09:25:04
1639387504135724000,311.5,1,311.0,14,312.0,133,2,2021-12-13 09:25:04
1639387504194746000,311.5,1,311.0,14,312.0,132,1,2021-12-13 09:25:04
1639387504194746000,312.0,1,311.0,14,312.0,132,1,2021-12-13 09:25:04
1639387504433650000,311.0,1,311.0,13,311.5,6,2,2021-12-13 09:25:04
1639387504434320000,311.0,1,311.0,12,311.5,6,2,2021-12-13 09:25:04
1639387504435838000,311.0,1,311.0,11,311.5,6,2,2021-12-13 09:25:04
1639387504438745000,311.0,1,311.0,10,311.5,6,2,2021-12-13 09:25:04
1639387504791251000,311.5,1,311.0,9,311.5,7,1,2021-12-13 09:25:04
