ts,close,volume,bid_price,bid_volume,ask_price,ask_volume,tick_type,datetime
1639386003142424000,127.0,595,127.0,1,127.5,19,1,2021-12-13 09:00:03
1639386003177845000,127.0,1,126.5,6,127.5,19,2,2021-12-13 09:00:03
1639386003308213000,126.5,1,126.5,5,127.0,2,2,2021-12-13 09:00:03
1639386003476895000,126.5,1,126.5,4,127.0,2,2,2021-12-13 09:00:03
1639386003703766000,127.0,1,126.5,4,127.0,2,1,2021-12-13 09:00:03
1639386005103688000,126.5,1,126.5,3,127.0,3,2,2021-12-13 09:00:05
1639386008644488000,127.0,1,126.5,3,127.0,2,1,2021-12-13 09:00:08
1639386009271690000,126.5,1,126.5,2,127.0,2,2,2021-12-13 09:00:09
1639386009313998000,126.5,2,126.0,11,127.0,2,2,2021-12-13 09:00:09
1639386010578233000,126.5,1,126.0,11,126.5,3,1,2021-12-13 09:00:10
1639386010900215000,126.5,1,126.0,11,126.5,2,1,2021-12-13 09:00:10
1639386010916587000,126.5,2,126.0,11,127.0,1,1,2021-12-13 09:00:10
1639386012792263000,127.0,1,126.5,1,127.0,1,1,2021-12-13 09:00:12
1639386013513972000,126.5,1,126.5,2,127.0,1,2,2021-12-13 09:00:13
1639386014701377000,127.0,1,126.5,4,127.0,1,1,2021-12-13 09:00:14
1639386014731959000,127.0,1,126.5,4,127.5,69,1,2021-12-13 09:00:14
1639386016580367000,126.5,1,126.5,3,127.5,69,2,2021-12-13 09:00:16
1639386016775702000,127.0,1,126.5,3,127.5,69,1,2021-12-13 09:00:16
1639386017653154000,127.5,1,126.5,3,127.5,68,1,2021-12-13 09:00:17
1639386017735591000,127.5,1,126.5,3,127.5,67,1,2021-12-13 09:00:17
1639386017788708000,126.5,1,126.5,2,127.5,67,2,2021-12-13 09:00:17
1639386018766920000,127.0,1,126.5,3,127.5,65,1,2021-12-13 09:00:18
1639386018766920000,127.5,2,126.5,3,127.5,65,1,2021-12-13 09:00:18
1639386020528161000,127.0,2,127.0,10,127.5,65,2,2021-12-13 09:00:20
1639386021251121000,127.0,1,127.0,12,127.5,65,2,2021-12-13 09:00:21
1639386021698214000,127.5,1,127.0,12,127.5,64,1,2021-12-13 09:00:21
1639386021700147000,127.0,1,127.0,11,127.5,64,2,2021-12-13 09:00:21
1639386021945864000,127.0,1,127.0,10,127.5,64,2,2021-12-13 09:00:21
1639386022653559000,127.0,1,127.0,10,127.5,64,2,2021-12-13 09:00:22
1639386024010043000,127.5,1,127.0,10,127.5,63,1,2021-12-13 09:00:24
1639386024412833000,127.5,2,127.0,13,127.5,61,1,2021-12-13 09:00:24
1639386024894727000,127.5,1,127.0,13,127.5,60,1,2021-12-13 09:00:24
1639386026497286000,127.0,4,127.0,21,127.5,5,2,2021-12-13 09:00:26
1639386026688032000,127.0,3,127.0,18,127.5,5,2,2021-12-13 09:00:26
1639386027513163000,127.5,1,127.0,19,127.5,4,1,2021-12-13 09:00:27
1639386027961624000,127.0,1,127.0,20,127.5,4,2,2021-12-13 09:00:27
1639386028082033000,127.0,4,127.0,16,127.5,4,2,2021-12-13 09:00:28
1639386028254760000,127.5,2,127.0,16,127.5,2,1,2021-12-13 09:00:28
1639386028288261000,127.5,1,127.0,16,127.5,1,1,2021-12-13 09:00:28
1639386028740826000,127.5,1,127.0,17,128.0,42,1,2021-12-13 09:00:28
1639386029530251000,127.0,1,127.0,16,128.0,42,2,2021-12-13 09:00:29
1639386029637443000,128.0,1,127.0,16,128.0,41,1,2021-12-13 09:00:29
1639386030328354000,127.5,1,127.0,17,128.0,52,2,2021-12-13 09:00:30
1639386030487793000,128.0,1,127.0,17,128.0,51,1,2021-12-13 09:00:30
1639386030554313000,128.0,1,127.0,17,128.0,50,1,2021-12-13 09:00:30
1639386030713408000,128.0,1,127.5,1,128.0,49,1,2021-12-13 09:00:30
1639386032131004000,127.5,1,127.5,1,128.0,49,2,2021-12-13 09:00:32
1639386032619833000,128.0,2,127.5,1,128.0,47,1,2021-12-13 09:00:32
1639386032935128000,128.0,2,127.5,1,128.0,45,1,2021-12-13 09:00:32
1639386033254136000,128.0,2,127.5,11,128.0,43,1,2021-12-13 09:00:33
1639386033395471000,128.0,5,127.5,11,128.0,38,1,2021-12-13 09:00:33
1639386033542129000,128.0,1,127.5,11,128.0,37,1,2021-12-13 09:00:33
1639386034054120000,128.0,30,127.5,11,128.0,7,1,2021-12-13 09:00:34
1639386034093716000,127.5,1,127.5,10,128.0,7,2,2021-12-13 09:00:34
1639386034900330000,128.0,1,127.5,11,128.0,7,1,2021-12-13 09:00:34
1639386034948038000,128.0,1,127.5,11,128.0,6,1,2021-12-13 09:00:34
1639386037260298000,128.0,1,127.5,14,128.0,5,1,2021-12-13 09:00:37
1639386037563498000,128.0,1,127.5,14,128.0,4,1,2021-12-13 09:00:37
1639386037716490000,127.5,1,127.5,13,128.0,4,2,2021-12-13 09:00:37
1639386037745581000,128.0,1,127.5,13,128.0,3,1,2021-12-13 09:00:37
1639386038265175000,127.5,1,127.5,12,128.0,3,2,2021-12-13 09:00:38
1639386038685686000,128.0,3,127.5,12,128.5,13,1,2021-12-13 09:00:38
1639386038685686000,128.5,1,127.5,12,128.5,13,1,2021-12-13 09:00:38
1639386039074559000,128.5,1,128.0,9,128.5,12,1,2021-12-13 09:00:39
1639386039330122000,128.0,1,128.0,8,128.5,12,2,2021-12-13 09:00:39
1639386043423508000,128.0,1,128.0,26,128.5,13,2,2021-12-13 09:00:43
1639386044378723000,128.5,2,128.0,29,128.5,11,1,2021-12-13 09:00:44
1639386044751391000,128.0,1,128.0,28,128.5,11,2,2021-12-13 09:00:44
1639386045083098000,128.5,1,128.0,28,128.5,10,1,2021-12-13 09:00:45
1639386045120862000,128.5,1,128.0,28,128.5,9,1,2021-12-13 09:00:45
1639386045715014000,128.0,10,128.0,21,128.5,9,2,2021-12-13 09:00:45
1639386045774270000,128.0,1,128.0,20,128.5,9,2,2021-12-13 09:00:45
1639386045819993000,128.5,1,128.0,20,128.5,8,1,2021-12-13 09:00:45
1639386046938225000,128.0,1,128.0,23,128.5,9,2,2021-12-13 09:00:46
1639386047501426000,128.5,5,128.0,24,128.5,4,1,2021-12-13 09:00:47
1639386047528455000,128.5,4,128.0,24,129.0,73,1,2021-12-13 09:00:47
1639386048032929000,128.5,1,128.5,1,129.0,73,2,2021-12-13 09:00:48
1639386048128975000,129.0,3,128.5,1,129.0,70,1,2021-12-13 09:00:48
1639386048308081000,128.5,1,128.0,26,129.0,70,2,2021-12-13 09:00:48
1639386049036979000,129.0,2,128.0,47,129.0,68,1,2021-12-13 09:00:49
1639386050747320000,128.5,1,128.0,48,129.0,69,2,2021-12-13 09:00:50
1639386051089335000,129.0,2,128.5,1,129.0,67,1,2021-12-13 09:00:51
1639386053169847000,129.0,2,128.5,2,129.0,65,1,2021-12-13 09:00:53
1639386053240568000,129.0,3,128.5,2,129.0,62,1,2021-12-13 09:00:53
1639386053383816000,129.0,1,128.5,2,129.0,66,1,2021-12-13 09:00:53
1639386054223291000,129.0,1,128.5,7,129.0,65,1,2021-12-13 09:00:54
1639386056361524000,129.0,4,128.5,8,129.0,61,1,2021-12-13 09:00:56
1639386057002981000,129.0,1,128.5,8,129.0,60,1,2021-12-13 09:00:57
1639386057329561000,129.0,1,128.5,8,129.0,59,1,2021-12-13 09:00:57
1639386057767575000,129.0,1,128.5,8,129.0,58,1,2021-12-13 09:00:57
1639386057785242000,128.5,1,128.5,7,129.0,58,2,2021-12-13 09:00:57
1639386057819940000,129.0,1,128.5,7,129.0,57,1,2021-12-13 09:00:57
1639386058516761000,129.0,10,128.5,14,129.0,47,1,2021-12-13 09:00:58
1639386059690885000,129.0,1,128.5,15,129.0,46,1,2021-12-13 09:00:59
1639386060081488000,128.5,11,128.5,4,129.0,46,2,2021-12-13 09:01:00
1639386061024428000,129.0,1,128.5,4,129.0,47,1,2021-12-13 09:01:01
1639386061032899000,129.0,1,128.5,4,129.0,46,1,2021-12-13 09:01:01
1639386061562316000,128.5,1,128.5,4,129.0,46,2,2021-12-13 09:01:01
1639386062300668000,129.0,1,128.5,4,129.0,45,1,2021-12-13 09:01:02
1639386062818578000,128.5,1,128.5,2,129.0,45,2,2021-12-13 09:01:02
1639386062818757000,128.5,1,128.5,2,129.0,45,2,2021-12-13 09:01:02
1639386062932261000,129.0,2,128.5,2,129.0,43,1,2021-12-13 09:01:02
1639386063341933000,129.0,2,128.5,3,129.0,41,1,2021-12-13 09:01:03
1639386063711490000,129.0,1,128.5,3,129.0,43,1,2021-12-13 09:01:03
1639386063903859000,128.5,1,128.5,2,129.0,43,2,2021-12-13 09:01:03
1639386064690338000,128.5,1,128.5,3,129.0,44,2,2021-12-13 09:01:04
1639386065624580000,129.0,2,128.5,5,129.0,42,1,2021-12-13 09:01:05
1639386065635594000,128.5,1,128.5,4,129.0,42,2,2021-12-13 09:01:05
1639386066642365000,128.5,2,128.5,2,129.0,72,2,2021-12-13 09:01:06
1639386066647938000,128.5,1,128.5,1,129.0,72,2,2021-12-13 09:01:06
1639386066802876000,128.5,1,128.0,53,129.0,72,2,2021-12-13 09:01:06
1639386067356756000,129.0,1,128.0,53,129.0,71,1,2021-12-13 09:01:07
1639386067927636000,129.0,3,128.5,2,129.0,69,1,2021-12-13 09:01:07
1639386068335047000,129.0,5,128.5,3,129.0,64,1,2021-12-13 09:01:08
1639386069599294000,129.0,1,128.5,3,129.0,63,1,2021-12-13 09:01:09
1639386070077229000,129.0,1,128.5,3,129.0,62,1,2021-12-13 09:01:10
1639386070172815000,129.0,1,128.5,3,129.0,61,1,2021-12-13 09:01:10
1639386070711694000,129.0,5,128.5,3,129.0,56,1,2021-12-13 09:01:10
1639386070909337000,129.0,1,128.5,4,129.0,55,1,2021-12-13 09:01:10
1639386070929411000,129.0,3,128.5,4,129.0,52,1,2021-12-13 09:01:10
1639386071975469000,128.5,1,128.5,3,129.0,52,2,2021-12-13 09:01:11
1639386072288812000,129.0,1,128.5,3,129.0,51,1,2021-12-13 09:01:12
1639386074194785000,129.0,1,128.5,5,129.0,52,1,2021-12-13 09:01:14
1639386074264124000,129.0,1,128.5,5,129.0,51,1,2021-12-13 09:01:14
1639386076190751000,129.0,1,128.5,7,129.0,50,1,2021-12-13 09:01:16
1639386076218780000,128.5,7,128.0,58,129.0,50,2,2021-12-13 09:01:16
1639386077196426000,128.5,1,128.0,57,129.0,51,1,2021-12-13 09:01:17
1639386077638765000,128.5,1,128.0,58,129.0,49,2,2021-12-13 09:01:17
1639386077961389000,128.5,1,128.5,1,129.0,49,2,2021-12-13 09:01:17
1639386078292070000,128.5,1,128.0,58,129.0,50,2,2021-12-13 09:01:18
1639386078328678000,129.0,20,128.0,58,129.0,30,1,2021-12-13 09:01:18
1639386078426407000,129.0,10,128.0,59,129.0,20,1,2021-12-13 09:01:18
1639386079016854000,129.0,1,128.5,1,129.0,19,1,2021-12-13 09:01:19
1639386079749029000,129.0,10,128.5,12,129.0,9,1,2021-12-13 09:01:19
1639386079764012000,129.0,1,128.5,12,129.0,8,1,2021-12-13 09:01:19
1639386079856846000,129.0,1,128.5,12,129.0,7,1,2021-12-13 09:01:19
1639386080012827000,129.0,7,129.0,3,129.5,38,1,2021-12-13 09:01:20
1639386082543886000,129.5,1,129.0,8,129.5,37,1,2021-12-13 09:01:22
1639386084124072000,129.0,1,129.0,9,129.5,38,2,2021-12-13 09:01:24
1639386084578926000,129.5,2,129.0,10,129.5,36,1,2021-12-13 09:01:24
1639386085248250000,129.5,1,129.0,12,129.5,35,1,2021-12-13 09:01:25
1639386087991158000,129.5,1,129.0,13,129.5,34,1,2021-12-13 09:01:27
1639386088211418000,129.5,2,129.0,13,129.5,32,1,2021-12-13 09:01:28
1639386088342744000,129.5,1,129.0,13,129.5,31,1,2021-12-13 09:01:28
1639386088433575000,129.5,1,129.0,13,129.5,30,1,2021-12-13 09:01:28
1639386088474201000,129.5,10,129.0,14,129.5,20,1,2021-12-13 09:01:28
1639386089057983000,129.5,2,129.0,14,129.5,18,1,2021-12-13 09:01:29
1639386091142352000,129.5,1,129.0,18,129.5,17,1,2021-12-13 09:01:31
1639386091859554000,129.5,1,129.0,18,129.5,16,1,2021-12-13 09:01:31
1639386091944184000,129.5,3,129.0,18,129.5,13,1,2021-12-13 09:01:31
1639386091956596000,129.5,1,129.0,18,129.5,12,1,2021-12-13 09:01:31
1639386092540395000,129.5,1,129.0,18,129.5,11,1,2021-12-13 09:01:32
1639386093393196000,129.5,1,129.0,21,129.5,10,1,2021-12-13 09:01:33
1639386094498248000,129.5,1,129.0,21,129.5,9,1,2021-12-13 09:01:34
1639386095029071000,129.5,9,129.5,1,130.0,67,1,2021-12-13 09:01:35
1639386095086566000,129.5,1,129.5,1,130.0,67,2,2021-12-13 09:01:35
1639386095101128000,130.0,1,129.5,1,130.0,66,1,2021-12-13 09:01:35
1639386095207713000,129.5,1,129.0,22,130.0,66,2,2021-12-13 09:01:35
1639386095366947000,130.0,1,129.5,1,130.0,65,1,2021-12-13 09:01:35
1639386095455927000,129.5,1,129.0,23,130.0,65,2,2021-12-13 09:01:35
1639386096329590000,130.0,1,129.5,6,130.0,64,1,2021-12-13 09:01:36
1639386096372078000,129.5,1,129.5,5,130.0,64,2,2021-12-13 09:01:36
1639386096467740000,130.0,1,129.5,5,130.0,63,1,2021-12-13 09:01:36
1639386097249257000,130.0,4,129.5,7,130.0,59,1,2021-12-13 09:01:37
1639386097513143000,130.0,1,129.5,7,130.0,58,1,2021-12-13 09:01:37
1639386098661713000,129.5,1,129.5,12,130.0,58,2,2021-12-13 09:01:38
1639386099857880000,129.5,1,129.5,12,130.0,58,2,2021-12-13 09:01:39
1639386099912150000,130.0,2,129.5,12,130.0,56,1,2021-12-13 09:01:39
1639386100276713000,129.5,1,129.5,11,130.0,56,2,2021-12-13 09:01:40
1639386100316134000,130.0,1,129.5,11,130.0,55,1,2021-12-13 09:01:40
1639386100780420000,130.0,1,129.5,11,130.0,54,1,2021-12-13 09:01:40
1639386100951532000,130.0,1,129.5,11,130.0,53,1,2021-12-13 09:01:40
1639386101006231000,130.0,1,129.5,11,130.0,52,1,2021-12-13 09:01:41
1639386102328961000,129.5,2,129.5,11,130.0,52,2,2021-12-13 09:01:42
1639386102463156000,129.5,2,129.5,9,130.0,52,2,2021-12-13 09:01:42
1639386102815883000,130.0,2,129.5,12,130.0,50,1,2021-12-13 09:01:42
1639386103572599000,129.5,1,129.5,13,130.0,50,2,2021-12-13 09:01:43
1639386104416396000,129.5,1,129.5,16,130.0,50,2,2021-12-13 09:01:44
1639386104439553000,130.0,1,129.5,16,130.0,49,1,2021-12-13 09:01:44
1639386104466263000,129.5,1,129.5,15,130.0,49,2,2021-12-13 09:01:44
1639386104748706000,130.0,1,129.5,15,130.0,48,1,2021-12-13 09:01:44
1639386105213996000,130.0,1,129.5,18,130.0,47,1,2021-12-13 09:01:45
1639386106010733000,130.0,1,129.5,20,130.0,47,1,2021-12-13 09:01:46
1639386107581107000,130.0,1,129.5,26,130.0,47,1,2021-12-13 09:01:47
1639386108118650000,130.0,1,129.5,26,130.0,46,1,2021-12-13 09:01:48
1639386108334758000,130.0,1,129.5,28,130.0,45,1,2021-12-13 09:01:48
1639386108540943000,130.0,1,129.5,28,130.0,44,1,2021-12-13 09:01:48
1639386108781565000,130.0,1,129.5,29,130.0,43,1,2021-12-13 09:01:48
1639386108903732000,130.0,1,129.5,29,130.0,42,1,2021-12-13 09:01:48
1639386109953314000,130.0,1,129.5,29,130.0,44,1,2021-12-13 09:01:49
1639386110062524000,130.0,2,129.5,29,130.0,42,1,2021-12-13 09:01:50
1639386111661708000,130.0,1,129.5,30,130.0,39,1,2021-12-13 09:01:51
1639386111748780000,130.0,1,129.5,30,130.0,38,1,2021-12-13 09:01:51
1639386112023500000,130.0,1,129.5,31,130.0,37,1,2021-12-13 09:01:52
1639386112038682000,130.0,1,129.5,31,130.0,36,1,2021-12-13 09:01:52
1639386112043023000,130.0,1,129.5,31,130.0,35,1,2021-12-13 09:01:52
1639386112183328000,130.0,1,129.5,31,130.0,34,1,2021-12-13 09:01:52
1639386112805006000,130.0,1,129.5,31,130.0,33,1,2021-12-13 09:01:52
1639386113097200000,129.5,1,129.5,30,130.0,33,2,2021-12-13 09:01:53
1639386114097973000,130.0,3,129.5,27,130.0,30,1,2021-12-13 09:01:54
1639386114381055000,130.0,1,129.5,29,130.0,29,1,2021-12-13 09:01:54
1639386114938735000,129.5,5,129.5,24,130.0,30,2,2021-12-13 09:01:54
1639386115217428000,130.0,1,129.5,24,130.0,29,1,2021-12-13 09:01:55
1639386115352415000,130.0,5,129.5,24,130.0,24,1,2021-12-13 09:01:55
1639386115433170000,130.0,1,129.5,24,130.0,23,1,2021-12-13 09:01:55
1639386115463981000,130.0,1,129.5,24,130.0,22,1,2021-12-13 09:01:55
1639386115998846000,130.0,5,129.5,25,130.0,17,1,2021-12-13 09:01:55
1639386116895966000,130.0,1,129.5,25,130.0,16,1,2021-12-13 09:01:56
1639386116953069000,130.0,2,129.5,25,130.0,14,1,2021-12-13 09:01:56
1639386117554975000,130.0,4,129.5,26,130.0,10,1,2021-12-13 09:01:57
1639386117841154000,130.0,2,129.5,27,130.0,8,1,2021-12-13 09:01:57
1639386118302713000,130.0,1,129.5,27,130.0,7,1,2021-12-13 09:01:58
1639386118503532000,130.0,1,129.5,27,130.0,6,1,2021-12-13 09:01:58
1639386118979743000,130.0,1,129.5,27,130.0,5,1,2021-12-13 09:01:58
1639386119884470000,130.0,5,129.5,27,130.0,5,1,2021-12-13 09:01:59
1639386120196629000,130.0,2,129.5,27,130.0,3,1,2021-12-13 09:02:00
1639386120499923000,130.0,1,129.5,27,130.0,4,1,2021-12-13 09:02:00
1639386120735129000,130.0,1,129.5,28,130.0,3,1,2021-12-13 09:02:00
1639386121126013000,130.0,1,129.5,28,130.0,2,1,2021-12-13 09:02:01
1639386121185854000,130.0,1,129.5,28,130.0,1,1,2021-12-13 09:02:01
1639386122012520000,130.0,1,130.0,1,130.5,41,1,2021-12-13 09:02:02
1639386122068299000,130.0,1,129.5,26,130.5,41,2,2021-12-13 09:02:02
1639386123079431000,130.0,1,129.5,26,130.0,3,1,2021-12-13 09:02:03
1639386123093900000,130.0,3,129.5,26,130.5,34,1,2021-12-13 09:02:03
1639386123093900000,130.5,7,129.5,26,130.5,34,1,2021-12-13 09:02:03
1639386124139273000,130.0,1,130.0,1,130.5,34,2,2021-12-13 09:02:04
1639386124489826000,130.0,1,129.5,27,130.5,35,2,2021-12-13 09:02:04
1639386124893801000,130.0,1,129.5,28,130.5,35,2,2021-12-13 09:02:04
1639386125615176000,129.5,1,129.5,26,130.0,3,2,2021-12-13 09:02:05
1639386127612286000,130.0,1,129.5,29,130.0,2,1,2021-12-13 09:02:07
1639386127762996000,130.0,2,129.5,29,130.5,35,1,2021-12-13 09:02:07
1639386128800026000,130.5,1,130.0,1,130.5,34,1,2021-12-13 09:02:08
1639386130071561000,130.5,1,130.0,1,130.5,33,1,2021-12-13 09:02:10
1639386130151664000,130.0,1,129.5,31,130.5,33,2,2021-12-13 09:02:10
1639386130934347000,130.5,20,130.0,1,130.5,13,1,2021-12-13 09:02:10
1639386131004209000,130.5,1,130.0,1,130.5,12,1,2021-12-13 09:02:11
1639386132100977000,130.0,1,129.5,34,130.5,12,2,2021-12-13 09:02:12
1639386133426247000,130.5,1,130.0,5,130.5,11,1,2021-12-13 09:02:13
1639386134681325000,130.5,2,130.0,6,130.5,9,1,2021-12-13 09:02:14
1639386135068355000,130.5,2,130.0,6,130.5,7,1,2021-12-13 09:02:15
1639386135966806000,130.0,1,130.0,10,130.5,7,2,2021-12-13 09:02:15
1639386136198402000,130.0,7,130.0,3,130.5,7,2,2021-12-13 09:02:16
1639386136337226000,130.5,1,130.0,3,130.5,6,1,2021-12-13 09:02:16
1639386136983216000,130.5,2,130.0,3,130.5,4,1,2021-12-13 09:02:16
1639386138494416000,130.0,1,130.0,2,130.5,5,2,2021-12-13 09:02:18
1639386138675947000,130.5,1,130.0,2,130.5,4,1,2021-12-13 09:02:18
1639386139352072000,130.5,2,130.0,3,130.5,2,1,2021-12-13 09:02:19
1639386142344596000,130.5,1,130.0,4,130.5,7,1,2021-12-13 09:02:22
1639386142821080000,130.5,1,130.0,4,130.5,6,1,2021-12-13 09:02:22
1639386142862519000,130.0,4,129.5,35,130.5,6,2,2021-12-13 09:02:22
1639386143110018000,130.5,1,129.5,35,130.5,5,1,2021-12-13 09:02:23
1639386143536559000,130.5,1,129.5,35,130.5,4,1,2021-12-13 09:02:23
1639386143573570000,130.5,1,129.5,35,130.5,3,1,2021-12-13 09:02:23
1639386143954746000,130.0,1,130.0,1,130.5,3,2,2021-12-13 09:02:23
1639386144248100000,130.0,1,130.0,1,130.5,3,2,2021-12-13 09:02:24
1639386145001538000,130.5,1,130.0,1,130.5,2,1,2021-12-13 09:02:25
1639386145078683000,130.0,1,129.5,34,130.5,2,2,2021-12-13 09:02:25
1639386145431758000,130.5,1,129.5,34,130.5,1,1,2021-12-13 09:02:25
1639386146086426000,130.5,1,130.5,1,131.0,26,1,2021-12-13 09:02:26
1639386146404785000,130.5,1,129.5,34,131.0,27,2,2021-12-13 09:02:26
1639386146737174000,131.0,2,129.5,35,131.0,25,1,2021-12-13 09:02:26
1639386146781880000,130.5,1,129.5,35,131.0,25,2,2021-12-13 09:02:26
1639386147176352000,130.5,2,130.5,3,131.0,25,2,2021-12-13 09:02:27
1639386147910889000,130.5,3,129.5,35,130.5,2,2,2021-12-13 09:02:27
1639386147935615000,130.5,1,129.5,35,130.5,1,1,2021-12-13 09:02:27
1639386149945554000,130.5,1,130.0,1,131.0,24,1,2021-12-13 09:02:29
1639386149945554000,131.0,1,130.0,1,131.0,24,1,2021-12-13 09:02:29
1639386150251440000,130.0,1,129.5,34,131.0,24,2,2021-12-13 09:02:30
1639386150671908000,131.0,1,129.5,36,131.0,24,1,2021-12-13 09:02:30
1639386151835490000,130.0,1,129.5,35,131.0,24,2,2021-12-13 09:02:31
1639386152181073000,130.5,1,129.5,35,130.5,1,1,2021-12-13 09:02:32
1639386153535086000,130.5,1,130.0,30,131.0,24,1,2021-12-13 09:02:33
1639386154213272000,130.0,1,130.0,29,130.5,10,2,2021-12-13 09:02:34
1639386154279875000,130.5,2,130.0,29,130.5,8,1,2021-12-13 09:02:34
1639386155334289000,130.0,1,130.0,29,130.5,8,2,2021-12-13 09:02:35
1639386156886274000,130.5,1,130.0,31,130.5,19,1,2021-12-13 09:02:36
1639386158332978000,130.0,2,130.0,32,130.5,19,2,2021-12-13 09:02:38
1639386159074852000,130.5,1,130.0,32,130.5,18,1,2021-12-13 09:02:39
1639386159242117000,130.5,5,130.0,32,130.5,13,1,2021-12-13 09:02:39
1639386160692899000,130.0,1,130.0,31,130.5,13,2,2021-12-13 09:02:40
1639386161543600000,130.0,8,130.0,23,130.5,14,2,2021-12-13 09:02:41
1639386162644961000,130.5,3,130.0,23,130.5,12,1,2021-12-13 09:02:42
1639386162940691000,130.5,2,130.0,23,130.5,10,1,2021-12-13 09:02:42
1639386163747960000,130.5,2,130.0,23,130.5,7,1,2021-12-13 09:02:43
1639386164480623000,130.5,1,130.0,23,130.5,6,1,2021-12-13 09:02:44
1639386165175671000,130.5,2,130.0,21,130.5,5,1,2021-12-13 09:02:45
1639386168085834000,130.5,1,130.0,26,130.5,4,1,2021-12-13 09:02:48
1639386168621906000,130.5,1,130.0,26,130.5,3,1,2021-12-13 09:02:48
1639386169283839000,130.5,1,130.0,28,130.5,3,1,2021-12-13 09:02:49
1639386169981523000,130.5,3,130.5,2,131.0,30,1,2021-12-13 09:02:49
1639386170040391000,130.5,1,130.5,1,131.0,30,2,2021-12-13 09:02:50
1639386170308502000,130.5,1,130.0,29,131.0,29,2,2021-12-13 09:02:50
1639386172334249000,131.0,1,130.0,30,131.0,29,1,2021-12-13 09:02:52
1639386176163368000,131.0,1,130.0,33,131.0,28,1,2021-12-13 09:02:56
1639386177951403000,130.5,1,130.0,34,131.0,27,2,2021-12-13 09:02:57
1639386177951403000,131.0,1,130.0,34,131.0,27,1,2021-12-13 09:02:57
1639386180542963000,131.0,1,130.5,2,131.0,25,1,2021-12-13 09:03:00
1639386181052795000,131.0,1,130.5,2,131.0,24,1,2021-12-13 09:03:01
1639386182054725000,131.0,1,130.5,2,131.0,23,1,2021-12-13 09:03:02
1639386182099944000,130.5,1,130.5,1,131.0,23,2,2021-12-13 09:03:02
1639386182428084000,131.0,5,130.5,3,131.0,18,1,2021-12-13 09:03:02
1639386182558671000,131.0,1,130.5,3,131.0,17,1,2021-12-13 09:03:02
1639386182829242000,130.5,3,130.0,36,130.5,7,2,2021-12-13 09:03:02
1639386183144199000,130.5,1,130.0,36,130.5,6,1,2021-12-13 09:03:03
1639386184023655000,130.5,1,130.0,37,130.5,5,1,2021-12-13 09:03:04
1639386186622342000,130.5,1,130.0,38,130.5,4,1,2021-12-13 09:03:06
1639386187447958000,130.0,1,130.0,37,130.5,4,2,2021-12-13 09:03:07
1639386190690864000,130.0,2,130.0,35,130.5,6,2,2021-12-13 09:03:10
1639386190834196000,130.5,5,130.0,35,130.5,1,1,2021-12-13 09:03:10
1639386192958633000,130.5,1,130.0,36,130.5,1,1,2021-12-13 09:03:12
1639386193045262000,130.5,1,130.0,36,131.0,25,1,2021-12-13 09:03:13
1639386196320322000,130.0,1,130.0,37,131.0,26,2,2021-12-13 09:03:16
1639386196582371000,131.0,1,130.0,37,131.0,26,1,2021-12-13 09:03:16
1639386199964961000,130.5,1,130.5,4,131.0,26,2,2021-12-13 09:03:19
1639386200416323000,130.5,1,130.5,3,131.0,26,2,2021-12-13 09:03:20
1639386202220379000,131.0,1,130.5,5,131.0,25,1,2021-12-13 09:03:22
1639386202994360000,131.0,1,130.5,5,131.0,23,1,2021-12-13 09:03:22
1639386204413998000,130.5,4,130.5,1,131.0,23,2,2021-12-13 09:03:24
1639386204432750000,131.0,2,130.5,1,131.0,21,1,2021-12-13 09:03:24
1639386204474785000,131.0,1,130.5,1,131.0,20,1,2021-12-13 09:03:24
1639386204527310000,131.0,2,130.5,1,131.0,18,1,2021-12-13 09:03:24
1639386204836754000,130.5,1,130.0,39,131.0,18,2,2021-12-13 09:03:24
1639386206026541000,130.5,1,130.0,39,130.5,1,1,2021-12-13 09:03:26
1639386206760027000,130.0,1,130.0,41,130.5,1,2,2021-12-13 09:03:26
1639386207114819000,130.0,1,130.0,40,130.5,1,2,2021-12-13 09:03:27
1639386207406583000,130.5,1,130.5,4,131.0,18,1,2021-12-13 09:03:27
1639386209071188000,130.5,1,130.5,3,131.0,18,2,2021-12-13 09:03:29
1639386209106317000,130.5,3,130.0,40,131.0,18,2,2021-12-13 09:03:29
1639386209350974000,131.0,1,130.0,40,131.0,17,1,2021-12-13 09:03:29
1639386213579193000,130.5,2,130.5,1,131.0,20,2,2021-12-13 09:03:33
1639386213682688000,131.0,1,130.5,1,131.0,19,1,2021-12-13 09:03:33
1639386214242006000,131.0,5,130.5,1,131.0,14,1,2021-12-13 09:03:34
1639386214333015000,131.0,2,130.5,1,131.0,12,1,2021-12-13 09:03:34
1639386216574576000,131.0,10,130.5,1,131.0,4,1,2021-12-13 09:03:36
1639386216801209000,130.5,1,130.0,46,131.0,4,2,2021-12-13 09:03:36
1639386217270559000,131.0,4,131.0,1,131.5,17,1,2021-12-13 09:03:37
1639386218220072000,131.0,5,131.0,1,131.5,17,2,2021-12-13 09:03:38
1639386218251253000,131.0,1,130.5,1,131.5,17,2,2021-12-13 09:03:38
1639386221159962000,131.0,1,130.5,1,131.0,1,1,2021-12-13 09:03:41
1639386221569620000,131.0,1,0.0,0,0.0,0,1,2021-12-13 09:03:41
1639386221569620000,131.0,0,0.0,0,0.0,0,1,2021-12-13 09:03:41
1639386342074890000,130.5,99,130.5,12,131.0,33,2,2021-12-13 09:05:42
1639386342303918000,130.5,1,130.5,11,131.0,34,2,2021-12-13 09:05:42
1639386343214151000,130.5,1,130.5,10,131.0,34,2,2021-12-13 09:05:43
1639386343228231000,130.5,10,130.0,62,131.0,34,2,2021-12-13 09:05:43
1639386344192366000,130.0,15,130.0,48,131.0,34,2,2021-12-13 09:05:44
1639386344193884000,130.0,10,130.0,38,131.0,34,2,2021-12-13 09:05:44
1639386345048579000,130.0,10,130.0,28,130.5,1,2,2021-12-13 09:05:45
1639386345982494000,130.0,1,130.0,27,130.5,1,2,2021-12-13 09:05:45
1639386346302520000,130.0,1,130.0,26,130.5,1,2,2021-12-13 09:05:46
1639386346555247000,130.0,2,130.0,24,130.5,1,2,2021-12-13 09:05:46
1639386347391146000,130.5,1,130.0,24,131.0,37,1,2021-12-13 09:05:47
1639386347425632000,130.0,1,130.0,23,131.0,37,2,2021-12-13 09:05:47
1639386347509957000,131.0,3,130.0,23,131.0,34,1,2021-12-13 09:05:47
1639386352153638000,130.5,1,130.0,23,130.5,1,2,2021-12-13 09:05:52
1639386352678396000,130.5,1,130.0,23,131.0,34,1,2021-12-13 09:05:52
1639386352711690000,131.0,1,130.0,23,131.0,33,1,2021-12-13 09:05:52
1639386354331739000,131.0,8,130.0,23,131.0,26,1,2021-12-13 09:05:54
1639386355648404000,130.5,1,130.5,9,131.0,25,2,2021-12-13 09:05:55
1639386356747541000,131.0,1,130.5,9,131.0,25,1,2021-12-13 09:05:56
1639386360522457000,131.0,1,130.5,11,131.0,31,1,2021-12-13 09:06:00
1639386361264455000,130.5,1,130.5,10,131.0,31,2,2021-12-13 09:06:01
1639386364514495000,131.0,1,130.5,12,131.0,31,1,2021-12-13 09:06:04
1639386364929336000,130.5,2,130.5,15,131.0,31,2,2021-12-13 09:06:04
1639386365317907000,131.0,1,130.5,15,131.0,30,1,2021-12-13 09:06:05
1639386366869026000,130.5,2,130.5,14,131.0,30,2,2021-12-13 09:06:06
1639386369080464000,130.5,14,130.0,24,130.5,6,2,2021-12-13 09:06:09
1639386369189650000,130.5,1,130.0,24,130.5,5,1,2021-12-13 09:06:09
1639386373530839000,130.0,20,130.0,3,130.5,8,2,2021-12-13 09:06:13
1639386373562706000,130.0,3,129.5,28,130.5,8,2,2021-12-13 09:06:13
1639386374703501000,130.5,1,129.5,28,130.5,8,1,2021-12-13 09:06:14
1639386375385552000,129.5,1,129.5,27,130.5,8,2,2021-12-13 09:06:15
1639386376749034000,129.5,6,129.5,21,130.0,1,2,2021-12-13 09:06:16
1639386376982690000,129.5,1,129.5,20,130.0,1,2,2021-12-13 09:06:16
1639386377247345000,130.0,1,129.5,20,130.5,10,1,2021-12-13 09:06:17
1639386379348340000,130.0,1,129.5,19,130.0,3,1,2021-12-13 09:06:19
1639386380194664000,130.0,1,129.5,19,130.0,2,1,2021-12-13 09:06:20
1639386380365174000,129.5,19,129.0,41,129.5,1,2,2021-12-13 09:06:20
1639386382359064000,129.0,2,129.0,38,129.5,2,2,2021-12-13 09:06:22
1639386383531425000,129.0,38,128.5,10,129.0,12,2,2021-12-13 09:06:23
1639386384434298000,128.5,1,128.5,9,129.0,12,2,2021-12-13 09:06:24
1639386384609308000,128.5,9,128.0,62,129.0,12,2,2021-12-13 09:06:24
1639386384609308000,128.0,6,128.0,62,129.0,12,2,2021-12-13 09:06:24
1639386385204618000,128.0,1,128.0,61,128.5,1,2,2021-12-13 09:06:25
1639386385998929000,128.5,1,128.0,60,128.5,1,1,2021-12-13 09:06:25
1639386386458266000,128.0,50,128.0,10,128.5,1,2,2021-12-13 09:06:26
1639386386675196000,128.5,1,128.0,10,129.0,2,1,2021-12-13 09:06:26
1639386387253818000,128.0,5,128.0,5,129.0,2,2,2021-12-13 09:06:27
1639386387282899000,128.0,5,127.5,12,129.0,2,2,2021-12-13 09:06:27
1639386388388122000,127.5,5,127.5,8,129.0,4,2,2021-12-13 09:06:28
1639386390021350000,127.5,1,127.5,6,128.0,3,2,2021-12-13 09:06:30
1639386393196103000,127.5,2,127.5,4,128.0,4,2,2021-12-13 09:06:33
1639386393205394000,127.5,4,127.0,11,127.5,26,2,2021-12-13 09:06:33
1639386394005326000,127.0,1,127.0,11,127.5,27,2,2021-12-13 09:06:34
1639386394552350000,127.0,1,127.0,10,127.5,27,2,2021-12-13 09:06:34
1639386395200921000,127.5,1,127.0,10,127.5,26,1,2021-12-13 09:06:35
1639386395226120000,127.5,1,127.0,10,127.5,25,1,2021-12-13 09:06:35
1639386396546883000,127.0,1,127.0,9,127.5,26,2,2021-12-13 09:06:36
1639386396656689000,127.5,1,127.0,9,127.5,25,1,2021-12-13 09:06:36
1639386397330137000,127.0,1,127.0,8,127.5,25,2,2021-12-13 09:06:37
1639386398418355000,127.0,1,127.0,6,127.5,25,2,2021-12-13 09:06:38
1639386399299306000,127.0,1,127.0,7,127.5,25,2,2021-12-13 09:06:39
1639386400070095000,127.0,5,127.0,2,127.5,25,2,2021-12-13 09:06:40
1639386400323682000,127.0,1,127.0,1,127.5,25,2,2021-12-13 09:06:40
1639386401464825000,127.5,1,126.5,5,127.5,24,1,2021-12-13 09:06:41
1639386402810453000,127.0,2,126.5,6,127.5,22,2,2021-12-13 09:06:42
1639386402810453000,127.5,1,126.5,6,127.5,22,1,2021-12-13 09:06:42
1639386404235461000,127.0,4,126.5,6,127.5,23,2,2021-12-13 09:06:44
1639386405593351000,126.5,1,126.5,6,127.5,23,2,2021-12-13 09:06:45
1639386405761200000,126.5,5,126.5,1,127.5,23,2,2021-12-13 09:06:45
1639386407188576000,127.0,1,126.5,1,127.5,23,1,2021-12-13 09:06:47
1639386407188576000,127.5,1,126.5,1,127.5,23,1,2021-12-13 09:06:47
1639386407928416000,127.0,1,126.5,2,127.5,23,2,2021-12-13 09:06:47
1639386411842155000,126.5,2,126.0,21,127.0,2,2,2021-12-13 09:06:51
1639386411842155000,126.0,3,126.0,21,127.0,2,2,2021-12-13 09:06:51
1639386412126791000,126.5,1,126.0,22,127.0,2,1,2021-12-13 09:06:52
1639386413329648000,127.0,1,126.0,22,127.0,2,1,2021-12-13 09:06:53
1639386413524554000,127.0,2,126.0,22,127.5,25,1,2021-12-13 09:06:53
1639386414085935000,126.5,1,126.0,22,127.5,25,2,2021-12-13 09:06:54
1639386416543043000,127.0,1,126.5,4,127.5,25,1,2021-12-13 09:06:56
1639386416656299000,126.5,1,126.5,3,127.5,25,2,2021-12-13 09:06:56
1639386416694645000,126.5,3,126.0,20,127.5,25,2,2021-12-13 09:06:56
1639386416694645000,126.0,2,126.0,20,127.5,25,2,2021-12-13 09:06:56
1639386416696222000,126.0,2,126.0,18,127.5,25,2,2021-12-13 09:06:56
1639386417607044000,126.5,1,126.5,2,127.5,26,1,2021-12-13 09:06:57
1639386419069619000,126.5,1,126.5,1,127.0,12,2,2021-12-13 09:06:59
1639386420013652000,126.0,1,126.0,19,127.0,12,2,2021-12-13 09:07:00
1639386420623657000,126.5,1,126.5,1,127.0,12,1,2021-12-13 09:07:00
1639386421314137000,126.5,1,126.0,19,127.0,13,2,2021-12-13 09:07:01
1639386421314137000,126.0,1,126.0,19,127.0,13,2,2021-12-13 09:07:01
1639386422319384000,126.0,1,126.0,19,127.0,13,2,2021-12-13 09:07:02
1639386422924169000,126.0,4,126.0,15,127.0,3,2,2021-12-13 09:07:02
1639386423761101000,126.0,1,126.0,14,127.0,4,2,2021-12-13 09:07:03
1639386425196142000,126.0,6,126.0,8,127.0,5,2,2021-12-13 09:07:05
1639386427620789000,126.5,1,126.5,1,127.0,5,1,2021-12-13 09:07:07
1639386427783977000,126.5,1,126.0,7,127.0,4,2,2021-12-13 09:07:07
1639386427783977000,126.0,3,126.0,7,127.0,4,2,2021-12-13 09:07:07
1639386428151046000,126.0,11,0.0,0,0.0,0,2,2021-12-13 09:07:08
1639386428151046000,126.0,0,0.0,0,0.0,0,2,2021-12-13 09:07:08
1639386548685781000,126.5,66,126.5,14,127.0,14,1,2021-12-13 09:09:08
1639386549071037000,126.5,1,126.5,14,127.0,14,2,2021-12-13 09:09:09
1639386549102005000,126.5,2,126.5,12,127.0,14,2,2021-12-13 09:09:09
1639386552116364000,126.5,3,126.5,9,127.0,14,2,2021-12-13 09:09:12
1639386555191723000,127.0,1,126.5,9,127.0,13,1,2021-12-13 09:09:15
1639386555206334000,126.5,3,126.5,6,127.0,13,2,2021-12-13 09:09:15
1639386556929555000,126.5,5,126.5,2,127.0,13,2,2021-12-13 09:09:16
1639386556998610000,126.5,1,126.0,65,127.0,13,2,2021-12-13 09:09:16
1639386556998610000,126.0,2,126.0,65,127.0,13,2,2021-12-13 09:09:16
1639386557759828000,127.0,5,126.0,65,127.0,8,1,2021-12-13 09:09:17
1639386558367668000,126.0,3,126.0,63,127.0,8,2,2021-12-13 09:09:18
1639386561162941000,126.5,1,126.0,64,126.5,4,1,2021-12-13 09:09:21
1639386563152747000,126.0,1,126.0,63,126.5,4,2,2021-12-13 09:09:23
1639386564423895000,126.5,1,126.0,64,126.5,3,1,2021-12-13 09:09:24
1639386565849707000,126.5,1,126.0,64,126.5,2,1,2021-12-13 09:09:25
1639386567103407000,126.5,1,126.0,65,126.5,1,1,2021-12-13 09:09:27
1639386569186628000,126.5,1,126.0,69,127.0,8,1,2021-12-13 09:09:29
1639386571357895000,126.5,8,126.0,70,126.5,12,2,2021-12-13 09:09:31
1639386571467050000,126.5,1,126.0,70,126.5,11,1,2021-12-13 09:09:31
1639386572870241000,126.5,1,126.0,70,126.5,10,1,2021-12-13 09:09:32
1639386573555793000,126.5,3,126.0,70,126.5,7,1,2021-12-13 09:09:33
1639386574233638000,126.5,2,126.0,70,126.5,5,1,2021-12-13 09:09:34
1639386577585384000,126.5,1,126.0,72,126.5,5,1,2021-12-13 09:09:37
1639386577656776000,126.5,1,126.0,72,126.5,4,1,2021-12-13 09:09:37
1639386577745392000,126.5,1,126.0,72,126.5,3,1,2021-12-13 09:09:37
1639386578528045000,126.5,1,126.0,72,126.5,2,1,2021-12-13 09:09:38
1639386580450231000,126.5,1,126.0,74,126.5,1,1,2021-12-13 09:09:40
1639386580727847000,126.5,1,126.0,74,127.0,7,1,2021-12-13 09:09:40
1639386580848276000,127.0,2,126.0,74,127.0,5,1,2021-12-13 09:09:40
1639386580873872000,126.0,74,124.5,8,127.0,5,2,2021-12-13 09:09:40
1639386580873872000,125.5,47,124.5,8,127.0,5,2,2021-12-13 09:09:40
1639386580873872000,125.0,178,124.5,8,127.0,5,2,2021-12-13 09:09:40
1639386580873872000,124.5,1,124.5,8,127.0,5,2,2021-12-13 09:09:40
1639386581104744000,126.5,1,124.5,10,127.0,6,1,2021-12-13 09:09:41
1639386584757617000,126.5,1,126.5,6,127.0,5,2,2021-12-13 09:09:44
1639386585937124000,126.5,1,126.5,6,127.0,7,2,2021-12-13 09:09:45
1639386586174668000,126.5,6,126.0,3,127.0,7,2,2021-12-13 09:09:46
1639386588005177000,126.0,2,126.0,1,126.5,1,2,2021-12-13 09:09:48
1639386588035608000,126.0,1,125.0,1,126.5,1,2,2021-12-13 09:09:48
1639386590322849000,126.5,2,125.0,1,126.5,20,1,2021-12-13 09:09:50
1639386590459187000,125.0,2,124.5,9,126.5,20,2,2021-12-13 09:09:50
1639386592228867000,126.5,1,124.5,9,126.5,19,1,2021-12-13 09:09:52
1639386593176456000,126.0,2,124.5,7,126.5,18,2,2021-12-13 09:09:53
1639386593176456000,124.5,2,124.5,7,126.5,18,2,2021-12-13 09:09:53
1639386594354945000,126.0,1,125.0,1,126.5,17,1,2021-12-13 09:09:54
1639386594354945000,126.5,1,125.0,1,126.5,17,1,2021-12-13 09:09:54
1639386598488055000,125.0,1,125.0,1,126.0,1,2,2021-12-13 09:09:58
1639386600129393000,126.0,1,125.0,1,126.0,5,1,2021-12-13 09:10:00
1639386600129417000,126.0,1,125.0,1,126.0,5,1,2021-12-13 09:10:00
1639386602283367000,125.0,4,124.5,6,126.0,6,2,2021-12-13 09:10:02
1639386602283367000,124.5,4,124.5,6,126.0,6,2,2021-12-13 09:10:02
1639386603840199000,124.5,1,124.5,5,125.5,1,2,2021-12-13 09:10:03
1639386606070063000,124.5,2,124.5,3,125.0,2,2,2021-12-13 09:10:06
1639386606102208000,125.0,2,124.5,3,125.5,1,1,2021-12-13 09:10:06
1639386608579485000,125.0,1,125.0,2,125.5,1,2,2021-12-13 09:10:08
1639386608691515000,125.0,2,124.5,5,125.5,1,2,2021-12-13 09:10:08
1639386610055259000,124.5,2,124.5,2,125.0,1,2,2021-12-13 09:10:10
1639386610244805000,125.0,1,124.5,2,125.5,1,1,2021-12-13 09:10:10
1639386614659884000,125.0,2,124.5,4,125.0,1,2,2021-12-13 09:10:14
1639386616109084000,125.0,1,124.5,4,125.0,1,1,2021-12-13 09:10:16
1639386617380886000,124.5,4,124.0,21,125.0,7,2,2021-12-13 09:10:17
1639386617380886000,124.0,16,124.0,21,125.0,7,2,2021-12-13 09:10:17
1639386617506682000,125.0,2,124.0,21,125.0,5,1,2021-12-13 09:10:17
1639386619226239000,124.0,1,124.0,20,125.0,11,2,2021-12-13 09:10:19
1639386620085786000,125.0,1,124.0,20,125.0,10,1,2021-12-13 09:10:20
1639386621538830000,125.0,1,124.0,20,125.0,10,1,2021-12-13 09:10:21
1639386624169635000,125.0,1,124.5,1,125.0,11,1,2021-12-13 09:10:24
1639386624691314000,124.5,1,124.0,20,125.0,11,2,2021-12-13 09:10:24
1639386624691314000,124.0,1,124.0,20,125.0,11,2,2021-12-13 09:10:24
1639386625302898000,124.5,1,124.0,20,125.0,11,1,2021-12-13 09:10:25
1639386625922447000,124.5,1,124.0,20,124.5,3,2,2021-12-13 09:10:25
1639386627069654000,124.5,1,124.0,23,124.5,3,1,2021-12-13 09:10:27
1639386627098331000,124.5,3,124.0,23,125.0,12,1,2021-12-13 09:10:27
1639386629991732000,124.5,2,124.0,23,125.0,13,2,2021-12-13 09:10:29
1639386629991732000,124.0,1,124.0,23,125.0,13,2,2021-12-13 09:10:29
1639386630205322000,124.0,2,124.0,21,125.0,13,2,2021-12-13 09:10:30
1639386632287986000,124.0,2,124.0,19,124.5,1,2,2021-12-13 09:10:32
1639386634818919000,124.0,3,124.0,17,124.5,2,2,2021-12-13 09:10:34
1639386634876407000,124.0,1,124.0,16,124.5,2,2,2021-12-13 09:10:34
1639386636689192000,124.0,1,124.0,16,124.5,8,2,2021-12-13 09:10:36
1639386637541956000,124.0,1,124.0,15,124.5,9,2,2021-12-13 09:10:37
1639386639160339000,124.5,3,124.0,15,124.5,6,1,2021-12-13 09:10:39
1639386640009165000,124.5,1,124.0,14,124.5,5,1,2021-12-13 09:10:40
1639386641088020000,124.0,1,124.0,14,124.5,5,2,2021-12-13 09:10:41
1639386641735891000,124.0,1,124.0,13,124.5,5,2,2021-12-13 09:10:41
1639386642042789000,124.0,1,124.0,12,124.5,5,2,2021-12-13 09:10:42
1639386642244267000,124.0,1,124.0,11,124.5,5,2,2021-12-13 09:10:42
1639386642749444000,124.0,1,124.0,10,124.5,5,2,2021-12-13 09:10:42
1639386643578469000,124.0,3,124.0,7,124.5,5,2,2021-12-13 09:10:43
1639386643927244000,124.5,1,124.0,7,124.5,4,1,2021-12-13 09:10:43
1639386645508754000,124.0,1,124.0,7,124.5,4,2,2021-12-13 09:10:45
1639386645769136000,124.0,1,124.0,6,124.5,4,2,2021-12-13 09:10:45
1639386646634222000,124.0,1,124.0,5,124.5,4,2,2021-12-13 09:10:46
1639386651098273000,124.0,3,124.0,3,124.5,5,2,2021-12-13 09:10:51
1639386651748475000,124.0,2,124.0,1,124.5,5,2,2021-12-13 09:10:51
1639386653780501000,124.0,2,123.5,15,124.5,6,2,2021-12-13 09:10:53
1639386653780501000,123.5,3,123.5,15,124.5,6,2,2021-12-13 09:10:53
1639386657882622000,123.5,1,123.5,14,124.0,2,2,2021-12-13 09:10:57
1639386658298188000,123.5,10,123.5,4,124.0,2,2,2021-12-13 09:10:58
1639386659500248000,123.5,4,123.0,73,123.5,1,2,2021-12-13 09:10:59
1639386659970709000,123.5,1,123.0,73,124.0,3,1,2021-12-13 09:10:59
1639386659970709000,124.0,1,123.0,73,124.0,3,1,2021-12-13 09:10:59
1639386660671483000,124.0,1,123.5,1,124.0,2,1,2021-12-13 09:11:00
1639386660750643000,123.5,1,123.0,73,124.0,2,2,2021-12-13 09:11:00
1639386661862711000,123.0,10,123.0,63,124.0,2,2,2021-12-13 09:11:01
1639386661904392000,123.0,1,123.0,62,124.0,2,2,2021-12-13 09:11:01
1639386662208130000,123.0,2,123.0,60,124.0,2,2,2021-12-13 09:11:02
1639386663178938000,123.0,2,123.0,58,124.0,3,2,2021-12-13 09:11:03
1639386663924339000,124.0,1,123.0,58,124.0,4,1,2021-12-13 09:11:03
1639386665218685000,123.0,1,123.0,57,123.5,1,2,2021-12-13 09:11:05
1639386665815641000,123.0,1,123.0,56,123.5,4,2,2021-12-13 09:11:05
1639386666561376000,123.0,1,123.0,55,123.5,4,2,2021-12-13 09:11:06
1639386666756813000,123.5,2,123.0,55,123.5,2,1,2021-12-13 09:11:06
1639386667594498000,123.5,1,123.0,55,123.5,1,1,2021-12-13 09:11:07
1639386668220225000,123.0,1,123.0,54,123.5,1,2,2021-12-13 09:11:08
1639386668374965000,123.0,15,123.0,39,123.5,1,2,2021-12-13 09:11:08
1639386668495930000,123.0,1,123.0,38,123.5,1,2,2021-12-13 09:11:08
1639386668991325000,123.0,1,123.0,37,123.5,1,2,2021-12-13 09:11:08
1639386669443092000,123.0,1,123.0,36,123.5,1,2,2021-12-13 09:11:09
1639386670257458000,123.0,17,123.0,20,123.5,1,2,2021-12-13 09:11:10
1639386670759742000,123.0,1,123.0,19,123.5,1,2,2021-12-13 09:11:10
1639386670780901000,123.0,19,122.5,3,123.5,1,2,2021-12-13 09:11:10
1639386672372908000,123.0,1,122.5,3,123.0,9,1,2021-12-13 09:11:12
1639386673320657000,123.0,1,122.5,3,123.0,10,1,2021-12-13 09:11:13
1639386674369523000,122.5,1,122.5,2,123.0,10,2,2021-12-13 09:11:14
1639386674651996000,123.0,1,122.5,2,123.0,9,1,2021-12-13 09:11:14
1639386674774042000,123.0,3,122.5,2,123.0,6,1,2021-12-13 09:11:14
1639386675070653000,122.5,1,122.5,1,123.0,6,2,2021-12-13 09:11:15
1639386676499028000,122.5,1,122.0,6,123.0,56,2,2021-12-13 09:11:16
1639386678064957000,123.0,1,122.0,5,123.0,65,1,2021-12-13 09:11:18
1639386679043958000,123.0,0,0.0,0,0.0,0,1,2021-12-13 09:11:19
1639386799507817000,121.5,76,121.0,33,122.0,32,2,2021-12-13 09:13:19
1639386800243432000,122.0,1,121.0,33,122.0,31,1,2021-12-13 09:13:20
1639386802236102000,122.0,20,121.0,33,122.0,11,1,2021-12-13 09:13:22
1639386802333405000,121.0,1,121.0,32,122.0,11,2,2021-12-13 09:13:22
1639386802383632000,121.0,1,121.0,31,122.0,11,2,2021-12-13 09:13:22
1639386805058580000,121.0,1,121.0,32,122.0,20,2,2021-12-13 09:13:25
1639386807127657000,121.0,1,121.0,31,122.0,20,2,2021-12-13 09:13:27
1639386808724907000,121.0,10,121.0,20,122.0,21,2,2021-12-13 09:13:28
1639386810055544000,121.5,2,121.0,13,122.0,13,1,2021-12-13 09:13:30
1639386810055544000,121.0,7,121.0,13,122.0,13,2,2021-12-13 09:13:30
1639386811465646000,121.5,1,121.0,16,122.0,12,1,2021-12-13 09:13:31
1639386812448917000,122.0,1,121.0,16,122.0,11,1,2021-12-13 09:13:32
1639386815765647000,122.0,1,121.5,1,122.0,10,1,2021-12-13 09:13:35
1639386817433035000,121.5,1,121.5,2,122.0,11,2,2021-12-13 09:13:37
1639386817441017000,122.0,1,121.5,2,122.0,10,1,2021-12-13 09:13:37
1639386822018547000,122.0,1,121.0,19,122.0,10,1,2021-12-13 09:13:42
1639386824074849000,122.0,1,121.5,4,122.0,10,1,2021-12-13 09:13:44
1639386824307538000,122.0,2,121.5,4,122.0,8,1,2021-12-13 09:13:44
1639386824620501000,122.0,1,121.5,5,122.0,7,1,2021-12-13 09:13:44
1639386824655204000,122.0,1,121.5,6,122.0,6,1,2021-12-13 09:13:44
1639386824856066000,122.0,2,121.5,6,122.0,4,1,2021-12-13 09:13:44
1639386824890453000,122.0,4,121.5,6,122.5,1,1,2021-12-13 09:13:44
1639386832180700000,122.5,1,122.0,4,123.0,22,1,2021-12-13 09:13:52
1639386837866480000,122.5,1,122.5,1,123.0,21,2,2021-12-13 09:13:57
1639386844106106000,123.0,1,122.5,12,123.0,21,1,2021-12-13 09:14:04
1639386844958912000,122.5,4,122.5,11,123.0,21,2,2021-12-13 09:14:04
1639386845962148000,123.0,20,122.5,11,123.5,3,1,2021-12-13 09:14:05
1639386847676506000,123.0,1,122.5,12,123.5,3,1,2021-12-13 09:14:07
1639386849198976000,123.5,1,122.5,12,123.5,2,1,2021-12-13 09:14:09
1639386853684411000,123.0,4,122.5,10,124.0,7,2,2021-12-13 09:14:13
1639386853684411000,122.5,6,122.5,10,124.0,7,2,2021-12-13 09:14:13
1639386854855034000,124.0,1,122.5,10,124.0,6,1,2021-12-13 09:14:14
1639386857904737000,124.0,1,123.5,2,124.0,5,1,2021-12-13 09:14:17
1639386858642391000,124.0,1,123.5,2,124.0,4,1,2021-12-13 09:14:18
1639386858778560000,124.0,2,123.5,2,124.0,2,1,2021-12-13 09:14:18
1639386860875428000,124.0,1,123.5,3,124.0,1,1,2021-12-13 09:14:20
1639386865608208000,124.5,1,124.0,2,124.5,5,1,2021-12-13 09:14:25
1639386866321693000,124.5,1,124.0,2,124.5,4,1,2021-12-13 09:14:26
1639386868335061000,124.5,1,124.0,2,124.5,4,1,2021-12-13 09:14:28
1639386868501014000,124.5,1,124.0,2,124.5,3,1,2021-12-13 09:14:28
1639386869354443000,124.5,3,124.0,2,125.0,69,1,2021-12-13 09:14:29
1639386869886722000,124.0,3,123.5,4,124.0,74,2,2021-12-13 09:14:29
1639386871010266000,124.0,1,123.5,2,124.0,73,1,2021-12-13 09:14:31
1639386871234697000,124.0,1,123.5,2,124.0,72,1,2021-12-13 09:14:31
1639386873505815000,124.0,2,123.5,2,124.0,70,1,2021-12-13 09:14:33
1639386875705411000,123.5,1,123.5,3,124.0,70,2,2021-12-13 09:14:35
1639386875936587000,124.0,1,123.5,3,124.0,69,1,2021-12-13 09:14:35
1639386876632003000,124.0,1,123.5,4,124.0,68,1,2021-12-13 09:14:36
1639386877541096000,124.0,1,123.5,4,124.0,67,1,2021-12-13 09:14:37
1639386878081630000,123.5,1,123.5,3,124.0,67,2,2021-12-13 09:14:38
1639386879956020000,124.0,1,123.5,4,124.0,66,1,2021-12-13 09:14:39
1639386882455675000,124.0,1,123.5,5,124.0,65,1,2021-12-13 09:14:42
1639386886018280000,124.0,1,123.5,5,124.0,64,1,2021-12-13 09:14:46
1639386886204567000,123.5,5,123.0,16,123.5,59,2,2021-12-13 09:14:46
1639386888381063000,123.5,2,123.0,20,123.5,57,1,2021-12-13 09:14:48
1639386888520856000,123.5,1,123.0,19,123.5,56,1,2021-12-13 09:14:48
1639386888828120000,123.5,3,123.0,19,123.5,53,1,2021-12-13 09:14:48
1639386889751565000,123.5,2,123.0,19,123.5,51,1,2021-12-13 09:14:49
1639386895203149000,123.5,1,123.0,23,123.5,51,1,2021-12-13 09:14:55
1639386898777220000,123.5,1,123.0,25,123.5,50,1,2021-12-13 09:14:58
1639386900093693000,123.0,25,122.5,18,123.0,24,2,2021-12-13 09:15:00
1639386900407154000,123.0,3,122.5,18,123.0,21,1,2021-12-13 09:15:00
1639386901122128000,123.0,1,122.5,15,123.0,20,1,2021-12-13 09:15:01
1639386902662439000,123.0,1,122.5,15,123.0,19,1,2021-12-13 09:15:02
1639386907344041000,123.0,1,122.5,15,123.0,18,1,2021-12-13 09:15:07
1639386907350710000,123.0,1,122.5,15,123.0,17,1,2021-12-13 09:15:07
1639386907657314000,123.0,10,122.5,15,123.0,7,1,2021-12-13 09:15:07
1639386907698014000,123.0,3,122.5,15,123.0,4,1,2021-12-13 09:15:07
1639386909774126000,123.0,1,122.5,15,123.0,3,1,2021-12-13 09:15:09
1639386909802347000,123.0,2,122.5,15,123.0,1,1,2021-12-13 09:15:09
1639386910488853000,123.0,1,122.5,16,123.5,1,1,2021-12-13 09:15:10
1639386913712855000,123.0,2,123.0,4,123.5,1,2,2021-12-13 09:15:13
1639386916324419000,123.0,2,123.0,9,123.5,1,2,2021-12-13 09:15:16
1639386920686153000,123.5,1,123.0,9,123.5,2,1,2021-12-13 09:15:20
1639386921062017000,123.5,1,123.0,9,123.5,1,1,2021-12-13 09:15:21
1639386925079292000,123.0,3,123.0,6,123.5,1,2,2021-12-13 09:15:25
1639386927264563000,123.0,1,123.0,5,123.5,3,2,2021-12-13 09:15:27
1639386927492558000,123.0,5,122.5,21,123.5,3,2,2021-12-13 09:15:27
1639386927499084000,123.5,1,122.5,21,123.5,2,1,2021-12-13 09:15:27
1639386931783432000,123.5,1,123.0,1,123.5,1,1,2021-12-13 09:15:31
1639386934682789000,123.5,1,123.0,2,124.0,2,1,2021-12-13 09:15:34
1639386936264300000,123.5,1,123.5,1,124.0,6,1,2021-12-13 09:15:36
1639386937068024000,124.0,1,123.5,1,124.0,3,1,2021-12-13 09:15:37
1639386941900051000,123.5,2,123.0,2,123.5,1,2,2021-12-13 09:15:41
1639386942201079000,123.5,1,123.0,2,124.0,7,1,2021-12-13 09:15:42
1639386951665840000,123.5,1,123.0,3,123.5,10,2,2021-12-13 09:15:51
1639386952744943000,123.5,1,123.0,8,123.5,9,1,2021-12-13 09:15:52
1639386963150676000,123.5,1,123.0,12,123.5,8,1,2021-12-13 09:16:03
1639386963239502000,123.0,10,123.0,2,123.5,8,2,2021-12-13 09:16:03
1639386964200915000,123.5,1,123.0,2,123.5,7,1,2021-12-13 09:16:04
1639386965540360000,123.5,1,123.0,2,123.5,6,1,2021-12-13 09:16:05
1639386966825896000,123.0,1,123.0,1,123.5,6,2,2021-12-13 09:16:06
1639386967558832000,123.0,1,123.0,1,123.5,6,2,2021-12-13 09:16:07
1639386969771476000,123.5,1,123.0,1,123.5,5,1,2021-12-13 09:16:09
1639386969902295000,123.0,1,122.5,22,123.5,5,2,2021-12-13 09:16:09
1639386972019196000,123.5,2,123.0,1,123.5,3,1,2021-12-13 09:16:12
1639386980496629000,123.0,12,122.5,23,123.0,5,2,2021-12-13 09:16:20
1639386980604479000,122.5,3,122.5,20,123.0,5,2,2021-12-13 09:16:20
1639386981459043000,123.0,2,122.5,20,123.0,18,1,2021-12-13 09:16:21
1639386984935962000,122.5,1,122.5,19,123.0,18,2,2021-12-13 09:16:24
1639386986029250000,123.0,5,122.5,19,123.0,13,1,2021-12-13 09:16:26
1639386991359839000,123.0,1,122.5,19,123.0,13,1,2021-12-13 09:16:31
1639386992067866000,122.5,1,122.5,18,123.0,13,2,2021-12-13 09:16:32
1639386993226794000,123.0,1,122.5,19,123.0,12,1,2021-12-13 09:16:33
1639386997148175000,123.0,1,122.5,19,123.0,13,1,2021-12-13 09:16:37
1639386998127932000,123.0,3,122.5,19,123.0,10,1,2021-12-13 09:16:38
1639387003232579000,123.0,1,122.5,20,123.0,15,1,2021-12-13 09:16:43
1639387004374069000,123.0,1,122.5,20,123.0,14,1,2021-12-13 09:16:44
1639387008422050000,123.0,1,122.5,20,123.0,15,1,2021-12-13 09:16:48
1639387009174986000,122.5,7,122.5,13,123.0,15,2,2021-12-13 09:16:49
1639387010303034000,122.5,1,122.5,12,123.0,15,2,2021-12-13 09:16:50
1639387013677092000,122.5,9,122.5,3,123.0,16,2,2021-12-13 09:16:53
1639387013714372000,122.5,3,122.0,41,123.0,17,2,2021-12-13 09:16:53
1639387017426010000,122.5,1,122.0,41,123.0,17,2,2021-12-13 09:16:57
1639387023818161000,122.5,1,122.5,3,123.0,16,2,2021-12-13 09:17:03
1639387026636485000,123.0,1,122.5,4,123.0,15,1,2021-12-13 09:17:06
1639387027397213000,122.5,1,122.5,3,123.0,15,2,2021-12-13 09:17:07
1639387029802766000,122.5,4,122.0,42,123.0,16,2,2021-12-13 09:17:09
1639387036665843000,123.0,6,122.0,43,123.0,11,1,2021-12-13 09:17:16
1639387040673295000,122.0,43,121.5,39,123.0,10,2,2021-12-13 09:17:20
1639387047613115000,122.5,2,121.5,39,123.0,12,1,2021-12-13 09:17:27
1639387058064375000,122.0,1,122.0,3,122.5,2,2,2021-12-13 09:17:38
1639387059312547000,122.0,1,122.0,2,122.5,2,2,2021-12-13 09:17:39
1639387066410567000,122.0,2,121.5,39,122.5,2,2,2021-12-13 09:17:46
1639387067478823000,122.0,1,121.5,39,122.5,3,2,2021-12-13 09:17:47
1639387095316380000,122.0,3,122.0,2,122.5,5,2,2021-12-13 09:18:15
1639387100438227000,122.5,1,122.0,3,122.5,4,1,2021-12-13 09:18:20
1639387110335912000,122.5,1,122.0,6,122.5,5,1,2021-12-13 09:18:30
1639387113219285000,122.5,1,122.0,6,122.5,3,1,2021-12-13 09:18:33
1639387114120096000,122.5,1,122.0,6,122.5,2,1,2021-12-13 09:18:34
1639387127716443000,122.0,2,122.0,6,122.5,1,2,2021-12-13 09:18:47
1639387137904127000,122.5,1,122.0,6,122.5,2,1,2021-12-13 09:18:57
1639387145511499000,122.5,1,122.0,6,122.5,1,1,2021-12-13 09:19:05
1639387148378793000,122.0,3,122.0,3,122.5,2,2,2021-12-13 09:19:08
1639387148809271000,122.5,2,122.5,3,123.0,18,1,2021-12-13 09:19:08
1639387161488831000,123.0,10,122.5,3,123.0,9,1,2021-12-13 09:19:21
1639387162929223000,122.5,2,122.5,1,123.0,9,2,2021-12-13 09:19:22
1639387165084280000,123.0,1,122.5,1,123.0,9,1,2021-12-13 09:19:25
1639387170278602000,123.0,1,122.5,2,123.0,8,1,2021-12-13 09:19:30
1639387181241863000,123.0,1,122.5,14,123.0,7,1,2021-12-13 09:19:41
1639387186576572000,123.0,5,122.5,14,123.0,2,1,2021-12-13 09:19:46
1639387189191256000,123.0,1,122.5,14,123.0,1,1,2021-12-13 09:19:49
1639387189752367000,123.0,1,122.5,16,123.5,6,1,2021-12-13 09:19:49
1639387213856188000,123.5,1,123.0,6,123.5,6,1,2021-12-13 09:20:13
1639387218599223000,123.5,1,123.0,10,123.5,5,1,2021-12-13 09:20:18
1639387218821561000,123.5,1,123.0,10,123.5,4,1,2021-12-13 09:20:18
1639387218996887000,123.5,1,123.0,10,123.5,2,1,2021-12-13 09:20:18
1639387219337503000,123.5,1,123.0,10,123.5,1,1,2021-12-13 09:20:19
1639387219504058000,123.5,1,123.0,10,124.0,19,1,2021-12-13 09:20:19
1639387226075189000,124.0,1,123.5,4,124.0,14,1,2021-12-13 09:20:26
1639387227259661000,123.5,1,123.5,3,124.0,14,2,2021-12-13 09:20:27
1639387231612249000,123.5,1,123.5,3,124.0,15,2,2021-12-13 09:20:31
1639387234501882000,123.5,1,123.5,7,124.0,15,2,2021-12-13 09:20:34
1639387240008990000,124.0,1,123.5,12,124.0,14,1,2021-12-13 09:20:40
1639387241829785000,124.0,2,123.5,12,124.0,12,1,2021-12-13 09:20:41
1639387244229149000,124.0,2,123.5,11,124.0,10,1,2021-12-13 09:20:44
1639387245802500000,124.0,5,123.5,11,124.0,5,1,2021-12-13 09:20:45
1639387246961065000,123.5,2,123.5,9,124.0,5,2,2021-12-13 09:20:46
1639387247166506000,124.0,1,123.5,9,124.0,4,1,2021-12-13 09:20:47
1639387247841210000,124.0,1,123.5,9,124.0,5,1,2021-12-13 09:20:47
1639387249844183000,124.0,1,123.5,9,124.0,4,1,2021-12-13 09:20:49
1639387257076095000,124.0,3,123.5,9,124.0,1,1,2021-12-13 09:20:57
1639387258918579000,124.0,1,123.5,9,124.0,1,1,2021-12-13 09:20:58
1639387262161859000,124.0,1,123.5,9,124.0,1,1,2021-12-13 09:21:02
1639387263088722000,124.0,1,123.5,9,124.5,20,1,2021-12-13 09:21:03
1639387264201190000,124.0,2,123.5,9,124.0,1,2,2021-12-13 09:21:04
1639387265312680000,124.0,1,124.0,1,124.5,18,1,2021-12-13 09:21:05
1639387269978539000,124.5,1,124.0,4,124.5,17,1,2021-12-13 09:21:09
1639387270908411000,124.0,4,123.5,12,124.0,5,2,2021-12-13 09:21:10
1639387274833702000,124.0,1,123.5,13,124.0,9,1,2021-12-13 09:21:14
1639387275971324000,124.0,1,123.5,13,124.0,8,1,2021-12-13 09:21:15
1639387279030342000,124.0,1,123.5,13,124.0,7,1,2021-12-13 09:21:19
1639387279374997000,124.0,1,123.5,13,124.0,6,1,2021-12-13 09:21:19
1639387282893349000,123.5,1,123.5,12,124.0,9,2,2021-12-13 09:21:22
1639387283122165000,123.5,9,123.5,3,124.0,10,2,2021-12-13 09:21:23
1639387286922239000,124.0,1,123.5,6,124.0,7,1,2021-12-13 09:21:26
1639387290391585000,124.0,7,123.5,6,124.5,22,1,2021-12-13 09:21:30
1639387302322084000,124.0,5,124.0,2,124.5,24,2,2021-12-13 09:21:42
1639387302340885000,124.0,2,123.5,6,124.5,24,2,2021-12-13 09:21:42
1639387314104034000,124.0,2,123.5,6,124.0,3,1,2021-12-13 09:21:54
1639387319475775000,124.0,1,123.5,9,124.0,14,1,2021-12-13 09:21:59
1639387321854467000,124.0,1,123.5,9,124.0,13,1,2021-12-13 09:22:01
1639387322789252000,124.0,1,123.5,9,124.0,12,1,2021-12-13 09:22:02
1639387331561807000,124.0,1,123.5,9,124.0,11,1,2021-12-13 09:22:11
1639387332726695000,124.0,2,123.5,9,124.0,9,1,2021-12-13 09:22:12
1639387358846484000,123.5,4,123.5,7,124.0,21,2,2021-12-13 09:22:38
1639387359074104000,123.5,7,123.0,15,124.0,22,2,2021-12-13 09:22:39
1639387369428724000,124.0,2,123.0,16,124.0,20,1,2021-12-13 09:22:49
1639387372497412000,123.5,2,123.0,16,123.5,8,2,2021-12-13 09:22:52
1639387378776663000,123.5,1,123.0,16,123.5,13,1,2021-12-13 09:22:58
1639387378962989000,123.0,7,123.0,9,123.5,13,2,2021-12-13 09:22:58
1639387382250984000,123.5,2,123.0,9,123.5,12,1,2021-12-13 09:23:02
1639387385900248000,123.5,1,123.0,11,123.5,11,1,2021-12-13 09:23:05
1639387399130558000,123.5,1,123.0,11,123.5,11,1,2021-12-13 09:23:19
1639387412570753000,123.0,10,122.5,22,123.5,11,2,2021-12-13 09:23:32
1639387421672352000,123.5,5,123.0,1,123.5,8,1,2021-12-13 09:23:41
1639387433859399000,123.0,1,122.5,22,123.5,8,2,2021-12-13 09:23:53
1639387443849746000,123.0,1,122.5,22,123.0,1,1,2021-12-13 09:24:03
1639387462567676000,123.0,1,123.0,2,123.5,16,2,2021-12-13 09:24:22
1639387471147534000,123.0,1,123.0,10,123.5,14,2,2021-12-13 09:24:31
1639387500516766000,123.5,1,123.0,18,123.5,13,1,2021-12-13 09:25:00
1639387503065964000,123.0,1,123.0,17,123.5,13,2,2021-12-13 09:25:03
1639387540338584000,123.5,1,123.0,22,123.5,11,1,2021-12-13 09:25:40
1639387543994675000,123.0,22,122.5,20,123.0,18,2,2021-12-13 09:25:43
1639387549556070000,123.0,1,122.5,21,123.0,17,1,2021-12-13 09:25:49
1639387578407390000,123.0,1,122.5,22,123.0,17,1,2021-12-13 09:26:18
1639387586899831000,123.0,1,122.5,22,123.0,16,1,2021-12-13 09:26:26
1639387599498313000,123.0,1,122.5,22,123.0,16,1,2021-12-13 09:26:39
1639387608022112000,123.0,1,122.5,22,123.0,15,1,2021-12-13 09:26:48
1639387612773898000,122.5,22,121.5,19,123.0,17,2,2021-12-13 09:26:52
1639387612773898000,122.0,44,121.5,19,123.0,17,2,2021-12-13 09:26:52
1639387612773898000,121.5,34,121.5,19,123.0,17,2,2021-12-13 09:26:52
1639387613682994000,123.0,1,121.5,19,123.0,17,1,2021-12-13 09:26:53
1639387626836282000,122.5,5,122.0,1,122.5,12,2,2021-12-13 09:27:06
1639387629027367000,122.0,1,121.5,19,122.5,12,2,2021-12-13 09:27:09
1639387641240875000,122.0,1,121.5,22,122.5,11,1,2021-12-13 09:27:21
1639387641240875000,122.5,1,121.5,22,122.5,11,1,2021-12-13 09:27:21
1639387651805904000,122.5,2,121.5,33,122.5,10,1,2021-12-13 09:27:31
1639387654918355000,121.5,1,121.5,33,122.5,11,2,2021-12-13 09:27:34
1639387667017507000,121.5,1,121.5,29,122.0,1,2,2021-12-13 09:27:47
1639387678705637000,121.5,1,121.5,28,122.0,1,2,2021-12-13 09:27:58
1639387684336543000,121.5,8,121.5,20,122.0,2,2,2021-12-13 09:28:04
1639387688064616000,121.5,1,121.5,19,122.0,2,2,2021-12-13 09:28:08
1639387693595663000,121.5,1,121.5,18,122.0,1,2,2021-12-13 09:28:13
1639387694404951000,121.5,10,121.5,8,122.0,1,2,2021-12-13 09:28:14
1639387696655835000,121.5,2,121.5,6,122.0,2,2,2021-12-13 09:28:16
1639387696687504000,121.5,1,121.5,5,122.0,2,2,2021-12-13 09:28:16
1639387698318859000,121.5,2,121.5,3,122.0,2,2,2021-12-13 09:28:18
1639387699674814000,121.5,1,121.5,3,122.0,2,2,2021-12-13 09:28:19
1639387701464198000,121.5,3,121.0,29,122.0,2,2,2021-12-13 09:28:21
1639387701464198000,121.0,7,121.0,29,122.0,2,2,2021-12-13 09:28:21
1639387702364136000,121.5,1,121.0,29,121.5,6,1,2021-12-13 09:28:22
1639387708399273000,121.0,29,120.5,16,121.0,21,2,2021-12-13 09:28:28
1639387715018536000,121.0,1,120.5,18,121.0,4,1,2021-12-13 09:28:35
1639387716930839000,120.5,1,120.5,17,121.0,6,2,2021-12-13 09:28:36
1639387720479545000,120.5,12,120.5,5,121.0,6,2,2021-12-13 09:28:40
1639387722569057000,120.5,1,120.5,4,121.0,6,2,2021-12-13 09:28:42
1639387724302923000,120.5,4,120.0,75,120.5,1,2,2021-12-13 09:28:44
1639387727152593000,120.5,1,120.0,75,120.5,1,1,2021-12-13 09:28:47
1639387728801582000,120.0,2,120.0,73,120.5,1,2,2021-12-13 09:28:48
1639387730225185000,120.0,1,120.0,71,120.5,2,2,2021-12-13 09:28:50
1639387730713746000,120.5,1,120.0,71,120.5,1,1,2021-12-13 09:28:50
1639387733110008000,120.0,1,120.0,69,120.5,1,2,2021-12-13 09:28:53
1639387734537177000,120.0,1,120.0,67,120.5,1,2,2021-12-13 09:28:54
1639387735840195000,120.5,1,120.0,67,121.0,7,1,2021-12-13 09:28:55
1639387737006352000,120.0,10,120.0,57,121.0,8,2,2021-12-13 09:28:57
1639387738972817000,120.0,1,120.0,56,121.0,7,2,2021-12-13 09:28:58
1639387740144490000,120.0,1,120.0,55,121.0,6,2,2021-12-13 09:29:00
1639387745372981000,120.5,1,120.5,19,121.0,6,1,2021-12-13 09:29:05
1639387746699656000,120.5,3,120.5,16,121.0,6,2,2021-12-13 09:29:06
1639387746738109000,121.0,6,121.0,44,121.5,8,1,2021-12-13 09:29:06
1639387749047435000,121.0,4,121.0,41,121.5,8,2,2021-12-13 09:29:09
1639387749245278000,121.5,5,121.0,41,121.5,3,1,2021-12-13 09:29:09
1639387754744503000,121.5,1,121.0,40,121.5,1,1,2021-12-13 09:29:14
1639387754973704000,121.5,1,121.0,40,122.0,3,1,2021-12-13 09:29:14
1639387755634611000,122.0,1,121.0,42,122.0,2,1,2021-12-13 09:29:15
1639387768981310000,121.0,1,121.0,42,122.0,2,2,2021-12-13 09:29:28
1639387770409001000,121.5,1,121.0,33,122.0,2,1,2021-12-13 09:29:30
1639387770409001000,121.0,9,121.0,33,122.0,2,2,2021-12-13 09:29:30
1639387779086732000,121.5,5,121.0,34,122.0,6,1,2021-12-13 09:29:39
1639387808624658000,121.5,1,121.5,18,122.0,7,2,2021-12-13 09:30:08
1639387819204667000,121.5,10,121.5,13,122.0,6,2,2021-12-13 09:30:19
1639387833010917000,121.5,1,121.5,12,122.0,5,2,2021-12-13 09:30:33
1639387842721818000,121.5,1,121.5,11,122.0,5,2,2021-12-13 09:30:42
1639387842873725000,121.5,5,121.5,6,122.0,5,2,2021-12-13 09:30:42
1639387857335682000,121.5,4,121.5,8,122.0,7,2,2021-12-13 09:30:57
1639387858752544000,121.5,1,121.5,7,122.0,7,2,2021-12-13 09:30:58
1639387859656180000,121.5,5,121.5,2,122.0,7,2,2021-12-13 09:30:59
1639387861960103000,121.5,1,121.5,1,122.0,8,2,2021-12-13 09:31:01
1639387864608344000,121.5,1,121.0,23,122.0,8,2,2021-12-13 09:31:04
1639387864608344000,121.0,9,121.0,23,122.0,8,2,2021-12-13 09:31:04
1639387880548775000,121.0,1,121.0,22,121.5,3,2,2021-12-13 09:31:20
1639387893317471000,121.5,4,121.5,1,122.0,5,1,2021-12-13 09:31:33
1639387894788154000,121.5,1,121.0,22,122.0,5,2,2021-12-13 09:31:34
1639387906613631000,121.5,1,121.5,4,122.0,6,2,2021-12-13 09:31:46
1639387914678264000,122.0,1,121.5,4,122.0,5,1,2021-12-13 09:31:54
1639387919209143000,121.5,1,121.5,4,122.0,4,2,2021-12-13 09:31:59
1639387933508356000,121.5,1,121.5,5,122.0,4,2,2021-12-13 09:32:13
1639387952517938000,121.5,1,121.5,6,122.0,3,2,2021-12-13 09:32:32
1639387987966184000,121.5,1,121.5,5,122.0,3,2,2021-12-13 09:33:07
1639387996823284000,121.5,1,121.5,4,122.0,3,2,2021-12-13 09:33:16
1639388011804795000,121.5,1,121.5,7,122.0,3,2,2021-12-13 09:33:31
1639388011856848000,121.5,1,121.5,6,122.0,3,2,2021-12-13 09:33:31
1639388060334951000,122.0,3,121.5,10,122.0,2,1,2021-12-13 09:34:20
1639388067682205000,122.0,1,121.5,11,122.0,1,1,2021-12-13 09:34:27
1639388068213000000,122.0,1,121.5,10,122.5,8,1,2021-12-13 09:34:28
1639388079258315000,122.5,7,122.0,2,122.5,2,1,2021-12-13 09:34:39
1639388093514373000,122.5,1,122.0,2,122.5,1,1,2021-12-13 09:34:53
1639388118344432000,122.5,1,122.0,5,123.0,32,1,2021-12-13 09:35:18
1639388165926361000,123.0,1,122.0,11,123.0,35,1,2021-12-13 09:36:05
1639388169328381000,122.5,1,122.0,10,122.5,9,2,2021-12-13 09:36:09
1639388180408518000,122.0,1,122.0,9,122.5,10,2,2021-12-13 09:36:20
1639388208796938000,122.0,1,122.0,7,122.5,29,2,2021-12-13 09:36:48
1639388232724760000,122.0,1,122.0,7,122.5,33,2,2021-12-13 09:37:12
1639388243971892000,122.0,1,122.0,8,122.5,30,2,2021-12-13 09:37:23
1639388250315321000,122.0,9,121.5,15,122.0,1,2,2021-12-13 09:37:30
1639388255923361000,122.0,1,122.0,2,122.5,30,1,2021-12-13 09:37:35
1639388273016025000,122.0,1,122.0,1,122.5,30,2,2021-12-13 09:37:53
1639388278508040000,122.0,1,121.5,15,122.5,30,2,2021-12-13 09:37:58
1639388302246804000,122.0,1,121.5,16,122.0,7,1,2021-12-13 09:38:22
1639388314242182000,122.0,2,121.5,16,122.0,5,1,2021-12-13 09:38:34
1639388363753158000,122.0,1,121.5,16,122.0,5,1,2021-12-13 09:39:23
1639388374077084000,122.0,1,121.5,16,122.0,4,1,2021-12-13 09:39:34
1639388400521597000,122.0,1,121.5,16,122.0,3,1,2021-12-13 09:40:00
1639388403568066000,122.0,2,121.5,16,122.0,1,1,2021-12-13 09:40:03
1639388405395623000,122.0,1,121.5,16,122.5,30,1,2021-12-13 09:40:05
1639388411076552000,122.0,1,122.0,3,122.5,31,2,2021-12-13 09:40:11
1639388425068558000,122.0,4,121.5,15,122.0,4,2,2021-12-13 09:40:25
1639388425621660000,122.0,1,121.5,15,122.0,3,1,2021-12-13 09:40:25
1639388437162826000,121.5,1,121.5,14,122.0,3,2,2021-12-13 09:40:37
1639388444144220000,121.5,1,121.5,13,122.0,3,2,2021-12-13 09:40:44
1639388481391844000,121.5,4,121.5,10,122.0,6,2,2021-12-13 09:41:21
1639388491775214000,121.5,2,121.5,8,122.0,7,2,2021-12-13 09:41:31
1639388495005160000,121.5,1,121.5,7,122.0,7,2,2021-12-13 09:41:35
1639388500410094000,121.5,3,121.5,4,122.0,7,2,2021-12-13 09:41:40
1639388503498058000,121.5,3,121.5,21,122.0,6,2,2021-12-13 09:41:43
1639388521992118000,121.5,1,121.5,24,122.0,5,2,2021-12-13 09:42:01
1639388527714898000,121.5,1,121.5,24,122.0,6,2,2021-12-13 09:42:07
1639388528206171000,122.0,1,121.5,24,122.0,5,1,2021-12-13 09:42:08
1639388534088131000,122.0,1,121.5,24,122.0,4,1,2021-12-13 09:42:14
1639388535403949000,122.0,3,121.5,24,122.0,1,1,2021-12-13 09:42:15
1639388558145410000,122.0,1,121.5,24,122.5,30,1,2021-12-13 09:42:38
1639388561612839000,122.5,10,121.5,24,122.5,20,1,2021-12-13 09:42:41
1639388571559915000,122.5,1,122.0,1,122.5,20,1,2021-12-13 09:42:51
1639388573659494000,122.5,5,122.0,2,122.5,15,1,2021-12-13 09:42:53
1639388575625175000,122.5,1,122.0,2,122.5,14,1,2021-12-13 09:42:55
1639388576905631000,122.5,2,122.0,2,122.5,12,1,2021-12-13 09:42:56
1639388590943700000,122.5,1,122.0,4,122.5,12,1,2021-12-13 09:43:10
1639388631880535000,122.5,2,122.0,6,122.5,11,1,2021-12-13 09:43:51
1639388641206912000,122.0,10,121.5,25,122.5,11,2,2021-12-13 09:44:01
1639388668107857000,122.0,1,122.0,4,122.5,12,2,2021-12-13 09:44:28
1639388681776715000,122.0,1,122.0,3,122.5,12,2,2021-12-13 09:44:41
1639388702007008000,122.0,2,122.0,2,122.5,13,2,2021-12-13 09:45:02
1639388702756022000,122.0,2,121.5,24,122.0,6,2,2021-12-13 09:45:02
1639388702894200000,122.0,6,122.0,5,122.5,13,1,2021-12-13 09:45:02
1639388715563556000,122.0,1,122.0,7,122.5,13,2,2021-12-13 09:45:15
1639388761548500000,122.0,3,122.0,4,122.5,14,2,2021-12-13 09:46:01
1639388782489260000,122.0,4,121.5,25,122.0,6,2,2021-12-13 09:46:22
1639388786545746000,122.0,1,121.5,25,122.0,5,1,2021-12-13 09:46:26
1639388800822112000,122.0,7,121.5,26,122.5,13,1,2021-12-13 09:46:40
1639388822693272000,122.0,1,121.5,26,122.0,9,2,2021-12-13 09:47:02
1639388825316348000,122.0,5,121.5,26,122.0,4,1,2021-12-13 09:47:05
1639388834140168000,122.0,1,121.5,26,122.0,3,1,2021-12-13 09:47:14
1639388842770860000,122.0,5,122.0,15,122.5,13,1,2021-12-13 09:47:22
1639388894649643000,122.0,2,122.0,17,122.5,18,2,2021-12-13 09:48:14
1639388927744891000,122.5,3,122.0,17,122.5,15,1,2021-12-13 09:48:47
1639388940084571000,122.5,5,122.0,17,122.5,10,1,2021-12-13 09:49:00
1639388949814540000,122.5,10,122.5,10,123.0,61,1,2021-12-13 09:49:09
1639388949988448000,122.5,7,122.5,3,123.0,61,2,2021-12-13 09:49:09
1639388965306171000,122.5,1,122.5,3,123.0,63,2,2021-12-13 09:49:25
1639388967889616000,122.5,3,122.0,14,123.0,63,2,2021-12-13 09:49:27
1639388967889616000,122.0,4,122.0,14,123.0,63,2,2021-12-13 09:49:27
1639389001870840000,122.5,1,122.0,14,122.5,17,1,2021-12-13 09:50:01
1639389019039679000,122.5,3,122.0,14,122.5,12,1,2021-12-13 09:50:19
1639389024398369000,122.0,2,122.0,12,122.5,12,2,2021-12-13 09:50:24
1639389024828332000,122.5,2,122.0,12,122.5,10,1,2021-12-13 09:50:24
1639389028236259000,122.0,2,122.0,10,122.5,30,2,2021-12-13 09:50:28
1639389031943204000,122.5,2,122.0,10,122.5,28,1,2021-12-13 09:50:31
1639389032529786000,122.5,1,122.0,10,122.5,27,1,2021-12-13 09:50:32
1639389044235853000,122.5,1,122.0,13,122.5,30,1,2021-12-13 09:50:44
1639389078739360000,122.5,1,122.0,19,122.5,25,1,2021-12-13 09:51:18
1639389080728406000,122.5,25,122.0,19,123.0,61,1,2021-12-13 09:51:20
1639389085023563000,122.5,1,122.0,20,122.5,1,1,2021-12-13 09:51:25
1639389087588290000,122.5,1,122.0,20,123.0,58,1,2021-12-13 09:51:27
1639389098534033000,122.5,3,122.0,19,122.5,7,2,2021-12-13 09:51:38
1639389101780163000,122.5,1,122.0,19,122.5,16,1,2021-12-13 09:51:41
1639389102716686000,122.5,1,122.0,19,122.5,15,1,2021-12-13 09:51:42
1639389111451002000,122.5,10,122.0,19,122.5,5,1,2021-12-13 09:51:51
1639389114948904000,122.5,1,122.0,15,122.5,4,1,2021-12-13 09:51:54
1639389116119176000,122.5,1,122.0,15,122.5,3,1,2021-12-13 09:51:56
1639389116125926000,122.5,1,122.0,15,122.5,2,1,2021-12-13 09:51:56
1639389123273583000,122.5,1,122.0,15,122.5,1,1,2021-12-13 09:52:03
1639389129482028000,122.5,1,122.0,15,122.5,1,1,2021-12-13 09:52:09
1639389134632304000,122.5,1,122.0,15,123.0,59,1,2021-12-13 09:52:14
1639389142185692000,122.5,1,122.5,1,123.0,71,2,2021-12-13 09:52:22
1639389149480080000,122.5,1,122.0,16,123.0,71,2,2021-12-13 09:52:29
1639389157180160000,122.5,2,122.5,13,123.0,71,2,2021-12-13 09:52:37
1639389157394398000,122.5,4,122.5,9,123.0,71,2,2021-12-13 09:52:37
1639389167369738000,122.5,2,122.5,8,123.0,71,2,2021-12-13 09:52:47
1639389170802828000,122.5,1,122.5,7,123.0,71,2,2021-12-13 09:52:50
1639389172942195000,123.0,2,122.5,7,123.0,69,1,2021-12-13 09:52:52
1639389178679543000,123.0,1,122.5,6,123.0,68,1,2021-12-13 09:52:58
1639389193984501000,122.5,1,122.5,5,123.0,68,2,2021-12-13 09:53:13
1639389223594631000,123.0,2,122.5,12,123.0,67,1,2021-12-13 09:53:43
1639389227397313000,123.0,10,122.5,12,123.0,50,1,2021-12-13 09:53:47
1639389240792787000,123.0,2,122.5,22,123.0,44,1,2021-12-13 09:54:00
1639389241485814000,123.0,8,122.5,22,123.0,36,1,2021-12-13 09:54:01
1639389248758649000,123.0,5,122.5,25,123.0,31,1,2021-12-13 09:54:08
1639389248983769000,123.0,4,122.5,25,123.0,27,1,2021-12-13 09:54:08
1639389249021229000,123.0,1,122.5,25,123.0,26,1,2021-12-13 09:54:09
1639389251440145000,123.0,1,122.5,25,123.0,25,1,2021-12-13 09:54:11
1639389260166997000,123.0,2,122.5,25,123.0,23,1,2021-12-13 09:54:20
1639389268992283000,123.0,3,122.5,27,123.0,20,1,2021-12-13 09:54:28
1639389271966599000,123.0,5,122.5,27,123.0,15,1,2021-12-13 09:54:31
1639389274245471000,123.0,3,122.5,27,123.0,12,1,2021-12-13 09:54:34
1639389275482258000,123.0,1,122.5,27,123.0,11,1,2021-12-13 09:54:35
1639389276057444000,123.0,1,122.5,27,123.0,10,1,2021-12-13 09:54:36
1639389294906398000,123.0,1,122.5,27,123.0,9,1,2021-12-13 09:54:54
1639389313203451000,123.0,1,122.5,27,123.0,8,1,2021-12-13 09:55:13
1639389313528519000,123.0,1,122.5,26,123.0,7,1,2021-12-13 09:55:13
1639389314087266000,123.0,3,122.5,26,123.0,4,1,2021-12-13 09:55:14
1639389319266259000,123.0,1,122.5,26,123.0,3,1,2021-12-13 09:55:19
1639389320329971000,123.0,2,122.5,26,123.0,1,1,2021-12-13 09:55:20
1639389325228922000,123.0,2,122.5,26,123.5,68,1,2021-12-13 09:55:25
1639389330880152000,123.0,1,123.0,11,123.5,70,2,2021-12-13 09:55:30
1639389346051790000,123.5,1,123.0,17,123.5,67,1,2021-12-13 09:55:46
1639389365831895000,123.5,1,123.0,18,123.5,66,1,2021-12-13 09:56:05
1639389367359512000,123.0,1,123.0,17,123.5,66,2,2021-12-13 09:56:07
1639389388359672000,123.0,11,123.0,8,123.5,66,2,2021-12-13 09:56:28
1639389404337109000,123.0,1,123.0,14,123.5,66,2,2021-12-13 09:56:44
1639389416130074000,123.0,1,123.0,14,123.5,67,2,2021-12-13 09:56:56
1639389416686718000,123.0,1,123.0,13,123.5,67,2,2021-12-13 09:56:56
1639389419104743000,123.5,3,123.0,13,123.5,65,1,2021-12-13 09:56:59
1639389439797133000,123.5,1,123.0,22,123.5,57,1,2021-12-13 09:57:19
1639389460796166000,123.5,2,123.0,22,123.5,55,1,2021-12-13 09:57:40
1639389479060662000,123.5,3,123.0,22,123.5,53,1,2021-12-13 09:57:59
1639389483381103000,123.5,1,123.0,22,123.5,52,1,2021-12-13 09:58:03
1639389504754582000,123.5,1,123.0,22,123.5,54,1,2021-12-13 09:58:24
1639389509487218000,123.5,20,123.0,22,123.5,34,1,2021-12-13 09:58:29
1639389511733869000,123.5,20,123.0,22,123.5,14,1,2021-12-13 09:58:31
1639389511742390000,123.5,3,123.0,22,123.5,11,1,2021-12-13 09:58:31
1639389511972537000,123.5,4,123.0,22,123.5,7,1,2021-12-13 09:58:31
1639389511997435000,123.5,1,123.0,22,123.5,6,1,2021-12-13 09:58:31
1639389514739501000,123.5,1,123.0,22,123.5,5,1,2021-12-13 09:58:34
1639389516106186000,123.5,3,123.0,22,123.5,2,1,2021-12-13 09:58:36
1639389519202466000,123.5,1,123.0,21,123.5,1,1,2021-12-13 09:58:39
1639389529643606000,124.0,1,123.5,5,124.0,17,1,2021-12-13 09:58:49
1639389533650009000,124.0,1,123.5,6,124.0,16,1,2021-12-13 09:58:53
1639389538029514000,124.0,1,123.5,6,124.0,14,1,2021-12-13 09:58:58
1639389543013738000,124.0,1,123.5,7,124.0,13,1,2021-12-13 09:59:03
1639389549002939000,124.0,1,123.5,9,124.0,8,1,2021-12-13 09:59:09
1639389550954905000,124.0,5,123.5,9,124.0,3,1,2021-12-13 09:59:10
1639389551283326000,124.0,1,123.5,9,124.0,2,1,2021-12-13 09:59:11
1639389553035298000,124.0,2,123.5,9,124.5,32,1,2021-12-13 09:59:13
1639389555333114000,124.0,1,123.5,9,124.5,33,2,2021-12-13 09:59:15
1639389563897750000,124.0,3,124.0,12,124.5,40,2,2021-12-13 09:59:23
1639389581864360000,124.5,1,124.0,16,124.5,39,1,2021-12-13 09:59:41
1639389589285497000,124.5,1,124.0,17,124.5,39,1,2021-12-13 09:59:49
1639389591292235000,124.5,1,124.0,17,124.5,38,1,2021-12-13 09:59:51
1639389597233025000,124.5,1,124.0,17,124.5,36,1,2021-12-13 09:59:57
1639389601045353000,124.5,1,124.0,17,124.5,26,1,2021-12-13 10:00:01
1639389603127341000,124.5,1,124.0,17,124.5,25,1,2021-12-13 10:00:03
1639389603811950000,124.5,10,124.0,17,124.5,15,1,2021-12-13 10:00:03
1639389606489718000,124.5,1,124.0,17,124.5,14,1,2021-12-13 10:00:06
1639389606517486000,124.5,1,124.0,17,124.5,13,1,2021-12-13 10:00:06
1639389607096534000,124.5,1,124.0,17,124.5,12,1,2021-12-13 10:00:07
1639389608295990000,124.5,2,124.0,17,124.5,8,1,2021-12-13 10:00:08
1639389608483407000,124.5,1,124.0,17,124.5,7,1,2021-12-13 10:00:08
1639389610922166000,124.5,1,124.0,17,124.5,6,1,2021-12-13 10:00:10
1639389611203068000,124.5,5,124.0,17,124.5,1,1,2021-12-13 10:00:11
1639389611610997000,124.5,1,124.5,14,125.0,67,1,2021-12-13 10:00:11
1639389616175889000,124.5,11,124.5,4,125.0,73,2,2021-12-13 10:00:16
1639389617233406000,125.0,2,124.5,4,125.0,71,1,2021-12-13 10:00:17
1639389621023111000,125.0,1,124.5,5,125.0,70,1,2021-12-13 10:00:21
1639389625096418000,125.0,5,124.5,5,125.0,65,1,2021-12-13 10:00:25
1639389626802341000,125.0,1,124.5,5,125.0,64,1,2021-12-13 10:00:26
1639389628089528000,125.0,2,124.5,6,125.0,62,1,2021-12-13 10:00:28
1639389630034483000,125.0,1,124.5,6,125.0,61,1,2021-12-13 10:00:30
1639389637054464000,125.0,1,124.5,6,125.0,60,1,2021-12-13 10:00:37
1639389637741834000,125.0,10,124.5,6,125.0,50,1,2021-12-13 10:00:37
1639389637770115000,125.0,1,124.5,6,125.0,49,1,2021-12-13 10:00:37
1639389638889294000,125.0,2,124.5,6,125.0,47,1,2021-12-13 10:00:38
1639389640240107000,125.0,1,124.5,6,125.0,46,1,2021-12-13 10:00:40
1639389640629206000,125.0,1,124.5,6,125.0,45,1,2021-12-13 10:00:40
1639389642520933000,125.0,1,124.5,6,125.0,44,1,2021-12-13 10:00:42
1639389642576620000,125.0,1,124.5,6,125.0,43,1,2021-12-13 10:00:42
1639389643051723000,125.0,1,124.5,6,125.0,42,1,2021-12-13 10:00:43
1639389643249485000,125.0,10,124.5,6,125.0,32,1,2021-12-13 10:00:43
1639389644198546000,125.0,2,124.5,6,125.0,30,1,2021-12-13 10:00:44
1639389645251224000,125.0,1,124.5,6,125.0,29,1,2021-12-13 10:00:45
1639389648235612000,125.0,10,124.5,7,125.0,13,1,2021-12-13 10:00:48
1639389648383727000,125.0,1,124.5,6,125.0,12,1,2021-12-13 10:00:48
1639389648898339000,125.0,10,124.5,6,125.0,2,1,2021-12-13 10:00:48
1639389648929325000,125.0,2,124.5,6,125.5,20,1,2021-12-13 10:00:48
1639389649473906000,125.5,1,124.5,8,125.5,20,1,2021-12-13 10:00:49
1639389649726090000,125.5,1,125.0,1,125.5,19,1,2021-12-13 10:00:49
1639389652525684000,125.0,1,125.0,4,125.5,18,2,2021-12-13 10:00:52
1639389654193853000,125.0,1,125.0,4,125.5,18,2,2021-12-13 10:00:54
1639389655234273000,125.5,1,125.0,4,125.5,17,1,2021-12-13 10:00:55
1639389656569648000,125.5,2,125.0,5,125.5,15,1,2021-12-13 10:00:56
1639389656604825000,125.5,1,125.0,5,125.5,14,1,2021-12-13 10:00:56
1639389657516414000,125.5,1,125.0,6,125.5,18,1,2021-12-13 10:00:57
1639389658058476000,125.5,1,125.0,6,125.5,18,1,2021-12-13 10:00:58
1639389658457703000,125.5,2,125.0,6,125.5,16,1,2021-12-13 10:00:58
1639389660581606000,125.5,1,125.0,7,125.5,15,1,2021-12-13 10:01:00
1639389668288730000,125.5,1,125.0,16,125.5,10,1,2021-12-13 10:01:08
1639389669516716000,125.5,1,125.0,16,125.5,9,1,2021-12-13 10:01:09
1639389669979206000,125.5,9,125.5,1,126.0,63,1,2021-12-13 10:01:09
1639389674192859000,125.5,2,125.0,16,126.0,63,2,2021-12-13 10:01:14
1639389675987758000,126.0,1,125.5,2,126.0,62,1,2021-12-13 10:01:15
1639389685091434000,126.0,1,125.5,16,126.0,62,1,2021-12-13 10:01:25
1639389688632681000,126.0,1,125.5,16,126.0,61,1,2021-12-13 10:01:28
1639389689230865000,126.0,2,125.5,16,126.0,59,1,2021-12-13 10:01:29
1639389691019864000,126.0,1,125.5,16,126.0,58,1,2021-12-13 10:01:31
1639389692872864000,126.0,1,125.5,16,126.0,57,1,2021-12-13 10:01:32
1639389695019351000,126.0,1,125.5,16,126.0,56,1,2021-12-13 10:01:35
1639389699289480000,126.0,1,125.5,16,126.0,52,1,2021-12-13 10:01:39
1639389701086091000,126.0,1,125.5,16,126.0,51,1,2021-12-13 10:01:41
1639389702797355000,126.0,1,125.5,16,126.0,50,1,2021-12-13 10:01:42
1639389712700863000,126.0,1,125.5,14,126.0,50,1,2021-12-13 10:01:52
1639389714489783000,126.0,1,125.5,14,126.0,49,1,2021-12-13 10:01:54
1639389715187251000,125.5,5,125.5,9,126.0,49,2,2021-12-13 10:01:55
1639389716109393000,126.0,3,125.5,9,126.0,46,1,2021-12-13 10:01:56
1639389717018099000,125.5,1,125.5,8,126.0,46,2,2021-12-13 10:01:57
1639389718123709000,126.0,1,125.5,8,126.0,45,1,2021-12-13 10:01:58
1639389735423276000,126.0,5,125.5,10,126.0,44,1,2021-12-13 10:02:15
1639389735647615000,125.5,10,125.0,9,126.0,42,2,2021-12-13 10:02:15
1639389749183189000,125.5,1,125.0,7,125.5,2,2,2021-12-13 10:02:29
1639389760044006000,125.5,1,125.0,6,125.5,4,1,2021-12-13 10:02:40
1639389772242722000,125.5,3,125.0,11,126.0,36,1,2021-12-13 10:02:52
1639389772242722000,126.0,6,125.0,11,126.0,36,1,2021-12-13 10:02:52
1639389775100176000,125.0,4,125.0,7,125.5,1,2,2021-12-13 10:02:55
1639389780050432000,125.5,1,125.5,4,126.0,36,1,2021-12-13 10:03:00
1639389787783350000,126.0,36,126.0,14,126.5,2,1,2021-12-13 10:03:07
1639389790720642000,126.0,1,126.0,14,126.5,3,2,2021-12-13 10:03:10
1639389798990275000,126.0,1,126.0,22,126.5,8,2,2021-12-13 10:03:18
1639389809345407000,126.0,2,126.0,19,126.5,8,2,2021-12-13 10:03:29
1639389834568035000,126.5,1,126.0,19,126.5,7,1,2021-12-13 10:03:54
1639389834932719000,126.5,1,126.0,19,126.5,6,1,2021-12-13 10:03:54
1639389839142596000,126.0,19,125.5,1,126.5,5,2,2021-12-13 10:03:59
1639389851175958000,126.0,2,125.5,1,126.5,11,2,2021-12-13 10:04:11
1639389888799236000,126.0,1,125.5,11,126.0,11,1,2021-12-13 10:04:48
1639389894311902000,126.0,1,125.5,14,126.0,11,1,2021-12-13 10:04:54
1639389899283241000,126.0,1,125.5,15,126.0,5,1,2021-12-13 10:04:59
1639389907509437000,125.5,1,125.5,14,126.0,3,2,2021-12-13 10:05:07
1639389945187203000,126.0,1,125.5,18,126.0,2,1,2021-12-13 10:05:45
1639389945511702000,126.0,1,125.5,18,126.0,1,1,2021-12-13 10:05:45
1639389950279546000,126.0,1,125.5,19,126.5,10,1,2021-12-13 10:05:50
1639389965218145000,126.0,1,125.5,19,126.5,10,1,2021-12-13 10:06:05
1639389981741750000,126.0,4,125.5,19,126.0,2,1,2021-12-13 10:06:21
1639389992991504000,126.0,1,125.5,21,126.0,2,1,2021-12-13 10:06:32
1639390001016420000,126.0,2,126.0,3,126.5,9,1,2021-12-13 10:06:41
1639390011936779000,126.5,1,126.0,3,126.5,9,1,2021-12-13 10:06:51
1639390015369166000,126.5,8,126.0,5,126.5,1,1,2021-12-13 10:06:55
1639390015397716000,126.5,1,126.0,5,127.0,21,1,2021-12-13 10:06:55
1639390033223238000,126.5,1,126.0,12,127.0,22,2,2021-12-13 10:07:13
1639390034528018000,127.0,1,126.0,12,127.0,21,1,2021-12-13 10:07:14
1639390060467658000,126.5,2,126.0,18,127.0,21,2,2021-12-13 10:07:40
1639390060467658000,126.0,9,126.0,18,127.0,21,2,2021-12-13 10:07:40
1639390076126705000,126.5,1,126.0,9,126.5,2,1,2021-12-13 10:07:56
1639390092505917000,126.5,1,126.0,9,126.5,3,1,2021-12-13 10:08:12
1639390100986698000,126.5,1,126.0,9,126.5,2,1,2021-12-13 10:08:20
1639390102816375000,126.5,1,126.0,9,127.0,22,1,2021-12-13 10:08:22
1639390112502277000,127.0,8,126.5,3,127.0,13,1,2021-12-13 10:08:32
1639390124780630000,127.0,13,127.0,7,127.5,4,1,2021-12-13 10:08:44
1639390129397737000,127.5,3,127.0,8,127.5,1,1,2021-12-13 10:08:49
1639390129641872000,127.5,1,127.0,8,128.0,21,1,2021-12-13 10:08:49
1639390132986432000,127.5,1,127.0,8,128.0,22,1,2021-12-13 10:08:52
1639390141785888000,128.0,1,127.5,3,128.0,20,1,2021-12-13 10:09:01
1639390147775528000,128.0,1,127.5,6,128.0,19,1,2021-12-13 10:09:07
1639390148919260000,128.0,1,127.5,6,128.0,13,1,2021-12-13 10:09:08
1639390152480324000,128.0,1,127.5,5,128.0,12,1,2021-12-13 10:09:12
1639390153577982000,128.0,1,127.5,5,128.0,12,1,2021-12-13 10:09:13
1639390153680644000,128.0,1,127.5,5,128.0,11,1,2021-12-13 10:09:13
1639390154864554000,128.0,10,127.5,5,128.0,1,1,2021-12-13 10:09:14
1639390155986975000,128.0,1,127.5,5,128.5,11,1,2021-12-13 10:09:15
1639390160394294000,128.0,1,128.0,1,128.5,11,2,2021-12-13 10:09:20
1639390164111756000,128.5,1,128.0,1,128.5,10,1,2021-12-13 10:09:24
1639390166902045000,128.0,1,127.5,7,128.5,10,2,2021-12-13 10:09:26
1639390166999922000,128.5,1,127.5,7,128.5,9,1,2021-12-13 10:09:26
1639390176132300000,128.5,1,127.5,6,128.5,14,1,2021-12-13 10:09:36
1639390177253521000,128.0,1,127.5,5,128.0,3,2,2021-12-13 10:09:37
1639390179573764000,128.0,1,127.5,5,128.0,3,1,2021-12-13 10:09:39
1639390180182248000,128.0,1,127.5,5,128.0,2,1,2021-12-13 10:09:40
1639390180349330000,128.0,1,127.5,5,128.0,1,1,2021-12-13 10:09:40
1639390180977870000,128.0,1,127.5,4,128.5,14,1,2021-12-13 10:09:40
1639390183383509000,128.0,1,127.5,4,128.5,15,1,2021-12-13 10:09:43
1639390183654432000,128.0,1,127.5,4,128.5,15,1,2021-12-13 10:09:43
1639390190688096000,128.5,1,128.0,3,128.5,14,1,2021-12-13 10:09:50
1639390192345918000,128.5,1,128.0,3,128.5,8,1,2021-12-13 10:09:52
1639390199372965000,128.0,4,127.5,4,128.0,1,2,2021-12-13 10:09:59
1639390199730754000,128.0,1,127.5,4,128.0,1,1,2021-12-13 10:09:59
1639390200862420000,128.0,1,127.5,4,128.5,12,1,2021-12-13 10:10:00
1639390218237245000,128.0,1,127.5,4,128.0,7,1,2021-12-13 10:10:18
1639390228116580000,127.5,2,127.5,5,128.0,8,2,2021-12-13 10:10:28
1639390228241084000,128.0,2,127.5,5,128.0,6,1,2021-12-13 10:10:28
1639390231050960000,128.0,1,127.5,5,128.0,5,1,2021-12-13 10:10:31
1639390239484633000,128.0,5,127.5,5,128.0,7,1,2021-12-13 10:10:39
1639390244112440000,128.0,1,127.5,5,128.0,7,1,2021-12-13 10:10:44
1639390244117285000,128.0,1,127.5,5,128.0,6,1,2021-12-13 10:10:44
1639390247051195000,128.0,1,127.5,5,128.0,5,1,2021-12-13 10:10:47
1639390249189760000,128.0,1,127.5,5,128.0,4,1,2021-12-13 10:10:49
1639390257095664000,128.0,1,127.5,5,128.0,3,1,2021-12-13 10:10:57
1639390286099268000,128.0,1,127.5,6,128.0,4,1,2021-12-13 10:11:26
1639390291469963000,128.0,1,127.5,6,128.0,4,1,2021-12-13 10:11:31
1639390297618565000,128.0,1,127.5,6,128.0,3,1,2021-12-13 10:11:37
1639390301988611000,127.5,1,127.5,5,128.0,3,2,2021-12-13 10:11:41
1639390324084236000,127.5,2,127.5,4,128.0,7,2,2021-12-13 10:12:04
1639390328301225000,127.5,1,127.5,3,128.0,8,2,2021-12-13 10:12:08
1639390330472608000,127.5,1,127.5,2,128.0,8,2,2021-12-13 10:12:10
1639390336281676000,127.5,1,127.5,1,128.0,8,2,2021-12-13 10:12:16
1639390339048343000,127.5,2,127.0,10,128.0,8,2,2021-12-13 10:12:19
1639390341744365000,128.0,2,127.0,9,128.0,11,1,2021-12-13 10:12:21
1639390349032400000,127.0,1,127.0,6,128.0,13,2,2021-12-13 10:12:29
1639390354061737000,128.0,1,127.5,3,128.0,9,1,2021-12-13 10:12:34
1639390354837031000,128.0,1,127.5,3,128.0,7,1,2021-12-13 10:12:34
1639390360415943000,128.0,1,127.5,4,128.0,6,1,2021-12-13 10:12:40
1639390361460064000,127.5,1,127.5,3,128.0,6,2,2021-12-13 10:12:41
1639390368898334000,127.5,2,127.5,1,128.0,6,2,2021-12-13 10:12:48
1639390373194078000,127.5,1,127.0,12,128.0,7,2,2021-12-13 10:12:53
1639390385733621000,127.5,1,127.5,1,128.0,9,1,2021-12-13 10:13:05
1639390403856402000,127.5,1,127.0,12,128.0,9,2,2021-12-13 10:13:23
1639390409942198000,127.5,1,127.5,1,128.0,10,1,2021-12-13 10:13:29
1639390414725313000,127.5,1,127.0,13,128.0,10,2,2021-12-13 10:13:34
1639390439787304000,127.5,1,127.5,1,128.0,11,1,2021-12-13 10:13:59
1639390448666573000,127.5,1,127.5,2,128.0,11,2,2021-12-13 10:14:08
1639390453246304000,127.5,2,127.5,2,128.0,11,2,2021-12-13 10:14:13
1639390471230621000,127.5,2,127.0,13,127.5,1,2,2021-12-13 10:14:31
1639390489281793000,127.5,1,127.0,13,127.5,2,1,2021-12-13 10:14:49
1639390499222513000,127.5,1,127.0,14,127.5,1,1,2021-12-13 10:14:59
1639390503146202000,127.5,1,127.0,14,128.0,11,1,2021-12-13 10:15:03
1639390524529906000,128.0,1,127.5,4,128.0,9,1,2021-12-13 10:15:24
1639390535078805000,128.0,2,127.5,4,128.0,8,1,2021-12-13 10:15:35
1639390546603604000,128.0,1,127.5,5,128.0,7,1,2021-12-13 10:15:46
1639390547987679000,128.0,3,127.5,5,128.0,4,1,2021-12-13 10:15:47
1639390557303818000,128.0,4,128.0,6,128.5,16,1,2021-12-13 10:15:57
1639390568579889000,128.0,1,128.0,6,128.5,15,2,2021-12-13 10:16:08
1639390571557286000,128.5,1,128.0,6,128.5,14,1,2021-12-13 10:16:11
1639390571867680000,128.5,1,128.0,6,128.5,13,1,2021-12-13 10:16:11
1639390588882189000,128.5,2,128.0,7,128.5,11,1,2021-12-13 10:16:28
1639390593035331000,128.5,1,128.0,8,128.5,10,1,2021-12-13 10:16:33
1639390596634751000,128.5,1,128.0,8,128.5,9,1,2021-12-13 10:16:36
1639390598632458000,128.5,3,128.0,8,128.5,8,1,2021-12-13 10:16:38
1639390600019021000,128.5,1,128.0,8,128.5,7,1,2021-12-13 10:16:40
1639390600579469000,128.5,5,128.0,8,128.5,2,1,2021-12-13 10:16:40
1639390601104321000,128.5,1,128.0,8,128.5,1,1,2021-12-13 10:16:41
1639390603948735000,128.5,1,128.0,8,129.0,115,1,2021-12-13 10:16:43
1639390624227735000,129.0,10,128.5,7,129.0,105,1,2021-12-13 10:17:04
1639390629957505000,129.0,9,128.5,8,129.0,96,1,2021-12-13 10:17:09
1639390634206644000,129.0,1,128.5,10,129.0,94,1,2021-12-13 10:17:14
1639390646460208000,129.0,5,128.5,10,129.0,87,1,2021-12-13 10:17:26
1639390650442227000,128.5,2,128.5,8,129.0,87,2,2021-12-13 10:17:30
1639390651994709000,129.0,5,128.5,7,129.0,82,1,2021-12-13 10:17:31
1639390668979962000,129.0,1,128.5,9,129.0,82,1,2021-12-13 10:17:48
1639390672377230000,129.0,1,128.5,9,129.0,81,1,2021-12-13 10:17:52
1639390674390381000,129.0,1,128.5,9,129.0,80,1,2021-12-13 10:17:54
1639390675351116000,128.5,1,128.5,8,129.0,80,2,2021-12-13 10:17:55
1639390682657925000,128.5,2,128.5,8,129.0,80,2,2021-12-13 10:18:02
1639390687992956000,128.5,1,128.5,8,129.0,80,2,2021-12-13 10:18:07
1639390698462170000,128.5,9,128.0,9,128.5,6,2,2021-12-13 10:18:18
1639390703214792000,128.5,1,128.0,8,128.5,5,1,2021-12-13 10:18:23
1639390714833417000,128.5,2,128.0,8,128.5,6,1,2021-12-13 10:18:34
1639390725402086000,128.5,7,128.5,13,129.0,80,1,2021-12-13 10:18:45
1639390740116437000,128.5,8,128.5,6,129.0,81,2,2021-12-13 10:19:00
1639390748955772000,128.5,1,128.5,6,129.0,81,2,2021-12-13 10:19:08
1639390751337014000,128.5,1,128.5,5,129.0,81,2,2021-12-13 10:19:11
1639390755099029000,129.0,2,128.5,5,129.0,79,1,2021-12-13 10:19:15
1639390757503607000,128.5,1,128.5,4,129.0,79,2,2021-12-13 10:19:17
1639390764944275000,128.5,1,128.5,4,129.0,79,2,2021-12-13 10:19:24
1639390774078302000,128.5,1,128.5,3,129.0,79,2,2021-12-13 10:19:34
1639390774106588000,128.5,3,128.0,8,129.0,79,2,2021-12-13 10:19:34
1639390789085460000,128.5,1,128.0,14,128.5,19,1,2021-12-13 10:19:49
1639390822085066000,128.0,1,128.0,12,128.5,21,2,2021-12-13 10:20:22
1639390822317377000,128.0,4,128.0,8,128.5,21,2,2021-12-13 10:20:22
1639390825055504000,128.0,1,128.0,7,128.5,21,2,2021-12-13 10:20:25
1639390828674153000,128.0,5,128.0,2,128.5,21,2,2021-12-13 10:20:28
1639390831778624000,128.0,1,128.0,1,128.5,21,2,2021-12-13 10:20:31
1639390832004676000,128.0,1,127.5,5,128.5,21,2,2021-12-13 10:20:32
1639390832142858000,128.5,2,127.5,6,128.5,19,1,2021-12-13 10:20:32
1639390836608095000,127.5,6,127.0,14,128.0,3,2,2021-12-13 10:20:36
1639390837886080000,128.0,1,127.0,14,128.0,2,1,2021-12-13 10:20:37
1639390851703681000,128.0,1,127.0,14,128.0,14,1,2021-12-13 10:20:51
1639390859992482000,127.0,1,127.0,11,128.0,15,2,2021-12-13 10:20:59
1639390879086304000,127.0,1,127.0,11,128.0,15,2,2021-12-13 10:21:19
1639390895176851000,127.5,2,127.0,11,127.5,5,1,2021-12-13 10:21:35
1639390932586083000,127.5,1,127.0,12,127.5,2,1,2021-12-13 10:22:12
1639390933306875000,127.5,2,127.0,12,128.0,2,1,2021-12-13 10:22:13
1639390933306875000,128.0,1,127.0,12,128.0,2,1,2021-12-13 10:22:13
1639390938249249000,128.0,2,127.5,2,128.0,8,1,2021-12-13 10:22:18
1639390949002893000,127.5,1,127.5,2,128.0,8,2,2021-12-13 10:22:29
1639390954863435000,128.0,2,127.5,2,128.0,6,1,2021-12-13 10:22:34
1639390977841960000,128.0,1,127.5,3,128.0,7,1,2021-12-13 10:22:57
1639390988119791000,128.0,2,127.5,3,128.0,5,1,2021-12-13 10:23:08
1639391017762510000,128.0,1,127.5,4,128.0,4,1,2021-12-13 10:23:37
1639391021471616000,127.5,1,127.5,3,128.0,9,2,2021-12-13 10:23:41
1639391035306005000,127.5,1,127.5,2,128.0,9,2,2021-12-13 10:23:55
1639391046376049000,128.0,2,127.5,2,128.0,7,1,2021-12-13 10:24:06
1639391053981753000,127.5,3,127.0,6,128.0,7,2,2021-12-13 10:24:13
1639391053981753000,127.0,13,127.0,6,128.0,7,2,2021-12-13 10:24:13
1639391091096987000,127.0,1,127.0,10,127.5,2,2,2021-12-13 10:24:51
1639391098088784000,127.0,1,127.0,9,127.5,1,2,2021-12-13 10:24:58
1639391098450265000,127.0,1,127.0,8,127.5,1,2,2021-12-13 10:24:58
1639391100324960000,127.0,2,127.0,6,127.5,1,2,2021-12-13 10:25:00
1639391104653606000,127.0,2,127.0,5,127.5,2,2,2021-12-13 10:25:04
1639391106615931000,127.0,2,127.0,3,127.5,2,2,2021-12-13 10:25:06
1639391113341095000,127.0,1,127.0,2,127.5,2,2,2021-12-13 10:25:13
1639391113393596000,127.0,1,127.0,1,127.5,2,2,2021-12-13 10:25:13
1639391129163129000,127.0,1,127.0,1,127.5,3,2,2021-12-13 10:25:29
1639391129576859000,127.0,1,126.5,19,127.5,3,2,2021-12-13 10:25:29
1639391141837009000,127.0,1,126.5,19,127.5,4,1,2021-12-13 10:25:41
1639391154731870000,126.5,2,126.5,17,127.5,4,2,2021-12-13 10:25:54
1639391167920369000,127.0,1,126.5,17,127.5,3,1,2021-12-13 10:26:07
1639391167920369000,127.5,1,126.5,17,127.5,3,1,2021-12-13 10:26:07
1639391178199561000,127.5,1,127.0,1,127.5,2,1,2021-12-13 10:26:18
1639391192010472000,127.5,1,127.0,4,127.5,5,1,2021-12-13 10:26:32
1639391192140679000,127.5,1,127.0,4,127.5,3,1,2021-12-13 10:26:32
1639391209798721000,127.0,1,127.0,3,127.5,3,2,2021-12-13 10:26:49
1639391215888151000,127.5,1,127.0,8,127.5,2,1,2021-12-13 10:26:55
1639391217411057000,127.5,1,127.0,8,127.5,1,1,2021-12-13 10:26:57
1639391224091536000,127.5,1,127.0,8,128.0,17,1,2021-12-13 10:27:04
1639391243816503000,127.5,1,127.5,5,128.0,18,2,2021-12-13 10:27:23
1639391252080569000,128.0,5,127.0,3,128.0,14,1,2021-12-13 10:27:32
1639391281634186000,127.5,1,127.0,3,128.0,12,2,2021-12-13 10:28:01
1639391404120137000,127.5,1,127.0,7,127.5,1,2,2021-12-13 10:30:04
1639391405574334000,127.0,1,127.0,6,127.5,1,2,2021-12-13 10:30:05
1639391417610182000,127.0,5,127.0,11,127.5,1,2,2021-12-13 10:30:17
1639391443954513000,127.0,1,127.0,30,127.5,2,2,2021-12-13 10:30:43
1639391446789317000,127.5,2,127.5,48,128.0,19,1,2021-12-13 10:30:46
1639391461879798000,128.0,1,127.5,49,128.0,19,1,2021-12-13 10:31:01
1639391462107628000,128.0,4,127.5,49,128.0,15,1,2021-12-13 10:31:02
1639391466823876000,128.0,5,127.5,49,128.0,10,1,2021-12-13 10:31:06
1639391471321760000,128.0,1,127.5,49,128.0,9,1,2021-12-13 10:31:11
1639391471415736000,128.0,1,127.5,49,128.0,8,1,2021-12-13 10:31:11
1639391471546446000,128.0,3,127.5,49,128.0,5,1,2021-12-13 10:31:11
1639391472450033000,128.0,1,127.5,49,128.0,5,1,2021-12-13 10:31:12
1639391474241544000,128.0,1,127.5,49,128.0,5,1,2021-12-13 10:31:14
1639391474512330000,128.0,1,127.5,49,128.0,4,1,2021-12-13 10:31:14
1639391477449252000,128.0,1,127.5,49,128.0,3,1,2021-12-13 10:31:17
1639391478727111000,128.0,1,127.5,49,128.0,2,1,2021-12-13 10:31:18
1639391478953033000,128.0,2,127.5,49,128.5,14,1,2021-12-13 10:31:18
1639391510728071000,128.0,1,127.5,49,128.5,13,1,2021-12-13 10:31:50
1639391517856352000,128.5,13,128.5,7,129.0,81,1,2021-12-13 10:31:57
1639391519304694000,128.5,1,128.5,6,129.0,81,2,2021-12-13 10:31:59
1639391539937626000,128.5,1,128.5,10,129.0,81,2,2021-12-13 10:32:19
1639391556164723000,129.0,1,128.5,11,129.0,80,1,2021-12-13 10:32:36
1639391565548516000,128.5,2,128.5,9,129.0,80,2,2021-12-13 10:32:45
1639391569866166000,129.0,1,128.5,9,129.0,79,1,2021-12-13 10:32:49
1639391582679031000,128.5,1,128.5,8,129.0,79,2,2021-12-13 10:33:02
1639391588148065000,129.0,1,128.5,8,129.0,79,1,2021-12-13 10:33:08
1639391592901879000,128.5,1,128.5,7,129.0,79,2,2021-12-13 10:33:12
1639391594123482000,128.5,1,128.5,6,129.0,79,2,2021-12-13 10:33:14
1639391598798829000,129.0,2,128.5,6,129.0,77,1,2021-12-13 10:33:18
1639391599547927000,128.5,1,128.5,5,129.0,77,2,2021-12-13 10:33:19
1639391601696306000,129.0,2,128.5,6,129.0,75,1,2021-12-13 10:33:21
1639391606567162000,129.0,1,128.5,6,129.0,74,1,2021-12-13 10:33:26
1639391625099032000,129.0,74,129.0,6,129.5,16,1,2021-12-13 10:33:45
1639391625329098000,129.5,4,129.0,6,129.5,12,1,2021-12-13 10:33:45
1639391635458255000,129.5,1,129.0,6,129.5,11,1,2021-12-13 10:33:55
1639391637309595000,129.5,5,129.0,6,129.5,6,1,2021-12-13 10:33:57
1639391637541702000,129.5,2,129.0,7,129.5,4,1,2021-12-13 10:33:57
1639391638617697000,129.5,1,129.0,7,129.5,3,1,2021-12-13 10:33:58
1639391640755408000,129.5,1,129.0,7,129.5,2,1,2021-12-13 10:34:00
1639391642113187000,129.5,1,129.0,7,129.5,1,1,2021-12-13 10:34:02
1639391643604011000,129.5,1,129.5,2,130.0,96,1,2021-12-13 10:34:03
1639391646852235000,129.5,1,129.5,2,130.0,90,2,2021-12-13 10:34:06
1639391648258140000,130.0,2,129.5,2,130.0,88,1,2021-12-13 10:34:08
1639391650030030000,129.5,1,129.5,1,130.0,88,2,2021-12-13 10:34:10
1639391662686897000,130.0,2,129.5,2,130.0,85,1,2021-12-13 10:34:22
1639391668562369000,130.0,1,129.5,2,130.0,94,1,2021-12-13 10:34:28
1639391670717378000,130.0,2,129.5,2,130.0,92,1,2021-12-13 10:34:30
1639391671559486000,129.5,1,129.5,6,130.0,92,2,2021-12-13 10:34:31
1639391671611350000,129.5,1,129.5,5,130.0,92,2,2021-12-13 10:34:31
1639391671962541000,130.0,1,129.5,5,130.0,91,1,2021-12-13 10:34:31
1639391675562064000,130.0,10,129.5,5,130.0,81,1,2021-12-13 10:34:35
1639391676018491000,130.0,1,129.5,5,130.0,80,1,2021-12-13 10:34:36
1639391677507894000,129.5,5,129.0,12,130.0,80,2,2021-12-13 10:34:37
1639391679967537000,130.0,1,129.0,12,130.0,79,1,2021-12-13 10:34:39
1639391684391599000,130.0,1,129.0,13,130.0,78,1,2021-12-13 10:34:44
1639391697372449000,130.0,3,129.5,1,130.0,76,1,2021-12-13 10:34:57
1639391699267799000,130.0,2,129.5,1,130.0,73,1,2021-12-13 10:34:59
1639391700205288000,129.5,1,129.0,62,130.0,73,2,2021-12-13 10:35:00
1639391702588324000,130.0,1,129.0,62,130.0,73,1,2021-12-13 10:35:02
1639391702933529000,130.0,1,129.0,62,130.0,72,1,2021-12-13 10:35:02
1639391705012869000,130.0,1,129.5,2,130.0,70,1,2021-12-13 10:35:05
1639391710397043000,129.5,2,129.0,62,130.0,70,2,2021-12-13 10:35:10
1639391719084223000,129.5,1,129.0,62,130.0,70,2,2021-12-13 10:35:19
1639391726137124000,129.5,1,129.0,63,130.0,70,2,2021-12-13 10:35:26
1639391737701568000,129.5,2,129.0,62,129.5,3,1,2021-12-13 10:35:37
1639391738731716000,129.5,1,129.0,62,129.5,2,1,2021-12-13 10:35:38
1639391739231583000,129.5,2,129.5,1,130.0,70,1,2021-12-13 10:35:39
1639391746942287000,129.5,1,129.5,2,130.0,71,2,2021-12-13 10:35:46
1639391753990430000,129.5,5,129.0,63,129.5,1,2,2021-12-13 10:35:53
1639391776213664000,129.5,1,129.0,61,129.5,1,1,2021-12-13 10:36:16
1639391779502175000,129.5,1,129.5,9,130.0,72,1,2021-12-13 10:36:19
1639391784781116000,130.0,2,129.5,10,130.0,70,1,2021-12-13 10:36:24
1639391789814222000,130.0,1,129.5,10,130.0,69,1,2021-12-13 10:36:29
1639391790819357000,130.0,1,129.5,10,130.0,68,1,2021-12-13 10:36:30
1639391799005267000,129.5,11,129.0,32,130.0,68,2,2021-12-13 10:36:39
1639391799005267000,129.0,29,129.0,32,130.0,68,2,2021-12-13 10:36:39
1639391799791852000,130.0,1,129.0,32,130.0,67,1,2021-12-13 10:36:39
1639391801141521000,130.0,2,129.0,32,130.0,65,1,2021-12-13 10:36:41
1639391801512394000,130.0,5,129.0,32,130.0,60,1,2021-12-13 10:36:41
1639391806276838000,130.0,1,129.0,33,130.0,60,1,2021-12-13 10:36:46
1639391818530882000,130.0,6,129.5,1,130.0,54,1,2021-12-13 10:36:58
1639391849163504000,130.0,1,129.5,3,130.0,53,1,2021-12-13 10:37:29
1639391852998164000,130.0,1,129.5,3,130.0,52,1,2021-12-13 10:37:32
1639391853516417000,129.5,1,129.5,2,130.0,52,2,2021-12-13 10:37:33
1639391856687301000,130.0,1,129.5,2,130.0,51,1,2021-12-13 10:37:36
1639391859339371000,130.0,51,129.5,3,130.5,47,1,2021-12-13 10:37:39
1639391859339371000,130.5,1,129.5,3,130.5,47,1,2021-12-13 10:37:39
1639391867586884000,130.5,1,130.0,3,130.5,46,1,2021-12-13 10:37:47
1639391868279985000,130.5,1,130.0,3,130.5,45,1,2021-12-13 10:37:48
1639391870569761000,130.5,1,130.0,4,130.5,44,1,2021-12-13 10:37:50
1639391871312206000,130.0,1,130.0,3,130.5,44,2,2021-12-13 10:37:51
1639391874812414000,130.5,1,130.0,3,130.5,43,1,2021-12-13 10:37:54
1639391901727470000,130.5,1,130.0,14,130.5,47,1,2021-12-13 10:38:21
1639391905092276000,130.5,1,130.0,14,130.5,46,1,2021-12-13 10:38:25
1639391912573687000,130.5,1,130.0,15,130.5,45,1,2021-12-13 10:38:32
1639391918597444000,130.5,1,130.0,14,130.5,44,1,2021-12-13 10:38:38
1639391924720333000,130.5,1,130.0,14,130.5,43,1,2021-12-13 10:38:44
1639391925807518000,130.0,1,130.0,13,130.5,43,2,2021-12-13 10:38:45
1639391926977908000,130.5,2,130.0,13,130.5,41,1,2021-12-13 10:38:46
1639391927218541000,130.5,1,130.0,13,130.5,40,1,2021-12-13 10:38:47
1639391928758864000,130.5,1,130.0,13,130.5,39,1,2021-12-13 10:38:48
1639391991388653000,130.5,1,130.0,16,130.5,39,1,2021-12-13 10:39:51
1639391997802488000,130.5,1,130.0,16,130.5,38,1,2021-12-13 10:39:57
1639392004989389000,130.5,1,130.0,16,130.5,37,1,2021-12-13 10:40:04
1639392005934226000,130.0,5,130.0,11,130.5,37,2,2021-12-13 10:40:05
1639392006426084000,130.0,1,130.0,10,130.5,37,2,2021-12-13 10:40:06
1639392017721154000,130.0,1,130.0,9,130.5,37,2,2021-12-13 10:40:17
1639392020240268000,130.0,1,130.0,8,130.5,37,2,2021-12-13 10:40:20
1639392020475724000,130.0,8,129.5,6,130.5,37,2,2021-12-13 10:40:20
1639392066426627000,129.5,1,129.5,4,130.0,16,2,2021-12-13 10:41:06
1639392067553988000,129.5,1,129.5,3,130.0,16,2,2021-12-13 10:41:07
1639392069350593000,129.5,2,129.5,1,130.0,16,2,2021-12-13 10:41:09
1639392069567536000,129.5,1,129.0,34,130.0,16,2,2021-12-13 10:41:09
1639392093985511000,129.5,1,129.5,1,130.0,18,2,2021-12-13 10:41:33
1639392123055137000,130.0,1,129.5,1,130.0,18,1,2021-12-13 10:42:03
1639392156480193000,130.0,2,129.5,4,130.0,18,1,2021-12-13 10:42:36
1639392161725026000,130.0,1,129.5,4,130.0,17,1,2021-12-13 10:42:41
1639392163316168000,130.0,5,129.5,4,130.0,12,1,2021-12-13 10:42:43
1639392166306141000,130.0,1,129.5,5,130.0,11,1,2021-12-13 10:42:46
1639392175746319000,130.0,2,129.5,5,130.0,9,1,2021-12-13 10:42:55
1639392187659227000,129.5,1,129.5,4,130.0,10,2,2021-12-13 10:43:07
1639392189697311000,130.0,1,129.5,3,130.0,9,1,2021-12-13 10:43:09
1639392191219125000,129.5,1,129.5,2,130.0,9,2,2021-12-13 10:43:11
1639392211462533000,129.5,1,129.5,1,130.0,15,2,2021-12-13 10:43:31
1639392218086774000,129.5,1,129.0,34,129.5,4,2,2021-12-13 10:43:38
1639392225108094000,129.5,3,129.0,33,129.5,1,1,2021-12-13 10:43:45
1639392225328369000,129.5,1,129.0,33,130.0,10,1,2021-12-13 10:43:45
1639392272724947000,129.5,1,129.0,34,130.0,23,2,2021-12-13 10:44:32
1639392275043694000,129.0,1,129.0,32,130.0,25,2,2021-12-13 10:44:35
1639392299130350000,129.0,1,129.0,42,130.0,24,2,2021-12-13 10:44:59
1639392315978747000,129.0,1,129.0,40,129.5,1,2,2021-12-13 10:45:15
1639392318925288000,129.5,1,129.0,40,130.0,23,1,2021-12-13 10:45:18
1639392347716053000,129.5,10,129.5,6,130.0,25,2,2021-12-13 10:45:47
1639392350138715000,129.5,1,129.5,8,130.0,25,2,2021-12-13 10:45:50
1639392371226915000,129.5,1,129.5,7,130.0,25,2,2021-12-13 10:46:11
1639392378107626000,129.5,1,129.5,6,130.0,25,2,2021-12-13 10:46:18
1639392397580413000,130.0,1,129.5,6,130.0,24,1,2021-12-13 10:46:37
1639392406097448000,130.0,1,129.5,7,130.0,23,1,2021-12-13 10:46:46
1639392415761820000,130.0,3,129.5,7,130.0,20,1,2021-12-13 10:46:55
1639392421919993000,130.0,20,130.0,30,130.5,39,1,2021-12-13 10:47:01
1639392422910956000,130.5,26,130.0,30,130.5,13,1,2021-12-13 10:47:02
1639392423151920000,130.5,4,130.0,30,130.5,9,1,2021-12-13 10:47:03
1639392430409155000,130.5,9,130.5,1,131.0,53,1,2021-12-13 10:47:10
1639392443832162000,131.0,1,130.5,4,131.0,51,1,2021-12-13 10:47:23
1639392444355000000,131.0,1,130.5,4,131.0,50,1,2021-12-13 10:47:24
1639392449995624000,131.0,1,130.5,3,131.0,49,1,2021-12-13 10:47:29
1639392457884833000,131.0,1,130.5,15,131.0,43,1,2021-12-13 10:47:37
1639392460911702000,131.0,5,130.5,15,131.0,38,1,2021-12-13 10:47:40
1639392461001782000,131.0,2,130.5,16,131.0,36,1,2021-12-13 10:47:41
1639392461142356000,131.0,4,130.5,16,131.0,32,1,2021-12-13 10:47:41
1639392462056307000,131.0,11,130.5,5,131.0,21,1,2021-12-13 10:47:42
1639392462083110000,131.0,8,130.5,5,131.0,13,1,2021-12-13 10:47:42
1639392462886413000,131.0,1,130.5,5,131.0,12,1,2021-12-13 10:47:42
1639392463114063000,131.0,4,130.5,5,131.0,8,1,2021-12-13 10:47:43
1639392463415142000,131.0,1,130.5,5,131.0,7,1,2021-12-13 10:47:43
1639392464263418000,131.0,1,130.5,5,131.0,6,1,2021-12-13 10:47:44
1639392464585837000,131.0,1,130.5,5,131.0,5,1,2021-12-13 10:47:44
1639392466632083000,131.0,1,130.5,5,131.0,4,1,2021-12-13 10:47:46
1639392468525291000,131.0,1,130.5,5,131.0,3,1,2021-12-13 10:47:48
1639392470252553000,131.0,1,130.5,5,131.0,2,1,2021-12-13 10:47:50
1639392475961944000,131.0,1,130.5,6,131.0,1,1,2021-12-13 10:47:55
1639392476038689000,131.0,1,130.5,6,131.5,41,1,2021-12-13 10:47:56
1639392476038689000,131.5,1,130.5,6,131.5,41,1,2021-12-13 10:47:56
1639392485763745000,131.5,2,131.0,16,131.5,38,1,2021-12-13 10:48:05
1639392493064745000,131.5,1,131.0,18,131.5,37,1,2021-12-13 10:48:13
1639392497050143000,131.5,1,131.0,18,131.5,37,1,2021-12-13 10:48:17
1639392498550613000,131.5,27,131.0,18,131.5,10,1,2021-12-13 10:48:18
1639392501738824000,131.5,1,131.0,9,131.5,9,1,2021-12-13 10:48:21
1639392505731825000,131.5,10,131.0,9,132.0,96,1,2021-12-13 10:48:25
1639392519738599000,132.0,1,131.5,6,132.0,94,1,2021-12-13 10:48:39
1639392522492439000,132.0,1,131.5,5,132.0,93,1,2021-12-13 10:48:42
1639392523660349000,132.0,1,131.5,4,132.0,92,1,2021-12-13 10:48:43
1639392525104155000,132.0,1,131.5,4,132.0,91,1,2021-12-13 10:48:45
1639392531319749000,132.0,1,131.5,4,132.0,90,1,2021-12-13 10:48:51
1639392537758070000,131.5,5,131.5,3,132.0,90,2,2021-12-13 10:48:57
1639392542434307000,132.0,2,131.5,3,132.0,88,1,2021-12-13 10:49:02
1639392542852571000,132.0,1,131.5,3,132.0,87,1,2021-12-13 10:49:02
1639392545063563000,131.5,1,131.5,2,132.0,86,2,2021-12-13 10:49:05
1639392545388636000,131.5,1,131.5,1,132.0,86,2,2021-12-13 10:49:05
1639392547068064000,132.0,1,131.0,5,132.0,85,1,2021-12-13 10:49:07
1639392568632391000,131.5,2,131.0,5,131.5,3,2,2021-12-13 10:49:28
1639392571094265000,131.5,1,131.0,5,131.5,2,1,2021-12-13 10:49:31
1639392572427250000,131.5,1,131.0,5,131.5,1,1,2021-12-13 10:49:32
1639392576973205000,131.5,1,131.0,5,132.0,82,1,2021-12-13 10:49:36
1639392595829213000,131.5,2,131.0,7,132.0,82,2,2021-12-13 10:49:55
1639392596707918000,132.0,10,131.0,7,132.0,72,1,2021-12-13 10:49:56
1639392617781825000,131.5,5,131.0,7,131.5,1,2,2021-12-13 10:50:17
1639392619473668000,131.5,1,131.0,7,132.0,78,1,2021-12-13 10:50:19
1639392629984167000,132.0,2,131.5,10,132.0,86,1,2021-12-13 10:50:29
1639392630523519000,132.0,1,131.5,10,132.0,85,1,2021-12-13 10:50:30
1639392631734716000,131.5,1,131.5,9,132.0,85,2,2021-12-13 10:50:31
1639392637978876000,132.0,1,131.5,9,132.0,84,1,2021-12-13 10:50:37
1639392659396308000,132.0,1,131.5,14,132.0,88,1,2021-12-13 10:50:59
1639392679179138000,131.5,10,131.5,2,132.0,78,2,2021-12-13 10:51:19
1639392683692664000,131.5,1,131.5,1,132.0,73,2,2021-12-13 10:51:23
1639392687419402000,131.5,1,131.0,10,132.0,73,2,2021-12-13 10:51:27
1639392690444729000,131.5,1,131.0,10,131.5,3,1,2021-12-13 10:51:30
1639392696401068000,131.5,1,131.0,12,131.5,2,1,2021-12-13 10:51:36
1639392713229839000,131.5,2,131.0,12,132.0,80,2,2021-12-13 10:51:53
1639392730052129000,131.5,1,131.5,2,132.0,81,2,2021-12-13 10:52:10
1639392735107549000,131.5,1,131.5,4,132.0,81,2,2021-12-13 10:52:15
1639392735344512000,131.5,4,131.0,11,132.0,81,2,2021-12-13 10:52:15
1639392759745693000,131.5,1,131.5,4,132.0,80,2,2021-12-13 10:52:39
1639392770306439000,131.5,1,131.5,5,132.0,80,2,2021-12-13 10:52:50
1639392773312848000,131.5,2,131.5,3,132.0,80,2,2021-12-13 10:52:53
1639392775784000000,132.0,2,131.5,3,132.0,79,1,2021-12-13 10:52:55
1639392779006640000,131.5,1,131.5,2,132.0,79,2,2021-12-13 10:52:59
1639392782038658000,131.5,2,131.5,1,132.0,79,2,2021-12-13 10:53:02
1639392782051979000,131.5,1,131.0,12,132.0,79,2,2021-12-13 10:53:02
1639392800543110000,131.5,1,131.0,15,132.0,79,2,2021-12-13 10:53:20
1639392805992760000,131.5,2,131.0,15,131.5,1,2,2021-12-13 10:53:25
1639392809707456000,131.5,1,131.0,14,131.5,2,1,2021-12-13 10:53:29
1639392823855121000,131.5,1,131.0,14,131.5,1,1,2021-12-13 10:53:43
1639392826105907000,131.5,1,131.0,14,132.0,74,1,2021-12-13 10:53:46
