ts,close,volume,bid_price,bid_volume,ask_price,ask_volume,tick_type,datetime
1645434008759856000,27.5,285,27.5,4,27.6,4,1,2022-02-21 09:00:08
1645434008993295000,27.5,1,27.5,3,27.6,5,2,2022-02-21 09:00:08
1645434009237586000,27.5,3,27.3,3,27.35,29,2,2022-02-21 09:00:09
1645434009237586000,27.4,4,27.3,3,27.35,29,2,2022-02-21 09:00:09
1645434009255929000,27.35,29,27.3,3,27.6,5,1,2022-02-21 09:00:09
1645434010252686000,27.3,3,27.25,3,27.3,33,2,2022-02-21 09:00:10
1645434010282233000,27.25,2,27.25,1,27.3,33,2,2022-02-21 09:00:10
1645434010283540000,27.25,1,27.2,79,27.3,33,2,2022-02-21 09:00:10
1645434010688130000,27.3,5,27.2,79,27.3,29,1,2022-02-21 09:00:10
1645434013529988000,27.2,5,27.2,74,27.3,29,2,2022-02-21 09:00:13
1645434013564335000,27.2,8,27.2,66,27.3,29,2,2022-02-21 09:00:13
1645434014220583000,27.3,1,27.2,66,27.3,28,1,2022-02-21 09:00:14
1645434014409308000,27.3,1,27.2,66,27.3,27,1,2022-02-21 09:00:14
1645434015368925000,27.3,2,27.2,67,27.3,25,1,2022-02-21 09:00:15
1645434015814637000,27.3,2,27.2,67,27.3,23,1,2022-02-21 09:00:15
1645434015956230000,27.3,2,27.2,67,27.3,21,1,2022-02-21 09:00:15
1645434016569994000,27.3,1,27.2,67,27.3,20,1,2022-02-21 09:00:16
1645434016942974000,27.2,1,27.2,66,27.3,20,2,2022-02-21 09:00:16
1645434017630544000,27.3,5,27.2,66,27.3,15,1,2022-02-21 09:00:17
1645434017800519000,27.3,10,27.2,66,27.3,5,1,2022-02-21 09:00:17
1645434017843776000,27.25,1,27.2,66,27.3,4,1,2022-02-21 09:00:17
1645434017843776000,27.3,1,27.2,66,27.3,4,1,2022-02-21 09:00:17
1645434017846533000,27.3,4,27.2,66,27.5,3,1,2022-02-21 09:00:17
1645434018040485000,27.5,2,27.2,66,27.5,1,1,2022-02-21 09:00:18
1645434019962917000,27.5,1,27.4,8,27.6,8,1,2022-02-21 09:00:19
1645434021927519000,27.6,2,27.4,8,27.6,2,1,2022-02-21 09:00:21
1645434022328322000,27.6,1,27.4,8,27.6,1,1,2022-02-21 09:00:22
1645434024589987000,27.6,1,27.5,26,27.65,4,1,2022-02-21 09:00:24
1645434025272841000,27.65,4,27.55,5,27.7,3,1,2022-02-21 09:00:25
1645434025272841000,27.7,9,27.55,5,27.7,3,1,2022-02-21 09:00:25
1645434025370498000,27.7,3,27.55,5,27.75,10,1,2022-02-21 09:00:25
1645434026177346000,27.6,1,27.55,2,27.75,10,2,2022-02-21 09:00:26
1645434026177346000,27.55,1,27.55,2,27.75,10,2,2022-02-21 09:00:26
1645434026543674000,27.7,1,27.6,5,27.75,6,1,2022-02-21 09:00:26
1645434026543674000,27.75,4,27.6,5,27.75,6,1,2022-02-21 09:00:26
1645434028058263000,27.75,1,27.65,2,27.75,5,1,2022-02-21 09:00:28
1645434028257356000,27.75,1,27.65,2,27.75,4,1,2022-02-21 09:00:28
1645434029531975000,27.75,4,27.75,11,27.8,18,1,2022-02-21 09:00:29
1645434029843718000,27.75,1,27.75,10,27.8,28,2,2022-02-21 09:00:29
1645434029866956000,27.75,10,27.6,10,27.8,28,2,2022-02-21 09:00:29
1645434030128585000,27.8,5,27.7,1,27.8,23,1,2022-02-21 09:00:30
1645434032315959000,27.8,1,27.75,13,27.8,22,1,2022-02-21 09:00:32
1645434032736608000,27.75,10,27.75,4,27.8,22,2,2022-02-21 09:00:32
1645434033754954000,27.8,4,27.75,4,27.8,18,1,2022-02-21 09:00:33
1645434033988055000,27.8,1,27.75,4,27.8,17,1,2022-02-21 09:00:33
1645434034007001000,27.75,3,27.75,1,27.8,17,2,2022-02-21 09:00:34
1645434034158606000,27.8,4,27.75,1,27.8,13,1,2022-02-21 09:00:34
1645434034530169000,27.8,1,27.75,1,27.8,17,1,2022-02-21 09:00:34
1645434034565955000,27.75,1,27.7,1,27.8,17,2,2022-02-21 09:00:34
1645434034721787000,27.8,1,27.7,1,27.8,16,1,2022-02-21 09:00:34
1645434034904255000,27.7,1,27.6,33,27.8,16,2,2022-02-21 09:00:34
1645434034904255000,27.65,2,27.6,33,27.8,16,2,2022-02-21 09:00:34
1645434035095536000,27.75,1,27.6,33,27.8,17,2,2022-02-21 09:00:35
1645434035227962000,27.75,1,27.75,4,27.8,17,2,2022-02-21 09:00:35
1645434035302432000,27.75,1,27.75,3,27.8,17,2,2022-02-21 09:00:35
1645434035633959000,27.8,1,27.75,3,27.8,11,1,2022-02-21 09:00:35
1645434036147431000,27.75,1,27.75,2,27.8,11,2,2022-02-21 09:00:36
1645434036595251000,27.8,2,27.75,2,27.8,9,1,2022-02-21 09:00:36
1645434037038714000,27.8,1,27.75,2,27.8,23,1,2022-02-21 09:00:37
1645434037182997000,27.75,1,27.75,3,27.8,23,2,2022-02-21 09:00:37
1645434037439675000,27.8,1,27.75,3,27.8,24,1,2022-02-21 09:00:37
1645434037586153000,27.8,1,27.75,3,27.8,23,1,2022-02-21 09:00:37
1645434037928825000,27.8,1,27.75,3,27.8,22,1,2022-02-21 09:00:37
1645434038094700000,27.75,3,27.6,31,27.8,22,2,2022-02-21 09:00:38
1645434038094700000,27.6,1,27.6,31,27.8,22,2,2022-02-21 09:00:38
1645434038098763000,27.8,5,27.6,31,27.8,17,1,2022-02-21 09:00:38
1645434038282584000,27.7,1,27.75,1,27.8,17,1,2022-02-21 09:00:38
1645434038363906000,27.8,10,27.75,1,27.8,7,1,2022-02-21 09:00:38
1645434038390432000,27.75,1,27.6,31,27.75,2,2,2022-02-21 09:00:38
1645434038407376000,27.75,2,27.65,3,27.8,6,1,2022-02-21 09:00:38
1645434038407376000,27.8,1,27.65,3,27.8,6,1,2022-02-21 09:00:38
1645434039093878000,27.8,2,27.75,1,27.8,4,1,2022-02-21 09:00:39
1645434040009032000,27.75,1,27.65,3,27.7,1,2,2022-02-21 09:00:40
1645434040221817000,27.7,1,27.8,5,27.85,1,1,2022-02-21 09:00:40
1645434040221817000,27.8,4,27.8,5,27.85,1,1,2022-02-21 09:00:40
1645434040236502000,27.8,2,27.8,3,27.85,1,2,2022-02-21 09:00:40
1645434040941070000,27.85,1,27.8,8,27.9,17,1,2022-02-21 09:00:40
1645434040941070000,27.9,1,27.8,8,27.9,17,1,2022-02-21 09:00:40
1645434041929722000,27.8,2,27.8,26,27.9,17,2,2022-02-21 09:00:41
1645434042203331000,27.85,3,27.85,9,27.9,17,2,2022-02-21 09:00:42
1645434043617785000,27.85,6,27.85,6,27.9,17,2,2022-02-21 09:00:43
1645434044552680000,27.9,17,27.85,6,28.1,7,1,2022-02-21 09:00:44
1645434044552680000,27.95,6,27.85,6,28.1,7,1,2022-02-21 09:00:44
1645434044552680000,28.0,8,27.85,6,28.1,7,1,2022-02-21 09:00:44
1645434044552680000,28.05,6,27.85,6,28.1,7,1,2022-02-21 09:00:44
1645434044552680000,28.1,3,27.85,6,28.1,7,1,2022-02-21 09:00:44
1645434044600083000,27.9,1,27.9,2,28.1,7,2,2022-02-21 09:00:44
1645434045561451000,28.05,1,27.9,2,28.1,6,1,2022-02-21 09:00:45
1645434045561451000,28.1,1,27.9,2,28.1,6,1,2022-02-21 09:00:45
1645434045859218000,28.1,2,27.9,2,28.1,4,1,2022-02-21 09:00:45
1645434045934391000,28.1,1,27.9,2,28.1,3,1,2022-02-21 09:00:45
1645434047116135000,28.1,2,27.9,2,28.1,1,1,2022-02-21 09:00:47
1645434047744145000,28.1,1,28.0,10,28.15,4,1,2022-02-21 09:00:47
1645434048531227000,28.15,2,28.0,10,28.15,2,1,2022-02-21 09:00:48
1645434048584453000,28.15,1,28.0,10,28.15,1,1,2022-02-21 09:00:48
1645434050010074000,28.15,1,28.1,1,28.15,5,1,2022-02-21 09:00:50
1645434051772651000,28.15,1,28.1,1,28.15,4,1,2022-02-21 09:00:51
1645434052775241000,28.15,4,28.1,1,28.2,27,1,2022-02-21 09:00:52
1645434052775241000,28.2,6,28.1,1,28.2,27,1,2022-02-21 09:00:52
1645434052844826000,28.2,1,28.1,1,28.2,26,1,2022-02-21 09:00:52
1645434054163877000,28.15,1,28.1,1,28.15,9,1,2022-02-21 09:00:54
1645434054359461000,28.15,2,28.1,1,28.15,7,1,2022-02-21 09:00:54
1645434054472180000,28.1,1,28.05,9,28.15,7,2,2022-02-21 09:00:54
1645434055163223000,28.15,1,28.05,9,28.15,6,1,2022-02-21 09:00:55
1645434055605660000,28.15,1,28.1,1,28.15,5,1,2022-02-21 09:00:55
1645434056554669000,28.15,2,28.1,1,28.15,8,1,2022-02-21 09:00:56
1645434056816859000,28.15,3,28.1,1,28.15,5,1,2022-02-21 09:00:56
1645434057086811000,28.15,5,28.1,1,28.2,21,1,2022-02-21 09:00:57
1645434057086811000,28.2,5,28.1,1,28.2,21,1,2022-02-21 09:00:57
1645434057531829000,28.1,1,28.05,4,28.1,1,2,2022-02-21 09:00:57
1645434057616865000,28.1,1,28.15,9,28.2,22,1,2022-02-21 09:00:57
1645434057654325000,28.15,9,28.05,1,28.2,22,2,2022-02-21 09:00:57
1645434057683070000,28.2,22,28.05,1,28.3,2,1,2022-02-21 09:00:57
1645434057683070000,28.25,5,28.05,1,28.3,2,1,2022-02-21 09:00:57
1645434057683070000,28.3,13,28.05,1,28.3,2,1,2022-02-21 09:00:57
1645434058086403000,28.3,1,28.1,1,28.3,1,1,2022-02-21 09:00:58
1645434058167077000,28.1,1,28.05,1,28.15,10,2,2022-02-21 09:00:58
1645434059866488000,28.1,3,28.05,1,28.15,11,1,2022-02-21 09:00:59
1645434059866488000,28.15,1,28.05,1,28.15,11,1,2022-02-21 09:00:59
1645434059950778000,28.05,1,28.0,13,28.15,11,2,2022-02-21 09:00:59
1645434061690027000,28.15,11,28.05,3,28.2,4,1,2022-02-21 09:01:01
1645434061690027000,28.2,1,28.05,3,28.2,4,1,2022-02-21 09:01:01
1645434061750646000,28.05,1,28.05,2,28.2,4,2,2022-02-21 09:01:01
1645434062366026000,28.2,1,28.05,2,28.2,3,1,2022-02-21 09:01:02
1645434063139596000,28.15,1,28.15,4,28.2,3,1,2022-02-21 09:01:03
1645434064887371000,28.15,1,28.15,13,28.2,10,2,2022-02-21 09:01:04
1645434066381395000,28.15,1,28.15,12,28.2,10,2,2022-02-21 09:01:06
1645434066765417000,28.2,1,28.15,12,28.2,9,1,2022-02-21 09:01:06
1645434066951362000,28.2,1,28.15,12,28.2,8,1,2022-02-21 09:01:06
1645434067749474000,28.15,1,28.15,14,28.2,8,2,2022-02-21 09:01:07
1645434068484005000,28.2,5,28.15,18,28.2,3,1,2022-02-21 09:01:08
1645434070127174000,28.2,1,28.15,21,28.2,2,1,2022-02-21 09:01:10
1645434070219071000,28.2,2,28.15,21,28.25,9,1,2022-02-21 09:01:10
1645434070219071000,28.25,1,28.15,21,28.25,9,1,2022-02-21 09:01:10
1645434071474748000,28.25,1,28.2,1,28.25,8,1,2022-02-21 09:01:11
1645434073089056000,28.2,1,28.15,28,28.25,8,2,2022-02-21 09:01:13
1645434073109313000,28.25,1,28.15,28,28.25,7,1,2022-02-21 09:01:13
1645434076148867000,28.2,1,28.2,13,28.25,7,2,2022-02-21 09:01:16
1645434076490768000,28.2,3,28.2,10,28.25,7,2,2022-02-21 09:01:16
1645434076887935000,28.25,3,28.2,10,28.25,4,1,2022-02-21 09:01:16
1645434077051646000,28.2,4,28.2,6,28.25,4,2,2022-02-21 09:01:17
1645434078240623000,28.25,3,28.2,9,28.25,1,1,2022-02-21 09:01:18
1645434078781703000,28.25,1,28.2,10,28.3,8,1,2022-02-21 09:01:18
1645434079686096000,28.25,3,28.2,6,28.3,8,2,2022-02-21 09:01:19
1645434079686096000,28.2,7,28.2,6,28.3,8,2,2022-02-21 09:01:19
1645434079927825000,28.25,1,28.25,1,28.3,8,2,2022-02-21 09:01:19
1645434080004697000,28.25,1,28.2,6,28.3,8,2,2022-02-21 09:01:20
1645434080422776000,28.25,2,28.15,26,28.3,8,2,2022-02-21 09:01:20
1645434080422776000,28.2,6,28.15,26,28.3,8,2,2022-02-21 09:01:20
1645434080422776000,28.15,2,28.15,26,28.3,8,2,2022-02-21 09:01:20
1645434080821047000,28.25,1,28.15,26,28.3,8,2,2022-02-21 09:01:20
1645434080874584000,28.3,8,28.3,2,28.35,1,1,2022-02-21 09:01:20
1645434080899490000,28.3,1,28.3,1,28.35,1,2,2022-02-21 09:01:20
1645434081430110000,28.3,4,28.15,26,28.35,1,2,2022-02-21 09:01:21
1645434081430110000,28.25,1,28.15,26,28.35,1,2,2022-02-21 09:01:21
1645434083087507000,28.3,7,28.3,3,28.35,5,2,2022-02-21 09:01:23
1645434083109005000,28.3,3,28.25,1,28.35,5,2,2022-02-21 09:01:23
1645434084411373000,28.3,1,28.25,2,28.35,5,2,2022-02-21 09:01:24
1645434084562056000,28.35,2,28.25,2,28.35,3,1,2022-02-21 09:01:24
1645434085055441000,28.35,1,28.25,2,28.35,3,1,2022-02-21 09:01:25
1645434085158983000,28.35,1,28.25,2,28.35,2,1,2022-02-21 09:01:25
1645434086054620000,28.3,1,28.3,9,28.35,2,2,2022-02-21 09:01:26
1645434086965822000,28.35,2,28.3,10,28.4,12,1,2022-02-21 09:01:26
1645434087830772000,28.4,10,28.3,10,28.4,2,1,2022-02-21 09:01:27
1645434088659264000,28.35,5,28.45,1,28.5,11,1,2022-02-21 09:01:28
1645434088659264000,28.4,2,28.45,1,28.5,11,1,2022-02-21 09:01:28
1645434088659264000,28.45,2,28.45,1,28.5,11,1,2022-02-21 09:01:28
1645434089297277000,28.45,1,28.35,6,28.5,11,2,2022-02-21 09:01:29
1645434090827922000,28.45,1,28.35,2,28.45,3,1,2022-02-21 09:01:30
1645434091923036000,28.45,1,28.4,1,28.45,2,1,2022-02-21 09:01:31
1645434092871382000,28.45,2,28.4,11,28.5,11,1,2022-02-21 09:01:32
1645434093115275000,28.45,3,28.4,11,28.5,11,1,2022-02-21 09:01:33
1645434093141834000,28.45,0,0.0,0,0.0,0,1,2022-02-21 09:01:33
1645434214291618000,28.5,190,28.45,82,28.5,9,1,2022-02-21 09:03:34
1645434214621793000,28.45,5,28.45,77,28.5,9,2,2022-02-21 09:03:34
1645434214736155000,28.45,7,28.45,70,28.5,15,2,2022-02-21 09:03:34
1645434215664465000,28.45,1,28.45,69,28.5,15,2,2022-02-21 09:03:35
1645434217730810000,28.45,1,28.45,68,28.5,18,2,2022-02-21 09:03:37
1645434217838404000,28.5,1,28.45,68,28.5,17,1,2022-02-21 09:03:37
1645434218070277000,28.5,1,28.45,68,28.5,16,1,2022-02-21 09:03:38
1645434218697057000,28.45,2,28.45,66,28.5,16,2,2022-02-21 09:03:38
1645434220130827000,28.5,2,28.45,66,28.5,14,1,2022-02-21 09:03:40
1645434220964111000,28.5,15,28.5,5,28.6,15,1,2022-02-21 09:03:40
1645434221352756000,28.5,1,28.5,4,28.6,15,2,2022-02-21 09:03:41
1645434221467791000,28.5,2,28.5,2,28.6,15,2,2022-02-21 09:03:41
1645434222348127000,28.5,1,28.5,1,28.6,15,2,2022-02-21 09:03:42
1645434222427409000,28.5,1,28.45,76,28.6,15,2,2022-02-21 09:03:42
1645434222471433000,28.45,1,28.45,75,28.6,15,2,2022-02-21 09:03:42
1645434223560794000,28.6,1,28.45,75,28.6,14,1,2022-02-21 09:03:43
1645434224343237000,28.6,5,28.45,75,28.6,9,1,2022-02-21 09:03:44
1645434224595262000,28.45,10,28.45,65,28.6,9,2,2022-02-21 09:03:44
1645434225220004000,28.6,5,28.5,1,28.6,4,1,2022-02-21 09:03:45
1645434225235072000,28.5,1,28.45,56,28.6,4,2,2022-02-21 09:03:45
1645434225235072000,28.45,4,28.45,56,28.6,4,2,2022-02-21 09:03:45
1645434227492592000,28.6,1,28.5,3,28.6,3,1,2022-02-21 09:03:47
1645434228020197000,28.6,2,28.55,2,28.6,1,1,2022-02-21 09:03:48
1645434228479479000,28.55,1,28.55,1,28.6,1,2,2022-02-21 09:03:48
1645434229149993000,28.55,1,28.5,3,28.6,1,2,2022-02-21 09:03:49
1645434229253447000,28.6,1,28.6,4,28.7,1,1,2022-02-21 09:03:49
1645434229769943000,28.6,1,28.6,3,28.7,3,2,2022-02-21 09:03:49
1645434230059679000,28.7,3,28.6,3,28.85,4,1,2022-02-21 09:03:50
1645434230059679000,28.8,5,28.6,3,28.85,4,1,2022-02-21 09:03:50
1645434230059679000,28.85,2,28.6,3,28.85,4,1,2022-02-21 09:03:50
1645434230243905000,28.85,4,28.65,3,28.9,4,1,2022-02-21 09:03:50
1645434230243905000,28.9,1,28.65,3,28.9,4,1,2022-02-21 09:03:50
1645434231983424000,28.65,1,28.65,4,28.9,1,2,2022-02-21 09:03:51
1645434232472080000,28.65,1,28.65,3,28.85,1,2,2022-02-21 09:03:52
1645434232767259000,28.85,1,28.65,3,28.85,1,1,2022-02-21 09:03:52
1645434232842541000,28.85,1,28.65,3,28.95,12,1,2022-02-21 09:03:52
1645434232842541000,28.9,1,28.65,3,28.95,12,1,2022-02-21 09:03:52
1645434232958691000,28.65,1,28.65,2,28.95,12,2,2022-02-21 09:03:52
1645434235055457000,28.75,1,28.65,3,28.75,2,1,2022-02-21 09:03:55
1645434236366154000,28.75,1,28.65,5,28.75,1,1,2022-02-21 09:03:56
1645434236457092000,28.75,1,28.65,5,28.95,4,1,2022-02-21 09:03:56
1645434236457092000,28.9,6,28.65,5,28.95,4,1,2022-02-21 09:03:56
1645434236457092000,28.95,3,28.65,5,28.95,4,1,2022-02-21 09:03:56
1645434237135179000,28.95,1,28.65,6,28.95,3,1,2022-02-21 09:03:57
1645434237337860000,28.95,1,28.7,4,28.95,2,1,2022-02-21 09:03:57
1645434237576130000,28.95,2,28.7,4,29.0,61,1,2022-02-21 09:03:57
1645434237576130000,29.0,3,28.7,4,29.0,61,1,2022-02-21 09:03:57
1645434238882201000,28.8,1,28.7,2,28.8,9,1,2022-02-21 09:03:58
1645434239644045000,28.8,1,28.7,3,28.8,8,1,2022-02-21 09:03:59
1645434240088317000,28.7,1,28.7,2,28.8,8,2,2022-02-21 09:04:00
1645434240176079000,28.8,3,28.7,2,28.8,5,1,2022-02-21 09:04:00
1645434241635219000,28.8,1,28.75,1,28.8,10,1,2022-02-21 09:04:01
1645434241954231000,28.8,1,28.75,1,28.8,9,1,2022-02-21 09:04:01
1645434242098038000,28.8,1,28.75,1,28.8,8,1,2022-02-21 09:04:02
1645434242127104000,28.8,1,28.75,1,28.8,7,1,2022-02-21 09:04:02
1645434243467359000,28.8,2,28.75,1,28.8,6,1,2022-02-21 09:04:03
1645434245235064000,28.75,2,28.75,4,28.8,11,2,2022-02-21 09:04:05
1645434246637394000,28.8,2,28.75,5,28.8,9,1,2022-02-21 09:04:06
1645434247704498000,28.8,3,28.75,5,28.8,7,1,2022-02-21 09:04:07
1645434248664996000,28.8,1,28.75,5,28.8,6,1,2022-02-21 09:04:08
1645434248819010000,28.8,2,28.75,5,28.8,4,1,2022-02-21 09:04:08
1645434248993302000,28.8,4,28.8,1,28.9,1,1,2022-02-21 09:04:08
1645434249243418000,28.8,1,28.75,5,28.8,3,2,2022-02-21 09:04:09
1645434251803173000,28.8,1,28.75,6,28.8,5,1,2022-02-21 09:04:11
1645434253152783000,28.8,2,28.75,6,28.8,4,1,2022-02-21 09:04:13
1645434253821795000,28.8,4,28.75,6,28.9,1,1,2022-02-21 09:04:13
1645434253821795000,28.9,1,28.75,6,28.9,1,1,2022-02-21 09:04:13
1645434254013734000,28.9,1,28.75,6,29.0,56,1,2022-02-21 09:04:14
1645434254013734000,28.95,1,28.75,6,29.0,56,1,2022-02-21 09:04:14
1645434254013734000,29.0,3,28.75,6,29.0,56,1,2022-02-21 09:04:14
1645434254025193000,28.75,3,28.75,3,29.0,56,2,2022-02-21 09:04:14
1645434254599299000,29.0,1,28.8,8,29.0,55,1,2022-02-21 09:04:14
1645434254773851000,28.8,1,28.8,7,29.0,55,2,2022-02-21 09:04:14
1645434255799307000,28.8,1,28.8,6,28.95,1,2,2022-02-21 09:04:15
1645434255864435000,28.8,1,28.8,5,28.95,2,2,2022-02-21 09:04:15
1645434257853344000,28.8,1,28.8,9,28.95,3,2,2022-02-21 09:04:17
1645434258804016000,28.95,1,28.8,9,28.95,2,1,2022-02-21 09:04:18
1645434260337577000,28.95,1,28.85,1,28.95,1,1,2022-02-21 09:04:20
1645434262461007000,28.95,2,28.85,1,28.95,4,1,2022-02-21 09:04:22
1645434262475190000,28.85,1,28.8,13,28.95,4,2,2022-02-21 09:04:22
1645434262475190000,28.8,1,28.8,13,28.95,4,2,2022-02-21 09:04:22
1645434263030817000,28.95,1,28.85,1,28.95,4,1,2022-02-21 09:04:23
1645434263051241000,28.85,1,28.8,13,28.95,4,2,2022-02-21 09:04:23
1645434265705496000,28.8,15,28.8,2,28.95,8,2,2022-02-21 09:04:25
1645434265742854000,28.8,2,28.75,12,28.95,8,2,2022-02-21 09:04:25
1645434267696962000,28.9,1,28.75,12,28.95,9,1,2022-02-21 09:04:27
1645434267926899000,28.8,1,28.8,2,28.95,9,2,2022-02-21 09:04:27
1645434267955068000,28.8,2,28.75,12,28.95,9,2,2022-02-21 09:04:27
1645434268022158000,28.9,1,28.75,12,28.9,2,1,2022-02-21 09:04:28
1645434268112977000,28.85,1,28.75,12,28.9,2,1,2022-02-21 09:04:28
1645434268395927000,28.8,1,28.75,12,28.9,2,2,2022-02-21 09:04:28
1645434268825300000,28.75,1,28.75,11,28.9,2,2,2022-02-21 09:04:28
1645434269552090000,28.8,1,28.75,11,28.9,4,2,2022-02-21 09:04:29
1645434270523814000,28.8,1,28.7,7,28.85,2,2,2022-02-21 09:04:30
1645434270523814000,28.75,12,28.7,7,28.85,2,2,2022-02-21 09:04:30
1645434270523814000,28.7,2,28.7,7,28.85,2,2,2022-02-21 09:04:30
1645434273689547000,28.7,1,28.7,7,28.75,1,2,2022-02-21 09:04:33
1645434274547114000,28.75,1,28.7,7,28.8,2,1,2022-02-21 09:04:34
1645434275680362000,28.7,1,28.7,10,28.75,1,2,2022-02-21 09:04:35
1645434277435212000,28.8,2,28.7,10,28.8,2,1,2022-02-21 09:04:37
1645434277959332000,28.7,4,28.7,6,28.75,1,2,2022-02-21 09:04:37
1645434277968511000,28.75,1,28.7,6,28.8,2,1,2022-02-21 09:04:37
1645434277983983000,28.7,1,28.7,5,28.8,2,2,2022-02-21 09:04:37
1645434279334329000,28.7,1,28.7,13,28.8,2,2,2022-02-21 09:04:39
1645434279729725000,28.75,1,28.75,5,28.8,2,2,2022-02-21 09:04:39
1645434279767014000,28.75,2,28.75,3,28.8,2,2,2022-02-21 09:04:39
1645434280225707000,28.75,1,28.75,2,28.8,2,2,2022-02-21 09:04:40
1645434280545753000,28.75,1,28.75,1,28.8,2,2,2022-02-21 09:04:40
1645434280577879000,28.75,1,28.7,13,28.8,2,2,2022-02-21 09:04:40
1645434282137338000,28.7,2,28.7,15,28.8,5,2,2022-02-21 09:04:42
1645434282285243000,28.7,1,28.7,14,28.8,5,2,2022-02-21 09:04:42
1645434283081404000,28.8,5,28.7,9,28.8,1,1,2022-02-21 09:04:43
1645434283821857000,28.7,5,28.7,4,28.75,16,2,2022-02-21 09:04:43
1645434284231462000,28.7,3,28.7,1,28.75,16,2,2022-02-21 09:04:44
1645434284255923000,28.7,1,28.65,13,28.75,16,2,2022-02-21 09:04:44
1645434287907492000,28.7,1,28.65,14,28.7,13,1,2022-02-21 09:04:47
1645434287925731000,28.7,1,28.65,14,28.7,12,1,2022-02-21 09:04:47
1645434288139881000,28.65,10,28.65,4,28.7,12,2,2022-02-21 09:04:48
1645434288319710000,28.65,4,28.6,12,28.65,6,2,2022-02-21 09:04:48
1645434290425926000,28.65,1,28.6,12,28.65,14,1,2022-02-21 09:04:50
1645434290911278000,28.6,5,28.6,7,28.65,14,2,2022-02-21 09:04:50
1645434291628249000,28.6,1,28.6,6,28.65,14,2,2022-02-21 09:04:51
1645434291784864000,28.6,6,28.55,2,28.65,14,2,2022-02-21 09:04:51
1645434293987237000,28.6,1,28.55,2,28.6,2,1,2022-02-21 09:04:53
1645434294693849000,28.6,2,28.55,2,28.65,2,1,2022-02-21 09:04:54
1645434294693849000,28.65,1,28.55,2,28.65,2,1,2022-02-21 09:04:54
1645434295536597000,28.6,1,28.55,2,28.6,9,1,2022-02-21 09:04:55
1645434297527896000,28.55,1,28.55,1,28.6,9,2,2022-02-21 09:04:57
1645434298278960000,28.6,1,28.55,1,28.6,9,1,2022-02-21 09:04:58
1645434299005238000,28.6,9,28.6,1,28.65,2,1,2022-02-21 09:04:59
1645434299028688000,28.6,1,28.5,15,28.55,2,2,2022-02-21 09:04:59
1645434299028688000,28.55,1,28.5,15,28.55,2,2,2022-02-21 09:04:59
1645434300389512000,28.5,15,28.45,8,28.55,2,2,2022-02-21 09:05:00
1645434300389512000,28.45,25,28.45,8,28.55,2,2,2022-02-21 09:05:00
1645434300686741000,28.55,2,28.55,3,28.6,10,1,2022-02-21 09:05:00
1645434300851374000,28.55,3,28.45,3,28.6,10,2,2022-02-21 09:05:00
1645434300851374000,28.45,5,28.45,3,28.6,10,2,2022-02-21 09:05:00
1645434301496986000,28.45,3,28.4,12,28.45,2,2,2022-02-21 09:05:01
1645434302925100000,28.4,3,28.4,10,28.45,2,2,2022-02-21 09:05:02
1645434303013537000,28.4,1,28.4,9,28.45,2,2,2022-02-21 09:05:03
1645434305623769000,28.4,1,28.4,9,28.5,4,2,2022-02-21 09:05:05
1645434306005254000,28.4,9,28.35,5,28.4,1,2,2022-02-21 09:05:06
1645434306403621000,28.4,1,28.35,5,28.55,2,1,2022-02-21 09:05:06
1645434306403621000,28.5,4,28.35,5,28.55,2,1,2022-02-21 09:05:06
1645434306403621000,28.55,5,28.35,5,28.55,2,1,2022-02-21 09:05:06
1645434306773213000,28.4,1,28.35,5,28.4,9,2,2022-02-21 09:05:06
1645434308949613000,28.35,1,28.35,4,28.4,14,2,2022-02-21 09:05:08
1645434308995574000,28.4,1,28.35,4,28.4,13,1,2022-02-21 09:05:08
1645434309035586000,28.35,2,28.35,2,28.4,13,2,2022-02-21 09:05:09
1645434309121956000,28.35,2,28.3,4,28.4,13,2,2022-02-21 09:05:09
1645434309453117000,28.4,1,28.3,4,28.4,12,1,2022-02-21 09:05:09
1645434309553834000,28.3,2,28.3,2,28.4,12,2,2022-02-21 09:05:09
1645434310947409000,28.4,1,28.3,5,28.4,11,1,2022-02-21 09:05:10
1645434311054371000,28.3,2,28.3,3,28.4,11,2,2022-02-21 09:05:11
1645434311982425000,28.4,5,28.3,3,28.4,6,1,2022-02-21 09:05:11
1645434312278564000,28.3,3,28.2,13,28.35,1,2,2022-02-21 09:05:12
1645434312278564000,28.25,2,28.2,13,28.35,1,2,2022-02-21 09:05:12
1645434314030379000,28.35,1,28.3,2,28.4,7,1,2022-02-21 09:05:14
1645434314136367000,28.3,2,28.25,2,28.4,7,2,2022-02-21 09:05:14
1645434315140871000,28.25,2,28.2,12,28.35,5,2,2022-02-21 09:05:15
1645434315140871000,28.2,1,28.2,12,28.35,5,2,2022-02-21 09:05:15
1645434317104855000,28.3,1,28.2,12,28.35,5,2,2022-02-21 09:05:17
1645434318659176000,28.25,1,28.2,12,28.3,3,2,2022-02-21 09:05:18
1645434318660011000,28.3,2,28.2,12,28.3,1,1,2022-02-21 09:05:18
1645434319177664000,28.25,1,28.2,11,28.3,1,2,2022-02-21 09:05:19
1645434319177664000,28.2,1,28.2,11,28.3,1,2,2022-02-21 09:05:19
1645434320332539000,28.2,1,28.2,10,28.3,3,2,2022-02-21 09:05:20
1645434322556066000,28.2,1,28.2,17,28.3,1,2,2022-02-21 09:05:22
1645434322834345000,28.2,1,28.2,16,28.25,3,2,2022-02-21 09:05:22
1645434322965898000,28.25,1,28.2,16,28.25,2,1,2022-02-21 09:05:22
1645434324037070000,28.25,2,28.25,10,28.3,1,1,2022-02-21 09:05:24
1645434324056420000,28.25,10,28.2,17,28.3,1,2,2022-02-21 09:05:24
1645434326474349000,28.2,1,28.2,15,28.25,1,2,2022-02-21 09:05:26
1645434326674106000,28.2,1,28.2,14,28.25,1,2,2022-02-21 09:05:26
1645434327034647000,28.25,1,28.2,14,28.3,1,1,2022-02-21 09:05:27
1645434329184751000,28.25,2,28.2,14,28.25,1,1,2022-02-21 09:05:29
1645434329549607000,28.25,1,28.2,14,28.35,4,1,2022-02-21 09:05:29
1645434329549607000,28.3,1,28.2,14,28.35,4,1,2022-02-21 09:05:29
1645434329958405000,28.2,3,28.2,11,28.35,4,2,2022-02-21 09:05:29
1645434331343771000,28.25,1,28.2,10,28.35,4,2,2022-02-21 09:05:31
1645434332245703000,28.25,1,28.25,2,28.35,4,2,2022-02-21 09:05:32
1645434333685368000,28.25,3,28.25,10,28.35,2,2,2022-02-21 09:05:33
1645434335320197000,28.25,1,28.25,24,28.35,2,2,2022-02-21 09:05:35
1645434336178572000,28.3,1,28.25,24,28.35,2,1,2022-02-21 09:05:36
1645434338933136000,28.3,1,28.25,24,28.35,2,2,2022-02-21 09:05:38
1645434339801813000,28.25,2,28.25,25,28.35,2,2,2022-02-21 09:05:39
1645434340701149000,28.35,2,28.3,3,28.4,4,1,2022-02-21 09:05:40
1645434341519825000,28.4,4,28.4,1,28.5,2,1,2022-02-21 09:05:41
1645434342574464000,28.4,1,28.3,3,28.5,2,2,2022-02-21 09:05:42
1645434342574464000,28.3,2,28.3,3,28.5,2,2,2022-02-21 09:05:42
1645434343202592000,28.3,2,28.3,1,28.5,2,2,2022-02-21 09:05:43
1645434345246383000,28.5,1,28.3,3,28.5,1,1,2022-02-21 09:05:45
1645434345590370000,28.5,1,28.35,2,28.65,6,1,2022-02-21 09:05:45
1645434345590370000,28.6,1,28.35,2,28.65,6,1,2022-02-21 09:05:45
1645434346766487000,28.5,2,28.35,2,28.5,2,1,2022-02-21 09:05:46
1645434347394716000,28.5,1,28.35,4,28.5,1,1,2022-02-21 09:05:47
1645434348695142000,28.5,1,28.35,4,28.65,4,1,2022-02-21 09:05:48
1645434348695142000,28.6,1,28.35,4,28.65,4,1,2022-02-21 09:05:48
1645434348695142000,28.65,2,28.35,4,28.65,4,1,2022-02-21 09:05:48
1645434349693330000,28.5,1,28.35,4,28.65,4,2,2022-02-21 09:05:49
1645434350048661000,28.65,1,28.35,4,28.65,3,1,2022-02-21 09:05:50
1645434350610973000,28.45,2,28.4,4,28.65,3,1,2022-02-21 09:05:50
1645434351613460000,28.65,3,28.5,1,28.75,2,1,2022-02-21 09:05:51
1645434351613460000,28.7,2,28.5,1,28.75,2,1,2022-02-21 09:05:51
1645434351613460000,28.75,5,28.5,1,28.75,2,1,2022-02-21 09:05:51
1645434352194802000,28.6,3,28.55,1,28.75,2,1,2022-02-21 09:05:52
1645434355200176000,28.65,1,28.6,2,28.7,2,2,2022-02-21 09:05:55
1645434358738612000,28.7,4,28.6,1,28.8,12,1,2022-02-21 09:05:58
1645434358738612000,28.75,6,28.6,1,28.8,12,1,2022-02-21 09:05:58
1645434359369766000,28.6,1,28.6,2,28.8,12,2,2022-02-21 09:05:59
1645434359396935000,28.6,2,28.55,1,28.8,12,2,2022-02-21 09:05:59
1645434360762832000,28.6,1,28.55,1,28.6,1,1,2022-02-21 09:06:00
1645434360881369000,28.6,1,28.6,19,28.75,2,1,2022-02-21 09:06:00
1645434360884190000,28.6,1,28.6,18,28.75,2,2,2022-02-21 09:06:00
1645434362474098000,28.6,5,28.6,15,28.8,12,2,2022-02-21 09:06:02
1645434364885975000,28.7,10,28.6,17,29.0,70,1,2022-02-21 09:06:04
1645434364885975000,28.75,1,28.6,17,29.0,70,1,2022-02-21 09:06:04
1645434364885975000,28.8,12,28.6,17,29.0,70,1,2022-02-21 09:06:04
1645434364885975000,28.85,15,28.6,17,29.0,70,1,2022-02-21 09:06:04
1645434364885975000,28.9,4,28.6,17,29.0,70,1,2022-02-21 09:06:04
1645434364885975000,28.95,5,28.6,17,29.0,70,1,2022-02-21 09:06:04
1645434364885975000,29.0,3,28.6,17,29.0,70,1,2022-02-21 09:06:04
1645434366588037000,28.65,1,28.65,4,28.95,4,2,2022-02-21 09:06:06
1645434369286867000,28.9,1,28.7,2,28.9,2,1,2022-02-21 09:06:09
1645434374334593000,28.8,1,28.75,1,28.95,2,2,2022-02-21 09:06:14
1645434375006850000,28.9,2,28.75,1,28.95,2,2,2022-02-21 09:06:15
1645434376502045000,28.95,1,28.8,2,28.95,1,1,2022-02-21 09:06:16
1645434379259546000,28.95,1,28.9,1,28.95,6,1,2022-02-21 09:06:19
1645434379330417000,28.9,1,28.8,2,28.95,6,2,2022-02-21 09:06:19
1645434379654759000,28.9,1,28.8,2,28.9,1,1,2022-02-21 09:06:19
1645434380104307000,28.9,1,28.8,3,28.95,5,1,2022-02-21 09:06:20
1645434380104307000,28.95,2,28.8,3,28.95,5,1,2022-02-21 09:06:20
1645434381226640000,28.8,2,28.75,1,28.9,2,2,2022-02-21 09:06:21
1645434381472188000,28.9,1,28.75,1,28.9,1,1,2022-02-21 09:06:21
1645434382045137000,28.9,1,28.75,1,28.95,4,1,2022-02-21 09:06:22
1645434382045137000,28.95,4,28.75,1,28.95,4,1,2022-02-21 09:06:22
1645434382061048000,28.95,3,28.75,1,28.95,1,1,2022-02-21 09:06:22
1645434384898521000,28.9,2,28.95,3,29.0,74,1,2022-02-21 09:06:24
1645434384898521000,28.95,1,28.95,3,29.0,74,1,2022-02-21 09:06:24
1645434385369997000,28.95,1,28.95,2,29.0,77,2,2022-02-21 09:06:25
1645434385526818000,29.0,1,28.95,2,29.0,76,1,2022-02-21 09:06:25
1645434385734623000,29.0,20,28.95,2,29.0,56,1,2022-02-21 09:06:25
1645434386110894000,29.0,4,28.95,2,29.0,51,1,2022-02-21 09:06:26
1645434387364659000,29.0,2,28.95,4,29.0,49,1,2022-02-21 09:06:27
1645434387908901000,29.0,6,28.95,4,29.0,43,1,2022-02-21 09:06:27
1645434388369766000,29.0,1,28.95,4,29.0,39,1,2022-02-21 09:06:28
1645434389085948000,29.0,1,28.95,4,29.0,39,1,2022-02-21 09:06:29
1645434389119625000,29.0,1,28.95,4,29.0,38,1,2022-02-21 09:06:29
1645434389321326000,29.0,1,28.95,4,29.0,37,1,2022-02-21 09:06:29
1645434389388185000,29.0,2,28.95,4,29.0,35,1,2022-02-21 09:06:29
1645434390291425000,28.95,3,28.95,1,29.0,35,2,2022-02-21 09:06:30
1645434390617089000,29.0,1,28.95,1,29.0,35,1,2022-02-21 09:06:30
1645434391134279000,29.0,10,28.95,1,29.0,25,1,2022-02-21 09:06:31
1645434391332576000,29.0,6,28.95,1,29.0,19,1,2022-02-21 09:06:31
1645434391405391000,29.0,1,28.95,1,29.0,18,1,2022-02-21 09:06:31
1645434392437748000,29.0,2,28.95,2,29.0,16,1,2022-02-21 09:06:32
1645434392506597000,28.95,1,28.95,1,29.0,16,2,2022-02-21 09:06:32
1645434393554419000,29.0,1,28.95,1,29.0,16,1,2022-02-21 09:06:33
1645434394276899000,29.0,5,28.95,2,29.0,11,1,2022-02-21 09:06:34
1645434394751618000,29.0,1,28.95,2,29.0,10,1,2022-02-21 09:06:34
1645434396582579000,28.95,1,28.95,1,29.0,11,2,2022-02-21 09:06:36
1645434397577630000,29.0,5,28.95,1,29.0,11,1,2022-02-21 09:06:37
1645434398402501000,29.0,1,28.95,2,29.0,10,1,2022-02-21 09:06:38
1645434398644079000,29.0,3,28.95,2,29.0,7,1,2022-02-21 09:06:38
1645434399255162000,29.0,1,28.95,3,29.0,6,1,2022-02-21 09:06:39
1645434399442712000,29.0,2,28.95,3,29.0,4,1,2022-02-21 09:06:39
1645434400304472000,29.0,2,28.95,3,29.0,2,1,2022-02-21 09:06:40
1645434401462684000,29.0,1,28.95,3,29.0,3,1,2022-02-21 09:06:41
1645434402153822000,29.0,3,28.95,3,29.05,6,1,2022-02-21 09:06:42
1645434402415998000,29.0,1,28.95,3,29.0,1,1,2022-02-21 09:06:42
1645434402422534000,29.0,1,28.95,3,29.05,6,1,2022-02-21 09:06:42
1645434402802182000,28.95,1,28.95,2,29.0,2,2,2022-02-21 09:06:42
1645434405114663000,29.0,3,29.05,1,29.1,13,1,2022-02-21 09:06:45
1645434405114663000,29.05,6,29.05,1,29.1,13,1,2022-02-21 09:06:45
1645434405147741000,29.05,1,28.95,2,29.1,13,2,2022-02-21 09:06:45
1645434405152059000,29.1,1,28.95,2,29.1,12,1,2022-02-21 09:06:45
1645434405316587000,29.05,2,28.95,2,29.1,13,1,2022-02-21 09:06:45
1645434405316587000,29.1,1,28.95,2,29.1,13,1,2022-02-21 09:06:45
1645434405519885000,29.05,2,28.95,2,29.1,5,1,2022-02-21 09:06:45
1645434405519885000,29.1,6,28.95,2,29.1,5,1,2022-02-21 09:06:45
1645434405533270000,29.1,5,28.95,2,29.15,6,1,2022-02-21 09:06:45
1645434405533270000,29.15,2,28.95,2,29.15,6,1,2022-02-21 09:06:45
1645434405656117000,29.0,1,28.95,2,29.1,2,2,2022-02-21 09:06:45
1645434406116900000,29.1,3,28.95,2,29.25,32,1,2022-02-21 09:06:46
1645434406116900000,29.15,6,28.95,2,29.25,32,1,2022-02-21 09:06:46
1645434406116900000,29.2,17,28.95,2,29.25,32,1,2022-02-21 09:06:46
1645434406116900000,29.25,10,28.95,2,29.25,32,1,2022-02-21 09:06:46
1645434406126267000,29.25,32,28.95,2,29.3,491,1,2022-02-21 09:06:46
1645434406126267000,29.3,4,28.95,2,29.3,491,1,2022-02-21 09:06:46
1645434406144419000,29.3,491,0.0,8,0.0,0,1,2022-02-21 09:06:46
1645434406196232000,29.3,2,0.0,996,0.0,0,1,2022-02-21 09:06:46
1645434406254559000,29.3,3,0.0,1004,0.0,0,1,2022-02-21 09:06:46
1645434406311935000,29.3,3,0.0,1006,0.0,0,1,2022-02-21 09:06:46
1645434406365818000,29.3,1,0.0,1027,0.0,0,1,2022-02-21 09:06:46
1645434407488614000,29.3,1,0.0,1107,0.0,0,1,2022-02-21 09:06:47
1645434408584899000,29.3,1,0.0,1106,0.0,0,1,2022-02-21 09:06:48
1645434409101851000,29.3,4,0.0,1102,0.0,0,1,2022-02-21 09:06:49
1645434409277489000,29.3,1,0.0,1301,0.0,0,1,2022-02-21 09:06:49
1645434410345280000,29.3,1,0.0,1304,0.0,0,1,2022-02-21 09:06:50
1645434410788763000,29.3,1,0.0,1306,0.0,0,1,2022-02-21 09:06:50
1645434410852739000,29.3,5,0.0,1301,0.0,0,1,2022-02-21 09:06:50
1645434411082240000,29.3,1,0.0,1300,0.0,0,1,2022-02-21 09:06:51
1645434411400861000,29.3,3,0.0,1297,0.0,0,1,2022-02-21 09:06:51
1645434411515645000,29.3,2,0.0,1295,0.0,0,1,2022-02-21 09:06:51
1645434411664084000,29.3,1,0.0,1294,0.0,0,1,2022-02-21 09:06:51
1645434412209633000,29.3,1,0.0,1298,0.0,0,1,2022-02-21 09:06:52
1645434412506623000,29.3,1,0.0,1299,0.0,0,1,2022-02-21 09:06:52
1645434412627267000,29.3,2,0.0,1447,0.0,0,1,2022-02-21 09:06:52
1645434412728173000,29.3,1,0.0,1446,0.0,0,1,2022-02-21 09:06:52
1645434412856705000,29.3,2,0.0,1444,0.0,0,1,2022-02-21 09:06:52
1645434413622727000,29.3,1,0.0,1443,0.0,0,1,2022-02-21 09:06:53
1645434413629406000,29.3,3,0.0,1440,0.0,0,1,2022-02-21 09:06:53
1645434413916003000,29.3,3,0.0,1448,0.0,0,1,2022-02-21 09:06:53
1645434414361574000,29.3,1,0.0,1447,0.0,0,1,2022-02-21 09:06:54
1645434414770756000,29.3,3,0.0,1444,0.0,0,1,2022-02-21 09:06:54
1645434415100849000,29.3,2,0.0,1442,0.0,0,1,2022-02-21 09:06:55
1645434415368964000,29.3,1,0.0,1441,0.0,0,1,2022-02-21 09:06:55
1645434415496995000,29.3,1,0.0,1440,0.0,0,1,2022-02-21 09:06:55
1645434415536386000,29.3,3,0.0,1437,0.0,0,1,2022-02-21 09:06:55
1645434416684514000,29.3,2,0.0,1435,0.0,0,1,2022-02-21 09:06:56
1645434417171250000,29.3,17,0.0,1419,0.0,0,1,2022-02-21 09:06:57
1645434418842852000,29.3,1,0.0,1425,0.0,0,1,2022-02-21 09:06:58
1645434419552012000,29.3,1,0.0,1544,0.0,0,1,2022-02-21 09:06:59
1645434420635300000,29.3,2,0.0,1555,0.0,0,1,2022-02-21 09:07:00
1645434421541263000,29.3,1,0.0,1554,0.0,0,1,2022-02-21 09:07:01
1645434422553577000,29.3,4,0.0,1553,0.0,0,1,2022-02-21 09:07:02
1645434423025468000,29.3,1,0.0,1612,0.0,0,1,2022-02-21 09:07:03
1645434423585404000,29.3,3,0.0,1612,0.0,0,1,2022-02-21 09:07:03
1645434423832656000,29.3,1,0.0,1631,0.0,0,1,2022-02-21 09:07:03
1645434424630655000,29.3,14,0.0,1617,0.0,0,1,2022-02-21 09:07:04
1645434424747392000,29.3,2,0.0,1613,0.0,0,1,2022-02-21 09:07:04
1645434425275806000,29.3,2,0.0,1611,0.0,0,1,2022-02-21 09:07:05
1645434425958926000,29.3,1,0.0,1610,0.0,0,1,2022-02-21 09:07:05
1645434426079048000,29.3,3,0.0,1607,0.0,0,1,2022-02-21 09:07:06
1645434426495193000,29.3,2,0.0,1605,0.0,0,1,2022-02-21 09:07:06
1645434426943161000,29.3,5,0.0,1600,0.0,0,1,2022-02-21 09:07:06
1645434427946369000,29.3,9,0.0,1606,0.0,0,1,2022-02-21 09:07:07
1645434428022565000,29.3,2,0.0,1605,0.0,0,1,2022-02-21 09:07:08
1645434428657570000,29.3,1,0.0,1604,0.0,0,1,2022-02-21 09:07:08
1645434428957030000,29.3,4,0.0,1600,0.0,0,1,2022-02-21 09:07:08
1645434429098254000,29.3,10,0.0,1590,0.0,0,1,2022-02-21 09:07:09
1645434429831182000,29.3,1,0.0,1589,0.0,0,1,2022-02-21 09:07:09
1645434430429611000,29.3,1,0.0,1588,0.0,0,1,2022-02-21 09:07:10
1645434431181527000,29.3,1,0.0,1587,0.0,0,1,2022-02-21 09:07:11
1645434431227934000,29.3,1,0.0,1586,0.0,0,1,2022-02-21 09:07:11
1645434431598317000,29.3,2,0.0,1584,0.0,0,1,2022-02-21 09:07:11
1645434433100448000,29.3,1,0.0,1590,0.0,0,1,2022-02-21 09:07:13
1645434434196524000,29.3,1,0.0,1607,0.0,0,1,2022-02-21 09:07:14
1645434434435543000,29.3,2,0.0,1605,0.0,0,1,2022-02-21 09:07:14
1645434435009970000,29.3,1,0.0,1605,0.0,0,1,2022-02-21 09:07:15
1645434435534897000,29.3,1,0.0,1604,0.0,0,1,2022-02-21 09:07:15
1645434435595068000,29.3,1,0.0,1603,0.0,0,1,2022-02-21 09:07:15
1645434436508184000,29.3,1,0.0,1602,0.0,0,1,2022-02-21 09:07:16
1645434437330931000,29.3,1,0.0,1601,0.0,0,1,2022-02-21 09:07:17
1645434438389894000,29.3,2,0.0,1600,0.0,0,1,2022-02-21 09:07:18
1645434438435111000,29.3,1,0.0,1599,0.0,0,1,2022-02-21 09:07:18
1645434438821530000,29.3,3,0.0,1596,0.0,0,1,2022-02-21 09:07:18
1645434439600715000,29.3,5,0.0,1596,0.0,0,1,2022-02-21 09:07:19
1645434440283572000,29.3,1,0.0,1595,0.0,0,1,2022-02-21 09:07:20
1645434440348409000,29.3,1,0.0,1594,0.0,0,1,2022-02-21 09:07:20
1645434442210446000,29.3,3,0.0,1590,0.0,0,1,2022-02-21 09:07:22
1645434442888421000,29.3,2,0.0,1588,0.0,0,1,2022-02-21 09:07:22
1645434443648683000,29.3,1,0.0,1587,0.0,0,1,2022-02-21 09:07:23
1645434444685871000,29.3,1,0.0,1586,0.0,0,1,2022-02-21 09:07:24
1645434445539622000,29.3,2,0.0,1587,0.0,0,1,2022-02-21 09:07:25
1645434445590966000,29.3,1,0.0,1586,0.0,0,1,2022-02-21 09:07:25
1645434446580622000,29.3,1,0.0,1585,0.0,0,1,2022-02-21 09:07:26
1645434447291070000,29.3,1,0.0,1584,0.0,0,1,2022-02-21 09:07:27
1645434450520989000,29.3,1,0.0,1583,0.0,0,1,2022-02-21 09:07:30
1645434450577730000,29.3,3,0.0,1580,0.0,0,1,2022-02-21 09:07:30
1645434452294845000,29.3,2,0.0,1605,0.0,0,1,2022-02-21 09:07:32
1645434455742026000,29.3,10,0.0,1595,0.0,0,1,2022-02-21 09:07:35
1645434456627460000,29.3,1,0.0,1594,0.0,0,1,2022-02-21 09:07:36
1645434458288032000,29.3,1,0.0,1593,0.0,0,1,2022-02-21 09:07:38
1645434461275043000,29.3,1,0.0,1610,0.0,0,1,2022-02-21 09:07:41
1645434464953941000,29.3,1,0.0,1609,0.0,0,1,2022-02-21 09:07:44
1645434465047828000,29.3,50,0.0,1559,0.0,0,1,2022-02-21 09:07:45
1645434467179839000,29.3,20,0.0,1539,0.0,0,1,2022-02-21 09:07:47
1645434469162246000,29.3,2,0.0,1537,0.0,0,1,2022-02-21 09:07:49
1645434469247245000,29.3,1,0.0,1536,0.0,0,1,2022-02-21 09:07:49
1645434470772288000,29.3,5,0.0,1531,0.0,0,1,2022-02-21 09:07:50
1645434472734352000,29.3,1,0.0,1531,0.0,0,1,2022-02-21 09:07:52
1645434475902284000,29.3,2,0.0,1530,0.0,0,1,2022-02-21 09:07:55
1645434476537557000,29.3,1,0.0,1529,0.0,0,1,2022-02-21 09:07:56
1645434479074257000,29.3,1,0.0,1528,0.0,0,1,2022-02-21 09:07:59
1645434479970492000,29.3,2,0.0,1526,0.0,0,1,2022-02-21 09:07:59
1645434481839667000,29.3,4,0.0,1522,0.0,0,1,2022-02-21 09:08:01
1645434482209511000,29.3,4,0.0,1518,0.0,0,1,2022-02-21 09:08:02
1645434482234867000,29.3,1,0.0,1517,0.0,0,1,2022-02-21 09:08:02
1645434482361498000,29.3,1,0.0,1516,0.0,0,1,2022-02-21 09:08:02
1645434484634901000,29.3,1,0.0,1515,0.0,0,1,2022-02-21 09:08:04
1645434488192840000,29.3,1,0.0,1514,0.0,0,1,2022-02-21 09:08:08
1645434490279884000,29.3,5,0.0,1509,0.0,0,1,2022-02-21 09:08:10
1645434490375360000,29.3,1,0.0,1508,0.0,0,1,2022-02-21 09:08:10
1645434491894587000,29.3,1,0.0,1507,0.0,0,1,2022-02-21 09:08:11
1645434494837900000,29.3,1,0.0,1536,0.0,0,1,2022-02-21 09:08:14
1645434494863136000,29.3,2,0.0,1534,0.0,0,1,2022-02-21 09:08:14
1645434495281918000,29.3,2,0.0,1532,0.0,0,1,2022-02-21 09:08:15
1645434495748898000,29.3,25,0.0,1507,0.0,0,1,2022-02-21 09:08:15
1645434496833891000,29.3,1,0.0,1506,0.0,0,1,2022-02-21 09:08:16
1645434497142628000,29.3,1,0.0,1505,0.0,0,1,2022-02-21 09:08:17
1645434498917811000,29.3,2,0.0,1503,0.0,0,1,2022-02-21 09:08:18
1645434499670345000,29.3,2,0.0,1501,0.0,0,1,2022-02-21 09:08:19
1645434500047655000,29.3,3,0.0,1498,0.0,0,1,2022-02-21 09:08:20
1645434503533380000,29.3,2,0.0,1496,0.0,0,1,2022-02-21 09:08:23
1645434505331024000,29.3,1,0.0,1495,0.0,0,1,2022-02-21 09:08:25
1645434508391848000,29.3,1,0.0,1502,0.0,0,1,2022-02-21 09:08:28
1645434509338010000,29.3,1,0.0,1501,0.0,0,1,2022-02-21 09:08:29
1645434509357985000,29.3,1,0.0,1500,0.0,0,1,2022-02-21 09:08:29
1645434510595895000,29.3,2,0.0,1498,0.0,0,1,2022-02-21 09:08:30
1645434510760940000,29.3,3,0.0,1495,0.0,0,1,2022-02-21 09:08:30
1645434510811742000,29.3,4,0.0,1491,0.0,0,1,2022-02-21 09:08:30
1645434511497816000,29.3,1,0.0,1490,0.0,0,1,2022-02-21 09:08:31
1645434513355881000,29.3,1,0.0,1491,0.0,0,1,2022-02-21 09:08:33
1645434513688240000,29.3,1,0.0,1490,0.0,0,1,2022-02-21 09:08:33
1645434513812456000,29.3,20,0.0,1470,0.0,0,1,2022-02-21 09:08:33
1645434514808910000,29.3,2,0.0,1468,0.0,0,1,2022-02-21 09:08:34
1645434515139039000,29.3,1,0.0,1467,0.0,0,1,2022-02-21 09:08:35
1645434516328705000,29.3,1,0.0,1466,0.0,0,1,2022-02-21 09:08:36
1645434516981161000,29.3,3,0.0,1463,0.0,0,1,2022-02-21 09:08:36
1645434518424405000,29.3,1,0.0,1462,0.0,0,1,2022-02-21 09:08:38
1645434518990820000,29.3,1,0.0,1461,0.0,0,1,2022-02-21 09:08:38
1645434519690123000,29.3,1,0.0,1460,0.0,0,1,2022-02-21 09:08:39
1645434521899087000,29.3,1,0.0,1459,0.0,0,1,2022-02-21 09:08:41
1645434524594778000,29.3,2,0.0,1457,0.0,0,1,2022-02-21 09:08:44
1645434525224834000,29.3,2,0.0,1455,0.0,0,1,2022-02-21 09:08:45
1645434528569671000,29.3,2,0.0,1455,0.0,0,1,2022-02-21 09:08:48
1645434532250206000,29.3,2,0.0,1453,0.0,0,1,2022-02-21 09:08:52
1645434535331165000,29.3,1,0.0,1451,0.0,0,1,2022-02-21 09:08:55
1645434539399961000,29.3,9,0.0,1442,0.0,0,1,2022-02-21 09:08:59
1645434540445638000,29.3,1,0.0,1441,0.0,0,1,2022-02-21 09:09:00
1645434540600594000,29.3,1,0.0,1440,0.0,0,1,2022-02-21 09:09:00
1645434541556795000,29.3,1,0.0,1439,0.0,0,1,2022-02-21 09:09:01
1645434543995169000,29.3,1,0.0,1438,0.0,0,1,2022-02-21 09:09:03
1645434555274211000,29.3,1,0.0,1439,0.0,0,1,2022-02-21 09:09:15
1645434557055175000,29.3,1,0.0,1438,0.0,0,1,2022-02-21 09:09:17
1645434558890043000,29.3,2,0.0,1486,0.0,0,1,2022-02-21 09:09:18
1645434565323434000,29.3,1,0.0,1485,0.0,0,1,2022-02-21 09:09:25
1645434570075928000,29.3,1,0.0,1499,0.0,0,1,2022-02-21 09:09:30
1645434573389535000,29.3,7,0.0,1492,0.0,0,1,2022-02-21 09:09:33
1645434575068874000,29.3,1,0.0,1491,0.0,0,1,2022-02-21 09:09:35
1645434577501105000,29.3,5,0.0,1486,0.0,0,1,2022-02-21 09:09:37
1645434581061429000,29.3,2,0.0,1485,0.0,0,1,2022-02-21 09:09:41
1645434583515828000,29.3,2,0.0,1483,0.0,0,1,2022-02-21 09:09:43
1645434588504741000,29.3,5,0.0,1477,0.0,0,1,2022-02-21 09:09:48
1645434588956937000,29.3,1,0.0,1476,0.0,0,1,2022-02-21 09:09:48
1645434596795149000,29.3,1,0.0,1475,0.0,0,1,2022-02-21 09:09:56
1645434600106347000,29.3,1,0.0,1474,0.0,0,1,2022-02-21 09:10:00
1645434602251353000,29.3,100,0.0,1374,0.0,0,1,2022-02-21 09:10:02
1645434602534781000,29.3,1,0.0,1373,0.0,0,1,2022-02-21 09:10:02
1645434606165173000,29.3,2,0.0,1171,0.0,0,1,2022-02-21 09:10:06
1645434606485125000,29.3,5,0.0,1166,0.0,0,1,2022-02-21 09:10:06
1645434612624060000,29.3,1,0.0,1165,0.0,0,1,2022-02-21 09:10:12
1645434613748502000,29.3,5,0.0,1160,0.0,0,1,2022-02-21 09:10:13
1645434614439457000,29.3,4,0.0,1156,0.0,0,1,2022-02-21 09:10:14
1645434616324881000,29.3,1,0.0,1155,0.0,0,1,2022-02-21 09:10:16
1645434629906458000,29.3,1,0.0,1164,0.0,0,1,2022-02-21 09:10:29
1645434632356224000,29.3,10,0.0,1124,0.0,0,1,2022-02-21 09:10:32
1645434634509307000,29.3,1,0.0,1123,0.0,0,1,2022-02-21 09:10:34
1645434636383015000,29.3,1,0.0,1122,0.0,0,1,2022-02-21 09:10:36
1645434636427524000,29.3,1,0.0,1121,0.0,0,1,2022-02-21 09:10:36
1645434636721687000,29.3,1,0.0,1120,0.0,0,1,2022-02-21 09:10:36
1645434636879753000,29.3,4,0.0,1116,0.0,0,1,2022-02-21 09:10:36
1645434642202897000,29.3,1,0.0,1135,0.0,0,1,2022-02-21 09:10:42
1645434652076058000,29.3,6,0.0,1209,0.0,0,1,2022-02-21 09:10:52
1645434653354827000,29.3,2,0.0,1208,0.0,0,1,2022-02-21 09:10:53
1645434653869285000,29.3,1,0.0,1207,0.0,0,1,2022-02-21 09:10:53
1645434659768057000,29.3,3,0.0,1204,0.0,0,1,2022-02-21 09:10:59
1645434663116575000,29.3,5,0.0,1229,0.0,0,1,2022-02-21 09:11:03
1645434665650062000,29.3,1,0.0,1228,0.0,0,1,2022-02-21 09:11:05
1645434670443529000,29.3,1,0.0,1227,0.0,0,1,2022-02-21 09:11:10
1645434684971384000,29.3,1,0.0,1226,0.0,0,1,2022-02-21 09:11:24
1645434701998585000,29.3,3,0.0,1423,0.0,0,1,2022-02-21 09:11:41
1645434709357214000,29.3,3,0.0,1422,0.0,0,1,2022-02-21 09:11:49
1645434716819847000,29.3,1,0.0,1321,0.0,0,1,2022-02-21 09:11:56
1645434726084121000,29.3,1,0.0,1320,0.0,0,1,2022-02-21 09:12:06
1645434728451616000,29.3,10,0.0,1410,0.0,0,1,2022-02-21 09:12:08
1645434730830121000,29.3,3,0.0,1407,0.0,0,1,2022-02-21 09:12:10
1645434738832225000,29.3,1,0.0,1407,0.0,0,1,2022-02-21 09:12:18
1645434745970174000,29.3,5,0.0,1402,0.0,0,1,2022-02-21 09:12:25
1645434758348301000,29.3,1,0.0,1401,0.0,0,1,2022-02-21 09:12:38
1645434758988439000,29.3,1,0.0,1401,0.0,0,1,2022-02-21 09:12:38
1645434761371498000,29.3,1,0.0,1400,0.0,0,1,2022-02-21 09:12:41
1645434769969006000,29.3,1,0.0,1401,0.0,0,1,2022-02-21 09:12:49
1645434787227441000,29.3,10,0.0,1402,0.0,0,1,2022-02-21 09:13:07
1645434794845716000,29.3,5,0.0,1397,0.0,0,1,2022-02-21 09:13:14
1645434798943393000,29.3,1,0.0,1402,0.0,0,1,2022-02-21 09:13:18
1645434806662174000,29.3,1,0.0,1401,0.0,0,1,2022-02-21 09:13:26
1645434821536126000,29.3,2,0.0,1399,0.0,0,1,2022-02-21 09:13:41
1645434830109827000,29.3,2,0.0,1397,0.0,0,1,2022-02-21 09:13:50
1645434838579180000,29.3,1,0.0,1396,0.0,0,1,2022-02-21 09:13:58
1645434841144625000,29.3,1,0.0,1395,0.0,0,1,2022-02-21 09:14:01
1645434850459594000,29.3,5,0.0,1390,0.0,0,1,2022-02-21 09:14:10
1645434885014865000,29.3,3,0.0,1388,0.0,0,1,2022-02-21 09:14:45
1645434895990809000,29.3,1,0.0,1387,0.0,0,1,2022-02-21 09:14:55
1645434896616092000,29.3,10,0.0,1377,0.0,0,1,2022-02-21 09:14:56
1645434901638741000,29.3,2,0.0,1375,0.0,0,1,2022-02-21 09:15:01
1645434945496152000,29.3,1,0.0,1379,0.0,0,1,2022-02-21 09:15:45
1645434972447539000,29.3,1,0.0,1377,0.0,0,1,2022-02-21 09:16:12
1645434978800738000,29.3,1,0.0,1376,0.0,0,1,2022-02-21 09:16:18
1645434984122255000,29.3,2,0.0,1374,0.0,0,1,2022-02-21 09:16:24
1645434987003168000,29.3,1,0.0,1373,0.0,0,1,2022-02-21 09:16:27
1645434998678208000,29.3,10,0.0,1363,0.0,0,1,2022-02-21 09:16:38
1645435006411783000,29.3,1,0.0,1363,0.0,0,1,2022-02-21 09:16:46
1645435024804443000,29.3,1,0.0,1362,0.0,0,1,2022-02-21 09:17:04
1645435031908049000,29.3,2,0.0,1360,0.0,0,1,2022-02-21 09:17:11
1645435056516520000,29.3,1,0.0,1360,0.0,0,1,2022-02-21 09:17:36
1645435057581690000,29.3,1,0.0,1359,0.0,0,1,2022-02-21 09:17:37
1645435072230878000,29.3,3,0.0,1357,0.0,0,1,2022-02-21 09:17:52
1645435096530409000,29.3,1,0.0,1356,0.0,0,1,2022-02-21 09:18:16
1645435104461764000,29.3,3,0.0,1354,0.0,0,1,2022-02-21 09:18:24
1645435143807407000,29.3,1,0.0,1368,0.0,0,1,2022-02-21 09:19:03
1645435166621218000,29.3,1,0.0,1367,0.0,0,1,2022-02-21 09:19:26
1645435175993310000,29.3,3,0.0,1364,0.0,0,1,2022-02-21 09:19:35
1645435208359378000,29.3,1,0.0,1369,0.0,0,1,2022-02-21 09:20:08
1645435208833294000,29.3,1,0.0,1368,0.0,0,1,2022-02-21 09:20:08
1645435254960142000,29.3,1,0.0,1379,0.0,0,1,2022-02-21 09:20:54
1645435299202393000,29.3,1,0.0,1379,0.0,0,1,2022-02-21 09:21:39
1645435322680286000,29.3,2,0.0,1378,0.0,0,1,2022-02-21 09:22:02
1645435333962821000,29.3,1,0.0,1377,0.0,0,1,2022-02-21 09:22:13
1645435430397220000,29.3,1,0.0,1478,0.0,0,1,2022-02-21 09:23:50
1645435452958100000,29.3,2,0.0,1476,0.0,0,1,2022-02-21 09:24:12
1645435482421449000,29.3,1,0.0,1472,0.0,0,1,2022-02-21 09:24:42
1645435486697359000,29.3,5,0.0,1467,0.0,0,1,2022-02-21 09:24:46
1645435518255496000,29.3,1,0.0,1470,0.0,0,1,2022-02-21 09:25:18
1645435520895358000,29.3,5,0.0,1465,0.0,0,1,2022-02-21 09:25:20
1645435544887019000,29.3,1,0.0,1464,0.0,0,1,2022-02-21 09:25:44
1645435545972146000,29.3,2,0.0,1462,0.0,0,1,2022-02-21 09:25:45
1645435608077229000,29.3,5,0.0,1457,0.0,0,1,2022-02-21 09:26:48
1645435647842828000,29.3,1,0.0,1456,0.0,0,1,2022-02-21 09:27:27
1645435659698405000,29.3,5,0.0,1451,0.0,0,1,2022-02-21 09:27:39
1645435699296206000,29.3,1,0.0,1255,0.0,0,1,2022-02-21 09:28:19
1645435707137243000,29.3,2,0.0,1253,0.0,0,1,2022-02-21 09:28:27
1645435769999254000,29.3,1,0.0,1275,0.0,0,1,2022-02-21 09:29:29
1645435796864937000,29.3,9,0.0,1271,0.0,0,1,2022-02-21 09:29:56
1645435803376701000,29.3,1,0.0,1270,0.0,0,1,2022-02-21 09:30:03
1645435812308670000,29.3,5,0.0,1265,0.0,0,1,2022-02-21 09:30:12
1645435856169295000,29.3,2,0.0,1262,0.0,0,1,2022-02-21 09:30:56
1645435942820064000,29.3,1,0.0,1267,0.0,0,1,2022-02-21 09:32:22
1645436000888180000,29.3,1,0.0,1266,0.0,0,1,2022-02-21 09:33:20
1645436025007242000,29.3,1,0.0,1249,0.0,0,1,2022-02-21 09:33:45
1645436034776022000,29.3,2,0.0,1249,0.0,0,1,2022-02-21 09:33:54
1645436038514899000,29.3,4,0.0,1247,0.0,0,1,2022-02-21 09:33:58
1645436065034130000,29.3,1,0.0,1246,0.0,0,1,2022-02-21 09:34:25
1645436074286334000,29.3,2,0.0,1244,0.0,0,1,2022-02-21 09:34:34
1645436104131867000,29.3,10,0.0,1233,0.0,0,1,2022-02-21 09:35:04
1645436106181259000,29.3,3,0.0,1230,0.0,0,1,2022-02-21 09:35:06
1645436137241854000,29.3,1,0.0,1228,0.0,0,1,2022-02-21 09:35:37
1645436163676202000,29.3,1,0.0,1230,0.0,0,1,2022-02-21 09:36:03
1645436210964812000,29.3,1,0.0,1256,0.0,0,1,2022-02-21 09:36:50
1645436263622775000,29.3,1,0.0,1257,0.0,0,1,2022-02-21 09:37:43
1645436284822083000,29.3,1,0.0,1261,0.0,0,1,2022-02-21 09:38:04
1645436301738022000,29.3,30,0.0,1232,0.0,0,1,2022-02-21 09:38:21
1645436313871962000,29.3,2,0.0,1229,0.0,0,1,2022-02-21 09:38:33
1645436400672768000,29.3,1,0.0,1228,0.0,0,1,2022-02-21 09:40:00
1645436456561136000,29.3,1,0.0,1227,0.0,0,1,2022-02-21 09:40:56
1645436491530044000,29.3,2,0.0,1234,0.0,0,1,2022-02-21 09:41:31
1645436505732607000,29.3,5,0.0,1230,0.0,0,1,2022-02-21 09:41:45
1645436508895872000,29.3,1,0.0,1229,0.0,0,1,2022-02-21 09:41:48
1645436589818636000,29.3,1,0.0,1226,0.0,0,1,2022-02-21 09:43:09
1645436627651042000,29.3,2,0.0,1212,0.0,0,1,2022-02-21 09:43:47
1645436630520315000,29.3,6,0.0,1206,0.0,0,1,2022-02-21 09:43:50
1645436732540085000,29.3,1,0.0,1202,0.0,0,1,2022-02-21 09:45:32
1645436796225668000,29.3,1,0.0,1202,0.0,0,1,2022-02-21 09:46:36
1645436813891475000,29.3,1,0.0,1201,0.0,0,1,2022-02-21 09:46:53
1645436882329245000,29.3,3,0.0,1199,0.0,0,1,2022-02-21 09:48:02
1645437000878607000,29.3,1,0.0,1197,0.0,0,1,2022-02-21 09:50:00
1645437020878900000,29.3,1,0.0,1196,0.0,0,1,2022-02-21 09:50:20
1645437154716425000,29.3,1,0.0,1146,0.0,0,1,2022-02-21 09:52:34
1645437190928931000,29.3,3,0.0,1143,0.0,0,1,2022-02-21 09:53:10
1645437249958296000,29.3,5,0.0,1138,0.0,0,1,2022-02-21 09:54:09
1645437322516387000,29.3,1,0.0,1137,0.0,0,1,2022-02-21 09:55:22
1645437353565502000,29.3,1,0.0,1136,0.0,0,1,2022-02-21 09:55:53
1645437444201871000,29.3,1,0.0,1136,0.0,0,1,2022-02-21 09:57:24
1645437457926510000,29.3,5,0.0,1131,0.0,0,1,2022-02-21 09:57:37
1645437512501753000,29.3,2,0.0,1129,0.0,0,1,2022-02-21 09:58:32
1645437545987387000,29.3,1,0.0,1128,0.0,0,1,2022-02-21 09:59:05
1645437620110516000,29.3,2,0.0,1116,0.0,0,1,2022-02-21 10:00:20
1645437658467811000,29.3,1,0.0,1116,0.0,0,1,2022-02-21 10:00:58
1645437705389344000,29.3,2,0.0,1115,0.0,0,1,2022-02-21 10:01:45
1645437721386477000,29.3,1,0.0,1114,0.0,0,1,2022-02-21 10:02:01
1645437786283067000,29.3,3,0.0,1111,0.0,0,1,2022-02-21 10:03:06
1645437787226372000,29.3,1,0.0,1110,0.0,0,1,2022-02-21 10:03:07
1645437807330716000,29.3,10,0.0,1100,0.0,0,1,2022-02-21 10:03:27
1645437848825476000,29.3,5,0.0,1095,0.0,0,1,2022-02-21 10:04:08
1645437921855098000,29.3,2,0.0,1293,0.0,0,1,2022-02-21 10:05:21
1645437953113025000,29.3,2,0.0,1293,0.0,0,1,2022-02-21 10:05:53
1645438072781997000,29.3,1,0.0,1088,0.0,0,1,2022-02-21 10:07:52
1645438088882568000,29.3,2,0.0,1086,0.0,0,1,2022-02-21 10:08:08
1645438104598677000,29.3,1,0.0,1085,0.0,0,1,2022-02-21 10:08:24
1645438119313980000,29.3,10,0.0,1075,0.0,0,1,2022-02-21 10:08:39
1645438139173529000,29.3,1,0.0,1074,0.0,0,1,2022-02-21 10:08:59
1645438465673621000,29.3,1,0.0,1079,0.0,0,1,2022-02-21 10:14:25
1645438523165458000,29.3,1,0.0,1079,0.0,0,1,2022-02-21 10:15:23
1645438601353031000,29.3,4,0.0,1076,0.0,0,1,2022-02-21 10:16:41
1645438673762659000,29.3,1,0.0,1075,0.0,0,1,2022-02-21 10:17:53
1645438726392844000,29.3,10,0.0,1065,0.0,0,1,2022-02-21 10:18:46
1645438757348715000,29.3,1,0.0,1064,0.0,0,1,2022-02-21 10:19:17
1645438783345161000,29.3,1,0.0,1063,0.0,0,1,2022-02-21 10:19:43
1645439009020960000,29.3,2,0.0,1061,0.0,0,1,2022-02-21 10:23:29
1645439170805571000,29.3,3,0.0,1060,0.0,0,1,2022-02-21 10:26:10
1645439309317831000,29.3,1,0.0,1059,0.0,0,1,2022-02-21 10:28:29
1645439538110407000,29.3,6,0.0,1057,0.0,0,1,2022-02-21 10:32:18
1645439645036498000,29.3,1,0.0,1057,0.0,0,1,2022-02-21 10:34:05
1645439759742389000,29.3,7,0.0,1050,0.0,0,1,2022-02-21 10:35:59
1645439811167678000,29.3,1,0.0,1049,0.0,0,1,2022-02-21 10:36:51
1645439834783861000,29.3,2,0.0,1052,0.0,0,1,2022-02-21 10:37:14
1645439846797781000,29.3,2,0.0,1050,0.0,0,1,2022-02-21 10:37:26
1645439925136846000,29.3,1,0.0,1049,0.0,0,1,2022-02-21 10:38:45
1645440049001468000,29.3,1,0.0,1058,0.0,0,1,2022-02-21 10:40:49
1645440075855550000,29.3,5,0.0,1055,0.0,0,1,2022-02-21 10:41:15
1645440215972396000,29.3,1,0.0,1061,0.0,0,1,2022-02-21 10:43:35
1645440226981516000,29.3,1,0.0,1060,0.0,0,1,2022-02-21 10:43:46
1645440281432114000,29.3,2,0.0,1057,0.0,0,1,2022-02-21 10:44:41
1645440627990059000,29.3,3,0.0,1054,0.0,0,1,2022-02-21 10:50:27
1645440689610479000,29.3,1,0.0,1054,0.0,0,1,2022-02-21 10:51:29
1645440791362153000,29.3,1,0.0,1067,0.0,0,1,2022-02-21 10:53:11
1645441135300061000,29.3,2,0.0,1066,0.0,0,1,2022-02-21 10:58:55
1645441347233388000,29.3,2,0.0,1062,0.0,0,1,2022-02-21 11:02:27
1645441368320054000,29.3,4,0.0,1058,0.0,0,1,2022-02-21 11:02:48
1645441445020712000,29.3,4,0.0,1055,0.0,0,1,2022-02-21 11:04:05
1645441602143865000,29.3,17,0.0,1038,0.0,0,1,2022-02-21 11:06:42
1645441602321660000,29.3,1,0.0,1037,0.0,0,1,2022-02-21 11:06:42
1645441914542295000,29.3,1,0.0,1035,0.0,0,1,2022-02-21 11:11:54
1645442019273081000,29.3,7,0.0,1027,0.0,0,1,2022-02-21 11:13:39
1645442087867839000,29.3,4,0.0,1024,0.0,0,1,2022-02-21 11:14:47
1645442253812300000,29.3,1,0.0,1024,0.0,0,1,2022-02-21 11:17:33
1645442268131778000,29.3,1,0.0,1023,0.0,0,1,2022-02-21 11:17:48
1645443037810513000,29.3,3,0.0,1036,0.0,0,1,2022-02-21 11:30:37
1645443150813543000,29.3,1,0.0,1036,0.0,0,1,2022-02-21 11:32:30
1645443211013831000,29.3,1,0.0,1035,0.0,0,1,2022-02-21 11:33:31
1645443252651085000,29.3,1,0.0,1034,0.0,0,1,2022-02-21 11:34:12
1645443351525506000,29.3,2,0.0,1032,0.0,0,1,2022-02-21 11:35:51
1645443385091445000,29.3,5,0.0,1027,0.0,0,1,2022-02-21 11:36:25
1645443720973594000,29.3,1,0.0,1026,0.0,0,1,2022-02-21 11:42:00
1645443841895182000,29.3,1,0.0,1076,0.0,0,1,2022-02-21 11:44:01
1645443868496971000,29.3,1,0.0,1075,0.0,0,1,2022-02-21 11:44:28
1645444013929694000,29.3,3,0.0,1071,0.0,0,1,2022-02-21 11:46:53
1645444295503179000,29.3,2,0.0,1069,0.0,0,1,2022-02-21 11:51:35
1645444325394461000,29.3,1,0.0,1070,0.0,0,1,2022-02-21 11:52:05
1645444603897456000,29.3,1,0.0,1070,0.0,0,1,2022-02-21 11:56:43
1645444701291953000,29.3,1,0.0,1068,0.0,0,1,2022-02-21 11:58:21
1645444739492813000,29.3,7,0.0,1061,0.0,0,1,2022-02-21 11:58:59
1645444781983380000,29.3,7,0.0,1054,0.0,0,1,2022-02-21 11:59:41
1645444788487797000,29.3,1,0.0,1053,0.0,0,1,2022-02-21 11:59:48
1645444998876629000,29.3,5,0.0,1049,0.0,0,1,2022-02-21 12:03:18
1645445084487169000,29.3,1,0.0,1049,0.0,0,1,2022-02-21 12:04:44
1645445106768661000,29.3,1,0.0,1048,0.0,0,1,2022-02-21 12:05:06
1645445129675977000,29.3,3,0.0,1045,0.0,0,1,2022-02-21 12:05:29
1645445238349694000,29.3,6,0.0,1040,0.0,0,1,2022-02-21 12:07:18
1645445289829637000,29.3,1,0.0,1039,0.0,0,1,2022-02-21 12:08:09
1645445517969060000,29.3,1,0.0,1050,0.0,0,1,2022-02-21 12:11:57
1645445702670169000,29.3,2,0.0,1048,0.0,0,1,2022-02-21 12:15:02
1645445716437378000,29.3,1,0.0,1047,0.0,0,1,2022-02-21 12:15:16
1645445735189100000,29.3,2,0.0,1045,0.0,0,1,2022-02-21 12:15:35
1645445810275628000,29.3,1,0.0,1044,0.0,0,1,2022-02-21 12:16:50
1645445916989448000,29.3,10,0.0,1034,0.0,0,1,2022-02-21 12:18:36
1645445968367797000,29.3,1,0.0,1033,0.0,0,1,2022-02-21 12:19:28
1645446274360295000,29.3,1,0.0,1032,0.0,0,1,2022-02-21 12:24:34
1645446456144556000,29.3,1,0.0,1031,0.0,0,1,2022-02-21 12:27:36
1645446761780062000,29.3,15,0.0,1020,0.0,0,1,2022-02-21 12:32:41
1645446865466478000,29.3,1,0.0,1024,0.0,0,1,2022-02-21 12:34:25
1645447010413083000,29.3,1,0.0,1024,0.0,0,1,2022-02-21 12:36:50
1645447020071735000,29.3,1,0.0,1023,0.0,0,1,2022-02-21 12:37:00
1645447089552077000,29.3,1,0.0,1023,0.0,0,1,2022-02-21 12:38:09
1645447227393478000,29.3,1,0.0,1022,0.0,0,1,2022-02-21 12:40:27
1645447254176921000,29.3,1,0.0,1021,0.0,0,1,2022-02-21 12:40:54
1645447849728412000,29.3,1,0.0,1044,0.0,0,1,2022-02-21 12:50:49
1645448230667246000,29.3,1,0.0,1046,0.0,0,1,2022-02-21 12:57:10
1645448414516590000,29.3,5,0.0,1055,0.0,0,1,2022-02-21 13:00:14
1645448545959900000,29.3,7,0.0,1047,0.0,0,1,2022-02-21 13:02:25
1645448758618405000,29.3,1,0.0,1047,0.0,0,1,2022-02-21 13:05:58
1645448959368794000,29.3,1,0.0,1127,0.0,0,1,2022-02-21 13:09:19
1645448990880391000,29.3,1,0.0,1126,0.0,0,1,2022-02-21 13:09:50
1645449072382651000,29.3,1,0.0,1125,0.0,0,1,2022-02-21 13:11:12
1645449161174337000,29.3,1,0.0,1121,0.0,0,1,2022-02-21 13:12:41
1645449279654219000,29.3,9,0.0,1114,0.0,0,1,2022-02-21 13:14:39
1645449324391243000,29.3,2,0.0,1113,0.0,0,1,2022-02-21 13:15:24
1645449447025502000,29.3,10,0.0,1103,0.0,0,1,2022-02-21 13:17:27
1645449716801388000,29.3,1,0.0,1105,0.0,0,1,2022-02-21 13:21:56
1645449767429672000,29.3,1,0.0,1104,0.0,0,1,2022-02-21 13:22:47
1645449799781020000,29.3,2,0.0,1102,0.0,0,1,2022-02-21 13:23:19
1645449867826250000,29.3,1,0.0,1101,0.0,0,1,2022-02-21 13:24:27
1645450200000000000,29.3,6,29.3,10778,0.0,0,1,2022-02-21 13:30:00
