ts,close,volume,bid_price,bid_volume,ask_price,ask_volume,tick_type,datetime
1644397215093542000,11.4,195,11.4,1,11.45,9,1,2022-02-09 09:00:15
1644397215248011000,11.45,1,11.4,1,11.45,8,1,2022-02-09 09:00:15
1644397215281569000,11.45,8,11.4,1,11.5,25,1,2022-02-09 09:00:15
1644397217226869000,11.5,1,11.45,1,11.5,25,1,2022-02-09 09:00:17
1644397218647792000,11.5,1,11.45,1,11.5,24,1,2022-02-09 09:00:18
1644397219939557000,11.45,1,11.4,1,11.45,4,2,2022-02-09 09:00:19
1644397220108743000,11.45,1,11.4,1,11.45,3,1,2022-02-09 09:00:20
1644397220929472000,11.45,3,11.4,1,11.5,23,1,2022-02-09 09:00:20
1644397220929472000,11.5,1,11.4,1,11.5,23,1,2022-02-09 09:00:20
1644397232940840000,11.4,1,11.4,1,11.5,23,2,2022-02-09 09:00:32
1644397233135574000,11.4,1,11.35,39,11.5,23,2,2022-02-09 09:00:33
1644397233135574000,11.35,2,11.35,39,11.5,23,2,2022-02-09 09:00:33
1644397233769168000,11.4,1,11.4,1,11.5,23,2,2022-02-09 09:00:33
1644397234789672000,11.5,1,11.4,5,11.5,22,1,2022-02-09 09:00:34
1644397235256943000,11.5,1,11.4,5,11.5,21,1,2022-02-09 09:00:35
1644397236053421000,11.5,4,11.4,5,11.5,17,1,2022-02-09 09:00:36
1644397241910318000,11.5,2,11.4,15,11.5,15,1,2022-02-09 09:00:41
1644397242700494000,11.5,1,11.4,16,11.5,19,1,2022-02-09 09:00:42
1644397243362992000,11.5,19,11.5,31,11.55,9,1,2022-02-09 09:00:43
1644397243917934000,11.5,5,11.5,26,11.55,9,2,2022-02-09 09:00:43
1644397243954095000,11.5,26,11.4,16,11.55,9,2,2022-02-09 09:00:43
1644397249042826000,11.5,1,11.45,1,11.55,27,2,2022-02-09 09:00:49
1644397250755548000,11.45,2,11.45,1,11.5,1,2,2022-02-09 09:00:50
1644397250794410000,11.45,1,11.4,17,11.5,1,2,2022-02-09 09:00:50
1644397258626636000,11.5,10,11.4,32,11.5,18,1,2022-02-09 09:00:58
1644397269476357000,11.5,1,11.45,1,11.5,17,1,2022-02-09 09:01:09
1644397272021454000,11.5,15,11.45,1,11.5,2,1,2022-02-09 09:01:12
1644397272062040000,11.5,2,11.45,1,11.55,27,1,2022-02-09 09:01:12
1644397277227532000,11.45,6,11.4,29,11.5,5,2,2022-02-09 09:01:17
1644397281587181000,11.5,1,11.4,39,11.5,24,1,2022-02-09 09:01:21
1644397282838084000,11.4,10,11.4,29,11.5,24,2,2022-02-09 09:01:22
1644397284702446000,11.5,4,11.45,4,11.5,20,1,2022-02-09 09:01:24
1644397290192478000,11.5,13,11.45,4,11.5,10,1,2022-02-09 09:01:30
1644397294384074000,11.5,2,11.45,8,11.5,20,1,2022-02-09 09:01:34
1644397300806023000,11.5,2,11.5,8,11.55,29,2,2022-02-09 09:01:40
1644397300835859000,11.5,8,11.45,8,11.55,29,2,2022-02-09 09:01:40
1644397303158498000,11.55,1,11.45,8,11.55,28,1,2022-02-09 09:01:43
1644397308603494000,11.5,1,11.45,18,11.5,4,1,2022-02-09 09:01:48
1644397309204092000,11.5,10,11.45,18,11.5,14,1,2022-02-09 09:01:49
1644397310766707000,11.55,1,11.45,20,11.55,28,1,2022-02-09 09:01:50
1644397314470620000,11.5,1,11.5,1,11.55,28,1,2022-02-09 09:01:54
1644397315082055000,11.5,5,11.45,19,11.55,28,2,2022-02-09 09:01:55
1644397315082055000,11.45,1,11.45,19,11.55,28,2,2022-02-09 09:01:55
1644397324933287000,11.5,3,11.45,24,11.5,15,1,2022-02-09 09:02:04
1644397325076236000,11.5,2,11.45,24,11.5,13,1,2022-02-09 09:02:05
1644397325446815000,11.45,17,11.45,7,11.55,29,2,2022-02-09 09:02:05
1644397325622816000,11.45,7,11.4,17,11.55,31,2,2022-02-09 09:02:05
1644397325622816000,11.4,18,11.4,17,11.55,31,2,2022-02-09 09:02:05
1644397330427759000,11.5,2,11.4,24,11.55,31,2,2022-02-09 09:02:10
1644397330570272000,11.45,5,11.4,24,11.55,29,1,2022-02-09 09:02:10
1644397330679449000,11.45,1,11.45,1,11.55,28,2,2022-02-09 09:02:10
1644397342826173000,11.45,1,11.45,12,11.5,23,2,2022-02-09 09:02:22
1644397350170297000,11.5,2,11.45,16,11.5,21,1,2022-02-09 09:02:30
1644397355619023000,11.45,1,11.45,15,11.5,10,2,2022-02-09 09:02:35
1644397362229856000,11.5,10,11.45,17,11.5,12,1,2022-02-09 09:02:42
1644397362531355000,11.5,2,11.45,18,11.5,10,1,2022-02-09 09:02:42
1644397366106598000,11.5,1,11.45,18,11.5,11,1,2022-02-09 09:02:46
1644397370357415000,11.5,2,11.45,30,11.5,11,1,2022-02-09 09:02:50
1644397372136407000,11.5,1,11.45,30,11.5,10,1,2022-02-09 09:02:52
1644397377833098000,11.5,10,11.45,30,11.55,10,1,2022-02-09 09:02:57
1644397396192841000,11.55,5,11.5,17,11.55,5,1,2022-02-09 09:03:16
1644397396242691000,11.5,1,11.5,16,11.55,5,2,2022-02-09 09:03:16
1644397396570491000,11.5,16,11.45,32,11.55,5,2,2022-02-09 09:03:16
1644397396570491000,11.45,6,11.45,32,11.55,5,2,2022-02-09 09:03:16
1644397397915815000,11.55,1,11.45,32,11.55,4,1,2022-02-09 09:03:17
1644397402106553000,11.45,12,11.45,22,11.55,4,2,2022-02-09 09:03:22
1644397402737155000,11.5,1,11.45,22,11.55,25,2,2022-02-09 09:03:22
1644397403322715000,11.55,1,11.45,23,11.55,24,1,2022-02-09 09:03:23
1644397404762361000,11.55,5,11.45,23,11.55,19,1,2022-02-09 09:03:24
1644397414355391000,11.5,22,11.45,36,11.55,13,2,2022-02-09 09:03:34
1644397420800378000,11.5,15,11.45,36,11.55,15,2,2022-02-09 09:03:40
1644397423097932000,11.5,1,11.5,1,11.55,15,1,2022-02-09 09:03:43
1644397430413972000,11.5,1,11.5,11,11.55,13,2,2022-02-09 09:03:50
1644397442052790000,11.5,1,11.5,14,11.55,13,2,2022-02-09 09:04:02
1644397442361252000,11.5,13,11.5,1,11.55,13,2,2022-02-09 09:04:02
1644397443450012000,11.5,1,11.45,30,11.55,13,2,2022-02-09 09:04:03
1644397443450012000,11.45,1,11.45,30,11.55,13,2,2022-02-09 09:04:03
1644397445389320000,11.5,1,11.5,6,11.55,13,2,2022-02-09 09:04:05
1644397450453727000,11.5,1,11.5,14,11.55,15,2,2022-02-09 09:04:10
1644397461237666000,11.5,14,11.4,31,11.55,15,2,2022-02-09 09:04:21
1644397461237666000,11.45,30,11.4,31,11.55,15,2,2022-02-09 09:04:21
1644397461237666000,11.4,6,11.4,31,11.55,15,2,2022-02-09 09:04:21
1644397461295688000,11.5,1,11.4,33,11.55,32,2,2022-02-09 09:04:21
1644397476985615000,11.45,9,11.4,31,11.5,26,2,2022-02-09 09:04:36
1644397479713109000,11.45,1,11.45,6,11.5,26,2,2022-02-09 09:04:39
1644397483618287000,11.45,3,11.45,3,11.5,26,2,2022-02-09 09:04:43
1644397483655404000,11.45,3,11.4,31,11.5,26,2,2022-02-09 09:04:43
1644397503331570000,11.45,1,11.4,28,11.5,34,2,2022-02-09 09:05:03
1644397503331570000,11.4,4,11.4,28,11.5,34,2,2022-02-09 09:05:03
1644397503727032000,11.45,6,11.4,8,11.5,34,2,2022-02-09 09:05:03
1644397503727032000,11.4,20,11.4,8,11.5,34,2,2022-02-09 09:05:03
1644397503794344000,11.4,8,11.35,54,11.4,44,2,2022-02-09 09:05:03
1644397503799225000,11.35,26,11.35,28,11.4,44,2,2022-02-09 09:05:03
1644397503836315000,11.4,44,11.35,28,11.5,34,1,2022-02-09 09:05:03
1644397504073779000,11.35,2,11.35,26,11.4,57,2,2022-02-09 09:05:04
1644397506845841000,11.4,10,11.35,26,11.4,47,1,2022-02-09 09:05:06
1644397508069014000,11.35,1,11.35,46,11.4,47,2,2022-02-09 09:05:08
1644397530175724000,11.35,1,11.35,41,11.4,48,2,2022-02-09 09:05:30
1644397531237592000,11.4,3,11.35,41,11.4,48,1,2022-02-09 09:05:31
1644397531324063000,11.4,13,11.35,62,11.4,35,1,2022-02-09 09:05:31
1644397534785128000,11.4,1,11.35,62,11.4,34,1,2022-02-09 09:05:34
1644397535380132000,11.35,4,11.35,37,11.4,34,2,2022-02-09 09:05:35
1644397547518815000,11.35,7,11.35,30,11.4,35,2,2022-02-09 09:05:47
1644397562532363000,11.35,5,11.35,29,11.4,36,2,2022-02-09 09:06:02
1644397567593668000,11.35,1,11.35,38,11.4,36,2,2022-02-09 09:06:07
1644397578220414000,11.35,4,11.35,34,11.4,36,2,2022-02-09 09:06:18
1644397604960637000,11.35,10,11.35,25,11.4,37,2,2022-02-09 09:06:44
1644397610265895000,11.35,1,11.35,30,11.4,37,2,2022-02-09 09:06:50
1644397620377047000,11.35,3,11.35,27,11.4,37,2,2022-02-09 09:07:00
1644397662108036000,11.4,13,11.35,27,11.4,24,1,2022-02-09 09:07:42
1644397666061758000,11.35,1,11.35,26,11.4,41,2,2022-02-09 09:07:46
1644397670776749000,11.35,20,11.35,6,11.4,41,2,2022-02-09 09:07:50
1644397670800554000,11.35,6,11.3,161,11.4,41,2,2022-02-09 09:07:50
1644397673042996000,11.35,1,11.3,160,11.35,2,2,2022-02-09 09:07:53
1644397675412520000,11.35,1,11.3,159,11.35,1,1,2022-02-09 09:07:55
1644397677968962000,11.3,50,11.3,109,11.35,1,2,2022-02-09 09:07:57
1644397678022453000,11.3,6,11.3,103,11.35,18,2,2022-02-09 09:07:58
1644397678073468000,11.3,2,11.3,101,11.35,18,2,2022-02-09 09:07:58
1644397678146839000,11.3,10,11.3,91,11.35,18,2,2022-02-09 09:07:58
1644397678762761000,11.3,2,11.3,89,11.35,18,2,2022-02-09 09:07:58
1644397679585473000,11.3,2,11.3,87,11.35,18,2,2022-02-09 09:07:59
1644397680792803000,11.3,2,11.3,86,11.35,18,2,2022-02-09 09:08:00
1644397681169887000,11.35,18,11.3,86,11.4,41,1,2022-02-09 09:08:01
1644397682203569000,11.3,1,11.3,86,11.4,41,2,2022-02-09 09:08:02
1644397688311372000,11.35,3,11.3,86,11.35,6,1,2022-02-09 09:08:08
1644397694705062000,11.35,6,11.3,87,11.35,2,1,2022-02-09 09:08:14
1644397696996009000,11.35,1,11.3,87,11.35,2,1,2022-02-09 09:08:16
1644397698597028000,11.3,2,11.3,85,11.35,2,2,2022-02-09 09:08:18
1644397700232620000,11.35,2,11.3,85,11.4,40,1,2022-02-09 09:08:20
1644397702325837000,11.3,1,11.3,84,11.4,40,2,2022-02-09 09:08:22
1644397709895804000,11.35,1,11.35,9,11.4,23,1,2022-02-09 09:08:29
1644397709935612000,11.35,9,11.3,84,11.4,23,2,2022-02-09 09:08:29
1644397732907170000,11.35,1,11.3,97,11.35,2,1,2022-02-09 09:08:52
1644397746449071000,11.35,1,11.3,95,11.35,1,1,2022-02-09 09:09:06
1644397752803804000,11.3,2,11.3,93,11.35,1,2,2022-02-09 09:09:12
1644397762561618000,11.3,1,11.3,92,11.35,1,2,2022-02-09 09:09:22
1644397763188585000,11.35,1,11.3,92,11.4,22,1,2022-02-09 09:09:23
1644397772087223000,11.35,9,11.3,93,11.4,22,2,2022-02-09 09:09:32
1644397802253896000,11.35,12,11.35,33,11.4,22,1,2022-02-09 09:10:02
1644397826135326000,11.4,1,11.35,44,11.4,18,1,2022-02-09 09:10:26
1644397830767512000,11.4,1,11.35,44,11.4,17,1,2022-02-09 09:10:30
1644397831671940000,11.4,10,11.35,44,11.4,7,1,2022-02-09 09:10:31
1644397831907996000,11.4,7,11.35,44,11.45,9,1,2022-02-09 09:10:31
1644397845420859000,11.4,3,11.35,53,11.45,27,1,2022-02-09 09:10:45
1644397874039355000,11.4,1,11.4,25,11.45,7,2,2022-02-09 09:11:14
1644397888757897000,11.45,3,11.4,30,11.45,6,1,2022-02-09 09:11:28
1644397895370240000,11.45,3,11.4,32,11.45,1,1,2022-02-09 09:11:35
1644397898958941000,11.45,1,11.4,30,11.45,1,1,2022-02-09 09:11:38
1644397900687372000,11.45,1,11.45,4,11.5,148,1,2022-02-09 09:11:40
1644397900716671000,11.45,4,11.4,30,11.5,146,2,2022-02-09 09:11:40
1644397907761104000,11.45,3,11.4,30,11.5,126,2,2022-02-09 09:11:47
1644397913997883000,11.5,8,11.4,30,11.5,119,1,2022-02-09 09:11:53
1644397914098947000,11.5,2,11.4,57,11.5,117,1,2022-02-09 09:11:54
1644397915164947000,11.5,2,11.4,57,11.5,115,1,2022-02-09 09:11:55
1644397918016152000,11.45,6,11.4,30,11.5,110,1,2022-02-09 09:11:58
1644397918016152000,11.5,4,11.4,30,11.5,110,1,2022-02-09 09:11:58
1644397923861313000,11.5,5,11.45,3,11.5,110,1,2022-02-09 09:12:03
1644397924613761000,11.5,7,11.45,3,11.5,102,1,2022-02-09 09:12:04
1644397925088864000,11.5,50,11.45,23,11.5,52,1,2022-02-09 09:12:05
1644397925114421000,11.5,22,11.45,23,11.5,30,1,2022-02-09 09:12:05
1644397925140467000,11.5,30,11.45,23,11.55,34,1,2022-02-09 09:12:05
1644397934612505000,11.55,33,11.5,25,11.6,79,1,2022-02-09 09:12:14
1644397935704916000,11.6,2,11.55,21,11.6,76,1,2022-02-09 09:12:15
1644397935744077000,11.55,1,11.55,20,11.6,76,2,2022-02-09 09:12:15
1644397935770962000,11.55,2,11.55,18,11.6,76,2,2022-02-09 09:12:15
1644397935796116000,11.5,33,11.45,41,11.6,76,2,2022-02-09 09:12:15
1644397935796116000,11.45,3,11.45,41,11.6,76,2,2022-02-09 09:12:15
1644397936235316000,11.45,25,11.45,16,11.6,76,2,2022-02-09 09:12:16
1644397936767069000,11.6,2,11.45,36,11.6,74,1,2022-02-09 09:12:16
1644397943049713000,11.55,5,11.5,8,11.6,71,1,2022-02-09 09:12:23
1644397943049713000,11.6,4,11.5,8,11.6,71,1,2022-02-09 09:12:23
1644397945368674000,11.6,1,11.55,1,11.6,69,1,2022-02-09 09:12:25
1644397946050411000,11.55,1,11.5,27,11.6,69,2,2022-02-09 09:12:26
1644397947362730000,11.55,2,11.5,27,11.55,3,2,2022-02-09 09:12:27
1644397951237587000,11.55,4,11.5,7,11.55,5,1,2022-02-09 09:12:31
1644397954847225000,11.55,1,11.5,7,11.55,4,1,2022-02-09 09:12:34
1644397958882590000,11.55,1,11.5,7,11.6,105,2,2022-02-09 09:12:38
1644397962581940000,11.55,1,11.5,9,11.55,3,1,2022-02-09 09:12:42
1644397975522322000,11.55,3,11.5,23,11.55,1,1,2022-02-09 09:12:55
1644397977177701000,11.55,5,11.5,25,11.55,7,1,2022-02-09 09:12:57
1644397984212971000,11.5,1,11.5,29,11.55,7,2,2022-02-09 09:13:04
1644397985423062000,11.55,5,11.5,30,11.55,50,1,2022-02-09 09:13:05
1644397994280984000,11.55,5,11.5,37,11.55,51,1,2022-02-09 09:13:14
1644398000567854000,11.55,1,11.5,47,11.55,60,1,2022-02-09 09:13:20
1644398014527705000,11.55,14,11.5,53,11.55,46,1,2022-02-09 09:13:34
1644398015904433000,11.55,2,11.5,53,11.55,44,1,2022-02-09 09:13:35
1644398015996833000,11.55,20,11.5,53,11.55,24,1,2022-02-09 09:13:35
1644398016051647000,11.55,24,11.5,53,11.6,73,1,2022-02-09 09:13:36
1644398021751800000,11.55,13,11.5,59,11.6,72,2,2022-02-09 09:13:41
1644398032913103000,11.55,7,11.55,8,11.6,72,2,2022-02-09 09:13:52
1644398032951665000,11.55,8,11.5,54,11.6,72,2,2022-02-09 09:13:52
1644398043132810000,11.55,6,11.55,4,11.6,76,1,2022-02-09 09:14:03
1644398045393487000,11.55,3,11.55,10,11.6,77,2,2022-02-09 09:14:05
1644398051067352000,11.55,10,11.5,55,11.55,22,2,2022-02-09 09:14:11
1644398058215633000,11.55,3,11.5,54,11.55,20,1,2022-02-09 09:14:18
1644398103033365000,11.55,15,11.5,46,11.55,21,1,2022-02-09 09:15:03
1644398107398889000,11.55,1,11.5,46,11.55,19,1,2022-02-09 09:15:07
1644398112100913000,11.55,2,11.5,46,11.55,15,1,2022-02-09 09:15:12
1644398113271286000,11.5,10,11.5,36,11.55,15,2,2022-02-09 09:15:13
1644398114729529000,11.5,3,11.5,33,11.55,16,2,2022-02-09 09:15:14
1644398117205413000,11.5,5,11.5,24,11.55,19,2,2022-02-09 09:15:17
1644398117245486000,11.5,24,11.45,47,11.55,19,2,2022-02-09 09:15:17
1644398120636501000,11.5,1,11.45,29,11.5,8,1,2022-02-09 09:15:20
1644398143937144000,11.45,28,11.45,1,11.5,43,2,2022-02-09 09:15:43
1644398143973935000,11.45,1,11.4,39,11.5,43,2,2022-02-09 09:15:43
1644398145506442000,11.45,3,11.4,44,11.5,43,2,2022-02-09 09:15:45
1644398152730311000,11.5,1,11.4,43,11.5,33,1,2022-02-09 09:15:52
1644398156068069000,11.4,1,11.4,44,11.45,10,2,2022-02-09 09:15:56
1644398165771850000,11.4,1,11.4,45,11.45,22,2,2022-02-09 09:16:05
1644398184071394000,11.4,1,11.4,43,11.45,12,2,2022-02-09 09:16:24
1644398184573038000,11.4,1,11.4,42,11.45,12,2,2022-02-09 09:16:24
1644398190757929000,11.4,9,11.4,34,11.45,12,2,2022-02-09 09:16:30
1644398193061047000,11.4,5,11.4,29,11.45,12,2,2022-02-09 09:16:33
1644398202275949000,11.45,5,11.4,32,11.45,8,1,2022-02-09 09:16:42
1644398206927417000,11.45,1,11.4,32,11.45,10,1,2022-02-09 09:16:46
1644398224457825000,11.45,1,11.4,34,11.45,11,1,2022-02-09 09:17:04
1644398255902977000,11.45,1,11.4,69,11.45,12,1,2022-02-09 09:17:35
1644398265568229000,11.45,2,11.4,69,11.45,10,1,2022-02-09 09:17:45
1644398288319445000,11.45,2,11.4,70,11.45,5,1,2022-02-09 09:18:08
1644398290817808000,11.45,5,11.4,70,11.5,10,1,2022-02-09 09:18:10
1644398298363177000,11.45,2,11.4,71,11.45,4,1,2022-02-09 09:18:18
1644398345558694000,11.45,1,11.45,10,11.5,21,2,2022-02-09 09:19:05
1644398345618822000,11.45,10,11.4,70,11.5,21,2,2022-02-09 09:19:05
1644398381250088000,11.4,1,11.4,77,11.45,2,2,2022-02-09 09:19:41
1644398407556542000,11.4,20,11.4,59,11.45,37,2,2022-02-09 09:20:07
1644398409805415000,11.45,1,11.4,60,11.45,36,1,2022-02-09 09:20:09
1644398426709460000,11.45,7,11.4,56,11.45,29,1,2022-02-09 09:20:26
1644398460960469000,11.45,2,11.4,56,11.45,42,1,2022-02-09 09:21:00
1644398462808246000,11.45,8,11.4,56,11.45,34,1,2022-02-09 09:21:02
1644398465266530000,11.45,5,11.4,56,11.45,29,1,2022-02-09 09:21:05
1644398488907553000,11.45,1,11.4,57,11.45,30,1,2022-02-09 09:21:28
1644398491083792000,11.45,1,11.4,57,11.45,29,1,2022-02-09 09:21:31
1644398562016195000,11.4,10,11.4,61,11.45,58,2,2022-02-09 09:22:42
1644398562042905000,11.4,61,11.35,106,11.45,58,2,2022-02-09 09:22:42
1644398571718489000,11.4,5,11.35,109,11.4,7,1,2022-02-09 09:22:51
1644398580068155000,11.35,1,11.35,107,11.4,16,2,2022-02-09 09:23:00
1644398580188387000,11.35,5,11.35,102,11.4,16,2,2022-02-09 09:23:00
1644398606938857000,11.35,1,11.35,103,11.4,16,2,2022-02-09 09:23:26
1644398626601446000,11.35,10,11.35,94,11.4,25,2,2022-02-09 09:23:46
1644398634378879000,11.35,1,11.35,88,11.4,35,2,2022-02-09 09:23:54
1644398639877660000,11.35,50,11.35,29,11.4,35,2,2022-02-09 09:23:59
1644398639892674000,11.35,17,11.35,12,11.4,35,2,2022-02-09 09:23:59
1644398639893150000,11.35,1,11.35,11,11.4,35,2,2022-02-09 09:23:59
1644398639893382000,11.35,11,11.3,104,11.4,35,2,2022-02-09 09:23:59
1644398641706256000,11.35,2,11.3,111,11.4,35,2,2022-02-09 09:24:01
1644398646250228000,11.3,1,11.3,110,11.35,2,2,2022-02-09 09:24:06
1644398646320030000,11.3,1,11.3,109,11.35,2,2,2022-02-09 09:24:06
1644398646371830000,11.3,5,11.3,104,11.35,2,2,2022-02-09 09:24:06
1644398646738815000,11.3,4,11.3,100,11.35,2,2,2022-02-09 09:24:06
1644398662287333000,11.3,1,11.3,99,11.35,4,2,2022-02-09 09:24:22
1644398676035594000,11.3,1,11.3,99,11.35,10,2,2022-02-09 09:24:36
1644398690317523000,11.3,1,11.3,101,11.35,30,2,2022-02-09 09:24:50
1644398704526873000,11.3,1,11.3,101,11.35,50,2,2022-02-09 09:25:04
1644398706727317000,11.3,6,11.3,95,11.35,50,2,2022-02-09 09:25:06
1644398709171827000,11.3,2,11.3,93,11.35,50,2,2022-02-09 09:25:09
1644398716400401000,11.3,1,11.3,92,11.35,50,2,2022-02-09 09:25:16
1644398723714026000,11.3,2,11.3,90,11.35,47,2,2022-02-09 09:25:23
1644398725109840000,11.3,2,11.3,88,11.35,47,2,2022-02-09 09:25:25
1644398728789309000,11.3,1,11.3,87,11.35,47,2,2022-02-09 09:25:28
1644398729967738000,11.3,1,11.3,86,11.35,47,2,2022-02-09 09:25:29
1644398770563447000,11.3,3,11.3,82,11.35,47,2,2022-02-09 09:26:10
1644398796483397000,11.3,2,11.3,85,11.35,47,2,2022-02-09 09:26:36
1644398812923443000,11.35,2,11.3,83,11.35,45,1,2022-02-09 09:26:52
1644398828100874000,11.35,1,11.3,82,11.35,44,1,2022-02-09 09:27:08
1644398841306486000,11.35,10,11.3,82,11.35,34,1,2022-02-09 09:27:21
1644398852194158000,11.35,5,11.3,82,11.35,29,1,2022-02-09 09:27:32
1644398855368540000,11.35,29,11.3,91,11.4,37,1,2022-02-09 09:27:35
1644398864308870000,11.35,1,11.35,4,11.4,36,2,2022-02-09 09:27:44
1644398868495572000,11.35,1,11.35,5,11.4,36,2,2022-02-09 09:27:48
1644398872752566000,11.35,7,11.3,108,11.4,36,2,2022-02-09 09:27:52
1644398891041460000,11.35,1,11.35,6,11.4,37,2,2022-02-09 09:28:11
1644398920663981000,11.35,5,11.35,5,11.4,38,2,2022-02-09 09:28:40
1644398955180756000,11.35,1,11.35,22,11.4,34,2,2022-02-09 09:29:15
1644398976444181000,11.4,1,11.35,22,11.4,38,1,2022-02-09 09:29:36
1644398988899906000,11.4,1,11.35,21,11.4,37,1,2022-02-09 09:29:48
1644399037854002000,11.4,1,11.35,27,11.4,36,1,2022-02-09 09:30:37
1644399085317338000,11.4,5,11.35,33,11.4,35,1,2022-02-09 09:31:25
1644399085788273000,11.35,10,11.35,23,11.4,39,2,2022-02-09 09:31:25
1644399085856367000,11.35,23,11.3,101,11.4,39,2,2022-02-09 09:31:25
1644399093130584000,11.4,2,11.3,101,11.4,33,1,2022-02-09 09:31:33
1644399166281869000,11.35,10,11.35,34,11.4,34,2,2022-02-09 09:32:46
1644399209900712000,11.35,5,11.35,38,11.4,33,2,2022-02-09 09:33:29
1644399248119694000,11.35,31,11.35,9,11.4,53,2,2022-02-09 09:34:08
1644399248147849000,11.35,9,11.3,162,11.4,53,2,2022-02-09 09:34:08
1644399304570712000,11.35,10,11.3,112,11.35,9,1,2022-02-09 09:35:04
1644399313235471000,11.35,1,11.3,114,11.35,7,1,2022-02-09 09:35:13
1644399380581385000,11.35,4,11.3,114,11.35,6,1,2022-02-09 09:36:20
1644399391876577000,11.35,6,11.35,6,11.4,53,1,2022-02-09 09:36:31
1644399401579666000,11.35,10,11.35,7,11.4,53,2,2022-02-09 09:36:41
1644399401640851000,11.35,7,11.3,114,11.4,53,2,2022-02-09 09:36:41
1644399415107765000,11.35,10,11.3,114,11.4,63,2,2022-02-09 09:36:55
1644399484313926000,11.3,1,11.3,103,11.35,20,2,2022-02-09 09:38:04
1644399489158862000,11.35,1,11.3,103,11.35,24,1,2022-02-09 09:38:09
1644399574436053000,11.35,1,11.3,94,11.35,24,1,2022-02-09 09:39:34
1644399646791220000,11.35,1,11.3,119,11.35,15,1,2022-02-09 09:40:46
1644399652441529000,11.35,2,11.3,119,11.35,13,1,2022-02-09 09:40:52
1644399668410049000,11.35,1,11.3,125,11.35,12,1,2022-02-09 09:41:08
1644399668893347000,11.35,2,11.3,125,11.35,10,1,2022-02-09 09:41:08
1644399720982763000,11.35,10,11.3,126,11.4,46,1,2022-02-09 09:42:00
1644399732452918000,11.3,3,11.3,125,11.35,2,2,2022-02-09 09:42:12
1644399827397494000,11.3,18,11.3,106,11.35,2,2,2022-02-09 09:43:47
1644399837514031000,11.3,1,11.3,105,11.35,2,2,2022-02-09 09:43:57
1644399861446267000,11.3,1,11.3,100,11.35,4,2,2022-02-09 09:44:21
1644399862356760000,11.3,1,11.3,99,11.35,8,2,2022-02-09 09:44:22
1644399868396290000,11.3,15,11.3,84,11.35,4,2,2022-02-09 09:44:28
1644399872972723000,11.3,1,11.3,83,11.35,8,2,2022-02-09 09:44:32
1644399881659622000,11.3,1,11.3,82,11.35,8,2,2022-02-09 09:44:41
1644399886924836000,11.3,30,11.3,52,11.35,8,2,2022-02-09 09:44:46
1644399891138792000,11.3,8,11.3,42,11.35,8,2,2022-02-09 09:44:51
1644399893665411000,11.3,1,11.3,51,11.35,8,2,2022-02-09 09:44:53
1644399894386815000,11.3,15,11.3,36,11.35,8,2,2022-02-09 09:44:54
1644399894417402000,11.3,36,11.25,38,11.35,8,2,2022-02-09 09:44:54
1644399911874727000,11.3,2,11.25,38,11.3,3,1,2022-02-09 09:45:11
1644399949121011000,11.3,1,11.25,70,11.3,3,1,2022-02-09 09:45:49
1644399949748669000,11.3,1,11.25,70,11.3,2,1,2022-02-09 09:45:49
1644399953442221000,11.3,2,11.25,70,11.3,6,1,2022-02-09 09:45:53
1644399999284013000,11.3,6,11.3,4,11.35,30,1,2022-02-09 09:46:39
1644400022891780000,11.3,1,11.3,17,11.35,26,2,2022-02-09 09:47:02
1644400097011770000,11.3,1,11.3,23,11.35,26,2,2022-02-09 09:48:17
1644400157799367000,11.35,1,11.3,23,11.35,30,1,2022-02-09 09:49:17
1644400200882314000,11.35,7,11.3,76,11.35,25,1,2022-02-09 09:50:00
1644400221429871000,11.3,2,11.3,74,11.35,25,2,2022-02-09 09:50:21
1644400357610941000,11.3,1,11.3,96,11.35,18,2,2022-02-09 09:52:37
1644400381273448000,11.35,2,11.3,100,11.35,16,1,2022-02-09 09:53:01
1644400446213320000,11.35,1,11.3,110,11.35,35,1,2022-02-09 09:54:06
1644400447482820000,11.35,30,11.3,110,11.35,5,1,2022-02-09 09:54:07
1644400447513893000,11.35,5,11.3,110,11.4,39,1,2022-02-09 09:54:07
1644400451041902000,11.35,1,11.3,142,11.4,38,1,2022-02-09 09:54:11
1644400483008345000,11.35,1,11.35,22,11.4,39,2,2022-02-09 09:54:43
1644400510956613000,11.35,3,11.35,29,11.4,42,2,2022-02-09 09:55:10
1644400511870821000,11.35,3,11.35,26,11.4,39,2,2022-02-09 09:55:11
1644400521371576000,11.4,10,11.35,28,11.4,29,1,2022-02-09 09:55:21
1644400629427311000,11.4,6,11.35,51,11.4,25,1,2022-02-09 09:57:09
1644400629460940000,11.4,25,11.35,51,11.45,41,1,2022-02-09 09:57:09
1644400630875392000,11.4,2,11.4,2,11.45,40,2,2022-02-09 09:57:10
1644400633103614000,11.4,1,11.4,19,11.45,39,2,2022-02-09 09:57:13
1644400654129778000,11.4,2,11.4,19,11.45,39,2,2022-02-09 09:57:34
1644400678477586000,11.45,2,11.4,23,11.45,37,1,2022-02-09 09:57:58
1644400681158682000,11.4,2,11.4,21,11.45,32,2,2022-02-09 09:58:01
1644400683629398000,11.4,1,11.4,20,11.45,32,2,2022-02-09 09:58:03
1644400695618732000,11.45,1,11.4,22,11.45,31,1,2022-02-09 09:58:15
1644400703967450000,11.45,1,11.4,27,11.45,30,1,2022-02-09 09:58:23
1644400735926803000,11.45,10,11.4,28,11.45,20,1,2022-02-09 09:58:55
1644400791996591000,11.45,4,11.4,27,11.45,33,1,2022-02-09 09:59:51
1644400794553422000,11.45,2,11.4,27,11.45,31,1,2022-02-09 09:59:54
1644400818379030000,11.45,3,11.4,27,11.45,28,1,2022-02-09 10:00:18
1644400831152924000,11.45,2,11.4,27,11.45,27,1,2022-02-09 10:00:31
1644400840175004000,11.45,1,11.4,27,11.45,26,1,2022-02-09 10:00:40
1644400894221006000,11.4,1,11.4,26,11.45,27,2,2022-02-09 10:01:34
1644400949711441000,11.4,3,11.4,20,11.45,44,2,2022-02-09 10:02:29
1644400951387266000,11.4,1,11.4,21,11.45,44,2,2022-02-09 10:02:31
1644400973134715000,11.4,1,11.4,21,11.45,24,2,2022-02-09 10:02:53
1644401008269203000,11.4,10,11.4,11,11.45,30,2,2022-02-09 10:03:28
1644401060490051000,11.4,1,11.4,42,11.45,29,2,2022-02-09 10:04:20
1644401255143159000,11.4,3,11.4,40,11.45,46,2,2022-02-09 10:07:35
1644401266925823000,11.4,1,11.4,39,11.45,46,2,2022-02-09 10:07:46
1644401353113615000,11.4,1,11.4,41,11.45,50,2,2022-02-09 10:09:13
1644401380530822000,11.4,5,11.4,41,11.45,51,2,2022-02-09 10:09:40
1644401417832547000,11.4,3,11.4,40,11.45,51,2,2022-02-09 10:10:17
1644401448962246000,11.4,10,11.4,32,11.45,52,2,2022-02-09 10:10:48
1644401455220340000,11.4,1,11.4,36,11.45,52,2,2022-02-09 10:10:55
1644401460503525000,11.4,10,11.4,29,11.45,52,2,2022-02-09 10:11:00
1644401465593814000,11.4,24,11.4,5,11.45,52,2,2022-02-09 10:11:05
1644401467964861000,11.4,3,11.4,2,11.45,56,2,2022-02-09 10:11:07
1644401467992861000,11.4,2,11.35,73,11.45,56,2,2022-02-09 10:11:07
1644401635233648000,11.4,12,11.4,1,11.45,49,1,2022-02-09 10:13:55
1644401741185983000,11.4,15,11.4,18,11.45,48,2,2022-02-09 10:15:41
1644401779198799000,11.4,10,11.4,19,11.45,48,2,2022-02-09 10:16:19
1644401845213648000,11.4,2,11.4,20,11.45,52,2,2022-02-09 10:17:25
1644401846543989000,11.4,1,11.4,19,11.45,52,2,2022-02-09 10:17:26
1644401856460581000,11.4,5,11.4,14,11.45,54,2,2022-02-09 10:17:36
1644401875020944000,11.4,17,11.35,54,11.4,33,2,2022-02-09 10:17:55
1644401921724392000,11.35,2,11.35,67,11.4,35,2,2022-02-09 10:18:41
1644401941250484000,11.35,4,11.35,63,11.4,36,2,2022-02-09 10:19:01
1644402001853721000,11.35,2,11.35,59,11.4,58,2,2022-02-09 10:20:01
1644402016036030000,11.35,10,11.35,49,11.4,58,2,2022-02-09 10:20:16
1644402020427744000,11.35,1,11.35,48,11.4,58,2,2022-02-09 10:20:20
1644402046236923000,11.35,15,11.35,33,11.4,73,2,2022-02-09 10:20:46
1644402052607005000,11.35,4,11.35,26,11.4,73,2,2022-02-09 10:20:52
1644402106825150000,11.35,10,11.35,17,11.4,77,2,2022-02-09 10:21:46
1644402185784407000,11.35,12,11.35,7,11.4,79,2,2022-02-09 10:23:05
1644402197244623000,11.35,10,11.35,2,11.4,79,2,2022-02-09 10:23:17
1644402201656560000,11.35,1,11.35,1,11.4,79,2,2022-02-09 10:23:21
1644402212389452000,11.35,1,11.3,168,11.4,79,2,2022-02-09 10:23:32
1644402225275006000,11.3,18,11.3,150,11.35,1,2,2022-02-09 10:23:45
1644402225321538000,11.35,1,11.3,150,11.4,78,1,2022-02-09 10:23:45
1644402225321538000,11.4,1,11.3,150,11.4,78,1,2022-02-09 10:23:45
1644402373781963000,11.4,1,11.35,7,11.4,80,1,2022-02-09 10:26:13
1644402390605071000,11.4,1,11.35,3,11.4,80,1,2022-02-09 10:26:30
1644402557467408000,11.35,1,11.35,16,11.4,83,2,2022-02-09 10:29:17
1644402638019704000,11.35,1,11.35,15,11.4,84,2,2022-02-09 10:30:38
1644402649277305000,11.35,1,11.35,11,11.4,84,2,2022-02-09 10:30:49
1644402663982975000,11.35,10,11.35,1,11.4,85,2,2022-02-09 10:31:03
1644402788782915000,11.35,1,11.3,177,11.4,93,2,2022-02-09 10:33:08
1644402921964099000,11.35,2,11.35,19,11.4,93,2,2022-02-09 10:35:21
1644402942914788000,11.35,1,11.35,28,11.4,93,2,2022-02-09 10:35:42
1644403034360372000,11.35,1,11.35,75,11.4,94,2,2022-02-09 10:37:14
1644403082609941000,11.35,1,11.35,74,11.4,94,2,2022-02-09 10:38:02
1644403156274517000,11.35,1,11.35,73,11.4,94,2,2022-02-09 10:39:16
1644403195617052000,11.35,1,11.35,74,11.4,94,2,2022-02-09 10:39:55
1644403221070573000,11.35,15,11.35,59,11.4,94,2,2022-02-09 10:40:21
1644403227012412000,11.35,1,11.35,62,11.4,93,2,2022-02-09 10:40:27
1644403229613569000,11.35,20,11.35,42,11.4,93,2,2022-02-09 10:40:29
1644403235488909000,11.35,1,11.35,41,11.4,93,2,2022-02-09 10:40:35
1644403241075487000,11.35,25,11.35,16,11.4,93,2,2022-02-09 10:40:41
1644403273881807000,11.35,1,11.35,27,11.4,92,2,2022-02-09 10:41:13
1644403279247487000,11.35,1,11.35,26,11.4,91,2,2022-02-09 10:41:19
1644403280253173000,11.35,10,11.35,16,11.4,91,2,2022-02-09 10:41:20
1644403385875460000,11.35,1,11.35,16,11.4,91,2,2022-02-09 10:43:05
1644403458080398000,11.35,1,11.35,23,11.4,91,2,2022-02-09 10:44:18
1644403487130470000,11.35,2,11.35,21,11.4,91,2,2022-02-09 10:44:47
1644403616781823000,11.35,2,11.35,22,11.4,101,2,2022-02-09 10:46:56
1644403625843296000,11.35,1,11.35,21,11.4,101,2,2022-02-09 10:47:05
1644403633180510000,11.35,2,11.35,19,11.4,106,2,2022-02-09 10:47:13
1644403643070765000,11.35,1,11.35,18,11.4,111,2,2022-02-09 10:47:23
1644403647198028000,11.35,6,11.35,12,11.4,116,2,2022-02-09 10:47:27
1644403670801809000,11.35,3,11.35,18,11.4,116,2,2022-02-09 10:47:50
1644403700112874000,11.35,1,11.35,26,11.4,116,2,2022-02-09 10:48:20
1644403934852500000,11.35,5,11.35,34,11.4,112,2,2022-02-09 10:52:14
1644403982594036000,11.35,5,11.35,29,11.4,107,2,2022-02-09 10:53:02
1644403988689759000,11.35,5,11.35,27,11.4,102,2,2022-02-09 10:53:08
1644403988839260000,11.35,5,11.35,22,11.4,97,2,2022-02-09 10:53:08
1644404039175710000,11.35,1,11.35,21,11.4,97,2,2022-02-09 10:53:59
1644404052466387000,11.35,1,11.35,20,11.4,96,2,2022-02-09 10:54:12
1644404068872762000,11.35,5,11.35,15,11.4,91,2,2022-02-09 10:54:28
1644404402232985000,11.35,5,11.35,21,11.4,97,2,2022-02-09 11:00:02
1644404413711582000,11.35,1,11.35,20,11.4,97,2,2022-02-09 11:00:13
1644404811907372000,11.35,1,11.35,20,11.4,98,2,2022-02-09 11:06:51
1644404864232938000,11.35,2,11.35,18,11.4,98,2,2022-02-09 11:07:44
1644404879669741000,11.35,18,11.3,144,11.35,2,2,2022-02-09 11:07:59
1644404879700046000,11.35,2,11.3,144,11.4,98,1,2022-02-09 11:07:59
1644404906715760000,11.35,1,11.35,19,11.4,99,2,2022-02-09 11:08:26
1644404910375273000,11.35,2,11.35,18,11.4,99,2,2022-02-09 11:08:30
1644405256792084000,11.35,5,11.35,16,11.4,107,2,2022-02-09 11:14:16
1644405361824829000,11.35,2,11.35,30,11.4,107,2,2022-02-09 11:16:01
1644405392052600000,11.35,1,11.35,29,11.4,107,2,2022-02-09 11:16:32
1644405430390522000,11.35,1,11.35,28,11.4,107,2,2022-02-09 11:17:10
1644405457807049000,11.35,1,11.35,27,11.4,106,2,2022-02-09 11:17:37
1644405482556903000,11.35,1,11.35,26,11.4,106,2,2022-02-09 11:18:02
1644405687340000000,11.4,48,11.35,46,11.4,58,1,2022-02-09 11:21:27
1644405687376546000,11.4,17,11.35,46,11.4,41,1,2022-02-09 11:21:27
1644405687376771000,11.4,41,11.35,54,11.45,56,1,2022-02-09 11:21:27
1644405687440804000,11.4,1,11.4,2,11.45,48,2,2022-02-09 11:21:27
1644405687495889000,11.4,2,11.35,54,11.45,47,2,2022-02-09 11:21:27
1644405687553443000,11.4,1,11.4,2,11.45,47,2,2022-02-09 11:21:27
1644405687833239000,11.4,3,11.35,54,11.45,47,2,2022-02-09 11:21:27
1644405764930514000,11.4,2,11.4,30,11.45,47,2,2022-02-09 11:22:44
1644405805133046000,11.45,4,11.4,45,11.45,43,1,2022-02-09 11:23:25
1644405805197820000,11.45,28,11.4,45,11.45,15,1,2022-02-09 11:23:25
1644405805230815000,11.45,15,11.4,45,11.5,150,1,2022-02-09 11:23:25
1644405840680286000,11.5,2,11.45,39,11.5,147,1,2022-02-09 11:24:00
1644405840737879000,11.5,28,11.45,39,11.5,119,1,2022-02-09 11:24:00
1644405843176176000,11.5,1,11.45,39,11.5,118,1,2022-02-09 11:24:03
1644405843236559000,11.5,28,11.45,39,11.5,90,1,2022-02-09 11:24:03
1644405843266625000,11.5,90,11.45,39,11.55,96,1,2022-02-09 11:24:03
1644405856090846000,11.55,1,11.5,25,11.55,86,1,2022-02-09 11:24:16
1644405856139326000,11.55,28,11.5,25,11.55,58,1,2022-02-09 11:24:16
1644405858132206000,11.55,16,11.5,34,11.55,42,1,2022-02-09 11:24:18
1644405858154166000,11.55,42,11.5,43,11.6,215,1,2022-02-09 11:24:18
1644405873457332000,11.6,5,11.55,53,11.6,200,1,2022-02-09 11:24:33
1644405873506048000,11.6,28,11.55,53,11.6,172,1,2022-02-09 11:24:33
1644405878297113000,11.6,2,11.55,53,11.6,170,1,2022-02-09 11:24:38
1644405878355103000,11.6,28,11.55,53,11.6,142,1,2022-02-09 11:24:38
1644405882023002000,11.6,17,11.55,57,11.6,125,1,2022-02-09 11:24:42
1644405882193018000,11.6,2,11.55,57,11.6,123,1,2022-02-09 11:24:42
1644405882616031000,11.6,6,11.55,57,11.6,117,1,2022-02-09 11:24:42
1644405882788689000,11.6,10,11.55,57,11.6,107,1,2022-02-09 11:24:42
1644405883008691000,11.6,10,11.55,58,11.6,97,1,2022-02-09 11:24:43
1644405883035443000,11.6,6,11.55,58,11.6,91,1,2022-02-09 11:24:43
1644405883035797000,11.6,1,11.55,58,11.6,90,1,2022-02-09 11:24:43
1644405883186128000,11.6,2,11.55,58,11.6,88,1,2022-02-09 11:24:43
1644405883954101000,11.6,1,11.55,58,11.6,87,1,2022-02-09 11:24:43
1644405884392619000,11.6,18,11.55,58,11.6,69,1,2022-02-09 11:24:44
1644405884420097000,11.6,21,11.55,58,11.6,48,1,2022-02-09 11:24:44
1644405884461190000,11.6,1,11.55,67,11.6,47,1,2022-02-09 11:24:44
1644405884490881000,11.6,32,11.55,62,11.6,15,1,2022-02-09 11:24:44
1644405884492017000,11.6,15,11.55,62,11.65,48,1,2022-02-09 11:24:44
1644405886899376000,11.6,1,11.6,3,11.65,16,2,2022-02-09 11:24:46
1644405886977971000,11.65,4,11.6,12,11.65,12,1,2022-02-09 11:24:46
1644405887033386000,11.65,12,11.6,15,11.7,120,1,2022-02-09 11:24:47
1644405887094065000,11.7,8,11.6,15,11.7,52,1,2022-02-09 11:24:47
1644405887317469000,11.7,22,11.6,37,11.7,29,1,2022-02-09 11:24:47
1644405887353666000,11.7,17,11.6,37,11.7,12,1,2022-02-09 11:24:47
1644405887369864000,11.7,12,11.6,37,11.75,53,1,2022-02-09 11:24:47
1644405888410645000,11.75,2,11.65,4,11.75,18,1,2022-02-09 11:24:48
1644405889501375000,11.75,1,11.65,38,11.75,17,1,2022-02-09 11:24:49
1644405893636541000,11.75,3,11.65,43,11.75,17,1,2022-02-09 11:24:53
1644405903856504000,11.75,2,11.65,31,11.75,33,1,2022-02-09 11:25:03
1644405904462572000,11.7,6,11.65,31,11.75,31,1,2022-02-09 11:25:04
1644405904462572000,11.75,2,11.65,31,11.75,31,1,2022-02-09 11:25:04
1644405905089868000,11.75,1,11.65,31,11.75,30,1,2022-02-09 11:25:05
1644405908760317000,11.75,11,11.65,31,11.75,29,1,2022-02-09 11:25:08
1644405912787077000,11.75,29,11.75,1,11.8,219,1,2022-02-09 11:25:12
1644405912813996000,11.75,1,11.65,31,11.8,219,2,2022-02-09 11:25:12
1644405914169542000,11.75,4,11.65,34,11.8,213,1,2022-02-09 11:25:14
1644405914169542000,11.8,8,11.65,34,11.8,213,1,2022-02-09 11:25:14
1644405915855906000,11.75,2,11.65,38,11.8,205,2,2022-02-09 11:25:15
1644405918624596000,11.7,10,11.65,38,11.75,13,2,2022-02-09 11:25:18
1644405924838605000,11.7,2,11.7,1,11.75,23,1,2022-02-09 11:25:24
1644405926127668000,11.7,1,11.65,5,11.75,23,2,2022-02-09 11:25:26
1644405927790100000,11.7,1,11.65,5,11.7,7,1,2022-02-09 11:25:27
1644405930944801000,11.7,1,11.65,24,11.7,2,1,2022-02-09 11:25:30
1644405936832471000,11.7,1,11.65,25,11.7,6,1,2022-02-09 11:25:36
1644405938233949000,11.65,25,11.6,66,11.7,13,2,2022-02-09 11:25:38
1644405942840349000,11.7,4,11.6,57,11.7,9,1,2022-02-09 11:25:42
1644405946842203000,11.7,2,11.6,86,11.7,9,1,2022-02-09 11:25:46
1644405950784219000,11.65,1,11.6,87,11.7,25,2,2022-02-09 11:25:50
1644405956558199000,11.65,1,11.6,78,11.7,34,1,2022-02-09 11:25:56
1644405956558199000,11.7,1,11.6,78,11.7,34,1,2022-02-09 11:25:56
1644405961255653000,11.65,5,11.6,67,11.7,34,2,2022-02-09 11:26:01
1644405964947299000,11.65,1,11.6,49,11.65,6,2,2022-02-09 11:26:04
1644405967381055000,11.65,6,11.6,49,11.7,30,1,2022-02-09 11:26:07
1644405967381055000,11.7,4,11.6,49,11.7,30,1,2022-02-09 11:26:07
1644405972708815000,11.65,3,11.6,50,11.7,32,2,2022-02-09 11:26:12
1644405979990890000,11.7,12,11.6,46,11.7,23,1,2022-02-09 11:26:19
1644405983313207000,11.65,2,11.6,45,11.7,32,2,2022-02-09 11:26:23
1644405988933515000,11.65,1,11.65,4,11.7,29,1,2022-02-09 11:26:28
1644405988973142000,11.65,4,11.6,46,11.7,29,2,2022-02-09 11:26:28
1644405989838291000,11.65,11,11.6,46,11.7,30,2,2022-02-09 11:26:29
1644405992246022000,11.6,3,11.6,43,11.65,1,2,2022-02-09 11:26:32
1644406002692198000,11.65,3,11.6,43,11.65,7,1,2022-02-09 11:26:42
1644406005072757000,11.6,1,11.6,42,11.65,7,2,2022-02-09 11:26:45
1644406011755696000,11.65,1,11.6,42,11.65,7,1,2022-02-09 11:26:51
1644406015919193000,11.65,1,11.6,43,11.65,7,1,2022-02-09 11:26:55
1644406019873114000,11.65,7,11.6,44,11.7,47,1,2022-02-09 11:26:59
1644406019873114000,11.7,3,11.6,44,11.7,47,1,2022-02-09 11:26:59
1644406035612371000,11.65,9,11.6,53,11.7,47,2,2022-02-09 11:27:15
1644406040303652000,11.65,1,11.6,48,11.65,4,1,2022-02-09 11:27:20
1644406057172284000,11.65,2,11.6,30,11.65,13,1,2022-02-09 11:27:37
1644406066030535000,11.65,10,11.6,31,11.65,6,1,2022-02-09 11:27:46
1644406068416104000,11.65,5,11.6,31,11.65,7,1,2022-02-09 11:27:48
1644406069114930000,11.65,1,11.65,4,11.7,65,1,2022-02-09 11:27:49
1644406069146557000,11.65,4,11.6,31,11.7,65,2,2022-02-09 11:27:49
1644406070421815000,11.65,3,11.6,31,11.7,65,2,2022-02-09 11:27:50
1644406089795415000,11.65,10,11.65,1,11.7,65,1,2022-02-09 11:28:09
1644406089826215000,11.65,1,11.6,31,11.7,65,2,2022-02-09 11:28:09
1644406091575204000,11.6,1,11.6,30,11.7,64,2,2022-02-09 11:28:11
1644406091625774000,11.7,2,11.6,30,11.7,62,1,2022-02-09 11:28:11
1644406104937355000,11.7,2,11.6,35,11.7,61,1,2022-02-09 11:28:24
1644406106833882000,11.65,1,11.6,30,11.65,1,1,2022-02-09 11:28:26
1644406108779643000,11.65,1,11.6,31,11.7,60,1,2022-02-09 11:28:28
1644406108779643000,11.7,1,11.6,31,11.7,60,1,2022-02-09 11:28:28
1644406118875227000,11.7,2,11.65,1,11.7,59,1,2022-02-09 11:28:38
1644406119205158000,11.65,16,11.65,2,11.7,59,2,2022-02-09 11:28:39
1644406119236263000,11.65,2,11.6,12,11.7,59,2,2022-02-09 11:28:39
1644406124286615000,11.65,1,11.6,30,11.7,61,2,2022-02-09 11:28:44
1644406137005605000,11.65,1,11.6,30,11.7,68,1,2022-02-09 11:28:57
1644406147504726000,11.65,1,11.6,22,11.7,67,1,2022-02-09 11:29:07
1644406174300594000,11.65,1,11.6,30,11.65,19,2,2022-02-09 11:29:34
1644406225930921000,11.65,1,11.6,41,11.65,55,1,2022-02-09 11:30:25
1644406310334673000,11.65,1,11.6,52,11.65,73,1,2022-02-09 11:31:50
1644406313324010000,11.6,1,11.6,51,11.65,73,2,2022-02-09 11:31:53
1644406314577740000,11.6,2,11.6,49,11.65,73,2,2022-02-09 11:31:54
1644406319564913000,11.6,4,11.6,45,11.65,69,2,2022-02-09 11:31:59
1644406319594307000,11.6,1,11.6,44,11.65,69,2,2022-02-09 11:31:59
1644406322550552000,11.6,4,11.6,40,11.65,69,2,2022-02-09 11:32:02
1644406323438464000,11.6,1,11.6,39,11.65,69,2,2022-02-09 11:32:03
1644406325585594000,11.6,20,11.6,19,11.65,69,2,2022-02-09 11:32:05
1644406325604745000,11.6,17,11.6,2,11.65,69,2,2022-02-09 11:32:05
1644406325605108000,11.6,2,11.55,19,11.65,69,2,2022-02-09 11:32:05
1644406325676451000,11.6,2,11.55,19,11.65,69,2,2022-02-09 11:32:05
1644406366522423000,11.6,3,11.55,25,11.6,3,1,2022-02-09 11:32:46
1644406366565404000,11.6,3,11.55,44,11.65,69,1,2022-02-09 11:32:46
1644406378296618000,11.6,1,11.55,54,11.6,3,1,2022-02-09 11:32:58
1644406382593063000,11.6,1,11.55,46,11.6,2,1,2022-02-09 11:33:02
1644406385134758000,11.6,2,11.6,3,11.65,69,1,2022-02-09 11:33:05
1644406394480840000,11.65,1,11.6,5,11.65,68,1,2022-02-09 11:33:14
1644406419395376000,11.6,5,11.6,2,11.65,68,2,2022-02-09 11:33:39
1644406437561958000,11.6,9,11.55,49,11.65,68,2,2022-02-09 11:33:57
1644406437561958000,11.55,9,11.55,49,11.65,68,2,2022-02-09 11:33:57
1644406442651728000,11.65,3,11.55,72,11.65,65,1,2022-02-09 11:34:02
1644406449657707000,11.6,2,11.6,3,11.65,75,1,2022-02-09 11:34:09
1644406475950024000,11.6,18,11.55,61,11.6,2,2,2022-02-09 11:34:35
1644406480847320000,11.6,2,11.55,71,11.65,75,1,2022-02-09 11:34:40
1644406482552881000,11.55,10,11.55,61,11.65,75,2,2022-02-09 11:34:42
1644406487725581000,11.65,2,11.55,57,11.65,73,1,2022-02-09 11:34:47
1644406492874016000,11.6,2,11.55,70,11.65,73,1,2022-02-09 11:34:52
1644406497104483000,11.6,1,11.55,67,11.6,4,1,2022-02-09 11:34:57
1644406517611422000,11.55,2,11.55,59,11.6,12,2,2022-02-09 11:35:17
1644406537053306000,11.6,1,11.55,53,11.6,27,1,2022-02-09 11:35:37
1644406551011648000,11.6,1,11.55,54,11.6,27,1,2022-02-09 11:35:51
1644406581995758000,11.6,1,11.55,54,11.6,63,1,2022-02-09 11:36:21
1644406627447271000,11.6,2,11.55,57,11.6,61,1,2022-02-09 11:37:07
1644406706173912000,11.55,4,11.55,34,11.6,66,2,2022-02-09 11:38:26
1644406720870661000,11.55,11,11.55,23,11.6,67,2,2022-02-09 11:38:40
1644406724176010000,11.55,2,11.55,21,11.6,67,2,2022-02-09 11:38:44
1644406730276200000,11.55,2,11.55,19,11.6,65,2,2022-02-09 11:38:50
1644406733558863000,11.55,1,11.55,18,11.6,65,2,2022-02-09 11:38:53
1644406751540238000,11.55,4,11.55,13,11.6,60,2,2022-02-09 11:39:11
1644406755283992000,11.55,1,11.55,16,11.6,60,2,2022-02-09 11:39:15
1644406757295346000,11.55,4,11.55,12,11.6,60,2,2022-02-09 11:39:17
1644406765329029000,11.55,1,11.55,17,11.6,60,2,2022-02-09 11:39:25
1644406766034131000,11.55,2,11.55,15,11.6,60,2,2022-02-09 11:39:26
1644406795977476000,11.6,5,11.55,36,11.6,55,1,2022-02-09 11:39:55
1644406942324455000,11.6,1,11.55,42,11.6,84,1,2022-02-09 11:42:22
1644406987045829000,11.55,2,11.55,40,11.6,84,2,2022-02-09 11:43:07
1644406993328264000,11.6,5,11.55,43,11.6,79,1,2022-02-09 11:43:13
1644406994008414000,11.55,2,11.55,41,11.6,79,2,2022-02-09 11:43:14
1644407069405071000,11.55,10,11.55,32,11.6,82,2,2022-02-09 11:44:29
1644407093758526000,11.55,2,11.55,44,11.6,82,2,2022-02-09 11:44:53
1644407186386500000,11.55,5,11.55,39,11.6,82,2,2022-02-09 11:46:26
1644407205002782000,11.55,1,11.55,36,11.6,82,2,2022-02-09 11:46:45
1644407218119301000,11.55,10,11.55,26,11.6,87,2,2022-02-09 11:46:58
1644407240662547000,11.55,10,11.55,15,11.6,86,2,2022-02-09 11:47:20
1644407246607157000,11.55,2,11.55,18,11.6,86,2,2022-02-09 11:47:26
1644407305533147000,11.6,4,11.55,24,11.6,82,1,2022-02-09 11:48:25
1644407317227145000,11.55,1,11.55,27,11.6,85,2,2022-02-09 11:48:37
1644407363472670000,11.55,1,11.55,28,11.6,85,2,2022-02-09 11:49:23
1644407377852529000,11.55,20,11.55,12,11.6,85,2,2022-02-09 11:49:37
1644407381412999000,11.55,2,11.55,21,11.6,85,2,2022-02-09 11:49:41
1644407425796489000,11.55,10,11.55,15,11.6,87,2,2022-02-09 11:50:25
1644407480532979000,11.6,1,11.55,18,11.6,90,1,2022-02-09 11:51:20
1644407521840311000,11.55,7,11.55,19,11.6,105,2,2022-02-09 11:52:01
1644407556992482000,11.55,5,11.55,20,11.6,107,2,2022-02-09 11:52:36
1644407621883873000,11.55,24,11.5,61,11.55,26,2,2022-02-09 11:53:41
1644407622293740000,11.55,11,11.5,86,11.55,15,1,2022-02-09 11:53:42
1644407622336265000,11.55,4,11.5,86,11.55,11,1,2022-02-09 11:53:42
1644407627536328000,11.55,10,11.5,87,11.55,1,1,2022-02-09 11:53:47
1644407627574689000,11.55,1,11.5,85,11.6,112,1,2022-02-09 11:53:47
1644407628457459000,11.6,50,11.5,123,11.6,62,1,2022-02-09 11:53:48
1644407628489208000,11.6,50,11.5,123,11.6,12,1,2022-02-09 11:53:48
1644407628519847000,11.6,12,11.55,3,11.65,61,1,2022-02-09 11:53:48
1644407636628721000,11.6,2,11.55,13,11.65,52,1,2022-02-09 11:53:56
1644407680288146000,11.65,1,11.6,6,11.65,61,1,2022-02-09 11:54:40
1644407725414576000,11.65,1,11.6,46,11.65,61,1,2022-02-09 11:55:25
1644407746233128000,11.65,50,11.6,46,11.65,12,1,2022-02-09 11:55:46
1644407746268545000,11.65,12,11.6,46,11.7,100,1,2022-02-09 11:55:46
1644407755121214000,11.7,3,11.65,12,11.7,87,1,2022-02-09 11:55:55
1644407777649028000,11.7,5,11.65,22,11.7,95,1,2022-02-09 11:56:17
1644407780247594000,11.7,10,11.65,22,11.7,85,1,2022-02-09 11:56:20
1644407792920256000,11.7,3,11.65,23,11.7,82,1,2022-02-09 11:56:32
1644407827070794000,11.7,5,11.65,25,11.7,79,1,2022-02-09 11:57:07
1644407840903111000,11.7,1,11.65,27,11.7,79,1,2022-02-09 11:57:20
1644407853280531000,11.7,2,11.65,25,11.7,78,1,2022-02-09 11:57:33
1644407908463742000,11.7,2,11.65,27,11.7,77,1,2022-02-09 11:58:28
1644407925750842000,11.7,1,11.65,29,11.7,76,1,2022-02-09 11:58:45
1644407970405706000,11.7,10,11.65,29,11.7,68,1,2022-02-09 11:59:30
1644407977819410000,11.65,1,11.65,28,11.7,67,2,2022-02-09 11:59:37
1644407979119135000,11.7,5,11.65,28,11.7,62,1,2022-02-09 11:59:39
1644407985577745000,11.7,2,11.65,31,11.7,60,1,2022-02-09 11:59:45
1644407987195189000,11.65,5,11.65,26,11.7,55,2,2022-02-09 11:59:47
1644407992623404000,11.7,4,11.65,26,11.7,51,1,2022-02-09 11:59:52
1644407996004574000,11.7,2,11.65,26,11.7,49,1,2022-02-09 11:59:56
1644408002102930000,11.7,1,11.65,28,11.7,48,1,2022-02-09 12:00:02
1644408002560602000,11.7,10,11.65,32,11.7,38,1,2022-02-09 12:00:02
1644408002588831000,11.7,38,11.65,32,11.75,128,1,2022-02-09 12:00:02
1644408017050743000,11.7,10,11.7,10,11.75,127,2,2022-02-09 12:00:17
1644408044225680000,11.7,1,11.7,22,11.75,127,2,2022-02-09 12:00:44
1644408050272646000,11.7,1,11.7,38,11.75,127,2,2022-02-09 12:00:50
1644408069883494000,11.75,1,11.7,39,11.75,126,1,2022-02-09 12:01:09
1644408070139248000,11.75,10,11.7,39,11.75,116,1,2022-02-09 12:01:10
1644408079392083000,11.75,3,11.7,41,11.75,119,1,2022-02-09 12:01:19
1644408092184801000,11.75,5,11.7,44,11.75,114,1,2022-02-09 12:01:32
1644408096594522000,11.75,1,11.7,44,11.75,113,1,2022-02-09 12:01:36
1644408114294591000,11.75,10,11.7,44,11.75,103,1,2022-02-09 12:01:54
1644408114881941000,11.7,1,11.7,43,11.75,103,2,2022-02-09 12:01:54
1644408117692679000,11.75,1,11.7,43,11.75,102,1,2022-02-09 12:01:57
1644408128311000000,11.75,5,11.7,43,11.75,117,1,2022-02-09 12:02:08
1644408133278372000,11.75,1,11.7,43,11.75,126,1,2022-02-09 12:02:13
1644408138822386000,11.75,50,11.7,43,11.75,76,1,2022-02-09 12:02:18
1644408141481669000,11.75,10,11.7,43,11.75,66,1,2022-02-09 12:02:21
1644408147919080000,11.75,50,11.7,42,11.75,16,1,2022-02-09 12:02:27
1644408147941665000,11.75,16,11.7,42,11.8,302,1,2022-02-09 12:02:27
1644408164545582000,11.75,20,11.7,46,11.8,292,2,2022-02-09 12:02:44
1644408164545582000,11.7,10,11.7,46,11.8,292,2,2022-02-09 12:02:44
1644408167174567000,11.75,5,11.7,32,11.75,5,1,2022-02-09 12:02:47
1644408170993613000,11.75,2,11.7,32,11.75,8,1,2022-02-09 12:02:50
1644408172663583000,11.75,6,11.7,32,11.75,2,1,2022-02-09 12:02:52
1644408175251233000,11.75,1,11.7,32,11.75,8,1,2022-02-09 12:02:55
1644408176560091000,11.75,2,11.75,8,11.8,292,1,2022-02-09 12:02:56
1644408179180618000,11.75,1,11.75,7,11.8,288,2,2022-02-09 12:02:59
1644408180837316000,11.75,7,11.7,32,11.8,288,2,2022-02-09 12:03:00
1644408234317254000,11.75,1,11.7,70,11.75,31,1,2022-02-09 12:03:54
1644408245501880000,11.75,5,11.7,70,11.75,32,1,2022-02-09 12:04:05
1644408247784952000,11.75,2,11.7,70,11.75,30,1,2022-02-09 12:04:07
1644408253600188000,11.75,10,11.7,70,11.75,20,1,2022-02-09 12:04:13
1644408263939387000,11.75,2,11.7,71,11.75,21,1,2022-02-09 12:04:23
1644408265773934000,11.75,2,11.7,71,11.75,19,1,2022-02-09 12:04:25
1644408278335637000,11.75,6,11.7,73,11.75,28,1,2022-02-09 12:04:38
1644408295454376000,11.75,1,11.7,73,11.75,30,1,2022-02-09 12:04:55
1644408311607285000,11.7,10,11.7,63,11.75,31,2,2022-02-09 12:05:11
1644408317951701000,11.7,10,11.7,53,11.75,37,2,2022-02-09 12:05:17
1644408326367782000,11.7,5,11.7,48,11.75,37,2,2022-02-09 12:05:26
1644408328571373000,11.7,10,11.7,38,11.75,38,2,2022-02-09 12:05:28
1644408329022027000,11.7,1,11.7,46,11.75,38,2,2022-02-09 12:05:29
1644408332763240000,11.7,1,11.7,45,11.75,45,2,2022-02-09 12:05:32
1644408333083522000,11.7,2,11.7,43,11.75,43,2,2022-02-09 12:05:33
1644408333639608000,11.75,1,11.7,43,11.75,42,1,2022-02-09 12:05:33
1644408334032758000,11.7,1,11.7,42,11.75,42,2,2022-02-09 12:05:34
1644408335040487000,11.7,1,11.7,41,11.75,42,2,2022-02-09 12:05:35
1644408340686016000,11.7,6,11.7,35,11.75,42,2,2022-02-09 12:05:40
1644408341803773000,11.7,13,11.7,22,11.75,42,2,2022-02-09 12:05:41
1644408363292033000,11.7,3,11.7,28,11.75,46,2,2022-02-09 12:06:03
1644408393808307000,11.7,1,11.7,28,11.75,67,2,2022-02-09 12:06:33
1644408412628631000,11.7,5,11.7,23,11.75,67,2,2022-02-09 12:06:52
1644408416549002000,11.7,4,11.7,21,11.75,67,2,2022-02-09 12:06:56
1644408445193712000,11.7,1,11.7,22,11.75,67,2,2022-02-09 12:07:25
1644408470397205000,11.7,2,11.7,20,11.75,69,2,2022-02-09 12:07:50
1644408473723005000,11.7,1,11.7,19,11.75,69,2,2022-02-09 12:07:53
1644408492657142000,11.7,1,11.7,18,11.75,119,2,2022-02-09 12:08:12
1644408492698171000,11.7,18,11.65,47,11.75,119,2,2022-02-09 12:08:12
1644408506839860000,11.7,2,11.65,82,11.7,11,1,2022-02-09 12:08:26
1644408512104693000,11.7,1,11.65,82,11.7,10,1,2022-02-09 12:08:32
1644408552042825000,11.65,18,11.65,69,11.7,25,2,2022-02-09 12:09:12
1644408612187250000,11.65,5,11.65,65,11.7,29,2,2022-02-09 12:10:12
1644408620778709000,11.65,1,11.65,64,11.7,29,2,2022-02-09 12:10:20
1644408662691577000,11.65,2,11.65,72,11.7,40,2,2022-02-09 12:11:02
1644408699161085000,11.7,1,11.65,41,11.7,41,1,2022-02-09 12:11:39
1644408751012895000,11.7,15,11.65,46,11.7,43,1,2022-02-09 12:12:31
1644408752824959000,11.7,5,11.65,46,11.7,38,1,2022-02-09 12:12:32
1644408759916054000,11.7,2,11.65,46,11.7,36,1,2022-02-09 12:12:39
1644408759997477000,11.65,14,11.65,32,11.7,36,2,2022-02-09 12:12:39
1644408763681373000,11.7,1,11.65,40,11.7,35,1,2022-02-09 12:12:43
1644408797587192000,11.65,1,11.65,54,11.7,35,2,2022-02-09 12:13:17
1644408810764326000,11.65,3,11.65,47,11.7,34,2,2022-02-09 12:13:30
1644408831018641000,11.7,5,11.65,55,11.7,29,1,2022-02-09 12:13:51
1644408831089022000,11.7,29,11.65,63,11.75,111,1,2022-02-09 12:13:51
1644408831151776000,11.7,7,11.7,1,11.75,109,2,2022-02-09 12:13:51
1644408831212886000,11.7,1,11.65,92,11.75,108,2,2022-02-09 12:13:51
1644408834182819000,11.7,7,11.7,2,11.75,108,1,2022-02-09 12:13:54
1644408834255338000,11.7,2,11.65,91,11.75,108,2,2022-02-09 12:13:54
1644408837174701000,11.7,7,11.65,96,11.75,108,1,2022-02-09 12:13:57
1644408861926594000,11.7,2,11.65,81,11.7,5,1,2022-02-09 12:14:21
1644408873709900000,11.7,1,11.65,81,11.7,4,1,2022-02-09 12:14:33
1644408886096273000,11.7,1,11.65,81,11.7,3,1,2022-02-09 12:14:46
1644408894990640000,11.7,1,11.65,81,11.7,2,1,2022-02-09 12:14:54
1644408900719436000,11.7,2,11.65,81,11.75,110,1,2022-02-09 12:15:00
1644408959677534000,11.7,5,11.65,82,11.7,4,1,2022-02-09 12:15:59
1644408960441889000,11.7,1,11.65,82,11.7,3,1,2022-02-09 12:16:00
1644409027943797000,11.7,1,11.65,87,11.7,13,1,2022-02-09 12:17:07
1644409036737217000,11.7,1,11.65,87,11.7,14,1,2022-02-09 12:17:16
1644409041836077000,11.7,1,11.65,87,11.7,23,1,2022-02-09 12:17:21
1644409090464935000,11.7,20,11.65,90,11.7,3,1,2022-02-09 12:18:10
1644409104729462000,11.65,1,11.65,88,11.7,22,2,2022-02-09 12:18:24
1644409158245995000,11.7,1,11.65,79,11.7,21,1,2022-02-09 12:19:18
1644409184345037000,11.7,21,11.65,80,11.75,107,1,2022-02-09 12:19:44
1644409281561864000,11.7,5,11.7,37,11.75,136,2,2022-02-09 12:21:21
1644409298884905000,11.75,1,11.7,33,11.75,135,1,2022-02-09 12:21:38
1644409338084644000,11.75,20,11.7,37,11.75,115,1,2022-02-09 12:22:18
1644409339658095000,11.7,12,11.7,25,11.75,115,2,2022-02-09 12:22:19
1644409352653266000,11.7,10,11.7,26,11.75,115,2,2022-02-09 12:22:32
1644409385370734000,11.7,1,11.7,34,11.75,118,2,2022-02-09 12:23:05
1644409426833404000,11.75,1,11.7,37,11.75,122,1,2022-02-09 12:23:46
1644409439771576000,11.75,1,11.7,41,11.75,122,1,2022-02-09 12:23:59
1644409450293410000,11.75,2,11.7,46,11.75,120,1,2022-02-09 12:24:10
1644409480107173000,11.75,1,11.7,55,11.75,118,1,2022-02-09 12:24:40
1644409517327894000,11.75,1,11.7,60,11.75,126,1,2022-02-09 12:25:17
1644409549184556000,11.75,5,11.7,68,11.75,124,1,2022-02-09 12:25:49
1644409573253397000,11.7,15,11.7,54,11.75,124,2,2022-02-09 12:26:13
1644409579491474000,11.7,1,11.7,53,11.75,124,2,2022-02-09 12:26:19
1644409600127437000,11.7,3,11.7,58,11.75,124,2,2022-02-09 12:26:40
1644409623705808000,11.7,1,11.7,58,11.75,124,2,2022-02-09 12:27:03
1644409711821567000,11.7,1,11.7,48,11.75,119,2,2022-02-09 12:28:31
1644409718650498000,11.7,5,11.7,43,11.75,119,2,2022-02-09 12:28:38
1644409718924584000,11.75,29,11.7,37,11.75,90,1,2022-02-09 12:28:38
1644409746104130000,11.75,3,11.7,53,11.75,87,1,2022-02-09 12:29:06
1644409769528340000,11.75,30,11.7,58,11.75,57,1,2022-02-09 12:29:29
1644409772451998000,11.75,35,11.7,58,11.75,22,1,2022-02-09 12:29:32
1644409772473677000,11.75,17,11.7,58,11.75,5,1,2022-02-09 12:29:32
1644409772474107000,11.75,5,11.7,58,11.8,309,1,2022-02-09 12:29:32
1644409774534629000,11.75,1,11.75,13,11.8,299,2,2022-02-09 12:29:34
1644409779403511000,11.75,1,11.75,32,11.8,299,2,2022-02-09 12:29:39
1644409799377212000,11.8,1,11.75,37,11.8,298,1,2022-02-09 12:29:59
1644409804156048000,11.8,5,11.75,37,11.8,292,1,2022-02-09 12:30:04
1644409804767326000,11.8,5,11.75,43,11.8,287,1,2022-02-09 12:30:04
1644409810094751000,11.75,1,11.75,52,11.8,287,2,2022-02-09 12:30:10
1644409810503015000,11.8,5,11.75,52,11.8,282,1,2022-02-09 12:30:10
1644409811515248000,11.8,5,11.75,52,11.8,277,1,2022-02-09 12:30:11
1644409816341554000,11.8,5,11.75,52,11.8,272,1,2022-02-09 12:30:16
1644409824649431000,11.8,2,11.75,53,11.8,271,1,2022-02-09 12:30:24
1644409829082229000,11.8,2,11.75,53,11.8,279,1,2022-02-09 12:30:29
1644409831920213000,11.8,10,11.75,53,11.8,269,1,2022-02-09 12:30:31
1644409834816513000,11.75,3,11.75,28,11.8,269,2,2022-02-09 12:30:34
1644409846135294000,11.75,2,11.75,31,11.8,267,2,2022-02-09 12:30:46
1644409849725949000,11.75,1,11.75,30,11.8,267,2,2022-02-09 12:30:49
1644409857720521000,11.8,5,11.75,35,11.8,262,1,2022-02-09 12:30:57
1644409860834993000,11.8,1,11.75,35,11.8,261,1,2022-02-09 12:31:00
1644409869016469000,11.75,5,11.75,30,11.8,262,2,2022-02-09 12:31:09
1644409874586758000,11.75,3,11.75,34,11.8,262,2,2022-02-09 12:31:14
1644409906463538000,11.8,1,11.75,42,11.8,262,1,2022-02-09 12:31:46
1644409909015107000,11.75,2,11.75,40,11.8,262,2,2022-02-09 12:31:49
1644409919656827000,11.75,1,11.75,42,11.8,262,2,2022-02-09 12:31:59
1644409957902277000,11.8,2,11.75,42,11.8,261,1,2022-02-09 12:32:37
1644409964956593000,11.8,1,11.75,41,11.8,260,1,2022-02-09 12:32:44
1644409985151824000,11.8,2,11.75,45,11.8,257,1,2022-02-09 12:33:05
1644409997809414000,11.8,3,11.75,50,11.8,257,1,2022-02-09 12:33:17
1644410020578659000,11.75,10,11.75,40,11.8,217,2,2022-02-09 12:33:40
1644410030814042000,11.75,2,11.75,38,11.8,217,2,2022-02-09 12:33:50
1644410057257194000,11.75,1,11.75,34,11.8,218,2,2022-02-09 12:34:17
1644410078887615000,11.75,2,11.75,55,11.8,219,2,2022-02-09 12:34:38
1644410114909851000,11.75,5,11.75,49,11.8,220,2,2022-02-09 12:35:14
1644410117989614000,11.75,1,11.75,57,11.8,219,2,2022-02-09 12:35:17
1644410119268598000,11.75,7,11.75,50,11.8,219,2,2022-02-09 12:35:19
1644410122898925000,11.75,3,11.75,47,11.8,219,2,2022-02-09 12:35:22
1644410142995868000,11.75,2,11.75,52,11.8,220,2,2022-02-09 12:35:42
1644410143805240000,11.75,2,11.75,50,11.8,220,2,2022-02-09 12:35:43
1644410161649694000,11.75,1,11.75,51,11.8,220,2,2022-02-09 12:36:01
1644410169353605000,11.8,1,11.75,56,11.8,219,1,2022-02-09 12:36:09
1644410192720758000,11.8,1,11.75,57,11.8,218,1,2022-02-09 12:36:32
1644410222940611000,11.8,3,11.75,63,11.8,218,1,2022-02-09 12:37:02
1644410225931515000,11.75,5,11.75,58,11.8,218,2,2022-02-09 12:37:05
1644410247318474000,11.8,1,11.75,69,11.8,231,1,2022-02-09 12:37:27
1644410250330840000,11.75,5,11.75,68,11.8,231,2,2022-02-09 12:37:30
1644410281957281000,11.75,1,11.75,55,11.8,230,2,2022-02-09 12:38:01
1644410283864165000,11.75,1,11.75,54,11.8,230,2,2022-02-09 12:38:03
1644410292805724000,11.75,2,11.75,52,11.8,230,2,2022-02-09 12:38:12
1644410296601873000,11.75,10,11.75,42,11.8,231,2,2022-02-09 12:38:16
1644410309000502000,11.75,2,11.75,43,11.8,231,2,2022-02-09 12:38:29
1644410311399699000,11.75,40,11.75,3,11.8,221,2,2022-02-09 12:38:31
1644410311412381000,11.75,3,11.7,61,11.8,221,2,2022-02-09 12:38:31
1644410319082025000,11.7,1,11.7,69,11.75,17,2,2022-02-09 12:38:39
1644410320932861000,11.7,2,11.7,67,11.75,17,2,2022-02-09 12:38:40
1644410323628188000,11.7,30,11.7,30,11.75,22,2,2022-02-09 12:38:43
1644410329682522000,11.7,1,11.7,2,11.75,48,2,2022-02-09 12:38:49
1644410331114995000,11.7,2,11.65,43,11.75,48,2,2022-02-09 12:38:51
1644410344012238000,11.7,1,11.7,23,11.75,25,2,2022-02-09 12:39:04
1644410347139925000,11.7,1,11.7,22,11.75,25,2,2022-02-09 12:39:07
1644410410988928000,11.75,1,11.7,55,11.75,36,1,2022-02-09 12:40:10
1644410510495827000,11.75,1,11.7,56,11.75,30,1,2022-02-09 12:41:50
1644410517728183000,11.7,2,11.7,54,11.75,30,2,2022-02-09 12:41:57
1644410558702952000,11.75,1,11.7,63,11.75,36,1,2022-02-09 12:42:38
1644410560025454000,11.75,31,11.7,111,11.75,5,1,2022-02-09 12:42:40
1644410560053236000,11.75,5,11.7,111,11.8,243,1,2022-02-09 12:42:40
1644410561579030000,11.75,1,11.75,20,11.8,242,2,2022-02-09 12:42:41
1644410572526532000,11.75,1,11.75,6,11.8,242,2,2022-02-09 12:42:52
1644410583830055000,11.75,2,11.75,6,11.8,244,2,2022-02-09 12:43:03
1644410612059721000,11.75,2,11.75,9,11.8,250,2,2022-02-09 12:43:32
1644410622780587000,11.75,1,11.75,8,11.8,250,2,2022-02-09 12:43:42
1644410622847182000,11.8,1,11.75,8,11.8,249,1,2022-02-09 12:43:42
1644410624496408000,11.75,1,11.75,19,11.8,249,2,2022-02-09 12:43:44
1644410681671603000,11.75,2,11.75,21,11.8,257,2,2022-02-09 12:44:41
1644410682384288000,11.75,10,11.75,11,11.8,257,2,2022-02-09 12:44:42
1644410684777362000,11.75,6,11.75,17,11.8,257,2,2022-02-09 12:44:44
1644410688208642000,11.75,10,11.75,7,11.8,257,2,2022-02-09 12:44:48
1644410693366916000,11.75,3,11.75,4,11.8,257,2,2022-02-09 12:44:53
1644410704870369000,11.8,2,11.75,4,11.8,255,1,2022-02-09 12:45:04
1644410708027270000,11.75,1,11.75,3,11.8,255,2,2022-02-09 12:45:08
1644410718029187000,11.75,3,11.7,112,11.75,2,2,2022-02-09 12:45:18
1644410718118929000,11.75,2,11.7,128,11.8,253,1,2022-02-09 12:45:18
1644410722725153000,11.75,1,11.7,130,11.75,4,2,2022-02-09 12:45:22
1644410725176164000,11.75,4,11.7,139,11.8,253,1,2022-02-09 12:45:25
1644410745488723000,11.75,2,11.75,17,11.8,254,2,2022-02-09 12:45:45
1644410747270269000,11.75,2,11.75,15,11.8,254,2,2022-02-09 12:45:47
1644410777711885000,11.75,2,11.75,6,11.8,254,2,2022-02-09 12:46:17
1644410778011448000,11.8,6,11.75,6,11.8,248,1,2022-02-09 12:46:18
1644410785629886000,11.75,1,11.75,27,11.8,253,2,2022-02-09 12:46:25
1644410810429339000,11.8,3,11.75,43,11.8,250,1,2022-02-09 12:46:50
1644410826445116000,11.75,1,11.75,51,11.8,250,2,2022-02-09 12:47:06
1644410859518066000,11.8,1,11.75,50,11.8,245,1,2022-02-09 12:47:39
1644410863001096000,11.8,3,11.75,50,11.8,242,1,2022-02-09 12:47:43
1644410869855268000,11.8,1,11.75,50,11.8,242,1,2022-02-09 12:47:49
1644410873964364000,11.75,2,11.75,51,11.8,242,2,2022-02-09 12:47:53
1644410887356882000,11.75,1,11.75,53,11.8,242,2,2022-02-09 12:48:07
1644410913741336000,11.75,1,11.75,52,11.8,249,2,2022-02-09 12:48:33
1644410927055143000,11.75,2,11.75,49,11.8,247,2,2022-02-09 12:48:47
1644410934765402000,11.75,7,11.75,42,11.8,247,2,2022-02-09 12:48:54
1644410979022145000,11.75,1,11.75,36,11.8,243,2,2022-02-09 12:49:39
1644410986820858000,11.75,5,11.75,31,11.8,247,2,2022-02-09 12:49:46
1644410989246113000,11.75,17,11.75,14,11.8,247,2,2022-02-09 12:49:49
1644410990694523000,11.75,2,11.75,12,11.8,247,2,2022-02-09 12:49:50
1644410995207712000,11.75,1,11.75,8,11.8,247,2,2022-02-09 12:49:55
1644410997299444000,11.75,1,11.75,7,11.8,247,2,2022-02-09 12:49:57
1644410998510657000,11.75,1,11.75,6,11.8,247,2,2022-02-09 12:49:58
1644411005945456000,11.75,1,11.75,5,11.8,247,2,2022-02-09 12:50:05
1644411013871067000,11.75,5,11.7,96,11.75,5,2,2022-02-09 12:50:13
1644411059877626000,11.75,8,11.7,102,11.75,9,1,2022-02-09 12:50:59
1644411068094604000,11.75,1,11.7,102,11.75,3,1,2022-02-09 12:51:08
1644411083639272000,11.75,1,11.7,102,11.75,3,1,2022-02-09 12:51:23
1644411138505344000,11.75,5,11.7,104,11.75,18,1,2022-02-09 12:52:18
1644411150450999000,11.75,18,11.7,104,11.8,261,1,2022-02-09 12:52:30
1644411190409448000,11.75,10,11.75,1,11.8,259,2,2022-02-09 12:53:10
1644411214290352000,11.75,1,11.7,75,11.75,4,1,2022-02-09 12:53:34
1644411237047604000,11.75,1,11.7,112,11.75,12,1,2022-02-09 12:53:57
1644411237075537000,11.75,12,11.7,112,11.8,259,1,2022-02-09 12:53:57
1644411253362834000,11.75,1,11.7,70,11.75,1,2,2022-02-09 12:54:13
1644411255846520000,11.7,20,11.7,72,11.75,1,2,2022-02-09 12:54:15
1644411262909821000,11.75,1,11.7,72,11.8,259,1,2022-02-09 12:54:22
1644411429404818000,11.7,1,11.7,60,11.75,42,2,2022-02-09 12:57:09
1644411439720800000,11.7,3,11.7,57,11.75,42,2,2022-02-09 12:57:19
1644411441015033000,11.7,6,11.7,51,11.75,42,2,2022-02-09 12:57:21
1644411445076702000,11.7,1,11.7,37,11.75,42,2,2022-02-09 12:57:25
1644411467987782000,11.7,5,11.7,31,11.75,42,2,2022-02-09 12:57:47
1644411474652167000,11.7,2,11.7,30,11.75,42,2,2022-02-09 12:57:54
1644411481462685000,11.7,8,11.7,23,11.75,45,2,2022-02-09 12:58:01
1644411484875776000,11.7,2,11.7,21,11.75,43,2,2022-02-09 12:58:04
1644411487635101000,11.75,1,11.7,20,11.75,42,1,2022-02-09 12:58:07
1644411518717877000,11.75,2,11.7,28,11.75,40,1,2022-02-09 12:58:38
1644411559388335000,11.75,1,11.7,38,11.75,39,1,2022-02-09 12:59:19
1644411609662517000,11.75,4,11.7,53,11.75,35,1,2022-02-09 13:00:09
1644411644154025000,11.7,10,11.7,43,11.75,50,2,2022-02-09 13:00:44
1644411661572601000,11.7,1,11.7,42,11.75,50,2,2022-02-09 13:01:01
1644411663805316000,11.7,6,11.7,36,11.75,50,2,2022-02-09 13:01:03
1644411694737043000,11.7,4,11.7,25,11.75,50,2,2022-02-09 13:01:34
1644411698457450000,11.7,1,11.7,24,11.75,50,2,2022-02-09 13:01:38
1644411701685456000,11.7,3,11.7,21,11.75,51,2,2022-02-09 13:01:41
1644411703541712000,11.7,6,11.7,15,11.75,51,2,2022-02-09 13:01:43
1644411712016016000,11.7,10,11.7,5,11.75,52,2,2022-02-09 13:01:52
1644411716449521000,11.7,2,11.7,3,11.75,52,2,2022-02-09 13:01:56
1644411722915242000,11.7,3,11.65,81,11.75,62,2,2022-02-09 13:02:02
1644411726893868000,11.7,5,11.65,100,11.7,1,1,2022-02-09 13:02:06
1644411726923378000,11.7,1,11.65,100,11.75,62,1,2022-02-09 13:02:06
1644411749482395000,11.7,1,11.7,22,11.75,64,2,2022-02-09 13:02:29
1644411780980811000,11.7,1,11.7,44,11.75,61,2,2022-02-09 13:03:00
1644411796526585000,11.7,1,11.7,43,11.75,61,2,2022-02-09 13:03:16
1644411800643748000,11.7,1,11.7,42,11.75,61,2,2022-02-09 13:03:20
1644411814175451000,11.7,2,11.7,40,11.75,61,2,2022-02-09 13:03:34
1644411820322915000,11.7,1,11.7,39,11.75,61,2,2022-02-09 13:03:40
1644411852956257000,11.7,1,11.7,38,11.75,72,2,2022-02-09 13:04:12
1644411859271322000,11.7,1,11.7,37,11.75,72,2,2022-02-09 13:04:19
1644411878765271000,11.7,1,11.7,47,11.75,72,2,2022-02-09 13:04:38
1644411894132320000,11.7,2,11.7,45,11.75,73,2,2022-02-09 13:04:54
1644411914343320000,11.75,1,11.7,45,11.75,72,1,2022-02-09 13:05:14
1644411922219659000,11.7,1,11.7,44,11.75,72,2,2022-02-09 13:05:22
1644411946526869000,11.7,5,11.7,41,11.75,62,2,2022-02-09 13:05:46
1644411968942851000,11.7,5,11.7,47,11.75,62,2,2022-02-09 13:06:08
1644412015126456000,11.7,5,11.7,58,11.75,66,2,2022-02-09 13:06:55
1644412079137946000,11.7,1,11.7,72,11.75,96,2,2022-02-09 13:07:59
1644412097763347000,11.75,3,11.7,69,11.75,93,1,2022-02-09 13:08:17
1644412102169018000,11.7,1,11.7,68,11.75,93,2,2022-02-09 13:08:22
1644412113675907000,11.7,1,11.7,67,11.75,93,2,2022-02-09 13:08:33
1644412131956308000,11.7,8,11.7,60,11.75,93,2,2022-02-09 13:08:51
1644412134158692000,11.75,1,11.7,69,11.75,92,1,2022-02-09 13:08:54
1644412138435220000,11.75,10,11.7,69,11.75,82,1,2022-02-09 13:08:58
1644412150138626000,11.75,1,11.7,68,11.75,77,1,2022-02-09 13:09:10
1644412157098403000,11.75,1,11.7,69,11.75,76,1,2022-02-09 13:09:17
1644412175740138000,11.7,2,11.7,69,11.75,76,2,2022-02-09 13:09:35
1644412179753301000,11.7,15,11.7,54,11.75,76,2,2022-02-09 13:09:39
1644412181594191000,11.75,8,11.7,61,11.75,68,1,2022-02-09 13:09:41
1644412197194491000,11.7,4,11.7,57,11.75,72,2,2022-02-09 13:09:57
1644412204547362000,11.7,2,11.7,56,11.75,72,2,2022-02-09 13:10:04
1644412205086809000,11.75,26,11.7,56,11.75,46,1,2022-02-09 13:10:05
1644412211558110000,11.7,1,11.7,56,11.75,46,2,2022-02-09 13:10:11
1644412212182868000,11.75,45,11.7,56,11.75,1,1,2022-02-09 13:10:12
1644412212209142000,11.75,1,11.7,56,11.8,298,1,2022-02-09 13:10:12
1644412212240152000,11.8,8,11.7,96,11.8,290,1,2022-02-09 13:10:12
1644412245952281000,11.8,5,11.75,38,11.8,289,1,2022-02-09 13:10:45
1644412246004556000,11.8,30,11.75,38,11.8,259,1,2022-02-09 13:10:46
1644412307217954000,11.75,15,11.75,29,11.8,279,2,2022-02-09 13:11:47
1644412308294712000,11.8,1,11.75,29,11.8,278,1,2022-02-09 13:11:48
1644412317211390000,11.8,5,11.75,29,11.8,273,1,2022-02-09 13:11:57
1644412327368805000,11.8,1,11.75,29,11.8,272,1,2022-02-09 13:12:07
1644412362838329000,11.8,1,11.75,20,11.8,279,1,2022-02-09 13:12:42
1644412392092848000,11.8,2,11.75,37,11.8,281,1,2022-02-09 13:13:12
1644412392530273000,11.8,70,11.75,37,11.8,211,1,2022-02-09 13:13:12
1644412392577423000,11.8,30,11.75,37,11.8,181,1,2022-02-09 13:13:12
1644412394167545000,11.8,20,11.75,49,11.8,161,1,2022-02-09 13:13:14
1644412394217832000,11.8,30,11.75,54,11.8,131,1,2022-02-09 13:13:14
1644412394242930000,11.8,28,11.75,54,11.8,103,1,2022-02-09 13:13:14
1644412394311917000,11.8,30,11.75,54,11.8,73,1,2022-02-09 13:13:14
1644412394346340000,11.8,52,11.75,54,11.8,21,1,2022-02-09 13:13:14
1644412394378545000,11.8,17,11.75,54,11.8,4,1,2022-02-09 13:13:14
1644412394379449000,11.8,4,11.75,54,11.85,105,1,2022-02-09 13:13:14
1644412410303535000,11.8,1,11.75,69,11.85,104,2,2022-02-09 13:13:30
1644412423515690000,11.85,17,11.8,6,11.85,88,1,2022-02-09 13:13:43
1644412423693467000,11.85,40,11.8,16,11.85,48,1,2022-02-09 13:13:43
1644412426360499000,11.85,5,11.8,37,11.85,43,1,2022-02-09 13:13:46
1644412431905078000,11.85,10,11.8,37,11.85,33,1,2022-02-09 13:13:51
1644412432621142000,11.85,1,11.8,37,11.85,32,1,2022-02-09 13:13:52
1644412432677518000,11.85,30,11.8,37,11.85,2,1,2022-02-09 13:13:52
1644412432701469000,11.85,2,11.8,37,11.9,235,1,2022-02-09 13:13:52
1644412434146878000,11.8,2,11.8,35,11.9,235,2,2022-02-09 13:13:54
1644412435322587000,11.9,2,11.8,35,11.9,233,1,2022-02-09 13:13:55
1644412435517345000,11.9,1,11.8,35,11.9,232,1,2022-02-09 13:13:55
1644412435543307000,11.9,1,11.8,35,11.9,231,1,2022-02-09 13:13:55
1644412435581249000,11.9,1,11.8,35,11.9,230,1,2022-02-09 13:13:55
1644412435611636000,11.9,1,11.8,35,11.9,229,1,2022-02-09 13:13:55
1644412435650166000,11.9,1,11.8,35,11.9,228,1,2022-02-09 13:13:55
1644412443190989000,11.9,1,11.85,2,11.9,225,1,2022-02-09 13:14:03
1644412444880704000,11.9,2,11.85,2,11.9,222,1,2022-02-09 13:14:04
1644412456751246000,11.9,1,11.85,16,11.9,216,1,2022-02-09 13:14:16
1644412466564059000,11.85,1,11.85,17,11.9,215,2,2022-02-09 13:14:26
1644412467510412000,11.9,1,11.85,8,11.9,214,1,2022-02-09 13:14:27
1644412469219598000,11.85,8,11.8,47,11.85,12,2,2022-02-09 13:14:29
1644412485739118000,11.85,1,11.8,46,11.85,12,1,2022-02-09 13:14:45
1644412494581251000,11.85,5,11.8,35,11.85,7,1,2022-02-09 13:14:54
1644412500210095000,11.85,6,11.8,35,11.85,3,1,2022-02-09 13:15:00
1644412500622985000,11.85,3,11.8,35,11.9,193,1,2022-02-09 13:15:00
1644412500622985000,11.9,26,11.8,35,11.9,193,1,2022-02-09 13:15:00
1644412502162608000,11.9,25,11.8,59,11.9,168,1,2022-02-09 13:15:02
1644412514327336000,11.9,1,11.85,14,11.9,164,1,2022-02-09 13:15:14
1644412514823615000,11.85,10,11.85,4,11.9,164,2,2022-02-09 13:15:14
1644412524193161000,11.9,1,11.85,6,11.9,163,1,2022-02-09 13:15:24
1644412533678062000,11.85,5,11.85,9,11.9,164,2,2022-02-09 13:15:33
1644412537070902000,11.85,5,11.85,4,11.9,164,2,2022-02-09 13:15:37
1644412540792350000,11.85,4,11.8,65,11.9,164,2,2022-02-09 13:15:40
1644412540792350000,11.8,1,11.8,65,11.9,164,2,2022-02-09 13:15:40
1644412560329622000,11.9,1,11.85,2,11.9,170,1,2022-02-09 13:16:00
1644412560681068000,11.9,7,11.85,2,11.9,163,1,2022-02-09 13:16:00
1644412563423904000,11.85,1,11.85,1,11.9,163,2,2022-02-09 13:16:03
1644412563457855000,11.85,1,11.8,57,11.9,163,2,2022-02-09 13:16:03
1644412574808974000,11.85,3,11.8,57,11.9,173,2,2022-02-09 13:16:14
1644412581389089000,11.85,1,11.8,51,11.9,173,1,2022-02-09 13:16:21
1644412605876516000,11.85,1,11.8,44,11.85,1,1,2022-02-09 13:16:45
1644412642498076000,11.8,18,11.8,18,11.85,14,2,2022-02-09 13:17:22
1644412650960246000,11.85,5,11.8,18,11.85,22,1,2022-02-09 13:17:30
1644412697200994000,11.85,1,11.8,20,11.85,40,1,2022-02-09 13:18:17
1644412730031867000,11.8,1,11.8,21,11.85,49,2,2022-02-09 13:18:50
1644412735401788000,11.85,1,11.8,35,11.85,48,1,2022-02-09 13:18:55
1644412738553929000,11.85,1,11.8,35,11.85,47,1,2022-02-09 13:18:58
1644412747367752000,11.85,10,11.8,34,11.85,37,1,2022-02-09 13:19:07
1644412752046616000,11.85,5,11.8,38,11.85,32,1,2022-02-09 13:19:12
1644412753936204000,11.85,2,11.8,37,11.85,30,1,2022-02-09 13:19:13
1644412757457686000,11.85,2,11.8,37,11.85,28,1,2022-02-09 13:19:17
1644412757690523000,11.85,1,11.8,36,11.85,27,1,2022-02-09 13:19:17
1644412759338494000,11.85,10,11.8,36,11.85,17,1,2022-02-09 13:19:19
1644412760280775000,11.85,1,11.8,36,11.85,16,1,2022-02-09 13:19:20
1644412762694856000,11.85,14,11.8,22,11.85,2,1,2022-02-09 13:19:22
1644412768085398000,11.85,2,11.8,23,11.9,188,1,2022-02-09 13:19:28
1644412768178665000,11.85,2,11.8,47,11.9,189,2,2022-02-09 13:19:28
1644412774438336000,11.85,7,11.8,35,11.85,3,1,2022-02-09 13:19:34
1644412785763138000,11.85,3,11.8,21,11.85,2,1,2022-02-09 13:19:45
1644412788452066000,11.85,2,11.85,3,11.9,188,1,2022-02-09 13:19:48
1644412788488407000,11.85,3,11.8,21,11.9,188,2,2022-02-09 13:19:48
1644412799501829000,11.85,1,11.8,21,11.85,5,1,2022-02-09 13:19:59
1644412800638708000,11.85,5,11.8,21,11.9,157,1,2022-02-09 13:20:00
1644412800638708000,11.9,31,11.8,21,11.9,157,1,2022-02-09 13:20:00
1644412805914112000,11.9,1,11.85,10,11.9,156,1,2022-02-09 13:20:05
1644412805933438000,11.9,1,11.85,10,11.9,155,1,2022-02-09 13:20:05
1644412810803001000,11.85,10,11.8,64,11.9,155,2,2022-02-09 13:20:10
1644412814699456000,11.85,10,11.8,64,11.9,156,2,2022-02-09 13:20:14
1644412824822759000,11.9,1,11.85,1,11.9,155,1,2022-02-09 13:20:24
1644412824933470000,11.9,1,11.85,1,11.9,154,1,2022-02-09 13:20:24
1644412830092144000,11.85,2,11.8,46,11.9,162,2,2022-02-09 13:20:30
1644412836894968000,11.8,18,11.8,28,11.9,162,2,2022-02-09 13:20:36
1644412837633134000,11.85,20,11.85,10,11.9,162,2,2022-02-09 13:20:37
1644412837661311000,11.85,10,11.8,29,11.9,162,2,2022-02-09 13:20:37
1644412837741382000,11.8,10,11.8,18,11.9,162,2,2022-02-09 13:20:37
1644412843157499000,11.8,1,11.8,17,11.9,163,2,2022-02-09 13:20:43
1644412843731770000,11.9,1,11.8,17,11.9,172,1,2022-02-09 13:20:43
1644412843866277000,11.9,1,11.8,17,11.9,171,1,2022-02-09 13:20:43
1644412862844712000,11.9,1,11.8,46,11.9,177,1,2022-02-09 13:21:02
1644412862946335000,11.9,1,11.8,46,11.9,176,1,2022-02-09 13:21:02
1644412864006886000,11.9,1,11.8,46,11.9,175,1,2022-02-09 13:21:04
1644412864193229000,11.9,1,11.8,47,11.9,174,1,2022-02-09 13:21:04
1644412866361120000,11.9,2,11.8,47,11.9,172,1,2022-02-09 13:21:06
1644412881887140000,11.9,1,11.8,48,11.9,165,1,2022-02-09 13:21:21
1644412881988208000,11.9,1,11.8,48,11.9,164,1,2022-02-09 13:21:21
1644412893241592000,11.85,1,11.8,37,11.85,1,1,2022-02-09 13:21:33
1644412895950747000,11.85,1,11.8,37,11.9,172,1,2022-02-09 13:21:35
1644412900975339000,11.85,1,11.8,27,11.9,174,1,2022-02-09 13:21:40
1644412900976710000,11.9,1,11.8,27,11.9,173,1,2022-02-09 13:21:40
1644412919790748000,11.85,1,11.8,28,11.9,175,1,2022-02-09 13:21:59
1644412919923210000,11.9,1,11.8,28,11.9,175,1,2022-02-09 13:21:59
1644412935894061000,11.85,2,11.8,28,11.9,174,2,2022-02-09 13:22:15
1644412936300320000,11.9,10,11.8,27,11.9,165,1,2022-02-09 13:22:16
1644412938752871000,11.9,1,11.8,51,11.9,163,1,2022-02-09 13:22:18
1644412938861801000,11.9,1,11.8,51,11.9,162,1,2022-02-09 13:22:18
1644412948495703000,11.9,5,11.85,14,11.9,158,1,2022-02-09 13:22:28
1644412951606891000,11.9,5,11.85,14,11.9,153,1,2022-02-09 13:22:31
1644412955849713000,11.85,5,11.85,9,11.9,148,2,2022-02-09 13:22:35
1644412956607633000,11.9,2,11.85,9,11.9,146,1,2022-02-09 13:22:36
1644412957657451000,11.9,1,11.85,9,11.9,145,1,2022-02-09 13:22:37
1644412957766444000,11.9,1,11.85,9,11.9,144,1,2022-02-09 13:22:37
1644412976735248000,11.9,1,11.85,10,11.9,148,1,2022-02-09 13:22:56
1644412976836056000,11.9,1,11.85,10,11.9,147,1,2022-02-09 13:22:56
1644412994895182000,11.85,7,11.85,3,11.9,153,2,2022-02-09 13:23:14
1644412994956531000,11.85,3,11.8,50,11.9,153,2,2022-02-09 13:23:14
1644412995731267000,11.9,1,11.8,50,11.9,152,1,2022-02-09 13:23:15
1644412995831883000,11.9,1,11.8,50,11.9,151,1,2022-02-09 13:23:15
1644413002357235000,11.85,2,11.85,1,11.9,149,1,2022-02-09 13:23:22
1644413010003450000,11.9,10,11.85,11,11.9,139,1,2022-02-09 13:23:30
1644413014777539000,11.9,1,11.85,12,11.9,138,1,2022-02-09 13:23:34
1644413014889881000,11.9,1,11.85,12,11.9,137,1,2022-02-09 13:23:34
1644413021291298000,11.85,12,11.85,10,11.9,137,2,2022-02-09 13:23:41
1644413033692289000,11.9,1,11.85,5,11.9,146,1,2022-02-09 13:23:53
1644413033900123000,11.9,1,11.85,5,11.9,145,1,2022-02-09 13:23:53
1644413041619168000,11.85,2,11.85,4,11.9,133,2,2022-02-09 13:24:01
1644413044395868000,11.85,1,11.85,3,11.9,133,2,2022-02-09 13:24:04
1644413052688432000,11.9,1,11.85,18,11.9,132,1,2022-02-09 13:24:12
1644413052864533000,11.9,1,11.85,18,11.9,131,1,2022-02-09 13:24:12
1644413056790904000,11.85,2,11.85,17,11.9,131,2,2022-02-09 13:24:16
1644413060552011000,11.85,1,11.85,16,11.9,131,2,2022-02-09 13:24:20
1644413066779052000,11.9,25,11.85,16,11.9,107,1,2022-02-09 13:24:26
1644413071232433000,11.85,24,11.8,54,11.85,26,2,2022-02-09 13:24:31
1644413085045138000,11.85,2,11.8,54,11.85,24,1,2022-02-09 13:24:45
1644413088176478000,11.85,20,11.8,36,11.85,4,1,2022-02-09 13:24:48
1644413090363706000,11.8,1,11.8,35,11.85,4,2,2022-02-09 13:24:50
1644413091793786000,11.8,15,11.8,30,11.85,4,2,2022-02-09 13:24:51
1644413092447479000,11.85,1,11.8,30,11.85,6,1,2022-02-09 13:24:52
1644413094763168000,11.85,1,11.8,31,11.85,5,1,2022-02-09 13:24:54
1644413400000000000,11.65,303,11.65,80,11.7,9,2,2022-02-09 13:30:00
