ts,close,volume,bid_price,bid_volume,ask_price,ask_volume,tick_type,datetime
1644397329562807000,21.05,355,21.05,20,21.1,5,1,2022-02-09 09:02:09
1644397329608751000,21.1,2,21.05,20,21.1,3,1,2022-02-09 09:02:09
1644397329645827000,21.1,3,21.05,20,21.15,1,1,2022-02-09 09:02:09
1644397329696908000,21.15,1,21.05,20,21.2,35,1,2022-02-09 09:02:09
1644397330900536000,21.1,2,21.05,15,21.2,25,2,2022-02-09 09:02:10
1644397330900536000,21.05,5,21.05,15,21.2,25,2,2022-02-09 09:02:10
1644397333032448000,21.15,2,21.1,18,21.2,25,1,2022-02-09 09:02:13
1644397333601957000,21.2,2,21.1,18,21.2,23,1,2022-02-09 09:02:13
1644397334111788000,21.2,1,21.1,18,21.2,22,1,2022-02-09 09:02:14
1644397334678898000,21.2,3,21.1,18,21.2,29,1,2022-02-09 09:02:14
1644397335300758000,21.2,1,21.1,18,21.2,28,1,2022-02-09 09:02:15
1644397337064071000,21.2,15,21.1,18,21.2,13,1,2022-02-09 09:02:17
1644397337084243000,21.2,1,21.1,18,21.2,12,1,2022-02-09 09:02:17
1644397337639367000,21.15,1,21.15,1,21.2,14,2,2022-02-09 09:02:17
1644397337663138000,21.15,1,21.1,18,21.2,14,2,2022-02-09 09:02:17
1644397340215693000,21.1,1,21.1,25,21.2,29,2,2022-02-09 09:02:20
1644397340705194000,21.2,1,21.15,1,21.2,28,1,2022-02-09 09:02:20
1644397340721867000,21.15,1,21.1,25,21.2,28,2,2022-02-09 09:02:20
1644397340927432000,21.2,1,21.1,25,21.2,27,1,2022-02-09 09:02:20
1644397341246274000,21.2,1,21.15,10,21.2,26,1,2022-02-09 09:02:21
1644397341644315000,21.2,2,21.15,10,21.2,24,1,2022-02-09 09:02:21
1644397342121387000,21.2,1,21.15,13,21.2,23,1,2022-02-09 09:02:22
1644397342407475000,21.2,1,21.15,13,21.2,22,1,2022-02-09 09:02:22
1644397342655416000,21.15,5,21.15,8,21.2,22,2,2022-02-09 09:02:22
1644397342909264000,21.2,1,21.15,8,21.2,21,1,2022-02-09 09:02:22
1644397342983068000,21.2,5,21.15,8,21.2,16,1,2022-02-09 09:02:22
1644397343554697000,21.2,1,21.15,8,21.2,15,1,2022-02-09 09:02:23
1644397343611533000,21.2,1,21.15,8,21.2,14,1,2022-02-09 09:02:23
1644397344303804000,21.2,4,21.15,10,21.2,10,1,2022-02-09 09:02:24
1644397344306642000,21.15,1,21.15,9,21.2,10,2,2022-02-09 09:02:24
1644397344928676000,21.2,6,21.15,9,21.2,8,1,2022-02-09 09:02:24
1644397345162830000,21.2,1,21.15,9,21.2,7,1,2022-02-09 09:02:25
1644397345184066000,21.2,7,21.2,3,21.25,11,1,2022-02-09 09:02:25
1644397345240715000,21.2,1,21.2,2,21.25,11,2,2022-02-09 09:02:25
1644397345241978000,21.2,1,21.2,1,21.25,11,2,2022-02-09 09:02:25
1644397345243747000,21.2,1,21.15,9,21.25,11,2,2022-02-09 09:02:25
1644397345252233000,21.15,1,21.15,8,21.25,11,2,2022-02-09 09:02:25
1644397345989477000,21.15,1,21.15,8,21.2,1,2,2022-02-09 09:02:25
1644397347411517000,21.2,1,21.15,8,21.2,2,1,2022-02-09 09:02:27
1644397347950096000,21.2,2,21.15,9,21.25,10,1,2022-02-09 09:02:27
1644397347950096000,21.25,1,21.15,9,21.25,10,1,2022-02-09 09:02:27
1644397348120067000,21.25,10,21.15,9,21.3,21,1,2022-02-09 09:02:28
1644397348120067000,21.3,12,21.15,9,21.3,21,1,2022-02-09 09:02:28
1644397348492846000,21.3,5,21.15,10,21.3,16,1,2022-02-09 09:02:28
1644397349417748000,21.3,1,21.2,10,21.3,15,1,2022-02-09 09:02:29
1644397349603444000,21.2,5,21.2,6,21.3,15,2,2022-02-09 09:02:29
1644397349788382000,21.3,1,21.2,6,21.3,14,1,2022-02-09 09:02:29
1644397351094277000,21.3,2,21.2,14,21.3,12,1,2022-02-09 09:02:31
1644397351714285000,21.3,10,21.25,5,21.3,2,1,2022-02-09 09:02:31
1644397352282086000,21.3,2,21.25,11,21.35,19,1,2022-02-09 09:02:32
1644397352425507000,21.3,1,21.3,4,21.35,19,1,2022-02-09 09:02:32
1644397352549901000,21.3,4,21.25,5,21.35,19,2,2022-02-09 09:02:32
1644397352549901000,21.25,6,21.25,5,21.35,19,2,2022-02-09 09:02:32
1644397352888023000,21.3,1,21.25,5,21.35,17,1,2022-02-09 09:02:32
1644397352888023000,21.35,2,21.25,5,21.35,17,1,2022-02-09 09:02:32
1644397353215232000,21.25,5,21.2,19,21.35,17,2,2022-02-09 09:02:33
1644397353215232000,21.2,5,21.2,19,21.35,17,2,2022-02-09 09:02:33
1644397353287274000,21.3,2,21.2,19,21.35,14,1,2022-02-09 09:02:33
1644397353287274000,21.35,3,21.2,19,21.35,14,1,2022-02-09 09:02:33
1644397353374230000,21.35,5,21.3,1,21.35,9,1,2022-02-09 09:02:33
1644397353525897000,21.3,1,21.2,20,21.3,1,2,2022-02-09 09:02:33
1644397353885584000,21.3,1,21.2,20,21.35,8,1,2022-02-09 09:02:33
1644397353885584000,21.35,1,21.2,20,21.35,8,1,2022-02-09 09:02:33
1644397354043276000,21.35,2,21.3,50,21.35,6,1,2022-02-09 09:02:34
1644397354169218000,21.3,5,21.3,46,21.35,6,2,2022-02-09 09:02:34
1644397354193157000,21.35,1,21.3,46,21.35,5,1,2022-02-09 09:02:34
1644397354705947000,21.3,10,21.3,42,21.35,5,2,2022-02-09 09:02:34
1644397355489812000,21.3,2,21.3,44,21.35,5,2,2022-02-09 09:02:35
1644397355616800000,21.35,5,21.35,5,21.4,27,1,2022-02-09 09:02:35
1644397355660005000,21.35,5,21.3,44,21.4,27,2,2022-02-09 09:02:35
1644397355686017000,21.3,10,21.3,34,21.4,27,2,2022-02-09 09:02:35
1644397355965283000,21.3,2,21.3,33,21.4,27,2,2022-02-09 09:02:35
1644397355992576000,21.4,1,21.3,33,21.4,26,1,2022-02-09 09:02:35
1644397356432401000,21.35,10,21.35,5,21.4,26,2,2022-02-09 09:02:36
1644397356483116000,21.4,1,21.35,5,21.4,25,1,2022-02-09 09:02:36
1644397356663543000,21.35,1,21.35,4,21.4,25,2,2022-02-09 09:02:36
1644397357623380000,21.35,5,21.3,29,21.4,25,2,2022-02-09 09:02:37
1644397357623380000,21.3,5,21.3,29,21.4,25,2,2022-02-09 09:02:37
1644397358496804000,21.3,10,21.3,22,21.4,25,2,2022-02-09 09:02:38
1644397358898259000,21.3,10,21.3,14,21.4,25,2,2022-02-09 09:02:38
1644397358929237000,21.3,14,21.25,1,21.4,25,2,2022-02-09 09:02:38
1644397359139517000,21.35,1,21.25,1,21.4,24,1,2022-02-09 09:02:39
1644397359139517000,21.4,1,21.25,1,21.4,24,1,2022-02-09 09:02:39
1644397359220999000,21.25,5,21.2,22,21.4,24,2,2022-02-09 09:02:39
1644397359586064000,21.25,1,21.2,13,21.35,5,2,2022-02-09 09:02:39
1644397359586064000,21.2,9,21.2,13,21.35,5,2,2022-02-09 09:02:39
1644397359601136000,21.2,1,21.2,12,21.35,5,2,2022-02-09 09:02:39
1644397360453955000,21.25,1,21.2,12,21.3,5,1,2022-02-09 09:02:40
1644397360503992000,21.2,5,21.2,7,21.3,5,2,2022-02-09 09:02:40
1644397360536424000,21.2,2,21.2,5,21.3,5,2,2022-02-09 09:02:40
1644397360983407000,21.2,6,21.15,80,21.25,2,2,2022-02-09 09:02:40
1644397360983407000,21.15,4,21.15,80,21.25,2,2,2022-02-09 09:02:40
1644397361023723000,21.2,2,21.15,80,21.3,5,1,2022-02-09 09:02:41
1644397361023723000,21.25,2,21.15,80,21.3,5,1,2022-02-09 09:02:41
1644397361023723000,21.3,6,21.15,80,21.3,5,1,2022-02-09 09:02:41
1644397361174507000,21.2,1,21.25,1,21.3,5,1,2022-02-09 09:02:41
1644397361193114000,21.3,5,21.25,1,21.35,16,1,2022-02-09 09:02:41
1644397361209157000,21.25,1,21.15,80,21.35,16,2,2022-02-09 09:02:41
1644397361402541000,21.15,5,21.15,75,21.35,16,2,2022-02-09 09:02:41
1644397361447161000,21.35,1,21.15,75,21.35,15,1,2022-02-09 09:02:41
1644397361996735000,21.35,1,21.15,75,21.35,13,1,2022-02-09 09:02:41
1644397362341750000,21.35,1,21.15,75,21.35,12,1,2022-02-09 09:02:42
1644397362619200000,21.35,1,21.15,75,21.35,11,1,2022-02-09 09:02:42
1644397362682055000,21.35,2,21.15,75,21.35,9,1,2022-02-09 09:02:42
1644397363200096000,21.3,1,21.2,1,21.35,4,1,2022-02-09 09:02:43
1644397363200096000,21.35,5,21.2,1,21.35,4,1,2022-02-09 09:02:43
1644397363409363000,21.3,5,21.3,5,21.35,4,2,2022-02-09 09:02:43
1644397363433235000,21.3,5,21.2,1,21.35,4,2,2022-02-09 09:02:43
1644397364504963000,21.25,1,21.2,1,21.35,4,1,2022-02-09 09:02:44
1644397364597085000,21.2,5,21.15,78,21.35,4,2,2022-02-09 09:02:44
1644397365315812000,21.3,1,21.25,1,21.3,6,1,2022-02-09 09:02:45
1644397365409603000,21.25,1,21.2,10,21.3,8,2,2022-02-09 09:02:45
1644397366324626000,21.3,2,21.25,2,21.3,8,1,2022-02-09 09:02:46
1644397367051871000,21.3,2,21.25,2,21.3,7,1,2022-02-09 09:02:47
1644397367432189000,21.25,1,21.25,1,21.3,7,2,2022-02-09 09:02:47
1644397367471825000,21.3,1,21.25,1,21.3,6,1,2022-02-09 09:02:47
1644397367509006000,21.3,6,21.3,24,21.35,5,1,2022-02-09 09:02:47
1644397367839001000,21.35,5,21.35,3,21.4,25,1,2022-02-09 09:02:47
1644397367860568000,21.35,3,21.3,24,21.4,25,2,2022-02-09 09:02:47
1644397368087733000,21.4,1,21.3,24,21.4,24,1,2022-02-09 09:02:48
1644397368146722000,21.4,1,21.3,24,21.4,23,1,2022-02-09 09:02:48
1644397370855768000,21.4,5,21.35,2,21.4,18,1,2022-02-09 09:02:50
1644397370961383000,21.4,1,21.35,2,21.4,17,1,2022-02-09 09:02:50
1644397371537264000,21.4,17,21.35,5,21.5,38,1,2022-02-09 09:02:51
1644397371537264000,21.45,2,21.35,5,21.5,38,1,2022-02-09 09:02:51
1644397371537264000,21.5,1,21.35,5,21.5,38,1,2022-02-09 09:02:51
1644397371714546000,21.5,2,21.4,1,21.5,36,1,2022-02-09 09:02:51
1644397371739087000,21.4,1,21.35,5,21.5,36,2,2022-02-09 09:02:51
1644397371900589000,21.35,5,21.3,24,21.5,36,2,2022-02-09 09:02:51
1644397372100119000,21.3,1,21.3,23,21.5,36,2,2022-02-09 09:02:52
1644397373858215000,21.5,1,21.4,1,21.5,35,1,2022-02-09 09:02:53
1644397374608324000,21.5,1,21.4,1,21.5,36,1,2022-02-09 09:02:54
1644397376687625000,21.4,1,21.4,1,21.45,4,2,2022-02-09 09:02:56
1644397378543064000,21.45,1,21.4,3,21.45,7,1,2022-02-09 09:02:58
1644397379268988000,21.45,2,21.4,3,21.45,5,1,2022-02-09 09:02:59
1644397379444710000,21.45,1,21.4,3,21.45,5,1,2022-02-09 09:02:59
1644397379621334000,21.45,5,21.4,3,21.5,12,1,2022-02-09 09:02:59
1644397379621334000,21.5,10,21.4,3,21.5,12,1,2022-02-09 09:02:59
1644397380034351000,21.4,1,21.4,2,21.5,12,2,2022-02-09 09:03:00
1644397380036981000,21.4,1,21.4,1,21.5,12,2,2022-02-09 09:03:00
1644397380041395000,21.4,1,21.35,4,21.5,12,2,2022-02-09 09:03:00
1644397380042449000,21.35,1,21.35,3,21.5,12,2,2022-02-09 09:03:00
1644397380421643000,21.45,1,21.35,3,21.5,12,1,2022-02-09 09:03:00
1644397381637844000,21.45,1,21.4,10,21.45,12,1,2022-02-09 09:03:01
1644397381775943000,21.45,1,21.4,10,21.45,11,1,2022-02-09 09:03:01
1644397382756485000,21.45,10,21.4,10,21.45,1,1,2022-02-09 09:03:02
1644397382774579000,21.4,1,21.4,9,21.45,1,2,2022-02-09 09:03:02
1644397383379375000,21.4,6,21.4,3,21.45,6,2,2022-02-09 09:03:03
1644397383632864000,21.45,1,21.4,3,21.45,6,1,2022-02-09 09:03:03
1644397384014199000,21.45,8,21.4,3,21.5,10,1,2022-02-09 09:03:04
1644397384014199000,21.5,2,21.4,3,21.5,10,1,2022-02-09 09:03:04
1644397384419260000,21.45,1,21.4,3,21.5,10,2,2022-02-09 09:03:04
1644397384535715000,21.5,3,21.4,3,21.5,7,1,2022-02-09 09:03:04
1644397384802178000,21.5,1,21.4,5,21.5,6,1,2022-02-09 09:03:04
1644397385706589000,21.4,1,21.4,9,21.5,6,2,2022-02-09 09:03:05
1644397385876045000,21.4,1,21.4,8,21.5,6,2,2022-02-09 09:03:05
1644397385912278000,21.4,8,21.35,1,21.5,6,2,2022-02-09 09:03:05
1644397386141796000,21.35,1,21.3,36,21.5,6,2,2022-02-09 09:03:06
1644397386468791000,21.3,1,21.3,35,21.4,2,2,2022-02-09 09:03:06
1644397386906425000,21.4,1,21.3,35,21.4,1,1,2022-02-09 09:03:06
1644397386990179000,21.3,1,21.3,34,21.4,1,2,2022-02-09 09:03:06
1644397387205654000,21.4,1,21.3,34,21.5,4,1,2022-02-09 09:03:07
1644397387205654000,21.5,2,21.3,34,21.5,4,1,2022-02-09 09:03:07
1644397387653006000,21.4,1,21.4,1,21.45,1,2,2022-02-09 09:03:07
1644397389259563000,21.45,1,21.4,21,21.5,3,1,2022-02-09 09:03:09
1644397389259563000,21.5,1,21.4,21,21.5,3,1,2022-02-09 09:03:09
1644397389499750000,21.5,10,21.4,25,21.5,3,1,2022-02-09 09:03:09
1644397390901855000,21.4,25,21.35,2,21.45,5,2,2022-02-09 09:03:10
1644397391663975000,21.4,1,21.35,2,21.4,1,1,2022-02-09 09:03:11
1644397392804775000,21.4,1,21.35,3,21.45,3,1,2022-02-09 09:03:12
1644397392804775000,21.45,4,21.35,3,21.45,3,1,2022-02-09 09:03:12
1644397393107932000,21.35,3,21.35,1,21.45,3,2,2022-02-09 09:03:13
1644397393555889000,21.4,2,21.35,1,21.45,3,2,2022-02-09 09:03:13
1644397394209515000,21.45,3,21.45,2,21.5,10,1,2022-02-09 09:03:14
1644397394246342000,21.45,2,21.35,1,21.5,10,2,2022-02-09 09:03:14
1644397394913132000,21.5,1,21.4,1,21.5,9,1,2022-02-09 09:03:14
1644397395575787000,21.4,1,21.35,7,21.45,1,2,2022-02-09 09:03:15
1644397395826022000,21.45,1,21.4,5,21.5,2,1,2022-02-09 09:03:15
1644397395826022000,21.5,9,21.4,5,21.5,2,1,2022-02-09 09:03:15
1644397397768109000,21.4,1,21.4,25,21.45,1,2,2022-02-09 09:03:17
1644397397801398000,21.4,25,21.35,8,21.45,1,2,2022-02-09 09:03:17
1644397398431754000,21.4,2,21.35,8,21.45,1,1,2022-02-09 09:03:18
1644397400165816000,21.4,4,21.4,14,21.45,4,1,2022-02-09 09:03:20
1644397400217523000,21.4,1,21.4,13,21.45,4,2,2022-02-09 09:03:20
1644397400998416000,21.45,1,21.4,13,21.45,3,1,2022-02-09 09:03:20
1644397402207852000,21.4,5,21.4,10,21.45,6,2,2022-02-09 09:03:22
1644397402246066000,21.4,2,21.4,8,21.45,6,2,2022-02-09 09:03:22
1644397402259228000,21.4,8,21.35,8,21.4,42,2,2022-02-09 09:03:22
1644397402296637000,21.35,3,21.35,5,21.4,42,2,2022-02-09 09:03:22
1644397402296767000,21.4,2,21.35,5,21.4,40,1,2022-02-09 09:03:22
1644397402296919000,21.35,5,21.3,42,21.4,40,2,2022-02-09 09:03:22
1644397402570432000,21.35,1,21.35,9,21.4,45,1,2022-02-09 09:03:22
1644397402591297000,21.35,3,21.35,6,21.4,45,2,2022-02-09 09:03:22
1644397403378474000,21.35,5,21.35,2,21.4,45,2,2022-02-09 09:03:23
1644397403414072000,21.35,2,21.3,42,21.4,45,2,2022-02-09 09:03:23
1644397403787552000,21.35,1,21.3,42,21.35,5,1,2022-02-09 09:03:23
1644397404446758000,21.35,5,21.3,42,21.35,1,1,2022-02-09 09:03:24
1644397407071385000,21.3,15,21.3,28,21.35,6,2,2022-02-09 09:03:27
1644397407100612000,21.3,3,21.3,25,21.35,6,2,2022-02-09 09:03:27
1644397407101025000,21.3,25,21.25,10,21.35,6,2,2022-02-09 09:03:27
1644397407374656000,21.3,1,21.25,10,21.3,3,1,2022-02-09 09:03:27
1644397407579847000,21.25,1,21.25,9,21.3,3,2,2022-02-09 09:03:27
1644397407621875000,21.25,1,21.25,8,21.3,3,2,2022-02-09 09:03:27
1644397408210695000,21.3,4,21.25,8,21.35,5,1,2022-02-09 09:03:28
1644397408210695000,21.35,1,21.25,8,21.35,5,1,2022-02-09 09:03:28
1644397409317353000,21.3,1,21.35,4,21.4,46,1,2022-02-09 09:03:29
1644397409317353000,21.35,5,21.35,4,21.4,46,1,2022-02-09 09:03:29
1644397409356590000,21.35,4,21.25,8,21.4,46,2,2022-02-09 09:03:29
1644397409457197000,21.25,8,21.2,21,21.35,3,2,2022-02-09 09:03:29
1644397409457197000,21.2,32,21.2,21,21.35,3,2,2022-02-09 09:03:29
1644397410576946000,21.2,1,21.2,21,21.3,2,2,2022-02-09 09:03:30
1644397411271921000,21.3,2,21.2,21,21.35,3,1,2022-02-09 09:03:31
1644397411391721000,21.2,1,21.2,20,21.35,3,2,2022-02-09 09:03:31
1644397411664087000,21.3,1,21.2,20,21.35,3,1,2022-02-09 09:03:31
1644397411664087000,21.35,4,21.2,20,21.35,3,1,2022-02-09 09:03:31
1644397412942686000,21.2,1,21.2,19,21.3,4,2,2022-02-09 09:03:32
1644397414228608000,21.2,2,21.2,17,21.25,1,2,2022-02-09 09:03:34
1644397415695135000,21.25,1,21.2,17,21.3,5,1,2022-02-09 09:03:35
1644397416894347000,21.25,1,21.2,48,21.3,5,2,2022-02-09 09:03:36
1644397419021143000,21.2,2,21.2,47,21.3,10,2,2022-02-09 09:03:39
1644397419803829000,21.2,5,21.2,44,21.3,10,2,2022-02-09 09:03:39
1644397422762343000,21.2,1,21.2,43,21.3,11,2,2022-02-09 09:03:42
1644397422903031000,21.25,2,21.2,43,21.3,11,2,2022-02-09 09:03:42
1644397424030304000,21.25,1,21.2,44,21.25,4,2,2022-02-09 09:03:44
1644397425030511000,21.2,2,21.2,42,21.25,4,2,2022-02-09 09:03:45
1644397425663863000,21.2,20,21.2,34,21.25,4,2,2022-02-09 09:03:45
1644397425715692000,21.2,1,21.2,33,21.25,4,2,2022-02-09 09:03:45
1644397425777778000,21.2,1,21.2,32,21.25,4,2,2022-02-09 09:03:45
1644397425827925000,21.2,20,21.2,12,21.25,4,2,2022-02-09 09:03:45
1644397425864589000,21.2,12,21.15,68,21.25,4,2,2022-02-09 09:03:45
1644397426908694000,21.2,1,21.15,68,21.2,2,1,2022-02-09 09:03:46
1644397427604512000,21.2,2,21.2,8,21.25,4,1,2022-02-09 09:03:47
1644397427631983000,21.2,1,21.2,7,21.25,4,2,2022-02-09 09:03:47
1644397428841978000,21.25,3,21.2,10,21.25,1,1,2022-02-09 09:03:48
1644397428945283000,21.2,5,21.2,5,21.25,1,2,2022-02-09 09:03:48
1644397428982585000,21.2,1,21.2,4,21.25,1,2,2022-02-09 09:03:48
1644397429055404000,21.2,2,21.2,2,21.25,1,2,2022-02-09 09:03:49
1644397429323929000,21.25,1,21.25,9,21.3,18,1,2022-02-09 09:03:49
1644397429430199000,21.25,1,21.25,8,21.3,17,2,2022-02-09 09:03:49
1644397430242879000,21.25,1,21.25,7,21.3,17,2,2022-02-09 09:03:50
1644397430262904000,21.25,7,21.2,3,21.3,17,2,2022-02-09 09:03:50
1644397430654493000,21.3,1,21.2,3,21.3,16,1,2022-02-09 09:03:50
1644397430699291000,21.2,1,21.2,2,21.3,16,2,2022-02-09 09:03:50
1644397431129250000,21.25,1,21.2,2,21.3,16,2,2022-02-09 09:03:51
1644397431564448000,21.2,1,21.2,2,21.3,16,2,2022-02-09 09:03:51
1644397432356105000,21.2,2,21.15,40,21.25,5,2,2022-02-09 09:03:52
1644397432776637000,21.25,2,21.15,40,21.25,5,1,2022-02-09 09:03:52
1644397434832171000,21.2,1,21.15,40,21.2,1,1,2022-02-09 09:03:54
1644397434868446000,21.2,1,21.15,40,21.25,5,1,2022-02-09 09:03:54
1644397437209566000,21.2,1,21.2,7,21.25,10,2,2022-02-09 09:03:57
1644397438260621000,21.2,1,21.2,6,21.25,11,2,2022-02-09 09:03:58
1644397439658211000,21.2,5,21.2,3,21.25,12,2,2022-02-09 09:03:59
1644397440966777000,21.2,1,21.2,2,21.25,12,2,2022-02-09 09:04:00
1644397441186323000,21.2,3,21.15,41,21.2,2,2,2022-02-09 09:04:01
1644397442514968000,21.15,7,21.15,34,21.2,2,2,2022-02-09 09:04:02
1644397442711956000,21.15,7,21.15,27,21.2,2,2,2022-02-09 09:04:02
1644397442783402000,21.15,1,21.15,26,21.2,2,2,2022-02-09 09:04:02
1644397442785490000,21.15,1,21.15,25,21.2,2,2,2022-02-09 09:04:02
1644397443447175000,21.15,1,21.15,24,21.2,2,2,2022-02-09 09:04:03
1644397444206415000,21.15,1,21.15,23,21.2,2,2,2022-02-09 09:04:04
1644397444323024000,21.15,1,21.15,22,21.2,2,2,2022-02-09 09:04:04
1644397444365450000,21.15,1,21.15,21,21.2,2,2,2022-02-09 09:04:04
1644397446393812000,21.2,2,21.15,21,21.25,12,1,2022-02-09 09:04:06
1644397446672918000,21.15,9,21.15,12,21.25,11,2,2022-02-09 09:04:06
1644397446952429000,21.15,1,21.15,11,21.25,13,2,2022-02-09 09:04:06
1644397449039335000,21.2,1,21.2,9,21.25,13,1,2022-02-09 09:04:09
1644397449323194000,21.2,5,21.2,4,21.25,13,2,2022-02-09 09:04:09
1644397450965769000,21.2,2,21.2,3,21.25,13,2,2022-02-09 09:04:10
1644397452582712000,21.2,1,21.2,3,21.25,13,2,2022-02-09 09:04:12
1644397454308646000,21.2,3,21.15,15,21.25,13,2,2022-02-09 09:04:14
1644397454831832000,21.15,1,21.15,14,21.25,13,2,2022-02-09 09:04:14
1644397457376074000,21.2,2,21.15,14,21.25,13,2,2022-02-09 09:04:17
1644397459320163000,21.2,2,21.2,8,21.25,11,2,2022-02-09 09:04:19
1644397459569529000,21.2,1,21.2,7,21.25,11,2,2022-02-09 09:04:19
1644397460476260000,21.2,7,21.15,14,21.25,11,2,2022-02-09 09:04:20
1644397461420040000,21.15,1,21.15,14,21.2,1,2,2022-02-09 09:04:21
1644397463542157000,21.15,14,21.15,5,21.2,1,2,2022-02-09 09:04:23
1644397463600141000,21.15,1,21.15,4,21.2,1,2,2022-02-09 09:04:23
1644397464870949000,21.15,2,21.15,2,21.2,1,2,2022-02-09 09:04:24
1644397464902940000,21.15,2,21.1,32,21.2,1,2,2022-02-09 09:04:24
1644397465259901000,21.15,2,21.1,32,21.2,1,1,2022-02-09 09:04:25
1644397465420957000,21.1,2,21.1,30,21.2,1,2,2022-02-09 09:04:25
1644397465694136000,21.15,1,21.1,30,21.15,1,2,2022-02-09 09:04:25
1644397466610444000,21.1,28,21.1,2,21.15,1,2,2022-02-09 09:04:26
1644397466634558000,21.1,2,21.05,29,21.15,1,2,2022-02-09 09:04:26
1644397469923420000,21.05,1,21.05,28,21.1,6,2,2022-02-09 09:04:29
1644397470057035000,21.05,28,21.0,39,21.1,6,2,2022-02-09 09:04:30
1644397470057035000,21.0,30,21.0,39,21.1,6,2,2022-02-09 09:04:30
1644397470256097000,21.0,5,21.0,34,21.05,3,2,2022-02-09 09:04:30
1644397471270086000,21.0,34,20.9,3,21.05,4,2,2022-02-09 09:04:31
1644397471270086000,20.95,11,20.9,3,21.05,4,2,2022-02-09 09:04:31
1644397471270086000,20.9,2,20.9,3,21.05,4,2,2022-02-09 09:04:31
1644397471444650000,20.9,3,20.85,2,20.95,1,2,2022-02-09 09:04:31
1644397471444650000,20.85,2,20.85,2,20.95,1,2,2022-02-09 09:04:31
1644397471507338000,20.9,1,20.85,2,20.95,1,1,2022-02-09 09:04:31
1644397471527821000,20.95,1,20.85,2,21.0,8,1,2022-02-09 09:04:31
1644397471563402000,20.9,1,20.85,2,21.0,8,1,2022-02-09 09:04:31
1644397472415779000,21.0,2,20.85,2,21.0,6,1,2022-02-09 09:04:32
1644397472902794000,21.0,1,20.85,2,21.0,5,1,2022-02-09 09:04:32
1644397473966635000,20.9,1,20.85,2,20.95,1,1,2022-02-09 09:04:33
1644397476353433000,20.9,2,20.85,2,20.95,1,2,2022-02-09 09:04:36
1644397476777443000,20.95,1,20.85,2,21.0,2,1,2022-02-09 09:04:36
1644397476777443000,21.0,3,20.85,2,21.0,2,1,2022-02-09 09:04:36
1644397476878508000,20.95,1,20.85,2,21.05,2,1,2022-02-09 09:04:36
1644397476878508000,21.0,2,20.85,2,21.05,2,1,2022-02-09 09:04:36
1644397476878508000,21.05,2,20.85,2,21.05,2,1,2022-02-09 09:04:36
1644397477409512000,20.9,2,20.9,1,21.05,2,2,2022-02-09 09:04:37
1644397477439547000,20.9,1,20.85,2,21.05,2,2,2022-02-09 09:04:37
1644397477715722000,21.0,3,21.0,3,21.05,2,1,2022-02-09 09:04:37
1644397477752021000,21.0,1,21.0,2,21.05,2,2,2022-02-09 09:04:37
1644397482491463000,21.05,2,21.0,2,21.2,10,1,2022-02-09 09:04:42
1644397482491463000,21.1,6,21.0,2,21.2,10,1,2022-02-09 09:04:42
1644397482491463000,21.15,2,21.0,2,21.2,10,1,2022-02-09 09:04:42
1644397482529545000,21.05,3,21.0,2,21.2,10,2,2022-02-09 09:04:42
1644397482662260000,21.0,2,20.95,10,21.15,3,2,2022-02-09 09:04:42
1644397485495666000,21.15,3,21.15,7,21.2,10,1,2022-02-09 09:04:45
1644397485501897000,21.15,3,21.15,4,21.2,10,2,2022-02-09 09:04:45
1644397485531015000,21.15,4,21.05,3,21.2,10,2,2022-02-09 09:04:45
1644397485836930000,21.05,1,21.05,2,21.2,10,2,2022-02-09 09:04:45
1644397489661584000,21.1,1,21.1,1,21.2,20,1,2022-02-09 09:04:49
1644397492194450000,21.15,2,21.1,1,21.2,16,1,2022-02-09 09:04:52
1644397492194450000,21.2,3,21.1,1,21.2,16,1,2022-02-09 09:04:52
1644397493309244000,21.1,1,21.05,5,21.2,16,2,2022-02-09 09:04:53
1644397499296399000,21.1,1,21.05,6,21.2,16,1,2022-02-09 09:04:59
1644397509373576000,21.1,2,21.1,2,21.15,8,2,2022-02-09 09:05:09
1644397509739034000,21.1,2,21.0,26,21.05,4,2,2022-02-09 09:05:09
1644397509739034000,21.05,8,21.0,26,21.05,4,2,2022-02-09 09:05:09
1644397511099631000,21.05,1,21.0,26,21.05,75,1,2022-02-09 09:05:11
1644397511407802000,21.0,3,21.0,23,21.05,75,2,2022-02-09 09:05:11
1644397515578852000,21.0,5,21.0,18,21.05,75,2,2022-02-09 09:05:15
1644397515732075000,21.0,5,21.0,13,21.05,75,2,2022-02-09 09:05:15
1644397515760989000,21.0,1,21.0,12,21.05,75,2,2022-02-09 09:05:15
1644397518884379000,21.0,3,21.0,15,21.05,75,2,2022-02-09 09:05:18
1644397520577169000,21.05,2,21.0,15,21.05,73,1,2022-02-09 09:05:20
1644397521308936000,21.0,1,21.0,15,21.05,73,2,2022-02-09 09:05:21
1644397521499860000,21.0,1,21.0,14,21.05,73,2,2022-02-09 09:05:21
1644397521571629000,21.0,1,21.0,13,21.05,73,2,2022-02-09 09:05:21
1644397522669211000,21.0,1,21.0,12,21.05,73,2,2022-02-09 09:05:22
1644397525201455000,21.05,1,21.0,16,21.05,72,1,2022-02-09 09:05:25
1644397526014394000,21.0,1,21.0,15,21.05,72,2,2022-02-09 09:05:26
1644397526392432000,21.0,1,21.0,14,21.05,72,2,2022-02-09 09:05:26
1644397526651822000,21.0,3,21.0,11,21.05,72,2,2022-02-09 09:05:26
1644397526976652000,21.0,3,21.0,8,21.05,72,2,2022-02-09 09:05:26
1644397527355861000,21.0,3,21.0,5,21.05,72,2,2022-02-09 09:05:27
1644397529412051000,21.0,1,21.0,4,21.05,72,2,2022-02-09 09:05:29
1644397529677850000,21.0,4,20.95,1,21.05,72,2,2022-02-09 09:05:29
1644397530436577000,21.0,1,20.95,1,21.05,118,1,2022-02-09 09:05:30
1644397531270651000,21.0,1,20.95,2,21.05,118,2,2022-02-09 09:05:31
1644397537941396000,21.0,1,20.95,2,21.05,118,2,2022-02-09 09:05:37
1644397539576686000,21.0,1,20.95,1,21.05,118,2,2022-02-09 09:05:39
1644397543309362000,21.0,1,21.0,1,21.05,118,2,2022-02-09 09:05:43
1644397543625661000,21.0,1,20.95,4,21.0,9,2,2022-02-09 09:05:43
1644397546991377000,21.0,1,20.95,5,21.0,10,1,2022-02-09 09:05:46
1644397547705357000,21.0,2,20.95,5,21.0,9,1,2022-02-09 09:05:47
1644397552584199000,21.0,1,20.95,5,21.0,11,1,2022-02-09 09:05:52
1644397553324046000,21.0,1,20.95,5,21.0,10,1,2022-02-09 09:05:53
1644397553825246000,21.0,10,20.95,5,21.05,118,1,2022-02-09 09:05:53
1644397555758589000,20.95,5,20.9,22,20.95,5,2,2022-02-09 09:05:55
1644397555794456000,20.9,1,20.9,21,20.95,5,2,2022-02-09 09:05:55
1644397558078062000,20.9,1,20.9,20,20.95,5,2,2022-02-09 09:05:58
1644397561918679000,20.9,1,20.9,20,20.95,5,2,2022-02-09 09:06:01
1644397562290562000,20.9,14,20.9,6,20.95,5,2,2022-02-09 09:06:02
1644397562312930000,20.9,6,20.9,1,20.95,5,2,2022-02-09 09:06:02
1644397562316927000,20.9,1,20.85,14,20.95,5,2,2022-02-09 09:06:02
1644397562370395000,20.85,14,20.8,85,20.9,3,2,2022-02-09 09:06:02
1644397564415887000,20.8,1,20.8,84,20.85,15,2,2022-02-09 09:06:04
1644397569383491000,20.8,1,20.8,79,20.85,15,2,2022-02-09 09:06:09
1644397570182402000,20.85,3,20.8,79,20.85,12,1,2022-02-09 09:06:10
1644397570386522000,20.8,1,20.8,78,20.85,12,2,2022-02-09 09:06:10
1644397570414933000,20.85,1,20.8,78,20.85,11,1,2022-02-09 09:06:10
1644397570979936000,20.85,8,20.8,78,20.85,3,1,2022-02-09 09:06:10
1644397572133385000,20.85,2,20.8,78,20.85,1,1,2022-02-09 09:06:12
1644397572673605000,20.8,5,20.8,70,20.85,1,2,2022-02-09 09:06:12
1644397573193952000,20.85,1,20.8,69,20.9,4,1,2022-02-09 09:06:13
1644397573915333000,20.8,16,20.8,53,20.9,4,2,2022-02-09 09:06:13
1644397575381006000,20.85,1,20.8,58,20.85,1,1,2022-02-09 09:06:15
1644397577428200000,20.85,1,20.8,58,20.85,2,1,2022-02-09 09:06:17
1644397577761940000,20.85,1,20.8,58,20.85,1,1,2022-02-09 09:06:17
1644397577856117000,20.85,1,20.8,58,20.9,3,1,2022-02-09 09:06:17
1644397577856117000,20.9,1,20.8,58,20.9,3,1,2022-02-09 09:06:17
1644397577973841000,20.8,10,20.8,48,20.9,3,2,2022-02-09 09:06:17
1644397578125589000,20.85,1,20.8,48,20.9,3,1,2022-02-09 09:06:18
1644397578266169000,20.8,1,20.8,47,20.9,3,2,2022-02-09 09:06:18
1644397582031648000,20.8,3,20.8,45,20.85,1,2,2022-02-09 09:06:22
1644397583852706000,20.8,2,20.8,43,20.85,1,2,2022-02-09 09:06:23
1644397586711858000,20.8,1,20.8,42,20.85,6,2,2022-02-09 09:06:26
1644397589231100000,20.8,1,20.8,42,20.85,6,2,2022-02-09 09:06:29
1644397589268213000,20.8,1,20.8,41,20.85,6,2,2022-02-09 09:06:29
1644397589324403000,20.8,1,20.8,40,20.85,6,2,2022-02-09 09:06:29
1644397593277614000,20.85,2,20.8,42,20.85,4,1,2022-02-09 09:06:33
1644397593744789000,20.85,4,20.9,4,20.95,10,1,2022-02-09 09:06:33
1644397593744789000,20.9,2,20.9,4,20.95,10,1,2022-02-09 09:06:33
1644397594354892000,20.9,1,20.9,3,20.95,10,2,2022-02-09 09:06:34
1644397594386169000,20.9,1,20.9,2,20.95,10,2,2022-02-09 09:06:34
1644397594881006000,20.9,1,20.9,1,20.95,10,2,2022-02-09 09:06:34
1644397594921025000,20.9,1,20.8,42,20.95,10,2,2022-02-09 09:06:34
1644397603103947000,20.9,1,20.85,8,20.9,3,1,2022-02-09 09:06:43
1644397603782723000,20.9,1,20.85,10,20.9,2,1,2022-02-09 09:06:43
1644397603866523000,20.9,1,20.85,10,20.9,1,1,2022-02-09 09:06:43
1644397606314911000,20.9,1,20.85,10,20.9,27,1,2022-02-09 09:06:46
1644397608981219000,20.85,1,20.85,10,20.9,31,2,2022-02-09 09:06:48
1644397610289848000,20.85,1,20.85,10,20.9,31,2,2022-02-09 09:06:50
1644397623377823000,20.85,1,20.85,18,20.9,31,2,2022-02-09 09:07:03
1644397627910661000,20.9,1,20.85,30,20.9,30,1,2022-02-09 09:07:07
1644397630161496000,20.9,1,20.85,30,20.9,29,1,2022-02-09 09:07:10
1644397630808097000,20.85,24,20.85,6,20.9,5,2,2022-02-09 09:07:10
1644397630849658000,20.85,1,20.85,5,20.9,5,2,2022-02-09 09:07:10
1644397630850888000,20.85,1,20.85,4,20.9,5,2,2022-02-09 09:07:10
1644397641807256000,20.9,2,20.85,5,20.9,4,1,2022-02-09 09:07:21
1644397651185954000,20.85,1,20.85,5,20.9,9,2,2022-02-09 09:07:31
1644397651205455000,20.85,1,20.85,4,20.9,9,2,2022-02-09 09:07:31
1644397651269667000,20.9,1,20.85,4,20.9,3,1,2022-02-09 09:07:31
1644397651285994000,20.85,4,20.8,65,20.9,3,2,2022-02-09 09:07:31
1644397656446499000,20.85,1,20.8,64,20.9,31,2,2022-02-09 09:07:36
1644397657084828000,20.85,1,20.85,1,20.9,31,2,2022-02-09 09:07:37
1644397657114848000,20.85,1,20.8,64,20.9,31,2,2022-02-09 09:07:37
1644397661975683000,20.85,1,20.8,67,20.9,31,2,2022-02-09 09:07:41
1644397664692682000,20.85,1,20.8,67,20.9,29,1,2022-02-09 09:07:44
1644397666023825000,20.8,1,20.8,66,20.85,3,2,2022-02-09 09:07:46
1644397667110510000,20.8,1,20.8,65,20.85,3,2,2022-02-09 09:07:47
1644397667188665000,20.8,3,20.8,62,20.9,29,2,2022-02-09 09:07:47
1644397667282009000,20.85,1,20.8,62,20.85,2,1,2022-02-09 09:07:47
1644397669765100000,20.85,1,20.8,62,20.85,4,1,2022-02-09 09:07:49
1644397670044073000,20.85,1,20.8,62,20.85,4,1,2022-02-09 09:07:50
1644397690157863000,20.85,1,20.8,62,20.85,4,1,2022-02-09 09:08:10
1644397694090979000,20.85,3,20.8,61,20.85,2,1,2022-02-09 09:08:14
1644397694922278000,20.85,2,20.85,3,20.9,28,1,2022-02-09 09:08:14
1644397698981579000,20.85,3,20.8,61,20.85,13,2,2022-02-09 09:08:18
1644397699036946000,20.8,3,20.8,58,20.85,13,2,2022-02-09 09:08:19
1644397699076120000,20.8,1,20.8,57,20.85,18,2,2022-02-09 09:08:19
1644397699126708000,20.8,18,20.8,39,20.85,18,2,2022-02-09 09:08:19
1644397699153015000,20.8,39,20.75,49,20.85,18,2,2022-02-09 09:08:19
1644397699269253000,20.75,5,20.75,44,20.8,9,2,2022-02-09 09:08:19
1644397699313125000,20.75,3,20.75,41,20.8,9,2,2022-02-09 09:08:19
1644397699315983000,20.75,1,20.75,40,20.8,9,2,2022-02-09 09:08:19
1644397699317202000,20.75,1,20.75,39,20.8,9,2,2022-02-09 09:08:19
1644397699322727000,20.75,5,20.75,34,20.8,9,2,2022-02-09 09:08:19
1644397699400590000,20.75,5,20.75,30,20.8,9,2,2022-02-09 09:08:19
1644397699465395000,20.75,1,20.75,29,20.8,9,2,2022-02-09 09:08:19
1644397699474446000,20.75,5,20.75,24,20.8,9,2,2022-02-09 09:08:19
1644397699508352000,20.75,24,20.7,23,20.8,9,2,2022-02-09 09:08:19
1644397699568732000,20.75,1,20.7,23,20.75,2,1,2022-02-09 09:08:19
1644397699990789000,20.7,5,20.7,18,20.75,3,2,2022-02-09 09:08:19
1644397700037357000,20.7,8,20.7,10,20.75,3,2,2022-02-09 09:08:20
1644397700046164000,20.7,5,20.7,5,20.75,3,2,2022-02-09 09:08:20
1644397700083919000,20.7,1,20.7,4,20.75,8,2,2022-02-09 09:08:20
1644397700104728000,20.7,1,20.7,3,20.75,8,2,2022-02-09 09:08:20
1644397700107141000,20.7,1,20.7,2,20.75,8,2,2022-02-09 09:08:20
1644397700116040000,20.7,2,20.65,5,20.75,8,2,2022-02-09 09:08:20
1644397700151945000,20.65,2,20.65,3,20.75,8,2,2022-02-09 09:08:20
1644397700212776000,20.65,2,20.65,1,20.75,8,2,2022-02-09 09:08:20
1644397700244335000,20.65,1,20.6,27,20.75,8,2,2022-02-09 09:08:20
1644397700818537000,20.6,5,20.6,22,20.65,3,2,2022-02-09 09:08:20
1644397700846969000,20.65,3,20.6,22,20.75,8,1,2022-02-09 09:08:20
1644397701997832000,20.6,1,20.6,21,20.7,1,2,2022-02-09 09:08:21
1644397702044564000,20.6,5,20.6,16,20.7,1,2,2022-02-09 09:08:22
1644397703468842000,20.6,5,20.6,11,20.7,1,2,2022-02-09 09:08:23
1644397703847448000,20.6,11,20.55,10,20.6,4,2,2022-02-09 09:08:23
1644397703893733000,20.55,1,20.55,9,20.6,4,2,2022-02-09 09:08:23
1644397703922478000,20.55,1,20.55,8,20.6,4,2,2022-02-09 09:08:23
1644397703922759000,20.55,1,20.55,7,20.6,4,2,2022-02-09 09:08:23
1644397704721560000,20.6,2,20.55,7,20.6,2,1,2022-02-09 09:08:24
1644397704816434000,20.6,2,20.55,12,20.7,4,1,2022-02-09 09:08:24
1644397710307639000,20.55,1,20.55,13,20.7,5,2,2022-02-09 09:08:30
1644397711821939000,20.6,1,20.5,57,20.7,8,2,2022-02-09 09:08:31
1644397711821939000,20.55,13,20.5,57,20.7,8,2,2022-02-09 09:08:31
1644397711821939000,20.5,6,20.5,57,20.7,8,2,2022-02-09 09:08:31
1644397713868633000,20.6,1,20.5,61,20.65,2,2,2022-02-09 09:08:33
1644397713868633000,20.5,1,20.5,61,20.65,2,2,2022-02-09 09:08:33
1644397715157651000,20.5,1,20.5,60,20.65,2,2,2022-02-09 09:08:35
1644397717766644000,20.65,2,20.5,66,20.7,8,1,2022-02-09 09:08:37
1644397719667401000,20.55,1,20.55,4,20.7,8,2,2022-02-09 09:08:39
1644397721797618000,20.55,1,20.55,7,20.7,8,2,2022-02-09 09:08:41
1644397724142862000,20.65,1,20.55,16,20.7,8,1,2022-02-09 09:08:44
1644397726245507000,20.55,1,20.55,15,20.65,1,2,2022-02-09 09:08:46
1644397726575803000,20.55,3,20.55,12,20.65,1,2,2022-02-09 09:08:46
1644397728059899000,20.55,1,20.55,16,20.65,1,2,2022-02-09 09:08:48
1644397728088644000,20.65,1,20.55,16,20.7,8,1,2022-02-09 09:08:48
1644397729688240000,20.65,1,20.55,17,20.7,8,2,2022-02-09 09:08:49
1644397731027196000,20.55,3,20.55,14,20.65,1,2,2022-02-09 09:08:51
1644397732208526000,20.6,1,20.6,5,20.65,3,2,2022-02-09 09:08:52
1644397732261544000,20.55,1,20.55,13,20.65,3,2,2022-02-09 09:08:52
1644397736799609000,20.55,1,20.55,12,20.65,5,2,2022-02-09 09:08:56
1644397738659960000,20.6,1,20.6,1,20.65,4,2,2022-02-09 09:08:58
1644397742481192000,20.65,1,20.6,2,20.65,11,1,2022-02-09 09:09:02
1644397744172793000,20.6,2,20.5,68,20.65,11,2,2022-02-09 09:09:04
1644397744172793000,20.55,13,20.5,68,20.65,11,2,2022-02-09 09:09:04
1644397744243067000,20.6,1,20.5,63,20.6,1,1,2022-02-09 09:09:04
1644397744478716000,20.6,1,20.5,63,20.6,2,1,2022-02-09 09:09:04
1644397745098428000,20.6,1,20.5,63,20.6,1,1,2022-02-09 09:09:05
1644397748468722000,20.5,3,20.5,60,20.6,4,2,2022-02-09 09:09:08
1644397748545592000,20.55,1,20.5,60,20.6,4,1,2022-02-09 09:09:08
1644397753240415000,20.6,2,20.55,4,20.6,2,1,2022-02-09 09:09:13
1644397753617907000,20.6,1,20.55,7,20.6,1,1,2022-02-09 09:09:13
1644397756836934000,20.55,1,20.55,8,20.6,8,2,2022-02-09 09:09:16
1644397757686280000,20.6,5,20.55,13,20.6,3,1,2022-02-09 09:09:17
1644397757715627000,20.6,3,20.55,13,20.65,11,1,2022-02-09 09:09:17
1644397758359004000,20.6,2,20.55,14,20.65,11,2,2022-02-09 09:09:18
1644397758513098000,20.6,5,20.55,14,20.6,18,1,2022-02-09 09:09:18
1644397758540039000,20.6,16,20.55,14,20.6,2,1,2022-02-09 09:09:18
1644397758594136000,20.6,2,20.55,14,20.65,11,1,2022-02-09 09:09:18
1644397765733440000,20.6,1,20.6,7,20.65,11,2,2022-02-09 09:09:25
1644397765737599000,20.65,1,20.6,7,20.65,10,1,2022-02-09 09:09:25
1644397766215305000,20.6,2,20.6,5,20.65,10,2,2022-02-09 09:09:26
1644397767170187000,20.6,5,20.55,17,20.6,13,2,2022-02-09 09:09:27
1644397769710678000,20.6,1,20.55,14,20.6,13,1,2022-02-09 09:09:29
1644397772535746000,20.6,15,20.55,14,20.65,11,1,2022-02-09 09:09:32
1644397775919878000,20.55,3,20.55,16,20.65,11,2,2022-02-09 09:09:35
1644397778861336000,20.6,6,20.55,3,20.65,11,2,2022-02-09 09:09:38
1644397778861336000,20.55,13,20.55,3,20.65,11,2,2022-02-09 09:09:38
1644397779064751000,20.55,3,20.5,48,20.65,11,2,2022-02-09 09:09:39
1644397779064751000,20.5,12,20.5,48,20.65,11,2,2022-02-09 09:09:39
1644397781646692000,20.55,8,20.5,36,20.6,3,2,2022-02-09 09:09:41
1644397781646692000,20.5,12,20.5,36,20.6,3,2,2022-02-09 09:09:41
1644397784163004000,20.55,1,20.55,1,20.6,2,2,2022-02-09 09:09:44
1644397784192496000,20.55,1,20.5,36,20.6,2,2,2022-02-09 09:09:44
1644397784722448000,20.5,3,20.5,33,20.6,2,2,2022-02-09 09:09:44
1644397789990682000,20.55,3,20.6,5,20.65,9,1,2022-02-09 09:09:49
1644397789990682000,20.6,2,20.6,5,20.65,9,1,2022-02-09 09:09:49
1644397790028986000,20.6,1,20.6,4,20.65,9,2,2022-02-09 09:09:50
1644397790068145000,20.6,1,20.6,3,20.65,9,2,2022-02-09 09:09:50
1644397790912324000,20.6,3,20.5,37,20.65,9,2,2022-02-09 09:09:50
1644397795331011000,20.55,1,20.55,10,20.6,1,2,2022-02-09 09:09:55
1644397795890546000,20.6,1,20.55,11,20.65,9,1,2022-02-09 09:09:55
1644397797536467000,20.6,8,20.55,20,20.65,1,1,2022-02-09 09:09:57
1644397799823100000,20.6,4,20.6,6,20.65,1,2,2022-02-09 09:09:59
1644397800837048000,20.6,3,20.6,3,20.65,1,2,2022-02-09 09:10:00
1644397802603372000,20.6,1,20.6,7,20.65,1,2,2022-02-09 09:10:02
1644397803102973000,20.65,1,20.6,7,20.7,4,1,2022-02-09 09:10:03
1644397808561422000,20.65,2,20.6,22,20.7,4,2,2022-02-09 09:10:08
1644397820293604000,20.7,1,20.65,7,20.7,3,1,2022-02-09 09:10:20
1644397822630235000,20.7,1,20.65,17,20.7,3,1,2022-02-09 09:10:22
1644397825521687000,20.65,5,20.65,13,20.7,4,2,2022-02-09 09:10:25
1644397825566201000,20.65,13,20.6,3,20.7,4,2,2022-02-09 09:10:25
1644397826198313000,20.7,2,20.65,2,20.7,2,1,2022-02-09 09:10:26
1644397826701006000,20.7,1,20.65,2,20.7,1,1,2022-02-09 09:10:26
1644397826745988000,20.65,1,20.65,1,20.7,1,2,2022-02-09 09:10:26
1644397835745205000,20.65,1,20.6,12,20.65,1,2,2022-02-09 09:10:35
1644397837802306000,20.65,1,20.6,15,20.75,4,1,2022-02-09 09:10:37
1644397837802306000,20.7,1,20.6,15,20.75,4,1,2022-02-09 09:10:37
1644397837802306000,20.75,8,20.6,15,20.75,4,1,2022-02-09 09:10:37
1644397849458668000,20.65,1,20.65,2,20.75,4,2,2022-02-09 09:10:49
1644397851357970000,20.65,1,20.65,1,20.75,9,2,2022-02-09 09:10:51
1644397865732573000,20.7,1,20.65,19,20.75,10,2,2022-02-09 09:11:05
1644397866159182000,20.65,19,20.6,25,20.65,5,2,2022-02-09 09:11:06
1644397866166173000,20.6,16,20.6,9,20.65,5,2,2022-02-09 09:11:06
1644397866168855000,20.6,9,20.55,14,20.6,7,2,2022-02-09 09:11:06
1644397866243845000,20.55,5,20.55,9,20.6,7,2,2022-02-09 09:11:06
1644397867132569000,20.6,2,20.55,9,20.6,5,1,2022-02-09 09:11:07
1644397867982808000,20.6,1,20.55,9,20.6,4,1,2022-02-09 09:11:07
1644397868742134000,20.6,4,20.55,9,20.65,28,1,2022-02-09 09:11:08
1644397868742134000,20.65,1,20.55,9,20.65,28,1,2022-02-09 09:11:08
1644397869426300000,20.6,1,20.55,9,20.6,3,1,2022-02-09 09:11:09
1644397872001355000,20.6,1,20.55,9,20.6,2,1,2022-02-09 09:11:12
1644397872896148000,20.55,3,20.55,8,20.6,4,2,2022-02-09 09:11:12
1644397874908071000,20.6,3,20.55,8,20.6,3,1,2022-02-09 09:11:14
1644397883277476000,20.6,4,20.6,6,20.65,29,1,2022-02-09 09:11:23
1644397884738734000,20.6,2,20.6,4,20.65,29,2,2022-02-09 09:11:24
1644397884779455000,20.6,1,20.6,3,20.65,29,2,2022-02-09 09:11:24
1644397885326812000,20.65,3,20.6,3,20.65,26,1,2022-02-09 09:11:25
1644397889538144000,20.6,5,20.55,16,20.65,26,2,2022-02-09 09:11:29
1644397893053403000,20.6,1,20.55,23,20.65,29,1,2022-02-09 09:11:33
1644397906822571000,20.6,1,20.6,10,20.65,29,2,2022-02-09 09:11:46
1644397906873338000,20.6,1,20.6,9,20.65,29,2,2022-02-09 09:11:46
1644397908109814000,20.6,7,20.55,26,20.6,3,2,2022-02-09 09:11:48
1644397908150366000,20.55,1,20.55,25,20.6,3,2,2022-02-09 09:11:48
1644397909856369000,20.55,1,20.55,24,20.6,3,2,2022-02-09 09:11:49
1644397910192547000,20.6,1,20.55,24,20.6,2,1,2022-02-09 09:11:50
1644397912139268000,20.6,1,20.55,24,20.6,3,1,2022-02-09 09:11:52
1644397912197287000,20.55,1,20.55,23,20.6,3,2,2022-02-09 09:11:52
1644397921157671000,20.55,1,20.55,23,20.6,3,2,2022-02-09 09:12:01
1644397923965070000,20.6,3,20.6,7,20.65,29,1,2022-02-09 09:12:03
1644397925605353000,20.6,2,20.6,5,20.65,29,2,2022-02-09 09:12:05
1644397935363454000,20.65,1,20.6,12,20.65,28,1,2022-02-09 09:12:15
1644397937421089000,20.6,1,20.6,11,20.65,28,2,2022-02-09 09:12:17
1644397938930033000,20.6,1,20.6,10,20.65,28,2,2022-02-09 09:12:18
1644397957862825000,20.6,1,20.6,11,20.65,28,2,2022-02-09 09:12:37
1644397966079481000,20.6,5,20.6,6,20.65,28,2,2022-02-09 09:12:46
1644397966130545000,20.6,1,20.6,5,20.65,28,2,2022-02-09 09:12:46
1644397975044725000,20.6,3,20.6,3,20.65,28,2,2022-02-09 09:12:55
1644397978184514000,20.65,1,20.6,3,20.65,27,1,2022-02-09 09:12:58
1644397989621628000,20.65,20,20.6,5,20.65,8,1,2022-02-09 09:13:09
1644397989653315000,20.65,8,20.6,5,20.7,5,1,2022-02-09 09:13:09
1644397991744042000,20.7,5,20.6,5,20.75,7,1,2022-02-09 09:13:11
1644397995014638000,20.65,1,20.65,3,20.75,7,1,2022-02-09 09:13:15
1644397998429176000,20.7,1,20.65,6,20.75,7,1,2022-02-09 09:13:18
1644398006079054000,20.7,1,20.65,7,20.75,10,1,2022-02-09 09:13:26
1644398006155161000,20.65,7,20.6,15,20.75,7,2,2022-02-09 09:13:26
1644398006155161000,20.6,3,20.6,15,20.75,7,2,2022-02-09 09:13:26
1644398034456138000,20.65,3,20.6,9,20.75,10,2,2022-02-09 09:13:54
1644398042154331000,20.65,10,20.6,10,20.7,2,2,2022-02-09 09:14:02
1644398046111857000,20.65,1,20.6,10,20.7,9,2,2022-02-09 09:14:06
1644398050796459000,20.6,4,20.6,6,20.65,5,2,2022-02-09 09:14:10
1644398050824189000,20.6,6,20.55,40,20.65,10,2,2022-02-09 09:14:10
1644398052133208000,20.55,40,20.5,92,20.55,8,2,2022-02-09 09:14:12
1644398052170125000,20.5,1,20.5,91,20.55,8,2,2022-02-09 09:14:12
1644398052187770000,20.5,5,20.5,86,20.55,8,2,2022-02-09 09:14:12
1644398052194559000,20.5,1,20.5,85,20.55,13,2,2022-02-09 09:14:12
1644398052298182000,20.5,5,20.5,80,20.55,13,2,2022-02-09 09:14:12
1644398053483326000,20.5,1,20.5,79,20.55,13,2,2022-02-09 09:14:13
1644398053547416000,20.5,5,20.5,74,20.55,13,2,2022-02-09 09:14:13
1644398054022891000,20.55,1,20.5,74,20.55,12,1,2022-02-09 09:14:14
1644398065145388000,20.5,70,20.5,4,20.55,13,2,2022-02-09 09:14:25
1644398065176916000,20.5,4,20.45,17,20.55,13,2,2022-02-09 09:14:25
1644398065234172000,20.45,4,20.45,13,20.5,6,2,2022-02-09 09:14:25
1644398065343467000,20.45,13,20.4,15,20.5,11,2,2022-02-09 09:14:25
1644398065343467000,20.4,5,20.4,15,20.5,11,2,2022-02-09 09:14:25
1644398065401398000,20.4,2,20.4,13,20.5,11,2,2022-02-09 09:14:25
1644398065592916000,20.4,10,20.4,3,20.45,5,2,2022-02-09 09:14:25
1644398065618885000,20.4,3,20.35,5,20.45,5,2,2022-02-09 09:14:25
1644398070102045000,20.35,5,20.3,5,20.4,1,2,2022-02-09 09:14:30
1644398070102045000,20.3,10,20.3,5,20.4,1,2,2022-02-09 09:14:30
1644398070189007000,20.35,1,20.3,10,20.4,1,1,2022-02-09 09:14:30
1644398071034473000,20.4,1,20.3,10,20.5,6,1,2022-02-09 09:14:31
1644398076018923000,20.4,2,20.4,48,20.5,6,2,2022-02-09 09:14:36
1644398076101920000,20.45,1,20.4,48,20.5,6,1,2022-02-09 09:14:36
1644398077632455000,20.45,1,20.4,48,20.5,6,1,2022-02-09 09:14:37
1644398077656312000,20.5,6,20.4,48,20.55,13,1,2022-02-09 09:14:37
1644398083059354000,20.5,2,20.45,9,20.55,13,1,2022-02-09 09:14:43
1644398084907973000,20.45,1,20.45,8,20.55,13,2,2022-02-09 09:14:44
1644398085466860000,20.45,1,20.45,2,20.5,1,2,2022-02-09 09:14:45
1644398085507545000,20.5,1,20.45,2,20.55,13,1,2022-02-09 09:14:45
1644398087151352000,20.5,2,20.45,7,20.55,13,1,2022-02-09 09:14:47
1644398095803048000,20.55,13,20.5,13,20.6,20,1,2022-02-09 09:14:55
1644398106737900000,20.55,5,20.55,2,20.6,20,2,2022-02-09 09:15:06
1644398107141480000,20.5,14,20.45,9,20.5,10,2,2022-02-09 09:15:07
1644398107189026000,20.5,1,20.45,9,20.5,9,1,2022-02-09 09:15:07
1644398107831465000,20.5,1,20.45,3,20.5,8,1,2022-02-09 09:15:07
1644398108507853000,20.5,2,20.45,3,20.5,6,1,2022-02-09 09:15:08
1644398108539448000,20.5,6,20.45,3,20.55,28,1,2022-02-09 09:15:08
1644398109248501000,20.55,1,20.45,3,20.55,27,1,2022-02-09 09:15:09
1644398116140707000,20.55,4,20.45,7,20.55,27,1,2022-02-09 09:15:16
1644398120619251000,20.45,1,20.45,8,20.55,27,2,2022-02-09 09:15:20
1644398132443790000,20.45,1,20.45,11,20.5,16,2,2022-02-09 09:15:32
1644398133499344000,20.5,2,20.45,11,20.5,14,1,2022-02-09 09:15:33
1644398133905966000,20.45,1,20.45,10,20.5,14,2,2022-02-09 09:15:33
1644398134244338000,20.5,1,20.45,10,20.5,13,1,2022-02-09 09:15:34
1644398139900681000,20.45,1,20.45,8,20.5,14,2,2022-02-09 09:15:39
1644398141450305000,20.5,1,20.45,8,20.5,13,1,2022-02-09 09:15:41
1644398147042176000,20.45,6,20.45,4,20.5,14,2,2022-02-09 09:15:47
1644398147994268000,20.5,1,20.45,4,20.5,13,1,2022-02-09 09:15:47
1644398148750369000,20.5,1,20.45,4,20.5,12,1,2022-02-09 09:15:48
1644398150124910000,20.5,1,20.45,9,20.5,11,1,2022-02-09 09:15:50
1644398150163396000,20.5,11,20.45,9,20.55,35,1,2022-02-09 09:15:50
1644398150864979000,20.55,1,20.45,9,20.55,34,1,2022-02-09 09:15:50
1644398174887619000,20.55,5,20.5,8,20.55,27,1,2022-02-09 09:16:14
1644398184700620000,20.55,10,20.5,21,20.55,17,1,2022-02-09 09:16:24
1644398185453117000,20.55,2,20.5,21,20.55,15,1,2022-02-09 09:16:25
1644398188207731000,20.55,2,20.5,23,20.55,13,1,2022-02-09 09:16:28
1644398188946432000,20.55,2,20.5,23,20.55,11,1,2022-02-09 09:16:28
1644398190567570000,20.55,1,20.5,26,20.55,10,1,2022-02-09 09:16:30
1644398196187507000,20.5,1,20.5,25,20.55,10,2,2022-02-09 09:16:36
1644398202652915000,20.5,1,20.5,23,20.55,10,2,2022-02-09 09:16:42
1644398222989096000,20.5,5,20.5,18,20.55,18,2,2022-02-09 09:17:02
1644398223734330000,20.55,1,20.5,18,20.55,13,1,2022-02-09 09:17:03
1644398224615511000,20.5,5,20.5,11,20.55,13,2,2022-02-09 09:17:04
1644398224669263000,20.5,4,20.5,7,20.55,13,2,2022-02-09 09:17:04
1644398226270141000,20.5,5,20.5,3,20.55,13,2,2022-02-09 09:17:06
1644398226324328000,20.5,3,20.45,18,20.55,13,2,2022-02-09 09:17:06
1644398242364203000,20.45,5,20.45,13,20.5,7,2,2022-02-09 09:17:22
1644398246267967000,20.45,3,20.45,10,20.5,7,2,2022-02-09 09:17:26
1644398253514164000,20.45,2,20.45,11,20.5,7,2,2022-02-09 09:17:33
1644398254270117000,20.5,1,20.45,11,20.5,6,1,2022-02-09 09:17:34
1644398254345084000,20.45,6,20.45,4,20.5,6,2,2022-02-09 09:17:34
1644398261733780000,20.45,4,20.4,60,20.5,8,2,2022-02-09 09:17:41
1644398261733780000,20.4,2,20.4,60,20.5,8,2,2022-02-09 09:17:41
1644398266123735000,20.4,1,20.4,63,20.5,8,2,2022-02-09 09:17:46
1644398266387885000,20.4,1,20.4,62,20.5,7,2,2022-02-09 09:17:46
1644398267291147000,20.45,1,20.4,62,20.5,7,1,2022-02-09 09:17:47
1644398278588347000,20.4,1,20.4,62,20.5,9,2,2022-02-09 09:17:58
1644398303243817000,20.45,1,20.4,59,20.5,11,1,2022-02-09 09:18:23
1644398317494496000,20.45,1,20.45,2,20.5,13,2,2022-02-09 09:18:37
1644398318276909000,20.5,1,20.45,2,20.5,10,1,2022-02-09 09:18:38
1644398322071888000,20.5,10,20.45,5,20.55,13,1,2022-02-09 09:18:42
1644398322817500000,20.55,1,20.45,9,20.55,12,1,2022-02-09 09:18:42
1644398330414234000,20.5,1,20.45,17,20.55,12,1,2022-02-09 09:18:50
1644398330906904000,20.55,1,20.45,17,20.55,11,1,2022-02-09 09:18:50
1644398336412408000,20.55,1,20.5,6,20.55,10,1,2022-02-09 09:18:56
1644398336450050000,20.55,10,20.5,6,20.6,12,1,2022-02-09 09:18:56
1644398337198862000,20.55,1,20.5,2,20.55,4,1,2022-02-09 09:18:57
1644398337279951000,20.55,4,20.5,7,20.6,12,1,2022-02-09 09:18:57
1644398337956430000,20.6,1,20.5,7,20.6,11,1,2022-02-09 09:18:57
1644398351687709000,20.55,1,20.5,5,20.55,1,1,2022-02-09 09:19:11
1644398352449443000,20.5,5,20.45,14,20.55,1,2,2022-02-09 09:19:12
1644398352449443000,20.45,15,20.45,14,20.55,1,2,2022-02-09 09:19:12
1644398366060019000,20.45,1,20.45,15,20.55,4,2,2022-02-09 09:19:26
1644398366206866000,20.45,4,20.45,11,20.55,4,2,2022-02-09 09:19:26
1644398408537493000,20.45,1,20.45,14,20.5,2,2,2022-02-09 09:20:08
1644398414969577000,20.5,2,20.45,14,20.55,8,1,2022-02-09 09:20:14
1644398415758340000,20.55,1,20.45,14,20.55,7,1,2022-02-09 09:20:15
1644398421858568000,20.5,1,20.45,13,20.55,12,2,2022-02-09 09:20:21
1644398424030950000,20.45,2,20.45,11,20.55,12,2,2022-02-09 09:20:24
1644398429078777000,20.45,10,20.45,2,20.55,12,2,2022-02-09 09:20:29
1644398429117597000,20.45,2,20.4,77,20.55,12,2,2022-02-09 09:20:29
1644398433268878000,20.4,1,20.4,76,20.55,15,2,2022-02-09 09:20:33
1644398448370004000,20.45,2,20.4,77,20.55,15,1,2022-02-09 09:20:48
1644398470894182000,20.5,3,20.45,9,20.55,5,1,2022-02-09 09:21:10
1644398470894182000,20.55,7,20.45,9,20.55,5,1,2022-02-09 09:21:10
1644398471651365000,20.55,2,20.45,14,20.55,3,1,2022-02-09 09:21:11
1644398482843251000,20.55,1,20.5,5,20.55,2,1,2022-02-09 09:21:22
1644398489398765000,20.55,2,20.5,12,20.6,19,1,2022-02-09 09:21:29
1644398502378634000,20.55,1,20.5,13,20.6,21,1,2022-02-09 09:21:42
1644398509372476000,20.55,2,20.5,9,20.6,21,2,2022-02-09 09:21:49
1644398514491995000,20.55,2,20.5,9,20.6,21,2,2022-02-09 09:21:54
1644398519740741000,20.55,1,20.5,11,20.55,4,1,2022-02-09 09:21:59
1644398520074983000,20.55,1,20.5,11,20.55,3,1,2022-02-09 09:22:00
1644398521042897000,20.55,1,20.5,10,20.55,2,1,2022-02-09 09:22:01
1644398528387684000,20.55,1,20.5,12,20.55,1,1,2022-02-09 09:22:08
1644398531232077000,20.55,1,20.5,13,20.6,21,1,2022-02-09 09:22:11
1644398546389007000,20.5,1,20.5,12,20.55,6,2,2022-02-09 09:22:26
1644398554785445000,20.55,1,20.5,12,20.55,5,1,2022-02-09 09:22:34
1644398556952126000,20.55,1,20.5,12,20.55,4,1,2022-02-09 09:22:36
1644398573523977000,20.55,2,20.5,13,20.55,2,1,2022-02-09 09:22:53
1644398578504294000,20.55,1,20.5,13,20.55,1,1,2022-02-09 09:22:58
1644398579320620000,20.55,1,20.5,13,20.6,21,1,2022-02-09 09:22:59
1644398581096905000,20.55,1,20.5,13,20.55,2,1,2022-02-09 09:23:01
1644398630371366000,20.5,5,20.5,5,20.55,11,2,2022-02-09 09:23:50
1644398630398267000,20.5,5,20.45,10,20.55,11,2,2022-02-09 09:23:50
1644398647547413000,20.45,1,20.45,5,20.55,21,2,2022-02-09 09:24:07
1644398648349481000,20.45,5,20.4,78,20.45,5,2,2022-02-09 09:24:08
1644398650290676000,20.45,1,20.4,78,20.45,4,1,2022-02-09 09:24:10
1644398652103681000,20.45,1,20.4,78,20.45,3,1,2022-02-09 09:24:12
1644398652866195000,20.45,1,20.4,78,20.45,2,1,2022-02-09 09:24:12
1644398655306373000,20.45,1,20.4,80,20.45,1,1,2022-02-09 09:24:15
1644398662239891000,20.4,1,20.4,79,20.45,1,2,2022-02-09 09:24:22
1644398669139062000,20.45,1,20.4,79,20.5,1,1,2022-02-09 09:24:29
1644398705337235000,20.4,1,20.4,84,20.45,5,2,2022-02-09 09:25:05
1644398705703070000,20.4,14,20.4,70,20.45,5,2,2022-02-09 09:25:05
1644398706099465000,20.45,2,20.4,70,20.45,3,1,2022-02-09 09:25:06
1644398713152598000,20.45,3,20.4,74,20.5,1,1,2022-02-09 09:25:13
1644398723532553000,20.45,1,20.4,74,20.45,4,1,2022-02-09 09:25:23
1644398745099894000,20.45,1,20.4,75,20.45,6,1,2022-02-09 09:25:45
1644398751741022000,20.45,5,20.4,75,20.45,1,1,2022-02-09 09:25:51
1644398752496250000,20.45,1,20.4,75,20.5,2,1,2022-02-09 09:25:52
1644398755494834000,20.45,1,20.4,75,20.45,4,2,2022-02-09 09:25:55
1644398763973172000,20.45,1,20.4,75,20.45,5,1,2022-02-09 09:26:03
1644398764026166000,20.45,5,20.4,75,20.5,2,1,2022-02-09 09:26:04
1644398786822867000,20.45,1,20.4,74,20.5,2,2,2022-02-09 09:26:26
1644398787576763000,20.5,1,20.4,74,20.5,1,1,2022-02-09 09:26:27
1644398794578450000,20.5,1,20.45,1,20.55,8,1,2022-02-09 09:26:34
1644398797306840000,20.5,9,20.4,76,20.55,8,2,2022-02-09 09:26:37
1644398797306840000,20.45,1,20.4,76,20.55,8,2,2022-02-09 09:26:37
1644398798081295000,20.55,1,20.4,76,20.55,7,1,2022-02-09 09:26:38
1644398807522687000,20.55,2,20.4,77,20.55,5,1,2022-02-09 09:26:47
1644398810072451000,20.55,1,20.4,77,20.55,4,1,2022-02-09 09:26:50
1644398814496034000,20.55,1,20.45,4,20.55,3,1,2022-02-09 09:26:54
1644398825149391000,20.55,3,20.45,9,20.6,19,1,2022-02-09 09:27:05
1644398825892464000,20.6,1,20.45,9,20.6,18,1,2022-02-09 09:27:05
1644398834667437000,20.6,10,20.45,8,20.6,20,1,2022-02-09 09:27:14
1644398835040168000,20.6,1,20.45,8,20.6,19,1,2022-02-09 09:27:15
1644398835291900000,20.6,1,20.45,8,20.6,18,1,2022-02-09 09:27:15
1644398849144444000,20.55,1,20.45,10,20.55,5,1,2022-02-09 09:27:29
1644398896070823000,20.5,2,20.45,10,20.55,6,2,2022-02-09 09:28:16
1644398897088392000,20.55,1,20.45,10,20.55,5,1,2022-02-09 09:28:17
1644398912595712000,20.55,3,20.45,11,20.55,2,1,2022-02-09 09:28:32
1644398913355237000,20.55,1,20.45,11,20.55,1,1,2022-02-09 09:28:33
1644398932860114000,20.55,2,20.5,5,20.55,4,1,2022-02-09 09:28:52
1644398934660687000,20.5,5,20.45,7,20.55,4,2,2022-02-09 09:28:54
1644398935560120000,20.55,4,20.55,32,20.6,18,1,2022-02-09 09:28:55
1644398938815922000,20.6,5,20.55,32,20.6,13,1,2022-02-09 09:28:58
1644398943872396000,20.6,13,20.6,19,20.65,3,1,2022-02-09 09:29:03
1644398948649777000,20.6,2,20.6,17,20.65,3,2,2022-02-09 09:29:08
1644398949576069000,20.6,1,20.6,16,20.65,3,2,2022-02-09 09:29:09
1644398956766692000,20.6,10,20.6,6,20.65,9,2,2022-02-09 09:29:16
1644398956799517000,20.6,6,20.5,1,20.65,9,2,2022-02-09 09:29:16
1644398967553568000,20.6,2,20.5,5,20.65,26,1,2022-02-09 09:29:27
1644398967553568000,20.65,1,20.5,5,20.65,26,1,2022-02-09 09:29:27
1644398970306851000,20.6,1,20.5,7,20.6,9,1,2022-02-09 09:29:30
1644398972381672000,20.55,1,20.5,7,20.55,9,2,2022-02-09 09:29:32
1644398973255096000,20.55,1,20.5,7,20.55,8,1,2022-02-09 09:29:33
1644398980687804000,20.55,1,20.5,4,20.55,7,1,2022-02-09 09:29:40
1644398990898728000,20.5,5,20.5,10,20.55,7,2,2022-02-09 09:29:50
1644398998014508000,20.55,2,20.5,10,20.55,5,1,2022-02-09 09:29:58
1644399003484200000,20.55,5,20.55,2,20.6,14,1,2022-02-09 09:30:03
1644399003876999000,20.55,2,20.45,10,20.5,5,2,2022-02-09 09:30:03
1644399003876999000,20.5,10,20.45,10,20.5,5,2,2022-02-09 09:30:03
1644399031003564000,20.5,2,20.45,14,20.5,9,1,2022-02-09 09:30:31
1644399035650864000,20.45,10,20.45,4,20.5,9,2,2022-02-09 09:30:35
1644399036161150000,20.5,5,20.45,4,20.5,4,1,2022-02-09 09:30:36
1644399057291411000,20.45,1,20.45,8,20.5,4,2,2022-02-09 09:30:57
1644399076059743000,20.45,8,20.4,64,20.5,4,2,2022-02-09 09:31:16
1644399076059743000,20.4,11,20.4,64,20.5,4,2,2022-02-09 09:31:16
1644399100128671000,20.4,2,20.4,62,20.5,4,2,2022-02-09 09:31:40
1644399112153998000,20.45,1,20.45,9,20.5,4,1,2022-02-09 09:31:52
1644399143754045000,20.45,1,20.45,9,20.5,4,2,2022-02-09 09:32:23
1644399150440304000,20.45,2,20.45,8,20.5,4,2,2022-02-09 09:32:30
1644399151950747000,20.5,3,20.45,8,20.5,1,1,2022-02-09 09:32:31
1644399156735165000,20.45,1,20.45,6,20.5,1,2,2022-02-09 09:32:36
1644399173437316000,20.45,2,20.45,4,20.5,6,2,2022-02-09 09:32:53
1644399173475003000,20.45,4,20.4,63,20.5,6,2,2022-02-09 09:32:53
1644399177374790000,20.4,10,20.4,53,20.5,6,2,2022-02-09 09:32:57
1644399177410108000,20.4,3,20.4,50,20.5,6,2,2022-02-09 09:32:57
1644399191163292000,20.45,2,20.4,50,20.45,8,1,2022-02-09 09:33:11
1644399204259262000,20.4,20,20.4,30,20.45,8,2,2022-02-09 09:33:24
1644399209960416000,20.4,6,20.4,24,20.45,8,2,2022-02-09 09:33:29
1644399214347195000,20.4,2,20.4,22,20.45,8,2,2022-02-09 09:33:34
1644399215976311000,20.4,18,20.4,4,20.45,8,2,2022-02-09 09:33:35
1644399216009480000,20.4,4,20.35,24,20.45,8,2,2022-02-09 09:33:36
1644399216930759000,20.4,1,20.35,24,20.4,19,1,2022-02-09 09:33:36
1644399234249013000,20.4,1,20.35,24,20.4,20,1,2022-02-09 09:33:54
1644399252702744000,20.4,1,20.35,27,20.4,21,1,2022-02-09 09:34:12
1644399268067115000,20.4,5,20.35,27,20.4,16,1,2022-02-09 09:34:28
1644399268123260000,20.4,15,20.35,27,20.4,1,1,2022-02-09 09:34:28
1644399268160657000,20.4,1,20.35,27,20.45,8,1,2022-02-09 09:34:28
1644399268165450000,20.35,1,20.35,26,20.45,8,2,2022-02-09 09:34:28
1644399268231349000,20.4,1,20.4,1,20.45,8,2,2022-02-09 09:34:28
1644399268370766000,20.35,3,20.35,21,20.45,8,2,2022-02-09 09:34:28
1644399268861699000,20.35,1,20.35,20,20.45,8,2,2022-02-09 09:34:28
1644399268887929000,20.35,1,20.35,19,20.45,8,2,2022-02-09 09:34:28
1644399287566416000,20.35,1,20.35,18,20.4,11,2,2022-02-09 09:34:47
1644399288538456000,20.35,1,20.35,17,20.4,11,2,2022-02-09 09:34:48
1644399291290374000,20.4,1,20.35,17,20.4,10,1,2022-02-09 09:34:51
1644399291841928000,20.35,1,20.35,16,20.4,10,2,2022-02-09 09:34:51
1644399294654951000,20.35,2,20.35,14,20.4,10,2,2022-02-09 09:34:54
1644399300389384000,20.35,1,20.35,16,20.4,10,2,2022-02-09 09:35:00
1644399300389558000,20.35,1,20.35,15,20.4,10,2,2022-02-09 09:35:00
1644399300831705000,20.35,1,20.35,14,20.4,10,2,2022-02-09 09:35:00
1644399301222758000,20.35,1,20.35,13,20.4,10,2,2022-02-09 09:35:01
1644399301801981000,20.35,1,20.35,12,20.4,10,2,2022-02-09 09:35:01
1644399302412110000,20.35,3,20.35,9,20.4,10,2,2022-02-09 09:35:02
1644399303133206000,20.35,1,20.35,9,20.4,10,2,2022-02-09 09:35:03
1644399303353479000,20.35,3,20.35,6,20.4,10,2,2022-02-09 09:35:03
1644399303406444000,20.35,1,20.35,5,20.4,10,2,2022-02-09 09:35:03
1644399314956755000,20.35,1,20.35,10,20.4,11,2,2022-02-09 09:35:14
1644399320430793000,20.35,1,20.35,14,20.4,11,2,2022-02-09 09:35:20
1644399322663854000,20.35,1,20.35,13,20.4,11,2,2022-02-09 09:35:22
1644399324044001000,20.35,10,20.35,4,20.4,11,2,2022-02-09 09:35:24
1644399328777260000,20.35,1,20.35,3,20.4,11,2,2022-02-09 09:35:28
1644399330872403000,20.35,1,20.35,2,20.4,11,2,2022-02-09 09:35:30
1644399331896634000,20.35,1,20.35,1,20.4,11,2,2022-02-09 09:35:31
1644399334239809000,20.35,1,20.3,75,20.4,11,2,2022-02-09 09:35:34
1644399341274560000,20.35,1,20.3,77,20.4,12,2,2022-02-09 09:35:41
1644399365072103000,20.35,1,20.35,8,20.4,13,2,2022-02-09 09:36:05
1644399367924971000,20.35,5,20.35,11,20.4,14,2,2022-02-09 09:36:07
1644399372512659000,20.35,1,20.35,10,20.4,14,2,2022-02-09 09:36:12
1644399386225396000,20.35,1,20.35,12,20.4,13,2,2022-02-09 09:36:26
1644399389796041000,20.35,1,20.35,11,20.4,13,2,2022-02-09 09:36:29
1644399391896232000,20.35,1,20.35,10,20.4,13,2,2022-02-09 09:36:31
1644399391915142000,20.35,10,20.3,79,20.4,13,2,2022-02-09 09:36:31
1644399414123970000,20.35,2,20.35,11,20.4,13,2,2022-02-09 09:36:54
1644399414578263000,20.35,11,20.3,80,20.4,13,2,2022-02-09 09:36:54
1644399414578263000,20.3,1,20.3,80,20.4,13,2,2022-02-09 09:36:54
1644399414674829000,20.3,1,20.3,79,20.4,13,2,2022-02-09 09:36:54
1644399418358395000,20.35,3,20.3,81,20.4,13,1,2022-02-09 09:36:58
1644399423468412000,20.3,15,20.3,67,20.35,15,2,2022-02-09 09:37:03
1644399434422924000,20.3,1,20.3,66,20.35,15,2,2022-02-09 09:37:14
1644399436710088000,20.3,1,20.3,65,20.35,15,2,2022-02-09 09:37:16
1644399441678930000,20.3,22,20.3,43,20.35,18,2,2022-02-09 09:37:21
1644399441714151000,20.3,2,20.3,41,20.35,18,2,2022-02-09 09:37:21
1644399450367520000,20.3,3,20.3,40,20.35,19,2,2022-02-09 09:37:30
1644399453063662000,20.3,1,20.3,39,20.35,19,2,2022-02-09 09:37:33
1644399453941195000,20.3,3,20.3,36,20.35,19,2,2022-02-09 09:37:33
1644399455636245000,20.3,3,20.3,33,20.35,19,2,2022-02-09 09:37:35
1644399463472347000,20.3,3,20.3,31,20.35,19,2,2022-02-09 09:37:43
1644399465679865000,20.3,5,20.3,26,20.35,19,2,2022-02-09 09:37:45
1644399469753875000,20.35,10,20.3,27,20.35,9,1,2022-02-09 09:37:49
1644399469785414000,20.35,9,20.3,27,20.4,12,1,2022-02-09 09:37:49
1644399478061761000,20.35,2,20.3,26,20.4,13,2,2022-02-09 09:37:58
1644399499820568000,20.4,1,20.35,5,20.4,11,1,2022-02-09 09:38:19
1644399501404750000,20.35,1,20.35,4,20.4,11,2,2022-02-09 09:38:21
1644399525284063000,20.35,5,20.35,10,20.4,7,2,2022-02-09 09:38:45
1644399549541826000,20.4,7,20.35,19,20.5,3,1,2022-02-09 09:39:09
1644399558856726000,20.45,1,20.35,19,20.5,7,1,2022-02-09 09:39:18
1644399563925468000,20.5,2,20.4,1,20.5,5,1,2022-02-09 09:39:23
1644399581525693000,20.5,3,20.4,2,20.5,2,1,2022-02-09 09:39:41
1644399582410299000,20.5,2,20.5,1,20.55,10,1,2022-02-09 09:39:42
1644399582447397000,20.5,1,20.4,2,20.55,10,2,2022-02-09 09:39:42
1644399584489509000,20.5,1,20.4,4,20.55,10,2,2022-02-09 09:39:44
1644399592353108000,20.45,1,20.45,2,20.5,11,2,2022-02-09 09:39:52
1644399601691610000,20.45,5,20.4,3,20.5,13,2,2022-02-09 09:40:01
1644399610252607000,20.45,1,20.45,29,20.5,10,1,2022-02-09 09:40:10
1644399611629829000,20.5,2,20.45,29,20.5,8,1,2022-02-09 09:40:11
1644399623249985000,20.5,1,20.45,29,20.5,7,1,2022-02-09 09:40:23
1644399632071825000,20.5,2,20.45,29,20.5,5,1,2022-02-09 09:40:32
1644399642339401000,20.5,2,20.45,29,20.5,5,1,2022-02-09 09:40:42
1644399646541248000,20.5,1,20.45,29,20.5,4,1,2022-02-09 09:40:46
1644399649454030000,20.5,1,20.45,29,20.5,3,1,2022-02-09 09:40:49
1644399656770611000,20.5,1,20.45,29,20.5,2,1,2022-02-09 09:40:56
1644399659348774000,20.5,1,20.45,31,20.5,6,1,2022-02-09 09:40:59
1644399665480485000,20.5,6,20.5,24,20.55,11,1,2022-02-09 09:41:05
1644399697320054000,20.55,1,20.5,30,20.55,10,1,2022-02-09 09:41:37
1644399704827846000,20.55,3,20.5,30,20.55,7,1,2022-02-09 09:41:44
1644399705798863000,20.55,1,20.5,30,20.55,6,1,2022-02-09 09:41:45
1644399708276424000,20.55,1,20.5,30,20.55,5,1,2022-02-09 09:41:48
1644399709171121000,20.5,5,20.5,25,20.55,5,2,2022-02-09 09:41:49
1644399709596240000,20.55,3,20.5,25,20.55,2,1,2022-02-09 09:41:49
1644399713344844000,20.55,1,20.5,25,20.55,1,1,2022-02-09 09:41:53
1644399713629718000,20.55,1,20.55,1,20.6,10,1,2022-02-09 09:41:53
1644399714881194000,20.55,1,20.5,25,20.55,6,2,2022-02-09 09:41:54
1644399714950967000,20.5,5,20.5,20,20.55,6,2,2022-02-09 09:41:54
1644399721367889000,20.5,1,20.5,19,20.55,11,2,2022-02-09 09:42:01
1644399721400820000,20.5,1,20.5,18,20.55,11,2,2022-02-09 09:42:01
1644399726150976000,20.55,2,20.5,20,20.55,12,1,2022-02-09 09:42:06
1644399742757140000,20.5,2,20.5,24,20.55,12,2,2022-02-09 09:42:22
1644399744094373000,20.55,1,20.5,24,20.55,11,1,2022-02-09 09:42:24
1644399749200866000,20.55,4,20.5,24,20.55,7,1,2022-02-09 09:42:29
1644399751740428000,20.55,1,20.5,24,20.55,6,1,2022-02-09 09:42:31
1644399753682453000,20.55,5,20.5,24,20.55,1,1,2022-02-09 09:42:33
1644399756132756000,20.55,1,20.5,24,20.6,9,1,2022-02-09 09:42:36
1644399786957567000,20.6,1,20.55,5,20.6,9,1,2022-02-09 09:43:06
1644399794745419000,20.55,5,20.5,27,20.6,10,2,2022-02-09 09:43:14
1644399804598204000,20.55,2,20.5,20,20.6,9,2,2022-02-09 09:43:24
1644399824598731000,20.55,1,20.55,1,20.6,9,2,2022-02-09 09:43:44
1644399853365671000,20.55,1,20.55,2,20.6,9,2,2022-02-09 09:44:13
1644399856826283000,20.6,6,20.55,2,20.6,3,1,2022-02-09 09:44:16
1644399864707313000,20.6,3,20.55,2,20.6,1,1,2022-02-09 09:44:24
1644399874020942000,20.6,1,20.6,4,20.65,11,1,2022-02-09 09:44:34
1644399874052778000,20.6,4,20.55,2,20.65,11,2,2022-02-09 09:44:34
1644399877908294000,20.6,1,20.55,2,20.65,11,2,2022-02-09 09:44:37
1644399877928919000,20.55,1,20.55,1,20.65,11,2,2022-02-09 09:44:37
1644399880537345000,20.55,1,20.5,15,20.55,1,2,2022-02-09 09:44:40
1644399886788634000,20.55,1,20.5,16,20.65,9,1,2022-02-09 09:44:46
1644399941522636000,20.55,1,20.55,1,20.65,9,2,2022-02-09 09:45:41
1644399953084698000,20.55,2,20.5,27,20.6,2,2,2022-02-09 09:45:53
1644399995465955000,20.55,2,20.5,27,20.6,10,2,2022-02-09 09:46:35
1644399995487799000,20.5,1,20.5,26,20.6,10,2,2022-02-09 09:46:35
1644400000855950000,20.5,3,20.5,23,20.6,10,2,2022-02-09 09:46:40
1644400030969680000,20.5,1,20.5,22,20.6,11,2,2022-02-09 09:47:10
1644400048867550000,20.55,2,20.5,22,20.6,10,2,2022-02-09 09:47:28
1644400071085780000,20.55,1,20.55,3,20.6,8,2,2022-02-09 09:47:51
1644400168801350000,20.55,5,20.55,5,20.6,17,2,2022-02-09 09:49:28
1644400206469448000,20.55,8,20.55,2,20.6,17,2,2022-02-09 09:50:06
1644400214557193000,20.55,1,20.5,24,20.6,17,2,2022-02-09 09:50:14
1644400227908963000,20.55,2,20.5,24,20.6,17,1,2022-02-09 09:50:27
1644400245208205000,20.6,1,20.5,24,20.6,16,1,2022-02-09 09:50:45
1644400304772056000,20.55,1,20.5,24,20.55,6,1,2022-02-09 09:51:44
1644400310721553000,20.55,1,20.5,24,20.55,5,1,2022-02-09 09:51:50
1644400319584553000,20.55,1,20.5,24,20.55,7,1,2022-02-09 09:51:59
1644400346961385000,20.55,2,20.5,24,20.55,5,1,2022-02-09 09:52:26
1644400356803523000,20.5,1,20.5,23,20.55,5,2,2022-02-09 09:52:36
1644400365802896000,20.5,1,20.5,22,20.55,5,2,2022-02-09 09:52:45
1644400379085968000,20.55,2,20.5,22,20.55,3,1,2022-02-09 09:52:59
1644400409154025000,20.5,3,20.5,18,20.55,4,2,2022-02-09 09:53:29
1644400425972724000,20.5,1,20.5,17,20.55,4,2,2022-02-09 09:53:45
1644400454940773000,20.5,1,20.5,16,20.55,7,2,2022-02-09 09:54:14
1644400522758255000,20.5,5,20.5,23,20.55,8,2,2022-02-09 09:55:22
1644400530232139000,20.5,7,20.5,15,20.55,8,2,2022-02-09 09:55:30
1644400547284929000,20.55,1,20.5,15,20.55,7,1,2022-02-09 09:55:47
1644400554204277000,20.55,1,20.5,18,20.55,6,1,2022-02-09 09:55:54
1644400563335587000,20.55,1,20.5,18,20.55,5,1,2022-02-09 09:56:03
1644400563394448000,20.55,5,20.5,18,20.6,19,1,2022-02-09 09:56:03
1644400646924410000,20.55,1,20.55,11,20.6,19,2,2022-02-09 09:57:26
1644400731395401000,20.6,2,20.55,11,20.6,17,1,2022-02-09 09:58:51
1644400736458764000,20.6,3,20.55,11,20.6,14,1,2022-02-09 09:58:56
1644400766607239000,20.6,4,20.55,11,20.6,10,1,2022-02-09 09:59:26
1644400779882414000,20.6,4,20.55,11,20.6,6,1,2022-02-09 09:59:39
1644400783942842000,20.6,6,20.6,4,20.65,11,1,2022-02-09 09:59:43
1644400798184067000,20.65,1,20.6,10,20.65,10,1,2022-02-09 09:59:58
1644400798376655000,20.65,6,20.6,10,20.65,4,1,2022-02-09 09:59:58
1644400799994737000,20.65,4,20.65,1,20.7,24,1,2022-02-09 09:59:59
1644400802232321000,20.65,1,20.6,11,20.7,24,2,2022-02-09 10:00:02
1644400809275314000,20.65,3,20.6,18,20.7,22,2,2022-02-09 10:00:09
1644400832841840000,20.65,2,20.6,21,20.7,23,2,2022-02-09 10:00:32
1644400841006087000,20.6,12,20.6,9,20.7,38,2,2022-02-09 10:00:41
1644400841026525000,20.6,9,20.55,8,20.7,38,2,2022-02-09 10:00:41
1644400854789122000,20.6,1,20.55,8,20.6,2,1,2022-02-09 10:00:54
1644400858159360000,20.6,1,20.55,8,20.65,5,2,2022-02-09 10:00:58
1644400881620476000,20.6,1,20.6,1,20.65,5,1,2022-02-09 10:01:21
1644400887346158000,20.6,1,20.55,10,20.65,5,2,2022-02-09 10:01:27
1644400906355984000,20.55,13,20.5,16,20.6,6,2,2022-02-09 10:01:46
1644400913393909000,20.55,1,20.5,16,20.6,8,1,2022-02-09 10:01:53
1644400934799434000,20.5,2,20.5,17,20.55,1,2,2022-02-09 10:02:14
1644400940829814000,20.55,1,20.55,9,20.6,6,1,2022-02-09 10:02:20
1644400959359622000,20.55,1,20.55,8,20.6,7,2,2022-02-09 10:02:39
1644400965920758000,20.6,7,20.6,1,20.65,10,1,2022-02-09 10:02:45
1644400965959660000,20.6,1,20.55,1,20.65,10,2,2022-02-09 10:02:45
1644400968241777000,20.55,1,20.5,20,20.65,11,2,2022-02-09 10:02:48
1644400980462986000,20.55,2,20.5,20,20.55,6,2,2022-02-09 10:03:00
1644401060226874000,20.55,1,20.5,22,20.55,6,1,2022-02-09 10:04:20
1644401068949812000,20.55,1,20.5,22,20.55,5,1,2022-02-09 10:04:28
1644401090642557000,20.55,1,20.5,27,20.55,5,1,2022-02-09 10:04:50
1644401097411273000,20.55,2,20.5,27,20.55,3,1,2022-02-09 10:04:57
1644401101256296000,20.55,1,20.5,27,20.55,2,1,2022-02-09 10:05:01
1644401127611532000,20.55,2,20.5,27,20.55,5,1,2022-02-09 10:05:27
1644401181071871000,20.55,1,20.5,28,20.55,10,1,2022-02-09 10:06:21
1644401236245324000,20.55,2,20.5,27,20.55,13,1,2022-02-09 10:07:16
1644401270234121000,20.5,2,20.5,25,20.55,13,2,2022-02-09 10:07:50
1644401270273588000,20.5,25,20.45,39,20.55,15,2,2022-02-09 10:07:50
1644401270304678000,20.45,9,20.45,30,20.55,15,2,2022-02-09 10:07:50
1644401273098562000,20.45,5,20.45,28,20.55,15,2,2022-02-09 10:07:53
1644401373918320000,20.45,1,20.45,28,20.55,14,2,2022-02-09 10:09:33
1644401373953697000,20.45,1,20.45,27,20.55,14,2,2022-02-09 10:09:33
1644401402390395000,20.45,10,20.45,20,20.5,2,2,2022-02-09 10:10:02
1644401423726395000,20.45,1,20.45,19,20.5,2,2,2022-02-09 10:10:23
1644401424829991000,20.45,1,20.45,18,20.5,2,2,2022-02-09 10:10:24
1644401438780177000,20.45,10,20.45,7,20.5,15,2,2022-02-09 10:10:38
1644401438816234000,20.45,7,20.4,22,20.5,15,2,2022-02-09 10:10:38
1644401438857176000,20.4,2,20.4,20,20.5,15,2,2022-02-09 10:10:38
1644401441629812000,20.4,1,20.4,23,20.5,15,2,2022-02-09 10:10:41
1644401449813651000,20.45,4,20.4,23,20.45,1,1,2022-02-09 10:10:49
1644401453204233000,20.4,1,20.4,22,20.45,1,2,2022-02-09 10:10:53
1644401467620797000,20.45,1,20.4,23,20.5,25,1,2022-02-09 10:11:07
1644401469060096000,20.4,13,20.4,10,20.5,12,2,2022-02-09 10:11:09
1644401469230446000,20.4,10,20.35,24,20.4,10,2,2022-02-09 10:11:09
1644401472112408000,20.35,19,20.35,7,20.4,10,2,2022-02-09 10:11:12
1644401472165023000,20.4,2,20.35,7,20.4,8,1,2022-02-09 10:11:12
1644401472228329000,20.4,8,20.35,7,20.5,12,1,2022-02-09 10:11:12
1644401479161280000,20.35,1,20.35,8,20.5,15,2,2022-02-09 10:11:19
1644401512691742000,20.35,1,20.35,14,20.4,1,2,2022-02-09 10:11:52
1644401537599291000,20.4,4,20.35,20,20.45,9,1,2022-02-09 10:12:17
1644401603175146000,20.35,10,20.35,11,20.45,5,2,2022-02-09 10:13:23
1644401646986300000,20.35,5,20.35,10,20.4,2,2,2022-02-09 10:14:06
1644401680105990000,20.35,1,20.35,11,20.4,7,2,2022-02-09 10:14:40
1644401763604963000,20.4,2,20.35,11,20.4,15,1,2022-02-09 10:16:03
1644401763668286000,20.4,10,20.35,11,20.4,5,1,2022-02-09 10:16:03
1644401767384001000,20.4,5,20.35,11,20.45,5,1,2022-02-09 10:16:07
1644401782658964000,20.4,1,20.35,11,20.45,5,2,2022-02-09 10:16:22
1644401817643515000,20.35,1,20.35,11,20.45,6,2,2022-02-09 10:16:57
1644401849195058000,20.4,1,20.35,10,20.45,6,1,2022-02-09 10:17:29
1644401880500395000,20.4,1,20.4,3,20.45,6,2,2022-02-09 10:18:00
1644402091189032000,20.45,2,20.45,3,20.5,10,1,2022-02-09 10:21:31
1644402109319123000,20.45,3,20.35,13,20.4,3,2,2022-02-09 10:21:49
1644402109319123000,20.4,14,20.35,13,20.4,3,2,2022-02-09 10:21:49
1644402130004511000,20.4,2,20.35,14,20.4,1,1,2022-02-09 10:22:10
1644402146005353000,20.4,1,20.35,14,20.5,10,1,2022-02-09 10:22:26
1644402184860155000,20.45,1,20.4,4,20.5,10,2,2022-02-09 10:23:04
1644402191242704000,20.4,5,20.35,14,20.5,10,2,2022-02-09 10:23:11
1644402198916149000,20.4,3,20.35,13,20.4,4,2,2022-02-09 10:23:18
1644402198949627000,20.35,5,20.35,8,20.4,4,2,2022-02-09 10:23:18
1644402198980866000,20.35,3,20.35,5,20.4,4,2,2022-02-09 10:23:18
1644402213537654000,20.35,1,20.35,4,20.4,4,2,2022-02-09 10:23:33
1644402508758013000,20.35,1,20.35,26,20.4,4,2,2022-02-09 10:28:28
1644402611052121000,20.4,1,20.35,26,20.4,4,1,2022-02-09 10:30:11
1644402644683189000,20.4,2,20.35,24,20.4,2,1,2022-02-09 10:30:44
1644402653751407000,20.4,2,20.35,24,20.45,4,1,2022-02-09 10:30:53
1644402765894609000,20.45,1,20.4,17,20.45,3,1,2022-02-09 10:32:45
1644402856666827000,20.45,1,20.4,19,20.45,3,1,2022-02-09 10:34:16
1644402857536144000,20.4,10,20.4,9,20.45,3,2,2022-02-09 10:34:17
1644402871287216000,20.4,1,20.4,10,20.45,3,2,2022-02-09 10:34:31
1644402888444167000,20.4,1,20.4,9,20.45,2,2,2022-02-09 10:34:48
1644402970771096000,20.4,2,20.4,8,20.45,2,2,2022-02-09 10:36:10
1644402975292254000,20.4,1,20.4,7,20.45,2,2,2022-02-09 10:36:15
1644402981758607000,20.4,2,20.4,3,20.45,2,2,2022-02-09 10:36:21
1644402984637615000,20.4,2,20.4,1,20.45,2,2,2022-02-09 10:36:24
1644402984671824000,20.4,1,20.35,28,20.45,2,2,2022-02-09 10:36:24
1644402998476073000,20.4,1,20.35,28,20.45,2,1,2022-02-09 10:36:38
1644403052056820000,20.4,1,20.4,2,20.45,5,2,2022-02-09 10:37:32
1644403058342871000,20.4,1,20.4,1,20.45,5,2,2022-02-09 10:37:38
1644403058357534000,20.4,1,20.35,28,20.45,5,2,2022-02-09 10:37:38
1644403060537732000,20.35,1,20.35,27,20.45,5,2,2022-02-09 10:37:40
1644403142792517000,20.4,8,20.35,28,20.45,6,1,2022-02-09 10:39:02
1644403144294413000,20.4,1,20.4,4,20.45,6,2,2022-02-09 10:39:04
1644403178617460000,20.4,2,20.4,2,20.45,6,2,2022-02-09 10:39:38
1644403203234353000,20.4,2,20.4,1,20.45,6,2,2022-02-09 10:40:03
1644403295553519000,20.4,1,20.35,28,20.4,3,2,2022-02-09 10:41:35
1644403332866250000,20.4,1,20.35,28,20.4,2,1,2022-02-09 10:42:12
1644403384590817000,20.4,2,20.4,3,20.45,5,1,2022-02-09 10:43:04
1644403389254347000,20.4,3,20.35,28,20.4,4,2,2022-02-09 10:43:09
1644403413062360000,20.4,1,20.35,28,20.4,3,1,2022-02-09 10:43:33
1644403413813507000,20.4,1,20.35,28,20.4,2,1,2022-02-09 10:43:33
1644403421472697000,20.4,1,20.35,28,20.4,1,1,2022-02-09 10:43:41
1644403424761434000,20.4,1,20.35,28,20.45,5,1,2022-02-09 10:43:44
1644403459070513000,20.35,2,20.35,26,20.45,5,2,2022-02-09 10:44:19
1644403477257227000,20.35,1,20.35,25,20.45,7,2,2022-02-09 10:44:37
1644403533635899000,20.4,1,20.4,2,20.45,5,2,2022-02-09 10:45:33
1644403549483286000,20.4,1,20.4,1,20.45,5,2,2022-02-09 10:45:49
1644403554040749000,20.4,1,20.35,43,20.45,5,2,2022-02-09 10:45:54
1644403607898998000,20.4,1,20.35,45,20.45,5,2,2022-02-09 10:46:47
1644403668810526000,20.4,1,20.35,45,20.4,2,2,2022-02-09 10:47:48
1644403692250113000,20.4,2,20.4,1,20.45,5,1,2022-02-09 10:48:12
1644403810295592000,20.45,6,20.4,6,20.5,24,1,2022-02-09 10:50:10
1644403853054620000,20.45,2,20.4,6,20.45,1,1,2022-02-09 10:50:53
1644403855592180000,20.45,1,20.45,10,20.5,23,1,2022-02-09 10:50:55
1644403872208096000,20.5,23,20.45,10,20.65,42,1,2022-02-09 10:51:12
1644403872208096000,20.55,16,20.45,10,20.65,42,1,2022-02-09 10:51:12
1644403872208096000,20.6,9,20.45,10,20.65,42,1,2022-02-09 10:51:12
1644403900238290000,20.6,2,20.45,15,20.6,2,1,2022-02-09 10:51:40
1644403915109510000,20.6,2,20.5,1,20.65,41,2,2022-02-09 10:51:55
1644403917350407000,20.5,1,20.45,19,20.65,41,2,2022-02-09 10:51:57
1644403919685179000,20.45,19,20.4,11,20.65,63,2,2022-02-09 10:51:59
1644403965934668000,20.45,1,20.4,9,20.45,1,2,2022-02-09 10:52:45
1644403973649865000,20.4,9,20.35,43,20.45,11,2,2022-02-09 10:52:53
1644403977642917000,20.45,1,20.35,43,20.45,10,1,2022-02-09 10:52:57
1644403984600457000,20.4,1,20.35,48,20.4,3,2,2022-02-09 10:53:04
1644403986490212000,20.4,1,20.35,51,20.4,2,1,2022-02-09 10:53:06
1644403995149575000,20.4,2,20.4,2,20.45,10,1,2022-02-09 10:53:15
1644404067679723000,20.45,10,20.4,4,20.55,6,1,2022-02-09 10:54:27
1644404113878083000,20.55,4,20.5,10,20.6,24,1,2022-02-09 10:55:13
1644404135957611000,20.55,1,20.5,10,20.6,24,2,2022-02-09 10:55:35
1644404177642019000,20.5,1,20.45,17,20.5,9,1,2022-02-09 10:56:17
1644404205948523000,20.5,2,20.45,17,20.5,7,1,2022-02-09 10:56:45
1644404216165740000,20.5,2,20.45,17,20.5,5,1,2022-02-09 10:56:56
1644404229709677000,20.5,2,20.45,17,20.5,3,1,2022-02-09 10:57:09
1644404231397498000,20.45,5,20.45,12,20.5,3,2,2022-02-09 10:57:11
1644404235801909000,20.45,5,20.45,7,20.5,3,2,2022-02-09 10:57:15
1644404236584499000,20.5,2,20.45,7,20.5,1,1,2022-02-09 10:57:16
1644404244819266000,20.5,1,20.45,7,20.55,2,1,2022-02-09 10:57:24
1644404246307152000,20.5,1,20.45,7,20.55,2,2,2022-02-09 10:57:26
1644404284568872000,20.5,1,20.45,8,20.5,3,2,2022-02-09 10:58:04
1644404297757898000,20.5,2,20.45,8,20.5,1,1,2022-02-09 10:58:17
1644404300372678000,20.5,1,20.45,8,20.55,2,1,2022-02-09 10:58:20
1644404384440193000,20.55,1,20.45,8,20.55,1,1,2022-02-09 10:59:44
1644404439654287000,20.5,1,20.45,9,20.5,4,1,2022-02-09 11:00:39
1644404451644240000,20.5,1,20.45,9,20.5,3,1,2022-02-09 11:00:51
1644404462849807000,20.5,1,20.45,9,20.5,2,1,2022-02-09 11:01:02
1644404493467584000,20.45,9,20.4,21,20.45,1,2,2022-02-09 11:01:33
1644404524892841000,20.45,1,20.4,21,20.5,2,1,2022-02-09 11:02:04
1644404610678302000,20.4,11,20.4,10,20.45,5,2,2022-02-09 11:03:30
1644404643107981000,20.45,1,20.4,8,20.45,6,1,2022-02-09 11:04:03
1644404656969551000,20.45,1,20.4,8,20.45,5,1,2022-02-09 11:04:16
1644404691221531000,20.4,9,20.35,39,20.45,5,2,2022-02-09 11:04:51
1644404691221531000,20.35,10,20.35,39,20.45,5,2,2022-02-09 11:04:51
1644404704785160000,20.4,1,20.35,40,20.45,7,2,2022-02-09 11:05:04
1644404728769688000,20.4,1,20.35,42,20.4,1,1,2022-02-09 11:05:28
1644404731847579000,20.4,1,20.35,42,20.45,3,1,2022-02-09 11:05:31
1644404813021285000,20.4,1,20.4,5,20.45,3,2,2022-02-09 11:06:53
1644404815348016000,20.4,1,20.4,4,20.45,3,2,2022-02-09 11:06:55
1644404833313041000,20.4,2,20.4,2,20.45,3,2,2022-02-09 11:07:13
1644404860108931000,20.4,2,20.35,39,20.45,5,2,2022-02-09 11:07:40
1644404904835746000,20.4,1,20.4,2,20.45,6,2,2022-02-09 11:08:24
1644404995623515000,20.4,3,20.4,5,20.45,6,2,2022-02-09 11:09:55
1644405084545609000,20.45,1,20.4,6,20.45,5,1,2022-02-09 11:11:24
1644405138829735000,20.45,1,20.4,7,20.45,4,1,2022-02-09 11:12:18
1644405141531491000,20.45,1,20.4,7,20.45,3,1,2022-02-09 11:12:21
1644405144750762000,20.45,3,20.4,7,20.5,9,1,2022-02-09 11:12:24
1644405185449167000,20.45,2,20.4,8,20.5,12,2,2022-02-09 11:13:05
1644405241844052000,20.4,9,20.35,45,20.4,1,2,2022-02-09 11:14:01
1644405249438154000,20.4,1,20.4,1,20.45,4,1,2022-02-09 11:14:09
1644405250414979000,20.45,1,20.4,1,20.45,3,1,2022-02-09 11:14:10
1644405255689559000,20.4,1,20.35,45,20.4,3,2,2022-02-09 11:14:15
1644405265710555000,20.4,1,20.35,45,20.4,2,1,2022-02-09 11:14:25
1644405270815509000,20.4,2,20.4,4,20.45,5,1,2022-02-09 11:14:30
1644405330735342000,20.45,2,20.4,12,20.45,5,1,2022-02-09 11:15:30
1644405339160004000,20.45,1,20.4,12,20.45,4,1,2022-02-09 11:15:39
1644405350984560000,20.45,1,20.4,12,20.45,3,1,2022-02-09 11:15:50
1644405412683227000,20.45,1,20.4,12,20.45,2,1,2022-02-09 11:16:52
1644405444059919000,20.45,2,20.45,3,20.5,17,1,2022-02-09 11:17:24
1644405444090189000,20.45,3,20.4,14,20.5,17,2,2022-02-09 11:17:24
1644405445664304000,20.4,4,20.4,10,20.5,17,2,2022-02-09 11:17:25
1644405445665589000,20.4,2,20.4,8,20.5,17,2,2022-02-09 11:17:25
1644405450647365000,20.4,6,20.35,45,20.45,2,2,2022-02-09 11:17:30
1644405450709256000,20.35,20,20.35,25,20.45,4,2,2022-02-09 11:17:30
1644405450739982000,20.35,5,20.35,20,20.45,4,2,2022-02-09 11:17:30
1644405456641929000,20.35,3,20.35,17,20.45,5,2,2022-02-09 11:17:36
1644405458046799000,20.35,5,20.35,12,20.45,7,2,2022-02-09 11:17:38
1644405461604966000,20.35,10,20.35,2,20.45,7,2,2022-02-09 11:17:41
1644405461635647000,20.35,2,20.3,73,20.45,7,2,2022-02-09 11:17:41
1644405463534074000,20.35,1,20.3,73,20.45,7,1,2022-02-09 11:17:43
1644405503621539000,20.35,1,20.3,74,20.4,6,2,2022-02-09 11:18:23
1644405530555074000,20.35,1,20.35,1,20.4,6,2,2022-02-09 11:18:50
1644405637200843000,20.4,1,20.35,18,20.4,5,1,2022-02-09 11:20:37
1644405648396540000,20.4,1,20.35,18,20.45,12,1,2022-02-09 11:20:48
1644405744157593000,20.4,1,20.4,4,20.45,8,2,2022-02-09 11:22:24
1644405744183716000,20.4,4,20.35,17,20.45,8,2,2022-02-09 11:22:24
1644405866073892000,20.4,1,20.4,1,20.45,13,2,2022-02-09 11:24:26
1644405874780580000,20.45,1,20.4,1,20.45,12,1,2022-02-09 11:24:34
1644405874781082000,20.45,1,20.4,1,20.45,11,1,2022-02-09 11:24:34
1644405895984995000,20.4,1,20.35,16,20.45,11,2,2022-02-09 11:24:55
1644406018849221000,20.4,1,20.4,1,20.45,11,2,2022-02-09 11:26:58
1644406057422215000,20.4,2,20.4,1,20.45,11,2,2022-02-09 11:27:37
1644406092646683000,20.4,1,20.4,2,20.45,13,2,2022-02-09 11:28:12
1644406259999014000,20.4,4,20.4,3,20.45,14,2,2022-02-09 11:30:59
1644406266906824000,20.4,1,20.4,2,20.45,14,2,2022-02-09 11:31:06
1644406266908539000,20.4,2,20.35,16,20.4,3,2,2022-02-09 11:31:06
1644406332116457000,20.4,3,20.35,21,20.45,14,1,2022-02-09 11:32:12
1644406343082859000,20.35,1,20.35,20,20.45,14,2,2022-02-09 11:32:23
1644406369805871000,20.4,1,20.4,1,20.45,14,2,2022-02-09 11:32:49
1644406379671962000,20.4,1,20.35,22,20.4,4,2,2022-02-09 11:32:59
1644406387595177000,20.4,3,20.35,22,20.4,3,1,2022-02-09 11:33:07
1644406450828623000,20.4,1,20.35,22,20.4,3,1,2022-02-09 11:34:10
1644406479435462000,20.4,1,20.35,23,20.4,3,1,2022-02-09 11:34:39
1644406496081436000,20.4,1,20.35,23,20.4,2,1,2022-02-09 11:34:56
1644406593930959000,20.4,1,20.35,28,20.4,1,1,2022-02-09 11:36:33
1644406605091674000,20.4,1,20.4,1,20.45,9,1,2022-02-09 11:36:45
1644406655984086000,20.4,1,20.4,6,20.45,9,2,2022-02-09 11:37:35
1644406839560613000,20.4,1,20.4,25,20.45,11,2,2022-02-09 11:40:39
1644407051376117000,20.4,2,20.4,26,20.45,17,2,2022-02-09 11:44:11
1644407082606985000,20.4,1,20.4,27,20.45,19,2,2022-02-09 11:44:42
1644407122531890000,20.4,2,20.4,31,20.45,19,2,2022-02-09 11:45:22
1644407155227467000,20.4,32,20.35,28,20.4,14,2,2022-02-09 11:45:55
1644407169417811000,20.35,20,20.35,8,20.4,25,2,2022-02-09 11:46:09
1644407169450308000,20.35,4,20.35,4,20.4,25,2,2022-02-09 11:46:09
1644407171759943000,20.35,4,20.3,78,20.35,2,2,2022-02-09 11:46:11
1644407172183876000,20.3,3,20.3,75,20.35,2,2,2022-02-09 11:46:12
1644407172217449000,20.35,2,20.3,75,20.4,25,1,2022-02-09 11:46:12
1644407172327973000,20.3,2,20.3,74,20.4,25,2,2022-02-09 11:46:12
1644407190898578000,20.3,5,20.3,69,20.35,5,2,2022-02-09 11:46:30
1644407202325071000,20.35,10,20.3,69,20.4,25,1,2022-02-09 11:46:42
1644407213212368000,20.35,1,20.35,2,20.4,25,1,2022-02-09 11:46:53
1644407216631466000,20.35,2,20.3,69,20.35,2,2,2022-02-09 11:46:56
1644407227453642000,20.35,1,20.3,69,20.35,4,1,2022-02-09 11:47:07
1644407260862223000,20.35,7,20.3,69,20.35,4,1,2022-02-09 11:47:40
1644407263324900000,20.3,19,20.3,50,20.35,4,2,2022-02-09 11:47:43
1644407263365200000,20.35,2,20.3,50,20.35,2,1,2022-02-09 11:47:43
1644407326896882000,20.35,1,20.3,50,20.35,7,1,2022-02-09 11:48:46
1644407330736671000,20.35,1,20.3,50,20.35,6,1,2022-02-09 11:48:50
1644407347368098000,20.35,1,20.3,50,20.35,5,1,2022-02-09 11:49:07
1644407380725254000,20.35,3,20.3,50,20.35,3,1,2022-02-09 11:49:40
1644407389510612000,20.35,1,20.3,50,20.35,2,1,2022-02-09 11:49:49
1644407402544737000,20.35,1,20.3,50,20.35,1,1,2022-02-09 11:50:02
1644407404033391000,20.35,1,20.35,4,20.4,26,1,2022-02-09 11:50:04
1644407423372514000,20.4,1,20.35,6,20.4,25,1,2022-02-09 11:50:23
1644407434723202000,20.35,3,20.35,3,20.4,25,2,2022-02-09 11:50:34
1644407517644562000,20.35,3,20.35,4,20.4,22,2,2022-02-09 11:51:57
1644407518119055000,20.35,2,20.35,2,20.4,22,2,2022-02-09 11:51:58
1644407528085146000,20.35,1,20.35,2,20.4,22,2,2022-02-09 11:52:08
1644407706985111000,20.35,1,20.35,14,20.4,26,2,2022-02-09 11:55:06
1644407746975105000,20.35,7,20.35,7,20.4,26,2,2022-02-09 11:55:46
1644407752195607000,20.4,5,20.35,7,20.4,21,1,2022-02-09 11:55:52
1644407774043823000,20.35,4,20.35,8,20.4,28,2,2022-02-09 11:56:14
1644407791876187000,20.4,3,20.35,8,20.4,25,1,2022-02-09 11:56:31
1644407807830691000,20.4,2,20.35,10,20.4,23,1,2022-02-09 11:56:47
1644407913513517000,20.35,1,20.35,7,20.4,23,2,2022-02-09 11:58:33
1644407920704414000,20.35,3,20.35,4,20.4,23,2,2022-02-09 11:58:40
1644408076096870000,20.35,1,20.35,14,20.4,25,2,2022-02-09 12:01:16
1644408127037571000,20.4,3,20.35,14,20.4,23,1,2022-02-09 12:02:07
1644408200480453000,20.4,10,20.35,9,20.4,8,1,2022-02-09 12:03:20
1644408205684460000,20.4,3,20.35,9,20.4,5,1,2022-02-09 12:03:25
1644408205716023000,20.4,5,20.35,9,20.45,21,1,2022-02-09 12:03:25
1644408257149697000,20.4,1,20.35,11,20.4,3,1,2022-02-09 12:04:17
1644408271682938000,20.4,3,20.35,11,20.45,21,1,2022-02-09 12:04:31
1644408309813873000,20.4,5,20.35,11,20.45,20,1,2022-02-09 12:05:09
1644408329838387000,20.4,2,20.4,1,20.45,20,2,2022-02-09 12:05:29
1644408329859636000,20.4,1,20.35,11,20.45,20,2,2022-02-09 12:05:29
1644408357584992000,20.4,1,20.35,13,20.4,2,1,2022-02-09 12:05:57
1644408363540069000,20.4,2,20.35,13,20.45,21,1,2022-02-09 12:06:03
1644408423668887000,20.4,3,20.4,2,20.45,10,1,2022-02-09 12:07:03
1644408423708928000,20.4,2,20.35,8,20.45,10,2,2022-02-09 12:07:03
1644408450857678000,20.4,1,20.35,8,20.45,10,1,2022-02-09 12:07:30
1644408452201879000,20.35,2,20.35,6,20.45,10,2,2022-02-09 12:07:32
1644408506575361000,20.35,1,20.35,8,20.4,1,2,2022-02-09 12:08:26
1644408568165132000,20.35,2,20.35,6,20.4,1,2,2022-02-09 12:09:28
1644408643428756000,20.4,1,20.4,9,20.45,13,1,2022-02-09 12:10:43
1644408645318470000,20.4,2,20.4,7,20.45,13,2,2022-02-09 12:10:45
1644408649934024000,20.4,1,20.4,6,20.45,13,2,2022-02-09 12:10:49
1644408674495557000,20.45,2,20.4,6,20.45,11,1,2022-02-09 12:11:14
1644408674755330000,20.45,1,20.4,6,20.45,10,1,2022-02-09 12:11:14
1644408677323543000,20.4,1,20.4,5,20.45,15,2,2022-02-09 12:11:17
1644408688017583000,20.4,1,20.4,4,20.45,15,2,2022-02-09 12:11:28
1644408688042229000,20.4,1,20.4,3,20.45,15,2,2022-02-09 12:11:28
1644408739723995000,20.4,1,20.4,2,20.45,21,2,2022-02-09 12:12:19
1644408749177166000,20.4,2,20.35,7,20.45,21,2,2022-02-09 12:12:29
1644408749210775000,20.35,7,20.3,55,20.45,21,2,2022-02-09 12:12:29
1644408787382824000,20.35,1,20.3,55,20.4,2,2,2022-02-09 12:13:07
1644408929801083000,20.35,2,20.35,8,20.4,2,2,2022-02-09 12:15:29
1644408947809728000,20.35,3,20.35,5,20.4,2,2,2022-02-09 12:15:47
1644409090940393000,20.4,1,20.35,3,20.4,16,1,2022-02-09 12:18:10
1644409132086363000,20.4,1,20.35,4,20.45,15,1,2022-02-09 12:18:52
1644409167942227000,20.4,1,20.35,2,20.4,2,2,2022-02-09 12:19:27
1644409185707055000,20.4,2,20.35,2,20.4,2,1,2022-02-09 12:19:45
1644409363443711000,20.35,1,20.35,8,20.4,7,2,2022-02-09 12:22:43
1644409375984909000,20.4,1,20.35,8,20.4,6,1,2022-02-09 12:22:55
1644409397439787000,20.4,1,20.35,9,20.4,5,1,2022-02-09 12:23:17
1644409541051870000,20.35,3,20.35,9,20.4,21,2,2022-02-09 12:25:41
1644409541052517000,20.35,4,20.35,5,20.4,21,2,2022-02-09 12:25:41
1644409575186946000,20.35,1,20.35,1,20.4,24,2,2022-02-09 12:26:15
1644409628891817000,20.35,3,20.35,2,20.4,24,2,2022-02-09 12:27:08
1644409712206851000,20.35,2,20.35,5,20.4,26,2,2022-02-09 12:28:32
1644409751999786000,20.35,2,20.35,5,20.4,26,2,2022-02-09 12:29:11
1644409755099982000,20.35,1,20.35,6,20.4,26,2,2022-02-09 12:29:15
1644409777406203000,20.4,20,20.35,6,20.4,8,1,2022-02-09 12:29:37
1644409779796008000,20.4,1,20.35,18,20.4,7,1,2022-02-09 12:29:39
1644409779814838000,20.4,7,20.35,18,20.45,14,1,2022-02-09 12:29:39
1644409794284203000,20.4,1,20.4,4,20.45,14,2,2022-02-09 12:29:54
1644409815441527000,20.4,1,20.4,2,20.45,17,2,2022-02-09 12:30:15
1644409882242523000,20.45,1,20.4,12,20.45,16,1,2022-02-09 12:31:22
1644409887864145000,20.45,2,20.4,12,20.45,14,1,2022-02-09 12:31:27
1644409891931619000,20.45,14,20.45,2,20.5,61,1,2022-02-09 12:31:31
1644409919880263000,20.5,10,20.45,9,20.5,48,1,2022-02-09 12:31:59
1644409922858889000,20.5,1,20.45,9,20.5,47,1,2022-02-09 12:32:02
1644409922859314000,20.5,1,20.45,9,20.5,46,1,2022-02-09 12:32:02
1644409925137373000,20.5,1,20.45,9,20.5,45,1,2022-02-09 12:32:05
1644409926980992000,20.5,1,20.45,9,20.5,44,1,2022-02-09 12:32:06
1644409938808576000,20.45,4,20.45,6,20.5,44,2,2022-02-09 12:32:18
1644409942276469000,20.5,1,20.45,6,20.5,43,1,2022-02-09 12:32:22
1644409969657727000,20.5,28,20.45,8,20.5,15,1,2022-02-09 12:32:49
1644409969696103000,20.5,15,20.45,8,20.55,15,1,2022-02-09 12:32:49
1644409980272773000,20.5,8,20.45,6,20.5,2,2,2022-02-09 12:33:00
1644409983433049000,20.5,2,20.5,2,20.55,15,1,2022-02-09 12:33:03
1644409989802011000,20.5,1,20.45,6,20.55,15,2,2022-02-09 12:33:09
1644409993956897000,20.55,15,20.5,1,20.6,57,1,2022-02-09 12:33:13
1644410017514796000,20.55,1,20.5,16,20.6,56,1,2022-02-09 12:33:37
1644410017514796000,20.6,1,20.5,16,20.6,56,1,2022-02-09 12:33:37
1644410017661535000,20.6,19,20.5,16,20.6,33,1,2022-02-09 12:33:37
1644410021051408000,20.6,1,20.55,4,20.6,32,1,2022-02-09 12:33:41
1644410021266213000,20.6,1,20.55,4,20.6,31,1,2022-02-09 12:33:41
1644410024114964000,20.6,1,20.55,6,20.6,30,1,2022-02-09 12:33:44
1644410024289073000,20.6,1,20.55,6,20.6,29,1,2022-02-09 12:33:44
1644410024596933000,20.6,2,20.55,16,20.6,27,1,2022-02-09 12:33:44
1644410024874809000,20.6,15,20.55,16,20.6,12,1,2022-02-09 12:33:44
1644410024904411000,20.6,12,20.55,16,20.65,45,1,2022-02-09 12:33:44
1644410026666073000,20.65,1,20.6,15,20.65,44,1,2022-02-09 12:33:46
1644410026722426000,20.65,2,20.6,15,20.65,42,1,2022-02-09 12:33:46
1644410026813999000,20.65,1,20.6,15,20.65,41,1,2022-02-09 12:33:46
1644410026860372000,20.65,1,20.6,16,20.65,40,1,2022-02-09 12:33:46
1644410026864532000,20.65,1,20.6,16,20.65,39,1,2022-02-09 12:33:46
1644410026870293000,20.65,2,20.6,16,20.65,37,1,2022-02-09 12:33:46
1644410026873548000,20.65,1,20.6,16,20.65,36,1,2022-02-09 12:33:46
1644410026896419000,20.65,36,20.6,16,20.7,26,1,2022-02-09 12:33:46
1644410026933374000,20.7,1,20.6,16,20.7,25,1,2022-02-09 12:33:46
1644410026956003000,20.7,1,20.6,16,20.7,24,1,2022-02-09 12:33:46
1644410026957530000,20.7,1,20.6,16,20.7,23,1,2022-02-09 12:33:46
1644410028036506000,20.7,3,20.6,20,20.7,20,1,2022-02-09 12:33:48
1644410028120382000,20.7,2,20.6,20,20.7,18,1,2022-02-09 12:33:48
1644410030995676000,20.7,1,20.6,20,20.7,17,1,2022-02-09 12:33:50
1644410031843755000,20.7,1,20.6,20,20.7,16,1,2022-02-09 12:33:51
1644410035190266000,20.7,1,20.65,11,20.7,15,1,2022-02-09 12:33:55
1644410039207941000,20.7,10,20.6,16,20.7,5,1,2022-02-09 12:33:59
1644410041903701000,20.7,5,20.6,16,20.7,14,1,2022-02-09 12:34:01
1644410042461861000,20.7,2,20.65,1,20.7,12,1,2022-02-09 12:34:02
1644410042663645000,20.7,1,20.65,1,20.7,11,1,2022-02-09 12:34:02
1644410044677547000,20.65,1,20.6,16,20.7,15,2,2022-02-09 12:34:04
1644410079268105000,20.6,12,20.6,5,20.65,23,2,2022-02-09 12:34:39
1644410079293655000,20.6,5,20.55,2,20.65,23,2,2022-02-09 12:34:39
1644410083683424000,20.65,1,20.55,2,20.65,26,1,2022-02-09 12:34:43
1644410104321031000,20.6,1,20.55,12,20.6,5,1,2022-02-09 12:35:04
1644410127302586000,20.55,12,20.5,3,20.6,5,2,2022-02-09 12:35:27
1644410133842419000,20.55,1,20.5,3,20.55,1,1,2022-02-09 12:35:33
1644410134746923000,20.55,1,20.5,3,20.6,5,1,2022-02-09 12:35:34
1644410135881145000,20.55,1,20.5,3,20.6,5,2,2022-02-09 12:35:35
1644410162864516000,20.55,1,20.5,3,20.55,3,1,2022-02-09 12:36:02
1644410179047352000,20.55,1,20.5,3,20.55,2,1,2022-02-09 12:36:19
1644410189972380000,20.5,3,20.45,10,20.55,7,2,2022-02-09 12:36:29
1644410194824601000,20.5,1,20.45,10,20.55,7,1,2022-02-09 12:36:34
1644410195875823000,20.5,1,20.45,10,20.55,5,2,2022-02-09 12:36:35
1644410202437073000,20.5,1,20.45,10,20.55,5,2,2022-02-09 12:36:42
1644410202505944000,20.45,1,20.45,9,20.55,7,2,2022-02-09 12:36:42
1644410288965078000,20.5,2,20.45,12,20.5,9,1,2022-02-09 12:38:08
1644410295614854000,20.45,1,20.45,11,20.5,12,2,2022-02-09 12:38:15
1644410297630808000,20.5,2,20.45,11,20.5,10,1,2022-02-09 12:38:17
1644410304883993000,20.5,4,20.45,11,20.5,10,1,2022-02-09 12:38:24
1644410328314486000,20.45,11,20.4,17,20.5,12,2,2022-02-09 12:38:48
1644410328314486000,20.4,8,20.4,17,20.5,12,2,2022-02-09 12:38:48
1644410338777469000,20.5,2,20.4,17,20.5,10,1,2022-02-09 12:38:58
1644410342106582000,20.4,10,20.4,7,20.5,10,2,2022-02-09 12:39:02
1644410350337981000,20.4,2,20.4,5,20.45,6,2,2022-02-09 12:39:10
1644410357068294000,20.45,2,20.4,5,20.45,4,1,2022-02-09 12:39:17
1644410416684174000,20.4,1,20.4,11,20.45,10,2,2022-02-09 12:40:16
1644410426354207000,20.45,10,20.4,11,20.5,9,1,2022-02-09 12:40:26
1644410488000445000,20.45,1,20.4,11,20.5,8,2,2022-02-09 12:41:28
1644410498089046000,20.45,1,20.4,11,20.5,28,2,2022-02-09 12:41:38
1644410510983024000,20.45,1,20.4,15,20.5,28,2,2022-02-09 12:41:50
1644410524640957000,20.45,3,20.4,15,20.5,25,2,2022-02-09 12:42:04
1644410529151640000,20.45,11,20.4,15,20.45,1,1,2022-02-09 12:42:09
1644410529181694000,20.45,1,20.4,15,20.5,25,1,2022-02-09 12:42:09
1644410542932135000,20.5,2,20.4,15,20.5,23,1,2022-02-09 12:42:22
1644410568970758000,20.45,2,20.45,2,20.5,23,2,2022-02-09 12:42:48
1644410569005561000,20.45,1,20.45,1,20.5,23,2,2022-02-09 12:42:49
1644410569610761000,20.45,1,20.4,13,20.5,23,2,2022-02-09 12:42:49
1644410569610761000,20.4,2,20.4,13,20.5,23,2,2022-02-09 12:42:49
1644410593271105000,20.45,2,20.4,18,20.5,23,2,2022-02-09 12:43:13
1644410673668576000,20.45,1,20.4,25,20.45,1,1,2022-02-09 12:44:33
1644410679050633000,20.45,1,20.45,1,20.5,24,1,2022-02-09 12:44:39
1644410764190992000,20.5,2,20.45,5,20.5,22,1,2022-02-09 12:46:04
1644410792877690000,20.45,1,20.45,6,20.5,22,2,2022-02-09 12:46:32
1644410823286889000,20.45,1,20.45,9,20.5,22,2,2022-02-09 12:47:03
1644410825134490000,20.45,1,20.45,8,20.5,22,2,2022-02-09 12:47:05
1644410851495816000,20.45,3,20.45,5,20.5,22,2,2022-02-09 12:47:31
1644410880050977000,20.5,2,20.45,5,20.5,20,1,2022-02-09 12:48:00
1644410975382243000,20.45,5,20.4,27,20.5,27,2,2022-02-09 12:49:35
1644410979386946000,20.45,2,20.45,2,20.5,27,2,2022-02-09 12:49:39
1644410979417590000,20.45,2,20.4,27,20.5,27,2,2022-02-09 12:49:39
1644411035001213000,20.45,1,20.45,4,20.5,35,2,2022-02-09 12:50:35
1644411063516365000,20.45,2,20.45,3,20.5,38,2,2022-02-09 12:51:03
1644411071613644000,20.45,1,20.45,2,20.5,39,2,2022-02-09 12:51:11
1644411100483110000,20.45,1,20.45,7,20.5,38,2,2022-02-09 12:51:40
1644411111031510000,20.45,2,20.45,5,20.5,38,2,2022-02-09 12:51:51
1644411154475524000,20.45,4,20.45,16,20.5,39,2,2022-02-09 12:52:34
1644411194762938000,20.45,2,20.45,13,20.5,40,2,2022-02-09 12:53:14
1644411212173547000,20.45,13,20.4,31,20.45,12,2,2022-02-09 12:53:32
1644411225504820000,20.4,2,20.4,29,20.45,22,2,2022-02-09 12:53:45
1644411228717710000,20.45,2,20.4,29,20.45,20,1,2022-02-09 12:53:48
1644411277801973000,20.4,2,20.4,27,20.45,27,2,2022-02-09 12:54:37
1644411308900831000,20.45,4,20.4,27,20.45,23,1,2022-02-09 12:55:08
1644411319976507000,20.4,1,20.4,26,20.45,23,2,2022-02-09 12:55:19
1644411365627595000,20.4,2,20.4,24,20.45,23,2,2022-02-09 12:56:05
1644411379963803000,20.45,5,20.4,24,20.45,18,1,2022-02-09 12:56:19
1644411397837458000,20.45,10,20.4,24,20.45,8,1,2022-02-09 12:56:37
1644411399094936000,20.45,1,20.4,24,20.45,7,1,2022-02-09 12:56:39
1644411403724547000,20.45,5,20.4,24,20.45,2,1,2022-02-09 12:56:43
1644411403970464000,20.45,1,20.4,24,20.45,1,1,2022-02-09 12:56:43
1644411418184657000,20.45,1,20.4,25,20.5,41,1,2022-02-09 12:56:58
1644411519027895000,20.45,1,20.45,8,20.5,41,2,2022-02-09 12:58:39
1644411519885356000,20.45,1,20.45,7,20.5,41,2,2022-02-09 12:58:39
1644411590956295000,20.5,1,20.45,26,20.5,40,1,2022-02-09 12:59:50
1644411609155341000,20.5,3,20.45,23,20.5,37,1,2022-02-09 13:00:09
1644411653229176000,20.5,13,20.45,11,20.5,24,1,2022-02-09 13:00:53
1644411657743980000,20.5,1,20.45,11,20.5,23,1,2022-02-09 13:00:57
1644411660276015000,20.5,1,20.45,11,20.5,22,1,2022-02-09 13:01:00
1644411662423047000,20.5,5,20.45,11,20.5,17,1,2022-02-09 13:01:02
1644411662481173000,20.5,5,20.45,11,20.5,12,1,2022-02-09 13:01:02
1644411697540026000,20.5,2,20.45,11,20.5,16,1,2022-02-09 13:01:37
1644411707610409000,20.45,6,20.45,5,20.5,36,2,2022-02-09 13:01:47
1644411713137869000,20.45,1,20.45,4,20.5,36,2,2022-02-09 13:01:53
1644411713222555000,20.45,2,20.45,2,20.5,36,2,2022-02-09 13:01:53
1644411720704474000,20.45,2,20.4,30,20.45,1,2,2022-02-09 13:02:00
1644411724651490000,20.45,1,20.45,3,20.5,33,1,2022-02-09 13:02:04
1644411727297836000,20.45,3,20.4,30,20.5,33,2,2022-02-09 13:02:07
1644411753650121000,20.45,1,20.4,30,20.45,1,1,2022-02-09 13:02:33
1644411755359374000,20.45,1,20.45,1,20.5,14,1,2022-02-09 13:02:35
1644411755378959000,20.45,1,20.4,30,20.45,19,2,2022-02-09 13:02:35
1644411756598330000,20.45,1,20.4,30,20.45,18,1,2022-02-09 13:02:36
1644411777189030000,20.45,10,20.4,31,20.45,13,1,2022-02-09 13:02:57
1644411778192593000,20.45,5,20.4,33,20.45,8,1,2022-02-09 13:02:58
1644411778254189000,20.45,3,20.4,33,20.45,5,1,2022-02-09 13:02:58
1644411778277404000,20.45,5,20.4,33,20.5,9,1,2022-02-09 13:02:58
1644411811295185000,20.45,2,20.4,33,20.45,1,2,2022-02-09 13:03:31
1644411819049782000,20.45,1,20.4,33,20.5,12,1,2022-02-09 13:03:39
1644411863834524000,20.45,6,20.4,34,20.45,4,2,2022-02-09 13:04:23
1644411864770368000,20.45,4,20.4,34,20.5,14,1,2022-02-09 13:04:24
1644411897018807000,20.45,1,20.45,9,20.5,14,2,2022-02-09 13:04:57
1644411929682710000,20.5,1,20.45,10,20.5,13,1,2022-02-09 13:05:29
1644411929988729000,20.5,13,20.45,10,20.55,1,1,2022-02-09 13:05:29
1644411929988729000,20.55,1,20.45,10,20.55,1,1,2022-02-09 13:05:29
1644411930180687000,20.55,1,20.55,13,20.6,6,1,2022-02-09 13:05:30
1644411944008214000,20.55,1,20.55,12,20.6,5,2,2022-02-09 13:05:44
1644411963062150000,20.6,3,20.55,27,20.6,1,1,2022-02-09 13:06:03
1644411963438146000,20.6,1,20.55,27,20.65,34,1,2022-02-09 13:06:03
1644411963438146000,20.65,13,20.55,27,20.65,34,1,2022-02-09 13:06:03
1644411968197474000,20.65,20,20.55,27,20.65,14,1,2022-02-09 13:06:08
1644411968221631000,20.65,14,20.55,27,20.7,103,1,2022-02-09 13:06:08
1644411973450566000,20.55,3,20.55,27,20.65,1,2,2022-02-09 13:06:13
1644411975978469000,20.65,1,20.55,24,20.65,3,1,2022-02-09 13:06:15
1644411982532397000,20.65,6,20.55,24,20.65,2,1,2022-02-09 13:06:22
1644411982789515000,20.65,2,20.65,12,20.7,100,1,2022-02-09 13:06:22
1644411982821452000,20.65,1,20.65,11,20.7,100,2,2022-02-09 13:06:22
1644412013556565000,20.65,1,20.65,19,20.7,90,2,2022-02-09 13:06:53
1644412016229039000,20.7,30,20.65,19,20.7,60,1,2022-02-09 13:06:56
1644412020664139000,20.7,4,20.65,19,20.7,57,1,2022-02-09 13:07:00
1644412021562866000,20.7,1,20.65,19,20.7,56,1,2022-02-09 13:07:01
1644412021845479000,20.7,9,20.65,10,20.7,47,1,2022-02-09 13:07:01
1644412025114642000,20.7,1,20.65,10,20.7,46,1,2022-02-09 13:07:05
1644412027066945000,20.65,3,20.65,7,20.7,46,2,2022-02-09 13:07:07
1644412029696857000,20.7,10,20.65,8,20.7,36,1,2022-02-09 13:07:09
1644412039397451000,20.7,7,20.65,1,20.7,28,1,2022-02-09 13:07:19
1644412042780958000,20.65,1,20.55,3,20.7,28,2,2022-02-09 13:07:22
1644412064131037000,20.65,1,20.6,3,20.7,30,2,2022-02-09 13:07:44
1644412064458490000,20.7,2,20.6,3,20.7,28,1,2022-02-09 13:07:44
1644412071035006000,20.65,1,20.6,3,20.7,28,1,2022-02-09 13:07:51
1644412071799224000,20.65,1,20.6,3,20.65,1,1,2022-02-09 13:07:51
1644412086916160000,20.65,4,20.6,7,20.65,6,1,2022-02-09 13:08:06
1644412105595301000,20.65,1,20.6,7,20.65,10,1,2022-02-09 13:08:25
1644412117104376000,20.65,4,20.6,8,20.65,8,1,2022-02-09 13:08:37
1644412125108487000,20.65,4,20.6,12,20.65,4,1,2022-02-09 13:08:45
1644412134932408000,20.6,4,20.6,8,20.65,62,2,2022-02-09 13:08:54
1644412154369264000,20.6,2,20.6,6,20.65,72,2,2022-02-09 13:09:14
1644412154415900000,20.6,2,20.6,4,20.65,72,2,2022-02-09 13:09:14
1644412154771205000,20.65,14,20.6,4,20.65,58,1,2022-02-09 13:09:14
1644412155677111000,20.6,2,20.6,2,20.65,58,2,2022-02-09 13:09:15
1644412158604054000,20.6,2,20.55,11,20.65,61,2,2022-02-09 13:09:18
1644412163461437000,20.6,1,20.55,11,20.6,2,1,2022-02-09 13:09:23
1644412182244515000,20.6,4,20.55,7,20.6,8,1,2022-02-09 13:09:42
1644412187535943000,20.6,1,20.55,7,20.6,7,1,2022-02-09 13:09:47
1644412208931311000,20.6,4,20.55,16,20.6,3,1,2022-02-09 13:10:08
1644412209322349000,20.6,3,20.55,16,20.65,28,1,2022-02-09 13:10:09
1644412209322349000,20.65,24,20.55,16,20.65,28,1,2022-02-09 13:10:09
1644412210040179000,20.65,4,20.55,16,20.65,24,1,2022-02-09 13:10:10
1644412216433751000,20.65,1,20.6,9,20.65,23,1,2022-02-09 13:10:16
1644412217146775000,20.65,1,20.6,10,20.65,22,1,2022-02-09 13:10:17
1644412243379555000,20.65,1,20.6,10,20.65,22,1,2022-02-09 13:10:43
1644412246441395000,20.65,1,20.6,10,20.65,21,1,2022-02-09 13:10:46
1644412247263663000,20.65,1,20.6,10,20.65,20,1,2022-02-09 13:10:47
1644412247534391000,20.6,2,20.6,8,20.65,20,2,2022-02-09 13:10:47
1644412248580308000,20.65,1,20.6,8,20.65,19,1,2022-02-09 13:10:48
1644412248925710000,20.65,1,20.6,6,20.65,18,1,2022-02-09 13:10:48
1644412286107628000,20.65,10,20.6,16,20.65,22,1,2022-02-09 13:11:26
1644412286491992000,20.65,21,20.6,16,20.65,1,1,2022-02-09 13:11:26
1644412286516392000,20.65,1,20.6,16,20.7,38,1,2022-02-09 13:11:26
1644412287591528000,20.7,5,20.6,13,20.7,33,1,2022-02-09 13:11:27
1644412307586945000,20.7,1,20.65,7,20.7,43,1,2022-02-09 13:11:47
1644412308041453000,20.7,3,20.65,7,20.7,40,1,2022-02-09 13:11:48
1644412323976249000,20.7,2,20.65,21,20.7,36,1,2022-02-09 13:12:03
1644412324366307000,20.7,3,20.65,21,20.7,33,1,2022-02-09 13:12:04
1644412329979866000,20.7,2,20.65,26,20.7,33,1,2022-02-09 13:12:09
1644412335962819000,20.7,1,20.65,26,20.7,32,1,2022-02-09 13:12:15
1644412336394392000,20.7,1,20.65,26,20.7,31,1,2022-02-09 13:12:16
1644412336961023000,20.7,1,20.65,26,20.7,30,1,2022-02-09 13:12:16
1644412337400680000,20.7,1,20.65,26,20.7,29,1,2022-02-09 13:12:17
1644412361621377000,20.7,1,20.65,28,20.7,40,1,2022-02-09 13:12:41
1644412362833069000,20.7,1,20.65,28,20.7,39,1,2022-02-09 13:12:42
1644412367408967000,20.7,1,20.65,28,20.7,39,1,2022-02-09 13:12:47
1644412367774784000,20.7,3,20.65,28,20.7,36,1,2022-02-09 13:12:47
1644412373635134000,20.65,1,20.65,27,20.7,36,2,2022-02-09 13:12:53
1644412381363884000,20.65,3,20.65,27,20.7,36,2,2022-02-09 13:13:01
1644412381647042000,20.7,24,20.65,27,20.7,12,1,2022-02-09 13:13:01
1644412382746611000,20.7,15,20.65,27,20.7,1,1,2022-02-09 13:13:02
1644412386634465000,20.7,1,20.65,27,20.7,4,1,2022-02-09 13:13:06
1644412386997102000,20.7,1,20.65,27,20.7,3,1,2022-02-09 13:13:06
1644412389182445000,20.7,2,20.65,27,20.7,1,1,2022-02-09 13:13:09
1644412390182228000,20.7,1,20.65,27,20.75,50,1,2022-02-09 13:13:10
1644412392672660000,20.7,1,20.65,27,20.7,4,1,2022-02-09 13:13:12
1644412393503721000,20.7,1,20.65,27,20.7,3,1,2022-02-09 13:13:13
1644412393851585000,20.7,1,20.65,26,20.7,2,1,2022-02-09 13:13:13
1644412393878617000,20.7,1,20.65,25,20.7,1,1,2022-02-09 13:13:13
1644412396703746000,20.7,1,20.65,25,20.75,50,1,2022-02-09 13:13:16
1644412397552061000,20.7,2,20.65,24,20.7,2,2,2022-02-09 13:13:17
1644412398479861000,20.7,1,20.65,25,20.7,1,1,2022-02-09 13:13:18
1644412398643365000,20.65,5,20.65,20,20.7,1,2,2022-02-09 13:13:18
1644412400862434000,20.7,1,20.65,20,20.7,1,1,2022-02-09 13:13:20
1644412406773487000,20.7,6,20.65,20,20.75,7,1,2022-02-09 13:13:26
1644412406773487000,20.75,44,20.65,20,20.75,7,1,2022-02-09 13:13:26
1644412407119291000,20.75,3,20.65,23,20.75,4,1,2022-02-09 13:13:27
1644412412599960000,20.75,4,20.7,1,20.8,38,1,2022-02-09 13:13:32
1644412413454551000,20.8,2,20.7,4,20.8,36,1,2022-02-09 13:13:33
1644412414562700000,20.8,1,20.7,4,20.8,35,1,2022-02-09 13:13:34
1644412415517481000,20.8,1,20.7,4,20.8,34,1,2022-02-09 13:13:35
1644412424974637000,20.8,1,20.7,11,20.8,28,1,2022-02-09 13:13:44
1644412425218772000,20.8,28,20.8,2,20.85,7,1,2022-02-09 13:13:45
1644412425392192000,20.8,2,20.7,11,20.85,7,2,2022-02-09 13:13:45
1644412429263334000,20.8,1,20.7,11,20.85,6,1,2022-02-09 13:13:49
1644412429263334000,20.85,1,20.7,11,20.85,6,1,2022-02-09 13:13:49
1644412429516554000,20.85,6,20.75,1,20.9,21,1,2022-02-09 13:13:49
1644412429516554000,20.9,4,20.75,1,20.9,21,1,2022-02-09 13:13:49
1644412429674756000,20.8,2,20.75,4,20.9,21,1,2022-02-09 13:13:49
1644412429764984000,20.9,18,20.75,4,20.9,3,1,2022-02-09 13:13:49
1644412429791987000,20.9,3,20.75,4,20.95,13,1,2022-02-09 13:13:49
1644412429946299000,20.8,4,20.75,4,20.8,1,2,2022-02-09 13:13:49
1644412429980094000,20.8,1,20.75,4,20.95,13,1,2022-02-09 13:13:49
1644412441157160000,20.85,1,20.8,1,20.85,4,1,2022-02-09 13:14:01
1644412442568203000,20.8,1,20.8,1,20.85,4,2,2022-02-09 13:14:02
1644412442931512000,20.8,1,20.75,7,20.85,9,2,2022-02-09 13:14:02
1644412447384398000,20.8,1,20.75,5,20.8,2,1,2022-02-09 13:14:07
1644412448454173000,20.8,2,20.85,4,20.9,11,1,2022-02-09 13:14:08
1644412448454173000,20.85,6,20.85,4,20.9,11,1,2022-02-09 13:14:08
1644412449421526000,20.85,2,20.85,2,20.9,11,2,2022-02-09 13:14:09
1644412452835822000,20.85,2,20.8,1,20.85,2,2,2022-02-09 13:14:12
1644412452950715000,20.85,1,20.8,1,20.85,1,1,2022-02-09 13:14:12
1644412469057896000,20.85,2,20.8,6,20.85,23,1,2022-02-09 13:14:29
1644412469170023000,20.8,1,20.8,5,20.85,22,2,2022-02-09 13:14:29
1644412472953750000,20.85,3,20.8,5,20.85,20,1,2022-02-09 13:14:32
1644412474724066000,20.8,5,20.75,6,20.8,4,2,2022-02-09 13:14:34
1644412477391074000,20.8,1,20.75,6,20.8,3,1,2022-02-09 13:14:37
