ts,close,volume,bid_price,bid_volume,ask_price,ask_volume,tick_type,datetime
1639731601693803000,219.0,1871,218.5,11,219.0,195,1,2021-12-17 09:00:01
1639731601700222000,218.5,1,218.5,10,219.0,195,2,2021-12-17 09:00:01
1639731601724225000,218.5,10,218.0,77,219.0,195,2,2021-12-17 09:00:01
1639731601730918000,218.0,1,218.0,76,219.0,195,2,2021-12-17 09:00:01
1639731601750540000,218.0,1,218.0,75,218.5,4,2,2021-12-17 09:00:01
1639731601772682000,218.5,1,218.0,75,218.5,4,1,2021-12-17 09:00:01
1639731601775515000,218.5,1,218.0,75,218.5,3,1,2021-12-17 09:00:01
1639731601782280000,218.5,1,218.0,75,218.5,2,1,2021-12-17 09:00:01
1639731601840478000,218.0,1,218.0,73,218.5,2,2,2021-12-17 09:00:01
1639731601840619000,218.0,1,218.0,73,218.5,2,2,2021-12-17 09:00:01
1639731601844171000,218.5,1,218.0,73,218.5,1,1,2021-12-17 09:00:01
1639731601980997000,219.0,1,218.0,73,219.0,199,1,2021-12-17 09:00:01
1639731602177512000,218.5,4,218.0,73,219.0,199,1,2021-12-17 09:00:02
1639731602402369000,219.0,1,218.0,73,219.0,198,1,2021-12-17 09:00:02
1639731602705137000,218.0,1,218.0,72,219.0,198,2,2021-12-17 09:00:02
1639731602749532000,218.0,1,218.0,71,219.0,198,2,2021-12-17 09:00:02
1639731602779593000,218.0,2,218.0,69,219.0,201,2,2021-12-17 09:00:02
1639731602806747000,218.0,11,218.0,58,219.0,201,2,2021-12-17 09:00:02
1639731602933767000,218.0,4,218.0,56,219.0,201,2,2021-12-17 09:00:02
1639731602951572000,218.0,13,218.0,43,219.0,201,2,2021-12-17 09:00:02
1639731602986820000,218.0,11,218.0,32,219.0,201,2,2021-12-17 09:00:02
1639731603020009000,218.0,2,218.0,30,219.0,201,2,2021-12-17 09:00:03
1639731603049263000,218.0,1,218.0,29,219.0,201,2,2021-12-17 09:00:03
1639731603052152000,218.0,10,218.0,19,219.0,201,2,2021-12-17 09:00:03
1639731603666699000,219.0,1,218.0,21,219.0,203,1,2021-12-17 09:00:03
1639731603669968000,218.0,1,218.0,20,219.0,203,2,2021-12-17 09:00:03
1639731603770049000,218.0,1,218.0,19,218.5,4,2,2021-12-17 09:00:03
1639731603838789000,218.5,1,218.0,19,218.5,4,1,2021-12-17 09:00:03
1639731603880217000,218.0,1,218.0,18,218.5,4,2,2021-12-17 09:00:03
1639731604086105000,218.0,1,218.0,25,218.5,5,2,2021-12-17 09:00:04
1639731604158230000,218.0,2,218.0,23,218.5,5,2,2021-12-17 09:00:04
1639731604249174000,218.5,1,218.0,24,218.5,4,1,2021-12-17 09:00:04
1639731604311314000,218.5,1,218.0,25,218.5,2,1,2021-12-17 09:00:04
1639731604329370000,218.0,1,218.0,25,218.5,2,2,2021-12-17 09:00:04
1639731604401770000,218.0,2,218.0,23,218.5,2,2,2021-12-17 09:00:04
1639731604530273000,218.0,1,218.0,22,218.5,3,2,2021-12-17 09:00:04
1639731604551973000,218.5,1,218.0,22,218.5,2,1,2021-12-17 09:00:04
1639731604855762000,218.0,1,218.0,21,219.0,217,2,2021-12-17 09:00:04
1639731604878132000,218.0,1,218.0,20,219.0,217,2,2021-12-17 09:00:04
1639731605313441000,218.5,1,218.0,20,218.5,2,1,2021-12-17 09:00:05
1639731605315958000,218.0,2,218.0,18,218.5,2,2,2021-12-17 09:00:05
1639731605316664000,218.0,1,218.0,17,218.5,2,2,2021-12-17 09:00:05
1639731605434187000,218.0,1,218.0,16,218.5,2,2,2021-12-17 09:00:05
1639731605466195000,218.0,4,218.0,12,218.5,2,2,2021-12-17 09:00:05
1639731605484744000,218.0,1,218.0,11,218.5,2,2,2021-12-17 09:00:05
1639731605554789000,218.0,1,218.0,11,218.5,2,2,2021-12-17 09:00:05
1639731605589998000,218.0,11,217.5,104,218.5,2,2,2021-12-17 09:00:05
1639731605602597000,218.5,1,217.5,104,218.5,1,1,2021-12-17 09:00:05
1639731605632755000,217.5,1,217.5,103,218.0,1,2,2021-12-17 09:00:05
1639731605633015000,217.5,1,217.5,102,218.0,1,2,2021-12-17 09:00:05
1639731605634626000,218.0,1,217.5,102,218.5,1,1,2021-12-17 09:00:05
1639731605703320000,218.0,1,218.0,14,219.0,216,1,2021-12-17 09:00:05
1639731605729284000,218.0,1,218.0,13,219.0,216,2,2021-12-17 09:00:05
1639731605914171000,218.0,4,218.0,9,219.0,212,2,2021-12-17 09:00:05
1639731605919885000,218.0,1,218.0,8,219.0,212,2,2021-12-17 09:00:05
1639731606043913000,218.5,1,218.0,8,218.5,1,1,2021-12-17 09:00:06
1639731606052555000,218.0,8,217.5,102,218.5,1,2,2021-12-17 09:00:06
1639731606301402000,218.0,1,218.0,1,218.5,2,2,2021-12-17 09:00:06
1639731606319785000,218.5,2,218.0,1,219.0,216,1,2021-12-17 09:00:06
1639731606319785000,219.0,3,218.0,1,219.0,216,1,2021-12-17 09:00:06
1639731606326703000,218.0,1,217.5,102,219.0,216,2,2021-12-17 09:00:06
1639731606336235000,217.5,1,217.5,101,219.0,216,2,2021-12-17 09:00:06
1639731606610189000,218.0,1,217.5,101,218.5,10,2,2021-12-17 09:00:06
1639731606613860000,218.5,1,217.5,101,218.5,9,1,2021-12-17 09:00:06
1639731606665895000,217.5,10,217.5,91,218.5,9,2,2021-12-17 09:00:06
1639731606789549000,218.0,2,218.0,4,218.5,9,2,2021-12-17 09:00:06
1639731606821165000,218.0,3,218.0,3,218.5,9,2,2021-12-17 09:00:06
1639731606825757000,218.0,3,217.5,89,218.5,9,2,2021-12-17 09:00:06
1639731606825757000,217.5,2,217.5,89,218.5,9,2,2021-12-17 09:00:06
1639731606835732000,218.5,1,217.5,89,218.5,8,1,2021-12-17 09:00:06
1639731607011723000,217.5,1,217.5,88,218.5,14,2,2021-12-17 09:00:07
1639731607126038000,217.5,5,217.5,83,218.5,19,2,2021-12-17 09:00:07
1639731607177382000,218.5,1,217.5,83,218.5,18,1,2021-12-17 09:00:07
1639731607185595000,217.5,1,217.5,82,218.5,18,2,2021-12-17 09:00:07
1639731607240251000,217.5,1,217.5,81,218.5,18,2,2021-12-17 09:00:07
1639731607399945000,218.0,1,217.5,78,218.5,21,2,2021-12-17 09:00:07
1639731607399945000,217.5,3,217.5,78,218.5,21,2,2021-12-17 09:00:07
1639731607404083000,217.5,1,217.5,77,218.5,21,2,2021-12-17 09:00:07
1639731607557971000,217.5,3,217.5,74,218.0,3,2,2021-12-17 09:00:07
1639731607565640000,218.0,2,217.5,74,218.0,1,1,2021-12-17 09:00:07
1639731607637945000,218.0,1,217.5,74,218.5,26,1,2021-12-17 09:00:07
1639731607705430000,218.0,1,217.5,75,218.5,26,2,2021-12-17 09:00:07
1639731607772723000,218.0,2,218.0,2,218.5,26,2,2021-12-17 09:00:07
1639731607962874000,218.0,1,218.0,3,218.5,32,2,2021-12-17 09:00:07
1639731607987934000,218.0,1,218.0,2,218.5,32,2,2021-12-17 09:00:07
1639731608058668000,218.0,2,217.5,75,218.0,2,2,2021-12-17 09:00:08
1639731608074037000,217.5,1,217.5,74,218.0,2,2,2021-12-17 09:00:08
1639731608090519000,218.0,1,217.5,74,218.0,1,1,2021-12-17 09:00:08
1639731608122791000,217.5,2,217.5,72,218.0,1,2,2021-12-17 09:00:08
1639731608139908000,217.5,1,217.5,71,218.0,1,2,2021-12-17 09:00:08
1639731608155355000,218.0,1,217.5,71,218.5,35,1,2021-12-17 09:00:08
1639731608155355000,218.5,1,217.5,71,218.5,35,1,2021-12-17 09:00:08
1639731608231090000,218.5,1,217.5,71,218.5,34,1,2021-12-17 09:00:08
1639731608339785000,217.5,1,217.5,70,218.0,5,2,2021-12-17 09:00:08
1639731608571787000,218.0,2,217.5,70,218.0,5,1,2021-12-17 09:00:08
1639731608625891000,218.0,1,217.5,70,218.0,4,1,2021-12-17 09:00:08
1639731608724597000,217.5,2,217.5,69,218.0,4,2,2021-12-17 09:00:08
1639731608859153000,218.0,1,217.5,69,218.0,3,1,2021-12-17 09:00:08
1639731608926616000,218.0,1,217.5,69,218.0,2,1,2021-12-17 09:00:08
1639731608982208000,218.0,3,218.0,1,218.5,35,1,2021-12-17 09:00:08
1639731609015262000,218.0,1,217.5,69,218.5,36,2,2021-12-17 09:00:09
1639731609079360000,217.5,1,217.5,68,218.5,36,2,2021-12-17 09:00:09
1639731609083947000,218.5,1,217.5,68,218.5,35,1,2021-12-17 09:00:09
1639731609098391000,218.5,1,217.5,68,218.5,34,1,2021-12-17 09:00:09
1639731609348526000,218.0,2,217.5,68,218.5,6,1,2021-12-17 09:00:09
1639731609348526000,218.5,28,217.5,68,218.5,6,1,2021-12-17 09:00:09
1639731609507730000,218.0,1,217.5,68,218.5,6,1,2021-12-17 09:00:09
1639731609519763000,217.5,1,217.5,67,218.5,6,2,2021-12-17 09:00:09
1639731609601496000,217.5,10,217.5,57,218.5,6,2,2021-12-17 09:00:09
1639731609725071000,218.0,1,217.5,59,218.5,7,1,2021-12-17 09:00:09
1639731609793731000,217.5,1,217.5,58,218.0,1,2,2021-12-17 09:00:09
1639731609925427000,218.0,1,217.5,59,218.5,7,1,2021-12-17 09:00:09
1639731610065053000,218.0,1,217.5,59,218.0,9,1,2021-12-17 09:00:10
1639731610097103000,217.5,1,217.5,58,218.0,9,2,2021-12-17 09:00:10
1639731610105541000,218.0,1,217.5,58,218.0,8,1,2021-12-17 09:00:10
1639731610119056000,218.0,1,217.5,58,218.0,7,1,2021-12-17 09:00:10
1639731610126910000,218.0,2,217.5,58,218.0,5,1,2021-12-17 09:00:10
1639731610255831000,217.5,1,217.5,59,218.0,6,2,2021-12-17 09:00:10
1639731610303136000,218.0,1,217.5,64,218.0,5,1,2021-12-17 09:00:10
1639731610364710000,217.5,1,217.5,63,218.0,5,2,2021-12-17 09:00:10
1639731610405649000,217.5,1,217.5,63,218.0,5,2,2021-12-17 09:00:10
1639731610445454000,217.5,1,217.5,62,218.0,5,2,2021-12-17 09:00:10
1639731610455300000,218.0,1,217.5,62,218.0,4,1,2021-12-17 09:00:10
1639731610539288000,218.0,4,217.5,62,218.0,2,1,2021-12-17 09:00:10
1639731610539288000,218.5,6,217.5,62,218.0,2,1,2021-12-17 09:00:10
1639731610593919000,218.0,1,217.5,62,218.0,1,1,2021-12-17 09:00:10
1639731610611340000,217.5,1,217.5,61,218.0,1,2,2021-12-17 09:00:10
1639731610638769000,217.5,1,217.5,60,218.0,1,2,2021-12-17 09:00:10
1639731610650914000,218.0,1,217.5,60,218.5,3,1,2021-12-17 09:00:10
1639731610706621000,217.5,1,217.5,60,218.0,10,2,2021-12-17 09:00:10
1639731610826072000,218.0,2,217.5,60,218.0,12,1,2021-12-17 09:00:10
1639731610840978000,218.0,1,217.5,60,218.0,11,1,2021-12-17 09:00:10
1639731610894419000,217.5,1,217.5,59,218.0,11,2,2021-12-17 09:00:10
1639731610913569000,218.0,1,217.5,59,218.0,10,1,2021-12-17 09:00:10
1639731610943125000,218.0,2,217.5,59,218.0,8,1,2021-12-17 09:00:10
1639731611175851000,218.0,2,217.5,59,218.0,17,1,2021-12-17 09:00:11
1639731611220656000,217.5,1,217.5,59,218.0,17,2,2021-12-17 09:00:11
1639731611334302000,218.0,3,217.5,61,218.0,14,1,2021-12-17 09:00:11
1639731611405405000,218.0,1,217.5,62,218.0,13,1,2021-12-17 09:00:11
1639731611482046000,218.0,1,217.5,62,218.0,12,1,2021-12-17 09:00:11
1639731611504662000,217.5,3,217.5,59,218.0,12,2,2021-12-17 09:00:11
1639731611518368000,218.0,2,217.5,59,218.0,10,1,2021-12-17 09:00:11
1639731611600555000,218.0,1,217.5,59,218.0,9,1,2021-12-17 09:00:11
1639731611618219000,218.0,1,217.5,59,218.0,8,1,2021-12-17 09:00:11
1639731611711648000,217.5,2,217.5,58,218.0,8,2,2021-12-17 09:00:11
1639731611735597000,218.0,1,217.5,58,218.0,7,1,2021-12-17 09:00:11
1639731611743040000,217.5,1,217.5,57,218.0,7,2,2021-12-17 09:00:11
1639731611792498000,218.0,1,217.5,57,218.0,6,1,2021-12-17 09:00:11
1639731611831007000,218.0,2,217.5,57,218.0,4,1,2021-12-17 09:00:11
1639731611831126000,218.0,1,217.5,57,218.0,4,1,2021-12-17 09:00:11
1639731611917639000,217.5,1,217.5,55,218.0,4,2,2021-12-17 09:00:11
1639731612000908000,217.5,1,217.5,55,218.0,9,2,2021-12-17 09:00:12
1639731612144186000,218.0,1,217.5,56,218.0,11,1,2021-12-17 09:00:12
1639731612159286000,218.0,1,217.5,58,218.0,10,1,2021-12-17 09:00:12
1639731612160893000,218.0,3,217.5,58,218.0,7,1,2021-12-17 09:00:12
1639731612193870000,218.0,2,217.5,58,218.0,5,1,2021-12-17 09:00:12
1639731612298139000,218.0,5,217.5,58,218.5,31,1,2021-12-17 09:00:12
1639731612326451000,218.0,1,217.5,59,218.5,34,2,2021-12-17 09:00:12
1639731612374379000,218.0,1,217.5,58,218.0,2,1,2021-12-17 09:00:12
1639731612602444000,218.0,1,217.5,58,218.0,4,1,2021-12-17 09:00:12
1639731612604397000,218.0,2,217.5,58,218.0,2,1,2021-12-17 09:00:12
1639731612655538000,217.5,1,217.5,57,218.0,2,2,2021-12-17 09:00:12
1639731612756868000,218.0,1,217.5,57,218.0,1,1,2021-12-17 09:00:12
1639731612806269000,218.0,1,217.5,57,218.0,1,1,2021-12-17 09:00:12
1639731612856069000,218.0,1,217.5,58,218.5,35,1,2021-12-17 09:00:12
1639731612930020000,217.5,1,217.5,57,218.0,2,2,2021-12-17 09:00:12
1639731612944557000,218.0,1,217.5,57,218.0,1,1,2021-12-17 09:00:12
1639731612968005000,217.5,1,217.5,56,218.0,3,2,2021-12-17 09:00:12
1639731613049461000,218.0,3,217.5,58,218.5,18,1,2021-12-17 09:00:13
1639731613049461000,218.5,16,217.5,58,218.5,18,1,2021-12-17 09:00:13
1639731613381523000,218.0,1,218.0,4,218.5,52,1,2021-12-17 09:00:13
1639731613445019000,218.0,5,217.5,60,218.5,52,2,2021-12-17 09:00:13
1639731613449487000,218.5,1,217.5,60,218.5,51,1,2021-12-17 09:00:13
1639731613467825000,218.5,1,217.5,60,218.5,50,1,2021-12-17 09:00:13
1639731613573216000,218.0,1,217.5,60,218.0,4,1,2021-12-17 09:00:13
1639731613579268000,218.0,1,217.5,60,218.0,3,1,2021-12-17 09:00:13
1639731613597422000,218.0,1,217.5,60,218.0,2,1,2021-12-17 09:00:13
1639731613599093000,217.5,1,217.5,59,218.0,2,2,2021-12-17 09:00:13
1639731613745836000,218.0,1,217.5,62,218.0,2,1,2021-12-17 09:00:13
1639731613914884000,218.0,3,218.0,7,218.5,53,1,2021-12-17 09:00:13
1639731613951429000,218.0,1,218.0,8,218.5,53,2,2021-12-17 09:00:13
1639731614048887000,218.0,1,218.0,9,218.5,54,2,2021-12-17 09:00:14
1639731614215549000,218.0,9,217.5,68,218.0,1,2,2021-12-17 09:00:14
1639731614217040000,217.5,1,217.5,67,218.5,55,2,2021-12-17 09:00:14
1639731614217892000,218.0,1,217.5,67,218.5,55,1,2021-12-17 09:00:14
1639731614361545000,218.0,1,218.0,1,218.5,57,2,2021-12-17 09:00:14
1639731614395607000,218.0,1,217.5,69,218.5,57,2,2021-12-17 09:00:14
1639731614437536000,218.5,1,217.5,69,218.5,56,1,2021-12-17 09:00:14
1639731614494274000,218.0,1,217.5,69,218.5,56,2,2021-12-17 09:00:14
1639731614733580000,218.5,1,217.5,77,218.5,55,1,2021-12-17 09:00:14
1639731614815191000,218.0,1,217.5,77,218.5,55,1,2021-12-17 09:00:14
1639731614815539000,218.0,1,217.5,77,218.5,55,2,2021-12-17 09:00:14
1639731614887362000,218.0,4,217.5,77,218.0,1,2,2021-12-17 09:00:14
1639731614974826000,218.0,1,217.5,77,218.5,57,1,2021-12-17 09:00:14
1639731614990818000,217.5,2,217.5,75,218.5,55,2,2021-12-17 09:00:14
1639731615041896000,218.0,1,217.5,75,218.5,56,2,2021-12-17 09:00:15
1639731615093453000,218.0,1,217.5,75,218.5,57,2,2021-12-17 09:00:15
1639731615098904000,218.5,1,217.5,75,218.5,56,1,2021-12-17 09:00:15
1639731615153367000,218.5,1,218.0,2,218.5,55,1,2021-12-17 09:00:15
1639731615173157000,218.0,2,217.5,75,218.5,55,2,2021-12-17 09:00:15
1639731615237189000,218.0,1,218.0,1,218.5,55,2,2021-12-17 09:00:15
1639731615271185000,218.0,1,217.5,76,218.5,55,2,2021-12-17 09:00:15
1639731615321218000,218.5,1,217.5,77,218.5,54,1,2021-12-17 09:00:15
1639731615501403000,218.0,1,217.5,79,218.0,2,1,2021-12-17 09:00:15
1639731615664372000,218.0,2,217.5,79,218.5,64,1,2021-12-17 09:00:15
1639731615770315000,218.0,1,217.5,79,218.5,64,1,2021-12-17 09:00:15
1639731615822949000,218.0,1,217.5,79,218.5,64,1,2021-12-17 09:00:15
1639731616448121000,218.0,3,218.0,111,218.5,65,2,2021-12-17 09:00:16
1639731616522200000,218.0,1,218.0,111,218.5,65,2,2021-12-17 09:00:16
1639731616615571000,218.0,1,218.0,112,218.5,65,2,2021-12-17 09:00:16
1639731616814258000,218.0,3,218.0,112,218.5,65,2,2021-12-17 09:00:16
1639731617047991000,218.0,1,218.0,118,218.5,66,2,2021-12-17 09:00:17
1639731617123931000,218.5,1,218.0,121,218.5,65,1,2021-12-17 09:00:17
1639731617163925000,218.0,2,218.0,119,218.5,67,2,2021-12-17 09:00:17
1639731617173967000,218.0,1,218.0,118,218.5,67,2,2021-12-17 09:00:17
1639731617301548000,218.0,10,218.0,110,218.5,68,2,2021-12-17 09:00:17
1639731617323493000,218.0,1,218.0,109,218.5,68,2,2021-12-17 09:00:17
1639731617502582000,218.0,2,218.0,110,218.5,68,2,2021-12-17 09:00:17
1639731617551793000,218.0,1,218.0,110,218.5,68,2,2021-12-17 09:00:17
1639731617570239000,218.0,1,218.0,109,218.5,66,2,2021-12-17 09:00:17
1639731617570979000,218.5,2,218.0,109,218.5,66,1,2021-12-17 09:00:17
1639731617600082000,218.5,1,218.0,110,218.5,65,1,2021-12-17 09:00:17
1639731617604185000,218.5,1,218.0,110,218.5,64,1,2021-12-17 09:00:17
1639731617619923000,218.0,2,218.0,108,218.5,64,2,2021-12-17 09:00:17
1639731617629936000,218.0,1,218.0,107,218.5,64,2,2021-12-17 09:00:17
1639731617721712000,218.5,1,218.0,107,218.5,63,1,2021-12-17 09:00:17
1639731617941316000,218.0,10,218.0,98,218.5,62,2,2021-12-17 09:00:17
1639731618076877000,218.5,1,218.0,99,218.5,61,1,2021-12-17 09:00:18
1639731618170043000,218.5,10,218.0,99,218.5,52,1,2021-12-17 09:00:18
1639731618216448000,218.0,4,218.0,95,218.5,52,2,2021-12-17 09:00:18
1639731618250591000,218.0,3,218.0,92,218.5,52,2,2021-12-17 09:00:18
1639731618271434000,218.5,1,218.0,92,218.5,51,1,2021-12-17 09:00:18
1639731618318487000,218.0,1,218.0,91,218.5,51,2,2021-12-17 09:00:18
1639731618420383000,218.5,50,218.0,95,218.5,1,1,2021-12-17 09:00:18
1639731618462805000,218.5,1,218.5,1,219.0,215,1,2021-12-17 09:00:18
1639731618482982000,218.5,1,218.0,46,219.0,215,2,2021-12-17 09:00:18
1639731618676796000,218.0,1,218.0,46,218.5,1,2,2021-12-17 09:00:18
1639731618831977000,218.5,1,218.0,50,218.5,8,1,2021-12-17 09:00:18
1639731618851462000,218.5,1,218.0,51,218.5,7,1,2021-12-17 09:00:18
1639731618866546000,218.0,1,218.0,50,218.5,7,2,2021-12-17 09:00:18
1639731618942354000,218.5,5,218.0,53,218.5,2,1,2021-12-17 09:00:18
1639731619102204000,218.0,1,218.0,53,218.5,2,2,2021-12-17 09:00:19
1639731619224535000,218.0,2,218.0,53,218.5,5,2,2021-12-17 09:00:19
1639731619338205000,218.0,3,218.0,54,218.5,6,2,2021-12-17 09:00:19
1639731619455645000,218.0,1,218.0,56,218.5,6,2,2021-12-17 09:00:19
1639731619502204000,218.5,1,218.0,57,218.5,5,1,2021-12-17 09:00:19
1639731619610227000,218.5,1,218.0,59,218.5,15,1,2021-12-17 09:00:19
1639731619700341000,218.0,1,218.0,58,218.5,15,2,2021-12-17 09:00:19
1639731619753629000,218.0,1,218.0,57,218.5,15,2,2021-12-17 09:00:19
1639731619790263000,218.5,3,218.0,59,218.5,12,1,2021-12-17 09:00:19
1639731619819843000,218.5,1,218.0,59,218.5,11,1,2021-12-17 09:00:19
1639731619889926000,218.0,1,218.0,76,218.5,11,2,2021-12-17 09:00:19
1639731619906235000,218.5,1,218.0,76,218.5,10,1,2021-12-17 09:00:19
1639731619910410000,218.5,5,218.0,76,218.5,5,1,2021-12-17 09:00:19
1639731619937436000,218.0,7,218.0,69,218.5,5,2,2021-12-17 09:00:19
1639731620139354000,218.0,1,218.0,74,218.5,15,2,2021-12-17 09:00:20
1639731620195518000,218.5,1,218.0,76,218.5,14,1,2021-12-17 09:00:20
1639731620262830000,218.5,10,218.0,78,218.5,4,1,2021-12-17 09:00:20
1639731620300170000,218.5,4,218.5,11,219.0,227,1,2021-12-17 09:00:20
1639731620308742000,218.5,5,218.5,6,219.0,227,2,2021-12-17 09:00:20
1639731620325395000,218.5,6,218.0,80,218.5,2,2,2021-12-17 09:00:20
1639731620339514000,218.5,2,218.5,3,219.0,227,1,2021-12-17 09:00:20
1639731620412876000,218.5,2,218.5,1,219.0,227,2,2021-12-17 09:00:20
1639731620493481000,218.5,1,218.5,1,219.0,228,2,2021-12-17 09:00:20
1639731620518085000,218.5,2,218.0,82,218.5,8,2,2021-12-17 09:00:20
1639731620706054000,218.0,1,218.0,90,218.5,8,2,2021-12-17 09:00:20
1639731620766358000,218.0,1,218.0,89,218.5,8,2,2021-12-17 09:00:20
1639731620772959000,218.0,1,218.0,88,218.5,8,2,2021-12-17 09:00:20
1639731620841936000,218.5,1,218.0,88,218.5,7,1,2021-12-17 09:00:20
1639731620849440000,218.5,1,218.0,88,218.5,6,1,2021-12-17 09:00:20
1639731620851177000,218.5,1,218.0,88,218.5,5,1,2021-12-17 09:00:20
1639731620947103000,218.5,5,218.5,45,219.0,228,1,2021-12-17 09:00:20
1639731621004670000,218.5,2,218.5,43,219.0,228,2,2021-12-17 09:00:21
1639731621085131000,218.5,1,218.5,43,219.0,228,2,2021-12-17 09:00:21
1639731621141564000,218.5,5,218.5,39,219.0,228,2,2021-12-17 09:00:21
1639731621153150000,219.0,5,218.5,39,219.0,223,1,2021-12-17 09:00:21
1639731621170750000,219.0,1,218.5,40,219.0,222,1,2021-12-17 09:00:21
1639731621438722000,219.0,5,218.5,41,219.0,212,1,2021-12-17 09:00:21
1639731621485570000,219.0,1,218.5,44,219.0,211,1,2021-12-17 09:00:21
1639731621522865000,218.5,10,218.5,34,219.0,211,2,2021-12-17 09:00:21
1639731621533148000,218.5,1,218.5,33,219.0,211,2,2021-12-17 09:00:21
1639731621550196000,218.5,2,218.5,28,219.0,211,2,2021-12-17 09:00:21
1639731621582883000,218.5,1,218.5,27,219.0,211,2,2021-12-17 09:00:21
1639731621670256000,218.5,1,218.5,28,219.0,211,2,2021-12-17 09:00:21
1639731621753574000,218.5,1,218.5,42,219.0,211,2,2021-12-17 09:00:21
1639731621825786000,218.5,1,218.5,47,219.0,211,2,2021-12-17 09:00:21
1639731621930812000,218.5,1,218.5,47,219.0,211,2,2021-12-17 09:00:21
1639731621983241000,218.5,1,218.5,46,219.0,211,2,2021-12-17 09:00:21
1639731622044266000,219.0,1,218.5,46,219.0,210,1,2021-12-17 09:00:22
1639731622365525000,219.0,1,218.5,61,219.0,210,1,2021-12-17 09:00:22
1639731622568352000,218.5,2,218.5,61,219.0,210,2,2021-12-17 09:00:22
1639731622749188000,218.5,1,218.5,60,219.0,210,2,2021-12-17 09:00:22
1639731622893944000,218.5,1,218.5,60,219.0,210,2,2021-12-17 09:00:22
1639731622918198000,218.5,4,218.5,57,219.0,210,2,2021-12-17 09:00:22
1639731623037019000,218.5,5,218.5,54,219.0,210,2,2021-12-17 09:00:23
1639731623118123000,219.0,1,218.5,52,219.0,209,1,2021-12-17 09:00:23
1639731623202369000,219.0,1,218.5,55,219.0,208,1,2021-12-17 09:00:23
1639731623236252000,218.5,1,218.5,56,219.0,208,2,2021-12-17 09:00:23
1639731623237890000,219.0,2,218.5,56,219.0,206,1,2021-12-17 09:00:23
1639731623259664000,219.0,2,218.5,56,219.0,204,1,2021-12-17 09:00:23
1639731623338896000,219.0,3,218.5,58,219.0,201,1,2021-12-17 09:00:23
1639731623550030000,218.5,1,218.5,59,219.0,201,2,2021-12-17 09:00:23
1639731623620142000,219.0,1,218.5,60,219.0,200,1,2021-12-17 09:00:23
1639731623686522000,218.5,1,218.5,60,219.0,200,2,2021-12-17 09:00:23
1639731623704555000,219.0,50,218.5,60,219.0,150,1,2021-12-17 09:00:23
1639731623734740000,219.0,27,218.5,60,219.0,123,1,2021-12-17 09:00:23
1639731623754007000,218.5,1,218.5,60,219.0,123,2,2021-12-17 09:00:23
1639731624053726000,218.5,1,218.5,64,219.0,115,2,2021-12-17 09:00:24
1639731624070346000,219.0,2,218.5,64,219.0,114,1,2021-12-17 09:00:24
1639731624077046000,219.0,1,218.5,64,219.0,113,1,2021-12-17 09:00:24
1639731624136781000,218.5,10,218.5,54,219.0,113,2,2021-12-17 09:00:24
1639731624382665000,218.5,1,218.5,61,219.0,114,2,2021-12-17 09:00:24
1639731624456140000,219.0,1,218.5,61,219.0,113,1,2021-12-17 09:00:24
1639731624696877000,219.0,1,218.5,63,219.0,112,1,2021-12-17 09:00:24
1639731624823805000,218.5,1,218.5,62,219.0,112,2,2021-12-17 09:00:24
1639731624937375000,219.0,2,218.5,63,219.0,110,1,2021-12-17 09:00:24
1639731624984531000,218.5,10,218.5,53,219.0,110,2,2021-12-17 09:00:24
1639731625007247000,218.5,2,218.5,52,219.0,110,2,2021-12-17 09:00:25
1639731625095894000,219.0,3,218.5,53,219.0,107,1,2021-12-17 09:00:25
1639731625261671000,218.5,1,218.5,54,219.0,117,2,2021-12-17 09:00:25
1639731625308653000,219.0,1,218.5,54,219.0,116,1,2021-12-17 09:00:25
1639731625424805000,219.0,5,218.5,55,219.0,111,1,2021-12-17 09:00:25
1639731625470418000,219.0,1,218.5,57,219.0,110,1,2021-12-17 09:00:25
1639731625474308000,219.0,1,218.5,57,219.0,109,1,2021-12-17 09:00:25
1639731625539872000,218.5,1,218.5,56,219.0,109,2,2021-12-17 09:00:25
1639731625583265000,219.0,1,218.5,57,219.0,108,1,2021-12-17 09:00:25
1639731625638782000,219.0,1,218.5,58,219.0,107,1,2021-12-17 09:00:25
1639731625669977000,218.5,1,218.5,57,219.0,107,2,2021-12-17 09:00:25
1639731625690565000,219.0,1,218.5,57,219.0,106,1,2021-12-17 09:00:25
1639731625711842000,219.0,6,218.5,57,219.0,100,1,2021-12-17 09:00:25
1639731625831813000,219.0,1,218.5,63,219.0,100,1,2021-12-17 09:00:25
1639731625925897000,219.0,1,218.5,75,219.0,99,1,2021-12-17 09:00:25
1639731625929632000,219.0,6,218.5,75,219.0,93,1,2021-12-17 09:00:25
1639731625965539000,219.0,1,218.5,83,219.0,92,1,2021-12-17 09:00:25
1639731626011648000,219.0,1,218.5,84,219.0,91,1,2021-12-17 09:00:26
1639731626051377000,219.0,1,218.5,85,219.0,90,1,2021-12-17 09:00:26
1639731626070564000,219.0,1,218.5,85,219.0,89,1,2021-12-17 09:00:26
1639731626095090000,219.0,1,218.5,85,219.0,88,1,2021-12-17 09:00:26
1639731626127950000,219.0,1,218.5,85,219.0,87,1,2021-12-17 09:00:26
1639731626145508000,219.0,1,218.5,85,219.0,86,1,2021-12-17 09:00:26
1639731626225193000,219.0,1,218.5,86,219.0,85,1,2021-12-17 09:00:26
1639731626334318000,219.0,1,218.5,87,219.0,83,1,2021-12-17 09:00:26
1639731626334810000,219.0,1,218.5,87,219.0,83,1,2021-12-17 09:00:26
1639731626341278000,219.0,3,218.5,87,219.0,80,1,2021-12-17 09:00:26
1639731626560827000,218.5,1,218.5,87,219.0,80,2,2021-12-17 09:00:26
1639731626597746000,219.0,1,218.5,88,219.0,79,1,2021-12-17 09:00:26
1639731626610914000,219.0,1,218.5,88,219.0,78,1,2021-12-17 09:00:26
1639731626648871000,219.0,1,218.5,89,219.0,77,1,2021-12-17 09:00:26
1639731626726172000,219.0,2,218.5,90,219.0,75,1,2021-12-17 09:00:26
1639731626815296000,219.0,2,218.5,90,219.0,73,1,2021-12-17 09:00:26
1639731626826350000,219.0,1,218.5,90,219.0,72,1,2021-12-17 09:00:26
1639731626827478000,219.0,1,218.5,90,219.0,71,1,2021-12-17 09:00:26
1639731626860963000,219.0,2,218.5,90,219.0,69,1,2021-12-17 09:00:26
1639731626903049000,219.0,2,218.5,90,219.0,67,1,2021-12-17 09:00:26
1639731626906202000,219.0,1,218.5,91,219.0,66,1,2021-12-17 09:00:26
1639731626923241000,219.0,1,218.5,91,219.0,65,1,2021-12-17 09:00:26
1639731626930340000,218.5,2,218.5,89,219.0,65,2,2021-12-17 09:00:26
1639731626988305000,219.0,1,218.5,90,219.0,64,1,2021-12-17 09:00:26
1639731627024691000,219.0,1,218.5,90,219.0,63,1,2021-12-17 09:00:27
1639731627107135000,218.5,1,218.5,91,219.0,63,2,2021-12-17 09:00:27
1639731627258650000,218.5,6,218.5,88,219.0,63,2,2021-12-17 09:00:27
1639731627258765000,219.0,1,218.5,88,219.0,63,1,2021-12-17 09:00:27
1639731627259468000,219.0,1,218.5,88,219.0,62,1,2021-12-17 09:00:27
1639731627264501000,219.0,1,218.5,88,219.0,61,1,2021-12-17 09:00:27
1639731627272934000,219.0,55,218.5,88,219.0,6,1,2021-12-17 09:00:27
1639731627295819000,218.5,1,218.5,88,219.0,6,2,2021-12-17 09:00:27
1639731627297939000,219.0,1,218.5,88,219.0,5,1,2021-12-17 09:00:27
1639731627311776000,219.0,5,218.5,88,219.5,291,1,2021-12-17 09:00:27
1639731627429134000,219.5,1,219.0,23,219.5,290,1,2021-12-17 09:00:27
1639731627447456000,219.0,1,219.0,22,219.5,290,2,2021-12-17 09:00:27
1639731627455257000,219.0,1,219.0,21,219.5,290,2,2021-12-17 09:00:27
1639731627458939000,219.0,10,219.0,11,219.5,290,2,2021-12-17 09:00:27
1639731627470138000,219.5,1,219.0,11,219.5,289,1,2021-12-17 09:00:27
1639731627622382000,219.5,1,219.0,13,219.5,288,1,2021-12-17 09:00:27
1639731627636682000,219.5,1,219.0,13,219.5,287,1,2021-12-17 09:00:27
1639731627650794000,219.0,1,219.0,12,219.5,287,2,2021-12-17 09:00:27
1639731627724341000,219.5,1,219.0,14,219.5,286,1,2021-12-17 09:00:27
1639731627818554000,219.5,8,219.0,15,219.5,277,1,2021-12-17 09:00:27
1639731627842946000,219.5,5,219.0,16,219.5,273,1,2021-12-17 09:00:27
1639731627874215000,219.5,6,219.0,18,219.5,267,1,2021-12-17 09:00:27
1639731627895373000,219.5,1,219.0,22,219.5,266,1,2021-12-17 09:00:27
1639731627903164000,219.5,1,219.0,22,219.5,265,1,2021-12-17 09:00:27
1639731627968014000,219.0,3,219.0,20,219.5,265,2,2021-12-17 09:00:27
1639731628303760000,219.5,1,219.0,40,219.5,264,1,2021-12-17 09:00:28
1639731628309322000,219.0,13,219.0,28,219.5,264,2,2021-12-17 09:00:28
1639731628328669000,219.5,2,219.0,29,219.5,262,1,2021-12-17 09:00:28
1639731628551741000,219.0,1,219.0,32,219.5,262,2,2021-12-17 09:00:28
1639731628755034000,219.5,1,219.0,34,219.5,261,1,2021-12-17 09:00:28
1639731628928326000,219.5,12,219.0,35,219.5,249,1,2021-12-17 09:00:28
1639731628933025000,219.5,1,219.0,35,219.5,248,1,2021-12-17 09:00:28
1639731628960149000,219.0,4,219.0,31,219.5,248,2,2021-12-17 09:00:28
1639731629228832000,219.5,1,219.0,35,219.5,247,1,2021-12-17 09:00:29
1639731629385161000,219.5,3,219.0,42,219.5,249,1,2021-12-17 09:00:29
1639731629423936000,219.5,1,219.0,42,219.5,248,1,2021-12-17 09:00:29
1639731629484249000,219.5,1,219.0,44,219.5,248,1,2021-12-17 09:00:29
1639731629583774000,219.5,2,219.0,45,219.5,246,1,2021-12-17 09:00:29
1639731629598664000,219.0,1,219.0,44,219.5,246,2,2021-12-17 09:00:29
1639731629608194000,219.0,2,219.0,42,219.5,246,2,2021-12-17 09:00:29
1639731629831405000,219.0,2,219.0,45,219.5,246,2,2021-12-17 09:00:29
1639731630202281000,219.0,5,219.0,53,219.5,246,2,2021-12-17 09:00:30
1639731630272500000,219.5,1,219.0,53,219.5,245,1,2021-12-17 09:00:30
1639731630332669000,219.5,1,219.0,53,219.5,244,1,2021-12-17 09:00:30
1639731630519968000,219.0,1,219.0,52,219.5,244,2,2021-12-17 09:00:30
1639731630552787000,219.5,1,219.0,52,219.5,243,1,2021-12-17 09:00:30
1639731630666484000,219.5,1,219.0,55,219.5,242,1,2021-12-17 09:00:30
1639731630725495000,219.5,1,219.0,56,219.5,241,1,2021-12-17 09:00:30
1639731630798406000,219.5,1,219.0,59,219.5,240,1,2021-12-17 09:00:30
1639731630845378000,219.5,1,219.0,59,219.5,239,1,2021-12-17 09:00:30
1639731630854808000,219.0,1,219.0,63,219.5,239,2,2021-12-17 09:00:30
1639731630911877000,219.5,3,219.0,70,219.5,236,1,2021-12-17 09:00:30
1639731631052053000,219.5,1,219.0,76,219.5,235,1,2021-12-17 09:00:31
1639731631052528000,219.0,1,219.0,76,219.5,235,2,2021-12-17 09:00:31
1639731631085868000,219.5,1,219.0,76,219.5,244,1,2021-12-17 09:00:31
1639731631117641000,219.5,1,219.0,76,219.5,243,1,2021-12-17 09:00:31
1639731631172245000,219.5,1,219.0,77,219.5,242,1,2021-12-17 09:00:31
1639731631190630000,219.0,1,219.0,76,219.5,242,2,2021-12-17 09:00:31
1639731631365227000,219.0,1,219.0,85,219.5,243,2,2021-12-17 09:00:31
1639731631431313000,219.5,9,219.0,86,219.5,234,1,2021-12-17 09:00:31
1639731631446807000,219.5,2,219.0,86,219.5,232,1,2021-12-17 09:00:31
1639731631588110000,219.5,1,219.0,90,219.5,231,1,2021-12-17 09:00:31
1639731631650304000,219.5,1,219.0,91,219.5,230,1,2021-12-17 09:00:31
1639731631690200000,219.5,1,219.0,93,219.5,239,1,2021-12-17 09:00:31
1639731631748685000,219.5,1,219.0,93,219.5,238,1,2021-12-17 09:00:31
1639731631761838000,219.5,1,219.0,93,219.5,237,1,2021-12-17 09:00:31
1639731631976506000,219.5,1,219.0,102,219.5,236,1,2021-12-17 09:00:31
1639731632000032000,219.5,1,219.0,107,219.5,235,1,2021-12-17 09:00:32
1639731632156040000,219.5,1,219.0,109,219.5,234,1,2021-12-17 09:00:32
1639731632228275000,219.0,1,219.0,110,219.5,235,2,2021-12-17 09:00:32
1639731632233535000,219.5,1,219.0,110,219.5,234,1,2021-12-17 09:00:32
1639731632270037000,219.0,21,219.0,89,219.5,234,2,2021-12-17 09:00:32
1639731632415523000,219.5,1,219.0,91,219.5,233,1,2021-12-17 09:00:32
1639731632426786000,219.5,1,219.0,91,219.5,232,1,2021-12-17 09:00:32
1639731632480393000,219.5,1,219.0,93,219.5,231,1,2021-12-17 09:00:32
1639731632565995000,219.5,1,219.0,96,219.5,230,1,2021-12-17 09:00:32
1639731632662493000,219.5,1,219.0,100,219.5,229,1,2021-12-17 09:00:32
1639731632680316000,219.5,2,219.0,100,219.5,227,1,2021-12-17 09:00:32
1639731632783620000,219.5,2,219.0,101,219.5,225,1,2021-12-17 09:00:32
1639731632957981000,219.5,1,219.0,105,219.5,223,1,2021-12-17 09:00:32
1639731632974796000,219.5,1,219.0,105,219.5,222,1,2021-12-17 09:00:32
1639731632985254000,219.5,10,219.0,105,219.5,212,1,2021-12-17 09:00:32
1639731633114549000,219.0,3,219.0,103,219.5,214,2,2021-12-17 09:00:33
1639731633209035000,219.5,1,219.0,108,219.5,213,1,2021-12-17 09:00:33
1639731633260585000,219.5,5,219.0,172,219.5,208,1,2021-12-17 09:00:33
1639731633287836000,219.5,1,219.0,172,219.5,208,1,2021-12-17 09:00:33
1639731633290736000,219.0,7,219.0,165,219.5,208,2,2021-12-17 09:00:33
1639731633300144000,219.0,1,219.0,164,219.5,208,2,2021-12-17 09:00:33
1639731633322188000,219.5,1,219.0,166,219.5,207,1,2021-12-17 09:00:33
1639731633387048000,219.5,6,219.0,167,219.5,201,1,2021-12-17 09:00:33
1639731633408339000,219.5,1,219.0,168,219.5,200,1,2021-12-17 09:00:33
1639731633410533000,219.5,1,219.0,168,219.5,199,1,2021-12-17 09:00:33
1639731633498180000,219.5,1,219.0,172,219.5,198,1,2021-12-17 09:00:33
1639731633622331000,219.0,1,219.0,173,219.5,198,2,2021-12-17 09:00:33
1639731633709814000,219.5,1,219.0,175,219.5,197,1,2021-12-17 09:00:33
1639731633792314000,219.5,1,219.0,177,219.5,196,1,2021-12-17 09:00:33
1639731633864190000,219.5,6,219.0,179,219.5,190,1,2021-12-17 09:00:33
1639731633920838000,219.5,1,219.0,179,219.5,197,1,2021-12-17 09:00:33
1639731634031951000,219.5,3,219.0,182,219.5,219,1,2021-12-17 09:00:34
1639731634068343000,219.5,1,219.0,184,219.5,218,1,2021-12-17 09:00:34
1639731634070763000,219.0,4,219.0,180,219.5,218,2,2021-12-17 09:00:34
1639731634114761000,219.5,1,219.0,180,219.5,217,1,2021-12-17 09:00:34
1639731634212345000,219.5,1,219.0,183,219.5,221,1,2021-12-17 09:00:34
1639731634223765000,219.5,5,219.0,183,219.5,216,1,2021-12-17 09:00:34
1639731634436626000,219.5,1,219.0,188,219.5,215,1,2021-12-17 09:00:34
1639731634576390000,219.0,1,219.0,192,219.5,215,2,2021-12-17 09:00:34
1639731634586290000,219.5,1,219.0,192,219.5,214,1,2021-12-17 09:00:34
1639731634618020000,219.5,1,219.0,192,219.5,213,1,2021-12-17 09:00:34
1639731634619570000,219.5,1,219.0,192,219.5,212,1,2021-12-17 09:00:34
1639731634650038000,219.5,2,219.0,192,219.5,210,1,2021-12-17 09:00:34
1639731634891288000,219.5,1,219.0,207,219.5,210,1,2021-12-17 09:00:34
1639731634898258000,219.5,1,219.0,207,219.5,209,1,2021-12-17 09:00:34
1639731634981583000,219.5,1,219.0,210,219.5,208,1,2021-12-17 09:00:34
1639731634994793000,219.5,1,219.0,210,219.5,208,1,2021-12-17 09:00:34
1639731635137563000,219.5,1,219.0,211,219.5,207,1,2021-12-17 09:00:35
1639731635249408000,219.5,1,219.0,211,219.5,210,1,2021-12-17 09:00:35
1639731635251926000,219.5,1,219.0,211,219.5,209,1,2021-12-17 09:00:35
1639731635263843000,219.5,5,219.0,211,219.5,204,1,2021-12-17 09:00:35
1639731635269337000,219.5,1,219.0,211,219.5,203,1,2021-12-17 09:00:35
1639731635365399000,219.5,45,219.0,214,219.5,158,1,2021-12-17 09:00:35
1639731635398629000,219.5,1,219.0,214,219.5,157,1,2021-12-17 09:00:35
1639731635440081000,219.5,1,219.0,214,219.5,156,1,2021-12-17 09:00:35
1639731635464050000,219.5,1,219.0,214,219.5,155,1,2021-12-17 09:00:35
1639731635491603000,219.5,1,219.0,214,219.5,154,1,2021-12-17 09:00:35
1639731635602371000,219.5,4,219.0,214,219.5,150,1,2021-12-17 09:00:35
1639731635608793000,219.5,1,219.0,214,219.5,149,1,2021-12-17 09:00:35
1639731635625431000,219.5,10,219.0,214,219.5,139,1,2021-12-17 09:00:35
1639731635647719000,219.5,3,219.0,215,219.5,136,1,2021-12-17 09:00:35
1639731635846386000,219.5,1,219.0,216,219.5,135,1,2021-12-17 09:00:35
1639731635874781000,219.5,9,219.0,216,219.5,126,1,2021-12-17 09:00:35
1639731635940955000,219.5,1,219.0,216,219.5,125,1,2021-12-17 09:00:35
1639731635962840000,219.5,4,219.0,216,219.5,121,1,2021-12-17 09:00:35
1639731635985406000,219.5,49,219.0,216,219.5,72,1,2021-12-17 09:00:35
1639731636007019000,219.5,3,219.0,216,219.5,69,1,2021-12-17 09:00:36
1639731636029987000,219.5,29,219.0,218,219.5,40,1,2021-12-17 09:00:36
1639731636060988000,219.5,2,219.0,218,219.5,38,1,2021-12-17 09:00:36
1639731636092778000,219.5,15,219.0,220,219.5,23,1,2021-12-17 09:00:36
1639731636254826000,219.5,1,219.0,226,219.5,23,1,2021-12-17 09:00:36
1639731636256970000,219.5,1,219.0,226,219.5,22,1,2021-12-17 09:00:36
1639731636262056000,219.5,1,219.0,226,219.5,21,1,2021-12-17 09:00:36
1639731636297221000,219.5,1,219.0,227,219.5,20,1,2021-12-17 09:00:36
1639731636301706000,219.5,1,219.0,227,219.5,19,1,2021-12-17 09:00:36
1639731636337564000,219.5,1,219.0,227,219.5,18,1,2021-12-17 09:00:36
1639731636390308000,219.5,1,219.0,227,219.5,17,1,2021-12-17 09:00:36
1639731636405327000,219.5,3,219.0,227,219.5,14,1,2021-12-17 09:00:36
1639731636593071000,219.5,2,219.0,230,219.5,12,1,2021-12-17 09:00:36
1639731636607950000,219.5,1,219.0,229,219.5,11,1,2021-12-17 09:00:36
1639731636610867000,219.5,1,219.0,229,219.5,10,1,2021-12-17 09:00:36
1639731636616774000,219.5,1,219.0,229,219.5,9,1,2021-12-17 09:00:36
1639731636644691000,219.5,1,219.0,229,219.5,8,1,2021-12-17 09:00:36
1639731636664411000,219.5,1,219.0,229,219.5,7,1,2021-12-17 09:00:36
1639731636705928000,219.5,1,219.0,230,219.5,6,1,2021-12-17 09:00:36
1639731636706625000,219.5,1,219.0,230,219.5,5,1,2021-12-17 09:00:36
1639731636744067000,219.5,2,219.0,231,219.5,17,1,2021-12-17 09:00:36
1639731636763579000,219.0,1,219.0,230,219.5,18,2,2021-12-17 09:00:36
1639731636820437000,219.5,1,219.0,233,219.5,18,1,2021-12-17 09:00:36
1639731636825644000,219.5,1,219.0,233,219.5,17,1,2021-12-17 09:00:36
1639731636865552000,219.5,1,219.0,234,219.5,16,1,2021-12-17 09:00:36
1639731636884664000,219.0,1,219.0,233,219.5,16,2,2021-12-17 09:00:36
1639731636897434000,219.5,1,219.0,233,219.5,15,1,2021-12-17 09:00:36
1639731636907501000,219.5,1,219.0,233,219.5,14,1,2021-12-17 09:00:36
1639731636938135000,219.5,4,219.0,233,219.5,10,1,2021-12-17 09:00:36
1639731636998513000,219.5,5,219.0,236,219.5,5,1,2021-12-17 09:00:36
1639731637033102000,219.5,1,219.0,239,219.5,4,1,2021-12-17 09:00:37
1639731637036106000,219.5,1,219.0,239,219.5,3,1,2021-12-17 09:00:37
1639731637054697000,219.5,1,219.0,240,219.5,2,1,2021-12-17 09:00:37
1639731637101797000,219.0,1,219.0,239,219.5,2,2,2021-12-17 09:00:37
1639731637121485000,219.5,2,219.0,239,220.0,332,1,2021-12-17 09:00:37
1639731637142668000,220.0,1,219.5,1,220.0,331,1,2021-12-17 09:00:37
1639731637148175000,219.5,2,219.0,239,220.0,331,2,2021-12-17 09:00:37
1639731637153964000,219.0,1,219.0,238,220.0,331,2,2021-12-17 09:00:37
1639731637227791000,220.0,1,219.5,3,220.0,330,1,2021-12-17 09:00:37
1639731637241722000,219.5,2,219.5,1,220.0,330,2,2021-12-17 09:00:37
1639731637251927000,219.5,1,219.0,248,220.0,330,2,2021-12-17 09:00:37
1639731637303432000,220.0,3,219.5,2,220.0,328,1,2021-12-17 09:00:37
1639731637307120000,219.5,1,219.0,209,220.0,328,2,2021-12-17 09:00:37
1639731637307136000,219.5,1,219.0,209,220.0,328,2,2021-12-17 09:00:37
1639731637307136000,219.0,43,219.0,209,220.0,328,2,2021-12-17 09:00:37
1639731637319331000,219.0,1,219.0,208,220.0,328,2,2021-12-17 09:00:37
1639731637411057000,219.5,1,219.0,210,219.5,1,1,2021-12-17 09:00:37
1639731637419279000,219.5,1,219.0,211,220.0,328,1,2021-12-17 09:00:37
1639731637452103000,219.5,1,219.0,212,219.5,65,1,2021-12-17 09:00:37
1639731637463163000,219.5,1,219.0,212,219.5,64,1,2021-12-17 09:00:37
1639731637501250000,219.5,1,219.0,212,219.5,63,1,2021-12-17 09:00:37
1639731637518611000,219.5,1,219.0,212,219.5,62,1,2021-12-17 09:00:37
1639731637524304000,219.5,1,219.0,213,219.5,61,1,2021-12-17 09:00:37
1639731637527505000,219.5,2,219.0,213,219.5,59,1,2021-12-17 09:00:37
1639731637601243000,219.5,1,219.0,214,219.5,63,1,2021-12-17 09:00:37
1639731637611953000,219.5,2,219.0,214,219.5,61,1,2021-12-17 09:00:37
1639731637675153000,219.0,1,219.0,214,219.5,61,2,2021-12-17 09:00:37
1639731637820139000,219.5,1,219.0,216,219.5,62,1,2021-12-17 09:00:37
1639731637864601000,219.5,1,219.0,216,219.5,67,1,2021-12-17 09:00:37
1639731637867519000,219.5,1,219.0,216,219.5,66,1,2021-12-17 09:00:37
1639731637871805000,219.5,5,219.0,216,219.5,61,1,2021-12-17 09:00:37
1639731637874114000,219.5,1,219.0,216,219.5,60,1,2021-12-17 09:00:37
1639731637919053000,219.5,1,219.0,216,219.5,59,1,2021-12-17 09:00:37
1639731637926914000,219.5,1,219.0,216,219.5,58,1,2021-12-17 09:00:37
1639731637959760000,219.5,1,219.0,217,219.5,57,1,2021-12-17 09:00:37
1639731637991134000,219.0,1,219.0,217,219.5,57,2,2021-12-17 09:00:37
1639731638009745000,219.5,1,219.0,217,219.5,60,1,2021-12-17 09:00:38
1639731638023588000,219.5,1,219.0,217,219.5,59,1,2021-12-17 09:00:38
1639731638056880000,219.5,2,219.0,217,219.5,61,1,2021-12-17 09:00:38
1639731638064820000,219.5,1,219.0,217,219.5,60,1,2021-12-17 09:00:38
1639731638115910000,219.5,1,219.0,217,219.5,59,1,2021-12-17 09:00:38
1639731638128961000,219.5,1,219.0,217,219.5,58,1,2021-12-17 09:00:38
1639731638133833000,219.5,1,219.0,217,219.5,57,1,2021-12-17 09:00:38
1639731638160937000,219.0,2,219.0,215,219.5,57,2,2021-12-17 09:00:38
1639731638178501000,219.5,2,219.0,217,219.5,55,1,2021-12-17 09:00:38
1639731638220806000,219.5,5,219.0,218,219.5,50,1,2021-12-17 09:00:38
1639731638239191000,219.0,1,219.0,217,219.5,54,2,2021-12-17 09:00:38
1639731638245673000,219.5,1,219.0,217,219.5,53,1,2021-12-17 09:00:38
1639731638281848000,219.5,1,219.0,218,219.5,52,1,2021-12-17 09:00:38
1639731638303561000,219.5,1,219.0,218,219.5,51,1,2021-12-17 09:00:38
1639731638323477000,219.5,1,219.0,220,219.5,50,1,2021-12-17 09:00:38
1639731638363414000,219.5,3,219.0,221,219.5,47,1,2021-12-17 09:00:38
1639731638414917000,219.5,1,219.0,221,219.5,46,1,2021-12-17 09:00:38
1639731638437412000,219.5,5,219.0,225,219.5,42,1,2021-12-17 09:00:38
1639731638496816000,219.5,2,219.0,227,219.5,44,1,2021-12-17 09:00:38
1639731638505080000,219.5,1,219.0,227,219.5,43,1,2021-12-17 09:00:38
1639731638521402000,219.5,1,219.0,227,219.5,50,1,2021-12-17 09:00:38
1639731638522941000,219.5,1,219.0,227,219.5,49,1,2021-12-17 09:00:38
1639731638523120000,219.5,1,219.0,227,219.5,48,1,2021-12-17 09:00:38
1639731638551968000,219.5,1,219.0,228,219.5,47,1,2021-12-17 09:00:38
1639731638560131000,219.5,1,219.0,228,219.5,46,1,2021-12-17 09:00:38
1639731638585832000,219.5,3,219.0,228,219.5,50,1,2021-12-17 09:00:38
1639731638592919000,219.5,1,219.0,228,219.5,49,1,2021-12-17 09:00:38
1639731638597712000,219.5,2,219.0,228,219.5,47,1,2021-12-17 09:00:38
1639731638601956000,219.5,1,219.0,229,219.5,46,1,2021-12-17 09:00:38
1639731638605603000,219.5,1,219.0,229,219.5,45,1,2021-12-17 09:00:38
1639731638607010000,219.5,1,219.0,229,219.5,44,1,2021-12-17 09:00:38
1639731638613882000,219.5,1,219.0,229,219.5,43,1,2021-12-17 09:00:38
1639731638621508000,219.5,1,219.0,229,219.5,42,1,2021-12-17 09:00:38
1639731638645633000,219.5,1,219.0,229,219.5,51,1,2021-12-17 09:00:38
1639731638650457000,219.5,10,219.0,229,219.5,41,1,2021-12-17 09:00:38
1639731638670184000,219.5,1,219.0,229,219.5,45,1,2021-12-17 09:00:38
1639731638699097000,219.5,1,219.0,229,219.5,44,1,2021-12-17 09:00:38
1639731638703918000,219.5,1,219.0,229,219.5,43,1,2021-12-17 09:00:38
1639731638758141000,219.5,1,219.0,230,219.5,42,1,2021-12-17 09:00:38
1639731638775667000,219.5,1,219.0,230,219.5,41,1,2021-12-17 09:00:38
1639731638862969000,219.5,1,219.0,231,219.5,52,1,2021-12-17 09:00:38
1639731638949058000,219.5,2,219.0,234,219.5,55,1,2021-12-17 09:00:38
1639731638964877000,219.5,1,219.0,234,219.5,54,1,2021-12-17 09:00:38
1639731638976071000,219.5,1,219.0,235,219.5,53,1,2021-12-17 09:00:38
1639731639010188000,219.5,1,219.0,235,219.5,54,1,2021-12-17 09:00:39
1639731639040861000,219.5,1,219.0,235,219.5,53,1,2021-12-17 09:00:39
1639731639075345000,219.5,1,219.0,236,219.5,52,1,2021-12-17 09:00:39
1639731639080822000,219.5,1,219.0,236,219.5,51,1,2021-12-17 09:00:39
1639731639146611000,219.5,1,219.0,237,219.5,50,1,2021-12-17 09:00:39
1639731639156962000,219.5,1,219.0,237,219.5,49,1,2021-12-17 09:00:39
1639731639172221000,219.5,1,219.0,237,219.5,48,1,2021-12-17 09:00:39
1639731639192283000,219.5,1,219.0,237,219.5,47,1,2021-12-17 09:00:39
1639731639218618000,219.5,1,219.0,237,219.5,47,1,2021-12-17 09:00:39
1639731639258004000,219.5,1,219.0,238,219.5,46,1,2021-12-17 09:00:39
1639731639270568000,219.5,5,219.0,238,219.5,41,1,2021-12-17 09:00:39
1639731639274246000,219.5,1,219.0,238,219.5,40,1,2021-12-17 09:00:39
1639731639302064000,219.5,2,219.0,241,219.5,38,1,2021-12-17 09:00:39
1639731639313666000,219.5,1,219.0,241,219.5,37,1,2021-12-17 09:00:39
1639731639338500000,219.5,2,219.0,243,219.5,35,1,2021-12-17 09:00:39
1639731639339570000,219.0,1,219.0,242,219.5,35,2,2021-12-17 09:00:39
1639731639362973000,219.5,2,219.0,242,219.5,33,1,2021-12-17 09:00:39
1639731639366121000,219.5,2,219.0,242,219.5,31,1,2021-12-17 09:00:39
1639731639431206000,219.5,10,219.0,242,219.5,21,1,2021-12-17 09:00:39
1639731639447628000,219.5,1,219.0,242,219.5,30,1,2021-12-17 09:00:39
1639731639464638000,219.5,1,219.0,242,219.5,29,1,2021-12-17 09:00:39
1639731639473761000,219.5,1,219.0,242,219.5,28,1,2021-12-17 09:00:39
1639731639488887000,219.5,1,219.0,242,219.5,27,1,2021-12-17 09:00:39
1639731639576664000,219.5,1,219.0,242,219.5,26,1,2021-12-17 09:00:39
1639731639608890000,219.5,2,219.0,244,219.5,34,1,2021-12-17 09:00:39
1639731639610241000,219.5,1,219.0,244,219.5,33,1,2021-12-17 09:00:39
1639731639711188000,219.5,1,219.0,245,219.5,32,1,2021-12-17 09:00:39
1639731639741908000,219.5,1,219.0,246,219.5,31,1,2021-12-17 09:00:39
1639731639794591000,219.5,1,219.0,247,219.5,30,1,2021-12-17 09:00:39
1639731639794639000,219.5,1,219.0,247,219.5,30,1,2021-12-17 09:00:39
1639731639809631000,219.5,1,219.0,246,219.5,29,1,2021-12-17 09:00:39
1639731639822366000,219.5,1,219.0,247,219.5,28,1,2021-12-17 09:00:39
1639731639837719000,219.5,1,219.0,247,219.5,30,1,2021-12-17 09:00:39
1639731639842778000,219.5,1,219.0,247,219.5,29,1,2021-12-17 09:00:39
1639731639850380000,219.5,1,219.0,249,219.5,28,1,2021-12-17 09:00:39
1639731639853240000,219.5,4,219.0,249,219.5,24,1,2021-12-17 09:00:39
1639731639883082000,219.5,1,219.0,249,219.5,23,1,2021-12-17 09:00:39
1639731639894469000,219.5,1,219.0,249,219.5,22,1,2021-12-17 09:00:39
1639731639981383000,219.5,2,219.0,250,219.5,20,1,2021-12-17 09:00:39
1639731640012112000,219.5,1,219.0,250,219.5,19,1,2021-12-17 09:00:40
1639731640143587000,219.5,1,219.0,255,219.5,19,1,2021-12-17 09:00:40
1639731640158191000,219.5,1,219.0,255,219.5,18,1,2021-12-17 09:00:40
1639731640265053000,219.5,1,219.0,256,219.5,17,1,2021-12-17 09:00:40
1639731640333756000,219.5,1,219.0,256,219.5,23,1,2021-12-17 09:00:40
1639731640399206000,219.5,1,219.0,256,219.5,20,1,2021-12-17 09:00:40
1639731640399982000,219.5,2,219.0,256,219.5,20,1,2021-12-17 09:00:40
1639731640401342000,219.5,1,219.0,256,219.5,19,1,2021-12-17 09:00:40
1639731640533561000,219.5,1,219.0,257,219.5,221,1,2021-12-17 09:00:40
1639731640579844000,219.5,1,219.0,259,219.5,220,1,2021-12-17 09:00:40
1639731640585881000,219.5,9,219.0,259,219.5,211,1,2021-12-17 09:00:40
1639731640602027000,219.5,1,219.0,259,219.5,210,1,2021-12-17 09:00:40
1639731640716247000,219.5,1,219.0,259,219.5,214,1,2021-12-17 09:00:40
1639731640780126000,219.5,1,219.0,266,219.5,213,1,2021-12-17 09:00:40
1639731640789595000,219.5,1,219.0,266,219.5,214,1,2021-12-17 09:00:40
1639731640839756000,219.5,1,219.0,267,219.5,213,1,2021-12-17 09:00:40
1639731640887483000,219.5,2,219.0,267,219.5,211,1,2021-12-17 09:00:40
1639731640889942000,219.5,1,219.0,267,219.5,210,1,2021-12-17 09:00:40
1639731640955967000,219.5,1,219.0,268,219.5,210,1,2021-12-17 09:00:40
1639731640956133000,219.5,1,219.0,268,219.5,209,1,2021-12-17 09:00:40
1639731640989982000,219.5,1,219.0,268,219.5,208,1,2021-12-17 09:00:40
1639731641045179000,219.5,1,219.0,276,219.5,207,1,2021-12-17 09:00:41
1639731641085444000,219.5,1,219.0,276,219.5,206,1,2021-12-17 09:00:41
1639731641124238000,219.5,1,219.0,277,219.5,205,1,2021-12-17 09:00:41
1639731641157604000,219.5,2,219.0,278,219.5,203,1,2021-12-17 09:00:41
1639731641259357000,219.5,1,219.0,278,219.5,202,1,2021-12-17 09:00:41
1639731641269221000,219.5,2,219.0,278,219.5,200,1,2021-12-17 09:00:41
1639731641322305000,219.5,10,219.0,279,219.5,190,1,2021-12-17 09:00:41
1639731641396783000,219.5,1,219.0,279,219.5,207,1,2021-12-17 09:00:41
1639731641397263000,219.5,1,219.0,279,219.5,206,1,2021-12-17 09:00:41
1639731641437177000,219.5,1,219.0,279,219.5,205,1,2021-12-17 09:00:41
1639731641439082000,219.5,1,219.0,279,219.5,204,1,2021-12-17 09:00:41
1639731641447179000,219.5,1,219.0,279,219.5,203,1,2021-12-17 09:00:41
1639731641544109000,219.5,1,219.0,282,219.5,207,1,2021-12-17 09:00:41
1639731641555554000,219.5,1,219.0,282,219.5,206,1,2021-12-17 09:00:41
1639731641572064000,219.0,1,219.0,281,219.5,206,2,2021-12-17 09:00:41
1639731641577989000,219.5,2,219.0,282,219.5,204,1,2021-12-17 09:00:41
1639731641598148000,219.5,1,219.0,282,219.5,203,1,2021-12-17 09:00:41
1639731641625601000,219.5,10,219.0,282,219.5,193,1,2021-12-17 09:00:41
1639731641648733000,219.5,1,219.0,283,219.5,192,1,2021-12-17 09:00:41
1639731641689257000,219.5,1,219.0,283,219.5,191,1,2021-12-17 09:00:41
1639731641707015000,219.5,1,219.0,283,219.5,191,1,2021-12-17 09:00:41
1639731641717338000,219.5,1,219.0,283,219.5,190,1,2021-12-17 09:00:41
1639731641724466000,219.5,2,219.0,284,219.5,188,1,2021-12-17 09:00:41
1639731641729884000,219.5,1,219.0,284,219.5,187,1,2021-12-17 09:00:41
1639731641731926000,219.5,1,219.0,284,219.5,186,1,2021-12-17 09:00:41
1639731641742686000,219.5,1,219.0,284,219.5,191,1,2021-12-17 09:00:41
1639731641765072000,219.5,1,219.0,284,219.5,190,1,2021-12-17 09:00:41
1639731641772722000,219.0,2,219.0,282,219.5,190,2,2021-12-17 09:00:41
1639731641809343000,219.5,2,219.0,283,219.5,188,1,2021-12-17 09:00:41
1639731641844357000,219.5,1,219.0,283,219.5,187,1,2021-12-17 09:00:41
1639731641883491000,219.0,10,219.0,273,219.5,187,2,2021-12-17 09:00:41
1639731641909087000,219.5,1,219.0,273,219.5,186,1,2021-12-17 09:00:41
1639731641940639000,219.5,1,219.0,273,219.5,185,1,2021-12-17 09:00:41
1639731641944670000,219.5,2,219.0,273,219.5,183,1,2021-12-17 09:00:41
1639731641959145000,219.5,4,219.0,273,219.5,179,1,2021-12-17 09:00:41
1639731641961518000,219.5,2,219.0,273,219.5,177,1,2021-12-17 09:00:41
1639731641974155000,219.5,1,219.0,274,219.5,176,1,2021-12-17 09:00:41
1639731641984447000,219.5,1,219.0,274,219.5,175,1,2021-12-17 09:00:41
1639731642027053000,219.0,10,219.0,267,219.5,175,2,2021-12-17 09:00:42
1639731642031698000,219.5,1,219.0,267,219.5,174,1,2021-12-17 09:00:42
1639731642072391000,219.5,1,219.0,269,219.5,173,1,2021-12-17 09:00:42
1639731642121053000,219.5,1,219.0,270,219.5,172,1,2021-12-17 09:00:42
1639731642153282000,219.5,1,219.0,270,219.5,171,1,2021-12-17 09:00:42
1639731642190655000,219.5,1,219.0,272,219.5,172,1,2021-12-17 09:00:42
1639731642346369000,219.5,1,219.0,273,219.5,171,1,2021-12-17 09:00:42
1639731642423687000,219.5,20,219.0,275,219.5,151,1,2021-12-17 09:00:42
1639731642490013000,219.5,1,219.0,275,219.5,150,1,2021-12-17 09:00:42
1639731642490647000,219.5,2,219.0,275,219.5,150,1,2021-12-17 09:00:42
1639731642572240000,219.5,1,219.0,277,219.5,149,1,2021-12-17 09:00:42
1639731642575057000,219.0,3,219.0,274,219.5,149,2,2021-12-17 09:00:42
1639731642615957000,219.5,1,219.0,274,219.5,148,1,2021-12-17 09:00:42
1639731642643407000,219.5,1,219.0,274,219.5,147,1,2021-12-17 09:00:42
1639731642666231000,219.5,1,219.0,274,219.5,145,1,2021-12-17 09:00:42
1639731642666543000,219.5,1,219.0,274,219.5,145,1,2021-12-17 09:00:42
1639731642824415000,219.5,1,219.0,277,219.5,144,1,2021-12-17 09:00:42
1639731642863863000,219.0,1,219.0,276,219.5,146,2,2021-12-17 09:00:42
1639731642905469000,219.5,1,219.0,276,219.5,146,1,2021-12-17 09:00:42
1639731642928771000,219.5,2,219.0,276,219.5,146,1,2021-12-17 09:00:42
1639731642949382000,219.5,1,219.0,276,219.5,145,1,2021-12-17 09:00:42
1639731642990310000,219.5,1,219.0,276,219.5,148,1,2021-12-17 09:00:42
1639731643097112000,219.5,1,219.0,279,219.5,147,1,2021-12-17 09:00:43
1639731643098446000,219.5,1,219.0,279,219.5,146,1,2021-12-17 09:00:43
1639731643123013000,219.5,2,219.0,279,219.5,146,1,2021-12-17 09:00:43
1639731643175576000,219.5,3,219.0,281,219.5,143,1,2021-12-17 09:00:43
1639731643183636000,219.5,1,219.0,280,219.5,142,1,2021-12-17 09:00:43
1639731643267612000,219.5,1,219.0,282,219.5,143,1,2021-12-17 09:00:43
1639731643278055000,219.5,1,219.0,282,219.5,142,1,2021-12-17 09:00:43
1639731643350421000,219.0,1,219.0,283,219.5,142,2,2021-12-17 09:00:43
1639731643400323000,219.5,1,219.0,284,219.5,141,1,2021-12-17 09:00:43
1639731643456174000,219.5,1,219.0,285,219.5,142,1,2021-12-17 09:00:43
1639731643511557000,219.5,1,219.0,285,219.5,141,1,2021-12-17 09:00:43
1639731643513653000,219.5,1,219.0,285,219.5,140,1,2021-12-17 09:00:43
1639731643530105000,219.0,1,219.0,284,219.5,140,2,2021-12-17 09:00:43
1639731643551465000,219.5,10,219.0,285,219.5,130,1,2021-12-17 09:00:43
1639731643559733000,219.5,2,219.0,285,219.5,128,1,2021-12-17 09:00:43
1639731643576764000,219.0,10,219.0,275,219.5,128,2,2021-12-17 09:00:43
1639731643577686000,219.0,2,219.0,273,219.5,128,2,2021-12-17 09:00:43
1639731643600951000,219.5,1,219.0,274,219.5,127,1,2021-12-17 09:00:43
1639731643660268000,219.5,1,219.0,273,219.5,127,1,2021-12-17 09:00:43
1639731643695143000,219.0,2,219.0,271,219.5,127,2,2021-12-17 09:00:43
1639731643705121000,219.0,2,219.0,269,219.5,127,2,2021-12-17 09:00:43
1639731643743749000,219.5,1,219.0,269,219.5,129,1,2021-12-17 09:00:43
1639731643765919000,219.5,1,219.0,270,219.5,128,1,2021-12-17 09:00:43
1639731643786840000,219.5,1,219.0,270,219.5,127,1,2021-12-17 09:00:43
1639731643792395000,219.5,1,219.0,270,219.5,126,1,2021-12-17 09:00:43
1639731643833372000,219.5,3,219.0,270,219.5,123,1,2021-12-17 09:00:43
1639731643866862000,219.5,3,219.0,270,219.5,120,1,2021-12-17 09:00:43
1639731643872285000,219.5,1,219.0,270,219.5,119,1,2021-12-17 09:00:43
1639731643881331000,219.0,4,219.0,266,219.5,119,2,2021-12-17 09:00:43
1639731643923429000,219.5,1,219.0,266,219.5,118,1,2021-12-17 09:00:43
1639731643994126000,219.5,1,219.0,267,219.5,117,1,2021-12-17 09:00:43
1639731644079175000,219.5,1,219.0,270,219.5,117,1,2021-12-17 09:00:44
1639731644252336000,219.5,1,219.0,274,219.5,116,1,2021-12-17 09:00:44
1639731644256088000,219.5,1,219.0,274,219.5,115,1,2021-12-17 09:00:44
1639731644337216000,219.0,2,219.0,272,219.5,117,2,2021-12-17 09:00:44
1639731644356608000,219.5,2,219.0,272,219.5,117,1,2021-12-17 09:00:44
1639731644369636000,219.0,6,219.0,266,219.5,117,2,2021-12-17 09:00:44
1639731644377322000,219.0,2,219.0,264,219.5,117,2,2021-12-17 09:00:44
1639731644393838000,219.5,1,219.0,264,219.5,116,1,2021-12-17 09:00:44
1639731644412034000,219.5,1,219.0,264,219.5,118,1,2021-12-17 09:00:44
1639731644487356000,219.0,2,219.0,262,219.5,129,2,2021-12-17 09:00:44
1639731644508259000,219.5,2,219.0,262,219.5,128,1,2021-12-17 09:00:44
1639731644519670000,219.0,2,219.0,261,219.5,128,2,2021-12-17 09:00:44
1639731644609483000,219.5,1,219.0,262,219.5,133,1,2021-12-17 09:00:44
1639731644631566000,219.5,1,219.0,263,219.5,132,1,2021-12-17 09:00:44
1639731644721998000,219.0,2,219.0,262,219.5,129,2,2021-12-17 09:00:44
1639731644819318000,219.5,5,219.0,262,219.5,128,1,2021-12-17 09:00:44
1639731644850992000,219.5,1,219.0,263,219.5,127,1,2021-12-17 09:00:44
1639731644911905000,219.5,1,219.0,263,219.5,126,1,2021-12-17 09:00:44
1639731645043869000,219.5,1,219.0,266,219.5,125,1,2021-12-17 09:00:45
1639731645194691000,219.5,1,219.0,270,219.5,126,1,2021-12-17 09:00:45
1639731645220399000,219.5,1,219.0,270,219.5,125,1,2021-12-17 09:00:45
1639731645271124000,219.0,1,219.0,269,219.5,125,2,2021-12-17 09:00:45
1639731645452886000,219.5,1,219.0,272,219.5,127,1,2021-12-17 09:00:45
1639731645467473000,219.5,2,219.0,272,219.5,125,1,2021-12-17 09:00:45
1639731645488231000,219.5,2,219.0,272,219.5,123,1,2021-12-17 09:00:45
1639731645523851000,219.5,1,219.0,273,219.5,122,1,2021-12-17 09:00:45
1639731645648036000,219.0,2,219.0,272,219.5,124,2,2021-12-17 09:00:45
1639731645722743000,219.5,1,219.0,276,219.5,124,1,2021-12-17 09:00:45
1639731645821737000,219.5,5,219.0,277,219.5,119,1,2021-12-17 09:00:45
1639731645840355000,219.5,1,219.0,278,219.5,118,1,2021-12-17 09:00:45
1639731645845483000,219.5,1,219.0,278,219.5,117,1,2021-12-17 09:00:45
1639731645857525000,219.0,5,219.0,273,219.5,117,2,2021-12-17 09:00:45
1639731645860293000,219.0,4,219.0,269,219.5,117,2,2021-12-17 09:00:45
1639731645891871000,219.5,1,219.0,268,219.5,117,1,2021-12-17 09:00:45
1639731645918715000,219.5,5,219.0,268,219.5,112,1,2021-12-17 09:00:45
1639731645994314000,219.5,2,219.0,268,219.5,110,1,2021-12-17 09:00:45
1639731646116666000,219.0,1,219.0,268,219.5,112,2,2021-12-17 09:00:46
1639731646164638000,219.5,1,219.0,268,219.5,111,1,2021-12-17 09:00:46
1639731646245178000,219.5,2,219.0,268,219.5,110,1,2021-12-17 09:00:46
1639731646367185000,219.5,2,219.0,268,219.5,108,1,2021-12-17 09:00:46
1639731646378616000,219.5,1,219.0,268,219.5,107,1,2021-12-17 09:00:46
1639731646400448000,219.5,1,219.0,268,219.5,106,1,2021-12-17 09:00:46
1639731646442933000,219.5,1,219.0,268,219.5,105,1,2021-12-17 09:00:46
1639731646472794000,219.5,1,219.0,269,219.5,104,1,2021-12-17 09:00:46
1639731646627159000,219.5,1,219.0,269,219.5,130,1,2021-12-17 09:00:46
1639731646742587000,219.5,1,219.0,270,219.5,133,1,2021-12-17 09:00:46
1639731646784466000,219.5,1,219.0,266,219.5,142,1,2021-12-17 09:00:46
1639731646784765000,219.0,4,219.0,266,219.5,142,2,2021-12-17 09:00:46
1639731646820244000,219.0,8,219.0,259,219.5,142,2,2021-12-17 09:00:46
1639731646821521000,219.0,2,219.0,257,219.5,142,2,2021-12-17 09:00:46
1639731646823358000,219.5,1,219.0,257,219.5,141,1,2021-12-17 09:00:46
1639731646859079000,219.5,1,219.0,257,219.5,143,1,2021-12-17 09:00:46
1639731646879708000,219.0,10,219.0,247,219.5,143,2,2021-12-17 09:00:46
1639731646904703000,219.0,1,219.0,247,219.5,143,2,2021-12-17 09:00:46
1639731646951750000,219.0,2,219.0,245,219.5,143,2,2021-12-17 09:00:46
1639731646996111000,219.0,1,219.0,244,219.5,148,2,2021-12-17 09:00:46
1639731647131080000,219.5,1,219.0,246,219.5,154,1,2021-12-17 09:00:47
1639731647196813000,219.5,1,219.0,246,219.5,153,1,2021-12-17 09:00:47
1639731647217390000,219.5,5,219.0,246,219.5,148,1,2021-12-17 09:00:47
1639731647249697000,219.5,1,219.0,247,219.5,147,1,2021-12-17 09:00:47
1639731647277048000,219.5,1,219.0,250,219.5,146,1,2021-12-17 09:00:47
1639731647323579000,219.0,2,219.0,248,219.5,146,2,2021-12-17 09:00:47
1639731647356567000,219.5,2,219.0,248,219.5,146,1,2021-12-17 09:00:47
1639731647410595000,219.0,2,219.0,246,219.5,151,2,2021-12-17 09:00:47
1639731647504394000,219.0,10,219.0,236,219.5,154,2,2021-12-17 09:00:47
1639731647560513000,219.0,2,219.0,234,219.5,154,2,2021-12-17 09:00:47
1639731647636457000,219.5,1,219.0,235,219.5,153,1,2021-12-17 09:00:47
1639731647644275000,219.0,1,219.0,237,219.5,153,2,2021-12-17 09:00:47
1639731647723032000,219.0,2,219.0,236,219.5,153,2,2021-12-17 09:00:47
1639731647725300000,219.0,2,219.0,234,219.5,153,2,2021-12-17 09:00:47
1639731647755602000,219.5,1,219.0,234,219.5,152,1,2021-12-17 09:00:47
1639731647760695000,219.5,1,219.0,234,219.5,151,1,2021-12-17 09:00:47
1639731647900943000,219.5,1,219.0,235,219.5,151,1,2021-12-17 09:00:47
1639731647936216000,219.5,2,219.0,235,219.5,150,1,2021-12-17 09:00:47
1639731648182412000,219.0,2,219.0,231,219.5,198,2,2021-12-17 09:00:48
1639731648185291000,219.5,1,219.0,231,219.5,197,1,2021-12-17 09:00:48
1639731648399913000,219.5,1,219.0,234,219.5,197,1,2021-12-17 09:00:48
1639731648428543000,219.5,1,219.0,234,219.5,196,1,2021-12-17 09:00:48
1639731648456314000,219.5,1,219.0,234,219.5,195,1,2021-12-17 09:00:48
1639731648457888000,219.5,1,219.0,234,219.5,194,1,2021-12-17 09:00:48
1639731648552372000,219.5,1,219.0,235,219.5,193,1,2021-12-17 09:00:48
1639731648649966000,219.0,2,219.0,234,219.5,190,2,2021-12-17 09:00:48
1639731648673181000,219.0,2,219.0,232,219.5,190,2,2021-12-17 09:00:48
1639731648720008000,219.5,1,219.0,232,219.5,192,1,2021-12-17 09:00:48
1639731648734470000,219.5,1,219.0,232,219.5,191,1,2021-12-17 09:00:48
1639731648784221000,219.5,1,219.0,232,219.5,191,1,2021-12-17 09:00:48
1639731648852903000,219.5,1,219.0,233,219.5,191,1,2021-12-17 09:00:48
1639731649012889000,219.5,30,219.0,233,219.5,161,1,2021-12-17 09:00:49
1639731649154332000,219.0,1,219.0,236,219.5,168,2,2021-12-17 09:00:49
1639731649172443000,219.5,1,219.0,236,219.5,166,1,2021-12-17 09:00:49
1639731649172467000,219.5,1,219.0,236,219.5,166,1,2021-12-17 09:00:49
1639731649270011000,219.5,1,219.0,236,219.5,165,1,2021-12-17 09:00:49
1639731649298675000,219.5,1,219.0,237,219.5,166,1,2021-12-17 09:00:49
1639731649372793000,219.0,1,219.0,237,219.5,170,2,2021-12-17 09:00:49
1639731649736937000,219.5,10,219.0,243,219.5,164,1,2021-12-17 09:00:49
1639731649828387000,219.5,1,219.0,243,219.5,163,1,2021-12-17 09:00:49
1639731649866976000,219.5,1,219.0,245,219.5,162,1,2021-12-17 09:00:49
1639731649917878000,219.5,2,219.0,245,219.5,165,1,2021-12-17 09:00:49
1639731650018025000,219.5,1,219.0,248,219.5,166,1,2021-12-17 09:00:50
1639731650021341000,219.5,3,219.0,248,219.5,163,1,2021-12-17 09:00:50
1639731650082771000,219.5,1,219.0,248,219.5,163,1,2021-12-17 09:00:50
1639731650092711000,219.5,4,219.0,248,219.5,165,1,2021-12-17 09:00:50
1639731650269230000,219.0,2,219.0,249,219.5,167,2,2021-12-17 09:00:50
1639731650327095000,219.5,1,219.0,249,219.5,170,1,2021-12-17 09:00:50
1639731650373550000,219.0,4,219.0,245,219.5,170,2,2021-12-17 09:00:50
1639731650503435000,219.0,8,219.0,237,219.5,162,2,2021-12-17 09:00:50
1639731650528179000,219.5,1,219.0,236,219.5,161,1,2021-12-17 09:00:50
1639731650539198000,219.5,1,219.0,236,219.5,160,1,2021-12-17 09:00:50
1639731650652071000,219.5,1,219.0,237,219.5,179,1,2021-12-17 09:00:50
1639731650709005000,219.5,1,219.0,237,219.5,178,1,2021-12-17 09:00:50
1639731650800280000,219.5,2,219.0,242,219.5,176,1,2021-12-17 09:00:50
1639731650865185000,219.5,1,219.0,242,219.5,175,1,2021-12-17 09:00:50
1639731650948885000,219.0,1,219.0,242,219.5,175,2,2021-12-17 09:00:50
1639731651098445000,219.5,1,219.0,245,219.5,174,1,2021-12-17 09:00:51
1639731651111200000,219.5,1,219.0,245,219.5,173,1,2021-12-17 09:00:51
1639731651125304000,219.5,1,219.0,245,219.5,172,1,2021-12-17 09:00:51
1639731651137289000,219.5,3,219.0,245,219.5,169,1,2021-12-17 09:00:51
1639731651314915000,219.0,4,219.0,245,219.5,172,2,2021-12-17 09:00:51
1639731651324365000,219.0,4,219.0,241,219.5,172,2,2021-12-17 09:00:51
1639731651346485000,219.0,4,219.0,238,219.5,176,2,2021-12-17 09:00:51
1639731651355984000,219.0,4,219.0,234,219.5,176,2,2021-12-17 09:00:51
1639731651358554000,219.0,1,219.0,233,219.5,176,2,2021-12-17 09:00:51
1639731651371425000,219.0,1,219.0,232,219.5,176,2,2021-12-17 09:00:51
1639731651378253000,219.0,4,219.0,228,219.5,176,2,2021-12-17 09:00:51
1639731651388257000,219.0,4,219.0,225,219.5,176,2,2021-12-17 09:00:51
1639731651496377000,219.5,1,219.0,226,219.5,175,1,2021-12-17 09:00:51
1639731651562887000,219.5,1,219.0,246,219.5,175,1,2021-12-17 09:00:51
1639731651735061000,219.5,2,219.0,250,219.5,173,1,2021-12-17 09:00:51
1639731651752124000,219.5,1,219.0,250,219.5,172,1,2021-12-17 09:00:51
1639731651793299000,219.0,1,219.0,250,219.5,172,2,2021-12-17 09:00:51
1639731651979040000,219.5,1,219.0,254,219.5,171,1,2021-12-17 09:00:51
1639731651980698000,219.5,2,219.0,254,219.5,169,1,2021-12-17 09:00:51
1639731652114376000,219.5,2,219.0,254,219.5,167,1,2021-12-17 09:00:52
1639731652208557000,219.5,1,219.0,257,219.5,166,1,2021-12-17 09:00:52
1639731652236080000,219.5,1,219.0,258,219.5,165,1,2021-12-17 09:00:52
1639731652349434000,219.5,1,219.0,258,219.5,166,1,2021-12-17 09:00:52
1639731652352573000,219.5,2,219.0,258,219.5,164,1,2021-12-17 09:00:52
1639731652647835000,219.5,1,219.0,259,219.5,164,1,2021-12-17 09:00:52
1639731652700465000,219.5,1,219.0,259,219.5,163,1,2021-12-17 09:00:52
1639731652703115000,219.5,1,219.0,259,219.5,162,1,2021-12-17 09:00:52
1639731652861657000,219.5,2,219.0,261,219.5,162,1,2021-12-17 09:00:52
1639731653142101000,219.5,1,219.0,265,219.5,169,1,2021-12-17 09:00:53
1639731653492886000,219.0,1,219.0,272,219.5,178,2,2021-12-17 09:00:53
1639731653543433000,219.5,1,219.0,272,219.5,177,1,2021-12-17 09:00:53
1639731653730463000,219.5,1,219.0,289,219.5,177,1,2021-12-17 09:00:53
1639731653808664000,219.0,1,219.0,288,219.5,190,2,2021-12-17 09:00:53
1639731653824913000,219.5,1,219.0,288,219.5,189,1,2021-12-17 09:00:53
1639731653894293000,219.0,5,219.0,283,219.5,189,2,2021-12-17 09:00:53
1639731653921257000,219.0,3,219.0,280,219.5,189,2,2021-12-17 09:00:53
1639731653976570000,219.5,2,219.0,281,219.5,187,1,2021-12-17 09:00:53
1639731654107786000,219.5,1,219.0,285,219.5,186,1,2021-12-17 09:00:54
1639731654180909000,219.5,10,219.0,285,219.5,174,1,2021-12-17 09:00:54
1639731654204115000,219.5,1,219.0,285,219.5,173,1,2021-12-17 09:00:54
1639731654256023000,219.5,1,219.0,286,219.5,172,1,2021-12-17 09:00:54
1639731654340061000,219.0,1,219.0,285,219.5,173,2,2021-12-17 09:00:54
1639731654366557000,219.5,1,219.0,285,219.5,172,1,2021-12-17 09:00:54
1639731654425058000,219.5,2,219.0,285,219.5,170,1,2021-12-17 09:00:54
1639731654494868000,219.5,11,219.0,285,219.5,160,1,2021-12-17 09:00:54
1639731654544279000,219.5,1,219.0,285,219.5,156,1,2021-12-17 09:00:54
1639731654590159000,219.0,1,219.0,285,219.5,156,2,2021-12-17 09:00:54
1639731654609243000,219.0,7,219.0,278,219.5,158,2,2021-12-17 09:00:54
1639731654644930000,219.0,30,219.0,248,219.5,165,2,2021-12-17 09:00:54
1639731654750254000,219.5,15,219.0,249,219.5,152,1,2021-12-17 09:00:54
1639731654792385000,219.0,50,219.0,203,219.5,152,2,2021-12-17 09:00:54
1639731654965791000,219.5,1,219.0,205,219.5,151,1,2021-12-17 09:00:54
1639731654998170000,219.5,6,219.0,205,219.5,146,1,2021-12-17 09:00:54
1639731655048786000,219.0,1,219.0,204,219.5,147,2,2021-12-17 09:00:55
1639731655074572000,219.5,1,219.0,204,219.5,146,1,2021-12-17 09:00:55
1639731655095099000,219.5,1,219.0,204,219.5,145,1,2021-12-17 09:00:55
1639731655103860000,219.5,2,219.0,204,219.5,143,1,2021-12-17 09:00:55
1639731655475939000,219.5,1,219.0,211,219.5,166,1,2021-12-17 09:00:55
1639731655601961000,219.5,2,219.0,214,219.5,165,1,2021-12-17 09:00:55
1639731655660852000,219.5,5,219.0,215,219.5,162,1,2021-12-17 09:00:55
1639731655803234000,219.5,1,219.0,217,219.5,162,1,2021-12-17 09:00:55
1639731655959688000,219.5,1,219.0,216,219.5,161,1,2021-12-17 09:00:55
1639731656012271000,219.0,9,219.0,209,219.5,162,2,2021-12-17 09:00:56
1639731656026511000,219.0,1,219.0,208,219.5,162,2,2021-12-17 09:00:56
1639731656064321000,219.5,1,219.0,209,219.5,161,1,2021-12-17 09:00:56
1639731656092630000,219.0,2,219.0,207,219.5,161,2,2021-12-17 09:00:56
1639731656105859000,219.5,3,219.0,207,219.5,158,1,2021-12-17 09:00:56
1639731656155870000,219.5,1,219.0,207,219.5,158,1,2021-12-17 09:00:56
1639731656277826000,219.0,1,219.0,207,219.5,155,2,2021-12-17 09:00:56
1639731656408554000,219.0,1,219.0,206,219.5,155,2,2021-12-17 09:00:56
1639731656419874000,219.0,2,219.0,204,219.5,155,2,2021-12-17 09:00:56
1639731656611022000,219.5,1,219.0,205,219.5,164,1,2021-12-17 09:00:56
1639731656612574000,219.5,4,219.0,205,219.5,160,1,2021-12-17 09:00:56
1639731656929097000,219.0,6,219.0,198,219.5,165,2,2021-12-17 09:00:56
1639731656984234000,219.5,10,219.0,198,219.5,155,1,2021-12-17 09:00:56
1639731657111010000,219.5,5,219.0,198,219.5,149,1,2021-12-17 09:00:57
1639731657214837000,219.5,1,219.0,198,219.5,149,1,2021-12-17 09:00:57
1639731657221651000,219.0,1,219.0,197,219.5,149,2,2021-12-17 09:00:57
1639731657227139000,219.5,2,219.0,197,219.5,157,1,2021-12-17 09:00:57
1639731657269831000,219.0,2,219.0,195,219.5,157,2,2021-12-17 09:00:57
1639731657294030000,219.0,1,219.0,197,219.5,158,2,2021-12-17 09:00:57
1639731657333984000,219.0,10,219.0,187,219.5,158,2,2021-12-17 09:00:57
1639731657393811000,219.0,2,219.0,188,219.5,160,2,2021-12-17 09:00:57
1639731657472270000,219.0,2,219.0,189,219.5,172,2,2021-12-17 09:00:57
1639731657482859000,219.5,1,219.0,189,219.5,171,1,2021-12-17 09:00:57
1639731657570188000,219.5,1,219.0,189,219.5,176,1,2021-12-17 09:00:57
1639731657605530000,219.5,2,219.0,190,219.5,174,1,2021-12-17 09:00:57
1639731657639981000,219.5,3,219.0,191,219.5,171,1,2021-12-17 09:00:57
1639731657770216000,219.5,1,219.0,191,219.5,170,1,2021-12-17 09:00:57
1639731657831127000,219.5,1,219.0,191,219.5,171,1,2021-12-17 09:00:57
1639731657842066000,219.5,1,219.0,192,219.5,170,1,2021-12-17 09:00:57
1639731657879641000,219.0,1,219.0,192,219.5,170,2,2021-12-17 09:00:57
1639731657883564000,219.5,2,219.0,192,219.5,168,1,2021-12-17 09:00:57
1639731657918785000,219.0,1,219.0,191,219.5,168,2,2021-12-17 09:00:57
1639731657943101000,219.5,1,219.0,202,219.5,167,1,2021-12-17 09:00:57
1639731657975109000,219.0,25,219.0,177,219.5,167,2,2021-12-17 09:00:57
1639731658001785000,219.5,1,219.0,177,219.5,166,1,2021-12-17 09:00:58
1639731658084170000,219.5,1,219.0,183,219.5,170,1,2021-12-17 09:00:58
1639731658087334000,219.5,1,219.0,183,219.5,169,1,2021-12-17 09:00:58
1639731658141979000,219.0,1,219.0,187,219.5,179,2,2021-12-17 09:00:58
1639731658163875000,219.5,2,219.0,187,219.5,188,1,2021-12-17 09:00:58
1639731658170347000,219.0,4,219.0,183,219.5,188,2,2021-12-17 09:00:58
1639731658195142000,219.5,1,219.0,183,219.5,187,1,2021-12-17 09:00:58
1639731658252487000,219.0,111,219.0,72,219.5,188,2,2021-12-17 09:00:58
1639731658286112000,219.0,72,218.5,114,219.5,188,2,2021-12-17 09:00:58
1639731658318082000,219.5,2,218.5,114,219.5,186,1,2021-12-17 09:00:58
1639731658331093000,219.0,1,219.0,1,219.5,186,1,2021-12-17 09:00:58
1639731658354117000,219.0,1,218.5,111,219.0,2,2,2021-12-17 09:00:58
1639731658443733000,219.0,1,218.5,111,219.0,3,1,2021-12-17 09:00:58
1639731658591164000,219.0,1,218.5,111,219.0,4,1,2021-12-17 09:00:58
1639731658625971000,219.0,2,218.5,111,219.0,2,1,2021-12-17 09:00:58
1639731658630408000,219.0,1,218.5,111,219.0,1,1,2021-12-17 09:00:58
1639731658677744000,219.5,1,218.5,113,219.5,183,1,2021-12-17 09:00:58
1639731658679964000,219.5,1,218.5,113,219.5,182,1,2021-12-17 09:00:58
1639731658859179000,218.5,1,218.5,114,219.0,10,2,2021-12-17 09:00:58
1639731658890949000,219.0,1,218.5,114,219.0,13,1,2021-12-17 09:00:58
1639731658894376000,219.0,1,218.5,113,219.0,12,1,2021-12-17 09:00:58
1639731658930426000,218.5,3,218.5,107,219.0,12,2,2021-12-17 09:00:58
1639731658938290000,219.0,1,218.5,107,219.0,11,1,2021-12-17 09:00:58
1639731659072961000,218.5,1,218.5,106,219.0,35,2,2021-12-17 09:00:59
1639731659142390000,218.5,1,218.5,105,219.0,42,2,2021-12-17 09:00:59
1639731659145152000,219.0,1,218.5,105,219.0,41,1,2021-12-17 09:00:59
1639731659156048000,219.0,1,218.5,105,219.0,40,1,2021-12-17 09:00:59
1639731659233686000,219.0,1,218.5,105,219.0,43,1,2021-12-17 09:00:59
1639731659462958000,219.0,2,218.5,104,219.0,54,1,2021-12-17 09:00:59
1639731659467675000,219.0,1,218.5,104,219.0,63,1,2021-12-17 09:00:59
1639731659536785000,218.5,1,218.5,103,219.0,66,2,2021-12-17 09:00:59
1639731659544228000,219.0,1,218.5,103,219.0,65,1,2021-12-17 09:00:59
1639731659585676000,218.5,8,218.5,95,219.0,75,2,2021-12-17 09:00:59
1639731659586124000,219.0,1,218.5,95,219.0,74,1,2021-12-17 09:00:59
1639731659620955000,218.5,5,218.5,90,219.0,77,2,2021-12-17 09:00:59
1639731659754841000,219.0,2,218.5,90,219.0,83,1,2021-12-17 09:00:59
1639731659810571000,219.0,1,218.5,90,219.0,82,1,2021-12-17 09:00:59
1639731659834298000,219.0,1,218.5,90,219.0,89,1,2021-12-17 09:00:59
1639731659869228000,219.0,1,218.5,90,219.0,88,1,2021-12-17 09:00:59
1639731659888232000,218.5,2,218.5,88,219.0,92,2,2021-12-17 09:00:59
1639731659939271000,219.0,2,218.5,87,219.0,90,1,2021-12-17 09:00:59
1639731660045444000,218.5,10,218.5,77,219.0,93,2,2021-12-17 09:01:00
1639731660052603000,219.0,1,218.5,77,219.0,92,1,2021-12-17 09:01:00
1639731660065402000,218.5,10,218.5,67,219.0,92,2,2021-12-17 09:01:00
1639731660077233000,218.5,3,218.5,64,219.0,92,2,2021-12-17 09:01:00
1639731660093298000,219.0,1,218.5,64,219.0,95,1,2021-12-17 09:01:00
1639731660179781000,219.0,1,218.5,64,219.0,94,1,2021-12-17 09:01:00
1639731660231527000,219.0,1,218.5,64,219.0,96,1,2021-12-17 09:01:00
1639731660304243000,218.5,49,218.5,15,219.0,97,2,2021-12-17 09:01:00
1639731660332541000,219.0,1,218.5,15,219.0,97,1,2021-12-17 09:01:00
1639731660337146000,218.5,15,218.0,173,219.0,97,2,2021-12-17 09:01:00
1639731660544201000,218.5,1,218.0,172,218.5,17,1,2021-12-17 09:01:00
1639731660564740000,218.5,1,218.0,172,218.5,16,1,2021-12-17 09:01:00
1639731660565136000,218.5,1,218.0,172,218.5,15,1,2021-12-17 09:01:00
1639731660572157000,218.0,1,218.0,171,218.5,15,2,2021-12-17 09:01:00
1639731660662721000,218.5,1,218.0,171,218.5,25,1,2021-12-17 09:01:00
1639731660687495000,218.0,15,218.0,126,218.5,25,2,2021-12-17 09:01:00
1639731660687925000,218.0,30,218.0,126,218.5,25,2,2021-12-17 09:01:00
1639731660721736000,218.0,2,218.0,124,218.5,26,2,2021-12-17 09:01:00
1639731660726325000,218.5,1,218.0,124,218.5,25,1,2021-12-17 09:01:00
1639731660728388000,218.5,1,218.0,124,218.5,24,1,2021-12-17 09:01:00
1639731660825242000,218.5,1,218.0,124,218.5,23,1,2021-12-17 09:01:00
1639731660875144000,218.5,1,218.0,124,218.5,32,1,2021-12-17 09:01:00
1639731660927111000,218.5,1,218.0,124,218.5,31,1,2021-12-17 09:01:00
1639731660935988000,218.5,1,218.0,124,218.5,30,1,2021-12-17 09:01:00
1639731661102259000,218.5,1,218.0,129,218.5,35,1,2021-12-17 09:01:01
1639731661146509000,218.5,10,218.0,129,218.5,25,1,2021-12-17 09:01:01
1639731661197149000,218.5,1,218.0,132,218.5,24,1,2021-12-17 09:01:01
1639731661200147000,218.0,10,218.0,122,218.5,24,2,2021-12-17 09:01:01
1639731661277283000,218.5,1,218.0,122,218.5,27,1,2021-12-17 09:01:01
1639731661391791000,218.0,10,218.0,113,218.5,32,2,2021-12-17 09:01:01
1639731661411837000,218.5,1,218.0,112,218.5,31,1,2021-12-17 09:01:01
1639731661419363000,218.0,5,218.0,107,218.5,31,2,2021-12-17 09:01:01
1639731661421135000,218.5,1,218.0,107,218.5,30,1,2021-12-17 09:01:01
1639731661511301000,218.5,2,218.0,107,218.5,38,1,2021-12-17 09:01:01
1639731661586781000,218.0,10,218.0,97,218.5,39,2,2021-12-17 09:01:01
1639731661594331000,218.0,10,218.0,87,218.5,39,2,2021-12-17 09:01:01
1639731661602342000,218.0,1,218.0,86,218.5,39,2,2021-12-17 09:01:01
1639731661638307000,218.0,2,218.0,84,218.5,39,2,2021-12-17 09:01:01
1639731661656611000,218.0,2,218.0,80,218.5,39,2,2021-12-17 09:01:01
1639731661656938000,218.0,2,218.0,80,218.5,39,2,2021-12-17 09:01:01
1639731661759277000,218.0,10,218.0,71,218.5,45,2,2021-12-17 09:01:01
1639731661824376000,218.0,10,218.0,61,218.5,45,2,2021-12-17 09:01:01
1639731661846698000,218.5,1,218.0,61,218.5,44,1,2021-12-17 09:01:01
1639731661911386000,218.0,1,218.0,59,218.5,44,2,2021-12-17 09:01:01
1639731661950172000,218.0,2,218.0,57,218.5,44,2,2021-12-17 09:01:01
1639731662095026000,218.5,2,218.0,57,218.5,44,1,2021-12-17 09:01:02
1639731662097357000,218.0,2,218.0,55,218.5,44,2,2021-12-17 09:01:02
1639731662100672000,218.5,2,218.0,55,218.5,43,1,2021-12-17 09:01:02
1639731662162446000,218.0,1,218.0,54,218.5,47,2,2021-12-17 09:01:02
1639731662226661000,218.0,2,218.0,52,218.5,53,2,2021-12-17 09:01:02
1639731662253902000,218.0,1,218.0,51,218.5,55,2,2021-12-17 09:01:02
1639731662258371000,218.5,1,218.0,51,218.5,54,1,2021-12-17 09:01:02
1639731662260888000,218.5,1,218.0,51,218.5,53,1,2021-12-17 09:01:02
1639731662278436000,218.5,2,218.0,51,218.5,51,1,2021-12-17 09:01:02
1639731662282068000,218.5,1,218.0,51,218.5,50,1,2021-12-17 09:01:02
1639731662509521000,218.0,4,218.0,48,218.5,63,2,2021-12-17 09:01:02
1639731662530000000,218.5,1,218.0,48,218.5,68,1,2021-12-17 09:01:02
1639731662591939000,218.0,5,218.0,43,218.5,69,2,2021-12-17 09:01:02
1639731662610829000,218.5,1,218.0,43,218.5,70,1,2021-12-17 09:01:02
1639731662718744000,218.0,10,218.0,33,218.5,73,2,2021-12-17 09:01:02
1639731662758810000,218.0,5,218.0,28,218.5,73,2,2021-12-17 09:01:02
1639731662759799000,218.5,1,218.0,28,218.5,72,1,2021-12-17 09:01:02
1639731662778786000,218.0,1,218.0,27,218.5,72,2,2021-12-17 09:01:02
1639731662783606000,218.0,2,218.0,25,218.5,72,2,2021-12-17 09:01:02
1639731662784151000,218.0,2,218.0,23,218.5,72,2,2021-12-17 09:01:02
1639731662811658000,218.0,4,218.0,19,218.5,72,2,2021-12-17 09:01:02
1639731662820373000,218.0,4,218.0,15,218.5,72,2,2021-12-17 09:01:02
1639731662849253000,218.0,8,218.0,7,218.5,72,2,2021-12-17 09:01:02
1639731662855775000,218.0,2,218.0,5,218.5,72,2,2021-12-17 09:01:02
1639731662886118000,218.0,2,218.0,3,218.5,72,2,2021-12-17 09:01:02
1639731662894515000,218.0,2,218.0,1,218.5,72,2,2021-12-17 09:01:02
1639731662919236000,218.0,1,217.5,102,218.0,3,2,2021-12-17 09:01:02
1639731662969464000,217.5,1,217.5,101,218.0,3,2,2021-12-17 09:01:02
1639731662988295000,218.0,1,217.5,101,218.0,6,1,2021-12-17 09:01:02
1639731663013796000,218.0,1,217.5,101,218.0,5,1,2021-12-17 09:01:03
1639731663017003000,218.0,1,217.5,101,218.0,4,1,2021-12-17 09:01:03
1639731663025651000,218.0,2,217.5,101,218.0,2,1,2021-12-17 09:01:03
1639731663063788000,217.5,2,217.5,99,218.0,2,2,2021-12-17 09:01:03
1639731663086796000,218.0,1,217.5,99,218.0,1,1,2021-12-17 09:01:03
1639731663176128000,217.5,1,217.5,98,218.0,1,2,2021-12-17 09:01:03
1639731663376817000,218.0,1,217.5,98,218.0,14,1,2021-12-17 09:01:03
1639731663386950000,218.0,1,217.5,98,218.0,13,1,2021-12-17 09:01:03
1639731663548890000,217.5,2,217.5,95,218.0,16,2,2021-12-17 09:01:03
1639731663593879000,217.5,1,217.5,94,218.0,17,2,2021-12-17 09:01:03
1639731663660375000,217.5,2,217.5,92,218.0,18,2,2021-12-17 09:01:03
1639731663676467000,218.0,1,217.5,92,218.0,17,1,2021-12-17 09:01:03
1639731663735988000,218.0,1,217.5,92,218.0,16,1,2021-12-17 09:01:03
1639731663775941000,217.5,2,217.5,90,218.0,16,2,2021-12-17 09:01:03
1639731663807482000,217.5,3,217.5,87,218.0,18,2,2021-12-17 09:01:03
1639731663944556000,217.5,12,217.5,75,218.0,20,2,2021-12-17 09:01:03
1639731664008892000,218.0,1,217.5,75,218.0,19,1,2021-12-17 09:01:04
1639731664705244000,217.5,3,217.5,73,218.0,53,2,2021-12-17 09:01:04
1639731664754183000,218.0,1,217.5,74,218.0,55,1,2021-12-17 09:01:04
1639731664944898000,217.5,1,217.5,73,218.0,64,2,2021-12-17 09:01:04
1639731664963818000,218.0,1,217.5,73,218.0,64,1,2021-12-17 09:01:04
1639731664984586000,218.0,1,217.5,73,218.0,63,1,2021-12-17 09:01:04
1639731664992665000,217.5,2,217.5,71,218.0,63,2,2021-12-17 09:01:04
1639731665023281000,217.5,1,217.5,70,218.0,63,2,2021-12-17 09:01:05
1639731665025772000,218.0,1,217.5,70,218.0,62,1,2021-12-17 09:01:05
1639731665028336000,218.0,1,217.5,70,218.0,61,1,2021-12-17 09:01:05
1639731665032302000,217.5,2,217.5,68,218.0,61,2,2021-12-17 09:01:05
1639731665055595000,218.0,1,217.5,68,218.0,61,1,2021-12-17 09:01:05
1639731665215259000,217.5,1,217.5,67,218.0,61,2,2021-12-17 09:01:05
1639731665430871000,217.5,1,217.5,66,218.0,62,2,2021-12-17 09:01:05
1639731665660112000,217.5,1,217.5,64,218.0,62,2,2021-12-17 09:01:05
1639731665772858000,217.5,1,217.5,63,218.0,62,2,2021-12-17 09:01:05
1639731665826575000,217.5,5,217.5,58,218.0,62,2,2021-12-17 09:01:05
1639731665873518000,218.0,1,217.5,58,218.0,61,1,2021-12-17 09:01:05
1639731665898202000,217.5,1,217.5,57,218.0,61,2,2021-12-17 09:01:05
1639731665945287000,217.5,1,217.5,56,218.0,61,2,2021-12-17 09:01:05
1639731665969841000,217.5,1,217.5,54,218.0,61,2,2021-12-17 09:01:05
1639731665982145000,217.5,1,217.5,53,218.0,61,2,2021-12-17 09:01:05
1639731666043392000,217.5,1,217.5,53,218.0,61,2,2021-12-17 09:01:06
1639731666079956000,218.0,1,217.5,53,218.0,60,1,2021-12-17 09:01:06
1639731666180588000,217.5,1,217.5,52,218.0,60,2,2021-12-17 09:01:06
1639731666318102000,217.5,1,217.5,51,218.0,68,2,2021-12-17 09:01:06
1639731666349326000,217.5,5,217.5,46,218.0,68,2,2021-12-17 09:01:06
1639731666416548000,217.5,1,217.5,45,218.0,68,2,2021-12-17 09:01:06
1639731666672159000,217.5,10,217.5,35,218.0,68,2,2021-12-17 09:01:06
1639731666735429000,217.5,1,217.5,34,218.0,70,2,2021-12-17 09:01:06
1639731666760864000,218.0,1,217.5,34,218.0,70,1,2021-12-17 09:01:06
1639731666937195000,217.5,3,217.5,31,218.0,74,2,2021-12-17 09:01:06
1639731666988053000,218.0,1,217.5,31,218.0,74,1,2021-12-17 09:01:06
1639731667017533000,217.5,1,217.5,30,218.0,74,2,2021-12-17 09:01:07
1639731667058557000,218.0,10,217.5,30,218.0,64,1,2021-12-17 09:01:07
1639731667492553000,217.5,1,217.5,36,218.0,68,2,2021-12-17 09:01:07
1639731667545033000,217.5,3,217.5,33,218.0,68,2,2021-12-17 09:01:07
1639731667558153000,217.5,1,217.5,32,218.0,68,2,2021-12-17 09:01:07
1639731667582190000,217.5,1,217.5,31,218.0,70,2,2021-12-17 09:01:07
1639731667710745000,217.5,1,217.5,30,218.0,72,2,2021-12-17 09:01:07
1639731667732979000,217.5,1,217.5,29,218.0,72,2,2021-12-17 09:01:07
1639731667757140000,217.5,3,217.5,26,218.0,72,2,2021-12-17 09:01:07
1639731667832156000,217.5,1,217.5,27,218.0,70,2,2021-12-17 09:01:07
1639731667851629000,217.5,1,217.5,26,218.0,70,2,2021-12-17 09:01:07
1639731667887601000,217.5,1,217.5,25,218.0,70,2,2021-12-17 09:01:07
1639731667889906000,217.5,1,217.5,24,218.0,71,2,2021-12-17 09:01:07
1639731667925838000,217.5,10,217.5,14,218.0,71,2,2021-12-17 09:01:07
1639731667998996000,217.5,5,217.5,9,218.0,69,2,2021-12-17 09:01:07
1639731668093207000,218.0,2,217.5,9,218.0,67,1,2021-12-17 09:01:08
1639731668204249000,217.5,1,217.5,8,218.0,68,2,2021-12-17 09:01:08
1639731668236305000,217.5,1,217.5,7,218.0,69,2,2021-12-17 09:01:08
1639731668311182000,217.5,1,217.5,6,218.0,69,2,2021-12-17 09:01:08
1639731668385685000,217.5,1,217.5,5,218.0,69,2,2021-12-17 09:01:08
1639731668449382000,217.5,4,217.5,1,218.0,73,2,2021-12-17 09:01:08
1639731668488108000,217.5,1,217.0,60,217.5,1,2,2021-12-17 09:01:08
1639731668513085000,217.5,1,217.0,60,218.0,69,1,2021-12-17 09:01:08
1639731668543812000,217.5,2,217.5,8,218.0,69,2,2021-12-17 09:01:08
1639731668715363000,217.5,1,217.5,9,218.0,70,2,2021-12-17 09:01:08
1639731668814663000,217.5,2,217.5,33,218.0,71,2,2021-12-17 09:01:08
1639731668838411000,218.0,71,217.5,144,218.5,75,1,2021-12-17 09:01:08
1639731668893576000,218.0,1,218.0,2,218.5,78,2,2021-12-17 09:01:08
1639731669003170000,218.0,2,217.5,144,218.5,78,2,2021-12-17 09:01:09
1639731669030670000,217.5,1,217.5,143,218.5,78,2,2021-12-17 09:01:09
1639731669055583000,217.5,1,217.5,142,218.5,80,2,2021-12-17 09:01:09
1639731669109287000,218.0,2,217.5,143,218.5,80,1,2021-12-17 09:01:09
1639731669197382000,217.5,6,217.5,137,218.5,80,2,2021-12-17 09:01:09
1639731669258008000,217.5,1,217.5,136,218.5,80,2,2021-12-17 09:01:09
1639731669346729000,218.0,1,217.5,136,218.5,80,1,2021-12-17 09:01:09
1639731669346749000,218.0,1,217.5,136,218.5,80,1,2021-12-17 09:01:09
1639731669372003000,217.5,1,217.5,135,218.5,80,2,2021-12-17 09:01:09
1639731669495392000,218.0,1,217.5,135,218.5,80,2,2021-12-17 09:01:09
1639731669533844000,217.5,2,217.5,133,218.5,80,2,2021-12-17 09:01:09
1639731669541982000,217.5,1,217.5,132,218.5,80,2,2021-12-17 09:01:09
1639731669651122000,218.0,5,217.5,134,218.5,82,2,2021-12-17 09:01:09
1639731669812841000,218.0,2,218.0,1,218.5,82,1,2021-12-17 09:01:09
1639731669840904000,218.0,1,217.5,136,218.5,82,2,2021-12-17 09:01:09
1639731670014119000,217.5,2,217.5,134,218.5,83,2,2021-12-17 09:01:10
1639731670128828000,217.5,4,217.5,130,218.5,83,2,2021-12-17 09:01:10
1639731670164953000,217.5,1,217.5,129,218.5,83,2,2021-12-17 09:01:10
1639731670186094000,217.5,1,217.5,128,218.5,83,2,2021-12-17 09:01:10
1639731670247928000,217.5,1,217.5,127,218.5,83,2,2021-12-17 09:01:10
1639731670306774000,217.5,1,217.5,126,218.0,1,2,2021-12-17 09:01:10
1639731670363321000,217.5,1,217.5,126,218.0,6,2,2021-12-17 09:01:10
1639731670396031000,217.5,1,217.5,125,218.0,6,2,2021-12-17 09:01:10
1639731670543146000,217.5,1,217.5,126,218.0,6,2,2021-12-17 09:01:10
1639731670670648000,217.5,1,217.5,126,218.0,10,2,2021-12-17 09:01:10
1639731670683081000,217.5,3,217.5,123,218.0,10,2,2021-12-17 09:01:10
1639731670687139000,217.5,1,217.5,122,218.0,10,2,2021-12-17 09:01:10
1639731670702488000,217.5,2,217.5,120,218.0,10,2,2021-12-17 09:01:10
1639731670720514000,217.5,1,217.5,119,218.0,10,2,2021-12-17 09:01:10
1639731670819717000,217.5,1,217.5,119,218.0,10,2,2021-12-17 09:01:10
1639731671061817000,217.5,4,217.5,118,218.0,11,2,2021-12-17 09:01:11
1639731671092367000,217.5,3,217.5,115,218.0,11,2,2021-12-17 09:01:11
1639731671106122000,217.5,1,217.5,115,218.0,11,2,2021-12-17 09:01:11
1639731671362229000,218.0,2,217.5,119,218.0,9,1,2021-12-17 09:01:11
1639731671519029000,218.0,2,217.5,122,218.0,8,1,2021-12-17 09:01:11
1639731671596115000,217.5,1,217.5,123,218.0,11,2,2021-12-17 09:01:11
1639731671626553000,218.0,10,217.5,123,218.0,5,1,2021-12-17 09:01:11
1639731671665101000,218.0,1,217.5,125,218.0,4,1,2021-12-17 09:01:11
1639731671817983000,217.5,1,217.5,124,218.0,5,2,2021-12-17 09:01:11
1639731672080841000,217.5,1,217.5,125,218.0,7,2,2021-12-17 09:01:12
1639731672110172000,217.5,1,217.5,124,218.0,7,2,2021-12-17 09:01:12
1639731672158678000,217.5,1,217.5,125,218.0,8,2,2021-12-17 09:01:12
1639731672192827000,218.0,5,217.5,125,218.0,3,1,2021-12-17 09:01:12
1639731672233035000,218.0,1,217.5,127,218.0,4,1,2021-12-17 09:01:12
1639731672293442000,217.5,1,217.5,126,218.0,4,2,2021-12-17 09:01:12
1639731672345152000,217.5,1,217.5,125,218.0,5,2,2021-12-17 09:01:12
1639731672405011000,218.0,5,218.0,5,218.5,76,1,2021-12-17 09:01:12
1639731672457315000,218.0,1,218.0,4,218.5,73,2,2021-12-17 09:01:12
1639731672555573000,218.0,1,218.0,3,218.5,75,2,2021-12-17 09:01:12
1639731672583143000,218.0,1,218.0,2,218.5,75,2,2021-12-17 09:01:12
1639731672935427000,218.0,1,218.0,1,218.5,75,2,2021-12-17 09:01:12
1639731672968729000,218.0,1,217.5,134,218.5,75,2,2021-12-17 09:01:12
1639731673127146000,218.5,1,218.0,3,218.5,74,1,2021-12-17 09:01:13
1639731673153849000,218.0,3,217.5,132,218.0,7,2,2021-12-17 09:01:13
1639731673328226000,218.0,1,217.5,132,218.0,10,1,2021-12-17 09:01:13
1639731673359833000,217.5,1,217.5,132,218.0,10,2,2021-12-17 09:01:13
1639731673397360000,217.5,20,217.5,114,218.0,10,2,2021-12-17 09:01:13
1639731673434203000,217.5,1,217.5,111,218.0,10,2,2021-12-17 09:01:13
1639731673434321000,217.5,1,217.5,111,218.0,10,2,2021-12-17 09:01:13
1639731673490859000,217.5,1,217.5,110,218.0,10,2,2021-12-17 09:01:13
1639731673560286000,218.0,1,217.5,112,218.0,10,1,2021-12-17 09:01:13
1639731673581291000,218.0,10,217.5,112,218.5,74,1,2021-12-17 09:01:13
1639731673738489000,218.0,1,218.0,2,218.5,73,1,2021-12-17 09:01:13
1639731674062906000,218.0,1,218.0,1,218.5,79,2,2021-12-17 09:01:14
1639731674241727000,218.0,1,217.5,126,218.5,79,2,2021-12-17 09:01:14
1639731674269655000,217.5,1,217.5,125,218.5,79,2,2021-12-17 09:01:14
1639731674352807000,218.0,3,218.0,2,218.5,83,1,2021-12-17 09:01:14
1639731674393627000,218.0,2,217.5,121,218.5,83,2,2021-12-17 09:01:14
1639731674393627000,217.5,3,217.5,121,218.5,83,2,2021-12-17 09:01:14
1639731674444609000,218.0,1,217.5,121,218.5,83,2,2021-12-17 09:01:14
1639731674531324000,218.0,2,217.5,120,218.5,83,1,2021-12-17 09:01:14
1639731674680018000,218.0,1,218.0,1,218.5,84,2,2021-12-17 09:01:14
1639731674752907000,218.5,1,218.0,2,218.5,83,1,2021-12-17 09:01:14
1639731674759731000,218.5,1,218.0,2,218.5,82,1,2021-12-17 09:01:14
1639731674772010000,218.0,1,218.0,1,218.5,82,2,2021-12-17 09:01:14
1639731674859082000,218.0,1,217.5,137,218.5,82,2,2021-12-17 09:01:14
1639731674900219000,217.5,1,217.5,136,218.5,81,2,2021-12-17 09:01:14
1639731674997737000,218.0,2,217.5,139,218.5,81,1,2021-12-17 09:01:14
1639731675105230000,218.0,1,217.5,140,218.5,80,1,2021-12-17 09:01:15
1639731675105230000,218.5,1,217.5,140,218.5,80,1,2021-12-17 09:01:15
1639731675137321000,217.5,2,217.5,138,218.5,80,2,2021-12-17 09:01:15
1639731675313441000,217.5,3,217.5,136,218.5,78,2,2021-12-17 09:01:15
1639731675359626000,218.0,1,217.5,136,218.5,78,2,2021-12-17 09:01:15
1639731675456332000,218.0,1,217.5,138,218.0,1,2,2021-12-17 09:01:15
1639731675492255000,218.0,1,217.5,141,218.0,3,1,2021-12-17 09:01:15
1639731675558720000,218.0,3,217.5,142,218.0,2,1,2021-12-17 09:01:15
1639731675954203000,218.0,1,217.5,159,218.0,18,1,2021-12-17 09:01:15
1639731675985919000,218.0,1,217.5,162,218.0,17,1,2021-12-17 09:01:15
1639731676192285000,218.0,1,217.5,166,218.0,16,1,2021-12-17 09:01:16
1639731676219464000,218.0,16,217.5,166,218.5,78,1,2021-12-17 09:01:16
1639731676387750000,218.0,1,218.0,3,218.5,77,2,2021-12-17 09:01:16
1639731676492902000,218.5,5,217.5,166,218.5,72,1,2021-12-17 09:01:16
1639731676534413000,218.0,1,217.5,166,218.5,72,2,2021-12-17 09:01:16
1639731676563809000,218.0,2,218.0,1,218.5,72,1,2021-12-17 09:01:16
1639731676618579000,218.0,1,217.5,168,218.0,2,1,2021-12-17 09:01:16
1639731676654232000,218.0,2,217.5,171,218.5,72,1,2021-12-17 09:01:16
1639731676698167000,218.0,1,217.5,168,218.0,3,1,2021-12-17 09:01:16
1639731676732161000,218.0,3,217.5,171,218.5,72,1,2021-12-17 09:01:16
1639731676873113000,218.0,1,217.5,168,218.5,72,2,2021-12-17 09:01:16
1639731676876656000,217.5,1,217.5,167,218.5,72,2,2021-12-17 09:01:16
1639731676969757000,218.0,2,217.5,167,218.5,66,1,2021-12-17 09:01:16
1639731676969757000,218.5,8,217.5,167,218.5,66,1,2021-12-17 09:01:16
1639731677156486000,218.0,1,217.5,170,218.0,4,2,2021-12-17 09:01:17
1639731677178102000,218.0,2,217.5,170,218.0,2,1,2021-12-17 09:01:17
1639731677191025000,218.0,2,218.0,1,218.5,67,1,2021-12-17 09:01:17
1639731677205471000,218.0,1,217.5,170,218.5,67,2,2021-12-17 09:01:17
1639731677507538000,218.0,1,217.5,170,218.0,6,1,2021-12-17 09:01:17
1639731677636798000,218.0,2,217.5,169,218.0,5,1,2021-12-17 09:01:17
1639731677673804000,218.0,1,217.5,169,218.0,4,1,2021-12-17 09:01:17
1639731677674451000,217.5,2,217.5,167,218.0,5,2,2021-12-17 09:01:17
1639731677713260000,217.5,1,217.5,167,218.0,5,2,2021-12-17 09:01:17
1639731677717389000,217.5,15,217.5,152,218.0,5,2,2021-12-17 09:01:17
1639731677949389000,218.0,1,217.5,151,218.0,4,1,2021-12-17 09:01:17
1639731677998149000,218.0,1,217.5,152,218.0,3,1,2021-12-17 09:01:17
1639731678324269000,218.0,1,217.5,152,218.0,8,1,2021-12-17 09:01:18
1639731678556105000,218.0,2,217.5,154,218.0,9,1,2021-12-17 09:01:18
1639731678580616000,218.0,1,217.5,154,218.0,8,1,2021-12-17 09:01:18
1639731678680814000,217.5,1,217.5,154,218.0,9,2,2021-12-17 09:01:18
1639731678908630000,218.0,5,217.5,157,218.0,6,1,2021-12-17 09:01:18
1639731678930771000,217.5,1,217.5,156,218.0,7,2,2021-12-17 09:01:18
1639731679125344000,217.5,1,217.5,159,218.0,9,2,2021-12-17 09:01:19
1639731679182327000,218.0,2,217.5,159,218.0,7,1,2021-12-17 09:01:19
1639731679304588000,218.0,1,217.5,165,218.0,7,1,2021-12-17 09:01:19
1639731679360537000,217.5,1,217.5,164,218.0,7,2,2021-12-17 09:01:19
1639731679390824000,218.0,2,217.5,165,218.0,5,1,2021-12-17 09:01:19
1639731679436128000,218.0,1,217.5,165,218.0,4,1,2021-12-17 09:01:19
1639731679628682000,218.0,6,218.0,4,218.5,66,1,2021-12-17 09:01:19
1639731679716230000,218.0,1,218.0,3,218.5,66,2,2021-12-17 09:01:19
1639731679724834000,218.0,1,218.0,2,218.5,66,2,2021-12-17 09:01:19
1639731679798074000,218.0,2,217.5,165,218.5,69,2,2021-12-17 09:01:19
1639731680006369000,217.5,1,217.5,169,218.5,69,2,2021-12-17 09:01:20
1639731680211861000,218.5,2,218.0,1,218.5,71,1,2021-12-17 09:01:20
1639731680293615000,218.0,1,218.0,1,218.5,71,2,2021-12-17 09:01:20
1639731680348857000,218.0,1,217.5,169,218.0,1,2,2021-12-17 09:01:20
1639731680382667000,218.0,1,218.0,1,218.5,71,1,2021-12-17 09:01:20
1639731680572024000,218.0,1,217.5,169,218.5,73,2,2021-12-17 09:01:20
1639731680572024000,217.5,1,217.5,169,218.5,73,2,2021-12-17 09:01:20
1639731680655410000,218.0,1,217.5,170,218.5,70,2,2021-12-17 09:01:20
1639731680712134000,218.0,1,217.5,171,218.0,2,1,2021-12-17 09:01:20
1639731680748191000,218.0,2,217.5,170,218.0,1,1,2021-12-17 09:01:20
1639731680797195000,218.0,1,217.5,171,218.5,66,1,2021-12-17 09:01:20
1639731680797195000,218.5,4,217.5,171,218.5,66,1,2021-12-17 09:01:20
1639731680916578000,217.5,1,217.5,171,218.5,67,2,2021-12-17 09:01:20
1639731680928841000,218.0,1,218.0,1,218.5,67,2,2021-12-17 09:01:20
1639731681077299000,218.0,2,218.0,2,218.5,70,2,2021-12-17 09:01:21
1639731681136094000,218.0,1,218.0,2,218.5,72,2,2021-12-17 09:01:21
1639731681171899000,218.0,1,218.0,1,218.5,72,2,2021-12-17 09:01:21
1639731681211550000,218.0,2,217.5,172,218.5,72,2,2021-12-17 09:01:21
1639731681217488000,217.5,3,217.5,169,218.5,72,2,2021-12-17 09:01:21
1639731681244718000,217.5,1,217.5,168,218.5,72,2,2021-12-17 09:01:21
1639731681268261000,218.0,1,217.5,168,218.5,69,2,2021-12-17 09:01:21
1639731681485610000,218.0,1,217.5,168,218.0,8,1,2021-12-17 09:01:21
1639731681805278000,217.5,25,217.5,145,218.0,12,2,2021-12-17 09:01:21
1639731681838130000,217.5,1,217.5,143,218.0,17,2,2021-12-17 09:01:21
1639731681838843000,217.5,1,217.5,143,218.0,17,2,2021-12-17 09:01:21
1639731681839645000,217.5,1,217.5,142,218.0,17,2,2021-12-17 09:01:21
1639731681925203000,217.5,1,217.5,141,218.0,17,2,2021-12-17 09:01:21
1639731681942165000,218.0,3,217.5,141,218.0,15,1,2021-12-17 09:01:21
1639731682117472000,218.0,5,217.5,145,218.0,11,1,2021-12-17 09:01:22
1639731682455508000,218.0,1,217.5,148,218.0,23,1,2021-12-17 09:01:22
1639731682767568000,218.0,1,217.5,151,218.0,24,1,2021-12-17 09:01:22
1639731682796545000,218.0,1,217.5,151,218.0,23,1,2021-12-17 09:01:22
1639731682913348000,217.5,1,217.5,149,218.0,27,2,2021-12-17 09:01:22
1639731682932760000,218.0,1,217.5,151,218.0,27,1,2021-12-17 09:01:22
1639731683047581000,218.0,1,217.5,152,218.0,28,1,2021-12-17 09:01:23
1639731683056513000,218.0,1,217.5,152,218.0,29,1,2021-12-17 09:01:23
1639731683158754000,218.0,2,217.5,153,218.0,34,1,2021-12-17 09:01:23
1639731683180227000,218.0,11,217.5,155,218.0,23,1,2021-12-17 09:01:23
1639731683228433000,218.0,1,217.5,155,218.0,22,1,2021-12-17 09:01:23
1639731683248964000,218.0,1,217.5,155,218.0,21,1,2021-12-17 09:01:23
1639731683420412000,218.0,1,217.5,158,218.0,21,1,2021-12-17 09:01:23
1639731683433785000,218.0,1,217.5,158,218.0,20,1,2021-12-17 09:01:23
1639731683452768000,217.5,5,217.5,154,218.0,25,2,2021-12-17 09:01:23
1639731683785917000,218.0,1,217.5,157,218.0,29,1,2021-12-17 09:01:23
1639731683818730000,218.0,1,217.5,157,218.0,32,1,2021-12-17 09:01:23
1639731684016745000,217.5,3,217.5,156,218.0,34,2,2021-12-17 09:01:24
1639731684057250000,217.5,1,217.5,157,218.0,36,2,2021-12-17 09:01:24
1639731684068035000,218.0,1,217.5,157,218.0,35,1,2021-12-17 09:01:24
1639731684175093000,218.0,1,217.5,157,218.0,35,1,2021-12-17 09:01:24
1639731684591650000,218.0,1,217.5,160,218.0,38,1,2021-12-17 09:01:24
1639731684742705000,218.0,1,217.5,160,218.0,38,1,2021-12-17 09:01:24
1639731684842876000,217.5,2,217.5,158,218.0,48,2,2021-12-17 09:01:24
1639731685194911000,217.5,23,217.5,136,218.0,59,2,2021-12-17 09:01:25
1639731685237025000,217.5,1,217.5,135,218.0,59,2,2021-12-17 09:01:25
1639731685238353000,217.5,1,217.5,134,218.0,59,2,2021-12-17 09:01:25
1639731685248672000,217.5,1,217.5,133,218.0,59,2,2021-12-17 09:01:25
1639731685263420000,217.5,1,217.5,132,218.0,59,2,2021-12-17 09:01:25
1639731685378178000,217.5,1,217.5,131,218.0,60,2,2021-12-17 09:01:25
1639731685384994000,218.0,1,217.5,131,218.0,59,1,2021-12-17 09:01:25
1639731685553612000,217.5,1,217.5,131,218.0,65,2,2021-12-17 09:01:25
1639731685569885000,218.0,1,217.5,131,218.0,64,1,2021-12-17 09:01:25
1639731685714821000,218.0,2,217.5,132,218.0,62,1,2021-12-17 09:01:25
1639731685999047000,217.5,1,217.5,138,218.0,62,2,2021-12-17 09:01:25
1639731686038107000,218.0,1,217.5,139,218.0,61,1,2021-12-17 09:01:26
1639731686252368000,217.5,1,217.5,138,218.0,67,2,2021-12-17 09:01:26
1639731686257114000,218.0,1,217.5,138,218.0,66,1,2021-12-17 09:01:26
1639731686300314000,218.0,1,217.5,138,218.0,65,1,2021-12-17 09:01:26
1639731686372905000,218.0,1,217.5,138,218.0,64,1,2021-12-17 09:01:26
1639731686385448000,218.0,1,217.5,139,218.0,63,1,2021-12-17 09:01:26
1639731686439609000,218.0,1,217.5,139,218.0,62,1,2021-12-17 09:01:26
1639731686656356000,218.0,1,217.5,139,218.0,62,1,2021-12-17 09:01:26
1639731686986771000,217.5,1,217.5,139,218.0,111,2,2021-12-17 09:01:26
1639731686994785000,218.0,1,217.5,139,218.0,111,1,2021-12-17 09:01:26
1639731687052230000,218.0,1,217.5,141,218.0,114,1,2021-12-17 09:01:27
1639731687178058000,218.0,6,217.5,143,218.0,108,1,2021-12-17 09:01:27
1639731687449581000,218.0,1,217.5,146,218.0,104,1,2021-12-17 09:01:27
1639731687528673000,218.0,1,217.5,148,218.0,103,1,2021-12-17 09:01:27
1639731687539547000,217.5,1,217.5,147,218.0,103,2,2021-12-17 09:01:27
1639731687556625000,218.0,1,217.5,147,218.0,102,1,2021-12-17 09:01:27
1639731687625753000,217.5,1,217.5,146,218.0,99,2,2021-12-17 09:01:27
1639731687713168000,218.0,1,217.5,146,218.0,101,1,2021-12-17 09:01:27
1639731687923302000,217.5,1,217.5,146,218.0,102,2,2021-12-17 09:01:27
1639731687931975000,217.5,1,217.5,145,218.0,104,2,2021-12-17 09:01:27
1639731687969777000,218.0,10,217.5,145,218.0,94,1,2021-12-17 09:01:27
1639731688385171000,217.5,2,217.5,148,218.0,105,2,2021-12-17 09:01:28
1639731688425376000,218.0,1,217.5,148,218.0,108,1,2021-12-17 09:01:28
1639731688458181000,217.5,3,217.5,145,218.0,108,2,2021-12-17 09:01:28
1639731688472884000,218.0,1,217.5,145,218.0,104,1,2021-12-17 09:01:28
1639731688656960000,217.5,1,217.5,144,218.0,109,2,2021-12-17 09:01:28
1639731688685999000,218.0,1,217.5,144,218.0,108,1,2021-12-17 09:01:28
1639731688765282000,217.5,1,217.5,143,218.0,108,2,2021-12-17 09:01:28
1639731688837669000,218.0,1,217.5,143,218.0,107,1,2021-12-17 09:01:28
1639731688851478000,218.0,1,217.5,143,218.0,106,1,2021-12-17 09:01:28
1639731688870226000,218.0,2,217.5,143,218.0,105,1,2021-12-17 09:01:28
1639731689376447000,217.5,1,217.5,145,218.0,104,2,2021-12-17 09:01:29
1639731689604171000,218.0,2,217.5,147,218.0,116,1,2021-12-17 09:01:29
1639731689766643000,217.5,1,217.5,150,218.0,120,2,2021-12-17 09:01:29
1639731689805151000,218.0,2,217.5,150,218.0,119,1,2021-12-17 09:01:29
1639731689831338000,218.0,1,217.5,150,218.0,118,1,2021-12-17 09:01:29
1639731690149071000,217.5,1,217.5,151,218.0,122,2,2021-12-17 09:01:30
1639731690359611000,218.0,1,217.5,151,218.0,126,1,2021-12-17 09:01:30
1639731690517971000,217.5,1,217.5,150,218.0,128,2,2021-12-17 09:01:30
1639731690678560000,218.0,1,217.5,151,218.0,132,1,2021-12-17 09:01:30
1639731690709189000,218.0,5,217.5,151,218.0,127,1,2021-12-17 09:01:30
1639731691300325000,217.5,1,217.5,156,218.0,129,2,2021-12-17 09:01:31
1639731691418839000,218.0,1,217.5,161,218.0,128,1,2021-12-17 09:01:31
1639731691882951000,217.5,1,217.5,165,218.0,130,2,2021-12-17 09:01:31
1639731692010500000,217.5,2,217.5,163,218.0,134,2,2021-12-17 09:01:32
1639731692255800000,218.0,1,217.5,168,218.0,128,1,2021-12-17 09:01:32
1639731692291949000,218.0,1,217.5,168,218.0,127,1,2021-12-17 09:01:32
1639731692653350000,218.0,1,217.5,169,218.0,127,1,2021-12-17 09:01:32
1639731692938618000,217.5,2,217.5,171,218.0,137,2,2021-12-17 09:01:32
1639731693044997000,217.5,2,217.5,169,218.0,137,2,2021-12-17 09:01:33
1639731693046410000,218.0,1,217.5,169,218.0,136,1,2021-12-17 09:01:33
1639731693049324000,217.5,2,217.5,167,218.0,136,2,2021-12-17 09:01:33
1639731693070302000,218.0,1,217.5,167,218.0,135,1,2021-12-17 09:01:33
1639731693080077000,217.5,1,217.5,166,218.0,135,2,2021-12-17 09:01:33
1639731693094719000,218.0,1,217.5,166,218.0,134,1,2021-12-17 09:01:33
1639731693118567000,217.5,1,217.5,165,218.0,136,2,2021-12-17 09:01:33
1639731693127662000,217.5,1,217.5,164,218.0,136,2,2021-12-17 09:01:33
1639731693142410000,217.5,1,217.5,163,218.0,136,2,2021-12-17 09:01:33
1639731693168403000,217.5,1,217.5,162,218.0,135,2,2021-12-17 09:01:33
1639731693168856000,218.0,1,217.5,162,218.0,135,1,2021-12-17 09:01:33
1639731693186300000,217.5,1,217.5,161,218.0,135,2,2021-12-17 09:01:33
1639731693260892000,217.5,2,217.5,159,218.0,136,2,2021-12-17 09:01:33
1639731693262074000,217.5,2,217.5,157,218.0,135,2,2021-12-17 09:01:33
1639731693262095000,218.0,1,217.5,157,218.0,135,1,2021-12-17 09:01:33
1639731693272562000,217.5,2,217.5,155,218.0,135,2,2021-12-17 09:01:33
1639731693280294000,218.0,1,217.5,155,218.0,134,1,2021-12-17 09:01:33
1639731693303096000,217.5,1,217.5,154,218.0,137,2,2021-12-17 09:01:33
1639731693372466000,218.0,10,217.5,154,218.0,124,1,2021-12-17 09:01:33
1639731693388042000,217.5,2,217.5,152,218.0,124,2,2021-12-17 09:01:33
1639731693416022000,217.5,2,217.5,151,218.0,124,2,2021-12-17 09:01:33
1639731693448280000,217.5,2,217.5,150,218.0,124,2,2021-12-17 09:01:33
1639731693781132000,218.0,2,217.5,153,218.0,125,1,2021-12-17 09:01:33
1639731693855358000,217.5,2,217.5,153,218.0,125,2,2021-12-17 09:01:33
1639731693885768000,217.5,2,217.5,151,218.0,125,2,2021-12-17 09:01:33
1639731694040151000,218.0,1,217.5,157,218.0,120,1,2021-12-17 09:01:34
1639731694190750000,217.5,2,217.5,157,218.0,120,2,2021-12-17 09:01:34
1639731694290431000,217.5,10,217.5,148,218.0,120,2,2021-12-17 09:01:34
1639731694291891000,218.0,1,217.5,148,218.0,119,1,2021-12-17 09:01:34
1639731694324462000,217.5,1,217.5,147,218.0,119,2,2021-12-17 09:01:34
1639731694391796000,217.5,1,217.5,146,218.0,119,2,2021-12-17 09:01:34
1639731694421428000,217.5,1,217.5,146,218.0,119,2,2021-12-17 09:01:34
1639731694431831000,217.5,1,217.5,145,218.0,120,2,2021-12-17 09:01:34
1639731694483531000,217.5,1,217.5,144,218.0,120,2,2021-12-17 09:01:34
1639731694491467000,217.5,2,217.5,142,218.0,120,2,2021-12-17 09:01:34
1639731694502321000,217.5,1,217.5,141,218.0,120,2,2021-12-17 09:01:34
1639731694521648000,217.5,1,217.5,140,218.0,120,2,2021-12-17 09:01:34
1639731694698510000,218.0,1,217.5,141,218.0,121,1,2021-12-17 09:01:34
1639731694830334000,218.0,1,217.5,141,218.0,121,1,2021-12-17 09:01:34
1639731694847764000,217.5,2,217.5,139,218.0,121,2,2021-12-17 09:01:34
1639731694906729000,217.5,1,217.5,138,218.0,121,2,2021-12-17 09:01:34
1639731694981822000,218.0,1,217.5,138,218.0,120,1,2021-12-17 09:01:34
1639731695277902000,218.0,1,217.5,139,218.0,125,1,2021-12-17 09:01:35
1639731695552016000,218.0,3,217.5,142,218.0,123,1,2021-12-17 09:01:35
1639731695595819000,217.5,1,217.5,144,218.0,123,2,2021-12-17 09:01:35
1639731695640804000,217.5,1,217.5,140,218.0,123,2,2021-12-17 09:01:35
1639731695757598000,218.0,5,217.5,141,218.0,120,1,2021-12-17 09:01:35
1639731695893833000,217.5,1,217.5,144,218.0,121,2,2021-12-17 09:01:35
1639731695932859000,217.5,2,217.5,143,218.0,121,2,2021-12-17 09:01:35
1639731696070719000,217.5,1,217.5,139,218.0,120,2,2021-12-17 09:01:36
1639731696199155000,218.0,1,217.5,140,218.0,117,1,2021-12-17 09:01:36
1639731696415218000,218.0,10,217.5,140,218.0,108,1,2021-12-17 09:01:36
1639731696482919000,218.0,1,217.5,143,218.0,107,1,2021-12-17 09:01:36
1639731696507707000,218.0,1,217.5,143,218.0,107,1,2021-12-17 09:01:36
