ts,close,volume,bid_price,bid_volume,ask_price,ask_volume,tick_type,datetime
1639731602571769000,31.4,396,31.35,3,31.4,7,2,2021-12-17 09:00:02
1639731602572849000,31.4,1,31.35,3,31.4,6,1,2021-12-17 09:00:02
1639731602599573000,31.35,3,31.25,1,31.4,6,2,2021-12-17 09:00:02
1639731602630246000,31.25,1,31.2,3,31.4,6,2,2021-12-17 09:00:02
1639731602672174000,31.35,1,31.2,3,31.35,3,1,2021-12-17 09:00:02
1639731602703928000,31.2,3,31.0,6,31.4,9,2,2021-12-17 09:00:02
1639731602985014000,31.35,3,31.25,1,31.4,6,1,2021-12-17 09:00:02
1639731603013508000,31.25,1,31.0,6,31.4,6,2,2021-12-17 09:00:03
1639731603315711000,31.25,3,31.0,3,31.4,6,2,2021-12-17 09:00:03
1639731603315711000,31.0,4,31.0,3,31.4,6,2,2021-12-17 09:00:03
1639731603623079000,31.35,1,31.0,2,31.4,7,1,2021-12-17 09:00:03
1639731604242317000,31.05,1,30.95,1,31.4,6,2,2021-12-17 09:00:04
1639731604242317000,31.0,2,30.95,1,31.4,6,2,2021-12-17 09:00:04
1639731604507626000,31.35,1,30.9,11,31.35,3,1,2021-12-17 09:00:04
1639731613358478000,31.2,4,30.95,1,31.25,1,1,2021-12-17 09:00:13
1639731613358478000,31.25,1,30.95,1,31.25,1,1,2021-12-17 09:00:13
1639731614622929000,30.95,1,30.9,2,31.15,1,2,2021-12-17 09:00:14
1639731614622929000,30.9,9,30.9,2,31.15,1,2,2021-12-17 09:00:14
1639731622235056000,30.9,1,30.9,3,31.2,1,2,2021-12-17 09:00:22
1639731622437578000,30.9,1,30.9,2,31.2,1,2,2021-12-17 09:00:22
1639731624102541000,31.15,2,30.9,2,31.2,1,2,2021-12-17 09:00:24
1639731625496939000,31.1,1,30.9,2,31.2,1,2,2021-12-17 09:00:25
1639731626916696000,31.15,2,30.9,2,31.2,1,2,2021-12-17 09:00:26
1639731627362887000,31.2,1,30.9,2,31.25,1,1,2021-12-17 09:00:27
1639731627362887000,31.25,1,30.9,2,31.25,1,1,2021-12-17 09:00:27
1639731635008183000,31.0,2,31.0,5,31.2,14,2,2021-12-17 09:00:35
1639731636043401000,31.15,2,31.0,5,31.15,2,1,2021-12-17 09:00:36
1639731641496845000,31.15,1,31.15,1,31.2,14,2,2021-12-17 09:00:41
1639731641535991000,31.15,1,31.1,1,31.2,14,2,2021-12-17 09:00:41
1639731643816424000,31.1,1,31.0,6,31.15,1,2,2021-12-17 09:00:43
1639731644616478000,31.0,2,31.0,4,31.15,5,2,2021-12-17 09:00:44
1639731644826288000,31.15,1,31.0,4,31.15,4,1,2021-12-17 09:00:44
1639731645244715000,31.1,3,31.0,4,31.15,5,2,2021-12-17 09:00:45
1639731646531949000,31.0,2,31.0,2,31.1,1,2,2021-12-17 09:00:46
1639731646563381000,31.0,2,30.95,3,31.1,1,2,2021-12-17 09:00:46
1639731646653286000,30.95,2,30.95,1,31.0,2,2,2021-12-17 09:00:46
1639731646685696000,30.95,1,30.9,5,31.0,2,2,2021-12-17 09:00:46
1639731647636172000,31.0,2,30.9,5,31.1,2,1,2021-12-17 09:00:47
1639731647636172000,31.1,3,30.9,5,31.1,2,1,2021-12-17 09:00:47
1639731647931084000,31.05,1,30.95,2,31.15,2,2,2021-12-17 09:00:47
1639731649171123000,31.15,2,30.95,2,31.2,14,1,2021-12-17 09:00:49
1639731651996571000,31.05,2,31.0,3,31.15,4,2,2021-12-17 09:00:51
1639731653365950000,31.0,3,31.0,1,31.15,5,2,2021-12-17 09:00:53
1639731653406384000,31.0,1,30.9,5,31.15,5,2,2021-12-17 09:00:53
1639731653633877000,30.9,1,30.9,4,31.1,4,2,2021-12-17 09:00:53
1639731654873722000,30.9,4,30.85,3,31.1,4,2,2021-12-17 09:00:54
1639731656529695000,31.0,1,30.95,1,31.0,2,2,2021-12-17 09:00:56
1639731658143794000,30.95,1,30.95,5,31.0,2,2,2021-12-17 09:00:58
1639731659646913000,30.95,1,30.95,4,31.0,2,2,2021-12-17 09:00:59
1639731659891676000,30.95,1,30.95,3,31.0,2,2,2021-12-17 09:00:59
1639731659923886000,30.95,3,30.85,3,31.0,2,2,2021-12-17 09:00:59
1639731661164173000,30.95,1,30.85,3,31.0,2,2,2021-12-17 09:01:01
1639731662101627000,31.0,1,30.95,10,31.0,1,1,2021-12-17 09:01:02
1639731662112818000,30.95,2,30.95,8,31.0,1,2,2021-12-17 09:01:02
1639731663263286000,31.0,1,30.95,9,31.05,1,1,2021-12-17 09:01:03
1639731663349428000,31.05,1,30.95,9,31.1,4,1,2021-12-17 09:01:03
1639731664978964000,31.1,5,31.1,1,31.15,14,2,2021-12-17 09:01:04
1639731665085574000,31.1,1,30.95,11,31.1,2,2,2021-12-17 09:01:05
1639731666801648000,31.1,3,30.95,11,31.1,2,1,2021-12-17 09:01:06
1639731669150894000,30.95,1,30.95,10,31.1,2,2,2021-12-17 09:01:09
1639731670443109000,31.0,1,30.95,10,31.1,6,1,2021-12-17 09:01:10
1639731678337684000,31.0,3,31.0,1,31.1,9,2,2021-12-17 09:01:18
1639731678367802000,31.0,1,30.95,10,31.1,9,2,2021-12-17 09:01:18
1639731679349614000,31.1,1,30.95,10,31.1,8,1,2021-12-17 09:01:19
1639731679797082000,31.0,1,30.95,8,31.1,8,2,2021-12-17 09:01:19
1639731679797082000,30.95,2,30.95,8,31.1,8,2,2021-12-17 09:01:19
1639731681247871000,31.0,5,30.95,8,31.1,8,1,2021-12-17 09:01:21
1639731683646962000,30.95,6,30.95,3,31.05,1,2,2021-12-17 09:01:23
1639731683682993000,30.95,3,30.9,4,31.05,1,2,2021-12-17 09:01:23
1639731684187809000,31.0,1,30.9,4,31.0,1,1,2021-12-17 09:01:24
1639731685125403000,30.9,1,30.9,3,31.0,1,2,2021-12-17 09:01:25
1639731685207637000,30.9,2,30.9,1,30.95,1,2,2021-12-17 09:01:25
1639731685745071000,30.95,1,30.9,1,31.0,1,1,2021-12-17 09:01:25
1639731687802045000,31.0,1,30.9,1,31.05,1,1,2021-12-17 09:01:27
1639731690014969000,30.9,1,30.85,5,31.0,1,2,2021-12-17 09:01:30
1639731699256276000,30.95,1,30.95,1,31.0,1,2,2021-12-17 09:01:39
1639731704131469000,30.95,2,30.9,3,30.95,2,2,2021-12-17 09:01:44
1639731706700158000,30.9,2,30.9,3,30.95,2,2,2021-12-17 09:01:46
1639731709934703000,30.95,3,30.95,7,31.0,3,1,2021-12-17 09:01:49
1639731713328559000,31.0,1,30.95,7,31.0,2,1,2021-12-17 09:01:53
1639731713405494000,30.95,1,30.95,6,31.0,2,2,2021-12-17 09:01:53
1639731714041944000,31.0,2,31.0,8,31.05,1,1,2021-12-17 09:01:54
1639731717069317000,31.05,1,31.0,41,31.1,2,1,2021-12-17 09:01:57
1639731717674894000,31.0,10,31.0,31,31.1,2,2,2021-12-17 09:01:57
1639731723783503000,31.1,2,31.05,11,31.15,12,1,2021-12-17 09:02:03
1639731723802567000,31.05,7,31.05,4,31.15,12,2,2021-12-17 09:02:03
1639731724193147000,31.15,2,31.05,4,31.15,10,1,2021-12-17 09:02:04
1639731724225756000,31.15,10,31.05,4,31.2,14,1,2021-12-17 09:02:04
1639731728271696000,31.2,2,31.05,5,31.2,12,1,2021-12-17 09:02:08
1639731728411364000,31.05,1,31.05,4,31.2,12,2,2021-12-17 09:02:08
1639731728871473000,31.2,1,31.05,5,31.2,11,1,2021-12-17 09:02:08
1639731734299657000,31.2,10,31.1,1,31.2,1,1,2021-12-17 09:02:14
1639731734332645000,31.2,1,31.1,1,31.25,1,1,2021-12-17 09:02:14
1639731739894417000,31.25,1,31.2,10,31.3,10,1,2021-12-17 09:02:19
1639731742849894000,31.2,7,31.2,6,31.3,10,2,2021-12-17 09:02:22
1639731743184816000,31.2,6,31.1,1,31.25,1,2,2021-12-17 09:02:23
1639731743480849000,31.1,1,31.05,6,31.25,5,2,2021-12-17 09:02:23
1639731743480849000,31.05,2,31.05,6,31.25,5,2,2021-12-17 09:02:23
1639731747108863000,31.2,1,31.05,6,31.3,9,1,2021-12-17 09:02:27
1639731747108863000,31.25,1,31.05,6,31.3,9,1,2021-12-17 09:02:27
1639731747108863000,31.3,1,31.05,6,31.3,9,1,2021-12-17 09:02:27
1639731751360042000,31.1,1,31.1,1,31.3,9,1,2021-12-17 09:02:31
1639731753265877000,31.3,1,31.1,2,31.3,8,1,2021-12-17 09:02:33
1639731755865259000,31.2,1,31.15,2,31.3,12,2,2021-12-17 09:02:35
1639731759094674000,31.15,2,31.1,2,31.3,12,2,2021-12-17 09:02:39
1639731759094674000,31.1,1,31.1,2,31.3,12,2,2021-12-17 09:02:39
1639731762459366000,31.3,1,31.1,3,31.3,11,1,2021-12-17 09:02:42
1639731773408866000,31.15,1,31.1,11,31.15,1,1,2021-12-17 09:02:53
1639731774702220000,31.15,1,31.1,11,31.3,11,1,2021-12-17 09:02:54
1639731777725551000,31.15,1,31.1,11,31.3,11,2,2021-12-17 09:02:57
1639731782772961000,31.3,1,31.1,12,31.3,10,1,2021-12-17 09:03:02
1639731783431541000,31.2,5,31.1,12,31.3,10,2,2021-12-17 09:03:03
1639731794255074000,31.3,1,31.2,3,31.3,9,1,2021-12-17 09:03:14
1639731795237145000,31.3,9,31.3,1,31.35,1,1,2021-12-17 09:03:15
1639731795266504000,31.3,1,31.2,3,31.35,1,2,2021-12-17 09:03:15
1639731803880682000,31.35,1,31.25,6,31.4,1,1,2021-12-17 09:03:23
1639731803880682000,31.4,1,31.25,6,31.4,1,1,2021-12-17 09:03:23
1639731807909144000,31.4,1,31.25,6,31.4,2,1,2021-12-17 09:03:27
1639731810328728000,31.3,1,31.25,6,31.3,2,2,2021-12-17 09:03:30
1639731810366626000,31.3,1,31.25,6,31.3,1,1,2021-12-17 09:03:30
1639731815122326000,31.3,1,31.25,26,31.35,5,1,2021-12-17 09:03:35
1639731815122326000,31.35,1,31.25,26,31.35,5,1,2021-12-17 09:03:35
1639731815954748000,31.3,1,31.25,26,31.35,5,2,2021-12-17 09:03:35
1639731817246616000,31.3,1,31.25,26,31.35,5,2,2021-12-17 09:03:37
1639731817284243000,31.25,4,31.25,22,31.35,5,2,2021-12-17 09:03:37
1639731830933987000,31.25,6,31.25,18,31.3,3,2,2021-12-17 09:03:50
1639731830968680000,31.25,1,31.2,12,31.3,3,2,2021-12-17 09:03:50
1639731830968700000,31.25,17,31.2,12,31.3,3,2,2021-12-17 09:03:50
1639731834985171000,31.3,1,31.2,14,31.3,2,1,2021-12-17 09:03:54
1639731838200455000,31.2,4,31.2,10,31.3,2,2,2021-12-17 09:03:58
1639731841989651000,31.2,5,31.2,5,31.25,1,2,2021-12-17 09:04:01
1639731842939348000,31.2,2,31.2,3,31.25,1,2,2021-12-17 09:04:02
1639731845921775000,31.2,1,31.2,3,31.25,1,2,2021-12-17 09:04:05
1639731846902231000,31.2,1,31.2,2,31.25,6,2,2021-12-17 09:04:06
1639731846928866000,31.2,2,31.15,2,31.25,6,2,2021-12-17 09:04:06
1639731847827561000,31.25,1,31.15,2,31.25,5,1,2021-12-17 09:04:07
1639731854161115000,31.15,10,31.05,12,31.25,5,2,2021-12-17 09:04:14
1639731854161115000,31.1,11,31.05,12,31.25,5,2,2021-12-17 09:04:14
1639731854161115000,31.05,4,31.05,12,31.25,5,2,2021-12-17 09:04:14
1639731866228008000,31.05,1,31.05,12,31.2,1,2,2021-12-17 09:04:26
1639731868428906000,31.2,5,31.05,12,31.25,7,1,2021-12-17 09:04:28
1639731876636860000,31.1,1,31.1,3,31.2,1,2,2021-12-17 09:04:36
1639731883790638000,31.2,2,31.2,1,31.25,7,1,2021-12-17 09:04:43
1639731891532721000,31.2,1,31.2,2,31.25,7,2,2021-12-17 09:04:51
1639731899792853000,31.25,1,31.2,4,31.25,6,1,2021-12-17 09:04:59
1639731900869627000,31.25,6,31.2,24,31.3,7,1,2021-12-17 09:05:00
1639731900870152000,31.3,3,31.2,24,31.3,4,1,2021-12-17 09:05:00
1639731901386946000,31.2,3,31.2,22,31.25,2,2,2021-12-17 09:05:01
1639731904431887000,31.2,10,31.2,12,31.25,2,2,2021-12-17 09:05:04
1639731904665706000,31.25,2,31.2,12,31.3,4,1,2021-12-17 09:05:04
1639731905241437000,31.2,10,31.2,2,31.3,4,2,2021-12-17 09:05:05
1639731905273072000,31.2,2,31.1,1,31.3,4,2,2021-12-17 09:05:05
1639731935002313000,31.15,2,31.1,2,31.2,3,2,2021-12-17 09:05:35
1639731939690885000,31.1,2,31.0,58,31.2,3,2,2021-12-17 09:05:39
1639731939690885000,31.05,17,31.0,58,31.2,3,2,2021-12-17 09:05:39
1639731939690885000,31.0,1,31.0,58,31.2,3,2,2021-12-17 09:05:39
1639731939737882000,31.2,1,31.0,58,31.2,2,1,2021-12-17 09:05:39
1639731949527717000,31.15,1,31.2,6,31.25,10,1,2021-12-17 09:05:49
1639731949527717000,31.2,3,31.2,6,31.25,10,1,2021-12-17 09:05:49
1639731949561663000,31.2,4,31.2,2,31.25,10,2,2021-12-17 09:05:49
1639731949692084000,31.2,2,31.0,58,31.25,10,2,2021-12-17 09:05:49
1639731952571562000,31.0,1,31.0,60,31.25,10,2,2021-12-17 09:05:52
1639731955971114000,31.0,1,31.0,59,31.2,7,2,2021-12-17 09:05:55
1639731975829809000,31.05,1,31.05,4,31.1,1,2,2021-12-17 09:06:15
1639731975969712000,31.05,4,31.0,59,31.1,1,2,2021-12-17 09:06:15
1639732005688133000,31.05,1,31.05,4,31.15,2,2,2021-12-17 09:06:45
1639732021619430000,31.05,1,31.05,5,31.15,3,2,2021-12-17 09:07:01
1639732025333454000,31.05,1,31.05,6,31.15,3,2,2021-12-17 09:07:05
1639732034054780000,31.05,5,31.05,1,31.15,3,2,2021-12-17 09:07:14
1639732039036845000,31.05,2,31.05,3,31.15,3,2,2021-12-17 09:07:19
1639732043249950000,31.1,1,31.05,3,31.1,1,1,2021-12-17 09:07:23
1639732043286914000,31.1,1,31.05,3,31.15,3,1,2021-12-17 09:07:23
1639732072189239000,31.15,8,31.1,3,31.2,3,1,2021-12-17 09:07:52
1639732072219948000,31.2,3,31.1,3,31.25,10,1,2021-12-17 09:07:52
1639732074427080000,31.25,1,31.1,4,31.25,9,1,2021-12-17 09:07:54
1639732074456850000,31.25,7,31.1,4,31.25,2,1,2021-12-17 09:07:54
1639732074487318000,31.25,2,31.1,4,31.3,5,1,2021-12-17 09:07:54
1639732115003475000,31.3,1,31.25,3,31.3,6,1,2021-12-17 09:08:35
1639732115249555000,31.25,2,31.25,2,31.3,6,2,2021-12-17 09:08:35
1639732115345274000,31.3,6,31.25,2,31.35,2,1,2021-12-17 09:08:35
1639732115395922000,31.25,2,31.1,7,31.25,8,2,2021-12-17 09:08:35
1639732115573379000,31.25,2,31.1,7,31.25,6,1,2021-12-17 09:08:35
1639732119852924000,31.25,1,31.1,5,31.25,5,1,2021-12-17 09:08:39
1639732120306753000,31.25,5,31.15,8,31.35,2,1,2021-12-17 09:08:40
1639732130404224000,31.3,1,31.15,8,31.3,4,2,2021-12-17 09:08:50
1639732138801834000,31.2,4,31.2,2,31.3,7,2,2021-12-17 09:08:58
1639732150947237000,31.25,1,31.2,13,31.3,7,2,2021-12-17 09:09:10
1639732156580561000,31.25,1,31.2,13,31.3,7,2,2021-12-17 09:09:16
1639732163004685000,31.2,2,31.2,11,31.3,7,2,2021-12-17 09:09:23
1639732169287385000,31.2,1,31.2,11,31.3,7,2,2021-12-17 09:09:29
1639732178649105000,31.3,2,31.2,11,31.3,5,1,2021-12-17 09:09:38
1639732179894363000,31.3,1,31.2,11,31.3,3,1,2021-12-17 09:09:39
1639732183083350000,31.2,6,31.2,7,31.3,3,2,2021-12-17 09:09:43
1639732184596076000,31.3,1,31.25,1,31.3,2,1,2021-12-17 09:09:44
1639732186480912000,31.25,1,31.2,4,31.3,2,2,2021-12-17 09:09:46
1639732186480912000,31.2,3,31.2,4,31.3,2,2,2021-12-17 09:09:46
1639732203507593000,31.3,2,31.25,10,31.35,6,1,2021-12-17 09:10:03
1639732204276664000,31.25,1,31.25,9,31.35,6,2,2021-12-17 09:10:04
1639732210222711000,31.35,1,31.3,1,31.35,5,1,2021-12-17 09:10:10
1639732212745570000,31.3,1,31.25,9,31.35,5,2,2021-12-17 09:10:12
1639732223377476000,31.35,1,31.3,1,31.35,4,1,2021-12-17 09:10:23
1639732227631690000,31.3,3,31.3,1,31.35,4,2,2021-12-17 09:10:27
1639732228208384000,31.35,1,31.3,1,31.35,3,1,2021-12-17 09:10:28
1639732235975390000,31.35,1,31.3,1,31.35,3,1,2021-12-17 09:10:35
1639732236742616000,31.35,3,31.35,1,31.4,10,1,2021-12-17 09:10:36
1639732241401551000,31.4,11,31.35,11,31.45,4,1,2021-12-17 09:10:41
1639732243137123000,31.45,1,31.35,11,31.45,3,1,2021-12-17 09:10:43
1639732243167611000,31.45,1,31.35,11,31.45,2,1,2021-12-17 09:10:43
1639732243225991000,31.45,2,31.35,11,31.5,16,1,2021-12-17 09:10:43
1639732244749360000,31.5,13,31.4,10,31.5,3,1,2021-12-17 09:10:44
1639732244783712000,31.5,3,31.4,10,31.55,41,1,2021-12-17 09:10:44
1639732244814287000,31.55,18,31.4,10,31.55,23,1,2021-12-17 09:10:44
1639732246640611000,31.55,10,31.4,10,31.55,13,1,2021-12-17 09:10:46
1639732246859587000,31.55,2,31.4,10,31.55,11,1,2021-12-17 09:10:46
1639732247137322000,31.55,2,31.4,10,31.55,9,1,2021-12-17 09:10:47
1639732248031292000,31.55,1,31.4,10,31.55,8,1,2021-12-17 09:10:48
1639732248258157000,31.55,8,31.4,10,31.6,3,1,2021-12-17 09:10:48
1639732253414698000,31.55,1,31.5,2,31.6,3,1,2021-12-17 09:10:53
1639732253417467000,31.6,1,31.5,2,31.6,2,1,2021-12-17 09:10:53
1639732253427290000,31.6,2,31.5,2,31.7,11,1,2021-12-17 09:10:53
1639732253657797000,31.7,1,31.55,1,31.7,10,1,2021-12-17 09:10:53
1639732254379618000,31.7,1,31.6,15,31.7,9,1,2021-12-17 09:10:54
1639732255770318000,31.7,2,31.6,16,31.7,7,1,2021-12-17 09:10:55
1639732256889169000,31.7,1,31.6,16,31.7,6,1,2021-12-17 09:10:56
1639732257296080000,31.7,1,31.6,16,31.7,5,1,2021-12-17 09:10:57
1639732258430766000,31.7,1,31.6,15,31.7,4,1,2021-12-17 09:10:58
1639732258849309000,31.7,2,31.6,15,31.7,2,1,2021-12-17 09:10:58
1639732259134856000,31.7,1,31.6,15,31.7,1,1,2021-12-17 09:10:59
1639732260703668000,31.7,1,31.6,15,31.75,9,1,2021-12-17 09:11:00
1639732260703668000,31.75,1,31.6,15,31.75,9,1,2021-12-17 09:11:00
1639732264167717000,31.75,2,31.7,4,31.75,7,1,2021-12-17 09:11:04
1639732264836578000,31.7,1,31.7,4,31.75,7,2,2021-12-17 09:11:04
1639732265027884000,31.75,1,31.7,4,31.75,6,1,2021-12-17 09:11:05
1639732265333974000,31.75,4,31.7,4,31.75,2,1,2021-12-17 09:11:05
1639732265726530000,31.75,2,31.7,4,31.8,5,1,2021-12-17 09:11:05
1639732269287528000,31.8,1,31.75,11,31.8,4,1,2021-12-17 09:11:09
1639732270845602000,31.8,2,31.75,13,31.8,2,1,2021-12-17 09:11:10
1639732271801389000,31.8,1,31.75,13,31.8,1,1,2021-12-17 09:11:11
1639732272249862000,31.75,5,31.75,8,31.8,1,2,2021-12-17 09:11:12
1639732272389856000,31.8,1,31.75,8,31.85,5,1,2021-12-17 09:11:12
1639732276315634000,31.85,1,31.8,12,31.85,4,1,2021-12-17 09:11:16
1639732277645284000,31.8,1,31.8,13,31.85,4,2,2021-12-17 09:11:17
1639732277664055000,31.85,4,31.85,1,31.9,6,1,2021-12-17 09:11:17
1639732278088687000,31.9,3,31.85,1,31.9,3,1,2021-12-17 09:11:18
1639732278826219000,31.9,1,31.85,4,31.9,2,1,2021-12-17 09:11:18
1639732280409908000,31.9,1,31.85,10,31.95,3,1,2021-12-17 09:11:20
1639732280409908000,31.95,4,31.85,10,31.95,3,1,2021-12-17 09:11:20
1639732281832528000,31.95,3,31.9,1,31.95,1,1,2021-12-17 09:11:21
1639732282300120000,31.95,1,31.9,1,32.0,19,1,2021-12-17 09:11:22
1639732282300120000,32.0,1,31.9,1,32.0,19,1,2021-12-17 09:11:22
1639732282423235000,32.0,3,31.9,4,32.0,16,1,2021-12-17 09:11:22
1639732284486451000,31.95,1,31.9,9,31.95,3,1,2021-12-17 09:11:24
1639732284530336000,31.95,2,31.9,9,31.95,1,1,2021-12-17 09:11:24
1639732285695552000,31.9,5,31.9,4,31.95,2,2,2021-12-17 09:11:25
1639732285785929000,31.95,2,31.9,4,32.05,5,1,2021-12-17 09:11:25
1639732285785929000,32.0,16,31.9,4,32.05,5,1,2021-12-17 09:11:25
1639732287037739000,32.0,1,31.95,1,32.05,5,2,2021-12-17 09:11:27
1639732287132308000,32.05,2,31.95,1,32.05,3,1,2021-12-17 09:11:27
1639732287868960000,32.05,1,31.95,4,32.05,2,1,2021-12-17 09:11:27
1639732287921251000,32.05,2,31.95,4,32.25,79,1,2021-12-17 09:11:27
1639732287921251000,32.1,1,31.95,4,32.25,79,1,2021-12-17 09:11:27
1639732287921251000,32.25,1,31.95,4,32.25,79,1,2021-12-17 09:11:27
1639732289103948000,32.2,1,32.0,3,32.25,75,1,2021-12-17 09:11:29
1639732289103948000,32.25,4,32.0,3,32.25,75,1,2021-12-17 09:11:29
1639732289525622000,32.0,3,31.95,6,32.0,2,2,2021-12-17 09:11:29
1639732289940240000,32.0,1,31.95,6,32.0,1,1,2021-12-17 09:11:29
1639732290460096000,32.0,1,31.95,6,32.25,74,1,2021-12-17 09:11:30
1639732290460096000,32.05,1,31.95,6,32.25,74,1,2021-12-17 09:11:30
1639732290460096000,32.2,1,31.95,6,32.25,74,1,2021-12-17 09:11:30
1639732290460096000,32.25,1,31.95,6,32.25,74,1,2021-12-17 09:11:30
1639732291269589000,32.2,1,32.0,3,32.25,74,1,2021-12-17 09:11:31
1639732291989065000,32.15,1,32.0,9,32.25,73,1,2021-12-17 09:11:31
1639732291989065000,32.25,1,32.0,9,32.25,73,1,2021-12-17 09:11:31
1639732293474566000,32.1,4,32.0,10,32.25,68,1,2021-12-17 09:11:33
1639732293474566000,32.25,6,32.0,10,32.25,68,1,2021-12-17 09:11:33
1639732294252940000,32.05,1,32.0,10,32.1,1,2,2021-12-17 09:11:34
1639732294267773000,32.1,1,32.0,10,32.15,36,1,2021-12-17 09:11:34
1639732294267773000,32.15,14,32.0,10,32.15,36,1,2021-12-17 09:11:34
1639732295305229000,32.05,1,32.0,11,32.15,36,1,2021-12-17 09:11:35
1639732295319172000,32.15,3,32.0,11,32.15,33,1,2021-12-17 09:11:35
1639732295430170000,32.0,1,32.0,10,32.15,33,2,2021-12-17 09:11:35
1639732296262689000,32.15,1,32.05,1,32.15,32,1,2021-12-17 09:11:36
1639732296266447000,32.05,1,32.0,10,32.15,32,2,2021-12-17 09:11:36
1639732298670823000,32.05,1,32.0,19,32.1,3,2,2021-12-17 09:11:38
1639732298781672000,32.1,3,32.0,19,32.15,32,1,2021-12-17 09:11:38
1639732298781672000,32.15,1,32.0,19,32.15,32,1,2021-12-17 09:11:38
1639732299331650000,32.0,7,32.0,14,32.1,4,2,2021-12-17 09:11:39
1639732299917771000,32.1,2,32.0,14,32.1,2,1,2021-12-17 09:11:39
1639732300121018000,32.05,5,32.0,14,32.1,2,2,2021-12-17 09:11:40
1639732300568107000,32.05,1,32.0,15,32.1,2,2,2021-12-17 09:11:40
1639732301060002000,32.0,1,32.0,30,32.15,32,2,2021-12-17 09:11:41
1639732301997434000,32.1,1,32.05,1,32.15,32,1,2021-12-17 09:11:41
1639732304005975000,32.05,1,32.0,31,32.1,5,2,2021-12-17 09:11:44
1639732304196532000,32.1,1,32.05,1,32.1,4,1,2021-12-17 09:11:44
1639732305444066000,32.05,1,32.0,33,32.1,6,2,2021-12-17 09:11:45
1639732306318585000,32.1,1,32.0,33,32.1,5,1,2021-12-17 09:11:46
1639732307036133000,32.1,1,32.0,34,32.1,14,1,2021-12-17 09:11:47
1639732307334444000,32.05,1,32.0,34,32.1,14,1,2021-12-17 09:11:47
1639732307852089000,32.0,2,32.0,33,32.1,19,2,2021-12-17 09:11:47
1639732307874642000,32.0,16,32.0,17,32.1,19,2,2021-12-17 09:11:47
1639732307905894000,32.0,17,31.95,7,32.1,19,2,2021-12-17 09:11:47
1639732308089593000,31.95,7,31.9,23,32.0,5,2,2021-12-17 09:11:48
1639732308420666000,32.0,1,31.9,23,32.0,4,1,2021-12-17 09:11:48
1639732308448161000,32.0,1,31.9,23,32.0,3,1,2021-12-17 09:11:48
1639732308950129000,31.95,1,31.9,23,32.1,4,1,2021-12-17 09:11:48
1639732308950129000,32.0,3,31.9,23,32.1,4,1,2021-12-17 09:11:48
1639732308950129000,32.05,1,31.9,23,32.1,4,1,2021-12-17 09:11:48
1639732308950129000,32.1,15,31.9,23,32.1,4,1,2021-12-17 09:11:48
1639732309911364000,31.95,1,31.9,23,32.05,2,2,2021-12-17 09:11:49
1639732312169604000,32.0,1,31.9,23,32.0,1,1,2021-12-17 09:11:52
1639732312279031000,32.0,1,31.9,23,32.05,3,1,2021-12-17 09:11:52
1639732312279031000,32.05,2,31.9,23,32.05,3,1,2021-12-17 09:11:52
1639732313483467000,31.95,1,31.9,23,32.05,5,2,2021-12-17 09:11:53
1639732313577490000,32.0,1,31.9,23,32.05,5,2,2021-12-17 09:11:53
1639732313617853000,32.05,5,31.9,23,32.1,3,1,2021-12-17 09:11:53
1639732313617853000,32.1,5,31.9,23,32.1,3,1,2021-12-17 09:11:53
1639732314298479000,31.95,1,31.9,21,32.05,2,2,2021-12-17 09:11:54
1639732314358280000,32.0,1,31.9,20,32.05,7,2,2021-12-17 09:11:54
1639732316515851000,32.0,1,31.95,3,32.05,8,2,2021-12-17 09:11:56
1639732316576558000,32.05,7,31.95,3,32.05,1,1,2021-12-17 09:11:56
1639732316897620000,31.95,3,31.95,2,32.05,43,2,2021-12-17 09:11:56
1639732317495402000,32.0,2,31.95,2,32.05,54,1,2021-12-17 09:11:57
1639732318440039000,32.0,1,31.95,2,32.05,54,2,2021-12-17 09:11:58
1639732318470745000,31.95,2,31.95,1,32.05,54,2,2021-12-17 09:11:58
1639732318501544000,31.95,1,31.9,22,32.05,54,2,2021-12-17 09:11:58
1639732318708724000,32.05,5,31.9,22,32.05,49,1,2021-12-17 09:11:58
1639732318894364000,32.05,1,31.95,1,32.05,48,1,2021-12-17 09:11:58
1639732319202072000,32.05,1,31.95,1,32.05,47,1,2021-12-17 09:11:59
1639732320132340000,31.95,1,31.9,22,32.0,1,2,2021-12-17 09:12:00
1639732320360015000,31.9,5,31.9,17,32.0,6,2,2021-12-17 09:12:00
1639732320677437000,31.95,1,31.9,17,32.0,6,2,2021-12-17 09:12:00
1639732322290056000,31.9,2,31.9,17,32.0,7,2,2021-12-17 09:12:02
1639732322613198000,32.0,2,31.9,18,32.0,6,1,2021-12-17 09:12:02
1639732323896045000,31.9,2,31.9,17,32.0,7,2,2021-12-17 09:12:03
1639732323916776000,31.9,8,31.9,9,32.0,7,2,2021-12-17 09:12:03
1639732327587645000,31.95,1,31.95,1,32.0,7,1,2021-12-17 09:12:07
1639732328477065000,31.95,1,31.9,9,32.0,7,2,2021-12-17 09:12:08
1639732328926820000,32.0,1,31.9,12,32.0,6,1,2021-12-17 09:12:08
1639732330261366000,32.0,1,31.95,2,32.0,5,1,2021-12-17 09:12:10
1639732335252762000,32.0,1,31.95,20,32.0,25,1,2021-12-17 09:12:15
1639732336131323000,32.0,1,31.95,21,32.0,25,1,2021-12-17 09:12:16
1639732336430882000,32.0,2,31.95,21,32.0,25,1,2021-12-17 09:12:16
1639732336539224000,32.0,1,31.95,21,32.0,24,1,2021-12-17 09:12:16
1639732337214118000,32.0,1,31.95,22,32.0,24,1,2021-12-17 09:12:17
1639732337477280000,32.0,1,31.95,22,32.0,23,1,2021-12-17 09:12:17
1639732337633950000,32.0,1,31.95,22,32.0,22,1,2021-12-17 09:12:17
1639732337834698000,32.0,1,31.95,22,32.0,21,1,2021-12-17 09:12:17
1639732338014590000,32.0,21,32.0,3,32.05,42,1,2021-12-17 09:12:18
1639732338071168000,32.0,1,32.0,2,32.05,42,2,2021-12-17 09:12:18
1639732338500543000,32.05,1,32.0,2,32.05,41,1,2021-12-17 09:12:18
1639732339665745000,32.05,20,32.0,2,32.05,21,1,2021-12-17 09:12:19
1639732339701119000,32.05,20,32.0,2,32.05,1,1,2021-12-17 09:12:19
1639732341488654000,32.05,1,32.0,16,32.1,6,1,2021-12-17 09:12:21
1639732343834186000,32.1,6,32.1,4,32.15,31,1,2021-12-17 09:12:23
1639732346504719000,32.15,2,32.1,4,32.15,29,1,2021-12-17 09:12:26
1639732346688242000,32.15,2,32.1,4,32.15,27,1,2021-12-17 09:12:26
1639732347391207000,32.15,3,32.1,4,32.15,24,1,2021-12-17 09:12:27
1639732347486751000,32.15,6,32.1,4,32.15,18,1,2021-12-17 09:12:27
1639732348624672000,32.1,3,32.1,2,32.15,18,2,2021-12-17 09:12:28
1639732349313617000,32.15,10,32.1,3,32.15,8,1,2021-12-17 09:12:29
1639732350234910000,32.15,1,32.1,3,32.15,7,1,2021-12-17 09:12:30
1639732351118882000,32.1,3,32.05,8,32.15,7,2,2021-12-17 09:12:31
1639732351375854000,32.15,7,32.15,3,32.2,11,1,2021-12-17 09:12:31
1639732351467043000,32.2,5,32.15,3,32.2,6,1,2021-12-17 09:12:31
1639732352466254000,32.15,1,32.15,3,32.2,6,2,2021-12-17 09:12:32
1639732352527975000,32.2,2,32.15,5,32.2,4,1,2021-12-17 09:12:32
1639732352561537000,32.2,2,32.15,5,32.2,2,1,2021-12-17 09:12:32
1639732354745954000,32.15,1,32.15,8,32.2,4,2,2021-12-17 09:12:34
1639732356408782000,32.2,2,32.15,9,32.2,6,1,2021-12-17 09:12:36
1639732356827054000,32.2,2,32.15,9,32.2,4,1,2021-12-17 09:12:36
1639732357192737000,32.2,1,32.15,9,32.2,3,1,2021-12-17 09:12:37
1639732357900953000,32.2,1,32.15,9,32.2,2,1,2021-12-17 09:12:37
1639732359645675000,32.2,1,32.15,13,32.2,1,1,2021-12-17 09:12:39
1639732359851093000,32.2,1,32.2,4,32.25,70,1,2021-12-17 09:12:39
1639732359881855000,32.2,4,32.15,13,32.2,6,2,2021-12-17 09:12:39
1639732360187208000,32.2,2,32.15,13,32.2,4,1,2021-12-17 09:12:40
1639732361536049000,32.2,3,32.15,13,32.2,1,1,2021-12-17 09:12:41
1639732362005070000,32.2,1,32.15,13,32.25,70,1,2021-12-17 09:12:42
1639732362231302000,32.25,5,32.2,2,32.25,65,1,2021-12-17 09:12:42
1639732362233479000,32.2,2,32.15,5,32.25,65,2,2021-12-17 09:12:42
1639732362233479000,32.15,8,32.15,5,32.25,65,2,2021-12-17 09:12:42
1639732362273974000,32.25,2,32.15,5,32.25,63,1,2021-12-17 09:12:42
1639732363426253000,32.2,1,32.15,5,32.25,63,1,2021-12-17 09:12:43
1639732365276913000,32.25,20,32.2,2,32.25,43,1,2021-12-17 09:12:45
1639732366377484000,32.25,10,32.2,2,32.25,33,1,2021-12-17 09:12:46
1639732366876867000,32.25,9,32.2,2,32.25,24,1,2021-12-17 09:12:46
1639732367089503000,32.25,4,32.2,2,32.25,20,1,2021-12-17 09:12:47
1639732367337261000,32.2,2,32.15,5,32.25,20,2,2021-12-17 09:12:47
1639732367745770000,32.25,10,32.2,1,32.25,10,1,2021-12-17 09:12:47
1639732368146907000,32.25,8,32.2,1,32.25,2,1,2021-12-17 09:12:48
1639732368670702000,32.25,1,32.2,1,32.25,1,1,2021-12-17 09:12:48
1639732368699514000,32.25,1,32.2,1,32.3,1,1,2021-12-17 09:12:48
1639732368758600000,32.3,1,32.2,1,32.35,6,1,2021-12-17 09:12:48
1639732369169975000,32.2,1,32.15,5,32.35,6,2,2021-12-17 09:12:49
1639732369817629000,32.3,1,32.25,1,32.35,2,1,2021-12-17 09:12:49
1639732369817629000,32.35,4,32.25,1,32.35,2,1,2021-12-17 09:12:49
1639732370280210000,32.3,1,32.25,1,32.35,2,2,2021-12-17 09:12:50
1639732374894352000,32.35,2,32.35,1,32.4,1,1,2021-12-17 09:12:54
1639732374930255000,32.35,1,32.3,2,32.4,1,2,2021-12-17 09:12:54
1639732375817581000,32.4,1,32.3,3,32.45,87,1,2021-12-17 09:12:55
1639732375817581000,32.45,1,32.3,3,32.45,87,1,2021-12-17 09:12:55
1639732376689379000,32.45,5,32.35,1,32.45,82,1,2021-12-17 09:12:56
1639732379165734000,32.35,1,32.35,2,32.4,3,2,2021-12-17 09:12:59
1639732379236623000,32.4,1,32.35,2,32.4,2,1,2021-12-17 09:12:59
1639732380091149000,32.4,2,32.4,7,32.45,82,1,2021-12-17 09:13:00
1639732380319698000,32.45,3,32.4,7,32.45,79,1,2021-12-17 09:13:00
1639732381038958000,32.45,5,32.4,7,32.45,74,1,2021-12-17 09:13:01
1639732381274738000,32.45,2,32.4,7,32.45,72,1,2021-12-17 09:13:01
1639732381325454000,32.4,5,32.4,2,32.45,72,2,2021-12-17 09:13:01
1639732382231941000,32.45,7,32.4,2,32.45,65,1,2021-12-17 09:13:02
1639732383184974000,32.45,2,32.4,2,32.45,64,1,2021-12-17 09:13:03
1639732383522187000,32.45,50,32.4,3,32.45,14,1,2021-12-17 09:13:03
1639732383550441000,32.45,12,32.4,3,32.45,2,1,2021-12-17 09:13:03
1639732384639596000,32.45,1,32.4,3,32.45,1,1,2021-12-17 09:13:04
1639732384649532000,32.45,1,32.4,3,32.5,8,1,2021-12-17 09:13:04
1639732384897974000,32.5,1,32.4,3,32.5,7,1,2021-12-17 09:13:04
1639732384947429000,32.5,1,32.4,3,32.5,6,1,2021-12-17 09:13:04
1639732386152923000,32.5,2,32.45,1,32.5,4,1,2021-12-17 09:13:06
1639732387828847000,32.45,1,32.45,6,32.5,4,2,2021-12-17 09:13:07
1639732388285983000,32.5,5,32.45,6,32.6,3,1,2021-12-17 09:13:08
1639732388285983000,32.55,3,32.45,6,32.6,3,1,2021-12-17 09:13:08
1639732388285983000,32.6,2,32.45,6,32.6,3,1,2021-12-17 09:13:08
1639732388432062000,32.6,1,32.45,6,32.6,2,1,2021-12-17 09:13:08
1639732388531572000,32.45,2,32.45,4,32.6,2,2,2021-12-17 09:13:08
1639732388540651000,32.45,1,32.45,3,32.6,2,2,2021-12-17 09:13:08
1639732388960339000,32.6,1,32.45,6,32.6,1,1,2021-12-17 09:13:08
1639732390100090000,32.5,1,32.5,3,32.6,1,2,2021-12-17 09:13:10
1639732390436065000,32.6,1,32.5,3,32.65,1,1,2021-12-17 09:13:10
1639732390621788000,32.65,1,32.5,6,32.7,1,1,2021-12-17 09:13:10
1639732391741454000,32.7,1,32.55,1,32.75,11,1,2021-12-17 09:13:11
1639732391741454000,32.75,1,32.55,1,32.75,11,1,2021-12-17 09:13:11
1639732393532479000,32.6,1,32.55,1,32.65,1,1,2021-12-17 09:13:13
1639732393532479000,32.65,4,32.55,1,32.65,1,1,2021-12-17 09:13:13
1639732394747182000,32.65,1,32.55,1,32.7,1,1,2021-12-17 09:13:14
1639732395337569000,32.7,1,32.55,1,32.75,10,1,2021-12-17 09:13:15
1639732395337569000,32.75,1,32.55,1,32.75,10,1,2021-12-17 09:13:15
1639732395612671000,32.75,1,32.6,6,32.75,9,1,2021-12-17 09:13:15
1639732396024512000,32.6,5,32.6,1,32.65,1,2,2021-12-17 09:13:16
1639732396053405000,32.6,1,32.55,1,32.65,1,2,2021-12-17 09:13:16
1639732396131473000,32.65,1,32.55,1,32.7,2,1,2021-12-17 09:13:16
1639732396359950000,32.7,2,32.55,1,32.75,9,1,2021-12-17 09:13:16
1639732396401975000,32.6,1,32.55,1,32.75,9,2,2021-12-17 09:13:16
1639732396548188000,32.6,1,32.65,2,32.7,1,1,2021-12-17 09:13:16
1639732397524729000,32.7,1,32.65,2,32.8,2,1,2021-12-17 09:13:17
1639732397524729000,32.75,9,32.65,2,32.8,2,1,2021-12-17 09:13:17
1639732398210886000,32.65,2,32.55,1,32.6,2,2,2021-12-17 09:13:18
1639732398210886000,32.6,1,32.55,1,32.6,2,2,2021-12-17 09:13:18
1639732398219391000,32.6,1,32.55,1,32.6,1,1,2021-12-17 09:13:18
1639732398345591000,32.6,1,32.6,4,32.8,2,1,2021-12-17 09:13:18
1639732400476117000,32.65,1,32.6,14,32.65,5,1,2021-12-17 09:13:20
1639732401331543000,32.65,1,32.6,15,32.65,4,1,2021-12-17 09:13:21
1639732402360083000,32.65,2,32.6,15,32.65,2,1,2021-12-17 09:13:22
1639732402857891000,32.6,10,32.6,5,32.65,2,2,2021-12-17 09:13:22
1639732403319574000,32.65,1,32.6,5,32.65,1,1,2021-12-17 09:13:23
1639732403443212000,32.65,1,32.6,5,32.7,4,1,2021-12-17 09:13:23
1639732403797853000,32.6,1,32.6,4,32.7,4,2,2021-12-17 09:13:23
1639732403841125000,32.6,4,32.55,2,32.6,1,2,2021-12-17 09:13:23
1639732404078820000,32.6,1,32.55,2,32.7,4,1,2021-12-17 09:13:24
1639732404112870000,32.55,2,32.5,15,32.6,8,2,2021-12-17 09:13:24
1639732404131793000,32.6,1,32.5,15,32.6,7,1,2021-12-17 09:13:24
1639732404283867000,32.6,2,32.5,15,32.6,5,1,2021-12-17 09:13:24
1639732404431593000,32.6,1,32.5,15,32.6,4,1,2021-12-17 09:13:24
1639732404635635000,32.6,1,32.5,11,32.6,3,1,2021-12-17 09:13:24
1639732404803373000,32.5,1,32.5,10,32.6,4,2,2021-12-17 09:13:24
1639732406380365000,32.6,1,32.5,11,32.6,5,1,2021-12-17 09:13:26
1639732406792296000,32.6,2,32.5,9,32.6,3,1,2021-12-17 09:13:26
1639732408098203000,32.5,1,32.5,8,32.6,6,2,2021-12-17 09:13:28
1639732408336107000,32.5,3,32.5,5,32.6,6,2,2021-12-17 09:13:28
1639732408369708000,32.5,5,32.45,11,32.6,6,2,2021-12-17 09:13:28
1639732408541232000,32.55,2,32.45,11,32.5,6,2,2021-12-17 09:13:28
1639732408823302000,32.5,1,32.45,11,32.5,5,1,2021-12-17 09:13:28
1639732409301847000,32.5,2,32.45,11,32.5,3,1,2021-12-17 09:13:29
1639732409600437000,32.5,1,32.45,11,32.5,2,1,2021-12-17 09:13:29
1639732409644767000,32.5,1,32.45,11,32.5,1,1,2021-12-17 09:13:29
1639732410454757000,32.45,1,32.45,10,32.5,1,2,2021-12-17 09:13:30
1639732410767098000,32.5,1,32.45,10,32.6,5,1,2021-12-17 09:13:30
1639732410767098000,32.6,1,32.45,10,32.6,5,1,2021-12-17 09:13:30
1639732412508496000,32.5,1,32.45,30,32.5,2,2,2021-12-17 09:13:32
1639732413551632000,32.45,3,32.45,28,32.5,2,2,2021-12-17 09:13:33
1639732414916305000,32.5,2,32.5,1,32.55,2,1,2021-12-17 09:13:34
1639732415617620000,32.5,1,32.45,31,32.55,2,2,2021-12-17 09:13:35
1639732415904915000,32.45,2,32.45,29,32.55,2,2,2021-12-17 09:13:35
1639732416219026000,32.5,1,32.45,29,32.55,3,2,2021-12-17 09:13:36
1639732417702139000,32.55,1,32.5,3,32.55,4,1,2021-12-17 09:13:37
1639732417725631000,32.5,3,32.45,29,32.55,4,2,2021-12-17 09:13:37
1639732420306055000,32.5,1,32.45,29,32.5,11,1,2021-12-17 09:13:40
1639732420342808000,32.45,1,32.45,28,32.5,11,2,2021-12-17 09:13:40
1639732420378978000,32.45,28,32.4,8,32.5,11,2,2021-12-17 09:13:40
1639732420746361000,32.45,3,32.4,8,32.45,2,1,2021-12-17 09:13:40
1639732422902703000,32.45,2,32.4,8,32.5,11,1,2021-12-17 09:13:42
1639732424471147000,32.5,1,32.4,9,32.5,12,1,2021-12-17 09:13:44
1639732424477039000,32.5,5,32.4,9,32.5,7,1,2021-12-17 09:13:44
1639732427945503000,32.45,1,32.4,10,32.5,7,1,2021-12-17 09:13:47
1639732428402974000,32.45,1,32.4,10,32.5,7,2,2021-12-17 09:13:48
1639732428769314000,32.45,1,32.4,10,32.5,12,1,2021-12-17 09:13:48
1639732432158103000,32.45,1,32.45,1,32.5,12,2,2021-12-17 09:13:52
1639732432189960000,32.45,1,32.4,10,32.5,12,2,2021-12-17 09:13:52
1639732433228839000,32.45,1,32.45,2,32.5,12,2,2021-12-17 09:13:53
1639732433889035000,32.45,2,32.4,10,32.5,13,2,2021-12-17 09:13:53
1639732435155488000,32.4,1,32.4,9,32.45,1,2,2021-12-17 09:13:55
1639732435946616000,32.4,1,32.4,8,32.45,1,2,2021-12-17 09:13:55
1639732436851683000,32.45,1,32.4,8,32.5,14,1,2021-12-17 09:13:56
1639732437502347000,32.4,5,32.4,3,32.5,14,2,2021-12-17 09:13:57
1639732437531266000,32.4,3,32.35,6,32.5,14,2,2021-12-17 09:13:57
1639732438609215000,32.45,1,32.35,6,32.5,4,1,2021-12-17 09:13:58
1639732438609215000,32.5,10,32.35,6,32.5,4,1,2021-12-17 09:13:58
1639732438983729000,32.35,1,32.35,5,32.45,1,2,2021-12-17 09:13:58
1639732439173524000,32.35,5,32.3,14,32.45,1,2,2021-12-17 09:13:59
1639732439173524000,32.3,5,32.3,14,32.45,1,2,2021-12-17 09:13:59
1639732439565525000,32.45,1,32.3,14,32.5,5,1,2021-12-17 09:13:59
1639732440533392000,32.45,1,32.3,14,32.45,2,1,2021-12-17 09:14:00
1639732441088788000,32.45,1,32.3,14,32.45,1,1,2021-12-17 09:14:01
1639732442789832000,32.45,1,32.4,10,32.45,4,1,2021-12-17 09:14:02
1639732443430626000,32.45,1,32.4,10,32.45,4,1,2021-12-17 09:14:03
1639732443521268000,32.4,1,32.4,9,32.45,4,2,2021-12-17 09:14:03
1639732443537171000,32.4,2,32.4,7,32.45,4,2,2021-12-17 09:14:03
1639732443856492000,32.4,1,32.4,6,32.45,3,2,2021-12-17 09:14:03
1639732444269474000,32.45,1,32.4,6,32.45,2,1,2021-12-17 09:14:04
1639732445958306000,32.45,3,32.4,6,32.5,6,1,2021-12-17 09:14:05
1639732446558667000,32.5,1,32.45,1,32.5,5,1,2021-12-17 09:14:06
1639732447727536000,32.5,2,32.45,1,32.5,3,1,2021-12-17 09:14:07
1639732448695460000,32.5,1,32.45,1,32.5,4,1,2021-12-17 09:14:08
1639732450616866000,32.45,1,32.4,2,32.5,7,2,2021-12-17 09:14:10
1639732450616866000,32.4,4,32.4,2,32.5,7,2,2021-12-17 09:14:10
1639732453280504000,32.4,2,32.4,2,32.45,2,2,2021-12-17 09:14:13
1639732453318745000,32.4,2,32.3,14,32.45,2,2,2021-12-17 09:14:13
1639732453499885000,32.45,1,32.3,14,32.45,1,1,2021-12-17 09:14:13
1639732454282563000,32.4,2,32.3,14,32.45,1,2,2021-12-17 09:14:14
1639732456160826000,32.45,1,32.3,14,32.5,21,1,2021-12-17 09:14:16
1639732456967353000,32.5,1,32.35,1,32.5,22,1,2021-12-17 09:14:16
1639732459567971000,32.35,1,32.35,3,32.45,2,2,2021-12-17 09:14:19
1639732461538541000,32.35,3,32.3,15,32.35,2,2,2021-12-17 09:14:21
1639732465440308000,32.35,1,32.3,14,32.35,1,1,2021-12-17 09:14:25
1639732467146639000,32.3,5,32.3,10,32.35,1,2,2021-12-17 09:14:27
1639732467306558000,32.3,1,32.3,9,32.35,1,2,2021-12-17 09:14:27
1639732467483915000,32.35,1,32.35,2,32.4,1,1,2021-12-17 09:14:27
1639732467505264000,32.35,2,32.3,9,32.4,1,2,2021-12-17 09:14:27
1639732470063353000,32.35,1,32.35,3,32.4,1,2,2021-12-17 09:14:30
1639732470489135000,32.35,2,32.35,1,32.4,1,2,2021-12-17 09:14:30
1639732470517469000,32.35,1,32.3,9,32.4,1,2,2021-12-17 09:14:30
1639732476443075000,32.3,1,32.3,8,32.35,1,2,2021-12-17 09:14:36
1639732476494733000,32.3,1,32.3,7,32.35,1,2,2021-12-17 09:14:36
1639732477408186000,32.3,7,32.25,10,32.3,3,2,2021-12-17 09:14:37
1639732478249143000,32.3,2,32.25,10,32.3,1,1,2021-12-17 09:14:38
1639732481592518000,32.25,10,32.2,16,32.3,1,2,2021-12-17 09:14:41
1639732484465503000,32.2,2,32.2,14,32.3,1,2,2021-12-17 09:14:44
1639732489257516000,32.2,1,32.2,15,32.25,2,2,2021-12-17 09:14:49
1639732489390620000,32.2,2,32.2,13,32.25,2,2,2021-12-17 09:14:49
1639732491313092000,32.25,2,32.2,13,32.25,1,1,2021-12-17 09:14:51
1639732493012918000,32.25,1,32.2,17,32.3,10,1,2021-12-17 09:14:53
1639732494025389000,32.25,1,32.2,6,32.3,10,2,2021-12-17 09:14:54
1639732494025389000,32.2,11,32.2,6,32.3,10,2,2021-12-17 09:14:54
1639732496044412000,32.2,2,32.2,7,32.25,2,2,2021-12-17 09:14:56
1639732500164111000,32.25,1,32.2,7,32.25,1,1,2021-12-17 09:15:00
1639732500602361000,32.2,2,32.2,5,32.25,1,2,2021-12-17 09:15:00
1639732500885683000,32.2,1,32.2,4,32.25,1,2,2021-12-17 09:15:00
1639732500951910000,32.2,1,32.2,3,32.25,1,2,2021-12-17 09:15:00
1639732502829226000,32.2,2,32.2,1,32.25,1,2,2021-12-17 09:15:02
1639732503558790000,32.2,1,32.2,1,32.25,1,2,2021-12-17 09:15:03
1639732509713654000,32.2,1,32.2,1,32.25,6,2,2021-12-17 09:15:09
1639732511849594000,32.2,1,32.15,1,32.25,6,2,2021-12-17 09:15:11
1639732514253201000,32.2,3,32.15,1,32.2,2,2,2021-12-17 09:15:14
1639732515007624000,32.2,1,32.15,1,32.2,1,1,2021-12-17 09:15:15
1639732515034538000,32.2,1,32.15,1,32.25,6,1,2021-12-17 09:15:15
1639732522982833000,32.25,1,32.2,4,32.3,12,1,2021-12-17 09:15:22
1639732523814326000,32.2,1,32.2,3,32.3,12,2,2021-12-17 09:15:23
1639732524465576000,32.2,3,32.15,11,32.3,12,2,2021-12-17 09:15:24
1639732528347153000,32.2,1,32.15,21,32.3,12,2,2021-12-17 09:15:28
1639732537826711000,32.2,1,32.2,6,32.3,12,2,2021-12-17 09:15:37
1639732548425822000,32.3,1,32.2,10,32.3,11,1,2021-12-17 09:15:48
1639732548454860000,32.3,11,32.2,10,32.35,3,1,2021-12-17 09:15:48
1639732550029393000,32.2,2,32.2,8,32.35,3,2,2021-12-17 09:15:50
1639732571316621000,32.3,1,32.25,4,32.35,3,1,2021-12-17 09:16:11
1639732577255250000,32.3,1,32.3,1,32.35,3,1,2021-12-17 09:16:17
1639732577601193000,32.3,1,32.25,5,32.35,3,2,2021-12-17 09:16:17
1639732583764897000,32.35,3,32.3,5,32.4,6,1,2021-12-17 09:16:23
1639732585788067000,32.3,5,32.25,8,32.3,9,2,2021-12-17 09:16:25
1639732586954546000,32.3,1,32.25,8,32.3,8,1,2021-12-17 09:16:26
1639732588196860000,32.3,3,32.25,8,32.3,5,1,2021-12-17 09:16:28
1639732588225828000,32.3,5,32.25,8,32.4,6,1,2021-12-17 09:16:28
1639732589000146000,32.25,5,32.25,3,32.4,6,2,2021-12-17 09:16:29
1639732590929602000,32.3,2,32.3,10,32.4,6,2,2021-12-17 09:16:30
1639732596153108000,32.3,1,32.3,9,32.4,9,2,2021-12-17 09:16:36
1639732600348311000,32.3,1,32.3,8,32.35,1,2,2021-12-17 09:16:40
1639732600990373000,32.35,1,32.3,8,32.4,13,1,2021-12-17 09:16:40
1639732600990373000,32.4,1,32.3,8,32.4,13,1,2021-12-17 09:16:40
1639732601035454000,32.4,1,32.3,8,32.4,12,1,2021-12-17 09:16:41
1639732601454799000,32.3,1,32.3,7,32.4,12,2,2021-12-17 09:16:41
1639732602135194000,32.4,5,32.3,7,32.4,7,1,2021-12-17 09:16:42
1639732606642207000,32.4,5,32.3,7,32.4,2,1,2021-12-17 09:16:46
1639732607098191000,32.4,2,32.3,7,32.45,15,1,2021-12-17 09:16:47
1639732607098191000,32.45,1,32.3,7,32.45,15,1,2021-12-17 09:16:47
1639732609428678000,32.45,5,32.4,1,32.45,10,1,2021-12-17 09:16:49
1639732609463374000,32.45,10,32.4,1,32.5,25,1,2021-12-17 09:16:49
1639732609530443000,32.4,1,32.35,1,32.5,25,2,2021-12-17 09:16:49
1639732609530443000,32.35,4,32.35,1,32.5,25,2,2021-12-17 09:16:49
1639732609960383000,32.5,5,32.35,1,32.5,20,1,2021-12-17 09:16:49
1639732613423353000,32.35,1,32.3,2,32.5,20,2,2021-12-17 09:16:53
1639732613423353000,32.3,5,32.3,2,32.5,20,2,2021-12-17 09:16:53
1639732614650040000,32.5,1,32.3,2,32.5,19,1,2021-12-17 09:16:54
1639732617116248000,32.5,5,32.4,5,32.5,14,1,2021-12-17 09:16:57
1639732620022652000,32.5,13,32.4,5,32.55,3,1,2021-12-17 09:17:00
1639732620022652000,32.55,4,32.4,5,32.55,3,1,2021-12-17 09:17:00
1639732626333199000,32.55,1,32.5,7,32.55,2,1,2021-12-17 09:17:06
1639732626417249000,32.55,2,32.5,7,32.6,5,1,2021-12-17 09:17:06
1639732626417249000,32.6,1,32.5,7,32.6,5,1,2021-12-17 09:17:06
1639732629000363000,32.6,1,32.55,1,32.6,4,1,2021-12-17 09:17:09
1639732629014199000,32.6,4,32.55,1,32.65,7,1,2021-12-17 09:17:09
1639732629523019000,32.65,1,32.55,1,32.65,6,1,2021-12-17 09:17:09
1639732630203883000,32.65,2,32.55,4,32.65,4,1,2021-12-17 09:17:10
1639732631083989000,32.65,2,32.6,3,32.65,2,1,2021-12-17 09:17:11
1639732631112359000,32.65,2,32.6,3,32.7,11,1,2021-12-17 09:17:11
1639732632712873000,32.7,11,32.6,5,32.75,8,1,2021-12-17 09:17:12
1639732632743451000,32.75,4,32.6,5,32.75,4,1,2021-12-17 09:17:12
1639732632774659000,32.75,4,32.6,5,32.8,9,1,2021-12-17 09:17:12
1639732632829840000,32.65,1,32.6,5,32.8,9,2,2021-12-17 09:17:12
1639732632954637000,32.75,1,32.6,5,32.8,9,1,2021-12-17 09:17:12
1639732635451843000,32.65,1,32.65,1,32.8,9,2,2021-12-17 09:17:15
1639732637197645000,32.8,1,32.75,5,32.8,8,1,2021-12-17 09:17:17
1639732638466003000,32.8,8,32.8,23,32.85,4,1,2021-12-17 09:17:18
1639732639013966000,32.85,1,32.8,23,32.85,3,1,2021-12-17 09:17:19
1639732639421785000,32.85,3,32.8,24,33.0,25,1,2021-12-17 09:17:19
1639732639421785000,32.9,1,32.8,24,33.0,25,1,2021-12-17 09:17:19
1639732639421785000,33.0,2,32.8,24,33.0,25,1,2021-12-17 09:17:19
1639732642055227000,32.95,3,32.9,3,32.95,2,1,2021-12-17 09:17:22
1639732642117019000,32.9,1,32.9,2,32.95,2,2,2021-12-17 09:17:22
1639732642876482000,32.95,1,32.8,25,32.95,1,1,2021-12-17 09:17:22
1639732642881299000,32.95,1,32.8,25,33.0,25,1,2021-12-17 09:17:22
1639732643056673000,32.85,1,32.8,23,33.0,25,2,2021-12-17 09:17:23
1639732643056673000,32.8,2,32.8,23,33.0,25,2,2021-12-17 09:17:23
1639732643172857000,32.95,1,32.8,23,33.0,25,1,2021-12-17 09:17:23
1639732643337990000,33.0,1,32.8,23,33.0,24,1,2021-12-17 09:17:23
1639732644714955000,33.0,5,32.85,1,33.0,19,1,2021-12-17 09:17:24
1639732645207979000,33.0,10,32.85,1,33.0,9,1,2021-12-17 09:17:25
1639732645232982000,33.0,3,32.85,1,33.0,6,1,2021-12-17 09:17:25
1639732645241349000,33.0,6,33.0,4,33.05,1,1,2021-12-17 09:17:25
1639732646570545000,33.0,5,32.8,23,33.05,1,2,2021-12-17 09:17:26
1639732647930347000,32.95,1,32.8,23,33.1,30,1,2021-12-17 09:17:27
1639732647930347000,33.05,1,32.8,23,33.1,30,1,2021-12-17 09:17:27
1639732647930347000,33.1,8,32.8,23,33.1,30,1,2021-12-17 09:17:27
1639732648720494000,33.1,1,32.9,2,33.1,29,1,2021-12-17 09:17:28
1639732649447684000,33.05,1,32.9,2,33.1,26,1,2021-12-17 09:17:29
1639732649447684000,33.1,3,32.9,2,33.1,26,1,2021-12-17 09:17:29
1639732649800261000,33.0,1,32.9,1,33.0,4,2,2021-12-17 09:17:29
1639732650715589000,33.0,1,32.9,1,33.0,3,1,2021-12-17 09:17:30
1639732650750691000,33.0,3,32.9,1,33.1,26,1,2021-12-17 09:17:30
1639732652959044000,33.1,10,33.0,1,33.1,16,1,2021-12-17 09:17:32
1639732653413498000,33.0,1,32.8,22,33.05,1,2,2021-12-17 09:17:33
1639732653413498000,32.9,1,32.8,22,33.05,1,2,2021-12-17 09:17:33
1639732653413498000,32.85,1,32.8,22,33.05,1,2,2021-12-17 09:17:33
1639732653413498000,32.8,2,32.8,22,33.05,1,2,2021-12-17 09:17:33
1639732653818131000,33.0,1,32.8,22,33.05,2,1,2021-12-17 09:17:33
1639732653818131000,33.05,1,32.8,22,33.05,2,1,2021-12-17 09:17:33
1639732654849531000,33.05,1,33.0,1,33.05,2,1,2021-12-17 09:17:34
1639732655126908000,33.0,1,32.85,1,33.05,2,2,2021-12-17 09:17:35
1639732656133958000,33.0,1,32.85,3,33.0,1,1,2021-12-17 09:17:36
1639732656230931000,33.0,1,32.85,3,33.05,3,1,2021-12-17 09:17:36
1639732657168136000,32.95,1,32.8,29,32.9,1,2,2021-12-17 09:17:37
1639732659153015000,32.9,1,32.8,29,33.05,14,1,2021-12-17 09:17:39
1639732661095230000,33.0,1,32.85,1,33.05,11,1,2021-12-17 09:17:41
1639732661095230000,33.05,4,32.85,1,33.05,11,1,2021-12-17 09:17:41
1639732661581461000,33.0,1,33.0,7,33.05,11,1,2021-12-17 09:17:41
1639732661596651000,33.0,7,32.8,29,33.05,11,2,2021-12-17 09:17:41
1639732662462942000,33.05,10,32.8,29,33.05,1,1,2021-12-17 09:17:42
1639732663619839000,33.0,1,32.85,3,33.05,3,1,2021-12-17 09:17:43
1639732664429274000,33.0,1,32.8,34,32.95,2,2,2021-12-17 09:17:44
1639732664537486000,32.95,2,33.0,1,33.05,3,1,2021-12-17 09:17:44
1639732664874034000,33.0,1,33.0,1,33.05,3,2,2021-12-17 09:17:44
1639732664920068000,33.0,1,32.8,34,33.0,1,2,2021-12-17 09:17:44
1639732666447944000,33.0,1,32.85,2,33.0,1,1,2021-12-17 09:17:46
1639732666912733000,32.85,2,32.8,33,33.0,1,2,2021-12-17 09:17:46
1639732667149477000,33.0,1,32.8,33,33.05,3,1,2021-12-17 09:17:47
1639732667974751000,33.0,1,32.85,3,33.05,4,2,2021-12-17 09:17:47
1639732669391129000,32.9,2,32.9,1,33.0,2,2,2021-12-17 09:17:49
1639732670599352000,33.0,1,32.9,2,33.0,2,1,2021-12-17 09:17:50
1639732670717780000,33.0,1,32.9,2,33.0,2,1,2021-12-17 09:17:50
1639732671123746000,32.9,1,32.9,1,33.0,5,2,2021-12-17 09:17:51
1639732671368783000,33.0,1,32.9,1,33.0,4,1,2021-12-17 09:17:51
1639732671898931000,33.0,4,33.0,1,33.05,6,1,2021-12-17 09:17:51
1639732671934320000,33.0,1,32.9,1,33.05,6,2,2021-12-17 09:17:51
1639732673522160000,33.0,1,33.0,5,33.05,6,1,2021-12-17 09:17:53
1639732676009718000,33.05,3,33.0,6,33.05,3,1,2021-12-17 09:17:56
1639732676347209000,33.0,1,33.0,5,33.05,3,2,2021-12-17 09:17:56
1639732677525171000,33.0,2,33.0,5,33.05,4,2,2021-12-17 09:17:57
1639732677950090000,33.0,5,32.95,3,33.05,4,2,2021-12-17 09:17:57
1639732679441505000,33.0,1,33.0,19,33.05,14,2,2021-12-17 09:17:59
1639732679608316000,33.0,1,33.0,18,33.05,14,2,2021-12-17 09:17:59
1639732680021759000,33.0,5,33.0,13,33.05,14,2,2021-12-17 09:18:00
1639732680050749000,33.0,3,33.0,10,33.05,14,2,2021-12-17 09:18:00
1639732680469155000,33.0,9,33.0,1,33.05,14,2,2021-12-17 09:18:00
1639732680484271000,33.0,1,32.95,3,33.05,14,2,2021-12-17 09:18:00
1639732681591450000,33.0,3,32.95,3,33.0,2,1,2021-12-17 09:18:01
1639732681885552000,32.95,1,32.95,2,33.0,2,2,2021-12-17 09:18:01
1639732682007355000,33.0,1,32.95,2,33.0,1,1,2021-12-17 09:18:02
1639732683457916000,32.95,2,32.9,8,33.0,2,2,2021-12-17 09:18:03
1639732684138240000,33.0,1,32.9,9,33.0,1,1,2021-12-17 09:18:04
1639732687330504000,32.95,1,32.9,10,33.0,11,1,2021-12-17 09:18:07
1639732687330504000,33.0,1,32.9,10,33.0,11,1,2021-12-17 09:18:07
1639732687476711000,33.0,1,32.9,11,33.0,17,1,2021-12-17 09:18:07
1639732687977756000,32.95,1,32.95,2,33.0,17,1,2021-12-17 09:18:07
1639732689697350000,33.0,1,32.95,2,33.0,16,1,2021-12-17 09:18:09
1639732692774638000,33.0,1,32.95,4,33.0,19,1,2021-12-17 09:18:12
1639732694028098000,32.95,1,32.95,4,33.0,19,2,2021-12-17 09:18:14
1639732694298666000,33.0,1,32.95,4,33.0,18,1,2021-12-17 09:18:14
1639732695276383000,33.0,5,32.95,4,33.0,13,1,2021-12-17 09:18:15
1639732696746609000,32.95,1,32.95,3,33.0,16,2,2021-12-17 09:18:16
1639732698537495000,32.95,2,32.95,1,33.0,19,2,2021-12-17 09:18:18
1639732698921287000,32.95,1,32.9,15,33.0,22,2,2021-12-17 09:18:18
1639732699492061000,33.0,3,32.95,2,33.0,18,1,2021-12-17 09:18:19
1639732702622520000,32.95,1,32.95,10,33.0,29,2,2021-12-17 09:18:22
1639732703870144000,32.95,2,32.95,13,33.0,31,2,2021-12-17 09:18:23
1639732704767995000,32.95,2,32.95,13,33.0,31,2,2021-12-17 09:18:24
1639732705933755000,32.95,5,32.95,8,33.0,34,2,2021-12-17 09:18:25
1639732705969616000,32.95,8,32.9,15,33.0,34,2,2021-12-17 09:18:25
1639732706258955000,32.9,1,32.9,14,33.0,34,2,2021-12-17 09:18:26
1639732707295222000,32.9,1,32.9,13,33.0,34,2,2021-12-17 09:18:27
1639732708179850000,32.9,2,32.9,12,32.95,1,2,2021-12-17 09:18:28
1639732708365860000,32.95,1,32.9,12,32.95,1,1,2021-12-17 09:18:28
1639732708579465000,32.9,12,32.85,10,32.95,16,2,2021-12-17 09:18:28
1639732710670896000,32.85,1,32.85,9,32.95,16,2,2021-12-17 09:18:30
1639732710694350000,32.85,9,32.8,39,32.95,16,2,2021-12-17 09:18:30
1639732713950177000,32.85,1,32.8,40,32.85,1,1,2021-12-17 09:18:33
1639732714653249000,32.8,3,32.8,37,32.85,1,2,2021-12-17 09:18:34
1639732714780171000,32.85,1,32.8,37,32.9,2,1,2021-12-17 09:18:34
1639732717857751000,32.9,1,32.85,1,32.9,1,1,2021-12-17 09:18:37
1639732718049629000,32.85,1,32.8,38,32.9,2,2,2021-12-17 09:18:38
1639732718049629000,32.8,1,32.8,38,32.9,2,2,2021-12-17 09:18:38
1639732720138855000,32.8,1,32.8,37,32.9,3,2,2021-12-17 09:18:40
1639732721142828000,32.9,1,32.8,37,32.9,2,1,2021-12-17 09:18:41
1639732722668907000,32.9,1,32.8,37,32.9,2,1,2021-12-17 09:18:42
1639732734671718000,32.85,1,32.8,48,32.9,20,1,2021-12-17 09:18:54
1639732737704082000,32.9,10,32.8,46,32.9,10,1,2021-12-17 09:18:57
1639732740406244000,32.8,1,32.8,46,32.9,11,2,2021-12-17 09:19:00
1639732742190863000,32.8,1,32.8,45,32.85,10,2,2021-12-17 09:19:02
1639732742894194000,32.85,3,32.8,45,32.85,7,1,2021-12-17 09:19:02
1639732746098141000,32.8,3,32.8,42,32.85,7,2,2021-12-17 09:19:06
1639732746204883000,32.85,2,32.8,43,32.85,5,1,2021-12-17 09:19:06
1639732748787932000,32.85,1,32.8,43,32.85,4,1,2021-12-17 09:19:08
1639732751651245000,32.8,1,32.8,36,32.85,6,2,2021-12-17 09:19:11
1639732753816821000,32.8,2,32.8,33,32.85,8,2,2021-12-17 09:19:13
1639732754827488000,32.8,5,32.8,28,32.85,8,2,2021-12-17 09:19:14
1639732754885305000,32.8,1,32.8,27,32.85,8,2,2021-12-17 09:19:14
1639732755801037000,32.8,4,32.8,23,32.85,8,2,2021-12-17 09:19:15
1639732755819847000,32.8,1,32.8,22,32.85,8,2,2021-12-17 09:19:15
1639732755830228000,32.8,4,32.8,18,32.85,8,2,2021-12-17 09:19:15
1639732756142070000,32.8,18,32.75,6,32.85,8,2,2021-12-17 09:19:16
1639732756142070000,32.75,2,32.75,6,32.85,8,2,2021-12-17 09:19:16
1639732756206019000,32.75,1,32.75,5,32.8,1,2,2021-12-17 09:19:16
1639732756233056000,32.75,5,32.7,4,32.8,1,2,2021-12-17 09:19:16
1639732760422004000,32.7,1,32.7,3,32.8,10,2,2021-12-17 09:19:20
1639732760987947000,32.7,1,32.7,2,32.8,10,2,2021-12-17 09:19:20
1639732763502761000,32.7,2,32.65,7,32.8,12,2,2021-12-17 09:19:23
1639732765138847000,32.7,1,32.7,19,32.8,13,1,2021-12-17 09:19:25
1639732766490545000,32.7,1,32.7,18,32.75,2,2,2021-12-17 09:19:26
1639732768767935000,32.7,2,32.7,18,32.75,2,2,2021-12-17 09:19:28
1639732768820179000,32.75,1,32.7,18,32.75,1,1,2021-12-17 09:19:28
1639732770516232000,32.7,1,32.7,17,32.75,2,2,2021-12-17 09:19:30
1639732770630765000,32.7,2,32.7,15,32.75,2,2,2021-12-17 09:19:30
1639732770811810000,32.75,1,32.7,15,32.75,1,1,2021-12-17 09:19:30
1639732772438536000,32.75,1,32.7,16,32.8,12,1,2021-12-17 09:19:32
1639732772885257000,32.7,1,32.7,15,32.8,12,2,2021-12-17 09:19:32
1639732773946387000,32.75,1,32.7,11,32.8,7,2,2021-12-17 09:19:33
1639732773946387000,32.7,4,32.7,11,32.8,7,2,2021-12-17 09:19:33
1639732774996592000,32.7,1,32.7,10,32.75,1,2,2021-12-17 09:19:34
1639732776565378000,32.75,1,32.7,10,32.8,7,1,2021-12-17 09:19:36
1639732778625956000,32.75,1,32.8,1,32.85,8,1,2021-12-17 09:19:38
1639732778625956000,32.8,7,32.8,1,32.85,8,1,2021-12-17 09:19:38
1639732779438911000,32.8,1,32.7,9,32.85,8,2,2021-12-17 09:19:39
1639732779438911000,32.7,1,32.7,9,32.85,8,2,2021-12-17 09:19:39
1639732780167526000,32.75,1,32.75,1,32.85,8,1,2021-12-17 09:19:40
1639732782632211000,32.85,5,32.75,2,32.85,3,1,2021-12-17 09:19:42
1639732784572185000,32.85,3,32.75,12,32.9,11,1,2021-12-17 09:19:44
1639732787948394000,32.75,1,32.75,11,32.9,11,2,2021-12-17 09:19:47
1639732796088420000,32.8,1,32.75,3,32.9,16,1,2021-12-17 09:19:56
1639732796709051000,32.75,3,32.7,11,32.75,2,2,2021-12-17 09:19:56
1639732796739606000,32.75,2,32.7,11,32.9,16,1,2021-12-17 09:19:56
1639732797900887000,32.8,3,32.7,11,32.9,16,2,2021-12-17 09:19:57
1639732799111001000,32.8,1,32.8,19,32.9,16,2,2021-12-17 09:19:59
1639732802375590000,32.9,16,32.85,10,33.0,50,1,2021-12-17 09:20:02
1639732802406162000,33.0,3,32.85,10,33.0,47,1,2021-12-17 09:20:02
1639732802437336000,33.0,10,32.85,10,33.0,37,1,2021-12-17 09:20:02
1639732803484936000,33.0,4,32.85,10,33.0,33,1,2021-12-17 09:20:03
1639732803519214000,33.0,12,32.85,10,33.0,21,1,2021-12-17 09:20:03
1639732803549771000,33.0,21,32.85,10,33.05,5,1,2021-12-17 09:20:03
1639732803771825000,32.9,1,32.85,10,33.05,5,2,2021-12-17 09:20:03
1639732804201734000,33.0,1,33.05,9,33.1,19,1,2021-12-17 09:20:04
1639732804201734000,33.05,5,33.05,9,33.1,19,1,2021-12-17 09:20:04
1639732805135231000,33.1,1,33.05,9,33.1,18,1,2021-12-17 09:20:05
1639732805642488000,33.1,2,33.05,9,33.1,16,1,2021-12-17 09:20:05
1639732807190593000,33.05,4,33.05,5,33.1,17,2,2021-12-17 09:20:07
1639732807600904000,33.1,2,33.05,5,33.1,15,1,2021-12-17 09:20:07
1639732808724790000,33.1,15,33.05,6,33.2,8,1,2021-12-17 09:20:08
1639732809288151000,33.2,2,33.1,1,33.2,6,1,2021-12-17 09:20:09
1639732810323690000,33.2,1,33.1,5,33.2,5,1,2021-12-17 09:20:10
1639732810472043000,33.2,1,33.1,5,33.2,4,1,2021-12-17 09:20:10
1639732810503459000,33.2,4,33.1,5,33.25,2,1,2021-12-17 09:20:10
1639732810508913000,33.25,2,33.1,5,33.3,5,1,2021-12-17 09:20:10
1639732810508913000,33.3,1,33.1,5,33.3,5,1,2021-12-17 09:20:10
1639732811824758000,33.3,2,33.15,1,33.3,3,1,2021-12-17 09:20:11
1639732812853705000,33.3,2,33.1,9,33.3,1,1,2021-12-17 09:20:12
1639732813523761000,33.3,1,33.2,1,33.45,12,1,2021-12-17 09:20:13
1639732813523761000,33.4,1,33.2,1,33.45,12,1,2021-12-17 09:20:13
1639732816215024000,33.4,1,33.3,1,33.45,12,2,2021-12-17 09:20:16
1639732817079724000,33.4,1,33.3,1,33.45,10,1,2021-12-17 09:20:17
1639732817079724000,33.45,2,33.3,1,33.45,10,1,2021-12-17 09:20:17
1639732817144849000,33.3,1,33.3,1,33.45,10,2,2021-12-17 09:20:17
1639732817221222000,33.45,1,33.3,1,33.45,9,1,2021-12-17 09:20:17
1639732818569425000,33.45,2,33.3,1,33.45,7,1,2021-12-17 09:20:18
1639732818961839000,33.45,2,33.4,1,33.45,5,1,2021-12-17 09:20:18
1639732819193481000,33.4,1,33.3,1,33.45,5,2,2021-12-17 09:20:19
1639732819525742000,33.45,2,33.4,1,33.45,3,1,2021-12-17 09:20:19
1639732819764752000,33.45,2,33.4,1,33.45,1,1,2021-12-17 09:20:19
1639732820012065000,33.45,1,33.4,1,33.5,19,1,2021-12-17 09:20:20
1639732820012065000,33.5,1,33.4,1,33.5,19,1,2021-12-17 09:20:20
1639732823008048000,33.5,4,33.4,7,33.5,15,1,2021-12-17 09:20:23
1639732823598868000,33.5,1,33.45,1,33.5,14,1,2021-12-17 09:20:23
1639732823625188000,33.45,1,33.4,6,33.5,14,2,2021-12-17 09:20:23
1639732823625188000,33.4,1,33.4,6,33.5,14,2,2021-12-17 09:20:23
1639732824126211000,33.5,1,33.4,6,33.5,13,1,2021-12-17 09:20:24
1639732824390202000,33.4,1,33.4,5,33.5,13,2,2021-12-17 09:20:24
1639732824657136000,33.4,5,33.3,7,33.5,13,2,2021-12-17 09:20:24
1639732825399811000,33.5,2,33.3,7,33.5,12,1,2021-12-17 09:20:25
1639732825659979000,33.5,2,33.3,7,33.5,10,1,2021-12-17 09:20:25
1639732826299862000,33.45,1,33.4,1,33.5,8,1,2021-12-17 09:20:26
1639732826299862000,33.5,2,33.4,1,33.5,8,1,2021-12-17 09:20:26
1639732827044222000,33.5,8,33.5,5,33.55,5,1,2021-12-17 09:20:27
1639732827688009000,33.5,2,33.5,3,33.55,5,2,2021-12-17 09:20:27
1639732827723391000,33.5,3,33.4,3,33.55,5,2,2021-12-17 09:20:27
1639732828201436000,33.55,2,33.4,3,33.55,3,1,2021-12-17 09:20:28
1639732828332076000,33.5,1,33.4,1,33.55,3,2,2021-12-17 09:20:28
1639732828332076000,33.4,2,33.4,1,33.55,3,2,2021-12-17 09:20:28
1639732829451298000,33.55,3,33.5,1,33.6,17,1,2021-12-17 09:20:29
1639732830906963000,33.6,2,33.5,6,33.6,15,1,2021-12-17 09:20:30
1639732831172888000,33.6,2,33.5,7,33.6,13,1,2021-12-17 09:20:31
1639732831933354000,33.6,5,33.5,9,33.6,8,1,2021-12-17 09:20:31
1639732831974682000,33.6,4,33.5,9,33.6,4,1,2021-12-17 09:20:31
1639732831988970000,33.5,3,33.5,6,33.6,4,2,2021-12-17 09:20:31
1639732832177728000,33.6,1,33.5,6,33.6,3,1,2021-12-17 09:20:32
1639732832402688000,33.6,2,33.55,2,33.6,1,1,2021-12-17 09:20:32
1639732832487811000,33.55,1,33.55,1,33.6,1,2,2021-12-17 09:20:32
1639732833142422000,33.6,1,33.55,1,33.65,2,1,2021-12-17 09:20:33
1639732833142422000,33.65,4,33.55,1,33.65,2,1,2021-12-17 09:20:33
1639732833363454000,33.65,1,33.55,2,33.65,1,1,2021-12-17 09:20:33
1639732833613126000,33.65,1,33.55,2,33.75,3,1,2021-12-17 09:20:33
1639732834448926000,33.8,1,33.6,5,33.8,3,1,2021-12-17 09:20:34
1639732835461561000,33.8,1,33.6,16,33.8,2,1,2021-12-17 09:20:35
1639732836670189000,33.65,1,33.65,1,33.8,2,2,2021-12-17 09:20:36
1639732840467490000,33.7,3,33.65,3,33.8,1,1,2021-12-17 09:20:40
1639732840467490000,33.75,1,33.65,3,33.8,1,1,2021-12-17 09:20:40
1639732840467490000,33.8,1,33.65,3,33.8,1,1,2021-12-17 09:20:40
1639732841560920000,33.7,1,33.65,12,33.8,1,1,2021-12-17 09:20:41
1639732841778371000,33.8,1,33.65,13,33.95,7,1,2021-12-17 09:20:41
1639732841778371000,33.9,6,33.65,13,33.95,7,1,2021-12-17 09:20:41
1639732841847980000,33.95,1,33.7,1,33.95,6,1,2021-12-17 09:20:41
1639732841985229000,33.95,5,33.7,1,33.95,1,1,2021-12-17 09:20:41
1639732843934733000,33.75,1,33.75,4,33.8,1,2,2021-12-17 09:20:43
1639732844046008000,33.75,8,33.75,2,33.8,1,2,2021-12-17 09:20:44
1639732844565553000,33.75,2,33.7,9,33.8,2,2,2021-12-17 09:20:44
1639732844707430000,33.8,1,33.7,9,33.8,1,1,2021-12-17 09:20:44
1639732844816473000,33.8,1,33.7,9,33.9,4,1,2021-12-17 09:20:44
1639732844816473000,33.9,1,33.7,9,33.9,4,1,2021-12-17 09:20:44
1639732847033647000,33.85,1,33.75,2,33.85,5,1,2021-12-17 09:20:47
1639732848040212000,33.75,1,33.75,1,33.85,5,2,2021-12-17 09:20:48
1639732848865080000,33.85,5,33.75,1,33.9,5,1,2021-12-17 09:20:48
1639732849303942000,33.9,1,33.75,1,33.9,4,1,2021-12-17 09:20:49
1639732849431750000,33.9,1,33.75,1,33.9,3,1,2021-12-17 09:20:49
1639732849737211000,33.9,3,33.75,1,33.95,3,1,2021-12-17 09:20:49
1639732849737211000,33.95,2,33.75,1,33.95,3,1,2021-12-17 09:20:49
1639732850444845000,33.85,2,33.75,1,34.0,21,1,2021-12-17 09:20:50
1639732850444845000,33.95,3,33.75,1,34.0,21,1,2021-12-17 09:20:50
1639732851179305000,34.0,5,33.8,2,34.0,16,1,2021-12-17 09:20:51
1639732851490725000,34.0,1,33.8,2,34.0,15,1,2021-12-17 09:20:51
1639732853035823000,34.0,1,33.85,5,34.0,14,1,2021-12-17 09:20:53
1639732854756672000,33.85,5,33.8,6,33.9,3,2,2021-12-17 09:20:54
1639732854961297000,33.9,1,33.8,6,33.9,2,1,2021-12-17 09:20:54
1639732855079076000,33.9,2,33.8,6,34.0,12,1,2021-12-17 09:20:55
1639732855079076000,33.95,1,33.8,6,34.0,12,1,2021-12-17 09:20:55
1639732855079076000,34.0,2,33.8,6,34.0,12,1,2021-12-17 09:20:55
1639732855709198000,34.0,3,33.8,6,34.0,10,1,2021-12-17 09:20:55
1639732855908831000,34.0,1,33.8,6,34.0,9,1,2021-12-17 09:20:55
1639732857610075000,33.85,1,33.8,7,33.95,2,2,2021-12-17 09:20:57
1639732858974625000,33.95,2,33.8,7,34.0,26,1,2021-12-17 09:20:58
1639732858974625000,34.0,3,33.8,7,34.0,26,1,2021-12-17 09:20:58
1639732859136975000,33.8,5,33.8,2,33.9,5,2,2021-12-17 09:20:59
1639732859165720000,33.8,2,33.75,4,33.9,5,2,2021-12-17 09:20:59
1639732859166504000,33.9,1,33.75,4,33.9,4,1,2021-12-17 09:20:59
1639732859707443000,33.9,1,33.75,4,33.9,3,1,2021-12-17 09:20:59
1639732860098911000,33.75,1,33.75,3,33.9,3,2,2021-12-17 09:21:00
1639732860520274000,33.75,3,33.7,5,33.85,5,2,2021-12-17 09:21:00
1639732861452946000,33.7,1,33.7,4,33.8,16,2,2021-12-17 09:21:01
1639732861483502000,33.7,2,33.65,16,33.8,16,2,2021-12-17 09:21:01
1639732861501580000,33.65,2,33.65,14,33.8,16,2,2021-12-17 09:21:01
1639732861514052000,33.65,14,33.6,6,33.8,16,2,2021-12-17 09:21:01
1639732861570105000,33.8,1,33.6,6,33.8,15,1,2021-12-17 09:21:01
1639732861883938000,33.6,1,33.6,5,33.8,15,2,2021-12-17 09:21:01
1639732861902758000,33.6,5,33.55,5,33.8,15,2,2021-12-17 09:21:01
1639732863191539000,33.75,1,33.55,5,33.75,5,1,2021-12-17 09:21:03
1639732864701360000,33.55,5,33.5,6,33.75,5,2,2021-12-17 09:21:04
1639732864746937000,33.75,1,33.5,5,33.75,4,1,2021-12-17 09:21:04
1639732865621726000,33.5,2,33.5,3,33.75,4,2,2021-12-17 09:21:05
1639732865644280000,33.5,3,33.4,1,33.75,4,2,2021-12-17 09:21:05
1639732866085097000,33.55,1,33.55,1,33.75,4,2,2021-12-17 09:21:06
1639732866105741000,33.55,1,33.4,1,33.75,4,2,2021-12-17 09:21:06
1639732867870564000,33.45,1,33.35,1,33.4,3,2,2021-12-17 09:21:07
1639732867870564000,33.4,1,33.35,1,33.4,3,2,2021-12-17 09:21:07
1639732868317831000,33.4,1,33.35,1,33.4,2,1,2021-12-17 09:21:08
1639732869448831000,33.35,1,33.3,8,33.4,2,2,2021-12-17 09:21:09
1639732870075662000,33.4,1,33.3,8,33.4,1,1,2021-12-17 09:21:10
1639732873765489000,33.3,4,33.3,4,33.4,1,2,2021-12-17 09:21:13
1639732874332972000,33.3,1,33.3,3,33.4,1,2,2021-12-17 09:21:14
1639732875182644000,33.3,3,33.25,2,33.4,4,2,2021-12-17 09:21:15
1639732875645413000,33.25,2,33.15,1,33.4,3,2,2021-12-17 09:21:15
1639732875645413000,33.2,3,33.15,1,33.4,3,2,2021-12-17 09:21:15
1639732875645724000,33.4,1,33.15,1,33.4,3,1,2021-12-17 09:21:15
1639732877513323000,33.3,1,33.15,2,33.3,2,2,2021-12-17 09:21:17
1639732878140333000,33.3,1,33.15,2,33.3,1,1,2021-12-17 09:21:18
1639732880272124000,33.25,1,33.15,3,33.25,4,1,2021-12-17 09:21:20
1639732881624797000,33.25,1,33.2,1,33.25,3,1,2021-12-17 09:21:21
1639732883732685000,33.2,1,33.15,1,33.25,3,2,2021-12-17 09:21:23
1639732883732685000,33.15,4,33.15,1,33.25,3,2,2021-12-17 09:21:23
1639732887364067000,33.2,1,33.15,1,33.25,7,2,2021-12-17 09:21:27
1639732890643306000,33.15,1,33.15,2,33.25,7,2,2021-12-17 09:21:30
1639732892641227000,33.15,2,33.1,3,33.25,4,2,2021-12-17 09:21:32
1639732892641227000,33.1,4,33.1,3,33.25,4,2,2021-12-17 09:21:32
1639732893419008000,33.15,1,33.1,3,33.25,4,2,2021-12-17 09:21:33
1639732894455183000,33.2,2,33.1,3,33.25,4,1,2021-12-17 09:21:34
1639732900302476000,33.1,3,33.0,7,33.15,8,2,2021-12-17 09:21:40
1639732901886251000,33.0,7,32.8,1,33.15,8,2,2021-12-17 09:21:41
1639732901886251000,32.95,2,32.8,1,33.15,8,2,2021-12-17 09:21:41
1639732901886251000,32.9,1,32.8,1,33.15,8,2,2021-12-17 09:21:41
1639732901886251000,32.8,2,32.8,1,33.15,8,2,2021-12-17 09:21:41
1639732905737938000,33.0,1,32.95,1,33.1,2,2,2021-12-17 09:21:45
1639732906903903000,32.95,1,32.8,2,33.05,3,2,2021-12-17 09:21:46
1639732906903903000,32.85,1,32.8,2,33.05,3,2,2021-12-17 09:21:46
1639732906903903000,32.8,3,32.8,2,33.05,3,2,2021-12-17 09:21:46
1639732907864402000,32.9,1,32.8,2,32.9,2,2,2021-12-17 09:21:47
1639732908876897000,32.9,1,32.8,2,32.9,1,1,2021-12-17 09:21:48
1639732915121926000,32.9,1,32.8,14,32.95,1,1,2021-12-17 09:21:55
1639732917787825000,32.9,1,32.85,2,32.9,3,1,2021-12-17 09:21:57
1639732918974291000,32.9,3,32.9,2,32.95,1,1,2021-12-17 09:21:58
1639732919949838000,32.9,2,32.8,12,32.95,1,2,2021-12-17 09:21:59
1639732919949838000,32.85,3,32.8,12,32.95,1,2,2021-12-17 09:21:59
1639732920292500000,32.8,10,32.8,2,32.95,1,2,2021-12-17 09:22:00
1639732920340744000,32.95,1,32.8,2,33.1,6,1,2021-12-17 09:22:00
1639732921398140000,32.85,1,32.8,3,32.9,4,2,2021-12-17 09:22:01
1639732922165824000,32.9,1,32.8,3,32.9,3,1,2021-12-17 09:22:02
1639732922308368000,32.9,1,32.8,3,32.9,2,1,2021-12-17 09:22:02
1639732924033966000,32.9,1,32.8,4,32.9,1,1,2021-12-17 09:22:04
1639732924075935000,32.9,1,32.8,4,33.1,6,1,2021-12-17 09:22:04
1639732924389513000,32.8,3,32.8,1,33.1,6,2,2021-12-17 09:22:04
1639732926129831000,33.0,1,32.8,5,33.05,4,2,2021-12-17 09:22:06
1639732930931173000,33.0,1,32.9,3,33.1,6,2,2021-12-17 09:22:10
1639732933991676000,32.9,3,32.85,7,33.05,1,2,2021-12-17 09:22:13
1639732936979590000,33.0,1,32.9,1,33.05,2,1,2021-12-17 09:22:16
1639732938177631000,32.9,1,32.85,8,32.9,4,2,2021-12-17 09:22:18
1639732940388115000,32.9,4,32.9,1,33.0,3,1,2021-12-17 09:22:20
1639732941037692000,32.9,2,32.85,6,33.0,3,2,2021-12-17 09:22:21
1639732941037692000,32.85,2,32.85,6,33.0,3,2,2021-12-17 09:22:21
1639732941325726000,32.85,6,32.8,11,33.0,16,2,2021-12-17 09:22:21
1639732942085202000,32.9,1,32.8,15,33.0,16,2,2021-12-17 09:22:22
1639732942615231000,32.8,5,32.8,10,32.9,3,2,2021-12-17 09:22:22
1639732942648040000,32.8,9,32.8,1,32.9,3,2,2021-12-17 09:22:22
1639732942678992000,32.8,1,32.75,12,32.9,3,2,2021-12-17 09:22:22
1639732943052320000,32.9,2,32.85,2,32.9,1,1,2021-12-17 09:22:23
1639732943317508000,32.85,3,32.8,1,32.9,1,2,2021-12-17 09:22:23
1639732944020758000,32.9,1,32.8,1,32.95,1,1,2021-12-17 09:22:24
1639732946755797000,32.8,1,32.75,12,32.9,1,2,2021-12-17 09:22:26
1639732948669170000,32.9,2,32.75,12,32.9,1,1,2021-12-17 09:22:28
1639732952414441000,32.8,1,32.75,14,33.05,1,1,2021-12-17 09:22:32
1639732952414441000,32.9,1,32.75,14,33.05,1,1,2021-12-17 09:22:32
1639732952414441000,32.95,4,32.75,14,33.05,1,1,2021-12-17 09:22:32
1639732952414441000,33.0,13,32.75,14,33.05,1,1,2021-12-17 09:22:32
1639732958380700000,32.9,1,32.8,2,32.9,1,1,2021-12-17 09:22:38
1639732960471013000,32.8,3,32.75,15,32.8,2,2,2021-12-17 09:22:40
1639732960504586000,32.8,1,32.75,15,32.8,1,1,2021-12-17 09:22:40
1639732960931733000,32.8,1,32.75,15,32.9,1,1,2021-12-17 09:22:40
1639732968393571000,32.85,1,32.8,1,32.9,1,2,2021-12-17 09:22:48
1639732969344174000,32.9,1,32.8,3,32.95,1,1,2021-12-17 09:22:49
1639732973401601000,32.9,1,32.8,5,32.95,1,2,2021-12-17 09:22:53
1639732974252155000,32.9,2,32.8,5,32.95,1,2,2021-12-17 09:22:54
1639732985258948000,32.9,2,32.9,1,32.95,1,2,2021-12-17 09:23:05
1639732985289698000,32.9,1,32.85,1,32.95,1,2,2021-12-17 09:23:05
1639732995369274000,32.85,1,32.8,10,32.9,3,2,2021-12-17 09:23:15
1639732995369274000,32.8,1,32.8,10,32.9,3,2,2021-12-17 09:23:15
1639732998063090000,32.9,2,32.85,1,32.9,1,1,2021-12-17 09:23:18
1639732998083939000,32.9,1,32.85,1,32.95,1,1,2021-12-17 09:23:18
1639732999091664000,32.9,1,32.85,2,33.0,3,1,2021-12-17 09:23:19
1639732999091664000,32.95,1,32.85,2,33.0,3,1,2021-12-17 09:23:19
1639733002322447000,32.9,1,32.9,14,33.0,3,2,2021-12-17 09:23:22
1639733005275751000,32.9,2,32.9,12,33.0,3,2,2021-12-17 09:23:25
1639733007165328000,33.0,1,32.9,12,33.0,2,1,2021-12-17 09:23:27
1639733007234235000,33.0,2,33.0,1,33.05,5,1,2021-12-17 09:23:27
1639733007705742000,33.0,1,32.9,10,33.05,5,2,2021-12-17 09:23:27
1639733007705742000,32.9,2,32.9,10,33.05,5,2,2021-12-17 09:23:27
1639733027356033000,33.0,1,32.95,3,33.0,1,1,2021-12-17 09:23:47
1639733027383671000,33.0,1,32.95,3,33.05,5,1,2021-12-17 09:23:47
1639733034071418000,32.95,2,32.95,1,33.0,2,2,2021-12-17 09:23:54
1639733034102206000,32.95,1,32.9,15,33.0,2,2,2021-12-17 09:23:54
1639733035127947000,32.9,2,32.9,13,33.0,2,2,2021-12-17 09:23:55
1639733035141932000,32.9,5,32.9,8,33.0,2,2,2021-12-17 09:23:55
1639733041240633000,32.95,3,32.95,1,33.0,2,2,2021-12-17 09:24:01
1639733044784206000,32.95,1,32.9,7,33.0,2,2,2021-12-17 09:24:04
1639733050603667000,32.9,1,32.9,6,33.0,3,2,2021-12-17 09:24:10
1639733053918344000,32.9,4,32.9,3,32.95,1,2,2021-12-17 09:24:13
1639733054397891000,32.95,1,32.9,3,33.0,5,1,2021-12-17 09:24:14
1639733057415537000,32.9,1,32.9,2,33.0,5,2,2021-12-17 09:24:17
1639733061092331000,32.9,1,32.9,11,33.0,6,2,2021-12-17 09:24:21
1639733063744213000,32.9,4,32.9,7,33.0,7,2,2021-12-17 09:24:23
1639733065732904000,32.9,7,32.8,12,33.0,7,2,2021-12-17 09:24:25
1639733065732904000,32.85,6,32.8,12,33.0,7,2,2021-12-17 09:24:25
1639733068544956000,32.8,1,32.8,11,32.9,1,2,2021-12-17 09:24:28
1639733069583555000,32.8,1,32.8,10,32.85,2,2,2021-12-17 09:24:29
1639733069969277000,32.85,2,32.8,10,33.0,5,1,2021-12-17 09:24:29
1639733069969277000,32.9,1,32.8,10,33.0,5,1,2021-12-17 09:24:29
1639733069969277000,33.0,2,32.8,10,33.0,5,1,2021-12-17 09:24:29
1639733081423073000,32.8,2,32.8,8,32.95,6,2,2021-12-17 09:24:41
1639733087831001000,32.9,1,32.8,11,32.95,6,1,2021-12-17 09:24:47
1639733097688239000,32.9,2,32.85,2,32.9,3,1,2021-12-17 09:24:57
1639733101868877000,32.85,1,32.85,3,32.9,3,2,2021-12-17 09:25:01
1639733102229600000,32.85,3,32.8,10,32.85,9,2,2021-12-17 09:25:02
1639733102229600000,32.8,6,32.8,10,32.85,9,2,2021-12-17 09:25:02
1639733110690992000,32.8,1,32.8,10,32.85,28,2,2021-12-17 09:25:10
1639733112436461000,32.8,1,32.8,10,32.85,28,2,2021-12-17 09:25:12
1639733112867933000,32.8,2,32.8,8,32.85,28,2,2021-12-17 09:25:12
1639733113491890000,32.8,1,32.8,7,32.85,28,2,2021-12-17 09:25:13
1639733113737679000,32.8,3,32.8,4,32.85,28,2,2021-12-17 09:25:13
1639733114636078000,32.8,1,32.8,3,32.85,28,2,2021-12-17 09:25:14
1639733114830892000,32.8,3,32.75,13,32.8,3,2,2021-12-17 09:25:14
1639733114950194000,32.75,1,32.75,12,32.8,3,2,2021-12-17 09:25:14
1639733115196603000,32.75,2,32.75,10,32.8,4,2,2021-12-17 09:25:15
1639733117592047000,32.8,1,32.75,11,32.8,7,1,2021-12-17 09:25:17
1639733124220869000,32.8,2,32.75,21,32.8,6,1,2021-12-17 09:25:24
1639733124852983000,32.75,1,32.75,20,32.8,6,2,2021-12-17 09:25:24
1639733126006539000,32.75,3,32.75,17,32.8,7,2,2021-12-17 09:25:26
1639733127813502000,32.75,1,32.75,16,32.8,7,2,2021-12-17 09:25:27
1639733127988334000,32.75,1,32.75,16,32.8,7,2,2021-12-17 09:25:27
1639733128330433000,32.8,1,32.75,16,32.8,6,1,2021-12-17 09:25:28
1639733129818377000,32.8,1,32.75,18,32.8,5,1,2021-12-17 09:25:29
1639733136164153000,32.75,1,32.75,17,32.8,4,2,2021-12-17 09:25:36
1639733143463373000,32.75,1,32.75,17,32.8,12,2,2021-12-17 09:25:43
1639733143911959000,32.8,1,32.75,17,32.8,11,1,2021-12-17 09:25:43
1639733150241680000,32.75,1,32.75,16,32.8,14,2,2021-12-17 09:25:50
1639733156346614000,32.75,1,32.75,16,32.8,14,2,2021-12-17 09:25:56
1639733160995720000,32.75,5,32.75,11,32.8,14,2,2021-12-17 09:26:00
1639733162386259000,32.75,1,32.75,10,32.8,13,2,2021-12-17 09:26:02
1639733162694630000,32.75,1,32.75,9,32.8,13,2,2021-12-17 09:26:02
1639733163122567000,32.75,2,32.75,7,32.8,13,2,2021-12-17 09:26:03
1639733164070278000,32.75,1,32.75,6,32.8,13,2,2021-12-17 09:26:04
1639733164263852000,32.75,6,32.7,21,32.8,13,2,2021-12-17 09:26:04
1639733164263852000,32.7,1,32.7,21,32.8,13,2,2021-12-17 09:26:04
1639733169042441000,32.7,1,32.7,21,32.8,13,2,2021-12-17 09:26:09
1639733174942179000,32.7,1,32.7,20,32.8,13,2,2021-12-17 09:26:14
1639733177752759000,32.7,1,32.7,19,32.8,12,2,2021-12-17 09:26:17
1639733179845039000,32.7,1,32.7,18,32.8,12,2,2021-12-17 09:26:19
1639733181504387000,32.7,1,32.7,17,32.8,12,2,2021-12-17 09:26:21
1639733182544157000,32.7,1,32.7,16,32.75,1,2,2021-12-17 09:26:22
1639733183548249000,32.7,1,32.7,15,32.75,1,2,2021-12-17 09:26:23
1639733184266120000,32.7,2,32.7,13,32.75,1,2,2021-12-17 09:26:24
1639733185299961000,32.7,1,32.7,12,32.75,1,2,2021-12-17 09:26:25
1639733188437029000,32.7,1,32.7,12,32.75,1,2,2021-12-17 09:26:28
1639733190613746000,32.7,3,32.7,9,32.75,1,2,2021-12-17 09:26:30
1639733196082368000,32.7,9,32.65,2,32.75,1,2,2021-12-17 09:26:36
1639733196082368000,32.65,11,32.65,2,32.75,1,2,2021-12-17 09:26:36
1639733203676893000,32.65,2,32.6,12,32.7,2,2,2021-12-17 09:26:43
1639733207356506000,32.6,1,32.6,11,32.7,2,2,2021-12-17 09:26:47
1639733210107255000,32.6,1,32.6,10,32.7,2,2,2021-12-17 09:26:50
1639733211557718000,32.6,1,32.6,9,32.7,2,2,2021-12-17 09:26:51
1639733214687756000,32.6,1,32.6,8,32.7,2,2,2021-12-17 09:26:54
1639733215943151000,32.6,1,32.6,7,32.7,2,2,2021-12-17 09:26:55
1639733216743852000,32.6,1,32.6,6,32.7,2,2,2021-12-17 09:26:56
1639733217329073000,32.6,3,32.6,3,32.7,2,2,2021-12-17 09:26:57
1639733220443777000,32.6,2,32.6,1,32.7,2,2,2021-12-17 09:27:00
1639733224037652000,32.6,1,32.6,3,32.65,3,2,2021-12-17 09:27:04
1639733225042591000,32.6,1,32.6,2,32.65,3,2,2021-12-17 09:27:05
1639733227251719000,32.6,2,32.55,1,32.65,3,2,2021-12-17 09:27:07
1639733227251719000,32.55,13,32.55,1,32.65,3,2,2021-12-17 09:27:07
1639733228406767000,32.55,1,32.5,46,32.6,2,2,2021-12-17 09:27:08
1639733232288000000,32.6,3,32.5,45,32.65,6,1,2021-12-17 09:27:12
1639733232288000000,32.65,1,32.5,45,32.65,6,1,2021-12-17 09:27:12
1639733240484945000,32.6,1,32.6,2,32.65,7,2,2021-12-17 09:27:20
1639733242439272000,32.6,1,32.6,1,32.65,7,2,2021-12-17 09:27:22
1639733243821266000,32.6,1,32.55,7,32.65,7,2,2021-12-17 09:27:23
1639733247847725000,32.6,1,32.55,7,32.65,7,1,2021-12-17 09:27:27
1639733251782235000,32.6,1,32.55,7,32.6,2,1,2021-12-17 09:27:31
1639733252659861000,32.6,2,32.55,7,32.6,1,1,2021-12-17 09:27:32
1639733253982693000,32.55,1,32.55,6,32.6,1,2,2021-12-17 09:27:33
1639733255937900000,32.6,1,32.55,6,32.65,7,1,2021-12-17 09:27:35
1639733262841116000,32.55,1,32.55,5,32.6,3,2,2021-12-17 09:27:42
1639733278568359000,32.55,1,32.55,7,32.6,9,2,2021-12-17 09:27:58
1639733279956628000,32.55,5,32.55,2,32.6,10,2,2021-12-17 09:27:59
1639733282495838000,32.55,1,32.55,1,32.6,11,2,2021-12-17 09:28:02
1639733287406646000,32.6,2,32.55,1,32.6,9,1,2021-12-17 09:28:07
1639733288128609000,32.55,1,32.5,42,32.6,9,2,2021-12-17 09:28:08
1639733288869853000,32.6,1,32.5,42,32.6,8,1,2021-12-17 09:28:08
1639733297363080000,32.6,5,32.55,8,32.6,3,1,2021-12-17 09:28:17
1639733297380998000,32.6,3,32.55,8,32.65,6,1,2021-12-17 09:28:17
1639733300072912000,32.55,3,32.55,10,32.6,1,2,2021-12-17 09:28:20
1639733300961755000,32.6,1,32.55,10,32.65,5,1,2021-12-17 09:28:20
1639733300961755000,32.65,1,32.55,10,32.65,5,1,2021-12-17 09:28:20
1639733306646976000,32.6,1,32.55,10,32.65,5,2,2021-12-17 09:28:26
1639733316417009000,32.6,2,32.6,3,32.65,5,1,2021-12-17 09:28:36
1639733316981826000,32.6,4,32.55,12,32.6,1,2,2021-12-17 09:28:36
1639733329397057000,32.6,1,32.6,4,32.65,13,1,2021-12-17 09:28:49
1639733333757663000,32.6,1,32.6,3,32.65,13,2,2021-12-17 09:28:53
1639733350355094000,32.6,6,32.6,1,32.65,13,2,2021-12-17 09:29:10
1639733350386742000,32.6,1,32.55,7,32.65,13,2,2021-12-17 09:29:10
1639733352322959000,32.55,3,32.55,4,32.6,8,2,2021-12-17 09:29:12
1639733357295144000,32.55,1,32.55,3,32.6,8,2,2021-12-17 09:29:17
1639733357627455000,32.55,1,32.55,2,32.6,8,2,2021-12-17 09:29:17
1639733357655753000,32.55,2,32.5,52,32.6,8,2,2021-12-17 09:29:17
1639733366112509000,32.55,1,32.55,4,32.6,7,2,2021-12-17 09:29:26
1639733369511771000,32.55,1,32.55,3,32.6,7,2,2021-12-17 09:29:29
1639733370594130000,32.55,3,32.5,52,32.65,12,2,2021-12-17 09:29:30
1639733372819002000,32.55,1,32.55,7,32.6,1,2,2021-12-17 09:29:32
1639733373096884000,32.55,1,32.55,6,32.6,1,2,2021-12-17 09:29:33
1639733381825534000,32.55,1,32.55,5,32.6,1,2,2021-12-17 09:29:41
1639733384971765000,32.55,2,32.55,3,32.6,1,2,2021-12-17 09:29:44
1639733390661113000,32.55,1,32.55,2,32.6,1,2,2021-12-17 09:29:50
1639733391143484000,32.55,2,32.5,52,32.55,1,2,2021-12-17 09:29:51
1639733395465514000,32.5,50,32.5,2,32.55,2,2,2021-12-17 09:29:55
1639733395480849000,32.5,2,32.45,2,32.55,2,2,2021-12-17 09:29:55
1639733397246216000,32.45,2,32.4,19,32.55,2,2,2021-12-17 09:29:57
1639733401653968000,32.4,1,32.4,18,32.55,2,2,2021-12-17 09:30:01
1639733401948483000,32.4,9,32.4,9,32.55,2,2,2021-12-17 09:30:01
1639733401984615000,32.4,9,32.35,14,32.55,2,2,2021-12-17 09:30:01
1639733402041820000,32.35,14,32.3,10,32.35,1,2,2021-12-17 09:30:02
1639733402196156000,32.35,3,32.3,10,32.35,18,1,2021-12-17 09:30:02
1639733402396903000,32.3,2,32.3,8,32.35,18,2,2021-12-17 09:30:02
1639733402456456000,32.3,1,32.3,7,32.35,18,2,2021-12-17 09:30:02
1639733407338378000,32.3,6,32.3,1,32.35,18,2,2021-12-17 09:30:07
1639733407366639000,32.3,1,32.25,5,32.35,18,2,2021-12-17 09:30:07
1639733408436555000,32.25,4,32.25,1,32.35,18,2,2021-12-17 09:30:08
1639733408456819000,32.25,1,32.2,12,32.35,18,2,2021-12-17 09:30:08
1639733408655177000,32.2,2,32.2,10,32.35,18,2,2021-12-17 09:30:08
1639733409518724000,32.2,1,32.2,9,32.35,18,2,2021-12-17 09:30:09
1639733411116961000,32.2,1,32.2,10,32.35,18,2,2021-12-17 09:30:11
1639733412280091000,32.25,2,32.2,10,32.3,1,1,2021-12-17 09:30:12
1639733414574860000,32.3,1,32.2,13,32.35,20,1,2021-12-17 09:30:14
1639733418171043000,32.3,2,32.25,2,32.35,21,1,2021-12-17 09:30:18
1639733421210987000,32.3,1,32.25,2,32.35,21,1,2021-12-17 09:30:21
1639733421606658000,32.25,1,32.2,11,32.35,21,2,2021-12-17 09:30:21
1639733421606658000,32.2,3,32.2,11,32.35,21,2,2021-12-17 09:30:21
1639733421695547000,32.3,1,32.2,11,32.35,21,1,2021-12-17 09:30:21
1639733424608087000,32.2,5,32.2,9,32.35,22,2,2021-12-17 09:30:24
1639733428473025000,32.35,6,32.3,1,32.35,16,1,2021-12-17 09:30:28
1639733428503443000,32.35,16,32.3,1,32.4,63,1,2021-12-17 09:30:28
1639733429540033000,32.3,1,32.2,3,32.4,63,2,2021-12-17 09:30:29
1639733429540033000,32.25,3,32.2,3,32.4,63,2,2021-12-17 09:30:29
1639733429540033000,32.2,8,32.2,3,32.4,63,2,2021-12-17 09:30:29
1639733431842912000,32.3,1,32.2,5,32.3,6,1,2021-12-17 09:30:31
1639733431860624000,32.3,6,32.2,5,32.4,63,1,2021-12-17 09:30:31
1639733432480612000,32.2,1,32.2,5,32.4,63,2,2021-12-17 09:30:32
1639733433254601000,32.2,2,32.2,4,32.35,1,2,2021-12-17 09:30:33
1639733434704428000,32.2,5,32.15,26,32.35,1,2,2021-12-17 09:30:34
1639733437339103000,32.2,4,32.2,7,32.4,63,2,2021-12-17 09:30:37
1639733444000540000,32.35,1,32.2,12,32.4,63,1,2021-12-17 09:30:44
1639733444318056000,32.2,1,32.2,13,32.4,63,2,2021-12-17 09:30:44
1639733450933016000,32.2,1,32.2,12,32.35,10,2,2021-12-17 09:30:50
1639733454808918000,32.3,1,32.2,12,32.35,10,1,2021-12-17 09:30:54
1639733456100392000,32.2,2,32.2,10,32.35,11,2,2021-12-17 09:30:56
1639733459923470000,32.25,1,32.2,10,32.35,11,2,2021-12-17 09:30:59
1639733461235104000,32.3,1,32.2,20,32.35,11,1,2021-12-17 09:31:01
1639733464270968000,32.3,1,32.2,21,32.35,10,1,2021-12-17 09:31:04
1639733465058441000,32.3,1,32.2,21,32.35,10,1,2021-12-17 09:31:05
1639733466410237000,32.2,15,32.2,6,32.35,10,2,2021-12-17 09:31:06
1639733466436219000,32.2,6,32.15,29,32.35,10,2,2021-12-17 09:31:06
1639733474097272000,32.3,1,32.2,5,32.3,1,1,2021-12-17 09:31:14
1639733475364974000,32.3,1,32.2,11,32.35,10,1,2021-12-17 09:31:15
1639733475568083000,32.2,1,32.2,11,32.35,10,2,2021-12-17 09:31:15
1639733489490492000,32.3,1,32.25,2,32.35,10,1,2021-12-17 09:31:29
1639733490556821000,32.3,1,32.25,3,32.35,10,1,2021-12-17 09:31:30
1639733501843737000,32.3,1,32.3,1,32.35,9,1,2021-12-17 09:31:41
1639733503565003000,32.3,1,32.25,8,32.35,9,2,2021-12-17 09:31:43
1639733507965479000,32.3,1,32.25,10,32.35,9,1,2021-12-17 09:31:47
1639733510447342000,32.3,1,32.3,2,32.35,9,2,2021-12-17 09:31:50
1639733517158340000,32.3,2,32.25,11,32.3,1,2,2021-12-17 09:31:57
1639733521760822000,32.3,3,32.25,12,32.35,9,1,2021-12-17 09:32:01
1639733522415827000,32.35,1,32.3,10,32.35,8,1,2021-12-17 09:32:02
1639733533383099000,32.35,1,32.3,13,32.35,7,1,2021-12-17 09:32:13
1639733534156764000,32.35,6,32.3,13,32.35,1,1,2021-12-17 09:32:14
1639733534190752000,32.35,1,32.3,13,32.4,63,1,2021-12-17 09:32:14
1639733541040083000,32.35,5,32.35,11,32.4,63,2,2021-12-17 09:32:21
1639733544741258000,32.4,1,32.35,11,32.4,62,1,2021-12-17 09:32:24
1639733545560535000,32.35,1,32.35,10,32.4,62,2,2021-12-17 09:32:25
1639733550281941000,32.35,2,32.35,8,32.4,62,2,2021-12-17 09:32:30
1639733553083641000,32.4,1,32.35,8,32.4,61,1,2021-12-17 09:32:33
1639733569499009000,32.4,1,32.35,12,32.4,60,1,2021-12-17 09:32:49
1639733570796105000,32.4,2,32.35,12,32.4,58,1,2021-12-17 09:32:50
1639733571120420000,32.4,1,32.35,17,32.4,57,1,2021-12-17 09:32:51
1639733571147839000,32.4,2,32.35,17,32.4,55,1,2021-12-17 09:32:51
1639733585087493000,32.35,1,32.35,17,32.4,60,2,2021-12-17 09:33:05
1639733590522525000,32.35,1,32.35,16,32.4,60,2,2021-12-17 09:33:10
1639733591863527000,32.4,1,32.35,16,32.4,59,1,2021-12-17 09:33:11
1639733597373188000,32.35,1,32.35,15,32.4,59,2,2021-12-17 09:33:17
1639733601314847000,32.4,8,32.35,16,32.4,51,1,2021-12-17 09:33:21
1639733602883808000,32.4,2,32.35,16,32.4,49,1,2021-12-17 09:33:22
1639733607254107000,32.4,1,32.35,17,32.4,48,1,2021-12-17 09:33:27
1639733607574835000,32.4,10,32.35,17,32.4,38,1,2021-12-17 09:33:27
1639733609257610000,32.4,15,32.35,22,32.4,23,1,2021-12-17 09:33:29
1639733609291520000,32.4,13,32.35,22,32.4,10,1,2021-12-17 09:33:29
1639733609554134000,32.4,1,32.35,22,32.4,9,1,2021-12-17 09:33:29
1639733609578100000,32.4,7,32.35,22,32.4,2,1,2021-12-17 09:33:29
1639733610262073000,32.4,2,32.4,3,32.5,2,1,2021-12-17 09:33:30
1639733613552425000,32.4,1,32.4,5,32.5,2,2,2021-12-17 09:33:33
1639733617632608000,32.5,1,32.4,5,32.5,1,1,2021-12-17 09:33:37
1639733622234826000,32.5,1,32.4,12,32.5,1,1,2021-12-17 09:33:42
1639733626870692000,32.5,1,32.45,1,32.55,3,1,2021-12-17 09:33:46
1639733631242618000,32.5,1,32.45,3,32.55,3,2,2021-12-17 09:33:51
1639733633615140000,32.45,3,32.4,13,32.5,2,2,2021-12-17 09:33:53
1639733634235357000,32.45,1,32.4,13,32.5,2,2,2021-12-17 09:33:54
1639733639807100000,32.45,1,32.4,11,32.5,5,1,2021-12-17 09:33:59
1639733639807100000,32.5,1,32.4,11,32.5,5,1,2021-12-17 09:33:59
1639733640112315000,32.45,1,32.4,11,32.5,5,2,2021-12-17 09:34:00
1639733642092916000,32.4,6,32.4,5,32.45,36,2,2021-12-17 09:34:02
1639733642114349000,32.4,5,32.35,23,32.45,36,2,2021-12-17 09:34:02
1639733643279150000,32.35,12,32.35,11,32.4,4,2,2021-12-17 09:34:03
1639733643309826000,32.35,11,32.3,7,32.4,4,2,2021-12-17 09:34:03
1639733649307466000,32.35,1,32.3,8,32.4,8,1,2021-12-17 09:34:09
1639733649307466000,32.4,1,32.3,8,32.4,8,1,2021-12-17 09:34:09
1639733657129792000,32.35,4,32.3,9,32.35,1,1,2021-12-17 09:34:17
1639733665809197000,32.35,2,32.35,3,32.4,8,1,2021-12-17 09:34:25
1639733673248994000,32.35,1,32.35,2,32.4,8,2,2021-12-17 09:34:33
1639733673291168000,32.35,2,32.3,1,32.4,8,2,2021-12-17 09:34:33
1639733673291168000,32.3,8,32.3,1,32.4,8,2,2021-12-17 09:34:33
1639733690817655000,32.3,2,32.3,7,32.35,2,2,2021-12-17 09:34:50
1639733693016213000,32.35,2,32.3,7,32.4,8,1,2021-12-17 09:34:53
1639733701991626000,32.35,3,32.3,11,32.4,8,1,2021-12-17 09:35:01
1639733702279104000,32.3,9,32.3,2,32.4,8,2,2021-12-17 09:35:02
1639733702308570000,32.3,2,32.25,10,32.4,8,2,2021-12-17 09:35:02
1639733703200689000,32.3,2,32.25,10,32.3,25,1,2021-12-17 09:35:03
1639733709089912000,32.3,1,32.25,10,32.3,24,1,2021-12-17 09:35:09
1639733709367812000,32.3,2,32.25,10,32.3,22,1,2021-12-17 09:35:09
1639733709932090000,32.3,22,32.3,3,32.4,8,1,2021-12-17 09:35:09
1639733710526364000,32.3,3,32.2,16,32.4,8,2,2021-12-17 09:35:10
1639733710526364000,32.25,10,32.2,16,32.4,8,2,2021-12-17 09:35:10
1639733710526364000,32.2,7,32.2,16,32.4,8,2,2021-12-17 09:35:10
1639733732126976000,32.25,1,32.25,2,32.3,2,2,2021-12-17 09:35:32
1639733743882800000,32.25,2,32.25,2,32.3,2,2,2021-12-17 09:35:43
1639733769802054000,32.25,1,32.25,9,32.3,2,2,2021-12-17 09:36:09
1639733772807704000,32.3,1,32.25,9,32.3,1,1,2021-12-17 09:36:12
1639733774853336000,32.3,1,32.25,9,32.35,3,1,2021-12-17 09:36:14
1639733791497015000,32.35,1,32.3,1,32.35,2,1,2021-12-17 09:36:31
1639733798990615000,32.3,1,32.3,1,32.35,2,2,2021-12-17 09:36:38
1639733799172317000,32.35,2,32.3,3,32.4,4,1,2021-12-17 09:36:39
1639733829224655000,32.35,2,32.3,18,32.35,2,2,2021-12-17 09:37:09
1639733834705463000,32.35,2,32.3,19,32.4,3,1,2021-12-17 09:37:14
1639733834771703000,32.3,15,32.3,4,32.4,3,2,2021-12-17 09:37:14
1639733834787917000,32.3,4,32.25,12,32.4,3,2,2021-12-17 09:37:14
1639733838532388000,32.25,12,32.2,22,32.4,7,2,2021-12-17 09:37:18
1639733838532388000,32.2,3,32.2,22,32.4,7,2,2021-12-17 09:37:18
1639733846975683000,32.25,1,32.2,21,32.35,4,2,2021-12-17 09:37:26
1639733868593423000,32.25,1,32.2,32,32.25,2,1,2021-12-17 09:37:48
1639733871743261000,32.2,29,32.2,3,32.25,2,2,2021-12-17 09:37:51
1639733872524871000,32.25,2,32.2,3,32.35,5,1,2021-12-17 09:37:52
1639733888911789000,32.2,1,32.2,6,32.25,11,2,2021-12-17 09:38:08
1639733899759051000,32.2,6,32.15,50,32.25,11,2,2021-12-17 09:38:19
1639733910816192000,32.15,15,32.15,35,32.2,2,2,2021-12-17 09:38:30
1639733911473839000,32.15,2,32.15,33,32.2,2,2,2021-12-17 09:38:31
1639733914391886000,32.15,1,32.15,32,32.2,3,2,2021-12-17 09:38:34
1639733914429849000,32.15,18,32.15,14,32.2,3,2,2021-12-17 09:38:34
1639733915196309000,32.15,14,32.1,9,32.2,3,2,2021-12-17 09:38:35
1639733915196309000,32.1,1,32.1,9,32.2,3,2,2021-12-17 09:38:35
1639733915245749000,32.1,1,32.1,8,32.2,3,2,2021-12-17 09:38:35
1639733916075646000,32.1,3,32.1,5,32.15,1,2,2021-12-17 09:38:36
1639733922699524000,32.1,1,32.1,5,32.15,2,2,2021-12-17 09:38:42
1639733923070185000,32.1,2,32.1,3,32.15,2,2,2021-12-17 09:38:43
1639733923104605000,32.1,3,32.05,15,32.15,2,2,2021-12-17 09:38:43
1639733923538600000,32.05,10,32.05,5,32.15,2,2,2021-12-17 09:38:43
1639733923557394000,32.05,2,32.05,3,32.15,2,2,2021-12-17 09:38:43
1639733925397182000,32.05,1,32.05,2,32.1,3,2,2021-12-17 09:38:45
1639733926374143000,32.05,2,32.0,81,32.1,3,2,2021-12-17 09:38:46
1639733926374143000,32.0,8,32.0,81,32.1,3,2,2021-12-17 09:38:46
1639733927091901000,32.0,1,32.0,80,32.1,3,2,2021-12-17 09:38:47
1639733931207362000,32.0,1,32.0,78,32.05,4,2,2021-12-17 09:38:51
1639733931229478000,32.05,1,32.0,78,32.05,3,1,2021-12-17 09:38:51
1639733932274699000,32.0,7,32.0,72,32.05,3,2,2021-12-17 09:38:52
1639733933907600000,32.0,1,32.0,71,32.05,3,2,2021-12-17 09:38:53
1639733935002256000,32.05,2,32.0,71,32.05,1,1,2021-12-17 09:38:55
1639733935025873000,32.05,1,32.0,71,32.1,4,1,2021-12-17 09:38:55
1639733936596106000,32.0,2,32.0,69,32.1,2,2,2021-12-17 09:38:56
1639733937628175000,32.0,1,32.0,68,32.1,1,2,2021-12-17 09:38:57
1639733944842972000,32.1,1,32.05,1,32.15,7,1,2021-12-17 09:39:04
1639733946286453000,32.05,1,32.0,68,32.05,6,2,2021-12-17 09:39:06
1639733946315195000,32.05,6,32.0,68,32.15,7,1,2021-12-17 09:39:06
1639733952445475000,32.0,20,32.0,48,32.05,1,2,2021-12-17 09:39:12
1639733956004284000,32.05,1,32.0,48,32.1,1,1,2021-12-17 09:39:16
1639733956291110000,32.0,1,32.0,49,32.1,1,2,2021-12-17 09:39:16
1639733957279022000,32.0,5,32.0,44,32.1,1,2,2021-12-17 09:39:17
1639733960169127000,32.0,3,32.0,41,32.1,1,2,2021-12-17 09:39:20
1639733960402797000,32.0,25,32.0,16,32.1,1,2,2021-12-17 09:39:20
1639733961719745000,32.0,1,32.0,15,32.1,1,2,2021-12-17 09:39:21
1639733961798910000,32.1,1,32.0,15,32.15,2,1,2021-12-17 09:39:21
1639733961798910000,32.15,2,32.0,15,32.15,2,1,2021-12-17 09:39:21
1639733963106077000,32.0,1,32.0,14,32.05,4,2,2021-12-17 09:39:23
1639733963795186000,32.0,1,32.0,13,32.05,4,2,2021-12-17 09:39:23
1639733964073267000,32.0,1,32.0,12,32.05,4,2,2021-12-17 09:39:24
1639733964182395000,32.0,12,31.95,10,32.0,7,2,2021-12-17 09:39:24
1639733966269104000,31.95,4,31.95,6,32.0,7,2,2021-12-17 09:39:26
1639733966421295000,31.95,2,31.95,4,32.0,7,2,2021-12-17 09:39:26
1639733967972488000,32.0,1,31.95,4,32.0,6,1,2021-12-17 09:39:27
1639733969884084000,32.0,6,31.95,4,32.05,4,1,2021-12-17 09:39:29
1639733971506153000,32.0,1,31.95,4,32.05,4,2,2021-12-17 09:39:31
1639733973204692000,32.0,1,31.95,4,32.05,4,1,2021-12-17 09:39:33
1639733973339453000,32.0,1,31.95,4,32.05,4,1,2021-12-17 09:39:33
1639733973866774000,31.95,4,31.9,8,32.05,4,2,2021-12-17 09:39:33
1639733976822131000,32.0,1,31.95,1,32.0,24,1,2021-12-17 09:39:36
1639733978801790000,31.95,1,31.9,6,32.0,24,2,2021-12-17 09:39:38
1639733978801790000,31.9,2,31.9,6,32.0,24,2,2021-12-17 09:39:38
1639733979030688000,31.9,2,31.9,4,32.0,24,2,2021-12-17 09:39:39
1639733979794009000,31.95,1,31.9,4,31.95,10,1,2021-12-17 09:39:39
1639733979808149000,31.9,2,31.9,2,31.95,10,2,2021-12-17 09:39:39
1639733981473462000,31.9,2,31.85,13,31.9,3,2,2021-12-17 09:39:41
1639733983723252000,31.9,3,31.85,13,31.95,10,1,2021-12-17 09:39:43
1639733987428844000,31.9,1,31.9,5,31.95,10,2,2021-12-17 09:39:47
1639733991950467000,31.9,1,31.9,5,31.95,10,2,2021-12-17 09:39:51
1639733994069289000,31.9,5,31.85,13,31.9,15,2,2021-12-17 09:39:54
1639733995210100000,31.9,1,31.85,13,31.9,16,1,2021-12-17 09:39:55
1639733997972117000,31.9,2,31.85,13,31.9,14,1,2021-12-17 09:39:57
1639733997999016000,31.9,14,31.85,13,31.95,10,1,2021-12-17 09:39:57
1639733998020334000,31.85,1,31.85,12,31.95,10,2,2021-12-17 09:39:58
1639734001312904000,31.9,2,31.85,4,31.95,10,2,2021-12-17 09:40:01
1639734001312904000,31.85,8,31.85,4,31.95,10,2,2021-12-17 09:40:01
1639734002158480000,31.85,2,31.85,2,31.95,10,2,2021-12-17 09:40:02
1639734004275498000,31.85,3,31.8,23,31.85,2,2,2021-12-17 09:40:04
1639734004303116000,31.85,2,31.8,23,31.9,1,1,2021-12-17 09:40:04
1639734007970923000,31.9,1,31.85,5,31.95,10,1,2021-12-17 09:40:07
1639734009786117000,31.9,1,31.85,8,31.95,10,2,2021-12-17 09:40:09
1639734011358873000,31.9,1,31.85,6,31.95,10,2,2021-12-17 09:40:11
1639734011358873000,31.85,4,31.85,6,31.95,10,2,2021-12-17 09:40:11
1639734014563620000,31.95,3,31.9,1,31.95,7,1,2021-12-17 09:40:14
1639734014588414000,31.95,7,31.9,1,32.0,18,1,2021-12-17 09:40:14
1639734018207610000,31.9,2,31.85,5,32.0,18,2,2021-12-17 09:40:18
1639734018207610000,31.85,6,31.85,5,32.0,18,2,2021-12-17 09:40:18
1639734023461277000,31.9,2,31.9,1,32.0,19,2,2021-12-17 09:40:23
1639734027636298000,31.9,1,31.9,2,32.0,20,2,2021-12-17 09:40:27
1639734029010873000,31.9,1,31.9,1,32.0,20,2,2021-12-17 09:40:29
1639734029483137000,31.9,1,31.85,3,32.0,20,2,2021-12-17 09:40:29
1639734029483137000,31.85,14,31.85,3,32.0,20,2,2021-12-17 09:40:29
1639734036118783000,32.0,2,31.85,3,32.0,18,1,2021-12-17 09:40:36
1639734038571681000,31.9,1,31.85,3,32.0,18,2,2021-12-17 09:40:38
1639734039242852000,31.85,3,31.8,22,32.0,18,2,2021-12-17 09:40:39
1639734039242852000,31.8,1,31.8,22,32.0,18,2,2021-12-17 09:40:39
1639734050875141000,31.9,3,31.85,2,31.95,4,2,2021-12-17 09:40:50
1639734050875141000,31.85,3,31.85,2,31.95,4,2,2021-12-17 09:40:50
1639734058682783000,31.85,5,31.8,22,31.85,5,2,2021-12-17 09:40:58
1639734058713214000,31.85,5,31.8,22,31.95,4,1,2021-12-17 09:40:58
1639734062748486000,31.85,2,31.8,22,31.85,3,2,2021-12-17 09:41:02
1639734062770973000,31.85,3,31.8,22,31.95,4,1,2021-12-17 09:41:02
1639734063098271000,31.85,5,31.8,22,31.95,4,1,2021-12-17 09:41:03
1639734071629207000,31.95,4,31.85,13,32.0,18,1,2021-12-17 09:41:11
1639734083185618000,31.95,2,31.9,1,32.0,18,1,2021-12-17 09:41:23
1639734091588556000,31.95,1,31.95,2,32.0,18,2,2021-12-17 09:41:31
1639734094993237000,31.95,2,31.9,2,32.0,18,2,2021-12-17 09:41:34
1639734101214177000,31.95,1,31.95,1,32.0,21,2,2021-12-17 09:41:41
1639734108851934000,31.95,4,31.9,16,31.95,1,2,2021-12-17 09:41:48
1639734108888631000,31.95,1,31.9,16,32.0,21,1,2021-12-17 09:41:48
1639734118546801000,32.0,2,31.95,13,32.0,19,1,2021-12-17 09:41:58
1639734118565645000,32.0,2,31.95,13,32.0,17,1,2021-12-17 09:41:58
1639734124224893000,32.0,2,31.95,13,32.0,15,1,2021-12-17 09:42:04
1639734124255175000,32.0,4,31.95,13,32.0,11,1,2021-12-17 09:42:04
1639734125058852000,32.0,3,31.95,18,32.0,8,1,2021-12-17 09:42:05
1639734125526720000,32.0,5,31.95,18,32.0,3,1,2021-12-17 09:42:05
1639734125550112000,32.0,3,31.95,18,32.1,3,1,2021-12-17 09:42:05
1639734159963808000,32.0,1,32.0,2,32.05,10,2,2021-12-17 09:42:39
1639734160983401000,32.05,1,32.0,2,32.05,9,1,2021-12-17 09:42:40
1639734164303055000,32.0,2,31.95,20,32.0,3,2,2021-12-17 09:42:44
1639734166614311000,32.0,1,31.95,20,32.0,2,1,2021-12-17 09:42:46
1639734172508300000,32.0,1,31.95,20,32.0,1,1,2021-12-17 09:42:52
1639734172603767000,32.0,1,31.95,20,32.05,9,1,2021-12-17 09:42:52
1639734179234606000,32.0,1,31.95,20,32.0,1,1,2021-12-17 09:42:59
1639734180189253000,32.0,1,31.95,20,32.05,9,1,2021-12-17 09:43:00
1639734186464846000,32.0,2,31.95,20,32.0,3,2,2021-12-17 09:43:06
1639734187726943000,32.0,1,31.95,20,32.0,2,1,2021-12-17 09:43:07
1639734191710074000,32.0,3,32.0,2,32.05,9,1,2021-12-17 09:43:11
1639734212564223000,32.0,2,32.0,8,32.05,9,2,2021-12-17 09:43:32
1639734226318312000,32.05,2,32.0,20,32.05,7,1,2021-12-17 09:43:46
1639734228737181000,32.05,3,32.0,20,32.05,4,1,2021-12-17 09:43:48
1639734231166821000,32.05,1,32.0,19,32.05,4,1,2021-12-17 09:43:51
1639734232549367000,32.05,3,32.0,19,32.05,1,1,2021-12-17 09:43:52
1639734236155241000,32.05,1,32.05,2,32.1,6,1,2021-12-17 09:43:56
1639734240906989000,32.1,2,32.05,3,32.1,4,1,2021-12-17 09:44:00
1639734245948884000,32.1,3,32.05,8,32.1,1,1,2021-12-17 09:44:05
1639734246374001000,32.1,1,32.1,2,32.15,3,1,2021-12-17 09:44:06
1639734259064913000,32.1,1,32.1,8,32.15,3,2,2021-12-17 09:44:19
1639734261270165000,32.1,1,32.1,7,32.15,3,2,2021-12-17 09:44:21
1639734265972059000,32.15,3,32.1,7,32.2,6,1,2021-12-17 09:44:25
1639734272715595000,32.15,1,32.1,11,32.2,6,2,2021-12-17 09:44:32
1639734274629335000,32.15,1,32.1,10,32.15,4,2,2021-12-17 09:44:34
1639734278853356000,32.15,4,32.1,11,32.15,1,1,2021-12-17 09:44:38
1639734278891579000,32.15,1,32.15,1,32.2,6,1,2021-12-17 09:44:38
1639734278926621000,32.15,1,32.1,11,32.2,6,2,2021-12-17 09:44:38
1639734282224132000,32.15,1,32.1,10,32.2,6,2,2021-12-17 09:44:42
1639734282675283000,32.2,5,32.1,10,32.2,1,1,2021-12-17 09:44:42
1639734284828892000,32.2,1,32.1,10,32.25,6,1,2021-12-17 09:44:44
1639734292837941000,32.15,1,32.1,10,32.2,2,2,2021-12-17 09:44:52
1639734293145006000,32.15,1,32.1,10,32.2,2,2,2021-12-17 09:44:53
1639734295372692000,32.2,1,32.1,11,32.2,1,1,2021-12-17 09:44:55
1639734302764111000,32.1,7,32.1,4,32.2,1,2,2021-12-17 09:45:02
1639734302794733000,32.1,4,32.05,8,32.2,1,2,2021-12-17 09:45:02
1639734303582662000,32.15,1,32.05,8,32.15,8,1,2021-12-17 09:45:03
1639734307533794000,32.1,1,32.05,8,32.15,8,1,2021-12-17 09:45:07
1639734310509011000,32.1,1,32.05,8,32.15,8,2,2021-12-17 09:45:10
1639734326347378000,32.1,1,32.1,5,32.15,8,2,2021-12-17 09:45:26
1639734326373467000,32.1,5,32.05,8,32.15,8,2,2021-12-17 09:45:26
1639734333522758000,32.1,4,32.1,6,32.15,8,1,2021-12-17 09:45:33
1639734362633376000,32.15,1,32.1,6,32.15,7,1,2021-12-17 09:46:02
1639734364252892000,32.15,1,32.1,6,32.15,6,1,2021-12-17 09:46:04
1639734374277175000,32.15,5,32.1,18,32.15,1,1,2021-12-17 09:46:14
1639734375610594000,32.15,1,32.15,1,32.2,3,1,2021-12-17 09:46:15
1639734375893684000,32.15,1,32.1,18,32.2,3,2,2021-12-17 09:46:15
1639734388329945000,32.1,5,32.1,13,32.2,9,2,2021-12-17 09:46:28
1639734388360818000,32.1,10,32.1,3,32.2,9,2,2021-12-17 09:46:28
1639734388391528000,32.1,3,32.05,13,32.2,9,2,2021-12-17 09:46:28
1639734394804347000,32.15,1,32.05,13,32.15,2,1,2021-12-17 09:46:34
1639734406364177000,32.15,2,32.05,13,32.15,2,1,2021-12-17 09:46:46
1639734415144039000,32.1,1,32.05,13,32.1,5,1,2021-12-17 09:46:55
1639734419916146000,32.1,1,32.05,18,32.1,4,1,2021-12-17 09:46:59
1639734437531280000,32.1,3,32.05,19,32.1,1,1,2021-12-17 09:47:17
1639734439916839000,32.1,1,32.05,19,32.15,4,1,2021-12-17 09:47:19
1639734474907898000,32.1,1,32.05,19,32.15,3,1,2021-12-17 09:47:54
1639734490151971000,32.1,1,32.1,2,32.15,3,2,2021-12-17 09:48:10
1639734493893775000,32.1,2,32.05,19,32.1,18,2,2021-12-17 09:48:13
1639734506000880000,32.05,14,32.05,6,32.1,18,2,2021-12-17 09:48:26
1639734507456496000,32.05,2,32.05,4,32.1,18,2,2021-12-17 09:48:27
1639734510754891000,32.05,4,32.0,24,32.05,1,2,2021-12-17 09:48:30
1639734518315612000,32.0,3,32.0,16,32.05,2,2,2021-12-17 09:48:38
1639734522154701000,32.0,2,32.0,14,32.05,2,2,2021-12-17 09:48:42
1639734525250842000,32.05,1,32.0,14,32.05,1,1,2021-12-17 09:48:45
1639734554291607000,32.05,5,32.0,15,32.05,6,1,2021-12-17 09:49:14
1639734562302376000,32.0,1,32.0,14,32.05,6,2,2021-12-17 09:49:22
1639734568809692000,32.0,2,32.0,12,32.05,6,2,2021-12-17 09:49:28
1639734587280685000,32.05,1,32.0,12,32.05,6,1,2021-12-17 09:49:47
1639734606757403000,32.0,5,32.0,10,32.05,8,2,2021-12-17 09:50:06
1639734607019581000,32.0,9,32.0,1,32.05,8,2,2021-12-17 09:50:07
1639734607049340000,32.0,1,31.95,12,32.05,8,2,2021-12-17 09:50:07
1639734613824922000,31.95,1,31.95,11,32.05,10,2,2021-12-17 09:50:13
1639734616135878000,31.95,1,31.95,10,32.05,10,2,2021-12-17 09:50:16
1639734621433673000,31.95,1,31.95,9,32.05,10,2,2021-12-17 09:50:21
1639734624163274000,31.95,2,31.95,7,32.05,10,2,2021-12-17 09:50:24
1639734628871413000,31.95,2,31.95,5,32.05,8,2,2021-12-17 09:50:28
1639734628879588000,31.95,2,31.95,3,32.05,8,2,2021-12-17 09:50:28
1639734628908911000,31.95,3,31.9,27,32.05,8,2,2021-12-17 09:50:28
1639734636318052000,31.9,5,31.9,16,32.0,1,2,2021-12-17 09:50:36
1639734639667038000,31.9,2,31.9,14,32.0,1,2,2021-12-17 09:50:39
1639734652914773000,31.95,1,31.95,1,32.0,5,2,2021-12-17 09:50:52
1639734657293673000,31.95,1,31.9,15,32.0,5,2,2021-12-17 09:50:57
1639734661263151000,31.95,3,31.95,2,32.0,5,1,2021-12-17 09:51:01
1639734665094342000,31.95,1,31.95,1,32.0,5,2,2021-12-17 09:51:05
1639734681210286000,32.0,1,31.95,2,32.0,5,1,2021-12-17 09:51:21
1639734709222808000,32.0,1,31.95,7,32.0,5,1,2021-12-17 09:51:49
1639734709396337000,31.95,1,31.95,6,32.0,5,2,2021-12-17 09:51:49
1639734711334899000,31.95,3,31.95,5,32.0,5,2,2021-12-17 09:51:51
1639734716665222000,31.95,1,31.95,4,32.0,5,2,2021-12-17 09:51:56
1639734731690488000,31.95,2,31.95,4,32.0,6,2,2021-12-17 09:52:11
1639734736959301000,31.95,2,31.95,2,32.0,7,2,2021-12-17 09:52:16
1639734741269151000,31.95,2,31.9,17,32.0,7,2,2021-12-17 09:52:21
1639734741488938000,32.0,1,31.9,17,32.0,6,1,2021-12-17 09:52:21
1639734746150962000,32.0,1,31.9,17,32.0,5,1,2021-12-17 09:52:26
1639734747345412000,32.0,5,31.9,17,32.05,8,1,2021-12-17 09:52:27
1639734761798953000,32.0,3,32.0,3,32.05,9,1,2021-12-17 09:52:41
1639734772480670000,32.05,5,32.0,8,32.05,5,1,2021-12-17 09:52:52
1639734772498483000,32.05,5,32.0,8,32.1,22,1,2021-12-17 09:52:52
1639734776076531000,32.0,2,32.0,8,32.1,22,2,2021-12-17 09:52:56
1639734781805794000,32.1,1,32.0,8,32.1,20,1,2021-12-17 09:53:01
1639734800702954000,32.0,9,31.9,30,32.1,20,2,2021-12-17 09:53:20
1639734800702954000,31.95,4,31.9,30,32.1,20,2,2021-12-17 09:53:20
1639734805705972000,32.0,2,31.9,17,32.1,20,2,2021-12-17 09:53:25
1639734805705972000,31.9,13,31.9,17,32.1,20,2,2021-12-17 09:53:25
1639734810598498000,31.9,15,31.9,2,32.1,20,2,2021-12-17 09:53:30
1639734816866953000,31.9,1,31.9,1,32.1,22,2,2021-12-17 09:53:36
1639734817797097000,32.0,1,31.9,1,32.1,22,2,2021-12-17 09:53:37
1639734834313896000,32.0,1,32.0,9,32.1,22,1,2021-12-17 09:53:54
1639734837032174000,32.0,1,32.0,8,32.1,22,2,2021-12-17 09:53:57
1639734847074546000,32.0,5,32.0,3,32.1,22,2,2021-12-17 09:54:07
1639734882548363000,32.0,2,32.0,11,32.1,22,2,2021-12-17 09:54:42
1639734883915358000,32.0,1,32.0,10,32.1,22,2,2021-12-17 09:54:43
1639734916220903000,32.0,1,32.0,10,32.1,22,2,2021-12-17 09:55:16
1639734925189128000,32.0,2,32.0,8,32.1,22,2,2021-12-17 09:55:25
1639734948390307000,32.0,1,32.0,12,32.1,23,2,2021-12-17 09:55:48
1639735009932520000,32.0,1,32.0,11,32.1,23,2,2021-12-17 09:56:49
1639735071546122000,32.0,1,32.0,16,32.05,2,2,2021-12-17 09:57:51
1639735092741035000,32.05,1,32.0,16,32.05,1,1,2021-12-17 09:58:12
1639735107470449000,32.05,1,32.0,16,32.1,20,1,2021-12-17 09:58:27
1639735121767249000,32.05,1,32.0,16,32.1,20,1,2021-12-17 09:58:41
1639735149953879000,32.05,1,32.0,16,32.1,20,1,2021-12-17 09:59:09
1639735151606165000,32.1,5,32.0,16,32.1,15,1,2021-12-17 09:59:11
1639735160233713000,32.1,1,32.0,16,32.1,14,1,2021-12-17 09:59:20
1639735173216747000,32.1,5,32.0,16,32.1,9,1,2021-12-17 09:59:33
1639735180751170000,32.1,5,32.05,1,32.1,4,1,2021-12-17 09:59:40
1639735192146437000,32.1,2,32.05,3,32.1,2,1,2021-12-17 09:59:52
1639735204037448000,32.1,1,32.05,3,32.1,1,1,2021-12-17 10:00:04
1639735204415831000,32.05,3,32.0,16,32.05,7,2,2021-12-17 10:00:04
1639735210056818000,32.05,1,32.0,26,32.05,6,1,2021-12-17 10:00:10
1639735219198723000,32.05,1,32.0,26,32.05,5,1,2021-12-17 10:00:19
1639735223348068000,32.05,5,32.0,26,32.1,1,1,2021-12-17 10:00:23
1639735224268347000,32.05,1,32.0,26,32.1,1,1,2021-12-17 10:00:24
1639735235471193000,32.05,1,32.0,25,32.1,1,1,2021-12-17 10:00:35
1639735260466906000,32.1,1,32.1,9,32.2,4,1,2021-12-17 10:01:00
1639735265145765000,32.1,1,32.1,8,32.2,4,2,2021-12-17 10:01:05
1639735316477615000,32.1,3,32.1,6,32.15,2,2,2021-12-17 10:01:56
1639735316497771000,32.1,6,32.05,8,32.15,2,2,2021-12-17 10:01:56
1639735332746404000,32.1,1,32.1,2,32.15,2,2,2021-12-17 10:02:12
1639735332772950000,32.1,2,32.05,8,32.15,2,2,2021-12-17 10:02:12
1639735368251076000,32.05,1,32.05,7,32.1,3,2,2021-12-17 10:02:48
1639735393493167000,32.05,10,32.05,7,32.1,3,2,2021-12-17 10:03:13
1639735402325241000,32.05,1,32.05,6,32.1,3,2,2021-12-17 10:03:22
1639735406210222000,32.05,3,32.05,3,32.1,3,2,2021-12-17 10:03:26
1639735428530230000,32.05,1,32.05,3,32.1,3,2,2021-12-17 10:03:48
1639735431429276000,32.05,1,32.05,2,32.1,3,2,2021-12-17 10:03:51
1639735431462648000,32.05,2,32.0,21,32.1,3,2,2021-12-17 10:03:51
1639735560471582000,32.05,1,32.0,22,32.1,3,2,2021-12-17 10:06:00
1639735560471582000,32.0,4,32.0,22,32.1,3,2,2021-12-17 10:06:00
1639735564316532000,32.0,5,32.0,17,32.05,1,2,2021-12-17 10:06:04
1639735574495977000,32.0,2,32.0,15,32.05,2,2,2021-12-17 10:06:14
1639735608685400000,32.0,1,32.0,14,32.05,2,2,2021-12-17 10:06:48
1639735616217984000,32.0,1,32.0,13,32.05,1,2,2021-12-17 10:06:56
1639735638887631000,32.05,1,32.0,13,32.1,3,1,2021-12-17 10:07:18
1639735683414552000,32.05,2,32.0,13,32.1,3,2,2021-12-17 10:08:03
1639735736964209000,32.05,1,32.05,1,32.1,3,2,2021-12-17 10:08:56
1639735768113337000,32.1,1,32.05,2,32.1,2,1,2021-12-17 10:09:28
1639735776907777000,32.1,1,32.05,1,32.1,1,1,2021-12-17 10:09:36
1639735857227964000,32.1,1,32.05,2,32.15,5,1,2021-12-17 10:10:57
1639735882866079000,32.15,6,32.1,2,32.15,5,1,2021-12-17 10:11:22
1639735882891155000,32.15,5,32.1,2,32.2,25,1,2021-12-17 10:11:22
1639735916129614000,32.2,1,32.15,5,32.2,24,1,2021-12-17 10:11:56
1639735927020721000,32.2,1,32.15,5,32.2,23,1,2021-12-17 10:12:07
1639735934163392000,32.2,1,32.15,5,32.2,22,1,2021-12-17 10:12:14
1639735934589869000,32.2,11,32.15,5,32.2,11,1,2021-12-17 10:12:14
1639735937566979000,32.2,2,32.15,5,32.2,9,1,2021-12-17 10:12:17
1639735937595317000,32.2,3,32.15,5,32.2,6,1,2021-12-17 10:12:17
1639735937617423000,32.2,1,32.15,5,32.2,5,1,2021-12-17 10:12:17
1639735939642191000,32.2,1,32.15,5,32.2,4,1,2021-12-17 10:12:19
1639735939664897000,32.2,4,32.15,5,32.3,1,1,2021-12-17 10:12:19
1639735960005176000,32.3,1,32.2,18,32.35,3,1,2021-12-17 10:12:40
1639735968583734000,32.35,2,32.3,1,32.35,1,1,2021-12-17 10:12:48
1639735974895534000,32.35,1,32.35,3,32.4,5,1,2021-12-17 10:12:54
1639735976348567000,32.35,2,32.35,1,32.4,5,2,2021-12-17 10:12:56
