ts,close,volume,bid_price,bid_volume,ask_price,ask_volume,tick_type,datetime
1639731617025921000,99.4,2341,99.3,7,99.4,85,2,2021-12-17 09:00:17
1639731617037127000,99.4,1,99.3,7,99.4,84,1,2021-12-17 09:00:17
1639731617083204000,99.3,6,99.3,1,99.4,87,2,2021-12-17 09:00:17
1639731617099154000,99.3,1,99.2,12,99.4,90,2,2021-12-17 09:00:17
1639731617101687000,99.2,1,99.2,11,99.4,91,2,2021-12-17 09:00:17
1639731617123520000,99.2,3,99.2,8,99.4,94,2,2021-12-17 09:00:17
1639731617126557000,99.4,10,99.2,8,99.4,85,1,2021-12-17 09:00:17
1639731617161455000,99.2,1,99.2,7,99.4,87,2,2021-12-17 09:00:17
1639731617195775000,99.2,3,99.2,4,99.4,93,2,2021-12-17 09:00:17
1639731617214639000,99.2,4,99.1,36,99.4,97,2,2021-12-17 09:00:17
1639731617214639000,99.1,1,99.1,36,99.4,97,2,2021-12-17 09:00:17
1639731617214756000,99.1,2,99.1,36,99.4,97,2,2021-12-17 09:00:17
1639731617278969000,99.4,1,99.1,36,99.4,96,1,2021-12-17 09:00:17
1639731617379861000,99.1,1,99.1,35,99.4,101,2,2021-12-17 09:00:17
1639731617545462000,99.1,2,99.1,33,99.4,101,2,2021-12-17 09:00:17
1639731617547961000,99.4,20,99.1,33,99.4,81,1,2021-12-17 09:00:17
1639731617571525000,99.1,33,99.0,89,99.4,81,2,2021-12-17 09:00:17
1639731617596754000,99.4,1,99.0,89,99.4,80,1,2021-12-17 09:00:17
1639731617779518000,99.4,1,99.0,99,99.4,79,1,2021-12-17 09:00:17
1639731617847061000,99.0,6,99.0,93,99.4,79,2,2021-12-17 09:00:17
1639731618261108000,99.4,1,99.0,93,99.4,78,1,2021-12-17 09:00:18
1639731618331218000,99.4,1,99.0,93,99.4,77,1,2021-12-17 09:00:18
1639731618378422000,99.0,1,99.0,92,99.4,77,2,2021-12-17 09:00:18
1639731618420541000,99.0,1,99.0,91,99.4,77,2,2021-12-17 09:00:18
1639731618673508000,99.4,25,99.0,91,99.4,52,1,2021-12-17 09:00:18
1639731618687898000,99.0,1,99.0,90,99.4,52,2,2021-12-17 09:00:18
1639731618825762000,99.0,4,99.0,86,99.4,52,2,2021-12-17 09:00:18
1639731619064647000,99.1,4,99.0,86,99.1,6,1,2021-12-17 09:00:19
1639731619223137000,99.0,3,99.0,82,99.1,6,2,2021-12-17 09:00:19
1639731619482685000,99.0,2,99.0,80,99.1,6,2,2021-12-17 09:00:19
1639731619702798000,99.1,6,99.1,44,99.3,2,1,2021-12-17 09:00:19
1639731619752425000,99.1,1,99.1,43,99.3,2,2,2021-12-17 09:00:19
1639731619765766000,99.1,5,99.1,38,99.3,2,2,2021-12-17 09:00:19
1639731619929343000,99.1,1,99.1,37,99.3,2,2,2021-12-17 09:00:19
1639731620054466000,99.2,1,99.1,37,99.2,1,1,2021-12-17 09:00:20
1639731620100500000,99.1,1,99.1,36,99.2,1,2,2021-12-17 09:00:20
1639731620101836000,99.1,1,99.1,35,99.2,1,2,2021-12-17 09:00:20
1639731620279415000,99.1,1,99.1,34,99.2,1,2,2021-12-17 09:00:20
1639731620285190000,99.1,3,99.1,31,99.2,1,2,2021-12-17 09:00:20
1639731620299716000,99.2,1,99.1,31,99.3,2,1,2021-12-17 09:00:20
1639731620371580000,99.1,5,99.1,26,99.3,2,2,2021-12-17 09:00:20
1639731620652104000,99.3,1,99.1,26,99.3,1,1,2021-12-17 09:00:20
1639731620682119000,99.3,1,99.1,26,99.4,50,1,2021-12-17 09:00:20
1639731620813889000,99.1,1,99.1,25,99.4,50,2,2021-12-17 09:00:20
1639731620834434000,99.1,8,99.1,17,99.4,50,2,2021-12-17 09:00:20
1639731620853420000,99.1,2,99.1,15,99.4,50,2,2021-12-17 09:00:20
1639731620870345000,99.1,15,99.0,80,99.4,50,2,2021-12-17 09:00:20
1639731621028314000,99.4,1,99.0,80,99.4,49,1,2021-12-17 09:00:21
1639731621058326000,99.0,1,99.0,79,99.4,49,2,2021-12-17 09:00:21
1639731621322057000,99.0,1,99.0,78,99.4,49,2,2021-12-17 09:00:21
1639731621666294000,99.4,1,99.2,50,99.4,50,1,2021-12-17 09:00:21
1639731621667814000,99.2,1,99.2,49,99.4,50,2,2021-12-17 09:00:21
1639731621899926000,99.4,1,99.2,49,99.4,49,1,2021-12-17 09:00:21
1639731621951689000,99.2,2,99.2,47,99.4,49,2,2021-12-17 09:00:21
1639731621968810000,99.4,1,99.2,47,99.4,48,1,2021-12-17 09:00:21
1639731622064250000,99.2,1,99.2,46,99.4,46,2,2021-12-17 09:00:22
1639731622064684000,99.4,2,99.2,46,99.4,46,1,2021-12-17 09:00:22
1639731622204741000,99.4,1,99.2,46,99.4,45,1,2021-12-17 09:00:22
1639731622446226000,99.2,1,99.2,45,99.4,45,2,2021-12-17 09:00:22
1639731622507292000,99.2,2,99.2,43,99.4,46,2,2021-12-17 09:00:22
1639731622527495000,99.4,1,99.2,43,99.4,45,1,2021-12-17 09:00:22
1639731622618057000,99.2,43,99.0,75,99.4,45,2,2021-12-17 09:00:22
1639731622618057000,99.1,2,99.0,75,99.4,45,2,2021-12-17 09:00:22
1639731622618057000,99.0,5,99.0,75,99.4,45,2,2021-12-17 09:00:22
1639731623152218000,99.0,1,99.0,73,99.1,1,2,2021-12-17 09:00:23
1639731623168016000,99.1,1,99.0,73,99.4,44,1,2021-12-17 09:00:23
1639731623285298000,99.4,2,99.1,1,99.4,42,1,2021-12-17 09:00:23
1639731623388139000,99.1,1,99.0,73,99.4,42,2,2021-12-17 09:00:23
1639731623487982000,99.0,1,99.0,72,99.4,42,2,2021-12-17 09:00:23
1639731623499684000,99.0,1,99.0,71,99.2,1,2,2021-12-17 09:00:23
1639731623743154000,99.0,1,99.0,70,99.1,2,2,2021-12-17 09:00:23
1639731623827126000,99.1,2,99.1,48,99.2,2,1,2021-12-17 09:00:23
1639731623829283000,99.1,3,99.1,45,99.2,2,2,2021-12-17 09:00:23
1639731623832286000,99.1,1,99.1,44,99.2,2,2,2021-12-17 09:00:23
1639731623883592000,99.2,2,99.1,44,99.4,37,1,2021-12-17 09:00:23
1639731623883592000,99.3,10,99.1,44,99.4,37,1,2021-12-17 09:00:23
1639731623883592000,99.4,10,99.1,44,99.4,37,1,2021-12-17 09:00:23
1639731624114245000,99.1,1,99.1,43,99.4,37,2,2021-12-17 09:00:24
1639731624139939000,99.1,1,99.1,42,99.4,37,2,2021-12-17 09:00:24
1639731624142853000,99.1,18,99.1,24,99.4,37,2,2021-12-17 09:00:24
1639731624176649000,99.1,24,99.0,74,99.4,37,2,2021-12-17 09:00:24
1639731624290998000,99.0,3,99.0,71,99.4,37,2,2021-12-17 09:00:24
1639731624310896000,99.0,1,99.0,71,99.4,37,2,2021-12-17 09:00:24
1639731624354787000,99.0,2,99.0,69,99.2,1,2,2021-12-17 09:00:24
1639731624395966000,99.0,1,99.0,68,99.2,1,2,2021-12-17 09:00:24
1639731624538219000,99.0,1,99.0,67,99.2,1,2,2021-12-17 09:00:24
1639731624546121000,99.0,1,99.0,66,99.2,1,2,2021-12-17 09:00:24
1639731624561488000,99.0,12,99.0,54,99.2,1,2,2021-12-17 09:00:24
1639731624808831000,99.2,1,99.0,54,99.4,35,1,2021-12-17 09:00:24
1639731624808831000,99.3,5,99.0,54,99.4,35,1,2021-12-17 09:00:24
1639731624808831000,99.4,4,99.0,54,99.4,35,1,2021-12-17 09:00:24
1639731624817760000,99.0,10,99.0,44,99.4,35,2,2021-12-17 09:00:24
1639731624841061000,99.0,32,99.0,12,99.4,35,2,2021-12-17 09:00:24
1639731624881132000,99.2,1,99.0,12,99.4,35,2,2021-12-17 09:00:24
1639731624882611000,99.4,5,99.0,7,99.4,30,1,2021-12-17 09:00:24
1639731625059981000,99.0,1,99.0,8,99.4,30,2,2021-12-17 09:00:25
1639731625091657000,99.0,1,99.0,7,99.4,30,2,2021-12-17 09:00:25
1639731625263720000,99.1,1,98.9,22,99.2,10,2,2021-12-17 09:00:25
1639731625263720000,99.0,7,98.9,22,99.2,10,2,2021-12-17 09:00:25
1639731625263720000,98.9,1,98.9,22,99.2,10,2,2021-12-17 09:00:25
1639731625264559000,98.9,8,98.9,14,99.2,10,2,2021-12-17 09:00:25
1639731625290343000,99.2,1,98.9,14,99.2,9,1,2021-12-17 09:00:25
1639731625296302000,98.9,2,98.9,12,99.2,9,2,2021-12-17 09:00:25
1639731625362518000,98.9,2,98.9,10,99.0,4,2,2021-12-17 09:00:25
1639731625416708000,99.0,2,98.9,10,99.0,2,1,2021-12-17 09:00:25
1639731625519668000,98.9,1,98.9,9,99.0,2,2,2021-12-17 09:00:25
1639731625522173000,99.0,2,99.0,48,99.2,9,1,2021-12-17 09:00:25
1639731625552902000,99.0,5,99.0,43,99.2,9,2,2021-12-17 09:00:25
1639731625630973000,99.0,1,99.0,42,99.2,9,2,2021-12-17 09:00:25
1639731626044495000,99.0,1,99.0,42,99.2,9,2,2021-12-17 09:00:26
1639731626090213000,99.0,1,99.0,41,99.2,9,2,2021-12-17 09:00:26
1639731626176669000,99.0,1,99.0,40,99.2,9,2,2021-12-17 09:00:26
1639731626262416000,99.0,1,99.0,39,99.1,1,2,2021-12-17 09:00:26
1639731626283812000,99.0,2,99.0,37,99.1,1,2,2021-12-17 09:00:26
1639731626300649000,99.0,1,99.0,36,99.1,1,2,2021-12-17 09:00:26
1639731626337850000,99.0,9,99.0,27,99.1,1,2,2021-12-17 09:00:26
1639731626414540000,99.0,2,99.0,25,99.1,1,2,2021-12-17 09:00:26
1639731626529691000,99.0,1,99.0,25,99.1,1,2,2021-12-17 09:00:26
1639731626533670000,99.0,1,99.0,24,99.1,1,2,2021-12-17 09:00:26
1639731626592268000,99.0,8,99.0,16,99.1,1,2,2021-12-17 09:00:26
1639731626607440000,99.0,1,99.0,15,99.1,1,2,2021-12-17 09:00:26
1639731626954595000,99.0,1,99.0,15,99.1,1,2,2021-12-17 09:00:26
1639731627036589000,99.0,1,99.0,15,99.1,3,2,2021-12-17 09:00:27
1639731627046812000,99.0,1,99.0,14,99.1,3,2,2021-12-17 09:00:27
1639731627164434000,99.1,2,99.0,14,99.1,1,1,2021-12-17 09:00:27
1639731627312694000,99.0,10,99.0,4,99.1,1,2,2021-12-17 09:00:27
1639731627418401000,99.0,2,99.0,2,99.1,1,2,2021-12-17 09:00:27
1639731627453293000,99.0,2,98.9,12,99.0,1,2,2021-12-17 09:00:27
1639731627591994000,98.9,1,98.9,11,99.0,7,2,2021-12-17 09:00:27
1639731627738452000,99.0,5,98.9,11,99.0,6,1,2021-12-17 09:00:27
1639731627836691000,98.9,1,98.9,10,99.0,7,2,2021-12-17 09:00:27
1639731627943458000,99.0,1,98.9,10,99.0,6,1,2021-12-17 09:00:27
1639731627962287000,98.9,4,98.9,6,99.0,6,2,2021-12-17 09:00:27
1639731627989554000,99.0,1,98.9,6,99.0,7,1,2021-12-17 09:00:27
1639731628003504000,99.0,1,98.9,6,99.0,6,1,2021-12-17 09:00:28
1639731628112775000,98.9,1,98.9,5,99.0,6,2,2021-12-17 09:00:28
1639731628126348000,98.9,5,98.8,11,98.9,15,2,2021-12-17 09:00:28
1639731628142063000,98.8,2,98.8,9,98.9,15,2,2021-12-17 09:00:28
1639731628145697000,98.9,1,98.8,9,98.9,14,1,2021-12-17 09:00:28
1639731628213493000,98.9,14,98.9,36,99.0,6,1,2021-12-17 09:00:28
1639731628276286000,98.9,10,98.9,26,99.0,7,2,2021-12-17 09:00:28
1639731628320599000,98.9,1,98.9,25,99.0,8,2,2021-12-17 09:00:28
1639731628322507000,98.9,1,98.9,24,99.0,8,2,2021-12-17 09:00:28
1639731628456574000,98.9,15,98.9,9,99.0,8,2,2021-12-17 09:00:28
1639731628594245000,98.9,3,98.9,6,99.0,8,2,2021-12-17 09:00:28
1639731628615516000,99.0,1,98.9,6,99.0,7,1,2021-12-17 09:00:28
1639731628622694000,99.0,2,98.9,6,99.0,5,1,2021-12-17 09:00:28
1639731628642765000,99.0,1,98.9,6,99.0,4,1,2021-12-17 09:00:28
1639731628997701000,98.9,2,98.9,4,99.0,24,2,2021-12-17 09:00:28
1639731629016314000,98.9,4,98.8,9,99.0,24,2,2021-12-17 09:00:29
1639731629289783000,98.9,2,98.8,9,98.9,3,1,2021-12-17 09:00:29
1639731629398155000,98.9,1,98.8,9,98.9,2,1,2021-12-17 09:00:29
1639731629436862000,98.9,1,98.8,9,98.9,1,1,2021-12-17 09:00:29
1639731629445084000,98.9,1,98.8,9,99.0,29,1,2021-12-17 09:00:29
1639731629488012000,99.0,1,98.8,9,99.0,28,1,2021-12-17 09:00:29
1639731629758002000,99.0,1,98.8,10,99.0,30,1,2021-12-17 09:00:29
1639731629855602000,98.8,1,98.8,9,99.0,30,2,2021-12-17 09:00:29
1639731629856018000,98.8,2,98.8,7,99.0,30,2,2021-12-17 09:00:29
1639731629885240000,99.0,1,98.8,7,99.0,29,1,2021-12-17 09:00:29
1639731630013125000,99.0,1,98.8,7,99.0,29,1,2021-12-17 09:00:30
1639731630377881000,98.9,1,98.8,7,98.9,3,1,2021-12-17 09:00:30
1639731630413546000,98.9,1,98.8,7,98.9,2,1,2021-12-17 09:00:30
1639731630487381000,98.9,1,98.8,7,98.9,1,1,2021-12-17 09:00:30
1639731630520396000,98.8,1,98.8,6,98.9,1,2,2021-12-17 09:00:30
1639731630586078000,98.9,1,98.8,6,99.0,32,1,2021-12-17 09:00:30
1639731630619318000,98.8,1,98.8,5,99.0,32,2,2021-12-17 09:00:30
1639731630642661000,98.8,5,98.7,6,99.0,33,2,2021-12-17 09:00:30
1639731630656522000,98.7,1,98.7,5,99.0,33,2,2021-12-17 09:00:30
1639731630725031000,98.7,1,98.7,4,99.0,35,2,2021-12-17 09:00:30
1639731630737332000,99.0,1,98.7,4,99.0,34,1,2021-12-17 09:00:30
1639731630756519000,98.7,4,98.6,19,99.0,34,2,2021-12-17 09:00:30
1639731630772024000,98.6,6,98.6,13,99.0,34,2,2021-12-17 09:00:30
1639731630835080000,99.0,1,98.6,13,99.0,33,1,2021-12-17 09:00:30
1639731630941130000,98.8,1,98.6,13,99.0,124,2,2021-12-17 09:00:30
1639731630971891000,99.0,1,98.6,13,99.0,123,1,2021-12-17 09:00:30
1639731631025184000,99.0,40,98.6,13,99.0,83,1,2021-12-17 09:00:31
1639731631055532000,98.9,1,98.6,13,99.0,83,1,2021-12-17 09:00:31
1639731631141604000,99.0,1,98.6,13,99.0,83,1,2021-12-17 09:00:31
1639731631182169000,99.0,1,98.6,13,99.0,83,1,2021-12-17 09:00:31
1639731631185195000,98.6,3,98.6,10,99.0,83,2,2021-12-17 09:00:31
1639731631240396000,98.8,1,98.6,10,99.0,83,2,2021-12-17 09:00:31
1639731631254360000,99.0,1,98.6,10,99.0,82,1,2021-12-17 09:00:31
1639731631257169000,99.0,5,98.6,10,99.0,77,1,2021-12-17 09:00:31
1639731631358968000,98.6,1,98.6,9,98.9,1,2,2021-12-17 09:00:31
1639731631441728000,98.9,1,98.6,9,98.9,6,1,2021-12-17 09:00:31
1639731631464887000,98.9,1,98.6,9,98.9,5,1,2021-12-17 09:00:31
1639731631488694000,98.9,1,98.6,9,98.9,4,1,2021-12-17 09:00:31
1639731631517494000,98.6,1,98.6,8,98.8,1,2,2021-12-17 09:00:31
1639731631562799000,98.6,1,98.6,7,98.8,1,2,2021-12-17 09:00:31
1639731631567834000,98.6,1,98.6,6,98.8,1,2,2021-12-17 09:00:31
1639731631992189000,98.7,1,98.6,6,98.8,13,2,2021-12-17 09:00:31
1639731632029596000,98.8,1,98.6,6,98.8,12,1,2021-12-17 09:00:32
1639731632033783000,98.6,1,98.6,5,98.8,12,2,2021-12-17 09:00:32
1639731632255919000,98.8,1,98.7,1,98.8,11,1,2021-12-17 09:00:32
1639731632297133000,98.8,2,98.7,1,98.8,9,1,2021-12-17 09:00:32
1639731632608402000,98.7,1,98.6,5,98.8,15,2,2021-12-17 09:00:32
1639731632648954000,98.6,2,98.6,3,98.8,15,2,2021-12-17 09:00:32
1639731632786303000,98.6,1,98.6,2,98.8,15,2,2021-12-17 09:00:32
1639731632874486000,98.6,1,98.6,1,98.8,15,2,2021-12-17 09:00:32
1639731633010820000,98.6,1,98.5,72,98.6,9,2,2021-12-17 09:00:33
1639731633064493000,98.6,1,98.5,72,98.6,8,1,2021-12-17 09:00:33
1639731633095846000,98.6,2,98.5,72,98.6,6,1,2021-12-17 09:00:33
1639731633153448000,98.6,1,98.5,72,98.6,6,1,2021-12-17 09:00:33
1639731633189986000,98.5,1,98.5,71,98.6,6,2,2021-12-17 09:00:33
1639731633192028000,98.6,1,98.5,71,98.6,5,1,2021-12-17 09:00:33
1639731633267831000,98.5,2,98.5,69,98.6,5,2,2021-12-17 09:00:33
1639731633288838000,98.6,1,98.5,69,98.6,4,1,2021-12-17 09:00:33
1639731633357450000,98.6,1,98.5,69,98.6,3,1,2021-12-17 09:00:33
1639731633408175000,98.5,1,98.5,68,98.6,7,2,2021-12-17 09:00:33
1639731633467384000,98.5,1,98.5,67,98.6,7,2,2021-12-17 09:00:33
1639731633475206000,98.6,1,98.5,67,98.6,6,1,2021-12-17 09:00:33
1639731633785335000,98.6,1,98.5,67,98.6,5,1,2021-12-17 09:00:33
1639731633827403000,98.6,1,98.5,67,98.6,4,1,2021-12-17 09:00:33
1639731633879801000,98.6,4,98.6,6,98.7,4,1,2021-12-17 09:00:33
1639731633927290000,98.7,4,98.6,6,98.8,14,1,2021-12-17 09:00:33
1639731633927290000,98.8,1,98.6,6,98.8,14,1,2021-12-17 09:00:33
1639731634138219000,98.6,1,98.6,5,98.7,2,2,2021-12-17 09:00:34
1639731634292618000,98.6,2,98.6,4,98.7,2,2,2021-12-17 09:00:34
1639731634315283000,98.6,1,98.6,3,98.7,2,2,2021-12-17 09:00:34
1639731634369144000,98.6,1,98.6,2,98.7,2,2,2021-12-17 09:00:34
1639731634399484000,98.6,1,98.6,1,98.7,2,2,2021-12-17 09:00:34
1639731634437636000,98.6,1,98.5,65,98.7,2,2,2021-12-17 09:00:34
1639731634437636000,98.5,2,98.5,65,98.7,2,2,2021-12-17 09:00:34
1639731634583342000,98.5,1,98.5,64,98.7,5,2,2021-12-17 09:00:34
1639731634606635000,98.7,1,98.5,64,98.7,4,1,2021-12-17 09:00:34
1639731634632424000,98.5,2,98.5,62,98.7,4,2,2021-12-17 09:00:34
1639731634691286000,98.5,1,98.5,61,98.7,4,2,2021-12-17 09:00:34
1639731634704775000,98.5,1,98.5,60,98.7,4,2,2021-12-17 09:00:34
1639731634711002000,98.5,10,98.5,50,98.7,4,2,2021-12-17 09:00:34
1639731634728442000,98.5,3,98.5,47,98.7,4,2,2021-12-17 09:00:34
1639731634815126000,98.5,1,98.5,46,98.7,4,2,2021-12-17 09:00:34
1639731634855002000,98.7,1,98.5,46,98.7,3,1,2021-12-17 09:00:34
1639731634979956000,98.6,1,98.5,46,98.7,3,2,2021-12-17 09:00:34
1639731635004881000,98.5,2,98.5,44,98.7,3,2,2021-12-17 09:00:35
1639731635057856000,98.6,1,98.5,44,98.7,3,2,2021-12-17 09:00:35
1639731635131682000,98.6,1,98.5,44,98.7,3,1,2021-12-17 09:00:35
1639731635217635000,98.7,1,98.5,44,98.7,2,1,2021-12-17 09:00:35
1639731635254534000,98.5,2,98.5,42,98.7,2,2,2021-12-17 09:00:35
1639731635389487000,98.5,5,98.5,37,98.7,2,2,2021-12-17 09:00:35
1639731635423368000,98.5,2,98.5,35,98.7,2,2,2021-12-17 09:00:35
1639731635479672000,98.5,3,98.5,32,98.7,2,2,2021-12-17 09:00:35
1639731635622049000,98.7,1,98.6,10,98.7,2,1,2021-12-17 09:00:35
1639731635646264000,98.6,1,98.6,9,98.7,2,2,2021-12-17 09:00:35
1639731635737491000,98.6,1,98.6,8,98.7,3,2,2021-12-17 09:00:35
1639731635748726000,98.7,2,98.6,8,98.7,1,1,2021-12-17 09:00:35
1639731635766950000,98.7,1,98.6,9,98.8,13,1,2021-12-17 09:00:35
1639731635766950000,98.8,4,98.6,9,98.8,13,1,2021-12-17 09:00:35
1639731635785637000,98.6,2,98.6,7,98.8,13,2,2021-12-17 09:00:35
1639731635862553000,98.6,1,98.6,6,98.8,14,2,2021-12-17 09:00:35
1639731635988006000,98.6,1,98.6,5,98.8,14,2,2021-12-17 09:00:35
1639731636124348000,98.6,2,98.6,3,98.8,14,2,2021-12-17 09:00:36
1639731636166609000,98.6,1,98.6,2,98.8,15,2,2021-12-17 09:00:36
1639731636199704000,98.6,2,98.5,32,98.8,15,2,2021-12-17 09:00:36
1639731636342413000,98.5,1,98.5,32,98.8,16,2,2021-12-17 09:00:36
1639731636485822000,98.6,1,98.6,5,98.8,26,2,2021-12-17 09:00:36
1639731636707452000,98.6,1,98.6,14,98.8,26,2,2021-12-17 09:00:36
1639731636753298000,98.6,1,98.6,13,98.8,26,2,2021-12-17 09:00:36
1639731636835292000,98.6,10,98.6,3,98.7,3,2,2021-12-17 09:00:36
1639731636863615000,98.6,3,98.5,37,98.7,4,2,2021-12-17 09:00:36
1639731636906604000,98.7,1,98.5,37,98.7,3,1,2021-12-17 09:00:36
1639731637006371000,98.5,1,98.5,36,98.7,3,2,2021-12-17 09:00:37
1639731637015554000,98.5,10,98.5,26,98.7,3,2,2021-12-17 09:00:37
1639731637126739000,98.7,1,98.6,3,98.7,2,1,2021-12-17 09:00:37
1639731637309117000,98.6,2,98.6,1,98.7,2,2,2021-12-17 09:00:37
1639731637415268000,98.6,1,98.5,27,98.7,2,2,2021-12-17 09:00:37
1639731637489156000,98.5,2,98.5,25,98.6,1,2,2021-12-17 09:00:37
1639731637639310000,98.5,20,98.5,5,98.6,4,2,2021-12-17 09:00:37
1639731637751876000,98.6,1,98.5,5,98.6,3,1,2021-12-17 09:00:37
1639731637908393000,98.5,1,98.5,4,98.6,3,2,2021-12-17 09:00:37
1639731638029626000,98.5,2,98.5,2,98.6,3,2,2021-12-17 09:00:38
1639731638045909000,98.6,1,98.5,2,98.6,2,1,2021-12-17 09:00:38
1639731638056342000,98.6,1,98.5,2,98.6,2,1,2021-12-17 09:00:38
1639731638144300000,98.6,1,98.5,2,98.6,1,1,2021-12-17 09:00:38
1639731638169459000,98.5,2,98.4,11,98.6,1,2,2021-12-17 09:00:38
1639731638173300000,98.6,1,98.4,11,98.7,4,1,2021-12-17 09:00:38
1639731638237057000,98.7,1,98.4,11,98.7,3,1,2021-12-17 09:00:38
1639731638239691000,98.4,4,98.4,7,98.7,3,2,2021-12-17 09:00:38
1639731638261169000,98.4,1,98.4,6,98.7,3,2,2021-12-17 09:00:38
1639731638324849000,98.6,1,98.4,6,98.6,3,1,2021-12-17 09:00:38
1639731638424703000,98.4,1,98.4,5,98.5,1,2,2021-12-17 09:00:38
1639731638509606000,98.5,1,98.4,5,98.6,3,1,2021-12-17 09:00:38
1639731638572314000,98.4,1,98.4,4,98.5,2,2,2021-12-17 09:00:38
1639731638632726000,98.4,1,98.4,3,98.5,2,2,2021-12-17 09:00:38
1639731638642365000,98.4,3,98.3,2,98.5,2,2,2021-12-17 09:00:38
1639731638642365000,98.3,2,98.3,2,98.5,2,2,2021-12-17 09:00:38
1639731638709170000,98.3,1,98.3,1,98.5,4,2,2021-12-17 09:00:38
1639731638946393000,98.3,1,98.2,28,98.5,4,2,2021-12-17 09:00:38
1639731638946393000,98.2,3,98.2,28,98.5,4,2,2021-12-17 09:00:38
1639731639058343000,98.5,1,98.2,28,98.5,3,1,2021-12-17 09:00:39
1639731639280897000,98.5,2,98.2,28,98.5,2,1,2021-12-17 09:00:39
1639731639282742000,98.2,1,98.2,27,98.5,2,2,2021-12-17 09:00:39
1639731639320633000,98.2,1,98.2,26,98.5,2,2,2021-12-17 09:00:39
1639731639330799000,98.5,2,98.2,26,98.6,24,1,2021-12-17 09:00:39
1639731639330799000,98.6,8,98.2,26,98.6,24,1,2021-12-17 09:00:39
1639731639360009000,98.2,2,98.2,24,98.6,24,2,2021-12-17 09:00:39
1639731639442507000,98.2,1,98.2,23,98.6,27,2,2021-12-17 09:00:39
1639731639599750000,98.2,2,98.2,21,98.6,27,2,2021-12-17 09:00:39
1639731639665912000,98.6,2,98.2,21,98.6,25,1,2021-12-17 09:00:39
1639731639672596000,98.2,2,98.2,19,98.6,25,2,2021-12-17 09:00:39
1639731639674221000,98.6,1,98.2,19,98.6,24,1,2021-12-17 09:00:39
1639731639701501000,98.5,1,98.2,19,98.5,1,1,2021-12-17 09:00:39
1639731639808400000,98.2,19,98.1,38,98.5,1,2,2021-12-17 09:00:39
1639731639983482000,98.1,2,98.1,36,98.5,1,2,2021-12-17 09:00:39
1639731640037730000,98.3,1,98.1,35,98.4,1,2,2021-12-17 09:00:40
1639731640037730000,98.1,1,98.1,35,98.4,1,2,2021-12-17 09:00:40
1639731640182513000,98.4,1,98.1,37,98.5,2,1,2021-12-17 09:00:40
1639731640192007000,98.5,1,98.1,37,98.5,1,1,2021-12-17 09:00:40
1639731640275703000,98.1,2,98.1,35,98.5,1,2,2021-12-17 09:00:40
1639731640355050000,98.2,1,98.2,9,98.4,1,2,2021-12-17 09:00:40
1639731640485146000,98.2,1,98.2,14,98.4,2,2,2021-12-17 09:00:40
1639731640497131000,98.2,5,98.2,9,98.4,2,2,2021-12-17 09:00:40
1639731640609176000,98.2,1,98.2,8,98.4,2,2,2021-12-17 09:00:40
1639731640730759000,98.3,1,98.3,1,98.4,3,2,2021-12-17 09:00:40
1639731640830086000,98.3,1,98.2,7,98.4,3,2,2021-12-17 09:00:40
1639731640830086000,98.2,1,98.2,7,98.4,3,2,2021-12-17 09:00:40
1639731640981550000,98.2,1,98.2,6,98.4,3,2,2021-12-17 09:00:40
1639731641118107000,98.2,2,98.2,4,98.4,3,2,2021-12-17 09:00:41
1639731641135325000,98.4,1,98.2,4,98.4,2,1,2021-12-17 09:00:41
1639731641150494000,98.4,1,98.2,4,98.4,1,1,2021-12-17 09:00:41
1639731641369067000,98.2,1,98.2,3,98.3,1,2,2021-12-17 09:00:41
1639731641601140000,98.2,1,98.2,2,98.3,1,2,2021-12-17 09:00:41
1639731641694190000,98.3,1,98.2,2,98.4,1,1,2021-12-17 09:00:41
1639731641717767000,98.3,1,98.1,35,98.4,3,2,2021-12-17 09:00:41
1639731641717767000,98.2,2,98.1,35,98.4,3,2,2021-12-17 09:00:41
1639731641872353000,98.2,10,98.1,37,98.2,10,2,2021-12-17 09:00:41
1639731641903183000,98.2,9,98.1,37,98.2,1,1,2021-12-17 09:00:41
1639731641907586000,98.1,1,98.1,36,98.2,1,2,2021-12-17 09:00:41
1639731641922293000,98.1,1,98.1,35,98.2,1,2,2021-12-17 09:00:41
1639731641945408000,98.2,1,98.2,3,98.4,3,1,2021-12-17 09:00:41
1639731642019430000,98.2,1,98.2,2,98.4,3,2,2021-12-17 09:00:42
1639731642049998000,98.4,1,98.2,2,98.4,2,1,2021-12-17 09:00:42
1639731642060457000,98.2,2,98.1,34,98.4,2,2,2021-12-17 09:00:42
1639731642060457000,98.1,1,98.1,34,98.4,2,2,2021-12-17 09:00:42
1639731642164370000,98.1,5,98.1,29,98.4,2,2,2021-12-17 09:00:42
1639731642217201000,98.2,1,98.2,1,98.4,2,2,2021-12-17 09:00:42
1639731642252916000,98.2,1,98.1,29,98.4,2,2,2021-12-17 09:00:42
1639731642261803000,98.1,1,98.1,28,98.4,2,2,2021-12-17 09:00:42
1639731642264699000,98.1,1,98.1,27,98.4,2,2,2021-12-17 09:00:42
1639731642347411000,98.3,1,98.3,30,98.4,2,2,2021-12-17 09:00:42
1639731642403951000,98.3,4,98.3,26,98.4,2,2,2021-12-17 09:00:42
1639731642445440000,98.3,1,98.3,25,98.4,2,2,2021-12-17 09:00:42
1639731642477481000,98.3,1,98.3,24,98.4,2,2,2021-12-17 09:00:42
1639731642518942000,98.3,1,98.3,23,98.4,2,2,2021-12-17 09:00:42
1639731642561696000,98.3,1,98.3,22,98.4,2,2,2021-12-17 09:00:42
1639731642588088000,98.4,1,98.3,22,98.4,1,1,2021-12-17 09:00:42
1639731642618032000,98.3,1,98.3,21,98.4,1,2,2021-12-17 09:00:42
1639731642689739000,98.3,1,98.3,20,98.4,1,2,2021-12-17 09:00:42
1639731642716086000,98.4,1,98.3,20,98.5,34,1,2021-12-17 09:00:42
1639731642716086000,98.5,9,98.3,20,98.5,34,1,2021-12-17 09:00:42
1639731642793400000,98.4,1,98.3,20,98.4,4,1,2021-12-17 09:00:42
1639731642905829000,98.4,5,98.3,20,98.5,37,1,2021-12-17 09:00:42
1639731642925487000,98.3,1,98.3,19,98.5,37,2,2021-12-17 09:00:42
1639731642952409000,98.3,2,98.3,17,98.5,37,2,2021-12-17 09:00:42
1639731642967781000,98.3,1,98.3,16,98.5,37,2,2021-12-17 09:00:42
1639731642999689000,98.3,1,98.3,15,98.5,37,2,2021-12-17 09:00:42
1639731643038378000,98.3,1,98.3,14,98.5,37,2,2021-12-17 09:00:43
1639731643111987000,98.3,1,98.3,13,98.5,37,2,2021-12-17 09:00:43
1639731643158003000,98.3,2,98.3,11,98.5,37,2,2021-12-17 09:00:43
1639731643218885000,98.3,1,98.3,10,98.5,37,2,2021-12-17 09:00:43
1639731643229009000,98.3,1,98.3,9,98.5,37,2,2021-12-17 09:00:43
1639731643256015000,98.3,1,98.3,8,98.4,1,2,2021-12-17 09:00:43
1639731643508675000,98.3,1,98.3,17,98.4,12,2,2021-12-17 09:00:43
1639731643512495000,98.3,1,98.3,16,98.4,12,2,2021-12-17 09:00:43
1639731643591958000,98.3,1,98.3,15,98.4,12,2,2021-12-17 09:00:43
1639731643599149000,98.3,1,98.3,14,98.4,12,2,2021-12-17 09:00:43
1639731643629309000,98.3,1,98.3,13,98.4,21,2,2021-12-17 09:00:43
1639731643672796000,98.3,5,98.3,8,98.4,21,2,2021-12-17 09:00:43
1639731643678830000,98.3,2,98.3,6,98.4,21,2,2021-12-17 09:00:43
1639731643707318000,98.3,1,98.3,5,98.4,21,2,2021-12-17 09:00:43
1639731643743589000,98.3,1,98.3,4,98.4,21,2,2021-12-17 09:00:43
1639731643896411000,98.3,1,98.3,3,98.4,21,2,2021-12-17 09:00:43
1639731643904713000,98.3,1,98.3,2,98.4,21,2,2021-12-17 09:00:43
1639731644186755000,98.3,2,98.2,60,98.4,21,2,2021-12-17 09:00:44
1639731644196433000,98.4,1,98.2,60,98.4,20,1,2021-12-17 09:00:44
1639731644288390000,98.4,5,98.2,60,98.4,16,1,2021-12-17 09:00:44
1639731644400031000,98.2,1,98.2,59,98.4,25,2,2021-12-17 09:00:44
1639731644475042000,98.2,3,98.2,56,98.4,26,2,2021-12-17 09:00:44
1639731644592972000,98.2,1,98.2,55,98.3,5,2,2021-12-17 09:00:44
1639731644654928000,98.3,1,98.2,55,98.3,4,1,2021-12-17 09:00:44
1639731644668381000,98.2,2,98.2,53,98.3,4,2,2021-12-17 09:00:44
1639731644718189000,98.2,1,98.2,52,98.3,5,2,2021-12-17 09:00:44
1639731644761212000,98.3,1,98.2,53,98.3,4,1,2021-12-17 09:00:44
1639731644784195000,98.3,1,98.2,53,98.3,3,1,2021-12-17 09:00:44
1639731644785162000,98.2,4,98.2,49,98.3,3,2,2021-12-17 09:00:44
1639731644944948000,98.2,1,98.2,48,98.3,4,2,2021-12-17 09:00:44
1639731645061455000,98.3,1,98.2,48,98.3,3,1,2021-12-17 09:00:45
1639731645167142000,98.3,1,98.2,49,98.3,2,1,2021-12-17 09:00:45
1639731645354897000,98.3,1,98.2,49,98.3,1,1,2021-12-17 09:00:45
1639731645450620000,98.3,1,98.2,49,98.4,33,1,2021-12-17 09:00:45
1639731645450620000,98.4,4,98.2,49,98.4,33,1,2021-12-17 09:00:45
1639731645586319000,98.4,1,98.2,49,98.4,32,1,2021-12-17 09:00:45
1639731645598291000,98.2,2,98.2,47,98.4,32,2,2021-12-17 09:00:45
1639731645694433000,98.2,20,98.2,27,98.3,1,2,2021-12-17 09:00:45
1639731645763920000,98.3,1,98.2,42,98.4,31,1,2021-12-17 09:00:45
1639731645763920000,98.4,1,98.2,42,98.4,31,1,2021-12-17 09:00:45
1639731645851735000,98.3,1,98.2,42,98.3,4,1,2021-12-17 09:00:45
1639731645854040000,98.2,5,98.2,37,98.3,4,2,2021-12-17 09:00:45
1639731645863070000,98.3,2,98.2,37,98.3,2,1,2021-12-17 09:00:45
1639731645998705000,98.2,2,98.2,45,98.3,2,2,2021-12-17 09:00:45
1639731646008921000,98.2,3,98.2,42,98.3,2,2,2021-12-17 09:00:46
1639731646240316000,98.3,2,98.2,43,98.4,34,1,2021-12-17 09:00:46
1639731646252381000,98.2,2,98.2,41,98.4,34,2,2021-12-17 09:00:46
1639731646256262000,98.2,1,98.2,40,98.4,34,2,2021-12-17 09:00:46
1639731646285515000,98.2,40,98.1,41,98.2,1,2,2021-12-17 09:00:46
1639731646405034000,98.2,1,98.1,41,98.4,34,1,2021-12-17 09:00:46
1639731646483027000,98.1,1,98.1,40,98.3,1,2,2021-12-17 09:00:46
1639731646519171000,98.3,1,98.3,1,98.4,35,1,2021-12-17 09:00:46
1639731646541981000,98.3,1,98.2,2,98.4,35,2,2021-12-17 09:00:46
1639731646558264000,98.2,1,98.2,11,98.3,1,2,2021-12-17 09:00:46
1639731646578447000,98.3,1,98.2,11,98.4,34,1,2021-12-17 09:00:46
1639731646578447000,98.4,1,98.2,11,98.4,34,1,2021-12-17 09:00:46
1639731646828079000,98.3,1,98.2,12,98.4,36,1,2021-12-17 09:00:46
1639731646893933000,98.2,13,98.1,33,98.4,36,2,2021-12-17 09:00:46
1639731646893933000,98.1,7,98.1,33,98.4,36,2,2021-12-17 09:00:46
1639731646936006000,98.4,15,98.1,33,98.4,22,1,2021-12-17 09:00:46
1639731647038573000,98.1,5,98.1,28,98.3,1,2,2021-12-17 09:00:47
1639731647067622000,98.1,1,98.1,27,98.3,1,2,2021-12-17 09:00:47
1639731647104210000,98.2,1,98.1,27,98.4,22,1,2021-12-17 09:00:47
1639731647104226000,98.3,1,98.1,27,98.4,22,1,2021-12-17 09:00:47
1639731647189373000,98.2,1,98.1,27,98.2,5,1,2021-12-17 09:00:47
1639731647238547000,98.2,5,98.3,5,98.4,22,1,2021-12-17 09:00:47
1639731647325479000,98.3,9,98.2,1,98.4,22,2,2021-12-17 09:00:47
1639731647325479000,98.2,2,98.2,1,98.4,22,2,2021-12-17 09:00:47
1639731647605087000,98.3,1,98.2,4,98.4,22,2,2021-12-17 09:00:47
1639731647683856000,98.3,1,98.2,5,98.3,1,1,2021-12-17 09:00:47
1639731647708990000,98.3,1,98.2,5,98.4,22,1,2021-12-17 09:00:47
1639731647797517000,98.3,1,98.2,5,98.4,22,2,2021-12-17 09:00:47
1639731647797517000,98.2,1,98.2,5,98.4,22,2,2021-12-17 09:00:47
1639731647863271000,98.2,5,98.1,42,98.4,23,2,2021-12-17 09:00:47
1639731647918452000,98.3,1,98.1,42,98.3,3,2,2021-12-17 09:00:47
1639731647938505000,98.2,1,98.1,62,98.3,2,1,2021-12-17 09:00:47
1639731647938505000,98.3,1,98.1,62,98.3,2,1,2021-12-17 09:00:47
1639731648035375000,98.3,1,98.1,62,98.3,1,1,2021-12-17 09:00:48
1639731648055252000,98.1,1,98.1,62,98.3,1,2,2021-12-17 09:00:48
1639731648088440000,98.2,2,98.1,62,98.2,1,1,2021-12-17 09:00:48
1639731648131088000,98.1,1,98.1,61,98.2,1,2,2021-12-17 09:00:48
1639731648205761000,98.2,1,98.1,61,98.3,6,1,2021-12-17 09:00:48
1639731648209568000,98.3,1,98.1,61,98.3,5,1,2021-12-17 09:00:48
1639731648314332000,98.1,1,98.1,60,98.3,5,2,2021-12-17 09:00:48
1639731648405614000,98.3,2,98.1,60,98.3,3,1,2021-12-17 09:00:48
1639731648443135000,98.1,1,98.1,59,98.3,3,2,2021-12-17 09:00:48
1639731648448344000,98.1,1,98.1,58,98.3,3,2,2021-12-17 09:00:48
1639731648462321000,98.1,10,98.1,48,98.3,3,2,2021-12-17 09:00:48
1639731648472670000,98.1,1,98.1,47,98.3,3,2,2021-12-17 09:00:48
1639731648491344000,98.3,2,98.1,47,98.3,1,1,2021-12-17 09:00:48
1639731648492693000,98.3,1,98.1,47,98.4,24,1,2021-12-17 09:00:48
1639731648513752000,98.1,1,98.1,46,98.4,24,2,2021-12-17 09:00:48
1639731648690811000,98.4,1,98.2,2,98.4,23,1,2021-12-17 09:00:48
1639731648748671000,98.4,2,98.2,2,98.4,21,1,2021-12-17 09:00:48
1639731648936253000,98.3,3,98.2,4,98.3,12,2,2021-12-17 09:00:48
1639731648972818000,98.3,5,98.2,4,98.3,8,1,2021-12-17 09:00:48
1639731648994046000,98.3,1,98.2,4,98.3,7,1,2021-12-17 09:00:48
1639731649040686000,98.3,7,98.2,4,98.4,9,1,2021-12-17 09:00:49
1639731649040686000,98.4,13,98.2,4,98.4,9,1,2021-12-17 09:00:49
1639731649052632000,98.2,1,98.2,3,98.4,9,2,2021-12-17 09:00:49
1639731649088983000,98.4,1,98.3,1,98.4,8,1,2021-12-17 09:00:49
1639731649112372000,98.4,8,98.3,1,98.5,32,1,2021-12-17 09:00:49
1639731649154891000,98.3,1,98.2,5,98.5,32,2,2021-12-17 09:00:49
1639731649202861000,98.2,3,98.2,2,98.5,32,2,2021-12-17 09:00:49
1639731649308766000,98.2,2,98.1,47,98.4,1,2,2021-12-17 09:00:49
1639731649308766000,98.1,1,98.1,47,98.4,1,2,2021-12-17 09:00:49
1639731649381416000,98.2,1,98.1,47,98.4,2,2,2021-12-17 09:00:49
1639731649416507000,98.2,1,98.2,9,98.4,3,2,2021-12-17 09:00:49
1639731649439079000,98.2,2,98.2,7,98.4,3,2,2021-12-17 09:00:49
1639731649468764000,98.4,1,98.2,8,98.4,2,1,2021-12-17 09:00:49
1639731649504558000,98.2,1,98.2,12,98.4,2,2,2021-12-17 09:00:49
1639731649547918000,98.2,4,98.2,8,98.4,2,2,2021-12-17 09:00:49
1639731649628615000,98.2,1,98.2,11,98.4,2,2,2021-12-17 09:00:49
1639731649766051000,98.2,1,98.2,12,98.4,2,2,2021-12-17 09:00:49
1639731649927211000,98.3,1,98.2,14,98.5,32,1,2021-12-17 09:00:49
1639731649927211000,98.4,2,98.2,14,98.5,32,1,2021-12-17 09:00:49
1639731650074616000,98.3,1,98.2,20,98.5,33,2,2021-12-17 09:00:50
1639731650148551000,98.2,3,98.2,18,98.4,1,2,2021-12-17 09:00:50
1639731650192205000,98.2,1,98.2,22,98.4,1,2,2021-12-17 09:00:50
1639731650231553000,98.3,1,98.2,27,98.4,1,1,2021-12-17 09:00:50
1639731650288191000,98.2,1,98.2,26,98.4,2,2,2021-12-17 09:00:50
1639731650310098000,98.2,1,98.2,25,98.4,2,2,2021-12-17 09:00:50
1639731650354109000,98.3,1,98.2,26,98.4,2,1,2021-12-17 09:00:50
1639731650405299000,98.3,1,98.2,31,98.4,2,1,2021-12-17 09:00:50
1639731650435060000,98.2,1,98.2,30,98.4,2,2,2021-12-17 09:00:50
1639731650451689000,98.2,1,98.2,29,98.4,2,2,2021-12-17 09:00:50
1639731650459959000,98.2,1,98.2,28,98.4,2,2,2021-12-17 09:00:50
1639731650464316000,98.4,1,98.2,28,98.4,1,1,2021-12-17 09:00:50
1639731650506583000,98.3,5,98.2,18,98.4,1,2,2021-12-17 09:00:50
1639731650506583000,98.2,10,98.2,18,98.4,1,2,2021-12-17 09:00:50
1639731650538398000,98.3,1,98.3,9,98.4,1,1,2021-12-17 09:00:50
1639731650583070000,98.3,9,98.2,5,98.4,1,2,2021-12-17 09:00:50
1639731650583070000,98.2,15,98.2,5,98.4,1,2,2021-12-17 09:00:50
1639731650847675000,98.3,1,98.3,1,98.4,2,2,2021-12-17 09:00:50
1639731650919958000,98.3,1,98.2,17,98.4,2,2,2021-12-17 09:00:50
1639731650919958000,98.2,1,98.2,17,98.4,2,2,2021-12-17 09:00:50
1639731651124110000,98.3,1,98.3,2,98.4,2,2,2021-12-17 09:00:51
1639731651236516000,98.4,2,98.3,26,98.5,34,1,2021-12-17 09:00:51
1639731651269475000,98.3,1,98.3,25,98.5,34,2,2021-12-17 09:00:51
1639731651324222000,98.3,10,98.3,15,98.5,34,2,2021-12-17 09:00:51
1639731651330441000,98.3,1,98.3,14,98.5,34,2,2021-12-17 09:00:51
1639731651378821000,98.3,1,98.3,13,98.5,32,2,2021-12-17 09:00:51
1639731651413093000,98.3,4,98.3,10,98.5,32,2,2021-12-17 09:00:51
1639731651513014000,98.3,3,98.3,7,98.4,1,2,2021-12-17 09:00:51
1639731651555763000,98.3,1,98.3,6,98.4,1,2,2021-12-17 09:00:51
1639731651766980000,98.3,2,98.3,12,98.4,1,2,2021-12-17 09:00:51
1639731651890115000,98.3,2,98.3,10,98.4,2,2,2021-12-17 09:00:51
1639731651943508000,98.3,1,98.3,9,98.4,2,2,2021-12-17 09:00:51
1639731652024267000,98.4,2,98.3,9,98.5,36,1,2021-12-17 09:00:52
1639731652116720000,98.3,1,98.3,8,98.5,36,2,2021-12-17 09:00:52
1639731652128042000,98.3,1,98.3,7,98.5,36,2,2021-12-17 09:00:52
1639731652337919000,98.3,5,98.3,5,98.5,36,2,2021-12-17 09:00:52
1639731652378430000,98.3,1,98.3,4,98.5,36,2,2021-12-17 09:00:52
1639731652421765000,98.3,2,98.3,12,98.5,36,2,2021-12-17 09:00:52
1639731652447794000,98.3,1,98.3,41,98.5,36,2,2021-12-17 09:00:52
1639731652503570000,98.5,3,98.3,41,98.5,33,1,2021-12-17 09:00:52
1639731652561791000,98.3,2,98.3,42,98.5,33,2,2021-12-17 09:00:52
1639731652584840000,98.3,2,98.3,40,98.5,33,2,2021-12-17 09:00:52
1639731652587827000,98.3,1,98.3,39,98.5,33,2,2021-12-17 09:00:52
1639731652599973000,98.3,1,98.3,38,98.5,33,2,2021-12-17 09:00:52
1639731652629119000,98.3,1,98.3,37,98.5,33,2,2021-12-17 09:00:52
1639731652644862000,98.3,3,98.3,34,98.5,33,2,2021-12-17 09:00:52
1639731652670199000,98.3,1,98.3,36,98.5,33,2,2021-12-17 09:00:52
1639731652850587000,98.3,30,98.3,7,98.4,3,2,2021-12-17 09:00:52
1639731652857689000,98.3,7,98.2,37,98.3,3,2,2021-12-17 09:00:52
1639731652872858000,98.2,3,98.2,34,98.3,3,2,2021-12-17 09:00:52
1639731653064556000,98.2,1,98.2,33,98.3,3,2,2021-12-17 09:00:53
1639731653073131000,98.2,1,98.2,32,98.3,3,2,2021-12-17 09:00:53
1639731653084276000,98.2,10,98.2,22,98.3,3,2,2021-12-17 09:00:53
1639731653100879000,98.2,3,98.2,19,98.3,3,2,2021-12-17 09:00:53
1639731653282932000,98.2,1,98.2,18,98.3,14,2,2021-12-17 09:00:53
1639731653407594000,98.3,4,98.2,21,98.3,10,1,2021-12-17 09:00:53
1639731653423817000,98.2,1,98.2,20,98.3,10,2,2021-12-17 09:00:53
1639731653554755000,98.2,1,98.2,20,98.3,11,2,2021-12-17 09:00:53
1639731653628393000,98.3,2,98.2,22,98.3,9,1,2021-12-17 09:00:53
1639731653664180000,98.3,9,98.2,22,98.4,3,1,2021-12-17 09:00:53
1639731653737710000,98.2,2,98.2,20,98.4,3,2,2021-12-17 09:00:53
1639731654094620000,98.3,1,98.3,3,98.4,4,2,2021-12-17 09:00:54
1639731654258683000,98.3,1,98.3,4,98.4,4,2,2021-12-17 09:00:54
1639731654296078000,98.3,1,98.3,3,98.4,4,2,2021-12-17 09:00:54
1639731654364261000,98.3,1,98.3,2,98.4,5,2,2021-12-17 09:00:54
1639731654397064000,98.3,1,98.3,1,98.4,5,2,2021-12-17 09:00:54
1639731654429555000,98.3,1,98.2,19,98.4,5,2,2021-12-17 09:00:54
1639731654429555000,98.2,1,98.2,19,98.4,5,2,2021-12-17 09:00:54
1639731654439064000,98.4,1,98.2,19,98.4,5,1,2021-12-17 09:00:54
1639731654455159000,98.2,1,98.2,18,98.4,5,2,2021-12-17 09:00:54
1639731654588980000,98.3,1,98.2,20,98.4,5,1,2021-12-17 09:00:54
1639731654670525000,98.2,1,98.2,19,98.4,5,2,2021-12-17 09:00:54
1639731654742890000,98.2,1,98.2,19,98.3,2,2,2021-12-17 09:00:54
1639731654856257000,98.3,1,98.2,19,98.3,1,1,2021-12-17 09:00:54
1639731654860637000,98.2,1,98.2,18,98.3,1,2,2021-12-17 09:00:54
1639731654899673000,98.2,1,98.2,18,98.3,1,2,2021-12-17 09:00:54
1639731654960086000,98.2,1,98.2,17,98.3,1,2,2021-12-17 09:00:54
1639731655037631000,98.3,1,98.2,18,98.4,8,1,2021-12-17 09:00:55
1639731655073104000,98.3,1,98.2,16,98.4,8,2,2021-12-17 09:00:55
1639731655073104000,98.2,2,98.2,16,98.4,8,2,2021-12-17 09:00:55
1639731655140955000,98.3,1,98.3,4,98.4,9,2,2021-12-17 09:00:55
1639731655244295000,98.3,1,98.3,3,98.4,9,2,2021-12-17 09:00:55
1639731655357338000,98.3,1,98.3,15,98.4,9,2,2021-12-17 09:00:55
1639731655387365000,98.3,3,98.3,12,98.4,9,2,2021-12-17 09:00:55
1639731655409185000,98.4,2,98.3,12,98.4,7,1,2021-12-17 09:00:55
1639731655422683000,98.4,1,98.3,12,98.4,6,1,2021-12-17 09:00:55
1639731655425750000,98.3,10,98.3,2,98.4,6,2,2021-12-17 09:00:55
1639731655466132000,98.3,1,98.3,3,98.4,6,2,2021-12-17 09:00:55
1639731655477630000,98.3,1,98.3,2,98.4,6,2,2021-12-17 09:00:55
1639731655872804000,98.3,2,98.3,4,98.4,6,2,2021-12-17 09:00:55
1639731656000654000,98.3,1,98.3,3,98.4,6,2,2021-12-17 09:00:56
1639731656068407000,98.3,1,98.3,3,98.4,7,2,2021-12-17 09:00:56
1639731656667570000,98.4,1,98.3,6,98.4,19,1,2021-12-17 09:00:56
1639731656679968000,98.3,1,98.3,5,98.4,19,2,2021-12-17 09:00:56
1639731656713058000,98.4,1,98.3,5,98.4,18,1,2021-12-17 09:00:56
1639731656787795000,98.3,1,98.3,9,98.4,18,2,2021-12-17 09:00:56
1639731656824346000,98.3,1,98.3,8,98.4,18,2,2021-12-17 09:00:56
1639731656896272000,98.3,1,98.3,17,98.4,18,2,2021-12-17 09:00:56
1639731656915995000,98.3,2,98.3,15,98.4,18,2,2021-12-17 09:00:56
1639731656939196000,98.3,1,98.3,14,98.4,18,2,2021-12-17 09:00:56
1639731656972513000,98.3,1,98.3,13,98.4,36,2,2021-12-17 09:00:56
1639731657334629000,98.4,5,98.3,31,98.4,31,1,2021-12-17 09:00:57
1639731657347126000,98.4,1,98.3,31,98.4,30,1,2021-12-17 09:00:57
1639731657365652000,98.4,8,98.3,31,98.4,22,1,2021-12-17 09:00:57
1639731657372065000,98.3,1,98.3,30,98.4,22,2,2021-12-17 09:00:57
1639731657396017000,98.4,1,98.3,30,98.4,21,1,2021-12-17 09:00:57
1639731657426952000,98.4,21,98.3,31,98.5,57,1,2021-12-17 09:00:57
1639731657455614000,98.3,1,98.3,31,98.5,57,2,2021-12-17 09:00:57
1639731657614792000,98.4,1,98.3,30,98.5,57,2,2021-12-17 09:00:57
1639731657614792000,98.3,1,98.3,30,98.5,57,2,2021-12-17 09:00:57
1639731657651226000,98.4,1,98.4,4,98.5,57,2,2021-12-17 09:00:57
1639731657652411000,98.4,2,98.4,2,98.5,57,2,2021-12-17 09:00:57
1639731657660126000,98.4,1,98.4,1,98.5,57,2,2021-12-17 09:00:57
1639731657668762000,98.4,1,98.3,30,98.5,57,2,2021-12-17 09:00:57
1639731657684936000,98.4,1,98.3,30,98.5,57,2,2021-12-17 09:00:57
1639731657718497000,98.3,2,98.3,28,98.5,57,2,2021-12-17 09:00:57
1639731657916265000,98.4,1,98.3,28,98.4,4,1,2021-12-17 09:00:57
1639731657950114000,98.4,4,98.3,28,98.5,57,1,2021-12-17 09:00:57
1639731658033768000,98.4,1,98.3,20,98.5,57,2,2021-12-17 09:00:58
1639731658033768000,98.3,8,98.3,20,98.5,57,2,2021-12-17 09:00:58
1639731658038753000,98.3,1,98.3,19,98.5,57,2,2021-12-17 09:00:58
1639731658055630000,98.3,1,98.3,28,98.5,57,2,2021-12-17 09:00:58
1639731658073332000,98.3,5,98.3,23,98.5,57,2,2021-12-17 09:00:58
1639731658077643000,98.3,3,98.3,20,98.5,57,2,2021-12-17 09:00:58
1639731658106245000,98.3,1,98.3,19,98.4,1,2,2021-12-17 09:00:58
1639731658164996000,98.4,1,98.3,19,98.5,57,1,2021-12-17 09:00:58
1639731658184979000,98.5,1,98.3,19,98.5,56,1,2021-12-17 09:00:58
1639731658193729000,98.3,1,98.3,18,98.5,56,2,2021-12-17 09:00:58
1639731658263111000,98.3,10,98.3,8,98.5,55,2,2021-12-17 09:00:58
1639731658314183000,98.3,1,98.3,8,98.4,1,2,2021-12-17 09:00:58
1639731658365197000,98.3,1,98.3,8,98.4,1,2,2021-12-17 09:00:58
1639731658380047000,98.3,1,98.3,7,98.4,1,2,2021-12-17 09:00:58
1639731658460923000,98.3,1,98.3,7,98.4,1,2,2021-12-17 09:00:58
1639731658552752000,98.4,1,98.3,8,98.5,58,1,2021-12-17 09:00:58
1639731658611762000,98.3,1,98.3,7,98.5,68,2,2021-12-17 09:00:58
1639731658709497000,98.4,1,98.3,8,98.5,67,1,2021-12-17 09:00:58
1639731658756367000,98.3,8,98.2,51,98.3,9,2,2021-12-17 09:00:58
1639731658870533000,98.2,1,98.2,50,98.3,9,2,2021-12-17 09:00:58
1639731658897900000,98.2,1,98.2,49,98.3,9,2,2021-12-17 09:00:58
1639731658941854000,98.3,2,98.2,49,98.3,7,1,2021-12-17 09:00:58
1639731658983589000,98.2,1,98.2,48,98.3,7,2,2021-12-17 09:00:58
1639731659085445000,98.3,9,98.2,48,98.4,5,1,2021-12-17 09:00:59
1639731659154589000,98.2,4,98.2,44,98.4,5,2,2021-12-17 09:00:59
1639731659238003000,98.2,1,98.2,43,98.4,5,2,2021-12-17 09:00:59
1639731659238043000,98.3,1,98.2,43,98.4,5,1,2021-12-17 09:00:59
1639731659238043000,98.4,1,98.2,43,98.4,5,1,2021-12-17 09:00:59
1639731659338473000,98.2,1,98.2,42,98.3,1,2,2021-12-17 09:00:59
1639731659436175000,98.3,1,98.2,42,98.4,5,1,2021-12-17 09:00:59
1639731659505483000,98.2,15,98.2,27,98.3,2,2,2021-12-17 09:00:59
1639731659544496000,98.3,2,98.2,27,98.4,1,1,2021-12-17 09:00:59
1639731659544496000,98.4,3,98.2,27,98.4,1,1,2021-12-17 09:00:59
1639731659544805000,98.4,1,98.2,27,98.4,1,1,2021-12-17 09:00:59
1639731659638417000,98.3,1,98.3,5,98.4,1,2,2021-12-17 09:00:59
1639731659649139000,98.4,1,98.3,5,98.5,69,1,2021-12-17 09:00:59
1639731659659202000,98.3,5,98.2,27,98.5,69,2,2021-12-17 09:00:59
1639731659767259000,98.3,1,98.3,3,98.4,1,2,2021-12-17 09:00:59
1639731659784855000,98.3,1,98.3,5,98.4,1,2,2021-12-17 09:00:59
1639731659814772000,98.4,1,98.3,5,98.4,18,1,2021-12-17 09:00:59
1639731660064221000,98.4,2,98.3,11,98.4,17,1,2021-12-17 09:01:00
1639731660146420000,98.3,2,98.3,9,98.4,17,2,2021-12-17 09:01:00
1639731660457369000,98.3,2,98.3,19,98.4,20,2,2021-12-17 09:01:00
1639731660499859000,98.4,20,98.4,80,98.5,70,1,2021-12-17 09:01:00
1639731660568896000,98.4,3,98.4,77,98.5,70,2,2021-12-17 09:01:00
1639731660787079000,98.4,1,98.4,76,98.5,71,2,2021-12-17 09:01:00
1639731660941957000,98.4,1,98.4,75,98.5,69,2,2021-12-17 09:01:00
1639731661025797000,98.4,1,98.4,74,98.5,70,2,2021-12-17 09:01:01
1639731661069849000,98.5,2,98.4,74,98.5,68,1,2021-12-17 09:01:01
1639731661247088000,98.4,30,98.4,45,98.5,68,2,2021-12-17 09:01:01
1639731661349868000,98.5,1,98.4,45,98.5,67,1,2021-12-17 09:01:01
1639731661393263000,98.4,1,98.4,44,98.5,67,2,2021-12-17 09:01:01
1639731661401250000,98.4,1,98.4,43,98.5,67,2,2021-12-17 09:01:01
1639731661510162000,98.4,1,98.4,43,98.5,67,2,2021-12-17 09:01:01
1639731661568181000,98.4,1,98.4,42,98.5,67,2,2021-12-17 09:01:01
1639731661705838000,98.4,1,98.4,41,98.5,67,2,2021-12-17 09:01:01
1639731661755301000,98.5,2,98.4,41,98.5,65,1,2021-12-17 09:01:01
1639731661794527000,98.4,1,98.4,40,98.5,65,2,2021-12-17 09:01:01
1639731661878484000,98.4,1,98.4,39,98.5,65,2,2021-12-17 09:01:01
1639731661914486000,98.4,4,98.4,35,98.5,65,2,2021-12-17 09:01:01
1639731661948944000,98.4,11,98.4,24,98.5,65,2,2021-12-17 09:01:01
1639731661961519000,98.4,1,98.4,23,98.5,65,2,2021-12-17 09:01:01
1639731662048529000,98.4,1,98.4,21,98.5,65,2,2021-12-17 09:01:02
1639731662165809000,98.4,2,98.4,19,98.5,65,2,2021-12-17 09:01:02
1639731662188635000,98.5,4,98.4,19,98.5,61,1,2021-12-17 09:01:02
1639731662292339000,98.5,10,98.4,19,98.5,51,1,2021-12-17 09:01:02
1639731662317799000,98.4,1,98.4,18,98.5,51,2,2021-12-17 09:01:02
1639731662327404000,98.4,4,98.4,14,98.5,51,2,2021-12-17 09:01:02
1639731662395250000,98.4,1,98.4,13,98.5,51,2,2021-12-17 09:01:02
1639731662441798000,98.5,50,98.4,13,98.5,1,1,2021-12-17 09:01:02
1639731662448136000,98.4,1,98.4,21,98.5,1,2,2021-12-17 09:01:02
1639731662461456000,98.4,1,98.4,20,98.5,1,2,2021-12-17 09:01:02
1639731662476176000,98.4,1,98.4,20,98.6,23,2,2021-12-17 09:01:02
1639731662658079000,98.5,1,98.4,20,98.6,23,1,2021-12-17 09:01:02
1639731662941912000,98.4,6,98.4,15,98.5,2,2,2021-12-17 09:01:02
1639731662985930000,98.4,1,98.4,14,98.5,2,2,2021-12-17 09:01:02
1639731663050299000,98.4,1,98.4,13,98.5,2,2,2021-12-17 09:01:03
1639731663057607000,98.4,3,98.4,10,98.5,2,2,2021-12-17 09:01:03
1639731663112813000,98.5,2,98.4,1,98.6,19,1,2021-12-17 09:01:03
1639731663112813000,98.6,6,98.4,1,98.6,19,1,2021-12-17 09:01:03
1639731663123170000,98.4,1,98.3,39,98.6,19,2,2021-12-17 09:01:03
1639731663198531000,98.6,1,98.3,39,98.6,18,1,2021-12-17 09:01:03
1639731663211989000,98.3,1,98.3,38,98.6,18,2,2021-12-17 09:01:03
1639731663334838000,98.3,2,98.3,41,98.4,2,2,2021-12-17 09:01:03
1639731663353541000,98.4,2,98.3,41,98.6,18,1,2021-12-17 09:01:03
1639731663578985000,98.4,2,98.3,42,98.6,14,1,2021-12-17 09:01:03
1639731663578985000,98.6,4,98.3,42,98.6,14,1,2021-12-17 09:01:03
1639731663618661000,98.3,2,98.3,40,98.6,14,2,2021-12-17 09:01:03
1639731663621039000,98.6,1,98.3,40,98.6,13,1,2021-12-17 09:01:03
1639731663638296000,98.4,1,98.3,40,98.6,13,1,2021-12-17 09:01:03
1639731663691291000,98.3,1,98.3,39,98.6,13,2,2021-12-17 09:01:03
1639731663879144000,98.6,14,98.4,1,98.9,15,1,2021-12-17 09:01:03
1639731663879144000,98.7,25,98.4,1,98.9,15,1,2021-12-17 09:01:03
1639731663879144000,98.8,7,98.4,1,98.9,15,1,2021-12-17 09:01:03
1639731663879144000,98.9,4,98.4,1,98.9,15,1,2021-12-17 09:01:03
1639731663983837000,98.9,1,98.4,7,98.9,15,1,2021-12-17 09:01:03
1639731664050955000,98.5,1,98.4,8,98.9,15,2,2021-12-17 09:01:04
1639731664275095000,98.6,8,98.5,2,98.6,2,1,2021-12-17 09:01:04
1639731664292302000,98.6,2,98.5,2,98.9,15,1,2021-12-17 09:01:04
1639731664510475000,98.6,1,98.6,12,98.9,15,2,2021-12-17 09:01:04
1639731664600756000,98.7,1,98.6,13,98.9,15,2,2021-12-17 09:01:04
1639731664602407000,98.6,1,98.6,12,98.9,15,2,2021-12-17 09:01:04
1639731664619707000,98.6,1,98.6,11,98.9,15,2,2021-12-17 09:01:04
1639731664705076000,98.6,6,98.6,3,98.9,15,2,2021-12-17 09:01:04
1639731664705382000,98.6,2,98.6,3,98.9,15,2,2021-12-17 09:01:04
1639731664719872000,98.6,3,98.4,17,98.9,15,2,2021-12-17 09:01:04
1639731664719872000,98.5,4,98.4,17,98.9,15,2,2021-12-17 09:01:04
1639731664719872000,98.4,3,98.4,17,98.9,15,2,2021-12-17 09:01:04
1639731664821729000,98.6,1,98.4,19,98.8,1,2,2021-12-17 09:01:04
1639731664835958000,98.4,1,98.4,18,98.8,1,2,2021-12-17 09:01:04
1639731665021578000,98.5,1,98.5,3,98.8,11,2,2021-12-17 09:01:05
1639731665031148000,98.5,3,98.4,23,98.8,11,2,2021-12-17 09:01:05
1639731665031148000,98.4,4,98.4,23,98.8,11,2,2021-12-17 09:01:05
1639731665036127000,98.8,1,98.4,23,98.8,10,1,2021-12-17 09:01:05
1639731665107832000,98.5,3,98.4,17,98.8,10,2,2021-12-17 09:01:05
1639731665107832000,98.4,7,98.4,17,98.8,10,2,2021-12-17 09:01:05
1639731665190308000,98.4,1,98.4,16,98.8,10,2,2021-12-17 09:01:05
1639731665530348000,98.5,1,98.5,13,98.8,10,2,2021-12-17 09:01:05
1639731665600094000,98.5,10,98.5,4,98.8,10,2,2021-12-17 09:01:05
1639731665774534000,98.8,1,98.5,15,98.8,9,1,2021-12-17 09:01:05
1639731665812718000,98.8,9,98.5,15,98.9,38,1,2021-12-17 09:01:05
1639731665980712000,98.5,1,98.5,14,98.7,2,2,2021-12-17 09:01:05
1639731666169645000,98.6,1,98.5,12,98.7,2,2,2021-12-17 09:01:06
1639731666169645000,98.5,2,98.5,12,98.7,2,2,2021-12-17 09:01:06
1639731666333802000,98.5,1,98.5,11,98.7,2,2,2021-12-17 09:01:06
1639731666377884000,98.5,2,98.5,11,98.7,2,2,2021-12-17 09:01:06
1639731666588102000,98.6,1,98.6,4,98.7,2,2,2021-12-17 09:01:06
1639731666716425000,98.6,4,98.5,5,98.7,2,2,2021-12-17 09:01:06
1639731666716425000,98.5,6,98.5,5,98.7,2,2,2021-12-17 09:01:06
1639731666941591000,98.6,1,98.5,8,98.7,2,2,2021-12-17 09:01:06
1639731666941591000,98.5,1,98.5,8,98.7,2,2,2021-12-17 09:01:06
1639731666968639000,98.7,2,98.5,8,98.8,31,1,2021-12-17 09:01:06
1639731667121633000,98.8,1,98.5,8,98.8,31,1,2021-12-17 09:01:07
1639731667401378000,98.5,9,98.4,26,98.5,1,2,2021-12-17 09:01:07
1639731667592492000,98.5,1,98.4,26,98.8,27,1,2021-12-17 09:01:07
1639731667592492000,98.8,4,98.4,26,98.8,27,1,2021-12-17 09:01:07
1639731667731070000,98.4,2,98.4,44,98.8,27,2,2021-12-17 09:01:07
1639731667946368000,98.8,1,98.4,44,98.8,26,1,2021-12-17 09:01:07
1639731668073477000,98.4,2,98.4,42,98.7,15,2,2021-12-17 09:01:08
1639731668147075000,98.4,1,98.4,41,98.7,15,2,2021-12-17 09:01:08
1639731668472201000,98.7,1,98.6,1,98.7,14,1,2021-12-17 09:01:08
1639731668499627000,98.7,1,98.6,1,98.7,13,1,2021-12-17 09:01:08
1639731668529202000,98.7,13,98.6,1,98.8,36,1,2021-12-17 09:01:08
1639731668546998000,98.6,1,98.4,42,98.7,2,2,2021-12-17 09:01:08
1639731668658604000,98.5,1,98.4,42,98.7,2,2,2021-12-17 09:01:08
1639731668742521000,98.4,3,98.4,39,98.7,3,2,2021-12-17 09:01:08
1639731668928724000,98.7,1,98.5,1,98.7,4,1,2021-12-17 09:01:08
1639731668986711000,98.7,1,98.5,1,98.7,3,1,2021-12-17 09:01:08
1639731669222067000,98.5,1,98.4,41,98.7,9,2,2021-12-17 09:01:09
1639731669309845000,98.4,1,98.4,40,98.7,59,2,2021-12-17 09:01:09
1639731669364616000,98.4,5,98.4,35,98.7,63,2,2021-12-17 09:01:09
1639731669427729000,98.4,5,98.4,30,98.7,63,2,2021-12-17 09:01:09
1639731669495488000,98.6,1,98.4,31,98.7,65,1,2021-12-17 09:01:09
1639731669770781000,98.7,1,98.5,1,98.7,75,1,2021-12-17 09:01:09
1639731670023867000,98.7,5,98.6,1,98.7,70,1,2021-12-17 09:01:10
1639731670138538000,98.7,1,98.6,1,98.7,79,1,2021-12-17 09:01:10
1639731670278686000,98.7,1,98.5,1,98.6,9,1,2021-12-17 09:01:10
1639731670278777000,98.6,1,98.5,1,98.6,9,2,2021-12-17 09:01:10
1639731670347757000,98.5,1,98.4,32,98.5,2,2,2021-12-17 09:01:10
1639731670489207000,98.5,1,98.4,32,98.5,1,1,2021-12-17 09:01:10
1639731670609671000,98.5,2,98.4,34,98.6,24,1,2021-12-17 09:01:10
1639731670620653000,98.6,24,98.6,6,98.7,78,1,2021-12-17 09:01:10
1639731670644760000,98.6,1,98.6,5,98.7,78,2,2021-12-17 09:01:10
1639731671011745000,98.6,2,98.6,3,98.7,69,2,2021-12-17 09:01:11
1639731671020237000,98.7,1,98.6,3,98.7,68,1,2021-12-17 09:01:11
1639731671168466000,98.6,2,98.6,1,98.7,68,2,2021-12-17 09:01:11
1639731671387150000,98.6,1,98.5,4,98.6,1,2,2021-12-17 09:01:11
1639731671492290000,98.5,1,98.5,3,98.6,2,2,2021-12-17 09:01:11
1639731671538368000,98.6,1,98.5,3,98.6,1,1,2021-12-17 09:01:11
1639731671599322000,98.6,1,98.5,3,98.7,58,1,2021-12-17 09:01:11
1639731671640123000,98.5,1,98.5,2,98.7,58,2,2021-12-17 09:01:11
1639731671956808000,98.5,5,98.5,5,98.6,10,2,2021-12-17 09:01:11
1639731672069106000,98.6,3,98.5,5,98.6,7,1,2021-12-17 09:01:12
1639731672137859000,98.6,1,98.5,5,98.6,6,1,2021-12-17 09:01:12
1639731672452170000,98.5,1,98.5,15,98.6,6,2,2021-12-17 09:01:12
1639731672526763000,98.5,1,98.5,19,98.6,10,2,2021-12-17 09:01:12
1639731672875603000,98.5,1,98.5,20,98.6,10,2,2021-12-17 09:01:12
1639731673030142000,98.6,1,98.5,21,98.6,9,1,2021-12-17 09:01:13
1639731673053862000,98.6,9,98.5,21,98.7,61,1,2021-12-17 09:01:13
1639731673159789000,98.5,1,98.5,20,98.7,61,2,2021-12-17 09:01:13
1639731673431292000,98.6,1,98.5,23,98.7,61,2,2021-12-17 09:01:13
1639731673530701000,98.5,1,98.5,22,98.7,61,2,2021-12-17 09:01:13
1639731673551302000,98.7,1,98.5,23,98.7,60,1,2021-12-17 09:01:13
1639731673616494000,98.7,1,98.5,23,98.7,59,1,2021-12-17 09:01:13
1639731674172218000,98.6,1,98.5,28,98.7,59,2,2021-12-17 09:01:14
1639731674364973000,98.7,1,98.5,28,98.7,58,1,2021-12-17 09:01:14
1639731674405933000,98.7,1,98.6,1,98.7,57,1,2021-12-17 09:01:14
1639731674449529000,98.6,1,98.5,27,98.7,57,2,2021-12-17 09:01:14
1639731674449529000,98.5,1,98.5,27,98.7,57,2,2021-12-17 09:01:14
1639731674710463000,98.5,6,98.5,22,98.6,2,2,2021-12-17 09:01:14
1639731674742570000,98.5,1,98.5,21,98.6,2,2,2021-12-17 09:01:14
1639731674769570000,98.5,1,98.5,20,98.6,2,2,2021-12-17 09:01:14
1639731674949828000,98.5,1,98.5,21,98.6,2,2,2021-12-17 09:01:14
1639731674959561000,98.5,2,98.5,19,98.6,2,2,2021-12-17 09:01:14
1639731674984552000,98.6,1,98.5,19,98.6,1,1,2021-12-17 09:01:14
1639731675034533000,98.5,10,98.5,10,98.6,1,2,2021-12-17 09:01:15
1639731675485456000,98.6,1,98.5,12,98.6,2,1,2021-12-17 09:01:15
1639731675575010000,98.6,2,98.5,18,98.7,55,1,2021-12-17 09:01:15
1639731675575010000,98.7,2,98.5,18,98.7,55,1,2021-12-17 09:01:15
1639731675600820000,98.7,55,98.5,18,98.8,33,1,2021-12-17 09:01:15
1639731675686901000,98.6,2,98.5,18,98.8,33,1,2021-12-17 09:01:15
1639731675695924000,98.6,2,98.5,18,98.6,3,1,2021-12-17 09:01:15
1639731675725958000,98.6,1,98.5,18,98.6,2,1,2021-12-17 09:01:15
1639731675735998000,98.6,1,98.5,18,98.6,1,1,2021-12-17 09:01:15
1639731675736033000,98.6,1,98.5,18,98.8,33,1,2021-12-17 09:01:15
1639731676107594000,98.8,2,98.7,3,98.8,33,1,2021-12-17 09:01:16
1639731676441605000,98.8,1,98.7,3,98.8,32,1,2021-12-17 09:01:16
1639731676889775000,98.7,3,98.7,4,98.8,32,2,2021-12-17 09:01:16
1639731676948621000,98.7,1,98.7,4,98.8,32,2,2021-12-17 09:01:16
1639731677071655000,98.7,1,98.7,4,98.8,32,2,2021-12-17 09:01:17
1639731677417851000,98.7,1,98.7,1,98.8,32,2,2021-12-17 09:01:17
1639731677478004000,98.7,1,98.6,20,98.8,32,2,2021-12-17 09:01:17
1639731677478004000,98.6,4,98.6,20,98.8,32,2,2021-12-17 09:01:17
1639731677530371000,98.8,2,98.7,1,98.8,30,1,2021-12-17 09:01:17
1639731677614869000,98.7,1,98.6,20,98.7,49,2,2021-12-17 09:01:17
1639731678088737000,98.6,2,98.6,18,98.7,54,2,2021-12-17 09:01:18
1639731678212751000,98.7,10,98.6,18,98.7,44,1,2021-12-17 09:01:18
1639731678327064000,98.6,5,98.6,13,98.7,44,2,2021-12-17 09:01:18
1639731678560056000,98.7,1,98.6,14,98.7,53,1,2021-12-17 09:01:18
1639731678595903000,98.6,1,98.6,13,98.7,59,2,2021-12-17 09:01:18
1639731678619008000,98.7,1,98.6,13,98.7,58,1,2021-12-17 09:01:18
1639731678755858000,98.6,1,98.6,12,98.7,58,2,2021-12-17 09:01:18
1639731678788821000,98.7,1,98.6,12,98.7,57,1,2021-12-17 09:01:18
1639731678842230000,98.7,1,98.6,12,98.7,56,1,2021-12-17 09:01:18
1639731678852462000,98.7,5,98.6,12,98.7,51,1,2021-12-17 09:01:18
1639731679058670000,98.6,3,98.6,9,98.7,51,2,2021-12-17 09:01:19
1639731679096945000,98.6,1,98.6,8,98.7,51,2,2021-12-17 09:01:19
1639731679247668000,98.6,5,98.6,3,98.7,51,2,2021-12-17 09:01:19
1639731679289728000,98.6,1,98.6,2,98.7,51,2,2021-12-17 09:01:19
1639731679338868000,98.7,1,98.6,2,98.7,50,1,2021-12-17 09:01:19
1639731679604511000,98.6,2,98.5,26,98.7,50,2,2021-12-17 09:01:19
1639731679604511000,98.5,14,98.5,26,98.7,50,2,2021-12-17 09:01:19
1639731679656483000,98.5,1,98.5,25,98.7,50,2,2021-12-17 09:01:19
1639731679913168000,98.5,2,98.5,23,98.7,50,2,2021-12-17 09:01:19
1639731679995980000,98.7,1,98.5,27,98.7,50,1,2021-12-17 09:01:19
1639731680056487000,98.5,1,98.5,26,98.7,50,2,2021-12-17 09:01:20
1639731680195183000,98.6,2,98.5,27,98.7,50,2,2021-12-17 09:01:20
1639731680378845000,98.6,1,98.5,27,98.6,19,2,2021-12-17 09:01:20
1639731680420305000,98.5,1,98.5,26,98.6,19,2,2021-12-17 09:01:20
1639731680442913000,98.6,1,98.5,26,98.6,18,1,2021-12-17 09:01:20
1639731680636193000,98.6,1,98.5,26,98.6,27,1,2021-12-17 09:01:20
1639731680641262000,98.6,1,98.5,26,98.6,26,1,2021-12-17 09:01:20
1639731680657351000,98.5,1,98.5,25,98.6,26,2,2021-12-17 09:01:20
1639731680675655000,98.6,26,98.5,25,98.7,50,1,2021-12-17 09:01:20
1639731680770232000,98.7,1,98.5,25,98.7,49,1,2021-12-17 09:01:20
1639731680793925000,98.7,1,98.5,25,98.7,48,1,2021-12-17 09:01:20
1639731680794140000,98.7,1,98.5,25,98.7,47,1,2021-12-17 09:01:20
1639731680929413000,98.6,5,98.5,25,98.6,5,1,2021-12-17 09:01:20
1639731680993734000,98.5,1,98.5,24,98.6,5,2,2021-12-17 09:01:20
1639731680996880000,98.6,1,98.5,24,98.6,4,1,2021-12-17 09:01:20
1639731681133494000,98.6,1,98.5,26,98.6,3,1,2021-12-17 09:01:21
1639731681312918000,98.6,2,98.5,26,98.6,1,1,2021-12-17 09:01:21
1639731681319444000,98.6,1,98.5,26,98.7,48,1,2021-12-17 09:01:21
1639731681395319000,98.7,5,98.5,27,98.7,52,1,2021-12-17 09:01:21
1639731681433183000,98.5,1,98.5,26,98.7,52,2,2021-12-17 09:01:21
1639731681515039000,98.7,1,98.5,27,98.7,51,1,2021-12-17 09:01:21
1639731681684983000,98.6,3,98.5,27,98.6,17,2,2021-12-17 09:01:21
1639731681978543000,98.5,1,98.5,26,98.6,18,2,2021-12-17 09:01:21
1639731682191714000,98.6,1,98.5,28,98.6,17,1,2021-12-17 09:01:22
1639731682192909000,98.6,12,98.5,28,98.6,5,1,2021-12-17 09:01:22
1639731682234231000,98.5,1,98.5,27,98.6,5,2,2021-12-17 09:01:22
1639731682269981000,98.6,1,98.5,27,98.6,5,1,2021-12-17 09:01:22
1639731682272879000,98.6,1,98.5,27,98.6,4,1,2021-12-17 09:01:22
1639731682293927000,98.5,10,98.5,17,98.6,4,2,2021-12-17 09:01:22
1639731682343350000,98.6,1,98.5,17,98.6,3,1,2021-12-17 09:01:22
1639731682518154000,98.6,1,98.5,18,98.6,3,1,2021-12-17 09:01:22
1639731682832286000,98.5,1,98.5,17,98.6,6,2,2021-12-17 09:01:22
1639731682859180000,98.6,4,98.5,17,98.6,2,1,2021-12-17 09:01:22
1639731683050426000,98.6,1,98.5,18,98.6,2,1,2021-12-17 09:01:23
1639731683070774000,98.6,1,98.5,18,98.6,1,1,2021-12-17 09:01:23
1639731683092789000,98.5,1,98.5,17,98.6,1,2,2021-12-17 09:01:23
1639731683147655000,98.6,1,98.5,19,98.7,54,1,2021-12-17 09:01:23
1639731683259749000,98.6,1,98.5,19,98.7,54,2,2021-12-17 09:01:23
1639731683259749000,98.5,1,98.5,19,98.7,54,2,2021-12-17 09:01:23
1639731683418287000,98.7,3,98.6,1,98.7,51,1,2021-12-17 09:01:23
1639731683420997000,98.6,1,98.5,19,98.6,6,2,2021-12-17 09:01:23
1639731683638509000,98.5,10,98.5,14,98.6,7,2,2021-12-17 09:01:23
1639731683676305000,98.5,1,98.5,13,98.6,7,2,2021-12-17 09:01:23
1639731683717180000,98.5,1,98.5,12,98.6,27,2,2021-12-17 09:01:23
1639731683761988000,98.6,1,98.5,12,98.6,26,1,2021-12-17 09:01:23
1639731683893926000,98.6,1,98.5,12,98.6,27,1,2021-12-17 09:01:23
1639731683954568000,98.6,5,98.5,15,98.6,22,1,2021-12-17 09:01:23
1639731683993411000,98.6,5,98.5,15,98.6,17,1,2021-12-17 09:01:23
1639731683997449000,98.6,1,98.5,15,98.6,16,1,2021-12-17 09:01:23
1639731684010124000,98.6,1,98.5,15,98.6,15,1,2021-12-17 09:01:24
1639731684081710000,98.6,2,98.5,15,98.6,14,1,2021-12-17 09:01:24
1639731684126951000,98.5,1,98.5,14,98.6,14,2,2021-12-17 09:01:24
1639731684402114000,98.6,3,98.5,23,98.6,13,1,2021-12-17 09:01:24
1639731684438625000,98.6,1,98.5,23,98.6,12,1,2021-12-17 09:01:24
1639731684448147000,98.6,1,98.5,23,98.6,11,1,2021-12-17 09:01:24
1639731684456455000,98.6,3,98.5,23,98.6,8,1,2021-12-17 09:01:24
1639731684474839000,98.6,1,98.5,43,98.6,7,1,2021-12-17 09:01:24
1639731684613341000,98.5,2,98.5,43,98.6,7,2,2021-12-17 09:01:24
1639731684675856000,98.6,1,98.5,44,98.6,6,1,2021-12-17 09:01:24
1639731684730669000,98.5,1,98.5,43,98.6,8,2,2021-12-17 09:01:24
1639731684767899000,98.6,2,98.5,43,98.6,6,1,2021-12-17 09:01:24
1639731684938695000,98.6,1,98.5,45,98.6,5,1,2021-12-17 09:01:24
1639731684984024000,98.6,1,98.5,46,98.6,4,1,2021-12-17 09:01:24
1639731684991284000,98.6,4,98.6,1,98.7,54,1,2021-12-17 09:01:24
1639731685039200000,98.7,1,98.6,1,98.7,53,1,2021-12-17 09:01:25
1639731685145167000,98.7,29,98.6,2,98.7,24,1,2021-12-17 09:01:25
1639731685232916000,98.6,2,98.5,46,98.6,3,2,2021-12-17 09:01:25
1639731685385463000,98.6,3,98.7,70,98.8,37,1,2021-12-17 09:01:25
1639731685385463000,98.7,27,98.7,70,98.8,37,1,2021-12-17 09:01:25
1639731685549367000,98.7,18,98.7,52,98.8,37,2,2021-12-17 09:01:25
1639731685575846000,98.7,5,98.7,47,98.8,37,2,2021-12-17 09:01:25
1639731685753631000,98.8,2,98.7,47,98.8,35,1,2021-12-17 09:01:25
1639731685781328000,98.7,20,98.7,27,98.8,35,2,2021-12-17 09:01:25
1639731685792471000,98.7,3,98.7,24,98.8,35,2,2021-12-17 09:01:25
1639731685865169000,98.7,1,98.7,23,98.8,35,2,2021-12-17 09:01:25
1639731686124927000,98.8,2,98.7,23,98.8,33,1,2021-12-17 09:01:26
1639731686191294000,98.7,1,98.7,22,98.8,33,2,2021-12-17 09:01:26
1639731686383780000,98.8,1,98.7,23,98.8,22,1,2021-12-17 09:01:26
1639731686435003000,98.8,2,98.7,23,98.8,21,1,2021-12-17 09:01:26
1639731686459673000,98.7,4,98.7,19,98.8,21,2,2021-12-17 09:01:26
1639731686493692000,98.7,2,98.7,17,98.8,21,2,2021-12-17 09:01:26
1639731686505970000,98.8,1,98.7,17,98.8,20,1,2021-12-17 09:01:26
1639731686508503000,98.8,1,98.7,17,98.8,19,1,2021-12-17 09:01:26
1639731686646289000,98.7,1,98.7,16,98.8,19,2,2021-12-17 09:01:26
1639731686942994000,98.8,19,98.7,17,98.9,58,1,2021-12-17 09:01:26
1639731687076591000,98.7,1,98.7,16,98.9,58,2,2021-12-17 09:01:27
1639731687084789000,98.7,1,98.7,15,98.9,58,2,2021-12-17 09:01:27
1639731687117860000,98.7,1,98.7,14,98.9,58,2,2021-12-17 09:01:27
1639731687127070000,98.7,2,98.7,12,98.9,58,2,2021-12-17 09:01:27
1639731687486447000,98.7,1,98.7,15,98.9,58,2,2021-12-17 09:01:27
1639731687651469000,98.7,2,98.7,13,98.9,58,2,2021-12-17 09:01:27
1639731687867983000,98.7,1,98.7,12,98.9,59,2,2021-12-17 09:01:27
1639731688004189000,98.7,4,98.7,9,98.9,59,2,2021-12-17 09:01:28
1639731688099749000,98.7,1,98.7,8,98.9,59,2,2021-12-17 09:01:28
1639731688506290000,98.8,1,98.8,5,98.9,58,2,2021-12-17 09:01:28
1639731688513129000,98.8,1,98.8,4,98.9,58,2,2021-12-17 09:01:28
1639731688649398000,98.9,50,98.8,6,98.9,8,1,2021-12-17 09:01:28
1639731688796153000,98.8,6,98.7,5,98.9,8,2,2021-12-17 09:01:28
1639731688796153000,98.7,3,98.7,5,98.9,8,2,2021-12-17 09:01:28
1639731688906335000,98.7,1,98.7,15,98.8,1,2,2021-12-17 09:01:28
1639731689128438000,98.7,1,98.7,17,98.8,21,2,2021-12-17 09:01:29
1639731689278700000,98.7,2,98.7,15,98.8,21,2,2021-12-17 09:01:29
1639731689788755000,98.8,1,98.7,28,98.8,21,1,2021-12-17 09:01:29
1639731689979290000,98.7,1,98.7,29,98.8,21,2,2021-12-17 09:01:29
1639731690100280000,98.7,1,98.7,31,98.8,21,2,2021-12-17 09:01:30
1639731690226369000,98.8,1,98.7,33,98.8,21,1,2021-12-17 09:01:30
1639731690233793000,98.8,2,98.7,33,98.8,19,1,2021-12-17 09:01:30
1639731690256561000,98.7,1,98.7,42,98.8,19,2,2021-12-17 09:01:30
1639731690385522000,98.7,2,98.7,40,98.8,19,2,2021-12-17 09:01:30
1639731690419530000,98.7,1,98.7,39,98.8,19,2,2021-12-17 09:01:30
1639731690434080000,98.7,2,98.7,37,98.8,19,2,2021-12-17 09:01:30
1639731690523118000,98.8,1,98.7,38,98.8,18,1,2021-12-17 09:01:30
1639731690559265000,98.7,1,98.7,38,98.8,18,2,2021-12-17 09:01:30
1639731690561638000,98.7,1,98.7,37,98.8,18,2,2021-12-17 09:01:30
1639731690618301000,98.8,10,98.7,37,98.8,8,1,2021-12-17 09:01:30
1639731690715937000,98.7,1,98.7,36,98.8,8,2,2021-12-17 09:01:30
1639731690718441000,98.8,2,98.7,36,98.8,6,1,2021-12-17 09:01:30
1639731690730865000,98.7,1,98.7,35,98.8,6,2,2021-12-17 09:01:30
1639731691374486000,98.8,1,98.7,49,98.8,55,1,2021-12-17 09:01:31
1639731691752046000,98.8,2,98.7,51,98.8,54,1,2021-12-17 09:01:31
1639731691788136000,98.7,1,98.7,52,98.8,54,2,2021-12-17 09:01:31
1639731691916757000,98.8,1,98.7,52,98.8,54,1,2021-12-17 09:01:31
1639731692212658000,98.8,1,98.7,54,98.8,53,1,2021-12-17 09:01:32
1639731692293342000,98.8,2,98.7,54,98.8,51,1,2021-12-17 09:01:32
1639731692359806000,98.8,1,98.7,54,98.8,50,1,2021-12-17 09:01:32
1639731692431935000,98.7,2,98.7,53,98.8,50,2,2021-12-17 09:01:32
1639731692526322000,98.8,5,98.7,53,98.8,47,1,2021-12-17 09:01:32
1639731692576719000,98.8,2,98.7,53,98.8,46,1,2021-12-17 09:01:32
1639731692602915000,98.7,1,98.7,52,98.8,46,2,2021-12-17 09:01:32
1639731692608619000,98.8,1,98.7,52,98.8,45,1,2021-12-17 09:01:32
1639731692642651000,98.8,2,98.7,52,98.8,43,1,2021-12-17 09:01:32
1639731692664595000,98.7,1,98.7,51,98.8,43,2,2021-12-17 09:01:32
1639731692820358000,98.8,3,98.7,112,98.8,40,1,2021-12-17 09:01:32
1639731692963209000,98.7,1,98.7,117,98.8,40,2,2021-12-17 09:01:32
1639731693320589000,98.7,4,98.7,116,98.8,41,2,2021-12-17 09:01:33
1639731693359192000,98.8,1,98.7,116,98.8,40,1,2021-12-17 09:01:33
1639731693390501000,98.8,2,98.7,116,98.8,38,1,2021-12-17 09:01:33
1639731694155763000,98.7,4,98.7,122,98.8,38,2,2021-12-17 09:01:34
1639731694301534000,98.8,1,98.7,125,98.8,37,1,2021-12-17 09:01:34
1639731694611340000,98.7,4,98.7,121,98.8,38,2,2021-12-17 09:01:34
1639731694978339000,98.7,5,98.7,121,98.8,39,2,2021-12-17 09:01:34
1639731695089921000,98.7,2,98.7,120,98.8,39,2,2021-12-17 09:01:35
1639731695131119000,98.7,1,98.7,119,98.8,39,2,2021-12-17 09:01:35
1639731695167779000,98.8,1,98.7,119,98.8,38,1,2021-12-17 09:01:35
1639731695217430000,98.8,10,98.7,120,98.8,28,1,2021-12-17 09:01:35
1639731695253320000,98.8,2,98.7,120,98.8,26,1,2021-12-17 09:01:35
1639731695304012000,98.8,1,98.7,120,98.8,25,1,2021-12-17 09:01:35
1639731695333380000,98.7,1,98.7,119,98.8,24,2,2021-12-17 09:01:35
1639731695333408000,98.8,1,98.7,119,98.8,24,1,2021-12-17 09:01:35
1639731695406504000,98.7,1,98.7,118,98.8,24,2,2021-12-17 09:01:35
1639731695598216000,98.7,1,98.7,122,98.8,24,2,2021-12-17 09:01:35
1639731695622920000,98.8,5,98.7,123,98.8,19,1,2021-12-17 09:01:35
1639731695623003000,98.8,1,98.7,123,98.8,18,1,2021-12-17 09:01:35
1639731695839435000,98.7,1,98.7,120,98.8,18,2,2021-12-17 09:01:35
1639731695866208000,98.7,1,98.7,119,98.8,18,2,2021-12-17 09:01:35
1639731695951197000,98.8,1,98.7,120,98.8,17,1,2021-12-17 09:01:35
1639731695968797000,98.8,17,98.7,120,98.9,85,1,2021-12-17 09:01:35
1639731695968797000,98.9,3,98.7,120,98.9,85,1,2021-12-17 09:01:35
1639731695971038000,98.7,23,98.7,97,98.9,85,2,2021-12-17 09:01:35
1639731695985232000,98.7,1,98.8,10,98.9,85,2,2021-12-17 09:01:35
1639731695991645000,98.8,1,98.8,9,98.9,85,2,2021-12-17 09:01:35
1639731696004917000,98.8,1,98.8,8,98.9,85,2,2021-12-17 09:01:36
1639731696166365000,98.9,1,98.8,9,98.9,86,1,2021-12-17 09:01:36
1639731696251469000,98.8,1,98.8,8,98.9,86,2,2021-12-17 09:01:36
1639731696267992000,98.8,1,98.8,7,98.9,86,2,2021-12-17 09:01:36
1639731696511656000,98.8,1,98.8,9,98.9,86,2,2021-12-17 09:01:36
1639731696617449000,98.9,1,98.8,9,98.9,85,1,2021-12-17 09:01:36
1639731696730077000,98.8,1,98.8,10,98.9,85,2,2021-12-17 09:01:36
1639731696802066000,98.8,2,98.8,9,98.9,85,2,2021-12-17 09:01:36
1639731696820559000,98.9,5,98.8,9,98.9,80,1,2021-12-17 09:01:36
1639731696944366000,98.8,2,98.8,9,98.9,78,2,2021-12-17 09:01:36
1639731697002243000,98.9,2,98.8,10,98.9,77,1,2021-12-17 09:01:37
1639731697520462000,98.9,2,98.8,10,98.9,37,1,2021-12-17 09:01:37
1639731697741850000,98.8,7,98.8,4,98.9,37,2,2021-12-17 09:01:37
1639731697834553000,98.8,1,98.8,3,98.9,37,2,2021-12-17 09:01:37
1639731698321385000,98.8,3,98.8,16,98.9,38,2,2021-12-17 09:01:38
1639731698338351000,98.8,1,98.8,15,98.9,38,2,2021-12-17 09:01:38
1639731698459742000,98.9,1,98.8,18,98.9,88,1,2021-12-17 09:01:38
1639731698932590000,98.9,1,98.8,24,98.9,87,1,2021-12-17 09:01:38
1639731699184692000,98.9,1,98.8,31,98.9,86,1,2021-12-17 09:01:39
1639731699228431000,98.9,1,98.8,31,98.9,85,1,2021-12-17 09:01:39
1639731699451617000,98.9,5,98.8,33,98.9,80,1,2021-12-17 09:01:39
1639731699796792000,98.8,2,98.8,31,98.9,79,2,2021-12-17 09:01:39
1639731699819421000,98.9,1,98.8,31,98.9,78,1,2021-12-17 09:01:39
1639731699824679000,98.9,1,98.8,31,98.9,77,1,2021-12-17 09:01:39
1639731699896496000,98.8,10,98.8,21,98.9,77,2,2021-12-17 09:01:39
1639731700245830000,98.9,1,98.8,21,98.9,77,1,2021-12-17 09:01:40
1639731700274469000,98.8,1,98.8,20,98.9,77,2,2021-12-17 09:01:40
1639731700454034000,98.9,2,98.8,21,98.9,75,1,2021-12-17 09:01:40
1639731700572570000,98.9,1,98.8,22,98.9,73,1,2021-12-17 09:01:40
1639731700583582000,98.8,5,98.8,17,98.9,73,2,2021-12-17 09:01:40
1639731700603813000,98.9,1,98.8,17,98.9,82,1,2021-12-17 09:01:40
1639731700664713000,98.9,1,98.8,17,98.9,82,1,2021-12-17 09:01:40
1639731700875707000,98.8,1,98.8,16,98.9,82,2,2021-12-17 09:01:40
1639731701109837000,98.8,3,98.8,13,98.9,84,2,2021-12-17 09:01:41
1639731701185499000,98.9,10,98.8,13,98.9,74,1,2021-12-17 09:01:41
1639731701207839000,98.9,1,98.8,13,98.9,73,1,2021-12-17 09:01:41
1639731701277150000,98.9,2,98.8,17,98.9,70,1,2021-12-17 09:01:41
1639731701343586000,98.9,1,98.8,17,98.9,69,1,2021-12-17 09:01:41
1639731701478478000,98.8,1,98.8,16,98.9,69,2,2021-12-17 09:01:41
1639731701656665000,98.9,1,98.8,16,98.9,69,1,2021-12-17 09:01:41
1639731701814493000,98.9,3,98.8,16,98.9,69,1,2021-12-17 09:01:41
1639731702095528000,98.9,3,98.8,20,98.9,65,1,2021-12-17 09:01:42
1639731702096699000,98.9,2,98.8,20,98.9,63,1,2021-12-17 09:01:42
1639731702101384000,98.9,1,98.8,20,98.9,62,1,2021-12-17 09:01:42
1639731702121032000,98.9,1,98.8,21,98.9,61,1,2021-12-17 09:01:42
1639731702149037000,98.9,3,98.8,21,98.9,58,1,2021-12-17 09:01:42
1639731702157858000,98.8,21,98.7,137,98.8,29,2,2021-12-17 09:01:42
1639731702292426000,98.8,1,98.7,137,98.8,46,1,2021-12-17 09:01:42
1639731702317551000,98.8,10,98.7,137,98.8,36,1,2021-12-17 09:01:42
1639731702446276000,98.8,1,98.7,137,98.8,35,1,2021-12-17 09:01:42
1639731702502090000,98.8,10,98.7,138,98.8,25,1,2021-12-17 09:01:42
1639731702563507000,98.8,1,98.7,138,98.8,24,1,2021-12-17 09:01:42
1639731702566119000,98.8,3,98.7,138,98.8,21,1,2021-12-17 09:01:42
1639731702647811000,98.8,1,98.7,137,98.8,20,1,2021-12-17 09:01:42
1639731702677201000,98.8,1,98.7,136,98.8,19,1,2021-12-17 09:01:42
1639731702708063000,98.8,1,98.7,136,98.8,18,1,2021-12-17 09:01:42
1639731702716502000,98.7,1,98.7,135,98.8,18,2,2021-12-17 09:01:42
1639731702717641000,98.8,1,98.7,135,98.8,17,1,2021-12-17 09:01:42
1639731702766167000,98.8,10,98.7,135,98.8,7,1,2021-12-17 09:01:42
1639731702828872000,98.8,2,98.7,137,98.8,5,1,2021-12-17 09:01:42
1639731702887326000,98.8,1,98.7,137,98.8,4,1,2021-12-17 09:01:42
1639731703095052000,98.8,5,98.7,137,98.9,58,1,2021-12-17 09:01:43
1639731703295887000,98.8,2,98.7,139,98.8,11,1,2021-12-17 09:01:43
1639731703312441000,98.8,5,98.7,139,98.8,6,1,2021-12-17 09:01:43
1639731703357691000,98.8,1,98.7,139,98.8,6,1,2021-12-17 09:01:43
1639731703433405000,98.7,1,98.7,138,98.8,6,2,2021-12-17 09:01:43
1639731703482931000,98.8,6,98.7,138,98.9,56,1,2021-12-17 09:01:43
1639731703482931000,98.9,8,98.7,138,98.9,56,1,2021-12-17 09:01:43
1639731703485580000,98.9,1,98.7,138,98.9,55,1,2021-12-17 09:01:43
1639731703529796000,98.7,2,98.7,136,98.9,56,2,2021-12-17 09:01:43
1639731703676050000,98.7,1,98.7,135,98.9,56,2,2021-12-17 09:01:43
1639731703726375000,98.8,1,98.7,135,98.8,19,2,2021-12-17 09:01:43
1639731703844614000,98.8,1,98.7,135,98.8,18,1,2021-12-17 09:01:43
1639731703850652000,98.8,1,98.7,135,98.8,17,1,2021-12-17 09:01:43
1639731703866791000,98.8,1,98.7,135,98.8,16,1,2021-12-17 09:01:43
1639731703888316000,98.8,1,98.7,136,98.8,15,1,2021-12-17 09:01:43
1639731703929513000,98.8,1,98.7,136,98.8,14,1,2021-12-17 09:01:43
1639731703953096000,98.8,2,98.7,136,98.8,12,1,2021-12-17 09:01:43
1639731704021737000,98.8,1,98.7,136,98.8,11,1,2021-12-17 09:01:44
1639731704175526000,98.8,2,98.7,137,98.8,9,1,2021-12-17 09:01:44
1639731704182792000,98.7,5,98.7,132,98.8,9,2,2021-12-17 09:01:44
1639731704202030000,98.8,1,98.7,132,98.8,8,1,2021-12-17 09:01:44
1639731704207159000,98.7,1,98.7,131,98.8,8,2,2021-12-17 09:01:44
1639731704237703000,98.7,1,98.7,130,98.8,8,2,2021-12-17 09:01:44
1639731704484586000,98.8,1,98.7,130,98.8,29,1,2021-12-17 09:01:44
1639731704738306000,98.8,1,98.7,130,98.8,39,1,2021-12-17 09:01:44
1639731704782671000,98.8,1,98.7,130,98.8,38,1,2021-12-17 09:01:44
1639731704901651000,98.8,1,98.7,130,98.8,38,1,2021-12-17 09:01:44
1639731704981149000,98.8,1,98.7,134,98.8,37,1,2021-12-17 09:01:44
1639731705033538000,98.8,3,98.7,138,98.8,34,1,2021-12-17 09:01:45
1639731705071821000,98.8,1,98.7,138,98.8,33,1,2021-12-17 09:01:45
1639731705201926000,98.8,5,98.7,139,98.8,28,1,2021-12-17 09:01:45
1639731705488995000,98.8,1,98.7,139,98.8,27,1,2021-12-17 09:01:45
1639731705613545000,98.8,1,98.7,139,98.8,26,1,2021-12-17 09:01:45
1639731705694515000,98.8,1,98.7,139,98.8,26,1,2021-12-17 09:01:45
1639731705819136000,98.7,1,98.7,152,98.8,26,2,2021-12-17 09:01:45
1639731705982514000,98.8,5,98.7,152,98.8,30,1,2021-12-17 09:01:45
1639731706068475000,98.7,5,98.7,147,98.8,30,2,2021-12-17 09:01:46
1639731706173968000,98.8,8,98.7,147,98.8,23,1,2021-12-17 09:01:46
1639731706241838000,98.7,10,98.7,138,98.8,23,2,2021-12-17 09:01:46
1639731706242309000,98.8,5,98.7,138,98.8,18,1,2021-12-17 09:01:46
1639731706275998000,98.7,1,98.7,137,98.8,18,2,2021-12-17 09:01:46
1639731706288608000,98.8,4,98.7,137,98.8,14,1,2021-12-17 09:01:46
1639731706331290000,98.8,1,98.7,137,98.8,13,1,2021-12-17 09:01:46
1639731706508529000,98.7,1,98.7,136,98.8,14,2,2021-12-17 09:01:46
1639731706561877000,98.7,3,98.7,133,98.8,14,2,2021-12-17 09:01:46
1639731706605841000,98.8,1,98.7,133,98.8,13,1,2021-12-17 09:01:46
1639731706749074000,98.8,1,98.7,136,98.8,12,1,2021-12-17 09:01:46
1639731706775311000,98.8,1,98.7,136,98.8,11,1,2021-12-17 09:01:46
1639731706816579000,98.8,1,98.7,136,98.8,12,1,2021-12-17 09:01:46
1639731706845885000,98.8,5,98.7,136,98.8,7,1,2021-12-17 09:01:46
1639731707007798000,98.8,2,98.7,136,98.8,5,1,2021-12-17 09:01:47
1639731707025142000,98.8,2,98.7,136,98.8,3,1,2021-12-17 09:01:47
1639731707453384000,98.7,1,98.7,134,98.8,3,2,2021-12-17 09:01:47
1639731707586140000,98.8,1,98.7,135,98.8,2,1,2021-12-17 09:01:47
1639731707591315000,98.8,1,98.7,135,98.8,1,1,2021-12-17 09:01:47
1639731707624132000,98.8,1,98.7,136,98.9,50,1,2021-12-17 09:01:47
1639731707624132000,98.9,1,98.7,136,98.9,50,1,2021-12-17 09:01:47
1639731707737417000,98.8,1,98.7,136,98.8,4,2,2021-12-17 09:01:47
1639731707797116000,98.8,1,98.7,136,98.8,3,1,2021-12-17 09:01:47
1639731708009468000,98.7,1,98.7,136,98.8,3,2,2021-12-17 09:01:48
1639731708027481000,98.8,3,98.7,131,98.9,48,1,2021-12-17 09:01:48
1639731708027481000,98.9,2,98.7,131,98.9,48,1,2021-12-17 09:01:48
1639731708102230000,98.9,1,98.7,132,98.9,47,1,2021-12-17 09:01:48
1639731708192112000,98.8,10,98.7,132,98.8,16,1,2021-12-17 09:01:48
1639731708612137000,98.8,6,98.7,160,98.8,10,1,2021-12-17 09:01:48
1639731708616816000,98.7,3,98.7,157,98.8,10,2,2021-12-17 09:01:48
1639731708712197000,98.8,2,98.7,158,98.8,8,1,2021-12-17 09:01:48
1639731708751523000,98.8,1,98.7,158,98.8,7,1,2021-12-17 09:01:48
1639731708828163000,98.8,1,98.7,158,98.8,6,1,2021-12-17 09:01:48
1639731708841390000,98.8,2,98.7,158,98.8,4,1,2021-12-17 09:01:48
1639731708880086000,98.8,1,98.7,158,98.8,3,1,2021-12-17 09:01:48
1639731708956418000,98.8,10,98.7,158,98.9,50,1,2021-12-17 09:01:48
1639731709100773000,98.8,10,98.7,148,98.9,50,2,2021-12-17 09:01:49
1639731709233682000,98.9,1,98.8,3,98.9,49,1,2021-12-17 09:01:49
1639731709803824000,98.8,2,98.8,9,98.9,51,2,2021-12-17 09:01:49
1639731710100323000,98.9,1,98.8,11,98.9,50,1,2021-12-17 09:01:50
1639731710158090000,98.8,1,98.8,12,98.9,50,2,2021-12-17 09:01:50
1639731710323101000,98.9,1,98.8,18,98.9,49,1,2021-12-17 09:01:50
1639731710531910000,98.8,5,98.8,13,98.9,49,2,2021-12-17 09:01:50
1639731710659872000,98.8,4,98.8,13,98.9,49,2,2021-12-17 09:01:50
1639731710678749000,98.8,2,98.8,11,98.9,49,2,2021-12-17 09:01:50
1639731710956492000,98.8,1,98.8,12,98.9,49,2,2021-12-17 09:01:50
1639731711011372000,98.9,3,98.8,15,98.9,46,1,2021-12-17 09:01:51
1639731711090655000,98.9,5,98.8,17,98.9,41,1,2021-12-17 09:01:51
1639731711378385000,98.9,1,98.8,43,98.9,41,1,2021-12-17 09:01:51
1639731711427849000,98.9,1,98.8,43,98.9,38,1,2021-12-17 09:01:51
1639731711474797000,98.8,1,98.8,42,98.9,38,2,2021-12-17 09:01:51
1639731711483743000,98.8,1,98.8,41,98.9,38,2,2021-12-17 09:01:51
1639731711531172000,98.9,1,98.8,43,98.9,39,1,2021-12-17 09:01:51
1639731711662115000,98.9,1,98.8,43,98.9,37,1,2021-12-17 09:01:51
1639731712064875000,98.9,2,98.8,44,98.9,38,1,2021-12-17 09:01:52
1639731712197530000,98.9,5,98.8,52,98.9,32,1,2021-12-17 09:01:52
1639731712390716000,98.8,1,98.8,51,98.9,32,2,2021-12-17 09:01:52
1639731712577974000,98.9,1,98.8,52,98.9,32,1,2021-12-17 09:01:52
1639731712682695000,98.9,2,98.8,53,98.9,30,1,2021-12-17 09:01:52
1639731712807913000,98.8,1,98.8,52,98.9,30,2,2021-12-17 09:01:52
1639731712941997000,98.8,1,98.8,51,98.9,30,2,2021-12-17 09:01:52
1639731712995292000,98.8,2,98.8,49,98.9,30,2,2021-12-17 09:01:52
1639731713049336000,98.8,1,98.8,48,98.9,30,2,2021-12-17 09:01:53
1639731713201618000,98.8,2,98.8,47,98.9,41,2,2021-12-17 09:01:53
1639731713300123000,98.9,1,98.8,47,98.9,40,1,2021-12-17 09:01:53
1639731713316232000,98.8,5,98.8,43,98.9,40,2,2021-12-17 09:01:53
1639731713810481000,98.9,1,98.8,50,98.9,40,1,2021-12-17 09:01:53
1639731713881114000,98.9,1,98.8,52,98.9,39,1,2021-12-17 09:01:53
1639731713979068000,98.9,20,98.8,52,98.9,19,1,2021-12-17 09:01:53
1639731714177657000,98.9,1,98.8,52,98.9,17,1,2021-12-17 09:01:54
1639731714322579000,98.9,17,98.8,54,99.0,154,1,2021-12-17 09:01:54
1639731714875620000,98.9,5,98.9,8,99.0,154,2,2021-12-17 09:01:54
1639731714947424000,99.0,5,98.9,8,99.0,150,1,2021-12-17 09:01:54
1639731715015691000,98.9,5,98.9,3,99.0,150,2,2021-12-17 09:01:55
1639731715146261000,98.9,13,98.8,62,98.9,7,2,2021-12-17 09:01:55
1639731715640441000,98.9,3,98.8,76,98.9,7,1,2021-12-17 09:01:55
1639731715651786000,98.8,10,98.8,66,98.9,7,2,2021-12-17 09:01:55
1639731715663864000,98.9,1,98.8,66,98.9,6,1,2021-12-17 09:01:55
1639731715724854000,98.9,1,98.8,66,98.9,5,1,2021-12-17 09:01:55
1639731715753181000,98.9,1,98.8,66,98.9,4,1,2021-12-17 09:01:55
1639731715803339000,98.9,2,98.8,66,98.9,2,1,2021-12-17 09:01:55
1639731715826254000,98.9,2,98.8,66,99.0,151,1,2021-12-17 09:01:55
1639731715851003000,99.0,3,98.8,66,99.0,150,1,2021-12-17 09:01:55
1639731716000873000,98.8,1,98.8,65,98.9,54,2,2021-12-17 09:01:56
1639731716095114000,98.9,1,98.8,66,98.9,54,1,2021-12-17 09:01:56
1639731716632332000,98.9,1,98.8,87,98.9,54,1,2021-12-17 09:01:56
1639731716804347000,98.9,3,98.8,90,98.9,51,1,2021-12-17 09:01:56
1639731716967603000,98.9,1,98.8,93,98.9,50,1,2021-12-17 09:01:56
1639731717108233000,98.9,1,98.8,93,98.9,49,1,2021-12-17 09:01:57
1639731717291116000,98.8,15,98.8,78,98.9,49,2,2021-12-17 09:01:57
1639731717321483000,98.8,1,98.8,77,98.9,49,2,2021-12-17 09:01:57
1639731717483974000,98.9,1,98.8,77,98.9,48,1,2021-12-17 09:01:57
1639731717668054000,98.9,1,98.8,77,98.9,47,1,2021-12-17 09:01:57
1639731717808489000,98.9,1,98.8,79,98.9,46,1,2021-12-17 09:01:57
1639731718490114000,98.9,10,98.8,82,98.9,43,1,2021-12-17 09:01:58
1639731718686059000,98.9,1,98.8,82,98.9,42,1,2021-12-17 09:01:58
1639731718699943000,98.9,1,98.8,83,98.9,41,1,2021-12-17 09:01:58
1639731718769198000,98.9,16,98.8,85,98.9,25,1,2021-12-17 09:01:58
1639731718924603000,98.9,1,98.8,88,98.9,26,1,2021-12-17 09:01:58
1639731719042287000,98.9,5,98.8,88,98.9,21,1,2021-12-17 09:01:59
1639731719089589000,98.9,1,98.8,88,98.9,20,1,2021-12-17 09:01:59
1639731719256547000,98.9,1,98.8,88,98.9,19,1,2021-12-17 09:01:59
1639731719366711000,98.9,1,98.8,88,98.9,22,1,2021-12-17 09:01:59
1639731719409437000,98.9,1,98.8,88,98.9,21,1,2021-12-17 09:01:59
1639731719526095000,98.9,3,98.8,88,98.9,18,1,2021-12-17 09:01:59
1639731719749836000,98.9,1,98.8,91,98.9,17,1,2021-12-17 09:01:59
1639731719951820000,98.8,2,98.8,90,98.9,18,2,2021-12-17 09:01:59
1639731719974929000,98.9,8,98.8,82,98.9,10,1,2021-12-17 09:01:59
1639731719985891000,98.9,1,98.8,82,98.9,9,1,2021-12-17 09:01:59
1639731720010311000,98.9,2,98.8,83,98.9,7,1,2021-12-17 09:02:00
1639731720016529000,98.9,5,98.8,83,98.9,2,1,2021-12-17 09:02:00
1639731720076920000,98.9,3,98.8,83,99.0,147,1,2021-12-17 09:02:00
1639731720368231000,98.9,1,98.8,92,99.0,147,2,2021-12-17 09:02:00
1639731720368231000,98.8,2,98.8,92,99.0,147,2,2021-12-17 09:02:00
1639731720445277000,98.9,1,98.8,93,98.9,1,2,2021-12-17 09:02:00
1639731720452202000,98.9,1,98.8,93,99.0,150,1,2021-12-17 09:02:00
1639731720463608000,98.8,2,98.8,91,99.0,150,2,2021-12-17 09:02:00
1639731720661558000,99.0,2,98.9,4,99.0,151,1,2021-12-17 09:02:00
1639731720875859000,98.9,2,98.9,4,99.0,151,2,2021-12-17 09:02:00
1639731721218581000,98.9,1,98.9,9,99.0,154,2,2021-12-17 09:02:01
1639731721526390000,98.9,10,98.8,123,98.9,40,2,2021-12-17 09:02:01
1639731721530500000,98.9,1,98.8,123,98.9,39,1,2021-12-17 09:02:01
1639731721544566000,98.9,1,98.8,123,98.9,38,1,2021-12-17 09:02:01
1639731721619767000,98.9,1,98.8,124,98.9,38,1,2021-12-17 09:02:01
1639731721622617000,98.9,1,98.8,124,98.9,37,1,2021-12-17 09:02:01
1639731721650867000,98.8,1,98.8,123,98.9,37,2,2021-12-17 09:02:01
1639731721713951000,98.9,5,98.8,124,98.9,32,1,2021-12-17 09:02:01
1639731721723197000,98.8,1,98.8,123,98.9,32,2,2021-12-17 09:02:01
1639731721802019000,98.9,1,98.8,123,98.9,31,1,2021-12-17 09:02:01
1639731721855529000,98.9,1,98.8,123,98.9,31,1,2021-12-17 09:02:01
1639731721869044000,98.9,1,98.8,123,98.9,30,1,2021-12-17 09:02:01
1639731721963060000,98.9,1,98.8,125,98.9,29,1,2021-12-17 09:02:01
1639731721964140000,98.9,5,98.8,125,98.9,24,1,2021-12-17 09:02:01
1639731722006512000,98.9,1,98.8,126,98.9,24,1,2021-12-17 09:02:02
1639731722085998000,98.8,10,98.8,117,98.9,24,2,2021-12-17 09:02:02
1639731722164252000,98.9,1,98.8,117,98.9,23,1,2021-12-17 09:02:02
1639731722305727000,98.8,2,98.8,115,98.9,23,2,2021-12-17 09:02:02
1639731722308355000,98.9,5,98.8,115,98.9,18,1,2021-12-17 09:02:02
1639731722356892000,98.9,5,98.8,115,98.9,15,1,2021-12-17 09:02:02
1639731722453711000,98.9,3,98.8,112,98.9,12,1,2021-12-17 09:02:02
1639731722612818000,98.9,3,98.8,112,98.9,10,1,2021-12-17 09:02:02
1639731722653444000,98.9,11,98.8,113,99.0,146,1,2021-12-17 09:02:02
1639731722653444000,99.0,9,98.8,113,99.0,146,1,2021-12-17 09:02:02
1639731723046775000,98.9,1,98.9,24,99.0,146,2,2021-12-17 09:02:03
1639731723142384000,99.0,1,98.9,25,99.0,145,1,2021-12-17 09:02:03
1639731723572531000,98.9,2,98.9,27,99.0,146,2,2021-12-17 09:02:03
1639731723601907000,99.0,1,98.9,27,99.0,145,1,2021-12-17 09:02:03
1639731723977192000,99.0,1,98.9,54,99.0,144,1,2021-12-17 09:02:03
1639731724028962000,98.9,5,98.9,50,99.0,145,2,2021-12-17 09:02:04
1639731724059114000,98.9,2,98.9,48,99.0,145,2,2021-12-17 09:02:04
1639731724087691000,98.9,5,98.9,43,99.0,145,2,2021-12-17 09:02:04
1639731724149265000,99.0,2,98.9,44,99.0,143,1,2021-12-17 09:02:04
1639731724446625000,98.9,49,98.8,120,98.9,1,2,2021-12-17 09:02:04
1639731724496435000,98.9,1,98.8,120,99.0,143,1,2021-12-17 09:02:04
1639731724748438000,98.8,1,98.8,122,99.0,146,2,2021-12-17 09:02:04
1639731724791685000,99.0,5,98.8,122,99.0,141,1,2021-12-17 09:02:04
1639731725105723000,99.0,1,98.9,22,99.0,150,1,2021-12-17 09:02:05
1639731725301079000,98.9,1,98.9,22,99.0,152,2,2021-12-17 09:02:05
1639731725430059000,98.9,25,98.8,124,98.9,25,2,2021-12-17 09:02:05
1639731725503286000,98.9,25,98.8,124,99.2,18,1,2021-12-17 09:02:05
1639731725503286000,99.0,152,98.8,124,99.2,18,1,2021-12-17 09:02:05
1639731725503286000,99.1,18,98.8,124,99.2,18,1,2021-12-17 09:02:05
1639731725503286000,99.2,5,98.8,124,99.2,18,1,2021-12-17 09:02:05
1639731725585294000,99.0,1,99.0,2,99.2,23,2,2021-12-17 09:02:05
1639731725922511000,99.0,2,98.9,8,99.0,8,1,2021-12-17 09:02:05
1639731726017612000,98.9,8,98.8,126,98.9,42,2,2021-12-17 09:02:06
1639731726053294000,98.9,1,98.8,126,98.9,41,1,2021-12-17 09:02:06
1639731726133120000,98.9,1,98.8,126,98.9,40,1,2021-12-17 09:02:06
1639731726171663000,98.8,1,98.8,125,98.9,40,2,2021-12-17 09:02:06
1639731726267112000,98.8,1,98.8,124,98.9,40,2,2021-12-17 09:02:06
1639731726353031000,98.9,1,98.8,125,98.9,39,1,2021-12-17 09:02:06
1639731726363430000,98.9,1,98.8,125,98.9,38,1,2021-12-17 09:02:06
1639731726398668000,98.9,2,98.8,125,98.9,36,1,2021-12-17 09:02:06
1639731726470863000,98.9,5,98.8,125,98.9,31,1,2021-12-17 09:02:06
1639731726623094000,98.9,1,98.8,126,98.9,30,1,2021-12-17 09:02:06
1639731726676404000,98.9,1,98.8,126,98.9,29,1,2021-12-17 09:02:06
1639731726714671000,98.9,7,98.8,126,98.9,22,1,2021-12-17 09:02:06
1639731726817002000,98.9,5,98.8,126,98.9,17,1,2021-12-17 09:02:06
1639731726837928000,98.9,1,98.8,126,98.9,16,1,2021-12-17 09:02:06
1639731726894964000,98.9,10,98.8,126,98.9,7,1,2021-12-17 09:02:06
1639731727068197000,98.9,1,98.8,126,98.9,6,1,2021-12-17 09:02:07
1639731727221694000,98.9,1,98.8,126,98.9,5,1,2021-12-17 09:02:07
1639731727258200000,98.9,1,98.8,127,98.9,4,1,2021-12-17 09:02:07
1639731727483293000,98.9,1,98.8,129,98.9,3,1,2021-12-17 09:02:07
1639731727578549000,98.9,1,98.8,147,98.9,2,1,2021-12-17 09:02:07
1639731727601487000,98.9,1,98.8,147,98.9,1,1,2021-12-17 09:02:07
1639731727715174000,98.9,1,98.9,9,99.0,12,1,2021-12-17 09:02:07
1639731727874572000,99.0,1,98.9,9,99.0,11,1,2021-12-17 09:02:07
1639731727912530000,98.9,1,98.9,8,99.0,11,2,2021-12-17 09:02:07
1639731727970923000,98.9,8,98.8,174,99.0,12,2,2021-12-17 09:02:07
1639731728181052000,99.0,10,98.9,1,99.0,2,1,2021-12-17 09:02:08
1639731728182962000,99.0,1,98.9,1,99.0,1,1,2021-12-17 09:02:08
1639731728512741000,99.0,1,98.9,4,99.0,11,1,2021-12-17 09:02:08
1639731729001742000,99.0,1,98.9,30,99.0,10,1,2021-12-17 09:02:09
1639731729102367000,99.0,1,98.9,30,99.0,10,1,2021-12-17 09:02:09
1639731729152355000,98.9,1,98.9,30,99.0,10,2,2021-12-17 09:02:09
1639731729221115000,99.0,1,98.9,30,99.0,9,1,2021-12-17 09:02:09
1639731729244737000,99.0,1,98.9,31,99.0,8,1,2021-12-17 09:02:09
1639731729319994000,99.0,2,98.9,31,99.0,6,1,2021-12-17 09:02:09
1639731729342890000,99.0,1,98.9,31,99.0,5,1,2021-12-17 09:02:09
1639731729386407000,99.0,1,98.9,31,99.0,9,1,2021-12-17 09:02:09
1639731729432166000,99.0,1,98.9,31,99.0,8,1,2021-12-17 09:02:09
1639731729491678000,98.9,1,98.9,31,99.0,8,2,2021-12-17 09:02:09
1639731729707981000,99.0,1,98.9,36,99.0,7,1,2021-12-17 09:02:09
1639731729962614000,98.9,1,98.9,37,99.0,8,2,2021-12-17 09:02:09
1639731730038000000,98.9,1,98.9,37,99.0,8,2,2021-12-17 09:02:10
1639731730062793000,98.9,1,98.9,36,99.0,8,2,2021-12-17 09:02:10
1639731730071375000,99.0,1,98.9,36,99.0,7,1,2021-12-17 09:02:10
1639731730104676000,99.0,4,98.9,37,99.0,3,1,2021-12-17 09:02:10
1639731730242474000,99.0,1,98.9,37,99.0,2,1,2021-12-17 09:02:10
1639731730378724000,98.9,1,98.9,37,99.0,7,2,2021-12-17 09:02:10
1639731730595978000,99.0,1,98.9,38,99.0,7,1,2021-12-17 09:02:10
1639731730612233000,99.0,4,98.9,38,99.0,3,1,2021-12-17 09:02:10
1639731730668495000,99.0,3,98.9,39,99.1,33,1,2021-12-17 09:02:10
1639731730668495000,99.1,2,98.9,39,99.1,33,1,2021-12-17 09:02:10
1639731730695925000,99.1,1,98.9,41,99.1,33,1,2021-12-17 09:02:10
1639731730832386000,99.0,3,98.9,42,99.1,51,2,2021-12-17 09:02:10
1639731730844817000,98.9,2,98.9,40,99.1,51,2,2021-12-17 09:02:10
1639731731121128000,99.0,1,99.0,5,99.1,51,2,2021-12-17 09:02:11
1639731731189419000,99.1,1,99.0,5,99.1,50,1,2021-12-17 09:02:11
1639731731191824000,99.0,1,99.0,4,99.1,50,2,2021-12-17 09:02:11
1639731731236653000,99.1,2,99.0,4,99.1,48,1,2021-12-17 09:02:11
1639731731360819000,99.0,3,99.0,1,99.1,48,2,2021-12-17 09:02:11
1639731731369469000,99.0,1,98.9,55,99.0,1,2,2021-12-17 09:02:11
1639731731576356000,99.0,3,98.9,59,99.0,1,1,2021-12-17 09:02:11
1639731731623021000,99.0,1,98.9,61,99.1,48,1,2021-12-17 09:02:11
1639731731880442000,99.0,1,99.0,5,99.1,48,2,2021-12-17 09:02:11
1639731731991059000,99.1,1,99.0,6,99.1,47,1,2021-12-17 09:02:11
1639731732095869000,99.1,1,99.0,7,99.1,36,1,2021-12-17 09:02:12
1639731732404735000,99.0,1,99.0,14,99.1,36,2,2021-12-17 09:02:12
1639731732437927000,99.1,10,99.0,14,99.1,26,1,2021-12-17 09:02:12
1639731732600729000,99.0,1,99.0,13,99.1,26,2,2021-12-17 09:02:12
1639731732649354000,99.0,1,99.0,15,99.1,26,2,2021-12-17 09:02:12
1639731733091773000,99.0,1,99.0,18,99.1,23,2,2021-12-17 09:02:13
1639731733643766000,99.0,2,99.0,28,99.1,26,2,2021-12-17 09:02:13
1639731733879765000,99.0,1,99.0,28,99.1,26,2,2021-12-17 09:02:13
1639731734238040000,99.1,1,99.0,32,99.1,25,1,2021-12-17 09:02:14
1639731734525516000,99.1,1,99.0,35,99.1,24,1,2021-12-17 09:02:14
1639731734554318000,99.1,2,99.0,35,99.1,22,1,2021-12-17 09:02:14
1639731734793002000,99.1,1,99.0,38,99.1,21,1,2021-12-17 09:02:14
1639731734855381000,99.0,2,99.0,36,99.1,21,2,2021-12-17 09:02:14
1639731734999755000,99.1,1,99.0,36,99.1,21,1,2021-12-17 09:02:14
1639731735383131000,99.1,3,99.0,39,99.1,18,1,2021-12-17 09:02:15
1639731735384188000,99.1,1,99.0,39,99.1,17,1,2021-12-17 09:02:15
1639731735524621000,99.1,1,99.0,39,99.1,16,1,2021-12-17 09:02:15
1639731735862205000,99.0,1,99.0,51,99.1,26,2,2021-12-17 09:02:15
1639731735942397000,99.0,5,99.0,46,99.1,26,2,2021-12-17 09:02:15
1639731735951941000,99.0,7,99.0,39,99.1,26,2,2021-12-17 09:02:15
1639731736123037000,99.1,1,99.0,41,99.1,26,1,2021-12-17 09:02:16
1639731736281974000,99.0,1,99.0,40,99.1,26,2,2021-12-17 09:02:16
1639731736318365000,99.0,1,99.0,39,99.1,27,2,2021-12-17 09:02:16
1639731736342058000,99.1,4,99.0,39,99.1,23,1,2021-12-17 09:02:16
1639731736417550000,99.1,1,99.0,41,99.1,22,1,2021-12-17 09:02:16
1639731736555722000,99.1,2,99.0,41,99.1,20,1,2021-12-17 09:02:16
1639731736668394000,99.0,1,99.0,54,99.1,20,2,2021-12-17 09:02:16
1639731736782916000,99.0,1,99.0,54,99.1,20,2,2021-12-17 09:02:16
1639731736886207000,99.1,2,99.0,55,99.1,18,1,2021-12-17 09:02:16
1639731737300395000,99.0,1,99.0,64,99.1,18,2,2021-12-17 09:02:17
1639731737328738000,99.0,2,99.0,62,99.1,18,2,2021-12-17 09:02:17
1639731737395468000,99.1,2,99.0,62,99.1,16,1,2021-12-17 09:02:17
1639731737424923000,99.1,1,99.0,63,99.1,15,1,2021-12-17 09:02:17
1639731737579130000,99.1,1,99.0,64,99.1,14,1,2021-12-17 09:02:17
1639731737793148000,99.1,1,99.0,65,99.1,13,1,2021-12-17 09:02:17
1639731738154901000,99.1,10,99.0,69,99.1,3,1,2021-12-17 09:02:18
1639731738485845000,99.1,1,99.0,70,99.1,6,1,2021-12-17 09:02:18
1639731738584417000,99.1,1,99.0,72,99.1,5,1,2021-12-17 09:02:18
1639731738731684000,99.1,1,99.0,76,99.1,4,1,2021-12-17 09:02:18
1639731738822082000,99.1,2,99.0,78,99.1,2,1,2021-12-17 09:02:18
1639731738849857000,99.1,1,99.0,78,99.1,1,1,2021-12-17 09:02:18
1639731738985803000,99.0,2,99.0,82,99.1,1,2,2021-12-17 09:02:18
1639731739008851000,99.1,1,99.0,82,99.2,42,1,2021-12-17 09:02:19
1639731739077995000,99.1,1,99.1,1,99.2,38,2,2021-12-17 09:02:19
1639731739265745000,99.1,1,99.1,8,99.2,39,2,2021-12-17 09:02:19
1639731739296479000,99.1,1,99.1,7,99.2,39,2,2021-12-17 09:02:19
1639731739306852000,99.1,1,99.1,6,99.2,39,2,2021-12-17 09:02:19
1639731739683193000,99.2,1,99.1,10,99.2,38,1,2021-12-17 09:02:19
1639731739702970000,99.2,2,99.1,10,99.2,36,1,2021-12-17 09:02:19
1639731739772236000,99.2,1,99.1,12,99.2,34,1,2021-12-17 09:02:19
1639731739864841000,99.2,2,99.1,13,99.2,31,1,2021-12-17 09:02:19
1639731740031711000,99.2,1,99.1,13,99.2,30,1,2021-12-17 09:02:20
1639731740355624000,99.1,1,99.1,14,99.2,30,2,2021-12-17 09:02:20
1639731740544301000,99.2,1,99.1,17,99.2,29,1,2021-12-17 09:02:20
1639731740712996000,99.1,1,99.1,17,99.2,29,2,2021-12-17 09:02:20
1639731741117497000,99.2,1,99.1,53,99.2,28,1,2021-12-17 09:02:21
1639731741408857000,99.2,1,99.1,57,99.2,27,1,2021-12-17 09:02:21
1639731741894105000,99.1,1,99.1,61,99.2,28,2,2021-12-17 09:02:21
1639731742177559000,99.2,5,99.1,69,99.2,23,1,2021-12-17 09:02:22
1639731742245099000,99.2,1,99.1,70,99.2,22,1,2021-12-17 09:02:22
1639731742250458000,99.2,1,99.1,70,99.2,21,1,2021-12-17 09:02:22
1639731742436897000,99.2,1,99.1,70,99.2,20,1,2021-12-17 09:02:22
1639731742712812000,99.2,1,99.1,70,99.2,19,1,2021-12-17 09:02:22
1639731742973013000,99.1,1,99.1,73,99.2,10,2,2021-12-17 09:02:22
1639731743135352000,99.2,1,99.1,79,99.2,10,1,2021-12-17 09:02:23
1639731743196346000,99.1,1,99.1,78,99.2,10,2,2021-12-17 09:02:23
1639731743204539000,99.2,1,99.1,78,99.2,9,1,2021-12-17 09:02:23
1639731743702206000,99.1,1,99.1,102,99.2,16,2,2021-12-17 09:02:23
1639731743796154000,99.2,3,99.1,102,99.2,13,1,2021-12-17 09:02:23
1639731743968666000,99.2,1,99.1,109,99.2,22,1,2021-12-17 09:02:23
1639731744039829000,99.2,2,99.1,109,99.2,20,1,2021-12-17 09:02:24
1639731744199177000,99.2,1,99.1,110,99.2,19,1,2021-12-17 09:02:24
1639731744222763000,99.2,1,99.1,110,99.2,18,1,2021-12-17 09:02:24
1639731744276172000,99.2,1,99.1,110,99.2,17,1,2021-12-17 09:02:24
1639731744414435000,99.2,1,99.1,109,99.2,17,1,2021-12-17 09:02:24
1639731744418825000,99.2,2,99.1,111,99.2,15,1,2021-12-17 09:02:24
1639731744585936000,99.2,1,99.1,113,99.2,15,1,2021-12-17 09:02:24
1639731744628424000,99.2,1,99.1,114,99.2,14,1,2021-12-17 09:02:24
1639731744712432000,99.2,1,99.1,115,99.2,13,1,2021-12-17 09:02:24
1639731744717064000,99.2,3,99.1,115,99.2,10,1,2021-12-17 09:02:24
1639731744748164000,99.2,1,99.1,115,99.2,9,1,2021-12-17 09:02:24
1639731744763795000,99.2,9,99.2,1,99.3,71,1,2021-12-17 09:02:24
1639731745106171000,99.3,10,99.2,24,99.3,62,1,2021-12-17 09:02:25
1639731745360317000,99.2,3,99.2,21,99.3,62,2,2021-12-17 09:02:25
1639731745471518000,99.2,1,99.2,20,99.3,62,2,2021-12-17 09:02:25
1639731745533424000,99.3,2,99.2,20,99.3,60,1,2021-12-17 09:02:25
1639731745636089000,99.3,1,99.2,20,99.3,60,1,2021-12-17 09:02:25
1639731745755411000,99.3,2,99.2,21,99.3,58,1,2021-12-17 09:02:25
1639731746078543000,99.3,6,99.2,43,99.3,52,1,2021-12-17 09:02:26
1639731746196086000,99.2,1,99.2,42,99.3,52,2,2021-12-17 09:02:26
1639731746529194000,99.3,5,99.2,45,99.3,49,1,2021-12-17 09:02:26
1639731746624672000,99.3,1,99.2,45,99.3,48,1,2021-12-17 09:02:26
1639731746626438000,99.3,1,99.2,45,99.3,47,1,2021-12-17 09:02:26
1639731746825137000,99.3,1,99.2,46,99.3,46,1,2021-12-17 09:02:26
1639731746922569000,99.3,1,99.2,56,99.3,45,1,2021-12-17 09:02:26
1639731747005145000,99.3,1,99.2,56,99.3,44,1,2021-12-17 09:02:27
1639731747219632000,99.3,2,99.2,57,99.3,42,1,2021-12-17 09:02:27
1639731747408184000,99.3,7,99.2,59,99.4,81,1,2021-12-17 09:02:27
1639731747408184000,99.4,3,99.2,59,99.4,81,1,2021-12-17 09:02:27
1639731747437466000,99.4,1,99.2,59,99.4,80,1,2021-12-17 09:02:27
1639731747444116000,99.4,1,99.2,59,99.4,79,1,2021-12-17 09:02:27
1639731747560991000,99.4,1,99.2,65,99.4,78,1,2021-12-17 09:02:27
1639731747579523000,99.4,1,99.2,75,99.4,77,1,2021-12-17 09:02:27
1639731747792787000,99.3,1,99.2,75,99.4,77,2,2021-12-17 09:02:27
1639731747869893000,99.3,1,99.2,76,99.4,77,1,2021-12-17 09:02:27
1639731748003048000,99.4,1,99.3,1,99.4,94,1,2021-12-17 09:02:28
1639731748140242000,99.4,1,99.3,1,99.4,112,1,2021-12-17 09:02:28
1639731748403145000,99.4,3,99.3,1,99.4,108,1,2021-12-17 09:02:28
1639731748407369000,99.4,2,99.3,1,99.4,106,1,2021-12-17 09:02:28
1639731748449426000,99.4,1,99.3,1,99.4,105,1,2021-12-17 09:02:28
1639731748653136000,99.3,1,99.3,3,99.4,105,2,2021-12-17 09:02:28
1639731748703615000,99.4,1,99.3,3,99.4,104,1,2021-12-17 09:02:28
1639731748728687000,99.4,1,99.3,5,99.4,103,1,2021-12-17 09:02:28
1639731749075296000,99.4,1,99.3,6,99.4,102,1,2021-12-17 09:02:29
1639731749263852000,99.4,5,99.3,6,99.4,97,1,2021-12-17 09:02:29
1639731749439162000,99.3,7,99.2,83,99.4,97,2,2021-12-17 09:02:29
1639731749439741000,99.2,5,99.2,83,99.4,97,2,2021-12-17 09:02:29
1639731749466567000,99.4,5,99.2,83,99.4,91,1,2021-12-17 09:02:29
1639731749496147000,99.3,1,99.2,83,99.4,91,2,2021-12-17 09:02:29
1639731749600094000,99.4,1,99.2,84,99.4,90,1,2021-12-17 09:02:29
1639731750006628000,99.3,1,99.3,4,99.4,91,2,2021-12-17 09:02:30
1639731750070577000,99.4,5,99.3,5,99.4,86,1,2021-12-17 09:02:30
1639731750176606000,99.4,1,99.3,5,99.4,85,1,2021-12-17 09:02:30
1639731750352085000,99.4,1,99.3,7,99.4,84,1,2021-12-17 09:02:30
1639731750581005000,99.3,1,99.3,8,99.4,84,2,2021-12-17 09:02:30
1639731750660008000,99.4,1,99.3,8,99.4,83,1,2021-12-17 09:02:30
1639731750739251000,99.4,1,99.3,8,99.4,83,1,2021-12-17 09:02:30
1639731750815740000,99.4,10,99.3,8,99.4,75,1,2021-12-17 09:02:30
1639731750838114000,99.4,50,99.3,8,99.4,25,1,2021-12-17 09:02:30
1639731750870832000,99.3,8,99.2,95,99.3,10,2,2021-12-17 09:02:30
1639731750996726000,99.3,1,99.2,98,99.3,9,1,2021-12-17 09:02:30
1639731751077039000,99.3,1,99.2,98,99.3,13,1,2021-12-17 09:02:31
1639731751108383000,99.3,2,99.2,98,99.3,11,1,2021-12-17 09:02:31
1639731751150291000,99.3,1,99.2,98,99.3,10,1,2021-12-17 09:02:31
1639731751205685000,99.3,5,99.2,98,99.3,5,1,2021-12-17 09:02:31
1639731751206366000,99.3,5,99.2,98,99.5,115,1,2021-12-17 09:02:31
1639731751206366000,99.4,27,99.2,98,99.5,115,1,2021-12-17 09:02:31
1639731751206366000,99.5,13,99.2,98,99.5,115,1,2021-12-17 09:02:31
1639731751360820000,99.4,1,99.2,98,99.5,115,2,2021-12-17 09:02:31
1639731751899069000,99.5,1,99.4,3,99.5,115,1,2021-12-17 09:02:31
1639731751932282000,99.4,1,99.4,2,99.5,115,2,2021-12-17 09:02:31
1639731752335624000,99.4,5,99.3,9,99.4,13,2,2021-12-17 09:02:32
1639731752413499000,99.4,9,99.3,9,99.4,5,1,2021-12-17 09:02:32
1639731752452145000,99.4,1,99.3,9,99.4,3,1,2021-12-17 09:02:32
1639731752483984000,99.3,1,99.3,8,99.4,3,2,2021-12-17 09:02:32
1639731752569086000,99.4,1,99.3,9,99.4,2,1,2021-12-17 09:02:32
1639731752690108000,99.3,1,99.3,8,99.4,2,2,2021-12-17 09:02:32
1639731752702589000,99.3,1,99.3,7,99.4,2,2,2021-12-17 09:02:32
1639731752726375000,99.4,2,99.3,7,99.5,115,1,2021-12-17 09:02:32
1639731752726375000,99.5,2,99.3,7,99.5,115,1,2021-12-17 09:02:32
1639731752783337000,99.5,1,99.3,7,99.5,113,1,2021-12-17 09:02:32
1639731752788502000,99.5,1,99.3,7,99.5,112,1,2021-12-17 09:02:32
1639731752835529000,99.5,10,99.3,7,99.5,102,1,2021-12-17 09:02:32
1639731752850019000,99.5,1,99.3,7,99.5,101,1,2021-12-17 09:02:32
1639731753081053000,99.4,3,99.3,8,99.5,101,1,2021-12-17 09:02:33
1639731753252235000,99.5,1,99.3,12,99.5,100,1,2021-12-17 09:02:33
1639731753328880000,99.4,1,99.4,2,99.5,100,2,2021-12-17 09:02:33
1639731753374368000,99.4,2,99.3,15,99.5,101,2,2021-12-17 09:02:33
1639731753395562000,99.5,1,99.4,1,99.5,99,1,2021-12-17 09:02:33
1639731753488356000,99.5,99,99.4,1,99.6,19,1,2021-12-17 09:02:33
1639731753587870000,99.6,2,99.4,4,99.6,21,1,2021-12-17 09:02:33
1639731753598108000,99.4,4,99.3,15,99.6,21,2,2021-12-17 09:02:33
1639731753598108000,99.3,1,99.3,15,99.6,21,2,2021-12-17 09:02:33
1639731753645394000,99.6,1,99.3,16,99.6,21,1,2021-12-17 09:02:33
1639731753801293000,99.6,1,99.4,3,99.6,20,1,2021-12-17 09:02:33
1639731753852976000,99.6,1,99.4,3,99.6,18,1,2021-12-17 09:02:33
1639731754064378000,99.6,1,99.5,1,99.6,17,1,2021-12-17 09:02:34
1639731754160316000,99.6,4,99.5,1,99.6,13,1,2021-12-17 09:02:34
1639731754214820000,99.5,1,99.5,2,99.6,13,2,2021-12-17 09:02:34
1639731754448274000,99.5,1,99.5,1,99.6,13,2,2021-12-17 09:02:34
1639731754580204000,99.6,1,99.5,1,99.6,12,1,2021-12-17 09:02:34
1639731754604789000,99.5,1,99.4,19,99.6,12,2,2021-12-17 09:02:34
1639731754885773000,99.6,1,99.5,5,99.6,11,1,2021-12-17 09:02:34
1639731755235871000,99.6,1,99.5,5,99.6,13,1,2021-12-17 09:02:35
1639731755393007000,99.6,1,99.5,5,99.6,12,1,2021-12-17 09:02:35
1639731755411364000,99.5,1,99.5,5,99.6,12,2,2021-12-17 09:02:35
1639731755430770000,99.6,1,99.5,5,99.6,7,1,2021-12-17 09:02:35
1639731755766946000,99.5,3,99.5,5,99.6,7,2,2021-12-17 09:02:35
1639731755775482000,99.5,1,99.5,4,99.6,7,2,2021-12-17 09:02:35
1639731755804612000,99.6,2,99.5,4,99.6,5,1,2021-12-17 09:02:35
1639731755892569000,99.5,5,99.4,29,99.6,5,2,2021-12-17 09:02:35
1639731755892569000,99.4,10,99.4,29,99.6,5,2,2021-12-17 09:02:35
1639731755981208000,99.6,1,99.5,4,99.6,6,1,2021-12-17 09:02:35
1639731756073626000,99.6,1,99.5,5,99.6,5,1,2021-12-17 09:02:36
1639731756296482000,99.6,1,99.5,5,99.6,4,1,2021-12-17 09:02:36
1639731756437568000,99.6,1,99.5,6,99.6,21,1,2021-12-17 09:02:36
1639731756488954000,99.6,1,99.5,6,99.6,20,1,2021-12-17 09:02:36
1639731756590088000,99.6,3,99.5,7,99.6,17,1,2021-12-17 09:02:36
1639731756929541000,99.6,10,99.5,11,99.6,11,1,2021-12-17 09:02:36
1639731757165743000,99.6,1,99.5,15,99.6,10,1,2021-12-17 09:02:37
1639731757197743000,99.6,1,99.5,16,99.6,9,1,2021-12-17 09:02:37
1639731757348254000,99.5,1,99.5,15,99.6,9,2,2021-12-17 09:02:37
1639731757443919000,99.6,1,99.5,16,99.6,8,1,2021-12-17 09:02:37
1639731757696784000,99.6,1,99.5,18,99.6,7,1,2021-12-17 09:02:37
1639731757851089000,99.6,1,99.5,20,99.6,16,1,2021-12-17 09:02:37
1639731757857264000,99.6,1,99.5,20,99.6,15,1,2021-12-17 09:02:37
1639731757987988000,99.6,3,99.5,21,99.6,12,1,2021-12-17 09:02:37
1639731758063475000,99.6,1,99.5,22,99.6,11,1,2021-12-17 09:02:38
1639731758177477000,99.6,1,99.5,22,99.6,10,1,2021-12-17 09:02:38
1639731758179254000,99.6,1,99.5,22,99.6,9,1,2021-12-17 09:02:38
1639731758202581000,99.6,1,99.5,22,99.6,8,1,2021-12-17 09:02:38
1639731758249628000,99.6,1,99.5,22,99.6,7,1,2021-12-17 09:02:38
1639731758322502000,99.6,1,99.5,30,99.6,6,1,2021-12-17 09:02:38
1639731758437666000,99.6,1,99.5,31,99.6,5,1,2021-12-17 09:02:38
1639731758553042000,99.6,5,99.5,32,99.7,58,1,2021-12-17 09:02:38
1639731758553042000,99.7,2,99.5,32,99.7,58,1,2021-12-17 09:02:38
1639731758964404000,99.7,1,99.6,18,99.7,56,1,2021-12-17 09:02:38
1639731759164106000,99.6,1,99.6,18,99.7,56,2,2021-12-17 09:02:39
1639731759316259000,99.6,1,99.6,18,99.7,56,2,2021-12-17 09:02:39
1639731759383683000,99.6,1,99.6,18,99.7,56,2,2021-12-17 09:02:39
1639731759480020000,99.6,1,99.6,18,99.7,56,2,2021-12-17 09:02:39
1639731759499283000,99.7,1,99.6,18,99.7,56,1,2021-12-17 09:02:39
1639731759588197000,99.7,1,99.6,19,99.7,55,1,2021-12-17 09:02:39
1639731759675390000,99.6,10,99.6,9,99.7,55,2,2021-12-17 09:02:39
1639731759786834000,99.7,1,99.6,9,99.7,54,1,2021-12-17 09:02:39
1639731759884145000,99.7,1,99.6,13,99.7,53,1,2021-12-17 09:02:39
1639731760409166000,99.7,1,99.6,19,99.7,55,1,2021-12-17 09:02:40
1639731760445822000,99.6,10,99.6,9,99.7,55,2,2021-12-17 09:02:40
1639731760650481000,99.6,1,99.6,14,99.7,55,2,2021-12-17 09:02:40
1639731760843943000,99.7,1,99.6,16,99.7,54,1,2021-12-17 09:02:40
1639731760996744000,99.7,2,99.6,17,99.7,52,1,2021-12-17 09:02:40
1639731761058319000,99.7,1,99.6,21,99.7,51,1,2021-12-17 09:02:41
1639731761171375000,99.6,1,99.6,20,99.7,51,2,2021-12-17 09:02:41
1639731761176192000,99.7,1,99.6,20,99.7,50,1,2021-12-17 09:02:41
1639731761181395000,99.7,5,99.6,20,99.7,45,1,2021-12-17 09:02:41
1639731761430328000,99.6,1,99.6,24,99.7,46,2,2021-12-17 09:02:41
1639731761610565000,99.6,5,99.6,22,99.7,48,2,2021-12-17 09:02:41
1639731761821367000,99.6,30,99.5,65,99.6,20,2,2021-12-17 09:02:41
1639731761866786000,99.6,1,99.5,65,99.6,19,1,2021-12-17 09:02:41
1639731761881322000,99.6,1,99.5,65,99.6,18,1,2021-12-17 09:02:41
1639731761885802000,99.6,1,99.5,65,99.6,17,1,2021-12-17 09:02:41
1639731761944744000,99.6,1,99.5,67,99.6,16,1,2021-12-17 09:02:41
1639731762115425000,99.6,1,99.5,67,99.6,17,1,2021-12-17 09:02:42
1639731762132379000,99.6,1,99.5,67,99.6,16,1,2021-12-17 09:02:42
1639731762310597000,99.6,1,99.5,68,99.6,15,1,2021-12-17 09:02:42
1639731762329511000,99.6,1,99.5,68,99.6,14,1,2021-12-17 09:02:42
