ts,close,volume,bid_price,bid_volume,ask_price,ask_volume,tick_type,datetime
1639731616021918000,87.8,636,87.7,15,87.8,44,2,2021-12-17 09:00:16
1639731616057954000,87.7,15,87.6,12,87.8,44,2,2021-12-17 09:00:16
1639731616275015000,87.6,1,87.6,5,87.8,46,2,2021-12-17 09:00:16
1639731616418933000,87.6,3,87.6,2,87.8,46,2,2021-12-17 09:00:16
1639731616448856000,87.6,2,87.5,50,87.8,46,2,2021-12-17 09:00:16
1639731616505658000,87.8,1,87.5,50,87.8,45,1,2021-12-17 09:00:16
1639731616735208000,87.5,4,87.5,46,87.8,45,2,2021-12-17 09:00:16
1639731616736404000,87.8,1,87.5,46,87.8,44,1,2021-12-17 09:00:16
1639731616823653000,87.8,1,87.5,46,87.8,43,1,2021-12-17 09:00:16
1639731618857485000,87.6,1,87.5,46,87.8,43,1,2021-12-17 09:00:18
1639731619290266000,87.8,1,87.5,46,87.8,42,1,2021-12-17 09:00:19
1639731619479627000,87.5,2,87.5,44,87.8,42,2,2021-12-17 09:00:19
1639731620004487000,87.8,1,87.5,44,87.8,41,1,2021-12-17 09:00:20
1639731621317763000,87.5,1,87.5,43,87.8,42,2,2021-12-17 09:00:21
1639731622531613000,87.5,1,87.5,43,87.7,1,2,2021-12-17 09:00:22
1639731622547723000,87.5,2,87.5,41,87.7,1,2,2021-12-17 09:00:22
1639731622574237000,87.5,41,87.4,7,87.7,1,2,2021-12-17 09:00:22
1639731623375014000,87.4,4,87.3,3,87.6,12,2,2021-12-17 09:00:23
1639731623375119000,87.4,3,87.3,3,87.6,12,2,2021-12-17 09:00:23
1639731623696359000,87.3,1,87.3,2,87.4,1,2,2021-12-17 09:00:23
1639731623723741000,87.3,2,87.2,1,87.4,1,2,2021-12-17 09:00:23
1639731623741085000,87.2,1,87.1,10,87.4,1,2,2021-12-17 09:00:23
1639731623816864000,87.1,2,87.1,8,87.4,1,2,2021-12-17 09:00:23
1639731624258602000,87.4,2,87.5,1,87.6,12,1,2021-12-17 09:00:24
1639731624263765000,87.5,1,87.1,8,87.6,12,2,2021-12-17 09:00:24
1639731624305481000,87.5,1,87.2,3,87.5,2,1,2021-12-17 09:00:24
1639731624852192000,87.4,1,87.2,3,87.4,2,1,2021-12-17 09:00:24
1639731624990005000,87.2,1,87.2,2,87.4,2,2,2021-12-17 09:00:24
1639731625114138000,87.2,2,87.0,10,87.4,2,2,2021-12-17 09:00:25
1639731625114138000,87.1,2,87.0,10,87.4,2,2,2021-12-17 09:00:25
1639731625114138000,87.0,6,87.0,10,87.4,2,2,2021-12-17 09:00:25
1639731625880875000,87.3,2,87.0,11,87.4,2,1,2021-12-17 09:00:25
1639731626130250000,87.4,1,87.0,11,87.4,1,1,2021-12-17 09:00:26
1639731626214539000,87.4,1,87.0,10,87.5,8,1,2021-12-17 09:00:26
1639731626858092000,87.5,1,87.0,10,87.5,7,1,2021-12-17 09:00:26
1639731626953557000,87.5,1,87.0,10,87.5,6,1,2021-12-17 09:00:26
1639731627271670000,87.1,1,87.1,2,87.4,3,2,2021-12-17 09:00:27
1639731627522190000,87.1,1,87.1,1,87.4,3,2,2021-12-17 09:00:27
1639731627549801000,87.1,1,87.0,10,87.4,3,2,2021-12-17 09:00:27
1639731629718507000,87.0,2,87.0,8,87.4,4,2,2021-12-17 09:00:29
1639731630636374000,87.0,1,87.0,8,87.4,4,2,2021-12-17 09:00:30
1639731630894593000,87.1,1,87.0,8,87.4,4,1,2021-12-17 09:00:30
1639731631303795000,87.4,1,87.1,1,87.4,3,1,2021-12-17 09:00:31
1639731632100341000,87.1,1,87.1,1,87.4,3,2,2021-12-17 09:00:32
1639731632213477000,87.4,3,87.4,2,87.5,9,1,2021-12-17 09:00:32
1639731632269995000,87.4,2,87.1,2,87.5,9,2,2021-12-17 09:00:32
1639731632366549000,87.1,1,87.1,1,87.5,9,2,2021-12-17 09:00:32
1639731632790430000,87.5,1,87.1,2,87.5,8,1,2021-12-17 09:00:32
1639731632995376000,87.1,2,87.0,8,87.5,8,2,2021-12-17 09:00:32
1639731633243843000,87.1,1,87.1,4,87.4,2,2,2021-12-17 09:00:33
1639731634075645000,87.4,2,87.1,16,87.5,8,1,2021-12-17 09:00:34
1639731634525412000,87.3,8,87.2,5,87.5,8,1,2021-12-17 09:00:34
1639731634657654000,87.3,5,87.2,5,87.5,8,1,2021-12-17 09:00:34
1639731634761485000,87.5,1,87.2,5,87.5,7,1,2021-12-17 09:00:34
1639731635122130000,87.4,2,87.2,5,87.5,4,1,2021-12-17 09:00:35
1639731635122130000,87.5,3,87.2,5,87.5,4,1,2021-12-17 09:00:35
1639731635148001000,87.5,4,87.2,5,87.6,12,1,2021-12-17 09:00:35
1639731635800025000,87.4,1,87.2,5,87.4,7,1,2021-12-17 09:00:35
1639731635801361000,87.4,7,87.2,5,87.6,12,1,2021-12-17 09:00:35
1639731635980807000,87.6,3,87.4,1,87.6,9,1,2021-12-17 09:00:35
1639731636013329000,87.4,1,87.2,5,87.6,9,2,2021-12-17 09:00:36
1639731636156736000,87.2,1,87.2,4,87.6,9,2,2021-12-17 09:00:36
1639731636355222000,87.2,1,87.2,3,87.6,9,2,2021-12-17 09:00:36
1639731636893760000,87.5,8,87.2,4,87.6,7,1,2021-12-17 09:00:36
1639731637674931000,87.6,1,87.5,1,87.6,6,1,2021-12-17 09:00:37
1639731637826798000,87.5,1,87.3,6,87.6,6,2,2021-12-17 09:00:37
1639731638741409000,87.5,1,87.4,1,87.6,7,2,2021-12-17 09:00:38
1639731639524435000,87.4,1,87.3,6,87.6,7,2,2021-12-17 09:00:39
1639731639704202000,87.3,2,87.3,5,87.6,7,2,2021-12-17 09:00:39
1639731640765721000,87.6,1,87.3,5,87.6,6,1,2021-12-17 09:00:40
1639731640885390000,87.4,1,87.3,5,87.6,6,1,2021-12-17 09:00:40
1639731642201102000,87.4,1,87.3,5,87.6,6,1,2021-12-17 09:00:42
1639731642513490000,87.3,1,87.3,5,87.6,9,2,2021-12-17 09:00:42
1639731642625792000,87.4,2,87.3,4,87.6,9,2,2021-12-17 09:00:42
1639731642625792000,87.3,1,87.3,4,87.6,9,2,2021-12-17 09:00:42
1639731642867589000,87.6,1,87.3,4,87.6,8,1,2021-12-17 09:00:42
1639731643176655000,87.5,2,87.3,4,87.5,6,1,2021-12-17 09:00:43
1639731643500304000,87.3,2,87.3,2,87.5,6,2,2021-12-17 09:00:43
1639731644019414000,87.5,1,87.4,1,87.5,5,1,2021-12-17 09:00:44
1639731644912804000,87.5,2,87.4,1,87.5,5,1,2021-12-17 09:00:44
1639731644930555000,87.5,1,87.4,1,87.5,4,1,2021-12-17 09:00:44
1639731644934029000,87.4,1,87.3,4,87.4,1,2,2021-12-17 09:00:44
1639731644961001000,87.4,1,87.3,4,87.5,4,1,2021-12-17 09:00:44
1639731645700023000,87.4,1,87.3,5,87.5,6,2,2021-12-17 09:00:45
1639731646114023000,87.5,5,87.3,5,87.5,1,1,2021-12-17 09:00:46
1639731646250520000,87.3,5,87.2,15,87.5,1,2,2021-12-17 09:00:46
1639731646779018000,87.5,1,87.2,15,87.6,10,1,2021-12-17 09:00:46
1639731646872475000,87.3,1,87.2,15,87.3,5,1,2021-12-17 09:00:46
1639731646879586000,87.3,5,87.2,15,87.6,10,1,2021-12-17 09:00:46
1639731647384223000,87.5,4,87.2,15,87.6,11,2,2021-12-17 09:00:47
1639731648601824000,87.5,1,87.3,15,87.6,11,1,2021-12-17 09:00:48
1639731649054806000,87.6,1,87.4,2,87.6,10,1,2021-12-17 09:00:49
1639731649435353000,87.4,2,87.3,16,87.6,10,2,2021-12-17 09:00:49
1639731650112161000,87.4,1,87.3,16,87.4,4,2,2021-12-17 09:00:50
1639731650139814000,87.4,4,87.3,16,87.6,10,1,2021-12-17 09:00:50
1639731650466952000,87.5,1,87.3,16,87.6,10,1,2021-12-17 09:00:50
1639731652036025000,87.4,1,87.4,2,87.6,10,2,2021-12-17 09:00:52
1639731652241182000,87.5,1,87.4,2,87.5,1,1,2021-12-17 09:00:52
1639731652420312000,87.4,2,87.4,1,87.5,1,2,2021-12-17 09:00:52
1639731652444734000,87.4,1,87.3,17,87.5,1,2,2021-12-17 09:00:52
1639731652444734000,87.3,1,87.3,17,87.5,1,2,2021-12-17 09:00:52
1639731652816494000,87.5,1,87.3,18,87.6,10,1,2021-12-17 09:00:52
1639731652890006000,87.4,1,87.4,1,87.6,10,2,2021-12-17 09:00:52
1639731653754965000,87.5,1,87.4,3,87.5,1,2,2021-12-17 09:00:53
1639731654077750000,87.5,1,87.4,4,87.6,10,1,2021-12-17 09:00:54
1639731654310194000,87.6,1,87.4,4,87.6,9,1,2021-12-17 09:00:54
1639731654442525000,87.6,1,87.4,4,87.6,8,1,2021-12-17 09:00:54
1639731654495311000,87.4,3,87.4,1,87.6,8,2,2021-12-17 09:00:54
1639731654526942000,87.4,1,87.3,23,87.6,8,2,2021-12-17 09:00:54
1639731654753234000,87.5,1,87.3,23,87.7,4,1,2021-12-17 09:00:54
1639731654753234000,87.6,8,87.3,23,87.7,4,1,2021-12-17 09:00:54
1639731654753234000,87.7,1,87.3,23,87.7,4,1,2021-12-17 09:00:54
1639731655008397000,87.4,3,87.3,23,87.7,4,1,2021-12-17 09:00:55
1639731656560001000,87.6,1,87.5,4,87.6,1,1,2021-12-17 09:00:56
1639731657072426000,87.5,1,87.5,3,87.6,6,2,2021-12-17 09:00:57
1639731657540666000,87.6,1,87.5,3,87.6,5,1,2021-12-17 09:00:57
1639731657967647000,87.5,1,87.5,2,87.6,5,2,2021-12-17 09:00:57
1639731658009676000,87.5,2,87.4,2,87.6,5,2,2021-12-17 09:00:58
1639731659087271000,87.6,1,87.5,2,87.6,5,1,2021-12-17 09:00:59
1639731659249002000,87.5,1,87.5,1,87.6,5,2,2021-12-17 09:00:59
1639731659458907000,87.5,1,87.4,3,87.6,5,2,2021-12-17 09:00:59
1639731659498460000,87.6,1,87.4,3,87.6,4,1,2021-12-17 09:00:59
1639731659827047000,87.6,1,87.4,5,87.6,3,1,2021-12-17 09:00:59
1639731660021926000,87.6,2,87.5,1,87.6,1,1,2021-12-17 09:01:00
1639731660706212000,87.5,2,87.4,6,87.6,4,2,2021-12-17 09:01:00
1639731660770238000,87.6,1,87.4,6,87.6,3,1,2021-12-17 09:01:00
1639731661207668000,87.6,2,87.4,7,87.6,1,1,2021-12-17 09:01:01
1639731661341944000,87.5,1,87.4,7,87.6,1,1,2021-12-17 09:01:01
1639731661493260000,87.5,1,87.6,3,87.7,10,1,2021-12-17 09:01:01
1639731661493260000,87.6,1,87.6,3,87.7,10,1,2021-12-17 09:01:01
1639731661565057000,87.6,1,87.6,2,87.7,10,2,2021-12-17 09:01:01
1639731661629330000,87.6,2,87.5,1,87.7,10,2,2021-12-17 09:01:01
1639731661841109000,87.6,1,87.6,3,87.7,10,2,2021-12-17 09:01:01
1639731662157488000,87.6,2,87.6,3,87.7,10,2,2021-12-17 09:01:02
1639731662313644000,87.6,2,87.6,1,87.7,10,2,2021-12-17 09:01:02
1639731663980402000,87.6,1,87.6,7,87.7,9,2,2021-12-17 09:01:03
1639731664003049000,87.6,7,87.5,5,87.6,43,2,2021-12-17 09:01:04
1639731664504966000,87.5,1,87.5,5,87.6,43,2,2021-12-17 09:01:04
1639731664680408000,87.5,5,87.4,16,87.6,45,2,2021-12-17 09:01:04
1639731665143710000,87.5,1,87.4,16,87.5,1,1,2021-12-17 09:01:05
1639731665668264000,87.5,1,87.4,16,87.5,4,1,2021-12-17 09:01:05
1639731666238079000,87.4,1,87.4,15,87.5,1,2,2021-12-17 09:01:06
1639731666327371000,87.5,1,87.4,15,87.6,51,1,2021-12-17 09:01:06
1639731666361862000,87.4,15,87.3,29,87.6,51,2,2021-12-17 09:01:06
1639731666391358000,87.3,8,87.3,21,87.6,51,2,2021-12-17 09:01:06
1639731666422023000,87.3,8,87.3,13,87.6,51,2,2021-12-17 09:01:06
1639731666452654000,87.3,13,87.2,16,87.6,51,2,2021-12-17 09:01:06
1639731666567147000,87.2,5,87.2,11,87.6,51,2,2021-12-17 09:01:06
1639731666811655000,87.6,1,87.2,11,87.6,50,1,2021-12-17 09:01:06
1639731666826595000,87.6,1,87.2,11,87.6,49,1,2021-12-17 09:01:06
1639731666916860000,87.6,1,87.2,11,87.6,48,1,2021-12-17 09:01:06
1639731667880334000,87.5,2,87.2,13,87.5,1,1,2021-12-17 09:01:07
1639731667910355000,87.5,1,87.2,13,87.6,49,1,2021-12-17 09:01:07
1639731668067761000,87.4,1,87.4,1,87.6,49,2,2021-12-17 09:01:08
1639731668966596000,87.5,1,87.4,1,87.6,50,2,2021-12-17 09:01:08
1639731668997397000,87.4,1,87.2,13,87.6,50,2,2021-12-17 09:01:08
1639731669255271000,87.5,1,87.2,13,87.6,50,1,2021-12-17 09:01:09
1639731669762629000,87.2,5,87.2,8,87.5,1,2,2021-12-17 09:01:09
1639731670170890000,87.4,1,87.2,7,87.5,1,1,2021-12-17 09:01:10
1639731670404807000,87.4,1,87.2,7,87.5,1,2,2021-12-17 09:01:10
1639731671018877000,87.5,1,87.2,7,87.6,52,1,2021-12-17 09:01:11
1639731671386930000,87.3,1,87.2,7,87.6,52,2,2021-12-17 09:01:11
1639731673575297000,87.2,1,87.2,8,87.4,2,2,2021-12-17 09:01:13
1639731677535056000,87.4,1,87.2,10,87.4,2,1,2021-12-17 09:01:17
1639731677791370000,87.4,1,87.2,11,87.4,1,1,2021-12-17 09:01:17
1639731678994394000,87.2,9,87.2,2,87.3,12,2,2021-12-17 09:01:18
1639731680941339000,87.2,2,87.2,1,87.3,14,2,2021-12-17 09:01:20
1639731681573058000,87.2,1,87.2,2,87.3,14,2,2021-12-17 09:01:21
1639731681638785000,87.2,1,87.2,1,87.3,14,2,2021-12-17 09:01:21
1639731681669327000,87.2,1,87.1,32,87.3,14,2,2021-12-17 09:01:21
1639731682637254000,87.2,1,87.1,32,87.3,10,1,2021-12-17 09:01:22
1639731682637254000,87.3,4,87.1,32,87.3,10,1,2021-12-17 09:01:22
1639731682915277000,87.2,2,87.1,38,87.2,1,1,2021-12-17 09:01:22
1639731682937086000,87.2,1,87.1,34,87.3,9,1,2021-12-17 09:01:22
1639731682937086000,87.3,1,87.1,34,87.3,9,1,2021-12-17 09:01:22
1639731683093996000,87.1,1,87.1,31,87.2,2,2,2021-12-17 09:01:23
1639731683241657000,87.1,5,87.1,27,87.2,2,2,2021-12-17 09:01:23
1639731683448554000,87.2,1,87.1,26,87.2,2,1,2021-12-17 09:01:23
1639731683491360000,87.1,1,87.1,25,87.2,2,2,2021-12-17 09:01:23
1639731683959108000,87.2,1,87.1,25,87.2,1,1,2021-12-17 09:01:23
1639731684483552000,87.1,3,87.1,22,87.3,9,2,2021-12-17 09:01:24
1639731685678619000,87.2,1,87.1,26,87.2,2,1,2021-12-17 09:01:25
1639731685835984000,87.2,1,87.1,26,87.2,3,1,2021-12-17 09:01:25
1639731685871849000,87.1,5,87.1,21,87.2,3,2,2021-12-17 09:01:25
1639731685909983000,87.1,1,87.1,20,87.2,3,2,2021-12-17 09:01:25
1639731686057906000,87.1,1,87.1,19,87.2,3,2,2021-12-17 09:01:26
1639731686124285000,87.1,3,87.1,16,87.2,3,2,2021-12-17 09:01:26
1639731686157648000,87.1,1,87.1,15,87.2,3,2,2021-12-17 09:01:26
1639731686460643000,87.1,2,87.1,13,87.2,3,2,2021-12-17 09:01:26
1639731686935736000,87.2,1,87.1,13,87.2,2,1,2021-12-17 09:01:26
1639731687216440000,87.1,1,87.1,12,87.2,3,2,2021-12-17 09:01:27
1639731687386157000,87.1,1,87.1,11,87.2,3,2,2021-12-17 09:01:27
1639731687482625000,87.1,2,87.1,9,87.2,3,2,2021-12-17 09:01:27
1639731687508663000,87.1,1,87.1,8,87.2,3,2,2021-12-17 09:01:27
1639731687520775000,87.2,1,87.1,8,87.2,2,1,2021-12-17 09:01:27
1639731687536619000,87.1,8,87.0,43,87.2,2,2,2021-12-17 09:01:27
1639731687552556000,87.2,1,87.0,43,87.2,1,1,2021-12-17 09:01:27
1639731687955478000,87.1,1,87.0,43,87.2,1,1,2021-12-17 09:01:27
1639731688320412000,87.2,1,87.0,43,87.3,9,1,2021-12-17 09:01:28
1639731688967104000,87.1,2,87.0,43,87.3,9,1,2021-12-17 09:01:28
1639731689041765000,87.0,1,87.0,42,87.3,9,2,2021-12-17 09:01:29
1639731689307575000,87.3,2,87.0,42,87.3,7,1,2021-12-17 09:01:29
1639731689884742000,87.1,1,87.0,42,87.1,1,1,2021-12-17 09:01:29
1639731689993628000,87.1,1,87.0,42,87.3,7,1,2021-12-17 09:01:29
1639731690184450000,87.1,1,87.0,41,87.3,7,2,2021-12-17 09:01:30
1639731690184450000,87.0,1,87.0,41,87.3,7,2,2021-12-17 09:01:30
1639731690215604000,87.0,1,87.0,40,87.3,7,2,2021-12-17 09:01:30
1639731690257955000,87.3,1,87.0,40,87.3,6,1,2021-12-17 09:01:30
1639731691044388000,87.0,1,87.0,42,87.2,2,2,2021-12-17 09:01:31
1639731691314879000,87.2,1,87.0,42,87.2,1,1,2021-12-17 09:01:31
1639731691440214000,87.0,1,87.0,41,87.2,1,2,2021-12-17 09:01:31
1639731691780921000,87.1,1,87.0,41,87.2,1,1,2021-12-17 09:01:31
1639731693102929000,87.0,1,87.0,39,87.1,1,2,2021-12-17 09:01:33
1639731693148748000,87.0,10,87.0,29,87.1,1,2,2021-12-17 09:01:33
1639731693182278000,87.0,1,87.0,28,87.1,1,2,2021-12-17 09:01:33
1639731693396530000,87.0,2,87.0,26,87.1,1,2,2021-12-17 09:01:33
1639731693595885000,87.0,1,87.0,25,87.1,1,2,2021-12-17 09:01:33
1639731694556098000,87.0,5,87.0,20,87.1,2,2,2021-12-17 09:01:34
1639731694611387000,87.0,20,86.9,8,87.1,2,2,2021-12-17 09:01:34
1639731695181244000,87.0,1,86.9,8,87.1,2,2,2021-12-17 09:01:35
1639731695322248000,87.1,1,86.9,8,87.1,1,1,2021-12-17 09:01:35
1639731695872536000,86.9,5,86.9,3,87.0,1,2,2021-12-17 09:01:35
1639731695901015000,87.0,1,86.9,3,87.1,1,1,2021-12-17 09:01:35
1639731696848037000,87.1,1,87.1,1,87.2,6,1,2021-12-17 09:01:36
1639731696869264000,87.1,1,86.9,3,87.2,6,2,2021-12-17 09:01:36
1639731697281839000,87.2,2,86.9,4,87.2,4,1,2021-12-17 09:01:37
1639731697305784000,86.9,1,86.9,3,87.2,4,2,2021-12-17 09:01:37
1639731697372771000,87.1,1,86.9,3,87.2,4,2,2021-12-17 09:01:37
1639731698706772000,87.0,1,87.0,4,87.1,1,2,2021-12-17 09:01:38
1639731698729221000,87.0,1,87.0,3,87.1,1,2,2021-12-17 09:01:38
1639731698956851000,87.0,1,87.0,3,87.1,1,2,2021-12-17 09:01:38
1639731699138989000,87.0,1,87.0,3,87.1,1,2,2021-12-17 09:01:39
1639731700674577000,87.0,1,87.0,4,87.1,1,2,2021-12-17 09:01:40
1639731700682622000,87.1,1,87.0,4,87.2,2,1,2021-12-17 09:01:40
1639731701096566000,87.0,1,87.0,4,87.2,2,2,2021-12-17 09:01:41
1639731701481781000,87.0,1,87.0,3,87.2,2,2,2021-12-17 09:01:41
1639731701558301000,87.0,1,87.0,2,87.2,2,2,2021-12-17 09:01:41
1639731702526891000,87.0,1,87.0,1,87.1,2,2,2021-12-17 09:01:42
1639731702641555000,87.1,2,87.0,2,87.2,2,1,2021-12-17 09:01:42
1639731702917855000,87.1,1,87.0,2,87.2,2,1,2021-12-17 09:01:42
1639731703666171000,87.0,1,87.0,2,87.2,3,2,2021-12-17 09:01:43
1639731703815223000,87.0,1,87.0,1,87.2,3,2,2021-12-17 09:01:43
1639731703881928000,87.1,1,87.0,1,87.2,3,1,2021-12-17 09:01:43
1639731705522547000,87.2,4,87.0,5,87.3,10,1,2021-12-17 09:01:45
1639731705999971000,87.0,1,87.0,6,87.3,10,2,2021-12-17 09:01:45
1639731706670797000,87.1,1,87.0,7,87.3,10,1,2021-12-17 09:01:46
1639731707593012000,87.0,1,87.0,8,87.3,10,2,2021-12-17 09:01:47
1639731707843675000,87.0,7,87.0,2,87.3,10,2,2021-12-17 09:01:47
1639731708528281000,87.0,1,87.0,3,87.2,1,2,2021-12-17 09:01:48
1639731708543792000,87.2,1,87.0,3,87.3,10,1,2021-12-17 09:01:48
1639731708837268000,87.3,1,87.0,4,87.3,9,1,2021-12-17 09:01:48
1639731709256112000,87.2,1,87.0,6,87.3,9,1,2021-12-17 09:01:49
1639731710868658000,87.1,2,87.0,9,87.2,2,2,2021-12-17 09:01:50
1639731710868658000,87.0,3,87.0,9,87.2,2,2,2021-12-17 09:01:50
1639731710895035000,87.2,2,87.0,9,87.3,11,1,2021-12-17 09:01:50
1639731710979526000,87.3,1,87.1,1,87.3,10,1,2021-12-17 09:01:50
1639731713507232000,87.2,2,87.1,1,87.3,8,2,2021-12-17 09:01:53
1639731713526675000,87.3,5,87.1,1,87.3,3,1,2021-12-17 09:01:53
1639731713551601000,87.3,3,87.1,1,87.4,2,1,2021-12-17 09:01:53
1639731713665714000,87.4,1,87.1,2,87.4,1,1,2021-12-17 09:01:53
1639731714344063000,87.3,1,87.3,9,87.4,1,2,2021-12-17 09:01:54
1639731715591578000,87.3,1,87.3,9,87.4,1,2,2021-12-17 09:01:55
1639731715624272000,87.4,1,87.3,9,87.5,9,1,2021-12-17 09:01:55
1639731715723244000,87.3,1,87.3,8,87.5,9,2,2021-12-17 09:01:55
1639731715965878000,87.3,1,87.3,7,87.5,9,2,2021-12-17 09:01:55
1639731716623023000,87.3,1,87.3,7,87.5,9,2,2021-12-17 09:01:56
1639731719858369000,87.4,1,87.3,8,87.5,8,2,2021-12-17 09:01:59
1639731720912509000,87.5,1,87.3,29,87.5,7,1,2021-12-17 09:02:00
1639731721325086000,87.4,1,87.3,29,87.5,7,1,2021-12-17 09:02:01
1639731722684981000,87.4,1,87.3,31,87.5,8,2,2021-12-17 09:02:02
1639731723438494000,87.3,1,87.3,31,87.5,8,2,2021-12-17 09:02:03
1639731725574796000,87.4,2,87.3,32,87.5,14,2,2021-12-17 09:02:05
1639731726312577000,87.4,1,87.3,32,87.5,14,1,2021-12-17 09:02:06
1639731726312577000,87.5,4,87.3,32,87.5,14,1,2021-12-17 09:02:06
1639731728283939000,87.4,1,87.3,37,87.5,14,1,2021-12-17 09:02:08
1639731729199157000,87.5,1,87.3,37,87.5,13,1,2021-12-17 09:02:09
1639731729859975000,87.4,1,87.3,37,87.5,14,2,2021-12-17 09:02:09
1639731729859975000,87.3,1,87.3,37,87.5,14,2,2021-12-17 09:02:09
1639731730954090000,87.4,1,87.4,1,87.5,19,2,2021-12-17 09:02:10
1639731731384839000,87.4,1,87.4,3,87.5,22,2,2021-12-17 09:02:11
1639731735276039000,87.5,1,87.4,6,87.5,28,1,2021-12-17 09:02:15
1639731735653910000,87.4,3,87.4,3,87.5,28,2,2021-12-17 09:02:15
1639731735706620000,87.4,3,87.3,36,87.4,2,2,2021-12-17 09:02:15
1639731736527964000,87.4,1,87.3,37,87.4,12,1,2021-12-17 09:02:16
1639731737031291000,87.4,1,87.3,37,87.4,15,1,2021-12-17 09:02:17
1639731737097360000,87.3,1,87.3,36,87.4,15,2,2021-12-17 09:02:17
1639731737594695000,87.3,1,87.3,35,87.4,15,2,2021-12-17 09:02:17
1639731738263085000,87.4,1,87.3,35,87.4,14,1,2021-12-17 09:02:18
1639731738623078000,87.4,1,87.3,35,87.4,16,1,2021-12-17 09:02:18
1639731738962287000,87.3,5,87.3,30,87.4,16,2,2021-12-17 09:02:18
1639731738988635000,87.3,4,87.3,26,87.4,16,2,2021-12-17 09:02:18
1639731739372005000,87.4,1,87.3,26,87.4,15,1,2021-12-17 09:02:19
1639731739429264000,87.4,1,87.3,26,87.4,14,1,2021-12-17 09:02:19
1639731741488372000,87.3,5,87.3,21,87.4,18,2,2021-12-17 09:02:21
1639731741521858000,87.3,21,87.2,3,87.4,18,2,2021-12-17 09:02:21
1639731741562695000,87.2,3,87.1,17,87.4,18,2,2021-12-17 09:02:21
1639731741631615000,87.4,1,87.3,1,87.4,17,1,2021-12-17 09:02:21
1639731741633838000,87.3,1,87.1,17,87.4,17,2,2021-12-17 09:02:21
1639731742455195000,87.2,1,87.1,16,87.2,1,1,2021-12-17 09:02:22
1639731742510611000,87.2,1,87.3,1,87.4,17,1,2021-12-17 09:02:22
1639731742545039000,87.3,1,87.1,16,87.4,17,2,2021-12-17 09:02:22
1639731742739194000,87.3,1,87.1,16,87.4,17,2,2021-12-17 09:02:22
1639731743599400000,87.3,1,87.1,16,87.4,14,2,2021-12-17 09:02:23
1639731746160310000,87.2,1,87.1,16,87.2,7,1,2021-12-17 09:02:26
1639731746642453000,87.2,1,87.1,16,87.2,6,1,2021-12-17 09:02:26
1639731746902574000,87.1,5,87.1,11,87.2,6,2,2021-12-17 09:02:26
1639731747826618000,87.1,1,87.1,11,87.2,6,2,2021-12-17 09:02:27
1639731750470806000,87.1,5,87.1,6,87.2,6,2,2021-12-17 09:02:30
1639731752637346000,87.1,1,87.1,5,87.2,10,2,2021-12-17 09:02:32
1639731753631708000,87.1,5,87.0,44,87.2,10,2,2021-12-17 09:02:33
1639731756987730000,87.1,1,87.0,44,87.1,5,1,2021-12-17 09:02:36
1639731757170181000,87.1,1,87.0,44,87.1,4,1,2021-12-17 09:02:37
1639731757721769000,87.1,1,87.0,44,87.1,4,1,2021-12-17 09:02:37
1639731757990899000,87.1,1,87.0,44,87.1,3,1,2021-12-17 09:02:37
1639731758656785000,87.1,1,87.0,44,87.1,2,1,2021-12-17 09:02:38
1639731758684331000,87.1,1,87.0,44,87.1,1,1,2021-12-17 09:02:38
1639731759568372000,87.1,1,87.1,9,87.2,8,1,2021-12-17 09:02:39
1639731760101175000,87.1,1,87.1,9,87.2,8,2,2021-12-17 09:02:40
1639731761551347000,87.1,2,87.1,9,87.2,8,2,2021-12-17 09:02:41
1639731761579962000,87.1,1,87.1,8,87.2,8,2,2021-12-17 09:02:41
1639731762546453000,87.1,2,87.1,8,87.2,9,2,2021-12-17 09:02:42
1639731764777992000,87.2,1,87.1,13,87.2,8,1,2021-12-17 09:02:44
1639731766063192000,87.2,3,87.1,15,87.2,6,1,2021-12-17 09:02:46
1639731767908748000,87.1,1,87.1,16,87.2,6,2,2021-12-17 09:02:47
1639731768727644000,87.2,1,87.1,16,87.2,5,1,2021-12-17 09:02:48
1639731768758969000,87.1,1,87.1,15,87.2,5,2,2021-12-17 09:02:48
1639731769127943000,87.2,1,87.1,20,87.2,4,1,2021-12-17 09:02:49
1639731769636700000,87.2,1,87.1,20,87.2,4,1,2021-12-17 09:02:49
1639731770458001000,87.2,1,87.1,19,87.2,4,1,2021-12-17 09:02:50
1639731770786655000,87.1,1,87.1,18,87.2,4,2,2021-12-17 09:02:50
1639731771321319000,87.2,1,87.1,18,87.2,4,1,2021-12-17 09:02:51
1639731771701296000,87.2,1,87.1,18,87.2,3,1,2021-12-17 09:02:51
1639731772591298000,87.2,1,87.1,18,87.2,2,1,2021-12-17 09:02:52
1639731772861839000,87.1,2,87.1,16,87.2,2,2,2021-12-17 09:02:52
1639731772893695000,87.1,1,87.1,15,87.2,2,2,2021-12-17 09:02:52
1639731773075481000,87.2,1,87.1,15,87.2,1,1,2021-12-17 09:02:53
1639731773220584000,87.2,1,87.1,16,87.3,3,1,2021-12-17 09:02:53
1639731773322435000,87.1,1,87.1,15,87.3,3,2,2021-12-17 09:02:53
1639731775434513000,87.3,2,87.2,10,87.4,15,1,2021-12-17 09:02:55
1639731779903355000,87.3,1,87.2,23,87.4,17,1,2021-12-17 09:02:59
1639731780198975000,87.4,2,87.2,24,87.4,15,1,2021-12-17 09:03:00
1639731781039506000,87.2,10,87.2,14,87.3,9,2,2021-12-17 09:03:01
1639731781086852000,87.2,14,87.1,17,87.3,9,2,2021-12-17 09:03:01
1639731781403562000,87.3,9,87.3,3,87.4,17,1,2021-12-17 09:03:01
1639731781435382000,87.3,2,87.3,1,87.4,17,2,2021-12-17 09:03:01
1639731781464628000,87.3,1,87.1,17,87.4,17,2,2021-12-17 09:03:01
1639731782418105000,87.1,1,87.1,17,87.4,17,2,2021-12-17 09:03:02
1639731782972911000,87.3,1,87.1,17,87.4,17,2,2021-12-17 09:03:02
1639731783581264000,87.2,1,87.1,17,87.4,17,1,2021-12-17 09:03:03
1639731783643686000,87.1,2,87.1,15,87.4,17,2,2021-12-17 09:03:03
1639731783764901000,87.3,1,87.1,15,87.4,17,2,2021-12-17 09:03:03
1639731783923348000,87.1,5,87.1,10,87.3,10,2,2021-12-17 09:03:03
1639731784876786000,87.1,10,87.0,63,87.3,20,2,2021-12-17 09:03:04
1639731786432613000,87.1,1,87.0,63,87.2,1,1,2021-12-17 09:03:06
1639731790486344000,87.0,67,86.9,24,87.1,19,2,2021-12-17 09:03:10
1639731790516266000,86.9,3,86.9,21,87.1,19,2,2021-12-17 09:03:10
1639731790548673000,86.9,3,86.9,18,87.0,5,2,2021-12-17 09:03:10
1639731790549098000,86.9,5,86.8,30,87.0,5,2,2021-12-17 09:03:10
1639731790549181000,86.9,13,86.8,30,87.0,5,2,2021-12-17 09:03:10
1639731791194472000,86.8,5,86.8,25,86.9,1,2,2021-12-17 09:03:11
1639731791261681000,86.9,1,86.8,25,87.0,5,1,2021-12-17 09:03:11
1639731791261681000,87.0,1,86.8,25,87.0,5,1,2021-12-17 09:03:11
1639731791292164000,86.8,1,86.8,24,87.0,5,2,2021-12-17 09:03:11
1639731791314988000,86.8,23,86.8,1,87.0,5,2,2021-12-17 09:03:11
1639731791405341000,86.8,1,86.7,3,86.9,1,2,2021-12-17 09:03:11
1639731791405341000,86.7,4,86.7,3,86.9,1,2,2021-12-17 09:03:11
1639731791447411000,86.7,2,86.7,1,86.9,1,2,2021-12-17 09:03:11
1639731791468234000,86.7,1,86.6,16,86.8,2,2,2021-12-17 09:03:11
1639731791932692000,86.8,1,86.6,12,86.8,4,1,2021-12-17 09:03:11
1639731792169364000,86.8,1,86.6,12,86.8,3,1,2021-12-17 09:03:12
1639731793076758000,86.8,1,86.6,12,86.8,2,1,2021-12-17 09:03:13
1639731793097187000,86.6,3,86.6,9,86.8,2,2,2021-12-17 09:03:13
1639731793329740000,86.6,9,86.5,26,86.7,3,2,2021-12-17 09:03:13
1639731795083919000,86.8,2,86.5,26,86.8,3,1,2021-12-17 09:03:15
1639731795342077000,86.5,3,86.5,23,86.8,3,2,2021-12-17 09:03:15
1639731797090914000,86.5,1,86.5,22,86.8,3,2,2021-12-17 09:03:17
1639731799741405000,86.6,1,86.5,23,86.7,3,2,2021-12-17 09:03:19
1639731799777003000,86.7,3,86.5,23,86.8,1,1,2021-12-17 09:03:19
1639731799777003000,86.8,2,86.5,23,86.8,1,1,2021-12-17 09:03:19
1639731800147100000,86.6,2,86.5,23,86.7,1,2,2021-12-17 09:03:20
1639731800498562000,86.5,10,86.5,13,86.7,1,2,2021-12-17 09:03:20
1639731801212006000,86.6,3,86.6,7,86.7,1,2,2021-12-17 09:03:21
1639731802479168000,86.6,5,86.6,5,86.7,3,2,2021-12-17 09:03:22
1639731802587422000,86.6,1,86.6,4,86.7,3,2,2021-12-17 09:03:22
1639731803707323000,86.6,2,86.6,2,86.7,3,2,2021-12-17 09:03:23
1639731803748997000,86.6,1,86.6,1,86.7,3,2,2021-12-17 09:03:23
1639731805238031000,86.6,2,86.5,17,86.7,3,2,2021-12-17 09:03:25
1639731805238031000,86.5,3,86.5,17,86.7,3,2,2021-12-17 09:03:25
1639731805733255000,86.7,2,86.5,18,86.7,1,1,2021-12-17 09:03:25
1639731806738250000,86.6,1,86.6,6,86.7,1,2,2021-12-17 09:03:26
1639731806747617000,86.6,1,86.6,5,86.7,1,2,2021-12-17 09:03:26
1639731806900158000,86.6,2,86.6,4,86.7,1,2,2021-12-17 09:03:26
1639731806950932000,86.6,1,86.6,3,86.7,1,2,2021-12-17 09:03:26
1639731807052132000,86.6,1,86.6,2,86.7,1,2,2021-12-17 09:03:27
1639731808134091000,86.7,1,86.6,3,86.8,12,1,2021-12-17 09:03:28
1639731808755996000,86.6,1,86.6,2,86.8,12,2,2021-12-17 09:03:28
1639731809277488000,86.7,1,86.7,7,86.8,12,2,2021-12-17 09:03:29
1639731809322603000,86.7,7,86.6,7,86.8,12,2,2021-12-17 09:03:29
1639731809375710000,86.7,1,86.6,7,86.8,12,1,2021-12-17 09:03:29
1639731809523608000,86.6,2,86.6,5,86.8,12,2,2021-12-17 09:03:29
1639731809821114000,86.6,1,86.6,4,86.8,12,2,2021-12-17 09:03:29
1639731810045276000,86.6,1,86.6,4,86.8,12,2,2021-12-17 09:03:30
1639731811202475000,86.6,1,86.6,4,86.7,1,2,2021-12-17 09:03:31
1639731811402450000,86.7,1,86.6,4,86.8,12,1,2021-12-17 09:03:31
1639731812445615000,86.7,1,86.6,5,86.8,12,2,2021-12-17 09:03:32
1639731812636656000,86.6,1,86.6,4,86.8,12,2,2021-12-17 09:03:32
1639731812767441000,86.6,1,86.6,3,86.8,12,2,2021-12-17 09:03:32
1639731812948573000,86.7,1,86.6,3,86.7,1,1,2021-12-17 09:03:32
1639731813131943000,86.7,1,86.6,7,86.8,12,1,2021-12-17 09:03:33
1639731813749903000,86.6,1,86.6,6,86.8,12,2,2021-12-17 09:03:33
1639731814398954000,86.7,1,86.6,6,86.8,10,1,2021-12-17 09:03:34
1639731814583642000,86.6,7,86.4,5,86.5,11,2,2021-12-17 09:03:34
1639731814583642000,86.5,22,86.4,5,86.5,11,2,2021-12-17 09:03:34
1639731814613885000,86.5,7,86.4,5,86.8,10,1,2021-12-17 09:03:34
1639731814613909000,86.5,4,86.4,5,86.8,10,1,2021-12-17 09:03:34
1639731814671100000,86.4,1,86.4,5,86.8,10,2,2021-12-17 09:03:34
1639731814717890000,86.4,2,86.4,3,86.8,10,2,2021-12-17 09:03:34
1639731814822484000,86.6,1,86.4,3,86.8,10,2,2021-12-17 09:03:34
1639731815001729000,86.4,1,86.4,2,86.8,10,2,2021-12-17 09:03:35
1639731816494206000,86.7,1,86.6,2,86.8,11,1,2021-12-17 09:03:36
1639731816878847000,86.6,1,86.6,1,86.7,1,2,2021-12-17 09:03:36
1639731817305322000,86.6,1,86.5,1,86.7,1,2,2021-12-17 09:03:37
1639731817576497000,86.5,1,86.4,13,86.7,2,2,2021-12-17 09:03:37
1639731818159642000,86.4,1,86.4,12,86.7,2,2,2021-12-17 09:03:38
1639731819814575000,86.7,1,86.6,7,86.7,2,1,2021-12-17 09:03:39
1639731819853330000,86.7,2,86.6,7,86.8,11,1,2021-12-17 09:03:39
1639731819990639000,86.6,1,86.6,6,86.8,11,2,2021-12-17 09:03:39
1639731820061946000,86.6,1,86.6,5,86.8,11,2,2021-12-17 09:03:40
1639731820610448000,86.6,5,86.4,13,86.5,2,2,2021-12-17 09:03:40
1639731820631817000,86.5,2,86.4,13,86.8,12,1,2021-12-17 09:03:40
1639731820763157000,86.4,1,86.4,13,86.8,12,2,2021-12-17 09:03:40
1639731821054719000,86.6,1,86.6,1,86.8,12,2,2021-12-17 09:03:41
1639731821520552000,86.6,1,86.4,14,86.8,12,2,2021-12-17 09:03:41
1639731821642131000,86.4,5,86.4,9,86.7,1,2,2021-12-17 09:03:41
1639731821890728000,86.6,1,86.4,9,86.7,1,2,2021-12-17 09:03:41
1639731822368249000,86.5,1,86.5,1,86.7,1,2,2021-12-17 09:03:42
1639731822467393000,86.6,1,86.5,1,86.7,1,1,2021-12-17 09:03:42
1639731823197096000,86.5,1,86.4,11,86.7,1,2,2021-12-17 09:03:43
1639731823842625000,86.7,1,86.7,99,86.8,12,1,2021-12-17 09:03:43
1639731823873765000,86.8,12,86.7,99,86.9,3,1,2021-12-17 09:03:43
1639731823998307000,86.9,3,86.7,99,87.0,7,1,2021-12-17 09:03:43
1639731824049375000,87.0,2,86.7,99,87.0,5,1,2021-12-17 09:03:44
1639731824163930000,86.7,3,86.7,96,87.0,5,2,2021-12-17 09:03:44
1639731824754350000,86.7,1,86.7,95,87.0,5,2,2021-12-17 09:03:44
1639731824918278000,86.7,1,86.7,94,87.0,5,2,2021-12-17 09:03:44
1639731825926576000,86.7,6,86.7,88,87.0,5,2,2021-12-17 09:03:45
1639731826338348000,86.8,1,86.7,88,87.0,5,1,2021-12-17 09:03:46
1639731829874520000,86.8,1,86.7,88,87.0,5,2,2021-12-17 09:03:49
1639731829874520000,86.7,1,86.7,88,87.0,5,2,2021-12-17 09:03:49
1639731830493732000,86.8,1,86.7,88,87.0,5,2,2021-12-17 09:03:50
1639731831730440000,86.8,1,86.7,88,87.0,5,2,2021-12-17 09:03:51
1639731834418850000,87.0,2,86.9,1,87.0,3,1,2021-12-17 09:03:54
1639731835785295000,87.0,4,86.9,1,87.1,4,1,2021-12-17 09:03:55
1639731835918831000,86.9,1,86.8,2,87.1,4,2,2021-12-17 09:03:55
1639731837169494000,86.8,2,86.7,88,86.9,1,2,2021-12-17 09:03:57
1639731838497228000,86.9,1,86.7,88,87.1,4,1,2021-12-17 09:03:58
1639731841161913000,86.8,9,86.8,3,87.1,5,2,2021-12-17 09:04:01
1639731843679915000,86.8,2,86.7,89,86.8,18,2,2021-12-17 09:04:03
1639731844334222000,86.8,1,86.7,89,86.8,17,1,2021-12-17 09:04:04
1639731844340092000,86.8,1,86.7,89,86.8,16,1,2021-12-17 09:04:04
1639731844361083000,86.8,16,86.7,89,86.9,2,1,2021-12-17 09:04:04
1639731844561544000,86.9,2,86.7,89,87.0,1,1,2021-12-17 09:04:04
1639731846486454000,86.9,1,86.8,1,87.0,1,1,2021-12-17 09:04:06
1639731847353599000,86.8,2,86.7,89,86.8,4,2,2021-12-17 09:04:07
1639731847382751000,86.8,4,86.7,89,86.9,1,1,2021-12-17 09:04:07
1639731849219503000,86.8,3,86.7,89,86.9,2,2,2021-12-17 09:04:09
1639731850087129000,86.8,1,86.7,89,86.9,2,1,2021-12-17 09:04:10
1639731851222221000,86.9,2,86.8,6,87.0,1,1,2021-12-17 09:04:11
1639731851222221000,87.0,1,86.8,6,87.0,1,1,2021-12-17 09:04:11
1639731852421844000,87.0,1,86.8,13,87.1,5,1,2021-12-17 09:04:12
1639731854660169000,86.9,3,86.8,12,87.1,5,2,2021-12-17 09:04:14
1639731854660169000,86.8,4,86.8,12,87.1,5,2,2021-12-17 09:04:14
1639731854859182000,86.8,10,86.8,2,87.1,5,2,2021-12-17 09:04:14
1639731856797310000,87.0,1,86.8,7,87.0,2,1,2021-12-17 09:04:16
1639731858380489000,87.0,1,86.9,1,87.0,1,1,2021-12-17 09:04:18
1639731858653237000,87.0,1,86.9,1,87.1,5,1,2021-12-17 09:04:18
1639731858807228000,87.0,1,86.9,1,87.0,1,1,2021-12-17 09:04:18
1639731859553175000,87.0,1,86.9,1,87.1,5,1,2021-12-17 09:04:19
1639731860918788000,86.9,1,86.7,6,87.1,7,2,2021-12-17 09:04:20
1639731860918788000,86.8,14,86.7,6,87.1,7,2,2021-12-17 09:04:20
1639731860918788000,86.7,85,86.7,6,87.1,7,2,2021-12-17 09:04:20
1639731861050843000,86.7,3,86.7,4,87.1,8,2,2021-12-17 09:04:21
1639731861689972000,86.7,1,86.7,3,87.1,8,2,2021-12-17 09:04:21
1639731861941037000,86.9,1,86.8,1,87.1,8,2,2021-12-17 09:04:21
1639731862257404000,86.8,2,86.7,3,86.9,2,2,2021-12-17 09:04:22
1639731866038300000,86.8,1,86.7,4,86.9,4,2,2021-12-17 09:04:26
1639731866344959000,86.8,1,86.7,4,86.9,4,1,2021-12-17 09:04:26
1639731867230277000,86.8,1,86.7,4,86.8,1,1,2021-12-17 09:04:27
1639731867425492000,86.8,1,86.7,4,86.9,3,1,2021-12-17 09:04:27
1639731867491239000,86.8,1,86.7,4,86.9,3,1,2021-12-17 09:04:27
1639731867645823000,86.9,1,86.7,4,86.9,2,1,2021-12-17 09:04:27
1639731868214637000,86.7,5,86.6,5,86.8,1,2,2021-12-17 09:04:28
1639731874338062000,86.7,4,86.6,7,86.8,4,2,2021-12-17 09:04:34
1639731874673476000,86.6,2,86.6,5,86.8,4,2,2021-12-17 09:04:34
1639731875754088000,86.7,1,86.6,6,86.8,4,2,2021-12-17 09:04:35
1639731879238024000,86.8,5,86.6,7,86.9,2,1,2021-12-17 09:04:39
1639731879719594000,86.9,2,86.7,2,87.0,7,1,2021-12-17 09:04:39
1639731880435819000,86.7,1,86.7,2,87.0,7,2,2021-12-17 09:04:40
1639731883466346000,86.8,1,86.7,3,87.0,8,2,2021-12-17 09:04:43
1639731884708487000,86.8,1,86.7,3,87.0,8,1,2021-12-17 09:04:44
1639731885958260000,86.8,1,86.7,14,86.9,1,2,2021-12-17 09:04:45
1639731886226238000,86.9,1,86.7,14,87.0,8,1,2021-12-17 09:04:46
1639731889901367000,86.8,2,86.7,17,87.0,9,2,2021-12-17 09:04:49
1639731890714747000,86.9,1,86.8,2,87.0,9,2,2021-12-17 09:04:50
1639731891351203000,86.8,2,86.7,17,86.8,1,2,2021-12-17 09:04:51
1639731891386403000,86.8,1,86.7,16,87.0,9,1,2021-12-17 09:04:51
1639731892102542000,86.8,1,86.7,17,86.8,1,2,2021-12-17 09:04:52
1639731892135965000,86.8,1,86.7,17,86.8,1,1,2021-12-17 09:04:52
1639731892675108000,86.7,6,86.7,12,86.8,1,2,2021-12-17 09:04:52
1639731893566199000,86.8,1,86.7,12,87.0,10,1,2021-12-17 09:04:53
1639731893934361000,86.9,1,86.7,12,87.0,10,2,2021-12-17 09:04:53
1639731895023684000,86.7,1,86.7,11,86.9,2,2,2021-12-17 09:04:55
1639731898006776000,86.8,1,86.7,11,86.8,1,2,2021-12-17 09:04:58
1639731898027454000,86.8,1,86.7,11,86.9,3,1,2021-12-17 09:04:58
1639731901472158000,86.8,1,86.8,1,86.9,3,2,2021-12-17 09:05:01
1639731901789966000,86.9,1,86.8,1,86.9,3,1,2021-12-17 09:05:01
1639731901846851000,86.8,1,86.7,9,86.9,3,2,2021-12-17 09:05:01
1639731901846851000,86.7,4,86.7,9,86.9,3,2,2021-12-17 09:05:01
1639731903269628000,86.8,1,86.7,9,86.9,5,2,2021-12-17 09:05:03
1639731903936562000,86.8,1,86.7,9,86.8,9,2,2021-12-17 09:05:03
1639731903982850000,86.7,9,86.6,17,86.8,9,2,2021-12-17 09:05:03
1639731906305448000,86.8,1,86.7,2,86.8,11,1,2021-12-17 09:05:06
1639731907746537000,86.7,1,86.7,1,86.8,11,2,2021-12-17 09:05:07
1639731913364371000,86.8,3,86.7,8,86.8,10,1,2021-12-17 09:05:13
1639731913444748000,86.7,2,86.7,6,86.8,10,2,2021-12-17 09:05:13
1639731913537663000,86.8,5,86.7,6,86.8,5,1,2021-12-17 09:05:13
1639731913552247000,86.8,1,86.7,6,86.8,4,1,2021-12-17 09:05:13
1639731913776002000,86.7,3,86.7,3,86.8,4,2,2021-12-17 09:05:13
1639731915704886000,86.8,1,86.7,4,86.8,3,1,2021-12-17 09:05:15
1639731916080319000,86.7,4,86.6,17,86.8,3,2,2021-12-17 09:05:16
1639731917547546000,86.7,1,86.6,15,86.8,3,2,2021-12-17 09:05:17
1639731917547546000,86.6,2,86.6,15,86.8,3,2,2021-12-17 09:05:17
1639731919012058000,86.7,1,86.7,3,86.8,3,2,2021-12-17 09:05:19
1639731922072896000,86.7,1,86.7,5,86.8,5,2,2021-12-17 09:05:22
1639731922099862000,86.7,5,86.6,15,86.8,5,2,2021-12-17 09:05:22
1639731923010782000,86.7,1,86.7,3,86.8,5,2,2021-12-17 09:05:23
1639731924531104000,86.7,1,86.7,4,86.8,5,2,2021-12-17 09:05:24
1639731925765896000,86.7,1,86.7,14,86.8,5,2,2021-12-17 09:05:25
1639731928162463000,86.7,15,86.6,15,86.8,6,2,2021-12-17 09:05:28
1639731931627640000,86.8,1,86.7,2,86.8,5,1,2021-12-17 09:05:31
1639731932910108000,86.8,1,86.7,5,86.8,4,1,2021-12-17 09:05:32
1639731934605693000,86.7,4,86.7,3,86.8,4,2,2021-12-17 09:05:34
1639731936371769000,86.7,4,86.7,1,86.8,4,2,2021-12-17 09:05:36
1639731936476099000,86.8,1,86.7,1,86.8,3,1,2021-12-17 09:05:36
1639731937497601000,86.7,3,86.6,15,86.8,3,2,2021-12-17 09:05:37
1639731939723505000,86.7,1,86.7,5,86.8,4,2,2021-12-17 09:05:39
1639731941450458000,86.8,1,86.7,5,86.8,4,1,2021-12-17 09:05:41
1639731941783012000,86.7,1,86.7,4,86.8,4,2,2021-12-17 09:05:41
1639731943671505000,86.7,2,86.7,2,86.8,10,2,2021-12-17 09:05:43
1639731944563716000,86.8,2,86.7,2,86.8,8,1,2021-12-17 09:05:44
1639731945972387000,86.8,1,86.7,4,86.8,10,1,2021-12-17 09:05:45
1639731948569471000,86.7,2,86.7,8,86.8,10,2,2021-12-17 09:05:48
1639731950044487000,86.7,2,86.7,7,86.8,10,2,2021-12-17 09:05:50
1639731951119669000,86.8,1,86.7,7,86.8,9,1,2021-12-17 09:05:51
1639731951360231000,86.8,1,86.7,7,86.8,8,1,2021-12-17 09:05:51
1639731952289292000,86.7,1,86.7,7,86.8,8,2,2021-12-17 09:05:52
1639731954913898000,86.7,1,86.7,7,86.8,9,2,2021-12-17 09:05:54
1639731958129591000,86.8,1,86.7,8,86.8,8,1,2021-12-17 09:05:58
1639731958542708000,86.8,1,86.7,9,86.8,8,1,2021-12-17 09:05:58
1639731958634329000,86.8,1,86.7,11,86.8,7,1,2021-12-17 09:05:58
1639731958665730000,86.8,1,86.7,11,86.8,6,1,2021-12-17 09:05:58
1639731958808993000,86.8,1,86.7,11,86.8,5,1,2021-12-17 09:05:58
1639731959003074000,86.7,2,86.7,9,86.8,5,2,2021-12-17 09:05:59
1639731959752518000,86.7,3,86.7,6,86.8,5,2,2021-12-17 09:05:59
1639731960392398000,86.7,3,86.7,4,86.8,5,2,2021-12-17 09:06:00
1639731961007922000,86.7,2,86.7,2,86.8,6,2,2021-12-17 09:06:01
1639731964102092000,86.7,1,86.7,4,86.8,9,2,2021-12-17 09:06:04
1639731964471416000,86.7,1,86.7,4,86.8,9,2,2021-12-17 09:06:04
1639731966555761000,86.7,1,86.7,3,86.8,9,2,2021-12-17 09:06:06
1639731968635379000,86.8,1,86.7,3,86.8,8,1,2021-12-17 09:06:08
1639731970736018000,86.7,1,86.7,3,86.8,8,2,2021-12-17 09:06:10
1639731971153500000,86.8,4,86.7,3,86.8,4,1,2021-12-17 09:06:11
1639731971174340000,86.8,3,86.7,3,86.8,1,1,2021-12-17 09:06:11
1639731971246209000,86.8,1,86.7,4,86.9,5,1,2021-12-17 09:06:11
1639731972185854000,86.7,1,86.7,3,86.9,5,2,2021-12-17 09:06:12
1639731974505563000,86.7,1,86.7,5,86.9,5,2,2021-12-17 09:06:14
1639731979630525000,86.9,5,86.7,8,86.9,5,1,2021-12-17 09:06:19
1639731981742357000,86.7,1,86.7,8,86.9,5,2,2021-12-17 09:06:21
1639731991682942000,86.8,1,86.8,3,86.9,8,2,2021-12-17 09:06:31
1639731991769496000,86.8,3,86.7,13,86.9,8,2,2021-12-17 09:06:31
1639731992290129000,86.9,1,86.8,1,86.9,7,1,2021-12-17 09:06:32
1639731996267897000,86.9,1,86.8,1,86.9,6,1,2021-12-17 09:06:36
1639731997856996000,86.9,2,86.8,2,86.9,4,1,2021-12-17 09:06:37
1639731999073309000,86.8,1,86.8,1,86.9,4,2,2021-12-17 09:06:39
1639731999722629000,86.9,2,86.8,1,86.9,3,1,2021-12-17 09:06:39
1639731999956821000,86.8,1,86.7,13,86.8,4,2,2021-12-17 09:06:39
1639732001183469000,86.8,4,86.9,1,87.0,14,1,2021-12-17 09:06:41
1639732001183469000,86.9,3,86.9,1,87.0,14,1,2021-12-17 09:06:41
1639732004905672000,86.9,1,86.8,2,87.0,14,2,2021-12-17 09:06:44
1639732006695344000,86.9,1,86.8,2,87.0,14,2,2021-12-17 09:06:46
1639732018368414000,87.0,1,86.9,8,87.0,17,1,2021-12-17 09:06:58
1639732018747137000,86.9,1,86.9,7,87.0,17,2,2021-12-17 09:06:58
1639732023216896000,86.9,1,86.9,9,87.0,17,2,2021-12-17 09:07:03
1639732026315044000,86.9,1,86.9,10,87.0,16,2,2021-12-17 09:07:06
1639732028305289000,87.0,1,86.9,12,87.0,15,1,2021-12-17 09:07:08
1639732031686650000,87.0,5,86.9,13,87.0,10,1,2021-12-17 09:07:11
1639732034362092000,87.0,1,86.9,14,87.0,9,1,2021-12-17 09:07:14
1639732034883519000,87.0,4,86.9,15,87.0,5,1,2021-12-17 09:07:14
1639732034919381000,87.0,5,86.9,15,87.1,4,1,2021-12-17 09:07:14
1639732037159125000,87.1,4,87.0,3,87.3,4,1,2021-12-17 09:07:17
1639732037159125000,87.2,4,87.0,3,87.3,4,1,2021-12-17 09:07:17
1639732037159125000,87.3,2,87.0,3,87.3,4,1,2021-12-17 09:07:17
1639732037210502000,87.3,1,87.0,4,87.3,3,1,2021-12-17 09:07:17
1639732041454918000,87.3,2,87.1,1,87.3,3,1,2021-12-17 09:07:21
1639732044561299000,87.3,1,87.1,1,87.3,4,1,2021-12-17 09:07:24
1639732045351404000,87.1,1,87.0,13,87.3,9,2,2021-12-17 09:07:25
1639732046049559000,87.3,1,87.0,13,87.3,8,1,2021-12-17 09:07:26
1639732047402822000,87.3,3,87.0,14,87.4,10,1,2021-12-17 09:07:27
1639732047402822000,87.4,2,87.0,14,87.4,10,1,2021-12-17 09:07:27
1639732049274118000,87.3,1,87.0,14,87.4,16,1,2021-12-17 09:07:29
1639732049544869000,87.1,2,87.1,1,87.3,6,2,2021-12-17 09:07:29
1639732049565341000,87.1,1,87.0,13,87.3,6,2,2021-12-17 09:07:29
1639732050642509000,87.3,4,87.1,1,87.3,3,1,2021-12-17 09:07:30
1639732051000361000,87.3,1,87.1,1,87.4,16,1,2021-12-17 09:07:31
1639732051334297000,87.3,2,87.1,2,87.4,16,2,2021-12-17 09:07:31
1639732051828117000,87.3,1,87.1,3,87.4,16,2,2021-12-17 09:07:31
1639732051978071000,87.3,1,87.1,4,87.3,1,1,2021-12-17 09:07:31
1639732054720632000,87.3,1,87.1,3,87.3,5,1,2021-12-17 09:07:34
1639732055154794000,87.1,3,87.0,14,87.3,7,2,2021-12-17 09:07:35
1639732055599605000,87.3,1,87.0,14,87.3,6,1,2021-12-17 09:07:35
1639732055611491000,87.3,2,87.0,14,87.3,4,1,2021-12-17 09:07:35
1639732055638506000,87.3,1,87.0,14,87.3,3,1,2021-12-17 09:07:35
1639732055798029000,87.3,2,87.0,14,87.3,1,1,2021-12-17 09:07:35
1639732056519003000,87.1,1,87.0,14,87.3,2,2,2021-12-17 09:07:36
1639732057112029000,87.3,2,87.3,1,87.4,16,1,2021-12-17 09:07:37
1639732057133262000,87.3,1,87.0,14,87.4,16,2,2021-12-17 09:07:37
1639732057163902000,87.3,1,87.0,14,87.4,16,2,2021-12-17 09:07:37
1639732057784896000,87.3,2,87.0,16,87.4,16,2,2021-12-17 09:07:37
1639732058372929000,87.3,1,87.0,16,87.4,16,2,2021-12-17 09:07:38
1639732058997030000,87.3,5,87.0,16,87.4,16,1,2021-12-17 09:07:38
1639732059032780000,87.3,1,87.0,16,87.4,16,2,2021-12-17 09:07:39
1639732060315133000,87.2,1,87.0,17,87.3,2,2,2021-12-17 09:07:40
1639732060880971000,87.3,1,87.0,17,87.3,6,1,2021-12-17 09:07:40
1639732062910777000,87.3,1,87.1,3,87.3,6,1,2021-12-17 09:07:42
1639732063735535000,87.2,1,87.1,4,87.2,1,1,2021-12-17 09:07:43
1639732064073438000,87.2,2,87.1,4,87.3,5,1,2021-12-17 09:07:44
1639732065819325000,87.3,1,87.1,6,87.3,1,1,2021-12-17 09:07:45
1639732068476841000,87.1,2,87.1,6,87.2,1,2,2021-12-17 09:07:48
1639732071965076000,87.2,1,87.1,6,87.2,1,1,2021-12-17 09:07:51
1639732072034337000,87.2,1,87.1,6,87.3,4,1,2021-12-17 09:07:52
1639732072467652000,87.3,1,87.1,7,87.3,3,1,2021-12-17 09:07:52
1639732073415763000,87.3,1,87.1,7,87.3,2,1,2021-12-17 09:07:53
1639732073451184000,87.3,1,87.1,7,87.3,1,1,2021-12-17 09:07:53
1639732074897541000,87.2,2,87.1,8,87.3,1,1,2021-12-17 09:07:54
1639732075673951000,87.3,1,87.1,14,87.4,15,1,2021-12-17 09:07:55
1639732076533546000,87.3,1,87.2,1,87.4,11,2,2021-12-17 09:07:56
1639732080017507000,87.3,1,87.2,3,87.3,1,1,2021-12-17 09:08:00
1639732081087150000,87.3,1,87.2,3,87.4,11,1,2021-12-17 09:08:01
1639732082608924000,87.3,2,87.2,4,87.3,1,1,2021-12-17 09:08:02
1639732082839851000,87.3,1,87.2,4,87.4,11,1,2021-12-17 09:08:02
1639732084616401000,87.2,1,87.2,3,87.4,13,2,2021-12-17 09:08:04
1639732084940664000,87.3,1,87.2,3,87.4,13,2,2021-12-17 09:08:04
1639732085996032000,87.4,2,87.3,1,87.4,11,1,2021-12-17 09:08:05
1639732089664715000,87.3,2,87.1,1,87.4,12,2,2021-12-17 09:08:09
1639732089664715000,87.2,3,87.1,1,87.4,12,2,2021-12-17 09:08:09
1639732089664715000,87.1,15,87.1,1,87.4,12,2,2021-12-17 09:08:09
1639732089899085000,87.3,1,87.1,1,87.3,2,1,2021-12-17 09:08:09
1639732090782557000,87.3,1,87.2,1,87.4,12,2,2021-12-17 09:08:10
1639732091010311000,87.2,1,87.1,3,87.3,3,2,2021-12-17 09:08:11
1639732091073891000,87.3,1,87.1,3,87.3,2,1,2021-12-17 09:08:11
1639732092407949000,87.2,1,87.2,1,87.3,4,2,2021-12-17 09:08:12
1639732092431727000,87.2,1,87.1,3,87.3,4,2,2021-12-17 09:08:12
1639732092998885000,87.3,1,87.1,3,87.3,7,1,2021-12-17 09:08:12
1639732094292137000,87.3,2,87.1,3,87.3,7,1,2021-12-17 09:08:14
1639732094292967000,87.3,1,87.1,3,87.3,7,1,2021-12-17 09:08:14
1639732094757920000,87.3,1,87.1,3,87.3,11,1,2021-12-17 09:08:14
1639732095663230000,87.3,1,87.2,1,87.3,10,1,2021-12-17 09:08:15
1639732095699400000,87.2,1,87.1,4,87.3,10,2,2021-12-17 09:08:15
1639732096179576000,87.1,6,87.1,4,87.3,10,2,2021-12-17 09:08:16
1639732097662221000,87.2,1,87.0,48,87.2,9,1,2021-12-17 09:08:17
1639732098482051000,87.2,2,87.0,48,87.2,7,1,2021-12-17 09:08:18
1639732100839065000,87.1,2,87.0,48,87.2,8,2,2021-12-17 09:08:20
1639732101521070000,87.0,1,87.0,50,87.2,8,2,2021-12-17 09:08:21
1639732103407356000,87.1,1,87.0,50,87.1,3,1,2021-12-17 09:08:23
1639732106710920000,87.1,1,87.0,50,87.1,8,1,2021-12-17 09:08:26
1639732108630800000,87.1,1,87.0,50,87.1,7,1,2021-12-17 09:08:28
1639732110916101000,87.1,1,87.0,51,87.1,7,1,2021-12-17 09:08:30
1639732111676546000,87.1,1,87.0,51,87.1,9,1,2021-12-17 09:08:31
1639732111695578000,87.0,8,87.0,43,87.1,9,2,2021-12-17 09:08:31
1639732111709925000,87.1,1,87.0,43,87.1,8,1,2021-12-17 09:08:31
1639732111791371000,87.0,11,87.0,32,87.1,8,2,2021-12-17 09:08:31
1639732111821777000,87.0,1,87.0,31,87.1,8,2,2021-12-17 09:08:31
1639732111921251000,87.0,14,87.0,17,87.1,11,2,2021-12-17 09:08:31
1639732111945325000,87.0,1,87.0,16,87.1,11,2,2021-12-17 09:08:31
1639732111951830000,87.0,16,86.9,14,87.1,11,2,2021-12-17 09:08:31
1639732112207337000,86.9,3,86.9,11,87.0,51,2,2021-12-17 09:08:32
1639732112240184000,86.9,2,86.9,9,87.0,51,2,2021-12-17 09:08:32
1639732112273490000,86.9,9,86.8,16,87.0,54,2,2021-12-17 09:08:32
1639732112578260000,87.0,1,86.8,16,87.0,53,1,2021-12-17 09:08:32
1639732112871457000,87.0,2,86.8,17,87.0,51,1,2021-12-17 09:08:32
1639732113351661000,86.8,11,86.8,6,87.0,52,2,2021-12-17 09:08:33
1639732113820409000,86.8,5,86.7,14,86.9,3,2,2021-12-17 09:08:33
1639732114441448000,86.7,1,86.7,13,86.9,3,2,2021-12-17 09:08:34
1639732115989755000,86.9,1,86.7,13,86.9,11,1,2021-12-17 09:08:35
1639732116879001000,86.9,1,86.7,13,86.9,10,1,2021-12-17 09:08:36
1639732117417587000,86.9,1,86.7,13,86.9,9,1,2021-12-17 09:08:37
1639732118700175000,86.8,1,86.7,13,86.8,6,1,2021-12-17 09:08:38
1639732118780135000,86.7,1,86.7,12,86.8,6,2,2021-12-17 09:08:38
1639732119199561000,86.8,1,86.7,13,86.8,5,1,2021-12-17 09:08:39
1639732122341984000,86.7,12,86.6,19,86.8,10,2,2021-12-17 09:08:42
1639732124478593000,86.7,1,86.6,18,86.7,10,1,2021-12-17 09:08:44
1639732126529611000,86.6,1,86.6,17,86.7,10,2,2021-12-17 09:08:46
1639732129863847000,86.6,1,86.6,17,86.7,14,2,2021-12-17 09:08:49
1639732130641188000,86.6,2,86.6,16,86.7,20,2,2021-12-17 09:08:50
1639732132529545000,86.6,1,86.6,16,86.7,24,2,2021-12-17 09:08:52
1639732133823817000,86.6,2,86.6,14,86.7,24,2,2021-12-17 09:08:53
1639732134056708000,86.6,3,86.6,11,86.7,24,2,2021-12-17 09:08:54
1639732134129288000,86.6,1,86.6,10,86.7,24,2,2021-12-17 09:08:54
1639732140346085000,86.6,2,86.6,14,86.7,26,2,2021-12-17 09:09:00
1639732145898046000,86.6,1,86.6,13,86.7,26,2,2021-12-17 09:09:05
1639732148367717000,86.6,1,86.6,17,86.7,27,2,2021-12-17 09:09:08
1639732148688416000,86.6,1,86.6,16,86.7,27,2,2021-12-17 09:09:08
1639732149971152000,86.6,2,86.6,14,86.7,21,2,2021-12-17 09:09:09
1639732150805354000,86.6,1,86.6,13,86.7,21,2,2021-12-17 09:09:10
1639732150896717000,86.6,6,86.6,7,86.7,21,2,2021-12-17 09:09:10
1639732150949726000,86.6,1,86.6,6,86.7,21,2,2021-12-17 09:09:10
1639732151339419000,86.6,2,86.6,4,86.7,21,2,2021-12-17 09:09:11
1639732151737094000,86.6,4,86.5,46,86.7,21,2,2021-12-17 09:09:11
1639732152638988000,86.5,1,86.5,45,86.7,31,2,2021-12-17 09:09:12
1639732153102595000,86.6,1,86.5,45,86.6,1,2,2021-12-17 09:09:13
1639732153457563000,86.6,1,86.5,45,86.6,4,1,2021-12-17 09:09:13
1639732153848368000,86.6,3,86.5,45,86.6,1,1,2021-12-17 09:09:13
1639732154590947000,86.6,1,86.5,45,86.7,31,1,2021-12-17 09:09:14
1639732155629011000,86.6,1,86.6,1,86.7,34,1,2021-12-17 09:09:15
1639732156498025000,86.6,1,86.6,1,86.7,34,2,2021-12-17 09:09:16
1639732158182352000,86.6,1,86.6,3,86.7,34,2,2021-12-17 09:09:18
1639732158483800000,86.6,3,86.3,35,86.4,29,2,2021-12-17 09:09:18
1639732158483800000,86.5,45,86.3,35,86.4,29,2,2021-12-17 09:09:18
1639732158483800000,86.4,23,86.3,35,86.4,29,2,2021-12-17 09:09:18
1639732158511990000,86.3,1,86.3,34,86.4,29,2,2021-12-17 09:09:18
1639732158533862000,86.3,1,86.3,33,86.4,29,2,2021-12-17 09:09:18
1639732159116939000,86.4,1,86.3,28,86.4,51,1,2021-12-17 09:09:19
1639732159211450000,86.4,3,86.3,28,86.4,48,1,2021-12-17 09:09:19
1639732159282697000,86.3,1,86.3,27,86.4,48,2,2021-12-17 09:09:19
1639732159420297000,86.4,3,86.3,27,86.4,20,1,2021-12-17 09:09:19
1639732159461153000,86.4,3,86.3,27,86.4,17,1,2021-12-17 09:09:19
1639732159844703000,86.4,17,86.3,27,86.7,13,1,2021-12-17 09:09:19
1639732159947169000,86.4,4,86.3,28,86.6,2,1,2021-12-17 09:09:19
1639732160025924000,86.3,1,86.3,27,86.5,1,2,2021-12-17 09:09:20
1639732162628693000,86.4,2,86.3,26,86.5,5,2,2021-12-17 09:09:22
1639732164203734000,86.4,1,86.3,26,86.5,5,2,2021-12-17 09:09:24
1639732165092392000,86.5,1,86.3,26,86.5,4,1,2021-12-17 09:09:25
1639732165094830000,86.3,1,86.3,25,86.5,4,2,2021-12-17 09:09:25
1639732165313619000,86.3,2,86.3,23,86.5,8,2,2021-12-17 09:09:25
1639732165928785000,86.4,1,86.3,23,86.5,9,2,2021-12-17 09:09:25
1639732168333474000,86.4,1,86.3,27,86.4,8,1,2021-12-17 09:09:28
1639732169527076000,86.4,1,86.3,29,86.4,13,1,2021-12-17 09:09:29
1639732169717844000,86.4,1,86.3,29,86.4,12,1,2021-12-17 09:09:29
1639732170265242000,86.3,3,86.3,26,86.4,13,2,2021-12-17 09:09:30
1639732170428258000,86.3,2,86.3,24,86.4,13,2,2021-12-17 09:09:30
1639732170445965000,86.3,1,86.3,23,86.4,13,2,2021-12-17 09:09:30
1639732170488346000,86.3,1,86.3,22,86.4,13,2,2021-12-17 09:09:30
1639732170684107000,86.4,1,86.3,22,86.4,13,1,2021-12-17 09:09:30
1639732170986242000,86.3,22,86.2,28,86.3,8,2,2021-12-17 09:09:30
1639732171841707000,86.2,2,86.2,25,86.3,8,2,2021-12-17 09:09:31
1639732171866318000,86.2,3,86.2,22,86.3,13,2,2021-12-17 09:09:31
1639732171886761000,86.2,3,86.2,19,86.3,13,2,2021-12-17 09:09:31
1639732171924100000,86.2,9,86.2,10,86.3,13,2,2021-12-17 09:09:31
1639732171948970000,86.2,10,86.1,41,86.3,13,2,2021-12-17 09:09:31
1639732172257434000,86.1,41,86.0,123,86.2,4,2,2021-12-17 09:09:32
1639732173705118000,86.1,1,86.0,117,86.1,8,1,2021-12-17 09:09:33
1639732173776494000,86.1,1,86.0,117,86.1,7,1,2021-12-17 09:09:33
1639732173836447000,86.0,1,86.0,116,86.1,7,2,2021-12-17 09:09:33
1639732174558369000,86.0,1,86.0,115,86.1,7,2,2021-12-17 09:09:34
1639732174813414000,86.0,1,86.0,114,86.1,7,2,2021-12-17 09:09:34
1639732175099576000,86.0,100,86.0,14,86.1,8,2,2021-12-17 09:09:35
1639732175127668000,86.0,14,85.9,25,86.1,8,2,2021-12-17 09:09:35
1639732175635052000,85.9,2,85.9,17,86.0,5,2,2021-12-17 09:09:35
1639732176162510000,85.9,5,85.9,13,86.0,5,2,2021-12-17 09:09:36
1639732176462327000,85.9,1,85.9,12,86.0,6,2,2021-12-17 09:09:36
1639732176699421000,85.9,11,85.9,1,86.0,9,2,2021-12-17 09:09:36
1639732176720249000,85.9,1,85.8,40,86.0,9,2,2021-12-17 09:09:36
1639732176875024000,85.8,2,85.8,38,86.0,9,2,2021-12-17 09:09:36
1639732177081909000,85.8,2,85.8,36,86.0,9,2,2021-12-17 09:09:37
1639732177217461000,85.8,4,85.8,26,86.0,9,2,2021-12-17 09:09:37
1639732177469310000,86.0,1,85.8,26,86.0,8,1,2021-12-17 09:09:37
1639732179172337000,85.8,1,85.8,25,86.0,12,2,2021-12-17 09:09:39
1639732179258095000,85.8,1,85.8,24,86.0,12,2,2021-12-17 09:09:39
1639732179471413000,85.8,1,85.8,23,86.0,12,2,2021-12-17 09:09:39
1639732179576194000,85.8,3,85.8,21,86.0,12,2,2021-12-17 09:09:39
1639732180114330000,85.9,2,85.9,2,86.0,12,1,2021-12-17 09:09:40
1639732180142683000,85.9,2,85.8,24,85.9,1,2,2021-12-17 09:09:40
1639732180177725000,85.9,1,85.8,24,86.0,12,1,2021-12-17 09:09:40
1639732180553624000,86.0,1,85.8,22,86.0,7,1,2021-12-17 09:09:40
1639732180586429000,86.0,7,85.8,22,86.1,10,1,2021-12-17 09:09:40
1639732182053646000,85.8,1,85.8,21,85.9,1,2,2021-12-17 09:09:42
1639732182054278000,85.9,1,85.8,21,86.0,2,1,2021-12-17 09:09:42
1639732182332328000,85.8,1,85.8,19,86.0,2,2,2021-12-17 09:09:42
1639732182468832000,85.8,1,85.8,18,86.0,2,2,2021-12-17 09:09:42
1639732182623405000,86.0,2,85.8,18,86.1,12,1,2021-12-17 09:09:42
1639732182987367000,85.8,1,85.8,24,86.1,12,2,2021-12-17 09:09:42
1639732184340099000,85.9,2,85.8,25,86.1,13,2,2021-12-17 09:09:44
1639732184380183000,85.8,1,85.8,24,86.1,13,2,2021-12-17 09:09:44
1639732184740466000,85.8,2,85.8,22,86.1,13,2,2021-12-17 09:09:44
1639732185702638000,86.1,1,85.9,2,86.1,12,1,2021-12-17 09:09:45
1639732185782673000,85.9,1,85.9,1,86.1,12,2,2021-12-17 09:09:45
1639732186925356000,85.9,1,85.9,1,86.1,14,2,2021-12-17 09:09:46
1639732188041167000,85.9,1,85.8,17,86.0,3,2,2021-12-17 09:09:48
1639732188590139000,86.0,5,85.9,4,86.0,4,1,2021-12-17 09:09:48
1639732188633501000,86.0,4,85.9,4,86.1,6,1,2021-12-17 09:09:48
1639732190018720000,85.9,1,85.9,5,86.0,2,2,2021-12-17 09:09:50
1639732190049070000,86.0,2,85.9,5,86.1,4,1,2021-12-17 09:09:50
1639732192024357000,86.1,1,85.9,17,86.1,7,1,2021-12-17 09:09:52
1639732193014269000,86.0,1,85.9,18,86.1,7,2,2021-12-17 09:09:53
1639732193319120000,86.1,3,85.9,38,86.1,4,1,2021-12-17 09:09:53
1639732193351907000,86.1,3,85.9,38,86.1,1,1,2021-12-17 09:09:53
1639732193352238000,86.1,1,85.9,38,86.2,3,1,2021-12-17 09:09:53
1639732194884759000,86.1,1,86.1,1,86.2,3,2,2021-12-17 09:09:54
1639732196407623000,86.1,2,86.0,9,86.2,4,2,2021-12-17 09:09:56
1639732197876117000,86.2,1,86.1,3,86.2,4,1,2021-12-17 09:09:57
1639732199698948000,86.1,1,86.1,3,86.2,4,2,2021-12-17 09:09:59
1639732200914869000,86.1,2,86.1,2,86.2,4,2,2021-12-17 09:10:00
1639732202706394000,86.1,7,85.9,36,86.2,4,2,2021-12-17 09:10:02
1639732202706394000,86.0,12,85.9,36,86.2,4,2,2021-12-17 09:10:02
1639732202706394000,85.9,1,85.9,36,86.2,4,2,2021-12-17 09:10:02
1639732203073248000,86.2,1,85.9,36,86.2,3,1,2021-12-17 09:10:03
1639732204760578000,86.1,2,86.1,9,86.2,9,2,2021-12-17 09:10:04
1639732205617173000,86.1,1,86.1,9,86.2,9,2,2021-12-17 09:10:05
1639732206501817000,86.1,1,86.1,9,86.2,10,2,2021-12-17 09:10:06
1639732206588053000,86.1,9,85.6,11,85.7,17,2,2021-12-17 09:10:06
1639732206588053000,85.9,38,85.6,11,85.7,17,2,2021-12-17 09:10:06
1639732206588053000,85.8,31,85.6,11,85.7,17,2,2021-12-17 09:10:06
1639732206588053000,85.7,5,85.6,11,85.7,17,2,2021-12-17 09:10:06
1639732206612947000,85.7,17,85.6,11,86.2,10,1,2021-12-17 09:10:06
1639732206640214000,85.7,1,85.7,3,86.2,10,2,2021-12-17 09:10:06
1639732206874349000,85.9,1,85.8,1,86.0,2,1,2021-12-17 09:10:06
1639732207303231000,85.8,1,85.7,3,86.0,2,2,2021-12-17 09:10:07
1639732207303231000,85.7,1,85.7,3,86.0,2,2,2021-12-17 09:10:07
1639732207443190000,85.7,2,85.7,1,85.9,1,2,2021-12-17 09:10:07
1639732209030189000,85.7,1,85.6,8,85.9,1,2,2021-12-17 09:10:09
1639732209030189000,85.6,10,85.6,8,85.9,1,2,2021-12-17 09:10:09
1639732209116163000,85.6,8,85.5,19,85.9,1,2,2021-12-17 09:10:09
1639732209116163000,85.5,1,85.5,19,85.9,1,2,2021-12-17 09:10:09
1639732209185669000,85.5,1,85.5,18,85.9,1,2,2021-12-17 09:10:09
1639732209577922000,85.9,4,85.5,18,86.0,2,1,2021-12-17 09:10:09
1639732209577922000,86.0,1,85.5,18,86.0,2,1,2021-12-17 09:10:09
1639732209886130000,85.6,2,85.5,18,86.0,2,2,2021-12-17 09:10:09
1639732210464599000,85.5,10,85.5,9,86.0,10,2,2021-12-17 09:10:10
1639732210785987000,86.0,1,85.5,9,86.0,9,1,2021-12-17 09:10:10
1639732211176868000,85.8,1,85.5,9,86.0,10,2,2021-12-17 09:10:11
1639732211889299000,85.7,3,85.6,1,86.0,10,2,2021-12-17 09:10:11
1639732212430854000,85.9,1,85.7,1,86.0,10,2,2021-12-17 09:10:12
1639732213183078000,85.7,1,85.6,2,86.0,10,2,2021-12-17 09:10:13
1639732214655491000,85.8,8,85.6,5,85.9,1,2,2021-12-17 09:10:14
1639732216993330000,85.7,1,85.6,6,85.9,15,1,2021-12-17 09:10:16
1639732218038847000,85.6,5,85.6,1,85.9,15,2,2021-12-17 09:10:18
1639732218125032000,85.9,1,85.5,14,85.9,14,1,2021-12-17 09:10:18
1639732218306410000,85.5,1,85.5,14,85.9,17,2,2021-12-17 09:10:18
1639732219889528000,85.7,1,85.6,1,85.9,18,2,2021-12-17 09:10:19
1639732220215408000,85.6,2,85.5,10,85.8,4,2,2021-12-17 09:10:20
1639732220215408000,85.5,2,85.5,10,85.8,4,2,2021-12-17 09:10:20
1639732220906159000,85.6,1,85.5,10,85.8,3,2,2021-12-17 09:10:20
1639732220906159000,85.5,1,85.5,10,85.8,3,2,2021-12-17 09:10:20
1639732221656662000,85.5,10,85.4,6,85.8,6,2,2021-12-17 09:10:21
1639732222013017000,85.8,7,85.8,3,85.9,15,1,2021-12-17 09:10:22
1639732222050242000,85.8,3,85.6,6,85.9,15,2,2021-12-17 09:10:22
1639732222503913000,85.6,3,85.6,3,85.9,15,2,2021-12-17 09:10:22
1639732223264662000,85.7,1,85.7,2,85.8,1,2,2021-12-17 09:10:23
1639732223278693000,85.7,1,85.7,1,85.8,1,2,2021-12-17 09:10:23
1639732223428769000,85.7,1,85.6,3,85.8,1,2,2021-12-17 09:10:23
1639732224498502000,85.6,1,85.6,6,85.8,1,2,2021-12-17 09:10:24
1639732225057359000,85.6,6,85.4,10,85.5,36,2,2021-12-17 09:10:25
1639732225057359000,85.5,8,85.4,10,85.5,36,2,2021-12-17 09:10:25
1639732225086955000,85.5,36,85.4,10,85.8,1,1,2021-12-17 09:10:25
1639732226046663000,85.7,1,85.7,4,85.8,1,2,2021-12-17 09:10:26
1639732226157998000,85.7,1,85.7,3,85.8,11,2,2021-12-17 09:10:26
1639732226721024000,85.7,3,85.6,8,85.8,11,2,2021-12-17 09:10:26
1639732228714227000,85.7,1,85.7,6,85.8,28,2,2021-12-17 09:10:28
1639732230905002000,85.7,1,85.7,7,85.8,40,2,2021-12-17 09:10:30
1639732231094883000,85.8,1,85.7,7,85.8,40,1,2021-12-17 09:10:31
1639732231172509000,85.7,1,85.7,6,85.8,40,2,2021-12-17 09:10:31
1639732232094863000,85.7,1,85.7,6,85.8,43,2,2021-12-17 09:10:32
1639732232144938000,85.7,1,85.7,5,85.8,43,2,2021-12-17 09:10:32
1639732233542114000,85.7,2,85.7,8,85.8,44,2,2021-12-17 09:10:33
1639732233775559000,85.7,2,85.7,6,85.8,44,2,2021-12-17 09:10:33
1639732233965896000,85.7,1,85.7,5,85.8,44,2,2021-12-17 09:10:33
1639732235130814000,85.7,3,85.7,6,85.8,44,2,2021-12-17 09:10:35
1639732235162917000,85.8,1,85.7,6,85.8,43,1,2021-12-17 09:10:35
1639732235514344000,85.7,1,85.7,5,85.8,43,2,2021-12-17 09:10:35
1639732235827388000,85.7,1,85.7,12,85.8,43,2,2021-12-17 09:10:35
1639732235943701000,85.7,1,85.7,13,85.8,43,2,2021-12-17 09:10:35
1639732236003336000,85.7,1,85.7,12,85.8,43,2,2021-12-17 09:10:36
1639732236687886000,85.7,1,85.7,12,85.8,43,2,2021-12-17 09:10:36
1639732236803658000,85.7,1,85.7,11,85.8,43,2,2021-12-17 09:10:36
1639732238214925000,85.7,1,85.7,24,85.8,47,2,2021-12-17 09:10:38
1639732238706198000,85.7,24,85.6,14,85.8,47,2,2021-12-17 09:10:38
1639732240280485000,85.8,3,85.7,2,85.8,50,1,2021-12-17 09:10:40
1639732244042522000,85.7,1,85.7,9,85.8,50,2,2021-12-17 09:10:44
1639732247425782000,85.7,10,85.7,4,85.8,53,2,2021-12-17 09:10:47
1639732248615243000,85.8,2,85.7,7,85.8,51,1,2021-12-17 09:10:48
1639732249303082000,85.7,2,85.7,9,85.8,51,2,2021-12-17 09:10:49
1639732249391178000,85.7,1,85.7,8,85.8,51,2,2021-12-17 09:10:49
1639732249867839000,85.7,1,85.7,7,85.8,51,2,2021-12-17 09:10:49
1639732250081607000,85.7,1,85.7,6,85.8,53,2,2021-12-17 09:10:50
1639732250214942000,85.7,2,85.7,4,85.8,53,2,2021-12-17 09:10:50
1639732250708840000,85.7,4,85.6,15,85.8,53,2,2021-12-17 09:10:50
1639732251762768000,85.7,2,85.6,15,85.8,53,2,2021-12-17 09:10:51
1639732252395432000,85.7,2,85.6,15,85.7,9,1,2021-12-17 09:10:52
1639732252985017000,85.7,7,85.6,15,85.7,2,1,2021-12-17 09:10:52
1639732253018689000,85.7,1,85.6,15,85.7,1,1,2021-12-17 09:10:53
1639732253533360000,85.7,1,85.6,15,85.7,2,1,2021-12-17 09:10:53
1639732253574618000,85.6,1,85.6,14,85.7,2,2,2021-12-17 09:10:53
1639732253768826000,85.7,1,85.6,14,85.7,1,1,2021-12-17 09:10:53
1639732254741598000,85.7,1,85.6,14,85.8,53,1,2021-12-17 09:10:54
1639732254769182000,85.6,14,85.5,31,85.8,53,2,2021-12-17 09:10:54
1639732255377421000,85.7,1,85.7,1,85.8,53,1,2021-12-17 09:10:55
1639732258502315000,85.7,2,85.7,5,85.8,55,2,2021-12-17 09:10:58
1639732258634495000,85.7,2,85.7,3,85.8,55,2,2021-12-17 09:10:58
1639732259214775000,85.8,1,85.7,5,85.8,54,1,2021-12-17 09:10:59
1639732259988494000,85.8,2,85.7,6,85.8,52,1,2021-12-17 09:10:59
1639732261378679000,85.7,8,85.6,2,85.7,2,2,2021-12-17 09:11:01
1639732261529523000,85.7,1,85.6,2,85.7,2,1,2021-12-17 09:11:01
1639732262118990000,85.6,1,85.6,1,85.7,2,2,2021-12-17 09:11:02
1639732262753797000,85.6,4,85.5,35,85.7,2,2,2021-12-17 09:11:02
1639732264053153000,85.7,1,85.5,39,85.7,2,1,2021-12-17 09:11:04
1639732264721112000,85.7,1,85.5,39,85.7,3,1,2021-12-17 09:11:04
1639732264821761000,85.6,1,85.5,39,85.7,3,2,2021-12-17 09:11:04
1639732265490828000,85.7,1,85.6,1,85.7,35,1,2021-12-17 09:11:05
1639732265549629000,85.7,1,85.6,1,85.7,34,1,2021-12-17 09:11:05
1639732265568878000,85.6,1,85.5,40,85.7,34,2,2021-12-17 09:11:05
1639732266479837000,85.7,1,85.5,40,85.7,45,1,2021-12-17 09:11:06
1639732267114726000,85.7,1,85.6,1,85.7,44,1,2021-12-17 09:11:07
1639732268263821000,85.6,1,85.6,2,85.7,44,2,2021-12-17 09:11:08
1639732269091419000,85.7,5,85.6,4,85.7,40,1,2021-12-17 09:11:09
1639732269139606000,85.7,1,85.6,4,85.7,39,1,2021-12-17 09:11:09
1639732272712864000,85.6,5,85.6,12,85.7,54,2,2021-12-17 09:11:12
1639732274233592000,85.6,2,85.6,11,85.7,55,2,2021-12-17 09:11:14
1639732274486818000,85.6,1,85.6,10,85.7,55,2,2021-12-17 09:11:14
1639732274825579000,85.6,10,85.5,44,85.7,55,2,2021-12-17 09:11:14
1639732274933228000,85.5,1,85.5,43,85.7,55,2,2021-12-17 09:11:14
1639732275146833000,85.7,1,85.5,43,85.7,54,1,2021-12-17 09:11:15
1639732278338279000,85.6,1,85.6,6,85.7,57,2,2021-12-17 09:11:18
1639732278488171000,85.6,7,85.5,46,85.7,57,2,2021-12-17 09:11:18
1639732279335235000,85.6,1,85.5,45,85.7,56,1,2021-12-17 09:11:19
1639732279335235000,85.7,1,85.5,45,85.7,56,1,2021-12-17 09:11:19
1639732280047293000,85.6,1,85.5,45,85.7,56,2,2021-12-17 09:11:20
1639732280066999000,85.7,1,85.5,45,85.7,55,1,2021-12-17 09:11:20
1639732280101729000,85.6,1,85.5,34,85.7,55,2,2021-12-17 09:11:20
1639732280101729000,85.5,11,85.5,34,85.7,55,2,2021-12-17 09:11:20
1639732281274267000,85.7,1,85.6,1,85.7,54,1,2021-12-17 09:11:21
1639732281726081000,85.7,1,85.6,2,85.7,53,1,2021-12-17 09:11:21
1639732282049555000,85.6,2,85.5,29,85.6,3,2,2021-12-17 09:11:22
1639732282084346000,85.6,2,85.5,29,85.6,1,1,2021-12-17 09:11:22
1639732282196878000,85.6,1,85.5,29,85.7,53,1,2021-12-17 09:11:22
1639732282196878000,85.7,1,85.5,29,85.7,53,1,2021-12-17 09:11:22
1639732282312305000,85.6,1,85.5,27,85.7,53,1,2021-12-17 09:11:22
1639732288133845000,85.7,1,85.6,17,85.7,58,1,2021-12-17 09:11:28
1639732289094241000,85.6,1,85.6,16,85.7,58,2,2021-12-17 09:11:29
1639732289395685000,85.6,4,85.6,12,85.7,58,2,2021-12-17 09:11:29
1639732289896875000,85.7,2,85.6,12,85.7,56,1,2021-12-17 09:11:29
1639732290041326000,85.7,1,85.6,13,85.7,55,1,2021-12-17 09:11:30
1639732290176564000,85.6,1,85.6,12,85.7,55,2,2021-12-17 09:11:30
1639732291320642000,85.6,1,85.6,13,85.7,55,2,2021-12-17 09:11:31
1639732293639965000,85.7,1,85.6,18,85.7,51,1,2021-12-17 09:11:33
1639732294485035000,85.6,1,85.6,18,85.7,53,2,2021-12-17 09:11:34
1639732295840594000,85.7,2,85.6,18,85.7,51,1,2021-12-17 09:11:35
1639732296303556000,85.7,1,85.6,18,85.7,50,1,2021-12-17 09:11:36
1639732297330719000,85.7,1,85.6,20,85.7,51,1,2021-12-17 09:11:37
1639732297669542000,85.7,1,85.6,21,85.7,50,1,2021-12-17 09:11:37
1639732297883815000,85.7,2,85.6,21,85.7,48,1,2021-12-17 09:11:37
1639732299390447000,85.7,1,85.6,24,85.7,50,1,2021-12-17 09:11:39
1639732300044358000,85.7,2,85.6,29,85.7,48,1,2021-12-17 09:11:40
1639732300311440000,85.7,1,85.6,29,85.7,47,1,2021-12-17 09:11:40
1639732300737878000,85.7,2,85.6,30,85.7,45,1,2021-12-17 09:11:40
1639732300984255000,85.7,1,85.6,30,85.7,44,1,2021-12-17 09:11:40
1639732301279157000,85.7,1,85.6,31,85.7,43,1,2021-12-17 09:11:41
1639732302029105000,85.7,2,85.6,31,85.7,41,1,2021-12-17 09:11:42
1639732302104065000,85.7,2,85.6,31,85.7,27,1,2021-12-17 09:11:42
1639732302104387000,85.7,12,85.6,31,85.7,27,1,2021-12-17 09:11:42
1639732302124590000,85.7,3,85.6,31,85.7,24,1,2021-12-17 09:11:42
1639732302125155000,85.7,5,85.6,31,85.7,19,1,2021-12-17 09:11:42
1639732302145054000,85.7,3,85.6,32,85.7,16,1,2021-12-17 09:11:42
1639732302268628000,85.7,2,85.6,32,85.7,14,1,2021-12-17 09:11:42
1639732302338863000,85.7,2,85.6,34,85.7,12,1,2021-12-17 09:11:42
1639732302360224000,85.7,12,85.6,34,85.8,12,1,2021-12-17 09:11:42
1639732302945442000,85.7,2,85.7,4,85.8,12,2,2021-12-17 09:11:42
1639732303887198000,85.8,1,85.7,6,85.8,10,1,2021-12-17 09:11:43
1639732303961728000,85.7,4,85.7,2,85.8,10,2,2021-12-17 09:11:43
1639732304064541000,85.8,2,85.7,2,85.8,8,1,2021-12-17 09:11:44
1639732310376255000,85.8,1,85.7,23,85.8,10,1,2021-12-17 09:11:50
1639732310810401000,85.8,6,85.7,23,85.8,4,1,2021-12-17 09:11:50
1639732311077581000,85.8,4,85.8,1,85.9,21,1,2021-12-17 09:11:51
1639732312831815000,85.8,1,85.8,3,85.9,21,2,2021-12-17 09:11:52
1639732313117189000,85.9,1,85.8,4,85.9,20,1,2021-12-17 09:11:53
1639732314267365000,85.8,1,85.8,15,85.9,20,2,2021-12-17 09:11:54
1639732314351559000,85.9,2,85.8,16,85.9,18,1,2021-12-17 09:11:54
1639732314875287000,85.9,1,85.8,18,85.9,17,1,2021-12-17 09:11:54
1639732315049318000,85.8,18,85.7,28,85.9,17,2,2021-12-17 09:11:55
1639732315809527000,85.9,1,85.7,28,85.9,20,1,2021-12-17 09:11:55
1639732316690564000,85.9,1,85.8,7,85.9,19,1,2021-12-17 09:11:56
1639732317028496000,85.9,2,85.8,7,85.9,17,1,2021-12-17 09:11:57
1639732318896736000,85.9,8,85.8,14,85.9,9,1,2021-12-17 09:11:58
1639732319258219000,85.9,1,85.8,14,85.9,8,1,2021-12-17 09:11:59
1639732320848469000,85.9,1,85.8,18,85.9,7,1,2021-12-17 09:12:00
1639732321191411000,85.8,18,85.7,29,85.9,9,2,2021-12-17 09:12:01
1639732321488184000,85.8,1,85.7,29,85.9,9,2,2021-12-17 09:12:01
1639732321786604000,85.9,1,85.7,28,85.9,8,1,2021-12-17 09:12:01
1639732322227682000,85.8,1,85.7,28,85.9,8,1,2021-12-17 09:12:02
1639732322374155000,85.9,1,85.7,28,85.9,7,1,2021-12-17 09:12:02
1639732322980350000,85.9,1,85.7,28,85.9,6,1,2021-12-17 09:12:02
1639732323151233000,85.9,1,85.8,1,85.9,5,1,2021-12-17 09:12:03
1639732323828883000,85.9,1,85.8,11,85.9,7,1,2021-12-17 09:12:03
1639732324201825000,85.9,1,85.8,11,85.9,6,1,2021-12-17 09:12:04
1639732325909177000,85.9,1,85.8,13,85.9,5,1,2021-12-17 09:12:05
1639732326594141000,85.9,1,85.8,13,85.9,6,1,2021-12-17 09:12:06
1639732327070094000,85.8,1,85.8,12,85.9,6,2,2021-12-17 09:12:07
1639732327817419000,85.9,5,85.8,13,85.9,1,1,2021-12-17 09:12:07
1639732329786052000,85.9,1,85.8,15,86.0,32,1,2021-12-17 09:12:09
1639732329786052000,86.0,4,85.8,15,86.0,32,1,2021-12-17 09:12:09
1639732330561258000,85.9,1,85.8,17,86.0,34,2,2021-12-17 09:12:10
1639732331054899000,85.8,1,85.8,16,86.0,34,2,2021-12-17 09:12:11
1639732331344886000,86.0,1,85.8,17,86.0,33,1,2021-12-17 09:12:11
1639732331915761000,86.0,1,85.8,17,86.0,32,1,2021-12-17 09:12:11
1639732334636207000,85.9,2,85.8,16,85.9,1,1,2021-12-17 09:12:14
1639732335638847000,85.8,10,85.8,7,85.9,1,2,2021-12-17 09:12:15
1639732335669507000,85.8,7,85.7,29,85.9,1,2,2021-12-17 09:12:15
1639732335928869000,85.7,7,85.7,22,85.9,5,2,2021-12-17 09:12:15
1639732335958139000,85.7,2,85.7,20,85.9,5,2,2021-12-17 09:12:15
1639732336346279000,85.8,2,85.7,20,85.8,3,1,2021-12-17 09:12:16
1639732338561497000,85.7,11,85.7,9,85.8,4,2,2021-12-17 09:12:18
1639732338587864000,85.7,9,85.6,72,85.8,4,2,2021-12-17 09:12:18
1639732339417057000,85.8,1,85.6,72,85.8,13,1,2021-12-17 09:12:19
1639732339838972000,85.8,1,85.6,72,85.8,12,1,2021-12-17 09:12:19
1639732341113759000,85.7,1,85.6,72,85.8,12,2,2021-12-17 09:12:21
1639732341332648000,85.8,1,85.6,72,85.8,11,1,2021-12-17 09:12:21
1639732341610289000,85.8,1,85.7,2,85.8,10,1,2021-12-17 09:12:21
1639732343959079000,85.8,1,85.7,3,85.8,10,1,2021-12-17 09:12:23
1639732344302308000,85.8,2,85.7,3,85.8,4,1,2021-12-17 09:12:24
1639732344403747000,85.7,1,85.7,2,85.8,4,2,2021-12-17 09:12:24
1639732344435903000,85.7,2,85.6,71,85.8,8,2,2021-12-17 09:12:24
1639732345227605000,85.7,1,85.6,71,85.8,4,1,2021-12-17 09:12:25
1639732345746365000,85.7,1,85.6,71,85.8,8,1,2021-12-17 09:12:25
1639732346174985000,85.8,1,85.6,72,85.8,8,1,2021-12-17 09:12:26
1639732348201426000,85.8,2,85.7,1,85.8,8,1,2021-12-17 09:12:28
1639732349258024000,85.8,1,85.7,1,85.8,4,1,2021-12-17 09:12:29
1639732350175922000,85.7,1,85.7,1,85.8,4,2,2021-12-17 09:12:30
1639732350623171000,85.8,1,85.7,1,85.8,3,1,2021-12-17 09:12:30
1639732351177881000,85.8,1,85.7,7,85.8,2,1,2021-12-17 09:12:31
1639732351739746000,85.7,1,85.7,6,85.8,2,2,2021-12-17 09:12:31
1639732352433215000,85.8,1,85.7,8,85.8,4,1,2021-12-17 09:12:32
1639732352611096000,85.8,4,85.8,1,85.9,10,1,2021-12-17 09:12:32
1639732352643544000,85.8,1,85.7,8,85.9,10,2,2021-12-17 09:12:32
1639732352819561000,85.8,1,85.7,9,85.9,10,2,2021-12-17 09:12:32
1639732353238035000,85.7,10,85.6,69,85.9,10,2,2021-12-17 09:12:33
1639732353238035000,85.6,10,85.6,69,85.9,10,2,2021-12-17 09:12:33
1639732354285131000,85.7,1,85.7,1,85.8,5,2,2021-12-17 09:12:34
1639732354325699000,85.7,1,85.6,70,85.8,5,2,2021-12-17 09:12:34
1639732356821243000,85.8,1,85.6,71,85.8,8,1,2021-12-17 09:12:36
1639732357439631000,85.7,5,85.7,5,85.8,10,2,2021-12-17 09:12:37
1639732357460061000,85.7,5,85.6,71,85.8,10,2,2021-12-17 09:12:37
1639732357640060000,85.7,1,85.6,71,85.8,10,2,2021-12-17 09:12:37
1639732359323309000,85.7,2,85.7,7,85.8,11,2,2021-12-17 09:12:39
1639732359555199000,85.7,7,85.6,71,85.8,11,2,2021-12-17 09:12:39
1639732359918784000,85.7,2,85.6,71,85.8,13,2,2021-12-17 09:12:39
1639732361498172000,85.7,2,85.7,2,85.8,14,2,2021-12-17 09:12:41
1639732361523520000,85.7,2,85.6,72,85.8,14,2,2021-12-17 09:12:41
1639732361554378000,85.6,33,85.6,39,85.8,14,2,2021-12-17 09:12:41
1639732361586144000,85.6,6,85.6,33,85.8,14,2,2021-12-17 09:12:41
1639732361615242000,85.6,3,85.6,30,85.7,1,2,2021-12-17 09:12:41
1639732361635640000,85.6,3,85.6,27,85.7,2,2,2021-12-17 09:12:41
1639732361892283000,85.7,1,85.6,28,85.7,1,1,2021-12-17 09:12:41
1639732362090381000,85.6,11,85.6,17,85.7,1,2,2021-12-17 09:12:42
1639732362897953000,85.6,2,85.6,15,85.7,1,2,2021-12-17 09:12:42
1639732363402118000,85.6,2,85.6,13,85.7,2,2,2021-12-17 09:12:43
1639732363550452000,85.6,2,85.6,11,85.7,2,2,2021-12-17 09:12:43
1639732363959020000,85.6,2,85.6,9,85.7,2,2,2021-12-17 09:12:43
1639732364059174000,85.6,2,85.6,7,85.7,2,2,2021-12-17 09:12:44
1639732364817028000,85.7,1,85.6,7,85.7,9,1,2021-12-17 09:12:44
1639732364846469000,85.6,7,85.5,81,85.7,9,2,2021-12-17 09:12:44
1639732366835172000,85.6,1,85.5,81,85.7,10,1,2021-12-17 09:12:46
1639732369772745000,85.5,1,85.5,78,85.6,5,2,2021-12-17 09:12:49
1639732370160826000,85.6,2,85.5,78,85.6,3,1,2021-12-17 09:12:50
1639732371204402000,85.5,1,85.5,84,85.6,3,2,2021-12-17 09:12:51
1639732372030821000,85.6,5,85.5,84,85.6,7,1,2021-12-17 09:12:52
1639732372097124000,85.5,1,85.5,83,85.6,7,2,2021-12-17 09:12:52
1639732373287237000,85.5,83,85.4,15,85.5,17,2,2021-12-17 09:12:53
1639732373329598000,85.4,15,85.3,14,85.5,17,2,2021-12-17 09:12:53
1639732373365823000,85.3,1,85.3,15,85.5,17,2,2021-12-17 09:12:53
1639732373944211000,85.5,1,85.3,15,85.5,16,1,2021-12-17 09:12:53
1639732374233912000,85.3,1,85.3,14,85.5,16,2,2021-12-17 09:12:54
1639732374351950000,85.3,3,85.3,11,85.5,16,2,2021-12-17 09:12:54
1639732375222599000,85.5,2,85.3,11,85.5,23,1,2021-12-17 09:12:55
1639732376058426000,85.3,1,85.3,10,85.5,23,2,2021-12-17 09:12:56
1639732377515866000,85.5,2,85.3,10,85.5,21,1,2021-12-17 09:12:57
1639732377621185000,85.5,5,85.3,10,85.5,16,1,2021-12-17 09:12:57
1639732378790675000,85.3,5,85.3,5,85.5,16,2,2021-12-17 09:12:58
1639732379304226000,85.5,1,85.3,5,85.5,15,1,2021-12-17 09:12:59
1639732379463093000,85.4,1,85.4,1,85.5,18,2,2021-12-17 09:12:59
1639732381782542000,85.5,5,85.4,1,85.5,20,1,2021-12-17 09:13:01
1639732382021094000,85.4,1,85.3,5,85.5,20,2,2021-12-17 09:13:02
1639732383145068000,85.3,5,85.2,30,85.5,20,2,2021-12-17 09:13:03
1639732384154899000,85.4,1,85.3,2,85.5,22,2,2021-12-17 09:13:04
1639732385374572000,85.3,2,85.2,27,85.5,24,2,2021-12-17 09:13:05
1639732386395472000,85.3,1,85.2,27,85.5,24,2,2021-12-17 09:13:06
1639732387371789000,85.5,20,85.3,1,85.5,4,1,2021-12-17 09:13:07
1639732387668171000,85.4,1,85.3,1,85.5,2,1,2021-12-17 09:13:07
1639732388191773000,85.3,1,85.2,26,85.5,2,2,2021-12-17 09:13:08
1639732389571402000,85.3,1,85.3,2,85.5,3,2,2021-12-17 09:13:09
1639732389858415000,85.3,1,85.3,1,85.4,1,2,2021-12-17 09:13:09
1639732390905985000,85.2,4,85.2,26,85.4,6,2,2021-12-17 09:13:10
1639732390958353000,85.2,1,85.2,25,85.4,6,2,2021-12-17 09:13:10
1639732391089547000,85.2,1,85.2,24,85.4,6,2,2021-12-17 09:13:11
1639732391104460000,85.2,1,85.2,23,85.4,6,2,2021-12-17 09:13:11
1639732391120010000,85.2,1,85.2,22,85.4,6,2,2021-12-17 09:13:11
1639732391374545000,85.2,21,85.2,1,85.4,6,2,2021-12-17 09:13:11
1639732391404256000,85.2,1,85.1,45,85.4,6,2,2021-12-17 09:13:11
1639732393025399000,85.3,1,85.2,1,85.4,15,2,2021-12-17 09:13:13
1639732393718467000,85.3,1,85.1,41,85.4,16,2,2021-12-17 09:13:13
1639732393718467000,85.2,1,85.1,41,85.4,16,2,2021-12-17 09:13:13
1639732393726150000,85.1,1,85.1,40,85.4,16,2,2021-12-17 09:13:13
1639732394236349000,85.4,1,85.1,40,85.4,17,1,2021-12-17 09:13:14
1639732395496813000,85.2,1,85.1,40,85.4,18,2,2021-12-17 09:13:15
1639732396052187000,85.4,2,85.2,1,85.4,17,1,2021-12-17 09:13:16
1639732401514570000,85.3,1,85.2,21,85.4,19,2,2021-12-17 09:13:21
1639732402062730000,85.4,1,85.2,21,85.4,18,1,2021-12-17 09:13:22
1639732404019265000,85.3,1,85.2,23,85.4,21,2,2021-12-17 09:13:24
1639732404264735000,85.2,8,85.2,15,85.4,21,2,2021-12-17 09:13:24
1639732404321082000,85.2,2,85.2,13,85.4,23,2,2021-12-17 09:13:24
1639732405232150000,85.4,1,85.3,1,85.4,22,1,2021-12-17 09:13:25
1639732405303095000,85.4,2,85.3,1,85.4,20,1,2021-12-17 09:13:25
1639732405589547000,85.4,2,85.3,1,85.4,17,1,2021-12-17 09:13:25
1639732406198288000,85.3,1,85.2,13,85.4,19,2,2021-12-17 09:13:26
1639732406662876000,85.3,1,85.2,13,85.4,20,2,2021-12-17 09:13:26
1639732407962902000,85.3,1,85.2,7,85.4,21,2,2021-12-17 09:13:27
1639732410811250000,85.2,7,85.1,55,85.3,1,2,2021-12-17 09:13:30
1639732411417717000,85.3,1,85.1,55,85.3,8,1,2021-12-17 09:13:31
1639732411421737000,85.3,2,85.1,55,85.3,6,1,2021-12-17 09:13:31
1639732412331078000,85.3,1,85.1,55,85.3,5,1,2021-12-17 09:13:32
1639732412913101000,85.3,1,85.1,57,85.3,4,1,2021-12-17 09:13:32
1639732413758908000,85.2,1,85.1,58,85.3,4,2,2021-12-17 09:13:33
1639732414231476000,85.2,1,85.1,58,85.3,4,2,2021-12-17 09:13:34
1639732420774934000,85.3,1,85.2,5,85.3,24,1,2021-12-17 09:13:40
1639732422199669000,85.2,1,85.2,11,85.3,27,2,2021-12-17 09:13:42
1639732422221218000,85.2,1,85.2,10,85.3,27,2,2021-12-17 09:13:42
1639732422866434000,85.2,12,85.1,74,85.3,29,2,2021-12-17 09:13:42
1639732424680842000,85.2,1,85.2,1,85.3,29,2,2021-12-17 09:13:44
1639732425110207000,85.2,1,85.1,74,85.3,29,2,2021-12-17 09:13:45
1639732427366384000,85.2,1,85.2,3,85.3,31,2,2021-12-17 09:13:47
1639732428492559000,85.2,3,85.1,48,85.3,31,2,2021-12-17 09:13:48
1639732428492559000,85.1,27,85.1,48,85.3,31,2,2021-12-17 09:13:48
1639732428868388000,85.2,1,85.1,48,85.3,34,1,2021-12-17 09:13:48
1639732429215502000,85.3,7,85.1,48,85.3,27,1,2021-12-17 09:13:49
1639732429755439000,85.2,1,85.2,2,85.3,25,2,2021-12-17 09:13:49
1639732431300036000,85.2,4,85.1,42,85.3,25,2,2021-12-17 09:13:51
1639732431300036000,85.1,8,85.1,42,85.3,25,2,2021-12-17 09:13:51
1639732432071887000,85.2,1,85.1,42,85.3,25,2,2021-12-17 09:13:52
1639732432730395000,85.2,3,85.1,42,85.2,7,2,2021-12-17 09:13:52
1639732432746430000,85.2,1,85.1,42,85.2,6,1,2021-12-17 09:13:52
1639732433003019000,85.2,5,85.1,42,85.2,1,1,2021-12-17 09:13:53
1639732433031233000,85.2,1,85.1,42,85.3,25,1,2021-12-17 09:13:53
1639732433897319000,85.1,3,85.1,39,85.3,28,2,2021-12-17 09:13:53
1639732434920993000,85.2,4,85.1,39,85.3,29,2,2021-12-17 09:13:54
1639732435277105000,85.1,1,85.1,38,85.2,5,2,2021-12-17 09:13:55
1639732435359294000,85.2,1,85.1,38,85.2,4,1,2021-12-17 09:13:55
1639732436426700000,85.2,1,85.1,39,85.2,4,1,2021-12-17 09:13:56
1639732436731020000,85.1,1,85.1,38,85.2,4,2,2021-12-17 09:13:56
1639732438301072000,85.2,1,85.1,40,85.2,5,1,2021-12-17 09:13:58
1639732438327986000,85.2,5,85.1,40,85.3,28,1,2021-12-17 09:13:58
1639732438530537000,85.2,1,85.1,36,85.3,28,2,2021-12-17 09:13:58
1639732438530537000,85.1,4,85.1,36,85.3,28,2,2021-12-17 09:13:58
1639732439175632000,85.2,1,85.1,36,85.3,28,1,2021-12-17 09:13:59
1639732440314446000,85.3,1,85.2,4,85.3,27,1,2021-12-17 09:14:00
1639732440338395000,85.2,4,85.1,37,85.3,27,2,2021-12-17 09:14:00
1639732440736278000,85.2,1,85.1,37,85.3,30,2,2021-12-17 09:14:00
1639732441012147000,85.3,1,85.1,38,85.3,29,1,2021-12-17 09:14:01
1639732441173001000,85.2,1,85.1,38,85.3,29,1,2021-12-17 09:14:01
1639732443688635000,85.2,1,85.1,42,85.3,30,2,2021-12-17 09:14:03
1639732443735935000,85.3,1,85.1,42,85.3,29,1,2021-12-17 09:14:03
1639732443885181000,85.1,5,85.1,36,85.3,29,2,2021-12-17 09:14:03
1639732444124139000,85.2,1,85.1,36,85.3,31,1,2021-12-17 09:14:04
1639732445571453000,85.2,2,85.1,39,85.3,31,1,2021-12-17 09:14:05
1639732445646031000,85.3,1,85.1,39,85.3,30,1,2021-12-17 09:14:05
1639732446236989000,85.2,1,85.1,40,85.3,28,2,2021-12-17 09:14:06
1639732446967110000,85.2,2,85.1,43,85.3,28,2,2021-12-17 09:14:06
1639732450116034000,85.2,1,85.1,45,85.3,28,2,2021-12-17 09:14:10
1639732452713864000,85.2,3,85.1,46,85.3,33,2,2021-12-17 09:14:12
1639732453375673000,85.2,1,85.1,51,85.3,33,2,2021-12-17 09:14:13
1639732454434756000,85.3,1,85.2,3,85.3,36,1,2021-12-17 09:14:14
1639732454476762000,85.2,3,85.1,52,85.3,36,2,2021-12-17 09:14:14
1639732454769174000,85.2,1,85.2,5,85.3,38,2,2021-12-17 09:14:14
1639732456626311000,85.2,3,85.2,6,85.3,38,2,2021-12-17 09:14:16
1639732457942798000,85.2,6,85.2,3,85.3,38,2,2021-12-17 09:14:17
1639732459050453000,85.2,4,85.1,55,85.3,38,2,2021-12-17 09:14:19
1639732459206666000,85.2,1,85.1,55,85.3,38,1,2021-12-17 09:14:19
1639732461950183000,85.3,1,85.1,62,85.3,42,1,2021-12-17 09:14:21
1639732463196211000,85.2,1,85.2,1,85.3,43,2,2021-12-17 09:14:23
1639732465617566000,85.3,10,85.2,1,85.3,33,1,2021-12-17 09:14:25
1639732468225681000,85.3,10,85.2,1,85.3,26,1,2021-12-17 09:14:28
1639732468453361000,85.3,20,85.2,2,85.3,6,1,2021-12-17 09:14:28
1639732468485483000,85.3,3,85.2,2,85.4,10,1,2021-12-17 09:14:28
1639732468485802000,85.3,3,85.2,2,85.4,10,1,2021-12-17 09:14:28
1639732468546947000,85.4,2,85.3,4,85.4,8,1,2021-12-17 09:14:28
1639732468785518000,85.3,1,85.3,3,85.4,6,2,2021-12-17 09:14:28
1639732472826905000,85.4,1,85.3,9,85.4,7,1,2021-12-17 09:14:32
1639732480309599000,85.4,4,85.3,39,85.4,6,1,2021-12-17 09:14:40
1639732480625174000,85.4,1,85.3,39,85.4,6,1,2021-12-17 09:14:40
1639732480894880000,85.4,1,85.3,39,85.4,7,1,2021-12-17 09:14:40
1639732481014980000,85.3,1,85.3,38,85.4,7,2,2021-12-17 09:14:41
1639732481565855000,85.3,1,85.3,37,85.4,7,2,2021-12-17 09:14:41
1639732482369815000,85.4,1,85.3,37,85.4,6,1,2021-12-17 09:14:42
1639732482632647000,85.4,3,85.3,37,85.4,3,1,2021-12-17 09:14:42
1639732482848220000,85.4,2,85.3,37,85.4,1,1,2021-12-17 09:14:42
1639732482947689000,85.4,1,85.4,3,85.5,4,1,2021-12-17 09:14:42
1639732483000386000,85.4,3,85.3,37,85.5,4,2,2021-12-17 09:14:43
1639732484860382000,85.4,2,85.4,3,85.5,9,2,2021-12-17 09:14:44
1639732485034492000,85.4,3,85.3,40,85.4,7,2,2021-12-17 09:14:45
1639732485060546000,85.4,1,85.3,40,85.4,6,1,2021-12-17 09:14:45
1639732485338884000,85.4,1,85.3,40,85.4,5,1,2021-12-17 09:14:45
1639732485653660000,85.3,1,85.3,38,85.4,5,2,2021-12-17 09:14:45
1639732485708365000,85.4,1,85.3,38,85.4,4,1,2021-12-17 09:14:45
1639732487526359000,85.4,1,85.3,38,85.4,6,1,2021-12-17 09:14:47
1639732487932092000,85.4,5,85.3,38,85.4,1,1,2021-12-17 09:14:47
1639732489658548000,85.4,2,85.3,38,85.4,1,1,2021-12-17 09:14:49
1639732490335386000,85.4,1,85.4,9,85.5,8,1,2021-12-17 09:14:50
1639732490426039000,85.5,5,85.4,9,85.5,3,1,2021-12-17 09:14:50
1639732490479444000,85.5,1,85.4,9,85.5,2,1,2021-12-17 09:14:50
1639732492790674000,85.4,1,85.4,12,85.5,4,2,2021-12-17 09:14:52
1639732494422894000,85.5,1,85.4,14,85.5,3,1,2021-12-17 09:14:54
1639732494920307000,85.5,1,85.4,16,85.5,3,1,2021-12-17 09:14:54
1639732496065655000,85.5,1,85.4,16,85.5,2,1,2021-12-17 09:14:56
1639732497290560000,85.5,1,85.4,18,85.5,1,1,2021-12-17 09:14:57
1639732497326202000,85.5,1,85.4,18,85.6,7,1,2021-12-17 09:14:57
1639732499101275000,85.5,2,85.4,19,85.6,8,2,2021-12-17 09:14:59
1639732501079028000,85.4,1,85.4,19,85.6,10,2,2021-12-17 09:15:01
1639732501161367000,85.5,1,85.4,19,85.6,10,2,2021-12-17 09:15:01
1639732501355037000,85.6,3,85.4,20,85.6,7,1,2021-12-17 09:15:01
1639732501945344000,85.5,1,85.4,20,85.6,7,2,2021-12-17 09:15:01
1639732508313345000,85.6,1,85.5,18,85.6,9,1,2021-12-17 09:15:08
1639732508414210000,85.6,1,85.5,18,85.6,6,1,2021-12-17 09:15:08
1639732508674366000,85.6,1,85.5,18,85.6,5,1,2021-12-17 09:15:08
1639732511000324000,85.6,1,85.5,22,85.6,6,1,2021-12-17 09:15:11
1639732511065446000,85.6,1,85.5,22,85.6,5,1,2021-12-17 09:15:11
1639732512443822000,85.6,1,85.5,27,85.6,4,1,2021-12-17 09:15:12
1639732512598378000,85.5,1,85.5,26,85.6,4,2,2021-12-17 09:15:12
1639732513049106000,85.6,1,85.5,27,85.6,3,1,2021-12-17 09:15:13
1639732514968385000,85.6,1,85.5,27,85.6,3,1,2021-12-17 09:15:14
1639732515468104000,85.6,1,85.5,26,85.6,2,1,2021-12-17 09:15:15
1639732515780208000,85.6,2,85.5,26,85.7,2,1,2021-12-17 09:15:15
1639732515787204000,85.7,2,85.5,26,85.8,7,1,2021-12-17 09:15:15
1639732516554992000,85.6,1,85.6,3,85.8,9,2,2021-12-17 09:15:16
1639732518968978000,85.6,1,85.6,8,85.8,12,2,2021-12-17 09:15:18
1639732521287003000,85.7,1,85.6,20,85.8,9,1,2021-12-17 09:15:21
1639732521287003000,85.8,1,85.6,20,85.8,9,1,2021-12-17 09:15:21
1639732521432162000,85.6,21,85.5,31,85.8,9,2,2021-12-17 09:15:21
1639732521532012000,85.8,5,85.5,31,85.8,6,1,2021-12-17 09:15:21
1639732521551289000,85.8,5,85.5,31,85.8,1,1,2021-12-17 09:15:21
1639732523901311000,85.7,1,85.6,3,85.8,1,2,2021-12-17 09:15:23
1639732524329776000,85.8,2,85.6,5,85.8,12,1,2021-12-17 09:15:24
1639732525757472000,85.7,1,85.6,15,85.8,12,2,2021-12-17 09:15:25
1639732525987823000,85.6,4,85.6,11,85.7,1,2,2021-12-17 09:15:25
1639732526024724000,85.6,11,85.5,41,85.7,1,2,2021-12-17 09:15:26
1639732526209736000,85.7,1,85.6,1,85.8,12,1,2021-12-17 09:15:26
1639732527903119000,85.6,1,85.6,1,85.8,18,2,2021-12-17 09:15:27
1639732530152455000,85.7,5,85.6,1,85.8,18,2,2021-12-17 09:15:30
1639732533328290000,85.8,3,85.6,6,85.8,17,1,2021-12-17 09:15:33
1639732535406858000,85.7,3,85.6,7,85.8,17,2,2021-12-17 09:15:35
1639732537310503000,85.7,1,85.6,9,85.8,18,2,2021-12-17 09:15:37
1639732537944385000,85.8,1,85.6,9,85.8,18,1,2021-12-17 09:15:37
1639732539057536000,85.8,1,85.6,10,85.8,17,1,2021-12-17 09:15:39
1639732539443422000,85.7,1,85.6,10,85.8,17,2,2021-12-17 09:15:39
1639732540714132000,85.6,10,85.5,43,85.8,19,2,2021-12-17 09:15:40
1639732542077087000,85.6,1,85.5,43,85.7,3,2,2021-12-17 09:15:42
1639732542110535000,85.7,1,85.5,43,85.7,2,1,2021-12-17 09:15:42
1639732544239438000,85.6,1,85.5,44,85.7,12,2,2021-12-17 09:15:44
1639732544700664000,85.7,2,85.5,44,85.7,10,1,2021-12-17 09:15:44
1639732545974738000,85.6,1,85.5,44,85.7,13,2,2021-12-17 09:15:45
1639732546606879000,85.7,1,85.5,44,85.7,12,1,2021-12-17 09:15:46
1639732546772121000,85.7,1,85.5,43,85.7,11,1,2021-12-17 09:15:46
1639732548838361000,85.7,1,85.5,38,85.7,11,1,2021-12-17 09:15:48
1639732550177762000,85.7,1,85.5,38,85.7,12,1,2021-12-17 09:15:50
1639732554018774000,85.7,2,85.5,40,85.7,14,1,2021-12-17 09:15:54
1639732554358929000,85.7,1,85.5,40,85.7,13,1,2021-12-17 09:15:54
1639732555285613000,85.6,1,85.5,40,85.7,15,2,2021-12-17 09:15:55
1639732556035892000,85.7,1,85.5,40,85.7,14,1,2021-12-17 09:15:56
1639732556144134000,85.7,1,85.5,40,85.7,13,1,2021-12-17 09:15:56
1639732556624052000,85.7,1,85.5,40,85.7,12,1,2021-12-17 09:15:56
1639732557202478000,85.7,1,85.5,40,85.7,11,1,2021-12-17 09:15:57
1639732558516150000,85.7,1,85.5,42,85.7,10,1,2021-12-17 09:15:58
1639732559990193000,85.7,1,85.5,45,85.7,9,1,2021-12-17 09:15:59
1639732561273744000,85.7,5,85.5,56,85.7,7,1,2021-12-17 09:16:01
1639732562256498000,85.6,1,85.5,55,85.7,7,2,2021-12-17 09:16:02
1639732562936769000,85.7,1,85.6,3,85.7,6,1,2021-12-17 09:16:02
1639732563006336000,85.7,1,85.6,3,85.7,6,1,2021-12-17 09:16:03
1639732563012139000,85.7,1,85.6,3,85.7,5,1,2021-12-17 09:16:03
1639732563014167000,85.7,1,85.6,3,85.7,4,1,2021-12-17 09:16:03
1639732563153050000,85.7,1,85.6,3,85.7,4,1,2021-12-17 09:16:03
1639732563884659000,85.7,1,85.6,3,85.7,3,1,2021-12-17 09:16:03
1639732564303554000,85.7,1,85.6,3,85.7,2,1,2021-12-17 09:16:04
1639732565122914000,85.7,1,85.6,3,85.7,2,1,2021-12-17 09:16:05
1639732565133166000,85.7,1,85.6,3,85.7,1,1,2021-12-17 09:16:05
1639732566834680000,85.7,1,85.6,7,85.7,5,1,2021-12-17 09:16:06
1639732567201719000,85.6,7,85.5,55,85.7,8,2,2021-12-17 09:16:07
1639732570750756000,85.6,1,85.5,55,85.7,11,2,2021-12-17 09:16:10
1639732571350591000,85.7,1,85.5,55,85.7,17,1,2021-12-17 09:16:11
1639732571370562000,85.7,1,85.5,55,85.7,16,1,2021-12-17 09:16:11
1639732571805333000,85.7,5,85.5,55,85.7,11,1,2021-12-17 09:16:11
1639732575180899000,85.6,2,85.5,55,85.7,13,2,2021-12-17 09:16:15
1639732575674624000,85.7,1,85.5,55,85.7,12,1,2021-12-17 09:16:15
1639732575710607000,85.7,2,85.5,55,85.7,10,1,2021-12-17 09:16:15
1639732575988650000,85.7,1,85.5,57,85.7,9,1,2021-12-17 09:16:15
1639732576764640000,85.7,5,85.5,57,85.7,5,1,2021-12-17 09:16:16
1639732577053420000,85.7,1,85.5,57,85.7,4,1,2021-12-17 09:16:17
1639732578523435000,85.7,1,85.5,58,85.7,3,1,2021-12-17 09:16:18
1639732578545035000,85.7,3,85.7,7,85.8,8,1,2021-12-17 09:16:18
1639732578580503000,85.7,4,85.7,3,85.8,4,2,2021-12-17 09:16:18
1639732578601178000,85.7,3,85.5,58,85.8,4,2,2021-12-17 09:16:18
1639732578885776000,85.8,1,85.6,1,85.8,3,1,2021-12-17 09:16:18
1639732581804062000,85.7,6,85.6,2,85.7,61,2,2021-12-17 09:16:21
1639732581836223000,85.6,2,85.5,60,85.7,61,2,2021-12-17 09:16:21
1639732582213515000,85.6,1,85.5,60,85.7,62,1,2021-12-17 09:16:22
1639732582713087000,85.6,1,85.5,60,85.6,2,1,2021-12-17 09:16:22
1639732583286941000,85.6,1,85.5,60,85.6,1,1,2021-12-17 09:16:23
1639732583651375000,85.6,1,85.6,1,85.7,62,1,2021-12-17 09:16:23
1639732583752843000,85.7,1,85.6,1,85.7,61,1,2021-12-17 09:16:23
1639732584204421000,85.7,1,85.6,1,85.7,60,1,2021-12-17 09:16:24
1639732588114291000,85.7,1,85.6,7,85.7,60,1,2021-12-17 09:16:28
1639732589942328000,85.7,1,85.6,9,85.7,61,1,2021-12-17 09:16:29
1639732590250372000,85.7,5,85.6,9,85.7,56,1,2021-12-17 09:16:30
1639732590804346000,85.7,1,85.6,11,85.7,55,1,2021-12-17 09:16:30
1639732591164327000,85.7,1,85.6,11,85.7,54,1,2021-12-17 09:16:31
1639732595520575000,85.7,1,85.6,12,85.7,56,1,2021-12-17 09:16:35
1639732595825244000,85.6,2,85.6,10,85.7,56,2,2021-12-17 09:16:35
1639732595868122000,85.6,10,85.5,75,85.7,56,2,2021-12-17 09:16:35
1639732597401135000,85.6,1,85.5,76,85.6,3,1,2021-12-17 09:16:37
1639732597713086000,85.6,1,85.5,76,85.6,2,1,2021-12-17 09:16:37
1639732598036655000,85.6,2,85.5,76,85.7,42,1,2021-12-17 09:16:38
1639732598036655000,85.7,12,85.5,76,85.7,42,1,2021-12-17 09:16:38
1639732598182979000,85.7,1,85.5,76,85.7,41,1,2021-12-17 09:16:38
1639732602596400000,85.6,1,85.6,14,85.7,45,2,2021-12-17 09:16:42
1639732602780709000,85.7,1,85.6,14,85.7,44,1,2021-12-17 09:16:42
1639732607249299000,85.7,1,85.6,15,85.7,45,1,2021-12-17 09:16:47
1639732608552141000,85.7,3,85.6,15,85.7,42,1,2021-12-17 09:16:48
1639732608823436000,85.7,1,85.6,15,85.7,41,1,2021-12-17 09:16:48
1639732612641722000,85.7,1,85.6,16,85.7,41,1,2021-12-17 09:16:52
1639732612688793000,85.6,1,85.6,15,85.7,41,2,2021-12-17 09:16:52
1639732614101273000,85.7,1,85.6,15,85.7,40,1,2021-12-17 09:16:54
1639732615465712000,85.6,1,85.6,15,85.7,42,2,2021-12-17 09:16:55
1639732617045400000,85.7,3,85.6,16,85.7,39,1,2021-12-17 09:16:57
1639732620141484000,85.6,22,85.5,6,85.7,41,2,2021-12-17 09:17:00
1639732620141484000,85.5,78,85.5,6,85.7,41,2,2021-12-17 09:17:00
1639732620186178000,85.5,1,85.5,5,85.7,43,2,2021-12-17 09:17:00
1639732620192385000,85.5,5,85.4,33,85.7,43,2,2021-12-17 09:17:00
1639732620503957000,85.4,4,85.4,25,85.7,45,2,2021-12-17 09:17:00
1639732622514043000,85.4,3,85.4,22,85.7,47,2,2021-12-17 09:17:02
1639732622544738000,85.4,3,85.4,19,85.7,47,2,2021-12-17 09:17:02
1639732623403096000,85.7,1,85.4,19,85.7,46,1,2021-12-17 09:17:03
1639732627145399000,85.5,1,85.4,19,85.6,5,2,2021-12-17 09:17:07
1639732632410282000,85.6,2,85.4,19,85.6,24,1,2021-12-17 09:17:12
1639732632548828000,85.5,1,85.4,19,85.6,24,2,2021-12-17 09:17:12
1639732635941274000,85.5,1,85.4,20,85.6,24,2,2021-12-17 09:17:15
1639732637113319000,85.5,2,85.4,20,85.6,24,2,2021-12-17 09:17:17
1639732639406455000,85.5,2,85.4,20,85.6,23,1,2021-12-17 09:17:19
1639732641194204000,85.6,1,85.4,20,85.6,36,1,2021-12-17 09:17:21
1639732642179651000,85.5,1,85.4,21,85.6,36,2,2021-12-17 09:17:22
1639732645145546000,85.5,1,85.4,22,85.5,99,1,2021-12-17 09:17:25
1639732645171343000,85.4,22,85.3,32,85.5,99,2,2021-12-17 09:17:25
1639732646150433000,85.5,1,85.3,32,85.5,99,1,2021-12-17 09:17:26
1639732646210952000,85.5,1,85.3,22,85.5,98,1,2021-12-17 09:17:26
1639732646527871000,85.3,1,85.3,21,85.5,98,2,2021-12-17 09:17:26
1639732646809093000,85.5,1,85.3,21,85.5,99,1,2021-12-17 09:17:26
1639732647901212000,85.5,2,85.3,21,85.5,128,1,2021-12-17 09:17:27
1639732648287362000,85.5,1,85.3,22,85.5,127,1,2021-12-17 09:17:28
1639732652070215000,85.3,3,85.3,16,85.4,47,2,2021-12-17 09:17:32
1639732652105459000,85.3,3,85.3,13,85.4,47,2,2021-12-17 09:17:32
1639732652130508000,85.3,4,85.3,9,85.4,49,2,2021-12-17 09:17:32
1639732652532609000,85.3,9,85.2,56,85.3,11,2,2021-12-17 09:17:32
1639732653017824000,85.2,54,85.1,48,85.3,11,2,2021-12-17 09:17:33
1639732653017824000,85.1,46,85.1,48,85.3,11,2,2021-12-17 09:17:33
1639732656543116000,85.3,1,85.1,49,85.3,19,1,2021-12-17 09:17:36
1639732657015275000,85.1,49,85.0,172,85.3,19,2,2021-12-17 09:17:37
1639732657015275000,85.0,1,85.0,172,85.3,19,2,2021-12-17 09:17:37
1639732657095308000,85.0,1,85.0,171,85.3,44,2,2021-12-17 09:17:37
1639732657723181000,85.0,1,85.0,170,85.2,7,2,2021-12-17 09:17:37
1639732658391578000,85.2,9,85.0,170,85.3,37,1,2021-12-17 09:17:38
1639732658391578000,85.3,1,85.0,170,85.3,37,1,2021-12-17 09:17:38
1639732658826377000,85.1,1,85.0,170,85.3,37,2,2021-12-17 09:17:38
1639732659361350000,85.3,1,85.0,170,85.3,36,1,2021-12-17 09:17:39
1639732661095994000,85.0,11,85.0,159,85.3,15,2,2021-12-17 09:17:41
1639732661186890000,85.0,1,85.0,158,85.3,30,2,2021-12-17 09:17:41
1639732661610196000,85.0,2,85.0,156,85.3,30,2,2021-12-17 09:17:41
1639732661658519000,85.3,1,85.0,156,85.3,29,1,2021-12-17 09:17:41
1639732663044520000,85.1,1,85.1,3,85.3,29,2,2021-12-17 09:17:43
1639732664120935000,85.1,3,85.0,146,85.3,11,2,2021-12-17 09:17:44
1639732665061784000,85.1,1,85.0,146,85.3,20,1,2021-12-17 09:17:45
1639732665139808000,85.0,2,85.0,144,85.3,7,2,2021-12-17 09:17:45
1639732665683874000,85.1,1,85.0,144,85.1,10,1,2021-12-17 09:17:45
1639732665922153000,85.1,1,85.0,144,85.1,9,1,2021-12-17 09:17:45
1639732666059731000,85.1,1,85.0,144,85.1,8,1,2021-12-17 09:17:46
1639732666429040000,85.1,1,85.0,144,85.1,7,1,2021-12-17 09:17:46
1639732667326225000,85.1,5,85.0,143,85.1,2,1,2021-12-17 09:17:47
1639732668141398000,85.0,10,85.0,133,85.1,2,2,2021-12-17 09:17:48
1639732668861826000,85.1,1,85.0,133,85.1,2,1,2021-12-17 09:17:48
1639732669200814000,85.1,1,85.0,133,85.1,11,1,2021-12-17 09:17:49
1639732669358920000,85.1,1,85.0,134,85.1,12,1,2021-12-17 09:17:49
1639732669902194000,85.1,2,85.0,134,85.1,10,1,2021-12-17 09:17:49
1639732670644439000,85.0,1,85.0,133,85.1,10,2,2021-12-17 09:17:50
1639732671193031000,85.0,1,85.0,132,85.1,10,2,2021-12-17 09:17:51
1639732673439311000,85.0,1,85.0,131,85.1,10,2,2021-12-17 09:17:53
1639732677840342000,85.1,3,85.0,140,85.1,7,1,2021-12-17 09:17:57
1639732677871099000,85.1,3,85.0,140,85.1,4,1,2021-12-17 09:17:57
1639732677902610000,85.1,2,85.0,140,85.1,2,1,2021-12-17 09:17:57
1639732678113984000,85.0,1,85.0,139,85.1,2,2,2021-12-17 09:17:58
1639732678680147000,85.0,7,85.0,132,85.1,2,2,2021-12-17 09:17:58
1639732679626320000,85.1,1,85.0,133,85.1,1,1,2021-12-17 09:17:59
1639732680083357000,85.1,1,85.0,134,85.2,1,1,2021-12-17 09:18:00
1639732680689094000,85.0,1,85.0,133,85.1,1,2,2021-12-17 09:18:00
1639732681912881000,85.1,1,85.1,1,85.2,3,1,2021-12-17 09:18:01
1639732684784728000,85.1,4,85.0,1,85.2,3,2,2021-12-17 09:18:04
1639732684784728000,85.0,139,85.0,1,85.2,3,2,2021-12-17 09:18:04
1639732684964154000,85.1,1,85.0,1,85.2,3,2,2021-12-17 09:18:04
1639732689839322000,85.1,1,85.1,8,85.2,3,2,2021-12-17 09:18:09
1639732691354362000,85.1,3,85.1,5,85.2,3,2,2021-12-17 09:18:11
1639732691371768000,85.1,1,85.1,4,85.2,3,2,2021-12-17 09:18:11
1639732691392350000,85.1,1,85.1,3,85.2,3,2,2021-12-17 09:18:11
1639732691863173000,85.1,1,85.1,2,85.2,3,2,2021-12-17 09:18:11
1639732691890945000,85.1,2,85.0,3,85.2,3,2,2021-12-17 09:18:11
1639732693664851000,85.1,1,85.1,1,85.2,3,2,2021-12-17 09:18:13
1639732693857187000,85.2,1,85.1,1,85.2,2,1,2021-12-17 09:18:13
1639732694072073000,85.1,2,85.0,7,85.1,1,2,2021-12-17 09:18:14
1639732694212613000,85.1,1,85.0,7,85.2,2,1,2021-12-17 09:18:14
1639732695520585000,85.1,1,85.0,9,85.1,4,1,2021-12-17 09:18:15
1639732696780900000,85.0,1,85.0,10,85.1,4,2,2021-12-17 09:18:16
1639732697180784000,85.0,10,85.0,4,85.1,5,2,2021-12-17 09:18:17
1639732697300404000,85.1,1,85.0,4,85.1,4,1,2021-12-17 09:18:17
1639732697696058000,85.1,1,85.0,4,85.1,3,1,2021-12-17 09:18:17
1639732698216115000,85.0,4,84.9,11,85.1,3,2,2021-12-17 09:18:18
1639732698216115000,84.9,1,84.9,11,85.1,3,2,2021-12-17 09:18:18
1639732698259716000,84.9,1,84.9,10,85.1,3,2,2021-12-17 09:18:18
1639732699049641000,85.1,2,85.0,2,85.1,2,1,2021-12-17 09:18:19
1639732699139853000,85.0,1,85.0,1,85.1,2,2,2021-12-17 09:18:19
1639732699161279000,85.0,1,84.9,10,85.1,2,2,2021-12-17 09:18:19
1639732703270372000,85.0,1,84.9,11,85.0,1,2,2021-12-17 09:18:23
1639732703949260000,85.0,1,84.9,11,85.0,3,1,2021-12-17 09:18:23
1639732704809269000,85.0,1,84.9,11,85.0,3,1,2021-12-17 09:18:24
1639732705198721000,85.0,3,84.9,11,85.1,2,1,2021-12-17 09:18:25
1639732705198721000,85.1,2,84.9,11,85.1,2,1,2021-12-17 09:18:25
1639732705309181000,85.1,2,84.9,11,85.2,2,1,2021-12-17 09:18:25
1639732707763077000,85.0,1,84.9,11,85.1,1,2,2021-12-17 09:18:27
1639732709261049000,85.0,3,84.9,11,85.1,1,2,2021-12-17 09:18:29
1639732710290511000,85.0,1,84.9,11,85.1,1,2,2021-12-17 09:18:30
1639732711814330000,85.1,1,85.0,1,85.1,2,1,2021-12-17 09:18:31
1639732712717272000,85.0,2,84.9,17,85.0,1,2,2021-12-17 09:18:32
1639732713033597000,85.0,1,84.9,17,85.1,3,1,2021-12-17 09:18:33
1639732713531253000,85.1,2,84.9,17,85.1,1,1,2021-12-17 09:18:33
1639732714788207000,85.1,1,85.0,2,85.2,22,1,2021-12-17 09:18:34
1639732715844145000,85.2,1,85.0,2,85.2,22,1,2021-12-17 09:18:35
1639732718339270000,85.1,1,85.0,16,85.2,23,2,2021-12-17 09:18:38
1639732721162362000,85.2,1,85.1,1,85.2,22,1,2021-12-17 09:18:41
1639732721491387000,85.2,7,85.1,1,85.2,15,1,2021-12-17 09:18:41
1639732722834919000,85.1,2,85.0,21,85.2,15,2,2021-12-17 09:18:42
1639732723474772000,85.0,1,85.0,20,85.2,15,2,2021-12-17 09:18:43
1639732724313195000,85.1,1,85.0,21,85.2,15,2,2021-12-17 09:18:44
1639732728251857000,85.1,1,85.0,24,85.2,16,2,2021-12-17 09:18:48
1639732728251857000,85.0,1,85.0,24,85.2,16,2,2021-12-17 09:18:48
1639732729403870000,85.2,6,85.0,26,85.2,11,1,2021-12-17 09:18:49
1639732730771963000,85.1,1,85.0,26,85.2,11,2,2021-12-17 09:18:50
1639732730771963000,85.0,2,85.0,26,85.2,11,2,2021-12-17 09:18:50
1639732732347851000,85.1,1,85.1,5,85.2,12,2,2021-12-17 09:18:52
1639732733121697000,85.2,1,85.1,5,85.2,11,1,2021-12-17 09:18:53
1639732733905662000,85.2,1,85.1,6,85.2,10,1,2021-12-17 09:18:53
1639732734716665000,85.2,1,85.1,7,85.2,9,1,2021-12-17 09:18:54
1639732734898230000,85.1,7,85.0,32,85.2,9,2,2021-12-17 09:18:54
1639732738647318000,85.1,4,85.1,4,85.2,9,2,2021-12-17 09:18:58
1639732738760020000,85.1,1,85.1,5,85.2,9,2,2021-12-17 09:18:58
1639732739885921000,85.1,6,84.8,23,85.2,9,2,2021-12-17 09:18:59
1639732739885921000,85.0,46,84.8,23,85.2,9,2,2021-12-17 09:18:59
1639732739885921000,84.9,25,84.8,23,85.2,9,2,2021-12-17 09:18:59
1639732739885921000,84.8,10,84.8,23,85.2,9,2,2021-12-17 09:18:59
1639732741001566000,85.0,1,84.9,2,85.0,1,1,2021-12-17 09:19:01
1639732741563396000,85.0,1,84.9,2,85.1,1,1,2021-12-17 09:19:01
1639732741563396000,85.1,1,84.9,2,85.1,1,1,2021-12-17 09:19:01
1639732743222640000,85.0,1,85.0,17,85.1,3,2,2021-12-17 09:19:03
1639732744083466000,85.0,1,85.0,16,85.1,6,2,2021-12-17 09:19:04
1639732744504971000,85.0,17,84.9,2,85.0,7,2,2021-12-17 09:19:04
1639732744546350000,84.9,2,84.8,25,85.0,7,2,2021-12-17 09:19:04
1639732744559215000,85.0,1,84.8,25,85.0,6,1,2021-12-17 09:19:04
1639732745451664000,84.8,8,84.8,16,85.0,7,2,2021-12-17 09:19:05
1639732745467280000,84.8,3,84.8,13,85.0,9,2,2021-12-17 09:19:05
1639732745487693000,84.8,3,84.8,10,85.0,9,2,2021-12-17 09:19:05
1639732745508900000,84.8,10,84.7,24,85.0,9,2,2021-12-17 09:19:05
1639732746094484000,84.9,10,84.7,24,85.0,9,2,2021-12-17 09:19:06
1639732746995288000,84.9,10,84.7,24,85.0,9,2,2021-12-17 09:19:06
1639732749420142000,85.0,1,84.7,25,85.0,8,1,2021-12-17 09:19:09
1639732749492046000,85.0,2,84.8,1,85.0,6,1,2021-12-17 09:19:09
1639732750046496000,85.0,1,84.8,1,85.0,5,1,2021-12-17 09:19:10
1639732750373084000,84.8,1,84.7,28,85.0,5,2,2021-12-17 09:19:10
1639732753589801000,84.8,1,84.8,1,84.9,1,2,2021-12-17 09:19:13
1639732757844810000,84.9,1,84.8,19,84.9,6,1,2021-12-17 09:19:17
1639732758484002000,84.8,10,84.8,9,84.9,6,2,2021-12-17 09:19:18
1639732759319644000,84.8,11,84.7,29,84.9,20,2,2021-12-17 09:19:19
1639732759811513000,84.9,1,84.7,29,84.9,19,1,2021-12-17 09:19:19
1639732761159531000,84.8,2,84.7,31,84.9,19,2,2021-12-17 09:19:21
1639732761768740000,84.8,4,84.7,31,84.8,6,1,2021-12-17 09:19:21
1639732764385178000,84.8,1,84.7,29,84.8,5,1,2021-12-17 09:19:24
1639732766180609000,84.7,1,84.7,28,84.8,5,2,2021-12-17 09:19:26
1639732766271508000,84.7,1,84.7,27,84.8,5,2,2021-12-17 09:19:26
1639732766399036000,84.8,1,84.7,27,84.8,4,1,2021-12-17 09:19:26
1639732766756021000,84.8,1,84.7,27,84.8,3,1,2021-12-17 09:19:26
1639732767978602000,84.8,1,84.7,28,84.8,8,1,2021-12-17 09:19:27
1639732768053850000,84.8,1,84.7,28,84.8,7,1,2021-12-17 09:19:28
1639732769489750000,84.8,2,84.7,28,84.8,5,1,2021-12-17 09:19:29
1639732770545034000,84.8,1,84.7,28,84.8,4,1,2021-12-17 09:19:30
1639732771504913000,84.8,1,84.7,38,84.8,13,1,2021-12-17 09:19:31
1639732773537291000,84.8,2,84.7,39,84.8,11,1,2021-12-17 09:19:33
1639732773584937000,84.8,1,84.7,39,84.8,10,1,2021-12-17 09:19:33
1639732773646539000,84.8,2,84.7,39,84.8,8,1,2021-12-17 09:19:33
1639732773675823000,84.8,3,84.7,39,84.8,5,1,2021-12-17 09:19:33
1639732773706567000,84.8,3,84.8,2,84.9,16,1,2021-12-17 09:19:33
1639732773706828000,84.8,2,84.8,2,84.9,16,1,2021-12-17 09:19:33
1639732773759202000,84.8,2,84.7,39,84.9,14,2,2021-12-17 09:19:33
1639732774668591000,84.8,1,84.8,1,84.9,14,1,2021-12-17 09:19:34
1639732774702210000,84.8,1,84.7,39,84.9,14,2,2021-12-17 09:19:34
1639732775394935000,84.8,1,84.7,39,84.8,1,2,2021-12-17 09:19:35
1639732775565229000,84.8,1,84.7,39,84.9,14,1,2021-12-17 09:19:35
1639732778162676000,84.9,1,84.7,40,84.9,13,1,2021-12-17 09:19:38
1639732780910935000,84.8,1,84.8,6,84.9,17,2,2021-12-17 09:19:40
1639732781855718000,84.8,2,84.8,5,84.9,17,2,2021-12-17 09:19:41
1639732782263411000,84.9,1,84.8,5,84.9,16,1,2021-12-17 09:19:42
1639732782434685000,84.8,1,84.8,4,84.9,16,2,2021-12-17 09:19:42
1639732782810167000,84.9,1,84.8,4,84.9,15,1,2021-12-17 09:19:42
1639732782867406000,84.9,1,84.8,4,84.9,14,1,2021-12-17 09:19:42
1639732785872163000,84.8,10,84.7,40,84.9,14,2,2021-12-17 09:19:45
1639732786138055000,84.8,1,84.7,40,84.9,14,2,2021-12-17 09:19:46
1639732787380518000,84.8,1,84.8,1,84.9,14,2,2021-12-17 09:19:47
1639732787421969000,84.9,1,84.8,1,84.9,13,1,2021-12-17 09:19:47
1639732787955797000,84.8,1,84.7,39,84.9,13,2,2021-12-17 09:19:47
1639732787955797000,84.7,4,84.7,39,84.9,13,2,2021-12-17 09:19:47
1639732789581477000,84.8,1,84.7,39,84.9,14,1,2021-12-17 09:19:49
1639732789976945000,84.9,1,84.8,1,84.9,15,1,2021-12-17 09:19:49
1639732792825332000,84.8,2,84.7,39,84.9,16,2,2021-12-17 09:19:52
1639732794927240000,84.8,1,84.7,41,84.8,4,2,2021-12-17 09:19:54
1639732795410833000,84.8,4,84.8,16,84.9,27,1,2021-12-17 09:19:55
1639732795438882000,84.9,2,84.8,16,84.9,25,1,2021-12-17 09:19:55
1639732797942004000,84.8,18,84.7,43,84.9,24,2,2021-12-17 09:19:57
1639732799149779000,84.8,1,84.5,58,84.9,25,2,2021-12-17 09:19:59
1639732799149779000,84.7,54,84.5,58,84.9,25,2,2021-12-17 09:19:59
1639732799149779000,84.6,43,84.5,58,84.9,25,2,2021-12-17 09:19:59
1639732799149779000,84.5,2,84.5,58,84.9,25,2,2021-12-17 09:19:59
1639732799153392000,84.9,10,84.5,58,84.9,15,1,2021-12-17 09:19:59
1639732799309704000,84.5,2,84.5,57,84.7,1,2,2021-12-17 09:19:59
1639732799370039000,84.7,1,84.5,57,84.8,2,1,2021-12-17 09:19:59
1639732799853453000,84.8,1,84.7,5,84.8,3,1,2021-12-17 09:19:59
1639732801398058000,84.7,5,84.4,9,84.5,41,2,2021-12-17 09:20:01
1639732801398058000,84.5,54,84.4,9,84.5,41,2,2021-12-17 09:20:01
1639732801430019000,84.5,4,84.4,9,84.5,37,1,2021-12-17 09:20:01
1639732803342493000,84.5,1,84.4,7,84.5,36,1,2021-12-17 09:20:03
1639732804299628000,84.5,1,84.4,7,84.5,38,1,2021-12-17 09:20:04
1639732805432402000,84.5,3,84.4,7,84.5,36,1,2021-12-17 09:20:05
1639732805808816000,84.4,2,84.4,5,84.5,36,2,2021-12-17 09:20:05
1639732806171126000,84.5,1,84.4,5,84.5,35,1,2021-12-17 09:20:06
1639732806351039000,84.5,3,84.4,5,84.5,32,1,2021-12-17 09:20:06
1639732806376474000,84.5,22,84.4,5,84.5,10,1,2021-12-17 09:20:06
1639732807560652000,84.5,1,84.4,5,84.5,14,1,2021-12-17 09:20:07
1639732807773752000,84.4,2,84.4,3,84.5,14,2,2021-12-17 09:20:07
1639732807903873000,84.5,2,84.4,4,84.5,12,1,2021-12-17 09:20:07
1639732809262564000,84.5,1,84.4,6,84.5,16,1,2021-12-17 09:20:09
1639732809645901000,84.5,3,84.4,9,84.5,13,1,2021-12-17 09:20:09
1639732810078924000,84.4,1,84.4,8,84.5,13,2,2021-12-17 09:20:10
