ts,close,volume,bid_price,bid_volume,ask_price,ask_volume,tick_type,datetime
1650272408904141000,134.0,678,133.5,10,134.0,17,1,2022-04-18 09:00:08
1650272408956856000,134.0,1,133.5,10,134.0,16,1,2022-04-18 09:00:08
1650272408981190000,134.0,4,133.5,10,134.0,12,1,2022-04-18 09:00:08
1650272408983405000,133.5,5,133.5,5,134.0,12,2,2022-04-18 09:00:08
1650272409024397000,133.5,4,133.5,1,134.0,12,2,2022-04-18 09:00:09
1650272409052824000,133.5,1,133.0,4,134.0,12,2,2022-04-18 09:00:09
1650272409074228000,134.0,1,133.0,4,134.0,11,1,2022-04-18 09:00:09
1650272409074437000,134.0,1,133.0,4,134.0,10,1,2022-04-18 09:00:09
1650272409074855000,134.0,1,133.0,4,134.0,9,1,2022-04-18 09:00:09
1650272409352530000,133.0,1,133.0,3,134.0,9,2,2022-04-18 09:00:09
1650272409399445000,133.0,1,133.0,2,134.0,9,2,2022-04-18 09:00:09
1650272409601163000,133.0,2,132.5,7,134.0,9,2,2022-04-18 09:00:09
1650272409601163000,132.5,5,132.5,7,134.0,9,2,2022-04-18 09:00:09
1650272409620851000,134.0,1,132.5,7,134.0,8,1,2022-04-18 09:00:09
1650272409653581000,132.5,2,132.5,5,133.5,1,2,2022-04-18 09:00:09
1650272409713898000,132.5,1,132.5,4,133.5,1,2,2022-04-18 09:00:09
1650272410175115000,132.5,3,132.5,6,133.5,1,2,2022-04-18 09:00:10
1650272410432353000,132.5,1,132.5,5,133.5,1,2,2022-04-18 09:00:10
1650272410712311000,133.5,1,132.5,5,134.5,53,1,2022-04-18 09:00:10
1650272410712311000,134.0,8,132.5,5,134.5,53,1,2022-04-18 09:00:10
1650272410712311000,134.5,1,132.5,5,134.5,53,1,2022-04-18 09:00:10
1650272410908495000,134.0,1,133.0,3,134.5,51,1,2022-04-18 09:00:10
1650272411025062000,134.0,1,133.0,3,134.5,50,1,2022-04-18 09:00:11
1650272411025062000,134.5,1,133.0,3,134.5,50,1,2022-04-18 09:00:11
1650272411751533000,133.5,1,133.0,8,134.5,50,2,2022-04-18 09:00:11
1650272412176194000,134.5,1,133.0,7,134.5,49,1,2022-04-18 09:00:12
1650272412205652000,133.0,3,133.0,4,134.5,49,2,2022-04-18 09:00:12
1650272412658733000,133.5,1,132.0,6,134.0,1,2,2022-04-18 09:00:12
1650272412658733000,133.0,6,132.0,6,134.0,1,2,2022-04-18 09:00:12
1650272412658733000,132.5,5,132.0,6,134.0,1,2,2022-04-18 09:00:12
1650272412658733000,132.0,8,132.0,6,134.0,1,2,2022-04-18 09:00:12
1650272412770787000,133.5,2,132.0,5,134.0,1,1,2022-04-18 09:00:12
1650272413446258000,134.0,1,132.5,2,134.0,2,1,2022-04-18 09:00:13
1650272413824864000,132.5,1,132.5,1,133.0,11,2,2022-04-18 09:00:13
1650272413852791000,133.0,1,132.5,1,133.0,10,1,2022-04-18 09:00:13
1650272415495384000,133.0,5,132.5,3,133.0,5,1,2022-04-18 09:00:15
1650272415500672000,133.0,1,132.5,3,133.0,4,1,2022-04-18 09:00:15
1650272415522918000,133.0,4,132.5,3,133.5,2,1,2022-04-18 09:00:15
1650272416389334000,132.5,2,132.5,1,133.5,5,2,2022-04-18 09:00:16
1650272416769135000,133.0,1,132.5,2,133.5,5,2,2022-04-18 09:00:16
1650272417153284000,132.5,1,132.5,1,133.5,5,2,2022-04-18 09:00:17
1650272417167153000,133.5,1,132.5,1,133.5,4,1,2022-04-18 09:00:17
1650272417214651000,132.5,1,132.0,9,133.5,4,2,2022-04-18 09:00:17
1650272417502086000,132.5,1,132.0,9,133.0,1,2,2022-04-18 09:00:17
1650272418057092000,133.0,1,132.0,9,133.5,3,1,2022-04-18 09:00:18
1650272418057092000,133.5,1,132.0,9,133.5,3,1,2022-04-18 09:00:18
1650272418280974000,132.5,1,132.0,8,133.0,3,2,2022-04-18 09:00:18
1650272418280974000,132.0,1,132.0,8,133.0,3,2,2022-04-18 09:00:18
1650272419468496000,133.0,2,132.0,9,133.0,7,1,2022-04-18 09:00:19
1650272420100614000,132.0,1,132.0,8,133.0,18,2,2022-04-18 09:00:20
1650272420159985000,133.0,1,132.0,8,133.0,17,1,2022-04-18 09:00:20
1650272420879742000,132.0,1,132.0,7,133.0,24,2,2022-04-18 09:00:20
1650272421022699000,132.5,2,132.0,8,133.0,24,2,2022-04-18 09:00:21
1650272421099585000,132.5,1,132.0,8,133.0,24,2,2022-04-18 09:00:21
1650272421466682000,133.0,1,132.0,9,133.0,23,1,2022-04-18 09:00:21
1650272421591564000,132.5,1,132.0,9,133.0,27,2,2022-04-18 09:00:21
1650272421739024000,132.0,1,132.0,8,133.0,27,2,2022-04-18 09:00:21
1650272421803917000,132.0,1,132.0,7,132.5,1,2,2022-04-18 09:00:21
1650272422161600000,132.0,7,131.5,7,132.0,1,2,2022-04-18 09:00:22
1650272422166168000,132.0,1,131.5,7,132.5,2,1,2022-04-18 09:00:22
1650272422199914000,132.5,1,131.5,7,132.5,1,1,2022-04-18 09:00:22
1650272422426041000,132.5,1,132.5,2,133.0,30,1,2022-04-18 09:00:22
1650272422450331000,132.5,2,131.5,7,133.0,30,2,2022-04-18 09:00:22
1650272422777982000,132.5,1,132.0,1,133.0,30,1,2022-04-18 09:00:22
1650272422801886000,133.0,10,132.0,1,133.0,20,1,2022-04-18 09:00:22
1650272422926965000,132.0,1,131.5,5,133.0,20,2,2022-04-18 09:00:22
1650272422926965000,131.5,2,131.5,5,133.0,20,2,2022-04-18 09:00:22
1650272423122875000,132.5,1,132.0,1,133.0,19,1,2022-04-18 09:00:23
1650272423122875000,133.0,1,132.0,1,133.0,19,1,2022-04-18 09:00:23
1650272423393803000,132.5,1,132.0,1,133.0,19,2,2022-04-18 09:00:23
1650272423633612000,132.5,1,132.0,1,133.0,17,1,2022-04-18 09:00:23
1650272423633612000,133.0,2,132.0,1,133.0,17,1,2022-04-18 09:00:23
1650272424181476000,133.0,1,132.0,3,133.0,16,1,2022-04-18 09:00:24
1650272424778370000,133.0,1,132.0,3,133.0,18,1,2022-04-18 09:00:24
1650272424888837000,132.0,1,132.0,2,132.5,1,2,2022-04-18 09:00:24
1650272424923886000,132.0,1,132.0,1,132.5,1,2,2022-04-18 09:00:24
1650272425161026000,132.0,1,131.5,6,132.5,1,2,2022-04-18 09:00:25
1650272425604622000,132.5,1,132.0,3,133.0,17,1,2022-04-18 09:00:25
1650272425604622000,133.0,1,132.0,3,133.0,17,1,2022-04-18 09:00:25
1650272425617541000,133.0,1,132.0,3,133.0,16,1,2022-04-18 09:00:25
1650272425642584000,133.0,10,132.0,3,133.0,6,1,2022-04-18 09:00:25
1650272425657543000,132.0,1,132.0,2,133.0,6,2,2022-04-18 09:00:25
1650272425679123000,133.0,6,132.0,2,133.5,4,1,2022-04-18 09:00:25
1650272426022181000,132.5,1,132.0,12,133.0,31,2,2022-04-18 09:00:26
1650272426161357000,133.0,8,132.0,11,133.0,23,1,2022-04-18 09:00:26
1650272426439840000,133.0,1,132.5,2,133.0,22,1,2022-04-18 09:00:26
1650272426440248000,132.5,2,131.5,6,132.0,22,2,2022-04-18 09:00:26
1650272426440248000,132.0,11,131.5,6,132.0,22,2,2022-04-18 09:00:26
1650272426456298000,132.0,2,131.5,6,132.0,20,1,2022-04-18 09:00:26
1650272426474864000,132.0,20,131.5,6,133.0,22,1,2022-04-18 09:00:26
1650272426503250000,132.0,1,131.5,7,132.0,1,1,2022-04-18 09:00:26
1650272426510202000,132.0,1,131.5,7,132.5,1,1,2022-04-18 09:00:26
1650272426525122000,131.5,1,131.5,6,133.0,22,2,2022-04-18 09:00:26
1650272427468259000,132.5,1,132.0,6,132.5,3,1,2022-04-18 09:00:27
1650272427506114000,132.5,3,132.0,6,133.0,23,1,2022-04-18 09:00:27
1650272427566663000,133.0,1,132.0,6,133.0,22,1,2022-04-18 09:00:27
1650272427616164000,132.5,1,132.0,7,132.5,1,2,2022-04-18 09:00:27
1650272427652963000,132.5,1,132.0,7,133.0,22,1,2022-04-18 09:00:27
1650272427915104000,132.0,1,132.0,6,133.0,25,2,2022-04-18 09:00:27
1650272427957354000,132.0,1,132.0,5,133.0,25,2,2022-04-18 09:00:27
1650272428456363000,133.0,1,132.5,9,133.0,24,1,2022-04-18 09:00:28
1650272429044022000,132.5,1,132.5,13,133.0,24,2,2022-04-18 09:00:29
1650272429279781000,132.5,1,132.5,12,133.0,24,2,2022-04-18 09:00:29
1650272429618160000,132.5,1,132.5,11,133.0,24,2,2022-04-18 09:00:29
1650272429624199000,132.5,2,132.5,9,133.0,24,2,2022-04-18 09:00:29
1650272429641583000,133.0,2,132.5,9,133.0,22,1,2022-04-18 09:00:29
1650272430429981000,133.0,2,132.5,10,133.0,21,1,2022-04-18 09:00:30
1650272430647491000,132.5,2,132.5,8,133.0,21,2,2022-04-18 09:00:30
1650272431266140000,133.0,1,132.5,8,133.0,25,1,2022-04-18 09:00:31
1650272431379714000,132.5,1,132.5,10,133.0,25,2,2022-04-18 09:00:31
1650272431577270000,132.5,1,132.5,9,133.0,25,2,2022-04-18 09:00:31
1650272432748597000,132.5,5,132.5,7,133.0,25,2,2022-04-18 09:00:32
1650272433167461000,132.5,2,132.5,5,133.0,25,2,2022-04-18 09:00:33
1650272433193777000,132.5,2,132.5,3,133.0,25,2,2022-04-18 09:00:33
1650272434834465000,133.0,3,132.5,12,133.0,25,1,2022-04-18 09:00:34
1650272434969094000,132.5,1,132.5,13,133.0,25,2,2022-04-18 09:00:34
1650272435207236000,132.5,1,132.5,12,133.0,31,2,2022-04-18 09:00:35
1650272435498157000,132.5,1,132.5,12,133.0,31,2,2022-04-18 09:00:35
1650272435728817000,133.0,1,132.5,12,133.0,31,1,2022-04-18 09:00:35
1650272435939841000,133.0,1,132.5,12,133.0,30,1,2022-04-18 09:00:35
1650272436016751000,133.0,2,132.5,13,133.0,28,1,2022-04-18 09:00:36
1650272436273041000,132.5,1,132.5,12,133.0,28,2,2022-04-18 09:00:36
1650272437063575000,133.0,1,132.5,15,133.0,31,1,2022-04-18 09:00:37
1650272437170735000,132.5,5,132.5,10,133.0,31,2,2022-04-18 09:00:37
1650272438001849000,132.5,1,132.5,9,133.0,31,2,2022-04-18 09:00:38
1650272438415323000,132.5,1,132.5,14,133.0,31,2,2022-04-18 09:00:38
1650272438912000000,132.5,1,132.5,13,133.0,31,2,2022-04-18 09:00:38
1650272439256230000,132.5,1,132.5,12,133.0,31,2,2022-04-18 09:00:39
1650272441113224000,132.5,1,132.5,13,133.0,39,2,2022-04-18 09:00:41
1650272441599458000,133.0,1,132.5,14,133.0,38,1,2022-04-18 09:00:41
1650272442461527000,132.5,20,132.5,20,133.0,38,2,2022-04-18 09:00:42
1650272442756853000,132.5,5,132.5,18,133.0,40,2,2022-04-18 09:00:42
1650272443351622000,132.5,2,132.5,23,133.0,43,2,2022-04-18 09:00:43
1650272443521380000,132.5,23,132.0,23,132.5,17,2,2022-04-18 09:00:43
1650272443989721000,132.0,5,132.0,18,132.5,17,2,2022-04-18 09:00:43
1650272444110423000,132.5,1,132.0,18,132.5,16,1,2022-04-18 09:00:44
1650272444442972000,132.5,1,132.0,18,132.5,15,1,2022-04-18 09:00:44
1650272444652189000,132.5,1,132.0,18,132.5,14,1,2022-04-18 09:00:44
1650272444707199000,132.5,1,132.0,18,132.5,13,1,2022-04-18 09:00:44
1650272444736044000,132.0,1,132.0,17,132.5,13,2,2022-04-18 09:00:44
1650272445209183000,132.0,5,132.0,12,132.5,14,2,2022-04-18 09:00:45
1650272445397465000,132.0,5,132.0,7,132.5,17,2,2022-04-18 09:00:45
1650272445427130000,132.0,5,132.0,2,132.5,17,2,2022-04-18 09:00:45
1650272445574337000,132.0,2,131.5,10,132.5,18,2,2022-04-18 09:00:45
1650272445574337000,131.5,3,131.5,10,132.5,18,2,2022-04-18 09:00:45
1650272446142466000,131.5,1,131.5,9,132.5,22,2,2022-04-18 09:00:46
1650272446277490000,131.5,1,131.5,8,132.5,27,2,2022-04-18 09:00:46
1650272446428009000,132.5,1,131.5,8,132.5,26,1,2022-04-18 09:00:46
1650272446788953000,132.0,1,131.5,8,132.0,6,1,2022-04-18 09:00:46
1650272447043737000,132.0,1,131.5,8,132.0,5,1,2022-04-18 09:00:47
1650272447346285000,132.0,1,131.5,8,132.0,6,1,2022-04-18 09:00:47
1650272447360206000,132.0,1,131.5,8,132.0,5,1,2022-04-18 09:00:47
1650272447693174000,132.0,5,131.5,8,132.5,24,1,2022-04-18 09:00:47
1650272447693174000,132.5,10,131.5,8,132.5,24,1,2022-04-18 09:00:47
1650272447810768000,132.5,1,132.0,1,132.5,23,1,2022-04-18 09:00:47
1650272448180328000,132.0,1,131.5,8,132.5,23,2,2022-04-18 09:00:48
1650272448288713000,132.5,1,131.5,8,132.5,22,1,2022-04-18 09:00:48
1650272448555187000,132.0,1,132.0,4,132.5,22,2,2022-04-18 09:00:48
1650272448601927000,132.0,1,132.0,3,132.5,22,2,2022-04-18 09:00:48
1650272450491789000,132.0,4,131.5,8,132.5,26,2,2022-04-18 09:00:50
1650272451815002000,131.5,1,131.5,9,132.0,6,2,2022-04-18 09:00:51
1650272452145693000,132.0,1,131.5,9,132.0,8,1,2022-04-18 09:00:52
1650272452423352000,132.0,1,131.5,9,132.0,9,1,2022-04-18 09:00:52
1650272452497591000,132.0,3,131.5,9,132.0,6,1,2022-04-18 09:00:52
1650272452869386000,132.0,1,131.5,6,132.0,6,1,2022-04-18 09:00:52
1650272453042563000,132.0,1,131.5,6,132.0,5,1,2022-04-18 09:00:53
1650272453846954000,132.0,1,131.5,7,132.0,5,1,2022-04-18 09:00:53
1650272454018637000,132.0,3,131.5,7,132.0,5,1,2022-04-18 09:00:54
1650272454052045000,132.0,5,131.5,7,132.5,25,1,2022-04-18 09:00:54
1650272454465834000,132.0,1,132.0,8,132.5,26,1,2022-04-18 09:00:54
1650272454511478000,132.0,1,132.0,7,132.5,26,2,2022-04-18 09:00:54
1650272455079415000,132.0,1,132.0,12,132.5,28,2,2022-04-18 09:00:55
1650272455083355000,132.0,1,132.0,11,132.5,28,2,2022-04-18 09:00:55
1650272455975531000,132.0,5,132.0,15,132.5,28,2,2022-04-18 09:00:55
1650272456214107000,132.0,1,132.0,15,132.5,28,2,2022-04-18 09:00:56
1650272456241734000,132.0,1,132.0,14,132.5,28,2,2022-04-18 09:00:56
1650272456375648000,132.0,1,132.0,13,132.5,28,2,2022-04-18 09:00:56
1650272456389484000,132.5,1,132.0,14,132.5,27,1,2022-04-18 09:00:56
1650272457272948000,132.0,4,132.0,11,132.5,27,2,2022-04-18 09:00:57
1650272458381469000,132.5,1,132.0,12,132.5,29,1,2022-04-18 09:00:58
1650272458551687000,132.5,1,132.0,12,132.5,28,1,2022-04-18 09:00:58
1650272459694596000,132.5,1,132.0,14,132.5,30,1,2022-04-18 09:00:59
1650272460648426000,132.5,3,132.0,16,132.5,28,1,2022-04-18 09:01:00
1650272460845827000,132.0,1,132.0,15,132.5,28,2,2022-04-18 09:01:00
1650272461396607000,132.5,4,132.0,16,132.5,27,1,2022-04-18 09:01:01
1650272461681852000,132.5,1,132.0,17,132.5,26,1,2022-04-18 09:01:01
1650272462143799000,132.0,1,132.0,16,132.5,26,2,2022-04-18 09:01:02
1650272463525781000,132.5,1,132.0,18,132.5,25,1,2022-04-18 09:01:03
1650272465788956000,132.5,10,132.0,21,132.5,22,1,2022-04-18 09:01:05
1650272465825394000,132.5,14,132.0,21,132.5,8,1,2022-04-18 09:01:05
1650272465858706000,132.5,8,132.0,21,133.0,50,1,2022-04-18 09:01:05
1650272466783092000,132.5,1,132.0,42,132.5,5,1,2022-04-18 09:01:06
1650272466925672000,132.5,1,132.0,42,132.5,7,1,2022-04-18 09:01:06
1650272466960083000,132.5,1,132.0,42,132.5,6,1,2022-04-18 09:01:06
1650272467282341000,132.0,1,132.0,41,132.5,6,2,2022-04-18 09:01:07
1650272467754597000,132.5,1,132.0,41,132.5,10,1,2022-04-18 09:01:07
1650272468368940000,132.5,1,132.0,43,132.5,12,1,2022-04-18 09:01:08
1650272468637391000,132.5,1,132.0,44,132.5,12,1,2022-04-18 09:01:08
1650272468668012000,132.0,1,132.0,43,132.5,12,2,2022-04-18 09:01:08
1650272469276926000,132.5,5,132.0,43,132.5,7,1,2022-04-18 09:01:09
1650272469428202000,132.5,7,132.0,44,133.0,50,1,2022-04-18 09:01:09
1650272470115386000,133.0,1,132.5,8,133.0,53,1,2022-04-18 09:01:10
1650272470140120000,133.0,5,132.5,8,133.0,48,1,2022-04-18 09:01:10
1650272470498905000,132.5,1,132.5,7,133.0,48,2,2022-04-18 09:01:10
1650272470767693000,132.5,1,132.5,16,133.0,48,2,2022-04-18 09:01:10
1650272471026596000,133.0,1,132.5,24,133.0,47,1,2022-04-18 09:01:11
1650272471113691000,132.5,3,132.5,21,133.0,47,2,2022-04-18 09:01:11
1650272472119921000,132.5,4,132.5,28,133.0,47,2,2022-04-18 09:01:12
1650272473460110000,133.0,1,132.5,32,133.0,49,1,2022-04-18 09:01:13
1650272474056221000,132.5,1,132.5,32,133.0,49,2,2022-04-18 09:01:14
1650272475524087000,132.5,4,132.5,53,133.0,49,2,2022-04-18 09:01:15
1650272476308306000,132.5,1,132.5,53,133.0,52,2,2022-04-18 09:01:16
1650272476549844000,132.5,1,132.5,52,133.0,52,2,2022-04-18 09:01:16
1650272476656025000,133.0,2,132.5,53,133.0,50,1,2022-04-18 09:01:16
1650272476969705000,132.5,1,132.5,52,133.0,50,2,2022-04-18 09:01:16
1650272477039316000,133.0,1,132.5,52,133.0,49,1,2022-04-18 09:01:17
1650272477158616000,132.5,5,132.5,49,133.0,49,2,2022-04-18 09:01:17
1650272477790409000,133.0,1,132.5,52,133.0,49,1,2022-04-18 09:01:17
1650272477836713000,133.0,2,132.5,52,133.0,47,1,2022-04-18 09:01:17
1650272477997509000,133.0,1,132.5,52,133.0,46,1,2022-04-18 09:01:17
1650272478373371000,133.0,2,132.5,63,133.0,44,1,2022-04-18 09:01:18
1650272479279776000,133.0,2,132.5,65,133.0,46,1,2022-04-18 09:01:19
1650272479523938000,132.5,2,132.5,40,133.0,46,2,2022-04-18 09:01:19
1650272480175515000,132.5,5,132.5,36,133.0,41,2,2022-04-18 09:01:20
1650272480649488000,133.0,30,132.5,30,133.0,13,1,2022-04-18 09:01:20
1650272480671457000,132.5,1,132.5,29,133.0,13,2,2022-04-18 09:01:20
1650272480675229000,133.0,13,132.5,29,133.5,19,1,2022-04-18 09:01:20
1650272481410993000,133.0,1,132.5,26,133.5,22,2,2022-04-18 09:01:21
1650272481410993000,132.5,4,132.5,26,133.5,22,2,2022-04-18 09:01:21
1650272481415948000,133.0,1,132.5,26,133.5,22,2,2022-04-18 09:01:21
1650272481501970000,133.0,9,133.0,1,133.5,22,2,2022-04-18 09:01:21
1650272481522933000,133.0,1,132.5,26,133.5,23,2,2022-04-18 09:01:21
1650272481625777000,132.5,1,132.5,25,133.5,22,2,2022-04-18 09:01:21
1650272482053856000,133.0,1,132.5,26,133.0,1,1,2022-04-18 09:01:22
1650272482102794000,133.0,1,132.5,27,133.5,25,1,2022-04-18 09:01:22
1650272482299226000,132.5,1,132.5,27,133.5,25,2,2022-04-18 09:01:22
1650272482655327000,133.5,1,133.0,2,133.5,22,1,2022-04-18 09:01:22
1650272482876628000,133.5,1,133.0,2,133.5,21,1,2022-04-18 09:01:22
1650272482997566000,133.5,1,133.0,3,133.5,20,1,2022-04-18 09:01:22
1650272483438080000,133.0,1,133.0,5,133.5,20,2,2022-04-18 09:01:23
1650272483534765000,133.0,1,133.0,9,133.5,20,2,2022-04-18 09:01:23
1650272484276385000,133.5,1,133.0,10,133.5,19,1,2022-04-18 09:01:24
1650272484355449000,133.0,1,133.0,9,133.5,19,2,2022-04-18 09:01:24
1650272484656990000,133.0,1,133.0,8,133.5,19,2,2022-04-18 09:01:24
1650272485071215000,133.0,1,133.0,7,133.5,23,2,2022-04-18 09:01:25
1650272485242596000,133.5,1,133.0,7,133.5,22,1,2022-04-18 09:01:25
1650272485383310000,133.0,7,133.0,2,133.5,15,2,2022-04-18 09:01:25
1650272485751627000,133.0,1,133.0,2,133.5,16,2,2022-04-18 09:01:25
1650272485792003000,133.0,2,132.5,28,133.5,16,2,2022-04-18 09:01:25
1650272486351731000,133.0,1,132.5,28,133.5,16,1,2022-04-18 09:01:26
1650272487039938000,133.5,1,133.0,1,133.5,16,1,2022-04-18 09:01:27
1650272487040530000,133.0,1,132.5,29,133.5,16,2,2022-04-18 09:01:27
1650272487180893000,133.0,2,132.5,29,133.5,16,1,2022-04-18 09:01:27
1650272487620097000,133.0,1,132.5,30,133.5,16,2,2022-04-18 09:01:27
1650272487961661000,133.0,1,132.5,30,133.5,23,2,2022-04-18 09:01:27
1650272487968997000,133.5,1,132.5,30,133.5,22,1,2022-04-18 09:01:27
1650272488650852000,133.0,2,132.5,33,133.5,22,2,2022-04-18 09:01:28
1650272489154474000,133.5,5,133.0,1,133.5,15,1,2022-04-18 09:01:29
1650272489882311000,133.0,1,133.0,2,133.5,16,2,2022-04-18 09:01:29
1650272490049835000,133.0,1,133.0,1,133.5,16,2,2022-04-18 09:01:30
1650272490144436000,133.0,1,132.5,33,133.5,16,2,2022-04-18 09:01:30
1650272490355270000,133.5,10,132.5,33,133.5,7,1,2022-04-18 09:01:30
1650272490371560000,133.5,1,132.5,33,133.5,6,1,2022-04-18 09:01:30
1650272490443321000,133.5,1,132.5,35,133.5,5,1,2022-04-18 09:01:30
1650272490984416000,133.5,1,132.5,35,133.5,7,1,2022-04-18 09:01:30
1650272491498600000,133.0,5,132.5,35,133.5,10,2,2022-04-18 09:01:31
1650272492021909000,133.0,1,133.0,4,133.5,12,2,2022-04-18 09:01:32
1650272492036685000,133.0,1,133.0,3,133.5,12,2,2022-04-18 09:01:32
1650272492217512000,133.0,3,132.5,33,133.5,13,2,2022-04-18 09:01:32
1650272492843555000,133.0,1,133.0,3,133.5,13,2,2022-04-18 09:01:32
1650272493065789000,133.0,1,133.0,3,133.5,13,2,2022-04-18 09:01:33
1650272493759929000,133.5,3,133.0,3,133.5,10,1,2022-04-18 09:01:33
1650272493788190000,133.5,10,133.0,3,134.0,33,1,2022-04-18 09:01:33
1650272493980047000,134.0,1,133.0,4,134.0,38,1,2022-04-18 09:01:33
1650272494161326000,134.0,1,133.0,5,134.0,37,1,2022-04-18 09:01:34
1650272494406073000,134.0,1,133.0,5,134.0,36,1,2022-04-18 09:01:34
1650272494639990000,133.5,1,133.0,5,134.0,36,2,2022-04-18 09:01:34
1650272494776070000,133.0,2,133.0,3,134.0,36,2,2022-04-18 09:01:34
1650272494797703000,133.0,1,133.0,2,134.0,36,2,2022-04-18 09:01:34
1650272495285383000,133.0,2,132.5,39,134.0,36,2,2022-04-18 09:01:35
1650272495454669000,133.5,3,133.5,7,134.0,36,1,2022-04-18 09:01:35
1650272495487998000,133.5,7,133.0,3,134.0,33,2,2022-04-18 09:01:35
1650272496570255000,133.5,1,133.0,9,133.5,14,1,2022-04-18 09:01:36
1650272497002078000,133.5,1,133.0,9,133.5,16,1,2022-04-18 09:01:37
1650272497005168000,133.0,1,133.0,8,133.5,16,2,2022-04-18 09:01:37
1650272497009789000,133.5,2,133.0,8,133.5,14,1,2022-04-18 09:01:37
1650272497193916000,133.5,15,133.0,9,134.0,33,1,2022-04-18 09:01:37
1650272497193916000,134.0,2,133.0,9,134.0,33,1,2022-04-18 09:01:37
1650272497306309000,133.5,1,133.5,9,134.0,33,2,2022-04-18 09:01:37
1650272497997400000,133.5,1,133.5,14,134.0,33,2,2022-04-18 09:01:37
1650272498026212000,133.5,14,133.0,11,134.0,33,2,2022-04-18 09:01:38
1650272498034788000,134.0,1,133.0,11,134.0,32,1,2022-04-18 09:01:38
1650272498370220000,133.5,1,133.0,11,134.0,32,1,2022-04-18 09:01:38
1650272498942691000,133.5,1,133.0,10,133.5,4,2,2022-04-18 09:01:38
1650272499298168000,133.0,1,133.0,11,133.5,4,2,2022-04-18 09:01:39
1650272500692030000,133.5,2,133.0,16,133.5,14,1,2022-04-18 09:01:40
1650272500730447000,133.5,1,133.0,16,133.5,13,1,2022-04-18 09:01:40
1650272501210499000,133.0,1,133.0,20,133.5,16,2,2022-04-18 09:01:41
1650272501217886000,133.5,1,133.0,20,133.5,15,1,2022-04-18 09:01:41
1650272501237673000,133.5,1,133.0,20,133.5,14,1,2022-04-18 09:01:41
1650272501472671000,133.5,10,133.0,21,133.5,4,1,2022-04-18 09:01:41
1650272501544063000,133.0,1,133.0,20,133.5,4,2,2022-04-18 09:01:41
1650272501626738000,133.5,4,133.0,20,133.5,1,1,2022-04-18 09:01:41
1650272501926589000,133.5,1,133.0,20,133.5,1,1,2022-04-18 09:01:41
1650272502286398000,133.0,1,133.0,20,133.5,2,2,2022-04-18 09:01:42
1650272502435007000,133.5,1,133.0,22,133.5,1,1,2022-04-18 09:01:42
1650272502592736000,133.5,1,133.0,24,133.5,1,1,2022-04-18 09:01:42
1650272502644748000,133.5,1,133.5,1,134.0,32,1,2022-04-18 09:01:42
1650272502690296000,133.5,1,133.0,24,134.0,32,2,2022-04-18 09:01:42
1650272503256860000,134.0,1,133.5,3,134.0,35,1,2022-04-18 09:01:43
1650272503814975000,133.5,5,133.5,12,134.0,35,2,2022-04-18 09:01:43
1650272503914598000,133.5,2,133.5,11,134.0,35,2,2022-04-18 09:01:43
1650272504204969000,133.5,1,133.5,10,134.0,35,2,2022-04-18 09:01:44
1650272505243941000,133.5,1,133.5,11,134.0,38,2,2022-04-18 09:01:45
1650272505730297000,133.5,1,133.5,10,134.0,38,2,2022-04-18 09:01:45
1650272506065150000,133.5,1,133.5,9,134.0,41,2,2022-04-18 09:01:46
1650272506072759000,133.5,4,133.5,5,134.0,41,2,2022-04-18 09:01:46
1650272506089691000,133.5,5,133.0,30,134.0,41,2,2022-04-18 09:01:46
1650272507266603000,133.5,1,133.0,30,133.5,6,1,2022-04-18 09:01:47
1650272507339878000,133.0,1,133.0,29,133.5,6,2,2022-04-18 09:01:47
1650272507991663000,133.0,1,133.0,29,133.5,8,2,2022-04-18 09:01:47
1650272508410259000,133.0,1,133.0,27,133.5,8,2,2022-04-18 09:01:48
1650272508466636000,133.5,6,133.0,27,133.5,2,1,2022-04-18 09:01:48
1650272509257137000,133.5,3,133.0,25,133.5,5,1,2022-04-18 09:01:49
1650272509292359000,133.5,2,133.0,25,133.5,3,1,2022-04-18 09:01:49
1650272509416672000,133.5,1,133.0,26,133.5,2,1,2022-04-18 09:01:49
1650272509479282000,133.0,3,133.0,23,133.5,3,2,2022-04-18 09:01:49
1650272509615127000,133.5,1,133.0,23,133.5,2,1,2022-04-18 09:01:49
1650272510159657000,133.5,1,133.0,23,133.5,1,1,2022-04-18 09:01:50
1650272510318482000,133.0,2,133.0,21,133.5,1,2,2022-04-18 09:01:50
1650272511179351000,133.5,1,133.0,23,133.5,4,1,2022-04-18 09:01:51
1650272511230870000,133.5,1,133.0,23,133.5,3,1,2022-04-18 09:01:51
1650272511373223000,133.0,24,132.5,43,133.5,3,2,2022-04-18 09:01:51
1650272511836397000,132.5,1,132.5,42,133.0,5,2,2022-04-18 09:01:51
1650272511933549000,133.0,1,132.5,42,133.0,7,1,2022-04-18 09:01:51
1650272512224769000,133.0,2,132.5,42,133.0,6,1,2022-04-18 09:01:52
1650272512360286000,133.0,1,132.5,42,133.0,5,1,2022-04-18 09:01:52
1650272512392717000,132.5,11,132.5,31,133.0,5,2,2022-04-18 09:01:52
1650272512428440000,132.5,1,132.5,30,133.0,5,2,2022-04-18 09:01:52
1650272512503428000,133.0,5,132.5,25,133.5,7,1,2022-04-18 09:01:52
1650272512575700000,133.5,1,132.5,25,133.5,7,1,2022-04-18 09:01:52
1650272513188002000,133.0,1,132.5,24,133.0,1,1,2022-04-18 09:01:53
1650272513201853000,133.0,1,133.0,1,133.5,9,1,2022-04-18 09:01:53
1650272513234144000,133.0,1,132.5,24,133.5,9,2,2022-04-18 09:01:53
1650272514028593000,133.5,1,133.0,2,133.5,10,1,2022-04-18 09:01:54
1650272514403053000,133.0,2,132.5,11,133.5,10,2,2022-04-18 09:01:54
1650272514403053000,132.5,13,132.5,11,133.5,10,2,2022-04-18 09:01:54
1650272514663037000,133.0,1,132.5,11,133.0,4,1,2022-04-18 09:01:54
1650272515298082000,133.0,1,132.5,11,133.0,8,1,2022-04-18 09:01:55
1650272515746377000,133.0,1,132.5,11,133.0,8,1,2022-04-18 09:01:55
1650272516679834000,132.5,1,132.5,12,133.0,14,2,2022-04-18 09:01:56
1650272516880868000,132.5,1,132.5,11,133.0,16,2,2022-04-18 09:01:56
1650272517267552000,133.0,1,132.5,11,133.0,16,1,2022-04-18 09:01:57
1650272517770321000,133.0,1,132.5,11,133.0,15,1,2022-04-18 09:01:57
1650272517863117000,132.5,1,132.5,10,133.0,15,2,2022-04-18 09:01:57
1650272518036349000,133.0,1,132.5,10,133.0,17,1,2022-04-18 09:01:58
1650272518321736000,133.0,1,132.5,10,133.0,16,1,2022-04-18 09:01:58
1650272519504647000,132.5,1,132.5,12,133.0,20,2,2022-04-18 09:01:59
1650272519548777000,132.5,1,132.5,11,133.0,20,2,2022-04-18 09:01:59
1650272520025801000,133.0,5,132.5,13,133.0,15,1,2022-04-18 09:02:00
1650272520041225000,133.0,1,132.5,13,133.0,14,1,2022-04-18 09:02:00
1650272520460963000,132.5,1,132.5,12,133.0,17,2,2022-04-18 09:02:00
1650272520941827000,133.0,2,132.5,14,133.0,20,1,2022-04-18 09:02:00
1650272521125297000,133.0,1,132.5,14,133.0,20,1,2022-04-18 09:02:01
1650272522060374000,132.5,1,132.5,14,133.0,23,2,2022-04-18 09:02:02
1650272522106498000,132.5,1,132.5,13,133.0,23,2,2022-04-18 09:02:02
1650272522421746000,132.5,13,132.0,128,133.0,25,2,2022-04-18 09:02:02
1650272522519297000,132.5,1,132.5,1,133.0,25,1,2022-04-18 09:02:02
1650272522780458000,133.0,10,132.5,1,133.0,15,1,2022-04-18 09:02:02
1650272523103056000,133.0,1,132.5,2,133.0,15,1,2022-04-18 09:02:03
1650272523295390000,132.5,1,132.5,1,133.0,15,2,2022-04-18 09:02:03
1650272523550012000,133.0,1,132.5,1,133.0,16,1,2022-04-18 09:02:03
1650272523588405000,133.0,1,132.5,1,133.0,15,1,2022-04-18 09:02:03
1650272523923427000,132.5,2,132.0,120,133.0,18,2,2022-04-18 09:02:03
1650272523923427000,132.0,8,132.0,120,133.0,18,2,2022-04-18 09:02:03
1650272523964879000,132.5,1,132.0,120,133.0,11,1,2022-04-18 09:02:03
1650272523964879000,133.0,7,132.0,120,133.0,11,1,2022-04-18 09:02:03
1650272524207233000,132.5,1,132.0,120,132.5,4,2,2022-04-18 09:02:04
1650272524425124000,132.5,4,132.0,120,133.0,11,1,2022-04-18 09:02:04
1650272524454196000,133.0,2,132.0,120,133.0,9,1,2022-04-18 09:02:04
1650272524602955000,133.0,1,132.0,120,133.0,8,1,2022-04-18 09:02:04
1650272525456676000,133.0,1,132.5,6,133.0,14,1,2022-04-18 09:02:05
1650272526217319000,132.5,14,132.0,53,133.0,20,2,2022-04-18 09:02:06
1650272526217319000,132.0,71,132.0,53,133.0,20,2,2022-04-18 09:02:06
1650272526497711000,132.5,1,132.0,54,132.5,2,1,2022-04-18 09:02:06
1650272527151505000,132.5,1,132.0,53,132.5,5,1,2022-04-18 09:02:07
1650272527258404000,132.5,1,132.0,53,132.5,4,1,2022-04-18 09:02:07
1650272527305316000,132.5,1,132.0,53,132.5,3,1,2022-04-18 09:02:07
1650272527406175000,132.5,3,132.0,53,133.0,25,1,2022-04-18 09:02:07
1650272527574421000,133.0,1,132.0,53,133.0,24,1,2022-04-18 09:02:07
1650272528299934000,132.5,2,132.5,1,133.0,23,1,2022-04-18 09:02:08
1650272528326728000,132.5,1,132.0,53,133.0,23,2,2022-04-18 09:02:08
1650272528632580000,132.0,1,132.0,52,132.5,1,2,2022-04-18 09:02:08
1650272529317264000,132.5,1,132.0,52,133.0,24,1,2022-04-18 09:02:09
1650272529488674000,132.5,1,132.0,52,132.5,2,1,2022-04-18 09:02:09
1650272530617427000,132.0,1,132.0,53,132.5,7,2,2022-04-18 09:02:10
1650272531508999000,132.5,2,132.0,53,132.5,6,1,2022-04-18 09:02:11
1650272531555259000,132.0,1,132.0,52,132.5,6,2,2022-04-18 09:02:11
1650272531997632000,132.0,3,132.0,49,132.5,6,2,2022-04-18 09:02:11
1650272532146049000,132.5,1,132.0,49,132.5,5,1,2022-04-18 09:02:12
1650272532241029000,132.5,1,132.0,49,132.5,6,1,2022-04-18 09:02:12
1650272532522437000,132.0,1,132.0,49,132.5,6,2,2022-04-18 09:02:12
1650272534242838000,132.0,3,132.0,49,132.5,11,2,2022-04-18 09:02:14
1650272534707931000,132.0,1,132.0,48,132.5,11,2,2022-04-18 09:02:14
1650272535226409000,132.0,1,132.0,47,132.5,12,2,2022-04-18 09:02:15
1650272535336197000,132.0,1,132.0,46,132.5,12,2,2022-04-18 09:02:15
1650272535522219000,132.0,1,132.0,45,132.5,14,2,2022-04-18 09:02:15
1650272535726005000,132.5,1,132.0,46,132.5,15,1,2022-04-18 09:02:15
1650272536749860000,132.0,4,132.0,40,132.5,19,2,2022-04-18 09:02:16
1650272537751986000,132.0,1,132.0,38,132.5,26,2,2022-04-18 09:02:17
1650272538863735000,132.0,37,132.0,2,132.5,32,2,2022-04-18 09:02:18
1650272538897746000,132.0,2,131.5,26,132.0,13,2,2022-04-18 09:02:18
1650272539043245000,132.0,1,131.5,29,132.5,35,1,2022-04-18 09:02:19
1650272539129060000,132.5,1,131.5,29,132.5,34,1,2022-04-18 09:02:19
1650272539496626000,132.0,3,131.5,29,132.0,7,1,2022-04-18 09:02:19
1650272539774133000,132.0,1,131.5,29,132.0,6,1,2022-04-18 09:02:19
1650272540160475000,132.0,1,131.5,29,132.0,6,1,2022-04-18 09:02:20
1650272540307919000,132.0,1,131.5,29,132.0,6,1,2022-04-18 09:02:20
1650272540337053000,131.5,29,131.0,36,131.5,1,2,2022-04-18 09:02:20
1650272540373815000,131.0,1,131.0,35,131.5,1,2,2022-04-18 09:02:20
1650272540499572000,131.0,1,131.0,34,131.5,4,2,2022-04-18 09:02:20
1650272540826069000,131.0,1,131.0,33,131.5,4,2,2022-04-18 09:02:20
1650272541157001000,131.5,4,131.0,33,132.0,5,1,2022-04-18 09:02:21
1650272541157001000,132.0,2,131.0,33,132.0,5,1,2022-04-18 09:02:21
1650272541204277000,132.0,1,131.0,33,132.0,4,1,2022-04-18 09:02:21
1650272541254161000,132.0,1,131.0,33,132.0,3,1,2022-04-18 09:02:21
1650272542037779000,131.0,10,131.0,23,132.0,7,2,2022-04-18 09:02:22
1650272542122098000,132.0,1,131.0,23,132.0,6,1,2022-04-18 09:02:22
1650272542418831000,131.5,1,131.0,22,132.0,6,1,2022-04-18 09:02:22
1650272542655176000,132.0,1,131.0,22,132.0,16,1,2022-04-18 09:02:22
1650272542995393000,131.5,1,131.0,22,132.0,16,2,2022-04-18 09:02:22
1650272543300375000,132.0,6,131.5,2,132.0,12,1,2022-04-18 09:02:23
1650272544341675000,131.5,1,131.5,6,132.0,4,2,2022-04-18 09:02:24
1650272545410117000,131.5,1,131.5,9,132.0,7,2,2022-04-18 09:02:25
1650272546426140000,131.5,1,131.5,8,132.0,14,2,2022-04-18 09:02:26
1650272547226222000,131.5,1,131.5,8,132.0,22,2,2022-04-18 09:02:27
1650272547229045000,131.5,8,131.0,21,132.0,22,2,2022-04-18 09:02:27
1650272547229045000,131.0,2,131.0,21,132.0,22,2,2022-04-18 09:02:27
1650272547601990000,131.0,1,131.0,23,131.5,2,2,2022-04-18 09:02:27
1650272547744150000,131.5,1,131.0,23,131.5,1,1,2022-04-18 09:02:27
1650272548321228000,131.5,4,131.0,24,132.0,22,1,2022-04-18 09:02:28
1650272548321228000,132.0,1,131.0,24,132.0,22,1,2022-04-18 09:02:28
1650272548501680000,131.0,1,131.0,23,131.5,1,2,2022-04-18 09:02:28
1650272548521788000,131.5,1,131.0,23,131.5,1,1,2022-04-18 09:02:28
1650272550082721000,131.0,2,131.0,22,131.5,9,2,2022-04-18 09:02:30
1650272550387990000,131.5,1,131.0,22,131.5,10,1,2022-04-18 09:02:30
1650272550794584000,131.5,1,131.0,23,131.5,19,1,2022-04-18 09:02:30
1650272551016514000,131.0,3,131.0,25,131.5,26,2,2022-04-18 09:02:31
1650272551274743000,131.0,4,131.0,21,131.5,26,2,2022-04-18 09:02:31
1650272551464363000,131.5,1,131.0,21,131.5,25,1,2022-04-18 09:02:31
1650272551922403000,131.5,2,131.0,22,131.5,23,1,2022-04-18 09:02:31
1650272553446765000,131.5,3,131.0,26,131.5,22,1,2022-04-18 09:02:33
1650272555162896000,131.5,1,131.0,32,131.5,24,1,2022-04-18 09:02:35
1650272555202431000,131.0,1,131.0,31,131.5,23,2,2022-04-18 09:02:35
1650272555379081000,131.5,1,131.0,31,131.5,22,1,2022-04-18 09:02:35
1650272555665823000,131.5,13,131.0,32,131.5,9,1,2022-04-18 09:02:35
1650272556223007000,131.0,1,131.0,31,131.5,9,2,2022-04-18 09:02:36
1650272556424249000,131.5,9,131.5,1,132.0,40,1,2022-04-18 09:02:36
1650272556466263000,131.5,1,131.0,31,132.0,40,2,2022-04-18 09:02:36
1650272556685751000,131.0,15,131.0,18,131.5,2,2,2022-04-18 09:02:36
1650272556727185000,131.0,1,131.0,17,131.5,2,2,2022-04-18 09:02:36
1650272556940255000,131.5,1,131.0,18,131.5,5,1,2022-04-18 09:02:36
1650272557105996000,131.5,1,131.0,18,131.5,4,1,2022-04-18 09:02:37
1650272557146851000,131.5,1,131.0,18,131.5,3,1,2022-04-18 09:02:37
1650272557702048000,131.0,2,131.0,16,131.5,4,2,2022-04-18 09:02:37
1650272558594588000,131.5,3,131.0,17,131.5,3,1,2022-04-18 09:02:38
1650272558621305000,131.5,1,131.0,17,131.5,2,1,2022-04-18 09:02:38
1650272558769366000,131.0,1,131.0,16,131.5,2,2,2022-04-18 09:02:38
1650272558807682000,131.0,1,131.0,15,131.5,2,2,2022-04-18 09:02:38
1650272559538722000,131.0,7,131.0,8,131.5,6,2,2022-04-18 09:02:39
1650272559836056000,131.5,5,131.0,9,131.5,4,1,2022-04-18 09:02:39
1650272559917192000,131.5,1,131.0,9,131.5,6,1,2022-04-18 09:02:39
1650272559954054000,131.5,6,131.0,9,132.0,41,1,2022-04-18 09:02:39
1650272560575083000,131.0,1,131.0,8,131.5,2,2,2022-04-18 09:02:40
1650272561038201000,131.5,1,131.0,8,131.5,4,1,2022-04-18 09:02:41
1650272561539160000,131.0,7,131.0,2,131.5,7,2,2022-04-18 09:02:41
1650272561569147000,131.0,2,130.5,68,131.5,7,2,2022-04-18 09:02:41
1650272562201364000,131.0,2,130.5,68,131.0,4,1,2022-04-18 09:02:42
1650272562416778000,130.5,1,130.5,67,131.0,10,2,2022-04-18 09:02:42
1650272562476392000,131.0,1,130.5,67,131.0,9,1,2022-04-18 09:02:42
1650272562854937000,131.0,1,130.5,67,131.0,8,1,2022-04-18 09:02:42
1650272563428529000,131.0,1,130.5,67,131.0,11,1,2022-04-18 09:02:43
1650272563543681000,130.5,7,130.5,60,131.0,11,2,2022-04-18 09:02:43
1650272563631753000,130.5,25,130.5,35,131.0,11,2,2022-04-18 09:02:43
1650272563668886000,130.5,5,130.5,30,131.0,11,2,2022-04-18 09:02:43
1650272563673819000,130.5,1,130.5,29,131.0,11,2,2022-04-18 09:02:43
1650272563681043000,130.5,1,130.5,28,131.0,11,2,2022-04-18 09:02:43
1650272564033229000,131.0,1,130.5,27,131.0,11,1,2022-04-18 09:02:44
1650272565547159000,130.5,7,130.5,23,131.0,14,2,2022-04-18 09:02:45
1650272565847084000,130.5,1,130.5,23,131.0,14,2,2022-04-18 09:02:45
1650272566184601000,131.0,2,130.5,23,131.0,15,1,2022-04-18 09:02:46
1650272566238841000,131.0,1,130.5,23,131.0,14,1,2022-04-18 09:02:46
1650272566477455000,130.5,1,130.5,22,131.0,14,2,2022-04-18 09:02:46
1650272566826312000,131.0,11,130.5,22,131.0,3,1,2022-04-18 09:02:46
1650272567114166000,130.5,2,130.5,22,131.0,3,2,2022-04-18 09:02:47
1650272567550739000,130.5,7,130.5,16,131.0,3,2,2022-04-18 09:02:47
1650272567818216000,131.0,1,130.5,38,131.0,4,1,2022-04-18 09:02:47
1650272567850558000,131.0,2,130.5,38,131.0,2,1,2022-04-18 09:02:47
1650272568228903000,131.0,2,130.5,38,131.0,3,1,2022-04-18 09:02:48
1650272568286125000,131.0,1,130.5,39,131.0,2,1,2022-04-18 09:02:48
1650272568793697000,130.5,2,130.5,37,131.0,5,2,2022-04-18 09:02:48
1650272568806633000,130.5,1,130.5,36,131.0,5,2,2022-04-18 09:02:48
1650272568830561000,130.5,2,130.5,34,131.0,5,2,2022-04-18 09:02:48
1650272569334716000,130.5,1,130.5,37,131.0,9,2,2022-04-18 09:02:49
1650272569339003000,130.5,37,130.0,37,131.0,9,2,2022-04-18 09:02:49
1650272569339003000,130.0,7,130.0,37,131.0,9,2,2022-04-18 09:02:49
1650272569339251000,130.0,37,129.5,14,130.0,19,2,2022-04-18 09:02:49
1650272569372483000,130.0,19,129.5,14,131.0,9,1,2022-04-18 09:02:49
1650272569379672000,129.5,1,129.5,9,131.0,9,2,2022-04-18 09:02:49
1650272569391163000,131.0,2,129.5,9,131.0,7,1,2022-04-18 09:02:49
1650272569427574000,130.0,3,129.5,9,130.0,2,2,2022-04-18 09:02:49
1650272569459395000,130.0,2,129.5,9,130.5,3,1,2022-04-18 09:02:49
1650272569556366000,129.5,7,129.5,2,130.5,3,2,2022-04-18 09:02:49
1650272569733036000,129.5,2,129.0,21,130.5,3,2,2022-04-18 09:02:49
1650272570154101000,130.5,1,129.0,21,130.5,6,1,2022-04-18 09:02:50
1650272570382018000,130.5,1,129.0,21,130.5,5,1,2022-04-18 09:02:50
1650272570742549000,130.5,0,0.0,0,0.0,0,1,2022-04-18 09:02:50
1650272691907574000,130.5,130,130.5,18,131.0,34,1,2022-04-18 09:04:51
1650272691933924000,130.5,2,130.5,16,131.0,34,2,2022-04-18 09:04:51
1650272691966914000,130.5,4,130.5,12,131.0,34,2,2022-04-18 09:04:51
1650272691995699000,130.5,12,130.0,24,130.5,3,2,2022-04-18 09:04:51
1650272692213306000,130.5,1,130.0,26,131.0,34,2,2022-04-18 09:04:52
1650272692213306000,130.0,2,130.0,26,131.0,34,2,2022-04-18 09:04:52
1650272692301155000,130.0,10,130.0,16,130.5,1,2,2022-04-18 09:04:52
1650272692359885000,130.5,1,130.0,16,131.0,34,1,2022-04-18 09:04:52
1650272692389068000,130.0,2,130.0,14,131.0,34,2,2022-04-18 09:04:52
1650272693490696000,131.0,1,130.0,13,131.0,33,1,2022-04-18 09:04:53
1650272693947588000,131.0,2,130.0,15,131.0,31,1,2022-04-18 09:04:53
1650272693986793000,130.0,5,130.0,10,131.0,31,2,2022-04-18 09:04:53
1650272694006109000,131.0,1,130.0,10,131.0,30,1,2022-04-18 09:04:54
1650272694664508000,131.0,1,130.0,10,131.0,32,1,2022-04-18 09:04:54
1650272696210180000,130.0,4,130.0,8,131.0,34,2,2022-04-18 09:04:56
1650272696248450000,130.0,1,130.0,7,131.0,34,2,2022-04-18 09:04:56
1650272696641338000,131.0,1,130.0,7,131.0,33,1,2022-04-18 09:04:56
1650272696857586000,131.0,3,130.0,7,131.0,30,1,2022-04-18 09:04:56
1650272696857800000,131.0,1,130.0,7,131.0,29,1,2022-04-18 09:04:56
1650272696858079000,131.0,1,130.0,7,131.0,28,1,2022-04-18 09:04:56
1650272697353859000,130.0,2,130.0,6,131.0,28,2,2022-04-18 09:04:57
1650272697493033000,130.5,1,130.0,6,131.0,26,1,2022-04-18 09:04:57
1650272697493033000,131.0,2,130.0,6,131.0,26,1,2022-04-18 09:04:57
1650272697493262000,131.0,1,130.0,6,131.0,25,1,2022-04-18 09:04:57
1650272697493509000,131.0,1,130.0,6,131.0,24,1,2022-04-18 09:04:57
1650272697584431000,131.0,1,130.0,6,131.0,23,1,2022-04-18 09:04:57
1650272698325145000,131.0,1,130.0,7,131.0,25,1,2022-04-18 09:04:58
1650272698325377000,131.0,1,130.0,7,131.0,24,1,2022-04-18 09:04:58
1650272698325581000,131.0,2,130.0,7,131.0,22,1,2022-04-18 09:04:58
1650272698325794000,131.0,1,130.0,7,131.0,21,1,2022-04-18 09:04:58
1650272698599113000,131.0,1,130.0,7,131.0,20,1,2022-04-18 09:04:58
1650272699695936000,131.0,1,130.5,2,131.0,19,1,2022-04-18 09:04:59
1650272699879161000,130.5,1,130.5,1,131.0,19,2,2022-04-18 09:04:59
1650272699882878000,131.0,1,130.5,1,131.0,18,1,2022-04-18 09:04:59
1650272699947353000,130.0,7,130.0,1,131.0,18,2,2022-04-18 09:04:59
1650272700029139000,130.0,1,129.5,9,131.0,18,2,2022-04-18 09:05:00
1650272700051862000,130.0,2,129.5,9,130.0,2,1,2022-04-18 09:05:00
1650272700061365000,130.0,2,129.5,9,130.5,2,1,2022-04-18 09:05:00
1650272700063049000,129.5,2,129.5,7,131.0,18,2,2022-04-18 09:05:00
1650272700529913000,130.5,1,130.0,4,130.5,2,1,2022-04-18 09:05:00
1650272700559228000,130.5,2,130.0,4,130.5,2,1,2022-04-18 09:05:00
1650272700561261000,130.5,1,130.0,4,130.5,1,1,2022-04-18 09:05:00
1650272700650316000,130.5,2,130.0,4,130.5,3,1,2022-04-18 09:05:00
1650272702219832000,130.5,1,130.0,15,130.5,16,1,2022-04-18 09:05:02
1650272702250616000,130.5,8,130.0,15,130.5,8,1,2022-04-18 09:05:02
1650272702564632000,130.5,8,130.0,16,131.0,21,1,2022-04-18 09:05:02
1650272705713393000,131.0,4,130.5,13,131.0,21,1,2022-04-18 09:05:05
1650272705713626000,131.0,1,130.5,13,131.0,20,1,2022-04-18 09:05:05
1650272706195350000,130.5,1,130.5,12,131.0,20,2,2022-04-18 09:05:06
1650272706229038000,130.5,1,130.5,11,131.0,20,2,2022-04-18 09:05:06
1650272706262319000,130.5,11,130.0,22,131.0,20,2,2022-04-18 09:05:06
1650272706676824000,131.0,7,130.0,23,131.0,15,1,2022-04-18 09:05:06
1650272707124365000,130.5,3,130.0,24,131.0,12,2,2022-04-18 09:05:07
1650272707497561000,130.5,1,130.0,24,131.0,12,2,2022-04-18 09:05:07
1650272707720994000,130.5,3,130.0,24,131.0,14,1,2022-04-18 09:05:07
1650272708534444000,131.0,1,130.5,5,131.0,13,1,2022-04-18 09:05:08
1650272709018273000,131.0,1,130.5,5,131.0,12,1,2022-04-18 09:05:09
1650272709355123000,130.5,3,130.5,2,131.0,14,2,2022-04-18 09:05:09
1650272709359684000,130.5,2,130.0,21,130.5,1,2,2022-04-18 09:05:09
1650272709521609000,130.5,1,130.0,21,130.5,3,1,2022-04-18 09:05:09
1650272709578483000,130.5,1,130.0,21,130.5,2,1,2022-04-18 09:05:09
1650272709873591000,130.0,2,130.0,19,130.5,5,2,2022-04-18 09:05:09
1650272709992535000,130.5,1,130.0,19,130.5,4,1,2022-04-18 09:05:09
1650272710075616000,130.5,1,130.0,19,130.5,3,1,2022-04-18 09:05:10
1650272710141814000,130.5,1,130.0,19,130.5,2,1,2022-04-18 09:05:10
1650272710410817000,130.5,2,130.0,19,130.5,1,1,2022-04-18 09:05:10
1650272710444668000,130.5,1,130.0,19,131.0,14,1,2022-04-18 09:05:10
1650272711203100000,131.0,1,130.5,1,131.0,13,1,2022-04-18 09:05:11
1650272711262911000,131.0,3,130.5,1,131.0,10,1,2022-04-18 09:05:11
1650272711309265000,131.0,4,130.5,1,131.0,6,1,2022-04-18 09:05:11
1650272711539727000,131.0,1,130.5,1,131.0,5,1,2022-04-18 09:05:11
1650272711836152000,131.0,1,130.5,1,131.0,4,1,2022-04-18 09:05:11
1650272712118159000,130.5,1,130.5,4,131.0,5,2,2022-04-18 09:05:12
1650272712782401000,130.5,1,130.5,3,131.0,8,2,2022-04-18 09:05:12
1650272713175240000,131.0,1,130.5,6,131.0,7,1,2022-04-18 09:05:13
1650272713328016000,130.5,1,130.5,5,131.0,7,2,2022-04-18 09:05:13
1650272713574167000,131.0,1,130.5,6,131.0,6,1,2022-04-18 09:05:13
1650272713985429000,130.5,1,130.5,9,131.0,6,2,2022-04-18 09:05:13
1650272714963215000,131.0,1,130.5,13,131.0,6,1,2022-04-18 09:05:14
1650272716334862000,130.5,1,130.5,27,131.0,14,2,2022-04-18 09:05:16
1650272716930272000,131.0,5,130.5,28,131.0,10,1,2022-04-18 09:05:16
1650272717249254000,131.0,1,130.5,30,131.0,9,1,2022-04-18 09:05:17
1650272717395087000,131.0,3,130.5,30,131.0,6,1,2022-04-18 09:05:17
1650272717474943000,130.5,1,130.5,32,131.0,7,2,2022-04-18 09:05:17
1650272717763401000,131.0,2,130.5,33,131.0,5,1,2022-04-18 09:05:17
1650272717977727000,130.5,2,130.5,31,131.0,5,2,2022-04-18 09:05:17
1650272718136993000,131.0,1,130.5,31,131.0,4,1,2022-04-18 09:05:18
1650272719037208000,131.0,1,130.5,32,131.0,8,1,2022-04-18 09:05:19
1650272719101459000,131.0,1,130.5,32,131.0,7,1,2022-04-18 09:05:19
1650272719362996000,130.5,2,130.5,33,131.0,7,2,2022-04-18 09:05:19
1650272719542100000,131.0,1,130.5,35,131.0,8,1,2022-04-18 09:05:19
1650272720100598000,131.0,1,130.5,36,131.0,7,1,2022-04-18 09:05:20
1650272720164209000,131.0,1,130.5,36,131.0,6,1,2022-04-18 09:05:20
1650272720419117000,131.0,1,130.5,38,131.0,6,1,2022-04-18 09:05:20
1650272720632018000,131.0,6,131.0,2,131.5,36,1,2022-04-18 09:05:20
1650272721323679000,131.0,1,131.0,13,131.5,36,2,2022-04-18 09:05:21
1650272721483030000,131.5,1,131.0,13,131.5,35,1,2022-04-18 09:05:21
1650272721678376000,131.0,13,130.5,41,131.5,38,2,2022-04-18 09:05:21
1650272721750110000,131.0,1,131.0,1,131.5,38,2,2022-04-18 09:05:21
1650272721757462000,131.0,1,130.5,41,131.5,38,2,2022-04-18 09:05:21
1650272721993748000,131.0,1,130.5,41,131.5,38,2,2022-04-18 09:05:21
1650272723124277000,131.0,1,131.0,1,131.5,38,1,2022-04-18 09:05:23
1650272723162175000,131.0,1,130.5,41,131.5,38,2,2022-04-18 09:05:23
1650272723306636000,131.5,1,130.5,41,131.5,37,1,2022-04-18 09:05:23
1650272723516870000,131.0,1,130.5,41,131.5,38,2,2022-04-18 09:05:23
1650272723661524000,131.5,20,130.5,41,131.5,18,1,2022-04-18 09:05:23
1650272723827941000,131.0,3,130.5,41,131.0,4,1,2022-04-18 09:05:23
1650272724310961000,131.0,1,130.5,41,131.0,3,1,2022-04-18 09:05:24
1650272724476057000,131.0,1,130.5,41,131.0,2,1,2022-04-18 09:05:24
1650272724824976000,131.0,1,130.5,41,131.0,6,1,2022-04-18 09:05:24
1650272725467997000,131.0,1,130.5,43,131.0,5,1,2022-04-18 09:05:25
1650272725501211000,131.0,1,130.5,43,131.0,4,1,2022-04-18 09:05:25
1650272725518235000,131.0,1,130.5,43,131.0,3,1,2022-04-18 09:05:25
1650272726492103000,131.0,1,130.5,47,131.0,4,1,2022-04-18 09:05:26
1650272726538574000,131.0,1,130.5,47,131.0,3,1,2022-04-18 09:05:26
1650272726585994000,131.0,1,130.5,47,131.0,3,1,2022-04-18 09:05:26
1650272726710932000,131.0,1,130.5,48,131.0,2,1,2022-04-18 09:05:26
1650272726722418000,131.0,2,131.0,3,131.5,21,1,2022-04-18 09:05:26
1650272726832708000,131.0,2,131.0,1,131.5,21,2,2022-04-18 09:05:26
1650272726869936000,131.0,1,130.5,48,131.5,21,2,2022-04-18 09:05:26
1650272727440041000,131.0,1,130.5,48,131.0,1,2,2022-04-18 09:05:27
1650272727516710000,131.0,1,130.5,48,131.5,21,1,2022-04-18 09:05:27
1650272727700143000,131.0,1,130.5,48,131.5,24,1,2022-04-18 09:05:27
1650272727758772000,131.0,1,130.5,48,131.5,24,2,2022-04-18 09:05:27
1650272727947821000,131.0,2,130.5,49,131.5,24,2,2022-04-18 09:05:27
1650272728068444000,131.0,1,130.5,49,131.0,3,1,2022-04-18 09:05:28
1650272728314535000,131.0,1,130.5,49,131.0,2,1,2022-04-18 09:05:28
1650272728487329000,131.0,1,130.5,50,131.0,1,1,2022-04-18 09:05:28
1650272728660949000,131.0,2,130.5,50,131.5,21,1,2022-04-18 09:05:28
1650272728660949000,131.5,3,130.5,50,131.5,21,1,2022-04-18 09:05:28
1650272728905213000,131.5,1,130.5,50,131.5,21,1,2022-04-18 09:05:28
1650272729190572000,131.5,1,130.5,50,131.5,20,1,2022-04-18 09:05:29
1650272729906262000,131.5,1,131.0,2,131.5,19,1,2022-04-18 09:05:29
1650272729970137000,131.5,1,131.0,2,131.5,18,1,2022-04-18 09:05:29
1650272729970358000,131.5,3,131.0,2,131.5,15,1,2022-04-18 09:05:29
1650272729970634000,131.5,1,131.0,2,131.5,14,1,2022-04-18 09:05:29
1650272730722723000,131.0,1,131.0,1,131.5,19,2,2022-04-18 09:05:30
1650272731301380000,131.0,1,130.5,51,131.5,19,2,2022-04-18 09:05:31
1650272731455587000,130.5,1,130.5,50,131.5,19,2,2022-04-18 09:05:31
1650272731630949000,131.0,1,130.5,50,131.5,19,2,2022-04-18 09:05:31
1650272731831867000,131.5,1,131.0,1,131.5,18,1,2022-04-18 09:05:31
1650272731927672000,131.0,1,130.5,50,131.5,18,2,2022-04-18 09:05:31
1650272732087338000,131.5,1,131.0,2,131.5,17,1,2022-04-18 09:05:32
1650272732369630000,131.5,1,131.0,3,131.5,16,1,2022-04-18 09:05:32
1650272732701070000,131.0,1,131.0,2,131.5,16,2,2022-04-18 09:05:32
1650272732861109000,131.5,1,131.0,3,131.5,15,1,2022-04-18 09:05:32
1650272732910622000,131.5,3,131.0,4,131.5,12,1,2022-04-18 09:05:32
1650272732957382000,131.5,1,131.0,5,131.5,11,1,2022-04-18 09:05:32
1650272733339199000,131.5,1,131.0,5,131.5,10,1,2022-04-18 09:05:33
1650272734126940000,131.5,1,131.0,5,131.5,13,1,2022-04-18 09:05:34
1650272734274771000,131.5,1,131.0,5,131.5,13,1,2022-04-18 09:05:34
1650272734914304000,131.5,1,131.0,14,131.5,13,1,2022-04-18 09:05:34
1650272735448953000,131.5,1,131.0,20,131.5,12,1,2022-04-18 09:05:35
1650272736095922000,131.5,1,131.0,20,131.5,11,1,2022-04-18 09:05:36
1650272736228079000,131.5,2,131.0,20,131.5,9,1,2022-04-18 09:05:36
1650272736319021000,131.0,2,131.0,18,131.5,9,2,2022-04-18 09:05:36
1650272736756679000,131.0,1,131.0,19,131.5,12,2,2022-04-18 09:05:36
1650272737031223000,131.5,1,131.0,23,131.5,12,1,2022-04-18 09:05:37
1650272737792187000,131.5,10,131.0,28,131.5,3,1,2022-04-18 09:05:37
1650272737870483000,131.5,1,131.0,28,131.5,2,1,2022-04-18 09:05:37
1650272737994612000,131.5,2,131.5,8,132.0,43,1,2022-04-18 09:05:37
1650272738019936000,131.5,8,131.0,29,132.0,43,2,2022-04-18 09:05:38
1650272739041715000,131.5,1,131.0,46,131.5,10,1,2022-04-18 09:05:39
1650272739399194000,131.0,1,131.0,48,131.5,20,2,2022-04-18 09:05:39
1650272739836390000,131.5,1,131.0,64,131.5,22,1,2022-04-18 09:05:39
1650272740336526000,131.5,1,131.0,76,131.5,21,1,2022-04-18 09:05:40
1650272740458347000,131.5,1,131.0,76,131.5,20,1,2022-04-18 09:05:40
1650272740654448000,131.5,1,131.0,76,131.5,19,1,2022-04-18 09:05:40
1650272740805931000,131.5,1,131.0,76,131.5,18,1,2022-04-18 09:05:40
1650272742836117000,131.5,10,131.0,82,131.5,11,1,2022-04-18 09:05:42
1650272743166923000,131.5,1,131.0,86,131.5,10,1,2022-04-18 09:05:43
1650272743201735000,131.5,1,131.0,86,131.5,9,1,2022-04-18 09:05:43
1650272743626933000,131.5,5,131.0,89,131.5,4,1,2022-04-18 09:05:43
1650272743682711000,131.5,1,131.0,89,131.5,3,1,2022-04-18 09:05:43
1650272743949197000,131.5,1,131.0,89,131.5,4,1,2022-04-18 09:05:43
1650272744123245000,131.5,2,131.0,87,131.5,2,1,2022-04-18 09:05:44
1650272744335164000,131.5,1,131.0,87,131.5,1,1,2022-04-18 09:05:44
1650272744355165000,131.5,1,131.5,1,132.0,46,1,2022-04-18 09:05:44
1650272744397195000,131.5,1,131.5,1,132.0,46,2,2022-04-18 09:05:44
1650272745278637000,131.5,2,131.5,6,132.0,47,2,2022-04-18 09:05:45
1650272747711614000,132.0,1,131.5,28,132.0,49,1,2022-04-18 09:05:47
1650272748887999000,132.0,1,131.5,32,132.0,51,1,2022-04-18 09:05:48
1650272749220212000,131.5,1,131.5,33,132.0,51,2,2022-04-18 09:05:49
1650272751262671000,131.5,38,131.0,102,132.0,52,2,2022-04-18 09:05:51
1650272751291609000,132.0,5,131.0,102,132.0,47,1,2022-04-18 09:05:51
1650272751465410000,131.5,1,131.0,102,132.0,47,2,2022-04-18 09:05:51
1650272751509462000,131.5,1,131.5,1,132.0,47,2,2022-04-18 09:05:51
1650272751510300000,131.5,1,131.0,102,132.0,47,2,2022-04-18 09:05:51
1650272752359367000,132.0,1,131.0,104,132.0,49,1,2022-04-18 09:05:52
1650272752652782000,131.5,10,131.5,1,132.0,50,2,2022-04-18 09:05:52
1650272752686110000,131.5,1,131.0,104,132.0,50,2,2022-04-18 09:05:52
1650272752940165000,131.5,1,131.5,2,132.0,50,2,2022-04-18 09:05:52
1650272753070739000,132.0,1,131.5,2,132.0,49,1,2022-04-18 09:05:53
1650272753390479000,132.0,2,131.5,4,132.0,47,1,2022-04-18 09:05:53
1650272753623404000,131.5,3,131.5,2,132.0,47,2,2022-04-18 09:05:53
1650272753653339000,131.5,1,131.5,1,132.0,47,2,2022-04-18 09:05:53
1650272753854944000,131.5,1,131.0,101,131.5,1,2,2022-04-18 09:05:53
1650272754888244000,131.5,1,131.0,102,131.5,7,1,2022-04-18 09:05:54
1650272755851974000,131.0,3,131.0,99,131.5,7,2,2022-04-18 09:05:55
1650272755883459000,131.0,15,131.0,84,131.5,7,2,2022-04-18 09:05:55
1650272755895057000,131.5,2,131.0,84,131.5,5,1,2022-04-18 09:05:55
1650272755917540000,131.0,51,131.0,30,131.5,6,2,2022-04-18 09:05:55
1650272755922435000,131.0,1,131.0,29,131.5,6,2,2022-04-18 09:05:55
1650272755942305000,131.0,29,130.5,43,131.5,6,2,2022-04-18 09:05:55
1650272756006844000,130.5,3,130.5,40,131.5,15,2,2022-04-18 09:05:56
1650272756317694000,131.0,2,130.5,39,131.5,16,1,2022-04-18 09:05:56
1650272756660344000,131.0,1,130.5,39,131.0,5,1,2022-04-18 09:05:56
1650272757347187000,131.0,1,130.5,39,131.0,13,1,2022-04-18 09:05:57
1650272757874960000,131.0,1,130.5,39,131.0,15,1,2022-04-18 09:05:57
1650272758028924000,131.0,1,130.5,39,131.0,14,1,2022-04-18 09:05:58
1650272758186703000,131.0,5,130.5,44,131.5,27,1,2022-04-18 09:05:58
1650272758427112000,131.5,1,130.5,44,131.5,26,1,2022-04-18 09:05:58
1650272758600244000,131.5,1,130.5,44,131.5,25,1,2022-04-18 09:05:58
1650272758802683000,131.5,5,131.0,5,131.5,17,1,2022-04-18 09:05:58
1650272758861097000,131.5,1,131.0,6,131.5,16,1,2022-04-18 09:05:58
1650272759179912000,131.0,1,131.0,6,131.5,16,2,2022-04-18 09:05:59
1650272759221832000,131.0,1,131.0,5,131.5,17,2,2022-04-18 09:05:59
1650272759280347000,131.5,1,131.0,4,131.5,16,1,2022-04-18 09:05:59
1650272759783603000,131.0,8,130.5,41,131.5,16,2,2022-04-18 09:05:59
1650272760367877000,131.0,2,130.5,42,131.5,17,2,2022-04-18 09:06:00
1650272760772947000,130.5,8,130.5,34,131.0,3,2,2022-04-18 09:06:00
1650272760927313000,131.0,1,130.5,34,131.0,2,1,2022-04-18 09:06:00
1650272761269822000,131.0,1,130.5,34,131.0,1,1,2022-04-18 09:06:01
1650272761522479000,131.0,1,130.5,34,131.0,5,1,2022-04-18 09:06:01
1650272761827833000,131.0,3,130.5,34,131.0,2,1,2022-04-18 09:06:01
1650272762111508000,131.0,1,130.5,34,131.0,1,1,2022-04-18 09:06:02
1650272762913778000,131.0,1,130.5,36,131.5,20,1,2022-04-18 09:06:02
1650272763337750000,131.0,1,130.5,36,131.0,8,1,2022-04-18 09:06:03
1650272763530656000,131.0,1,130.5,36,131.0,17,1,2022-04-18 09:06:03
1650272763712658000,130.5,26,130.5,10,131.0,30,2,2022-04-18 09:06:03
1650272763745087000,130.5,10,130.0,41,130.5,5,2,2022-04-18 09:06:03
1650272764025569000,130.0,1,130.0,40,130.5,12,2,2022-04-18 09:06:04
1650272764048304000,130.5,1,130.0,40,130.5,11,1,2022-04-18 09:06:04
1650272764771713000,130.5,1,130.0,40,130.5,10,1,2022-04-18 09:06:04
1650272764896301000,131.0,1,130.0,40,131.0,30,1,2022-04-18 09:06:04
1650272765203990000,130.5,1,130.0,41,131.0,30,1,2022-04-18 09:06:05
1650272765514377000,131.0,2,130.0,41,131.0,28,1,2022-04-18 09:06:05
1650272765560473000,131.0,1,130.0,41,131.0,27,1,2022-04-18 09:06:05
1650272766613517000,131.0,1,130.5,7,131.0,31,1,2022-04-18 09:06:06
1650272766785915000,131.0,1,130.5,7,131.0,33,1,2022-04-18 09:06:06
1650272766884086000,130.5,2,130.5,5,131.0,33,2,2022-04-18 09:06:06
1650272767809429000,130.5,3,130.5,12,131.0,33,2,2022-04-18 09:06:07
1650272768145648000,131.0,2,130.5,12,131.0,31,1,2022-04-18 09:06:08
1650272768722759000,130.5,3,130.5,9,131.0,32,2,2022-04-18 09:06:08
1650272768966251000,130.5,1,130.5,8,131.0,32,2,2022-04-18 09:06:08
1650272769093174000,131.0,1,130.5,11,131.0,31,1,2022-04-18 09:06:09
1650272769994899000,131.0,1,130.5,23,131.0,25,1,2022-04-18 09:06:09
1650272770069000000,130.5,2,130.5,21,131.0,25,2,2022-04-18 09:06:10
1650272770123888000,131.0,1,130.5,21,131.0,24,1,2022-04-18 09:06:10
1650272770429175000,131.0,1,130.5,22,131.0,24,1,2022-04-18 09:06:10
1650272770718452000,131.0,1,130.5,22,131.0,23,1,2022-04-18 09:06:10
1650272770950301000,130.5,1,130.5,22,131.0,23,2,2022-04-18 09:06:10
1650272771368630000,131.0,1,130.5,22,131.0,24,1,2022-04-18 09:06:11
1650272772488467000,131.0,1,130.5,24,131.0,25,1,2022-04-18 09:06:12
1650272773053591000,131.0,1,130.5,26,131.0,34,1,2022-04-18 09:06:13
1650272773557717000,130.5,3,130.5,24,131.0,34,2,2022-04-18 09:06:13
1650272774343707000,130.5,2,130.5,22,131.0,34,2,2022-04-18 09:06:14
1650272774599064000,131.0,1,130.5,22,131.0,33,1,2022-04-18 09:06:14
1650272775510821000,131.0,1,130.5,23,131.0,37,1,2022-04-18 09:06:15
1650272775933980000,131.0,1,130.5,23,131.0,40,1,2022-04-18 09:06:15
1650272776146661000,130.5,2,130.5,21,131.0,40,2,2022-04-18 09:06:16
1650272778092580000,130.5,2,130.5,16,131.0,46,2,2022-04-18 09:06:18
1650272778255291000,130.5,1,130.5,15,131.0,47,2,2022-04-18 09:06:18
1650272778527759000,130.5,3,130.5,12,131.0,48,2,2022-04-18 09:06:18
1650272778562664000,130.5,12,130.0,60,131.0,48,2,2022-04-18 09:06:18
1650272779316306000,130.5,3,130.0,60,130.5,11,1,2022-04-18 09:06:19
1650272779975662000,130.5,1,130.0,60,130.5,11,1,2022-04-18 09:06:19
1650272780000602000,130.5,1,130.0,60,130.5,10,1,2022-04-18 09:06:20
1650272780037799000,130.0,1,130.0,59,130.5,10,2,2022-04-18 09:06:20
1650272780947779000,130.5,1,130.0,59,130.5,15,1,2022-04-18 09:06:20
1650272781162783000,130.5,2,130.0,61,130.5,13,1,2022-04-18 09:06:21
1650272781471499000,130.5,1,130.0,61,130.5,14,1,2022-04-18 09:06:21
1650272782490735000,130.5,1,130.0,61,130.5,12,1,2022-04-18 09:06:22
1650272782758172000,130.5,3,130.0,61,130.5,6,1,2022-04-18 09:06:22
1650272784459980000,130.5,2,130.0,59,130.5,7,1,2022-04-18 09:06:24
1650272785044687000,130.5,1,130.0,61,130.5,10,1,2022-04-18 09:06:25
1650272785393141000,130.5,1,130.0,61,130.5,9,1,2022-04-18 09:06:25
1650272785425897000,130.5,1,130.0,61,130.5,8,1,2022-04-18 09:06:25
1650272785588638000,130.5,2,130.0,61,130.5,9,1,2022-04-18 09:06:25
1650272785668318000,130.5,1,130.0,61,130.5,8,1,2022-04-18 09:06:25
1650272785891754000,130.5,1,130.0,61,130.5,7,1,2022-04-18 09:06:25
1650272785924413000,130.5,2,130.0,61,130.5,5,1,2022-04-18 09:06:25
1650272786543197000,130.5,1,130.0,61,130.5,7,1,2022-04-18 09:06:26
1650272787961624000,130.5,2,130.0,67,130.5,14,1,2022-04-18 09:06:27
1650272787993019000,130.0,1,130.0,66,130.5,14,2,2022-04-18 09:06:27
1650272788109735000,130.5,1,130.0,66,130.5,14,1,2022-04-18 09:06:28
1650272789369100000,130.5,5,130.0,67,130.5,22,1,2022-04-18 09:06:29
1650272790294265000,130.5,1,130.0,67,130.5,21,1,2022-04-18 09:06:30
1650272790581342000,130.0,1,130.0,66,130.5,21,2,2022-04-18 09:06:30
1650272791386009000,130.0,1,130.0,66,130.5,24,2,2022-04-18 09:06:31
1650272792118773000,130.5,1,130.0,72,130.5,26,1,2022-04-18 09:06:32
1650272792955026000,130.5,2,130.0,75,130.5,27,1,2022-04-18 09:06:32
1650272793334020000,130.5,1,130.0,76,130.5,27,1,2022-04-18 09:06:33
1650272794168019000,130.5,10,130.0,76,130.5,21,1,2022-04-18 09:06:34
1650272794615372000,130.0,2,130.0,74,130.5,23,2,2022-04-18 09:06:34
1650272794725002000,130.5,1,130.0,74,130.5,22,1,2022-04-18 09:06:34
1650272795581479000,130.5,1,130.0,73,130.5,24,1,2022-04-18 09:06:35
1650272796556333000,130.5,5,130.0,73,130.5,23,1,2022-04-18 09:06:36
1650272796705768000,130.5,5,130.0,73,130.5,21,1,2022-04-18 09:06:36
1650272796899448000,130.5,1,130.0,73,130.5,20,1,2022-04-18 09:06:36
1650272798560684000,130.5,1,130.0,72,130.5,22,1,2022-04-18 09:06:38
1650272798709380000,130.5,1,130.0,72,130.5,21,1,2022-04-18 09:06:38
1650272799036611000,130.5,1,130.0,72,130.5,20,1,2022-04-18 09:06:39
1650272799822363000,130.0,5,130.0,69,130.5,24,2,2022-04-18 09:06:39
1650272799862348000,130.0,1,130.0,68,130.5,24,2,2022-04-18 09:06:39
1650272799990557000,130.0,5,130.0,63,130.5,25,2,2022-04-18 09:06:39
1650272800090502000,130.5,5,130.0,63,130.5,20,1,2022-04-18 09:06:40
1650272800844414000,130.0,2,130.0,61,130.5,23,2,2022-04-18 09:06:40
1650272801174889000,130.5,1,130.0,61,130.5,22,1,2022-04-18 09:06:41
1650272801854649000,130.5,10,130.0,62,130.5,12,1,2022-04-18 09:06:41
1650272802267127000,130.5,1,130.0,61,130.5,12,1,2022-04-18 09:06:42
1650272802926673000,130.5,10,130.0,66,130.5,5,1,2022-04-18 09:06:42
1650272803279913000,130.0,1,130.0,65,130.5,5,2,2022-04-18 09:06:43
1650272803527906000,130.5,5,130.0,65,131.0,51,1,2022-04-18 09:06:43
1650272804680351000,130.5,2,130.5,9,131.0,52,2,2022-04-18 09:06:44
1650272805918524000,130.5,2,130.5,7,131.0,56,2,2022-04-18 09:06:45
1650272807790092000,130.5,1,130.5,17,131.0,56,2,2022-04-18 09:06:47
1650272808790172000,130.5,2,130.5,18,131.0,59,2,2022-04-18 09:06:48
1650272809128474000,130.5,6,130.5,12,131.0,53,2,2022-04-18 09:06:49
1650272810091658000,130.5,10,130.5,7,131.0,53,2,2022-04-18 09:06:50
1650272812043315000,130.5,1,130.5,7,131.0,56,2,2022-04-18 09:06:52
1650272812577869000,130.5,2,130.5,5,131.0,56,2,2022-04-18 09:06:52
1650272812598265000,130.5,5,130.0,68,131.0,56,2,2022-04-18 09:06:52
1650272815459698000,130.0,1,130.0,69,130.5,6,2,2022-04-18 09:06:55
1650272816755034000,130.0,1,130.0,68,130.5,8,2,2022-04-18 09:06:56
1650272817021067000,130.5,3,130.0,68,130.5,15,1,2022-04-18 09:06:57
1650272818865333000,130.5,1,130.0,68,130.5,19,1,2022-04-18 09:06:58
1650272821541286000,130.5,3,130.0,68,130.5,19,1,2022-04-18 09:07:01
1650272823018009000,130.5,5,130.0,70,130.5,14,1,2022-04-18 09:07:03
1650272825205158000,130.5,1,130.0,72,130.5,17,1,2022-04-18 09:07:05
1650272825659041000,130.5,1,130.0,69,130.5,16,1,2022-04-18 09:07:05
1650272827451262000,130.5,1,130.0,69,130.5,17,1,2022-04-18 09:07:07
1650272830816771000,130.5,1,130.0,71,130.5,19,1,2022-04-18 09:07:10
1650272831137136000,130.5,1,130.0,72,130.5,18,1,2022-04-18 09:07:11
1650272833750855000,130.5,1,130.0,72,130.5,47,1,2022-04-18 09:07:13
1650272833936158000,130.5,1,130.0,72,130.5,56,1,2022-04-18 09:07:13
1650272834903692000,130.5,5,130.0,72,130.5,73,1,2022-04-18 09:07:14
1650272835807257000,130.5,3,130.0,75,130.5,70,1,2022-04-18 09:07:15
1650272836417067000,130.5,1,130.0,75,130.5,70,1,2022-04-18 09:07:16
1650272837865648000,130.0,5,130.0,70,130.5,70,2,2022-04-18 09:07:17
1650272837964049000,130.0,1,130.0,68,130.5,73,2,2022-04-18 09:07:17
1650272837983751000,130.0,9,130.0,59,130.5,70,2,2022-04-18 09:07:17
1650272838016597000,130.0,9,130.0,50,130.5,70,2,2022-04-18 09:07:18
1650272838021854000,130.0,1,130.0,49,130.5,70,2,2022-04-18 09:07:18
1650272838047521000,130.0,5,130.0,44,130.5,70,2,2022-04-18 09:07:18
1650272838047682000,130.0,1,130.0,43,130.5,70,2,2022-04-18 09:07:18
1650272838080449000,130.0,1,130.0,42,130.5,70,2,2022-04-18 09:07:18
1650272838080544000,130.0,14,130.0,28,130.5,70,2,2022-04-18 09:07:18
1650272838113812000,130.0,18,130.0,10,130.5,70,2,2022-04-18 09:07:18
1650272838115253000,130.0,9,130.0,1,130.5,70,2,2022-04-18 09:07:18
1650272838143320000,130.0,1,129.5,54,130.5,70,2,2022-04-18 09:07:18
1650272838517489000,129.5,4,129.5,50,130.0,8,2,2022-04-18 09:07:18
1650272839089288000,129.5,1,129.5,48,130.0,33,2,2022-04-18 09:07:19
1650272839890169000,130.0,1,129.5,48,130.0,34,1,2022-04-18 09:07:19
1650272840279435000,129.5,4,129.5,44,130.0,36,2,2022-04-18 09:07:20
1650272841265934000,129.5,2,129.5,42,130.0,36,2,2022-04-18 09:07:21
1650272842329447000,129.5,1,129.5,42,130.0,38,2,2022-04-18 09:07:22
1650272843873301000,129.5,1,129.5,41,130.0,56,2,2022-04-18 09:07:23
1650272845842110000,129.5,1,129.5,43,130.0,67,2,2022-04-18 09:07:25
1650272846242242000,130.0,1,129.5,43,130.0,66,1,2022-04-18 09:07:26
1650272846275247000,129.5,1,129.5,42,130.0,66,2,2022-04-18 09:07:26
1650272847141095000,129.5,2,129.5,40,130.0,67,2,2022-04-18 09:07:27
1650272848262144000,129.5,1,129.5,39,130.0,68,2,2022-04-18 09:07:28
1650272848595810000,130.0,1,129.5,39,130.0,67,1,2022-04-18 09:07:28
1650272849322481000,129.5,2,129.5,38,130.0,67,2,2022-04-18 09:07:29
1650272849576232000,129.5,1,129.5,27,130.0,67,2,2022-04-18 09:07:29
1650272850161633000,129.5,5,129.5,21,130.0,68,2,2022-04-18 09:07:30
1650272850396736000,129.5,1,129.5,20,130.0,69,2,2022-04-18 09:07:30
1650272850672881000,129.5,1,129.5,19,130.0,69,2,2022-04-18 09:07:30
1650272850954794000,129.5,5,129.5,25,130.0,69,2,2022-04-18 09:07:30
1650272851089398000,129.5,1,129.5,27,130.0,69,2,2022-04-18 09:07:31
1650272851522260000,129.5,1,129.5,26,130.0,69,2,2022-04-18 09:07:31
1650272851539218000,129.5,1,129.5,25,130.0,69,2,2022-04-18 09:07:31
1650272851559408000,129.5,25,129.0,74,129.5,15,2,2022-04-18 09:07:31
1650272851598929000,129.0,1,129.0,73,129.5,15,2,2022-04-18 09:07:31
1650272851599046000,129.0,1,129.0,72,129.5,15,2,2022-04-18 09:07:31
1650272851599340000,129.0,1,129.0,71,129.5,15,2,2022-04-18 09:07:31
1650272851624387000,129.0,1,129.0,70,129.5,15,2,2022-04-18 09:07:31
1650272852151715000,129.5,1,129.0,70,129.5,39,1,2022-04-18 09:07:32
1650272852347264000,129.5,20,129.0,70,129.5,19,1,2022-04-18 09:07:32
1650272853185868000,129.5,1,129.0,69,129.5,36,1,2022-04-18 09:07:33
1650272854342910000,129.0,4,129.0,65,129.5,42,2,2022-04-18 09:07:34
1650272854386346000,129.0,1,129.0,64,129.5,42,2,2022-04-18 09:07:34
1650272854709128000,129.5,2,129.0,62,129.5,40,1,2022-04-18 09:07:34
1650272854927366000,129.0,1,129.0,60,129.5,40,2,2022-04-18 09:07:34
1650272855880105000,129.0,2,129.0,63,129.5,43,2,2022-04-18 09:07:35
1650272856175032000,129.0,1,129.0,62,129.5,43,2,2022-04-18 09:07:36
1650272856432173000,129.5,1,129.0,62,129.5,42,1,2022-04-18 09:07:36
1650272856770997000,129.0,1,129.0,61,129.5,44,2,2022-04-18 09:07:36
1650272857649325000,129.0,1,129.0,61,129.5,46,2,2022-04-18 09:07:37
1650272857773364000,129.0,4,129.0,57,129.5,45,2,2022-04-18 09:07:37
1650272859216689000,129.0,1,129.0,56,129.5,77,2,2022-04-18 09:07:39
1650272859289859000,129.0,1,129.0,55,129.5,77,2,2022-04-18 09:07:39
1650272859717162000,129.0,1,129.0,56,129.5,77,2,2022-04-18 09:07:39
1650272860596409000,129.0,2,129.0,51,129.5,75,2,2022-04-18 09:07:40
1650272860635056000,129.0,3,129.0,48,129.5,75,2,2022-04-18 09:07:40
1650272861676252000,129.0,1,129.0,47,129.5,79,2,2022-04-18 09:07:41
1650272862231827000,129.0,1,129.0,46,129.5,80,2,2022-04-18 09:07:42
1650272862251536000,129.0,1,129.0,45,129.5,80,2,2022-04-18 09:07:42
1650272862298703000,129.0,1,129.0,44,129.5,80,2,2022-04-18 09:07:42
1650272862427254000,129.0,15,129.0,29,129.5,80,2,2022-04-18 09:07:42
1650272862455890000,129.0,15,129.0,14,129.5,80,2,2022-04-18 09:07:42
1650272862460801000,129.0,1,129.0,13,129.5,80,2,2022-04-18 09:07:42
1650272862468467000,129.0,1,129.0,12,129.5,80,2,2022-04-18 09:07:42
1650272862493542000,129.0,1,129.0,11,129.5,80,2,2022-04-18 09:07:42
1650272862667743000,129.0,1,129.0,10,129.5,80,2,2022-04-18 09:07:42
1650272862805496000,129.0,1,129.0,9,129.5,80,2,2022-04-18 09:07:42
1650272862833358000,129.0,3,129.0,6,129.5,80,2,2022-04-18 09:07:42
1650272862851246000,129.0,5,129.0,1,129.5,80,2,2022-04-18 09:07:42
1650272863034550000,129.0,1,128.5,76,129.5,80,2,2022-04-18 09:07:43
1650272863280628000,129.0,1,128.5,78,129.5,80,1,2022-04-18 09:07:43
1650272863416263000,129.0,1,129.0,9,129.5,80,1,2022-04-18 09:07:43
1650272863431208000,129.0,1,129.0,8,129.5,80,2,2022-04-18 09:07:43
1650272863449007000,129.0,1,129.0,7,129.5,80,2,2022-04-18 09:07:43
1650272863792205000,129.0,1,129.0,7,129.5,80,2,2022-04-18 09:07:43
1650272864057819000,129.0,5,129.0,2,129.5,80,2,2022-04-18 09:07:44
1650272864082245000,129.0,1,129.0,1,129.5,80,2,2022-04-18 09:07:44
1650272864189141000,129.0,1,128.5,78,129.5,80,2,2022-04-18 09:07:44
1650272864440649000,129.0,1,129.0,2,129.5,80,2,2022-04-18 09:07:44
1650272865412148000,129.0,1,129.0,12,129.5,80,2,2022-04-18 09:07:45
1650272865670429000,129.0,2,129.0,7,129.5,80,2,2022-04-18 09:07:45
1650272865989242000,129.0,2,129.0,12,129.5,78,2,2022-04-18 09:07:45
1650272866540889000,129.0,1,129.0,13,129.5,78,2,2022-04-18 09:07:46
1650272866759258000,129.0,2,129.0,12,129.5,78,2,2022-04-18 09:07:46
1650272867598413000,129.0,1,129.0,23,129.5,78,2,2022-04-18 09:07:47
1650272867606549000,129.0,1,129.0,22,129.5,78,2,2022-04-18 09:07:47
1650272868220543000,129.5,10,129.0,30,129.5,68,1,2022-04-18 09:07:48
1650272868251348000,129.5,68,129.0,30,130.0,89,1,2022-04-18 09:07:48
1650272868395309000,129.5,10,129.0,34,130.0,89,1,2022-04-18 09:07:48
1650272868567822000,129.0,1,129.0,33,130.0,89,2,2022-04-18 09:07:48
1650272868724921000,129.5,1,129.0,33,130.0,89,1,2022-04-18 09:07:48
1650272868732931000,129.0,1,129.0,32,130.0,89,2,2022-04-18 09:07:48
1650272869058748000,129.0,1,129.0,34,130.0,89,2,2022-04-18 09:07:49
1650272869526485000,129.0,1,129.0,37,130.0,89,2,2022-04-18 09:07:49
1650272869535942000,129.0,1,129.0,36,130.0,89,2,2022-04-18 09:07:49
1650272869820168000,129.0,2,129.0,56,130.0,89,2,2022-04-18 09:07:49
1650272869930642000,129.0,1,129.0,55,130.0,89,2,2022-04-18 09:07:49
1650272870016460000,129.0,1,129.0,54,130.0,89,2,2022-04-18 09:07:50
1650272871252789000,129.5,5,129.0,50,130.0,88,2,2022-04-18 09:07:51
1650272871252789000,129.0,5,129.0,50,130.0,88,2,2022-04-18 09:07:51
1650272871274772000,129.0,1,129.0,49,130.0,88,2,2022-04-18 09:07:51
1650272872515685000,129.5,1,129.5,12,130.0,88,2,2022-04-18 09:07:52
1650272877776290000,129.5,4,129.5,20,130.0,83,2,2022-04-18 09:07:57
1650272878764502000,129.5,1,129.5,23,130.0,83,2,2022-04-18 09:07:58
1650272880091662000,129.5,5,129.5,18,130.0,85,2,2022-04-18 09:08:00
1650272880150282000,129.5,1,129.5,17,130.0,85,2,2022-04-18 09:08:00
1650272881117069000,130.0,1,129.5,17,130.0,84,1,2022-04-18 09:08:01
1650272881147649000,129.5,1,129.5,16,130.0,84,2,2022-04-18 09:08:01
1650272882207164000,129.5,1,129.5,17,130.0,84,2,2022-04-18 09:08:02
1650272882369938000,129.5,1,129.5,16,130.0,84,2,2022-04-18 09:08:02
1650272882466068000,130.0,2,129.5,367,130.0,82,1,2022-04-18 09:08:02
1650272882498672000,130.0,4,129.5,406,130.0,77,1,2022-04-18 09:08:02
1650272882533856000,130.0,18,129.5,406,130.0,59,1,2022-04-18 09:08:02
1650272882555878000,130.0,14,129.5,406,130.0,45,1,2022-04-18 09:08:02
1650272883020706000,129.5,1,129.5,483,130.0,45,2,2022-04-18 09:08:03
1650272883544527000,129.5,4,129.5,480,130.0,46,2,2022-04-18 09:08:03
1650272883585242000,129.5,57,129.5,423,130.0,46,2,2022-04-18 09:08:03
1650272883622778000,129.5,1,129.5,273,130.0,46,2,2022-04-18 09:08:03
1650272885389853000,129.5,1,129.5,71,130.0,45,2,2022-04-18 09:08:05
1650272887416717000,129.5,3,129.5,70,130.0,45,2,2022-04-18 09:08:07
1650272888364547000,130.0,1,129.5,71,130.0,45,1,2022-04-18 09:08:08
1650272888798773000,129.5,3,129.5,69,130.0,45,2,2022-04-18 09:08:08
1650272889358158000,130.0,2,129.5,70,130.0,43,1,2022-04-18 09:08:09
1650272890660241000,129.5,1,129.5,1009,130.0,43,2,2022-04-18 09:08:10
1650272890768096000,129.5,1,129.5,1008,130.0,43,2,2022-04-18 09:08:10
1650272891103317000,129.5,4,129.5,536,130.0,43,2,2022-04-18 09:08:11
1650272891737408000,129.5,1,129.5,106,130.0,43,2,2022-04-18 09:08:11
1650272891743581000,129.5,1,129.5,105,130.0,43,2,2022-04-18 09:08:11
1650272892265528000,129.5,1,129.5,102,130.0,43,2,2022-04-18 09:08:12
1650272893169731000,129.5,2,129.5,78,130.0,43,2,2022-04-18 09:08:13
1650272895275361000,129.5,8,129.5,70,130.0,45,2,2022-04-18 09:08:15
1650272895297125000,129.5,15,129.5,55,130.0,45,2,2022-04-18 09:08:15
1650272895322930000,129.5,1,129.5,54,130.0,47,2,2022-04-18 09:08:15
1650272897028217000,129.5,4,129.5,53,130.0,47,2,2022-04-18 09:08:17
1650272897519897000,129.5,1,129.5,56,130.0,48,2,2022-04-18 09:08:17
1650272897767140000,130.0,2,129.5,56,130.0,46,1,2022-04-18 09:08:17
1650272898405736000,129.5,1,129.5,56,130.0,95,2,2022-04-18 09:08:18
1650272898511943000,129.5,1,129.5,55,130.0,95,2,2022-04-18 09:08:18
1650272898823114000,129.5,20,129.5,35,130.0,95,2,2022-04-18 09:08:18
1650272899013783000,130.0,1,129.5,36,130.0,97,1,2022-04-18 09:08:19
1650272899500716000,129.5,5,129.5,32,130.0,97,2,2022-04-18 09:08:19
1650272899540228000,130.0,2,129.5,32,130.0,95,1,2022-04-18 09:08:19
1650272900534868000,129.5,1,129.5,33,130.0,96,2,2022-04-18 09:08:20
1650272900744736000,129.5,1,129.5,32,130.0,101,2,2022-04-18 09:08:20
1650272901430656000,129.5,28,129.5,4,130.0,105,2,2022-04-18 09:08:21
1650272901453876000,129.5,4,129.0,56,129.5,11,2,2022-04-18 09:08:21
1650272901521178000,129.0,3,129.0,53,130.0,105,2,2022-04-18 09:08:21
1650272901908983000,129.5,4,129.5,7,130.0,105,2,2022-04-18 09:08:21
1650272902510215000,129.5,1,129.5,10,130.0,105,2,2022-04-18 09:08:22
1650272903328782000,129.5,10,129.0,55,129.5,40,2,2022-04-18 09:08:23
1650272906076001000,129.0,1,129.0,47,129.5,62,2,2022-04-18 09:08:26
1650272906090317000,129.0,1,129.0,46,129.5,62,2,2022-04-18 09:08:26
1650272906567342000,129.5,1,129.0,46,129.5,63,1,2022-04-18 09:08:26
1650272906650177000,129.5,1,129.0,46,129.5,63,1,2022-04-18 09:08:26
1650272906650415000,129.5,3,129.0,46,129.5,60,1,2022-04-18 09:08:26
1650272906650639000,129.5,1,129.0,46,129.5,59,1,2022-04-18 09:08:26
1650272906662199000,129.5,1,129.0,46,129.5,58,1,2022-04-18 09:08:26
1650272906753767000,129.0,1,129.0,45,129.5,59,2,2022-04-18 09:08:26
1650272907051966000,129.0,1,129.0,44,129.5,60,2,2022-04-18 09:08:27
1650272907575743000,129.5,1,129.0,45,129.5,59,1,2022-04-18 09:08:27
1650272907576066000,129.5,4,129.0,45,129.5,55,1,2022-04-18 09:08:27
1650272907874606000,129.5,2,129.0,45,129.5,59,1,2022-04-18 09:08:27
1650272910496175000,129.5,1,129.0,48,129.5,62,1,2022-04-18 09:08:30
1650272910496407000,129.5,4,129.0,48,129.5,58,1,2022-04-18 09:08:30
1650272913236883000,129.5,2,129.0,62,129.5,56,1,2022-04-18 09:08:33
1650272913668581000,129.5,37,129.0,63,129.5,19,1,2022-04-18 09:08:33
1650272913705305000,129.5,13,129.0,63,129.5,6,1,2022-04-18 09:08:33
1650272913739950000,129.5,6,129.0,63,130.0,132,1,2022-04-18 09:08:33
1650272914516664000,129.0,1,129.0,89,130.0,132,2,2022-04-18 09:08:34
1650272914616875000,129.0,1,129.0,88,130.0,132,2,2022-04-18 09:08:34
1650272915227575000,129.5,1,129.0,89,129.5,13,2,2022-04-18 09:08:35
1650272915403383000,129.5,1,129.0,86,129.5,12,1,2022-04-18 09:08:35
1650272916063061000,129.5,1,129.0,87,129.5,11,1,2022-04-18 09:08:36
1650272916116762000,129.5,1,129.0,87,129.5,10,1,2022-04-18 09:08:36
1650272917019686000,129.5,2,129.0,87,129.5,10,1,2022-04-18 09:08:37
1650272917155643000,129.5,3,129.5,2,130.0,134,1,2022-04-18 09:08:37
1650272917644157000,129.5,1,129.5,2,130.0,132,2,2022-04-18 09:08:37
1650272920208922000,130.0,1,129.5,16,130.0,113,1,2022-04-18 09:08:40
1650272920397738000,129.5,1,129.5,15,130.0,113,2,2022-04-18 09:08:40
1650272921074564000,130.0,1,129.5,16,130.0,112,1,2022-04-18 09:08:41
1650272922223832000,129.5,2,129.5,30,130.0,112,2,2022-04-18 09:08:42
1650272928092921000,130.0,1,129.5,60,130.0,112,1,2022-04-18 09:08:48
1650272929086201000,130.0,1,129.5,60,130.0,111,1,2022-04-18 09:08:49
1650272930691429000,130.0,1,129.5,61,130.0,116,1,2022-04-18 09:08:50
1650272932029014000,130.0,6,129.5,61,130.0,109,1,2022-04-18 09:08:52
1650272933018876000,130.0,1,129.5,61,130.0,110,1,2022-04-18 09:08:53
1650272933620040000,129.5,2,129.5,59,130.0,110,2,2022-04-18 09:08:53
1650272936025535000,129.5,1,129.5,59,130.0,102,2,2022-04-18 09:08:56
1650272940747094000,129.5,1,129.5,78,130.0,109,2,2022-04-18 09:09:00
1650272941883985000,130.0,1,129.5,78,130.0,108,1,2022-04-18 09:09:01
1650272942575556000,129.5,1,129.5,79,130.0,109,2,2022-04-18 09:09:02
1650272943201571000,130.0,1,129.5,79,130.0,108,1,2022-04-18 09:09:03
1650272944404995000,130.0,1,129.5,82,130.0,107,1,2022-04-18 09:09:04
1650272944813090000,130.0,1,129.5,82,130.0,106,1,2022-04-18 09:09:04
1650272945770816000,130.0,1,129.5,82,130.0,106,1,2022-04-18 09:09:05
1650272946456140000,129.5,1,129.5,81,130.0,110,2,2022-04-18 09:09:06
1650272946873381000,130.0,1,129.5,81,130.0,109,1,2022-04-18 09:09:06
1650272947676561000,129.5,1,129.5,80,130.0,111,2,2022-04-18 09:09:07
1650272947690700000,129.5,4,129.5,76,130.0,111,2,2022-04-18 09:09:07
1650272949107870000,129.5,1,129.5,76,130.0,112,2,2022-04-18 09:09:09
1650272951937270000,130.0,1,129.5,83,130.0,117,1,2022-04-18 09:09:11
1650272952810056000,129.5,2,129.5,92,130.0,124,2,2022-04-18 09:09:12
1650272952822915000,130.0,1,129.5,92,130.0,123,1,2022-04-18 09:09:12
1650272953564795000,130.0,1,129.5,95,130.0,122,1,2022-04-18 09:09:13
1650272954929014000,129.5,1,129.5,100,130.0,123,2,2022-04-18 09:09:14
1650272960677363000,129.5,7,129.5,95,130.0,211,2,2022-04-18 09:09:20
1650272961806030000,129.5,2,129.5,98,130.0,211,2,2022-04-18 09:09:21
1650272961951766000,129.5,10,129.5,88,130.0,211,2,2022-04-18 09:09:21
1650272963805416000,129.5,2,129.5,87,130.0,208,2,2022-04-18 09:09:23
1650272965066767000,129.5,2,129.5,86,130.0,209,2,2022-04-18 09:09:25
1650272966845938000,129.5,1,129.5,86,130.0,210,2,2022-04-18 09:09:26
1650272967733837000,129.5,1,129.5,85,130.0,211,2,2022-04-18 09:09:27
1650272968090095000,129.5,1,129.5,83,130.0,211,2,2022-04-18 09:09:28
1650272968909550000,130.0,1,129.5,84,130.0,210,1,2022-04-18 09:09:28
1650272971644008000,129.5,2,129.5,76,130.0,212,2,2022-04-18 09:09:31
1650272971732938000,129.5,1,129.5,75,130.0,212,2,2022-04-18 09:09:31
1650272975839642000,129.5,3,129.5,72,130.0,215,2,2022-04-18 09:09:35
1650272976808550000,129.5,2,129.5,71,130.0,215,2,2022-04-18 09:09:36
1650272980911843000,130.0,1,129.5,77,130.0,213,1,2022-04-18 09:09:40
1650272981906727000,129.5,1,129.5,76,130.0,213,2,2022-04-18 09:09:41
1650272982894993000,129.5,1,129.5,75,130.0,213,2,2022-04-18 09:09:42
1650272983996593000,129.5,1,129.5,74,130.0,213,2,2022-04-18 09:09:43
1650272985117729000,129.5,4,129.5,70,130.0,213,2,2022-04-18 09:09:45
1650272985849375000,129.5,3,129.5,68,130.0,213,2,2022-04-18 09:09:45
1650272987166061000,129.5,2,129.5,68,130.0,134,2,2022-04-18 09:09:47
1650272988558008000,129.5,1,129.5,68,130.0,134,2,2022-04-18 09:09:48
1650272989062390000,129.5,1,129.5,68,130.0,134,2,2022-04-18 09:09:49
1650272990242307000,129.5,1,129.5,68,130.0,134,2,2022-04-18 09:09:50
1650272991279214000,129.5,1,129.5,55,130.0,134,2,2022-04-18 09:09:51
1650272993946056000,129.5,1,129.5,56,130.0,135,2,2022-04-18 09:09:53
1650272994161946000,129.5,5,129.5,51,130.0,130,2,2022-04-18 09:09:54
1650272996344294000,129.5,10,129.5,41,130.0,130,2,2022-04-18 09:09:56
1650272996389721000,129.5,1,129.5,40,130.0,130,2,2022-04-18 09:09:56
1650272996660939000,130.0,3,129.5,40,130.0,127,1,2022-04-18 09:09:56
1650272996661106000,130.0,2,129.5,40,130.0,125,1,2022-04-18 09:09:56
1650272997528745000,130.0,2,129.5,40,130.0,124,1,2022-04-18 09:09:57
1650272997529020000,130.0,2,129.5,40,130.0,122,1,2022-04-18 09:09:57
1650272997529232000,130.0,1,129.5,40,130.0,121,1,2022-04-18 09:09:57
1650272999056404000,130.0,1,129.5,40,130.0,120,1,2022-04-18 09:09:59
1650272999056641000,130.0,3,129.5,40,130.0,117,1,2022-04-18 09:09:59
1650272999056830000,130.0,1,129.5,40,130.0,116,1,2022-04-18 09:09:59
1650272999709881000,129.5,5,129.5,36,130.0,116,2,2022-04-18 09:09:59
1650273000941633000,129.5,2,129.5,34,130.0,117,2,2022-04-18 09:10:00
1650273001828571000,130.0,3,129.5,37,130.0,116,1,2022-04-18 09:10:01
1650273001828796000,130.0,3,129.5,37,130.0,113,1,2022-04-18 09:10:01
1650273001829052000,130.0,11,129.5,37,130.0,102,1,2022-04-18 09:10:01
1650273001829237000,130.0,5,129.5,37,130.0,97,1,2022-04-18 09:10:01
1650273002378849000,129.5,1,129.5,36,130.0,98,2,2022-04-18 09:10:02
1650273002635365000,129.5,1,129.5,36,130.0,98,2,2022-04-18 09:10:02
1650273004291713000,129.5,1,129.5,35,130.0,98,2,2022-04-18 09:10:04
1650273005815744000,129.5,2,129.5,43,130.0,98,2,2022-04-18 09:10:05
1650273007487438000,129.5,1,129.5,43,130.0,95,2,2022-04-18 09:10:07
1650273009156448000,129.5,1,129.5,44,130.0,103,2,2022-04-18 09:10:09
1650273011746217000,129.5,1,129.5,46,130.0,102,2,2022-04-18 09:10:11
1650273013415858000,129.5,1,129.5,48,130.0,102,2,2022-04-18 09:10:13
1650273013454511000,129.5,1,129.5,47,130.0,102,2,2022-04-18 09:10:13
1650273014307170000,129.5,2,129.5,46,130.0,102,2,2022-04-18 09:10:14
1650273014649386000,130.0,1,129.5,47,130.0,101,1,2022-04-18 09:10:14
1650273019449911000,130.0,1,129.5,51,130.0,104,1,2022-04-18 09:10:19
1650273020570807000,130.0,1,129.5,52,130.0,103,1,2022-04-18 09:10:20
1650273022218967000,129.5,1,129.5,55,130.0,103,2,2022-04-18 09:10:22
1650273024113407000,130.0,1,129.5,63,130.0,102,1,2022-04-18 09:10:24
1650273024302248000,130.0,1,129.5,63,130.0,101,1,2022-04-18 09:10:24
1650273026468062000,130.0,1,129.5,85,130.0,100,1,2022-04-18 09:10:26
1650273026707397000,130.0,1,129.5,85,130.0,99,1,2022-04-18 09:10:26
1650273026930004000,129.5,1,129.5,84,130.0,99,2,2022-04-18 09:10:26
1650273027773013000,130.0,1,129.5,91,130.0,97,1,2022-04-18 09:10:27
1650273028068900000,130.0,1,129.5,92,130.0,96,1,2022-04-18 09:10:28
1650273030274441000,130.0,2,129.5,104,130.0,94,1,2022-04-18 09:10:30
1650273030274689000,130.0,1,129.5,104,130.0,93,1,2022-04-18 09:10:30
1650273030274908000,130.0,2,129.5,104,130.0,91,1,2022-04-18 09:10:30
1650273030305685000,130.0,18,129.5,104,130.0,73,1,2022-04-18 09:10:30
1650273030330394000,130.0,18,129.5,104,130.0,55,1,2022-04-18 09:10:30
1650273030330419000,130.0,18,129.5,104,130.0,37,1,2022-04-18 09:10:30
1650273030330435000,130.0,18,129.5,104,130.0,19,1,2022-04-18 09:10:30
1650273030330438000,130.0,18,129.5,104,130.0,1,1,2022-04-18 09:10:30
1650273030331499000,130.0,1,129.5,104,130.5,125,1,2022-04-18 09:10:30
1650273030763255000,130.0,1,129.5,113,130.5,125,2,2022-04-18 09:10:30
1650273031306571000,130.0,1,129.5,116,130.5,125,2,2022-04-18 09:10:31
1650273034361343000,130.5,1,130.0,17,130.5,124,1,2022-04-18 09:10:34
1650273037876695000,130.5,1,130.0,38,130.5,103,1,2022-04-18 09:10:37
1650273038847371000,130.5,1,130.0,45,130.5,102,1,2022-04-18 09:10:38
1650273039363316000,130.0,1,130.0,44,130.5,102,2,2022-04-18 09:10:39
1650273039498657000,130.0,1,130.0,43,130.5,102,2,2022-04-18 09:10:39
1650273040362366000,130.0,1,130.0,46,130.5,102,2,2022-04-18 09:10:40
1650273043232125000,130.0,2,130.0,48,130.5,102,2,2022-04-18 09:10:43
1650273048030753000,130.5,2,130.0,63,130.5,100,1,2022-04-18 09:10:48
1650273049310659000,130.5,3,130.0,65,130.5,107,1,2022-04-18 09:10:49
1650273049371614000,130.5,10,130.0,65,130.5,97,1,2022-04-18 09:10:49
1650273050169905000,130.5,1,130.0,65,130.5,96,1,2022-04-18 09:10:50
1650273050438712000,130.5,15,130.0,75,130.5,81,1,2022-04-18 09:10:50
1650273052143668000,130.5,1,130.0,90,130.5,80,1,2022-04-18 09:10:52
1650273052295489000,130.5,1,130.0,90,130.5,79,1,2022-04-18 09:10:52
1650273052307243000,130.5,1,130.0,90,130.5,78,1,2022-04-18 09:10:52
1650273052725091000,130.5,2,130.0,93,130.5,76,1,2022-04-18 09:10:52
1650273053098122000,130.5,5,130.0,104,130.5,71,1,2022-04-18 09:10:53
1650273053228143000,130.5,1,130.0,104,130.5,72,1,2022-04-18 09:10:53
1650273053393935000,130.5,1,130.0,104,130.5,71,1,2022-04-18 09:10:53
1650273053463753000,130.5,1,130.0,104,130.5,70,1,2022-04-18 09:10:53
1650273053916525000,130.5,2,130.0,104,130.5,68,1,2022-04-18 09:10:53
1650273054067109000,130.5,1,130.0,104,130.5,67,1,2022-04-18 09:10:54
1650273054185750000,130.5,1,130.0,105,130.5,66,1,2022-04-18 09:10:54
1650273054239588000,130.5,3,130.0,102,130.5,63,1,2022-04-18 09:10:54
1650273054543009000,130.5,1,130.0,103,130.5,62,1,2022-04-18 09:10:54
1650273054795281000,130.5,2,130.0,103,130.5,60,1,2022-04-18 09:10:54
1650273054964443000,130.5,1,130.0,104,130.5,59,1,2022-04-18 09:10:54
1650273055145548000,130.5,3,130.0,104,130.5,56,1,2022-04-18 09:10:55
1650273055267098000,130.5,3,130.0,104,130.5,53,1,2022-04-18 09:10:55
1650273055277501000,130.5,1,130.0,104,130.5,52,1,2022-04-18 09:10:55
1650273055500067000,130.5,1,130.0,104,130.5,51,1,2022-04-18 09:10:55
1650273055655044000,130.5,1,130.0,104,130.5,50,1,2022-04-18 09:10:55
1650273055655932000,130.5,1,130.0,104,130.5,49,1,2022-04-18 09:10:55
1650273055926032000,130.5,1,130.0,113,130.5,49,1,2022-04-18 09:10:55
1650273056437308000,130.5,1,130.0,114,130.5,48,1,2022-04-18 09:10:56
1650273056751049000,130.5,2,130.0,112,130.5,46,1,2022-04-18 09:10:56
1650273056888973000,130.5,1,130.0,112,130.5,45,1,2022-04-18 09:10:56
1650273057292487000,130.5,1,130.0,112,130.5,44,1,2022-04-18 09:10:57
1650273057481793000,130.5,1,130.0,112,130.5,43,1,2022-04-18 09:10:57
1650273057838850000,130.5,1,130.0,112,130.5,42,1,2022-04-18 09:10:57
1650273057846494000,130.5,1,130.0,112,130.5,41,1,2022-04-18 09:10:57
1650273057917366000,130.5,1,130.0,112,130.5,40,1,2022-04-18 09:10:57
1650273058069397000,130.5,1,130.0,111,130.5,39,1,2022-04-18 09:10:58
1650273058454127000,130.5,1,130.0,111,130.5,38,1,2022-04-18 09:10:58
1650273058620903000,130.5,1,130.0,111,130.5,37,1,2022-04-18 09:10:58
1650273058634322000,130.5,1,130.0,111,130.5,36,1,2022-04-18 09:10:58
1650273058693310000,130.5,1,130.0,111,130.5,35,1,2022-04-18 09:10:58
1650273058771640000,130.5,4,130.0,111,130.5,31,1,2022-04-18 09:10:58
1650273059194424000,130.5,5,130.0,114,130.5,26,1,2022-04-18 09:10:59
1650273059291768000,130.5,2,130.0,118,130.5,24,1,2022-04-18 09:10:59
1650273059309271000,130.5,1,130.0,118,130.5,23,1,2022-04-18 09:10:59
1650273059345723000,130.5,1,130.0,118,130.5,22,1,2022-04-18 09:10:59
1650273059547832000,130.5,2,130.0,118,130.5,20,1,2022-04-18 09:10:59
1650273059556510000,130.5,2,130.0,118,130.5,18,1,2022-04-18 09:10:59
1650273059645892000,130.5,4,130.0,118,130.5,19,1,2022-04-18 09:10:59
1650273059926012000,130.5,1,130.0,118,130.5,18,1,2022-04-18 09:10:59
1650273059981935000,130.5,1,130.0,118,130.5,17,1,2022-04-18 09:10:59
1650273060087671000,130.5,5,130.0,118,130.5,12,1,2022-04-18 09:11:00
1650273060288445000,130.5,1,130.0,119,130.5,11,1,2022-04-18 09:11:00
1650273060296733000,130.5,1,130.0,119,130.5,10,1,2022-04-18 09:11:00
1650273060356251000,130.5,1,130.0,119,130.5,9,1,2022-04-18 09:11:00
1650273060539381000,130.5,4,130.0,119,130.5,5,1,2022-04-18 09:11:00
1650273060876177000,130.5,1,130.0,119,130.5,4,1,2022-04-18 09:11:00
1650273060887568000,130.5,1,130.0,119,130.5,3,1,2022-04-18 09:11:00
1650273061012603000,130.5,1,130.0,119,130.5,2,1,2022-04-18 09:11:01
1650273061323541000,130.5,1,130.0,120,130.5,1,1,2022-04-18 09:11:01
1650273061414723000,130.5,1,130.5,3,131.0,153,1,2022-04-18 09:11:01
1650273061447714000,130.5,3,130.5,2,131.0,153,2,2022-04-18 09:11:01
1650273066027708000,130.5,2,130.5,35,131.0,152,2,2022-04-18 09:11:06
1650273066232149000,130.5,1,130.5,36,131.0,152,2,2022-04-18 09:11:06
1650273066993821000,130.5,35,130.5,4,131.0,153,2,2022-04-18 09:11:06
1650273067017670000,130.5,4,130.0,119,131.0,153,2,2022-04-18 09:11:07
1650273067350968000,130.5,1,130.0,119,131.0,169,2,2022-04-18 09:11:07
1650273067470767000,130.5,1,130.5,1,131.0,169,2,2022-04-18 09:11:07
1650273067493718000,130.5,1,130.0,118,131.0,169,2,2022-04-18 09:11:07
1650273067615713000,130.5,1,130.5,1,131.0,169,2,2022-04-18 09:11:07
1650273067621191000,130.5,1,130.0,117,131.0,169,2,2022-04-18 09:11:07
1650273067908977000,130.0,3,130.0,113,130.5,27,2,2022-04-18 09:11:07
1650273068666185000,130.5,1,130.0,84,130.5,39,1,2022-04-18 09:11:08
1650273068676681000,130.5,1,130.0,84,130.5,38,1,2022-04-18 09:11:08
1650273068707174000,130.0,84,129.5,97,130.5,38,2,2022-04-18 09:11:08
1650273069251033000,130.0,2,129.5,92,130.0,23,1,2022-04-18 09:11:09
1650273071003734000,130.0,10,129.5,61,130.0,42,1,2022-04-18 09:11:11
1650273071432633000,129.5,9,129.5,44,130.0,43,2,2022-04-18 09:11:11
1650273071434070000,130.0,1,129.5,44,130.0,42,1,2022-04-18 09:11:11
1650273072230083000,130.0,1,129.5,44,130.0,41,1,2022-04-18 09:11:12
1650273074629458000,130.0,1,129.5,47,130.0,42,1,2022-04-18 09:11:14
1650273074768541000,130.0,1,129.5,46,130.0,41,1,2022-04-18 09:11:14
1650273075140740000,129.5,13,129.5,33,130.0,36,2,2022-04-18 09:11:15
1650273075197665000,129.5,1,129.5,32,130.0,38,2,2022-04-18 09:11:15
1650273075225918000,129.5,1,129.5,31,130.0,38,2,2022-04-18 09:11:15
1650273075804155000,130.0,1,129.5,32,130.0,41,1,2022-04-18 09:11:15
1650273077596040000,129.5,2,129.5,30,130.0,44,2,2022-04-18 09:11:17
1650273077918383000,130.0,1,129.5,30,130.0,43,1,2022-04-18 09:11:17
1650273078292514000,129.5,1,129.5,30,130.0,43,2,2022-04-18 09:11:18
1650273078422415000,130.0,1,129.5,30,130.0,42,1,2022-04-18 09:11:18
1650273080848454000,129.5,1,129.5,29,130.0,44,2,2022-04-18 09:11:20
1650273081365030000,129.5,11,129.5,18,130.0,45,2,2022-04-18 09:11:21
1650273081387714000,129.5,8,129.5,10,130.0,47,2,2022-04-18 09:11:21
1650273081393875000,129.5,1,129.5,9,130.0,52,2,2022-04-18 09:11:21
1650273081420960000,129.5,9,129.0,133,130.0,52,2,2022-04-18 09:11:21
1650273081643356000,129.5,2,129.0,130,129.5,3,1,2022-04-18 09:11:21
1650273082338174000,129.5,7,129.0,130,129.5,5,1,2022-04-18 09:11:22
1650273082374870000,129.0,1,129.0,129,129.5,5,2,2022-04-18 09:11:22
1650273082497586000,129.5,1,129.0,129,129.5,4,1,2022-04-18 09:11:22
1650273082983401000,129.5,1,129.0,129,129.5,13,1,2022-04-18 09:11:22
1650273086805041000,129.5,1,129.0,125,129.5,32,1,2022-04-18 09:11:26
1650273089946405000,129.5,2,129.0,126,129.5,37,1,2022-04-18 09:11:29
1650273090848448000,129.5,1,129.0,126,129.5,38,1,2022-04-18 09:11:30
1650273092852052000,129.0,2,129.0,123,129.5,40,2,2022-04-18 09:11:32
1650273093006195000,129.5,2,129.0,123,129.5,38,1,2022-04-18 09:11:33
1650273093450862000,129.5,1,129.0,119,129.5,37,1,2022-04-18 09:11:33
1650273094517708000,129.5,5,129.0,120,129.5,35,1,2022-04-18 09:11:34
1650273094562480000,129.0,1,129.0,119,129.5,35,2,2022-04-18 09:11:34
1650273095409224000,129.0,1,129.0,118,129.5,37,2,2022-04-18 09:11:35
1650273096417704000,129.5,1,129.0,118,129.5,39,1,2022-04-18 09:11:36
1650273097748750000,129.0,5,129.0,116,129.5,40,2,2022-04-18 09:11:37
1650273102574727000,129.0,2,129.0,138,129.5,118,2,2022-04-18 09:11:42
1650273102615655000,129.0,1,129.0,137,129.5,118,2,2022-04-18 09:11:42
1650273105549195000,129.0,30,129.0,105,129.5,120,2,2022-04-18 09:11:45
1650273105590466000,129.0,1,129.0,104,129.5,120,2,2022-04-18 09:11:45
1650273105594999000,129.0,1,129.0,103,129.5,120,2,2022-04-18 09:11:45
1650273105613744000,129.0,1,129.0,102,129.5,120,2,2022-04-18 09:11:45
1650273105659764000,129.0,1,129.0,101,129.5,120,2,2022-04-18 09:11:45
1650273106394256000,129.0,1,129.0,99,129.5,122,2,2022-04-18 09:11:46
1650273106409020000,129.0,2,129.0,97,129.5,122,2,2022-04-18 09:11:46
1650273106729470000,129.0,1,129.0,97,129.5,122,2,2022-04-18 09:11:46
1650273107102032000,129.0,10,129.0,87,129.5,122,2,2022-04-18 09:11:47
1650273107554313000,129.0,1,129.0,86,129.5,122,2,2022-04-18 09:11:47
1650273107581398000,129.0,1,129.0,85,129.5,122,2,2022-04-18 09:11:47
1650273107713505000,129.0,1,129.0,84,129.5,122,2,2022-04-18 09:11:47
1650273107850389000,129.0,1,129.0,83,129.5,122,2,2022-04-18 09:11:47
1650273107891074000,129.0,1,129.0,82,129.5,122,2,2022-04-18 09:11:47
1650273108110282000,129.0,10,129.0,73,129.5,122,2,2022-04-18 09:11:48
1650273108167423000,129.0,1,129.0,72,129.5,122,2,2022-04-18 09:11:48
1650273108200560000,129.0,19,129.0,53,129.5,122,2,2022-04-18 09:11:48
1650273108229082000,129.0,18,129.0,35,129.5,122,2,2022-04-18 09:11:48
1650273108229127000,129.0,18,129.0,17,129.5,122,2,2022-04-18 09:11:48
1650273108229374000,129.0,14,129.0,3,129.5,122,2,2022-04-18 09:11:48
1650273108229938000,129.0,3,128.5,99,129.5,122,2,2022-04-18 09:11:48
1650273108234606000,129.5,4,128.5,99,129.5,118,1,2022-04-18 09:11:48
1650273108234865000,129.5,1,128.5,99,129.5,117,1,2022-04-18 09:11:48
1650273108860922000,128.5,2,128.5,97,129.0,36,2,2022-04-18 09:11:48
1650273108902208000,128.5,2,128.5,95,129.0,43,2,2022-04-18 09:11:48
1650273108959520000,128.5,1,128.5,94,129.0,46,2,2022-04-18 09:11:48
1650273109539598000,129.0,1,128.5,95,129.0,61,1,2022-04-18 09:11:49
1650273109940496000,128.5,2,128.5,93,129.0,64,2,2022-04-18 09:11:49
1650273110462114000,128.5,1,128.5,84,129.0,69,2,2022-04-18 09:11:50
1650273110657593000,128.5,5,128.5,79,129.0,69,2,2022-04-18 09:11:50
1650273111085953000,128.5,1,128.5,78,129.0,70,2,2022-04-18 09:11:51
1650273111209926000,129.0,1,128.5,83,129.0,70,1,2022-04-18 09:11:51
1650273111320051000,128.5,3,128.5,80,129.0,70,2,2022-04-18 09:11:51
1650273114397511000,128.5,5,128.5,77,129.0,77,2,2022-04-18 09:11:54
1650273114433462000,128.5,1,128.5,76,129.0,77,2,2022-04-18 09:11:54
1650273114542361000,128.5,3,128.5,73,129.0,77,2,2022-04-18 09:11:54
1650273114599059000,128.5,5,128.5,68,129.0,77,2,2022-04-18 09:11:54
1650273114738268000,128.5,1,128.5,67,129.0,77,2,2022-04-18 09:11:54
1650273114787239000,128.5,1,128.5,66,129.0,78,2,2022-04-18 09:11:54
1650273115288734000,128.5,2,128.5,64,129.0,78,2,2022-04-18 09:11:55
1650273115820571000,128.5,1,128.5,63,129.0,75,2,2022-04-18 09:11:55
1650273115957003000,128.5,1,128.5,62,129.0,78,2,2022-04-18 09:11:55
1650273116646895000,128.5,4,128.5,59,129.0,78,2,2022-04-18 09:11:56
1650273116989254000,128.5,1,128.5,58,129.0,77,2,2022-04-18 09:11:56
1650273117018308000,128.5,1,128.5,57,129.0,77,2,2022-04-18 09:11:57
1650273117226743000,128.5,2,128.5,55,129.0,78,2,2022-04-18 09:11:57
1650273117548260000,128.5,3,128.5,52,129.0,78,2,2022-04-18 09:11:57
1650273117982824000,128.5,2,128.5,51,129.0,74,2,2022-04-18 09:11:57
1650273118826695000,128.5,1,128.5,50,129.0,76,2,2022-04-18 09:11:58
1650273119041650000,128.5,1,128.5,49,129.0,73,2,2022-04-18 09:11:59
1650273120272077000,128.5,2,128.5,47,129.0,73,2,2022-04-18 09:12:00
1650273120398914000,128.5,2,128.5,45,129.0,73,2,2022-04-18 09:12:00
1650273120548351000,128.5,1,128.5,44,129.0,73,2,2022-04-18 09:12:00
1650273120552691000,128.5,15,128.5,29,129.0,73,2,2022-04-18 09:12:00
1650273120586308000,128.5,1,128.5,28,129.0,73,2,2022-04-18 09:12:00
1650273120653659000,128.5,1,128.5,27,129.0,72,2,2022-04-18 09:12:00
1650273121196666000,128.5,1,128.5,27,129.0,73,2,2022-04-18 09:12:01
1650273121215395000,128.5,1,128.5,26,129.0,73,2,2022-04-18 09:12:01
1650273121264156000,128.5,1,128.5,25,129.0,73,2,2022-04-18 09:12:01
1650273121356381000,128.5,1,128.5,34,129.0,77,2,2022-04-18 09:12:01
1650273121415487000,128.5,1,128.5,34,129.0,76,2,2022-04-18 09:12:01
1650273121450714000,128.5,1,128.5,33,129.0,76,2,2022-04-18 09:12:01
1650273121459627000,128.5,1,128.5,32,129.0,76,2,2022-04-18 09:12:01
1650273121849694000,128.5,1,128.5,31,129.0,76,2,2022-04-18 09:12:01
1650273122336616000,128.5,1,128.5,30,129.0,68,2,2022-04-18 09:12:02
1650273122638531000,128.5,2,128.5,29,129.0,68,2,2022-04-18 09:12:02
1650273122721677000,128.5,3,128.5,26,129.0,68,2,2022-04-18 09:12:02
1650273123370125000,128.5,1,128.5,25,129.0,68,2,2022-04-18 09:12:03
1650273123794312000,128.5,10,128.5,23,129.0,70,2,2022-04-18 09:12:03
1650273123954907000,128.5,1,128.5,22,129.0,70,2,2022-04-18 09:12:03
1650273124370864000,128.5,1,128.5,22,129.0,70,2,2022-04-18 09:12:04
1650273124501377000,128.5,6,128.5,16,129.0,70,2,2022-04-18 09:12:04
1650273124530472000,128.5,5,128.5,11,129.0,70,2,2022-04-18 09:12:04
1650273124635550000,128.5,2,128.5,9,129.0,70,2,2022-04-18 09:12:04
1650273124811964000,128.5,10,128.0,128,128.5,10,2,2022-04-18 09:12:04
1650273124832935000,128.5,1,128.0,128,128.5,9,1,2022-04-18 09:12:04
1650273124849378000,128.0,1,128.0,127,128.5,11,2,2022-04-18 09:12:04
1650273125363814000,128.0,1,128.0,127,128.5,11,2,2022-04-18 09:12:05
1650273126886051000,128.5,1,128.0,119,128.5,23,1,2022-04-18 09:12:06
1650273127569338000,128.5,1,128.0,118,128.5,27,1,2022-04-18 09:12:07
1650273127604121000,128.0,1,128.0,117,128.5,32,2,2022-04-18 09:12:07
1650273130067679000,128.0,1,128.0,115,128.5,36,2,2022-04-18 09:12:10
1650273130603210000,128.0,4,128.0,111,128.5,36,2,2022-04-18 09:12:10
1650273131102638000,128.0,1,128.0,110,128.5,36,2,2022-04-18 09:12:11
1650273132256506000,128.0,1,128.0,113,128.5,37,2,2022-04-18 09:12:12
1650273132314465000,128.0,1,128.0,112,128.5,37,2,2022-04-18 09:12:12
1650273132727802000,128.0,1,128.0,112,128.5,38,2,2022-04-18 09:12:12
1650273132754798000,128.0,2,128.0,110,128.5,38,2,2022-04-18 09:12:12
1650273134190711000,128.0,1,128.0,115,128.5,39,2,2022-04-18 09:12:14
1650273135129913000,128.0,8,128.0,111,128.5,39,2,2022-04-18 09:12:15
1650273135608381000,128.0,15,128.0,96,128.5,39,2,2022-04-18 09:12:15
1650273136567993000,128.0,2,128.0,98,128.5,39,2,2022-04-18 09:12:16
1650273136921361000,128.5,2,128.0,98,128.5,37,1,2022-04-18 09:12:16
1650273137946207000,128.0,1,128.0,99,128.5,37,2,2022-04-18 09:12:17
1650273138127036000,128.0,10,128.0,89,128.5,37,2,2022-04-18 09:12:18
1650273138211211000,128.0,1,128.0,88,128.5,37,2,2022-04-18 09:12:18
1650273139865287000,128.0,1,128.0,87,128.5,38,2,2022-04-18 09:12:19
1650273139961354000,128.0,1,128.0,86,128.5,37,2,2022-04-18 09:12:19
1650273140020871000,128.0,2,128.0,84,128.5,37,2,2022-04-18 09:12:20
1650273140688095000,128.5,7,128.0,86,128.5,31,1,2022-04-18 09:12:20
1650273140954495000,128.0,1,128.0,85,128.5,31,2,2022-04-18 09:12:20
1650273141685678000,128.0,2,128.0,94,128.5,31,2,2022-04-18 09:12:21
1650273143654080000,128.0,1,128.0,107,128.5,31,2,2022-04-18 09:12:23
1650273143898911000,128.0,1,128.0,106,128.5,31,2,2022-04-18 09:12:23
1650273144185613000,128.0,2,128.0,105,128.5,31,2,2022-04-18 09:12:24
1650273144367316000,128.0,1,128.0,104,128.5,32,2,2022-04-18 09:12:24
1650273144387911000,128.0,1,128.0,103,128.5,32,2,2022-04-18 09:12:24
1650273148127471000,128.5,1,128.0,107,128.5,32,1,2022-04-18 09:12:28
1650273149527025000,128.0,2,128.0,106,128.5,32,2,2022-04-18 09:12:29
1650273149541648000,128.0,1,128.0,105,128.5,32,2,2022-04-18 09:12:29
1650273149710278000,128.5,1,128.0,105,128.5,31,1,2022-04-18 09:12:29
1650273149718268000,128.5,1,128.0,105,128.5,30,1,2022-04-18 09:12:29
1650273149728366000,128.0,1,128.0,104,128.5,30,2,2022-04-18 09:12:29
1650273150772169000,128.5,2,128.0,105,128.5,29,1,2022-04-18 09:12:30
1650273151095542000,128.0,1,128.0,104,128.5,27,2,2022-04-18 09:12:31
1650273152263092000,128.0,1,128.0,107,128.5,28,2,2022-04-18 09:12:32
1650273153055361000,128.0,3,128.0,117,128.5,28,2,2022-04-18 09:12:33
1650273154419275000,128.5,1,128.0,134,128.5,27,1,2022-04-18 09:12:34
1650273154639484000,128.5,10,128.0,134,128.5,17,1,2022-04-18 09:12:34
1650273154679296000,128.5,17,128.0,134,129.0,59,1,2022-04-18 09:12:34
1650273154756358000,128.5,1,128.0,153,129.0,55,1,2022-04-18 09:12:34
1650273156196751000,128.5,2,128.5,54,129.0,51,2,2022-04-18 09:12:36
1650273160359675000,128.5,24,128.5,49,129.0,43,2,2022-04-18 09:12:40
1650273162396706000,128.5,1,128.5,52,129.0,42,2,2022-04-18 09:12:42
1650273162732648000,128.5,2,128.5,50,129.0,41,2,2022-04-18 09:12:42
1650273163168304000,128.5,2,128.5,49,129.0,41,2,2022-04-18 09:12:43
1650273164414911000,128.5,2,128.5,49,129.0,42,2,2022-04-18 09:12:44
1650273166764778000,128.5,1,128.5,55,129.0,42,2,2022-04-18 09:12:46
1650273168265593000,128.5,1,128.5,47,129.0,41,2,2022-04-18 09:12:48
1650273169128252000,128.5,1,128.5,48,129.0,41,2,2022-04-18 09:12:49
1650273170598106000,128.5,20,128.5,28,129.0,41,2,2022-04-18 09:12:50
1650273171401351000,128.5,1,128.5,27,129.0,50,2,2022-04-18 09:12:51
1650273171434719000,128.5,27,128.0,106,129.0,50,2,2022-04-18 09:12:51
1650273172851504000,128.5,1,128.0,107,128.5,9,1,2022-04-18 09:12:52
1650273172960807000,128.5,1,128.0,108,128.5,8,1,2022-04-18 09:12:52
1650273174777947000,128.5,2,128.0,104,128.5,19,1,2022-04-18 09:12:54
1650273175105764000,128.5,1,128.0,103,128.5,18,1,2022-04-18 09:12:55
1650273175350102000,128.5,1,128.0,103,128.5,13,1,2022-04-18 09:12:55
1650273176005507000,128.5,1,128.0,100,128.5,16,1,2022-04-18 09:12:56
1650273179063735000,128.0,2,128.0,96,128.5,17,2,2022-04-18 09:12:59
1650273179393030000,128.5,1,128.0,76,128.5,30,1,2022-04-18 09:12:59
1650273179888209000,128.5,1,128.0,76,128.5,29,1,2022-04-18 09:12:59
1650273180749562000,128.5,1,128.0,78,128.5,28,1,2022-04-18 09:13:00
1650273181405225000,128.5,1,128.0,79,128.5,22,1,2022-04-18 09:13:01
1650273182243309000,128.5,1,128.0,79,128.5,22,1,2022-04-18 09:13:02
1650273183124618000,128.5,1,128.0,79,128.5,26,1,2022-04-18 09:13:03
1650273183124880000,128.5,2,128.0,79,128.5,24,1,2022-04-18 09:13:03
1650273183125077000,128.5,1,128.0,79,128.5,23,1,2022-04-18 09:13:03
1650273183125296000,128.5,1,128.0,79,128.5,22,1,2022-04-18 09:13:03
1650273185141406000,128.5,1,128.0,81,128.5,26,1,2022-04-18 09:13:05
1650273185266891000,128.5,1,128.0,81,128.5,25,1,2022-04-18 09:13:05
1650273185365233000,128.5,1,128.0,81,128.5,24,1,2022-04-18 09:13:05
1650273185540738000,128.0,1,128.0,80,128.5,24,2,2022-04-18 09:13:05
1650273186079822000,128.0,1,128.0,79,128.5,29,2,2022-04-18 09:13:06
1650273186285564000,128.5,1,128.0,79,128.5,28,1,2022-04-18 09:13:06
1650273187018666000,128.5,1,128.0,80,128.5,27,1,2022-04-18 09:13:07
1650273187717153000,128.5,1,128.0,82,128.5,27,1,2022-04-18 09:13:07
1650273188689920000,128.5,1,128.0,83,128.5,26,1,2022-04-18 09:13:08
1650273189795799000,128.5,1,128.0,83,128.5,25,1,2022-04-18 09:13:09
1650273191032461000,128.5,1,128.0,85,128.5,26,1,2022-04-18 09:13:11
1650273191866789000,128.5,1,128.0,85,128.5,25,1,2022-04-18 09:13:11
1650273191976217000,128.5,1,128.0,85,128.5,24,1,2022-04-18 09:13:11
1650273192472736000,128.0,7,128.0,78,128.5,24,2,2022-04-18 09:13:12
1650273192502917000,128.0,1,128.0,77,128.5,24,2,2022-04-18 09:13:12
1650273192662649000,128.5,6,128.0,77,128.5,20,1,2022-04-18 09:13:12
1650273193438479000,128.5,1,128.0,77,128.5,21,1,2022-04-18 09:13:13
1650273193637836000,128.5,1,128.0,77,128.5,20,1,2022-04-18 09:13:13
1650273196332281000,128.5,3,128.0,78,128.5,17,1,2022-04-18 09:13:16
1650273197276613000,128.5,1,128.0,79,128.5,19,1,2022-04-18 09:13:17
1650273197479689000,128.5,1,128.0,79,128.5,18,1,2022-04-18 09:13:17
1650273198110471000,128.5,1,128.0,79,128.5,17,1,2022-04-18 09:13:18
1650273198555098000,128.5,1,128.0,79,128.5,16,1,2022-04-18 09:13:18
1650273198663627000,128.5,1,128.0,79,128.5,15,1,2022-04-18 09:13:18
1650273198782619000,128.5,1,128.0,79,128.5,14,1,2022-04-18 09:13:18
1650273199002776000,128.5,1,128.0,79,128.5,14,1,2022-04-18 09:13:19
1650273199490204000,128.5,1,128.0,79,128.5,13,1,2022-04-18 09:13:19
1650273199660774000,128.5,1,128.0,79,128.5,12,1,2022-04-18 09:13:19
1650273200084868000,128.5,7,128.0,79,128.5,5,1,2022-04-18 09:13:20
1650273200342598000,128.5,1,128.0,79,128.5,4,1,2022-04-18 09:13:20
1650273200500273000,128.5,1,128.0,79,128.5,3,1,2022-04-18 09:13:20
1650273200678123000,128.5,1,128.0,79,128.5,2,1,2022-04-18 09:13:20
1650273201193741000,128.5,1,128.0,79,128.5,1,1,2022-04-18 09:13:21
1650273201956017000,128.5,1,128.0,79,128.5,10,1,2022-04-18 09:13:21
1650273202614359000,128.5,1,128.0,79,128.5,9,1,2022-04-18 09:13:22
1650273202774805000,128.5,1,128.0,79,128.5,8,1,2022-04-18 09:13:22
1650273203482250000,128.5,1,128.0,79,128.5,9,1,2022-04-18 09:13:23
1650273203522467000,128.5,2,128.0,79,128.5,7,1,2022-04-18 09:13:23
1650273203625761000,128.5,1,128.0,79,128.5,6,1,2022-04-18 09:13:23
1650273204027621000,128.5,1,128.0,79,128.5,5,1,2022-04-18 09:13:24
1650273204505160000,128.5,1,128.0,80,128.5,5,1,2022-04-18 09:13:24
1650273204889483000,128.5,1,128.0,80,128.5,4,1,2022-04-18 09:13:24
1650273205585526000,128.5,4,128.5,1,129.0,61,1,2022-04-18 09:13:25
1650273205616948000,128.5,1,128.0,80,129.0,61,2,2022-04-18 09:13:25
1650273206948075000,128.5,2,128.5,9,129.0,61,2,2022-04-18 09:13:26
1650273207110470000,128.5,1,128.5,8,129.0,61,2,2022-04-18 09:13:27
1650273208650695000,128.5,1,128.5,9,129.0,61,2,2022-04-18 09:13:28
1650273212719989000,129.0,1,128.5,15,129.0,48,1,2022-04-18 09:13:32
1650273212909123000,128.5,1,128.5,14,129.0,48,2,2022-04-18 09:13:32
1650273214198080000,128.5,1,128.5,13,129.0,48,2,2022-04-18 09:13:34
1650273219372573000,128.5,1,128.5,15,129.0,53,2,2022-04-18 09:13:39
1650273223099745000,128.5,2,128.5,15,129.0,55,2,2022-04-18 09:13:43
1650273224683000000,128.5,1,128.5,18,129.0,56,2,2022-04-18 09:13:44
1650273225919903000,128.5,2,128.5,16,129.0,56,2,2022-04-18 09:13:45
1650273226506633000,128.5,1,128.5,15,129.0,56,2,2022-04-18 09:13:46
1650273228671767000,128.5,3,128.5,13,129.0,57,2,2022-04-18 09:13:48
1650273228741564000,129.0,1,128.5,14,129.0,56,1,2022-04-18 09:13:48
1650273229934463000,129.0,1,128.5,14,129.0,55,1,2022-04-18 09:13:49
1650273229976251000,128.5,1,128.5,13,129.0,55,2,2022-04-18 09:13:49
1650273230525157000,128.5,2,128.5,12,129.0,55,2,2022-04-18 09:13:50
1650273231019095000,129.0,1,128.5,12,129.0,55,1,2022-04-18 09:13:51
1650273232218206000,128.5,2,128.5,10,129.0,55,2,2022-04-18 09:13:52
1650273232573151000,129.0,1,128.5,9,129.0,54,1,2022-04-18 09:13:52
1650273233497001000,128.5,3,128.5,6,129.0,53,2,2022-04-18 09:13:53
1650273233595762000,128.5,2,128.5,5,129.0,53,2,2022-04-18 09:13:53
1650273234082952000,129.0,1,128.5,6,129.0,52,1,2022-04-18 09:13:54
1650273234426263000,129.0,2,128.5,6,129.0,50,1,2022-04-18 09:13:54
1650273234695953000,128.5,1,128.5,5,129.0,50,2,2022-04-18 09:13:54
