ts,close,volume,bid_price,bid_volume,ask_price,ask_volume,tick_type,datetime
1644310800631790000,124.5,6223,124.0,1143,124.5,772,1,2022-02-08 09:00:00
1644310800669791000,124.5,499,124.0,1144,124.5,276,1,2022-02-08 09:00:00
1644310800712739000,124.5,5,124.0,1144,124.5,272,1,2022-02-08 09:00:00
1644310800722297000,124.5,1,124.0,1144,124.5,271,1,2022-02-08 09:00:00
1644310800758887000,124.0,20,124.0,1128,124.5,270,2,2022-02-08 09:00:00
1644310800761484000,124.0,38,124.0,1090,124.5,270,2,2022-02-08 09:00:00
1644310800808785000,124.5,15,124.0,1090,124.5,255,1,2022-02-08 09:00:00
1644310800905925000,124.5,257,124.0,1090,125.0,1758,1,2022-02-08 09:00:00
1644310800964299000,124.0,1,124.0,1088,125.0,1759,2,2022-02-08 09:00:00
1644310801033776000,124.0,1,124.0,1088,125.0,1762,2,2022-02-08 09:00:01
1644310801284316000,124.0,2,124.0,1086,124.5,11,2,2022-02-08 09:00:01
1644310801451656000,124.5,2,124.0,1086,124.5,9,1,2022-02-08 09:00:01
1644310801481555000,124.5,9,124.0,1086,125.0,1762,1,2022-02-08 09:00:01
1644310801565064000,124.5,4,124.0,1086,124.5,1,1,2022-02-08 09:00:01
1644310801689166000,124.0,1,124.0,1085,124.5,1,2,2022-02-08 09:00:01
1644310801718940000,124.0,2,124.0,1083,124.5,1,2,2022-02-08 09:00:01
1644310801768329000,124.5,1,124.0,1083,125.0,1760,1,2022-02-08 09:00:01
1644310801768329000,125.0,2,124.0,1083,125.0,1760,1,2022-02-08 09:00:01
1644310801787411000,124.0,5,124.0,1078,125.0,1760,2,2022-02-08 09:00:01
1644310801819278000,124.0,1,124.0,1077,125.0,1760,2,2022-02-08 09:00:01
1644310802080851000,124.0,1,124.0,1126,124.5,6,2,2022-02-08 09:00:02
1644310802267890000,124.5,1,124.0,1126,124.5,15,1,2022-02-08 09:00:02
1644310802333500000,124.5,1,124.0,1126,124.5,14,1,2022-02-08 09:00:02
1644310802442052000,124.5,1,124.0,1126,124.5,33,1,2022-02-08 09:00:02
1644310802895019000,124.5,1,124.0,1146,124.5,63,1,2022-02-08 09:00:02
1644310803125139000,124.5,5,124.0,1146,124.5,88,1,2022-02-08 09:00:03
1644310803274203000,124.5,1,124.0,1146,124.5,88,1,2022-02-08 09:00:03
1644310803379403000,124.0,1,124.0,1145,124.5,88,2,2022-02-08 09:00:03
1644310803733613000,124.0,1,124.0,1141,124.5,99,2,2022-02-08 09:00:03
1644310803997935000,124.5,1,124.0,1141,124.5,108,1,2022-02-08 09:00:03
1644310804133140000,124.5,5,124.0,1141,124.5,103,1,2022-02-08 09:00:04
1644310804160498000,124.5,1,124.0,1141,124.5,102,1,2022-02-08 09:00:04
1644310804248519000,124.5,1,124.0,1141,124.5,101,1,2022-02-08 09:00:04
1644310804506957000,124.5,5,124.0,1142,124.5,107,1,2022-02-08 09:00:04
1644310805004727000,124.0,1,124.0,1134,124.5,130,2,2022-02-08 09:00:05
1644310805317261000,124.5,4,124.0,1134,124.5,155,1,2022-02-08 09:00:05
1644310805469170000,124.5,1,124.0,1135,124.5,164,1,2022-02-08 09:00:05
1644310805527820000,124.5,1,124.0,1135,124.5,174,1,2022-02-08 09:00:05
1644310805745071000,124.5,5,124.0,1135,124.5,169,1,2022-02-08 09:00:05
1644310805782732000,124.0,3,124.0,1135,124.5,179,2,2022-02-08 09:00:05
1644310806391823000,124.5,1,124.0,1139,124.5,270,1,2022-02-08 09:00:06
1644310806642121000,124.0,10,124.0,1131,124.5,270,2,2022-02-08 09:00:06
1644310806812203000,124.5,1,124.0,1137,124.5,269,1,2022-02-08 09:00:06
1644310807213258000,124.5,5,124.0,1136,124.5,371,1,2022-02-08 09:00:07
1644310807283535000,124.0,2,124.0,1134,124.5,371,2,2022-02-08 09:00:07
1644310807339593000,124.5,1,124.0,1135,124.5,371,1,2022-02-08 09:00:07
1644310807394945000,124.5,1,124.0,1135,124.5,371,1,2022-02-08 09:00:07
1644310807440971000,124.5,1,124.0,1136,124.5,370,1,2022-02-08 09:00:07
1644310807635859000,124.5,50,124.0,1137,124.5,420,1,2022-02-08 09:00:07
1644310808061004000,124.5,1,124.0,1138,124.5,424,1,2022-02-08 09:00:08
1644310808397648000,124.5,2,124.0,1140,124.5,423,1,2022-02-08 09:00:08
1644310808464852000,124.5,3,124.0,1139,124.5,420,1,2022-02-08 09:00:08
1644310808497890000,124.5,4,124.0,1139,124.5,416,1,2022-02-08 09:00:08
1644310808512463000,124.5,1,124.0,1139,124.5,415,1,2022-02-08 09:00:08
1644310808560512000,124.0,2,124.0,1138,124.5,416,2,2022-02-08 09:00:08
1644310808685466000,124.5,1,124.0,1138,124.5,537,1,2022-02-08 09:00:08
1644310808716051000,124.0,1,124.0,1137,124.5,537,2,2022-02-08 09:00:08
1644310808934613000,124.5,1,124.0,1138,124.5,546,1,2022-02-08 09:00:08
1644310808992939000,124.5,1,124.0,1138,124.5,545,1,2022-02-08 09:00:08
1644310809088666000,124.0,10,124.0,1129,124.5,545,2,2022-02-08 09:00:09
1644310809216653000,124.5,1,124.0,1131,124.5,544,1,2022-02-08 09:00:09
1644310809221296000,124.5,1,124.0,1131,124.5,543,1,2022-02-08 09:00:09
1644310809310234000,124.0,1,124.0,1130,124.5,543,2,2022-02-08 09:00:09
1644310809319912000,124.0,5,124.0,1125,124.5,543,2,2022-02-08 09:00:09
1644310809333626000,124.5,1,124.0,1125,124.5,542,1,2022-02-08 09:00:09
1644310809396663000,124.5,4,124.0,1125,124.5,538,1,2022-02-08 09:00:09
1644310809429793000,124.5,1,124.0,1125,124.5,537,1,2022-02-08 09:00:09
1644310809482436000,124.5,1,124.0,1125,124.5,536,1,2022-02-08 09:00:09
1644310809611527000,124.5,1,124.0,1136,124.5,535,1,2022-02-08 09:00:09
1644310809621922000,124.5,1,124.0,1136,124.5,534,1,2022-02-08 09:00:09
1644310809692711000,124.5,1,124.0,1136,124.5,533,1,2022-02-08 09:00:09
1644310809775320000,124.5,2,124.0,1086,124.5,532,1,2022-02-08 09:00:09
1644310809786893000,124.0,1,124.0,1085,124.5,532,2,2022-02-08 09:00:09
1644310809951171000,124.0,2,124.0,1083,124.5,536,2,2022-02-08 09:00:09
1644310810115990000,124.5,1,124.0,1085,124.5,535,1,2022-02-08 09:00:10
1644310810151611000,124.5,1,124.0,1085,124.5,534,1,2022-02-08 09:00:10
1644310810256328000,124.5,1,124.0,1085,124.5,541,1,2022-02-08 09:00:10
1644310810277203000,124.5,1,124.0,1085,124.5,540,1,2022-02-08 09:00:10
1644310810361328000,124.5,1,124.0,1086,124.5,539,1,2022-02-08 09:00:10
1644310810376541000,124.0,1,124.0,1085,124.5,539,2,2022-02-08 09:00:10
1644310810452537000,124.5,2,124.0,1085,124.5,537,1,2022-02-08 09:00:10
1644310810476411000,124.5,1,124.0,1085,124.5,536,1,2022-02-08 09:00:10
1644310810946954000,124.0,1,124.0,1090,124.5,549,2,2022-02-08 09:00:10
1644310811358635000,124.5,1,124.0,1093,124.5,552,1,2022-02-08 09:00:11
1644310811361524000,124.5,49,124.0,1093,124.5,503,1,2022-02-08 09:00:11
1644310811391772000,124.5,2,124.0,1093,124.5,511,1,2022-02-08 09:00:11
1644310811403332000,124.5,1,124.0,1093,124.5,510,1,2022-02-08 09:00:11
1644310811504360000,124.5,1,124.0,1094,124.5,509,1,2022-02-08 09:00:11
1644310811506264000,124.5,3,124.0,1094,124.5,506,1,2022-02-08 09:00:11
1644310811518126000,124.5,10,124.0,1094,124.5,496,1,2022-02-08 09:00:11
1644310811630392000,124.5,20,124.0,1094,124.5,477,1,2022-02-08 09:00:11
1644310811792086000,124.5,3,124.0,1095,124.5,475,1,2022-02-08 09:00:11
1644310811884833000,124.0,1,124.0,1094,124.5,475,2,2022-02-08 09:00:11
1644310811915487000,124.5,1,124.0,1094,124.5,474,1,2022-02-08 09:00:11
1644310812083727000,124.5,1,124.0,1096,124.5,474,1,2022-02-08 09:00:12
1644310812209888000,124.5,3,124.0,1097,124.5,473,1,2022-02-08 09:00:12
1644310812290930000,124.5,1,124.0,1097,124.5,477,1,2022-02-08 09:00:12
1644310812440753000,124.5,3,124.0,1092,124.5,475,1,2022-02-08 09:00:12
1644310812736781000,124.5,5,124.0,1095,124.5,515,1,2022-02-08 09:00:12
1644310812774841000,124.0,1,124.0,1094,124.5,515,2,2022-02-08 09:00:12
1644310812839726000,124.5,5,124.0,1095,124.5,510,1,2022-02-08 09:00:12
1644310812911052000,124.0,3,124.0,1092,124.5,510,2,2022-02-08 09:00:12
1644310812912354000,124.5,1,124.0,1092,124.5,509,1,2022-02-08 09:00:12
1644310812933059000,124.5,1,124.0,1092,124.5,508,1,2022-02-08 09:00:12
1644310812964790000,124.5,1,124.0,1092,124.5,507,1,2022-02-08 09:00:12
1644310813139210000,124.0,499,124.0,593,124.5,516,2,2022-02-08 09:00:13
1644310813183750000,124.0,453,124.0,142,124.5,517,2,2022-02-08 09:00:13
1644310813184040000,124.0,2,124.0,140,124.5,517,2,2022-02-08 09:00:13
1644310813228650000,124.0,65,124.0,75,124.5,517,2,2022-02-08 09:00:13
1644310813248667000,124.0,5,124.0,70,124.5,517,2,2022-02-08 09:00:13
1644310813257914000,124.0,65,124.0,5,124.5,518,2,2022-02-08 09:00:13
1644310813259725000,124.0,2,124.0,3,124.5,518,2,2022-02-08 09:00:13
1644310813261206000,124.0,3,123.5,379,124.5,518,2,2022-02-08 09:00:13
1644310813287790000,124.0,1,123.5,379,124.0,31,1,2022-02-08 09:00:13
1644310813329065000,123.5,1,123.5,379,124.0,31,2,2022-02-08 09:00:13
1644310813358472000,124.0,6,123.5,379,124.0,25,1,2022-02-08 09:00:13
1644310813544375000,124.0,3,123.5,379,124.0,22,1,2022-02-08 09:00:13
1644310813551837000,124.0,1,123.5,379,124.0,21,1,2022-02-08 09:00:13
1644310813657624000,124.0,1,123.5,379,124.0,20,1,2022-02-08 09:00:13
1644310813685047000,124.0,10,123.5,379,124.0,10,1,2022-02-08 09:00:13
1644310813709696000,124.0,2,123.5,379,124.0,8,1,2022-02-08 09:00:13
1644310813819273000,124.0,1,123.5,379,124.0,7,1,2022-02-08 09:00:13
1644310813850855000,124.0,1,123.5,379,124.0,6,1,2022-02-08 09:00:13
1644310813884790000,124.0,1,123.5,379,124.0,5,1,2022-02-08 09:00:13
1644310813914879000,124.0,1,123.5,379,124.0,4,1,2022-02-08 09:00:13
1644310813962855000,124.0,5,123.5,379,124.0,99,1,2022-02-08 09:00:13
1644310814011430000,124.0,4,123.5,379,124.0,95,1,2022-02-08 09:00:14
1644310814029374000,124.0,1,123.5,379,124.0,104,1,2022-02-08 09:00:14
1644310814062129000,124.0,1,123.5,379,124.0,108,1,2022-02-08 09:00:14
1644310814106535000,124.0,1,123.5,378,124.0,107,1,2022-02-08 09:00:14
1644310814153741000,124.0,10,123.5,378,124.0,97,1,2022-02-08 09:00:14
1644310814221478000,123.5,1,123.5,377,124.0,97,2,2022-02-08 09:00:14
1644310814411983000,124.0,2,123.5,377,124.0,115,1,2022-02-08 09:00:14
1644310814414586000,124.0,1,123.5,377,124.0,114,1,2022-02-08 09:00:14
1644310814480656000,123.5,1,123.5,376,124.0,114,2,2022-02-08 09:00:14
1644310814590807000,124.0,1,123.5,476,124.0,123,1,2022-02-08 09:00:14
1644310814758156000,124.0,1,123.5,476,124.0,133,1,2022-02-08 09:00:14
1644310814873252000,124.0,2,123.5,476,124.0,131,1,2022-02-08 09:00:14
1644310814938162000,123.5,1,123.5,477,124.0,132,2,2022-02-08 09:00:14
1644310814994457000,123.5,1,123.5,526,124.0,137,2,2022-02-08 09:00:14
1644310815085250000,124.0,1,123.5,526,124.0,147,1,2022-02-08 09:00:15
1644310815103031000,124.0,2,123.5,526,124.0,145,1,2022-02-08 09:00:15
1644310815183113000,124.0,1,123.5,526,124.0,164,1,2022-02-08 09:00:15
1644310815224376000,124.0,1,123.5,526,124.0,167,1,2022-02-08 09:00:15
1644310815259297000,124.0,1,123.5,526,124.0,167,1,2022-02-08 09:00:15
1644310815740516000,124.0,1,123.5,476,124.0,168,1,2022-02-08 09:00:15
1644310815873588000,124.0,1,123.5,466,124.0,167,1,2022-02-08 09:00:15
1644310815939626000,124.0,4,123.5,466,124.0,163,1,2022-02-08 09:00:15
1644310816021473000,124.0,1,123.5,466,124.0,162,1,2022-02-08 09:00:16
1644310816038173000,124.0,8,123.5,466,124.0,154,1,2022-02-08 09:00:16
1644310816039118000,123.5,1,123.5,465,124.0,154,2,2022-02-08 09:00:16
1644310816078608000,124.0,5,123.5,465,124.0,149,1,2022-02-08 09:00:16
1644310816080676000,124.0,97,123.5,465,124.0,52,1,2022-02-08 09:00:16
1644310816202494000,124.0,1,123.5,465,124.0,55,1,2022-02-08 09:00:16
1644310816210897000,124.0,10,123.5,465,124.0,48,1,2022-02-08 09:00:16
1644310816280397000,124.0,1,123.5,465,124.0,47,1,2022-02-08 09:00:16
1644310816326619000,124.0,1,123.5,465,124.0,46,1,2022-02-08 09:00:16
1644310816398432000,124.0,1,123.5,465,124.0,45,1,2022-02-08 09:00:16
1644310816462807000,124.0,4,123.5,466,124.0,41,1,2022-02-08 09:00:16
1644310816485962000,124.0,1,123.5,466,124.0,40,1,2022-02-08 09:00:16
1644310816529132000,124.0,1,123.5,466,124.0,39,1,2022-02-08 09:00:16
1644310816566500000,124.0,1,123.5,466,124.0,48,1,2022-02-08 09:00:16
1644310816609354000,124.0,1,123.5,466,124.0,48,1,2022-02-08 09:00:16
1644310816671457000,123.5,20,123.5,446,124.0,48,2,2022-02-08 09:00:16
1644310816776884000,123.5,168,123.5,278,124.0,70,2,2022-02-08 09:00:16
1644310816847277000,123.5,1,123.5,277,124.0,70,2,2022-02-08 09:00:16
1644310816868766000,124.0,10,123.5,277,124.0,66,1,2022-02-08 09:00:16
1644310816881431000,124.0,1,123.5,277,124.0,65,1,2022-02-08 09:00:16
1644310817026365000,123.5,1,123.5,276,124.0,88,2,2022-02-08 09:00:17
1644310817071686000,124.0,1,123.5,276,124.0,87,1,2022-02-08 09:00:17
1644310817107530000,123.5,5,123.5,271,124.0,109,2,2022-02-08 09:00:17
1644310817555116000,124.0,5,123.5,273,124.0,138,1,2022-02-08 09:00:17
1644310817601092000,123.5,1,123.5,272,124.0,138,2,2022-02-08 09:00:17
1644310817710537000,123.5,5,123.5,267,124.0,140,2,2022-02-08 09:00:17
1644310817778126000,124.0,1,123.5,267,124.0,139,1,2022-02-08 09:00:17
1644310817784573000,123.5,1,123.5,266,124.0,139,2,2022-02-08 09:00:17
1644310817798891000,124.0,1,123.5,266,124.0,138,1,2022-02-08 09:00:17
1644310818123816000,124.0,6,123.5,266,124.0,132,1,2022-02-08 09:00:18
1644310818179159000,124.0,1,123.5,266,124.0,135,1,2022-02-08 09:00:18
1644310818228113000,124.0,2,123.5,266,124.0,133,1,2022-02-08 09:00:18
1644310818255339000,123.5,2,123.5,264,124.0,137,2,2022-02-08 09:00:18
1644310818302252000,123.5,1,123.5,263,124.0,138,2,2022-02-08 09:00:18
1644310818308179000,124.0,1,123.5,263,124.0,137,1,2022-02-08 09:00:18
1644310818351622000,123.5,5,123.5,258,124.0,138,2,2022-02-08 09:00:18
1644310818415056000,124.0,2,123.5,258,124.0,136,1,2022-02-08 09:00:18
1644310818564509000,124.0,1,123.5,258,124.0,137,1,2022-02-08 09:00:18
1644310818580717000,123.5,2,123.5,256,124.0,137,2,2022-02-08 09:00:18
1644310818876077000,124.0,1,123.5,256,124.0,137,1,2022-02-08 09:00:18
1644310818888190000,123.5,1,123.5,255,124.0,137,2,2022-02-08 09:00:18
1644310818943149000,123.5,5,123.5,250,124.0,138,2,2022-02-08 09:00:18
1644310819000250000,123.5,10,123.5,241,124.0,188,2,2022-02-08 09:00:19
1644310819003735000,124.0,1,123.5,241,124.0,187,1,2022-02-08 09:00:19
1644310819219743000,123.5,1,123.5,240,124.0,191,2,2022-02-08 09:00:19
1644310819366388000,124.0,1,123.5,239,124.0,193,1,2022-02-08 09:00:19
1644310819380838000,124.0,1,123.5,239,124.0,192,1,2022-02-08 09:00:19
1644310819608952000,123.5,4,123.5,235,124.0,192,2,2022-02-08 09:00:19
1644310819623350000,123.5,1,123.5,234,124.0,192,2,2022-02-08 09:00:19
1644310819642957000,123.5,10,123.5,224,124.0,192,2,2022-02-08 09:00:19
1644310819832220000,123.5,1,123.5,224,124.0,192,2,2022-02-08 09:00:19
1644310819907601000,124.0,1,123.5,224,124.0,191,1,2022-02-08 09:00:19
1644310820401995000,124.0,1,123.5,724,124.0,255,1,2022-02-08 09:00:20
1644310820416547000,124.0,3,123.5,724,124.0,252,1,2022-02-08 09:00:20
1644310820465884000,123.5,1,123.5,723,124.0,252,2,2022-02-08 09:00:20
1644310820533358000,123.5,10,123.5,713,124.0,252,2,2022-02-08 09:00:20
1644310820547987000,124.0,1,123.5,713,124.0,251,1,2022-02-08 09:00:20
1644310820787585000,123.5,5,123.5,709,124.0,262,2,2022-02-08 09:00:20
1644310820823523000,123.5,2,123.5,707,124.0,264,2,2022-02-08 09:00:20
1644310820898863000,124.0,2,123.5,707,124.0,312,1,2022-02-08 09:00:20
1644310820974082000,123.5,10,123.5,697,124.0,347,2,2022-02-08 09:00:20
1644310821029280000,124.0,1,123.5,697,124.0,346,1,2022-02-08 09:00:21
1644310821175338000,124.0,1,123.5,697,124.0,346,1,2022-02-08 09:00:21
1644310821214474000,123.5,5,123.5,692,124.0,346,2,2022-02-08 09:00:21
1644310821307727000,124.0,114,123.5,692,124.0,235,1,2022-02-08 09:00:21
1644310821317762000,123.5,1,123.5,691,124.0,235,2,2022-02-08 09:00:21
1644310821391167000,123.5,1,123.5,692,124.0,235,2,2022-02-08 09:00:21
1644310821391186000,123.5,10,123.5,682,124.0,235,2,2022-02-08 09:00:21
1644310821423909000,123.5,1,123.5,682,124.0,235,2,2022-02-08 09:00:21
1644310821598117000,124.0,1,123.5,684,124.0,234,1,2022-02-08 09:00:21
1644310821823911000,123.5,10,123.5,675,124.0,239,2,2022-02-08 09:00:21
1644310821936014000,124.0,1,123.5,675,124.0,240,1,2022-02-08 09:00:21
1644310822031247000,123.5,10,123.5,667,124.0,240,2,2022-02-08 09:00:22
1644310822046799000,124.0,1,123.5,667,124.0,239,1,2022-02-08 09:00:22
1644310822417441000,124.0,1,123.5,667,124.0,701,1,2022-02-08 09:00:22
1644310822521103000,124.0,1,123.5,668,124.0,704,1,2022-02-08 09:00:22
1644310822722776000,123.5,10,123.5,658,124.0,706,2,2022-02-08 09:00:22
1644310822921755000,123.5,1,123.5,661,124.0,707,2,2022-02-08 09:00:22
1644310822990331000,123.5,1,123.5,661,124.0,707,2,2022-02-08 09:00:22
1644310823197044000,123.5,10,123.5,671,124.0,719,2,2022-02-08 09:00:23
1644310823254737000,123.5,5,123.5,666,124.0,719,2,2022-02-08 09:00:23
1644310823262829000,124.0,1,123.5,666,124.0,718,1,2022-02-08 09:00:23
1644310823434456000,124.0,1,123.5,665,124.0,717,1,2022-02-08 09:00:23
1644310823596341000,123.5,12,123.5,659,124.0,718,2,2022-02-08 09:00:23
1644310823705075000,123.5,10,123.5,643,124.0,720,2,2022-02-08 09:00:23
1644310823776829000,123.5,1,123.5,642,124.0,725,2,2022-02-08 09:00:23
1644310823850237000,124.0,1,123.5,642,124.0,724,1,2022-02-08 09:00:23
1644310824072429000,123.5,2,123.5,648,124.0,728,2,2022-02-08 09:00:24
1644310824121655000,123.5,1,123.5,646,124.0,728,2,2022-02-08 09:00:24
1644310824162764000,124.0,5,123.5,646,124.0,723,1,2022-02-08 09:00:24
1644310824209361000,124.0,1,123.5,646,124.0,722,1,2022-02-08 09:00:24
1644310824593198000,123.5,10,123.5,638,124.0,726,2,2022-02-08 09:00:24
1644310825099596000,124.0,1,123.5,652,124.0,732,1,2022-02-08 09:00:25
1644310825424861000,123.5,23,123.5,635,124.0,733,2,2022-02-08 09:00:25
1644310825584259000,124.0,1,123.5,634,124.0,812,1,2022-02-08 09:00:25
1644310825587878000,123.5,1,123.5,633,124.0,812,2,2022-02-08 09:00:25
1644310825673895000,124.0,1,123.5,634,124.0,811,1,2022-02-08 09:00:25
1644310825867033000,123.5,1,123.5,635,124.0,816,2,2022-02-08 09:00:25
1644310825958460000,124.0,5,123.5,635,124.0,731,1,2022-02-08 09:00:25
1644310826112559000,123.5,1,123.5,635,124.0,734,2,2022-02-08 09:00:26
1644310826533702000,123.5,5,123.5,639,124.0,743,2,2022-02-08 09:00:26
1644310826683132000,124.0,3,123.5,639,124.0,741,1,2022-02-08 09:00:26
1644310826869467000,123.5,3,123.5,637,124.0,741,2,2022-02-08 09:00:26
1644310826890918000,123.5,1,123.5,635,124.0,741,2,2022-02-08 09:00:26
1644310827114074000,123.5,1,123.5,685,124.0,741,2,2022-02-08 09:00:27
1644310827166314000,124.0,1,123.5,685,124.0,740,1,2022-02-08 09:00:27
1644310827175548000,124.0,1,123.5,685,124.0,739,1,2022-02-08 09:00:27
1644310827191212000,123.5,1,123.5,685,124.0,739,2,2022-02-08 09:00:27
1644310827242037000,124.0,5,123.5,686,124.0,734,1,2022-02-08 09:00:27
1644310827477961000,123.5,2,123.5,685,124.0,741,2,2022-02-08 09:00:27
1644310827799396000,123.5,1,123.5,684,124.0,738,2,2022-02-08 09:00:27
1644310827819228000,124.0,30,123.5,685,124.0,708,1,2022-02-08 09:00:27
1644310827912195000,124.0,22,123.5,785,124.0,686,1,2022-02-08 09:00:27
1644310827933673000,124.0,176,123.5,785,124.0,510,1,2022-02-08 09:00:27
1644310827968712000,124.0,28,123.5,786,124.0,482,1,2022-02-08 09:00:27
1644310828010945000,124.0,10,123.5,788,124.0,472,1,2022-02-08 09:00:28
1644310828045209000,124.0,100,123.5,789,124.0,372,1,2022-02-08 09:00:28
1644310828076121000,124.0,133,123.5,790,124.0,241,1,2022-02-08 09:00:28
1644310828108134000,124.0,77,123.5,790,124.0,164,1,2022-02-08 09:00:28
1644310828114276000,124.0,1,123.5,790,124.0,163,1,2022-02-08 09:00:28
1644310828138228000,124.0,163,123.5,790,124.5,678,1,2022-02-08 09:00:28
1644310828270618000,123.5,1,123.5,791,124.5,676,2,2022-02-08 09:00:28
1644310828381089000,123.5,2,123.5,785,124.0,1,2,2022-02-08 09:00:28
1644310828632616000,123.5,1,123.5,799,124.0,5,2,2022-02-08 09:00:28
1644310828900147000,124.0,9,124.0,41,124.5,696,1,2022-02-08 09:00:28
1644310828935250000,124.0,6,124.0,40,124.5,696,2,2022-02-08 09:00:28
1644310828945553000,124.0,2,124.0,38,124.5,696,2,2022-02-08 09:00:28
1644310829039223000,124.0,1,124.0,32,124.5,696,2,2022-02-08 09:00:29
1644310829174034000,124.0,1,124.0,32,124.5,696,2,2022-02-08 09:00:29
1644310829251210000,124.0,2,124.0,33,124.5,697,2,2022-02-08 09:00:29
1644310829324470000,124.0,1,124.0,31,124.5,697,2,2022-02-08 09:00:29
1644310829368184000,124.5,1,124.0,31,124.5,696,1,2022-02-08 09:00:29
1644310829386234000,124.0,2,124.0,29,124.5,696,2,2022-02-08 09:00:29
1644310829522182000,124.0,1,124.0,29,124.5,696,2,2022-02-08 09:00:29
1644310829569640000,124.0,10,124.0,19,124.5,696,2,2022-02-08 09:00:29
1644310829735524000,124.0,1,124.0,18,124.5,696,2,2022-02-08 09:00:29
1644310829738858000,124.0,1,124.0,17,124.5,696,2,2022-02-08 09:00:29
1644310829860593000,124.0,1,124.0,66,124.5,696,2,2022-02-08 09:00:29
1644310830231907000,124.0,1,124.0,72,124.5,696,2,2022-02-08 09:00:30
1644310830659497000,124.0,2,124.0,71,124.5,696,2,2022-02-08 09:00:30
1644310830743064000,124.0,4,124.0,68,124.5,697,2,2022-02-08 09:00:30
1644310830854206000,124.0,1,124.0,67,124.5,697,2,2022-02-08 09:00:30
1644310830999486000,124.0,1,124.0,68,124.5,697,2,2022-02-08 09:00:30
1644310831199789000,124.0,1,124.0,168,124.5,697,2,2022-02-08 09:00:31
1644310831339988000,124.0,1,124.0,171,124.5,697,2,2022-02-08 09:00:31
1644310831740289000,124.0,1,124.0,176,124.5,697,2,2022-02-08 09:00:31
1644310831780696000,124.0,12,124.0,164,124.5,697,2,2022-02-08 09:00:31
1644310831969080000,124.0,1,124.0,187,124.5,703,2,2022-02-08 09:00:31
1644310832133951000,124.5,1,124.0,189,124.5,1172,1,2022-02-08 09:00:32
1644310832158512000,124.0,1,124.0,188,124.5,1172,2,2022-02-08 09:00:32
1644310832687651000,124.5,1,124.0,188,124.5,1173,1,2022-02-08 09:00:32
1644310832696599000,124.5,2,124.0,188,124.5,1171,1,2022-02-08 09:00:32
1644310832945624000,124.0,1,124.0,192,124.5,1170,2,2022-02-08 09:00:32
1644310833182464000,124.0,1,124.0,193,124.5,1170,2,2022-02-08 09:00:33
1644310833259642000,124.5,1,124.0,193,124.5,1168,1,2022-02-08 09:00:33
1644310833329782000,124.0,1,124.0,197,124.5,1168,2,2022-02-08 09:00:33
1644310833392184000,124.5,1,124.0,198,124.5,1167,1,2022-02-08 09:00:33
1644310833432900000,124.0,1,124.0,197,124.5,1167,2,2022-02-08 09:00:33
1644310833493775000,124.0,1,124.0,199,124.5,1167,2,2022-02-08 09:00:33
1644310833620125000,124.0,1,124.0,199,124.5,1167,2,2022-02-08 09:00:33
1644310833777193000,124.0,1,124.0,197,124.5,1167,2,2022-02-08 09:00:33
1644310833999391000,124.0,1,124.0,197,124.5,1167,2,2022-02-08 09:00:33
1644310834336699000,124.0,2,124.0,196,124.5,1180,2,2022-02-08 09:00:34
1644310834509958000,124.0,1,124.0,195,124.5,1171,2,2022-02-08 09:00:34
1644310834540472000,124.0,2,124.0,193,124.5,1171,2,2022-02-08 09:00:34
1644310834596642000,124.0,1,124.0,193,124.5,1171,2,2022-02-08 09:00:34
1644310834681902000,124.5,1,124.0,193,124.5,1170,1,2022-02-08 09:00:34
1644310834895190000,124.0,1,124.0,240,124.5,1170,2,2022-02-08 09:00:34
1644310835105328000,124.0,2,124.0,244,124.5,1170,2,2022-02-08 09:00:35
1644310835747884000,124.0,1,124.0,262,124.5,1166,2,2022-02-08 09:00:35
1644310835771970000,124.0,20,124.0,252,124.5,1216,2,2022-02-08 09:00:35
1644310835869362000,124.0,5,124.0,249,124.5,1216,2,2022-02-08 09:00:35
1644310836382071000,124.0,5,124.0,259,124.5,1220,2,2022-02-08 09:00:36
1644310836682983000,124.5,2,124.0,261,124.5,1218,1,2022-02-08 09:00:36
1644310836701939000,124.5,30,124.0,261,124.5,1188,1,2022-02-08 09:00:36
1644310836777613000,124.5,2,124.0,266,124.5,1186,1,2022-02-08 09:00:36
1644310836942864000,124.0,2,124.0,267,124.5,1187,2,2022-02-08 09:00:36
1644310836957717000,124.0,1,124.0,267,124.5,1187,2,2022-02-08 09:00:36
1644310837231359000,124.0,2,124.0,270,124.5,1187,2,2022-02-08 09:00:37
1644310837248544000,124.0,30,124.0,240,124.5,1187,2,2022-02-08 09:00:37
1644310837305456000,124.0,1,124.0,234,124.5,1187,2,2022-02-08 09:00:37
1644310837478726000,124.5,1,124.0,246,124.5,1185,1,2022-02-08 09:00:37
1644310837742716000,124.0,1,124.0,263,124.5,1186,2,2022-02-08 09:00:37
1644310837992964000,124.0,1,124.0,268,124.5,1188,2,2022-02-08 09:00:37
1644310838013362000,124.0,3,124.0,265,124.5,1188,2,2022-02-08 09:00:38
1644310838172682000,124.0,1,124.0,268,124.5,1188,2,2022-02-08 09:00:38
1644310838319867000,124.5,1,124.0,269,124.5,1189,1,2022-02-08 09:00:38
1644310838411269000,124.0,7,124.0,264,124.5,1189,2,2022-02-08 09:00:38
1644310838513730000,124.5,1,124.0,285,124.5,1188,1,2022-02-08 09:00:38
1644310838573093000,124.0,6,124.0,275,124.5,1188,2,2022-02-08 09:00:38
1644310838810824000,124.5,6,124.0,277,124.5,1182,1,2022-02-08 09:00:38
1644310838861912000,124.0,5,124.0,273,124.5,1182,2,2022-02-08 09:00:38
1644310839106724000,124.0,2,124.0,342,124.5,1182,2,2022-02-08 09:00:39
1644310839145915000,124.0,10,124.0,332,124.5,1182,2,2022-02-08 09:00:39
1644310839270037000,124.0,1,124.0,343,124.5,1180,2,2022-02-08 09:00:39
1644310839275457000,124.0,2,124.0,341,124.5,1180,2,2022-02-08 09:00:39
1644310839617001000,124.0,1,124.0,346,124.5,1181,2,2022-02-08 09:00:39
1644310839664677000,124.0,5,124.0,341,124.5,1181,2,2022-02-08 09:00:39
1644310839690032000,124.5,5,124.0,342,124.5,1176,1,2022-02-08 09:00:39
1644310840327873000,124.0,1,124.0,416,124.5,1184,2,2022-02-08 09:00:40
1644310840639071000,124.5,1,124.0,421,124.5,1183,1,2022-02-08 09:00:40
1644310840954605000,124.5,1,124.0,427,124.5,1183,1,2022-02-08 09:00:40
1644310841089222000,124.0,5,124.0,422,124.5,1183,2,2022-02-08 09:00:41
1644310841510994000,124.5,10,124.0,439,124.5,1173,1,2022-02-08 09:00:41
1644310841829258000,124.0,8,124.0,433,124.5,1171,2,2022-02-08 09:00:41
1644310841987049000,124.5,1,124.0,434,124.5,1180,1,2022-02-08 09:00:41
1644310842283412000,124.0,2,124.0,448,124.5,1180,2,2022-02-08 09:00:42
1644310842356098000,124.5,5,124.0,449,124.5,1175,1,2022-02-08 09:00:42
1644310842401256000,124.0,5,124.0,446,124.5,1175,2,2022-02-08 09:00:42
1644310842430818000,124.5,1,124.0,446,124.5,1174,1,2022-02-08 09:00:42
1644310842599979000,124.5,1,124.0,457,124.5,1173,1,2022-02-08 09:00:42
1644310842727416000,124.0,1,124.0,468,124.5,1172,2,2022-02-08 09:00:42
1644310843183956000,124.0,1,124.0,475,124.5,1123,2,2022-02-08 09:00:43
1644310843737067000,124.0,1,124.0,488,124.5,1124,2,2022-02-08 09:00:43
1644310844524227000,124.5,8,124.0,515,124.5,1117,1,2022-02-08 09:00:44
1644310844618739000,124.5,1,124.0,515,124.5,1116,1,2022-02-08 09:00:44
1644310844793818000,124.5,2,124.0,517,124.5,1114,1,2022-02-08 09:00:44
1644310845355483000,124.5,1,124.0,545,124.5,1115,1,2022-02-08 09:00:45
1644310845356854000,124.5,1,124.0,545,124.5,1114,1,2022-02-08 09:00:45
1644310845529762000,124.5,5,124.0,552,124.5,1109,1,2022-02-08 09:00:45
1644310845544765000,124.5,2,124.0,550,124.5,1107,1,2022-02-08 09:00:45
1644310845847877000,124.0,20,124.0,534,124.5,1107,2,2022-02-08 09:00:45
1644310845858690000,124.0,1,124.0,533,124.5,1107,2,2022-02-08 09:00:45
1644310846241446000,124.5,1,124.0,538,124.5,1111,1,2022-02-08 09:00:46
1644310846276390000,124.0,1,124.0,552,124.5,1110,2,2022-02-08 09:00:46
1644310846651402000,124.5,3,124.0,573,124.5,1109,1,2022-02-08 09:00:46
1644310846693946000,124.5,1,124.0,573,124.5,1108,1,2022-02-08 09:00:46
1644310846820481000,124.0,1,124.0,576,124.5,1108,2,2022-02-08 09:00:46
1644310847080171000,124.0,3,124.0,580,124.5,1108,2,2022-02-08 09:00:47
1644310847170998000,124.5,1,124.0,580,124.5,1107,1,2022-02-08 09:00:47
1644310847234712000,124.0,2,124.0,580,124.5,1105,2,2022-02-08 09:00:47
1644310847435621000,124.0,1,124.0,580,124.5,1104,2,2022-02-08 09:00:47
1644310847673243000,124.0,1,124.0,589,124.5,1097,2,2022-02-08 09:00:47
1644310847748471000,124.5,2,124.0,591,124.5,1095,1,2022-02-08 09:00:47
1644310847843056000,124.5,1,124.0,597,124.5,1095,1,2022-02-08 09:00:47
1644310847928781000,124.0,1,124.0,610,124.5,1095,2,2022-02-08 09:00:47
1644310847937044000,124.5,2,124.0,610,124.5,1093,1,2022-02-08 09:00:47
1644310847978674000,124.5,5,124.0,610,124.5,1088,1,2022-02-08 09:00:47
1644310848048530000,124.5,5,124.0,613,124.5,1083,1,2022-02-08 09:00:48
1644310848092639000,124.5,2,124.0,618,124.5,1081,1,2022-02-08 09:00:48
1644310848197123000,124.5,1,124.0,617,124.5,1082,1,2022-02-08 09:00:48
1644310848249864000,124.5,2,124.0,618,124.5,1080,1,2022-02-08 09:00:48
1644310848549668000,124.0,4,124.0,636,124.5,1085,2,2022-02-08 09:00:48
1644310848592822000,124.5,6,124.0,636,124.5,1080,1,2022-02-08 09:00:48
1644310848657363000,124.5,1,124.0,637,124.5,1079,1,2022-02-08 09:00:48
1644310848698170000,124.0,1,124.0,639,124.5,1079,2,2022-02-08 09:00:48
1644310848748517000,124.5,1,124.0,641,124.5,1078,1,2022-02-08 09:00:48
1644310848996413000,124.0,1,124.0,650,124.5,1079,2,2022-02-08 09:00:48
1644310849033315000,124.5,1,124.0,651,124.5,1078,1,2022-02-08 09:00:49
1644310849274447000,124.5,1,124.0,654,124.5,1079,1,2022-02-08 09:00:49
1644310849419782000,124.0,20,124.0,636,124.5,1079,2,2022-02-08 09:00:49
1644310849569135000,124.5,1,124.0,643,124.5,1078,1,2022-02-08 09:00:49
1644310849584843000,124.5,5,124.0,644,124.5,1073,1,2022-02-08 09:00:49
1644310849594880000,124.5,2,124.0,644,124.5,1067,1,2022-02-08 09:00:49
1644310849604188000,124.0,1,124.0,643,124.5,1067,2,2022-02-08 09:00:49
1644310849687427000,124.5,5,124.0,644,124.5,1062,1,2022-02-08 09:00:49
1644310850145622000,124.5,1,124.0,662,124.5,1043,1,2022-02-08 09:00:50
1644310850337069000,124.0,1,124.0,665,124.5,1043,2,2022-02-08 09:00:50
1644310850486496000,124.5,2,124.0,666,124.5,1031,1,2022-02-08 09:00:50
1644310850769638000,124.5,5,124.0,676,124.5,1026,1,2022-02-08 09:00:50
1644310850908642000,124.0,1,124.0,676,124.5,1026,2,2022-02-08 09:00:50
1644310850966506000,124.0,5,124.0,669,124.5,1027,2,2022-02-08 09:00:50
1644310851362490000,124.0,1,124.0,691,124.5,1027,2,2022-02-08 09:00:51
1644310851388397000,124.5,30,124.0,692,124.5,997,1,2022-02-08 09:00:51
1644310851397251000,124.0,3,124.0,689,124.5,997,2,2022-02-08 09:00:51
1644310851400865000,124.5,12,124.0,690,124.5,985,1,2022-02-08 09:00:51
1644310851417322000,124.5,1,124.0,690,124.5,984,1,2022-02-08 09:00:51
1644310851521097000,124.0,1,124.0,692,124.5,984,2,2022-02-08 09:00:51
1644310851655031000,124.5,5,124.0,693,124.5,979,1,2022-02-08 09:00:51
1644310851795217000,124.0,1,124.0,696,124.5,979,2,2022-02-08 09:00:51
1644310851804987000,124.5,1,124.0,696,124.5,978,1,2022-02-08 09:00:51
1644310852148338000,124.5,1,124.0,706,124.5,984,1,2022-02-08 09:00:52
1644310852246465000,124.5,2,124.0,710,124.5,982,1,2022-02-08 09:00:52
1644310852411707000,124.5,1,124.0,713,124.5,971,1,2022-02-08 09:00:52
1644310852415757000,124.5,1,124.0,713,124.5,970,1,2022-02-08 09:00:52
1644310852703418000,124.5,6,124.0,714,124.5,966,1,2022-02-08 09:00:52
1644310852869280000,124.5,4,124.0,715,124.5,962,1,2022-02-08 09:00:52
1644310852889985000,124.5,1,124.0,715,124.5,961,1,2022-02-08 09:00:52
1644310852951477000,124.5,1,124.0,715,124.5,960,1,2022-02-08 09:00:52
1644310852958259000,124.0,1,124.0,714,124.5,960,2,2022-02-08 09:00:52
1644310852959588000,124.0,1,124.0,713,124.5,960,2,2022-02-08 09:00:52
1644310853207241000,124.5,1,124.0,716,124.5,960,1,2022-02-08 09:00:53
1644310853234915000,124.5,1,124.0,717,124.5,959,1,2022-02-08 09:00:53
1644310853348578000,124.5,1,124.0,717,124.5,958,1,2022-02-08 09:00:53
1644310853428705000,124.5,1,124.0,647,124.5,957,1,2022-02-08 09:00:53
1644310853635378000,124.5,1,124.0,699,124.5,957,1,2022-02-08 09:00:53
1644310853657208000,124.5,10,124.0,699,124.5,947,1,2022-02-08 09:00:53
1644310853668372000,124.0,2,124.0,697,124.5,947,2,2022-02-08 09:00:53
1644310853691892000,124.5,1,124.0,697,124.5,946,1,2022-02-08 09:00:53
1644310853926721000,124.5,1,124.0,699,124.5,964,1,2022-02-08 09:00:53
1644310853979877000,124.0,1,124.0,701,124.5,964,2,2022-02-08 09:00:53
1644310853999012000,124.5,1,124.0,701,124.5,963,1,2022-02-08 09:00:53
1644310854088692000,124.0,1,124.0,700,124.5,963,2,2022-02-08 09:00:54
1644310854099676000,124.5,3,124.0,700,124.5,960,1,2022-02-08 09:00:54
1644310854186528000,124.5,5,124.0,701,124.5,935,1,2022-02-08 09:00:54
1644310854285715000,124.5,2,124.0,706,124.5,933,1,2022-02-08 09:00:54
1644310854434140000,124.5,1,124.0,709,124.5,944,1,2022-02-08 09:00:54
1644310854504093000,124.0,1,124.0,708,124.5,944,2,2022-02-08 09:00:54
1644310854559648000,124.5,1,124.0,708,124.5,944,1,2022-02-08 09:00:54
1644310854731966000,124.0,3,124.0,814,124.5,945,2,2022-02-08 09:00:54
1644310854782033000,124.5,1,124.0,835,124.5,944,1,2022-02-08 09:00:54
1644310854968263000,124.5,10,124.0,838,124.5,934,1,2022-02-08 09:00:54
1644310854982773000,124.0,1,124.0,837,124.5,934,2,2022-02-08 09:00:54
1644310854991326000,124.0,1,124.0,837,124.5,942,2,2022-02-08 09:00:54
1644310855034459000,124.5,1,124.0,839,124.5,941,1,2022-02-08 09:00:55
1644310855079714000,124.5,1,124.0,839,124.5,941,1,2022-02-08 09:00:55
1644310855099529000,124.5,1,124.0,839,124.5,940,1,2022-02-08 09:00:55
1644310855157881000,124.5,1,124.0,840,124.5,939,1,2022-02-08 09:00:55
1644310855158499000,124.0,1,124.0,839,124.5,939,2,2022-02-08 09:00:55
1644310855196299000,124.5,1,124.0,844,124.5,938,1,2022-02-08 09:00:55
1644310855198772000,124.5,5,124.0,844,124.5,933,1,2022-02-08 09:00:55
1644310855325564000,124.5,2,124.0,845,124.5,931,1,2022-02-08 09:00:55
1644310855395876000,124.5,2,124.0,848,124.5,929,1,2022-02-08 09:00:55
1644310855436837000,124.5,1,124.0,849,124.5,928,1,2022-02-08 09:00:55
1644310855459703000,124.0,1,124.0,848,124.5,928,2,2022-02-08 09:00:55
1644310855700213000,124.5,10,124.0,850,124.5,918,1,2022-02-08 09:00:55
1644310855746535000,124.5,1,124.0,851,124.5,917,1,2022-02-08 09:00:55
1644310855856625000,124.5,1,124.0,857,124.5,916,1,2022-02-08 09:00:55
1644310855859496000,124.0,20,124.0,837,124.5,916,2,2022-02-08 09:00:55
1644310855876503000,124.5,1,124.0,837,124.5,915,1,2022-02-08 09:00:55
1644310855891379000,124.5,2,124.0,837,124.5,913,1,2022-02-08 09:00:55
1644310855893131000,124.0,1,124.0,834,124.5,913,2,2022-02-08 09:00:55
1644310855919304000,124.5,6,124.0,834,124.5,907,1,2022-02-08 09:00:55
1644310855975675000,124.5,2,124.0,846,124.5,900,1,2022-02-08 09:00:55
1644310856106629000,124.5,1,124.0,857,124.5,900,1,2022-02-08 09:00:56
1644310856263718000,124.5,2,124.0,860,124.5,899,1,2022-02-08 09:00:56
1644310856462642000,124.5,5,124.0,860,124.5,895,1,2022-02-08 09:00:56
1644310856576191000,124.5,1,124.0,860,124.5,894,1,2022-02-08 09:00:56
1644310856581196000,124.5,10,124.0,860,124.5,884,1,2022-02-08 09:00:56
1644310856732880000,124.5,5,124.0,860,124.5,880,1,2022-02-08 09:00:56
1644310856807276000,124.5,20,124.0,872,124.5,860,1,2022-02-08 09:00:56
1644310856876497000,124.5,1,124.0,874,124.5,860,1,2022-02-08 09:00:56
1644310856991482000,124.5,1,124.0,880,124.5,859,1,2022-02-08 09:00:56
1644310857152348000,124.5,10,124.0,881,124.5,850,1,2022-02-08 09:00:57
1644310857452095000,124.5,1,124.0,887,124.5,855,1,2022-02-08 09:00:57
1644310857567714000,124.5,1,124.0,889,124.5,855,1,2022-02-08 09:00:57
1644310857614089000,124.5,1,124.0,890,124.5,857,1,2022-02-08 09:00:57
1644310857826262000,124.0,1,124.0,893,124.5,857,2,2022-02-08 09:00:57
1644310857839290000,124.5,4,124.0,893,124.5,853,1,2022-02-08 09:00:57
1644310857931840000,124.5,3,124.0,892,124.5,850,1,2022-02-08 09:00:57
1644310857988934000,124.0,1,124.0,891,124.5,850,2,2022-02-08 09:00:57
1644310858001338000,124.5,1,124.0,891,124.5,849,1,2022-02-08 09:00:58
1644310858056793000,124.5,10,124.0,891,124.5,841,1,2022-02-08 09:00:58
1644310858161720000,124.5,3,124.0,892,124.5,839,1,2022-02-08 09:00:58
1644310858239490000,124.5,1,124.0,892,124.5,848,1,2022-02-08 09:00:58
1644310858300147000,124.5,1,124.0,892,124.5,847,1,2022-02-08 09:00:58
1644310858329446000,124.5,1,124.0,892,124.5,846,1,2022-02-08 09:00:58
1644310858331640000,124.5,3,124.0,892,124.5,843,1,2022-02-08 09:00:58
1644310858399988000,124.5,2,124.0,892,124.5,841,1,2022-02-08 09:00:58
1644310858467035000,124.5,1,124.0,892,124.5,840,1,2022-02-08 09:00:58
1644310858468714000,124.5,5,124.0,892,124.5,835,1,2022-02-08 09:00:58
1644310858576862000,124.5,1,124.0,892,124.5,834,1,2022-02-08 09:00:58
1644310858622289000,124.5,3,124.0,892,124.5,833,1,2022-02-08 09:00:58
1644310858662274000,124.5,10,124.0,893,124.5,823,1,2022-02-08 09:00:58
1644310858670960000,124.5,1,124.0,893,124.5,822,1,2022-02-08 09:00:58
1644310858709707000,124.5,1,124.0,893,124.5,821,1,2022-02-08 09:00:58
1644310858946986000,124.5,2,124.0,895,124.5,829,1,2022-02-08 09:00:58
1644310859220884000,124.5,1,124.0,899,124.5,828,1,2022-02-08 09:00:59
1644310859406269000,124.5,1,124.0,903,124.5,827,1,2022-02-08 09:00:59
1644310859484093000,124.5,1,124.0,906,124.5,826,1,2022-02-08 09:00:59
1644310859608604000,124.5,1,124.0,905,124.5,825,1,2022-02-08 09:00:59
1644310859715081000,124.5,3,124.0,905,124.5,824,1,2022-02-08 09:00:59
1644310859728726000,124.5,1,124.0,905,124.5,823,1,2022-02-08 09:00:59
1644310859795464000,124.5,1,124.0,906,124.5,826,1,2022-02-08 09:00:59
1644310859824394000,124.5,1,124.0,907,124.5,825,1,2022-02-08 09:00:59
1644310859832826000,124.5,1,124.0,907,124.5,824,1,2022-02-08 09:00:59
1644310859857127000,124.0,1,124.0,910,124.5,824,2,2022-02-08 09:00:59
1644310859866108000,124.5,5,124.0,910,124.5,854,1,2022-02-08 09:00:59
1644310859871917000,124.0,3,124.0,907,124.5,854,2,2022-02-08 09:00:59
1644310859936560000,124.5,1,124.0,909,124.5,854,1,2022-02-08 09:00:59
1644310859962605000,124.0,1,124.0,908,124.5,854,2,2022-02-08 09:00:59
1644310860058335000,124.5,1,124.0,919,124.5,853,1,2022-02-08 09:01:00
1644310860185399000,124.5,5,124.0,931,124.5,617,1,2022-02-08 09:01:00
1644310860240597000,124.0,2,124.0,929,124.5,617,2,2022-02-08 09:01:00
1644310860267078000,124.0,2,124.0,927,124.5,617,2,2022-02-08 09:01:00
1644310860272484000,124.5,20,124.0,927,124.5,597,1,2022-02-08 09:01:00
1644310860320956000,124.0,1,124.0,926,124.5,602,2,2022-02-08 09:01:00
1644310860341468000,124.5,10,124.0,926,124.5,592,1,2022-02-08 09:01:00
1644310860470429000,124.5,1,124.0,926,124.5,591,1,2022-02-08 09:01:00
1644310860491384000,124.5,3,124.0,926,124.5,588,1,2022-02-08 09:01:00
1644310860513738000,124.5,3,124.0,926,124.5,585,1,2022-02-08 09:01:00
1644310860573130000,124.0,3,124.0,926,124.5,586,2,2022-02-08 09:01:00
1644310860599641000,124.0,3,124.0,873,124.5,586,2,2022-02-08 09:01:00
1644310860611206000,124.0,3,124.0,870,124.5,586,2,2022-02-08 09:01:00
1644310860695231000,124.5,3,124.0,871,124.5,585,1,2022-02-08 09:01:00
1644310860887790000,124.5,3,124.0,873,124.5,593,1,2022-02-08 09:01:00
1644310860971347000,124.5,1,124.0,873,124.5,600,1,2022-02-08 09:01:00
1644310861112978000,124.0,20,124.0,858,124.5,360,2,2022-02-08 09:01:01
1644310861254201000,124.5,1,124.0,865,124.5,359,1,2022-02-08 09:01:01
1644310861255543000,124.5,1,124.0,865,124.5,358,1,2022-02-08 09:01:01
1644310861293945000,124.5,55,124.0,865,124.5,295,1,2022-02-08 09:01:01
1644310861306165000,124.5,5,124.0,865,124.5,290,1,2022-02-08 09:01:01
1644310861503317000,124.5,1,124.0,868,124.5,283,1,2022-02-08 09:01:01
1644310861722640000,124.5,1,124.0,881,124.5,282,1,2022-02-08 09:01:01
1644310861818986000,124.5,1,124.0,882,124.5,281,1,2022-02-08 09:01:01
1644310861882624000,124.5,3,124.0,882,124.5,288,1,2022-02-08 09:01:01
1644310861920883000,124.5,20,124.0,882,124.5,268,1,2022-02-08 09:01:01
1644310861969392000,124.5,267,124.5,232,125.0,1714,1,2022-02-08 09:01:01
1644310861997941000,124.5,1,124.5,242,125.0,1715,2,2022-02-08 09:01:01
1644310862031578000,124.5,1,124.5,237,125.0,1715,2,2022-02-08 09:01:02
1644310862043123000,124.5,237,124.0,883,125.0,1715,2,2022-02-08 09:01:02
1644310862075722000,124.0,2,124.0,881,124.5,237,2,2022-02-08 09:01:02
1644310862116243000,124.5,1,124.0,887,124.5,278,1,2022-02-08 09:01:02
1644310862132166000,124.5,1,124.0,887,124.5,278,1,2022-02-08 09:01:02
1644310862277955000,124.5,1,124.0,891,124.5,283,1,2022-02-08 09:01:02
1644310862285140000,124.5,1,124.0,891,124.5,282,1,2022-02-08 09:01:02
1644310862362553000,124.5,2,124.0,889,124.5,290,1,2022-02-08 09:01:02
1644310862375904000,124.5,2,124.0,889,124.5,288,1,2022-02-08 09:01:02
1644310862381582000,124.5,1,124.0,889,124.5,287,1,2022-02-08 09:01:02
1644310862439395000,124.5,1,124.0,889,124.5,287,1,2022-02-08 09:01:02
1644310862564956000,124.5,1,124.0,890,124.5,277,1,2022-02-08 09:01:02
1644310862599157000,124.5,3,124.0,891,124.5,274,1,2022-02-08 09:01:02
1644310862665806000,124.5,1,124.0,890,124.5,273,1,2022-02-08 09:01:02
1644310862718096000,124.5,2,124.0,891,124.5,271,1,2022-02-08 09:01:02
1644310862734779000,124.5,1,124.0,891,124.5,270,1,2022-02-08 09:01:02
1644310862788873000,124.0,1,124.0,891,124.5,270,2,2022-02-08 09:01:02
1644310862825790000,124.5,1,124.0,891,124.5,269,1,2022-02-08 09:01:02
1644310862934851000,124.5,1,124.0,894,124.5,268,1,2022-02-08 09:01:02
1644310862934869000,124.5,2,124.0,894,124.5,266,1,2022-02-08 09:01:02
1644310862949425000,124.5,1,124.0,894,124.5,265,1,2022-02-08 09:01:02
1644310862955076000,124.5,1,124.0,894,124.5,264,1,2022-02-08 09:01:02
1644310862955605000,124.5,1,124.0,894,124.5,263,1,2022-02-08 09:01:02
1644310863014583000,124.5,3,124.0,894,124.5,260,1,2022-02-08 09:01:03
1644310863041867000,124.5,1,124.0,894,124.5,259,1,2022-02-08 09:01:03
1644310863060284000,124.5,1,124.0,896,124.5,258,1,2022-02-08 09:01:03
1644310863115953000,124.5,2,124.0,897,124.5,256,1,2022-02-08 09:01:03
1644310863118762000,124.5,5,124.0,897,124.5,251,1,2022-02-08 09:01:03
1644310863120577000,124.5,10,124.0,897,124.5,241,1,2022-02-08 09:01:03
1644310863129591000,124.5,5,124.0,897,124.5,236,1,2022-02-08 09:01:03
1644310863165406000,124.5,20,124.0,897,124.5,215,1,2022-02-08 09:01:03
1644310863174765000,124.5,1,124.0,897,124.5,214,1,2022-02-08 09:01:03
1644310863214921000,124.5,3,124.0,900,124.5,211,1,2022-02-08 09:01:03
1644310863235333000,124.5,2,124.0,901,124.5,209,1,2022-02-08 09:01:03
1644310863325548000,124.5,1,124.0,903,124.5,208,1,2022-02-08 09:01:03
1644310863487806000,124.5,1,124.0,903,124.5,209,1,2022-02-08 09:01:03
1644310863500808000,124.5,2,124.0,906,124.5,207,1,2022-02-08 09:01:03
1644310863551021000,124.5,1,124.0,906,124.5,206,1,2022-02-08 09:01:03
1644310863622068000,124.5,1,124.0,907,124.5,205,1,2022-02-08 09:01:03
1644310863627880000,124.5,1,124.0,907,124.5,204,1,2022-02-08 09:01:03
1644310863707065000,124.5,1,124.0,908,124.5,203,1,2022-02-08 09:01:03
1644310863799068000,124.5,15,124.0,893,124.5,188,1,2022-02-08 09:01:03
1644310863810098000,124.5,1,124.0,893,124.5,187,1,2022-02-08 09:01:03
1644310863819421000,124.5,1,124.0,893,124.5,186,1,2022-02-08 09:01:03
1644310863877887000,124.5,1,124.0,905,124.5,185,1,2022-02-08 09:01:03
1644310863903578000,124.5,1,124.0,905,124.5,184,1,2022-02-08 09:01:03
1644310863923617000,124.5,10,124.0,905,124.5,174,1,2022-02-08 09:01:03
1644310863981688000,124.5,1,124.0,902,124.5,179,1,2022-02-08 09:01:03
1644310863995054000,124.5,5,124.0,902,124.5,174,1,2022-02-08 09:01:03
1644310864013588000,124.5,1,124.0,907,124.5,173,1,2022-02-08 09:01:04
1644310864066327000,124.5,1,124.0,907,124.5,175,1,2022-02-08 09:01:04
1644310864092130000,124.5,1,124.0,910,124.5,174,1,2022-02-08 09:01:04
1644310864121814000,124.5,1,124.0,910,124.5,173,1,2022-02-08 09:01:04
1644310864207798000,124.0,10,124.0,913,124.5,173,2,2022-02-08 09:01:04
1644310864221067000,124.5,5,124.0,913,124.5,168,1,2022-02-08 09:01:04
1644310864232643000,124.5,10,124.0,913,124.5,158,1,2022-02-08 09:01:04
1644310864241274000,124.5,10,124.0,913,124.5,148,1,2022-02-08 09:01:04
1644310864250814000,124.5,1,124.0,913,124.5,147,1,2022-02-08 09:01:04
1644310864364363000,124.5,2,124.0,914,124.5,145,1,2022-02-08 09:01:04
1644310864395276000,124.5,4,124.0,914,124.5,141,1,2022-02-08 09:01:04
1644310864400316000,124.5,6,124.0,914,124.5,135,1,2022-02-08 09:01:04
1644310864425459000,124.5,1,124.0,914,124.5,134,1,2022-02-08 09:01:04
1644310864427209000,124.5,5,124.0,914,124.5,129,1,2022-02-08 09:01:04
1644310864552857000,124.0,1,124.0,917,124.5,129,2,2022-02-08 09:01:04
1644310864570237000,124.5,2,124.0,917,124.5,127,1,2022-02-08 09:01:04
1644310864601576000,124.5,1,124.0,917,124.5,126,1,2022-02-08 09:01:04
1644310864639877000,124.5,1,124.0,916,124.5,126,1,2022-02-08 09:01:04
1644310864730898000,124.5,1,124.0,921,124.5,124,1,2022-02-08 09:01:04
1644310864788668000,124.5,1,124.0,922,124.5,123,1,2022-02-08 09:01:04
1644310864861211000,124.5,5,124.0,925,124.5,118,1,2022-02-08 09:01:04
1644310864867020000,124.5,5,124.0,925,124.5,113,1,2022-02-08 09:01:04
1644310864875459000,124.5,1,124.0,925,124.5,112,1,2022-02-08 09:01:04
1644310864939228000,124.5,1,124.0,925,124.5,114,1,2022-02-08 09:01:04
1644310864972089000,124.0,2,124.0,923,124.5,115,2,2022-02-08 09:01:04
1644310864972531000,124.5,1,124.0,923,124.5,114,1,2022-02-08 09:01:04
1644310864987000000,124.5,2,124.0,923,124.5,112,1,2022-02-08 09:01:04
1644310865047074000,124.5,1,124.0,923,124.5,112,1,2022-02-08 09:01:05
1644310865078348000,124.5,1,124.0,923,124.5,111,1,2022-02-08 09:01:05
1644310865082505000,124.5,1,124.0,924,124.5,109,1,2022-02-08 09:01:05
1644310865107559000,124.0,1,124.0,923,124.5,109,2,2022-02-08 09:01:05
1644310865126663000,124.5,1,124.0,923,124.5,108,1,2022-02-08 09:01:05
1644310865332576000,124.5,1,124.0,921,124.5,108,1,2022-02-08 09:01:05
1644310865413173000,124.5,5,124.0,924,124.5,102,1,2022-02-08 09:01:05
1644310865484894000,124.5,3,124.0,925,124.5,99,1,2022-02-08 09:01:05
1644310865506193000,124.5,1,124.0,925,124.5,98,1,2022-02-08 09:01:05
1644310865524615000,124.5,2,124.0,925,124.5,96,1,2022-02-08 09:01:05
1644310865649630000,124.5,1,124.0,931,124.5,95,1,2022-02-08 09:01:05
1644310865826129000,124.5,1,124.0,932,124.5,94,1,2022-02-08 09:01:05
1644310865874720000,124.0,1,124.0,933,124.5,94,2,2022-02-08 09:01:05
1644310865964683000,124.5,1,124.0,933,124.5,94,1,2022-02-08 09:01:05
1644310866030237000,124.0,3,124.0,931,124.5,94,2,2022-02-08 09:01:06
1644310866045356000,124.5,1,124.0,931,124.5,93,1,2022-02-08 09:01:06
1644310866075424000,124.5,1,124.0,932,124.5,92,1,2022-02-08 09:01:06
1644310866092297000,124.5,1,124.0,932,124.5,91,1,2022-02-08 09:01:06
1644310866261194000,124.5,1,124.0,941,124.5,94,1,2022-02-08 09:01:06
1644310866340531000,124.5,3,124.0,941,124.5,91,1,2022-02-08 09:01:06
1644310866438332000,124.5,1,124.0,941,124.5,90,1,2022-02-08 09:01:06
1644310866456707000,124.5,5,124.0,941,124.5,85,1,2022-02-08 09:01:06
1644310866547509000,124.5,1,124.0,944,124.5,84,1,2022-02-08 09:01:06
1644310866601121000,124.5,1,124.0,945,124.5,83,1,2022-02-08 09:01:06
1644310866642982000,124.5,1,124.0,946,124.5,82,1,2022-02-08 09:01:06
1644310866649361000,124.5,4,124.0,946,124.5,78,1,2022-02-08 09:01:06
1644310866805306000,124.5,8,124.0,952,124.5,110,1,2022-02-08 09:01:06
1644310866851901000,124.5,1,124.0,958,124.5,109,1,2022-02-08 09:01:06
1644310866865698000,124.5,1,124.0,958,124.5,108,1,2022-02-08 09:01:06
1644310866881494000,124.5,1,124.0,958,124.5,107,1,2022-02-08 09:01:06
1644310866975572000,124.5,32,124.0,961,124.5,77,1,2022-02-08 09:01:06
1644310866985174000,124.5,1,124.0,961,124.5,76,1,2022-02-08 09:01:06
1644310867006002000,124.5,1,124.0,965,124.5,75,1,2022-02-08 09:01:07
1644310867081464000,124.5,1,124.0,965,124.5,74,1,2022-02-08 09:01:07
1644310867115525000,124.5,1,124.0,965,124.5,73,1,2022-02-08 09:01:07
1644310867121265000,124.5,1,124.0,965,124.5,72,1,2022-02-08 09:01:07
1644310867130489000,124.5,1,124.0,965,124.5,71,1,2022-02-08 09:01:07
1644310867150960000,124.5,1,124.0,966,124.5,70,1,2022-02-08 09:01:07
1644310867330879000,124.5,1,124.0,970,124.5,69,1,2022-02-08 09:01:07
1644310867404759000,124.5,3,124.0,970,124.5,71,1,2022-02-08 09:01:07
1644310867417979000,124.5,1,124.0,970,124.5,70,1,2022-02-08 09:01:07
1644310867497902000,124.5,1,124.0,971,124.5,69,1,2022-02-08 09:01:07
1644310867500171000,124.0,1,124.0,970,124.5,69,2,2022-02-08 09:01:07
1644310867550332000,124.5,1,124.0,970,124.5,69,1,2022-02-08 09:01:07
1644310867634642000,124.5,6,124.0,973,124.5,62,1,2022-02-08 09:01:07
1644310867674305000,124.5,4,124.0,973,124.5,58,1,2022-02-08 09:01:07
1644310867681928000,124.5,1,124.0,973,124.5,57,1,2022-02-08 09:01:07
1644310867730543000,124.0,2,124.0,970,124.5,57,2,2022-02-08 09:01:07
1644310867740362000,124.5,2,124.0,970,124.5,55,1,2022-02-08 09:01:07
1644310867792139000,124.5,1,124.0,973,124.5,54,1,2022-02-08 09:01:07
1644310867862937000,124.5,10,124.0,973,124.5,145,1,2022-02-08 09:01:07
1644310867874694000,124.0,1,124.0,972,124.5,145,2,2022-02-08 09:01:07
1644310867936984000,124.5,1,124.0,967,124.5,145,1,2022-02-08 09:01:07
1644310867956738000,124.5,1,124.0,967,124.5,144,1,2022-02-08 09:01:07
1644310867989656000,124.5,1,124.0,967,124.5,142,1,2022-02-08 09:01:07
1644310868001085000,124.5,1,124.0,967,124.5,143,1,2022-02-08 09:01:08
1644310868051212000,124.5,1,124.0,967,124.5,142,1,2022-02-08 09:01:08
1644310868085282000,124.5,3,124.0,968,124.5,139,1,2022-02-08 09:01:08
1644310868089560000,124.5,2,124.0,968,124.5,137,1,2022-02-08 09:01:08
1644310868130479000,124.5,1,124.0,969,124.5,136,1,2022-02-08 09:01:08
1644310868147918000,124.5,1,124.0,969,124.5,135,1,2022-02-08 09:01:08
1644310868226574000,124.0,1,124.0,968,124.5,135,2,2022-02-08 09:01:08
1644310868311419000,124.5,2,124.0,973,124.5,134,1,2022-02-08 09:01:08
1644310868338123000,124.5,1,124.0,974,124.5,133,1,2022-02-08 09:01:08
1644310868350162000,124.5,1,124.0,974,124.5,131,1,2022-02-08 09:01:08
1644310868390997000,124.5,5,124.0,974,124.5,126,1,2022-02-08 09:01:08
1644310868406249000,124.5,3,124.0,974,124.5,123,1,2022-02-08 09:01:08
1644310868518166000,124.5,1,124.0,974,124.5,122,1,2022-02-08 09:01:08
1644310868539932000,124.5,1,124.0,974,124.5,121,1,2022-02-08 09:01:08
1644310868570425000,124.5,1,124.0,974,124.5,120,1,2022-02-08 09:01:08
1644310868613803000,124.5,1,124.0,987,124.5,119,1,2022-02-08 09:01:08
1644310868645125000,124.5,3,124.0,987,124.5,121,1,2022-02-08 09:01:08
1644310868775066000,124.5,1,124.0,988,124.5,135,1,2022-02-08 09:01:08
1644310868781976000,124.5,1,124.0,988,124.5,134,1,2022-02-08 09:01:08
1644310868833311000,124.5,1,124.0,989,124.5,133,1,2022-02-08 09:01:08
1644310868879679000,124.5,1,124.0,989,124.5,132,1,2022-02-08 09:01:08
1644310868895892000,124.5,1,124.0,990,124.5,131,1,2022-02-08 09:01:08
1644310868902378000,124.5,1,124.0,990,124.5,130,1,2022-02-08 09:01:08
1644310868908443000,124.0,1,124.0,989,124.5,130,2,2022-02-08 09:01:08
1644310868926673000,124.5,2,124.0,989,124.5,128,1,2022-02-08 09:01:08
1644310868973000000,124.5,1,124.0,989,124.5,128,1,2022-02-08 09:01:08
1644310869005254000,124.5,1,124.0,989,124.5,127,1,2022-02-08 09:01:09
1644310869082050000,124.5,4,124.0,990,124.5,138,1,2022-02-08 09:01:09
1644310869143586000,124.5,1,124.0,990,124.5,136,1,2022-02-08 09:01:09
1644310869174736000,124.5,1,124.0,991,124.5,138,1,2022-02-08 09:01:09
1644310869195614000,124.5,1,124.0,991,124.5,138,1,2022-02-08 09:01:09
1644310869239541000,124.5,1,124.0,994,124.5,137,1,2022-02-08 09:01:09
1644310869257083000,124.5,3,124.0,994,124.5,134,1,2022-02-08 09:01:09
1644310869264647000,124.5,1,124.0,994,124.5,133,1,2022-02-08 09:01:09
1644310869274057000,124.5,5,124.0,994,124.5,128,1,2022-02-08 09:01:09
1644310869441303000,124.5,1,124.0,1000,124.5,154,1,2022-02-08 09:01:09
1644310869476526000,124.5,5,124.0,1010,124.5,149,1,2022-02-08 09:01:09
1644310869485461000,124.5,1,124.0,1010,124.5,148,1,2022-02-08 09:01:09
1644310869485691000,124.5,3,124.0,1010,124.5,145,1,2022-02-08 09:01:09
1644310869500689000,124.5,1,124.0,1010,124.5,144,1,2022-02-08 09:01:09
1644310869569815000,124.5,1,124.0,1011,124.5,143,1,2022-02-08 09:01:09
1644310869592510000,124.5,5,124.0,1010,124.5,138,1,2022-02-08 09:01:09
1644310869643336000,124.5,2,124.0,1010,124.5,138,1,2022-02-08 09:01:09
1644310869691675000,124.5,1,124.0,1011,124.5,138,1,2022-02-08 09:01:09
1644310869695362000,124.5,1,124.0,1011,124.5,137,1,2022-02-08 09:01:09
1644310869711215000,124.5,2,124.0,1011,124.5,135,1,2022-02-08 09:01:09
1644310869770162000,124.5,5,124.0,1012,124.5,130,1,2022-02-08 09:01:09
1644310869777698000,124.5,2,124.0,1010,124.5,128,1,2022-02-08 09:01:09
1644310869835406000,124.5,1,124.0,1010,124.5,127,1,2022-02-08 09:01:09
1644310869859896000,124.5,2,124.0,1010,124.5,125,1,2022-02-08 09:01:09
1644310869861845000,124.5,1,124.0,1010,124.5,124,1,2022-02-08 09:01:09
1644310869936814000,124.5,1,124.0,1012,124.5,133,1,2022-02-08 09:01:09
1644310869939132000,124.5,1,124.0,1012,124.5,132,1,2022-02-08 09:01:09
1644310869951197000,124.5,1,124.0,1011,124.5,131,1,2022-02-08 09:01:09
1644310870008038000,124.5,3,124.0,1013,124.5,132,1,2022-02-08 09:01:10
1644310870041858000,124.5,1,124.0,1013,124.5,140,1,2022-02-08 09:01:10
1644310870136935000,124.5,1,124.0,1017,124.5,139,1,2022-02-08 09:01:10
1644310870214832000,124.5,1,124.0,1017,124.5,141,1,2022-02-08 09:01:10
1644310870216501000,124.5,1,124.0,1017,124.5,140,1,2022-02-08 09:01:10
1644310870224287000,124.5,1,124.0,1017,124.5,139,1,2022-02-08 09:01:10
1644310870233630000,124.5,2,124.0,1017,124.5,137,1,2022-02-08 09:01:10
1644310870247760000,124.5,1,124.0,1018,124.5,136,1,2022-02-08 09:01:10
1644310870302780000,124.5,1,124.0,1018,124.5,135,1,2022-02-08 09:01:10
1644310870342501000,124.5,1,124.0,1018,124.5,134,1,2022-02-08 09:01:10
1644310870366950000,124.5,2,124.0,1019,124.5,132,1,2022-02-08 09:01:10
1644310870373297000,124.5,1,124.0,1019,124.5,131,1,2022-02-08 09:01:10
1644310870383371000,124.5,3,124.0,1019,124.5,128,1,2022-02-08 09:01:10
1644310870399535000,124.5,1,124.0,1016,124.5,127,1,2022-02-08 09:01:10
1644310870464400000,124.5,1,124.0,1018,124.5,132,1,2022-02-08 09:01:10
1644310870464447000,124.5,2,124.0,1018,124.5,130,1,2022-02-08 09:01:10
1644310870467879000,124.5,1,124.0,1018,124.5,129,1,2022-02-08 09:01:10
1644310870495734000,124.5,1,124.0,1018,124.5,128,1,2022-02-08 09:01:10
1644310870506041000,124.5,1,124.0,1018,124.5,127,1,2022-02-08 09:01:10
1644310870529101000,124.5,5,124.0,1018,124.5,132,1,2022-02-08 09:01:10
1644310870534621000,124.5,6,124.0,1018,124.5,126,1,2022-02-08 09:01:10
1644310870559792000,124.5,1,124.0,1018,124.5,125,1,2022-02-08 09:01:10
1644310870659058000,124.5,8,124.0,1019,124.5,120,1,2022-02-08 09:01:10
1644310870660665000,124.5,20,124.0,1019,124.5,100,1,2022-02-08 09:01:10
1644310870671219000,124.5,2,124.0,1019,124.5,98,1,2022-02-08 09:01:10
1644310870741863000,124.5,30,124.0,1019,124.5,78,1,2022-02-08 09:01:10
1644310870766242000,124.5,1,124.0,1019,124.5,77,1,2022-02-08 09:01:10
1644310870846316000,124.5,1,124.0,1020,124.5,81,1,2022-02-08 09:01:10
1644310870866229000,124.5,10,124.0,1022,124.5,71,1,2022-02-08 09:01:10
1644310870966474000,124.5,1,124.0,1023,124.5,72,1,2022-02-08 09:01:10
1644310871043585000,124.5,1,124.0,1023,124.5,71,1,2022-02-08 09:01:11
1644310871192427000,124.5,1,124.0,1023,124.5,74,1,2022-02-08 09:01:11
1644310871213702000,124.5,10,124.0,1023,124.5,64,1,2022-02-08 09:01:11
1644310871215927000,124.5,1,124.0,1023,124.5,63,1,2022-02-08 09:01:11
1644310871262881000,124.5,1,124.0,1023,124.5,62,1,2022-02-08 09:01:11
1644310871269269000,124.5,1,124.0,1023,124.5,61,1,2022-02-08 09:01:11
1644310871286338000,124.5,1,124.0,1023,124.5,60,1,2022-02-08 09:01:11
1644310871290609000,124.5,15,124.0,1023,124.5,45,1,2022-02-08 09:01:11
1644310871317422000,124.5,1,124.0,1024,124.5,44,1,2022-02-08 09:01:11
1644310871392454000,124.5,1,124.0,1026,124.5,43,1,2022-02-08 09:01:11
1644310871480030000,124.5,5,124.0,1027,124.5,39,1,2022-02-08 09:01:11
1644310871555377000,124.5,1,124.0,1037,124.5,38,1,2022-02-08 09:01:11
1644310871657524000,124.5,2,124.0,1040,124.5,37,1,2022-02-08 09:01:11
1644310871788077000,124.5,1,124.0,1047,124.5,36,1,2022-02-08 09:01:11
1644310871791629000,124.5,7,124.0,1047,124.5,29,1,2022-02-08 09:01:11
1644310871852864000,124.5,1,124.0,1047,124.5,29,1,2022-02-08 09:01:11
1644310871868631000,124.5,1,124.0,1047,124.5,28,1,2022-02-08 09:01:11
1644310871927382000,124.0,1,124.0,1048,124.5,29,2,2022-02-08 09:01:11
1644310872031411000,124.5,3,124.0,1097,124.5,26,1,2022-02-08 09:01:12
1644310872053345000,124.5,4,124.0,1097,124.5,22,1,2022-02-08 09:01:12
1644310872078778000,124.5,3,124.0,1097,124.5,19,1,2022-02-08 09:01:12
1644310872111135000,124.5,8,124.0,1104,124.5,11,1,2022-02-08 09:01:12
1644310872224203000,124.5,10,124.0,1106,124.5,3,1,2022-02-08 09:01:12
1644310872254623000,124.5,2,124.0,1106,124.5,5,1,2022-02-08 09:01:12
1644310872318640000,124.5,1,124.0,1108,124.5,4,1,2022-02-08 09:01:12
1644310872356721000,124.5,1,124.0,1108,124.5,3,1,2022-02-08 09:01:12
1644310872401785000,124.5,3,124.5,12,125.0,1703,1,2022-02-08 09:01:12
1644310872452658000,124.5,1,124.5,14,125.0,1704,2,2022-02-08 09:01:12
1644310872501208000,124.5,1,124.5,14,125.0,1705,2,2022-02-08 09:01:12
1644310872545986000,124.5,3,124.5,11,125.0,1705,2,2022-02-08 09:01:12
1644310872609334000,125.0,8,124.5,12,125.0,1697,1,2022-02-08 09:01:12
1644310872624914000,124.5,4,124.5,10,125.0,1697,2,2022-02-08 09:01:12
1644310872687411000,124.5,12,124.5,1,125.0,1697,2,2022-02-08 09:01:12
1644310873018336000,125.0,10,124.5,32,125.0,1690,1,2022-02-08 09:01:13
1644310873159560000,124.5,2,124.5,33,125.0,1690,2,2022-02-08 09:01:13
1644310873188572000,124.5,1,124.5,32,125.0,1690,2,2022-02-08 09:01:13
1644310873293168000,125.0,1,124.5,39,125.0,1689,1,2022-02-08 09:01:13
1644310873309319000,124.5,1,124.5,39,125.0,1689,2,2022-02-08 09:01:13
1644310873458029000,125.0,1,124.5,39,125.0,1688,1,2022-02-08 09:01:13
1644310873620234000,124.5,46,124.0,1181,125.0,1688,2,2022-02-08 09:01:13
1644310873757968000,124.5,1,124.0,1187,125.0,1690,2,2022-02-08 09:01:13
1644310873758276000,124.5,1,124.0,1185,125.0,1690,1,2022-02-08 09:01:13
1644310873850583000,124.5,2,124.0,1186,125.0,1700,2,2022-02-08 09:01:13
1644310873903444000,124.5,1,124.0,1186,124.5,3,2,2022-02-08 09:01:13
1644310873915069000,124.5,3,124.5,2,125.0,1699,1,2022-02-08 09:01:13
1644310874473834000,124.5,1,124.5,34,125.0,1699,2,2022-02-08 09:01:14
1644310874552749000,124.5,2,124.5,37,125.0,1699,2,2022-02-08 09:01:14
1644310874749468000,124.5,1,124.5,39,125.0,1699,2,2022-02-08 09:01:14
1644310874865876000,124.5,1,124.5,40,125.0,1699,2,2022-02-08 09:01:14
1644310874905006000,124.5,1,124.5,45,125.0,1699,2,2022-02-08 09:01:14
1644310874907380000,124.5,1,124.5,44,125.0,1699,2,2022-02-08 09:01:14
1644310874945794000,124.5,1,124.5,53,125.0,1699,2,2022-02-08 09:01:14
1644310874957670000,124.5,3,124.5,50,125.0,1699,2,2022-02-08 09:01:14
1644310875120157000,124.5,1,124.5,50,125.0,1702,2,2022-02-08 09:01:15
1644310875875610000,124.5,1,124.5,65,125.0,1704,2,2022-02-08 09:01:15
1644310875974964000,124.5,1,124.5,65,125.0,1704,2,2022-02-08 09:01:15
1644310876172771000,124.5,9,124.5,59,125.0,1705,2,2022-02-08 09:01:16
1644310876208058000,124.5,59,124.5,1,125.0,1706,2,2022-02-08 09:01:16
1644310876208074000,124.5,1,124.0,1279,125.0,1706,2,2022-02-08 09:01:16
1644310876233729000,124.5,1,124.0,1279,125.0,1704,1,2022-02-08 09:01:16
1644310876308723000,124.5,1,124.5,1,125.0,1705,1,2022-02-08 09:01:16
1644310876370776000,124.5,1,124.5,1,125.0,1705,2,2022-02-08 09:01:16
1644310876442257000,124.5,1,124.5,1,125.0,1705,2,2022-02-08 09:01:16
1644310876711746000,125.0,5,124.5,14,125.0,1701,1,2022-02-08 09:01:16
1644310876740463000,125.0,1,124.5,15,125.0,1700,1,2022-02-08 09:01:16
1644310876789917000,125.0,1,124.5,18,125.0,1699,1,2022-02-08 09:01:16
1644310876911063000,124.5,1,124.5,20,125.0,1699,2,2022-02-08 09:01:16
1644310877096648000,124.5,14,124.5,8,125.0,1699,2,2022-02-08 09:01:17
1644310877134024000,124.5,1,124.5,6,125.0,1699,2,2022-02-08 09:01:17
1644310877253266000,124.5,1,124.5,7,125.0,1699,2,2022-02-08 09:01:17
1644310877956308000,124.5,1,124.5,23,125.0,1710,2,2022-02-08 09:01:17
1644310878021637000,124.5,1,124.5,24,125.0,1710,2,2022-02-08 09:01:18
1644310878132855000,124.5,1,124.5,24,125.0,1709,2,2022-02-08 09:01:18
1644310878307134000,124.5,1,124.5,24,125.0,1715,2,2022-02-08 09:01:18
1644310878440995000,125.0,1,124.5,25,125.0,1713,1,2022-02-08 09:01:18
1644310878534491000,124.5,1,124.5,34,125.0,1713,2,2022-02-08 09:01:18
1644310878599802000,125.0,1,124.5,34,125.0,1712,1,2022-02-08 09:01:18
1644310878767930000,125.0,1,124.5,34,125.0,1721,1,2022-02-08 09:01:18
1644310879115012000,124.5,1,124.5,40,125.0,1722,2,2022-02-08 09:01:19
1644310879443589000,125.0,1,124.5,47,125.0,1722,1,2022-02-08 09:01:19
1644310879745433000,124.5,2,124.5,52,125.0,1722,2,2022-02-08 09:01:19
1644310879747784000,125.0,1,124.5,52,125.0,1721,1,2022-02-08 09:01:19
1644310879870193000,124.5,1,124.5,53,125.0,1732,2,2022-02-08 09:01:19
1644310879925381000,124.5,53,124.0,1405,125.0,1735,2,2022-02-08 09:01:19
1644310879972380000,124.5,1,124.5,6,125.0,1735,2,2022-02-08 09:01:19
1644310880008611000,125.0,20,124.5,6,125.0,1715,1,2022-02-08 09:01:20
1644310880017880000,124.5,1,124.5,6,125.0,1715,2,2022-02-08 09:01:20
1644310880117404000,125.0,1,124.5,7,125.0,1718,1,2022-02-08 09:01:20
1644310880161471000,124.5,1,124.5,6,125.0,1718,2,2022-02-08 09:01:20
1644310880210146000,124.5,2,124.5,4,125.0,1718,2,2022-02-08 09:01:20
1644310880311579000,124.5,1,124.5,11,125.0,1718,2,2022-02-08 09:01:20
1644310880314326000,125.0,1,124.5,11,125.0,1717,1,2022-02-08 09:01:20
1644310880461733000,124.5,1,124.5,10,125.0,1719,2,2022-02-08 09:01:20
1644310881491428000,124.5,8,124.5,24,125.0,1730,2,2022-02-08 09:01:21
1644310881598075000,124.5,2,124.5,29,125.0,1730,2,2022-02-08 09:01:21
1644310881649239000,124.5,2,124.5,28,125.0,1730,2,2022-02-08 09:01:21
1644310881807122000,124.5,1,124.5,33,125.0,1730,2,2022-02-08 09:01:21
1644310882186138000,124.5,1,124.5,39,125.0,1730,2,2022-02-08 09:01:22
1644310882192098000,124.5,1,124.5,38,125.0,1730,2,2022-02-08 09:01:22
1644310882247908000,125.0,2,124.5,39,125.0,1728,1,2022-02-08 09:01:22
1644310882535322000,124.5,3,124.5,47,125.0,1729,2,2022-02-08 09:01:22
1644310882834309000,125.0,5,124.5,59,125.0,1724,1,2022-02-08 09:01:22
1644310882900789000,125.0,2,124.5,59,125.0,1722,1,2022-02-08 09:01:22
1644310883134351000,124.5,1,124.5,59,125.0,1724,2,2022-02-08 09:01:23
1644310883384037000,125.0,1,124.5,71,125.0,1724,1,2022-02-08 09:01:23
1644310883384914000,124.5,1,124.5,70,125.0,1724,2,2022-02-08 09:01:23
1644310883436514000,124.5,1,124.5,70,125.0,1724,2,2022-02-08 09:01:23
1644310883679189000,124.5,1,124.5,75,125.0,1723,2,2022-02-08 09:01:23
1644310883912415000,125.0,10,124.5,83,125.0,1713,1,2022-02-08 09:01:23
1644310883997863000,125.0,3,124.5,85,125.0,1710,1,2022-02-08 09:01:23
1644310884251318000,124.5,1,124.5,89,125.0,1720,2,2022-02-08 09:01:24
1644310884323456000,124.5,1,124.5,88,125.0,1720,2,2022-02-08 09:01:24
1644310884544645000,125.0,1,124.5,93,125.0,1718,1,2022-02-08 09:01:24
1644310884806794000,124.5,1,124.5,94,125.0,1719,2,2022-02-08 09:01:24
1644310885046470000,124.5,2,124.5,97,125.0,1719,2,2022-02-08 09:01:25
1644310885051716000,124.5,20,124.5,77,125.0,1719,2,2022-02-08 09:01:25
1644310885168458000,125.0,2,124.5,86,125.0,1718,1,2022-02-08 09:01:25
1644310885558785000,125.0,1,124.5,102,125.0,1717,1,2022-02-08 09:01:25
1644310885642841000,124.5,1,124.5,107,125.0,1718,2,2022-02-08 09:01:25
1644310885983978000,125.0,2,124.5,130,125.0,1717,1,2022-02-08 09:01:25
1644310886068659000,124.5,119,124.5,29,125.0,1717,2,2022-02-08 09:01:26
1644310886106766000,124.5,3,124.5,26,125.0,1720,2,2022-02-08 09:01:26
1644310886113916000,125.0,1,124.5,26,125.0,1719,1,2022-02-08 09:01:26
1644310886160828000,124.5,1,124.5,25,125.0,1719,2,2022-02-08 09:01:26
1644310886177132000,125.0,2,124.5,25,125.0,1717,1,2022-02-08 09:01:26
1644310886237849000,124.5,5,124.5,20,125.0,1717,2,2022-02-08 09:01:26
1644310886323855000,124.5,1,124.5,32,125.0,1717,2,2022-02-08 09:01:26
1644310886329659000,124.5,1,124.5,31,125.0,1717,2,2022-02-08 09:01:26
1644310886370937000,124.5,1,124.5,30,125.0,1717,2,2022-02-08 09:01:26
1644310886520235000,125.0,10,124.5,32,125.0,1707,1,2022-02-08 09:01:26
1644310886885800000,124.5,3,124.5,44,125.0,1707,2,2022-02-08 09:01:26
1644310886942370000,125.0,1,124.5,49,125.0,1706,1,2022-02-08 09:01:26
1644310886944084000,124.5,1,124.5,48,125.0,1706,2,2022-02-08 09:01:26
1644310887148670000,124.5,22,124.5,30,125.0,1714,2,2022-02-08 09:01:27
1644310887240137000,125.0,1,124.5,31,125.0,1713,1,2022-02-08 09:01:27
1644310887330282000,124.5,22,124.5,10,125.0,1707,2,2022-02-08 09:01:27
1644310887353416000,125.0,1,124.5,11,125.0,1706,1,2022-02-08 09:01:27
1644310887356871000,124.5,5,124.5,6,125.0,1706,2,2022-02-08 09:01:27
1644310887476659000,124.5,7,124.0,1548,124.5,15,2,2022-02-08 09:01:27
1644310887508845000,124.5,15,124.0,1550,125.0,1719,1,2022-02-08 09:01:27
1644310887572434000,125.0,1,124.0,1558,125.0,1718,1,2022-02-08 09:01:27
1644310887643598000,124.5,3,124.0,1558,125.0,1718,2,2022-02-08 09:01:27
1644310887710304000,124.5,1,124.5,1,125.0,1718,2,2022-02-08 09:01:27
1644310887719472000,124.5,1,124.0,1556,124.5,19,2,2022-02-08 09:01:27
1644310887743831000,124.5,1,124.0,1556,124.5,18,1,2022-02-08 09:01:27
1644310887757871000,124.5,18,124.0,1556,125.0,1718,1,2022-02-08 09:01:27
1644310887800916000,124.5,2,124.5,1,125.0,1718,2,2022-02-08 09:01:27
1644310888022046000,125.0,1,124.5,6,125.0,1717,1,2022-02-08 09:01:28
1644310888110123000,124.5,1,124.5,47,125.0,1717,2,2022-02-08 09:01:28
1644310888250952000,124.5,2,124.5,47,125.0,1717,2,2022-02-08 09:01:28
1644310888381497000,125.0,3,124.5,49,125.0,1715,1,2022-02-08 09:01:28
1644310888517661000,125.0,1,124.5,54,125.0,1714,1,2022-02-08 09:01:28
1644310888562182000,125.0,1,124.5,57,125.0,1713,1,2022-02-08 09:01:28
1644310888563282000,124.5,22,124.5,35,125.0,1713,2,2022-02-08 09:01:28
1644310888691111000,124.5,1,124.5,42,125.0,1714,2,2022-02-08 09:01:28
1644310888730769000,124.5,22,124.5,20,125.0,1714,2,2022-02-08 09:01:28
1644310888853285000,125.0,5,124.5,30,125.0,1710,1,2022-02-08 09:01:28
1644310889059271000,124.5,1,124.5,40,125.0,1709,2,2022-02-08 09:01:29
1644310889405030000,125.0,1,124.5,66,125.0,1708,1,2022-02-08 09:01:29
1644310889508061000,125.0,3,124.5,66,125.0,1706,1,2022-02-08 09:01:29
1644310889990330000,125.0,1,124.5,82,125.0,1707,1,2022-02-08 09:01:29
1644310890089800000,124.5,2,124.5,81,125.0,1707,2,2022-02-08 09:01:30
1644310890301077000,125.0,10,124.5,93,125.0,1698,1,2022-02-08 09:01:30
1644310890307509000,125.0,1,124.5,93,125.0,1697,1,2022-02-08 09:01:30
1644310890330343000,124.5,1,124.5,92,125.0,1697,2,2022-02-08 09:01:30
1644310890442864000,124.5,4,124.5,89,125.0,1698,2,2022-02-08 09:01:30
1644310890477611000,124.5,1,124.5,88,125.0,1699,2,2022-02-08 09:01:30
1644310890564612000,125.0,15,124.5,87,125.0,1686,1,2022-02-08 09:01:30
1644310890589250000,125.0,1,124.5,87,125.0,1685,1,2022-02-08 09:01:30
1644310890610197000,125.0,3,124.5,89,125.0,1681,1,2022-02-08 09:01:30
1644310890675485000,124.5,1,124.5,88,125.0,1681,2,2022-02-08 09:01:30
1644310890698246000,124.5,1,124.5,87,125.0,1681,2,2022-02-08 09:01:30
1644310890731739000,124.5,5,124.5,82,125.0,1676,2,2022-02-08 09:01:30
1644310891433870000,125.0,2,124.5,103,125.0,1678,1,2022-02-08 09:01:31
1644310891442338000,124.5,1,124.5,102,125.0,1678,2,2022-02-08 09:01:31
1644310891827948000,125.0,20,124.5,114,125.0,1658,1,2022-02-08 09:01:31
1644310891920867000,125.0,1,124.5,118,125.0,1657,1,2022-02-08 09:01:31
1644310891977129000,124.5,2,124.5,126,125.0,1657,2,2022-02-08 09:01:31
1644310891990754000,125.0,1,124.5,126,125.0,1656,1,2022-02-08 09:01:31
1644310892103984000,125.0,1,124.5,129,125.0,1655,1,2022-02-08 09:01:32
1644310892262399000,125.0,1,124.5,152,125.0,1654,1,2022-02-08 09:01:32
1644310892357977000,125.0,1,124.5,155,125.0,1653,1,2022-02-08 09:01:32
1644310892739794000,124.5,1,124.5,164,125.0,1655,2,2022-02-08 09:01:32
1644310892952737000,125.0,30,124.5,168,125.0,1625,1,2022-02-08 09:01:32
1644310893106385000,125.0,3,124.5,271,125.0,2109,1,2022-02-08 09:01:33
1644310893107345000,125.0,1,124.5,271,125.0,2108,1,2022-02-08 09:01:33
1644310893131493000,125.0,1,124.5,272,125.0,2108,1,2022-02-08 09:01:33
1644310893263845000,125.0,1,124.5,274,125.0,2107,1,2022-02-08 09:01:33
1644310893532391000,125.0,1,124.5,284,125.0,2108,1,2022-02-08 09:01:33
1644310893787112000,125.0,1,124.5,289,125.0,2117,1,2022-02-08 09:01:33
1644310894006157000,124.5,2,124.5,296,125.0,2118,2,2022-02-08 09:01:34
1644310894789289000,125.0,1,124.5,330,125.0,2022,1,2022-02-08 09:01:34
1644310894816830000,125.0,1,124.5,331,125.0,2021,1,2022-02-08 09:01:34
1644310894861875000,124.5,1,124.5,331,125.0,2021,2,2022-02-08 09:01:34
1644310894907904000,125.0,1,124.5,336,125.0,2020,1,2022-02-08 09:01:34
1644310895018850000,124.5,1,124.5,335,125.0,2020,2,2022-02-08 09:01:35
1644310895228561000,125.0,100,124.5,241,125.0,1911,1,2022-02-08 09:01:35
1644310895309731000,125.0,5,124.5,244,125.0,1905,1,2022-02-08 09:01:35
1644310895473085000,125.0,1,124.5,265,125.0,1904,1,2022-02-08 09:01:35
1644310895626943000,124.5,4,124.5,261,125.0,1904,2,2022-02-08 09:01:35
1644310895707401000,125.0,2,124.5,271,125.0,1902,1,2022-02-08 09:01:35
1644310896000381000,124.5,1,124.5,280,125.0,1907,2,2022-02-08 09:01:36
1644310896114568000,125.0,2,124.5,281,125.0,1905,1,2022-02-08 09:01:36
1644310896633382000,125.0,1,124.5,299,125.0,1907,1,2022-02-08 09:01:36
1644310896687603000,124.5,1,124.5,300,125.0,1907,2,2022-02-08 09:01:36
1644310896736148000,124.5,1,124.5,304,125.0,1907,2,2022-02-08 09:01:36
1644310896865610000,125.0,1,124.5,310,125.0,1905,1,2022-02-08 09:01:36
1644310896868598000,125.0,1,124.5,310,125.0,1904,1,2022-02-08 09:01:36
1644310896973001000,124.5,1,124.5,317,125.0,1904,2,2022-02-08 09:01:36
1644310897044018000,125.0,5,124.5,327,125.0,1900,1,2022-02-08 09:01:37
1644310897083350000,125.0,1,124.5,329,125.0,1899,1,2022-02-08 09:01:37
1644310897252634000,125.0,50,124.5,333,125.0,1849,1,2022-02-08 09:01:37
1644310897335881000,125.0,5,124.5,336,125.0,1843,1,2022-02-08 09:01:37
1644310897471999000,124.5,4,124.5,333,125.0,1843,2,2022-02-08 09:01:37
1644310897507379000,124.5,1,124.5,331,125.0,1843,2,2022-02-08 09:01:37
1644310897514850000,124.5,1,124.5,330,125.0,1843,2,2022-02-08 09:01:37
1644310898013089000,125.0,2,124.5,356,125.0,1843,1,2022-02-08 09:01:38
1644310898217051000,125.0,4,124.5,374,125.0,1851,1,2022-02-08 09:01:38
1644310898344682000,124.5,1,124.5,374,125.0,1851,2,2022-02-08 09:01:38
1644310898461614000,125.0,1,124.5,374,125.0,1850,1,2022-02-08 09:01:38
1644310898477630000,125.0,1,124.5,374,125.0,1849,1,2022-02-08 09:01:38
1644310898484228000,125.0,1,124.5,374,125.0,1838,1,2022-02-08 09:01:38
1644310898913691000,125.0,2,124.5,403,125.0,1797,1,2022-02-08 09:01:38
1644310899111386000,124.5,1,124.5,403,125.0,1797,2,2022-02-08 09:01:39
1644310899124763000,125.0,1,124.5,403,125.0,1796,1,2022-02-08 09:01:39
1644310899284364000,125.0,2,124.5,406,125.0,1794,1,2022-02-08 09:01:39
1644310899305396000,124.5,1,124.5,405,125.0,1794,2,2022-02-08 09:01:39
1644310899336523000,125.0,1,124.5,407,125.0,1793,1,2022-02-08 09:01:39
1644310899678673000,125.0,2,124.5,424,125.0,1795,1,2022-02-08 09:01:39
1644310900034705000,125.0,1,124.5,484,125.0,1794,1,2022-02-08 09:01:40
1644310900186167000,125.0,1,124.5,487,125.0,1793,1,2022-02-08 09:01:40
1644310900192623000,125.0,10,124.5,487,125.0,1783,1,2022-02-08 09:01:40
1644310900250967000,125.0,1,124.5,488,125.0,1832,1,2022-02-08 09:01:40
1644310900466883000,124.5,1,124.5,495,125.0,1832,2,2022-02-08 09:01:40
1644310900487913000,124.5,1,124.5,500,125.0,1832,2,2022-02-08 09:01:40
1644310900637394000,125.0,1,124.5,501,125.0,1832,1,2022-02-08 09:01:40
1644310900664647000,125.0,1,124.5,501,125.0,1831,1,2022-02-08 09:01:40
1644310900930971000,125.0,5,124.5,502,125.0,1827,1,2022-02-08 09:01:40
1644310901405388000,125.0,1,124.5,536,125.0,1829,1,2022-02-08 09:01:41
1644310901730476000,125.0,2,124.5,540,125.0,1828,1,2022-02-08 09:01:41
1644310901825123000,125.0,1,124.5,545,125.0,1827,1,2022-02-08 09:01:41
1644310902058980000,125.0,1,124.5,548,125.0,1827,1,2022-02-08 09:01:42
1644310902092313000,124.5,5,124.5,546,125.0,1827,2,2022-02-08 09:01:42
1644310902208621000,125.0,1,124.5,547,125.0,1826,1,2022-02-08 09:01:42
1644310902251538000,125.0,1,124.5,547,125.0,1825,1,2022-02-08 09:01:42
1644310902320190000,125.0,1,124.5,547,125.0,1824,1,2022-02-08 09:01:42
1644310902462885000,125.0,1,124.5,550,125.0,1824,1,2022-02-08 09:01:42
1644310902517050000,125.0,1,124.5,555,125.0,1823,1,2022-02-08 09:01:42
1644310902853583000,125.0,1,124.5,558,125.0,1824,1,2022-02-08 09:01:42
1644310902921577000,125.0,1,124.5,559,125.0,1823,1,2022-02-08 09:01:42
1644310903051228000,125.0,5,124.5,560,125.0,1818,1,2022-02-08 09:01:43
1644310903113140000,124.5,2,124.5,564,125.0,1818,2,2022-02-08 09:01:43
1644310903117900000,125.0,1,124.5,564,125.0,1817,1,2022-02-08 09:01:43
1644310903143719000,125.0,2,124.5,566,125.0,1815,1,2022-02-08 09:01:43
1644310903169973000,124.5,3,124.5,563,125.0,3315,2,2022-02-08 09:01:43
1644310903169989000,125.0,10,124.5,563,125.0,3305,1,2022-02-08 09:01:43
1644310903183679000,124.5,1,124.5,563,125.0,3305,2,2022-02-08 09:01:43
1644310903191560000,125.0,1,124.5,558,125.0,3305,1,2022-02-08 09:01:43
1644310903231460000,125.0,5,124.5,558,125.0,3301,1,2022-02-08 09:01:43
1644310903270812000,124.5,2,124.5,559,125.0,3301,2,2022-02-08 09:01:43
1644310903503589000,125.0,2,124.5,562,125.0,6301,1,2022-02-08 09:01:43
1644310903575992000,125.0,5,124.5,564,125.0,6296,1,2022-02-08 09:01:43
1644310903605867000,125.0,1,124.5,564,125.0,6295,1,2022-02-08 09:01:43
1644310903745242000,125.0,1,124.5,569,125.0,1794,1,2022-02-08 09:01:43
1644310903781340000,125.0,20,124.5,570,125.0,1774,1,2022-02-08 09:01:43
1644310904037004000,125.0,1,124.5,659,125.0,1773,1,2022-02-08 09:01:44
1644310904142372000,125.0,1,124.5,659,125.0,1772,1,2022-02-08 09:01:44
1644310904230084000,125.0,1,124.5,662,125.0,1771,1,2022-02-08 09:01:44
1644310904428934000,125.0,1,124.5,663,125.0,1770,1,2022-02-08 09:01:44
1644310904534024000,125.0,1,124.5,664,125.0,1769,1,2022-02-08 09:01:44
1644310904604903000,125.0,2,124.5,662,125.0,1767,1,2022-02-08 09:01:44
1644310904674962000,124.5,2,124.5,660,125.0,1767,2,2022-02-08 09:01:44
1644310904752190000,125.0,3,124.5,661,125.0,1766,1,2022-02-08 09:01:44
1644310904754154000,125.0,2,124.5,661,125.0,1764,1,2022-02-08 09:01:44
1644310904921587000,125.0,4,124.5,665,125.0,1760,1,2022-02-08 09:01:44
1644310904924362000,124.5,1,124.5,664,125.0,1760,2,2022-02-08 09:01:44
1644310905107673000,125.0,2,124.5,668,125.0,1344,1,2022-02-08 09:01:45
1644310905337806000,124.5,10,124.5,660,125.0,1343,2,2022-02-08 09:01:45
1644310905552638000,124.5,1,124.5,660,125.0,1342,2,2022-02-08 09:01:45
1644310905714140000,124.5,1,124.5,659,125.0,1343,2,2022-02-08 09:01:45
1644310905790425000,124.5,1,124.5,659,125.0,1343,2,2022-02-08 09:01:45
1644310905845884000,125.0,1,124.5,659,125.0,1342,1,2022-02-08 09:01:45
1644310905874958000,125.0,1,124.5,659,125.0,1341,1,2022-02-08 09:01:45
1644310905980878000,125.0,5,124.5,659,125.0,1339,1,2022-02-08 09:01:45
1644310905990413000,125.0,499,124.5,659,125.0,840,1,2022-02-08 09:01:45
1644310906023379000,125.0,109,124.5,659,125.0,730,1,2022-02-08 09:01:46
1644310906089609000,124.5,3,124.5,657,125.0,722,2,2022-02-08 09:01:46
1644310906190742000,125.0,1,124.5,682,125.0,734,1,2022-02-08 09:01:46
1644310906283264000,125.0,1,124.5,683,125.0,736,1,2022-02-08 09:01:46
1644310906401173000,125.0,1,124.5,698,125.0,735,1,2022-02-08 09:01:46
1644310906504363000,125.0,3,124.5,695,125.0,731,1,2022-02-08 09:01:46
1644310906526035000,125.0,1,124.5,697,125.0,730,1,2022-02-08 09:01:46
1644310906585597000,124.5,1,124.5,696,125.0,730,2,2022-02-08 09:01:46
1644310906835216000,125.0,449,124.5,727,125.0,282,1,2022-02-08 09:01:46
1644310906835720000,125.0,90,124.5,727,125.0,192,1,2022-02-08 09:01:46
1644310906835946000,125.0,192,125.0,118,125.5,935,1,2022-02-08 09:01:46
1644310906865270000,125.0,1,125.0,768,125.5,929,2,2022-02-08 09:01:46
1644310906962889000,125.5,2,125.0,773,125.5,925,1,2022-02-08 09:01:46
1644310907004176000,125.0,3,125.0,3,125.5,926,2,2022-02-08 09:01:47
1644310907096180000,125.0,1,125.0,2,125.5,928,2,2022-02-08 09:01:47
1644310907282085000,125.0,1,125.0,3,125.5,927,2,2022-02-08 09:01:47
1644310907650506000,125.5,30,125.0,54,125.5,896,1,2022-02-08 09:01:47
1644310907655864000,125.0,1,125.0,53,125.5,896,2,2022-02-08 09:01:47
1644310907704071000,125.5,2,125.0,54,125.5,894,1,2022-02-08 09:01:47
1644310907806833000,125.5,1,125.0,54,125.5,893,1,2022-02-08 09:01:47
1644310907951607000,125.0,1,125.0,76,125.5,893,2,2022-02-08 09:01:47
1644310907985252000,125.0,1,125.0,76,125.5,893,2,2022-02-08 09:01:47
1644310908249762000,125.5,1,125.0,123,125.5,963,1,2022-02-08 09:01:48
1644310908763292000,125.0,1,125.0,141,125.5,963,2,2022-02-08 09:01:48
1644310909030192000,125.5,1,125.0,151,125.5,962,1,2022-02-08 09:01:49
1644310909340152000,125.0,1,125.0,152,125.5,960,2,2022-02-08 09:01:49
1644310909401956000,125.5,2,125.0,152,125.5,958,1,2022-02-08 09:01:49
1644310909497462000,125.0,13,125.0,141,125.5,945,2,2022-02-08 09:01:49
1644310909756448000,125.0,1,125.0,207,125.5,945,2,2022-02-08 09:01:49
1644310909805026000,125.5,1,125.0,207,125.5,944,1,2022-02-08 09:01:49
1644310910001656000,125.5,3,125.0,208,125.5,942,1,2022-02-08 09:01:50
1644310910012533000,125.5,1,125.0,208,125.5,941,1,2022-02-08 09:01:50
1644310910415496000,125.5,3,125.0,215,125.5,958,1,2022-02-08 09:01:50
1644310910764140000,125.0,1,125.0,227,125.5,928,2,2022-02-08 09:01:50
1644310910916297000,125.5,3,125.0,227,125.5,925,1,2022-02-08 09:01:50
1644310911173235000,125.5,10,125.0,229,125.5,915,1,2022-02-08 09:01:51
1644310911230867000,125.5,1,125.0,229,125.5,913,1,2022-02-08 09:01:51
1644310911274235000,125.5,1,125.0,229,125.5,913,1,2022-02-08 09:01:51
1644310911398420000,125.5,1,125.0,233,125.5,912,1,2022-02-08 09:01:51
1644310911424193000,125.0,1,125.0,233,125.5,912,2,2022-02-08 09:01:51
1644310911441040000,125.0,1,125.0,237,125.5,912,2,2022-02-08 09:01:51
1644310911507153000,125.0,1,125.0,237,125.5,916,2,2022-02-08 09:01:51
1644310911759486000,125.5,1,125.0,247,125.5,916,1,2022-02-08 09:01:51
1644310911797634000,125.0,1,125.0,246,125.5,916,2,2022-02-08 09:01:51
1644310911831796000,125.0,2,125.0,244,125.5,916,2,2022-02-08 09:01:51
1644310912053784000,125.0,1,125.0,286,125.5,916,2,2022-02-08 09:01:52
1644310912353334000,125.0,1,125.0,293,125.5,915,2,2022-02-08 09:01:52
1644310912392561000,125.0,5,125.0,288,125.5,915,2,2022-02-08 09:01:52
1644310912400659000,125.5,1,125.0,288,125.5,914,1,2022-02-08 09:01:52
1644310912478738000,125.5,1,125.0,288,125.5,913,1,2022-02-08 09:01:52
1644310912737055000,125.0,1,125.0,306,125.5,912,2,2022-02-08 09:01:52
1644310912773312000,125.5,1,125.0,307,125.5,911,1,2022-02-08 09:01:52
1644310912806796000,125.5,1,125.0,307,125.5,910,1,2022-02-08 09:01:52
1644310912876038000,125.5,2,125.0,308,125.5,908,1,2022-02-08 09:01:52
1644310912976912000,125.5,3,125.0,311,125.5,905,1,2022-02-08 09:01:52
1644310913244865000,125.5,1,125.0,316,125.5,904,1,2022-02-08 09:01:53
1644310913322012000,125.0,2,125.0,314,125.5,904,2,2022-02-08 09:01:53
1644310913358587000,125.5,1,125.0,314,125.5,903,1,2022-02-08 09:01:53
1644310913549663000,125.0,1,125.0,317,125.5,912,2,2022-02-08 09:01:53
1644310913641539000,125.5,1,125.0,328,125.5,911,1,2022-02-08 09:01:53
1644310913694469000,125.0,2,125.0,327,125.5,911,2,2022-02-08 09:01:53
1644310913833720000,125.5,1,125.0,329,125.5,935,1,2022-02-08 09:01:53
1644310913904655000,125.5,1,125.0,335,125.5,934,1,2022-02-08 09:01:53
1644310914109654000,125.5,4,125.0,366,125.5,931,1,2022-02-08 09:01:54
1644310914290524000,125.5,1,125.0,374,125.5,930,1,2022-02-08 09:01:54
1644310914869720000,125.0,1,125.0,393,125.5,960,2,2022-02-08 09:01:54
1644310914912047000,125.0,1,125.0,393,125.5,960,2,2022-02-08 09:01:54
1644310914980452000,125.5,1,125.0,393,125.5,981,1,2022-02-08 09:01:54
1644310915182360000,125.5,1,125.0,398,125.5,982,1,2022-02-08 09:01:55
1644310915218367000,125.5,3,125.0,398,125.5,979,1,2022-02-08 09:01:55
1644310915309299000,125.5,2,125.0,399,125.5,963,1,2022-02-08 09:01:55
1644310915380181000,125.5,1,125.0,399,125.5,944,1,2022-02-08 09:01:55
1644310915472486000,125.5,1,125.0,405,125.5,914,1,2022-02-08 09:01:55
1644310915472764000,125.5,1,125.0,405,125.5,913,1,2022-02-08 09:01:55
1644310915474941000,125.5,2,125.0,405,125.5,910,1,2022-02-08 09:01:55
1644310915486844000,125.5,1,125.0,406,125.5,905,1,2022-02-08 09:01:55
1644310915584973000,125.5,1,125.0,407,125.5,895,1,2022-02-08 09:01:55
1644310915602873000,125.0,1,125.0,406,125.5,895,2,2022-02-08 09:01:55
1644310915659536000,125.5,10,125.0,406,125.5,885,1,2022-02-08 09:01:55
1644310915726998000,125.5,1,125.0,412,125.5,884,1,2022-02-08 09:01:55
1644310915861482000,125.5,1,125.0,413,125.5,882,1,2022-02-08 09:01:55
1644310916101848000,125.5,1,125.0,419,125.5,881,1,2022-02-08 09:01:56
1644310916149308000,125.5,1,125.0,423,125.5,880,1,2022-02-08 09:01:56
1644310916231680000,125.5,2,125.0,426,125.5,888,1,2022-02-08 09:01:56
1644310916518713000,125.5,3,125.0,433,125.5,886,1,2022-02-08 09:01:56
1644310916542676000,125.5,4,125.0,434,125.5,882,1,2022-02-08 09:01:56
1644310916615112000,125.0,2,125.0,432,125.5,904,2,2022-02-08 09:01:56
1644310916622906000,125.5,1,125.0,433,125.5,903,1,2022-02-08 09:01:56
1644310916689009000,125.5,1,125.0,435,125.5,903,1,2022-02-08 09:01:56
1644310916947410000,125.0,1,125.0,453,125.5,978,2,2022-02-08 09:01:56
1644310917050077000,125.0,3,125.0,453,125.5,978,2,2022-02-08 09:01:57
1644310917075330000,125.5,2,125.0,454,125.5,976,1,2022-02-08 09:01:57
1644310917078531000,125.5,1,125.0,454,125.5,975,1,2022-02-08 09:01:57
1644310917174173000,125.5,50,125.0,456,125.5,927,1,2022-02-08 09:01:57
1644310917205658000,125.5,1,125.0,456,125.5,846,1,2022-02-08 09:01:57
1644310917235177000,125.5,5,125.0,458,125.5,840,1,2022-02-08 09:01:57
1644310917253647000,125.5,1,125.0,459,125.5,839,1,2022-02-08 09:01:57
1644310917387862000,125.5,5,125.0,462,125.5,835,1,2022-02-08 09:01:57
1644310917755045000,125.5,1,125.0,465,125.5,836,1,2022-02-08 09:01:57
1644310917944117000,125.0,1,125.0,474,125.5,841,2,2022-02-08 09:01:57
1644310918109926000,125.0,1,125.0,498,125.5,844,2,2022-02-08 09:01:58
1644310918268117000,125.5,2,125.0,498,125.5,842,1,2022-02-08 09:01:58
1644310918307953000,125.5,1,125.0,502,125.5,841,1,2022-02-08 09:01:58
1644310918324117000,125.5,15,125.0,505,125.5,826,1,2022-02-08 09:01:58
1644310918348240000,125.5,5,125.0,505,125.5,821,1,2022-02-08 09:01:58
1644310918479858000,125.5,1,125.0,508,125.5,820,1,2022-02-08 09:01:58
1644310918581514000,125.5,1,125.0,513,125.5,819,1,2022-02-08 09:01:58
1644310918610328000,125.5,6,125.0,514,125.5,813,1,2022-02-08 09:01:58
1644310918704280000,125.5,1,125.0,516,125.5,812,1,2022-02-08 09:01:58
1644310918850481000,125.5,1,125.0,519,125.5,810,1,2022-02-08 09:01:58
1644310918898276000,125.5,1,125.0,526,125.5,809,1,2022-02-08 09:01:58
1644310918935869000,125.5,1,125.0,526,125.5,808,1,2022-02-08 09:01:58
1644310919066718000,125.5,1,125.0,555,125.5,809,1,2022-02-08 09:01:59
1644310919068171000,125.5,3,125.0,555,125.5,806,1,2022-02-08 09:01:59
1644310919165232000,125.5,5,125.0,565,125.5,802,1,2022-02-08 09:01:59
1644310919185957000,125.0,10,125.0,555,125.5,802,2,2022-02-08 09:01:59
1644310919243199000,125.5,2,125.0,556,125.5,801,1,2022-02-08 09:01:59
1644310919448123000,125.5,1,125.0,662,125.5,800,1,2022-02-08 09:01:59
1644310919463761000,125.5,1,125.0,662,125.5,802,1,2022-02-08 09:01:59
1644310919508521000,125.5,1,125.0,662,125.5,801,1,2022-02-08 09:01:59
1644310919534200000,125.5,2,125.0,665,125.5,799,1,2022-02-08 09:01:59
1644310919564311000,125.5,3,125.0,665,125.5,797,1,2022-02-08 09:01:59
1644310919584132000,125.5,1,125.0,665,125.5,796,1,2022-02-08 09:01:59
1644310919591521000,125.0,1,125.0,664,125.5,796,2,2022-02-08 09:01:59
1644310919692446000,125.5,2,125.0,665,125.5,793,1,2022-02-08 09:01:59
1644310919703073000,125.5,1,125.0,666,125.5,792,1,2022-02-08 09:01:59
1644310919776150000,125.5,1,125.0,667,125.5,791,1,2022-02-08 09:01:59
1644310919885360000,125.0,1,125.0,673,125.5,792,2,2022-02-08 09:01:59
1644310919938528000,125.5,2,125.0,674,125.5,840,1,2022-02-08 09:01:59
1644310919995671000,125.5,1,125.0,676,125.5,839,1,2022-02-08 09:01:59
1644310920093036000,125.5,1,125.0,678,125.5,839,1,2022-02-08 09:02:00
1644310920093528000,125.5,1,125.0,678,125.5,838,1,2022-02-08 09:02:00
1644310920184574000,125.0,1,125.0,738,125.5,838,2,2022-02-08 09:02:00
1644310920195992000,125.0,1,125.0,737,125.5,838,2,2022-02-08 09:02:00
1644310920239728000,125.5,1,125.0,739,125.5,837,1,2022-02-08 09:02:00
1644310920246466000,125.5,2,125.0,737,125.5,835,1,2022-02-08 09:02:00
1644310920247543000,125.5,1,125.0,736,125.5,834,1,2022-02-08 09:02:00
1644310920329554000,125.5,7,125.0,739,125.5,828,1,2022-02-08 09:02:00
1644310920396161000,125.5,1,125.0,740,125.5,828,1,2022-02-08 09:02:00
1644310920447701000,125.5,1,125.0,740,125.5,827,1,2022-02-08 09:02:00
1644310920456527000,125.5,1,125.0,741,125.5,826,1,2022-02-08 09:02:00
1644310920523492000,125.5,1,125.0,742,125.5,825,1,2022-02-08 09:02:00
1644310920531546000,125.5,20,125.0,743,125.5,805,1,2022-02-08 09:02:00
1644310920573340000,125.5,1,125.0,744,125.5,805,1,2022-02-08 09:02:00
1644310920584141000,125.5,1,125.0,744,125.5,804,1,2022-02-08 09:02:00
1644310920595490000,125.5,1,125.0,745,125.5,803,1,2022-02-08 09:02:00
1644310920601608000,125.5,1,125.0,745,125.5,802,1,2022-02-08 09:02:00
1644310920601883000,125.0,1,125.0,744,125.5,802,2,2022-02-08 09:02:00
1644310920649417000,125.5,1,125.0,744,125.5,801,1,2022-02-08 09:02:00
1644310920777496000,125.5,2,125.0,745,125.5,799,1,2022-02-08 09:02:00
1644310920783992000,125.5,1,125.0,745,125.5,798,1,2022-02-08 09:02:00
1644310920850925000,125.5,1,125.0,746,125.5,797,1,2022-02-08 09:02:00
1644310920880662000,125.5,2,125.0,747,125.5,795,1,2022-02-08 09:02:00
1644310920903021000,125.5,1,125.0,747,125.5,794,1,2022-02-08 09:02:00
1644310920931693000,125.5,2,125.0,747,125.5,792,1,2022-02-08 09:02:00
1644310920965381000,125.0,1,125.0,748,125.5,792,2,2022-02-08 09:02:00
1644310921020749000,125.5,5,125.0,750,125.5,787,1,2022-02-08 09:02:01
1644310921030852000,125.5,3,125.0,753,125.5,784,1,2022-02-08 09:02:01
1644310921167660000,125.5,15,125.0,755,125.5,721,1,2022-02-08 09:02:01
1644310921219375000,125.0,3,125.0,754,125.5,720,2,2022-02-08 09:02:01
1644310921256021000,125.5,1,125.0,754,125.5,719,1,2022-02-08 09:02:01
1644310921317104000,125.5,20,125.0,755,125.5,700,1,2022-02-08 09:02:01
1644310921322757000,125.5,1,125.0,755,125.5,699,1,2022-02-08 09:02:01
1644310921486132000,125.5,1,125.0,769,125.5,699,1,2022-02-08 09:02:01
1644310921535690000,125.5,1,125.0,772,125.5,698,1,2022-02-08 09:02:01
1644310921537765000,125.5,3,125.0,772,125.5,695,1,2022-02-08 09:02:01
1644310921550063000,125.5,1,125.0,773,125.5,694,1,2022-02-08 09:02:01
1644310921611283000,125.5,2,125.0,775,125.5,691,1,2022-02-08 09:02:01
1644310921634222000,125.5,3,125.0,775,125.5,688,1,2022-02-08 09:02:01
1644310921787485000,125.0,1,125.0,805,125.5,688,2,2022-02-08 09:02:01
1644310921823334000,125.5,1,125.0,806,125.5,688,1,2022-02-08 09:02:01
1644310921859952000,125.5,5,125.0,808,125.5,683,1,2022-02-08 09:02:01
1644310922044984000,125.5,50,125.0,813,125.5,645,1,2022-02-08 09:02:02
1644310922074546000,125.5,10,125.0,813,125.5,636,1,2022-02-08 09:02:02
1644310922093557000,125.5,1,125.0,813,125.5,634,1,2022-02-08 09:02:02
1644310922096541000,125.0,1,125.0,812,125.5,634,2,2022-02-08 09:02:02
1644310922163386000,125.5,1,125.0,816,125.5,633,1,2022-02-08 09:02:02
1644310922189865000,125.5,1,125.0,816,125.5,631,1,2022-02-08 09:02:02
1644310922219581000,125.5,1,125.0,816,125.5,630,1,2022-02-08 09:02:02
1644310922227682000,125.5,5,125.0,816,125.5,625,1,2022-02-08 09:02:02
1644310922308031000,125.5,1,125.0,823,125.5,634,1,2022-02-08 09:02:02
1644310922509993000,125.5,1,125.0,833,125.5,635,1,2022-02-08 09:02:02
1644310922512577000,125.5,4,125.0,833,125.5,631,1,2022-02-08 09:02:02
1644310922531490000,125.5,1,125.0,833,125.5,630,1,2022-02-08 09:02:02
1644310922654695000,125.5,1,125.0,836,125.5,629,1,2022-02-08 09:02:02
1644310922675450000,125.5,1,125.0,837,125.5,628,1,2022-02-08 09:02:02
1644310922696480000,125.5,1,125.0,838,125.5,627,1,2022-02-08 09:02:02
1644310922722928000,125.5,1,125.0,838,125.5,626,1,2022-02-08 09:02:02
1644310922725449000,125.5,4,125.0,838,125.5,622,1,2022-02-08 09:02:02
1644310922730564000,125.5,2,125.0,838,125.5,620,1,2022-02-08 09:02:02
1644310922741344000,125.5,1,125.0,837,125.5,619,1,2022-02-08 09:02:02
1644310922775151000,125.5,1,125.0,837,125.5,618,1,2022-02-08 09:02:02
1644310922813916000,125.5,2,125.0,837,125.5,625,1,2022-02-08 09:02:02
1644310922846464000,125.5,4,125.0,838,125.5,621,1,2022-02-08 09:02:02
1644310922877986000,125.5,1,125.0,841,125.5,620,1,2022-02-08 09:02:02
1644310922878658000,125.0,2,125.0,839,125.5,620,2,2022-02-08 09:02:02
1644310922915171000,125.5,20,125.0,840,125.5,600,1,2022-02-08 09:02:02
1644310922939418000,125.5,1,125.0,841,125.5,599,1,2022-02-08 09:02:02
1644310923021598000,125.5,2,125.0,841,125.5,586,1,2022-02-08 09:02:03
1644310923022750000,125.5,1,125.0,841,125.5,585,1,2022-02-08 09:02:03
1644310923225349000,125.5,3,125.0,848,125.5,816,1,2022-02-08 09:02:03
1644310923243057000,125.5,1,125.0,849,125.5,815,1,2022-02-08 09:02:03
1644310923453941000,125.5,1,125.0,851,125.5,813,1,2022-02-08 09:02:03
1644310923458617000,125.5,1,125.0,851,125.5,812,1,2022-02-08 09:02:03
1644310923471086000,125.5,1,125.0,852,125.5,811,1,2022-02-08 09:02:03
1644310923491860000,125.5,1,125.0,852,125.5,811,1,2022-02-08 09:02:03
1644310923515568000,125.5,1,125.0,854,125.5,815,1,2022-02-08 09:02:03
1644310923584106000,125.5,1,125.0,856,125.5,814,1,2022-02-08 09:02:03
1644310923615193000,125.5,1,125.0,856,125.5,813,1,2022-02-08 09:02:03
1644310923782303000,125.5,1,125.0,865,125.5,838,1,2022-02-08 09:02:03
1644310923800408000,125.5,1,125.0,865,125.5,838,1,2022-02-08 09:02:03
1644310923818594000,125.5,1,125.0,865,125.5,838,1,2022-02-08 09:02:03
1644310923861709000,125.5,1,125.0,866,125.5,836,1,2022-02-08 09:02:03
1644310923991901000,125.0,1,125.0,871,125.5,839,2,2022-02-08 09:02:03
1644310924016218000,125.5,1,125.0,871,125.5,838,1,2022-02-08 09:02:04
1644310924031145000,125.5,1,125.0,871,125.5,838,1,2022-02-08 09:02:04
1644310924034915000,125.5,1,125.0,871,125.5,837,1,2022-02-08 09:02:04
1644310924080796000,125.0,1,125.0,870,125.5,837,2,2022-02-08 09:02:04
1644310924107035000,125.5,1,125.0,870,125.5,866,1,2022-02-08 09:02:04
1644310924155134000,125.5,1,125.0,870,125.5,865,1,2022-02-08 09:02:04
1644310924176364000,125.5,1,125.0,870,125.5,864,1,2022-02-08 09:02:04
1644310924185406000,125.5,1,125.0,870,125.5,863,1,2022-02-08 09:02:04
1644310924210451000,125.5,12,125.0,870,125.5,851,1,2022-02-08 09:02:04
1644310924222237000,125.5,1,125.0,870,125.5,850,1,2022-02-08 09:02:04
1644310924297031000,125.5,1,125.0,872,125.5,859,1,2022-02-08 09:02:04
1644310924337858000,125.5,1,125.0,873,125.5,858,1,2022-02-08 09:02:04
1644310924464543000,125.5,1,125.0,884,125.5,857,1,2022-02-08 09:02:04
1644310924477950000,125.5,3,125.0,884,125.5,854,1,2022-02-08 09:02:04
1644310924505620000,125.5,1,125.0,885,125.5,852,1,2022-02-08 09:02:04
1644310924507962000,125.5,2,125.0,885,125.5,850,1,2022-02-08 09:02:04
1644310924535896000,125.5,1,125.0,885,125.5,853,1,2022-02-08 09:02:04
1644310924594963000,125.5,1,125.0,885,125.5,857,1,2022-02-08 09:02:04
1644310924603362000,125.5,3,125.0,882,125.5,854,1,2022-02-08 09:02:04
1644310924626089000,125.5,5,125.0,882,125.5,849,1,2022-02-08 09:02:04
1644310924636995000,125.5,2,125.0,882,125.5,847,1,2022-02-08 09:02:04
1644310924659344000,125.5,1,125.0,882,125.5,850,1,2022-02-08 09:02:04
1644310924842583000,125.5,2,125.0,885,125.5,868,1,2022-02-08 09:02:04
1644310924861386000,125.5,1,125.0,886,125.5,867,1,2022-02-08 09:02:04
1644310924865011000,125.5,1,125.0,886,125.5,866,1,2022-02-08 09:02:04
1644310924930922000,125.5,3,125.0,886,125.5,868,1,2022-02-08 09:02:04
1644310924987232000,125.5,1,125.0,889,125.5,867,1,2022-02-08 09:02:04
1644310925011703000,125.5,1,125.0,889,125.5,866,1,2022-02-08 09:02:05
1644310925063611000,125.5,1,125.0,892,125.5,865,1,2022-02-08 09:02:05
1644310925105642000,125.0,1,125.0,891,125.5,865,2,2022-02-08 09:02:05
1644310925173171000,125.5,10,125.0,891,125.5,857,1,2022-02-08 09:02:05
1644310925244032000,125.5,2,125.0,906,125.5,864,1,2022-02-08 09:02:05
1644310925269425000,125.5,1,125.0,906,125.5,863,1,2022-02-08 09:02:05
1644310925349111000,125.5,2,125.0,906,125.5,861,1,2022-02-08 09:02:05
1644310925390188000,125.5,1,125.0,905,125.5,861,1,2022-02-08 09:02:05
1644310925486723000,125.5,3,125.0,908,125.5,859,1,2022-02-08 09:02:05
1644310925516560000,125.5,1,125.0,908,125.5,860,1,2022-02-08 09:02:05
1644310925597161000,125.5,1,125.0,908,125.5,859,1,2022-02-08 09:02:05
1644310925645717000,125.0,1,125.0,907,125.5,863,2,2022-02-08 09:02:05
1644310925758801000,125.5,1,125.0,908,125.5,864,1,2022-02-08 09:02:05
1644310925843543000,125.5,1,125.0,915,125.5,863,1,2022-02-08 09:02:05
1644310926049409000,125.5,1,125.0,927,125.5,867,1,2022-02-08 09:02:06
1644310926052971000,125.5,5,125.0,922,125.5,862,1,2022-02-08 09:02:06
1644310926184365000,125.5,2,125.0,929,125.5,862,1,2022-02-08 09:02:06
1644310926188164000,125.5,1,125.0,929,125.5,861,1,2022-02-08 09:02:06
1644310926272440000,125.5,2,125.0,929,125.5,859,1,2022-02-08 09:02:06
1644310926278612000,125.5,1,125.0,929,125.5,858,1,2022-02-08 09:02:06
1644310926338542000,125.0,50,125.0,881,125.5,859,2,2022-02-08 09:02:06
1644310926377595000,125.5,10,125.0,881,125.5,950,1,2022-02-08 09:02:06
1644310926394550000,125.5,1,125.0,881,125.5,949,1,2022-02-08 09:02:06
1644310926560512000,125.5,1,125.0,883,125.5,953,1,2022-02-08 09:02:06
1644310926594274000,125.5,1,125.0,883,125.5,953,1,2022-02-08 09:02:06
1644310926651351000,125.5,1,125.0,884,125.5,952,1,2022-02-08 09:02:06
1644310926711069000,125.5,1,125.0,884,125.5,972,1,2022-02-08 09:02:06
1644310926743649000,125.5,1,125.0,884,125.5,981,1,2022-02-08 09:02:06
1644310926982449000,125.5,1,125.0,885,125.5,986,1,2022-02-08 09:02:06
1644310926992056000,125.5,2,125.0,885,125.5,984,1,2022-02-08 09:02:06
1644310927034957000,125.0,1,125.0,884,125.5,989,2,2022-02-08 09:02:07
1644310927036332000,125.5,1,125.0,884,125.5,988,1,2022-02-08 09:02:07
1644310927042730000,125.5,10,125.0,884,125.5,978,1,2022-02-08 09:02:07
1644310927045564000,125.5,1,125.0,884,125.5,977,1,2022-02-08 09:02:07
1644310927082777000,125.0,2,125.0,887,125.5,976,2,2022-02-08 09:02:07
1644310927104210000,125.5,10,125.0,888,125.5,966,1,2022-02-08 09:02:07
1644310927140177000,125.5,2,125.0,889,125.5,969,1,2022-02-08 09:02:07
1644310927183154000,125.5,25,125.0,890,125.5,947,1,2022-02-08 09:02:07
1644310927245263000,125.5,1,125.0,890,125.5,946,1,2022-02-08 09:02:07
1644310927414564000,125.5,1,125.0,892,125.5,945,1,2022-02-08 09:02:07
1644310927490562000,125.0,2,125.0,940,125.5,945,2,2022-02-08 09:02:07
1644310927498568000,125.5,1,125.0,940,125.5,944,1,2022-02-08 09:02:07
1644310927544297000,125.0,1,125.0,939,125.5,944,2,2022-02-08 09:02:07
1644310927571876000,125.5,3,125.0,939,125.5,941,1,2022-02-08 09:02:07
1644310927873427000,125.0,1,125.0,943,125.5,940,2,2022-02-08 09:02:07
1644310927881946000,125.5,1,125.0,943,125.5,939,1,2022-02-08 09:02:07
1644310927889339000,125.5,15,125.0,943,125.5,924,1,2022-02-08 09:02:07
1644310927889975000,125.5,2,125.0,943,125.5,922,1,2022-02-08 09:02:07
1644310928001266000,125.5,10,125.0,945,125.5,913,1,2022-02-08 09:02:08
1644310928021523000,125.5,2,125.0,945,125.5,919,1,2022-02-08 09:02:08
1644310928025069000,125.5,1,125.0,945,125.5,918,1,2022-02-08 09:02:08
1644310928030510000,125.5,1,125.0,944,125.5,917,1,2022-02-08 09:02:08
1644310928105772000,125.5,1,125.0,944,125.5,916,1,2022-02-08 09:02:08
1644310928120296000,125.5,1,125.0,944,125.5,915,1,2022-02-08 09:02:08
1644310928318640000,125.5,5,125.0,948,125.5,910,1,2022-02-08 09:02:08
1644310928348316000,125.5,1,125.0,953,125.5,909,1,2022-02-08 09:02:08
1644310928435166000,125.5,1,125.0,958,125.5,908,1,2022-02-08 09:02:08
1644310928651786000,125.5,2,125.0,959,125.5,1074,1,2022-02-08 09:02:08
1644310928709543000,125.5,1,125.0,959,125.5,1073,1,2022-02-08 09:02:08
1644310928727195000,125.5,2,125.0,961,125.5,1071,1,2022-02-08 09:02:08
1644310928759454000,125.5,2,125.0,961,125.5,1069,1,2022-02-08 09:02:08
1644310928804129000,125.5,1,125.0,961,125.5,1071,1,2022-02-08 09:02:08
1644310928869785000,125.5,1,125.0,964,125.5,1070,1,2022-02-08 09:02:08
1644310928925253000,125.5,5,125.0,964,125.5,1116,1,2022-02-08 09:02:08
1644310928936806000,125.5,3,125.0,964,125.5,1113,1,2022-02-08 09:02:08
1644310928988631000,125.5,5,125.0,960,125.5,1108,1,2022-02-08 09:02:08
1644310929100444000,125.5,5,125.0,961,125.5,1103,1,2022-02-08 09:02:09
1644310929202392000,125.5,1,125.0,964,125.5,1102,1,2022-02-08 09:02:09
1644310929295166000,125.5,1,125.0,963,125.5,1101,1,2022-02-08 09:02:09
1644310929439969000,125.5,1,125.0,967,125.5,1100,1,2022-02-08 09:02:09
1644310929461593000,125.0,2,125.0,965,125.5,1100,2,2022-02-08 09:02:09
1644310929777381000,125.5,1,125.0,979,125.5,1106,1,2022-02-08 09:02:09
1644310929905530000,125.5,2,125.0,981,125.5,1106,1,2022-02-08 09:02:09
1644310930024790000,125.5,2,125.0,983,125.5,1105,1,2022-02-08 09:02:10
1644310930047322000,125.0,1,125.0,982,125.5,1105,2,2022-02-08 09:02:10
1644310930120275000,125.5,1,125.0,982,125.5,1106,1,2022-02-08 09:02:10
1644310930136015000,125.5,2,125.0,932,125.5,1104,1,2022-02-08 09:02:10
1644310930254932000,125.5,1,125.0,933,125.5,1102,1,2022-02-08 09:02:10
1644310930259574000,125.5,2,125.0,933,125.5,1100,1,2022-02-08 09:02:10
1644310930362324000,125.5,5,125.0,933,125.5,1095,1,2022-02-08 09:02:10
1644310930385738000,125.5,1,125.0,933,125.5,1094,1,2022-02-08 09:02:10
1644310930436934000,125.5,3,125.0,933,125.5,1091,1,2022-02-08 09:02:10
1644310930546753000,125.5,2,125.0,934,125.5,1089,1,2022-02-08 09:02:10
1644310930564228000,125.5,1,125.0,934,125.5,1088,1,2022-02-08 09:02:10
1644310930577585000,125.5,1,125.0,934,125.5,1087,1,2022-02-08 09:02:10
1644310930580008000,125.5,1,125.0,934,125.5,1086,1,2022-02-08 09:02:10
1644310930604455000,125.5,2,125.0,932,125.5,1084,1,2022-02-08 09:02:10
1644310930605220000,125.5,10,125.0,932,125.5,1074,1,2022-02-08 09:02:10
1644310930608331000,125.5,1,125.0,932,125.5,1073,1,2022-02-08 09:02:10
1644310930681144000,125.5,20,125.0,882,125.5,1054,1,2022-02-08 09:02:10
1644310930719109000,125.5,1,125.0,883,125.5,1053,1,2022-02-08 09:02:10
1644310930753606000,125.5,1,125.0,894,125.5,1052,1,2022-02-08 09:02:10
1644310930755254000,125.5,1,125.0,894,125.5,1051,1,2022-02-08 09:02:10
1644310930790910000,125.5,1,125.0,894,125.5,1050,1,2022-02-08 09:02:10
1644310930825238000,125.5,3,125.0,897,125.5,1047,1,2022-02-08 09:02:10
1644310930849503000,125.5,1,125.0,898,125.5,1046,1,2022-02-08 09:02:10
1644310930884380000,125.5,1,125.0,899,125.5,1045,1,2022-02-08 09:02:10
1644310930924289000,125.5,1,125.0,900,125.5,1044,1,2022-02-08 09:02:10
1644310930959758000,125.0,1,125.0,900,125.5,1044,2,2022-02-08 09:02:10
1644310931085485000,125.5,1,125.0,901,125.5,1044,1,2022-02-08 09:02:11
1644310931177242000,125.5,1,125.0,904,125.5,1043,1,2022-02-08 09:02:11
1644310931243055000,125.5,7,125.0,905,125.5,1037,1,2022-02-08 09:02:11
1644310931255575000,125.5,1,125.0,905,125.5,1036,1,2022-02-08 09:02:11
1644310931283430000,125.5,1,125.0,905,125.5,1040,1,2022-02-08 09:02:11
1644310931439304000,125.5,1,125.0,910,125.5,1039,1,2022-02-08 09:02:11
1644310931600184000,125.5,6,125.0,911,125.5,1034,1,2022-02-08 09:02:11
1644310931728369000,125.5,3,125.0,913,125.5,1031,1,2022-02-08 09:02:11
1644310931768663000,125.5,2,125.0,914,125.5,1029,1,2022-02-08 09:02:11
1644310932078790000,125.5,1,125.0,917,125.5,1033,1,2022-02-08 09:02:12
1644310932140083000,125.5,1,125.0,916,125.5,1033,1,2022-02-08 09:02:12
1644310932253434000,125.5,1,125.0,918,125.5,1041,1,2022-02-08 09:02:12
1644310932275802000,125.5,1,125.0,918,125.5,1040,1,2022-02-08 09:02:12
1644310932276403000,125.5,1,125.0,918,125.5,1039,1,2022-02-08 09:02:12
1644310932321040000,125.5,1,125.0,918,125.5,1040,1,2022-02-08 09:02:12
1644310932389661000,125.5,4,125.0,919,125.5,1036,1,2022-02-08 09:02:12
1644310932517324000,125.0,1,125.0,920,125.5,1035,2,2022-02-08 09:02:12
1644310932644052000,125.0,6,125.0,916,125.5,1036,2,2022-02-08 09:02:12
1644310932676777000,125.5,2,125.0,917,125.5,1034,1,2022-02-08 09:02:12
1644310932687547000,125.5,10,125.0,917,125.5,1024,1,2022-02-08 09:02:12
1644310932749513000,125.5,3,125.0,918,125.5,1022,1,2022-02-08 09:02:12
1644310932872070000,125.5,1,125.0,920,125.5,1022,1,2022-02-08 09:02:12
1644310932911190000,125.5,1,125.0,920,125.5,1021,1,2022-02-08 09:02:12
1644310932982412000,125.5,5,125.0,921,125.5,1016,1,2022-02-08 09:02:12
1644310933072821000,125.0,1,125.0,920,125.5,1016,2,2022-02-08 09:02:13
1644310933076114000,125.5,3,125.0,920,125.5,1033,1,2022-02-08 09:02:13
1644310933097143000,125.5,1,125.0,920,125.5,1032,1,2022-02-08 09:02:13
1644310933119846000,125.5,1,125.0,921,125.5,1031,1,2022-02-08 09:02:13
1644310933199750000,125.5,2,125.0,923,125.5,1029,1,2022-02-08 09:02:13
1644310933309485000,125.5,1,125.0,922,125.5,1029,1,2022-02-08 09:02:13
1644310933397664000,125.5,3,125.0,922,125.5,1027,1,2022-02-08 09:02:13
1644310933569147000,125.5,1,125.0,924,125.5,1027,1,2022-02-08 09:02:13
1644310933588167000,125.5,1,125.0,924,125.5,1026,1,2022-02-08 09:02:13
