ts,close,volume,bid_price,bid_volume,ask_price,ask_volume,tick_type,datetime
1644310801621479000,26.0,2310,26.0,192,26.05,58,2,2022-02-08 09:00:01
1644310801650586000,26.05,70,26.0,192,26.05,10,1,2022-02-08 09:00:01
1644310801653270000,26.0,2,26.0,190,26.05,10,2,2022-02-08 09:00:01
1644310801670165000,26.0,2,26.0,188,26.05,10,2,2022-02-08 09:00:01
1644310801719837000,26.0,2,26.0,201,26.05,10,2,2022-02-08 09:00:01
1644310801885139000,26.05,5,26.0,201,26.05,31,1,2022-02-08 09:00:01
1644310802130593000,26.0,20,26.0,181,26.05,31,2,2022-02-08 09:00:02
1644310802406661000,26.0,19,26.0,162,26.05,31,2,2022-02-08 09:00:02
1644310802453352000,26.0,12,26.0,150,26.05,31,2,2022-02-08 09:00:02
1644310802692723000,26.0,3,26.0,147,26.05,31,2,2022-02-08 09:00:02
1644310802780096000,26.0,3,26.0,144,26.05,31,2,2022-02-08 09:00:02
1644310802790138000,26.0,27,26.0,117,26.05,31,2,2022-02-08 09:00:02
1644310802965235000,26.05,31,26.0,117,26.2,87,1,2022-02-08 09:00:02
1644310802965235000,26.1,108,26.0,117,26.2,87,1,2022-02-08 09:00:02
1644310802965235000,26.15,180,26.0,117,26.2,87,1,2022-02-08 09:00:02
1644310802965235000,26.2,180,26.0,117,26.2,87,1,2022-02-08 09:00:02
1644310803050390000,26.05,12,26.0,71,26.2,87,2,2022-02-08 09:00:03
1644310803050390000,26.0,46,26.0,71,26.2,87,2,2022-02-08 09:00:03
1644310803052283000,26.0,26,26.0,45,26.2,87,2,2022-02-08 09:00:03
1644310803080995000,26.0,45,25.95,77,26.2,87,2,2022-02-08 09:00:03
1644310803234949000,26.15,19,26.0,7,26.25,252,1,2022-02-08 09:00:03
1644310803234949000,26.2,87,26.0,7,26.25,252,1,2022-02-08 09:00:03
1644310803234949000,26.25,17,26.0,7,26.25,252,1,2022-02-08 09:00:03
1644310803316593000,26.0,1,26.0,6,26.25,252,2,2022-02-08 09:00:03
1644310803632434000,26.1,1,26.0,6,26.05,3,2,2022-02-08 09:00:03
1644310803632434000,26.05,1,26.0,6,26.05,3,2,2022-02-08 09:00:03
1644310803664871000,26.05,3,26.0,26,26.25,253,1,2022-02-08 09:00:03
1644310803831270000,26.25,1,26.0,19,26.25,252,1,2022-02-08 09:00:03
1644310804261477000,26.25,2,26.1,10,26.25,250,1,2022-02-08 09:00:04
1644310805003587000,26.1,2,26.1,8,26.2,2,2,2022-02-08 09:00:05
1644310807765926000,26.15,10,26.15,30,26.2,72,2,2022-02-08 09:00:07
1644310807766285000,26.15,30,26.1,8,26.2,72,2,2022-02-08 09:00:07
1644310807796021000,26.1,8,26.05,39,26.15,16,2,2022-02-08 09:00:07
1644310808559728000,26.15,10,26.05,72,26.15,6,1,2022-02-08 09:00:08
1644310810445838000,26.15,2,26.05,122,26.15,17,1,2022-02-08 09:00:10
1644310811183802000,26.1,2,26.05,122,26.1,31,1,2022-02-08 09:00:11
1644310811854232000,26.1,1,26.05,122,26.1,34,1,2022-02-08 09:00:11
1644310811942230000,26.1,1,26.05,122,26.1,33,1,2022-02-08 09:00:11
1644310812260470000,26.1,1,26.05,123,26.1,52,1,2022-02-08 09:00:12
1644310812449533000,26.1,2,26.05,123,26.1,50,1,2022-02-08 09:00:12
1644310812707537000,26.1,3,26.05,123,26.1,50,1,2022-02-08 09:00:12
1644310813484989000,26.05,5,26.05,128,26.1,58,2,2022-02-08 09:00:13
1644310813509988000,26.05,1,26.05,127,26.1,58,2,2022-02-08 09:00:13
1644310813514780000,26.05,1,26.05,126,26.1,58,2,2022-02-08 09:00:13
1644310813725747000,26.1,4,26.05,126,26.1,56,1,2022-02-08 09:00:13
1644310813923985000,26.1,2,26.05,126,26.1,54,1,2022-02-08 09:00:13
1644310813954475000,26.1,2,26.05,126,26.1,52,1,2022-02-08 09:00:13
1644310813993954000,26.1,5,26.05,126,26.1,47,1,2022-02-08 09:00:13
1644310814120762000,26.1,2,26.05,130,26.1,45,1,2022-02-08 09:00:14
1644310814190505000,26.1,1,26.05,130,26.1,44,1,2022-02-08 09:00:14
1644310814296452000,26.05,1,26.05,129,26.1,44,2,2022-02-08 09:00:14
1644310814373452000,26.1,3,26.05,129,26.1,41,1,2022-02-08 09:00:14
1644310814463668000,26.1,1,26.05,129,26.1,40,1,2022-02-08 09:00:14
1644310815321383000,26.1,1,26.05,131,26.1,39,1,2022-02-08 09:00:15
1644310815341777000,26.1,1,26.05,131,26.1,38,1,2022-02-08 09:00:15
1644310816003574000,26.1,2,26.05,131,26.1,40,1,2022-02-08 09:00:16
1644310816054052000,26.1,40,26.05,131,26.15,68,1,2022-02-08 09:00:16
1644310816567832000,26.05,1,26.05,130,26.15,68,2,2022-02-08 09:00:16
1644310817080393000,26.1,1,26.1,1,26.15,68,2,2022-02-08 09:00:17
1644310817398165000,26.1,6,26.1,5,26.15,68,2,2022-02-08 09:00:17
1644310817398961000,26.1,5,26.05,111,26.1,1,2,2022-02-08 09:00:17
1644310817558378000,26.1,1,26.05,113,26.15,68,1,2022-02-08 09:00:17
1644310817854184000,26.1,2,26.05,113,26.1,18,2,2022-02-08 09:00:17
1644310818153660000,26.1,1,26.05,116,26.1,17,1,2022-02-08 09:00:18
1644310818530944000,26.1,3,26.05,116,26.1,14,1,2022-02-08 09:00:18
1644310819162881000,26.1,1,26.05,116,26.1,13,1,2022-02-08 09:00:19
1644310819358692000,26.1,5,26.05,116,26.1,8,1,2022-02-08 09:00:19
1644310819638150000,26.1,6,26.05,116,26.1,3,1,2022-02-08 09:00:19
1644310819782776000,26.1,2,26.05,116,26.1,1,1,2022-02-08 09:00:19
1644310819877002000,26.1,1,26.05,117,26.15,72,1,2022-02-08 09:00:19
1644310820383407000,26.1,1,26.05,117,26.15,75,2,2022-02-08 09:00:20
1644310820436681000,26.15,2,26.1,2,26.15,69,1,2022-02-08 09:00:20
1644310820503411000,26.1,2,26.05,117,26.15,69,2,2022-02-08 09:00:20
1644310821200282000,26.1,1,26.05,117,26.1,10,2,2022-02-08 09:00:21
1644310821410742000,26.1,12,26.05,118,26.15,92,1,2022-02-08 09:00:21
1644310821584178000,26.1,4,26.05,118,26.15,90,2,2022-02-08 09:00:21
1644310821692276000,26.1,5,26.05,118,26.15,90,2,2022-02-08 09:00:21
1644310821733583000,26.1,1,26.05,118,26.15,90,2,2022-02-08 09:00:21
1644310821850286000,26.1,6,26.05,128,26.15,90,2,2022-02-08 09:00:21
1644310821970536000,26.15,10,26.05,128,26.15,80,1,2022-02-08 09:00:21
1644310823229318000,26.1,1,26.1,28,26.15,81,2,2022-02-08 09:00:23
1644310823598157000,26.1,1,26.1,27,26.15,81,2,2022-02-08 09:00:23
1644310824227456000,26.15,1,26.1,33,26.15,80,1,2022-02-08 09:00:24
1644310825637453000,26.1,5,26.1,42,26.15,83,2,2022-02-08 09:00:25
1644310826100941000,26.1,1,26.1,43,26.15,87,2,2022-02-08 09:00:26
1644310826256313000,26.1,1,26.1,42,26.15,87,2,2022-02-08 09:00:26
1644310826359583000,26.1,1,26.1,41,26.15,87,2,2022-02-08 09:00:26
1644310827654593000,26.1,2,26.1,45,26.15,88,2,2022-02-08 09:00:27
1644310829245442000,26.1,1,26.1,72,26.15,111,2,2022-02-08 09:00:29
1644310829474221000,26.1,3,26.1,70,26.15,111,2,2022-02-08 09:00:29
1644310830124805000,26.15,20,26.1,90,26.15,91,1,2022-02-08 09:00:30
1644310830620394000,26.1,1,26.1,90,26.15,91,2,2022-02-08 09:00:30
1644310831164637000,26.1,7,26.1,84,26.15,91,2,2022-02-08 09:00:31
1644310831770513000,26.15,2,26.1,85,26.15,93,1,2022-02-08 09:00:31
1644310832294865000,26.1,1,26.1,84,26.15,92,2,2022-02-08 09:00:32
1644310832403195000,26.1,2,26.1,82,26.15,95,2,2022-02-08 09:00:32
1644310833156183000,26.1,1,26.1,82,26.15,95,2,2022-02-08 09:00:33
1644310833507739000,26.1,2,26.1,81,26.15,95,2,2022-02-08 09:00:33
1644310833954735000,26.15,1,26.1,113,26.15,94,1,2022-02-08 09:00:33
1644310834503062000,26.15,4,26.1,115,26.15,87,1,2022-02-08 09:00:34
1644310834644663000,26.1,1,26.1,114,26.15,87,2,2022-02-08 09:00:34
1644310834698360000,26.15,5,26.1,114,26.15,82,1,2022-02-08 09:00:34
1644310834869007000,26.15,82,26.1,123,26.2,132,1,2022-02-08 09:00:34
1644310834894773000,26.1,1,26.1,122,26.2,132,2,2022-02-08 09:00:34
1644310836365022000,26.15,3,26.1,124,26.15,2,1,2022-02-08 09:00:36
1644310836532465000,26.15,1,26.1,135,26.15,1,1,2022-02-08 09:00:36
1644310836693589000,26.1,4,26.1,136,26.15,2,2,2022-02-08 09:00:36
1644310837324204000,26.15,2,26.15,8,26.2,132,1,2022-02-08 09:00:37
1644310837401921000,26.15,8,26.1,146,26.15,2,2,2022-02-08 09:00:37
1644310838185745000,26.1,5,26.1,147,26.15,2,2,2022-02-08 09:00:38
1644310838198442000,26.1,50,26.1,97,26.15,5,2,2022-02-08 09:00:38
1644310839232319000,26.15,1,26.1,99,26.15,35,1,2022-02-08 09:00:39
1644310839340587000,26.15,1,26.1,99,26.15,34,1,2022-02-08 09:00:39
1644310839447855000,26.1,4,26.1,95,26.15,34,2,2022-02-08 09:00:39
1644310840107478000,26.15,1,26.1,101,26.15,36,1,2022-02-08 09:00:40
1644310840272861000,26.15,1,26.1,101,26.15,35,1,2022-02-08 09:00:40
1644310840921130000,26.15,20,26.1,108,26.15,16,1,2022-02-08 09:00:40
1644310842278038000,26.15,10,26.1,197,26.15,31,1,2022-02-08 09:00:42
1644310842479401000,26.1,100,26.1,97,26.15,31,2,2022-02-08 09:00:42
1644310842510686000,26.15,3,26.1,97,26.15,28,1,2022-02-08 09:00:42
1644310843265118000,26.1,10,26.1,98,26.15,28,2,2022-02-08 09:00:43
1644310843334517000,26.1,90,26.1,8,26.15,28,2,2022-02-08 09:00:43
1644310843362294000,26.1,8,26.05,150,26.15,28,2,2022-02-08 09:00:43
1644310843484874000,26.15,10,26.05,170,26.15,19,1,2022-02-08 09:00:43
1644310844025938000,26.15,1,26.05,175,26.15,22,1,2022-02-08 09:00:44
1644310844722644000,26.15,5,26.1,2,26.15,17,1,2022-02-08 09:00:44
1644310844739801000,26.1,1,26.1,1,26.15,17,2,2022-02-08 09:00:44
1644310844935150000,26.15,5,26.1,1,26.15,22,1,2022-02-08 09:00:44
1644310845300962000,26.15,1,26.1,1,26.15,40,1,2022-02-08 09:00:45
1644310845383505000,26.15,20,26.1,1,26.15,20,1,2022-02-08 09:00:45
1644310845494528000,26.1,3,26.05,155,26.15,20,2,2022-02-08 09:00:45
1644310845761032000,26.05,5,26.05,170,26.15,22,2,2022-02-08 09:00:45
1644310845801098000,26.15,6,26.05,170,26.15,16,1,2022-02-08 09:00:45
1644310846036146000,26.1,2,26.05,170,26.15,16,1,2022-02-08 09:00:46
1644310846741057000,26.15,5,26.1,30,26.15,16,1,2022-02-08 09:00:46
1644310847006786000,26.1,1,26.1,29,26.15,16,2,2022-02-08 09:00:47
1644310847781623000,26.15,1,26.1,33,26.15,16,1,2022-02-08 09:00:47
1644310848223695000,26.15,10,26.1,35,26.15,26,1,2022-02-08 09:00:48
1644310848653998000,26.1,2,26.1,33,26.15,26,2,2022-02-08 09:00:48
1644310848702751000,26.1,1,26.1,32,26.15,26,2,2022-02-08 09:00:48
1644310849277119000,26.1,5,26.1,50,26.15,26,2,2022-02-08 09:00:49
1644310849337982000,26.1,1,26.1,49,26.15,38,2,2022-02-08 09:00:49
1644310849586413000,26.1,4,26.1,46,26.15,140,2,2022-02-08 09:00:49
1644310849624703000,26.1,3,26.1,43,26.15,140,2,2022-02-08 09:00:49
1644310849661402000,26.1,1,26.1,42,26.15,140,2,2022-02-08 09:00:49
1644310849797931000,26.1,1,26.1,41,26.15,140,2,2022-02-08 09:00:49
1644310849857393000,26.15,2,26.1,41,26.15,138,1,2022-02-08 09:00:49
1644310849871639000,26.15,10,26.1,41,26.15,128,1,2022-02-08 09:00:49
1644310851648274000,26.1,1,26.1,66,26.15,333,2,2022-02-08 09:00:51
1644310852810103000,26.1,10,26.1,57,26.15,334,2,2022-02-08 09:00:52
1644310853149557000,26.1,2,26.1,60,26.15,339,2,2022-02-08 09:00:53
1644310853358981000,26.1,1,26.1,61,26.15,369,2,2022-02-08 09:00:53
1644310853419944000,26.15,8,26.1,62,26.15,361,1,2022-02-08 09:00:53
1644310854483483000,26.15,2,26.1,72,26.15,356,1,2022-02-08 09:00:54
1644310855251155000,26.1,1,26.1,76,26.15,356,2,2022-02-08 09:00:55
1644310855386058000,26.15,1,26.1,76,26.15,357,1,2022-02-08 09:00:55
1644310855589736000,26.1,3,26.1,73,26.15,363,2,2022-02-08 09:00:55
1644310855987291000,26.1,1,26.1,73,26.15,363,2,2022-02-08 09:00:55
1644310856000192000,26.1,1,26.1,72,26.15,363,2,2022-02-08 09:00:56
1644310856490472000,26.1,4,26.1,109,26.15,368,2,2022-02-08 09:00:56
1644310856592511000,26.1,1,26.1,108,26.15,368,2,2022-02-08 09:00:56
1644310858041275000,26.1,3,26.1,106,26.15,380,2,2022-02-08 09:00:58
1644310859344457000,26.1,3,26.1,124,26.15,382,2,2022-02-08 09:00:59
1644310859678223000,26.15,2,26.1,125,26.15,381,1,2022-02-08 09:00:59
1644310859847336000,26.1,2,26.1,123,26.15,381,2,2022-02-08 09:00:59
1644310860831112000,26.1,1,26.1,127,26.15,390,2,2022-02-08 09:01:00
1644310861280323000,26.1,3,26.1,134,26.15,393,2,2022-02-08 09:01:01
1644310861287959000,26.15,1,26.1,134,26.15,392,1,2022-02-08 09:01:01
1644310861290158000,26.15,10,26.1,134,26.15,382,1,2022-02-08 09:01:01
1644310861292838000,26.1,3,26.1,131,26.15,382,2,2022-02-08 09:01:01
1644310861302685000,26.1,3,26.1,128,26.15,382,2,2022-02-08 09:01:01
1644310862135927000,26.1,10,26.1,120,26.15,383,2,2022-02-08 09:01:02
1644310862641058000,26.1,120,26.05,107,26.15,385,2,2022-02-08 09:01:02
1644310862696290000,26.15,1,26.05,103,26.15,378,1,2022-02-08 09:01:02
1644310862729126000,26.05,10,26.05,93,26.1,12,2,2022-02-08 09:01:02
1644310862828972000,26.1,3,26.05,93,26.1,28,1,2022-02-08 09:01:02
1644310862911482000,26.1,28,26.1,22,26.15,385,1,2022-02-08 09:01:02
1644310862940849000,26.1,22,26.05,93,26.15,485,2,2022-02-08 09:01:02
1644310862983536000,26.1,1,26.05,93,26.15,486,2,2022-02-08 09:01:02
1644310863510776000,26.05,1,26.05,92,26.1,1,2,2022-02-08 09:01:03
1644310864267186000,26.1,1,26.05,92,26.1,8,1,2022-02-08 09:01:04
1644310864316497000,26.05,3,26.05,89,26.1,13,2,2022-02-08 09:01:04
1644310865373311000,26.1,1,26.05,89,26.1,46,1,2022-02-08 09:01:05
1644310865642750000,26.1,20,26.05,89,26.1,26,1,2022-02-08 09:01:05
1644310865703021000,26.05,2,26.05,87,26.1,25,2,2022-02-08 09:01:05
1644310865779087000,26.05,6,26.05,84,26.1,25,2,2022-02-08 09:01:05
1644310867127702000,26.05,25,26.05,56,26.1,27,2,2022-02-08 09:01:07
1644310867277198000,26.1,1,26.05,57,26.1,26,1,2022-02-08 09:01:07
1644310867391833000,26.05,3,26.05,54,26.1,26,2,2022-02-08 09:01:07
1644310867785455000,26.1,1,26.05,54,26.1,25,1,2022-02-08 09:01:07
1644310869275204000,26.05,1,26.05,64,26.1,33,2,2022-02-08 09:01:09
1644310870446998000,26.1,1,26.05,69,26.1,68,1,2022-02-08 09:01:10
1644310870505520000,26.1,3,26.05,69,26.1,65,1,2022-02-08 09:01:10
1644310870822423000,26.1,1,26.05,69,26.1,70,1,2022-02-08 09:01:10
1644310871077277000,26.1,3,26.05,69,26.1,69,1,2022-02-08 09:01:11
1644310871840925000,26.05,2,26.05,67,26.1,71,2,2022-02-08 09:01:11
1644310872553249000,26.05,6,26.05,63,26.1,69,2,2022-02-08 09:01:12
1644310872783460000,26.05,2,26.05,66,26.1,69,2,2022-02-08 09:01:12
1644310873307934000,26.1,9,26.05,66,26.1,59,1,2022-02-08 09:01:13
1644310873318197000,26.05,6,26.05,60,26.1,59,2,2022-02-08 09:01:13
1644310873750433000,26.05,20,26.05,42,26.1,59,2,2022-02-08 09:01:13
1644310873812930000,26.05,10,26.05,32,26.1,65,2,2022-02-08 09:01:13
1644310873840486000,26.05,32,26.0,182,26.1,65,2,2022-02-08 09:01:13
1644310873892651000,26.05,2,26.0,180,26.1,66,2,2022-02-08 09:01:13
1644310874243252000,26.05,1,26.0,178,26.05,4,1,2022-02-08 09:01:14
1644310875154744000,26.05,1,26.0,178,26.05,24,1,2022-02-08 09:01:15
1644310875228095000,26.05,1,26.0,178,26.05,23,1,2022-02-08 09:01:15
1644310875572142000,26.05,2,26.0,183,26.05,21,1,2022-02-08 09:01:15
1644310875686138000,26.05,2,26.0,183,26.05,21,1,2022-02-08 09:01:15
1644310875908669000,26.05,3,26.0,183,26.05,18,1,2022-02-08 09:01:15
1644310875933465000,26.0,89,26.0,94,26.05,18,2,2022-02-08 09:01:15
1644310875955091000,26.0,94,25.95,79,26.05,18,2,2022-02-08 09:01:15
1644310876073870000,25.95,2,25.95,75,26.05,22,2,2022-02-08 09:01:16
1644310876193075000,25.95,1,25.95,74,26.05,23,2,2022-02-08 09:01:16
1644310876202657000,25.95,2,25.95,72,26.05,23,2,2022-02-08 09:01:16
1644310877034582000,26.0,1,25.95,72,26.0,38,1,2022-02-08 09:01:17
1644310877140326000,26.0,3,25.95,72,26.0,35,1,2022-02-08 09:01:17
1644310877180372000,26.0,35,25.95,72,26.05,44,1,2022-02-08 09:01:17
1644310877211101000,26.0,2,25.95,72,26.0,13,2,2022-02-08 09:01:17
1644310877365206000,25.95,20,25.95,56,26.0,13,2,2022-02-08 09:01:17
1644310877437136000,26.0,5,25.95,56,26.0,8,1,2022-02-08 09:01:17
1644310877452398000,26.0,1,25.95,56,26.0,7,1,2022-02-08 09:01:17
1644310877696791000,26.0,1,25.95,56,26.0,6,1,2022-02-08 09:01:17
1644310877774612000,25.95,10,25.95,46,26.0,9,2,2022-02-08 09:01:17
1644310877875080000,25.95,4,25.95,42,26.0,9,2,2022-02-08 09:01:17
1644310878158600000,26.0,1,25.95,42,26.0,17,1,2022-02-08 09:01:18
1644310879400123000,26.0,1,25.95,42,26.0,17,1,2022-02-08 09:01:19
1644310879548133000,26.0,1,25.95,42,26.0,16,1,2022-02-08 09:01:19
1644310879974767000,25.95,15,25.95,77,26.0,16,2,2022-02-08 09:01:19
1644310879994108000,25.95,2,25.95,77,26.0,16,2,2022-02-08 09:01:19
1644310880650414000,25.95,1,25.95,74,26.0,17,2,2022-02-08 09:01:20
1644310880964111000,26.0,3,25.95,74,26.0,14,1,2022-02-08 09:01:20
1644310881411556000,26.0,14,26.0,6,26.05,43,1,2022-02-08 09:01:21
1644310881952096000,26.05,1,26.0,6,26.05,38,1,2022-02-08 09:01:21
1644310881979489000,26.0,6,25.95,73,26.05,38,2,2022-02-08 09:01:21
1644310881980656000,26.05,38,25.95,73,26.1,167,1,2022-02-08 09:01:21
1644310882594046000,26.0,2,26.0,6,26.1,163,2,2022-02-08 09:01:22
1644310882882923000,26.05,3,26.0,8,26.1,160,1,2022-02-08 09:01:22
1644310883074478000,26.0,1,26.0,7,26.1,158,2,2022-02-08 09:01:23
1644310883319548000,26.0,1,26.0,6,26.1,179,2,2022-02-08 09:01:23
1644310883608727000,26.0,3,26.0,6,26.1,179,2,2022-02-08 09:01:23
1644310883726229000,26.0,2,26.0,4,26.1,179,2,2022-02-08 09:01:23
1644310884532989000,26.0,1,26.0,6,26.1,181,2,2022-02-08 09:01:24
1644310884533638000,26.0,5,26.0,1,26.1,181,2,2022-02-08 09:01:24
1644310885010298000,26.0,4,26.0,5,26.05,4,2,2022-02-08 09:01:25
1644310885340740000,26.0,10,26.0,57,26.05,4,2,2022-02-08 09:01:25
1644310885352187000,26.0,1,26.0,56,26.05,4,2,2022-02-08 09:01:25
1644310885438163000,26.0,2,26.0,57,26.05,4,2,2022-02-08 09:01:25
1644310885962054000,26.0,30,26.0,39,26.05,5,2,2022-02-08 09:01:25
1644310886193331000,26.0,2,26.0,39,26.05,5,2,2022-02-08 09:01:26
1644310886216486000,26.0,20,26.0,17,26.05,6,2,2022-02-08 09:01:26
1644310886384353000,26.0,17,26.0,1,26.05,6,2,2022-02-08 09:01:26
1644310886414673000,26.0,1,25.95,103,26.05,6,2,2022-02-08 09:01:26
1644310886486660000,26.0,1,26.0,9,26.05,6,1,2022-02-08 09:01:26
1644310886575801000,26.05,1,26.0,11,26.05,5,1,2022-02-08 09:01:26
1644310886646729000,26.0,1,26.0,10,26.05,5,2,2022-02-08 09:01:26
1644310887054119000,26.0,1,26.0,12,26.05,5,2,2022-02-08 09:01:27
1644310887080867000,26.05,3,26.0,12,26.05,2,1,2022-02-08 09:01:27
1644310887217776000,26.0,10,26.0,4,26.05,2,2,2022-02-08 09:01:27
1644310887508815000,26.0,6,25.95,90,26.05,2,2,2022-02-08 09:01:27
1644310888395121000,26.0,2,26.0,33,26.05,2,2,2022-02-08 09:01:28
1644310888427269000,26.05,1,26.0,33,26.05,1,1,2022-02-08 09:01:28
1644310888453121000,26.05,1,26.0,33,26.1,167,1,2022-02-08 09:01:28
1644310888453121000,26.1,14,26.0,33,26.1,167,1,2022-02-08 09:01:28
1644310888509817000,26.0,2,26.0,30,26.1,167,2,2022-02-08 09:01:28
1644310888746455000,26.05,1,26.0,30,26.1,169,1,2022-02-08 09:01:28
1644310888828971000,26.0,2,26.0,28,26.1,167,2,2022-02-08 09:01:28
1644310888935771000,26.0,1,26.0,27,26.1,167,2,2022-02-08 09:01:28
1644310889146641000,26.0,2,26.0,25,26.1,165,2,2022-02-08 09:01:29
1644310889756599000,26.0,25,25.95,93,26.0,25,2,2022-02-08 09:01:29
1644310889785005000,26.0,25,25.95,113,26.1,169,1,2022-02-08 09:01:29
1644310889798730000,25.95,5,25.95,108,26.1,165,2,2022-02-08 09:01:29
1644310889846309000,26.0,1,26.0,1,26.1,165,2,2022-02-08 09:01:29
1644310890738735000,26.0,2,26.0,8,26.1,165,2,2022-02-08 09:01:30
1644310890937619000,26.0,1,26.0,7,26.1,165,2,2022-02-08 09:01:30
1644310891148372000,26.0,1,26.0,6,26.1,165,2,2022-02-08 09:01:31
1644310891266300000,26.0,1,26.0,3,26.05,7,2,2022-02-08 09:01:31
1644310891447082000,26.05,7,26.0,6,26.1,169,1,2022-02-08 09:01:31
1644310892301314000,26.0,4,26.0,4,26.1,170,2,2022-02-08 09:01:32
1644310892351531000,26.0,1,26.0,1,26.1,170,2,2022-02-08 09:01:32
1644310893113202000,26.0,1,26.0,8,26.1,170,2,2022-02-08 09:01:33
1644310893858546000,26.0,5,26.0,6,26.05,3,2,2022-02-08 09:01:33
1644310893980702000,26.0,6,25.95,51,26.05,3,2,2022-02-08 09:01:33
1644310894410257000,26.0,2,26.0,1,26.05,19,2,2022-02-08 09:01:34
1644310894427865000,26.0,1,25.95,51,26.0,1,2,2022-02-08 09:01:34
1644310894463417000,26.0,1,25.95,39,26.05,21,1,2022-02-08 09:01:34
1644310895392221000,26.0,1,26.0,3,26.05,23,2,2022-02-08 09:01:35
1644310895436432000,26.0,3,26.0,1,26.05,23,2,2022-02-08 09:01:35
1644310896588406000,26.0,10,26.0,6,26.05,23,2,2022-02-08 09:01:36
1644310896608212000,26.0,4,26.0,2,26.05,23,2,2022-02-08 09:01:36
1644310896634738000,26.0,2,25.95,40,26.05,25,2,2022-02-08 09:01:36
1644310896855751000,26.0,1,25.95,57,26.05,26,1,2022-02-08 09:01:36
1644310897338657000,26.0,2,25.95,56,26.0,1,1,2022-02-08 09:01:37
1644310897362939000,26.0,1,25.95,56,26.05,25,1,2022-02-08 09:01:37
1644310898011147000,26.0,1,25.95,40,26.05,23,2,2022-02-08 09:01:38
1644310898159335000,26.0,1,26.0,14,26.05,21,2,2022-02-08 09:01:38
1644310899060563000,26.0,6,26.0,22,26.05,25,2,2022-02-08 09:01:39
1644310899199756000,26.0,2,26.0,20,26.05,25,2,2022-02-08 09:01:39
1644310899950254000,26.0,1,26.0,20,26.05,26,2,2022-02-08 09:01:39
1644310900020654000,26.0,1,26.0,19,26.05,28,2,2022-02-08 09:01:40
1644310900129377000,26.0,2,26.0,17,26.05,28,2,2022-02-08 09:01:40
1644310900364809000,26.0,3,26.0,14,26.05,28,2,2022-02-08 09:01:40
1644310900400572000,26.0,1,26.0,13,26.05,28,2,2022-02-08 09:01:40
1644310900444711000,26.05,30,26.0,13,26.1,147,1,2022-02-08 09:01:40
1644310900444711000,26.1,20,26.0,13,26.1,147,1,2022-02-08 09:01:40
1644310900527983000,26.0,1,26.0,12,26.1,147,2,2022-02-08 09:01:40
1644310900706567000,26.0,1,26.0,16,26.05,2,2,2022-02-08 09:01:40
1644310900732656000,26.05,2,26.0,16,26.1,147,1,2022-02-08 09:01:40
1644310900750093000,26.0,3,26.0,13,26.1,147,2,2022-02-08 09:01:40
1644310901287892000,26.0,10,26.0,5,26.1,147,2,2022-02-08 09:01:41
1644310901844128000,26.0,2,26.0,23,26.1,147,2,2022-02-08 09:01:41
1644310901866836000,26.0,1,26.0,22,26.1,147,2,2022-02-08 09:01:41
1644310902299606000,26.0,1,26.0,22,26.1,164,2,2022-02-08 09:01:42
1644310902573433000,26.0,1,26.0,21,26.1,164,2,2022-02-08 09:01:42
1644310902979195000,26.05,3,26.0,51,26.1,164,1,2022-02-08 09:01:42
1644310903383085000,26.1,2,26.0,56,26.1,162,1,2022-02-08 09:01:43
1644310903627768000,26.0,56,25.95,34,26.1,160,2,2022-02-08 09:01:43
1644310903627768000,25.95,33,25.95,34,26.1,160,2,2022-02-08 09:01:43
1644310903774728000,26.0,4,25.95,66,26.0,1,1,2022-02-08 09:01:43
1644310903786245000,26.0,1,25.95,66,26.1,174,1,2022-02-08 09:01:43
1644310903958973000,26.0,1,25.95,66,26.1,174,1,2022-02-08 09:01:43
1644310904149115000,25.95,3,25.95,63,26.1,174,2,2022-02-08 09:01:44
1644310904749243000,26.05,1,26.0,4,26.05,3,1,2022-02-08 09:01:44
1644310905365545000,26.0,1,26.0,10,26.1,174,2,2022-02-08 09:01:45
1644310906094460000,26.0,2,26.0,11,26.1,174,2,2022-02-08 09:01:46
1644310906487954000,26.0,2,26.0,10,26.1,174,2,2022-02-08 09:01:46
1644310907175091000,26.05,8,26.0,10,26.1,174,1,2022-02-08 09:01:47
1644310907440637000,26.0,2,26.0,8,26.1,162,2,2022-02-08 09:01:47
1644310908439461000,26.05,1,26.05,2,26.1,160,2,2022-02-08 09:01:48
1644310909057130000,26.05,1,26.05,1,26.1,158,2,2022-02-08 09:01:49
1644310911671124000,26.1,177,26.05,16,26.15,373,1,2022-02-08 09:01:51
1644310911925827000,26.15,371,26.05,36,26.2,362,1,2022-02-08 09:01:51
1644310912351806000,26.1,2,26.05,70,26.2,358,1,2022-02-08 09:01:52
1644310912507356000,26.1,2,26.05,49,26.2,358,2,2022-02-08 09:01:52
1644310912507356000,26.05,1,26.05,49,26.2,358,2,2022-02-08 09:01:52
1644310912600598000,26.1,2,26.1,18,26.2,358,2,2022-02-08 09:01:52
1644310912981889000,26.1,2,26.1,17,26.2,360,2,2022-02-08 09:01:52
1644310913156188000,26.1,1,26.1,17,26.2,360,2,2022-02-08 09:01:53
1644310913968738000,26.1,5,26.1,12,26.2,360,2,2022-02-08 09:01:53
1644310914358699000,26.1,5,26.1,7,26.2,360,2,2022-02-08 09:01:54
1644310915063812000,26.1,7,26.05,90,26.1,39,2,2022-02-08 09:01:55
1644310915094748000,26.1,2,26.05,78,26.1,37,1,2022-02-08 09:01:55
1644310915097744000,26.1,37,26.05,41,26.2,362,1,2022-02-08 09:01:55
1644310915891183000,26.1,1,26.1,4,26.2,384,2,2022-02-08 09:01:55
1644310916295289000,26.1,1,26.1,40,26.2,385,2,2022-02-08 09:01:56
1644310916457940000,26.1,1,26.1,39,26.2,385,2,2022-02-08 09:01:56
1644310919102481000,26.1,4,26.1,25,26.15,11,2,2022-02-08 09:01:59
1644310919817502000,26.15,2,26.1,25,26.15,12,1,2022-02-08 09:01:59
1644310919819766000,26.1,1,26.1,24,26.15,12,2,2022-02-08 09:01:59
1644310920054799000,26.1,1,26.1,29,26.15,12,2,2022-02-08 09:02:00
1644310920552759000,26.1,1,26.1,32,26.15,13,2,2022-02-08 09:02:00
1644310920649788000,26.1,1,26.1,31,26.15,13,2,2022-02-08 09:02:00
1644310921166373000,26.15,1,26.1,32,26.15,13,1,2022-02-08 09:02:01
1644310921571027000,26.1,1,26.1,31,26.15,13,2,2022-02-08 09:02:01
1644310921720198000,26.15,1,26.1,36,26.15,12,1,2022-02-08 09:02:01
1644310922063571000,26.1,3,26.1,33,26.15,12,2,2022-02-08 09:02:02
1644310922296377000,26.1,1,26.1,32,26.15,12,2,2022-02-08 09:02:02
1644310922845557000,26.15,2,26.1,32,26.15,10,1,2022-02-08 09:02:02
1644310924179192000,26.15,2,26.1,39,26.15,9,1,2022-02-08 09:02:04
1644310924644160000,26.15,10,26.1,43,26.2,366,1,2022-02-08 09:02:04
1644310924860098000,26.15,1,26.15,14,26.2,386,1,2022-02-08 09:02:04
1644310926882767000,26.15,7,26.15,16,26.2,364,2,2022-02-08 09:02:06
1644310927463997000,26.15,5,26.15,77,26.2,362,2,2022-02-08 09:02:07
1644310927975046000,26.15,5,26.15,73,26.2,362,2,2022-02-08 09:02:07
1644310928043678000,26.2,1,26.15,73,26.2,361,1,2022-02-08 09:02:08
1644310928130703000,26.2,100,26.15,173,26.2,265,1,2022-02-08 09:02:08
1644310928535818000,26.15,2,26.15,171,26.2,267,2,2022-02-08 09:02:08
1644310929507840000,26.15,1,26.15,190,26.2,268,2,2022-02-08 09:02:09
1644310929618412000,26.15,3,26.15,187,26.2,268,2,2022-02-08 09:02:09
1644310930234782000,26.2,5,26.15,122,26.2,263,1,2022-02-08 09:02:10
1644310930372259000,26.2,3,26.15,141,26.2,260,1,2022-02-08 09:02:10
1644310930639039000,26.2,65,26.15,141,26.2,195,1,2022-02-08 09:02:10
1644310931073075000,26.2,4,26.15,141,26.2,191,1,2022-02-08 09:02:11
1644310931274578000,26.2,1,26.15,141,26.2,190,1,2022-02-08 09:02:11
1644310931334411000,26.2,2,26.15,141,26.2,188,1,2022-02-08 09:02:11
1644310931352399000,26.2,10,26.15,141,26.2,178,1,2022-02-08 09:02:11
1644310931730424000,26.2,1,26.15,142,26.2,177,1,2022-02-08 09:02:11
1644310931822639000,26.15,2,26.15,140,26.2,177,2,2022-02-08 09:02:11
1644310932001601000,26.2,65,26.15,140,26.2,112,1,2022-02-08 09:02:12
1644310932042322000,26.15,1,26.15,139,26.2,112,2,2022-02-08 09:02:12
1644310932260315000,26.15,2,26.15,137,26.2,113,2,2022-02-08 09:02:12
1644310933568203000,26.15,3,26.15,135,26.2,133,2,2022-02-08 09:02:13
1644310933731146000,26.2,1,26.15,142,26.2,132,1,2022-02-08 09:02:13
1644310934261595000,26.2,5,26.15,145,26.2,127,1,2022-02-08 09:02:14
1644310934364254000,26.15,2,26.15,143,26.2,127,2,2022-02-08 09:02:14
1644310934392920000,26.2,10,26.15,144,26.2,117,1,2022-02-08 09:02:14
1644310934461402000,26.2,92,26.15,52,26.2,25,1,2022-02-08 09:02:14
1644310934770050000,26.2,1,26.15,53,26.2,24,1,2022-02-08 09:02:14
1644310934799432000,26.2,3,26.15,53,26.2,21,1,2022-02-08 09:02:14
1644310934930819000,26.2,5,26.15,53,26.2,16,1,2022-02-08 09:02:14
1644310935011937000,26.15,2,26.15,51,26.2,16,2,2022-02-08 09:02:15
1644310935244659000,26.2,5,26.15,53,26.2,11,1,2022-02-08 09:02:15
1644310935830677000,26.2,2,26.15,86,26.2,9,1,2022-02-08 09:02:15
1644310935895226000,26.15,3,26.15,83,26.2,9,2,2022-02-08 09:02:15
1644310936164704000,26.2,2,26.15,87,26.2,8,1,2022-02-08 09:02:16
1644310936388479000,26.2,1,26.15,87,26.2,7,1,2022-02-08 09:02:16
1644310936629589000,26.15,1,26.15,87,26.2,7,2,2022-02-08 09:02:16
1644310936633614000,26.2,3,26.15,87,26.2,4,1,2022-02-08 09:02:16
1644310936771141000,26.2,4,26.15,107,26.25,224,1,2022-02-08 09:02:16
1644310937236693000,26.2,2,26.2,94,26.25,224,2,2022-02-08 09:02:17
1644310938641698000,26.2,5,26.2,135,26.25,224,2,2022-02-08 09:02:18
1644310938884089000,26.25,2,26.2,137,26.25,222,1,2022-02-08 09:02:18
1644310939024441000,26.25,1,26.2,137,26.25,221,1,2022-02-08 09:02:19
1644310939187889000,26.25,1,26.2,137,26.25,218,1,2022-02-08 09:02:19
1644310939239491000,26.25,2,26.2,139,26.25,216,1,2022-02-08 09:02:19
1644310940346235000,26.25,2,26.2,140,26.25,214,1,2022-02-08 09:02:20
1644310941153117000,26.25,10,26.2,171,26.25,254,1,2022-02-08 09:02:21
1644310941251896000,26.25,3,26.2,171,26.25,251,1,2022-02-08 09:02:21
1644310942530293000,26.2,2,26.2,175,26.25,249,2,2022-02-08 09:02:22
1644310942622952000,26.25,1,26.2,175,26.25,248,1,2022-02-08 09:02:22
1644310942711585000,26.25,2,26.2,175,26.25,246,1,2022-02-08 09:02:22
1644310942849759000,26.25,1,26.2,176,26.25,245,1,2022-02-08 09:02:22
1644310942912108000,26.25,1,26.2,176,26.25,244,1,2022-02-08 09:02:22
1644310943111140000,26.25,5,26.2,176,26.25,244,1,2022-02-08 09:02:23
1644310944038618000,26.2,86,26.2,90,26.25,249,2,2022-02-08 09:02:24
1644310944096346000,26.2,89,26.2,10,26.25,253,2,2022-02-08 09:02:24
1644310944158687000,26.2,15,26.15,99,26.25,290,2,2022-02-08 09:02:24
1644310944391593000,26.2,5,26.15,99,26.2,8,1,2022-02-08 09:02:24
1644310944769536000,26.2,8,26.2,2,26.25,263,1,2022-02-08 09:02:24
1644310944793857000,26.2,2,26.15,99,26.25,263,2,2022-02-08 09:02:24
1644310944932062000,26.2,4,26.15,99,26.2,1,1,2022-02-08 09:02:24
1644310945126730000,26.15,1,26.15,101,26.2,24,2,2022-02-08 09:02:25
1644310945142097000,26.2,5,26.15,101,26.2,19,1,2022-02-08 09:02:25
1644310945380947000,26.2,4,26.15,101,26.2,22,1,2022-02-08 09:02:25
1644310945481317000,26.2,1,26.15,101,26.2,21,1,2022-02-08 09:02:25
1644310945588422000,26.2,5,26.15,101,26.2,14,1,2022-02-08 09:02:25
1644310945705323000,26.2,2,26.15,101,26.2,12,1,2022-02-08 09:02:25
1644310946229718000,26.2,1,26.15,101,26.2,9,1,2022-02-08 09:02:26
1644310946301095000,26.15,2,26.15,99,26.2,9,2,2022-02-08 09:02:26
1644310946960959000,26.2,9,26.15,99,26.25,262,1,2022-02-08 09:02:26
1644310946960959000,26.25,1,26.15,99,26.25,262,1,2022-02-08 09:02:26
1644310947104395000,26.2,1,26.15,99,26.2,4,1,2022-02-08 09:02:27
1644310947209740000,26.2,1,26.15,99,26.2,3,1,2022-02-08 09:02:27
1644310947335195000,26.2,2,26.15,104,26.25,282,2,2022-02-08 09:02:27
1644310947529063000,26.2,1,26.15,103,26.2,24,1,2022-02-08 09:02:27
1644310947912151000,26.2,1,26.15,103,26.2,28,1,2022-02-08 09:02:27
1644310947945082000,26.15,2,26.15,101,26.2,28,2,2022-02-08 09:02:27
1644310948253748000,26.2,1,26.15,101,26.2,27,1,2022-02-08 09:02:28
1644310948350319000,26.2,1,26.15,101,26.2,26,1,2022-02-08 09:02:28
1644310948391630000,26.2,1,26.15,101,26.2,25,1,2022-02-08 09:02:28
1644310948400035000,26.2,2,26.15,101,26.2,24,1,2022-02-08 09:02:28
1644310948834788000,26.15,20,26.15,81,26.2,26,2,2022-02-08 09:02:28
1644310948868475000,26.15,81,26.1,66,26.2,26,2,2022-02-08 09:02:28
1644310949230743000,26.15,1,26.1,65,26.2,46,2,2022-02-08 09:02:29
1644310949434858000,26.2,30,26.1,65,26.2,16,1,2022-02-08 09:02:29
1644310949580963000,26.15,1,26.1,65,26.2,22,2,2022-02-08 09:02:29
1644310950006695000,26.2,22,26.1,68,26.25,185,1,2022-02-08 09:02:30
1644310950006695000,26.25,78,26.1,68,26.25,185,1,2022-02-08 09:02:30
1644310950538645000,26.15,1,26.1,102,26.25,185,2,2022-02-08 09:02:30
1644310950538645000,26.1,2,26.1,102,26.25,185,2,2022-02-08 09:02:30
1644310950922325000,26.2,2,26.2,8,26.25,185,2,2022-02-08 09:02:30
1644310950922345000,26.2,8,26.1,82,26.25,185,2,2022-02-08 09:02:30
1644310951274109000,26.15,1,26.1,80,26.2,8,2,2022-02-08 09:02:31
1644310952216146000,26.2,5,26.15,9,26.2,37,1,2022-02-08 09:02:32
1644310952249697000,26.15,9,26.1,83,26.2,37,2,2022-02-08 09:02:32
1644310953616050000,26.2,5,26.15,20,26.2,56,1,2022-02-08 09:02:33
1644310954178511000,26.15,11,26.15,20,26.2,91,2,2022-02-08 09:02:34
1644310954200808000,26.15,20,26.1,81,26.2,91,2,2022-02-08 09:02:34
1644310954732538000,26.15,1,26.1,78,26.2,110,2,2022-02-08 09:02:34
1644310954922927000,26.15,1,26.1,78,26.2,118,2,2022-02-08 09:02:34
1644310955007914000,26.2,1,26.1,78,26.2,118,1,2022-02-08 09:02:35
1644310955177219000,26.2,5,26.1,78,26.2,115,1,2022-02-08 09:02:35
1644310955185274000,26.2,5,26.1,78,26.2,110,1,2022-02-08 09:02:35
1644310955250756000,26.2,30,26.1,78,26.2,82,1,2022-02-08 09:02:35
1644310955315120000,26.15,1,26.1,78,26.2,82,2,2022-02-08 09:02:35
1644310955459281000,26.2,2,26.1,81,26.2,87,1,2022-02-08 09:02:35
1644310955964080000,26.15,2,26.1,78,26.2,126,2,2022-02-08 09:02:35
1644310956221560000,26.2,1,26.1,78,26.2,129,1,2022-02-08 09:02:36
1644310956614068000,26.2,2,26.1,78,26.2,150,1,2022-02-08 09:02:36
1644310956824811000,26.15,1,26.15,1,26.2,156,1,2022-02-08 09:02:36
1644310956829153000,26.15,1,26.1,67,26.2,156,2,2022-02-08 09:02:36
1644310957048941000,26.15,5,26.1,64,26.2,159,2,2022-02-08 09:02:37
1644310957515083000,26.2,100,26.1,64,26.2,82,1,2022-02-08 09:02:37
1644310958562533000,26.2,1,26.1,88,26.2,100,1,2022-02-08 09:02:38
1644310958976251000,26.15,1,26.1,95,26.2,100,1,2022-02-08 09:02:38
1644310959046038000,26.2,2,26.1,92,26.2,98,1,2022-02-08 09:02:39
1644310959287720000,26.2,10,26.1,92,26.2,88,1,2022-02-08 09:02:39
1644310959771794000,26.2,10,26.15,2,26.2,106,1,2022-02-08 09:02:39
1644310959792867000,26.15,2,26.1,75,26.2,106,2,2022-02-08 09:02:39
1644310961053351000,26.2,10,26.15,7,26.2,123,1,2022-02-08 09:02:41
1644310962179483000,26.2,1,26.15,12,26.2,129,1,2022-02-08 09:02:42
1644310962637437000,26.15,3,26.15,22,26.2,130,2,2022-02-08 09:02:42
1644310963245114000,26.15,1,26.15,44,26.2,130,2,2022-02-08 09:02:43
1644310964223034000,26.15,20,26.15,29,26.2,189,2,2022-02-08 09:02:44
1644310964409145000,26.2,1,26.15,29,26.2,190,1,2022-02-08 09:02:44
1644310964559469000,26.2,2,26.15,30,26.2,188,1,2022-02-08 09:02:44
1644310965208597000,26.2,10,26.15,30,26.2,176,1,2022-02-08 09:02:45
1644310965383331000,26.2,5,26.15,30,26.2,171,1,2022-02-08 09:02:45
1644310965664494000,26.15,30,26.1,25,26.2,171,2,2022-02-08 09:02:45
1644310965664494000,26.1,56,26.1,25,26.2,171,2,2022-02-08 09:02:45
1644310965706041000,26.2,10,26.1,34,26.2,165,1,2022-02-08 09:02:45
1644310965759000000,26.2,2,26.1,34,26.2,161,1,2022-02-08 09:02:45
1644310965799765000,26.15,1,26.1,34,26.15,1,1,2022-02-08 09:02:45
1644310965995859000,26.15,1,26.1,37,26.2,160,1,2022-02-08 09:02:45
1644310967117364000,26.2,8,26.15,27,26.2,153,1,2022-02-08 09:02:47
1644310967202023000,26.15,2,26.15,28,26.2,153,2,2022-02-08 09:02:47
1644310967274165000,26.15,5,26.15,23,26.2,153,2,2022-02-08 09:02:47
1644310967295017000,26.15,15,26.15,8,26.2,153,2,2022-02-08 09:02:47
1644310967364733000,26.2,2,26.15,5,26.2,157,1,2022-02-08 09:02:47
1644310967901935000,26.2,30,26.15,21,26.2,121,1,2022-02-08 09:02:47
1644310968800875000,26.2,1,26.15,29,26.2,120,1,2022-02-08 09:02:48
1644310969527826000,26.2,1,26.15,34,26.2,119,1,2022-02-08 09:02:49
1644310970985094000,26.15,5,26.15,29,26.2,183,2,2022-02-08 09:02:50
1644310971255296000,26.2,1,26.15,29,26.2,186,1,2022-02-08 09:02:51
1644310971858576000,26.2,3,26.15,31,26.2,179,1,2022-02-08 09:02:51
1644310972468095000,26.2,2,26.15,35,26.2,177,1,2022-02-08 09:02:52
1644310972526166000,26.2,100,26.15,39,26.2,77,1,2022-02-08 09:02:52
1644310972553365000,26.2,2,26.15,39,26.2,75,1,2022-02-08 09:02:52
1644310972999081000,26.2,1,26.15,42,26.2,74,1,2022-02-08 09:02:52
1644310973010748000,26.2,2,26.15,42,26.2,72,1,2022-02-08 09:02:53
1644310973171641000,26.2,3,26.15,43,26.2,69,1,2022-02-08 09:02:53
1644310973573666000,26.2,50,26.15,73,26.2,25,1,2022-02-08 09:02:53
1644310973678090000,26.2,6,26.15,73,26.2,19,1,2022-02-08 09:02:53
1644310974503588000,26.2,19,26.2,1,26.25,202,1,2022-02-08 09:02:54
1644310975801949000,26.2,2,26.2,9,26.25,298,2,2022-02-08 09:02:55
1644310975982746000,26.2,3,26.2,11,26.25,302,2,2022-02-08 09:02:55
1644310976029415000,26.2,3,26.2,8,26.25,302,2,2022-02-08 09:02:56
1644310976071190000,26.2,3,26.2,9,26.25,302,2,2022-02-08 09:02:56
1644310976128051000,26.2,3,26.2,6,26.25,302,2,2022-02-08 09:02:56
1644310976297869000,26.2,1,26.2,5,26.25,302,2,2022-02-08 09:02:56
1644310976414802000,26.25,1,26.2,5,26.25,301,1,2022-02-08 09:02:56
1644310976534367000,26.2,2,26.2,3,26.25,301,2,2022-02-08 09:02:56
1644310976638789000,26.2,1,26.15,200,26.2,1,1,2022-02-08 09:02:56
1644310977184319000,26.2,1,26.15,200,26.2,8,1,2022-02-08 09:02:57
1644310977287424000,26.2,1,26.15,200,26.2,7,1,2022-02-08 09:02:57
1644310977290773000,26.2,1,26.15,200,26.2,6,1,2022-02-08 09:02:57
1644310977299952000,26.2,5,26.15,200,26.2,1,1,2022-02-08 09:02:57
1644310977455363000,26.15,1,26.15,199,26.2,5,2,2022-02-08 09:02:57
1644310978141931000,26.2,5,26.15,200,26.2,20,1,2022-02-08 09:02:58
1644310978195937000,26.2,1,26.15,200,26.2,19,1,2022-02-08 09:02:58
1644310978424490000,26.2,4,26.15,200,26.2,23,1,2022-02-08 09:02:58
1644310978570742000,26.15,1,26.15,199,26.2,23,2,2022-02-08 09:02:58
1644310979651474000,26.15,1,26.15,206,26.2,74,2,2022-02-08 09:02:59
1644310979794498000,26.2,1,26.15,206,26.2,76,1,2022-02-08 09:02:59
1644310980242749000,26.2,1,26.15,175,26.2,109,1,2022-02-08 09:03:00
1644310980638557000,26.2,5,26.15,175,26.2,140,1,2022-02-08 09:03:00
1644310980769247000,26.2,1,26.15,175,26.2,139,1,2022-02-08 09:03:00
1644310981022392000,26.2,5,26.15,172,26.2,136,1,2022-02-08 09:03:01
1644310981401955000,26.2,16,26.15,173,26.2,130,1,2022-02-08 09:03:01
1644310982048352000,26.2,1,26.15,173,26.2,144,1,2022-02-08 09:03:02
1644310982198516000,26.2,152,26.15,174,26.25,271,1,2022-02-08 09:03:02
1644310982198516000,26.25,48,26.15,174,26.25,271,1,2022-02-08 09:03:02
1644310982610319000,26.2,1,26.15,212,26.2,1,1,2022-02-08 09:03:02
1644310982938152000,26.15,2,26.15,214,26.2,1,2,2022-02-08 09:03:02
1644310983248322000,26.2,1,26.15,211,26.2,10,1,2022-02-08 09:03:03
1644310983360445000,26.2,2,26.15,222,26.2,8,1,2022-02-08 09:03:03
1644310983699196000,26.2,1,26.15,222,26.2,7,1,2022-02-08 09:03:03
1644310983707060000,26.2,3,26.15,222,26.2,4,1,2022-02-08 09:03:03
1644310983772720000,26.2,4,26.2,96,26.25,269,1,2022-02-08 09:03:03
1644310983858019000,26.25,2,26.2,101,26.25,265,1,2022-02-08 09:03:03
1644310984546525000,26.2,4,26.2,98,26.25,265,2,2022-02-08 09:03:04
1644310985372295000,26.25,1,26.2,109,26.25,265,1,2022-02-08 09:03:05
1644310985434607000,26.25,50,26.2,109,26.25,215,1,2022-02-08 09:03:05
1644310986747675000,26.25,11,26.2,125,26.25,204,1,2022-02-08 09:03:06
1644310987522729000,26.2,1,26.2,129,26.25,204,2,2022-02-08 09:03:07
1644310987772657000,26.2,2,26.2,127,26.25,204,2,2022-02-08 09:03:07
1644310987865263000,26.2,1,26.2,126,26.25,204,2,2022-02-08 09:03:07
1644310987915086000,26.2,3,26.2,123,26.25,204,2,2022-02-08 09:03:07
1644310987933394000,26.25,60,26.2,123,26.25,144,1,2022-02-08 09:03:07
1644310988046550000,26.25,7,26.2,161,26.25,137,1,2022-02-08 09:03:08
1644310988204607000,26.25,5,26.2,164,26.25,132,1,2022-02-08 09:03:08
1644310989854646000,26.25,1,26.2,140,26.25,134,1,2022-02-08 09:03:09
1644310990136124000,26.25,20,26.2,140,26.25,114,1,2022-02-08 09:03:10
1644310990598233000,26.2,21,26.2,119,26.25,114,2,2022-02-08 09:03:10
1644310991099020000,26.25,1,26.2,119,26.25,113,1,2022-02-08 09:03:11
1644310991165191000,26.25,22,26.2,119,26.25,91,1,2022-02-08 09:03:11
1644310991373116000,26.25,1,26.2,121,26.25,90,1,2022-02-08 09:03:11
1644310991923754000,26.25,2,26.2,145,26.25,90,1,2022-02-08 09:03:11
1644310992368107000,26.25,20,26.2,162,26.25,72,1,2022-02-08 09:03:12
1644310992396780000,26.25,3,26.2,162,26.25,69,1,2022-02-08 09:03:12
1644310992536674000,26.25,2,26.2,187,26.25,67,1,2022-02-08 09:03:12
1644310992664040000,26.25,1,26.2,187,26.25,66,1,2022-02-08 09:03:12
1644310992676898000,26.25,5,26.2,187,26.25,61,1,2022-02-08 09:03:12
1644310992841974000,26.25,1,26.2,189,26.25,60,1,2022-02-08 09:03:12
1644310992884312000,26.25,60,26.2,191,26.3,378,1,2022-02-08 09:03:12
1644310993000600000,26.2,3,26.2,190,26.3,381,2,2022-02-08 09:03:13
1644310993505484000,26.3,50,26.25,3,26.3,332,1,2022-02-08 09:03:13
1644310995130081000,26.25,1,26.25,13,26.3,332,2,2022-02-08 09:03:15
1644310995345488000,26.3,2,26.25,13,26.3,330,1,2022-02-08 09:03:15
1644310995408259000,26.25,3,26.25,10,26.3,330,2,2022-02-08 09:03:15
1644310995482936000,26.25,3,26.25,7,26.3,330,2,2022-02-08 09:03:15
1644310996315402000,26.3,100,26.25,9,26.3,230,1,2022-02-08 09:03:16
1644310996516783000,26.25,1,26.25,14,26.3,230,2,2022-02-08 09:03:16
1644310996822825000,26.3,10,26.25,25,26.3,220,1,2022-02-08 09:03:16
1644310997324758000,26.3,1,26.25,35,26.3,219,1,2022-02-08 09:03:17
1644310997358759000,26.3,10,26.25,39,26.3,209,1,2022-02-08 09:03:17
1644310997647481000,26.3,3,26.25,43,26.3,206,1,2022-02-08 09:03:17
1644310997854899000,26.3,2,26.25,49,26.3,206,1,2022-02-08 09:03:17
1644310998322763000,26.3,1,26.25,150,26.3,205,1,2022-02-08 09:03:18
1644310998423246000,26.25,1,26.25,149,26.3,205,2,2022-02-08 09:03:18
1644310998893021000,26.3,5,26.25,150,26.3,200,1,2022-02-08 09:03:18
1644310999555290000,26.25,4,26.25,181,26.3,200,2,2022-02-08 09:03:19
1644310999587393000,26.3,1,26.25,181,26.3,199,1,2022-02-08 09:03:19
1644310999851267000,26.3,3,26.25,181,26.3,196,1,2022-02-08 09:03:19
1644311000010247000,26.25,83,26.25,98,26.3,196,2,2022-02-08 09:03:20
1644311000367964000,26.3,1,26.25,98,26.3,195,1,2022-02-08 09:03:20
1644311000819537000,26.3,1,26.25,98,26.3,194,1,2022-02-08 09:03:20
1644311000889579000,26.3,30,26.25,98,26.3,164,1,2022-02-08 09:03:20
1644311001617716000,26.3,10,26.25,100,26.3,206,1,2022-02-08 09:03:21
1644311001687339000,26.3,1,26.25,110,26.3,203,1,2022-02-08 09:03:21
1644311001886591000,26.3,100,26.25,110,26.3,105,1,2022-02-08 09:03:21
1644311002290619000,26.3,1,26.25,114,26.3,102,1,2022-02-08 09:03:22
1644311002307846000,26.3,10,26.25,114,26.3,92,1,2022-02-08 09:03:22
1644311002347780000,26.3,5,26.25,114,26.3,87,1,2022-02-08 09:03:22
1644311002693362000,26.3,1,26.25,141,26.3,86,1,2022-02-08 09:03:22
1644311002938863000,26.25,5,26.25,158,26.3,86,2,2022-02-08 09:03:22
1644311003636036000,26.3,2,26.25,162,26.3,84,1,2022-02-08 09:03:23
1644311003687306000,26.25,1,26.25,161,26.3,84,2,2022-02-08 09:03:23
1644311003949198000,26.3,5,26.25,162,26.3,79,1,2022-02-08 09:03:23
1644311004017055000,26.3,36,26.25,162,26.3,43,1,2022-02-08 09:03:24
1644311004029606000,26.3,1,26.25,162,26.3,42,1,2022-02-08 09:03:24
1644311004196929000,26.3,1,26.25,165,26.3,42,1,2022-02-08 09:03:24
1644311004236510000,26.3,3,26.25,165,26.3,39,1,2022-02-08 09:03:24
1644311004348766000,26.3,6,26.25,165,26.3,33,1,2022-02-08 09:03:24
1644311004365294000,26.3,20,26.25,165,26.3,13,1,2022-02-08 09:03:24
1644311004727953000,26.25,1,26.25,165,26.3,14,2,2022-02-08 09:03:24
1644311004948026000,26.3,2,26.25,165,26.3,12,1,2022-02-08 09:03:24
1644311004977187000,26.3,5,26.25,165,26.3,7,1,2022-02-08 09:03:24
1644311005083094000,26.3,5,26.25,166,26.3,2,1,2022-02-08 09:03:25
1644311005517103000,26.3,1,26.25,176,26.3,2,1,2022-02-08 09:03:25
1644311005528264000,26.3,2,26.25,176,26.35,327,1,2022-02-08 09:03:25
1644311005683939000,26.3,1,26.3,4,26.35,327,1,2022-02-08 09:03:25
1644311005754319000,26.3,1,26.3,4,26.35,327,2,2022-02-08 09:03:25
1644311005821881000,26.3,1,26.3,3,26.35,327,2,2022-02-08 09:03:25
1644311005930397000,26.3,1,26.3,8,26.35,327,2,2022-02-08 09:03:25
1644311006294770000,26.3,9,26.25,149,26.35,327,2,2022-02-08 09:03:26
1644311006294770000,26.25,18,26.25,149,26.35,327,2,2022-02-08 09:03:26
1644311006532621000,26.25,27,26.25,151,26.3,3,2,2022-02-08 09:03:26
1644311006563132000,26.3,3,26.25,152,26.35,327,1,2022-02-08 09:03:26
1644311006778874000,26.25,27,26.25,127,26.3,2,2,2022-02-08 09:03:26
1644311007017527000,26.25,27,26.25,101,26.3,2,2,2022-02-08 09:03:27
1644311007192759000,26.25,101,26.25,1,26.3,8,2,2022-02-08 09:03:27
1644311007200929000,26.3,1,26.25,12,26.3,7,1,2022-02-08 09:03:27
1644311007258653000,26.25,12,26.2,188,26.3,3,2,2022-02-08 09:03:27
1644311007382820000,26.2,27,26.2,156,26.3,7,2,2022-02-08 09:03:27
1644311007739947000,26.2,27,26.2,129,26.3,9,2,2022-02-08 09:03:27
1644311007919741000,26.2,1,26.2,128,26.3,10,2,2022-02-08 09:03:27
1644311008054258000,26.25,1,26.2,127,26.3,50,2,2022-02-08 09:03:28
1644311008090349000,26.3,1,26.2,127,26.3,49,1,2022-02-08 09:03:28
1644311008142233000,26.2,27,26.2,100,26.3,49,2,2022-02-08 09:03:28
1644311008213737000,26.3,16,26.2,100,26.3,33,1,2022-02-08 09:03:28
1644311008356388000,26.25,1,26.2,100,26.3,40,2,2022-02-08 09:03:28
1644311008428294000,26.2,27,26.2,74,26.3,40,2,2022-02-08 09:03:28
1644311008435622000,26.3,1,26.2,74,26.3,39,1,2022-02-08 09:03:28
1644311008534285000,26.3,5,26.25,50,26.3,34,1,2022-02-08 09:03:28
1644311008566809000,26.3,2,26.25,50,26.3,32,1,2022-02-08 09:03:28
1644311008807811000,26.25,19,26.25,31,26.3,28,2,2022-02-08 09:03:28
1644311008843971000,26.25,31,26.2,74,26.3,28,2,2022-02-08 09:03:28
1644311008867573000,26.3,1,26.2,74,26.3,27,1,2022-02-08 09:03:28
1644311009201345000,26.3,3,26.25,1,26.3,22,1,2022-02-08 09:03:29
1644311009533507000,26.3,2,26.25,1,26.3,20,1,2022-02-08 09:03:29
1644311009536790000,26.3,10,26.25,1,26.3,10,1,2022-02-08 09:03:29
1644311009669325000,26.3,1,26.25,1,26.3,9,1,2022-02-08 09:03:29
1644311010142163000,26.25,1,26.2,83,26.3,33,2,2022-02-08 09:03:30
1644311010904075000,26.3,1,26.2,99,26.3,53,1,2022-02-08 09:03:30
1644311012469108000,26.3,1,26.25,53,26.3,109,1,2022-02-08 09:03:32
1644311012960110000,26.3,2,26.25,55,26.3,117,1,2022-02-08 09:03:32
1644311013793825000,26.3,2,26.25,61,26.3,118,1,2022-02-08 09:03:33
1644311014109768000,26.3,3,26.25,96,26.3,115,1,2022-02-08 09:03:34
1644311014139084000,26.3,100,26.25,100,26.3,15,1,2022-02-08 09:03:34
1644311014170831000,26.3,15,26.25,103,26.35,328,1,2022-02-08 09:03:34
1644311014950312000,26.3,1,26.25,111,26.3,99,2,2022-02-08 09:03:34
1644311015300740000,26.3,1,26.25,112,26.3,198,1,2022-02-08 09:03:35
1644311015311555000,26.3,29,26.25,112,26.3,169,1,2022-02-08 09:03:35
1644311015984836000,26.3,2,26.25,122,26.3,167,1,2022-02-08 09:03:35
1644311016476764000,26.3,6,26.25,131,26.3,164,1,2022-02-08 09:03:36
1644311016497168000,26.3,1,26.25,131,26.3,163,1,2022-02-08 09:03:36
1644311017051730000,26.3,1,26.25,131,26.3,162,1,2022-02-08 09:03:37
1644311017122109000,26.3,1,26.25,131,26.3,161,1,2022-02-08 09:03:37
1644311017617905000,26.3,1,26.25,135,26.3,160,1,2022-02-08 09:03:37
1644311017681242000,26.3,10,26.25,140,26.3,150,1,2022-02-08 09:03:37
1644311017741109000,26.3,1,26.25,140,26.3,159,1,2022-02-08 09:03:37
1644311018030076000,26.3,100,26.25,141,26.3,159,1,2022-02-08 09:03:38
1644311018406491000,26.3,5,26.25,141,26.3,170,1,2022-02-08 09:03:38
1644311019919172000,26.3,1,26.25,153,26.3,173,1,2022-02-08 09:03:39
1644311020182446000,26.25,3,26.25,150,26.3,185,2,2022-02-08 09:03:40
1644311020190046000,26.3,1,26.25,150,26.3,184,1,2022-02-08 09:03:40
1644311020292153000,26.3,2,26.25,150,26.3,182,1,2022-02-08 09:03:40
1644311020682537000,26.3,20,26.25,150,26.3,162,1,2022-02-08 09:03:40
1644311020779271000,26.25,1,26.25,149,26.3,162,2,2022-02-08 09:03:40
1644311020900893000,26.3,10,26.25,149,26.3,152,1,2022-02-08 09:03:40
1644311021351809000,26.3,2,26.25,150,26.3,150,1,2022-02-08 09:03:41
1644311021859887000,26.3,5,26.25,161,26.3,145,1,2022-02-08 09:03:41
1644311021908304000,26.25,1,26.25,160,26.3,145,2,2022-02-08 09:03:41
1644311022025147000,26.3,1,26.25,160,26.3,144,1,2022-02-08 09:03:42
1644311022054934000,26.3,5,26.25,160,26.3,139,1,2022-02-08 09:03:42
1644311022135937000,26.3,5,26.25,161,26.3,134,1,2022-02-08 09:03:42
1644311022263428000,26.3,5,26.25,161,26.3,134,1,2022-02-08 09:03:42
1644311022621003000,26.3,2,26.25,161,26.3,132,1,2022-02-08 09:03:42
1644311022806850000,26.3,1,26.25,161,26.3,131,1,2022-02-08 09:03:42
1644311022827817000,26.3,1,26.25,161,26.3,130,1,2022-02-08 09:03:42
1644311022868673000,26.3,2,26.25,161,26.3,128,1,2022-02-08 09:03:42
1644311022951870000,26.3,6,26.25,161,26.3,122,1,2022-02-08 09:03:42
1644311023210248000,26.25,15,26.25,146,26.3,122,2,2022-02-08 09:03:43
1644311023387809000,26.3,7,26.25,146,26.3,115,1,2022-02-08 09:03:43
1644311023465084000,26.3,1,26.25,146,26.3,114,1,2022-02-08 09:03:43
1644311023518563000,26.3,3,26.25,146,26.3,111,1,2022-02-08 09:03:43
1644311023525401000,26.3,10,26.25,146,26.3,101,1,2022-02-08 09:03:43
1644311023584872000,26.3,10,26.25,147,26.3,91,1,2022-02-08 09:03:43
1644311023796023000,26.3,3,26.25,147,26.3,89,1,2022-02-08 09:03:43
1644311024072430000,26.3,1,26.25,147,26.3,88,1,2022-02-08 09:03:44
1644311024539786000,26.3,5,26.25,149,26.3,83,1,2022-02-08 09:03:44
1644311024589671000,26.3,5,26.25,149,26.3,78,1,2022-02-08 09:03:44
1644311024802903000,26.3,5,26.25,149,26.3,73,1,2022-02-08 09:03:44
1644311024836661000,26.3,2,26.25,149,26.3,71,1,2022-02-08 09:03:44
1644311025423726000,26.3,5,26.25,149,26.3,68,1,2022-02-08 09:03:45
1644311025575937000,26.3,1,26.25,159,26.3,67,1,2022-02-08 09:03:45
1644311025669077000,26.3,3,26.25,159,26.3,64,1,2022-02-08 09:03:45
1644311025705771000,26.3,3,26.25,175,26.3,61,1,2022-02-08 09:03:45
1644311025881379000,26.3,5,26.25,176,26.3,56,1,2022-02-08 09:03:45
1644311026024431000,26.3,1,26.25,176,26.3,55,1,2022-02-08 09:03:46
1644311026982226000,26.3,5,26.25,199,26.3,55,1,2022-02-08 09:03:46
1644311027075607000,26.3,3,26.25,197,26.3,52,1,2022-02-08 09:03:47
1644311027092490000,26.3,10,26.25,199,26.3,42,1,2022-02-08 09:03:47
1644311027116735000,26.3,2,26.25,199,26.3,40,1,2022-02-08 09:03:47
1644311027489004000,26.3,5,26.25,199,26.3,35,1,2022-02-08 09:03:47
1644311027585335000,26.3,2,26.25,199,26.3,33,1,2022-02-08 09:03:47
1644311027586155000,26.3,1,26.25,199,26.3,32,1,2022-02-08 09:03:47
1644311027653020000,26.3,35,26.3,15,26.35,332,1,2022-02-08 09:03:47
1644311028492812000,26.3,5,26.3,23,26.35,332,2,2022-02-08 09:03:48
1644311028967934000,26.35,5,26.3,34,26.35,327,1,2022-02-08 09:03:48
1644311030108322000,26.3,12,26.3,33,26.35,332,2,2022-02-08 09:03:50
1644311031144585000,26.3,10,26.3,26,26.35,334,2,2022-02-08 09:03:51
1644311032684513000,26.35,10,26.3,44,26.35,330,1,2022-02-08 09:03:52
1644311033072598000,26.3,45,26.25,194,26.3,5,2,2022-02-08 09:03:53
1644311033074448000,26.3,2,26.25,194,26.3,3,1,2022-02-08 09:03:53
1644311033088625000,26.3,1,26.25,194,26.3,2,1,2022-02-08 09:03:53
1644311033190155000,26.3,2,26.25,246,26.3,1,1,2022-02-08 09:03:53
1644311033191155000,26.3,1,26.3,19,26.35,332,1,2022-02-08 09:03:53
1644311033236488000,26.3,1,26.3,27,26.35,330,2,2022-02-08 09:03:53
1644311034504776000,26.35,100,26.3,54,26.35,228,1,2022-02-08 09:03:54
1644311034901933000,26.35,2,26.3,102,26.35,226,1,2022-02-08 09:03:54
1644311034940086000,26.35,2,26.3,102,26.35,224,1,2022-02-08 09:03:54
1644311036263780000,26.35,3,26.3,113,26.35,222,1,2022-02-08 09:03:56
1644311036551652000,26.3,5,26.3,112,26.35,222,2,2022-02-08 09:03:56
1644311036719739000,26.35,3,26.3,142,26.35,219,1,2022-02-08 09:03:56
1644311037591039000,26.3,2,26.3,152,26.35,219,2,2022-02-08 09:03:57
1644311037788713000,26.35,1,26.3,152,26.35,218,1,2022-02-08 09:03:57
1644311038219905000,26.3,83,26.3,75,26.35,218,2,2022-02-08 09:03:58
1644311038226743000,26.35,4,26.3,75,26.35,214,1,2022-02-08 09:03:58
1644311038347969000,26.35,1,26.3,78,26.35,220,1,2022-02-08 09:03:58
1644311038568169000,26.35,1,26.3,80,26.35,219,1,2022-02-08 09:03:58
1644311040077873000,26.35,10,26.3,91,26.35,210,1,2022-02-08 09:04:00
1644311040426206000,26.35,5,26.3,100,26.35,205,1,2022-02-08 09:04:00
1644311041058005000,26.35,3,26.3,101,26.35,203,1,2022-02-08 09:04:01
1644311041395984000,26.3,1,26.3,100,26.35,204,2,2022-02-08 09:04:01
1644311041579114000,26.35,1,26.3,101,26.35,205,1,2022-02-08 09:04:01
1644311041800628000,26.3,1,26.3,107,26.35,205,2,2022-02-08 09:04:01
1644311042146071000,26.35,5,26.3,107,26.35,200,1,2022-02-08 09:04:02
1644311042488462000,26.35,1,26.3,118,26.35,201,1,2022-02-08 09:04:02
1644311042605584000,26.35,1,26.3,127,26.35,200,1,2022-02-08 09:04:02
1644311043597006000,26.35,201,26.3,138,26.4,664,1,2022-02-08 09:04:03
1644311043597006000,26.4,298,26.3,138,26.4,664,1,2022-02-08 09:04:03
1644311044170635000,26.35,10,26.3,169,26.4,645,1,2022-02-08 09:04:04
1644311044170635000,26.4,15,26.3,169,26.4,645,1,2022-02-08 09:04:04
1644311044439041000,26.4,1,26.35,27,26.4,644,1,2022-02-08 09:04:04
1644311044797305000,26.35,1,26.35,26,26.4,644,2,2022-02-08 09:04:04
1644311045012562000,26.4,1,26.35,26,26.4,643,1,2022-02-08 09:04:05
1644311045536834000,26.35,5,26.35,26,26.4,623,2,2022-02-08 09:04:05
1644311045566721000,26.35,2,26.35,24,26.4,623,2,2022-02-08 09:04:05
1644311045788093000,26.35,24,26.35,2,26.4,624,2,2022-02-08 09:04:05
1644311046138605000,26.35,2,26.35,6,26.4,624,2,2022-02-08 09:04:06
1644311046449823000,26.4,5,26.35,11,26.4,619,1,2022-02-08 09:04:06
1644311046561310000,26.4,5,26.35,11,26.4,614,1,2022-02-08 09:04:06
1644311046601531000,26.4,3,26.35,11,26.4,611,1,2022-02-08 09:04:06
1644311046642329000,26.35,2,26.35,9,26.4,611,2,2022-02-08 09:04:06
1644311046778923000,26.35,5,26.3,25,26.4,391,2,2022-02-08 09:04:06
1644311046778923000,26.3,215,26.3,25,26.4,391,2,2022-02-08 09:04:06
1644311047045667000,26.4,10,26.3,25,26.4,387,1,2022-02-08 09:04:07
1644311047106507000,26.4,4,26.3,25,26.4,383,1,2022-02-08 09:04:07
1644311047465751000,26.4,2,26.35,2,26.4,391,1,2022-02-08 09:04:07
1644311047662806000,26.4,10,26.35,12,26.4,379,1,2022-02-08 09:04:07
1644311047968428000,26.4,1,26.35,17,26.4,378,1,2022-02-08 09:04:07
1644311048407954000,26.35,2,26.35,24,26.4,368,2,2022-02-08 09:04:08
1644311048443698000,26.4,5,26.35,24,26.4,363,1,2022-02-08 09:04:08
1644311048970042000,26.35,4,26.35,21,26.4,362,2,2022-02-08 09:04:08
1644311049003852000,26.35,5,26.35,17,26.4,370,2,2022-02-08 09:04:09
1644311049476053000,26.35,12,26.35,6,26.4,370,2,2022-02-08 09:04:09
1644311049532246000,26.35,3,26.35,3,26.4,370,2,2022-02-08 09:04:09
1644311049949854000,26.4,20,26.35,14,26.4,350,1,2022-02-08 09:04:09
1644311050823605000,26.4,10,26.35,19,26.4,342,1,2022-02-08 09:04:10
1644311050855141000,26.4,1,26.35,19,26.4,341,1,2022-02-08 09:04:10
1644311051687776000,26.35,3,26.35,26,26.4,335,2,2022-02-08 09:04:11
1644311051797875000,26.35,2,26.35,24,26.4,335,2,2022-02-08 09:04:11
1644311051916448000,26.4,4,26.35,24,26.4,346,1,2022-02-08 09:04:11
1644311052092678000,26.4,2,26.35,34,26.4,347,1,2022-02-08 09:04:12
1644311052287741000,26.4,50,26.35,34,26.4,304,1,2022-02-08 09:04:12
1644311052309501000,26.4,2,26.35,34,26.4,302,1,2022-02-08 09:04:12
1644311052431592000,26.4,5,26.35,34,26.4,299,1,2022-02-08 09:04:12
1644311052919305000,26.4,2,26.35,35,26.4,297,1,2022-02-08 09:04:12
1644311053049261000,26.4,2,26.35,35,26.4,295,1,2022-02-08 09:04:13
1644311053344752000,26.4,1,26.35,40,26.4,294,1,2022-02-08 09:04:13
1644311054408786000,26.4,4,26.35,57,26.4,291,1,2022-02-08 09:04:14
1644311054663601000,26.4,1,26.35,57,26.4,290,1,2022-02-08 09:04:14
1644311054666948000,26.35,2,26.35,55,26.4,290,2,2022-02-08 09:04:14
1644311055559316000,26.4,1,26.35,63,26.4,289,1,2022-02-08 09:04:15
1644311055678776000,26.4,3,26.35,63,26.4,287,1,2022-02-08 09:04:15
1644311055812229000,26.4,3,26.35,64,26.4,284,1,2022-02-08 09:04:15
1644311055824735000,26.4,3,26.35,64,26.4,281,1,2022-02-08 09:04:15
1644311055893905000,26.4,2,26.35,65,26.4,279,1,2022-02-08 09:04:15
1644311056531516000,26.35,68,26.3,106,26.35,132,2,2022-02-08 09:04:16
1644311056590299000,26.35,1,26.3,106,26.35,131,1,2022-02-08 09:04:16
1644311056647738000,26.35,10,26.3,105,26.35,121,1,2022-02-08 09:04:16
1644311057019963000,26.35,1,26.3,105,26.35,121,1,2022-02-08 09:04:17
1644311057450719000,26.35,2,26.3,105,26.35,119,1,2022-02-08 09:04:17
1644311057474015000,26.35,1,26.3,105,26.35,118,1,2022-02-08 09:04:17
1644311057580625000,26.35,1,26.3,105,26.35,117,1,2022-02-08 09:04:17
1644311057684544000,26.35,4,26.3,105,26.35,123,1,2022-02-08 09:04:17
1644311057810626000,26.35,2,26.3,105,26.35,121,1,2022-02-08 09:04:17
1644311058368409000,26.35,1,26.3,106,26.35,125,1,2022-02-08 09:04:18
1644311058410932000,26.35,1,26.3,106,26.35,129,1,2022-02-08 09:04:18
1644311058437969000,26.35,1,26.3,106,26.35,128,1,2022-02-08 09:04:18
1644311058557627000,26.35,5,26.3,107,26.35,125,1,2022-02-08 09:04:18
1644311058806706000,26.35,1,26.3,107,26.35,125,1,2022-02-08 09:04:18
1644311058905849000,26.35,1,26.3,107,26.35,124,1,2022-02-08 09:04:18
1644311059068148000,26.35,1,26.3,107,26.35,123,1,2022-02-08 09:04:19
1644311059392019000,26.35,1,26.3,110,26.35,125,1,2022-02-08 09:04:19
1644311059681334000,26.3,10,26.3,100,26.35,129,2,2022-02-08 09:04:19
1644311059685083000,26.35,1,26.3,100,26.35,128,1,2022-02-08 09:04:19
1644311059749446000,26.35,2,26.3,100,26.35,126,1,2022-02-08 09:04:19
1644311059914192000,26.35,10,26.3,100,26.35,116,1,2022-02-08 09:04:19
1644311059917210000,26.35,1,26.3,100,26.35,115,1,2022-02-08 09:04:19
1644311060002839000,26.35,1,26.3,100,26.35,114,1,2022-02-08 09:04:20
1644311060082651000,26.35,1,26.3,100,26.35,113,1,2022-02-08 09:04:20
1644311060199701000,26.35,1,26.3,100,26.35,112,1,2022-02-08 09:04:20
1644311060500412000,26.3,1,26.3,101,26.35,112,2,2022-02-08 09:04:20
1644311060691438000,26.35,1,26.3,101,26.35,111,1,2022-02-08 09:04:20
1644311060698972000,26.35,1,26.3,101,26.35,110,1,2022-02-08 09:04:20
1644311060735068000,26.35,1,26.3,101,26.35,109,1,2022-02-08 09:04:20
1644311061041306000,26.35,1,26.3,101,26.35,108,1,2022-02-08 09:04:21
1644311061223355000,26.3,1,26.3,101,26.35,108,2,2022-02-08 09:04:21
1644311061263569000,26.35,1,26.3,101,26.35,107,1,2022-02-08 09:04:21
1644311061387638000,26.3,101,26.25,146,26.35,806,2,2022-02-08 09:04:21
1644311061446294000,26.35,2,26.25,141,26.35,810,1,2022-02-08 09:04:21
1644311061554564000,26.3,1,26.25,140,26.35,810,2,2022-02-08 09:04:21
1644311061683444000,26.25,84,26.25,61,26.3,7,2,2022-02-08 09:04:21
1644311061711558000,26.25,61,26.2,230,26.3,11,2,2022-02-08 09:04:21
1644311061776265000,26.25,1,26.2,230,26.3,5,2,2022-02-08 09:04:21
1644311061919690000,26.3,4,26.2,230,26.3,7,1,2022-02-08 09:04:21
1644311062249283000,26.3,1,26.2,230,26.3,25,1,2022-02-08 09:04:22
1644311062568197000,26.3,1,26.2,230,26.3,38,1,2022-02-08 09:04:22
1644311062819469000,26.3,1,26.2,233,26.3,37,1,2022-02-08 09:04:22
1644311062846576000,26.3,5,26.2,235,26.3,32,1,2022-02-08 09:04:22
1644311063092943000,26.3,2,26.2,235,26.3,30,1,2022-02-08 09:04:23
1644311063324384000,26.25,2,26.2,251,26.3,30,1,2022-02-08 09:04:23
1644311063500861000,26.25,1,26.2,251,26.3,30,1,2022-02-08 09:04:23
1644311063638143000,26.2,4,26.2,245,26.3,30,2,2022-02-08 09:04:23
1644311064125666000,26.3,6,26.25,102,26.3,24,1,2022-02-08 09:04:24
1644311064239280000,26.3,2,26.25,102,26.3,17,1,2022-02-08 09:04:24
1644311064519505000,26.3,5,26.25,102,26.3,12,1,2022-02-08 09:04:24
1644311064788047000,26.3,1,26.25,102,26.3,12,1,2022-02-08 09:04:24
1644311065010896000,26.3,1,26.25,101,26.3,211,1,2022-02-08 09:04:25
1644311065205500000,26.3,10,26.25,101,26.3,201,1,2022-02-08 09:04:25
1644311066103918000,26.3,5,26.25,101,26.3,246,1,2022-02-08 09:04:26
1644311066386556000,26.25,101,26.2,149,26.3,271,2,2022-02-08 09:04:26
1644311066512386000,26.3,1,26.2,148,26.3,300,1,2022-02-08 09:04:26
1644311066538751000,26.3,40,26.2,148,26.3,260,1,2022-02-08 09:04:26
1644311066675758000,26.3,1,26.2,148,26.3,264,1,2022-02-08 09:04:26
1644311066704472000,26.3,1,26.2,149,26.3,263,1,2022-02-08 09:04:26
1644311067092644000,26.25,1,26.2,149,26.3,285,2,2022-02-08 09:04:27
1644311067461919000,26.25,2,26.2,150,26.3,311,1,2022-02-08 09:04:27
1644311067514843000,26.3,2,26.2,150,26.3,307,1,2022-02-08 09:04:27
1644311068057751000,26.25,3,26.2,151,26.25,7,1,2022-02-08 09:04:28
1644311068322329000,26.25,1,26.2,152,26.25,6,1,2022-02-08 09:04:28
1644311068580957000,26.25,1,26.2,152,26.25,5,1,2022-02-08 09:04:28
1644311068999602000,26.25,1,26.2,152,26.25,4,1,2022-02-08 09:04:28
1644311069097141000,26.25,2,26.2,152,26.25,2,1,2022-02-08 09:04:29
1644311069297170000,26.2,3,26.2,149,26.25,2,2,2022-02-08 09:04:29
1644311069310171000,26.25,2,26.2,149,26.3,338,1,2022-02-08 09:04:29
1644311069310171000,26.3,3,26.2,149,26.3,338,1,2022-02-08 09:04:29
1644311069438204000,26.3,2,26.25,1,26.3,336,1,2022-02-08 09:04:29
1644311069908221000,26.25,1,26.2,150,26.3,348,2,2022-02-08 09:04:29
1644311070075241000,26.25,1,26.2,149,26.3,343,2,2022-02-08 09:04:30
1644311070881653000,26.25,2,26.25,48,26.3,352,1,2022-02-08 09:04:30
1644311070973193000,26.25,1,26.25,47,26.3,350,2,2022-02-08 09:04:30
1644311071041793000,26.25,30,26.25,17,26.3,350,2,2022-02-08 09:04:31
1644311071071456000,26.25,17,26.2,152,26.3,356,2,2022-02-08 09:04:31
1644311071330875000,26.25,1,26.2,151,26.3,324,2,2022-02-08 09:04:31
1644311071991824000,26.3,2,26.25,2,26.3,329,1,2022-02-08 09:04:31
1644311072308368000,26.3,2,26.25,3,26.3,325,1,2022-02-08 09:04:32
1644311072856166000,26.25,2,26.25,5,26.3,330,2,2022-02-08 09:04:32
1644311072994186000,26.25,1,26.25,4,26.3,330,2,2022-02-08 09:04:32
1644311073326126000,26.25,2,26.25,3,26.3,332,2,2022-02-08 09:04:33
1644311073443510000,26.3,1,26.25,3,26.3,331,1,2022-02-08 09:04:33
1644311073769410000,26.25,6,26.2,157,26.25,14,2,2022-02-08 09:04:33
1644311074087761000,26.25,16,26.2,141,26.25,5,1,2022-02-08 09:04:34
1644311074177317000,26.25,10,26.2,141,26.3,333,2,2022-02-08 09:04:34
1644311074894256000,26.2,1,26.2,141,26.25,1,2,2022-02-08 09:04:34
1644311074917578000,26.2,1,26.2,140,26.25,1,2,2022-02-08 09:04:34
1644311074924839000,26.25,1,26.2,140,26.3,336,1,2022-02-08 09:04:34
1644311075206676000,26.25,1,26.2,140,26.3,338,2,2022-02-08 09:04:35
1644311075433621000,26.25,1,26.2,140,26.3,338,2,2022-02-08 09:04:35
1644311075455433000,26.3,5,26.2,140,26.3,333,1,2022-02-08 09:04:35
1644311075715220000,26.3,15,26.2,141,26.3,318,1,2022-02-08 09:04:35
1644311076339076000,26.25,1,26.2,142,26.3,318,1,2022-02-08 09:04:36
1644311076607926000,26.3,5,26.2,146,26.3,315,1,2022-02-08 09:04:36
1644311077211310000,26.25,1,26.25,6,26.3,319,2,2022-02-08 09:04:37
1644311077249654000,26.25,6,26.2,147,26.3,320,2,2022-02-08 09:04:37
1644311077628695000,26.25,1,26.2,147,26.3,324,2,2022-02-08 09:04:37
1644311077660193000,26.3,20,26.2,147,26.3,298,1,2022-02-08 09:04:37
1644311078059446000,26.25,2,26.2,158,26.3,2,1,2022-02-08 09:04:38
1644311078059446000,26.3,298,26.2,158,26.3,2,1,2022-02-08 09:04:38
1644311078480379000,26.25,1,26.2,185,26.3,13,1,2022-02-08 09:04:38
1644311078976462000,26.25,5,26.25,16,26.3,13,2,2022-02-08 09:04:38
1644311079154863000,26.3,1,26.25,17,26.3,12,1,2022-02-08 09:04:39
1644311079523581000,26.25,2,26.25,14,26.3,12,2,2022-02-08 09:04:39
1644311079552124000,26.3,1,26.25,29,26.3,11,1,2022-02-08 09:04:39
1644311079833461000,26.25,3,26.25,31,26.3,11,2,2022-02-08 09:04:39
1644311079965760000,26.3,10,26.25,31,26.3,1,1,2022-02-08 09:04:39
1644311080386632000,26.35,5,26.25,32,26.35,863,1,2022-02-08 09:04:40
1644311080408604000,26.25,3,26.25,29,26.35,863,2,2022-02-08 09:04:40
1644311080479567000,26.25,2,26.25,27,26.35,863,2,2022-02-08 09:04:40
1644311081628541000,26.3,5,26.25,39,26.3,5,1,2022-02-08 09:04:41
1644311083985143000,26.3,4,26.25,64,26.3,9,1,2022-02-08 09:04:43
1644311084134978000,26.3,1,26.25,64,26.3,8,1,2022-02-08 09:04:44
1644311084246778000,26.3,1,26.25,64,26.3,7,1,2022-02-08 09:04:44
1644311084517611000,26.3,5,26.25,64,26.3,2,1,2022-02-08 09:04:44
1644311084599889000,26.3,1,26.25,64,26.3,1,1,2022-02-08 09:04:44
1644311084717748000,26.3,1,26.25,64,26.35,863,1,2022-02-08 09:04:44
1644311085593197000,26.35,2,26.3,7,26.35,861,1,2022-02-08 09:04:45
1644311085624420000,26.3,7,26.25,59,26.35,859,2,2022-02-08 09:04:45
1644311085818238000,26.3,1,26.3,1,26.35,871,2,2022-02-08 09:04:45
1644311085895449000,26.35,3,26.3,1,26.35,868,1,2022-02-08 09:04:45
1644311086043217000,26.3,1,26.3,1,26.35,868,2,2022-02-08 09:04:46
1644311086649203000,26.3,1,26.25,61,26.3,99,2,2022-02-08 09:04:46
1644311086739006000,26.25,1,26.25,90,26.3,99,2,2022-02-08 09:04:46
1644311086857241000,26.3,1,26.25,90,26.3,103,1,2022-02-08 09:04:46
1644311087030182000,26.3,5,26.25,90,26.3,98,1,2022-02-08 09:04:47
1644311087339290000,26.3,2,26.25,89,26.3,646,1,2022-02-08 09:04:47
1644311087425932000,26.3,2,26.25,89,26.3,644,1,2022-02-08 09:04:47
1644311087736449000,26.3,1,26.25,89,26.3,644,1,2022-02-08 09:04:47
1644311088274681000,26.3,1,26.25,89,26.3,643,1,2022-02-08 09:04:48
1644311088755743000,26.25,1,26.25,91,26.3,643,2,2022-02-08 09:04:48
1644311088933763000,26.3,1,26.25,91,26.3,653,1,2022-02-08 09:04:48
1644311088983589000,26.25,1,26.25,92,26.3,653,2,2022-02-08 09:04:48
1644311089021540000,26.3,2,26.25,92,26.3,651,1,2022-02-08 09:04:49
1644311089489943000,26.3,10,26.25,112,26.3,642,1,2022-02-08 09:04:49
1644311089551870000,26.3,1,26.25,112,26.3,630,1,2022-02-08 09:04:49
1644311090871414000,26.25,1,26.25,126,26.3,639,2,2022-02-08 09:04:50
1644311091068678000,26.3,5,26.25,126,26.3,645,1,2022-02-08 09:04:51
1644311091725021000,26.3,4,26.25,126,26.3,647,1,2022-02-08 09:04:51
1644311091731285000,26.3,1,26.25,126,26.3,646,1,2022-02-08 09:04:51
1644311091814769000,26.3,2,26.25,126,26.3,633,1,2022-02-08 09:04:51
1644311092015947000,26.3,1,26.25,128,26.3,634,1,2022-02-08 09:04:52
1644311092052647000,26.3,40,26.25,128,26.3,594,1,2022-02-08 09:04:52
1644311092178815000,26.3,1,26.25,139,26.3,593,1,2022-02-08 09:04:52
1644311092320222000,26.3,2,26.25,139,26.3,591,1,2022-02-08 09:04:52
1644311092714041000,26.3,1,26.25,139,26.3,596,1,2022-02-08 09:04:52
1644311092782449000,26.3,1,26.25,139,26.3,595,1,2022-02-08 09:04:52
1644311093367673000,26.3,5,26.25,141,26.3,595,1,2022-02-08 09:04:53
1644311093827057000,26.3,2,26.25,141,26.3,593,1,2022-02-08 09:04:53
1644311094099967000,26.3,1,26.25,141,26.3,592,1,2022-02-08 09:04:54
1644311094101861000,26.3,5,26.25,141,26.3,587,1,2022-02-08 09:04:54
1644311094245665000,26.25,1,26.25,129,26.3,589,2,2022-02-08 09:04:54
1644311095457275000,26.3,25,26.25,132,26.3,575,1,2022-02-08 09:04:55
1644311095816665000,26.3,1,26.25,132,26.3,568,1,2022-02-08 09:04:55
1644311096179412000,26.3,1,26.25,135,26.3,567,1,2022-02-08 09:04:56
1644311096324440000,26.3,1,26.25,135,26.3,566,1,2022-02-08 09:04:56
1644311096438433000,26.25,84,26.25,51,26.3,566,2,2022-02-08 09:04:56
1644311096467584000,26.25,51,26.25,1,26.3,579,2,2022-02-08 09:04:56
1644311096496278000,26.25,1,26.2,255,26.3,581,2,2022-02-08 09:04:56
1644311096550738000,26.2,3,26.2,252,26.3,568,2,2022-02-08 09:04:56
1644311096724789000,26.3,20,26.25,51,26.3,557,1,2022-02-08 09:04:56
1644311096836826000,26.25,1,26.25,50,26.3,557,2,2022-02-08 09:04:56
1644311096944844000,26.25,5,26.25,45,26.3,557,2,2022-02-08 09:04:56
1644311097332277000,26.3,1,26.25,45,26.3,556,1,2022-02-08 09:04:57
1644311097345312000,26.3,2,26.25,45,26.3,554,1,2022-02-08 09:04:57
1644311097358678000,26.3,100,26.25,45,26.3,454,1,2022-02-08 09:04:57
1644311097836878000,26.25,11,26.25,35,26.3,454,2,2022-02-08 09:04:57
1644311097939166000,26.3,1,26.25,35,26.3,453,1,2022-02-08 09:04:57
1644311098292966000,26.3,1,26.25,36,26.3,454,1,2022-02-08 09:04:58
1644311098573842000,26.3,1,26.25,36,26.3,453,1,2022-02-08 09:04:58
1644311098707877000,26.25,12,26.25,34,26.3,454,2,2022-02-08 09:04:58
1644311099418338000,26.3,1,26.25,34,26.3,453,1,2022-02-08 09:04:59
1644311099685120000,26.25,1,26.25,33,26.3,453,2,2022-02-08 09:04:59
1644311099848283000,26.25,1,26.25,32,26.3,453,2,2022-02-08 09:04:59
1644311099850442000,26.3,1,26.25,32,26.3,452,1,2022-02-08 09:04:59
1644311100618187000,26.25,32,26.2,254,26.25,30,2,2022-02-08 09:05:00
1644311101293761000,26.25,1,26.2,270,26.25,30,1,2022-02-08 09:05:01
1644311101366202000,26.2,40,26.2,230,26.25,30,2,2022-02-08 09:05:01
1644311101578782000,26.25,1,26.2,230,26.25,29,1,2022-02-08 09:05:01
1644311101673668000,26.25,1,26.2,230,26.25,28,1,2022-02-08 09:05:01
1644311101818143000,26.2,100,26.2,130,26.25,28,2,2022-02-08 09:05:01
1644311102230293000,26.25,25,26.2,122,26.25,12,1,2022-02-08 09:05:02
1644311102740791000,26.25,1,26.2,128,26.25,9,1,2022-02-08 09:05:02
1644311103539099000,26.25,3,26.2,125,26.25,21,1,2022-02-08 09:05:03
1644311103623282000,26.25,5,26.2,125,26.25,16,1,2022-02-08 09:05:03
1644311104241923000,26.25,1,26.2,125,26.25,15,1,2022-02-08 09:05:04
1644311105037079000,26.25,3,26.2,126,26.25,18,1,2022-02-08 09:05:05
1644311105198316000,26.25,2,26.2,126,26.25,17,1,2022-02-08 09:05:05
1644311105230524000,26.25,1,26.2,126,26.25,16,1,2022-02-08 09:05:05
1644311105684470000,26.25,1,26.2,126,26.25,215,1,2022-02-08 09:05:05
1644311105739445000,26.25,1,26.2,125,26.25,214,1,2022-02-08 09:05:05
1644311105760970000,26.2,2,26.2,123,26.25,214,2,2022-02-08 09:05:05
1644311105792801000,26.2,65,26.2,58,26.25,214,2,2022-02-08 09:05:05
1644311105825828000,26.2,58,26.15,180,26.25,214,2,2022-02-08 09:05:05
1644311105881665000,26.2,1,26.15,180,26.25,214,2,2022-02-08 09:05:05
1644311106849377000,26.25,1,26.2,16,26.25,232,1,2022-02-08 09:05:06
1644311107126157000,26.25,1,26.2,16,26.25,231,1,2022-02-08 09:05:07
1644311107324156000,26.25,1,26.2,16,26.25,230,1,2022-02-08 09:05:07
1644311107352950000,26.25,2,26.2,36,26.25,228,1,2022-02-08 09:05:07
1644311107422245000,26.2,6,26.2,30,26.25,228,2,2022-02-08 09:05:07
1644311107434128000,26.25,1,26.2,30,26.25,227,1,2022-02-08 09:05:07
1644311107857849000,26.25,4,26.2,30,26.25,224,1,2022-02-08 09:05:07
1644311108414601000,26.25,1,26.2,30,26.25,224,1,2022-02-08 09:05:08
1644311108818471000,26.2,20,26.2,11,26.25,224,2,2022-02-08 09:05:08
1644311109282098000,26.25,3,26.2,11,26.25,225,1,2022-02-08 09:05:09
1644311109807027000,26.2,10,26.2,1,26.25,227,2,2022-02-08 09:05:09
1644311110852474000,26.25,50,26.2,1,26.25,180,1,2022-02-08 09:05:10
1644311110867744000,26.2,1,26.15,179,26.25,180,2,2022-02-08 09:05:10
1644311111106775000,26.25,1,26.2,50,26.25,174,1,2022-02-08 09:05:11
1644311111636396000,26.2,1,26.2,59,26.25,174,2,2022-02-08 09:05:11
1644311112934097000,26.2,2,26.2,63,26.25,194,2,2022-02-08 09:05:12
1644311113153676000,26.2,3,26.2,60,26.25,194,2,2022-02-08 09:05:13
1644311113697885000,26.25,10,26.2,60,26.25,225,1,2022-02-08 09:05:13
1644311113811794000,26.25,1,26.2,60,26.25,224,1,2022-02-08 09:05:13
1644311114643820000,26.25,1,26.2,67,26.25,229,1,2022-02-08 09:05:14
1644311115436017000,26.2,1,26.2,131,26.25,239,2,2022-02-08 09:05:15
1644311116785727000,26.25,1,26.2,140,26.25,238,1,2022-02-08 09:05:16
1644311117025834000,26.2,6,26.2,134,26.25,238,2,2022-02-08 09:05:17
1644311117664866000,26.2,2,26.2,130,26.25,238,2,2022-02-08 09:05:17
1644311117705368000,26.2,1,26.2,129,26.25,238,2,2022-02-08 09:05:17
1644311117730530000,26.2,26,26.2,103,26.25,238,2,2022-02-08 09:05:17
1644311117909227000,26.2,2,26.2,101,26.25,238,2,2022-02-08 09:05:17
1644311118270752000,26.25,3,26.2,102,26.25,242,1,2022-02-08 09:05:18
1644311118617502000,26.2,3,26.2,104,26.25,242,2,2022-02-08 09:05:18
1644311118735579000,26.25,1,26.2,104,26.25,234,1,2022-02-08 09:05:18
1644311119074307000,26.2,1,26.2,117,26.25,239,2,2022-02-08 09:05:19
1644311120137840000,26.2,1,26.2,116,26.25,251,2,2022-02-08 09:05:20
1644311120208494000,26.2,3,26.2,113,26.25,251,2,2022-02-08 09:05:20
1644311120435034000,26.2,2,26.2,111,26.25,260,2,2022-02-08 09:05:20
1644311120694210000,26.2,1,26.2,121,26.25,259,2,2022-02-08 09:05:20
1644311120758768000,26.25,1,26.2,121,26.25,258,1,2022-02-08 09:05:20
1644311121049114000,26.25,3,26.2,121,26.25,248,1,2022-02-08 09:05:21
1644311121624979000,26.2,1,26.2,120,26.25,257,2,2022-02-08 09:05:21
1644311121791622000,26.25,5,26.2,121,26.25,252,1,2022-02-08 09:05:21
1644311122021066000,26.25,1,26.2,133,26.25,244,1,2022-02-08 09:05:22
1644311122507627000,26.25,2,26.2,133,26.25,240,1,2022-02-08 09:05:22
1644311123087647000,26.25,3,26.2,133,26.25,237,1,2022-02-08 09:05:23
1644311123243819000,26.2,1,26.2,147,26.25,237,2,2022-02-08 09:05:23
1644311123326681000,26.2,1,26.2,146,26.25,237,2,2022-02-08 09:05:23
1644311123461362000,26.2,1,26.2,145,26.25,244,2,2022-02-08 09:05:23
1644311125068845000,26.2,2,26.2,158,26.25,250,2,2022-02-08 09:05:25
1644311125216391000,26.2,24,26.2,134,26.25,250,2,2022-02-08 09:05:25
1644311125726713000,26.2,110,26.2,26,26.25,251,2,2022-02-08 09:05:25
1644311125760573000,26.2,26,26.15,312,26.25,253,2,2022-02-08 09:05:25
1644311126337709000,26.25,100,26.15,292,26.25,148,1,2022-02-08 09:05:26
1644311126488654000,26.2,1,26.15,312,26.25,146,1,2022-02-08 09:05:26
1644311126960461000,26.2,1,26.15,320,26.2,3,1,2022-02-08 09:05:26
1644311127116365000,26.15,9,26.15,311,26.2,3,2,2022-02-08 09:05:27
1644311127470672000,26.2,1,26.15,311,26.2,22,1,2022-02-08 09:05:27
1644311127962663000,26.15,16,26.15,295,26.2,27,2,2022-02-08 09:05:27
1644311128507334000,26.2,1,26.15,295,26.2,26,1,2022-02-08 09:05:28
1644311128887227000,26.15,2,26.15,293,26.2,26,2,2022-02-08 09:05:28
1644311129586782000,26.2,1,26.15,273,26.2,27,1,2022-02-08 09:05:29
1644311129632021000,26.2,2,26.15,273,26.2,25,1,2022-02-08 09:05:29
1644311129964611000,26.15,58,26.15,215,26.2,26,2,2022-02-08 09:05:29
1644311130518206000,26.15,80,26.15,135,26.2,37,2,2022-02-08 09:05:30
1644311130520746000,26.2,1,26.15,135,26.2,36,1,2022-02-08 09:05:30
1644311130999458000,26.2,1,26.15,135,26.2,36,1,2022-02-08 09:05:30
1644311131995733000,26.15,1,26.15,149,26.2,41,2,2022-02-08 09:05:31
1644311132214741000,26.2,3,26.15,149,26.2,38,1,2022-02-08 09:05:32
1644311132984647000,26.2,1,26.15,141,26.2,67,1,2022-02-08 09:05:32
1644311133633230000,26.15,1,26.15,140,26.2,67,2,2022-02-08 09:05:33
1644311134444864000,26.2,3,26.15,142,26.2,101,1,2022-02-08 09:05:34
1644311134927390000,26.2,1,26.15,144,26.2,102,1,2022-02-08 09:05:34
1644311135231499000,26.15,3,26.15,142,26.2,104,2,2022-02-08 09:05:35
1644311135833934000,26.2,20,26.15,142,26.2,94,1,2022-02-08 09:05:35
1644311136054732000,26.2,3,26.15,146,26.2,91,1,2022-02-08 09:05:36
1644311136907950000,26.15,1,26.15,141,26.2,91,2,2022-02-08 09:05:36
1644311137028051000,26.15,110,26.15,31,26.2,93,2,2022-02-08 09:05:37
1644311137028110000,26.15,31,26.1,272,26.2,93,2,2022-02-08 09:05:37
1644311137131173000,26.2,10,26.1,259,26.2,104,1,2022-02-08 09:05:37
1644311137684940000,26.2,5,26.1,262,26.2,104,1,2022-02-08 09:05:37
1644311138037263000,26.2,1,26.15,1,26.2,103,1,2022-02-08 09:05:38
1644311138675449000,26.15,1,26.1,232,26.2,207,2,2022-02-08 09:05:38
1644311139090524000,26.2,1,26.1,234,26.2,202,1,2022-02-08 09:05:39
1644311140630246000,26.2,5,26.15,3,26.2,203,1,2022-02-08 09:05:40
1644311141078262000,26.15,2,26.15,2,26.2,203,2,2022-02-08 09:05:41
1644311141439873000,26.15,1,26.15,1,26.2,203,2,2022-02-08 09:05:41
1644311141815276000,26.2,1,26.15,1,26.2,202,1,2022-02-08 09:05:41
1644311141856524000,26.15,1,26.1,238,26.15,39,2,2022-02-08 09:05:41
1644311141857352000,26.1,1,26.1,237,26.15,39,2,2022-02-08 09:05:41
1644311143937497000,26.1,1,26.1,236,26.15,46,2,2022-02-08 09:05:43
1644311143958621000,26.15,1,26.1,236,26.15,45,1,2022-02-08 09:05:43
1644311144688310000,26.15,1,26.1,239,26.15,44,1,2022-02-08 09:05:44
1644311145887723000,26.1,11,26.1,228,26.15,44,2,2022-02-08 09:05:45
1644311146563781000,26.15,2,26.1,229,26.15,45,1,2022-02-08 09:05:46
1644311146865420000,26.15,5,26.1,234,26.15,40,1,2022-02-08 09:05:46
1644311147039560000,26.15,1,26.1,239,26.15,42,1,2022-02-08 09:05:47
1644311147287688000,26.1,7,26.1,233,26.15,42,2,2022-02-08 09:05:47
1644311148624844000,26.1,5,26.1,224,26.15,44,2,2022-02-08 09:05:48
1644311148642624000,26.15,1,26.1,224,26.15,43,1,2022-02-08 09:05:48
1644311148738028000,26.15,1,26.1,224,26.15,42,1,2022-02-08 09:05:48
1644311148910680000,26.1,5,26.1,221,26.15,42,2,2022-02-08 09:05:48
1644311149256643000,26.1,1,26.1,221,26.15,43,2,2022-02-08 09:05:49
1644311149551777000,26.15,2,26.1,222,26.15,43,1,2022-02-08 09:05:49
1644311149888352000,26.15,1,26.1,223,26.15,42,1,2022-02-08 09:05:49
1644311150304475000,26.1,1,26.1,222,26.15,43,2,2022-02-08 09:05:50
1644311151521145000,26.15,43,26.1,232,26.2,208,1,2022-02-08 09:05:51
1644311151912030000,26.15,1,26.1,232,26.2,206,1,2022-02-08 09:05:51
1644311152084882000,26.1,4,26.1,224,26.2,206,2,2022-02-08 09:05:52
1644311153163267000,26.15,2,26.15,17,26.2,206,2,2022-02-08 09:05:53
1644311153339288000,26.15,8,26.15,9,26.2,206,2,2022-02-08 09:05:53
1644311153510492000,26.15,1,26.15,9,26.2,205,2,2022-02-08 09:05:53
1644311153784306000,26.2,1,26.15,9,26.2,205,1,2022-02-08 09:05:53
1644311154768708000,26.15,9,26.1,239,26.2,205,2,2022-02-08 09:05:54
1644311154768708000,26.1,91,26.1,239,26.2,205,2,2022-02-08 09:05:54
1644311155631758000,26.2,1,26.15,4,26.2,209,1,2022-02-08 09:05:55
1644311156887595000,26.15,10,26.15,38,26.2,203,2,2022-02-08 09:05:56
1644311157299118000,26.15,2,26.15,32,26.2,203,2,2022-02-08 09:05:57
1644311158102207000,26.2,204,26.15,339,26.25,95,1,2022-02-08 09:05:58
1644311158328760000,26.15,1,26.15,363,26.25,111,2,2022-02-08 09:05:58
1644311159706594000,26.2,1,26.2,10,26.25,109,2,2022-02-08 09:05:59
1644311159714899000,26.2,10,26.15,353,26.25,109,2,2022-02-08 09:05:59
1644311160665789000,26.2,1,26.2,5,26.25,111,2,2022-02-08 09:06:00
1644311160910738000,26.2,2,26.2,3,26.25,111,2,2022-02-08 09:06:00
1644311161165725000,26.2,1,26.2,2,26.25,111,2,2022-02-08 09:06:01
1644311161490296000,26.2,1,26.15,314,26.25,96,2,2022-02-08 09:06:01
1644311161490296000,26.15,82,26.15,314,26.25,96,2,2022-02-08 09:06:01
1644311162608553000,26.2,1,26.2,8,26.25,97,2,2022-02-08 09:06:02
1644311162695584000,26.25,1,26.2,8,26.25,96,1,2022-02-08 09:06:02
1644311162831370000,26.2,1,26.2,7,26.25,97,2,2022-02-08 09:06:02
1644311163206108000,26.2,2,26.2,5,26.25,97,2,2022-02-08 09:06:03
1644311163668744000,26.2,1,26.2,5,26.25,99,2,2022-02-08 09:06:03
1644311163982110000,26.2,1,26.2,4,26.25,102,2,2022-02-08 09:06:03
1644311164859338000,26.2,1,26.2,10,26.25,101,2,2022-02-08 09:06:04
1644311165235867000,26.2,10,26.15,345,26.2,10,2,2022-02-08 09:06:05
1644311165261073000,26.2,10,26.15,365,26.25,101,1,2022-02-08 09:06:05
1644311165330770000,26.2,1,26.15,367,26.25,101,1,2022-02-08 09:06:05
1644311166406316000,26.2,6,26.2,14,26.25,97,1,2022-02-08 09:06:06
1644311166590272000,26.2,3,26.2,11,26.25,97,2,2022-02-08 09:06:06
1644311166823666000,26.2,2,26.2,9,26.25,97,2,2022-02-08 09:06:06
1644311168019828000,26.2,13,26.2,7,26.25,97,2,2022-02-08 09:06:08
1644311168425852000,26.2,2,26.2,5,26.25,100,2,2022-02-08 09:06:08
1644311169650730000,26.2,2,26.2,3,26.25,98,2,2022-02-08 09:06:09
1644311169695356000,26.25,1,26.2,3,26.25,97,1,2022-02-08 09:06:09
1644311170807128000,26.2,1,26.2,5,26.25,115,2,2022-02-08 09:06:10
1644311172684719000,26.2,10,26.2,44,26.25,111,2,2022-02-08 09:06:12
1644311173932262000,26.2,2,26.2,52,26.25,110,2,2022-02-08 09:06:13
1644311174074444000,26.2,1,26.2,51,26.25,110,2,2022-02-08 09:06:14
1644311175868236000,26.2,2,26.2,51,26.25,112,2,2022-02-08 09:06:15
1644311176892209000,26.25,5,26.2,52,26.25,161,1,2022-02-08 09:06:16
1644311177000379000,26.25,1,26.2,52,26.25,160,1,2022-02-08 09:06:17
1644311178150792000,26.25,1,26.2,55,26.25,159,1,2022-02-08 09:06:18
1644311178212895000,26.2,1,26.2,54,26.25,159,2,2022-02-08 09:06:18
1644311180246926000,26.2,25,26.2,29,26.25,160,2,2022-02-08 09:06:20
1644311180305943000,26.2,1,26.2,28,26.25,160,2,2022-02-08 09:06:20
1644311180374803000,26.25,100,26.2,28,26.25,60,1,2022-02-08 09:06:20
1644311180403415000,26.25,58,26.2,28,26.3,779,1,2022-02-08 09:06:20
1644311181133039000,26.2,24,26.2,26,26.25,10,2,2022-02-08 09:06:21
1644311181184963000,26.2,1,26.2,23,26.25,10,2,2022-02-08 09:06:21
1644311181574601000,26.2,1,26.2,24,26.25,10,2,2022-02-08 09:06:21
1644311181957641000,26.2,1,26.2,23,26.25,30,2,2022-02-08 09:06:21
1644311183843972000,26.25,1,26.2,128,26.25,82,1,2022-02-08 09:06:23
1644311184519728000,26.2,1,26.2,151,26.25,82,2,2022-02-08 09:06:24
1644311184585639000,26.25,1,26.2,151,26.25,81,1,2022-02-08 09:06:24
1644311184682352000,26.25,1,26.2,151,26.25,80,1,2022-02-08 09:06:24
1644311186630878000,26.25,10,26.2,179,26.25,70,1,2022-02-08 09:06:26
1644311186911498000,26.25,1,26.2,180,26.25,74,1,2022-02-08 09:06:26
1644311187671172000,26.25,1,26.2,183,26.25,73,1,2022-02-08 09:06:27
1644311188930710000,26.25,3,26.2,197,26.25,71,1,2022-02-08 09:06:28
1644311189250670000,26.2,1,26.2,197,26.25,78,2,2022-02-08 09:06:29
1644311189281404000,26.2,20,26.2,177,26.25,78,2,2022-02-08 09:06:29
1644311189805538000,26.25,4,26.2,177,26.25,74,1,2022-02-08 09:06:29
1644311190858890000,26.25,1,26.2,238,26.25,74,1,2022-02-08 09:06:30
1644311191354876000,26.25,5,26.2,238,26.25,73,1,2022-02-08 09:06:31
1644311192124686000,26.2,5,26.2,235,26.25,73,2,2022-02-08 09:06:32
1644311193369702000,26.25,1,26.2,236,26.25,73,1,2022-02-08 09:06:33
1644311193565411000,26.2,3,26.2,234,26.25,73,2,2022-02-08 09:06:33
1644311193619268000,26.25,73,26.2,234,26.3,593,1,2022-02-08 09:06:33
1644311193619268000,26.3,172,26.2,234,26.3,593,1,2022-02-08 09:06:33
1644311194271873000,26.2,70,26.2,168,26.3,593,2,2022-02-08 09:06:34
1644311194740586000,26.25,1,26.2,167,26.25,16,1,2022-02-08 09:06:34
1644311195063012000,26.25,1,26.2,173,26.25,15,1,2022-02-08 09:06:35
1644311196401089000,26.25,5,26.2,183,26.25,47,1,2022-02-08 09:06:36
1644311196650491000,26.25,10,26.2,183,26.25,38,1,2022-02-08 09:06:36
1644311196820072000,26.25,1,26.2,183,26.25,37,1,2022-02-08 09:06:36
1644311197587245000,26.25,1,26.2,185,26.25,36,1,2022-02-08 09:06:37
1644311197956811000,26.25,1,26.2,186,26.25,35,1,2022-02-08 09:06:37
1644311198107001000,26.25,1,26.2,186,26.25,34,1,2022-02-08 09:06:38
1644311199080959000,26.2,1,26.2,186,26.25,39,2,2022-02-08 09:06:39
1644311199188081000,26.2,35,26.2,151,26.25,39,2,2022-02-08 09:06:39
1644311199934812000,26.25,2,26.2,146,26.25,287,1,2022-02-08 09:06:39
1644311200913702000,26.25,1,26.2,148,26.25,286,1,2022-02-08 09:06:40
1644311201318306000,26.2,2,26.2,146,26.25,297,2,2022-02-08 09:06:41
1644311202179058000,26.25,3,26.2,146,26.25,296,1,2022-02-08 09:06:42
1644311203404288000,26.2,1,26.2,145,26.25,296,2,2022-02-08 09:06:43
1644311204635378000,26.25,1,26.2,154,26.25,296,1,2022-02-08 09:06:44
1644311206825146000,26.2,25,26.2,136,26.25,307,2,2022-02-08 09:06:46
1644311209404396000,26.2,1,26.2,252,26.25,309,2,2022-02-08 09:06:49
1644311209415415000,26.2,1,26.2,251,26.25,309,2,2022-02-08 09:06:49
1644311209435674000,26.2,1,26.2,250,26.25,309,2,2022-02-08 09:06:49
1644311209748701000,26.25,1,26.2,250,26.25,308,1,2022-02-08 09:06:49
1644311210048519000,26.25,3,26.2,250,26.25,305,1,2022-02-08 09:06:50
1644311210065951000,26.2,1,26.2,249,26.25,305,2,2022-02-08 09:06:50
1644311210578158000,26.2,1,26.2,248,26.25,305,2,2022-02-08 09:06:50
1644311211109709000,26.25,5,26.2,248,26.25,300,1,2022-02-08 09:06:51
1644311211334260000,26.25,5,26.2,252,26.25,295,1,2022-02-08 09:06:51
1644311211639015000,26.25,1,26.2,251,26.25,294,1,2022-02-08 09:06:51
1644311211995556000,26.2,1,26.2,250,26.25,294,2,2022-02-08 09:06:51
1644311212439630000,26.25,1,26.2,251,26.25,294,1,2022-02-08 09:06:52
1644311215297295000,26.2,2,26.2,283,26.25,301,2,2022-02-08 09:06:55
1644311218619091000,26.25,1,26.2,296,26.25,302,1,2022-02-08 09:06:58
1644311221151858000,26.2,25,26.2,334,26.25,303,2,2022-02-08 09:07:01
1644311221197167000,26.2,3,26.2,331,26.25,314,2,2022-02-08 09:07:01
1644311222253943000,26.2,20,26.2,311,26.25,314,2,2022-02-08 09:07:02
1644311223708685000,26.25,1,26.2,312,26.25,313,1,2022-02-08 09:07:03
1644311225456364000,26.25,50,26.2,313,26.25,286,1,2022-02-08 09:07:05
1644311225623702000,26.25,1,26.2,315,26.25,274,1,2022-02-08 09:07:05
1644311226421121000,26.2,1,26.2,316,26.25,274,2,2022-02-08 09:07:06
1644311227303988000,26.25,1,26.2,314,26.25,286,1,2022-02-08 09:07:07
1644311227523250000,26.2,7,26.2,307,26.25,286,2,2022-02-08 09:07:07
1644311228382065000,26.2,1,26.2,306,26.25,290,2,2022-02-08 09:07:08
1644311228907531000,26.25,10,26.2,306,26.25,291,1,2022-02-08 09:07:08
1644311228932687000,26.25,10,26.2,306,26.25,281,1,2022-02-08 09:07:08
1644311229431286000,26.2,245,26.2,69,26.25,271,2,2022-02-08 09:07:09
1644311230777554000,26.2,3,26.2,72,26.25,303,2,2022-02-08 09:07:10
1644311230872796000,26.2,5,26.2,67,26.25,303,2,2022-02-08 09:07:10
1644311231425309000,26.2,3,26.2,64,26.25,354,2,2022-02-08 09:07:11
1644311232430529000,26.2,1,26.2,63,26.25,349,2,2022-02-08 09:07:12
1644311232607703000,26.25,1,26.2,63,26.25,359,1,2022-02-08 09:07:12
1644311232652755000,26.2,1,26.2,62,26.25,359,2,2022-02-08 09:07:12
1644311232824421000,26.2,1,26.2,61,26.25,359,2,2022-02-08 09:07:12
1644311233166585000,26.2,10,26.2,55,26.25,351,2,2022-02-08 09:07:13
1644311234709841000,26.25,10,26.2,57,26.25,350,1,2022-02-08 09:07:14
1644311235678456000,26.2,1,26.2,57,26.25,350,2,2022-02-08 09:07:15
1644311236190160000,26.2,1,26.2,58,26.25,353,2,2022-02-08 09:07:16
1644311236471828000,26.25,1,26.2,58,26.25,352,1,2022-02-08 09:07:16
1644311237928877000,26.2,1,26.2,80,26.25,449,2,2022-02-08 09:07:17
1644311238282892000,26.2,1,26.2,79,26.25,449,2,2022-02-08 09:07:18
1644311239022313000,26.2,1,26.2,79,26.25,441,2,2022-02-08 09:07:19
1644311239431031000,26.25,2,26.2,79,26.25,439,1,2022-02-08 09:07:19
1644311239508138000,26.25,1,26.2,79,26.25,438,1,2022-02-08 09:07:19
1644311240550189000,26.2,1,26.2,79,26.25,442,2,2022-02-08 09:07:20
1644311243749759000,26.25,5,26.2,141,26.25,423,1,2022-02-08 09:07:23
1644311243817970000,26.2,1,26.2,140,26.25,423,2,2022-02-08 09:07:23
1644311246118387000,26.2,2,26.2,139,26.25,673,2,2022-02-08 09:07:26
1644311246541660000,26.25,1,26.2,139,26.25,672,1,2022-02-08 09:07:26
1644311247743642000,26.2,1,26.2,138,26.25,683,2,2022-02-08 09:07:27
1644311249470831000,26.25,5,26.2,137,26.25,679,1,2022-02-08 09:07:29
1644311250475359000,26.2,1,26.2,156,26.25,679,2,2022-02-08 09:07:30
1644311251594014000,26.2,83,26.2,76,26.25,680,2,2022-02-08 09:07:31
1644311253198005000,26.25,3,26.2,78,26.25,677,1,2022-02-08 09:07:33
1644311253568745000,26.25,1,26.2,78,26.25,676,1,2022-02-08 09:07:33
1644311253581656000,26.2,1,26.2,77,26.25,676,2,2022-02-08 09:07:33
1644311254089023000,26.2,1,26.2,81,26.25,676,2,2022-02-08 09:07:34
1644311255437785000,26.2,2,26.2,80,26.25,679,2,2022-02-08 09:07:35
1644311256011327000,26.2,20,26.2,63,26.25,679,2,2022-02-08 09:07:36
1644311256074100000,26.2,15,26.2,48,26.25,679,2,2022-02-08 09:07:36
1644311256960113000,26.2,10,26.2,42,26.25,679,2,2022-02-08 09:07:36
1644311258966538000,26.2,3,26.2,48,26.25,678,2,2022-02-08 09:07:38
1644311259718522000,26.2,20,26.2,28,26.25,678,2,2022-02-08 09:07:39
1644311259747078000,26.2,10,26.2,16,26.25,678,2,2022-02-08 09:07:39
1644311259893778000,26.2,10,26.2,6,26.25,678,2,2022-02-08 09:07:39
1644311260299692000,26.2,3,26.2,3,26.25,679,2,2022-02-08 09:07:40
1644311260588935000,26.25,1,26.2,3,26.25,678,1,2022-02-08 09:07:40
1644311261087025000,26.2,2,26.2,2,26.25,679,2,2022-02-08 09:07:41
1644311261329926000,26.2,2,26.15,440,26.2,3,2,2022-02-08 09:07:41
1644311261366909000,26.2,3,26.15,442,26.25,663,1,2022-02-08 09:07:41
1644311261533498000,26.2,1,26.2,1,26.25,673,2,2022-02-08 09:07:41
1644311261533639000,26.2,1,26.15,442,26.25,673,2,2022-02-08 09:07:41
1644311262283203000,26.2,2,26.15,442,26.25,662,2,2022-02-08 09:07:42
1644311262528199000,26.2,1,26.15,442,26.25,662,1,2022-02-08 09:07:42
1644311262641960000,26.2,1,26.15,442,26.25,681,1,2022-02-08 09:07:42
1644311262927484000,26.2,1,26.15,442,26.25,661,1,2022-02-08 09:07:42
1644311263703874000,26.2,3,26.2,3,26.25,693,2,2022-02-08 09:07:43
1644311263759832000,26.2,1,26.2,2,26.25,693,2,2022-02-08 09:07:43
1644311263852225000,26.2,3,26.15,442,26.2,2,2,2022-02-08 09:07:43
1644311263886653000,26.2,2,26.15,442,26.25,661,1,2022-02-08 09:07:43
1644311263943489000,26.2,1,26.2,1,26.25,660,2,2022-02-08 09:07:43
1644311265497844000,26.2,1,26.2,11,26.25,660,2,2022-02-08 09:07:45
1644311267128458000,26.2,28,26.15,387,26.25,661,2,2022-02-08 09:07:47
1644311267128458000,26.15,55,26.15,387,26.25,661,2,2022-02-08 09:07:47
1644311267595661000,26.25,1,26.15,387,26.25,661,1,2022-02-08 09:07:47
1644311267939844000,26.25,5,26.15,387,26.25,656,1,2022-02-08 09:07:47
1644311268389367000,26.2,2,26.15,387,26.25,658,1,2022-02-08 09:07:48
1644311268470085000,26.2,2,26.15,387,26.2,19,1,2022-02-08 09:07:48
1644311268472711000,26.2,1,26.15,387,26.2,18,1,2022-02-08 09:07:48
1644311268475756000,26.2,2,26.15,387,26.2,16,1,2022-02-08 09:07:48
1644311268492481000,26.2,16,26.15,387,26.25,657,1,2022-02-08 09:07:48
1644311269250932000,26.2,7,26.15,391,26.2,3,1,2022-02-08 09:07:49
1644311269294515000,26.2,3,26.15,402,26.25,659,1,2022-02-08 09:07:49
1644311269471526000,26.2,2,26.15,394,26.25,659,1,2022-02-08 09:07:49
1644311269696075000,26.2,1,26.15,394,26.2,9,2,2022-02-08 09:07:49
1644311269730319000,26.2,9,26.15,394,26.25,659,1,2022-02-08 09:07:49
1644311270092271000,26.2,1,26.15,394,26.25,659,1,2022-02-08 09:07:50
1644311270728137000,26.2,1,26.15,394,26.2,4,1,2022-02-08 09:07:50
1644311270739165000,26.2,4,26.15,394,26.25,655,1,2022-02-08 09:07:50
1644311270851281000,26.2,1,26.15,394,26.25,655,1,2022-02-08 09:07:50
1644311271103176000,26.25,1,26.15,394,26.25,654,1,2022-02-08 09:07:51
1644311271513288000,26.2,5,26.15,394,26.25,654,1,2022-02-08 09:07:51
1644311271602778000,26.2,2,26.15,394,26.25,654,1,2022-02-08 09:07:51
1644311271735835000,26.2,1,26.15,394,26.25,654,1,2022-02-08 09:07:51
1644311273201351000,26.2,1,26.2,11,26.25,665,2,2022-02-08 09:07:53
1644311273928213000,26.2,2,26.2,15,26.25,665,2,2022-02-08 09:07:53
1644311274587992000,26.25,1,26.2,35,26.25,664,1,2022-02-08 09:07:54
1644311275959243000,26.2,20,26.2,18,26.25,665,2,2022-02-08 09:07:55
1644311275986008000,26.2,1,26.2,19,26.25,665,2,2022-02-08 09:07:55
1644311277562843000,26.25,5,26.2,35,26.25,661,1,2022-02-08 09:07:57
1644311280405848000,26.25,1,26.2,45,26.25,660,1,2022-02-08 09:08:00
1644311282111494000,26.2,1,26.2,61,26.25,660,2,2022-02-08 09:08:02
1644311282192531000,26.25,1,26.2,61,26.25,659,1,2022-02-08 09:08:02
1644311282199721000,26.25,1,26.2,61,26.25,658,1,2022-02-08 09:08:02
1644311282349880000,26.2,1,26.2,60,26.25,658,2,2022-02-08 09:08:02
1644311288353822000,26.2,1,26.2,106,26.25,659,2,2022-02-08 09:08:08
1644311288496645000,26.25,1,26.2,106,26.25,658,1,2022-02-08 09:08:08
1644311291611504000,26.2,13,26.2,96,26.25,660,2,2022-02-08 09:08:11
1644311291850562000,26.2,2,26.2,94,26.25,660,2,2022-02-08 09:08:11
1644311292496118000,26.2,1,26.2,94,26.25,660,2,2022-02-08 09:08:12
1644311293200527000,26.2,1,26.2,93,26.25,660,2,2022-02-08 09:08:13
1644311293771635000,26.2,1,26.2,93,26.25,660,2,2022-02-08 09:08:13
1644311295729135000,26.2,4,26.2,93,26.25,663,2,2022-02-08 09:08:15
1644311296263341000,26.2,18,26.2,76,26.25,663,2,2022-02-08 09:08:16
1644311296371619000,26.25,1,26.2,76,26.25,668,1,2022-02-08 09:08:16
1644311297235616000,26.2,10,26.2,67,26.25,668,2,2022-02-08 09:08:17
1644311298367087000,26.25,2,26.2,86,26.25,665,1,2022-02-08 09:08:18
1644311298832716000,26.2,5,26.2,81,26.25,617,2,2022-02-08 09:08:18
1644311300879010000,26.2,10,26.2,80,26.25,620,2,2022-02-08 09:08:20
1644311301699053000,26.2,10,26.2,70,26.25,620,2,2022-02-08 09:08:21
1644311301704628000,26.2,5,26.2,65,26.25,620,2,2022-02-08 09:08:21
1644311301937723000,26.2,2,26.2,63,26.25,620,2,2022-02-08 09:08:21
1644311301972001000,26.2,2,26.2,61,26.25,620,2,2022-02-08 09:08:21
1644311302558740000,26.25,1,26.2,63,26.25,619,1,2022-02-08 09:08:22
1644311302637503000,26.2,1,26.2,62,26.25,619,2,2022-02-08 09:08:22
1644311304658134000,26.2,2,26.2,61,26.25,619,2,2022-02-08 09:08:24
1644311304781451000,26.2,8,26.2,53,26.25,619,2,2022-02-08 09:08:24
1644311304873113000,26.2,2,26.2,51,26.25,619,2,2022-02-08 09:08:24
1644311306115072000,26.2,1,26.2,59,26.25,621,2,2022-02-08 09:08:26
1644311306484553000,26.2,5,26.2,55,26.25,621,2,2022-02-08 09:08:26
1644311306729729000,26.2,55,26.15,370,26.25,621,2,2022-02-08 09:08:26
1644311306729729000,26.15,28,26.15,370,26.25,621,2,2022-02-08 09:08:26
1644311308525336000,26.15,5,26.15,374,26.2,15,2,2022-02-08 09:08:28
1644311309193455000,26.2,1,26.15,377,26.2,15,1,2022-02-08 09:08:29
1644311309588797000,26.2,1,26.15,371,26.2,19,1,2022-02-08 09:08:29
1644311309903374000,26.2,2,26.15,371,26.2,17,1,2022-02-08 09:08:29
1644311312263843000,26.2,2,26.15,372,26.2,19,1,2022-02-08 09:08:32
1644311313201171000,26.2,3,26.15,372,26.2,18,1,2022-02-08 09:08:33
1644311314640010000,26.15,83,26.15,289,26.2,18,2,2022-02-08 09:08:34
1644311314857126000,26.2,1,26.15,289,26.2,22,1,2022-02-08 09:08:34
1644311315403558000,26.15,1,26.15,288,26.2,25,2,2022-02-08 09:08:35
1644311316538191000,26.2,1,26.15,278,26.2,38,1,2022-02-08 09:08:36
1644311317237438000,26.15,2,26.15,306,26.2,34,2,2022-02-08 09:08:37
1644311317543186000,26.15,1,26.15,305,26.2,34,2,2022-02-08 09:08:37
1644311320845204000,26.15,1,26.15,320,26.2,57,2,2022-02-08 09:08:40
1644311321291171000,26.2,1,26.15,331,26.2,56,1,2022-02-08 09:08:41
1644311322006321000,26.15,2,26.15,329,26.2,56,2,2022-02-08 09:08:42
1644311323404172000,26.15,1,26.15,327,26.2,56,2,2022-02-08 09:08:43
1644311323592262000,26.2,1,26.15,327,26.2,55,1,2022-02-08 09:08:43
1644311326087863000,26.2,3,26.15,335,26.2,60,1,2022-02-08 09:08:46
1644311326985565000,26.2,1,26.15,335,26.2,62,1,2022-02-08 09:08:46
1644311327008031000,26.15,2,26.15,333,26.2,62,2,2022-02-08 09:08:47
1644311327099971000,26.15,1,26.15,332,26.2,67,2,2022-02-08 09:08:47
1644311330596757000,26.2,1,26.15,333,26.2,189,1,2022-02-08 09:08:50
1644311331440865000,26.2,2,26.15,334,26.2,189,1,2022-02-08 09:08:51
1644311331675475000,26.15,1,26.15,333,26.2,289,2,2022-02-08 09:08:51
1644311331882934000,26.15,1,26.15,332,26.2,289,2,2022-02-08 09:08:51
1644311333164869000,26.2,5,26.15,334,26.2,303,1,2022-02-08 09:08:53
1644311333975293000,26.2,5,26.15,374,26.2,414,1,2022-02-08 09:08:53
1644311335225737000,26.15,10,26.15,364,26.2,415,2,2022-02-08 09:08:55
1644311336201231000,26.2,3,26.15,364,26.2,430,1,2022-02-08 09:08:56
1644311336435051000,26.2,1,26.15,364,26.2,429,1,2022-02-08 09:08:56
1644311337430427000,26.15,2,26.15,376,26.2,418,2,2022-02-08 09:08:57
1644311337909913000,26.2,5,26.15,365,26.2,415,1,2022-02-08 09:08:57
1644311338331738000,26.2,1,26.15,376,26.2,414,1,2022-02-08 09:08:58
1644311338454344000,26.2,5,26.15,376,26.2,409,1,2022-02-08 09:08:58
1644311338580469000,26.15,10,26.15,366,26.2,399,2,2022-02-08 09:08:58
1644311338735137000,26.2,1,26.15,366,26.2,398,1,2022-02-08 09:08:58
1644311339067320000,26.2,3,26.15,366,26.2,395,1,2022-02-08 09:08:59
1644311341284247000,26.2,10,26.15,359,26.2,287,1,2022-02-08 09:09:01
1644311341770932000,26.15,1,26.15,366,26.2,287,2,2022-02-08 09:09:01
1644311344387323000,26.2,1,26.15,366,26.2,300,1,2022-02-08 09:09:04
1644311345260303000,26.2,1,26.15,368,26.2,300,1,2022-02-08 09:09:05
1644311346314334000,26.15,220,26.15,150,26.2,300,2,2022-02-08 09:09:06
1644311347345325000,26.2,3,26.15,139,26.2,298,1,2022-02-08 09:09:07
1644311348018554000,26.2,1,26.15,150,26.2,297,1,2022-02-08 09:09:08
1644311348212739000,26.15,3,26.15,150,26.2,297,2,2022-02-08 09:09:08
1644311349161019000,26.15,1,26.15,157,26.2,299,2,2022-02-08 09:09:09
1644311349839588000,26.15,2,26.15,144,26.2,299,2,2022-02-08 09:09:09
1644311350364210000,26.15,7,26.15,137,26.2,299,2,2022-02-08 09:09:10
1644311350423126000,26.2,5,26.15,137,26.2,294,1,2022-02-08 09:09:10
1644311350540069000,26.15,11,26.15,126,26.2,294,2,2022-02-08 09:09:10
1644311350928828000,26.2,1,26.15,126,26.2,293,1,2022-02-08 09:09:10
1644311351345422000,26.2,1,26.15,126,26.2,292,1,2022-02-08 09:09:11
1644311352056051000,26.15,1,26.15,127,26.2,297,2,2022-02-08 09:09:12
1644311353469128000,26.2,1,26.15,125,26.2,307,1,2022-02-08 09:09:13
1644311356291497000,26.15,5,26.15,131,26.2,309,2,2022-02-08 09:09:16
1644311356421699000,26.15,10,26.15,121,26.2,309,2,2022-02-08 09:09:16
1644311357188324000,26.15,2,26.15,121,26.2,309,2,2022-02-08 09:09:17
1644311357685539000,26.2,2,26.15,135,26.2,307,1,2022-02-08 09:09:17
1644311357783048000,26.2,63,26.15,140,26.2,244,1,2022-02-08 09:09:17
1644311357813193000,26.2,220,26.15,140,26.2,24,1,2022-02-08 09:09:17
1644311357815579000,26.2,24,26.15,140,26.25,840,1,2022-02-08 09:09:17
1644311358369030000,26.25,1,26.2,19,26.25,839,1,2022-02-08 09:09:18
1644311359404054000,26.2,10,26.2,24,26.25,839,2,2022-02-08 09:09:19
1644311359860913000,26.2,1,26.2,55,26.25,839,2,2022-02-08 09:09:19
1644311359975131000,26.2,4,26.2,51,26.25,839,2,2022-02-08 09:09:19
1644311360827965000,26.2,2,26.2,49,26.25,839,2,2022-02-08 09:09:20
1644311361407555000,26.25,251,26.2,41,26.25,588,1,2022-02-08 09:09:21
1644311361445384000,26.25,499,26.2,55,26.25,89,1,2022-02-08 09:09:21
1644311361446831000,26.25,89,26.2,55,26.3,558,1,2022-02-08 09:09:21
1644311363075489000,26.25,2,26.25,45,26.3,558,2,2022-02-08 09:09:23
1644311363543936000,26.25,2,26.25,43,26.3,558,2,2022-02-08 09:09:23
1644311363548224000,26.3,20,26.25,43,26.3,538,1,2022-02-08 09:09:23
1644311363929703000,26.3,2,26.25,43,26.3,536,1,2022-02-08 09:09:23
1644311364159797000,26.25,2,26.25,41,26.3,536,2,2022-02-08 09:09:24
1644311364525570000,26.25,1,26.25,40,26.3,536,2,2022-02-08 09:09:24
1644311365396621000,26.3,1,26.25,47,26.3,535,1,2022-02-08 09:09:25
1644311366216501000,26.25,1,26.25,48,26.3,534,2,2022-02-08 09:09:26
1644311366575022000,26.3,10,26.25,48,26.3,524,1,2022-02-08 09:09:26
1644311366814903000,26.3,1,26.25,49,26.3,523,1,2022-02-08 09:09:26
1644311367169629000,26.25,3,26.25,46,26.3,523,2,2022-02-08 09:09:27
1644311369097993000,26.3,2,26.25,57,26.3,521,1,2022-02-08 09:09:29
1644311369285139000,26.25,11,26.25,47,26.3,521,2,2022-02-08 09:09:29
1644311371290438000,26.25,1,26.25,58,26.3,541,2,2022-02-08 09:09:31
1644311372541879000,26.3,1,26.25,63,26.3,540,1,2022-02-08 09:09:32
1644311373902463000,26.3,3,26.25,71,26.3,537,1,2022-02-08 09:09:33
1644311374050399000,26.3,1,26.25,71,26.3,536,1,2022-02-08 09:09:34
1644311374514504000,26.25,10,26.25,61,26.3,536,2,2022-02-08 09:09:34
1644311374811220000,26.25,1,26.25,60,26.3,536,2,2022-02-08 09:09:34
1644311375310533000,26.25,1,26.25,62,26.3,536,2,2022-02-08 09:09:35
1644311376736760000,26.25,1,26.25,83,26.3,536,2,2022-02-08 09:09:36
1644311377096096000,26.25,83,26.2,128,26.25,165,2,2022-02-08 09:09:37
1644311378676814000,26.25,2,26.2,46,26.25,163,1,2022-02-08 09:09:38
1644311379598765000,26.25,1,26.2,50,26.25,162,1,2022-02-08 09:09:39
1644311382102822000,26.25,1,26.2,56,26.25,204,1,2022-02-08 09:09:42
1644311384595145000,26.2,4,26.2,53,26.25,204,2,2022-02-08 09:09:44
1644311386620448000,26.25,1,26.2,91,26.25,253,1,2022-02-08 09:09:46
1644311387316534000,26.2,1,26.2,94,26.25,253,2,2022-02-08 09:09:47
1644311388051480000,26.25,10,26.2,94,26.25,243,1,2022-02-08 09:09:48
1644311388230399000,26.25,5,26.2,94,26.25,238,1,2022-02-08 09:09:48
1644311388260116000,26.25,2,26.2,94,26.25,236,1,2022-02-08 09:09:48
1644311390095784000,26.25,1,26.2,87,26.25,363,1,2022-02-08 09:09:50
1644311390251146000,26.25,1,26.2,87,26.25,362,1,2022-02-08 09:09:50
1644311393385995000,26.2,1,26.2,90,26.25,329,2,2022-02-08 09:09:53
1644311393427568000,26.25,1,26.2,90,26.25,328,1,2022-02-08 09:09:53
1644311398450097000,26.25,1,26.2,95,26.25,337,1,2022-02-08 09:09:58
1644311399205666000,26.25,1,26.2,95,26.25,336,1,2022-02-08 09:09:59
1644311400447060000,26.25,1,26.2,114,26.25,335,1,2022-02-08 09:10:00
1644311400948883000,26.2,5,26.2,110,26.25,335,2,2022-02-08 09:10:00
1644311402528027000,26.2,1,26.2,111,26.25,335,2,2022-02-08 09:10:02
1644311403622098000,26.25,1,26.2,111,26.25,334,1,2022-02-08 09:10:03
1644311404704266000,26.25,5,26.2,119,26.25,329,1,2022-02-08 09:10:04
1644311405441774000,26.25,30,26.2,117,26.25,299,1,2022-02-08 09:10:05
1644311406163348000,26.2,5,26.2,114,26.25,299,2,2022-02-08 09:10:06
1644311406467758000,26.25,1,26.2,114,26.25,298,1,2022-02-08 09:10:06
1644311406575275000,26.2,2,26.2,112,26.25,298,2,2022-02-08 09:10:06
1644311407333419000,26.25,1,26.2,83,26.25,297,1,2022-02-08 09:10:07
1644311407679742000,26.25,3,26.2,83,26.25,294,1,2022-02-08 09:10:07
1644311408180167000,26.25,10,26.2,83,26.25,285,1,2022-02-08 09:10:08
1644311409423737000,26.25,5,26.2,81,26.25,282,1,2022-02-08 09:10:09
1644311409663996000,26.2,4,26.2,77,26.25,282,2,2022-02-08 09:10:09
1644311411581953000,26.25,3,26.2,87,26.25,279,1,2022-02-08 09:10:11
1644311412377733000,26.25,2,26.2,87,26.25,283,1,2022-02-08 09:10:12
1644311414356937000,26.25,1,26.2,94,26.25,282,1,2022-02-08 09:10:14
1644311415294703000,26.25,1,26.2,94,26.25,333,1,2022-02-08 09:10:15
1644311415483899000,26.25,1,26.2,94,26.25,333,1,2022-02-08 09:10:15
1644311416800543000,26.2,55,26.2,40,26.25,328,2,2022-02-08 09:10:16
1644311416914507000,26.25,1,26.2,40,26.25,327,1,2022-02-08 09:10:16
1644311417943013000,26.2,10,26.2,35,26.25,334,2,2022-02-08 09:10:17
1644311418253524000,26.2,35,26.15,242,26.2,15,2,2022-02-08 09:10:18
1644311418420830000,26.15,124,26.15,94,26.2,24,2,2022-02-08 09:10:18
1644311421390695000,26.2,1,26.15,113,26.2,64,1,2022-02-08 09:10:21
1644311422148095000,26.2,2,26.15,114,26.2,71,1,2022-02-08 09:10:22
1644311422967834000,26.2,3,26.15,91,26.2,65,1,2022-02-08 09:10:22
1644311425005121000,26.15,3,26.15,89,26.2,52,2,2022-02-08 09:10:25
1644311425021221000,26.15,89,26.1,336,26.2,52,2,2022-02-08 09:10:25
1644311426166547000,26.2,89,26.15,23,26.25,227,1,2022-02-08 09:10:26
1644311426166547000,26.25,111,26.15,23,26.25,227,1,2022-02-08 09:10:26
1644311426283655000,26.15,3,26.15,20,26.25,227,2,2022-02-08 09:10:26
1644311426297822000,26.15,1,26.15,19,26.25,227,2,2022-02-08 09:10:26
1644311427409962000,26.15,20,26.1,344,26.25,274,2,2022-02-08 09:10:27
1644311427919762000,26.1,1,26.1,343,26.25,274,2,2022-02-08 09:10:27
1644311428383663000,26.25,1,26.1,343,26.25,274,1,2022-02-08 09:10:28
1644311428570445000,26.2,2,26.1,354,26.2,1,2,2022-02-08 09:10:28
1644311428760065000,26.2,3,26.1,374,26.25,282,1,2022-02-08 09:10:28
1644311430434762000,26.2,8,26.15,24,26.2,6,1,2022-02-08 09:10:30
1644311430541792000,26.2,5,26.15,25,26.25,249,1,2022-02-08 09:10:30
1644311430541792000,26.25,25,26.15,25,26.25,249,1,2022-02-08 09:10:30
1644311432956401000,26.2,1,26.15,51,26.2,4,1,2022-02-08 09:10:32
