ts,close,volume,bid_price,bid_volume,ask_price,ask_volume,tick_type,datetime
1644310814693286000,24.0,219,24.0,2,24.05,22,2,2022-02-08 09:00:14
1644310819794277000,24.0,1,24.0,3,24.05,23,2,2022-02-08 09:00:19
1644310820677168000,24.0,4,23.9,1,24.0,1,2,2022-02-08 09:00:20
1644310822357019000,24.0,1,23.9,2,24.05,23,1,2022-02-08 09:00:22
1644310823103443000,24.0,1,23.9,2,24.05,23,2,2022-02-08 09:00:23
1644310823132919000,23.9,1,23.9,1,24.05,23,2,2022-02-08 09:00:23
1644310823174875000,24.05,1,24.0,1,24.05,22,1,2022-02-08 09:00:23
1644310823185323000,24.0,1,23.9,1,24.05,22,2,2022-02-08 09:00:23
1644310824660093000,24.0,1,23.9,1,24.0,4,1,2022-02-08 09:00:24
1644310827136900000,23.9,1,23.85,8,23.95,5,2,2022-02-08 09:00:27
1644310827410799000,23.85,3,23.85,6,23.95,5,2,2022-02-08 09:00:27
1644310829301414000,23.95,1,23.85,6,23.95,4,1,2022-02-08 09:00:29
1644310829600668000,23.85,1,23.85,5,23.95,4,2,2022-02-08 09:00:29
1644310830443042000,23.9,2,23.9,2,23.95,4,2,2022-02-08 09:00:30
1644310833465272000,23.9,1,23.9,1,23.95,4,2,2022-02-08 09:00:33
1644310843013546000,23.95,2,23.9,2,23.95,3,1,2022-02-08 09:00:43
1644310843206058000,23.9,5,23.9,2,23.95,3,2,2022-02-08 09:00:43
1644310848917309000,23.95,3,24.1,1,24.15,16,1,2022-02-08 09:00:48
1644310848917309000,24.0,4,24.1,1,24.15,16,1,2022-02-08 09:00:48
1644310848917309000,24.05,21,24.1,1,24.15,16,1,2022-02-08 09:00:48
1644310848917309000,24.1,11,24.1,1,24.15,16,1,2022-02-08 09:00:48
1644310848949959000,24.1,1,23.9,9,24.15,16,2,2022-02-08 09:00:48
1644310849631776000,24.1,3,23.9,7,24.15,15,2,2022-02-08 09:00:49
1644310849631776000,23.9,2,23.9,7,24.15,15,2,2022-02-08 09:00:49
1644310852606112000,23.95,1,23.95,3,24.1,5,2,2022-02-08 09:00:52
1644310853032111000,23.95,1,23.95,2,24.1,5,2,2022-02-08 09:00:53
1644310860422820000,23.95,1,23.95,1,24.1,5,2,2022-02-08 09:01:00
1644310861873320000,24.0,1,23.95,1,24.05,1,2,2022-02-08 09:01:01
1644310870883858000,24.05,1,24.0,2,24.1,6,1,2022-02-08 09:01:10
1644310873093669000,24.0,2,23.95,2,24.0,3,2,2022-02-08 09:01:13
1644310873133781000,24.0,3,23.95,2,24.1,5,1,2022-02-08 09:01:13
1644310880451898000,24.0,6,23.9,20,24.1,5,2,2022-02-08 09:01:20
1644310880451898000,23.95,5,23.9,20,24.1,5,2,2022-02-08 09:01:20
1644310880451898000,23.9,2,23.9,20,24.1,5,2,2022-02-08 09:01:20
1644310882982609000,23.95,2,23.9,21,24.05,10,2,2022-02-08 09:01:22
1644310883443656000,24.05,1,23.9,21,24.05,9,1,2022-02-08 09:01:23
1644310887638180000,24.0,3,23.9,4,24.05,14,2,2022-02-08 09:01:27
1644310887638180000,23.9,17,23.9,4,24.05,14,2,2022-02-08 09:01:27
1644310888553671000,23.9,1,23.9,4,24.05,14,2,2022-02-08 09:01:28
1644310889175461000,24.0,1,23.9,4,24.05,14,2,2022-02-08 09:01:29
1644310902075341000,23.95,5,23.9,6,24.0,1,1,2022-02-08 09:01:42
1644310902075341000,24.0,5,23.9,6,24.0,1,1,2022-02-08 09:01:42
1644310905171697000,23.95,1,23.9,7,23.95,9,1,2022-02-08 09:01:45
1644310906846352000,23.95,9,23.9,7,24.0,1,1,2022-02-08 09:01:46
1644310907318521000,24.0,1,24.0,1,24.05,15,1,2022-02-08 09:01:47
1644310908205729000,24.0,1,23.95,1,24.05,15,2,2022-02-08 09:01:48
1644310910476984000,23.95,1,23.95,2,24.0,1,2,2022-02-08 09:01:50
1644310910945630000,23.95,1,23.9,9,24.0,1,1,2022-02-08 09:01:50
1644310911195457000,23.95,1,23.9,9,24.0,1,1,2022-02-08 09:01:51
1644310911930439000,24.0,1,23.95,2,24.05,15,1,2022-02-08 09:01:51
1644310912665192000,24.0,1,24.0,4,24.05,15,2,2022-02-08 09:01:52
1644310912847315000,24.05,15,24.0,6,24.1,1,1,2022-02-08 09:01:52
1644310920980748000,24.15,1,24.05,1,24.15,14,1,2022-02-08 09:02:00
1644310922633230000,24.15,1,24.05,8,24.15,13,1,2022-02-08 09:02:02
1644310931719138000,24.15,1,24.05,10,24.15,12,1,2022-02-08 09:02:11
1644310932636818000,24.15,4,24.1,1,24.15,8,1,2022-02-08 09:02:12
1644310933934487000,24.15,1,24.1,1,24.15,7,1,2022-02-08 09:02:13
1644310934917711000,24.15,1,24.1,3,24.15,6,1,2022-02-08 09:02:14
1644310936867358000,24.15,1,24.1,3,24.15,11,1,2022-02-08 09:02:16
1644310937106724000,24.15,1,24.1,3,24.15,10,1,2022-02-08 09:02:17
1644310937194050000,24.15,1,24.1,3,24.15,9,1,2022-02-08 09:02:17
1644310937274949000,24.15,1,24.1,3,24.15,8,1,2022-02-08 09:02:17
1644310937360060000,24.15,1,24.1,3,24.15,7,1,2022-02-08 09:02:17
1644310941427130000,24.15,1,24.1,4,24.15,6,1,2022-02-08 09:02:21
1644310943549318000,24.15,4,24.1,5,24.15,2,1,2022-02-08 09:02:23
1644310944231789000,24.15,1,24.1,6,24.15,6,1,2022-02-08 09:02:24
1644310953258976000,24.15,1,24.1,7,24.15,10,1,2022-02-08 09:02:33
1644310956582004000,24.1,2,24.1,10,24.15,11,2,2022-02-08 09:02:36
1644310958147041000,24.15,11,24.1,20,24.2,19,1,2022-02-08 09:02:38
1644310960655837000,24.2,4,24.15,6,24.2,15,1,2022-02-08 09:02:40
1644310974947678000,24.2,1,24.15,8,24.2,14,1,2022-02-08 09:02:54
1644310981307728000,24.2,2,24.15,9,24.2,12,1,2022-02-08 09:03:01
1644310983235135000,24.2,1,24.15,10,24.2,11,1,2022-02-08 09:03:03
1644310983807650000,24.2,1,24.15,11,24.2,10,1,2022-02-08 09:03:03
1644310985744475000,24.2,1,24.15,13,24.2,9,1,2022-02-08 09:03:05
1644310987429684000,24.2,6,24.15,13,24.2,3,1,2022-02-08 09:03:07
1644310987455983000,24.2,3,24.15,13,24.25,28,1,2022-02-08 09:03:07
1644310987587574000,24.25,28,24.2,2,24.3,7,1,2022-02-08 09:03:07
1644310990775088000,24.25,4,24.25,1,24.3,7,2,2022-02-08 09:03:10
1644310993340705000,24.3,1,24.25,2,24.3,6,1,2022-02-08 09:03:13
1644310994273064000,24.3,1,24.25,2,24.3,5,1,2022-02-08 09:03:14
1644310996657192000,24.3,2,24.25,5,24.3,3,1,2022-02-08 09:03:16
1644310998053131000,24.3,1,24.25,5,24.3,2,1,2022-02-08 09:03:18
1644311000346457000,24.25,1,24.25,5,24.3,2,2,2022-02-08 09:03:20
1644311000672547000,24.3,1,24.25,5,24.3,1,1,2022-02-08 09:03:20
1644311001418627000,24.3,1,24.25,5,24.3,1,1,2022-02-08 09:03:21
1644311001479015000,24.25,1,24.25,4,24.3,1,2,2022-02-08 09:03:21
1644311001701318000,24.3,1,24.3,9,24.35,2,1,2022-02-08 09:03:21
1644311001804278000,24.3,4,24.3,5,24.35,2,2,2022-02-08 09:03:21
1644311001833524000,24.3,3,24.3,2,24.35,2,2,2022-02-08 09:03:21
1644311001871894000,24.3,2,24.25,4,24.35,2,2,2022-02-08 09:03:21
1644311001988155000,24.3,1,24.25,4,24.35,4,2,2022-02-08 09:03:21
1644311003495169000,24.25,1,24.25,3,24.35,4,2,2022-02-08 09:03:23
1644311006105812000,24.25,1,24.25,11,24.35,4,2,2022-02-08 09:03:26
1644311006608702000,24.25,1,24.25,10,24.35,4,2,2022-02-08 09:03:26
1644311007144837000,24.3,1,24.3,1,24.35,4,2,2022-02-08 09:03:27
1644311007868134000,24.3,1,24.25,11,24.35,4,2,2022-02-08 09:03:27
1644311009193275000,24.25,1,24.25,14,24.35,2,2,2022-02-08 09:03:29
1644311013764843000,24.3,1,24.25,17,24.35,6,2,2022-02-08 09:03:33
1644311013765934000,24.25,1,24.25,16,24.35,6,2,2022-02-08 09:03:33
1644311016098594000,24.3,3,24.25,16,24.35,10,2,2022-02-08 09:03:36
1644311018245066000,24.3,1,24.25,26,24.3,2,1,2022-02-08 09:03:38
1644311018518683000,24.3,2,24.25,26,24.35,9,1,2022-02-08 09:03:38
1644311020594060000,24.35,2,24.25,27,24.35,7,1,2022-02-08 09:03:40
1644311020762867000,24.35,1,24.25,27,24.35,4,1,2022-02-08 09:03:40
1644311021569559000,24.35,2,24.25,28,24.35,2,1,2022-02-08 09:03:41
1644311026306777000,24.3,1,24.25,28,24.35,2,2,2022-02-08 09:03:46
1644311026785540000,24.35,2,24.25,28,24.4,5,1,2022-02-08 09:03:46
1644311032355955000,24.3,1,24.25,31,24.35,2,2,2022-02-08 09:03:52
1644311032760645000,24.35,2,24.35,3,24.4,7,1,2022-02-08 09:03:52
1644311032982380000,24.35,1,24.35,2,24.4,7,2,2022-02-08 09:03:52
1644311033016333000,24.35,2,24.25,29,24.4,7,2,2022-02-08 09:03:53
1644311035085123000,24.35,2,24.35,3,24.4,7,2,2022-02-08 09:03:55
1644311035283034000,24.35,1,24.35,2,24.4,7,2,2022-02-08 09:03:55
1644311035308505000,24.35,1,24.35,1,24.4,7,2,2022-02-08 09:03:55
1644311039452912000,24.35,5,24.35,17,24.4,7,2,2022-02-08 09:03:59
1644311039951471000,24.35,1,24.35,16,24.4,7,2,2022-02-08 09:03:59
1644311042520353000,24.4,7,24.4,13,24.45,14,1,2022-02-08 09:04:02
1644311050357575000,24.45,7,24.45,3,24.5,33,1,2022-02-08 09:04:10
1644311053327782000,24.45,1,24.45,2,24.5,33,2,2022-02-08 09:04:13
1644311053362334000,24.45,2,24.4,22,24.5,33,2,2022-02-08 09:04:13
1644311055157605000,24.5,1,24.45,3,24.5,34,1,2022-02-08 09:04:15
1644311055339403000,24.5,20,24.45,3,24.5,12,1,2022-02-08 09:04:15
1644311056309794000,24.5,12,24.5,20,24.55,11,1,2022-02-08 09:04:16
1644311057608443000,24.55,2,24.5,20,24.55,1,1,2022-02-08 09:04:17
1644311060491496000,24.6,4,24.5,29,24.65,35,2,2022-02-08 09:04:20
1644311061342224000,24.65,2,24.55,1,24.65,2,1,2022-02-08 09:04:21
1644311061412992000,24.55,1,24.5,30,24.65,2,2,2022-02-08 09:04:21
1644311061536030000,24.5,1,24.5,29,24.65,2,2,2022-02-08 09:04:21
1644311063035894000,24.65,2,24.55,2,24.7,3,1,2022-02-08 09:04:23
1644311064497156000,24.55,2,24.5,31,24.65,2,2,2022-02-08 09:04:24
1644311064497156000,24.5,2,24.5,31,24.65,2,2,2022-02-08 09:04:24
1644311067237453000,24.65,2,24.55,2,24.7,5,1,2022-02-08 09:04:27
1644311067355649000,24.6,1,24.55,5,24.6,1,1,2022-02-08 09:04:27
1644311067448946000,24.6,1,24.55,2,24.7,3,1,2022-02-08 09:04:27
1644311067448946000,24.7,2,24.55,2,24.7,3,1,2022-02-08 09:04:27
1644311068798370000,24.55,2,24.5,29,24.55,3,2,2022-02-08 09:04:28
1644311069673445000,24.55,1,24.5,29,24.55,2,1,2022-02-08 09:04:29
1644311070165471000,24.55,2,24.5,29,24.8,14,1,2022-02-08 09:04:30
1644311070165471000,24.6,2,24.5,29,24.8,14,1,2022-02-08 09:04:30
1644311070165471000,24.65,3,24.5,29,24.8,14,1,2022-02-08 09:04:30
1644311070165471000,24.7,3,24.5,29,24.8,14,1,2022-02-08 09:04:30
1644311070165471000,24.8,10,24.5,29,24.8,14,1,2022-02-08 09:04:30
1644311073781350000,24.8,1,24.65,1,24.8,1,1,2022-02-08 09:04:33
1644311074125949000,24.65,1,24.65,3,24.8,1,2,2022-02-08 09:04:34
1644311076009659000,24.75,1,24.6,20,24.75,2,1,2022-02-08 09:04:36
1644311077154436000,24.65,1,24.6,25,24.7,1,2,2022-02-08 09:04:37
1644311077581660000,24.7,1,24.6,25,24.75,1,1,2022-02-08 09:04:37
1644311077663030000,24.7,1,24.6,25,24.7,2,1,2022-02-08 09:04:37
1644311078424908000,24.65,1,24.65,1,24.75,3,2,2022-02-08 09:04:38
1644311078455593000,24.65,1,24.6,25,24.75,4,2,2022-02-08 09:04:38
1644311078596554000,24.7,2,24.6,25,24.75,4,2,2022-02-08 09:04:38
1644311078597415000,24.75,4,0.0,0,0.0,0,1,2022-02-08 09:04:38
1644311078597415000,24.8,10,0.0,0,0.0,0,1,2022-02-08 09:04:38
1644311078597415000,24.8,0,0.0,0,0.0,0,1,2022-02-08 09:04:38
1644311199124940000,24.6,193,24.6,6,24.65,23,2,2022-02-08 09:06:39
1644311199145788000,24.65,10,24.6,6,24.65,13,1,2022-02-08 09:06:39
1644311199156667000,24.6,6,24.55,14,24.65,13,2,2022-02-08 09:06:39
1644311199204812000,24.55,14,24.5,27,24.65,14,2,2022-02-08 09:06:39
1644311199441619000,24.5,12,24.5,12,24.65,14,2,2022-02-08 09:06:39
1644311199463181000,24.5,12,24.45,14,24.65,14,2,2022-02-08 09:06:39
1644311199544806000,24.45,1,24.45,11,24.6,1,2,2022-02-08 09:06:39
1644311199580682000,24.45,5,24.45,6,24.6,1,2,2022-02-08 09:06:39
1644311199608390000,24.45,6,24.4,33,24.6,1,2,2022-02-08 09:06:39
1644311199660104000,24.6,1,24.4,31,24.65,14,1,2022-02-08 09:06:39
1644311200294835000,24.45,1,24.4,33,24.6,5,2,2022-02-08 09:06:40
1644311200663483000,24.45,1,24.45,4,24.6,14,2,2022-02-08 09:06:40
1644311202508731000,24.5,10,24.45,11,24.55,1,2,2022-02-08 09:06:42
1644311203137046000,24.5,2,24.45,12,24.55,1,2,2022-02-08 09:06:43
1644311203931301000,24.45,2,24.45,10,24.5,1,2,2022-02-08 09:06:43
1644311203954438000,24.45,10,24.4,33,24.5,1,2,2022-02-08 09:06:43
1644311204036553000,24.45,1,24.4,31,24.5,1,1,2022-02-08 09:06:44
1644311204942281000,24.5,1,24.4,30,24.55,1,1,2022-02-08 09:06:44
1644311205361459000,24.45,1,24.45,4,24.5,1,2,2022-02-08 09:06:45
1644311205389801000,24.45,4,24.4,32,24.5,1,2,2022-02-08 09:06:45
1644311205575470000,24.4,2,24.4,30,24.5,1,2,2022-02-08 09:06:45
1644311205985168000,24.45,1,24.4,30,24.5,1,1,2022-02-08 09:06:45
1644311206503849000,24.45,2,24.45,4,24.5,1,2,2022-02-08 09:06:46
1644311206640939000,24.5,1,24.45,4,24.55,1,1,2022-02-08 09:06:46
1644311206966383000,24.45,2,24.45,3,24.55,1,2,2022-02-08 09:06:46
1644311208024573000,24.5,1,24.45,17,24.55,2,2,2022-02-08 09:06:48
1644311208295014000,24.45,2,24.45,21,24.55,2,2,2022-02-08 09:06:48
1644311209073136000,24.55,1,24.45,21,24.55,1,1,2022-02-08 09:06:49
1644311209742990000,24.55,2,24.5,12,24.6,5,1,2022-02-08 09:06:49
1644311210488279000,24.5,2,24.5,10,24.7,11,2,2022-02-08 09:06:50
1644311211097381000,24.5,1,24.5,9,24.7,11,2,2022-02-08 09:06:51
1644311211377526000,24.6,2,24.6,3,24.7,11,2,2022-02-08 09:06:51
1644311212378937000,24.6,2,24.6,1,24.7,11,2,2022-02-08 09:06:52
1644311213738570000,24.55,1,24.5,11,24.7,11,2,2022-02-08 09:06:53
1644311213738570000,24.5,1,24.5,11,24.7,11,2,2022-02-08 09:06:53
1644311214968224000,24.6,2,24.6,1,24.65,6,2,2022-02-08 09:06:54
1644311215007474000,24.6,1,24.55,5,24.65,6,2,2022-02-08 09:06:55
1644311215473402000,24.55,2,24.55,5,24.65,6,2,2022-02-08 09:06:55
1644311216080553000,24.65,7,24.55,3,24.7,9,1,2022-02-08 09:06:56
1644311216080553000,24.7,2,24.55,3,24.7,9,1,2022-02-08 09:06:56
1644311216485886000,24.55,2,24.55,3,24.7,10,2,2022-02-08 09:06:56
1644311217580044000,24.6,1,24.55,2,24.7,10,2,2022-02-08 09:06:57
1644311217580044000,24.55,1,24.55,2,24.7,10,2,2022-02-08 09:06:57
1644311217911961000,24.65,2,24.55,2,24.7,10,2,2022-02-08 09:06:57
1644311219673985000,24.55,2,24.5,16,24.7,11,2,2022-02-08 09:06:59
1644311219875604000,24.7,1,24.5,16,24.7,10,1,2022-02-08 09:06:59
1644311221688503000,24.65,1,24.55,6,24.65,2,1,2022-02-08 09:07:01
1644311222230206000,24.55,6,24.5,15,24.65,51,2,2022-02-08 09:07:02
1644311223284282000,24.55,2,24.5,13,24.6,6,2,2022-02-08 09:07:03
1644311224294571000,24.55,2,24.55,9,24.6,6,2,2022-02-08 09:07:04
1644311225188916000,24.6,1,24.55,15,24.6,5,1,2022-02-08 09:07:05
1644311227103802000,24.55,12,24.55,3,24.6,5,2,2022-02-08 09:07:07
1644311229965028000,24.55,10,24.5,50,24.6,5,2,2022-02-08 09:07:09
1644311230276808000,24.6,1,24.5,50,24.6,4,1,2022-02-08 09:07:10
1644311230863470000,24.6,3,24.5,50,24.6,1,1,2022-02-08 09:07:10
1644311231150738000,24.6,1,24.55,2,24.65,56,1,2022-02-08 09:07:11
1644311231150738000,24.65,1,24.55,2,24.65,56,1,2022-02-08 09:07:11
1644311231174154000,24.65,1,24.55,2,24.65,55,1,2022-02-08 09:07:11
1644311231849815000,24.6,1,24.55,15,24.65,55,1,2022-02-08 09:07:11
1644311233599916000,24.55,1,24.55,19,24.6,2,2,2022-02-08 09:07:13
1644311234768235000,24.6,2,24.55,20,24.65,55,1,2022-02-08 09:07:14
1644311235572642000,24.6,1,24.55,20,24.65,55,2,2022-02-08 09:07:15
1644311235830875000,24.55,13,24.55,8,24.65,55,2,2022-02-08 09:07:15
1644311236960139000,24.6,2,24.55,8,24.65,54,1,2022-02-08 09:07:16
1644311236960139000,24.65,1,24.55,8,24.65,54,1,2022-02-08 09:07:16
1644311237929573000,24.6,5,24.55,8,24.6,3,1,2022-02-08 09:07:17
1644311238609542000,24.55,2,24.55,6,24.6,3,2,2022-02-08 09:07:18
1644311238771045000,24.6,2,24.55,6,24.6,1,1,2022-02-08 09:07:18
1644311239415456000,24.6,1,24.55,6,24.6,2,1,2022-02-08 09:07:19
1644311241838415000,24.55,1,24.55,7,24.6,3,2,2022-02-08 09:07:21
1644311241847239000,24.55,1,24.55,6,24.6,3,2,2022-02-08 09:07:21
1644311243198453000,24.55,6,24.5,56,24.6,4,2,2022-02-08 09:07:23
1644311243347962000,24.6,2,24.5,55,24.6,2,1,2022-02-08 09:07:23
1644311243506892000,24.6,2,24.5,55,24.65,54,1,2022-02-08 09:07:23
1644311243984370000,24.5,2,24.5,55,24.65,54,2,2022-02-08 09:07:23
1644311247594480000,24.55,1,24.55,2,24.6,9,2,2022-02-08 09:07:27
1644311247893744000,24.55,1,24.55,1,24.6,9,2,2022-02-08 09:07:27
1644311248902543000,24.6,1,24.55,1,24.6,10,1,2022-02-08 09:07:28
1644311250514557000,24.55,4,24.5,53,24.6,10,2,2022-02-08 09:07:30
1644311251950418000,24.55,2,24.5,51,24.6,1,1,2022-02-08 09:07:31
1644311251950418000,24.6,9,24.5,51,24.6,1,1,2022-02-08 09:07:31
1644311256090359000,24.55,1,24.5,49,24.55,1,1,2022-02-08 09:07:36
1644311256503510000,24.55,1,24.55,9,24.6,3,1,2022-02-08 09:07:36
1644311256609939000,24.55,2,24.55,9,24.6,3,2,2022-02-08 09:07:36
1644311259509380000,24.55,1,24.55,9,24.6,3,2,2022-02-08 09:07:39
1644311260551744000,24.55,1,24.55,10,24.6,3,2,2022-02-08 09:07:40
1644311260951154000,24.6,1,24.55,10,24.6,2,1,2022-02-08 09:07:40
1644311263305044000,24.55,10,24.5,62,24.6,15,2,2022-02-08 09:07:43
1644311263776185000,24.6,5,24.5,62,24.6,10,1,2022-02-08 09:07:43
1644311267306097000,24.6,4,24.5,62,24.6,6,1,2022-02-08 09:07:47
1644311274992037000,24.6,5,24.55,8,24.6,3,1,2022-02-08 09:07:54
1644311277443273000,24.6,3,24.6,2,24.65,54,1,2022-02-08 09:07:57
1644311277472164000,24.6,2,24.55,10,24.65,54,2,2022-02-08 09:07:57
1644311284282162000,24.6,2,24.55,10,24.6,3,1,2022-02-08 09:08:04
1644311284421705000,24.55,10,24.5,22,24.6,3,2,2022-02-08 09:08:04
1644311284421705000,24.5,50,24.5,22,24.6,3,2,2022-02-08 09:08:04
1644311284573348000,24.55,1,24.55,2,24.6,4,1,2022-02-08 09:08:04
1644311284609407000,24.55,2,24.5,24,24.6,6,2,2022-02-08 09:08:04
1644311286183529000,24.5,1,24.5,21,24.6,6,2,2022-02-08 09:08:06
1644311286292598000,24.5,1,24.5,20,24.55,1,2,2022-02-08 09:08:06
1644311286624600000,24.55,1,24.5,20,24.6,6,1,2022-02-08 09:08:06
1644311288174112000,24.55,1,24.5,20,24.6,13,2,2022-02-08 09:08:08
1644311290415247000,24.55,1,24.55,4,24.6,14,2,2022-02-08 09:08:10
1644311290443345000,24.55,4,24.5,20,24.6,14,2,2022-02-08 09:08:10
1644311293256804000,24.55,1,24.5,19,24.6,14,2,2022-02-08 09:08:13
1644311296719268000,24.5,1,24.5,20,24.55,1,2,2022-02-08 09:08:16
1644311298646147000,24.55,1,24.5,10,24.6,18,1,2022-02-08 09:08:18
1644311300624327000,24.55,5,24.5,10,24.6,18,2,2022-02-08 09:08:20
1644311306283598000,24.6,2,24.55,6,24.6,14,1,2022-02-08 09:08:26
1644311311338078000,24.6,5,24.55,7,24.6,10,1,2022-02-08 09:08:31
1644311319292578000,24.55,3,24.55,6,24.6,20,2,2022-02-08 09:08:39
1644311319327466000,24.55,6,24.5,22,24.6,20,2,2022-02-08 09:08:39
1644311319714923000,24.6,1,24.5,22,24.6,19,1,2022-02-08 09:08:39
1644311323043591000,24.55,1,24.5,22,24.6,19,2,2022-02-08 09:08:43
1644311330873663000,24.55,2,24.5,32,24.55,3,2,2022-02-08 09:08:50
1644311332054707000,24.55,2,24.5,32,24.55,1,1,2022-02-08 09:08:52
1644311335278909000,24.55,1,24.55,3,24.6,23,1,2022-02-08 09:08:55
1644311335373199000,24.6,1,24.55,5,24.6,22,1,2022-02-08 09:08:55
1644311336065627000,24.6,5,24.55,5,24.6,17,1,2022-02-08 09:08:56
1644311337951802000,24.6,16,24.55,7,24.65,54,1,2022-02-08 09:08:57
1644311339693492000,24.65,1,24.6,25,24.65,54,1,2022-02-08 09:08:59
1644311339717757000,24.65,51,24.6,25,24.65,3,1,2022-02-08 09:08:59
1644311339739757000,24.65,3,24.6,25,24.7,14,1,2022-02-08 09:08:59
1644311340803045000,24.7,14,24.65,22,24.75,68,1,2022-02-08 09:09:00
1644311340859234000,24.75,5,24.7,2,24.75,63,1,2022-02-08 09:09:00
1644311340941767000,24.75,1,24.7,2,24.75,62,1,2022-02-08 09:09:00
1644311340952614000,24.75,4,24.7,2,24.75,58,1,2022-02-08 09:09:00
1644311340961530000,24.75,4,24.7,2,24.75,54,1,2022-02-08 09:09:00
1644311343460789000,24.75,8,24.7,2,24.75,46,1,2022-02-08 09:09:03
1644311344979617000,24.7,2,24.65,2,24.7,3,2,2022-02-08 09:09:04
1644311346121898000,24.7,1,24.65,2,24.7,4,1,2022-02-08 09:09:06
1644311353337539000,24.7,1,24.65,6,24.7,6,1,2022-02-08 09:09:13
1644311354385330000,24.7,4,24.65,6,24.7,2,1,2022-02-08 09:09:14
1644311358569499000,24.7,3,24.65,10,24.75,46,1,2022-02-08 09:09:18
1644311360511844000,24.7,1,24.65,12,24.75,46,2,2022-02-08 09:09:20
1644311361221519000,24.7,1,24.65,10,24.75,48,2,2022-02-08 09:09:21
1644311361313532000,24.7,1,24.65,10,24.75,48,2,2022-02-08 09:09:21
1644311366805956000,24.7,2,24.65,14,24.7,7,1,2022-02-08 09:09:26
1644311367107580000,24.65,2,24.65,12,24.7,9,2,2022-02-08 09:09:27
1644311376117924000,24.65,8,24.65,5,24.7,10,2,2022-02-08 09:09:36
1644311376136838000,24.65,5,24.6,5,24.7,10,2,2022-02-08 09:09:36
1644311380107117000,24.6,4,24.55,17,24.7,15,2,2022-02-08 09:09:40
1644311382272869000,24.6,3,24.55,17,24.65,5,2,2022-02-08 09:09:42
1644311389861804000,24.65,1,24.6,1,24.65,9,1,2022-02-08 09:09:49
1644311389881555000,24.6,1,24.55,17,24.65,9,2,2022-02-08 09:09:49
1644311393723964000,24.55,1,24.55,13,24.6,2,2,2022-02-08 09:09:53
1644311393752531000,24.55,13,24.5,69,24.6,2,2,2022-02-08 09:09:53
1644311394020773000,24.6,2,24.5,69,24.65,1,1,2022-02-08 09:09:54
1644311394020773000,24.65,8,24.5,69,24.65,1,1,2022-02-08 09:09:54
1644311401037825000,24.55,1,24.5,70,24.65,37,1,2022-02-08 09:10:01
1644311420678586000,24.55,1,24.55,15,24.6,4,2,2022-02-08 09:10:20
1644311421801342000,24.55,15,24.5,73,24.6,6,2,2022-02-08 09:10:21
1644311421824440000,24.5,27,24.5,46,24.6,6,2,2022-02-08 09:10:21
1644311422532565000,24.5,27,24.5,19,24.55,17,2,2022-02-08 09:10:22
1644311422563345000,24.5,14,24.5,5,24.55,17,2,2022-02-08 09:10:22
1644311422563432000,24.5,5,24.45,26,24.55,17,2,2022-02-08 09:10:22
1644311425132552000,24.5,2,24.45,26,24.65,12,1,2022-02-08 09:10:25
1644311425132552000,24.55,17,24.45,26,24.65,12,1,2022-02-08 09:10:25
1644311425132552000,24.6,6,24.45,26,24.65,12,1,2022-02-08 09:10:25
1644311425132552000,24.65,25,24.45,26,24.65,12,1,2022-02-08 09:10:25
1644311430174129000,24.45,13,24.45,13,24.6,3,2,2022-02-08 09:10:30
1644311430203186000,24.45,13,24.4,42,24.6,3,2,2022-02-08 09:10:30
1644311443358445000,24.5,3,24.45,4,24.5,3,2,2022-02-08 09:10:43
1644311445248939000,24.45,1,24.45,5,24.5,3,2,2022-02-08 09:10:45
1644311452236766000,24.45,1,24.45,5,24.5,4,2,2022-02-08 09:10:52
1644311456798703000,24.45,1,24.45,5,24.5,10,2,2022-02-08 09:10:56
1644311457257049000,24.45,3,24.4,48,24.45,3,2,2022-02-08 09:10:57
1644311457286009000,24.45,3,24.4,48,24.5,10,1,2022-02-08 09:10:57
1644311482006024000,24.45,9,24.4,48,24.5,10,2,2022-02-08 09:11:22
1644311493369133000,24.4,1,24.4,45,24.45,2,2,2022-02-08 09:11:33
1644311505264738000,24.45,1,24.4,45,24.45,2,1,2022-02-08 09:11:45
1644311507664714000,24.4,8,24.4,37,24.45,2,2,2022-02-08 09:11:47
1644311507705284000,24.4,1,24.4,36,24.45,2,2,2022-02-08 09:11:47
1644311513135898000,24.4,26,24.4,10,24.45,2,2,2022-02-08 09:11:53
1644311513164586000,24.4,10,24.35,8,24.45,2,2,2022-02-08 09:11:53
1644311514856084000,24.35,1,24.35,7,24.4,1,2,2022-02-08 09:11:54
1644311521189160000,24.35,1,24.35,6,24.4,4,2,2022-02-08 09:12:01
1644311523683832000,24.35,6,24.3,41,24.35,4,2,2022-02-08 09:12:03
1644311526176329000,24.35,1,24.3,39,24.35,3,1,2022-02-08 09:12:06
1644311532247573000,24.35,1,24.3,39,24.35,5,1,2022-02-08 09:12:12
1644311533485900000,24.35,3,24.3,41,24.35,2,1,2022-02-08 09:12:13
1644311533518432000,24.35,2,24.3,41,24.4,8,1,2022-02-08 09:12:13
1644311534472028000,24.3,6,24.3,35,24.35,20,2,2022-02-08 09:12:14
1644311535078386000,24.35,1,24.3,35,24.35,19,1,2022-02-08 09:12:15
1644311539680092000,24.3,1,24.3,43,24.35,19,2,2022-02-08 09:12:19
1644311543567032000,24.35,6,24.3,43,24.35,14,1,2022-02-08 09:12:23
1644311543757198000,24.3,4,24.3,39,24.35,13,2,2022-02-08 09:12:23
1644311555216439000,24.3,32,24.3,10,24.35,28,2,2022-02-08 09:12:35
1644311555336754000,24.35,1,24.3,8,24.35,27,1,2022-02-08 09:12:35
1644311560597787000,24.3,6,24.3,14,24.35,28,2,2022-02-08 09:12:40
1644311562808234000,24.35,16,24.3,14,24.4,2,1,2022-02-08 09:12:42
1644311564580693000,24.35,2,24.35,2,24.4,2,2,2022-02-08 09:12:44
1644311564767109000,24.4,2,24.35,4,24.45,13,1,2022-02-08 09:12:44
1644311566520421000,24.35,1,24.35,4,24.45,13,2,2022-02-08 09:12:46
1644311572800488000,24.4,2,24.35,5,24.45,11,2,2022-02-08 09:12:52
1644311583212819000,24.4,1,24.35,7,24.4,3,1,2022-02-08 09:13:03
1644311587067083000,24.4,8,24.35,15,24.45,13,1,2022-02-08 09:13:07
1644311595622986000,24.4,2,24.4,1,24.45,14,2,2022-02-08 09:13:15
1644311596867423000,24.4,1,24.4,1,24.45,13,2,2022-02-08 09:13:16
1644311601243493000,24.45,5,24.4,1,24.45,8,1,2022-02-08 09:13:21
1644311608538482000,24.4,1,24.35,22,24.45,8,2,2022-02-08 09:13:28
1644311616614586000,24.4,1,24.35,23,24.45,8,2,2022-02-08 09:13:36
1644311625643930000,24.45,1,24.4,7,24.45,8,1,2022-02-08 09:13:45
1644311633028136000,24.4,1,24.4,12,24.45,8,2,2022-02-08 09:13:53
1644311638004061000,24.45,1,24.4,13,24.45,16,1,2022-02-08 09:13:58
1644311638423240000,24.45,3,24.4,13,24.45,13,1,2022-02-08 09:13:58
1644311642480583000,24.45,3,24.4,13,24.45,10,1,2022-02-08 09:14:02
1644311643146571000,24.45,1,24.4,13,24.45,9,1,2022-02-08 09:14:03
1644311645165552000,24.45,1,24.4,13,24.45,8,1,2022-02-08 09:14:05
1644311654757783000,24.45,2,24.4,28,24.45,6,1,2022-02-08 09:14:14
1644311658004042000,24.45,1,24.4,29,24.45,5,1,2022-02-08 09:14:18
1644311658943966000,24.45,1,24.4,29,24.45,4,1,2022-02-08 09:14:18
1644311660808052000,24.45,1,24.4,32,24.45,3,1,2022-02-08 09:14:20
1644311669574451000,24.45,1,24.4,35,24.45,2,1,2022-02-08 09:14:29
1644311670412600000,24.45,2,24.45,18,24.5,29,1,2022-02-08 09:14:30
1644311684980348000,24.5,1,24.45,20,24.5,28,1,2022-02-08 09:14:44
1644311695657761000,24.5,1,24.45,21,24.5,27,1,2022-02-08 09:14:55
1644311696843897000,24.5,1,24.45,21,24.5,26,1,2022-02-08 09:14:56
1644311697823006000,24.5,2,24.45,21,24.5,24,1,2022-02-08 09:14:57
1644311697858662000,24.5,24,24.45,21,24.6,8,1,2022-02-08 09:14:57
1644311702167936000,24.6,2,24.5,33,24.6,6,1,2022-02-08 09:15:02
1644311703743110000,24.6,1,24.5,33,24.6,6,1,2022-02-08 09:15:03
1644311705451212000,24.5,5,24.5,28,24.6,6,2,2022-02-08 09:15:05
1644311708250042000,24.55,1,24.5,28,24.6,6,1,2022-02-08 09:15:08
1644311718980291000,24.55,1,24.5,37,24.6,4,2,2022-02-08 09:15:18
1644311735788135000,24.55,9,24.5,38,24.6,6,2,2022-02-08 09:15:35
1644311735848748000,24.55,1,24.5,38,24.6,6,2,2022-02-08 09:15:35
1644311738253385000,24.55,1,24.5,38,24.6,6,2,2022-02-08 09:15:38
1644311739638768000,24.55,1,24.5,38,24.6,9,1,2022-02-08 09:15:39
1644311752180130000,24.55,2,24.5,39,24.6,3,1,2022-02-08 09:15:52
1644311752180130000,24.6,7,24.5,39,24.6,3,1,2022-02-08 09:15:52
1644311752510679000,24.6,4,24.6,6,24.65,7,1,2022-02-08 09:15:52
1644311752541754000,24.6,6,24.5,29,24.65,7,2,2022-02-08 09:15:52
1644311763858848000,24.55,1,24.55,3,24.65,11,2,2022-02-08 09:16:03
1644311767787594000,24.55,3,24.5,30,24.6,1,2,2022-02-08 09:16:07
1644311771428502000,24.6,2,24.5,30,24.6,3,1,2022-02-08 09:16:11
1644311776995011000,24.6,1,24.55,3,24.6,3,1,2022-02-08 09:16:16
1644311781123759000,24.6,3,24.55,3,24.65,12,1,2022-02-08 09:16:21
1644311787913870000,24.6,2,24.6,3,24.65,10,2,2022-02-08 09:16:27
1644311787938213000,24.6,3,24.55,3,24.65,10,2,2022-02-08 09:16:27
1644311792598765000,24.6,1,24.55,21,24.6,1,2,2022-02-08 09:16:32
1644311798045850000,24.6,2,24.55,22,24.6,3,1,2022-02-08 09:16:38
1644311798487837000,24.6,2,24.55,22,24.6,1,1,2022-02-08 09:16:38
1644311803264997000,24.6,1,24.55,25,24.65,11,1,2022-02-08 09:16:43
1644311812561032000,24.6,7,24.6,2,24.65,11,2,2022-02-08 09:16:52
1644311815764721000,24.65,11,24.6,9,24.7,28,1,2022-02-08 09:16:55
1644311817501807000,24.7,15,24.65,8,24.7,13,1,2022-02-08 09:16:57
1644311817526784000,24.7,13,24.65,8,24.75,73,1,2022-02-08 09:16:57
1644311821616328000,24.75,3,24.7,12,24.75,70,1,2022-02-08 09:17:01
1644311823993420000,24.75,8,24.7,12,24.75,62,1,2022-02-08 09:17:03
1644311824521232000,24.75,1,24.7,12,24.75,64,1,2022-02-08 09:17:04
1644311825508149000,24.7,2,24.7,2,24.75,64,2,2022-02-08 09:17:05
1644311826425398000,24.75,2,24.7,2,24.75,62,1,2022-02-08 09:17:06
1644311829616358000,24.7,1,24.7,2,24.75,62,2,2022-02-08 09:17:09
1644311830396431000,24.75,1,24.7,1,24.75,61,1,2022-02-08 09:17:10
1644311832655258000,24.75,3,24.7,1,24.75,58,1,2022-02-08 09:17:12
1644311835333796000,24.7,1,24.65,7,24.75,70,2,2022-02-08 09:17:15
1644311835631897000,24.75,1,24.65,10,24.75,69,1,2022-02-08 09:17:15
1644311837206174000,24.75,10,24.7,1,24.75,59,1,2022-02-08 09:17:17
1644311839419684000,24.7,10,24.7,1,24.75,56,2,2022-02-08 09:17:19
1644311840960588000,24.7,1,24.65,10,24.75,59,2,2022-02-08 09:17:20
1644311843042249000,24.7,1,24.65,10,24.75,59,1,2022-02-08 09:17:23
1644311847108233000,24.7,1,24.7,2,24.75,64,2,2022-02-08 09:17:27
1644311847260949000,24.75,15,24.7,2,24.75,49,1,2022-02-08 09:17:27
1644311854348820000,24.75,1,24.7,6,24.75,51,1,2022-02-08 09:17:34
1644311855176116000,24.7,6,24.65,11,24.7,4,2,2022-02-08 09:17:35
1644311856404912000,24.7,6,24.7,4,24.75,51,1,2022-02-08 09:17:36
1644311856436793000,24.7,4,24.65,11,24.75,51,2,2022-02-08 09:17:36
1644311857427021000,24.75,5,24.65,11,24.75,47,1,2022-02-08 09:17:37
1644311866236501000,24.7,2,24.65,11,24.75,57,2,2022-02-08 09:17:46
1644311866435749000,24.75,2,24.65,11,24.75,55,1,2022-02-08 09:17:46
1644311867882090000,24.75,1,24.65,13,24.75,54,1,2022-02-08 09:17:47
1644311868629280000,24.75,1,24.65,13,24.75,53,1,2022-02-08 09:17:48
1644311869129469000,24.75,2,24.65,12,24.75,51,1,2022-02-08 09:17:49
1644311871964453000,24.7,2,24.65,12,24.7,8,2,2022-02-08 09:17:51
1644311874990567000,24.65,7,24.65,3,24.7,19,2,2022-02-08 09:17:54
1644311875021204000,24.65,3,24.6,8,24.7,19,2,2022-02-08 09:17:55
1644311880136652000,24.6,1,24.6,2,24.7,20,2,2022-02-08 09:18:00
1644311883061568000,24.65,1,24.55,25,24.65,4,1,2022-02-08 09:18:03
1644311884267952000,24.65,2,24.55,25,24.65,2,1,2022-02-08 09:18:04
1644311891886608000,24.65,3,24.65,2,24.7,19,1,2022-02-08 09:18:11
1644311898361530000,24.65,2,24.6,7,24.7,19,2,2022-02-08 09:18:18
1644311899907254000,24.65,1,24.6,7,24.7,19,2,2022-02-08 09:18:19
1644311902978117000,24.65,1,24.65,1,24.7,19,2,2022-02-08 09:18:22
1644311903012596000,24.65,1,24.6,7,24.7,19,2,2022-02-08 09:18:23
1644311906096348000,24.65,2,24.6,7,24.7,19,2,2022-02-08 09:18:26
1644311911782505000,24.65,1,24.6,7,24.7,19,1,2022-02-08 09:18:31
1644311921307498000,24.65,5,24.6,5,24.7,16,1,2022-02-08 09:18:41
1644311921307498000,24.7,5,24.6,5,24.7,16,1,2022-02-08 09:18:41
1644311924495630000,24.7,1,24.6,5,24.7,15,1,2022-02-08 09:18:44
1644311928645833000,24.7,3,24.65,10,24.7,11,1,2022-02-08 09:18:48
1644311930411328000,24.7,1,24.65,10,24.7,10,1,2022-02-08 09:18:50
1644311937706711000,24.7,14,24.65,11,24.75,62,1,2022-02-08 09:18:57
1644311937706711000,24.75,6,24.65,11,24.75,62,1,2022-02-08 09:18:57
1644311948566131000,24.75,1,24.7,30,24.75,62,1,2022-02-08 09:19:08
1644311949521026000,24.75,5,24.7,30,24.75,57,1,2022-02-08 09:19:09
1644311949778188000,24.7,1,24.7,29,24.75,57,2,2022-02-08 09:19:09
1644311953647656000,24.75,1,24.7,29,24.75,55,1,2022-02-08 09:19:13
1644311956288773000,24.7,30,24.65,11,24.75,55,2,2022-02-08 09:19:16
1644311957317982000,24.7,2,24.65,11,24.7,6,2,2022-02-08 09:19:17
1644311959813297000,24.7,7,24.65,12,24.75,33,1,2022-02-08 09:19:19
1644311959813297000,24.75,23,24.65,12,24.75,33,1,2022-02-08 09:19:19
1644311965980403000,24.7,1,24.65,12,24.7,2,1,2022-02-08 09:19:25
1644311967420705000,24.7,2,24.7,18,24.75,35,1,2022-02-08 09:19:27
1644311972802609000,24.75,30,24.7,26,24.75,5,1,2022-02-08 09:19:32
1644311972895861000,24.75,5,24.7,26,24.8,49,1,2022-02-08 09:19:32
1644311972952217000,24.8,1,24.75,2,24.8,48,1,2022-02-08 09:19:32
1644311972999333000,24.75,2,24.65,12,24.8,48,2,2022-02-08 09:19:32
1644311972999333000,24.7,28,24.65,12,24.8,48,2,2022-02-08 09:19:32
1644311981876765000,24.75,2,24.7,14,24.8,48,1,2022-02-08 09:19:41
1644311982151964000,24.8,2,24.7,12,24.8,46,1,2022-02-08 09:19:42
1644311986060954000,24.75,1,24.7,22,24.75,4,1,2022-02-08 09:19:46
1644311988866677000,24.75,1,24.7,22,24.75,3,1,2022-02-08 09:19:48
1644311990301337000,24.75,1,24.7,20,24.75,4,1,2022-02-08 09:19:50
1644311994859327000,24.7,1,24.7,19,24.75,5,2,2022-02-08 09:19:54
1644312002051081000,24.75,2,24.7,27,24.75,3,1,2022-02-08 09:20:02
1644312002078045000,24.75,3,24.7,27,24.8,46,1,2022-02-08 09:20:02
1644312007150640000,24.8,1,24.7,32,24.8,44,1,2022-02-08 09:20:07
1644312007905901000,24.8,1,24.7,32,24.8,43,1,2022-02-08 09:20:07
1644312013663241000,24.75,1,24.75,7,24.8,43,2,2022-02-08 09:20:13
1644312023219685000,24.8,23,24.75,11,24.8,21,1,2022-02-08 09:20:23
1644312024216625000,24.75,1,24.75,11,24.8,21,2,2022-02-08 09:20:24
1644312025813261000,24.8,15,24.75,11,24.8,6,1,2022-02-08 09:20:25
1644312027799291000,24.8,2,24.75,13,24.8,4,1,2022-02-08 09:20:27
1644312028337640000,24.8,1,24.75,13,24.8,3,1,2022-02-08 09:20:28
1644312028559824000,24.8,1,24.75,13,24.8,2,1,2022-02-08 09:20:28
1644312028846426000,24.8,2,24.75,13,24.85,19,1,2022-02-08 09:20:28
1644312028846426000,24.85,8,24.75,13,24.85,19,1,2022-02-08 09:20:28
1644312032101780000,24.8,1,24.8,3,24.85,19,2,2022-02-08 09:20:32
1644312033581396000,24.8,6,24.75,10,24.8,4,2,2022-02-08 09:20:33
1644312033823954000,24.8,1,24.75,10,24.8,3,1,2022-02-08 09:20:33
1644312034016331000,24.8,1,24.75,10,24.8,2,1,2022-02-08 09:20:34
1644312034200256000,24.8,1,24.75,10,24.8,1,1,2022-02-08 09:20:34
1644312039181411000,24.8,1,24.75,8,24.8,2,1,2022-02-08 09:20:39
1644312040339916000,24.8,1,24.75,9,24.8,6,1,2022-02-08 09:20:40
1644312041481603000,24.8,2,24.75,9,24.8,4,1,2022-02-08 09:20:41
1644312041947046000,24.8,2,24.75,10,24.8,2,1,2022-02-08 09:20:41
1644312047431393000,24.8,8,24.75,11,24.8,1,1,2022-02-08 09:20:47
1644312049868331000,24.8,1,24.75,12,24.85,17,1,2022-02-08 09:20:49
1644312053463602000,24.85,2,24.8,5,24.85,17,1,2022-02-08 09:20:53
1644312054241025000,24.8,2,24.8,3,24.85,17,2,2022-02-08 09:20:54
1644312054315244000,24.8,2,24.8,1,24.85,17,2,2022-02-08 09:20:54
1644312054337638000,24.8,1,24.75,12,24.85,17,2,2022-02-08 09:20:54
1644312061069346000,24.8,1,24.75,13,24.8,11,1,2022-02-08 09:21:01
1644312061936627000,24.8,3,24.75,13,24.8,10,1,2022-02-08 09:21:01
1644312064265532000,24.8,4,24.75,13,24.8,10,1,2022-02-08 09:21:04
1644312065879792000,24.8,2,24.75,10,24.8,8,1,2022-02-08 09:21:05
1644312066183564000,24.8,5,24.75,10,24.8,3,1,2022-02-08 09:21:06
1644312066302893000,24.8,1,24.75,10,24.8,2,1,2022-02-08 09:21:06
1644312067499483000,24.8,1,24.75,10,24.8,1,1,2022-02-08 09:21:07
1644312067561888000,24.75,2,24.75,8,24.8,1,2,2022-02-08 09:21:07
1644312069399929000,24.8,6,24.8,4,24.85,23,1,2022-02-08 09:21:09
1644312072944924000,24.8,4,24.75,11,24.8,26,2,2022-02-08 09:21:12
1644312074981021000,24.8,1,24.75,11,24.8,25,1,2022-02-08 09:21:14
1644312075652197000,24.8,1,24.75,11,24.8,24,1,2022-02-08 09:21:15
1644312076255295000,24.8,1,24.75,11,24.8,23,1,2022-02-08 09:21:16
1644312079820153000,24.8,2,24.75,12,24.8,31,1,2022-02-08 09:21:19
1644312080503998000,24.8,1,24.75,12,24.8,20,1,2022-02-08 09:21:20
1644312084469632000,24.8,5,24.75,12,24.8,15,1,2022-02-08 09:21:24
1644312092351968000,24.75,13,24.7,24,24.8,34,2,2022-02-08 09:21:32
1644312105264271000,24.7,10,24.7,12,24.75,3,2,2022-02-08 09:21:45
1644312106632764000,24.75,3,24.7,12,24.75,1,1,2022-02-08 09:21:46
1644312110260391000,24.75,2,24.7,12,24.75,1,1,2022-02-08 09:21:50
1644312120503092000,24.7,1,24.7,11,24.75,6,2,2022-02-08 09:22:00
1644312128090033000,24.7,4,24.7,9,24.75,6,2,2022-02-08 09:22:08
1644312132622737000,24.75,5,24.7,10,24.75,1,1,2022-02-08 09:22:12
1644312138548641000,24.7,10,24.65,15,24.75,1,2,2022-02-08 09:22:18
1644312139885919000,24.75,1,24.65,13,24.8,45,1,2022-02-08 09:22:19
1644312148323839000,24.7,5,24.65,8,24.75,16,2,2022-02-08 09:22:28
1644312168557697000,24.65,2,24.65,8,24.7,7,2,2022-02-08 09:22:48
1644312171897677000,24.65,1,24.65,7,24.7,8,2,2022-02-08 09:22:51
1644312171953813000,24.65,1,24.65,6,24.7,8,2,2022-02-08 09:22:51
1644312176091064000,24.65,1,24.65,5,24.7,10,2,2022-02-08 09:22:56
1644312176126410000,24.65,5,24.6,9,24.7,10,2,2022-02-08 09:22:56
1644312179717716000,24.7,1,24.6,9,24.7,11,1,2022-02-08 09:22:59
1644312184258725000,24.6,9,24.55,21,24.65,4,2,2022-02-08 09:23:04
1644312188084309000,24.55,1,24.55,19,24.6,1,2,2022-02-08 09:23:08
1644312189105977000,24.55,13,24.55,6,24.6,1,2,2022-02-08 09:23:09
1644312189136321000,24.55,6,24.5,40,24.6,1,2,2022-02-08 09:23:09
1644312192642610000,24.5,5,24.5,28,24.55,1,2,2022-02-08 09:23:12
1644312195017898000,24.5,5,24.5,23,24.6,3,2,2022-02-08 09:23:15
1644312197584800000,24.5,1,24.5,22,24.6,3,2,2022-02-08 09:23:17
1644312197923447000,24.55,1,24.5,23,24.6,3,2,2022-02-08 09:23:17
1644312212967595000,24.55,1,24.55,8,24.6,1,2,2022-02-08 09:23:32
1644312218517916000,24.6,1,24.6,4,24.65,3,1,2022-02-08 09:23:38
1644312218544734000,24.6,4,24.55,8,24.65,3,2,2022-02-08 09:23:38
1644312228386697000,24.55,1,24.55,10,24.6,1,2,2022-02-08 09:23:48
1644312245810030000,24.55,2,24.55,13,24.6,6,2,2022-02-08 09:24:05
1644312261061521000,24.6,3,24.55,12,24.6,3,1,2022-02-08 09:24:21
1644312261076421000,24.6,3,24.55,12,24.65,4,1,2022-02-08 09:24:21
1644312263206833000,24.6,1,24.6,2,24.65,2,2,2022-02-08 09:24:23
1644312264485534000,24.65,1,24.6,5,24.65,1,1,2022-02-08 09:24:24
1644312264511864000,24.65,1,24.6,5,24.7,4,1,2022-02-08 09:24:24
1644312273342920000,24.65,1,24.6,3,24.7,4,2,2022-02-08 09:24:33
1644312284265151000,24.7,4,24.8,40,24.85,21,1,2022-02-08 09:24:44
1644312284265151000,24.75,3,24.8,40,24.85,21,1,2022-02-08 09:24:44
1644312284265151000,24.8,53,24.8,40,24.85,21,1,2022-02-08 09:24:44
1644312284292649000,24.8,6,24.8,34,24.85,21,2,2022-02-08 09:24:44
1644312284292811000,24.8,34,24.6,3,24.85,21,2,2022-02-08 09:24:44
1644312287716158000,24.75,2,24.6,5,24.85,21,1,2022-02-08 09:24:47
1644312287716158000,24.8,1,24.6,5,24.85,21,1,2022-02-08 09:24:47
1644312288525616000,24.85,2,24.6,5,24.85,21,1,2022-02-08 09:24:48
1644312290225630000,24.8,2,24.65,11,24.85,21,1,2022-02-08 09:24:50
1644312298575508000,24.8,2,24.7,2,24.8,5,1,2022-02-08 09:24:58
1644312301543941000,24.8,2,24.7,2,24.8,3,1,2022-02-08 09:25:01
1644312307375509000,24.75,1,24.7,2,24.8,4,2,2022-02-08 09:25:07
1644312317661199000,24.8,2,24.7,2,24.8,9,1,2022-02-08 09:25:17
1644312321101385000,24.75,1,24.7,5,24.8,10,1,2022-02-08 09:25:21
1644312323065613000,24.8,1,24.7,3,24.8,9,1,2022-02-08 09:25:23
1644312327254898000,24.7,3,24.65,3,24.75,2,2,2022-02-08 09:25:27
1644312332017311000,24.7,1,24.65,3,24.75,2,2,2022-02-08 09:25:32
1644312356310399000,24.7,1,24.65,13,24.7,1,2,2022-02-08 09:25:56
1644312366781408000,24.75,1,24.65,10,24.75,1,1,2022-02-08 09:26:06
1644312374773217000,24.75,1,24.65,9,24.8,15,1,2022-02-08 09:26:14
1644312375004375000,24.75,1,24.65,11,24.8,15,2,2022-02-08 09:26:15
1644312385004414000,24.65,9,24.6,9,24.75,1,2,2022-02-08 09:26:25
1644312386275474000,24.6,2,24.6,7,24.75,4,2,2022-02-08 09:26:26
1644312397964934000,24.6,1,24.6,6,24.75,4,2,2022-02-08 09:26:37
1644312399471602000,24.6,6,24.55,7,24.75,4,2,2022-02-08 09:26:39
1644312400689801000,24.55,7,24.5,33,24.7,2,2,2022-02-08 09:26:40
1644312400966356000,24.6,1,24.5,31,24.65,1,2,2022-02-08 09:26:40
1644312410983440000,24.5,13,24.5,18,24.65,1,2,2022-02-08 09:26:50
1644312411025756000,24.5,2,24.5,16,24.65,1,2,2022-02-08 09:26:51
1644312419627191000,24.5,1,24.5,11,24.65,2,2,2022-02-08 09:26:59
1644312434536437000,24.55,1,24.5,15,24.6,1,2,2022-02-08 09:27:14
1644312504983463000,24.6,1,24.55,16,24.6,4,1,2022-02-08 09:28:24
1644312512791554000,24.6,1,24.55,19,24.6,3,1,2022-02-08 09:28:32
1644312515264672000,24.6,1,24.55,16,24.6,2,1,2022-02-08 09:28:35
1644312527533906000,24.6,2,24.6,1,24.7,7,1,2022-02-08 09:28:47
1644312527562739000,24.6,1,24.55,13,24.7,7,2,2022-02-08 09:28:47
1644312538347221000,24.6,1,24.55,15,24.7,8,2,2022-02-08 09:28:58
1644312551094975000,24.6,1,24.6,6,24.7,6,2,2022-02-08 09:29:11
1644312596518592000,24.6,1,24.6,7,24.7,5,2,2022-02-08 09:29:56
1644312597118415000,24.6,3,24.6,4,24.7,5,2,2022-02-08 09:29:57
1644312601012827000,24.6,3,24.6,1,24.7,5,2,2022-02-08 09:30:01
1644312607745244000,24.6,1,24.55,16,24.7,5,2,2022-02-08 09:30:07
1644312607745244000,24.55,2,24.55,16,24.7,5,2,2022-02-08 09:30:07
1644312655395580000,24.6,1,24.55,16,24.6,1,1,2022-02-08 09:30:55
1644312687794319000,24.6,1,24.55,16,24.6,2,1,2022-02-08 09:31:27
1644312691317348000,24.6,1,24.55,16,24.6,1,1,2022-02-08 09:31:31
1644312696349983000,24.6,1,24.55,22,24.65,4,1,2022-02-08 09:31:36
1644312716123565000,24.6,1,24.55,22,24.6,2,1,2022-02-08 09:31:56
1644312755903197000,24.6,11,24.6,1,24.65,2,1,2022-02-08 09:32:35
1644312773695818000,24.65,1,24.55,23,24.65,1,1,2022-02-08 09:32:53
1644312841274509000,24.65,1,24.6,10,24.65,8,1,2022-02-08 09:34:01
1644312854224057000,24.6,2,24.6,8,24.65,8,2,2022-02-08 09:34:14
1644312861257744000,24.6,1,24.6,8,24.65,8,2,2022-02-08 09:34:21
1644312863535985000,24.6,8,24.55,25,24.6,2,2,2022-02-08 09:34:23
1644312908278068000,24.6,1,24.55,24,24.6,6,1,2022-02-08 09:35:08
1644312908796635000,24.6,2,24.55,24,24.6,4,1,2022-02-08 09:35:08
1644312925734536000,24.6,1,24.55,24,24.6,5,1,2022-02-08 09:35:25
1644312929056441000,24.55,2,24.55,22,24.6,5,2,2022-02-08 09:35:29
1644312946774523000,24.55,19,24.55,1,24.6,7,2,2022-02-08 09:35:46
1644312946807253000,24.55,1,24.5,26,24.6,7,2,2022-02-08 09:35:46
1644312949976210000,24.6,2,24.5,26,24.6,5,1,2022-02-08 09:35:49
1644312962055279000,24.5,5,24.5,20,24.55,5,2,2022-02-08 09:36:02
1644312971883657000,24.5,5,24.5,15,24.55,5,2,2022-02-08 09:36:11
1644312979353243000,24.5,1,24.5,15,24.55,5,2,2022-02-08 09:36:19
1644312989841641000,24.5,2,24.5,13,24.55,5,2,2022-02-08 09:36:29
1644312991125950000,24.5,1,24.5,12,24.55,5,2,2022-02-08 09:36:31
1644312997028824000,24.55,2,24.5,19,24.55,3,1,2022-02-08 09:36:37
1644312997845412000,24.55,3,24.5,19,24.6,5,1,2022-02-08 09:36:37
1644312998061570000,24.55,1,24.55,1,24.6,5,2,2022-02-08 09:36:38
1644313002584230000,24.55,1,24.5,21,24.6,1,1,2022-02-08 09:36:42
1644313002584230000,24.6,4,24.5,21,24.6,1,1,2022-02-08 09:36:42
1644313081298092000,24.55,1,24.5,21,24.6,4,2,2022-02-08 09:38:01
1644313081298092000,24.5,1,24.5,21,24.6,4,2,2022-02-08 09:38:01
1644313104319290000,24.5,2,24.5,19,24.6,2,2,2022-02-08 09:38:24
1644313109644049000,24.5,10,24.5,9,24.6,3,2,2022-02-08 09:38:29
1644313114335993000,24.5,1,24.5,6,24.6,5,2,2022-02-08 09:38:34
1644313114368081000,24.5,6,24.45,25,24.6,5,2,2022-02-08 09:38:34
1644313115835430000,24.45,1,24.45,22,24.6,5,2,2022-02-08 09:38:35
1644313143998434000,24.5,1,24.5,3,24.6,4,2,2022-02-08 09:39:03
1644313145578669000,24.5,1,24.45,24,24.6,6,2,2022-02-08 09:39:05
1644313254246157000,24.55,1,24.5,20,24.6,4,2,2022-02-08 09:40:54
1644313254246157000,24.5,1,24.5,20,24.6,4,2,2022-02-08 09:40:54
1644313278366578000,24.5,1,24.5,19,24.6,4,2,2022-02-08 09:41:18
1644313308873120000,24.5,1,24.5,19,24.6,4,2,2022-02-08 09:41:48
1644313326223315000,24.55,2,24.55,3,24.6,4,2,2022-02-08 09:42:06
1644313334473699000,24.55,3,24.5,19,24.6,4,2,2022-02-08 09:42:14
1644313344619457000,24.5,2,24.5,17,24.6,4,2,2022-02-08 09:42:24
1644313404376821000,24.55,1,24.5,17,24.6,5,1,2022-02-08 09:43:24
1644313446843683000,24.55,1,24.5,15,24.55,4,2,2022-02-08 09:44:06
1644313463325598000,24.55,1,24.5,15,24.55,6,1,2022-02-08 09:44:23
1644313485220029000,24.55,1,24.5,19,24.55,5,1,2022-02-08 09:44:45
1644313490980158000,24.55,6,24.5,19,24.55,4,1,2022-02-08 09:44:50
1644313490980174000,24.55,4,24.5,19,24.6,17,1,2022-02-08 09:44:50
1644313596236764000,24.6,2,24.55,22,24.6,16,1,2022-02-08 09:46:36
1644313597854198000,24.55,5,24.55,17,24.6,16,2,2022-02-08 09:46:37
1644313623306597000,24.55,2,24.55,14,24.6,16,2,2022-02-08 09:47:03
1644313638707912000,24.6,5,24.55,16,24.6,11,1,2022-02-08 09:47:18
1644313645393785000,24.6,1,24.55,16,24.6,10,1,2022-02-08 09:47:25
1644313664569479000,24.6,1,24.55,18,24.6,9,1,2022-02-08 09:47:44
1644313673162614000,24.6,9,24.55,18,24.65,5,1,2022-02-08 09:47:53
1644313673162614000,24.65,6,24.55,18,24.65,5,1,2022-02-08 09:47:53
1644313687890543000,24.65,1,24.6,2,24.65,5,1,2022-02-08 09:48:07
1644313688473803000,24.65,1,24.6,6,24.65,4,1,2022-02-08 09:48:08
1644313699213482000,24.65,1,24.6,7,24.65,3,1,2022-02-08 09:48:19
1644313701351657000,24.65,2,24.6,7,24.65,1,1,2022-02-08 09:48:21
1644313702208143000,24.6,1,24.6,7,24.65,1,2,2022-02-08 09:48:22
1644313708390010000,24.65,1,24.6,7,24.7,5,1,2022-02-08 09:48:28
1644313708390010000,24.7,2,24.6,7,24.7,5,1,2022-02-08 09:48:28
1644313744951671000,24.65,1,24.6,9,24.7,8,2,2022-02-08 09:49:04
1644313750893286000,24.7,2,24.6,7,24.7,7,1,2022-02-08 09:49:10
1644313799532540000,24.7,1,24.65,1,24.7,6,1,2022-02-08 09:49:59
1644313804364871000,24.7,2,24.65,1,24.7,5,1,2022-02-08 09:50:04
1644313804403255000,24.65,1,24.6,8,24.7,5,2,2022-02-08 09:50:04
1644313815350201000,24.7,6,24.6,14,24.75,9,1,2022-02-08 09:50:15
1644313815350201000,24.75,2,24.6,14,24.75,9,1,2022-02-08 09:50:15
1644313836980185000,24.65,3,24.6,25,24.7,1,2,2022-02-08 09:50:36
1644313846103755000,24.7,3,24.6,24,24.75,4,1,2022-02-08 09:50:46
1644313846103755000,24.75,7,24.6,24,24.75,4,1,2022-02-08 09:50:46
1644313846215592000,24.7,2,24.65,2,24.75,5,2,2022-02-08 09:50:46
1644313857654953000,24.65,2,24.6,26,24.7,3,2,2022-02-08 09:50:57
1644313868565751000,24.7,1,24.6,26,24.7,4,1,2022-02-08 09:51:08
1644313879618823000,24.7,3,24.6,26,24.7,3,1,2022-02-08 09:51:19
1644313890967014000,24.65,1,24.6,26,24.7,3,2,2022-02-08 09:51:30
1644313931643385000,24.6,1,24.6,24,24.7,4,2,2022-02-08 09:52:11
1644313934959227000,24.6,10,24.6,14,24.7,5,2,2022-02-08 09:52:14
1644313934981355000,24.6,14,24.55,21,24.7,5,2,2022-02-08 09:52:14
1644313972952658000,24.6,5,24.6,5,24.65,2,1,2022-02-08 09:52:52
1644313981144020000,24.6,1,24.6,7,24.65,2,2,2022-02-08 09:53:01
1644314040368341000,24.6,2,24.6,5,24.65,2,2,2022-02-08 09:54:00
1644314137972649000,24.65,1,24.6,14,24.65,2,1,2022-02-08 09:55:37
1644314144761930000,24.6,1,24.6,14,24.65,2,2,2022-02-08 09:55:44
1644314158359435000,24.6,1,24.6,13,24.65,2,2,2022-02-08 09:55:58
1644314164228606000,24.65,2,24.65,1,24.7,6,1,2022-02-08 09:56:04
1644314176252148000,24.65,1,24.6,13,24.7,6,2,2022-02-08 09:56:16
1644314201780930000,24.65,1,24.6,13,24.65,3,2,2022-02-08 09:56:41
1644314260641808000,24.65,1,24.6,17,24.65,6,1,2022-02-08 09:57:40
1644314340915506000,24.65,1,24.6,19,24.65,4,1,2022-02-08 09:59:00
1644314417453293000,24.65,7,24.6,17,24.65,2,1,2022-02-08 10:00:17
1644314428112545000,24.65,1,24.6,17,24.65,1,1,2022-02-08 10:00:28
1644314433444135000,24.65,1,24.6,17,24.7,5,1,2022-02-08 10:00:33
1644314543398134000,24.7,1,24.65,12,24.7,4,1,2022-02-08 10:02:23
1644314567433153000,24.7,4,24.7,2,24.75,17,1,2022-02-08 10:02:47
1644314587719873000,24.7,2,24.7,2,24.75,21,2,2022-02-08 10:03:07
1644314591754744000,24.7,1,24.7,1,24.75,21,2,2022-02-08 10:03:11
1644314597458424000,24.7,1,24.65,10,24.75,21,2,2022-02-08 10:03:17
1644314679621219000,24.65,5,24.65,5,24.7,11,2,2022-02-08 10:04:39
1644314685988232000,24.65,1,24.65,2,24.7,11,2,2022-02-08 10:04:45
1644314715218763000,24.65,1,24.6,9,24.7,11,2,2022-02-08 10:05:15
1644314724227996000,24.65,1,24.65,1,24.7,11,2,2022-02-08 10:05:24
1644314803567506000,24.65,1,24.65,5,24.7,12,2,2022-02-08 10:06:43
1644314846232634000,24.65,2,24.65,1,24.7,12,2,2022-02-08 10:07:26
1644314852850410000,24.65,1,24.6,11,24.7,13,2,2022-02-08 10:07:32
1644314861272520000,24.65,1,24.6,11,24.7,14,2,2022-02-08 10:07:41
1644314935005841000,24.6,1,24.6,9,24.65,12,2,2022-02-08 10:08:55
1644314943210292000,24.65,12,24.6,9,24.7,16,1,2022-02-08 10:09:03
1644314944818816000,24.7,6,24.65,2,24.7,10,1,2022-02-08 10:09:04
1644314944835363000,24.7,10,24.65,2,24.75,20,1,2022-02-08 10:09:04
1644314957431008000,24.7,1,24.7,1,24.75,19,2,2022-02-08 10:09:17
1644314960353696000,24.7,2,24.65,4,24.75,19,2,2022-02-08 10:09:20
1644314983721393000,24.7,5,24.7,3,24.75,25,1,2022-02-08 10:09:43
1644314989674558000,24.7,3,24.65,4,24.75,25,2,2022-02-08 10:09:49
1644314993954002000,24.7,2,24.65,4,24.75,25,2,2022-02-08 10:09:53
1644315001907901000,24.7,2,24.7,5,24.75,27,2,2022-02-08 10:10:01
1644315022849464000,24.7,3,24.7,2,24.75,27,2,2022-02-08 10:10:22
1644315024774023000,24.7,1,24.65,4,24.75,27,2,2022-02-08 10:10:24
1644315126557763000,24.7,1,24.65,9,24.75,27,1,2022-02-08 10:12:06
1644315149151720000,24.75,2,24.7,5,24.75,25,1,2022-02-08 10:12:29
1644315149823783000,24.7,3,24.7,3,24.75,25,2,2022-02-08 10:12:29
1644315206888874000,24.7,3,24.7,3,24.75,26,2,2022-02-08 10:13:26
1644315210348596000,24.75,1,24.7,3,24.75,25,1,2022-02-08 10:13:30
1644315220471711000,24.7,1,24.65,6,24.75,25,2,2022-02-08 10:13:40
1644315220471711000,24.65,2,24.65,6,24.75,25,2,2022-02-08 10:13:40
1644315242119340000,24.7,1,24.7,5,24.75,23,1,2022-02-08 10:14:02
1644315265960983000,24.7,1,24.7,4,24.75,24,2,2022-02-08 10:14:25
1644315266830959000,24.7,4,24.65,9,24.7,1,2,2022-02-08 10:14:26
1644315279356183000,24.7,1,24.65,9,24.75,24,1,2022-02-08 10:14:39
1644315328374609000,24.7,1,24.65,12,24.75,24,2,2022-02-08 10:15:28
1644315352408593000,24.7,6,24.65,9,24.75,25,1,2022-02-08 10:15:52
1644315382167616000,24.65,4,24.65,7,24.7,2,2,2022-02-08 10:16:22
1644315434342213000,24.7,2,24.65,10,24.75,26,1,2022-02-08 10:17:14
1644315471989843000,24.7,1,24.65,11,24.75,26,2,2022-02-08 10:17:51
1644315478851435000,24.7,1,24.65,11,24.75,26,1,2022-02-08 10:17:58
1644315502900722000,24.7,1,24.7,2,24.75,26,2,2022-02-08 10:18:22
1644315504961028000,24.75,1,24.7,2,24.75,25,1,2022-02-08 10:18:24
1644315517086559000,24.75,5,24.7,3,24.75,20,1,2022-02-08 10:18:37
1644315517127056000,24.75,20,24.7,4,24.8,46,1,2022-02-08 10:18:37
1644315520377634000,24.8,15,24.75,3,24.8,31,1,2022-02-08 10:18:40
1644315520413591000,24.8,31,24.75,3,24.85,42,1,2022-02-08 10:18:40
1644315523775712000,24.85,3,24.75,5,24.85,37,1,2022-02-08 10:18:43
1644315523824955000,24.85,4,24.75,6,24.85,33,1,2022-02-08 10:18:43
1644315525396195000,24.85,1,24.75,6,24.85,32,1,2022-02-08 10:18:45
1644315526246234000,24.8,2,24.75,6,24.85,32,1,2022-02-08 10:18:46
1644315533904459000,24.85,2,24.8,6,24.85,30,1,2022-02-08 10:18:53
1644315533973428000,24.8,1,24.8,5,24.85,29,2,2022-02-08 10:18:53
1644315546821500000,24.8,1,24.8,5,24.85,29,2,2022-02-08 10:19:06
1644315547795307000,24.8,5,24.75,4,24.85,29,2,2022-02-08 10:19:07
1644315550895608000,24.75,2,24.7,4,24.8,1,2,2022-02-08 10:19:10
1644315603839545000,24.8,4,24.75,2,24.85,13,1,2022-02-08 10:20:03
1644315603839545000,24.85,16,24.75,2,24.85,13,1,2022-02-08 10:20:03
1644315608424795000,24.85,2,24.75,5,24.85,13,1,2022-02-08 10:20:08
1644315622694951000,24.85,2,24.75,7,24.85,13,1,2022-02-08 10:20:22
1644315640743268000,24.8,1,24.75,7,24.85,13,2,2022-02-08 10:20:40
1644315643539307000,24.85,2,24.75,7,24.85,12,1,2022-02-08 10:20:43
1644315648553827000,24.85,10,24.8,1,24.85,2,1,2022-02-08 10:20:48
1644315672799093000,24.85,1,24.85,4,24.9,60,2,2022-02-08 10:21:12
1644315674406313000,24.85,1,24.85,4,24.9,60,2,2022-02-08 10:21:14
1644315690725723000,24.85,1,24.85,4,24.9,60,2,2022-02-08 10:21:30
1644315697831017000,24.85,1,24.85,6,24.9,60,2,2022-02-08 10:21:37
1644315713414505000,24.85,1,24.85,15,24.9,58,2,2022-02-08 10:21:53
1644315722119130000,24.85,2,24.85,14,24.9,60,2,2022-02-08 10:22:02
1644315734412845000,24.85,2,24.85,13,24.9,58,2,2022-02-08 10:22:14
1644315734845652000,24.85,2,24.85,11,24.9,58,2,2022-02-08 10:22:14
1644315735381738000,24.85,2,24.85,9,24.9,58,2,2022-02-08 10:22:15
1644315738475665000,24.85,3,24.85,6,24.9,58,2,2022-02-08 10:22:18
1644315738545355000,24.85,2,24.85,4,24.9,58,2,2022-02-08 10:22:18
1644315738757707000,24.85,2,24.85,2,24.9,58,2,2022-02-08 10:22:18
1644315738797364000,24.85,2,24.8,5,24.9,58,2,2022-02-08 10:22:18
1644315745269894000,24.9,2,24.8,5,24.9,58,1,2022-02-08 10:22:25
1644315746625093000,24.9,1,24.8,5,24.9,55,1,2022-02-08 10:22:26
1644315757328623000,24.85,1,24.85,1,24.9,56,2,2022-02-08 10:22:37
1644315765188597000,24.85,1,24.85,2,24.9,56,2,2022-02-08 10:22:45
1644315768796521000,24.85,2,24.8,5,24.85,1,2,2022-02-08 10:22:48
1644315793022403000,24.8,1,24.8,6,24.85,4,2,2022-02-08 10:23:13
1644315794281424000,24.85,1,24.8,4,24.85,4,1,2022-02-08 10:23:14
1644315796216211000,24.85,1,24.8,3,24.85,3,1,2022-02-08 10:23:16
1644315802156045000,24.85,2,24.8,5,24.85,1,1,2022-02-08 10:23:22
1644315811388877000,24.85,1,24.8,7,24.9,61,1,2022-02-08 10:23:31
1644315814150117000,24.9,1,24.8,7,24.9,60,1,2022-02-08 10:23:34
1644315820113364000,24.85,1,24.8,7,24.9,59,2,2022-02-08 10:23:40
1644315827914090000,24.85,1,24.85,1,24.9,59,2,2022-02-08 10:23:47
1644315833267109000,24.85,1,24.8,4,24.9,59,2,2022-02-08 10:23:53
1644315846255352000,24.9,5,24.85,3,24.9,52,1,2022-02-08 10:24:06
1644315853036992000,24.9,2,24.85,5,24.9,51,1,2022-02-08 10:24:13
1644315856872003000,24.9,51,24.85,10,24.95,28,1,2022-02-08 10:24:16
1644315857097551000,24.95,15,24.9,4,24.95,13,1,2022-02-08 10:24:17
1644315857112012000,24.95,5,24.9,4,24.95,8,1,2022-02-08 10:24:17
1644315857194507000,24.95,3,24.9,4,24.95,5,1,2022-02-08 10:24:17
1644315857205869000,24.95,1,24.9,4,24.95,4,1,2022-02-08 10:24:17
1644315857218506000,24.95,4,24.9,4,25.0,61,1,2022-02-08 10:24:17
1644315857366452000,24.95,7,24.9,4,25.0,61,1,2022-02-08 10:24:17
1644315858713850000,25.0,1,24.9,5,25.0,60,1,2022-02-08 10:24:18
1644315858847757000,25.0,2,24.9,5,25.0,58,1,2022-02-08 10:24:18
1644315859588652000,25.0,2,24.95,6,25.0,56,1,2022-02-08 10:24:19
1644315864074205000,25.0,1,24.95,2,25.0,55,1,2022-02-08 10:24:24
1644315868334823000,24.9,1,24.9,3,24.95,2,2,2022-02-08 10:24:28
1644315884489479000,24.95,2,24.9,31,25.0,55,1,2022-02-08 10:24:44
1644315888874318000,24.95,2,24.9,31,25.0,58,2,2022-02-08 10:24:48
1644315891658922000,24.95,1,24.95,7,25.0,58,2,2022-02-08 10:24:51
1644315892196864000,24.95,3,24.95,4,25.0,58,2,2022-02-08 10:24:52
1644315893885122000,25.0,2,24.95,4,25.0,56,1,2022-02-08 10:24:53
1644315896598504000,25.0,4,24.95,8,25.0,53,1,2022-02-08 10:24:56
1644315898432593000,25.0,1,24.95,8,25.0,52,1,2022-02-08 10:24:58
1644315907140421000,25.0,3,24.95,8,25.0,59,1,2022-02-08 10:25:07
1644315907163198000,25.0,10,24.95,8,25.0,49,1,2022-02-08 10:25:07
1644315907463547000,25.0,1,24.95,8,25.0,48,1,2022-02-08 10:25:07
1644315908049703000,25.0,2,24.95,8,25.0,46,1,2022-02-08 10:25:08
1644315911123820000,25.0,2,24.95,8,25.0,42,1,2022-02-08 10:25:11
1644315912751483000,25.0,1,24.95,9,25.0,41,1,2022-02-08 10:25:12
1644315912993772000,25.0,2,24.95,9,25.0,39,1,2022-02-08 10:25:12
1644315914714483000,25.0,1,24.95,9,25.0,38,1,2022-02-08 10:25:14
1644315916751940000,25.0,2,24.95,11,25.0,36,1,2022-02-08 10:25:16
1644315930068775000,25.0,1,24.95,11,25.0,36,1,2022-02-08 10:25:30
1644315932277143000,25.0,1,24.95,11,25.0,36,1,2022-02-08 10:25:32
1644315933632252000,25.0,1,24.95,13,25.0,37,1,2022-02-08 10:25:33
1644315936469130000,25.0,1,24.95,13,25.0,36,1,2022-02-08 10:25:36
1644315939305289000,24.95,12,24.95,1,25.0,36,2,2022-02-08 10:25:39
1644315940556504000,25.0,1,24.95,1,25.0,35,1,2022-02-08 10:25:40
1644315946938670000,24.95,1,24.9,32,25.0,46,2,2022-02-08 10:25:46
1644315947321740000,24.95,1,24.9,32,25.0,46,2,2022-02-08 10:25:47
1644315949912004000,24.9,32,24.85,8,24.95,2,2,2022-02-08 10:25:49
1644315950153870000,24.85,6,24.85,1,24.95,6,2,2022-02-08 10:25:50
1644315950183681000,24.85,1,24.8,7,24.95,6,2,2022-02-08 10:25:50
1644315955765084000,24.9,4,24.8,6,24.95,1,1,2022-02-08 10:25:55
1644315955765084000,24.95,6,24.8,6,24.95,1,1,2022-02-08 10:25:55
1644315974846058000,24.85,5,24.8,8,24.95,8,2,2022-02-08 10:26:14
1644315979537982000,24.9,1,24.8,9,24.95,11,1,2022-02-08 10:26:19
1644315979537982000,24.95,2,24.8,9,24.95,11,1,2022-02-08 10:26:19
1644315980511134000,24.8,9,24.75,7,24.8,1,2,2022-02-08 10:26:20
1644315980539054000,24.8,1,24.75,7,24.95,11,1,2022-02-08 10:26:20
1644315981319413000,24.95,1,24.85,1,24.95,12,1,2022-02-08 10:26:21
1644315986939729000,24.85,1,24.8,2,24.95,14,2,2022-02-08 10:26:26
1644315993331911000,24.9,1,24.85,5,24.95,8,2,2022-02-08 10:26:33
1644315994759937000,24.85,5,24.8,2,24.9,1,2,2022-02-08 10:26:34
1644315999190866000,24.9,1,24.8,5,24.95,9,1,2022-02-08 10:26:39
1644316047995425000,24.85,2,24.8,7,24.9,4,1,2022-02-08 10:27:27
1644316053589250000,24.85,1,24.8,7,24.9,10,2,2022-02-08 10:27:33
1644316057856156000,24.9,1,24.8,7,24.9,11,1,2022-02-08 10:27:37
1644316074193110000,24.9,2,24.8,7,24.9,4,1,2022-02-08 10:27:54
1644316081767912000,24.8,7,24.75,11,24.9,14,2,2022-02-08 10:28:01
1644316090304328000,24.85,1,24.8,2,24.9,14,2,2022-02-08 10:28:10
1644316094955671000,24.8,1,24.8,2,24.9,15,2,2022-02-08 10:28:14
1644316121375918000,24.8,2,24.75,9,24.8,3,2,2022-02-08 10:28:41
1644316170134604000,24.8,1,24.75,8,24.8,8,1,2022-02-08 10:29:30
1644316177148110000,24.75,2,24.75,6,24.8,11,2,2022-02-08 10:29:37
1644316177173583000,24.75,6,24.7,23,24.8,11,2,2022-02-08 10:29:37
1644316177747222000,24.8,1,24.7,23,24.8,10,1,2022-02-08 10:29:37
1644316184709554000,24.8,1,24.75,1,24.8,9,1,2022-02-08 10:29:44
1644316186104952000,24.8,1,24.75,2,24.8,8,1,2022-02-08 10:29:46
1644316195517239000,24.8,1,24.75,4,24.8,7,1,2022-02-08 10:29:55
1644316197834203000,24.8,3,24.8,2,24.85,11,1,2022-02-08 10:29:57
1644316212820330000,24.8,8,24.75,3,24.85,6,2,2022-02-08 10:30:12
1644316213315180000,24.85,1,24.75,2,24.85,10,1,2022-02-08 10:30:13
1644316232583374000,24.85,1,24.75,7,24.85,4,1,2022-02-08 10:30:32
1644316240279958000,24.85,1,24.75,5,24.85,11,1,2022-02-08 10:30:40
1644316262821497000,24.8,3,24.75,7,24.85,10,2,2022-02-08 10:31:02
1644316269653762000,24.8,1,24.75,7,24.85,10,1,2022-02-08 10:31:09
1644316316080721000,24.75,1,24.7,31,24.8,1,2,2022-02-08 10:31:56
1644316316829007000,24.8,1,24.7,31,24.8,4,1,2022-02-08 10:31:56
1644316319572936000,24.75,7,24.7,31,24.8,2,2,2022-02-08 10:31:59
1644316324792580000,24.75,1,24.7,31,24.8,5,2,2022-02-08 10:32:04
1644316333530265000,24.8,4,24.7,31,24.85,10,1,2022-02-08 10:32:13
1644316344309012000,24.75,1,24.7,31,24.8,5,2,2022-02-08 10:32:24
1644316370036008000,24.7,9,24.7,22,24.75,9,2,2022-02-08 10:32:50
1644316370059928000,24.7,10,24.7,12,24.75,9,2,2022-02-08 10:32:50
1644316370060185000,24.7,12,24.65,10,24.75,9,2,2022-02-08 10:32:50
1644316370280140000,24.65,4,24.65,6,24.75,10,2,2022-02-08 10:32:50
1644316371671881000,24.7,1,24.65,6,24.75,10,2,2022-02-08 10:32:51
1644316379112189000,24.7,1,24.65,5,24.7,2,1,2022-02-08 10:32:59
1644316390358246000,24.65,8,24.6,37,24.7,1,2,2022-02-08 10:33:10
1644316390358246000,24.6,5,24.6,37,24.7,1,2,2022-02-08 10:33:10
1644316410619122000,24.6,2,24.6,48,24.65,1,2,2022-02-08 10:33:30
1644316417921114000,24.65,1,24.6,48,24.7,5,1,2022-02-08 10:33:37
1644316419125178000,24.65,1,24.6,49,24.7,5,1,2022-02-08 10:33:39
1644316455387411000,24.65,1,24.65,12,24.7,2,2,2022-02-08 10:34:15
1644316458150536000,24.65,10,24.65,2,24.7,2,2,2022-02-08 10:34:18
1644316495425484000,24.65,3,24.6,54,24.75,5,2,2022-02-08 10:34:55
1644316522034860000,24.7,1,24.65,1,24.75,7,1,2022-02-08 10:35:22
1644316540540881000,24.7,1,24.65,1,24.7,2,1,2022-02-08 10:35:40
1644316548220458000,24.7,3,24.65,1,24.75,9,1,2022-02-08 10:35:48
1644316577233393000,24.7,1,24.65,2,24.75,8,2,2022-02-08 10:36:17
1644316654223776000,24.65,1,24.6,64,24.65,2,2,2022-02-08 10:37:34
1644316662734799000,24.65,2,24.6,64,24.7,6,1,2022-02-08 10:37:42
1644316679696754000,24.65,1,24.6,64,24.7,7,2,2022-02-08 10:37:59
1644316695164475000,24.65,1,24.65,3,24.7,7,2,2022-02-08 10:38:15
1644316695192622000,24.65,3,24.6,61,24.7,7,2,2022-02-08 10:38:15
1644316759720328000,24.65,5,24.6,49,24.7,8,1,2022-02-08 10:39:19
1644316766739070000,24.65,3,24.6,51,24.7,8,2,2022-02-08 10:39:26
1644316808705092000,24.6,4,24.6,45,24.7,10,2,2022-02-08 10:40:08
1644316830792241000,24.65,1,24.6,38,24.7,7,1,2022-02-08 10:40:30
1644316837233259000,24.65,1,24.65,1,24.7,6,1,2022-02-08 10:40:37
1644316838073546000,24.65,1,24.6,37,24.7,6,2,2022-02-08 10:40:38
1644316838073546000,24.6,1,24.6,37,24.7,6,2,2022-02-08 10:40:38
1644316846705004000,24.7,2,24.65,8,24.7,2,1,2022-02-08 10:40:46
1644316846705028000,24.7,2,24.65,8,24.75,11,1,2022-02-08 10:40:46
1644316899540546000,24.65,6,24.65,2,24.7,8,2,2022-02-08 10:41:39
1644316952506942000,24.7,1,24.65,2,24.7,5,1,2022-02-08 10:42:32
1644316968951904000,24.7,1,24.65,7,24.7,4,1,2022-02-08 10:42:48
1644316970971252000,24.7,4,24.65,7,24.75,11,1,2022-02-08 10:42:50
1644316984169725000,24.75,8,24.7,2,24.8,11,1,2022-02-08 10:43:04
1644317071358079000,24.8,2,24.75,1,24.8,5,1,2022-02-08 10:44:31
1644317072992564000,24.8,6,24.75,3,24.8,1,1,2022-02-08 10:44:32
1644317072992609000,24.8,1,24.75,3,24.85,14,1,2022-02-08 10:44:32
1644317104299854000,24.85,4,24.8,2,24.85,9,1,2022-02-08 10:45:04
1644317106051598000,24.8,1,24.8,1,24.85,9,2,2022-02-08 10:45:06
1644317108721872000,24.85,9,24.8,5,24.9,7,1,2022-02-08 10:45:08
1644317122310255000,24.85,1,24.85,6,24.9,6,2,2022-02-08 10:45:22
1644317128807777000,24.85,3,24.85,1,24.9,6,2,2022-02-08 10:45:28
1644317133411754000,24.9,1,24.85,4,24.9,5,1,2022-02-08 10:45:33
1644317133916526000,24.9,3,24.85,10,24.9,2,1,2022-02-08 10:45:33
1644317133933497000,24.9,2,24.85,10,24.95,18,1,2022-02-08 10:45:33
1644317137243787000,24.95,3,24.9,2,24.95,14,1,2022-02-08 10:45:37
1644317138559710000,24.95,3,24.9,29,24.95,11,1,2022-02-08 10:45:38
1644317138591163000,24.95,11,24.9,29,25.0,74,1,2022-02-08 10:45:38
1644317141110627000,25.0,2,24.95,7,25.0,72,1,2022-02-08 10:45:41
1644317144387122000,24.95,1,24.95,7,25.0,72,2,2022-02-08 10:45:44
1644317160671333000,25.0,2,24.95,8,25.0,69,1,2022-02-08 10:46:00
1644317164173654000,25.0,5,24.95,32,25.0,63,1,2022-02-08 10:46:04
1644317166759405000,25.0,3,24.95,32,25.0,60,1,2022-02-08 10:46:06
1644317166793627000,25.0,23,24.95,32,25.0,37,1,2022-02-08 10:46:06
1644317166999996000,25.0,1,24.95,32,25.0,36,1,2022-02-08 10:46:06
1644317167994132000,25.0,1,24.95,32,25.0,35,1,2022-02-08 10:46:07
1644317169062853000,25.0,1,24.95,27,25.0,34,1,2022-02-08 10:46:09
1644317171331608000,25.0,2,24.95,27,25.0,32,1,2022-02-08 10:46:11
1644317171533239000,25.0,24,24.95,3,25.0,8,1,2022-02-08 10:46:11
1644317172337160000,25.0,1,24.95,3,25.0,7,1,2022-02-08 10:46:12
1644317172414122000,25.0,1,24.95,3,25.0,6,1,2022-02-08 10:46:12
1644317172415491000,25.0,6,24.95,3,25.05,7,1,2022-02-08 10:46:12
1644317174281352000,25.05,3,25.0,4,25.05,4,1,2022-02-08 10:46:14
1644317174366758000,25.05,4,25.0,4,25.1,12,1,2022-02-08 10:46:14
1644317174366758000,25.1,4,25.0,4,25.1,12,1,2022-02-08 10:46:14
1644317174402044000,25.1,12,25.0,4,25.15,8,1,2022-02-08 10:46:14
1644317174402044000,25.15,8,25.0,4,25.15,8,1,2022-02-08 10:46:14
1644317174416362000,25.15,2,25.0,4,25.15,6,1,2022-02-08 10:46:14
1644317174501423000,25.0,1,25.0,3,25.15,8,2,2022-02-08 10:46:14
1644317174540103000,25.15,5,25.0,3,25.15,3,1,2022-02-08 10:46:14
1644317180461786000,25.15,4,25.1,2,25.2,64,1,2022-02-08 10:46:20
1644317184486388000,25.15,2,25.1,2,25.15,1,1,2022-02-08 10:46:24
1644317188220962000,25.1,2,25.05,2,25.15,6,2,2022-02-08 10:46:28
1644317188220962000,25.05,6,25.05,2,25.15,6,2,2022-02-08 10:46:28
1644317188308747000,25.15,1,25.05,2,25.15,5,1,2022-02-08 10:46:28
1644317191165707000,25.1,3,25.05,2,25.2,55,1,2022-02-08 10:46:31
1644317191165707000,25.15,11,25.05,2,25.2,55,1,2022-02-08 10:46:31
1644317191165707000,25.2,6,25.05,2,25.2,55,1,2022-02-08 10:46:31
1644317191217058000,25.2,1,25.05,5,25.2,56,1,2022-02-08 10:46:31
1644317191255388000,25.1,1,25.05,5,25.2,56,1,2022-02-08 10:46:31
1644317192817415000,25.15,2,25.05,5,25.2,56,2,2022-02-08 10:46:32
1644317204463215000,25.15,2,25.05,5,25.15,11,1,2022-02-08 10:46:44
1644317204957134000,25.15,1,25.05,5,25.15,8,1,2022-02-08 10:46:44
1644317209798261000,25.15,1,25.1,2,25.15,8,1,2022-02-08 10:46:49
1644317210398997000,25.1,2,25.05,5,25.1,5,2,2022-02-08 10:46:50
1644317226457604000,25.1,5,25.1,5,25.15,14,1,2022-02-08 10:47:06
1644317246203331000,25.1,9,25.05,7,25.15,14,2,2022-02-08 10:47:26
1644317246203331000,25.05,3,25.05,7,25.15,14,2,2022-02-08 10:47:26
1644317265202002000,25.1,1,25.05,11,25.1,1,2,2022-02-08 10:47:45
1644317270338056000,25.1,1,25.05,11,25.1,1,1,2022-02-08 10:47:50
1644317275219680000,25.1,1,25.05,11,25.1,1,1,2022-02-08 10:47:55
1644317279334146000,25.1,1,25.05,10,25.15,14,1,2022-02-08 10:47:59
1644317292742378000,25.15,2,25.1,2,25.15,22,1,2022-02-08 10:48:12
1644317293351947000,25.15,1,25.1,2,25.15,21,1,2022-02-08 10:48:13
1644317300279439000,25.15,1,25.1,4,25.15,25,1,2022-02-08 10:48:20
1644317306739557000,25.15,10,25.1,5,25.15,15,1,2022-02-08 10:48:26
1644317308955632000,25.15,1,25.1,5,25.15,14,1,2022-02-08 10:48:28
1644317309986103000,25.15,3,25.1,5,25.15,11,1,2022-02-08 10:48:29
1644317312391357000,25.15,5,25.1,5,25.15,6,1,2022-02-08 10:48:32
1644317314672408000,25.15,3,25.1,7,25.15,3,1,2022-02-08 10:48:34
1644317315194374000,25.15,2,25.1,7,25.15,1,1,2022-02-08 10:48:35
1644317315230583000,25.15,1,25.1,7,25.2,50,1,2022-02-08 10:48:35
1644317320963997000,25.15,1,25.15,4,25.2,50,2,2022-02-08 10:48:40
1644317323026052000,25.15,1,25.15,4,25.2,51,2,2022-02-08 10:48:43
1644317323450576000,25.15,2,25.15,14,25.2,51,2,2022-02-08 10:48:43
1644317328473356000,25.2,2,25.15,17,25.2,50,1,2022-02-08 10:48:48
1644317332456492000,25.15,1,25.15,16,25.2,50,2,2022-02-08 10:48:52
1644317332486451000,25.2,16,25.15,16,25.2,34,1,2022-02-08 10:48:52
1644317332517363000,25.2,34,25.15,16,25.25,12,1,2022-02-08 10:48:52
1644317341527243000,25.2,1,25.2,4,25.25,12,1,2022-02-08 10:49:01
1644317350429391000,25.25,1,25.2,15,25.25,12,1,2022-02-08 10:49:10
1644317350458100000,25.25,1,25.2,15,25.25,12,1,2022-02-08 10:49:10
1644317350459094000,25.25,1,25.2,15,25.25,11,1,2022-02-08 10:49:10
1644317350701136000,25.25,1,25.2,15,25.25,10,1,2022-02-08 10:49:10
1644317353126858000,25.2,1,25.2,15,25.25,10,2,2022-02-08 10:49:13
1644317360687169000,25.25,1,25.2,17,25.25,9,1,2022-02-08 10:49:20
1644317363544134000,25.25,1,25.2,20,25.25,13,1,2022-02-08 10:49:23
1644317363783171000,25.25,5,25.2,20,25.25,8,1,2022-02-08 10:49:23
1644317365401114000,25.25,1,25.2,21,25.25,7,1,2022-02-08 10:49:25
1644317365708677000,25.25,2,25.2,21,25.25,5,1,2022-02-08 10:49:25
1644317368731847000,25.25,1,25.2,22,25.25,5,1,2022-02-08 10:49:28
1644317370014828000,25.25,1,25.2,22,25.25,4,1,2022-02-08 10:49:30
1644317374216862000,25.25,1,25.2,25,25.25,3,1,2022-02-08 10:49:34
1644317376845673000,25.25,1,25.2,23,25.25,2,1,2022-02-08 10:49:36
1644317379256275000,25.25,1,25.2,24,25.25,4,1,2022-02-08 10:49:39
1644317380482153000,25.25,1,25.2,24,25.25,5,1,2022-02-08 10:49:40
1644317381292172000,25.2,1,25.2,23,25.25,5,2,2022-02-08 10:49:41
1644317383987596000,25.25,1,25.2,23,25.25,5,1,2022-02-08 10:49:43
1644317388824262000,25.25,1,25.2,23,25.25,5,1,2022-02-08 10:49:48
1644317398827288000,25.2,10,25.2,14,25.25,16,2,2022-02-08 10:49:58
1644317398843957000,25.2,14,25.15,2,25.25,16,2,2022-02-08 10:49:58
1644317400988362000,25.15,2,25.1,18,25.25,17,2,2022-02-08 10:50:00
1644317405320540000,25.2,1,25.15,1,25.2,1,1,2022-02-08 10:50:05
1644317408284516000,25.2,1,25.15,1,25.2,1,1,2022-02-08 10:50:08
1644317417629571000,25.15,1,25.15,3,25.2,11,2,2022-02-08 10:50:17
1644317420830068000,25.15,3,25.1,17,25.15,7,2,2022-02-08 10:50:20
1644317421107438000,25.15,3,25.1,17,25.15,4,1,2022-02-08 10:50:21
1644317431006278000,25.15,1,25.1,16,25.15,3,1,2022-02-08 10:50:31
1644317432589599000,25.15,3,25.15,2,25.2,10,1,2022-02-08 10:50:32
1644317437252102000,25.15,2,25.1,17,25.15,3,2,2022-02-08 10:50:37
1644317444538160000,25.15,2,25.1,18,25.15,2,1,2022-02-08 10:50:44
1644317449057474000,25.1,1,25.1,17,25.15,2,2,2022-02-08 10:50:49
1644317449115127000,25.15,1,25.1,17,25.15,3,1,2022-02-08 10:50:49
1644317452395094000,25.15,2,25.15,1,25.2,11,1,2022-02-08 10:50:52
1644317465967850000,25.15,1,25.15,2,25.2,11,2,2022-02-08 10:51:05
1644317466735714000,25.15,1,25.15,1,25.2,11,2,2022-02-08 10:51:06
1644317478628194000,25.15,1,25.1,39,25.15,29,2,2022-02-08 10:51:18
1644317484551047000,25.1,1,25.1,38,25.15,30,2,2022-02-08 10:51:24
1644317487193549000,25.15,1,25.1,38,25.15,30,1,2022-02-08 10:51:27
1644317491163383000,25.1,1,25.1,62,25.15,30,2,2022-02-08 10:51:31
1644317493967102000,25.15,6,25.1,64,25.15,24,1,2022-02-08 10:51:33
1644317508300331000,25.15,1,25.1,65,25.15,22,1,2022-02-08 10:51:48
1644317510864124000,25.15,22,25.15,3,25.2,11,1,2022-02-08 10:51:50
1644317512125590000,25.15,3,25.1,57,25.2,11,2,2022-02-08 10:51:52
1644317512125590000,25.1,7,25.1,57,25.2,11,2,2022-02-08 10:51:52
1644317522669056000,25.1,1,25.1,56,25.2,11,2,2022-02-08 10:52:02
1644317528140068000,25.1,1,25.1,53,25.2,13,2,2022-02-08 10:52:08
1644317543252168000,25.15,2,25.1,53,25.2,14,2,2022-02-08 10:52:23
1644317556607304000,25.2,1,25.15,3,25.2,13,1,2022-02-08 10:52:36
1644317567389928000,25.15,1,25.15,2,25.2,14,2,2022-02-08 10:52:47
1644317572922395000,25.15,3,25.15,2,25.2,14,2,2022-02-08 10:52:52
1644317574045846000,25.15,2,25.1,68,25.15,3,2,2022-02-08 10:52:54
1644317574046339000,25.15,2,25.1,68,25.15,1,1,2022-02-08 10:52:54
1644317583813606000,25.15,1,25.1,68,25.2,14,1,2022-02-08 10:53:03
1644317593756234000,25.15,1,25.15,1,25.2,15,2,2022-02-08 10:53:13
1644317597625463000,25.15,1,25.15,3,25.2,15,2,2022-02-08 10:53:17
1644317607204799000,25.15,3,25.1,67,25.2,16,2,2022-02-08 10:53:27
1644317617741663000,25.1,1,25.1,66,25.15,13,2,2022-02-08 10:53:37
1644317617766555000,25.1,38,25.1,28,25.15,13,2,2022-02-08 10:53:37
1644317617797246000,25.1,7,25.1,21,25.15,15,2,2022-02-08 10:53:37
1644317617797606000,25.1,21,25.05,12,25.15,15,2,2022-02-08 10:53:37
1644317618549020000,25.05,3,25.05,9,25.15,16,2,2022-02-08 10:53:38
1644317618568437000,25.05,5,25.05,4,25.15,16,2,2022-02-08 10:53:38
1644317619292704000,25.05,3,25.05,1,25.15,16,2,2022-02-08 10:53:39
1644317623635461000,25.05,1,25.0,8,25.05,49,2,2022-02-08 10:53:43
1644317624403925000,25.05,1,25.0,7,25.05,48,1,2022-02-08 10:53:44
1644317629276383000,25.1,2,25.0,7,25.1,3,1,2022-02-08 10:53:49
1644317664609821000,25.0,1,25.0,18,25.1,17,2,2022-02-08 10:54:24
1644317671603737000,25.05,1,25.0,18,25.05,1,1,2022-02-08 10:54:31
1644317679528579000,25.0,1,25.0,15,25.05,4,2,2022-02-08 10:54:39
1644317683251935000,25.0,1,25.0,14,25.05,4,2,2022-02-08 10:54:43
1644317694036666000,25.05,1,25.0,16,25.05,3,1,2022-02-08 10:54:54
1644317698549355000,25.0,1,25.0,15,25.05,3,2,2022-02-08 10:54:58
1644317700684968000,25.05,2,25.0,15,25.05,1,1,2022-02-08 10:55:00
1644317721084214000,25.05,1,25.0,18,25.05,11,1,2022-02-08 10:55:21
1644317728178227000,25.0,18,24.95,5,25.05,11,2,2022-02-08 10:55:28
1644317729473796000,25.05,11,24.95,4,25.1,12,1,2022-02-08 10:55:29
1644317729473796000,25.1,3,24.95,4,25.1,12,1,2022-02-08 10:55:29
1644317789920836000,25.05,3,25.0,31,25.1,18,2,2022-02-08 10:56:29
1644317834252173000,25.05,1,25.0,35,25.05,1,1,2022-02-08 10:57:14
1644317864099986000,25.0,1,25.0,34,25.05,7,2,2022-02-08 10:57:44
1644317871148652000,25.05,1,25.0,34,25.05,6,1,2022-02-08 10:57:51
1644317871271152000,25.0,5,25.0,29,25.05,6,2,2022-02-08 10:57:51
1644317871308531000,25.0,29,24.95,3,25.05,8,2,2022-02-08 10:57:51
1644317881960738000,25.0,1,25.0,3,25.05,8,2,2022-02-08 10:58:01
1644317882473599000,25.0,2,25.0,1,25.05,6,2,2022-02-08 10:58:02
1644317882504875000,25.0,1,24.95,1,25.05,6,2,2022-02-08 10:58:02
1644317897900467000,25.0,1,24.95,4,25.05,7,1,2022-02-08 10:58:17
1644317905546002000,25.05,1,24.95,4,25.05,6,1,2022-02-08 10:58:25
1644317907509935000,24.95,1,24.95,5,25.05,6,2,2022-02-08 10:58:27
1644317920534870000,25.0,1,24.95,3,25.05,9,2,2022-02-08 10:58:40
1644317951513984000,24.95,3,24.95,2,25.0,12,2,2022-02-08 10:59:11
1644317956993522000,24.95,2,24.9,12,25.0,12,2,2022-02-08 10:59:16
1644317959152118000,24.95,2,24.95,1,25.0,12,2,2022-02-08 10:59:19
1644317959966847000,25.0,3,24.95,7,25.0,9,1,2022-02-08 10:59:19
1644317959990358000,25.0,6,24.95,7,25.0,3,1,2022-02-08 10:59:19
1644317960023570000,25.0,3,24.95,7,25.05,9,1,2022-02-08 10:59:20
1644317960902762000,25.0,2,24.95,7,25.05,8,2,2022-02-08 10:59:20
1644317966475957000,25.0,1,24.95,5,25.05,8,2,2022-02-08 10:59:26
1644317989181462000,25.0,1,25.0,6,25.05,13,2,2022-02-08 10:59:49
1644317995210569000,25.05,1,25.0,6,25.05,12,1,2022-02-08 10:59:55
1644317999762400000,25.05,1,25.0,6,25.05,11,1,2022-02-08 10:59:59
1644318007855084000,25.0,5,25.0,2,25.05,12,2,2022-02-08 11:00:07
1644318026020707000,25.0,1,25.0,6,25.05,11,2,2022-02-08 11:00:26
1644318031933772000,25.0,3,25.0,3,25.05,11,2,2022-02-08 11:00:31
1644318041278628000,25.0,3,24.95,8,25.05,11,2,2022-02-08 11:00:41
1644318056041264000,25.05,1,24.95,8,25.05,10,1,2022-02-08 11:00:56
1644318079938198000,25.05,1,24.95,5,25.05,12,1,2022-02-08 11:01:19
1644318094788791000,25.0,1,24.95,3,25.0,3,1,2022-02-08 11:01:34
1644318104852077000,25.0,5,24.95,2,25.05,7,1,2022-02-08 11:01:44
1644318104852077000,25.05,5,24.95,2,25.05,7,1,2022-02-08 11:01:44
1644318136301969000,25.0,6,24.95,2,25.05,6,2,2022-02-08 11:02:16
1644318160170331000,25.05,1,24.95,2,25.05,12,1,2022-02-08 11:02:40
1644318174902440000,25.0,2,25.0,2,25.05,10,2,2022-02-08 11:02:54
1644318191239003000,25.0,3,24.95,62,25.05,8,2,2022-02-08 11:03:11
1644318198909212000,25.0,1,25.0,24,25.05,8,2,2022-02-08 11:03:18
1644318205408603000,25.0,3,25.0,41,25.05,8,2,2022-02-08 11:03:25
1644318211673681000,25.05,8,25.0,44,25.1,22,1,2022-02-08 11:03:31
1644318223034830000,25.1,1,25.0,46,25.1,20,1,2022-02-08 11:03:43
1644318224721940000,25.0,20,25.0,26,25.1,20,2,2022-02-08 11:03:44
1644318248545406000,25.0,1,25.0,28,25.1,20,2,2022-02-08 11:04:08
1644318251851818000,25.0,1,25.0,27,25.05,1,2,2022-02-08 11:04:11
1644318295207352000,25.1,6,25.05,5,25.1,16,1,2022-02-08 11:04:55
1644318295229633000,25.1,16,25.05,5,25.15,35,1,2022-02-08 11:04:55
1644318295868989000,25.15,34,25.1,7,25.2,28,1,2022-02-08 11:04:55
1644318297466028000,25.15,1,25.15,6,25.2,28,2,2022-02-08 11:04:57
1644318298152349000,25.2,8,25.15,6,25.2,20,1,2022-02-08 11:04:58
1644318298153821000,25.2,5,25.15,6,25.2,15,1,2022-02-08 11:04:58
1644318298176377000,25.2,12,25.15,6,25.2,3,1,2022-02-08 11:04:58
1644318298176997000,25.2,3,25.15,6,25.25,26,1,2022-02-08 11:04:58
1644318299397602000,25.25,5,25.2,4,25.25,20,1,2022-02-08 11:04:59
1644318299426270000,25.25,4,25.2,4,25.25,16,1,2022-02-08 11:04:59
1644318299426934000,25.25,8,25.2,4,25.25,8,1,2022-02-08 11:04:59
1644318299487608000,25.25,8,25.2,4,25.3,42,1,2022-02-08 11:04:59
1644318301635086000,25.3,10,25.25,3,25.3,32,1,2022-02-08 11:05:01
1644318302257895000,25.3,10,25.25,11,25.3,22,1,2022-02-08 11:05:02
1644318302479062000,25.3,13,25.25,11,25.3,9,1,2022-02-08 11:05:02
1644318303663509000,25.3,9,25.3,1,25.35,33,1,2022-02-08 11:05:03
1644318304130071000,25.35,3,25.3,2,25.35,30,1,2022-02-08 11:05:04
1644318306671753000,25.35,10,25.3,5,25.35,20,1,2022-02-08 11:05:06
1644318313785985000,25.35,3,25.3,5,25.35,17,1,2022-02-08 11:05:13
1644318313909019000,25.35,1,25.3,5,25.35,16,1,2022-02-08 11:05:13
1644318314205357000,25.35,3,25.3,5,25.35,13,1,2022-02-08 11:05:14
1644318314233612000,25.35,7,25.3,5,25.35,6,1,2022-02-08 11:05:14
1644318314465305000,25.35,5,25.3,5,25.35,1,1,2022-02-08 11:05:14
1644318314491514000,25.35,1,25.3,5,25.4,68,1,2022-02-08 11:05:14
1644318315769206000,25.4,1,25.3,8,25.4,67,1,2022-02-08 11:05:15
1644318327611676000,25.35,3,25.35,5,25.4,73,2,2022-02-08 11:05:27
1644318327636479000,25.35,2,25.35,3,25.4,73,2,2022-02-08 11:05:27
1644318327636824000,25.35,3,25.3,8,25.4,73,2,2022-02-08 11:05:27
1644318329177182000,25.4,1,25.3,5,25.4,74,1,2022-02-08 11:05:29
1644318331281109000,25.35,2,25.3,5,25.35,8,2,2022-02-08 11:05:31
1644318331308712000,25.3,5,25.25,6,25.35,8,2,2022-02-08 11:05:31
1644318332968777000,25.3,1,25.25,4,25.3,9,1,2022-02-08 11:05:32
1644318336353498000,25.3,1,25.25,4,25.3,8,1,2022-02-08 11:05:36
1644318342438536000,25.3,2,25.25,4,25.3,9,1,2022-02-08 11:05:42
1644318343482249000,25.3,3,25.25,4,25.3,6,1,2022-02-08 11:05:43
1644318348820053000,25.3,1,25.25,5,25.3,5,1,2022-02-08 11:05:48
1644318351123285000,25.3,1,25.25,5,25.3,4,1,2022-02-08 11:05:51
1644318354018922000,25.3,1,25.25,8,25.3,3,1,2022-02-08 11:05:54
1644318355069369000,25.25,9,25.2,6,25.25,1,2,2022-02-08 11:05:55
1644318358976597000,25.25,1,25.2,7,25.3,3,1,2022-02-08 11:05:58
1644318368765944000,25.3,4,25.25,1,25.35,4,1,2022-02-08 11:06:08
1644318368765944000,25.35,6,25.25,1,25.35,4,1,2022-02-08 11:06:08
1644318373812057000,25.35,3,25.25,2,25.35,4,1,2022-02-08 11:06:13
1644318380258963000,25.35,3,25.35,2,25.4,71,1,2022-02-08 11:06:20
1644318380294316000,25.35,2,25.25,2,25.4,73,2,2022-02-08 11:06:20
1644318388085725000,25.35,2,25.25,2,25.35,3,1,2022-02-08 11:06:28
1644318388093584000,25.35,2,25.25,2,25.35,1,1,2022-02-08 11:06:28
1644318388195750000,25.35,1,25.25,3,25.4,70,1,2022-02-08 11:06:28
1644318388195750000,25.4,1,25.25,3,25.4,70,1,2022-02-08 11:06:28
1644318388498287000,25.4,2,25.25,5,25.4,68,1,2022-02-08 11:06:28
1644318397957816000,25.4,1,25.35,7,25.4,66,1,2022-02-08 11:06:37
1644318401407394000,25.4,10,25.35,7,25.4,57,1,2022-02-08 11:06:41
1644318403058458000,25.4,1,25.35,7,25.4,56,1,2022-02-08 11:06:43
1644318403426446000,25.4,1,25.35,7,25.4,55,1,2022-02-08 11:06:43
1644318404711197000,25.4,2,25.35,7,25.4,53,1,2022-02-08 11:06:44
1644318406807328000,25.4,2,25.35,6,25.4,51,1,2022-02-08 11:06:46
1644318407606097000,25.35,7,25.3,3,25.4,51,2,2022-02-08 11:06:47
1644318407959971000,25.4,1,25.3,4,25.4,50,1,2022-02-08 11:06:47
1644318412416626000,25.4,5,25.35,1,25.4,45,1,2022-02-08 11:06:52
1644318415116332000,25.4,1,25.35,2,25.4,44,1,2022-02-08 11:06:55
1644318418768814000,25.4,1,25.35,2,25.4,43,1,2022-02-08 11:06:58
1644318421316191000,25.4,1,25.35,3,25.4,42,1,2022-02-08 11:07:01
1644318422710257000,25.4,1,25.35,3,25.4,41,1,2022-02-08 11:07:02
1644318429593073000,25.35,2,25.3,5,25.35,1,2,2022-02-08 11:07:09
1644318433271619000,25.35,1,25.3,5,25.4,40,1,2022-02-08 11:07:13
1644318433271619000,25.4,1,25.3,5,25.4,40,1,2022-02-08 11:07:13
1644318438312325000,25.35,3,25.3,4,25.4,40,1,2022-02-08 11:07:18
1644318438362725000,25.4,5,25.3,4,25.4,37,1,2022-02-08 11:07:18
1644318440369467000,25.4,5,25.35,6,25.4,34,1,2022-02-08 11:07:20
1644318442219979000,25.35,7,25.3,4,25.4,34,2,2022-02-08 11:07:22
1644318444509222000,25.4,5,25.3,4,25.4,39,1,2022-02-08 11:07:24
1644318449970253000,25.35,4,25.3,4,25.4,38,1,2022-02-08 11:07:29
1644318449970253000,25.4,1,25.3,4,25.4,38,1,2022-02-08 11:07:29
1644318450667832000,25.4,1,25.3,4,25.4,37,1,2022-02-08 11:07:30
1644318456832623000,25.35,1,25.3,4,25.35,3,1,2022-02-08 11:07:36
1644318457187219000,25.35,1,25.3,4,25.35,2,1,2022-02-08 11:07:37
1644318461399182000,25.35,2,25.3,4,25.35,6,1,2022-02-08 11:07:41
1644318462366919000,25.35,1,25.3,4,25.35,10,1,2022-02-08 11:07:42
1644318463787294000,25.35,5,25.3,4,25.35,5,1,2022-02-08 11:07:43
1644318464801223000,25.35,1,25.3,7,25.35,9,1,2022-02-08 11:07:44
1644318468272008000,25.35,1,25.3,7,25.35,8,1,2022-02-08 11:07:48
1644318478196859000,25.3,1,25.3,8,25.35,10,2,2022-02-08 11:07:58
1644318486684873000,25.35,10,25.3,8,25.4,13,1,2022-02-08 11:08:06
1644318486684873000,25.4,10,25.3,8,25.4,13,1,2022-02-08 11:08:06
1644318491772249000,25.4,1,25.35,1,25.4,12,1,2022-02-08 11:08:11
1644318500274607000,25.35,3,25.35,3,25.4,12,2,2022-02-08 11:08:20
1644318513725782000,25.35,1,25.35,10,25.4,16,2,2022-02-08 11:08:33
1644318516954187000,25.35,10,25.3,11,25.4,14,2,2022-02-08 11:08:36
1644318518845659000,25.35,1,25.3,10,25.35,1,1,2022-02-08 11:08:38
1644318521683342000,25.35,1,25.35,1,25.4,16,1,2022-02-08 11:08:41
1644318522427883000,25.35,1,25.3,10,25.4,16,2,2022-02-08 11:08:42
1644318525665279000,25.35,2,25.3,8,25.35,1,2,2022-02-08 11:08:45
1644318543871098000,25.35,2,25.3,8,25.35,16,1,2022-02-08 11:09:03
1644318546092487000,25.35,5,25.3,8,25.35,11,1,2022-02-08 11:09:06
1644318563361157000,25.35,5,25.3,22,25.35,6,1,2022-02-08 11:09:23
1644318564994690000,25.35,1,25.3,22,25.35,5,1,2022-02-08 11:09:24
1644318566621280000,25.35,1,25.3,22,25.35,4,1,2022-02-08 11:09:26
1644318567646655000,25.35,2,25.3,23,25.35,2,1,2022-02-08 11:09:27
1644318567843156000,25.35,1,25.3,23,25.35,3,1,2022-02-08 11:09:27
1644318567931147000,25.35,1,25.3,23,25.35,2,1,2022-02-08 11:09:27
1644318569146792000,25.35,1,25.3,23,25.35,1,1,2022-02-08 11:09:29
1644318572535580000,25.35,1,25.35,1,25.4,25,1,2022-02-08 11:09:32
1644318573513359000,25.35,2,25.3,24,25.4,25,2,2022-02-08 11:09:33
1644318581582353000,25.35,1,25.3,39,25.4,25,2,2022-02-08 11:09:41
1644318582229654000,25.35,2,25.3,39,25.4,24,1,2022-02-08 11:09:42
1644318582229654000,25.4,1,25.3,39,25.4,24,1,2022-02-08 11:09:42
1644318595148024000,25.35,1,25.3,39,25.4,24,2,2022-02-08 11:09:55
1644318613437249000,25.3,39,25.25,3,25.3,1,2,2022-02-08 11:10:13
1644318614464398000,25.3,1,25.35,4,25.4,24,1,2022-02-08 11:10:14
1644318614494668000,25.35,4,25.25,2,25.4,24,2,2022-02-08 11:10:14
1644318614558675000,25.25,2,25.2,8,25.4,26,2,2022-02-08 11:10:14
1644318614905631000,25.35,4,25.35,26,25.4,26,1,2022-02-08 11:10:14
1644318614930733000,25.35,26,25.2,8,25.4,26,2,2022-02-08 11:10:14
1644318618898187000,25.35,2,25.2,10,25.35,8,1,2022-02-08 11:10:18
1644318622136593000,25.35,2,25.2,10,25.35,6,1,2022-02-08 11:10:22
1644318630593841000,25.35,10,25.2,8,25.4,14,1,2022-02-08 11:10:30
1644318630593841000,25.4,10,25.2,8,25.4,14,1,2022-02-08 11:10:30
1644318636110856000,25.35,1,25.2,11,25.4,26,1,2022-02-08 11:10:36
1644318651670736000,25.3,1,25.25,2,25.35,7,2,2022-02-08 11:10:51
1644318664373664000,25.3,1,25.3,3,25.35,20,1,2022-02-08 11:11:04
1644318664401339000,25.3,3,25.25,1,25.35,20,2,2022-02-08 11:11:04
1644318666906812000,25.3,1,25.25,1,25.35,15,1,2022-02-08 11:11:06
1644318666906812000,25.35,1,25.25,1,25.35,15,1,2022-02-08 11:11:06
1644318673365352000,25.35,2,25.25,1,25.35,15,1,2022-02-08 11:11:13
1644318675694972000,25.35,2,25.25,1,25.35,11,1,2022-02-08 11:11:15
1644318690833560000,25.3,10,25.25,2,25.35,21,2,2022-02-08 11:11:30
1644318695759762000,25.25,2,25.2,14,25.35,23,2,2022-02-08 11:11:35
1644318697387857000,25.25,2,25.2,13,25.3,8,2,2022-02-08 11:11:37
1644318708535739000,25.25,3,25.25,17,25.3,7,1,2022-02-08 11:11:48
1644318716632691000,25.25,17,25.25,5,25.3,7,2,2022-02-08 11:11:56
1644318716658659000,25.25,1,25.25,4,25.3,7,2,2022-02-08 11:11:56
1644318716658789000,25.25,4,25.2,13,25.3,7,2,2022-02-08 11:11:56
1644318724619765000,25.25,10,25.2,13,25.3,11,1,2022-02-08 11:12:04
1644318741107095000,25.25,1,25.2,14,25.3,18,1,2022-02-08 11:12:21
1644318751281215000,25.25,2,25.2,14,25.3,18,2,2022-02-08 11:12:31
1644318762912970000,25.25,1,25.25,1,25.3,18,2,2022-02-08 11:12:42
1644318784204373000,25.25,1,25.2,14,25.3,18,2,2022-02-08 11:13:04
1644318784225995000,25.2,2,25.2,12,25.3,18,2,2022-02-08 11:13:04
1644318791337397000,25.2,2,25.2,10,25.25,2,2,2022-02-08 11:13:11
1644318817822636000,25.2,1,25.2,9,25.25,3,2,2022-02-08 11:13:37
1644318820901617000,25.2,5,25.2,5,25.25,3,2,2022-02-08 11:13:40
1644318827664580000,25.2,5,25.15,14,25.25,4,2,2022-02-08 11:13:47
1644318828894136000,25.15,3,25.15,11,25.25,4,2,2022-02-08 11:13:48
1644318837152405000,25.15,3,25.15,10,25.25,5,2,2022-02-08 11:13:57
1644318891145593000,25.15,1,25.15,12,25.2,1,2,2022-02-08 11:14:51
1644318891370851000,25.15,4,25.15,8,25.2,1,2,2022-02-08 11:14:51
1644318895156505000,25.15,8,25.1,6,25.2,2,2,2022-02-08 11:14:55
1644318930367738000,25.15,1,25.1,6,25.2,10,2,2022-02-08 11:15:30
1644318932902757000,25.2,2,25.1,6,25.2,8,1,2022-02-08 11:15:32
1644318932954861000,25.1,1,25.1,5,25.2,9,2,2022-02-08 11:15:32
1644318943144294000,25.15,1,25.1,14,25.2,12,1,2022-02-08 11:15:43
1644318946798926000,25.15,1,25.1,14,25.2,9,2,2022-02-08 11:15:46
1644318966344238000,25.15,2,25.15,1,25.2,9,2,2022-02-08 11:16:06
1644318966378241000,25.15,1,25.1,15,25.2,9,2,2022-02-08 11:16:06
1644318983479571000,25.1,10,25.1,9,25.2,9,2,2022-02-08 11:16:23
1644318998209860000,25.1,1,25.1,6,25.15,5,2,2022-02-08 11:16:38
1644319002514610000,25.1,1,25.1,6,25.15,5,2,2022-02-08 11:16:42
1644319007821309000,25.1,4,25.1,2,25.15,5,2,2022-02-08 11:16:47
1644319019770978000,25.1,2,25.05,22,25.15,5,2,2022-02-08 11:16:59
1644319022264731000,25.1,1,25.05,22,25.15,5,1,2022-02-08 11:17:02
1644319043056721000,25.1,2,25.05,22,25.1,3,2,2022-02-08 11:17:23
1644319043083406000,25.1,3,25.05,22,25.15,5,1,2022-02-08 11:17:23
1644319057206885000,25.1,1,25.05,22,25.15,8,1,2022-02-08 11:17:37
1644319070179778000,25.1,1,25.1,1,25.15,8,2,2022-02-08 11:17:50
1644319075592219000,25.1,2,25.05,23,25.15,8,2,2022-02-08 11:17:55
1644319084959733000,25.1,2,25.05,23,25.15,8,2,2022-02-08 11:18:04
1644319103726626000,25.15,1,25.05,26,25.15,7,1,2022-02-08 11:18:23
1644319143838690000,25.15,1,25.05,26,25.15,23,1,2022-02-08 11:19:03
1644319159693351000,25.1,2,25.05,28,25.15,21,2,2022-02-08 11:19:19
1644319183333014000,25.1,2,25.05,25,25.1,3,1,2022-02-08 11:19:43
1644319184443079000,25.05,1,25.05,24,25.1,3,2,2022-02-08 11:19:44
1644319201712899000,25.1,2,25.05,25,25.1,1,1,2022-02-08 11:20:01
1644319213902834000,25.1,3,25.05,25,25.15,22,2,2022-02-08 11:20:13
1644319216961645000,25.05,8,25.05,17,25.1,2,2,2022-02-08 11:20:16
1644319217527660000,25.05,2,25.05,15,25.1,2,2,2022-02-08 11:20:17
1644319217934145000,25.05,1,25.05,14,25.1,4,2,2022-02-08 11:20:17
1644319219418486000,25.05,1,25.05,13,25.1,4,2,2022-02-08 11:20:19
1644319230326591000,25.05,10,25.05,4,25.1,4,2,2022-02-08 11:20:30
1644319230360414000,25.05,3,25.05,1,25.1,4,2,2022-02-08 11:20:30
1644319230391254000,25.05,1,25.0,42,25.1,4,2,2022-02-08 11:20:30
1644319233497477000,25.05,1,25.0,42,25.1,5,2,2022-02-08 11:20:33
1644319237554865000,25.05,1,25.0,42,25.05,2,1,2022-02-08 11:20:37
1644319249142110000,25.0,30,25.0,9,25.1,10,2,2022-02-08 11:20:49
1644319249171894000,25.0,9,24.95,8,25.1,10,2,2022-02-08 11:20:49
1644319251242196000,25.05,1,24.95,8,25.1,10,2,2022-02-08 11:20:51
1644319263967337000,25.0,1,24.95,9,25.1,10,1,2022-02-08 11:21:03
1644319278509915000,25.0,1,24.9,75,25.1,10,2,2022-02-08 11:21:18
1644319278509915000,24.95,9,24.9,75,25.1,10,2,2022-02-08 11:21:18
1644319284148566000,24.95,1,24.95,1,25.1,10,2,2022-02-08 11:21:24
1644319295375689000,24.95,1,24.95,4,25.1,10,2,2022-02-08 11:21:35
1644319306452698000,24.95,2,24.95,2,25.05,3,2,2022-02-08 11:21:46
1644319321263514000,24.95,4,24.9,12,24.95,1,2,2022-02-08 11:22:01
1644319321780246000,24.95,1,24.9,10,25.05,3,1,2022-02-08 11:22:01
1644319327494128000,24.95,2,24.95,8,25.0,2,1,2022-02-08 11:22:07
1644319328199254000,24.95,3,24.95,5,25.0,2,2,2022-02-08 11:22:08
1644319368691902000,24.95,9,24.9,12,25.0,2,2,2022-02-08 11:22:48
1644319418089714000,24.9,5,24.9,8,24.95,5,2,2022-02-08 11:23:38
1644319422312258000,24.9,2,24.9,5,24.95,5,2,2022-02-08 11:23:42
1644319422331330000,24.9,5,24.85,7,24.95,5,2,2022-02-08 11:23:42
1644319445854106000,24.85,1,24.85,6,24.9,1,2,2022-02-08 11:24:05
1644319448942884000,24.85,1,24.85,5,24.95,5,2,2022-02-08 11:24:08
1644319449904062000,24.85,1,24.85,4,24.95,5,2,2022-02-08 11:24:09
1644319464854159000,24.85,1,24.85,2,24.9,1,2,2022-02-08 11:24:24
1644319471193715000,24.85,2,24.8,25,24.85,1,2,2022-02-08 11:24:31
1644319473014402000,24.85,1,24.85,2,24.9,1,1,2022-02-08 11:24:33
1644319477462124000,24.9,1,24.85,6,24.95,5,1,2022-02-08 11:24:37
1644319485551567000,24.95,2,24.85,7,24.95,3,1,2022-02-08 11:24:45
1644319519622778000,24.95,1,24.9,3,24.95,5,1,2022-02-08 11:25:19
1644319531862096000,24.95,1,24.9,3,24.95,4,1,2022-02-08 11:25:31
1644319537658001000,24.95,1,24.9,4,24.95,4,1,2022-02-08 11:25:37
1644319539968029000,24.95,1,24.9,5,24.95,3,1,2022-02-08 11:25:39
1644319543829911000,24.95,2,24.9,5,24.95,1,1,2022-02-08 11:25:43
1644319547813688000,24.95,1,24.95,2,25.0,7,1,2022-02-08 11:25:47
1644319569351302000,24.95,1,24.95,3,25.0,6,2,2022-02-08 11:26:09
1644319660806691000,25.0,3,24.95,10,25.0,4,1,2022-02-08 11:27:40
1644319661934704000,25.0,1,24.95,10,25.0,1,1,2022-02-08 11:27:41
1644319673151843000,25.0,1,24.95,9,25.0,2,1,2022-02-08 11:27:53
1644319676613995000,25.0,1,24.95,9,25.0,2,1,2022-02-08 11:27:56
1644319677773378000,25.0,1,24.95,9,25.0,1,1,2022-02-08 11:27:57
1644319687885771000,25.0,2,24.95,9,25.0,6,1,2022-02-08 11:28:07
1644319692431193000,25.0,1,24.95,9,25.0,5,1,2022-02-08 11:28:12
1644319708632651000,25.0,1,24.95,10,25.0,6,1,2022-02-08 11:28:28
1644319746921891000,25.0,1,24.95,10,25.0,8,1,2022-02-08 11:29:06
1644319754030781000,24.95,10,24.9,5,24.95,1,2,2022-02-08 11:29:14
1644319767025902000,24.95,1,24.9,5,25.0,10,1,2022-02-08 11:29:27
1644319769749135000,24.9,1,24.9,5,25.0,13,2,2022-02-08 11:29:29
1644319778758133000,24.9,2,24.9,1,25.0,13,2,2022-02-08 11:29:38
1644319805006424000,24.9,1,24.85,14,24.95,1,2,2022-02-08 11:30:05
1644319826812917000,24.85,13,24.8,25,24.85,7,2,2022-02-08 11:30:26
1644319855328736000,24.85,1,24.8,22,24.85,11,1,2022-02-08 11:30:55
1644319866750501000,24.85,1,24.8,22,24.85,11,1,2022-02-08 11:31:06
1644319881093301000,24.8,3,24.8,19,24.85,14,2,2022-02-08 11:31:21
1644319881116532000,24.8,7,24.8,12,24.85,14,2,2022-02-08 11:31:21
1644319883182763000,24.85,1,24.8,12,24.85,13,1,2022-02-08 11:31:23
1644319915839027000,24.8,1,24.8,15,24.85,10,2,2022-02-08 11:31:55
1644319919615080000,24.85,1,24.8,15,24.85,11,1,2022-02-08 11:31:59
1644319933438082000,24.8,2,24.8,13,24.85,13,2,2022-02-08 11:32:13
1644319942870698000,24.8,1,24.8,12,24.85,13,2,2022-02-08 11:32:22
1644319942899488000,24.8,6,24.8,6,24.85,13,2,2022-02-08 11:32:22
1644319949741178000,24.8,1,24.8,6,24.85,13,2,2022-02-08 11:32:29
1644319951797844000,24.8,2,24.8,4,24.85,13,2,2022-02-08 11:32:31
1644319951824703000,24.8,1,24.8,3,24.85,12,2,2022-02-08 11:32:31
1644319962333531000,24.8,3,24.75,21,24.8,2,2,2022-02-08 11:32:42
1644319963836626000,24.8,1,24.75,21,24.8,1,1,2022-02-08 11:32:43
1644319979519943000,24.75,1,24.75,20,24.8,12,2,2022-02-08 11:32:59
1644319997606704000,24.75,10,24.75,10,24.8,12,2,2022-02-08 11:33:17
1644319998839287000,24.75,2,24.75,8,24.8,14,2,2022-02-08 11:33:18
1644319999171427000,24.75,1,24.75,7,24.8,14,2,2022-02-08 11:33:19
1644320004308359000,24.75,3,24.75,4,24.8,14,2,2022-02-08 11:33:24
1644320006477331000,24.75,1,24.75,3,24.8,14,2,2022-02-08 11:33:26
1644320007670746000,24.75,3,24.7,16,24.8,14,2,2022-02-08 11:33:27
1644320047416733000,24.75,1,24.7,16,24.8,4,2,2022-02-08 11:34:07
1644320051159907000,24.7,3,24.7,13,24.8,4,2,2022-02-08 11:34:11
1644320069162211000,24.75,1,24.7,26,24.8,2,1,2022-02-08 11:34:29
1644320072383640000,24.7,2,24.7,26,24.8,2,2,2022-02-08 11:34:32
1644320078554154000,24.75,1,24.75,9,24.8,2,2,2022-02-08 11:34:38
1644320078851482000,24.75,2,24.75,7,24.8,2,2,2022-02-08 11:34:38
1644320097825848000,24.75,6,24.75,1,24.8,2,2,2022-02-08 11:34:57
1644320102356463000,24.75,1,24.7,31,24.75,9,2,2022-02-08 11:35:02
1644320102383968000,24.75,9,24.7,31,24.8,2,1,2022-02-08 11:35:02
1644320113849047000,24.75,1,24.7,31,24.8,4,2,2022-02-08 11:35:13
1644320120777007000,24.75,1,24.75,9,24.8,3,2,2022-02-08 11:35:20
1644320138589336000,24.8,1,24.75,10,24.8,2,1,2022-02-08 11:35:38
1644320147773980000,24.8,2,24.75,17,24.85,2,1,2022-02-08 11:35:47
1644320205225592000,24.8,2,24.8,1,24.85,8,2,2022-02-08 11:36:45
1644320248846964000,24.85,6,24.8,5,24.95,14,1,2022-02-08 11:37:28
1644320323590825000,24.85,2,24.85,3,24.9,2,2,2022-02-08 11:38:43
1644320355410111000,24.9,4,24.85,3,24.95,13,1,2022-02-08 11:39:15
1644320355410111000,24.95,2,24.85,3,24.95,13,1,2022-02-08 11:39:15
1644320397359543000,24.9,1,24.85,2,24.9,1,1,2022-02-08 11:39:57
1644320412732946000,24.9,1,24.85,2,24.95,16,1,2022-02-08 11:40:12
1644320413066699000,24.85,1,24.85,1,24.95,16,2,2022-02-08 11:40:13
1644320422850327000,24.85,3,24.8,8,24.9,2,2,2022-02-08 11:40:22
1644320446646655000,24.85,1,24.8,8,24.9,2,1,2022-02-08 11:40:46
1644320451711706000,24.8,8,24.75,37,24.8,1,2,2022-02-08 11:40:51
1644320461855827000,24.8,3,24.75,36,24.8,1,1,2022-02-08 11:41:01
1644320464707829000,24.75,1,24.75,35,24.8,1,2,2022-02-08 11:41:04
1644320493898199000,24.75,5,24.75,30,24.8,21,2,2022-02-08 11:41:33
1644320499122332000,24.75,14,24.75,16,24.8,23,2,2022-02-08 11:41:39
1644320506555141000,24.75,1,24.75,15,24.8,24,2,2022-02-08 11:41:46
1644320518398192000,24.75,1,24.75,14,24.8,23,2,2022-02-08 11:41:58
1644320536125680000,24.75,1,24.75,13,24.8,23,2,2022-02-08 11:42:16
1644320536644160000,24.75,1,24.75,12,24.8,21,2,2022-02-08 11:42:16
1644320536827342000,24.75,1,24.75,11,24.8,23,2,2022-02-08 11:42:16
1644320538128847000,24.75,1,24.75,10,24.8,21,2,2022-02-08 11:42:18
1644320539803352000,24.75,1,24.75,9,24.8,23,2,2022-02-08 11:42:19
1644320542000846000,24.75,1,24.75,8,24.8,21,2,2022-02-08 11:42:22
1644320544138461000,24.75,10,24.7,52,24.8,21,2,2022-02-08 11:42:24
1644320548521889000,24.7,1,24.7,51,24.8,2,2,2022-02-08 11:42:28
1644320549144007000,24.7,2,24.7,49,24.8,2,2,2022-02-08 11:42:29
1644320552770067000,24.75,1,24.7,49,24.8,2,1,2022-02-08 11:42:32
1644320554096286000,24.7,2,24.7,47,24.8,2,2,2022-02-08 11:42:34
1644320561779361000,24.7,1,24.7,46,24.8,2,2,2022-02-08 11:42:41
1644320566299341000,24.75,1,24.7,45,24.8,2,2,2022-02-08 11:42:46
1644320592125618000,24.8,2,24.75,1,24.8,4,1,2022-02-08 11:43:12
1644320678522119000,24.75,1,24.7,45,24.8,13,2,2022-02-08 11:44:38
1644320693659021000,24.75,2,24.7,43,24.8,13,1,2022-02-08 11:44:53
1644320714292290000,24.75,1,24.7,43,24.8,14,2,2022-02-08 11:45:14
1644320727570798000,24.8,4,24.7,41,24.8,28,1,2022-02-08 11:45:27
1644320747638304000,24.75,1,24.75,17,24.8,10,2,2022-02-08 11:45:47
1644320758927684000,24.8,1,24.75,17,24.8,9,1,2022-02-08 11:45:58
1644320774059961000,24.75,9,24.75,8,24.8,13,2,2022-02-08 11:46:14
1644320774100598000,24.75,2,24.75,6,24.8,13,2,2022-02-08 11:46:14
1644320798691734000,24.75,1,24.75,6,24.8,13,2,2022-02-08 11:46:38
1644320822697407000,24.75,2,24.75,3,24.8,16,2,2022-02-08 11:47:02
1644320824608465000,24.75,3,24.7,31,24.75,17,2,2022-02-08 11:47:04
1644320824630033000,24.7,11,24.7,20,24.75,17,2,2022-02-08 11:47:04
1644320852433791000,24.7,1,24.7,19,24.75,29,2,2022-02-08 11:47:32
1644320853424955000,24.7,2,24.7,17,24.75,29,2,2022-02-08 11:47:33
1644320877889500000,24.7,1,24.7,16,24.75,30,2,2022-02-08 11:47:57
1644320880041409000,24.7,1,24.7,15,24.75,30,2,2022-02-08 11:48:00
1644320883658107000,24.75,6,24.7,17,24.75,24,1,2022-02-08 11:48:03
1644320883669971000,24.75,6,24.7,17,24.75,18,1,2022-02-08 11:48:03
1644320883683220000,24.75,18,24.7,17,24.8,14,1,2022-02-08 11:48:03
1644320884074752000,24.8,6,24.75,2,24.8,8,1,2022-02-08 11:48:04
1644320884105764000,24.8,8,24.75,2,24.85,5,1,2022-02-08 11:48:04
1644320886500566000,24.85,4,24.8,2,24.9,8,1,2022-02-08 11:48:06
1644320899220548000,24.85,1,24.8,2,24.9,11,2,2022-02-08 11:48:19
1644320944996173000,24.85,1,24.8,2,24.85,2,1,2022-02-08 11:49:04
1644320959881413000,24.8,1,24.75,4,24.85,3,2,2022-02-08 11:49:19
1644320980100306000,24.8,1,24.75,6,24.85,3,1,2022-02-08 11:49:40
1644321013608509000,24.8,1,24.8,2,24.85,3,2,2022-02-08 11:50:13
1644321017714099000,24.8,1,24.8,1,24.85,3,2,2022-02-08 11:50:17
1644321037493169000,24.85,1,24.8,2,24.85,2,1,2022-02-08 11:50:37
1644321066682943000,24.85,2,24.8,3,24.85,6,1,2022-02-08 11:51:06
1644321081618654000,24.85,2,24.8,4,24.85,2,1,2022-02-08 11:51:21
1644321089893114000,24.8,4,24.75,4,24.85,4,2,2022-02-08 11:51:29
1644321171330147000,24.8,1,24.75,10,24.85,7,1,2022-02-08 11:52:51
1644321220922760000,24.8,5,24.75,10,24.8,3,2,2022-02-08 11:53:40
1644321241573860000,24.8,1,24.75,11,24.8,2,1,2022-02-08 11:54:01
1644321342365396000,24.8,2,24.75,19,24.8,4,1,2022-02-08 11:55:42
1644321367466458000,24.75,2,24.75,17,24.8,5,2,2022-02-08 11:56:07
1644321390152872000,24.75,1,24.75,16,24.8,6,2,2022-02-08 11:56:30
1644321405270440000,24.75,1,24.75,15,24.8,8,2,2022-02-08 11:56:45
1644321504654518000,24.75,6,24.75,12,24.8,9,2,2022-02-08 11:58:24
1644321670016603000,24.75,1,24.75,17,24.8,12,2,2022-02-08 12:01:10
1644321717095890000,24.75,4,24.75,14,24.8,13,2,2022-02-08 12:01:57
1644321743109643000,24.8,13,24.75,14,24.85,26,1,2022-02-08 12:02:23
1644321816793239000,24.85,2,24.8,5,24.85,23,1,2022-02-08 12:03:36
1644321847347144000,24.85,1,24.8,9,24.85,22,1,2022-02-08 12:04:07
1644321855218694000,24.85,1,24.8,10,24.85,21,1,2022-02-08 12:04:15
1644321855852441000,24.85,1,24.8,10,24.85,21,1,2022-02-08 12:04:15
1644321889497123000,24.85,1,24.8,10,24.85,21,1,2022-02-08 12:04:49
1644321939276314000,24.85,1,24.8,10,24.85,25,1,2022-02-08 12:05:39
1644321942283484000,24.8,10,24.75,16,24.8,1,2,2022-02-08 12:05:42
1644321962574755000,24.8,1,24.75,13,24.85,25,1,2022-02-08 12:06:02
1644321984967779000,24.75,12,24.7,21,24.8,9,2,2022-02-08 12:06:24
1644322019897384000,24.7,3,24.7,18,24.75,2,2,2022-02-08 12:06:59
1644322055167686000,24.7,1,24.7,8,24.75,2,2,2022-02-08 12:07:35
1644322058309295000,24.7,3,24.7,5,24.75,2,2,2022-02-08 12:07:38
1644322060126288000,24.75,1,24.7,5,24.75,1,1,2022-02-08 12:07:40
1644322084592052000,24.7,1,24.7,4,24.75,1,2,2022-02-08 12:08:04
1644322085354727000,24.7,1,24.7,3,24.8,13,2,2022-02-08 12:08:05
1644322102106672000,24.7,1,24.7,4,24.75,1,2,2022-02-08 12:08:22
1644322150550446000,24.7,3,24.7,1,24.8,16,2,2022-02-08 12:09:10
1644322169679801000,24.75,1,24.7,3,24.8,15,1,2022-02-08 12:09:29
1644322253753583000,24.7,1,24.7,2,24.75,1,2,2022-02-08 12:10:53
1644322256450792000,24.7,1,24.7,1,24.8,15,2,2022-02-08 12:10:56
1644322304983983000,24.7,1,24.65,26,24.75,1,2,2022-02-08 12:11:44
1644322530118356000,24.7,2,24.65,19,24.7,2,2,2022-02-08 12:15:30
1644322581197887000,24.65,13,24.65,2,24.7,2,2,2022-02-08 12:16:21
1644322581364639000,24.65,2,24.6,56,24.7,5,2,2022-02-08 12:16:21
1644322581364639000,24.6,1,24.6,56,24.7,5,2,2022-02-08 12:16:21
1644322587397065000,24.65,2,24.6,54,24.7,3,1,2022-02-08 12:16:27
1644322587400409000,24.6,1,24.6,53,24.7,3,2,2022-02-08 12:16:27
1644322590821556000,24.6,2,24.6,53,24.7,15,2,2022-02-08 12:16:30
1644322606660878000,24.7,2,24.6,53,24.7,14,1,2022-02-08 12:16:46
1644322630970668000,24.65,1,24.6,56,24.7,16,1,2022-02-08 12:17:10
1644322703195352000,24.65,1,24.6,58,24.65,14,1,2022-02-08 12:18:23
1644322703207093000,24.65,14,24.6,58,24.7,17,1,2022-02-08 12:18:23
1644322721230220000,24.7,1,24.6,58,24.7,16,1,2022-02-08 12:18:41
1644322777394999000,24.6,1,24.6,58,24.7,33,2,2022-02-08 12:19:37
1644322781665171000,24.6,1,24.6,57,24.7,33,2,2022-02-08 12:19:41
1644322804537789000,24.65,1,24.6,57,24.7,31,2,2022-02-08 12:20:04
1644322840016313000,24.65,1,24.65,4,24.7,34,1,2022-02-08 12:20:40
1644322861101348000,24.65,5,24.6,56,24.7,35,2,2022-02-08 12:21:01
1644322878381351000,24.65,1,24.6,54,24.7,37,2,2022-02-08 12:21:18
1644322897711718000,24.65,1,24.6,57,24.65,1,2,2022-02-08 12:21:37
1644322927487324000,24.65,1,24.6,59,24.65,1,1,2022-02-08 12:22:07
1644322936120716000,24.65,1,24.6,59,24.65,4,1,2022-02-08 12:22:16
1644322936151315000,24.65,4,24.6,59,24.7,35,1,2022-02-08 12:22:16
1644322951482841000,24.6,2,24.6,57,24.7,35,2,2022-02-08 12:22:31
1644322986399832000,24.6,2,24.6,56,24.65,2,2,2022-02-08 12:23:06
1644323017871054000,24.6,1,24.6,55,24.65,2,2,2022-02-08 12:23:37
1644323022721954000,24.6,2,24.6,53,24.65,2,2,2022-02-08 12:23:42
1644323066365926000,24.6,1,24.6,60,24.65,23,2,2022-02-08 12:24:26
1644323128683587000,24.6,1,24.6,58,24.65,24,2,2022-02-08 12:25:28
1644323130989152000,24.6,1,24.6,57,24.65,24,2,2022-02-08 12:25:30
1644323138947142000,24.6,1,24.6,55,24.65,24,2,2022-02-08 12:25:38
1644323214990502000,24.65,10,24.6,53,24.65,16,1,2022-02-08 12:26:54
1644323215015736000,24.65,16,24.6,53,24.7,34,1,2022-02-08 12:26:55
1644323260379836000,24.65,1,24.65,6,24.7,31,2,2022-02-08 12:27:40
1644323262630169000,24.65,1,24.65,5,24.7,33,2,2022-02-08 12:27:42
1644323268662802000,24.65,1,24.65,4,24.7,33,2,2022-02-08 12:27:48
1644323275733651000,24.65,3,24.65,1,24.7,33,2,2022-02-08 12:27:55
1644323276028807000,24.65,1,24.6,48,24.7,33,2,2022-02-08 12:27:56
1644323326238856000,24.65,1,24.65,2,24.7,31,2,2022-02-08 12:28:46
1644323329298598000,24.65,1,24.65,1,24.7,31,2,2022-02-08 12:28:49
1644323342047146000,24.65,1,24.6,48,24.7,31,2,2022-02-08 12:29:02
1644323364561341000,24.65,1,24.6,48,24.7,31,1,2022-02-08 12:29:24
1644323382187407000,24.7,1,24.6,47,24.7,31,1,2022-02-08 12:29:42
1644323441272543000,24.7,1,24.65,5,24.7,19,1,2022-02-08 12:30:41
1644323452283192000,24.65,1,24.65,5,24.7,19,2,2022-02-08 12:30:52
1644323459142888000,24.7,2,24.65,5,24.7,17,1,2022-02-08 12:30:59
1644323581934329000,24.65,3,24.65,9,24.7,20,2,2022-02-08 12:33:01
1644323601924837000,24.65,1,24.65,12,24.7,19,2,2022-02-08 12:33:21
1644323608036020000,24.65,1,24.65,12,24.7,18,2,2022-02-08 12:33:28
1644323638295943000,24.65,1,24.65,11,24.7,18,2,2022-02-08 12:33:58
1644323657625652000,24.7,2,24.65,11,24.7,16,1,2022-02-08 12:34:17
1644323665752409000,24.65,1,24.65,12,24.7,16,2,2022-02-08 12:34:25
1644323692622587000,24.65,1,24.65,9,24.7,16,2,2022-02-08 12:34:52
1644323753984765000,24.65,1,24.65,9,24.7,16,2,2022-02-08 12:35:53
1644323756049653000,24.7,1,24.65,9,24.7,17,1,2022-02-08 12:35:56
1644323815880809000,24.65,4,24.65,6,24.7,18,2,2022-02-08 12:36:55
1644323837808531000,24.65,1,24.65,9,24.7,19,2,2022-02-08 12:37:17
1644323839848057000,24.65,1,24.65,8,24.7,18,2,2022-02-08 12:37:19
1644323840677908000,24.65,1,24.65,7,24.7,18,2,2022-02-08 12:37:20
1644323842574023000,24.65,1,24.65,6,24.7,18,2,2022-02-08 12:37:22
1644323844268792000,24.65,1,24.65,5,24.7,17,2,2022-02-08 12:37:24
1644323845836792000,24.65,1,24.65,4,24.7,17,2,2022-02-08 12:37:25
1644323892061010000,24.65,1,24.65,8,24.7,18,2,2022-02-08 12:38:12
1644323900581546000,24.65,2,24.65,6,24.7,20,2,2022-02-08 12:38:20
1644323900581565000,24.65,6,24.6,135,24.7,20,2,2022-02-08 12:38:20
1644323941285960000,24.6,2,24.6,133,24.65,8,2,2022-02-08 12:39:01
1644323947720757000,24.6,13,24.6,170,24.65,8,2,2022-02-08 12:39:07
1644323951555799000,24.6,13,24.6,157,24.65,8,2,2022-02-08 12:39:11
1644323956306952000,24.6,13,24.6,144,24.65,9,2,2022-02-08 12:39:16
1644323983429422000,24.6,1,24.6,143,24.65,10,2,2022-02-08 12:39:43
1644323986391080000,24.6,1,24.6,142,24.65,10,2,2022-02-08 12:39:46
