ts,close,volume,bid_price,bid_volume,ask_price,ask_volume,tick_type,datetime
1644310922186731000,214.0,472,214.0,84,214.5,71,1,2022-02-08 09:02:02
1644310922261116000,214.0,29,214.0,55,214.5,68,2,2022-02-08 09:02:02
1644310922269419000,214.0,42,214.0,13,214.5,68,2,2022-02-08 09:02:02
1644310922305857000,214.5,1,214.0,13,214.5,67,1,2022-02-08 09:02:02
1644310922329124000,214.5,2,214.0,13,214.5,66,1,2022-02-08 09:02:02
1644310922339217000,214.0,1,214.0,12,214.5,69,2,2022-02-08 09:02:02
1644310922341025000,214.0,1,214.0,11,214.5,69,2,2022-02-08 09:02:02
1644310922341144000,214.0,1,214.0,10,214.5,69,2,2022-02-08 09:02:02
1644310922342899000,214.0,1,214.0,9,214.5,69,2,2022-02-08 09:02:02
1644310922401988000,214.5,1,214.0,9,214.5,68,1,2022-02-08 09:02:02
1644310922439749000,214.0,1,214.0,8,214.5,68,2,2022-02-08 09:02:02
1644310922588582000,214.0,4,214.0,4,214.5,68,2,2022-02-08 09:02:02
1644310922951727000,214.0,5,213.5,71,214.5,68,2,2022-02-08 09:02:02
1644310922994908000,214.0,1,213.5,72,214.0,9,1,2022-02-08 09:02:02
1644310923019007000,214.0,9,213.5,72,214.5,65,1,2022-02-08 09:02:03
1644310923825422000,214.0,1,213.5,73,214.5,65,2,2022-02-08 09:02:03
1644310924216933000,214.5,1,214.0,1,214.5,64,1,2022-02-08 09:02:04
1644310925447867000,214.5,1,214.0,1,214.5,64,1,2022-02-08 09:02:05
1644310925786084000,214.0,1,213.5,74,214.5,64,2,2022-02-08 09:02:05
1644310926689366000,214.0,1,213.5,73,214.5,64,1,2022-02-08 09:02:06
1644310926914591000,214.0,1,213.5,73,214.5,64,2,2022-02-08 09:02:06
1644310927154133000,214.0,2,214.0,1,214.5,64,2,2022-02-08 09:02:07
1644310927194720000,214.5,1,214.0,1,214.5,63,1,2022-02-08 09:02:07
1644310927704809000,214.5,10,214.0,1,214.5,53,1,2022-02-08 09:02:07
1644310928496195000,214.5,10,214.0,10,214.5,44,1,2022-02-08 09:02:08
1644310928525478000,214.5,42,214.0,10,214.5,2,1,2022-02-08 09:02:08
1644310928546033000,214.5,2,214.0,11,215.0,44,1,2022-02-08 09:02:08
1644310928653753000,214.0,1,214.0,10,215.0,44,2,2022-02-08 09:02:08
1644310928780344000,214.0,13,213.5,74,214.0,37,2,2022-02-08 09:02:08
1644310928812042000,214.0,37,213.5,74,215.0,44,1,2022-02-08 09:02:08
1644310928815396000,213.5,1,213.5,73,215.0,44,2,2022-02-08 09:02:08
1644310928836817000,215.0,10,213.5,73,215.0,34,1,2022-02-08 09:02:08
1644310928872745000,214.0,1,213.5,73,214.5,5,1,2022-02-08 09:02:08
1644310928998516000,214.0,1,214.0,1,214.5,5,2,2022-02-08 09:02:08
1644310929135528000,214.5,4,214.0,6,214.5,1,1,2022-02-08 09:02:09
1644310929244637000,214.5,1,214.0,6,215.0,33,1,2022-02-08 09:02:09
1644310929307429000,214.5,1,214.0,6,215.0,33,2,2022-02-08 09:02:09
1644310929852227000,215.0,1,214.5,2,215.0,37,1,2022-02-08 09:02:09
1644310929868677000,215.0,1,214.5,2,215.0,36,1,2022-02-08 09:02:09
1644310929933065000,214.5,1,214.5,1,215.0,36,2,2022-02-08 09:02:09
1644310930022149000,214.5,1,214.0,10,215.0,36,2,2022-02-08 09:02:10
1644310930025851000,215.0,5,214.0,10,215.0,31,1,2022-02-08 09:02:10
1644310930822583000,214.0,1,214.0,12,215.0,32,2,2022-02-08 09:02:10
1644310930861936000,214.0,12,213.5,73,215.0,32,2,2022-02-08 09:02:10
1644310931321696000,214.5,1,213.5,73,215.0,32,2,2022-02-08 09:02:11
1644310931375094000,214.5,1,213.5,73,215.0,32,2,2022-02-08 09:02:11
1644310931605340000,214.0,1,213.5,73,215.0,14,1,2022-02-08 09:02:11
1644310931605340000,214.5,1,213.5,73,215.0,14,1,2022-02-08 09:02:11
1644310931605340000,215.0,18,213.5,73,215.0,14,1,2022-02-08 09:02:11
1644310931832828000,214.5,5,213.5,73,215.0,15,2,2022-02-08 09:02:11
1644310932199366000,215.0,2,214.5,1,215.0,13,1,2022-02-08 09:02:12
1644310932699272000,215.0,1,214.5,4,215.0,12,1,2022-02-08 09:02:12
1644310934019593000,214.5,2,214.5,9,215.0,16,2,2022-02-08 09:02:14
1644310934373946000,215.0,5,214.5,9,215.0,12,1,2022-02-08 09:02:14
1644310934404900000,215.0,10,214.5,10,215.0,2,1,2022-02-08 09:02:14
1644310934426021000,214.5,10,214.0,23,215.0,2,2,2022-02-08 09:02:14
1644310934958685000,214.5,1,214.0,25,214.5,1,2,2022-02-08 09:02:14
1644310935139400000,214.5,1,214.0,76,215.0,5,1,2022-02-08 09:02:15
1644310935471999000,215.0,1,214.0,78,215.0,4,1,2022-02-08 09:02:15
1644310935615802000,215.0,1,214.5,1,215.0,3,1,2022-02-08 09:02:15
1644310935691400000,215.0,1,214.5,2,215.0,2,1,2022-02-08 09:02:15
1644310935745239000,214.5,2,214.0,78,214.5,18,2,2022-02-08 09:02:15
1644310935805878000,214.0,1,214.0,77,214.5,18,2,2022-02-08 09:02:15
1644310935819126000,214.5,1,214.0,77,214.5,17,1,2022-02-08 09:02:15
1644310935884341000,214.5,1,214.0,77,214.5,16,1,2022-02-08 09:02:15
1644310935979268000,214.5,4,214.0,77,214.5,12,1,2022-02-08 09:02:15
1644310936065889000,214.5,1,214.0,78,214.5,11,1,2022-02-08 09:02:16
1644310936136071000,214.5,4,214.0,78,214.5,7,1,2022-02-08 09:02:16
1644310936147118000,214.5,1,214.0,78,214.5,6,1,2022-02-08 09:02:16
1644310936189259000,214.5,1,214.0,78,214.5,7,1,2022-02-08 09:02:16
1644310936414789000,214.5,1,214.0,81,214.5,6,1,2022-02-08 09:02:16
1644310936440124000,214.5,1,214.0,81,214.5,5,1,2022-02-08 09:02:16
1644310936520180000,214.0,1,214.0,80,214.5,5,2,2022-02-08 09:02:16
1644310936598117000,214.5,1,214.0,80,214.5,4,1,2022-02-08 09:02:16
1644310936622375000,214.5,1,214.0,80,214.5,3,1,2022-02-08 09:02:16
1644310936657649000,214.0,1,214.0,79,214.5,3,2,2022-02-08 09:02:16
1644310936677723000,214.5,2,214.0,79,214.5,1,1,2022-02-08 09:02:16
1644310937160155000,214.5,1,214.0,80,215.0,3,1,2022-02-08 09:02:17
1644310937187535000,215.0,1,214.5,2,215.0,2,1,2022-02-08 09:02:17
1644310937351362000,215.0,6,215.0,4,215.5,29,1,2022-02-08 09:02:17
1644310937378812000,215.0,3,215.0,1,215.5,29,2,2022-02-08 09:02:17
1644310937399451000,215.0,1,214.5,2,215.5,29,2,2022-02-08 09:02:17
1644310937478682000,214.5,1,214.5,1,215.5,27,2,2022-02-08 09:02:17
1644310937526143000,215.0,1,214.5,1,215.5,27,2,2022-02-08 09:02:17
1644310937837069000,215.5,1,214.5,1,215.5,34,1,2022-02-08 09:02:17
1644310937947009000,215.0,1,214.5,3,215.5,34,2,2022-02-08 09:02:17
1644310938304197000,215.0,1,214.5,15,215.5,34,1,2022-02-08 09:02:18
1644310938754664000,214.5,22,214.5,2,215.0,11,2,2022-02-08 09:02:18
1644310938829645000,215.0,2,214.5,2,215.0,9,1,2022-02-08 09:02:18
1644310938854085000,214.5,2,214.5,2,215.0,9,2,2022-02-08 09:02:18
1644310938960460000,215.0,1,214.5,2,215.0,8,1,2022-02-08 09:02:18
1644310939469417000,214.5,1,214.5,5,215.0,8,2,2022-02-08 09:02:19
1644310939643351000,214.5,1,214.5,4,215.0,8,2,2022-02-08 09:02:19
1644310940151443000,215.0,1,214.5,7,215.0,7,1,2022-02-08 09:02:20
1644310940465438000,215.0,3,214.5,7,215.0,5,1,2022-02-08 09:02:20
1644310940988045000,215.0,1,214.5,12,215.0,27,1,2022-02-08 09:02:20
1644310941263723000,215.0,5,214.5,15,215.0,32,1,2022-02-08 09:02:21
1644310941905248000,214.5,1,214.5,37,215.0,34,2,2022-02-08 09:02:21
1644310942175043000,215.0,1,214.5,40,215.0,33,1,2022-02-08 09:02:22
1644310942399618000,215.0,10,214.5,41,215.0,24,1,2022-02-08 09:02:22
1644310942546504000,215.0,3,214.5,43,215.0,21,1,2022-02-08 09:02:22
1644310943026335000,215.0,1,214.5,62,215.0,20,1,2022-02-08 09:02:23
1644310943248665000,215.0,1,214.5,62,215.0,20,1,2022-02-08 09:02:23
1644310943284731000,215.0,1,214.5,62,215.0,19,1,2022-02-08 09:02:23
1644310943455669000,215.0,1,214.5,63,215.0,18,1,2022-02-08 09:02:23
1644310943931949000,215.0,1,214.5,68,215.0,38,1,2022-02-08 09:02:23
1644310943950679000,215.0,1,214.5,68,215.0,37,1,2022-02-08 09:02:23
1644310944054914000,215.0,1,214.5,72,215.0,36,1,2022-02-08 09:02:24
1644310944120330000,215.0,1,214.5,72,215.0,35,1,2022-02-08 09:02:24
1644310944414882000,215.0,1,214.5,74,215.0,34,1,2022-02-08 09:02:24
1644310944425219000,215.0,1,214.5,74,215.0,33,1,2022-02-08 09:02:24
1644310944528999000,215.0,1,214.5,74,215.0,32,1,2022-02-08 09:02:24
1644310944951778000,215.0,1,214.5,80,215.0,31,1,2022-02-08 09:02:24
1644310944980263000,215.0,1,214.5,80,215.0,30,1,2022-02-08 09:02:24
1644310944996424000,215.0,20,214.5,80,215.0,10,1,2022-02-08 09:02:24
1644310945223782000,215.0,1,214.5,82,215.0,9,1,2022-02-08 09:02:25
1644310945553525000,215.0,1,214.5,82,215.0,8,1,2022-02-08 09:02:25
1644310945737789000,215.0,1,214.5,82,215.0,7,1,2022-02-08 09:02:25
1644310945778242000,215.0,7,214.5,83,215.5,33,1,2022-02-08 09:02:25
1644310945778242000,215.5,13,214.5,83,215.5,33,1,2022-02-08 09:02:25
1644310945849069000,215.0,1,215.0,1,215.5,33,2,2022-02-08 09:02:25
1644310945878885000,215.5,2,215.0,1,215.5,31,1,2022-02-08 09:02:25
1644310946853610000,215.0,1,215.0,6,215.5,32,2,2022-02-08 09:02:26
1644310946928245000,215.5,1,215.0,6,215.5,31,1,2022-02-08 09:02:26
1644310946947960000,215.0,1,215.0,5,215.5,31,2,2022-02-08 09:02:26
1644310947086986000,215.0,15,215.0,3,215.5,31,2,2022-02-08 09:02:27
1644310947287514000,215.5,1,215.0,3,215.5,30,1,2022-02-08 09:02:27
1644310947900716000,215.5,2,215.0,5,215.5,28,1,2022-02-08 09:02:27
1644310948228181000,215.0,1,215.0,6,215.5,28,2,2022-02-08 09:02:28
1644310948808501000,215.5,1,215.0,19,215.5,27,1,2022-02-08 09:02:28
1644310949264034000,215.0,10,215.0,14,215.5,27,2,2022-02-08 09:02:29
1644310949350153000,215.5,5,215.0,15,215.5,22,1,2022-02-08 09:02:29
1644310949470695000,215.5,1,215.0,15,215.5,21,1,2022-02-08 09:02:29
1644310949733011000,215.5,1,215.0,18,215.5,21,1,2022-02-08 09:02:29
1644310949875645000,215.5,1,215.0,21,215.5,20,1,2022-02-08 09:02:29
1644310949988199000,215.5,2,215.0,23,215.5,18,1,2022-02-08 09:02:29
1644310950512476000,215.5,2,215.0,129,215.5,16,1,2022-02-08 09:02:30
1644310950541181000,215.5,1,215.0,129,215.5,15,1,2022-02-08 09:02:30
1644310950658860000,215.5,1,215.0,130,215.5,14,1,2022-02-08 09:02:30
1644310951020033000,215.5,10,215.0,132,215.5,5,1,2022-02-08 09:02:31
1644310951244574000,215.5,2,215.0,132,215.5,3,1,2022-02-08 09:02:31
1644310951628170000,215.5,3,215.5,1,216.0,36,1,2022-02-08 09:02:31
1644310951920271000,215.5,2,215.0,126,216.0,39,2,2022-02-08 09:02:31
1644310951920271000,215.0,7,215.0,126,216.0,39,2,2022-02-08 09:02:31
1644310951937166000,216.0,3,215.5,1,216.0,36,1,2022-02-08 09:02:31
1644310951952770000,215.5,1,215.0,127,216.0,36,2,2022-02-08 09:02:31
1644310952062679000,215.5,1,215.0,130,216.0,36,1,2022-02-08 09:02:32
1644310952162489000,216.0,1,215.0,132,216.0,35,1,2022-02-08 09:02:32
1644310952287147000,215.0,1,215.0,132,216.0,35,2,2022-02-08 09:02:32
1644310952311999000,216.0,1,215.0,133,216.0,34,1,2022-02-08 09:02:32
1644310952551076000,215.5,1,215.5,3,216.0,34,2,2022-02-08 09:02:32
1644310952556525000,216.0,6,215.5,3,216.0,28,1,2022-02-08 09:02:32
1644310953422224000,216.0,1,215.5,9,216.0,27,1,2022-02-08 09:02:33
1644310953766824000,216.0,1,215.5,12,216.0,27,1,2022-02-08 09:02:33
1644310953882566000,216.0,1,215.5,12,216.0,26,1,2022-02-08 09:02:33
1644310954209870000,215.5,1,215.5,16,216.0,26,2,2022-02-08 09:02:34
1644310954571080000,216.0,5,215.5,18,216.0,21,1,2022-02-08 09:02:34
1644310954578564000,216.0,1,215.5,18,216.0,20,1,2022-02-08 09:02:34
1644310955145900000,215.5,1,215.5,24,216.0,20,2,2022-02-08 09:02:35
1644310955163487000,216.0,2,215.5,24,216.0,18,1,2022-02-08 09:02:35
1644310955510528000,216.0,1,215.5,23,216.0,17,1,2022-02-08 09:02:35
1644310955515561000,216.0,1,215.5,23,216.0,16,1,2022-02-08 09:02:35
1644310955589823000,216.0,2,215.5,25,216.0,14,1,2022-02-08 09:02:35
1644310955768985000,216.0,1,215.5,26,216.0,13,1,2022-02-08 09:02:35
1644310955769543000,216.0,1,215.5,26,216.0,12,1,2022-02-08 09:02:35
1644310955896942000,216.0,1,215.5,29,216.0,11,1,2022-02-08 09:02:35
1644310955902394000,216.0,1,215.5,29,216.0,10,1,2022-02-08 09:02:35
1644310955927320000,216.0,2,215.5,29,216.0,8,1,2022-02-08 09:02:35
1644310955939737000,216.0,1,215.5,29,216.0,7,1,2022-02-08 09:02:35
1644310956040675000,216.0,1,215.5,30,216.0,6,1,2022-02-08 09:02:36
1644310956253212000,216.0,1,215.5,31,216.0,5,1,2022-02-08 09:02:36
1644310956265349000,216.0,2,215.5,31,216.0,3,1,2022-02-08 09:02:36
1644310956315103000,216.0,2,215.5,32,216.0,1,1,2022-02-08 09:02:36
1644310956344274000,216.0,1,215.5,32,216.5,22,1,2022-02-08 09:02:36
1644310956470652000,216.5,2,215.5,32,216.5,22,1,2022-02-08 09:02:36
1644310956681246000,216.0,1,215.5,34,216.5,22,2,2022-02-08 09:02:36
1644310956831365000,216.5,2,216.0,1,216.5,20,1,2022-02-08 09:02:36
1644310956859416000,216.0,1,215.5,35,216.5,20,2,2022-02-08 09:02:36
1644310956972705000,216.5,2,215.5,35,216.5,18,1,2022-02-08 09:02:36
1644310957084502000,216.0,1,215.5,37,216.5,19,2,2022-02-08 09:02:37
1644310957127502000,215.5,37,215.0,162,216.0,5,2,2022-02-08 09:02:37
1644310957142176000,216.0,1,215.0,162,216.0,4,1,2022-02-08 09:02:37
1644310957146515000,216.0,1,215.0,162,216.0,3,1,2022-02-08 09:02:37
1644310957167205000,215.5,1,215.0,162,216.0,5,1,2022-02-08 09:02:37
1644310957183318000,215.5,1,215.0,162,216.0,5,1,2022-02-08 09:02:37
1644310957306803000,216.0,1,215.5,4,216.0,4,1,2022-02-08 09:02:37
1644310957306943000,216.0,1,215.5,4,216.0,3,1,2022-02-08 09:02:37
1644310957317545000,216.0,3,215.5,4,216.5,19,1,2022-02-08 09:02:37
1644310957861959000,216.0,2,215.5,10,216.0,3,1,2022-02-08 09:02:37
1644310957877444000,216.0,3,216.0,7,216.5,19,1,2022-02-08 09:02:37
1644310957911622000,216.0,7,215.5,11,216.5,17,2,2022-02-08 09:02:37
1644310958069741000,216.0,1,215.5,11,216.5,17,1,2022-02-08 09:02:38
1644310958429009000,216.0,4,215.5,13,216.0,3,1,2022-02-08 09:02:38
1644310958495818000,215.5,1,215.5,12,216.0,3,2,2022-02-08 09:02:38
1644310958562199000,216.0,1,215.5,13,216.0,7,1,2022-02-08 09:02:38
1644310958594975000,216.0,1,215.5,13,216.0,6,1,2022-02-08 09:02:38
1644310958737214000,216.0,1,215.5,16,216.0,5,1,2022-02-08 09:02:38
1644310958748098000,216.0,1,215.5,16,216.0,4,1,2022-02-08 09:02:38
1644310958833341000,216.0,1,215.5,16,216.0,9,1,2022-02-08 09:02:38
1644310959129622000,215.5,1,215.5,22,216.0,14,2,2022-02-08 09:02:39
1644310959174488000,215.5,1,215.5,21,216.0,14,2,2022-02-08 09:02:39
1644310959314531000,216.0,1,215.5,22,216.0,13,1,2022-02-08 09:02:39
1644310959571040000,216.0,2,215.5,25,216.0,34,1,2022-02-08 09:02:39
1644310959710666000,215.5,1,215.5,24,216.0,34,2,2022-02-08 09:02:39
1644310959716381000,216.0,1,215.5,24,216.0,33,1,2022-02-08 09:02:39
1644310959764596000,216.0,1,215.5,27,216.0,32,1,2022-02-08 09:02:39
1644310959937426000,216.0,1,215.5,29,216.0,31,1,2022-02-08 09:02:39
1644310960130160000,216.0,1,215.5,92,216.0,30,1,2022-02-08 09:02:40
1644310960318969000,216.0,1,215.5,92,216.0,30,1,2022-02-08 09:02:40
1644310960355130000,216.0,1,215.5,92,216.0,29,1,2022-02-08 09:02:40
1644310960467480000,216.0,1,215.5,92,216.0,29,1,2022-02-08 09:02:40
1644310960798573000,216.0,1,215.5,99,216.0,122,1,2022-02-08 09:02:40
1644310961014744000,216.0,1,215.5,101,216.0,125,1,2022-02-08 09:02:41
1644310961023665000,216.0,1,215.5,101,216.0,124,1,2022-02-08 09:02:41
1644310961089277000,216.0,1,215.5,101,216.0,123,1,2022-02-08 09:02:41
1644310961154913000,216.0,1,215.5,102,216.0,122,1,2022-02-08 09:02:41
1644310961186918000,216.0,1,215.5,107,216.0,121,1,2022-02-08 09:02:41
1644310961413082000,215.5,5,215.5,103,216.0,122,2,2022-02-08 09:02:41
1644310961445552000,215.5,1,215.5,102,216.0,122,2,2022-02-08 09:02:41
1644310961445639000,215.5,1,215.5,101,216.0,122,2,2022-02-08 09:02:41
1644310961446710000,215.5,1,215.5,100,216.0,122,2,2022-02-08 09:02:41
1644310961807748000,215.5,15,215.5,85,216.0,123,2,2022-02-08 09:02:41
1644310961836717000,215.5,81,215.5,4,216.0,123,2,2022-02-08 09:02:41
1644310961838437000,215.5,2,215.5,2,216.0,123,2,2022-02-08 09:02:41
1644310961839705000,215.5,1,215.5,1,216.0,123,2,2022-02-08 09:02:41
1644310961840463000,215.5,1,215.0,110,216.0,123,2,2022-02-08 09:02:41
1644310961880422000,215.5,2,215.0,110,215.5,1,1,2022-02-08 09:02:41
1644310961935397000,215.5,1,215.0,110,215.5,1,1,2022-02-08 09:02:41
1644310962084909000,215.5,1,215.0,110,216.0,123,1,2022-02-08 09:02:42
1644310962158929000,216.0,1,215.0,110,216.0,122,1,2022-02-08 09:02:42
1644310962257413000,215.5,2,215.0,110,215.5,3,1,2022-02-08 09:02:42
1644310962308692000,215.5,1,215.0,110,215.5,17,1,2022-02-08 09:02:42
1644310962516076000,215.5,1,215.0,112,215.5,22,1,2022-02-08 09:02:42
1644310962647978000,215.5,1,215.0,112,215.5,27,1,2022-02-08 09:02:42
1644310962680239000,215.5,1,215.0,112,215.5,26,1,2022-02-08 09:02:42
1644310962893425000,215.5,5,215.0,112,215.5,24,1,2022-02-08 09:02:42
1644310962960485000,215.0,1,215.0,111,215.5,24,2,2022-02-08 09:02:42
1644310963005816000,215.5,3,215.0,113,215.5,22,1,2022-02-08 09:02:43
1644310963007386000,215.5,1,215.0,113,215.5,21,1,2022-02-08 09:02:43
1644310963155584000,215.5,21,215.0,89,216.0,115,1,2022-02-08 09:02:43
1644310963155584000,216.0,9,215.0,89,216.0,115,1,2022-02-08 09:02:43
1644310963229396000,216.0,1,215.0,90,216.0,114,1,2022-02-08 09:02:43
1644310963396375000,215.5,1,215.0,90,215.5,4,2,2022-02-08 09:02:43
1644310963439843000,215.5,1,215.0,90,215.5,3,1,2022-02-08 09:02:43
1644310963456448000,215.5,1,215.0,89,215.5,2,1,2022-02-08 09:02:43
1644310963503696000,215.5,1,215.0,89,215.5,1,1,2022-02-08 09:02:43
1644310963517937000,215.5,1,215.0,89,216.0,114,1,2022-02-08 09:02:43
1644310963603253000,215.5,1,215.0,89,215.5,3,1,2022-02-08 09:02:43
1644310963689500000,215.5,1,215.0,90,215.5,2,1,2022-02-08 09:02:43
1644310963737490000,215.5,1,215.0,90,215.5,1,1,2022-02-08 09:02:43
1644310964107057000,215.5,1,215.0,93,216.0,114,1,2022-02-08 09:02:44
1644310964209306000,215.5,1,215.0,94,215.5,2,2,2022-02-08 09:02:44
1644310964463717000,215.5,1,215.0,94,215.5,6,1,2022-02-08 09:02:44
1644310964476813000,215.5,1,215.0,94,215.5,5,1,2022-02-08 09:02:44
1644310964699595000,215.5,1,215.0,94,215.5,5,1,2022-02-08 09:02:44
1644310965173583000,215.5,1,215.0,94,215.5,14,1,2022-02-08 09:02:45
1644310965175482000,215.5,1,215.0,94,215.5,13,1,2022-02-08 09:02:45
1644310965367804000,215.5,1,215.0,94,215.5,12,1,2022-02-08 09:02:45
1644310965390561000,215.5,6,215.0,94,215.5,6,1,2022-02-08 09:02:45
1644310965422506000,215.5,1,215.0,94,215.5,5,1,2022-02-08 09:02:45
1644310965610228000,215.5,5,215.0,99,215.5,10,1,2022-02-08 09:02:45
1644310965649246000,215.0,1,215.0,98,215.5,10,2,2022-02-08 09:02:45
1644310965663296000,215.5,1,215.0,98,215.5,9,1,2022-02-08 09:02:45
1644310965710858000,215.5,1,215.0,98,215.5,8,1,2022-02-08 09:02:45
1644310965843860000,215.5,3,215.0,99,215.5,6,1,2022-02-08 09:02:45
1644310965917704000,215.5,3,215.0,99,215.5,3,1,2022-02-08 09:02:45
1644310965999146000,215.5,1,215.0,99,215.5,2,1,2022-02-08 09:02:45
1644310966041345000,215.5,2,215.0,99,216.0,122,1,2022-02-08 09:02:46
1644310966261252000,215.5,1,215.0,100,216.0,123,1,2022-02-08 09:02:46
1644310966394069000,215.5,1,215.5,1,216.0,123,2,2022-02-08 09:02:46
1644310966425167000,215.5,2,215.0,101,216.0,123,2,2022-02-08 09:02:46
1644310966581421000,215.5,1,215.0,101,216.0,123,2,2022-02-08 09:02:46
1644310966932796000,216.0,1,215.5,8,216.0,123,1,2022-02-08 09:02:46
1644310967219110000,215.5,14,215.0,102,216.0,123,2,2022-02-08 09:02:47
1644310967331179000,215.5,1,215.5,4,216.0,123,2,2022-02-08 09:02:47
1644310968081723000,215.5,2,215.5,9,216.0,131,2,2022-02-08 09:02:48
1644310968116218000,216.0,1,215.5,9,216.0,130,1,2022-02-08 09:02:48
1644310968240254000,216.0,1,215.5,11,216.0,129,1,2022-02-08 09:02:48
1644310968273102000,216.0,1,215.5,11,216.0,128,1,2022-02-08 09:02:48
1644310968298807000,215.5,1,215.5,10,216.0,128,2,2022-02-08 09:02:48
1644310968343089000,215.5,2,215.5,10,216.0,128,2,2022-02-08 09:02:48
1644310968358442000,216.0,1,215.5,10,216.0,127,1,2022-02-08 09:02:48
1644310968605419000,216.0,1,215.5,10,216.0,127,1,2022-02-08 09:02:48
1644310969213240000,216.0,3,215.5,14,216.0,124,1,2022-02-08 09:02:49
1644310969283771000,215.5,1,215.5,17,216.0,124,2,2022-02-08 09:02:49
1644310969351894000,215.5,1,215.5,16,216.0,124,2,2022-02-08 09:02:49
1644310969415871000,216.0,8,215.5,17,216.0,116,1,2022-02-08 09:02:49
1644310969748212000,216.0,1,215.5,20,216.0,115,1,2022-02-08 09:02:49
1644310969772237000,215.5,5,215.5,15,216.0,115,2,2022-02-08 09:02:49
1644310969827207000,216.0,1,215.5,15,216.0,114,1,2022-02-08 09:02:49
1644310970014577000,216.0,1,215.5,16,216.0,113,1,2022-02-08 09:02:50
1644310970777194000,216.0,1,215.5,24,216.0,112,1,2022-02-08 09:02:50
1644310970988104000,216.0,9,215.5,27,216.0,103,1,2022-02-08 09:02:50
1644310971488876000,215.5,1,215.5,28,216.0,105,2,2022-02-08 09:02:51
1644310971681296000,216.0,2,215.5,28,216.0,103,1,2022-02-08 09:02:51
1644310971726641000,215.5,3,215.5,25,216.0,103,2,2022-02-08 09:02:51
1644310972027138000,216.0,1,215.5,26,216.0,103,1,2022-02-08 09:02:52
1644310972121415000,216.0,2,215.5,26,216.0,100,1,2022-02-08 09:02:52
1644310972238924000,216.0,1,215.5,28,216.0,98,1,2022-02-08 09:02:52
1644310972426641000,216.0,1,215.5,28,216.0,97,1,2022-02-08 09:02:52
1644310972814828000,216.0,1,215.5,37,216.0,96,1,2022-02-08 09:02:52
1644310973810835000,216.0,1,215.5,47,216.0,95,1,2022-02-08 09:02:53
1644310973956632000,216.0,1,215.5,48,216.0,94,1,2022-02-08 09:02:53
1644310974262633000,216.0,1,215.5,49,216.0,93,1,2022-02-08 09:02:54
1644310974287335000,216.0,1,215.5,54,216.0,92,1,2022-02-08 09:02:54
1644310974428287000,216.0,1,215.5,57,216.0,92,1,2022-02-08 09:02:54
1644310975042069000,216.0,3,215.5,62,216.0,90,1,2022-02-08 09:02:55
1644310975715342000,216.0,1,215.5,63,216.0,89,1,2022-02-08 09:02:55
1644310975914189000,216.0,1,215.5,65,216.0,88,1,2022-02-08 09:02:55
1644310976079533000,216.0,1,215.5,66,216.0,87,1,2022-02-08 09:02:56
1644310976381621000,216.0,1,215.5,70,216.0,86,1,2022-02-08 09:02:56
1644310977070729000,216.0,1,215.5,70,216.0,85,1,2022-02-08 09:02:57
1644310977186415000,216.0,1,215.5,71,216.0,84,1,2022-02-08 09:02:57
1644310977276497000,216.0,1,215.5,71,216.0,85,1,2022-02-08 09:02:57
1644310977433969000,216.0,5,215.5,72,216.0,81,1,2022-02-08 09:02:57
1644310977897496000,216.0,1,215.5,73,216.0,81,1,2022-02-08 09:02:57
1644310978068450000,216.0,2,215.5,73,216.0,79,1,2022-02-08 09:02:58
1644310979089965000,216.0,1,215.5,89,216.0,79,1,2022-02-08 09:02:59
1644310979186149000,216.0,1,215.5,89,216.0,78,1,2022-02-08 09:02:59
1644310979203010000,216.0,1,215.5,89,216.0,77,1,2022-02-08 09:02:59
1644310979236048000,216.0,1,215.5,92,216.0,76,1,2022-02-08 09:02:59
1644310979444837000,216.0,1,215.5,92,216.0,75,1,2022-02-08 09:02:59
1644310979518829000,216.0,5,215.5,92,216.0,70,1,2022-02-08 09:02:59
1644310979637576000,216.0,1,215.5,92,216.0,69,1,2022-02-08 09:02:59
1644310979867386000,216.0,1,215.5,92,216.0,68,1,2022-02-08 09:02:59
1644310979953659000,216.0,2,215.5,93,216.0,66,1,2022-02-08 09:02:59
1644310980163694000,216.0,1,215.5,95,216.0,66,1,2022-02-08 09:03:00
1644310980323188000,215.5,2,215.5,94,216.0,66,2,2022-02-08 09:03:00
1644310980363252000,215.5,1,215.5,93,216.0,66,2,2022-02-08 09:03:00
1644310980462585000,216.0,3,215.5,93,216.0,63,1,2022-02-08 09:03:00
1644310980476900000,216.0,3,215.5,93,216.0,60,1,2022-02-08 09:03:00
1644310980491569000,215.5,1,215.5,92,216.0,60,2,2022-02-08 09:03:00
1644310980526010000,215.5,1,215.5,91,216.0,101,2,2022-02-08 09:03:00
1644310980554729000,215.5,6,215.5,85,216.0,106,2,2022-02-08 09:03:00
1644310980598918000,215.5,2,215.5,83,216.0,112,2,2022-02-08 09:03:00
1644310980646478000,215.5,1,215.5,82,216.0,112,2,2022-02-08 09:03:00
1644310980804872000,216.0,1,215.5,83,216.0,111,1,2022-02-08 09:03:00
1644310981023807000,215.5,5,215.5,79,216.0,112,2,2022-02-08 09:03:01
1644310981048797000,216.0,1,215.5,79,216.0,112,1,2022-02-08 09:03:01
1644310981059262000,215.5,1,215.5,78,216.0,112,2,2022-02-08 09:03:01
1644310981059748000,215.5,1,215.5,77,216.0,112,2,2022-02-08 09:03:01
1644310981075232000,216.0,1,215.5,77,216.0,111,1,2022-02-08 09:03:01
1644310981075806000,215.5,1,215.5,76,216.0,111,2,2022-02-08 09:03:01
1644310981676059000,216.0,1,215.5,77,216.0,109,1,2022-02-08 09:03:01
1644310981842569000,216.0,1,215.5,77,216.0,108,1,2022-02-08 09:03:01
1644310982397140000,216.0,1,215.5,81,216.0,110,1,2022-02-08 09:03:02
1644310982419782000,216.0,2,215.5,81,216.0,108,1,2022-02-08 09:03:02
1644310982533677000,215.5,1,215.5,80,216.0,108,2,2022-02-08 09:03:02
1644310982589078000,216.0,3,215.5,80,216.0,105,1,2022-02-08 09:03:02
1644310982634348000,216.0,3,215.5,80,216.0,102,1,2022-02-08 09:03:02
1644310982760854000,216.0,1,215.5,80,216.0,101,1,2022-02-08 09:03:02
1644310982986674000,216.0,1,215.5,81,216.0,100,1,2022-02-08 09:03:02
1644310983107891000,216.0,1,215.5,83,216.0,99,1,2022-02-08 09:03:03
1644310983122412000,216.0,10,215.5,83,216.0,89,1,2022-02-08 09:03:03
1644310983273431000,216.0,1,215.5,84,216.0,88,1,2022-02-08 09:03:03
1644310983385199000,216.0,2,215.5,87,216.0,87,1,2022-02-08 09:03:03
1644310983524335000,216.0,1,215.5,101,216.0,86,1,2022-02-08 09:03:03
1644310983978980000,215.5,1,215.5,101,216.0,86,2,2022-02-08 09:03:03
1644310984573854000,216.0,5,215.5,103,216.0,82,1,2022-02-08 09:03:04
1644310984968655000,216.0,1,215.5,103,216.0,81,1,2022-02-08 09:03:04
1644310985003603000,216.0,2,215.5,104,216.0,79,1,2022-02-08 09:03:05
1644310985182025000,215.5,1,215.5,103,216.0,79,2,2022-02-08 09:03:05
1644310985234602000,215.5,1,215.5,102,216.0,79,2,2022-02-08 09:03:05
1644310985301979000,216.0,1,215.5,102,216.0,77,1,2022-02-08 09:03:05
1644310985315238000,216.0,1,215.5,103,216.0,76,1,2022-02-08 09:03:05
1644310985920965000,216.0,1,215.5,105,216.0,76,1,2022-02-08 09:03:05
1644310985921104000,216.0,1,215.5,105,216.0,75,1,2022-02-08 09:03:05
1644310986059698000,216.0,2,215.5,104,216.0,74,1,2022-02-08 09:03:06
1644310986338114000,215.5,1,215.5,104,216.0,75,2,2022-02-08 09:03:06
1644310986381249000,216.0,1,215.5,104,216.0,74,1,2022-02-08 09:03:06
1644310986401771000,215.5,1,215.5,103,216.0,74,2,2022-02-08 09:03:06
1644310986523951000,216.0,1,215.5,104,216.0,73,1,2022-02-08 09:03:06
1644310986713518000,216.0,5,215.5,104,216.0,69,1,2022-02-08 09:03:06
1644310986802130000,216.0,1,215.5,104,216.0,68,1,2022-02-08 09:03:06
1644310986921853000,216.0,5,215.5,104,216.0,65,1,2022-02-08 09:03:06
1644310987044014000,216.0,1,215.5,104,216.0,64,1,2022-02-08 09:03:07
1644310987055113000,216.0,4,215.5,104,216.0,60,1,2022-02-08 09:03:07
1644310987280791000,216.0,10,215.5,110,216.0,50,1,2022-02-08 09:03:07
1644310987369674000,216.0,1,215.5,112,216.0,49,1,2022-02-08 09:03:07
1644310987582169000,215.5,2,215.5,110,216.0,49,2,2022-02-08 09:03:07
1644310987979418000,216.0,10,215.5,107,216.0,42,1,2022-02-08 09:03:07
1644310988022731000,216.0,1,215.5,107,216.0,41,1,2022-02-08 09:03:08
1644310988023179000,216.0,20,215.5,107,216.0,21,1,2022-02-08 09:03:08
1644310988077623000,216.0,1,215.5,110,216.0,20,1,2022-02-08 09:03:08
1644310988292852000,216.0,1,215.5,110,216.0,20,1,2022-02-08 09:03:08
1644310988648659000,216.0,4,215.5,111,216.0,17,1,2022-02-08 09:03:08
1644310988815467000,216.0,1,215.5,111,216.0,16,1,2022-02-08 09:03:08
1644310988843325000,216.0,5,215.5,111,216.0,11,1,2022-02-08 09:03:08
1644310989056642000,216.0,1,215.5,218,216.0,10,1,2022-02-08 09:03:09
1644310989258752000,216.0,1,215.5,228,216.0,9,1,2022-02-08 09:03:09
1644310989313388000,216.0,2,215.5,228,216.0,8,1,2022-02-08 09:03:09
1644310989320411000,216.0,5,215.5,228,216.0,3,1,2022-02-08 09:03:09
1644310989352257000,216.0,3,215.5,228,216.5,23,1,2022-02-08 09:03:09
1644310989446756000,216.0,1,216.0,1,216.5,22,2,2022-02-08 09:03:09
1644310989690412000,216.5,5,216.0,4,216.5,17,1,2022-02-08 09:03:09
1644310989982135000,216.5,1,216.0,12,216.5,16,1,2022-02-08 09:03:09
1644310990018110000,216.5,1,216.0,12,216.5,15,1,2022-02-08 09:03:10
1644310990298111000,216.0,15,215.5,230,216.5,15,2,2022-02-08 09:03:10
1644310990442665000,216.5,2,216.0,1,216.5,13,1,2022-02-08 09:03:10
1644310991115760000,216.0,1,216.0,22,216.5,13,2,2022-02-08 09:03:11
1644310991364654000,216.5,1,216.0,27,216.5,12,1,2022-02-08 09:03:11
1644310991928501000,216.5,12,216.0,32,217.0,14,1,2022-02-08 09:03:11
1644310991928501000,217.0,95,216.0,32,217.0,14,1,2022-02-08 09:03:11
1644310991961681000,217.0,2,216.0,33,217.0,14,1,2022-02-08 09:03:11
1644310992468552000,217.0,4,216.5,1,217.0,20,1,2022-02-08 09:03:12
1644310992659525000,217.0,1,216.5,1,217.0,19,1,2022-02-08 09:03:12
1644310992693701000,216.5,1,216.0,53,217.0,19,2,2022-02-08 09:03:12
1644310994231904000,217.0,2,216.5,2,217.0,17,1,2022-02-08 09:03:14
1644310994407492000,216.5,2,216.0,66,216.5,8,2,2022-02-08 09:03:14
1644310994517974000,216.5,8,216.0,57,217.0,17,1,2022-02-08 09:03:14
1644310995434768000,216.5,1,216.0,73,216.5,2,1,2022-02-08 09:03:15
1644310995479439000,216.5,1,216.0,73,216.5,2,1,2022-02-08 09:03:15
1644310995542445000,216.5,1,216.0,75,216.5,1,1,2022-02-08 09:03:15
1644310995647827000,216.5,1,216.0,74,216.5,1,1,2022-02-08 09:03:15
1644310995669877000,216.0,2,216.0,72,216.5,1,2,2022-02-08 09:03:15
1644310996133337000,216.5,2,216.0,73,216.5,1,1,2022-02-08 09:03:16
1644310996182571000,216.0,1,216.0,72,216.5,2,2,2022-02-08 09:03:16
1644310996389531000,216.5,1,216.0,72,216.5,1,1,2022-02-08 09:03:16
1644310996396213000,216.5,1,216.0,72,217.0,20,1,2022-02-08 09:03:16
1644310996428390000,217.0,1,216.0,72,217.0,19,1,2022-02-08 09:03:16
1644310996629660000,216.5,1,216.0,85,217.0,19,1,2022-02-08 09:03:16
1644310997577686000,216.5,3,216.0,91,217.0,21,2,2022-02-08 09:03:17
1644310997661288000,216.5,1,216.0,91,217.0,21,2,2022-02-08 09:03:17
1644310997849715000,216.5,1,216.0,91,216.5,9,2,2022-02-08 09:03:17
1644310997944043000,216.5,1,216.0,92,216.5,8,1,2022-02-08 09:03:17
1644310998118778000,216.0,1,216.0,97,216.5,8,2,2022-02-08 09:03:18
1644310998164707000,216.0,1,216.0,101,216.5,8,2,2022-02-08 09:03:18
1644310998399464000,216.5,1,216.0,103,216.5,8,1,2022-02-08 09:03:18
1644310998561639000,216.5,1,216.0,103,216.5,7,1,2022-02-08 09:03:18
1644310998561874000,216.5,1,216.0,103,216.5,6,1,2022-02-08 09:03:18
1644310998601575000,216.0,1,216.0,102,216.5,6,2,2022-02-08 09:03:18
1644310998740285000,216.5,1,216.0,103,216.5,5,1,2022-02-08 09:03:18
1644310998811753000,216.5,1,216.0,103,216.5,4,1,2022-02-08 09:03:18
1644310998849256000,216.5,2,216.0,104,216.5,2,1,2022-02-08 09:03:18
1644310998879089000,216.5,1,216.0,104,216.5,1,1,2022-02-08 09:03:18
1644310998892347000,216.5,1,216.5,1,217.0,27,1,2022-02-08 09:03:18
1644310999134807000,216.5,1,216.5,1,217.0,27,2,2022-02-08 09:03:19
1644310999167842000,216.5,1,216.0,109,217.0,27,2,2022-02-08 09:03:19
1644310999206023000,216.5,1,216.0,108,216.5,2,1,2022-02-08 09:03:19
1644310999253569000,216.5,1,216.0,108,216.5,1,1,2022-02-08 09:03:19
1644310999313768000,216.5,1,216.5,1,217.0,27,1,2022-02-08 09:03:19
1644310999466626000,217.0,1,216.5,2,217.0,26,1,2022-02-08 09:03:19
1644310999496736000,216.5,2,216.0,113,217.0,28,2,2022-02-08 09:03:19
1644311000425187000,216.5,1,216.5,3,217.0,30,2,2022-02-08 09:03:20
1644311001252220000,217.0,2,216.5,7,217.0,30,1,2022-02-08 09:03:21
1644311001308789000,217.0,2,216.5,7,217.0,30,1,2022-02-08 09:03:21
1644311001332851000,216.5,1,216.5,6,217.0,30,2,2022-02-08 09:03:21
1644311001390363000,216.5,6,216.0,135,216.5,4,2,2022-02-08 09:03:21
1644311001431384000,216.5,1,216.0,134,216.5,3,1,2022-02-08 09:03:21
1644311001432170000,216.0,1,216.0,133,216.5,3,2,2022-02-08 09:03:21
1644311001433909000,216.5,1,216.0,133,216.5,2,1,2022-02-08 09:03:21
1644311001457461000,216.0,1,216.0,132,216.5,2,2,2022-02-08 09:03:21
1644311001513706000,216.5,2,216.0,132,217.0,30,1,2022-02-08 09:03:21
1644311002265618000,216.5,1,216.0,139,216.5,19,2,2022-02-08 09:03:22
1644311002306730000,216.5,1,216.0,138,216.5,18,1,2022-02-08 09:03:22
1644311002449853000,216.5,1,216.0,138,216.5,17,1,2022-02-08 09:03:22
1644311002467464000,216.5,1,216.0,138,216.5,16,1,2022-02-08 09:03:22
1644311002532955000,216.5,1,216.0,137,216.5,15,1,2022-02-08 09:03:22
1644311002548864000,216.5,10,216.0,137,216.5,5,1,2022-02-08 09:03:22
1644311002583177000,216.5,3,216.0,137,216.5,2,1,2022-02-08 09:03:22
1644311002587811000,216.0,1,216.0,136,216.5,2,2,2022-02-08 09:03:22
1644311002627902000,216.5,1,216.0,137,216.5,1,1,2022-02-08 09:03:22
1644311002637420000,216.5,1,216.0,138,217.0,31,1,2022-02-08 09:03:22
1644311003033189000,216.5,1,216.0,141,217.0,31,2,2022-02-08 09:03:23
1644311003070216000,216.5,1,216.0,146,217.0,31,2,2022-02-08 09:03:23
1644311003204989000,216.5,1,216.0,146,216.5,1,1,2022-02-08 09:03:23
1644311003223015000,216.5,1,216.0,146,217.0,35,1,2022-02-08 09:03:23
1644311003537345000,216.5,1,216.5,2,217.0,35,2,2022-02-08 09:03:23
1644311003618464000,216.5,1,216.5,1,217.0,35,2,2022-02-08 09:03:23
1644311004045497000,216.5,13,216.0,154,216.5,7,2,2022-02-08 09:03:24
1644311004179965000,216.5,1,216.0,153,216.5,6,1,2022-02-08 09:03:24
1644311004207358000,216.0,1,216.0,153,216.5,6,2,2022-02-08 09:03:24
1644311004353155000,216.5,1,216.0,155,216.5,5,1,2022-02-08 09:03:24
1644311004369217000,216.5,1,216.0,155,216.5,4,1,2022-02-08 09:03:24
1644311004467105000,216.5,1,216.0,155,216.5,13,1,2022-02-08 09:03:24
1644311004547129000,216.5,1,216.0,155,216.5,12,1,2022-02-08 09:03:24
1644311004561452000,216.5,1,216.0,155,216.5,11,1,2022-02-08 09:03:24
1644311004983208000,216.0,1,216.0,155,216.5,13,2,2022-02-08 09:03:24
1644311005074117000,216.5,1,216.0,155,216.5,12,1,2022-02-08 09:03:25
1644311005122231000,216.5,2,216.0,145,216.5,10,1,2022-02-08 09:03:25
1644311005500585000,216.5,1,216.0,147,216.5,10,1,2022-02-08 09:03:25
1644311005565716000,216.5,5,216.0,148,216.5,5,1,2022-02-08 09:03:25
1644311005851797000,216.5,1,216.0,148,216.5,7,1,2022-02-08 09:03:25
1644311006181616000,216.5,2,216.0,151,216.5,28,1,2022-02-08 09:03:26
1644311006206755000,216.5,1,216.0,151,216.5,27,1,2022-02-08 09:03:26
1644311006265488000,216.5,1,216.0,153,216.5,26,1,2022-02-08 09:03:26
1644311006435474000,216.5,1,216.0,154,216.5,25,1,2022-02-08 09:03:26
1644311006457622000,216.5,1,216.0,154,216.5,24,1,2022-02-08 09:03:26
1644311006606491000,216.0,3,216.0,151,216.5,24,2,2022-02-08 09:03:26
1644311006642933000,216.0,1,216.0,150,216.5,24,2,2022-02-08 09:03:26
1644311006908530000,216.5,1,216.0,151,216.5,23,1,2022-02-08 09:03:26
1644311007131491000,216.5,1,216.0,151,216.5,22,1,2022-02-08 09:03:27
1644311007374064000,216.5,2,216.0,152,216.5,25,1,2022-02-08 09:03:27
1644311007375996000,216.5,3,216.0,152,216.5,22,1,2022-02-08 09:03:27
1644311007532822000,216.5,1,216.0,157,216.5,21,1,2022-02-08 09:03:27
1644311007589046000,216.5,1,216.0,157,216.5,20,1,2022-02-08 09:03:27
1644311007634230000,216.5,1,216.0,158,216.5,20,1,2022-02-08 09:03:27
1644311007763389000,216.5,1,216.0,159,216.5,19,1,2022-02-08 09:03:27
1644311007776880000,216.5,1,216.0,162,216.5,18,1,2022-02-08 09:03:27
1644311007860751000,216.5,1,216.0,162,216.5,17,1,2022-02-08 09:03:27
1644311008267727000,216.5,1,216.0,163,216.5,27,1,2022-02-08 09:03:28
1644311008455060000,216.5,1,216.0,167,216.5,26,1,2022-02-08 09:03:28
1644311008718606000,216.5,10,216.0,167,216.5,16,1,2022-02-08 09:03:28
1644311008803980000,216.5,4,216.0,168,216.5,12,1,2022-02-08 09:03:28
1644311009263342000,216.5,1,216.0,170,216.5,14,1,2022-02-08 09:03:29
1644311009403688000,216.5,1,216.0,170,216.5,13,1,2022-02-08 09:03:29
1644311009913430000,216.5,3,216.0,170,216.5,16,1,2022-02-08 09:03:29
1644311010107486000,216.5,1,216.0,170,216.5,15,1,2022-02-08 09:03:30
1644311010176303000,216.5,1,216.0,170,216.5,16,1,2022-02-08 09:03:30
1644311010417183000,216.0,1,216.0,170,216.5,17,2,2022-02-08 09:03:30
1644311010419188000,216.0,1,216.0,169,216.5,17,2,2022-02-08 09:03:30
1644311010711821000,216.5,1,216.0,170,216.5,16,1,2022-02-08 09:03:30
1644311010859189000,216.5,1,216.0,175,216.5,15,1,2022-02-08 09:03:30
1644311010907421000,216.5,1,216.0,175,216.5,14,1,2022-02-08 09:03:30
1644311010932765000,216.5,1,216.0,175,216.5,16,1,2022-02-08 09:03:30
1644311010971231000,216.5,1,216.0,175,216.5,15,1,2022-02-08 09:03:30
1644311010996046000,216.0,1,216.0,174,216.5,15,2,2022-02-08 09:03:30
1644311011011878000,216.5,1,216.0,174,216.5,14,1,2022-02-08 09:03:31
1644311011234616000,216.5,2,216.0,174,216.5,12,1,2022-02-08 09:03:31
1644311011384834000,216.5,1,216.0,175,216.5,11,1,2022-02-08 09:03:31
1644311012070182000,216.5,1,216.0,178,216.5,14,1,2022-02-08 09:03:32
1644311012122977000,216.5,1,216.0,178,216.5,13,1,2022-02-08 09:03:32
1644311012124018000,216.5,1,216.0,178,216.5,12,1,2022-02-08 09:03:32
1644311012188328000,216.5,1,216.0,178,216.5,11,1,2022-02-08 09:03:32
1644311012307935000,216.5,4,216.0,178,216.5,7,1,2022-02-08 09:03:32
1644311012309202000,216.5,1,216.0,178,216.5,6,1,2022-02-08 09:03:32
1644311012334344000,216.5,1,216.0,180,216.5,5,1,2022-02-08 09:03:32
1644311012342830000,216.5,1,216.0,180,216.5,4,1,2022-02-08 09:03:32
1644311012443329000,216.5,1,216.0,180,216.5,8,1,2022-02-08 09:03:32
1644311012499730000,216.5,1,216.0,181,216.5,7,1,2022-02-08 09:03:32
1644311012592114000,216.5,1,216.0,181,216.5,6,1,2022-02-08 09:03:32
1644311012614372000,216.5,1,216.0,181,216.5,5,1,2022-02-08 09:03:32
1644311012698699000,216.5,1,216.0,182,216.5,5,1,2022-02-08 09:03:32
1644311012901839000,216.5,5,216.0,182,217.0,53,1,2022-02-08 09:03:32
1644311012901839000,217.0,5,216.0,182,217.0,53,1,2022-02-08 09:03:32
1644311012942703000,216.5,1,216.5,1,217.0,55,2,2022-02-08 09:03:32
1644311013393380000,217.0,1,216.5,3,217.0,54,1,2022-02-08 09:03:33
1644311013402122000,217.0,1,216.5,3,217.0,53,1,2022-02-08 09:03:33
1644311013426291000,216.5,1,216.5,2,217.0,53,2,2022-02-08 09:03:33
1644311013685436000,216.5,1,216.5,1,217.0,53,2,2022-02-08 09:03:33
1644311014104430000,216.5,1,216.5,2,217.0,53,2,2022-02-08 09:03:34
1644311014525276000,217.0,1,216.5,2,217.0,52,1,2022-02-08 09:03:34
1644311014546109000,216.5,2,216.0,188,216.5,23,2,2022-02-08 09:03:34
1644311014654048000,216.5,1,216.0,187,216.5,22,1,2022-02-08 09:03:34
1644311014654493000,216.5,1,216.0,187,216.5,21,1,2022-02-08 09:03:34
1644311014684331000,216.5,1,216.0,187,216.5,20,1,2022-02-08 09:03:34
1644311014858498000,216.0,2,216.0,185,216.5,20,2,2022-02-08 09:03:34
1644311014888032000,216.0,1,216.0,184,216.5,20,2,2022-02-08 09:03:34
1644311014937306000,216.5,1,216.0,184,216.5,19,1,2022-02-08 09:03:34
1644311015146692000,216.5,1,216.0,184,216.5,23,1,2022-02-08 09:03:35
1644311015265409000,216.5,1,216.0,194,216.5,22,1,2022-02-08 09:03:35
1644311015300676000,216.5,2,216.0,194,216.5,25,1,2022-02-08 09:03:35
1644311015328044000,216.5,1,216.0,194,216.5,39,1,2022-02-08 09:03:35
1644311015613392000,216.5,1,216.0,223,216.5,38,1,2022-02-08 09:03:35
1644311015857298000,216.5,1,216.0,223,216.5,38,1,2022-02-08 09:03:35
1644311015995893000,216.5,1,216.0,224,216.5,37,1,2022-02-08 09:03:35
1644311016450523000,216.5,1,216.0,226,216.5,38,1,2022-02-08 09:03:36
1644311016709861000,216.5,1,216.0,226,216.5,38,1,2022-02-08 09:03:36
1644311016870868000,216.5,1,216.0,231,216.5,37,1,2022-02-08 09:03:36
1644311017114991000,216.5,1,216.0,231,216.5,36,1,2022-02-08 09:03:37
1644311017430600000,216.5,1,216.0,232,216.5,40,1,2022-02-08 09:03:37
1644311017462305000,216.5,1,216.0,231,216.5,39,1,2022-02-08 09:03:37
1644311017543942000,216.5,3,216.0,228,216.5,36,1,2022-02-08 09:03:37
1644311017728558000,216.5,1,216.0,229,216.5,36,1,2022-02-08 09:03:37
1644311017735114000,216.5,1,216.0,229,216.5,35,1,2022-02-08 09:03:37
1644311018023215000,216.5,1,216.0,230,216.5,35,1,2022-02-08 09:03:38
1644311018196997000,216.5,1,216.0,232,216.5,34,1,2022-02-08 09:03:38
1644311018638502000,216.5,1,216.0,235,216.5,33,1,2022-02-08 09:03:38
1644311018711737000,216.5,1,216.0,236,216.5,32,1,2022-02-08 09:03:38
1644311019626314000,216.5,20,216.0,236,216.5,14,1,2022-02-08 09:03:39
1644311019864095000,216.5,1,216.0,236,216.5,15,1,2022-02-08 09:03:39
1644311020073039000,216.5,1,216.0,236,216.5,14,1,2022-02-08 09:03:40
1644311020124438000,216.5,1,216.0,236,216.5,13,1,2022-02-08 09:03:40
1644311021185148000,216.5,1,216.0,236,216.5,23,1,2022-02-08 09:03:41
1644311021188696000,216.5,3,216.0,236,216.5,20,1,2022-02-08 09:03:41
1644311021320352000,216.5,3,216.0,236,216.5,22,1,2022-02-08 09:03:41
1644311021366940000,216.5,1,216.0,236,216.5,21,1,2022-02-08 09:03:41
1644311021541445000,216.5,1,216.0,236,216.5,20,1,2022-02-08 09:03:41
1644311021605229000,216.0,6,216.0,230,216.5,20,2,2022-02-08 09:03:41
1644311021628617000,216.0,1,216.0,229,216.5,20,2,2022-02-08 09:03:41
1644311021767587000,216.5,3,216.0,230,216.5,17,1,2022-02-08 09:03:41
1644311021842522000,216.5,1,216.0,230,216.5,16,1,2022-02-08 09:03:41
1644311021899495000,216.5,1,216.0,230,216.5,15,1,2022-02-08 09:03:41
1644311022370366000,216.5,5,216.0,227,216.5,12,1,2022-02-08 09:03:42
1644311022469710000,216.5,1,216.0,227,216.5,11,1,2022-02-08 09:03:42
1644311022665863000,216.5,2,216.0,227,216.5,12,1,2022-02-08 09:03:42
1644311022666555000,216.5,1,216.0,227,216.5,11,1,2022-02-08 09:03:42
1644311022767101000,216.0,2,216.0,225,216.5,11,2,2022-02-08 09:03:42
1644311022788605000,216.5,1,216.0,225,216.5,10,1,2022-02-08 09:03:42
1644311022921919000,216.5,1,216.0,225,216.5,9,1,2022-02-08 09:03:42
1644311023289817000,216.0,1,216.0,224,216.5,17,2,2022-02-08 09:03:43
1644311023498369000,216.5,1,216.0,225,216.5,16,1,2022-02-08 09:03:43
1644311023684377000,216.5,1,216.0,225,216.5,15,1,2022-02-08 09:03:43
1644311023772362000,216.0,2,216.0,223,216.5,15,2,2022-02-08 09:03:43
1644311023803400000,216.5,1,216.0,223,216.5,14,1,2022-02-08 09:03:43
1644311023935283000,216.5,9,216.0,223,216.5,5,1,2022-02-08 09:03:43
1644311024233338000,216.5,1,216.0,223,216.5,4,1,2022-02-08 09:03:44
1644311024283250000,216.5,1,216.0,224,216.5,3,1,2022-02-08 09:03:44
1644311024374424000,216.5,1,216.0,224,216.5,2,1,2022-02-08 09:03:44
1644311024519828000,216.5,1,216.0,224,216.5,1,1,2022-02-08 09:03:44
1644311024653540000,216.5,1,216.5,12,217.0,53,1,2022-02-08 09:03:44
1644311024687313000,216.5,12,216.0,224,217.0,53,2,2022-02-08 09:03:44
1644311024906294000,216.5,1,216.5,1,217.0,53,2,2022-02-08 09:03:44
1644311025220976000,217.0,2,216.5,1,217.0,51,1,2022-02-08 09:03:45
1644311025533749000,216.5,1,216.0,238,217.0,50,2,2022-02-08 09:03:45
1644311026186757000,216.5,1,216.0,239,216.5,2,1,2022-02-08 09:03:46
1644311026515562000,216.5,2,216.0,240,217.0,62,1,2022-02-08 09:03:46
1644311026681450000,216.5,2,216.0,240,217.0,62,2,2022-02-08 09:03:46
1644311026915741000,216.5,2,216.0,241,216.5,3,2,2022-02-08 09:03:46
1644311027152072000,216.5,2,216.0,241,216.5,1,1,2022-02-08 09:03:47
1644311027498404000,216.5,1,216.5,1,217.0,61,1,2022-02-08 09:03:47
1644311027659097000,216.5,1,216.0,239,217.0,61,2,2022-02-08 09:03:47
1644311028015498000,216.5,1,216.5,4,217.0,61,2,2022-02-08 09:03:48
1644311028138304000,217.0,1,216.5,4,217.0,60,1,2022-02-08 09:03:48
1644311028406054000,217.0,1,216.5,4,217.0,59,1,2022-02-08 09:03:48
1644311028729256000,216.5,1,216.5,3,217.0,59,2,2022-02-08 09:03:48
1644311028928738000,217.0,1,216.5,3,217.0,59,1,2022-02-08 09:03:48
1644311029094842000,216.5,1,216.5,2,217.0,60,2,2022-02-08 09:03:49
1644311029665614000,216.5,10,216.5,1,217.0,61,2,2022-02-08 09:03:49
1644311030064420000,216.5,1,216.5,2,217.0,61,2,2022-02-08 09:03:50
1644311030493890000,217.0,1,216.5,9,217.0,70,1,2022-02-08 09:03:50
1644311030664884000,217.0,1,216.5,10,217.0,69,1,2022-02-08 09:03:50
1644311031019999000,217.0,2,216.5,12,217.0,67,1,2022-02-08 09:03:51
1644311031374007000,216.5,15,216.0,234,217.0,67,2,2022-02-08 09:03:51
1644311031739087000,216.5,2,216.0,221,217.0,71,2,2022-02-08 09:03:51
1644311031739087000,216.0,13,216.0,221,217.0,71,2,2022-02-08 09:03:51
1644311031900232000,216.5,1,216.0,221,216.5,1,1,2022-02-08 09:03:51
1644311032234383000,216.5,1,216.0,220,217.0,72,1,2022-02-08 09:03:52
1644311032668753000,217.0,3,216.5,7,217.0,66,1,2022-02-08 09:03:52
1644311032726567000,216.5,1,216.5,6,217.0,66,2,2022-02-08 09:03:52
1644311032876076000,216.5,5,216.5,3,217.0,67,2,2022-02-08 09:03:52
1644311033917716000,216.5,1,216.5,9,217.0,68,2,2022-02-08 09:03:53
1644311034649062000,216.5,1,216.5,9,217.0,69,2,2022-02-08 09:03:54
1644311034901854000,216.5,1,216.5,10,217.0,69,2,2022-02-08 09:03:54
1644311035850544000,216.5,2,216.5,9,217.0,67,2,2022-02-08 09:03:55
1644311035878253000,216.5,9,216.0,225,217.0,67,2,2022-02-08 09:03:55
1644311036877930000,217.0,1,216.5,12,217.0,70,1,2022-02-08 09:03:56
1644311036885220000,216.5,1,216.5,11,217.0,70,2,2022-02-08 09:03:56
1644311036963193000,216.5,5,216.5,7,217.0,70,2,2022-02-08 09:03:56
1644311037475304000,216.5,17,216.0,228,217.0,70,2,2022-02-08 09:03:57
1644311037892597000,216.5,1,216.0,230,217.0,70,2,2022-02-08 09:03:57
1644311037975863000,216.5,1,216.0,230,217.0,69,1,2022-02-08 09:03:57
1644311037975863000,217.0,1,216.0,230,217.0,69,1,2022-02-08 09:03:57
1644311038437267000,216.5,1,216.5,2,217.0,69,2,2022-02-08 09:03:58
1644311038469361000,216.5,2,216.0,230,217.0,69,2,2022-02-08 09:03:58
1644311038619576000,216.5,1,216.0,229,217.0,69,1,2022-02-08 09:03:58
1644311038666758000,216.5,1,216.0,229,217.0,69,2,2022-02-08 09:03:58
1644311038692851000,216.5,1,216.0,229,217.0,69,2,2022-02-08 09:03:58
1644311038792197000,216.5,1,216.0,229,216.5,1,1,2022-02-08 09:03:58
1644311039207642000,216.5,3,216.0,226,217.0,69,1,2022-02-08 09:03:59
1644311039744545000,216.5,1,216.0,226,217.0,76,1,2022-02-08 09:03:59
1644311039941904000,216.0,226,215.5,94,216.0,61,2,2022-02-08 09:03:59
1644311039948952000,216.0,1,215.5,94,216.0,60,1,2022-02-08 09:03:59
1644311039974838000,215.5,1,215.5,92,216.0,60,2,2022-02-08 09:03:59
1644311039974987000,215.5,1,215.5,91,216.0,60,2,2022-02-08 09:03:59
1644311039975969000,215.5,1,215.5,90,216.0,60,2,2022-02-08 09:03:59
1644311039980730000,215.5,1,215.5,89,216.0,60,2,2022-02-08 09:03:59
1644311039991615000,215.5,1,215.5,88,216.0,60,2,2022-02-08 09:03:59
1644311040177209000,216.0,1,215.5,88,216.0,61,1,2022-02-08 09:04:00
1644311040190231000,216.0,1,215.5,87,216.0,60,1,2022-02-08 09:04:00
1644311040221458000,215.5,5,215.5,82,216.0,60,2,2022-02-08 09:04:00
1644311040261423000,215.5,1,215.5,81,216.0,60,2,2022-02-08 09:04:00
1644311040307436000,216.0,2,215.5,81,216.0,58,1,2022-02-08 09:04:00
1644311040560411000,215.5,1,215.5,80,216.0,58,2,2022-02-08 09:04:00
1644311040590539000,215.5,1,215.5,79,216.0,58,2,2022-02-08 09:04:00
1644311040724728000,216.0,1,215.5,79,216.0,58,1,2022-02-08 09:04:00
1644311040756345000,216.0,1,215.5,79,216.0,57,1,2022-02-08 09:04:00
1644311040796925000,216.0,10,215.5,79,216.0,47,1,2022-02-08 09:04:00
1644311040864426000,216.0,6,215.5,79,216.0,41,1,2022-02-08 09:04:00
1644311041012472000,216.0,1,215.5,79,216.0,40,1,2022-02-08 09:04:01
1644311041062972000,216.0,1,215.5,79,216.0,39,1,2022-02-08 09:04:01
1644311041590182000,216.0,1,215.5,78,216.0,39,1,2022-02-08 09:04:01
1644311041653864000,216.0,5,215.5,78,216.0,34,1,2022-02-08 09:04:01
1644311041659417000,216.0,1,215.5,78,216.0,33,1,2022-02-08 09:04:01
1644311041722256000,216.0,1,215.5,78,216.0,32,1,2022-02-08 09:04:01
1644311041726687000,216.0,1,215.5,78,216.0,31,1,2022-02-08 09:04:01
1644311041771895000,216.0,2,215.5,83,216.0,29,1,2022-02-08 09:04:01
1644311041871792000,216.0,1,215.5,83,216.0,28,1,2022-02-08 09:04:01
1644311042470763000,215.5,9,215.5,74,216.0,28,2,2022-02-08 09:04:02
1644311042532305000,216.0,1,215.5,74,216.0,27,1,2022-02-08 09:04:02
1644311042719193000,216.0,1,215.5,73,216.0,26,1,2022-02-08 09:04:02
1644311042767503000,216.0,1,215.5,73,216.0,25,1,2022-02-08 09:04:02
1644311042799786000,216.0,1,215.5,73,216.0,24,1,2022-02-08 09:04:02
1644311043307515000,215.5,1,215.5,71,216.0,24,2,2022-02-08 09:04:03
1644311043340276000,216.0,1,215.5,71,216.0,23,1,2022-02-08 09:04:03
1644311043405128000,216.0,1,215.5,70,216.0,22,1,2022-02-08 09:04:03
1644311043820989000,216.0,1,215.5,70,216.0,21,1,2022-02-08 09:04:03
1644311044185541000,215.5,1,215.5,69,216.0,21,2,2022-02-08 09:04:04
1644311044490211000,216.0,5,215.5,59,216.0,16,1,2022-02-08 09:04:04
1644311044847294000,216.0,10,215.5,59,216.0,11,1,2022-02-08 09:04:04
1644311044896500000,216.0,1,215.5,59,216.0,10,1,2022-02-08 09:04:04
1644311045256688000,216.0,2,215.5,59,216.0,8,1,2022-02-08 09:04:05
1644311045415944000,216.0,1,215.5,58,216.0,7,1,2022-02-08 09:04:05
1644311045433511000,216.0,3,215.5,58,216.0,4,1,2022-02-08 09:04:05
1644311045774444000,216.0,4,216.0,1,216.5,29,1,2022-02-08 09:04:05
1644311045820050000,216.5,2,216.0,1,216.5,27,1,2022-02-08 09:04:05
1644311046343860000,216.5,1,216.0,6,216.5,26,1,2022-02-08 09:04:06
1644311046867941000,216.0,1,216.0,5,216.5,32,2,2022-02-08 09:04:06
1644311047098654000,216.0,5,216.0,1,216.5,33,2,2022-02-08 09:04:07
1644311047126500000,216.0,1,215.5,53,216.5,33,2,2022-02-08 09:04:07
1644311047479098000,216.0,1,215.5,52,216.5,33,1,2022-02-08 09:04:07
1644311047699994000,216.0,1,215.5,52,216.5,33,2,2022-02-08 09:04:07
1644311048005856000,216.0,2,215.5,52,216.0,28,1,2022-02-08 09:04:08
1644311048178349000,216.0,1,215.5,52,216.0,27,1,2022-02-08 09:04:08
1644311048196618000,216.0,1,215.5,52,216.0,26,1,2022-02-08 09:04:08
1644311048336837000,216.0,5,215.5,52,216.0,21,1,2022-02-08 09:04:08
1644311048347561000,216.0,1,215.5,52,216.0,21,1,2022-02-08 09:04:08
1644311048359478000,216.0,1,215.5,52,216.0,20,1,2022-02-08 09:04:08
1644311048450056000,216.0,1,215.5,52,216.0,19,1,2022-02-08 09:04:08
1644311049586009000,215.5,1,215.5,50,216.0,25,2,2022-02-08 09:04:09
1644311051306641000,215.5,1,215.5,54,216.0,31,2,2022-02-08 09:04:11
1644311051874048000,216.0,5,215.5,54,216.0,26,1,2022-02-08 09:04:11
1644311051899290000,216.0,1,215.5,54,216.0,25,1,2022-02-08 09:04:11
1644311051983076000,216.0,1,215.5,54,216.0,24,1,2022-02-08 09:04:11
1644311054122670000,215.5,1,215.5,55,216.0,25,2,2022-02-08 09:04:14
1644311054853532000,216.0,4,215.5,55,216.0,23,1,2022-02-08 09:04:14
1644311056584910000,215.5,1,215.5,56,216.0,27,2,2022-02-08 09:04:16
1644311057000121000,216.0,1,215.5,57,216.0,28,1,2022-02-08 09:04:17
1644311057025860000,215.5,1,215.5,56,216.0,28,2,2022-02-08 09:04:17
1644311058464686000,216.0,3,215.5,59,216.0,31,1,2022-02-08 09:04:18
1644311058522936000,216.0,2,215.5,59,216.0,30,1,2022-02-08 09:04:18
1644311059169036000,216.0,1,215.5,67,216.0,31,1,2022-02-08 09:04:19
1644311059210472000,215.5,2,215.5,65,216.0,31,2,2022-02-08 09:04:19
1644311059337179000,216.0,2,215.5,65,216.0,29,1,2022-02-08 09:04:19
1644311059337235000,216.0,1,215.5,65,216.0,28,1,2022-02-08 09:04:19
1644311059467730000,216.0,1,215.5,65,216.0,27,1,2022-02-08 09:04:19
1644311061022383000,215.5,2,215.5,64,216.0,37,2,2022-02-08 09:04:21
1644311061024040000,215.5,1,215.5,63,216.0,37,2,2022-02-08 09:04:21
1644311061043246000,215.5,10,215.5,53,216.0,37,2,2022-02-08 09:04:21
1644311061072870000,215.5,1,215.5,57,216.0,37,2,2022-02-08 09:04:21
1644311061075722000,215.5,1,215.5,56,216.0,37,2,2022-02-08 09:04:21
1644311061076720000,215.5,1,215.5,55,216.0,37,2,2022-02-08 09:04:21
1644311061106917000,215.5,1,215.5,54,216.0,37,2,2022-02-08 09:04:21
1644311061359233000,216.0,4,215.5,54,216.0,36,1,2022-02-08 09:04:21
1644311061615340000,216.0,1,215.5,54,216.0,36,1,2022-02-08 09:04:21
1644311062407780000,216.0,1,215.5,58,216.0,36,1,2022-02-08 09:04:22
1644311062487856000,216.0,1,215.5,58,216.0,35,1,2022-02-08 09:04:22
1644311062565093000,215.5,2,215.5,56,216.0,35,2,2022-02-08 09:04:22
1644311062596360000,215.5,1,215.5,55,216.0,35,2,2022-02-08 09:04:22
1644311062927765000,215.5,1,215.5,54,216.0,36,2,2022-02-08 09:04:22
1644311063771220000,215.5,54,215.0,87,216.0,39,2,2022-02-08 09:04:23
1644311064692742000,215.5,1,215.0,86,215.5,2,1,2022-02-08 09:04:24
1644311064823692000,215.0,1,215.0,85,215.5,3,2,2022-02-08 09:04:24
1644311065380240000,215.5,1,215.0,86,215.5,4,1,2022-02-08 09:04:25
1644311066525809000,215.0,86,214.5,69,215.0,90,2,2022-02-08 09:04:26
1644311066560134000,214.5,1,214.5,68,215.0,90,2,2022-02-08 09:04:26
1644311066560949000,214.5,1,214.5,67,215.0,90,2,2022-02-08 09:04:26
1644311066561738000,214.5,1,214.5,66,215.0,90,2,2022-02-08 09:04:26
1644311066563029000,214.5,1,214.5,65,215.0,90,2,2022-02-08 09:04:26
1644311066664509000,214.5,2,214.5,63,215.0,100,2,2022-02-08 09:04:26
1644311066707508000,214.5,14,214.5,49,215.0,102,2,2022-02-08 09:04:26
1644311066736766000,214.5,13,214.5,36,215.0,102,2,2022-02-08 09:04:26
1644311066737388000,214.5,1,214.5,35,215.0,102,2,2022-02-08 09:04:26
1644311066738155000,214.5,1,214.5,34,215.0,102,2,2022-02-08 09:04:26
1644311066768516000,214.5,34,214.0,134,215.0,102,2,2022-02-08 09:04:26
1644311066850283000,214.0,1,214.0,130,214.5,3,2,2022-02-08 09:04:26
1644311067036458000,214.0,1,214.0,129,214.5,3,2,2022-02-08 09:04:27
1644311067289476000,214.5,1,214.0,129,214.5,2,1,2022-02-08 09:04:27
1644311067469292000,214.0,1,214.0,128,214.5,2,2,2022-02-08 09:04:27
1644311067469323000,214.0,1,214.0,127,214.5,2,2,2022-02-08 09:04:27
1644311067970514000,214.5,1,214.0,127,214.5,2,1,2022-02-08 09:04:27
1644311068035457000,214.5,1,214.0,127,214.5,1,1,2022-02-08 09:04:28
1644311068333285000,214.5,1,214.0,127,215.0,13,1,2022-02-08 09:04:28
1644311069121887000,214.0,1,214.0,127,215.0,14,2,2022-02-08 09:04:29
1644311070410905000,214.5,1,214.5,6,215.0,24,2,2022-02-08 09:04:30
1644311070515429000,214.5,1,214.5,5,215.0,24,2,2022-02-08 09:04:30
1644311070623833000,214.5,1,214.5,4,215.0,24,2,2022-02-08 09:04:30
1644311070875325000,214.5,1,214.5,3,215.0,24,2,2022-02-08 09:04:30
1644311071258546000,215.0,1,214.5,7,215.0,23,1,2022-02-08 09:04:31
1644311071522047000,214.5,1,214.5,11,215.0,23,2,2022-02-08 09:04:31
1644311071944538000,214.5,10,214.5,1,215.0,24,2,2022-02-08 09:04:31
1644311072109538000,214.5,1,214.5,1,215.0,24,2,2022-02-08 09:04:32
1644311072239464000,214.5,1,214.0,130,215.0,24,2,2022-02-08 09:04:32
1644311072809925000,214.5,1,214.5,7,215.0,24,2,2022-02-08 09:04:32
1644311073526980000,214.5,1,214.5,7,215.0,24,2,2022-02-08 09:04:33
1644311073534326000,214.5,1,214.5,6,215.0,24,2,2022-02-08 09:04:33
1644311073592842000,214.5,1,214.5,5,215.0,27,2,2022-02-08 09:04:33
1644311073618538000,214.5,1,214.5,4,215.0,27,2,2022-02-08 09:04:33
1644311074406350000,214.5,2,214.5,3,215.0,27,2,2022-02-08 09:04:34
1644311075013873000,214.5,1,214.5,4,215.0,27,2,2022-02-08 09:04:35
1644311075457722000,214.5,1,214.5,3,215.0,27,2,2022-02-08 09:04:35
1644311075502541000,214.5,1,214.5,2,215.0,27,2,2022-02-08 09:04:35
1644311075695451000,214.5,1,214.5,2,215.0,27,2,2022-02-08 09:04:35
1644311075708654000,214.5,1,214.5,1,215.0,27,2,2022-02-08 09:04:35
1644311075892438000,214.5,1,214.5,3,215.0,27,2,2022-02-08 09:04:35
1644311076210292000,214.5,1,214.5,2,215.0,27,2,2022-02-08 09:04:36
1644311076865667000,214.5,1,214.5,2,215.0,28,2,2022-02-08 09:04:36
1644311077119572000,214.5,2,214.0,115,215.0,28,2,2022-02-08 09:04:37
1644311077174858000,214.5,1,214.0,114,215.0,28,1,2022-02-08 09:04:37
1644311077349726000,214.5,1,214.0,115,215.0,28,1,2022-02-08 09:04:37
1644311077565964000,214.5,1,214.0,115,215.0,28,1,2022-02-08 09:04:37
1644311077729903000,214.5,1,214.0,114,215.0,29,2,2022-02-08 09:04:37
1644311077783073000,214.5,1,214.0,114,215.0,29,1,2022-02-08 09:04:37
1644311077797796000,214.5,1,214.5,2,215.0,29,1,2022-02-08 09:04:37
1644311078001934000,214.5,1,214.5,1,215.0,29,2,2022-02-08 09:04:38
1644311078016512000,214.5,1,214.0,114,215.0,29,2,2022-02-08 09:04:38
1644311078094970000,214.0,4,214.0,110,215.0,29,2,2022-02-08 09:04:38
1644311078104016000,214.0,6,214.0,104,215.0,29,2,2022-02-08 09:04:38
1644311078162272000,214.5,1,214.0,104,215.0,29,1,2022-02-08 09:04:38
1644311078657016000,214.5,1,214.5,1,215.0,29,2,2022-02-08 09:04:38
1644311078694631000,214.5,1,214.0,102,215.0,29,2,2022-02-08 09:04:38
1644311078922398000,214.5,1,214.0,102,215.0,30,1,2022-02-08 09:04:38
1644311079167218000,214.5,1,214.0,102,215.0,31,1,2022-02-08 09:04:39
1644311079269749000,214.5,1,214.5,2,215.0,31,2,2022-02-08 09:04:39
1644311079288005000,214.5,1,214.5,1,215.0,31,2,2022-02-08 09:04:39
1644311079501964000,214.5,1,214.0,102,215.0,32,2,2022-02-08 09:04:39
1644311079731708000,214.5,1,214.0,102,215.0,32,2,2022-02-08 09:04:39
1644311080087357000,214.5,10,214.0,103,215.0,33,1,2022-02-08 09:04:40
1644311080750237000,214.5,1,214.0,103,214.5,1,2,2022-02-08 09:04:40
1644311080780200000,214.5,1,214.0,103,214.5,2,1,2022-02-08 09:04:40
1644311080791177000,214.5,2,214.0,103,215.0,34,1,2022-02-08 09:04:40
1644311081308930000,214.5,2,214.0,111,215.0,34,1,2022-02-08 09:04:41
1644311081412011000,214.5,3,214.0,111,215.0,34,1,2022-02-08 09:04:41
1644311081714204000,215.0,1,214.5,1,215.0,33,1,2022-02-08 09:04:41
1644311081950270000,214.5,1,214.5,2,215.0,33,2,2022-02-08 09:04:41
1644311081967235000,214.5,1,214.5,1,215.0,33,2,2022-02-08 09:04:41
1644311081986168000,214.5,1,214.0,111,215.0,33,2,2022-02-08 09:04:41
1644311082582377000,214.0,1,214.0,110,215.0,33,2,2022-02-08 09:04:42
1644311084029207000,214.5,1,214.5,2,215.0,36,2,2022-02-08 09:04:44
1644311084761235000,214.5,1,214.5,3,215.0,36,2,2022-02-08 09:04:44
1644311084788438000,214.5,2,214.5,1,215.0,36,2,2022-02-08 09:04:44
1644311085331665000,215.0,4,214.5,1,215.0,33,1,2022-02-08 09:04:45
1644311085624935000,214.5,1,214.0,116,215.0,33,2,2022-02-08 09:04:45
1644311085789093000,214.5,1,214.0,119,214.5,1,1,2022-02-08 09:04:45
1644311085808524000,214.5,1,214.0,119,215.0,33,1,2022-02-08 09:04:45
1644311085812542000,215.0,1,214.0,119,215.0,32,1,2022-02-08 09:04:45
1644311086205668000,214.5,1,214.5,9,215.0,32,2,2022-02-08 09:04:46
1644311086616465000,214.5,5,214.5,4,215.0,33,2,2022-02-08 09:04:46
1644311086663767000,214.5,1,214.5,3,215.0,33,2,2022-02-08 09:04:46
1644311087615724000,214.5,2,214.5,6,215.0,36,2,2022-02-08 09:04:47
1644311087944588000,214.5,1,214.5,5,215.0,36,2,2022-02-08 09:04:47
1644311088459397000,214.5,1,214.5,5,215.0,36,2,2022-02-08 09:04:48
1644311089683402000,215.0,2,214.5,9,215.0,35,1,2022-02-08 09:04:49
1644311089790193000,214.5,9,214.0,119,214.5,1,2,2022-02-08 09:04:49
1644311089822640000,214.5,1,214.0,119,215.0,35,1,2022-02-08 09:04:49
1644311090063948000,214.0,2,214.0,117,215.0,35,2,2022-02-08 09:04:50
1644311090171450000,214.0,1,214.0,116,215.0,35,2,2022-02-08 09:04:50
1644311090677058000,214.5,1,214.0,116,215.0,35,1,2022-02-08 09:04:50
1644311091053686000,214.5,1,214.0,116,215.0,35,2,2022-02-08 09:04:51
1644311091375272000,214.0,1,214.0,115,215.0,37,2,2022-02-08 09:04:51
1644311092805850000,215.0,1,214.5,1,215.0,37,1,2022-02-08 09:04:52
1644311093126211000,214.5,1,214.0,117,215.0,38,2,2022-02-08 09:04:53
1644311093275275000,214.5,5,214.0,117,215.0,38,1,2022-02-08 09:04:53
1644311094171605000,214.5,1,214.5,2,215.0,39,2,2022-02-08 09:04:54
1644311094362639000,214.5,1,214.5,1,215.0,39,2,2022-02-08 09:04:54
1644311094969482000,214.5,2,214.5,2,215.0,39,2,2022-02-08 09:04:54
1644311095803869000,214.5,1,214.5,1,215.0,39,2,2022-02-08 09:04:55
1644311096011074000,214.5,1,214.5,5,215.0,39,2,2022-02-08 09:04:56
1644311096208972000,214.5,1,214.5,4,215.0,39,2,2022-02-08 09:04:56
1644311097030709000,214.5,1,214.5,7,215.0,39,2,2022-02-08 09:04:57
1644311097325593000,214.5,1,214.5,7,215.0,39,2,2022-02-08 09:04:57
1644311097448892000,214.5,1,214.5,11,215.0,39,2,2022-02-08 09:04:57
1644311097537886000,214.5,2,214.5,9,215.0,39,2,2022-02-08 09:04:57
1644311099632105000,214.5,14,214.0,124,215.0,43,2,2022-02-08 09:04:59
1644311100313454000,214.5,1,214.5,3,215.0,44,2,2022-02-08 09:05:00
1644311100418161000,214.5,1,214.5,2,215.0,44,2,2022-02-08 09:05:00
1644311100477618000,214.5,1,214.5,1,215.0,44,2,2022-02-08 09:05:00
1644311100519538000,214.5,1,214.0,123,215.0,44,2,2022-02-08 09:05:00
1644311100755874000,214.5,1,214.0,123,215.0,44,2,2022-02-08 09:05:00
1644311100919544000,214.5,1,214.0,123,215.0,45,1,2022-02-08 09:05:00
1644311101208819000,214.5,1,214.5,1,215.0,49,2,2022-02-08 09:05:01
1644311101246578000,214.5,1,214.0,123,215.0,48,2,2022-02-08 09:05:01
1644311101948101000,214.5,1,214.0,124,215.0,49,2,2022-02-08 09:05:01
1644311102328820000,214.5,1,214.5,10,215.0,49,2,2022-02-08 09:05:02
1644311102553370000,214.5,2,214.5,8,215.0,49,2,2022-02-08 09:05:02
1644311102619997000,214.5,5,214.5,3,215.0,49,2,2022-02-08 09:05:02
1644311102679880000,214.5,1,214.5,2,215.0,49,2,2022-02-08 09:05:02
1644311103633244000,214.5,1,214.5,1,215.0,48,2,2022-02-08 09:05:03
1644311104046451000,215.0,10,214.5,1,215.0,38,1,2022-02-08 09:05:04
1644311104698300000,214.5,1,214.5,1,215.0,38,2,2022-02-08 09:05:04
1644311105068897000,214.5,2,214.5,4,215.0,38,2,2022-02-08 09:05:05
1644311105940142000,214.5,1,214.5,7,215.0,37,2,2022-02-08 09:05:05
1644311106276018000,214.5,1,214.5,5,215.0,37,2,2022-02-08 09:05:06
1644311106830661000,214.5,1,214.5,7,215.0,37,2,2022-02-08 09:05:06
1644311110391188000,215.0,1,214.5,20,215.0,36,1,2022-02-08 09:05:10
1644311110531219000,214.5,4,214.5,16,215.0,36,2,2022-02-08 09:05:10
1644311110885688000,214.5,1,214.5,17,215.0,36,2,2022-02-08 09:05:10
1644311111179596000,214.5,1,214.5,17,215.0,36,2,2022-02-08 09:05:11
1644311111315809000,215.0,36,214.5,18,215.5,25,1,2022-02-08 09:05:11
1644311111552242000,215.0,1,214.5,21,215.5,25,1,2022-02-08 09:05:11
1644311113150224000,215.0,1,215.0,6,215.5,25,2,2022-02-08 09:05:13
1644311113334407000,215.0,2,215.0,6,215.5,25,2,2022-02-08 09:05:13
1644311113837860000,215.5,1,215.0,6,215.5,24,1,2022-02-08 09:05:13
1644311116077746000,215.5,1,215.0,7,215.5,28,1,2022-02-08 09:05:16
1644311117450005000,215.0,1,215.0,10,215.5,29,2,2022-02-08 09:05:17
1644311117777166000,215.0,3,215.0,7,215.5,33,2,2022-02-08 09:05:17
1644311117928567000,215.5,2,215.0,7,215.5,31,1,2022-02-08 09:05:17
1644311119409548000,215.5,1,215.0,106,215.5,30,1,2022-02-08 09:05:19
1644311120795448000,215.0,1,215.0,107,215.5,30,2,2022-02-08 09:05:20
1644311121094707000,215.5,1,215.0,107,215.5,29,1,2022-02-08 09:05:21
1644311121808704000,215.5,5,215.0,107,215.5,25,1,2022-02-08 09:05:21
1644311122230715000,215.5,3,215.0,107,215.5,32,1,2022-02-08 09:05:22
1644311123487761000,215.5,1,215.0,116,215.5,31,1,2022-02-08 09:05:23
1644311123977782000,215.5,1,215.0,116,215.5,30,1,2022-02-08 09:05:23
1644311124277675000,215.5,3,215.0,117,215.5,28,1,2022-02-08 09:05:24
1644311124394269000,215.0,2,215.0,115,215.5,28,2,2022-02-08 09:05:24
1644311124469009000,215.5,1,215.0,115,215.5,27,1,2022-02-08 09:05:24
1644311124786088000,215.5,1,215.0,116,215.5,26,1,2022-02-08 09:05:24
1644311125323087000,215.5,2,215.0,116,215.5,24,1,2022-02-08 09:05:25
1644311126166140000,215.5,1,215.0,117,215.5,27,1,2022-02-08 09:05:26
1644311126719904000,215.5,1,215.0,117,215.5,26,1,2022-02-08 09:05:26
1644311126877435000,215.5,1,215.0,117,215.5,25,1,2022-02-08 09:05:26
1644311127024363000,215.5,1,215.0,117,215.5,24,1,2022-02-08 09:05:27
1644311127070455000,215.5,2,215.0,115,215.5,22,1,2022-02-08 09:05:27
1644311127597388000,215.5,1,215.0,115,215.5,22,1,2022-02-08 09:05:27
1644311127733663000,215.5,1,215.0,115,215.5,21,1,2022-02-08 09:05:27
1644311128469088000,215.5,14,215.0,117,215.5,8,1,2022-02-08 09:05:28
1644311128637615000,215.5,1,215.0,117,215.5,7,1,2022-02-08 09:05:28
1644311128732430000,215.5,1,215.0,117,215.5,6,1,2022-02-08 09:05:28
1644311129094816000,215.5,1,215.0,117,215.5,5,1,2022-02-08 09:05:29
1644311129210947000,215.5,2,215.0,117,215.5,3,1,2022-02-08 09:05:29
1644311129258247000,215.5,3,215.0,117,216.0,54,1,2022-02-08 09:05:29
1644311129517044000,216.0,5,215.5,2,216.0,49,1,2022-02-08 09:05:29
1644311130645155000,215.5,1,215.5,18,216.0,49,2,2022-02-08 09:05:30
1644311131097438000,215.5,1,215.5,20,216.0,49,2,2022-02-08 09:05:31
1644311131149822000,215.5,20,215.0,121,216.0,49,2,2022-02-08 09:05:31
1644311131688957000,215.5,1,215.0,121,216.0,49,1,2022-02-08 09:05:31
1644311134630677000,215.5,1,215.0,121,215.5,1,1,2022-02-08 09:05:34
1644311136908499000,215.5,1,215.0,124,215.5,1,1,2022-02-08 09:05:36
1644311136983566000,215.5,1,215.0,124,216.0,51,1,2022-02-08 09:05:36
1644311140551475000,215.5,1,215.5,107,216.0,52,2,2022-02-08 09:05:40
1644311148686823000,216.0,1,215.5,128,216.0,50,1,2022-02-08 09:05:48
1644311149150655000,216.0,1,215.5,128,216.0,49,1,2022-02-08 09:05:49
1644311149235180000,216.0,1,215.5,128,216.0,48,1,2022-02-08 09:05:49
1644311149247941000,215.5,1,215.5,127,216.0,48,2,2022-02-08 09:05:49
1644311149647821000,216.0,1,215.5,127,216.0,47,1,2022-02-08 09:05:49
1644311150794958000,216.0,1,215.5,128,216.0,46,1,2022-02-08 09:05:50
1644311151030885000,216.0,5,215.5,129,216.0,41,1,2022-02-08 09:05:51
1644311152563211000,216.0,1,215.5,129,216.0,42,1,2022-02-08 09:05:52
1644311153091214000,216.0,1,215.5,129,216.0,41,1,2022-02-08 09:05:53
1644311153386674000,216.0,1,215.5,129,216.0,40,1,2022-02-08 09:05:53
1644311154345737000,216.0,1,215.5,129,216.0,41,1,2022-02-08 09:05:54
1644311154837424000,216.0,1,215.5,128,216.0,41,1,2022-02-08 09:05:54
1644311154947973000,216.0,3,215.5,128,216.0,38,1,2022-02-08 09:05:54
1644311155562524000,216.0,1,215.5,128,216.0,37,1,2022-02-08 09:05:55
1644311158134390000,216.0,1,215.5,142,216.0,39,1,2022-02-08 09:05:58
1644311159276498000,216.0,2,215.5,143,216.0,37,1,2022-02-08 09:05:59
1644311159679161000,216.0,2,215.5,143,216.0,35,1,2022-02-08 09:05:59
1644311160018288000,216.0,1,215.5,142,216.0,35,1,2022-02-08 09:06:00
1644311160055482000,216.0,1,215.5,142,216.0,34,1,2022-02-08 09:06:00
1644311160377086000,216.0,2,215.5,142,216.0,32,1,2022-02-08 09:06:00
1644311160469955000,216.0,1,215.5,142,216.0,31,1,2022-02-08 09:06:00
1644311160769368000,216.0,3,215.5,142,216.0,30,1,2022-02-08 09:06:00
1644311160888966000,216.0,1,215.5,142,216.0,29,1,2022-02-08 09:06:00
1644311161349892000,216.0,4,215.5,142,216.0,26,1,2022-02-08 09:06:01
1644311161433411000,216.0,1,215.5,142,216.0,25,1,2022-02-08 09:06:01
1644311162009742000,216.0,1,215.5,144,216.0,24,1,2022-02-08 09:06:02
1644311162408154000,216.0,24,215.5,145,216.5,81,1,2022-02-08 09:06:02
1644311162408154000,216.5,92,215.5,145,216.5,81,1,2022-02-08 09:06:02
1644311162546181000,216.5,1,215.5,149,216.5,80,1,2022-02-08 09:06:02
1644311163160963000,216.0,2,215.5,149,216.5,80,2,2022-02-08 09:06:03
1644311163289316000,216.0,1,215.5,149,216.5,80,1,2022-02-08 09:06:03
1644311164778686000,216.0,1,216.0,16,216.5,80,2,2022-02-08 09:06:04
1644311165492037000,216.0,4,216.0,15,216.5,81,2,2022-02-08 09:06:05
1644311165735225000,216.5,1,216.0,16,216.5,80,1,2022-02-08 09:06:05
1644311169059841000,216.5,1,216.0,23,216.5,79,1,2022-02-08 09:06:09
1644311170261307000,216.5,4,216.0,27,217.0,108,1,2022-02-08 09:06:10
1644311170649478000,216.5,1,216.5,6,217.0,104,2,2022-02-08 09:06:10
1644311173214992000,217.0,2,216.5,6,217.0,100,1,2022-02-08 09:06:13
1644311173710408000,217.0,1,216.5,6,217.0,98,1,2022-02-08 09:06:13
1644311174141860000,216.5,2,216.5,4,217.0,97,2,2022-02-08 09:06:14
1644311174779996000,217.0,1,216.5,6,217.0,96,1,2022-02-08 09:06:14
1644311175208072000,216.5,4,216.5,2,217.0,90,2,2022-02-08 09:06:15
1644311175250339000,216.5,1,216.5,2,217.0,90,2,2022-02-08 09:06:15
1644311175711326000,216.5,1,216.5,1,217.0,90,2,2022-02-08 09:06:15
1644311175811436000,217.0,1,216.5,1,217.0,89,1,2022-02-08 09:06:15
1644311176913184000,216.5,1,216.5,1,217.0,87,2,2022-02-08 09:06:16
1644311177192518000,217.0,3,216.5,4,217.0,84,1,2022-02-08 09:06:17
1644311177193525000,217.0,3,216.5,4,217.0,81,1,2022-02-08 09:06:17
1644311177578745000,217.0,14,216.5,105,217.0,67,1,2022-02-08 09:06:17
1644311177607325000,217.0,5,216.5,105,217.0,62,1,2022-02-08 09:06:17
1644311177638006000,217.0,1,216.5,105,217.0,61,1,2022-02-08 09:06:17
1644311178384076000,217.0,15,216.5,109,217.0,46,1,2022-02-08 09:06:18
1644311178421779000,217.0,6,216.5,109,217.0,40,1,2022-02-08 09:06:18
1644311178606535000,217.0,1,216.5,110,217.0,39,1,2022-02-08 09:06:18
1644311178609544000,217.0,1,216.5,110,217.0,38,1,2022-02-08 09:06:18
1644311178735269000,217.0,14,216.5,110,217.0,24,1,2022-02-08 09:06:18
1644311178764348000,217.0,24,216.5,115,217.5,62,1,2022-02-08 09:06:18
1644311178801205000,217.5,1,217.0,2,217.5,61,1,2022-02-08 09:06:18
1644311178854276000,217.0,2,216.5,115,217.5,61,2,2022-02-08 09:06:18
1644311178953748000,217.5,3,216.5,115,217.5,58,1,2022-02-08 09:06:18
1644311178962688000,217.5,3,216.5,115,217.5,55,1,2022-02-08 09:06:18
1644311179158691000,217.5,2,217.0,1,217.5,53,1,2022-02-08 09:06:19
1644311179264250000,217.0,1,217.0,1,217.5,53,2,2022-02-08 09:06:19
1644311179475899000,217.5,1,217.0,2,217.5,52,1,2022-02-08 09:06:19
1644311179752527000,217.5,1,217.0,2,217.5,50,1,2022-02-08 09:06:19
1644311179935060000,217.0,2,216.5,116,217.5,50,2,2022-02-08 09:06:19
1644311180119766000,217.0,1,216.5,117,217.0,9,2,2022-02-08 09:06:20
1644311180344961000,217.0,1,216.5,117,217.0,8,1,2022-02-08 09:06:20
1644311180422595000,217.0,2,216.5,117,217.0,6,1,2022-02-08 09:06:20
1644311180445243000,217.0,1,216.5,117,217.0,5,1,2022-02-08 09:06:20
1644311180598452000,217.0,1,216.5,117,217.0,4,1,2022-02-08 09:06:20
1644311180834412000,217.0,4,216.5,117,217.5,49,1,2022-02-08 09:06:20
1644311181727095000,217.0,1,217.0,7,217.5,46,2,2022-02-08 09:06:21
1644311182063941000,217.5,1,217.0,21,217.5,40,1,2022-02-08 09:06:22
1644311182357506000,217.0,1,217.0,21,217.5,40,2,2022-02-08 09:06:22
1644311182380894000,217.5,1,217.0,21,217.5,39,1,2022-02-08 09:06:22
1644311182614978000,217.5,1,217.0,21,217.5,38,1,2022-02-08 09:06:22
1644311183090181000,217.5,1,217.0,21,217.5,37,1,2022-02-08 09:06:23
1644311183797772000,217.0,1,217.0,24,217.5,36,2,2022-02-08 09:06:23
1644311184099691000,217.5,2,217.0,25,217.5,34,1,2022-02-08 09:06:24
1644311184142409000,217.5,1,217.0,25,217.5,33,1,2022-02-08 09:06:24
1644311184421272000,217.5,1,217.0,25,217.5,32,1,2022-02-08 09:06:24
1644311184874094000,217.5,32,217.0,27,218.0,76,1,2022-02-08 09:06:24
1644311184874094000,218.0,169,217.0,27,218.0,76,1,2022-02-08 09:06:24
1644311185932994000,218.0,5,217.5,3,218.0,71,1,2022-02-08 09:06:25
1644311186446148000,217.5,1,217.5,4,218.0,71,2,2022-02-08 09:06:26
1644311186483567000,217.5,1,217.5,3,218.0,71,2,2022-02-08 09:06:26
1644311186719011000,218.0,1,217.5,3,218.0,70,1,2022-02-08 09:06:26
1644311187444787000,218.0,1,217.5,5,218.0,70,1,2022-02-08 09:06:27
1644311187556424000,218.0,1,217.5,5,218.0,69,1,2022-02-08 09:06:27
1644311187571366000,217.5,1,217.5,4,218.0,69,2,2022-02-08 09:06:27
1644311187686386000,217.5,1,217.5,4,218.0,70,2,2022-02-08 09:06:27
1644311188315399000,218.0,1,217.5,5,218.0,69,1,2022-02-08 09:06:28
1644311188394956000,218.0,1,217.5,84,218.0,68,1,2022-02-08 09:06:28
1644311188447312000,218.0,1,217.5,85,218.0,67,1,2022-02-08 09:06:28
1644311188483635000,218.0,1,217.5,85,218.0,66,1,2022-02-08 09:06:28
1644311188594561000,218.0,2,217.5,85,218.0,64,1,2022-02-08 09:06:28
1644311188790882000,218.0,1,217.5,85,218.0,63,1,2022-02-08 09:06:28
1644311188842861000,218.0,2,217.5,85,218.0,61,1,2022-02-08 09:06:28
1644311188853693000,218.0,1,217.5,85,218.0,60,1,2022-02-08 09:06:28
1644311188979499000,217.5,2,217.5,84,218.0,61,2,2022-02-08 09:06:28
1644311189013203000,217.5,1,217.5,83,218.0,61,2,2022-02-08 09:06:29
1644311189154185000,218.0,1,217.5,90,218.0,60,1,2022-02-08 09:06:29
1644311189176646000,218.0,1,217.5,90,218.0,59,1,2022-02-08 09:06:29
1644311189234072000,218.0,1,217.5,91,218.0,58,1,2022-02-08 09:06:29
1644311189277819000,218.0,1,217.5,267,218.0,57,1,2022-02-08 09:06:29
1644311189406750000,218.0,1,217.5,443,218.0,56,1,2022-02-08 09:06:29
1644311189442574000,218.0,1,217.5,443,218.0,55,1,2022-02-08 09:06:29
1644311189671194000,218.0,1,217.5,443,218.0,55,1,2022-02-08 09:06:29
1644311189738623000,218.0,3,217.5,443,218.0,52,1,2022-02-08 09:06:29
1644311189911359000,218.0,2,217.5,444,218.0,50,1,2022-02-08 09:06:29
1644311190017112000,217.5,2,217.5,452,218.0,50,2,2022-02-08 09:06:30
1644311190061888000,218.0,1,217.5,452,218.0,49,1,2022-02-08 09:06:30
1644311190150382000,218.0,5,217.5,453,218.0,44,1,2022-02-08 09:06:30
1644311190318722000,218.0,1,217.5,458,218.0,44,1,2022-02-08 09:06:30
1644311190400033000,218.0,1,217.5,458,218.0,43,1,2022-02-08 09:06:30
1644311190484765000,217.5,1,217.5,458,218.0,43,2,2022-02-08 09:06:30
1644311190703210000,218.0,1,217.5,460,218.0,42,1,2022-02-08 09:06:30
1644311190720680000,218.0,1,217.5,460,218.0,41,1,2022-02-08 09:06:30
1644311190785620000,218.0,2,217.5,460,218.0,39,1,2022-02-08 09:06:30
1644311190866170000,218.0,15,217.5,460,218.0,24,1,2022-02-08 09:06:30
1644311190869394000,218.0,1,217.5,460,218.0,23,1,2022-02-08 09:06:30
1644311191115537000,218.0,5,217.5,107,218.0,18,1,2022-02-08 09:06:31
1644311191134181000,218.0,1,217.5,107,218.0,17,1,2022-02-08 09:06:31
1644311191148082000,217.5,1,217.5,107,218.0,17,2,2022-02-08 09:06:31
1644311191270622000,218.0,1,217.5,106,218.0,17,1,2022-02-08 09:06:31
1644311191287385000,218.0,1,217.5,106,218.0,16,1,2022-02-08 09:06:31
1644311191315983000,218.0,1,217.5,106,218.0,15,1,2022-02-08 09:06:31
1644311191328354000,218.0,1,217.5,106,218.0,14,1,2022-02-08 09:06:31
1644311191424358000,218.0,2,217.5,107,218.0,12,1,2022-02-08 09:06:31
1644311191722414000,218.0,1,217.5,116,218.0,14,1,2022-02-08 09:06:31
1644311191778317000,218.0,1,217.5,116,218.0,13,1,2022-02-08 09:06:31
1644311191818472000,218.0,1,217.5,116,218.0,12,1,2022-02-08 09:06:31
1644311191818941000,218.0,1,217.5,116,218.0,11,1,2022-02-08 09:06:31
1644311191856667000,218.0,5,217.5,116,218.0,6,1,2022-02-08 09:06:31
1644311191890268000,218.0,5,217.5,117,218.0,1,1,2022-02-08 09:06:31
1644311191997779000,218.0,1,217.5,118,218.5,55,1,2022-02-08 09:06:31
1644311192128202000,218.5,3,218.0,4,218.5,55,1,2022-02-08 09:06:32
1644311192194506000,218.0,1,218.0,3,218.5,55,2,2022-02-08 09:06:32
1644311192376558000,218.0,1,218.0,4,218.5,56,2,2022-02-08 09:06:32
1644311192588954000,218.0,1,218.0,7,218.5,56,2,2022-02-08 09:06:32
1644311192795241000,218.5,1,218.0,10,218.5,54,1,2022-02-08 09:06:32
1644311192844235000,218.5,1,218.0,10,218.5,53,1,2022-02-08 09:06:32
1644311193739547000,218.0,1,218.0,23,218.5,49,2,2022-02-08 09:06:33
1644311194080323000,218.0,5,218.0,21,218.5,49,2,2022-02-08 09:06:34
1644311194171527000,218.0,4,218.0,18,218.5,49,2,2022-02-08 09:06:34
1644311194447741000,218.0,5,218.0,15,218.5,48,2,2022-02-08 09:06:34
1644311194697274000,218.5,1,218.0,18,218.5,46,1,2022-02-08 09:06:34
1644311194704608000,218.5,1,218.0,18,218.5,45,1,2022-02-08 09:06:34
1644311195402904000,218.5,2,218.0,24,218.5,41,1,2022-02-08 09:06:35
1644311195766669000,218.0,1,218.0,34,218.5,56,2,2022-02-08 09:06:35
1644311195927320000,218.5,1,218.0,35,218.5,55,1,2022-02-08 09:06:35
1644311195972564000,218.0,35,217.5,124,218.0,2,2,2022-02-08 09:06:35
1644311196045901000,218.0,1,217.5,124,218.0,2,1,2022-02-08 09:06:36
1644311196052031000,218.0,2,218.0,2,218.5,55,1,2022-02-08 09:06:36
1644311196131835000,218.5,3,218.0,3,218.5,52,1,2022-02-08 09:06:36
1644311196430235000,218.5,1,218.0,48,218.5,51,1,2022-02-08 09:06:36
1644311196533765000,218.0,10,218.0,39,218.5,51,2,2022-02-08 09:06:36
1644311196652693000,218.5,1,218.0,39,218.5,50,1,2022-02-08 09:06:36
1644311196695417000,218.5,1,218.0,39,218.5,49,1,2022-02-08 09:06:36
1644311196962709000,218.0,39,217.5,48,218.5,48,2,2022-02-08 09:06:36
1644311197276551000,218.0,1,217.5,52,218.0,3,1,2022-02-08 09:06:37
1644311197379537000,218.0,1,217.5,52,218.0,2,1,2022-02-08 09:06:37
1644311197396989000,218.0,1,217.5,51,218.0,1,1,2022-02-08 09:06:37
1644311197594628000,218.0,1,217.5,51,218.5,53,1,2022-02-08 09:06:37
1644311197712020000,218.5,1,218.0,3,218.5,54,1,2022-02-08 09:06:37
1644311197909757000,218.0,1,218.0,3,218.5,54,2,2022-02-08 09:06:37
1644311197913334000,218.0,3,217.5,56,218.0,7,2,2022-02-08 09:06:37
1644311197954859000,218.0,1,217.5,56,218.0,6,1,2022-02-08 09:06:37
1644311197958804000,218.0,1,217.5,56,218.0,5,1,2022-02-08 09:06:37
1644311197998422000,218.0,1,217.5,56,218.0,5,1,2022-02-08 09:06:37
1644311198008078000,218.0,1,217.5,56,218.0,4,1,2022-02-08 09:06:38
1644311198125568000,218.0,2,217.5,54,218.0,49,1,2022-02-08 09:06:38
1644311198274567000,218.0,1,217.5,54,218.0,50,1,2022-02-08 09:06:38
1644311198431129000,218.0,4,217.5,54,218.0,46,1,2022-02-08 09:06:38
1644311198442088000,218.0,3,217.5,54,218.0,43,1,2022-02-08 09:06:38
1644311198482322000,218.0,2,217.5,54,218.0,41,1,2022-02-08 09:06:38
1644311198542332000,218.0,1,217.5,54,218.0,40,1,2022-02-08 09:06:38
1644311198570085000,218.0,1,217.5,54,218.0,39,1,2022-02-08 09:06:38
1644311198690017000,218.0,1,217.5,54,218.0,42,1,2022-02-08 09:06:38
1644311198825227000,218.0,2,217.5,54,218.0,42,1,2022-02-08 09:06:38
1644311199133300000,218.0,5,217.5,54,218.0,39,1,2022-02-08 09:06:39
1644311199209290000,218.0,1,217.5,54,218.0,38,1,2022-02-08 09:06:39
1644311199276520000,218.0,1,217.5,54,218.0,39,1,2022-02-08 09:06:39
1644311199302721000,218.0,1,217.5,54,218.0,39,1,2022-02-08 09:06:39
1644311199326709000,218.0,1,217.5,54,218.0,38,1,2022-02-08 09:06:39
1644311199571299000,218.0,1,217.5,128,218.0,41,1,2022-02-08 09:06:39
1644311199626802000,218.0,1,217.5,128,218.0,40,1,2022-02-08 09:06:39
1644311199678323000,218.0,1,217.5,128,218.0,39,1,2022-02-08 09:06:39
1644311199815355000,217.5,1,217.5,164,218.0,42,2,2022-02-08 09:06:39
1644311199919537000,218.0,1,217.5,164,218.0,44,1,2022-02-08 09:06:39
1644311199988471000,218.0,1,217.5,164,218.0,43,1,2022-02-08 09:06:39
1644311200039321000,218.0,1,217.5,164,218.0,42,1,2022-02-08 09:06:40
1644311200167405000,218.0,3,217.5,165,218.0,39,1,2022-02-08 09:06:40
1644311200255075000,218.0,2,217.5,163,218.0,37,1,2022-02-08 09:06:40
1644311200325811000,218.0,1,217.5,163,218.0,36,1,2022-02-08 09:06:40
1644311200446651000,217.5,1,217.5,162,218.0,36,2,2022-02-08 09:06:40
1644311200503491000,218.0,1,217.5,162,218.0,36,1,2022-02-08 09:06:40
1644311200542562000,218.0,1,217.5,162,218.0,35,1,2022-02-08 09:06:40
1644311200634126000,218.0,1,217.5,162,218.0,34,1,2022-02-08 09:06:40
1644311200676699000,218.0,1,217.5,162,218.0,33,1,2022-02-08 09:06:40
1644311200834228000,218.0,1,217.5,163,218.0,32,1,2022-02-08 09:06:40
1644311200840486000,218.0,1,217.5,163,218.0,31,1,2022-02-08 09:06:40
1644311200920810000,218.0,1,217.5,163,218.0,30,1,2022-02-08 09:06:40
1644311200926036000,218.0,1,217.5,163,218.0,29,1,2022-02-08 09:06:40
1644311201053610000,218.0,1,217.5,163,218.0,28,1,2022-02-08 09:06:41
1644311201217469000,218.0,3,217.5,163,218.0,28,1,2022-02-08 09:06:41
1644311201488741000,218.0,1,217.5,164,218.0,26,1,2022-02-08 09:06:41
1644311201560760000,218.0,1,217.5,164,218.0,24,1,2022-02-08 09:06:41
1644311201615595000,218.0,1,217.5,164,218.0,23,1,2022-02-08 09:06:41
1644311201625014000,218.0,1,217.5,164,218.0,22,1,2022-02-08 09:06:41
1644311201860287000,218.0,10,217.5,164,218.0,12,1,2022-02-08 09:06:41
1644311201999640000,218.0,1,217.5,164,218.0,11,1,2022-02-08 09:06:41
1644311202025761000,218.0,2,217.5,164,218.0,9,1,2022-02-08 09:06:42
1644311202068715000,217.5,1,217.5,163,218.0,9,2,2022-02-08 09:06:42
1644311202307632000,218.0,1,217.5,165,218.0,8,1,2022-02-08 09:06:42
1644311202410462000,218.0,1,217.5,165,218.0,7,1,2022-02-08 09:06:42
1644311202453016000,218.0,2,217.5,165,218.0,5,1,2022-02-08 09:06:42
1644311202691319000,218.0,2,217.5,168,218.0,4,1,2022-02-08 09:06:42
1644311202866137000,218.0,1,217.5,57,218.0,3,1,2022-02-08 09:06:42
1644311203027511000,218.0,3,218.0,2,218.5,50,1,2022-02-08 09:06:43
1644311203324478000,218.0,3,218.0,1,218.5,53,2,2022-02-08 09:06:43
1644311203451123000,218.0,23,218.0,1,218.5,53,2,2022-02-08 09:06:43
1644311203546729000,218.5,1,218.0,2,218.5,52,1,2022-02-08 09:06:43
1644311203575754000,218.5,1,218.0,2,218.5,51,1,2022-02-08 09:06:43
1644311203629487000,218.5,1,218.0,3,218.5,50,1,2022-02-08 09:06:43
1644311204288118000,218.5,1,218.0,23,218.5,50,1,2022-02-08 09:06:44
1644311204417790000,218.5,1,218.0,23,218.5,49,1,2022-02-08 09:06:44
1644311204445811000,218.0,1,218.0,22,218.5,49,2,2022-02-08 09:06:44
1644311204532666000,218.0,1,218.0,22,218.5,49,2,2022-02-08 09:06:44
1644311204650796000,218.0,1,218.0,21,218.5,49,2,2022-02-08 09:06:44
1644311204689480000,218.0,1,218.0,21,218.5,49,2,2022-02-08 09:06:44
1644311205537907000,218.5,1,218.0,52,218.5,54,1,2022-02-08 09:06:45
1644311205730572000,218.0,1,218.0,51,218.5,54,2,2022-02-08 09:06:45
1644311205794442000,218.0,15,218.0,36,218.5,54,2,2022-02-08 09:06:45
1644311205885929000,218.5,1,218.0,36,218.5,53,1,2022-02-08 09:06:45
1644311206287821000,218.0,1,218.0,37,218.5,54,2,2022-02-08 09:06:46
1644311206398471000,218.0,4,218.0,33,218.5,54,2,2022-02-08 09:06:46
1644311206431640000,218.0,1,218.0,32,218.5,54,2,2022-02-08 09:06:46
1644311206432226000,218.0,1,218.0,31,218.5,54,2,2022-02-08 09:06:46
1644311206567382000,218.0,1,218.0,32,218.5,54,2,2022-02-08 09:06:46
1644311206605612000,218.0,1,218.0,31,218.5,54,2,2022-02-08 09:06:46
1644311206626502000,218.0,1,218.0,31,218.5,54,2,2022-02-08 09:06:46
1644311206703531000,218.0,1,218.0,30,218.5,54,2,2022-02-08 09:06:46
1644311207419602000,218.0,1,218.0,33,218.5,69,2,2022-02-08 09:06:47
1644311207616816000,218.0,1,218.0,33,218.5,69,2,2022-02-08 09:06:47
1644311207897961000,218.5,4,218.0,37,218.5,415,1,2022-02-08 09:06:47
1644311208102872000,218.0,4,218.0,34,218.5,416,2,2022-02-08 09:06:48
1644311208126698000,218.5,2,218.0,34,218.5,414,1,2022-02-08 09:06:48
1644311208307935000,218.5,350,218.0,35,218.5,65,1,2022-02-08 09:06:48
1644311208372027000,218.5,1,218.0,35,218.5,64,1,2022-02-08 09:06:48
1644311208373770000,218.5,1,218.0,35,218.5,63,1,2022-02-08 09:06:48
1644311208925289000,218.0,5,218.0,31,218.5,63,2,2022-02-08 09:06:48
1644311209510037000,218.0,1,218.0,44,218.5,63,2,2022-02-08 09:06:49
1644311209670609000,218.5,1,218.0,45,218.5,62,1,2022-02-08 09:06:49
1644311209912547000,218.0,1,218.0,46,218.5,62,2,2022-02-08 09:06:49
1644311210089575000,218.5,2,218.0,46,218.5,65,1,2022-02-08 09:06:50
1644311210095801000,218.0,24,218.0,22,218.5,65,2,2022-02-08 09:06:50
1644311210119841000,218.0,1,218.0,22,218.5,65,2,2022-02-08 09:06:50
1644311210122149000,218.0,1,218.0,21,218.5,66,2,2022-02-08 09:06:50
1644311210123194000,218.0,1,218.0,20,218.5,66,2,2022-02-08 09:06:50
1644311210137310000,218.0,1,218.0,19,218.5,66,2,2022-02-08 09:06:50
1644311210153418000,218.0,1,218.0,18,218.5,66,2,2022-02-08 09:06:50
1644311210305573000,218.5,1,218.0,18,218.5,65,1,2022-02-08 09:06:50
1644311210804499000,218.5,1,218.0,23,218.5,64,1,2022-02-08 09:06:50
1644311210900560000,218.0,1,218.0,22,218.5,64,2,2022-02-08 09:06:50
1644311211315586000,218.0,1,218.0,24,218.5,64,2,2022-02-08 09:06:51
1644311211320416000,218.0,1,218.0,23,218.5,64,2,2022-02-08 09:06:51
1644311211342801000,218.0,1,218.0,22,218.5,64,2,2022-02-08 09:06:51
1644311211576554000,218.5,1,218.0,24,218.5,63,1,2022-02-08 09:06:51
1644311211587187000,218.5,1,218.0,24,218.5,63,1,2022-02-08 09:06:51
1644311211605674000,218.5,5,218.0,24,218.5,58,1,2022-02-08 09:06:51
1644311211620281000,218.5,10,218.0,24,218.5,48,1,2022-02-08 09:06:51
1644311212247863000,218.5,1,218.0,25,218.5,50,1,2022-02-08 09:06:52
1644311212250299000,218.0,1,218.0,24,218.5,50,2,2022-02-08 09:06:52
1644311212256658000,218.0,1,218.0,23,218.5,50,2,2022-02-08 09:06:52
1644311212578020000,218.5,5,218.0,23,218.5,47,1,2022-02-08 09:06:52
1644311212583706000,218.5,2,218.0,23,218.5,45,1,2022-02-08 09:06:52
1644311212627401000,218.0,1,218.0,22,218.5,45,2,2022-02-08 09:06:52
1644311212709135000,218.5,3,218.0,22,218.5,42,1,2022-02-08 09:06:52
1644311212762169000,218.5,7,218.0,22,218.5,35,1,2022-02-08 09:06:52
1644311213055566000,218.5,1,218.0,23,218.5,39,1,2022-02-08 09:06:53
1644311213330010000,218.5,1,218.0,24,218.5,39,1,2022-02-08 09:06:53
1644311213627814000,218.5,1,218.0,37,218.5,41,1,2022-02-08 09:06:53
1644311213753563000,218.5,1,218.0,37,218.5,40,1,2022-02-08 09:06:53
1644311214328787000,218.5,1,218.0,43,218.5,42,1,2022-02-08 09:06:54
1644311214411517000,218.5,1,218.0,44,218.5,42,1,2022-02-08 09:06:54
1644311214670113000,218.5,1,218.0,47,218.5,42,1,2022-02-08 09:06:54
1644311214740498000,218.5,3,218.0,47,218.5,40,1,2022-02-08 09:06:54
1644311214759644000,218.5,1,218.0,48,218.5,39,1,2022-02-08 09:06:54
1644311215004437000,218.5,3,218.0,51,218.5,37,1,2022-02-08 09:06:55
1644311215027748000,218.5,1,218.0,51,218.5,36,1,2022-02-08 09:06:55
1644311215066211000,218.5,1,218.0,51,218.5,35,1,2022-02-08 09:06:55
1644311215123604000,218.5,1,218.0,51,218.5,34,1,2022-02-08 09:06:55
1644311215390598000,218.5,1,218.0,51,218.5,34,1,2022-02-08 09:06:55
1644311215635544000,218.5,1,218.0,54,218.5,33,1,2022-02-08 09:06:55
1644311215635848000,218.5,1,218.0,54,218.5,32,1,2022-02-08 09:06:55
1644311215844907000,218.5,5,218.0,55,218.5,28,1,2022-02-08 09:06:55
1644311216108776000,218.5,1,218.0,62,218.5,28,1,2022-02-08 09:06:56
1644311216193775000,218.5,1,218.0,62,218.5,27,1,2022-02-08 09:06:56
1644311216198189000,218.5,5,218.0,62,218.5,22,1,2022-02-08 09:06:56
1644311216374191000,218.5,1,218.0,62,218.5,21,1,2022-02-08 09:06:56
1644311216678745000,218.5,5,218.0,62,218.5,17,1,2022-02-08 09:06:56
1644311216747531000,218.5,2,218.0,62,218.5,15,1,2022-02-08 09:06:56
1644311216775442000,218.5,1,218.0,62,218.5,14,1,2022-02-08 09:06:56
1644311216792190000,218.5,1,218.0,62,218.5,13,1,2022-02-08 09:06:56
1644311216903671000,218.5,2,218.0,62,218.5,11,1,2022-02-08 09:06:56
1644311216939083000,218.5,1,218.0,63,218.5,11,1,2022-02-08 09:06:56
1644311216955213000,218.5,1,218.0,63,218.5,10,1,2022-02-08 09:06:56
1644311216957430000,218.5,1,218.0,63,218.5,9,1,2022-02-08 09:06:56
1644311217064744000,218.5,1,218.0,63,218.5,8,1,2022-02-08 09:06:57
1644311217111994000,218.5,2,218.0,63,218.5,6,1,2022-02-08 09:06:57
1644311217147655000,218.5,1,218.0,63,218.5,6,1,2022-02-08 09:06:57
1644311217181165000,218.5,1,218.0,63,218.5,5,1,2022-02-08 09:06:57
1644311217529077000,218.5,1,218.0,140,218.5,4,1,2022-02-08 09:06:57
1644311217562323000,218.5,2,218.0,177,218.5,2,1,2022-02-08 09:06:57
1644311217593727000,218.0,1,218.0,176,218.5,2,2,2022-02-08 09:06:57
1644311217619384000,218.5,1,218.0,176,218.5,1,1,2022-02-08 09:06:57
1644311217698499000,218.5,1,218.0,186,219.0,69,1,2022-02-08 09:06:57
1644311217732543000,219.0,1,218.0,186,219.0,71,1,2022-02-08 09:06:57
1644311218207632000,218.5,10,218.0,187,218.5,27,2,2022-02-08 09:06:58
1644311218258894000,218.5,1,218.0,186,218.5,26,1,2022-02-08 09:06:58
1644311218262084000,218.5,1,218.0,186,218.5,25,1,2022-02-08 09:06:58
1644311218293241000,218.5,1,218.0,186,218.5,24,1,2022-02-08 09:06:58
1644311218360281000,218.5,1,218.0,186,218.5,23,1,2022-02-08 09:06:58
1644311218399104000,218.5,5,218.0,186,218.5,18,1,2022-02-08 09:06:58
1644311218473364000,218.5,2,218.0,187,218.5,16,1,2022-02-08 09:06:58
1644311218616868000,218.5,1,218.0,188,218.5,15,1,2022-02-08 09:06:58
1644311218642749000,218.5,1,218.0,188,218.5,14,1,2022-02-08 09:06:58
1644311218742551000,218.0,8,218.0,184,218.5,14,2,2022-02-08 09:06:58
1644311218761504000,218.5,1,218.0,184,218.5,13,1,2022-02-08 09:06:58
1644311218766498000,218.5,1,218.0,184,218.5,12,1,2022-02-08 09:06:58
1644311218794667000,218.0,1,218.0,183,218.5,12,2,2022-02-08 09:06:58
1644311218835335000,218.5,1,218.0,184,218.5,11,1,2022-02-08 09:06:58
1644311218857599000,218.5,3,218.0,184,218.5,8,1,2022-02-08 09:06:58
1644311218861163000,218.5,5,218.0,184,218.5,3,1,2022-02-08 09:06:58
1644311218900868000,218.5,1,218.0,185,218.5,2,1,2022-02-08 09:06:58
1644311218925091000,218.5,1,218.0,185,218.5,1,1,2022-02-08 09:06:58
1644311218940349000,218.5,1,218.5,1,219.0,71,1,2022-02-08 09:06:58
1644311219224677000,219.0,1,218.5,3,219.0,70,1,2022-02-08 09:06:59
1644311219273915000,219.0,1,218.5,4,219.0,69,1,2022-02-08 09:06:59
1644311219516349000,218.5,1,218.5,4,219.0,69,2,2022-02-08 09:06:59
1644311219643850000,219.0,1,218.5,4,219.0,69,1,2022-02-08 09:06:59
1644311219657720000,218.5,1,218.5,4,219.0,69,2,2022-02-08 09:06:59
1644311219825389000,218.5,1,218.5,3,219.0,68,2,2022-02-08 09:06:59
1644311219876516000,218.5,1,218.5,2,219.0,68,2,2022-02-08 09:06:59
1644311219906075000,218.5,1,218.5,1,219.0,67,2,2022-02-08 09:06:59
1644311220320363000,219.0,1,218.5,4,219.0,66,1,2022-02-08 09:07:00
1644311220350501000,219.0,1,218.5,4,219.0,65,1,2022-02-08 09:07:00
1644311220401352000,219.0,1,218.5,4,219.0,64,1,2022-02-08 09:07:00
1644311220713392000,218.5,1,218.5,5,219.0,68,2,2022-02-08 09:07:00
1644311220800926000,218.5,5,218.0,194,218.5,5,2,2022-02-08 09:07:00
1644311220856000000,218.5,1,218.0,193,218.5,4,1,2022-02-08 09:07:00
1644311220878252000,218.5,1,218.0,194,218.5,3,1,2022-02-08 09:07:00
1644311221267239000,218.5,1,218.0,196,218.5,3,1,2022-02-08 09:07:01
1644311221521777000,218.0,1,218.0,196,218.5,5,2,2022-02-08 09:07:01
1644311221749995000,218.0,1,218.0,196,218.5,5,2,2022-02-08 09:07:01
1644311221799526000,218.5,1,218.0,196,218.5,5,1,2022-02-08 09:07:01
1644311221857886000,218.5,2,218.0,194,218.5,3,1,2022-02-08 09:07:01
1644311221895635000,218.5,1,218.0,194,218.5,2,1,2022-02-08 09:07:01
1644311222489628000,218.5,1,218.0,198,218.5,2,1,2022-02-08 09:07:02
1644311222592312000,218.5,1,218.0,198,218.5,1,1,2022-02-08 09:07:02
1644311222608085000,218.5,1,218.0,200,219.0,81,1,2022-02-08 09:07:02
1644311222849276000,219.0,2,218.5,1,219.0,79,1,2022-02-08 09:07:02
1644311222997083000,218.5,1,218.0,210,218.5,4,2,2022-02-08 09:07:02
1644311223749965000,218.5,1,218.0,214,218.5,4,1,2022-02-08 09:07:03
1644311223993313000,218.5,1,218.0,218,218.5,40,1,2022-02-08 09:07:03
1644311224066351000,218.5,1,218.0,219,218.5,108,1,2022-02-08 09:07:04
1644311224151520000,218.5,1,218.0,219,218.5,107,1,2022-02-08 09:07:04
1644311224175558000,218.5,1,218.0,219,218.5,106,1,2022-02-08 09:07:04
1644311224287018000,218.5,1,218.0,229,218.5,105,1,2022-02-08 09:07:04
1644311224384811000,218.5,1,218.0,229,218.5,104,1,2022-02-08 09:07:04
1644311224522059000,218.5,5,218.0,229,218.5,105,1,2022-02-08 09:07:04
1644311224883053000,218.5,2,218.0,230,218.5,109,1,2022-02-08 09:07:04
1644311225076513000,218.5,5,218.0,233,218.5,107,1,2022-02-08 09:07:05
1644311225110501000,218.5,1,218.0,233,218.5,106,1,2022-02-08 09:07:05
1644311225233812000,218.5,3,218.0,232,218.5,103,1,2022-02-08 09:07:05
1644311225571541000,218.5,1,218.0,121,218.5,103,1,2022-02-08 09:07:05
1644311226056830000,218.0,1,218.0,120,218.5,103,2,2022-02-08 09:07:06
1644311226385294000,218.5,1,218.0,121,218.5,103,1,2022-02-08 09:07:06
1644311226769754000,218.5,1,218.0,121,218.5,102,1,2022-02-08 09:07:06
1644311226824182000,218.5,2,218.0,121,218.5,100,1,2022-02-08 09:07:06
1644311226853485000,218.5,3,218.0,121,218.5,97,1,2022-02-08 09:07:06
1644311226859942000,218.5,2,218.0,121,218.5,95,1,2022-02-08 09:07:06
1644311226879230000,218.5,1,218.0,121,218.5,94,1,2022-02-08 09:07:06
1644311227011385000,218.5,2,218.0,122,218.5,93,1,2022-02-08 09:07:07
1644311227349579000,218.5,1,218.0,121,218.5,97,1,2022-02-08 09:07:07
1644311227547305000,218.5,1,218.0,121,218.5,102,1,2022-02-08 09:07:07
1644311228525840000,218.0,3,218.0,119,218.5,103,2,2022-02-08 09:07:08
1644311228554412000,218.5,1,218.0,119,218.5,106,1,2022-02-08 09:07:08
1644311228576662000,218.0,1,218.0,118,218.5,106,2,2022-02-08 09:07:08
1644311229160764000,218.5,1,218.0,120,218.5,106,1,2022-02-08 09:07:09
1644311229544284000,218.0,1,218.0,121,218.5,106,2,2022-02-08 09:07:09
1644311229626122000,218.5,2,218.0,121,218.5,104,1,2022-02-08 09:07:09
1644311229739329000,218.5,1,218.0,121,218.5,103,1,2022-02-08 09:07:09
1644311229758914000,218.5,1,218.0,121,218.5,102,1,2022-02-08 09:07:09
1644311229830398000,218.5,1,218.0,121,218.5,101,1,2022-02-08 09:07:09
1644311229886422000,218.5,1,218.0,121,218.5,100,1,2022-02-08 09:07:09
1644311230541460000,218.5,10,218.0,122,218.5,90,1,2022-02-08 09:07:10
1644311230659849000,218.5,1,218.0,131,218.5,90,1,2022-02-08 09:07:10
1644311230959748000,218.5,1,218.0,129,218.5,90,1,2022-02-08 09:07:10
1644311231286140000,218.5,1,218.0,129,218.5,89,1,2022-02-08 09:07:11
1644311231760969000,218.5,1,218.0,130,218.5,86,1,2022-02-08 09:07:11
1644311231789715000,218.5,5,218.0,130,218.5,81,1,2022-02-08 09:07:11
1644311231796778000,218.5,1,218.0,130,218.5,80,1,2022-02-08 09:07:11
1644311232085320000,218.5,1,218.0,129,218.5,80,1,2022-02-08 09:07:12
1644311232111746000,218.0,1,218.0,128,218.5,80,2,2022-02-08 09:07:12
1644311232290036000,218.0,1,218.0,128,218.5,80,2,2022-02-08 09:07:12
1644311232352878000,218.5,1,218.0,128,218.5,79,1,2022-02-08 09:07:12
1644311232724467000,218.5,1,218.0,128,218.5,78,1,2022-02-08 09:07:12
1644311232911370000,218.5,2,218.0,128,218.5,76,1,2022-02-08 09:07:12
1644311232967112000,218.0,128,217.5,45,218.0,148,2,2022-02-08 09:07:12
1644311233002342000,217.5,5,217.5,40,218.0,148,2,2022-02-08 09:07:13
1644311233005669000,217.5,1,217.5,39,218.0,148,2,2022-02-08 09:07:13
1644311233006293000,217.5,1,217.5,38,218.0,148,2,2022-02-08 09:07:13
1644311233006492000,217.5,1,217.5,37,218.0,148,2,2022-02-08 09:07:13
1644311233007409000,217.5,1,217.5,36,218.0,148,2,2022-02-08 09:07:13
1644311233007553000,217.5,1,217.5,35,218.0,148,2,2022-02-08 09:07:13
1644311233008030000,217.5,1,217.5,34,218.0,148,2,2022-02-08 09:07:13
1644311233009124000,217.5,1,217.5,33,218.0,148,2,2022-02-08 09:07:13
1644311233018963000,217.5,1,217.5,32,218.0,148,2,2022-02-08 09:07:13
1644311233024754000,217.5,1,217.5,31,218.0,148,2,2022-02-08 09:07:13
1644311233032970000,217.5,1,217.5,30,218.0,148,2,2022-02-08 09:07:13
1644311233033253000,217.5,1,217.5,29,218.0,148,2,2022-02-08 09:07:13
1644311233033754000,217.5,1,217.5,28,218.0,148,2,2022-02-08 09:07:13
1644311233036934000,217.5,5,217.5,23,218.0,148,2,2022-02-08 09:07:13
1644311233043477000,217.5,1,217.5,22,218.0,148,2,2022-02-08 09:07:13
1644311233051547000,217.5,1,217.5,21,218.0,148,2,2022-02-08 09:07:13
1644311233056997000,217.5,1,217.5,20,218.0,149,2,2022-02-08 09:07:13
1644311233064188000,217.5,20,217.0,69,218.0,149,2,2022-02-08 09:07:13
1644311233183700000,217.0,2,217.0,64,217.5,5,2,2022-02-08 09:07:13
1644311233320310000,217.5,1,217.0,64,217.5,12,1,2022-02-08 09:07:13
1644311233383940000,217.5,1,217.0,64,217.5,11,1,2022-02-08 09:07:13
1644311233511542000,217.5,2,217.0,64,217.5,9,1,2022-02-08 09:07:13
1644311233604850000,217.5,1,217.0,64,217.5,8,1,2022-02-08 09:07:13
1644311233889306000,217.5,1,217.0,64,217.5,11,1,2022-02-08 09:07:13
1644311233903553000,217.5,1,217.0,64,217.5,10,1,2022-02-08 09:07:13
1644311233947198000,217.0,1,217.0,63,217.5,10,2,2022-02-08 09:07:13
1644311234295422000,217.5,1,217.0,63,217.5,3,1,2022-02-08 09:07:14
1644311235111342000,217.5,1,217.0,63,217.5,10,1,2022-02-08 09:07:15
1644311236549110000,217.5,5,217.0,63,217.5,2,1,2022-02-08 09:07:16
1644311237576868000,217.5,1,217.0,63,217.5,2,1,2022-02-08 09:07:17
1644311237796246000,217.5,1,217.0,63,217.5,1,1,2022-02-08 09:07:17
1644311238044920000,217.0,1,217.0,62,217.5,2,2,2022-02-08 09:07:18
1644311238141914000,217.5,2,217.0,62,218.0,27,1,2022-02-08 09:07:18
1644311238743552000,217.5,1,217.0,63,217.5,14,1,2022-02-08 09:07:18
1644311239076243000,217.5,5,217.0,63,217.5,1,1,2022-02-08 09:07:19
1644311240329572000,217.5,2,217.0,63,217.5,1,1,2022-02-08 09:07:20
1644311241133164000,217.0,1,217.0,65,217.5,1,2,2022-02-08 09:07:21
1644311241321748000,217.5,1,217.0,65,217.5,1,1,2022-02-08 09:07:21
1644311241942012000,217.0,1,217.0,65,217.5,1,2,2022-02-08 09:07:21
1644311241947280000,217.5,1,217.0,65,218.0,31,1,2022-02-08 09:07:21
1644311242720968000,217.5,1,217.5,3,218.0,32,2,2022-02-08 09:07:22
1644311243210904000,218.0,3,217.5,6,218.0,29,1,2022-02-08 09:07:23
1644311243379782000,217.5,6,217.0,106,217.5,31,2,2022-02-08 09:07:23
1644311243681998000,217.5,1,217.0,105,217.5,30,1,2022-02-08 09:07:23
1644311244276702000,217.0,1,217.0,103,217.5,32,2,2022-02-08 09:07:24
1644311244549165000,217.5,3,217.0,104,217.5,29,1,2022-02-08 09:07:24
1644311244570583000,217.0,1,217.0,103,217.5,29,2,2022-02-08 09:07:24
1644311246941383000,217.5,2,217.0,145,217.5,29,1,2022-02-08 09:07:26
1644311247405309000,217.5,1,217.0,147,217.5,28,1,2022-02-08 09:07:27
1644311247481490000,217.5,2,217.0,147,217.5,26,1,2022-02-08 09:07:27
1644311248719742000,217.5,1,217.0,149,217.5,24,1,2022-02-08 09:07:28
1644311249215271000,217.0,1,217.0,151,217.5,24,2,2022-02-08 09:07:29
1644311249248132000,217.0,1,217.0,150,217.5,25,2,2022-02-08 09:07:29
1644311249307914000,217.5,1,217.0,150,217.5,24,1,2022-02-08 09:07:29
1644311249853563000,217.0,2,217.0,150,217.5,25,2,2022-02-08 09:07:29
1644311249892805000,217.0,1,217.0,149,217.5,25,2,2022-02-08 09:07:29
1644311250625935000,217.5,5,217.0,150,217.5,21,1,2022-02-08 09:07:30
1644311251000036000,217.5,2,217.0,150,217.5,19,1,2022-02-08 09:07:31
1644311251634909000,217.5,1,217.0,150,217.5,18,1,2022-02-08 09:07:31
1644311252331022000,217.5,1,217.0,150,217.5,19,1,2022-02-08 09:07:32
1644311252659818000,217.5,10,217.0,150,217.5,9,1,2022-02-08 09:07:32
1644311254402402000,217.0,1,217.0,149,217.5,12,2,2022-02-08 09:07:34
1644311254815815000,217.5,1,217.0,150,217.5,11,1,2022-02-08 09:07:34
1644311255099183000,217.5,1,217.0,150,217.5,10,1,2022-02-08 09:07:35
1644311255113521000,217.5,1,217.0,150,217.5,9,1,2022-02-08 09:07:35
1644311255311685000,217.5,1,217.0,150,217.5,8,1,2022-02-08 09:07:35
1644311255556375000,217.5,5,217.0,150,217.5,4,1,2022-02-08 09:07:35
1644311255613838000,217.5,3,217.0,150,217.5,1,1,2022-02-08 09:07:35
1644311255842098000,217.5,1,217.0,152,218.0,62,1,2022-02-08 09:07:35
1644311256803361000,217.5,26,217.0,153,217.5,11,2,2022-02-08 09:07:36
1644311256834251000,217.5,2,217.0,153,217.5,9,1,2022-02-08 09:07:36
1644311257083113000,217.5,5,217.0,152,217.5,4,1,2022-02-08 09:07:37
1644311257414218000,217.5,1,217.0,151,217.5,4,1,2022-02-08 09:07:37
1644311257616703000,217.5,1,217.0,151,217.5,4,1,2022-02-08 09:07:37
1644311257928574000,217.5,1,217.0,151,217.5,6,1,2022-02-08 09:07:37
1644311258580969000,217.5,4,217.0,150,217.5,5,1,2022-02-08 09:07:38
1644311258651298000,217.5,4,217.0,150,217.5,2,1,2022-02-08 09:07:38
1644311258666469000,217.0,1,217.0,149,217.5,2,2,2022-02-08 09:07:38
1644311258701080000,217.5,1,217.0,149,217.5,1,1,2022-02-08 09:07:38
1644311259112225000,217.5,1,217.5,4,218.0,65,1,2022-02-08 09:07:39
1644311259320062000,218.0,1,217.5,4,218.0,64,1,2022-02-08 09:07:39
1644311259432652000,217.5,1,217.5,3,218.0,64,2,2022-02-08 09:07:39
1644311259504187000,217.5,1,217.5,3,218.0,64,2,2022-02-08 09:07:39
1644311259929355000,217.5,1,217.5,3,218.0,65,2,2022-02-08 09:07:39
1644311260172407000,217.5,6,217.0,117,217.5,31,2,2022-02-08 09:07:40
1644311260507818000,217.5,2,217.0,118,217.5,30,1,2022-02-08 09:07:40
1644311260692892000,217.5,1,217.0,118,217.5,29,1,2022-02-08 09:07:40
1644311260902631000,217.5,10,217.0,118,217.5,19,1,2022-02-08 09:07:40
1644311261239803000,217.5,1,217.0,118,217.5,18,1,2022-02-08 09:07:41
1644311261281503000,217.5,1,217.0,118,217.5,17,1,2022-02-08 09:07:41
1644311261558502000,217.5,1,217.0,118,217.5,17,1,2022-02-08 09:07:41
1644311261845173000,217.5,1,217.0,118,217.5,16,1,2022-02-08 09:07:41
1644311261880305000,217.5,1,217.0,118,217.5,15,1,2022-02-08 09:07:41
1644311261997581000,217.5,1,217.0,118,217.5,14,1,2022-02-08 09:07:41
1644311262188405000,217.5,3,217.0,118,217.5,11,1,2022-02-08 09:07:42
1644311262332552000,217.5,3,217.0,118,217.5,9,1,2022-02-08 09:07:42
1644311263378649000,217.5,1,217.0,120,217.5,8,1,2022-02-08 09:07:43
1644311263636387000,217.5,1,217.0,123,217.5,7,1,2022-02-08 09:07:43
1644311263956354000,217.5,1,217.0,123,217.5,7,1,2022-02-08 09:07:43
1644311264069262000,217.5,1,217.0,124,217.5,6,1,2022-02-08 09:07:44
1644311264136204000,217.5,6,217.0,124,218.0,33,1,2022-02-08 09:07:44
1644311264136204000,218.0,34,217.0,124,218.0,33,1,2022-02-08 09:07:44
1644311264242761000,218.0,1,217.0,125,218.0,35,1,2022-02-08 09:07:44
1644311264485923000,217.5,3,217.0,125,218.0,35,2,2022-02-08 09:07:44
1644311264738168000,217.5,2,217.0,125,218.0,35,2,2022-02-08 09:07:44
1644311265140178000,218.0,10,217.5,1,218.0,26,1,2022-02-08 09:07:45
1644311265823722000,217.5,1,217.5,3,218.0,23,2,2022-02-08 09:07:45
1644311266567614000,217.5,1,217.5,9,218.0,25,2,2022-02-08 09:07:46
1644311266681543000,217.5,9,217.0,128,217.5,28,2,2022-02-08 09:07:46
1644311266779611000,217.5,1,217.0,127,217.5,27,1,2022-02-08 09:07:46
1644311267043503000,217.5,9,217.0,127,217.5,18,1,2022-02-08 09:07:47
1644311267069102000,217.5,1,217.0,127,217.5,17,1,2022-02-08 09:07:47
1644311267092586000,217.0,1,217.0,126,217.5,17,2,2022-02-08 09:07:47
1644311267100481000,217.0,1,217.0,125,217.5,17,2,2022-02-08 09:07:47
1644311267123448000,217.0,1,217.0,124,217.5,17,2,2022-02-08 09:07:47
1644311267327380000,217.5,1,217.0,124,217.5,16,1,2022-02-08 09:07:47
1644311267448729000,217.5,1,217.0,125,217.5,15,1,2022-02-08 09:07:47
1644311267559463000,217.5,1,217.0,125,217.5,14,1,2022-02-08 09:07:47
1644311267825856000,217.5,1,217.0,125,217.5,13,1,2022-02-08 09:07:47
1644311267953384000,217.5,1,217.0,124,217.5,12,1,2022-02-08 09:07:47
1644311268871213000,217.5,2,217.0,124,217.5,11,1,2022-02-08 09:07:48
1644311269240190000,217.5,1,217.0,124,217.5,10,1,2022-02-08 09:07:49
1644311269292385000,217.5,1,217.0,124,217.5,9,1,2022-02-08 09:07:49
1644311269807286000,217.0,1,217.0,122,217.5,9,2,2022-02-08 09:07:49
1644311269890815000,217.5,1,217.0,122,217.5,8,1,2022-02-08 09:07:49
1644311269978822000,217.5,3,217.0,122,217.5,5,1,2022-02-08 09:07:49
1644311270055668000,217.5,2,217.0,122,217.5,3,1,2022-02-08 09:07:50
1644311270108048000,217.5,2,217.0,122,217.5,1,1,2022-02-08 09:07:50
1644311270479450000,217.5,1,217.5,1,218.0,27,1,2022-02-08 09:07:50
1644311271166651000,217.5,2,217.5,2,218.0,29,2,2022-02-08 09:07:51
1644311271344511000,217.5,1,217.5,1,218.0,29,2,2022-02-08 09:07:51
