ts,close,volume,bid_price,bid_volume,ask_price,ask_volume,tick_type,datetime
1661245336941017000,42.65,1849,42.5,5,42.65,136,2,2022-08-23 09:02:16
1661245336978544000,42.5,1,42.5,4,42.65,136,2,2022-08-23 09:02:16
1661245336983078000,42.5,2,42.5,2,42.65,136,2,2022-08-23 09:02:16
1661245336983227000,42.5,1,42.5,1,42.65,136,2,2022-08-23 09:02:16
1661245336983340000,42.5,1,42.3,13,42.65,136,2,2022-08-23 09:02:16
1661245336983340000,42.3,1,42.3,13,42.65,136,2,2022-08-23 09:02:16
1661245336990382000,42.3,2,42.3,11,42.65,136,2,2022-08-23 09:02:16
1661245337043410000,42.3,11,42.1,23,42.65,136,2,2022-08-23 09:02:17
1661245337043410000,42.2,4,42.1,23,42.65,136,2,2022-08-23 09:02:17
1661245337043410000,42.15,3,42.1,23,42.65,136,2,2022-08-23 09:02:17
1661245337043410000,42.1,8,42.1,23,42.65,136,2,2022-08-23 09:02:17
1661245337070532000,42.1,10,42.1,13,42.5,2,2,2022-08-23 09:02:17
1661245337091789000,42.1,1,42.1,12,42.5,2,2,2022-08-23 09:02:17
1661245337152907000,42.3,7,42.3,43,42.5,2,2,2022-08-23 09:02:17
1661245337835672000,42.3,2,42.3,42,42.5,2,2,2022-08-23 09:02:17
1661245338241938000,42.35,1,42.35,19,42.5,2,2,2022-08-23 09:02:18
1661245338301979000,42.35,10,42.35,9,42.5,2,2,2022-08-23 09:02:18
1661245338360846000,42.5,2,42.35,9,42.55,1,1,2022-08-23 09:02:18
1661245340101484000,42.35,9,42.35,9,42.5,20,2,2022-08-23 09:02:20
1661245340101484000,42.3,5,42.35,9,42.5,20,2,2022-08-23 09:02:20
1661245340134589000,42.5,20,42.3,38,42.55,1,1,2022-08-23 09:02:20
1661245340315342000,42.35,2,42.35,3,42.5,3,2,2022-08-23 09:02:20
1661245340401438000,42.35,5,42.3,23,42.5,3,2,2022-08-23 09:02:20
1661245340401438000,42.3,15,42.3,23,42.5,3,2,2022-08-23 09:02:20
1661245340629904000,42.5,3,42.3,23,42.55,1,1,2022-08-23 09:02:20
1661245340629904000,42.55,1,42.3,23,42.55,1,1,2022-08-23 09:02:20
1661245340662309000,42.55,1,42.3,23,42.6,2,1,2022-08-23 09:02:20
1661245340780797000,42.5,3,42.35,5,42.65,137,1,2022-08-23 09:02:20
1661245340780797000,42.6,2,42.35,5,42.65,137,1,2022-08-23 09:02:20
1661245341012359000,42.65,2,42.35,5,42.65,135,1,2022-08-23 09:02:21
1661245341080533000,42.35,5,41.1,32,42.65,135,2,2022-08-23 09:02:21
1661245341080533000,42.3,24,41.1,32,42.65,135,2,2022-08-23 09:02:21
1661245341080533000,42.25,1,41.1,32,42.65,135,2,2022-08-23 09:02:21
1661245341080533000,42.1,12,41.1,32,42.65,135,2,2022-08-23 09:02:21
1661245341080533000,42.0,9,41.1,32,42.65,135,2,2022-08-23 09:02:21
1661245341080533000,41.9,1,41.1,32,42.65,135,2,2022-08-23 09:02:21
1661245341080533000,41.85,1,41.1,32,42.65,135,2,2022-08-23 09:02:21
1661245341080533000,41.8,10,41.1,32,42.65,135,2,2022-08-23 09:02:21
1661245341080533000,41.75,1,41.1,32,42.65,135,2,2022-08-23 09:02:21
1661245341080533000,41.7,2,41.1,32,42.65,135,2,2022-08-23 09:02:21
1661245341080533000,41.6,30,41.1,32,42.65,135,2,2022-08-23 09:02:21
1661245341080533000,41.5,36,41.1,32,42.65,135,2,2022-08-23 09:02:21
1661245341080533000,41.4,1,41.1,32,42.65,135,2,2022-08-23 09:02:21
1661245341080533000,41.2,32,41.1,32,42.65,135,2,2022-08-23 09:02:21
1661245341246040000,42.6,1,41.1,37,42.6,5,1,2022-08-23 09:02:21
1661245461681640000,41.1,793,41.1,40,41.15,10,2,2022-08-23 09:04:21
1661245461715156000,41.15,10,41.1,40,41.2,8,1,2022-08-23 09:04:21
1661245461729749000,41.1,1,41.1,39,41.2,8,2,2022-08-23 09:04:21
1661245461774994000,41.2,4,41.1,39,41.2,4,1,2022-08-23 09:04:21
1661245461810903000,41.2,4,41.1,39,41.25,4,1,2022-08-23 09:04:21
1661245461947059000,41.25,1,41.1,39,41.25,3,1,2022-08-23 09:04:21
1661245461956104000,41.25,2,41.1,39,41.25,1,1,2022-08-23 09:04:21
1661245462449226000,41.25,1,41.1,39,41.3,11,1,2022-08-23 09:04:22
1661245462972222000,41.3,5,41.15,7,41.3,6,1,2022-08-23 09:04:22
1661245462986254000,41.3,6,41.15,7,41.35,8,1,2022-08-23 09:04:22
1661245463213965000,41.15,7,41.1,44,41.4,15,2,2022-08-23 09:04:23
1661245463213965000,41.1,2,41.1,44,41.4,15,2,2022-08-23 09:04:23
1661245464238089000,41.4,15,41.3,11,41.45,8,1,2022-08-23 09:04:24
1661245464238089000,41.45,2,41.3,11,41.45,8,1,2022-08-23 09:04:24
1661245464433533000,41.45,8,41.3,11,41.5,10,1,2022-08-23 09:04:24
1661245464575734000,41.35,1,41.3,11,41.35,2,2,2022-08-23 09:04:24
1661245464609644000,41.35,2,41.3,11,41.5,10,1,2022-08-23 09:04:24
1661245465394330000,41.5,4,41.3,11,41.5,6,1,2022-08-23 09:04:25
1661245465854515000,41.5,1,41.35,2,41.5,5,1,2022-08-23 09:04:25
1661245466453118000,41.5,5,41.35,2,41.55,11,1,2022-08-23 09:04:26
1661245466915513000,41.4,2,41.35,2,41.55,11,1,2022-08-23 09:04:26
1661245467033685000,41.35,1,41.35,2,41.55,11,2,2022-08-23 09:04:27
1661245467634179000,41.35,1,41.35,34,41.45,13,2,2022-08-23 09:04:27
1661245467874095000,41.35,1,41.35,33,41.45,13,2,2022-08-23 09:04:27
1661245467968111000,41.35,1,41.35,33,41.45,13,2,2022-08-23 09:04:27
1661245468674637000,41.4,3,41.35,37,41.4,3,1,2022-08-23 09:04:28
1661245468694153000,41.4,3,41.35,37,41.45,11,1,2022-08-23 09:04:28
1661245468694153000,41.45,2,41.35,37,41.45,11,1,2022-08-23 09:04:28
1661245468698862000,41.45,10,41.35,37,41.45,1,1,2022-08-23 09:04:28
1661245468729156000,41.45,1,41.35,37,41.55,11,1,2022-08-23 09:04:28
1661245468929442000,41.55,1,41.5,1,41.55,10,1,2022-08-23 09:04:28
1661245468985043000,41.5,1,41.35,30,41.55,10,2,2022-08-23 09:04:28
1661245468985043000,41.35,4,41.35,30,41.55,10,2,2022-08-23 09:04:28
1661245469543018000,41.4,1,41.35,33,41.4,1,1,2022-08-23 09:04:29
1661245469817361000,41.5,1,41.45,4,41.55,10,2,2022-08-23 09:04:29
1661245470079013000,41.45,2,41.45,4,41.55,10,2,2022-08-23 09:04:30
1661245470207461000,41.45,2,41.35,17,41.5,5,2,2022-08-23 09:04:30
1661245470207461000,41.4,1,41.35,17,41.5,5,2,2022-08-23 09:04:30
1661245470207461000,41.35,17,41.35,17,41.5,5,2,2022-08-23 09:04:30
1661245470685546000,41.45,2,41.35,17,41.45,3,1,2022-08-23 09:04:30
1661245470959896000,41.45,1,41.35,17,41.45,2,1,2022-08-23 09:04:30
1661245471021322000,41.45,1,41.35,17,41.45,1,1,2022-08-23 09:04:31
1661245471197244000,41.45,2,41.35,17,41.5,10,1,2022-08-23 09:04:31
1661245471197244000,41.5,3,41.35,17,41.5,10,1,2022-08-23 09:04:31
1661245471249947000,41.5,1,41.4,5,41.5,9,1,2022-08-23 09:04:31
1661245471278718000,41.5,1,41.4,5,41.5,8,1,2022-08-23 09:04:31
1661245471412586000,41.45,2,41.4,5,41.5,5,1,2022-08-23 09:04:31
1661245471412586000,41.5,3,41.4,5,41.5,5,1,2022-08-23 09:04:31
1661245471497548000,41.5,1,41.4,5,41.5,5,1,2022-08-23 09:04:31
1661245471525107000,41.5,1,41.4,5,41.5,6,1,2022-08-23 09:04:31
1661245471806608000,41.4,8,41.35,17,41.4,2,2,2022-08-23 09:04:31
1661245471885266000,41.4,2,41.4,8,41.5,5,1,2022-08-23 09:04:31
1661245471956139000,41.45,1,41.4,8,41.45,4,1,2022-08-23 09:04:31
1661245471956421000,41.4,8,41.35,9,41.45,4,2,2022-08-23 09:04:31
1661245472078784000,41.45,3,41.35,11,41.45,4,1,2022-08-23 09:04:32
1661245472258409000,41.4,1,41.35,11,41.45,1,2,2022-08-23 09:04:32
1661245472285401000,41.45,1,41.35,11,41.5,17,1,2022-08-23 09:04:32
1661245472539423000,41.4,1,41.4,1,41.5,18,2,2022-08-23 09:04:32
1661245472701191000,41.45,1,41.35,27,41.5,18,1,2022-08-23 09:04:32
1661245472711765000,41.5,12,41.35,27,41.5,6,1,2022-08-23 09:04:32
1661245472949922000,41.45,1,41.35,30,41.45,2,1,2022-08-23 09:04:32
1661245473239914000,41.45,1,41.4,1,41.45,7,1,2022-08-23 09:04:33
1661245473261037000,41.45,1,41.4,1,41.45,6,1,2022-08-23 09:04:33
1661245473319956000,41.45,6,41.4,1,41.5,2,1,2022-08-23 09:04:33
1661245473319956000,41.5,4,41.4,1,41.5,2,1,2022-08-23 09:04:33
1661245473336058000,41.5,1,41.4,1,41.5,1,1,2022-08-23 09:04:33
1661245473337496000,41.5,1,41.4,1,41.55,10,1,2022-08-23 09:04:33
1661245473393662000,41.5,1,41.4,1,41.55,10,2,2022-08-23 09:04:33
1661245473414543000,41.5,1,41.4,1,41.55,1,1,2022-08-23 09:04:33
1661245473414543000,41.55,9,41.4,1,41.55,1,1,2022-08-23 09:04:33
1661245473510198000,41.55,1,41.4,1,41.6,16,1,2022-08-23 09:04:33
1661245473510198000,41.6,4,41.4,1,41.6,16,1,2022-08-23 09:04:33
1661245473546924000,41.55,1,41.4,1,41.6,16,2,2022-08-23 09:04:33
1661245473581923000,41.45,1,41.4,1,41.45,1,1,2022-08-23 09:04:33
1661245473660238000,41.4,1,41.35,35,41.6,16,2,2022-08-23 09:04:33
1661245473670755000,41.6,2,41.35,35,41.6,14,1,2022-08-23 09:04:33
1661245473789148000,41.5,4,41.35,29,41.6,14,2,2022-08-23 09:04:33
1661245473789148000,41.35,6,41.35,29,41.6,14,2,2022-08-23 09:04:33
1661245474096811000,41.5,1,41.5,1,41.6,14,2,2022-08-23 09:04:34
1661245474122954000,41.6,1,41.5,1,41.6,13,1,2022-08-23 09:04:34
1661245474172765000,41.5,1,41.35,21,41.6,13,2,2022-08-23 09:04:34
1661245474172765000,41.45,1,41.35,21,41.6,13,2,2022-08-23 09:04:34
1661245474172765000,41.4,1,41.35,21,41.6,13,2,2022-08-23 09:04:34
1661245474172765000,41.35,10,41.35,21,41.6,13,2,2022-08-23 09:04:34
1661245474427091000,41.4,1,41.4,3,41.6,13,2,2022-08-23 09:04:34
1661245474578160000,41.6,5,41.55,1,41.6,8,1,2022-08-23 09:04:34
1661245474580588000,41.55,1,41.4,3,41.6,8,2,2022-08-23 09:04:34
1661245474728541000,41.5,1,41.4,2,41.55,1,2,2022-08-23 09:04:34
1661245474728541000,41.4,1,41.4,2,41.55,1,2,2022-08-23 09:04:34
1661245474993949000,41.45,4,41.4,2,41.45,2,1,2022-08-23 09:04:34
1661245474996218000,41.45,1,41.4,2,41.45,1,1,2022-08-23 09:04:34
1661245474996943000,41.45,1,41.4,2,41.5,1,1,2022-08-23 09:04:34
1661245475026070000,41.45,5,41.45,15,41.5,1,2,2022-08-23 09:04:35
1661245475302441000,41.5,1,41.45,18,41.55,3,1,2022-08-23 09:04:35
1661245475364909000,41.45,1,41.45,17,41.55,3,2,2022-08-23 09:04:35
1661245475427974000,41.45,1,41.45,16,41.55,8,2,2022-08-23 09:04:35
1661245475531545000,41.45,1,41.45,17,41.55,8,2,2022-08-23 09:04:35
1661245475643433000,41.55,1,41.45,16,41.55,7,1,2022-08-23 09:04:35
1661245476049642000,41.55,1,41.45,18,41.55,1,1,2022-08-23 09:04:36
1661245476057842000,41.5,1,41.45,18,41.6,15,1,2022-08-23 09:04:36
1661245476057842000,41.55,1,41.45,18,41.6,15,1,2022-08-23 09:04:36
1661245476057842000,41.6,3,41.45,18,41.6,15,1,2022-08-23 09:04:36
1661245476417326000,41.55,1,41.5,1,41.6,15,2,2022-08-23 09:04:36
1661245476598672000,41.5,1,41.45,22,41.5,9,2,2022-08-23 09:04:36
1661245476620966000,41.5,1,41.45,22,41.5,8,1,2022-08-23 09:04:36
1661245476877516000,41.5,1,41.45,24,41.5,7,1,2022-08-23 09:04:36
1661245476909672000,41.5,1,41.45,24,41.5,6,1,2022-08-23 09:04:36
1661245476949720000,41.5,3,41.45,24,41.5,3,1,2022-08-23 09:04:36
1661245477078155000,41.5,1,41.45,24,41.5,2,1,2022-08-23 09:04:37
1661245477242030000,41.5,2,41.45,24,41.55,16,1,2022-08-23 09:04:37
1661245477242030000,41.55,3,41.45,24,41.55,16,1,2022-08-23 09:04:37
1661245477357106000,41.5,4,41.45,18,41.55,16,2,2022-08-23 09:04:37
1661245477357106000,41.45,6,41.45,18,41.55,16,2,2022-08-23 09:04:37
1661245477387473000,41.45,11,41.45,7,41.55,16,2,2022-08-23 09:04:37
1661245477723408000,41.5,1,41.45,7,41.5,9,1,2022-08-23 09:04:37
1661245477759227000,41.5,1,41.45,7,41.5,8,1,2022-08-23 09:04:37
1661245477884681000,41.5,3,41.45,7,41.5,15,1,2022-08-23 09:04:37
1661245477902086000,41.45,1,41.45,6,41.5,15,2,2022-08-23 09:04:37
1661245477961438000,41.5,2,41.45,6,41.5,13,1,2022-08-23 09:04:37
1661245477994568000,41.45,5,41.45,1,41.5,13,2,2022-08-23 09:04:37
1661245478049374000,41.5,2,41.45,11,41.5,13,1,2022-08-23 09:04:38
1661245478269772000,41.45,1,41.45,10,41.5,11,2,2022-08-23 09:04:38
1661245478323789000,41.5,1,41.45,10,41.5,10,1,2022-08-23 09:04:38
1661245478548327000,41.45,1,41.45,9,41.5,10,2,2022-08-23 09:04:38
1661245478557640000,41.45,9,41.45,11,41.5,11,2,2022-08-23 09:04:38
1661245478819732000,41.45,1,41.45,1,41.5,10,1,2022-08-23 09:04:38
1661245478917423000,41.45,1,41.4,29,41.5,10,2,2022-08-23 09:04:38
1661245478917423000,41.4,1,41.4,29,41.5,10,2,2022-08-23 09:04:38
1661245478983609000,41.5,1,41.4,29,41.5,10,1,2022-08-23 09:04:38
1661245479404406000,41.4,3,41.4,26,41.45,11,2,2022-08-23 09:04:39
1661245479524793000,41.4,1,41.4,26,41.45,16,2,2022-08-23 09:04:39
1661245479670489000,41.45,1,41.4,26,41.45,17,1,2022-08-23 09:04:39
1661245479671491000,41.45,2,41.4,26,41.45,15,1,2022-08-23 09:04:39
1661245479706137000,41.4,5,41.4,21,41.45,15,2,2022-08-23 09:04:39
1661245479841537000,41.45,1,41.4,21,41.45,14,1,2022-08-23 09:04:39
1661245479864610000,41.45,2,41.4,21,41.45,12,1,2022-08-23 09:04:39
1661245479868337000,41.45,2,41.4,21,41.45,10,1,2022-08-23 09:04:39
1661245479898171000,41.4,10,41.4,11,41.45,10,2,2022-08-23 09:04:39
1661245479956910000,41.45,1,41.4,11,41.45,15,1,2022-08-23 09:04:39
1661245480076720000,41.45,1,41.4,11,41.45,13,1,2022-08-23 09:04:40
1661245480130827000,41.45,1,41.4,11,41.45,12,1,2022-08-23 09:04:40
1661245480157499000,41.4,10,41.4,1,41.45,12,2,2022-08-23 09:04:40
1661245480192575000,41.4,1,41.35,49,41.45,12,2,2022-08-23 09:04:40
1661245480192833000,41.35,1,41.35,48,41.45,12,2,2022-08-23 09:04:40
1661245480209403000,41.45,1,41.35,48,41.45,11,1,2022-08-23 09:04:40
1661245480300889000,41.45,1,41.35,48,41.45,10,1,2022-08-23 09:04:40
1661245480514662000,41.45,10,41.35,49,41.45,2,1,2022-08-23 09:04:40
1661245480522513000,41.45,1,41.35,49,41.45,1,1,2022-08-23 09:04:40
1661245480654181000,41.45,1,41.4,21,41.5,10,1,2022-08-23 09:04:40
1661245480820766000,41.45,1,41.4,24,41.5,10,2,2022-08-23 09:04:40
1661245480942342000,41.4,10,41.4,14,41.5,10,2,2022-08-23 09:04:40
1661245481022069000,41.4,1,41.4,14,41.5,10,2,2022-08-23 09:04:41
1661245481110507000,41.5,1,41.4,13,41.5,10,1,2022-08-23 09:04:41
1661245481116679000,41.4,13,41.3,27,41.5,10,2,2022-08-23 09:04:41
1661245481116679000,41.35,40,41.3,27,41.5,10,2,2022-08-23 09:04:41
1661245481116679000,41.3,47,41.3,27,41.5,10,2,2022-08-23 09:04:41
1661245481121007000,41.5,1,41.3,27,41.5,9,1,2022-08-23 09:04:41
1661245481178353000,41.5,3,41.3,27,41.5,6,1,2022-08-23 09:04:41
1661245481247524000,41.45,1,41.3,27,41.5,6,2,2022-08-23 09:04:41
1661245481365615000,41.5,3,41.3,27,41.5,4,1,2022-08-23 09:04:41
1661245481518101000,41.5,3,41.3,27,41.5,7,1,2022-08-23 09:04:41
1661245481587410000,41.5,1,41.3,27,41.55,16,1,2022-08-23 09:04:41
1661245481604288000,41.55,2,41.3,27,41.55,14,1,2022-08-23 09:04:41
1661245481855941000,41.5,4,41.3,27,41.55,14,2,2022-08-23 09:04:41
1661245481907610000,41.45,1,41.3,27,41.55,14,2,2022-08-23 09:04:41
1661245481929423000,41.55,5,41.5,1,41.55,9,1,2022-08-23 09:04:41
1661245481950160000,41.5,1,41.3,27,41.55,9,2,2022-08-23 09:04:41
1661245481980398000,41.3,3,41.3,24,41.55,9,2,2022-08-23 09:04:41
1661245482021686000,41.5,1,41.5,1,41.55,9,2,2022-08-23 09:04:42
1661245482021708000,41.5,1,41.3,24,41.55,9,2,2022-08-23 09:04:42
1661245482204500000,41.5,1,41.35,22,41.5,1,1,2022-08-23 09:04:42
1661245482381444000,41.4,1,41.35,22,41.5,1,1,2022-08-23 09:04:42
1661245482454239000,41.5,1,41.45,1,41.55,7,1,2022-08-23 09:04:42
1661245482454239000,41.55,4,41.45,1,41.55,7,1,2022-08-23 09:04:42
1661245482506959000,41.45,1,41.35,20,41.55,7,2,2022-08-23 09:04:42
1661245482506959000,41.35,2,41.35,20,41.55,7,2,2022-08-23 09:04:42
1661245482613652000,41.5,1,41.5,5,41.55,7,2,2022-08-23 09:04:42
1661245483296061000,41.55,1,41.5,5,41.55,6,1,2022-08-23 09:04:43
1661245483428068000,41.55,1,41.5,5,41.55,6,1,2022-08-23 09:04:43
1661245483644595000,41.55,3,41.5,5,41.55,3,1,2022-08-23 09:04:43
1661245483690426000,41.5,5,41.4,2,41.55,3,2,2022-08-23 09:04:43
1661245483846050000,41.5,1,41.4,3,41.55,4,2,2022-08-23 09:04:43
1661245483891427000,41.55,2,41.4,5,41.55,2,1,2022-08-23 09:04:43
1661245484133854000,41.5,2,41.4,9,41.55,2,2,2022-08-23 09:04:44
1661245484194058000,41.5,3,41.5,5,41.55,2,2,2022-08-23 09:04:44
1661245484579251000,41.5,8,41.4,9,41.55,2,2,2022-08-23 09:04:44
1661245484579251000,41.4,2,41.4,9,41.55,2,2,2022-08-23 09:04:44
1661245484580280000,41.4,3,41.4,6,41.55,2,2,2022-08-23 09:04:44
1661245484640715000,41.4,4,41.4,2,41.5,5,2,2022-08-23 09:04:44
1661245484847879000,41.5,1,41.4,2,41.5,4,1,2022-08-23 09:04:44
1661245484886806000,41.5,3,41.4,2,41.5,1,1,2022-08-23 09:04:44
1661245484932189000,41.5,1,41.4,2,41.55,2,1,2022-08-23 09:04:44
1661245485149040000,41.5,1,41.45,1,41.5,1,1,2022-08-23 09:04:45
1661245485347047000,41.5,1,41.45,3,41.55,2,1,2022-08-23 09:04:45
1661245485425663000,41.45,3,41.35,38,41.55,2,2,2022-08-23 09:04:45
1661245485425663000,41.4,3,41.35,38,41.55,2,2,2022-08-23 09:04:45
1661245485425663000,41.35,4,41.35,38,41.55,2,2,2022-08-23 09:04:45
1661245485430074000,41.35,5,41.45,3,41.55,2,2,2022-08-23 09:04:45
1661245486075415000,41.45,1,41.35,56,41.45,6,1,2022-08-23 09:04:46
1661245486079298000,41.45,1,41.35,56,41.45,4,1,2022-08-23 09:04:46
1661245486088141000,41.35,10,41.35,46,41.45,4,2,2022-08-23 09:04:46
1661245486216856000,41.45,2,41.4,34,41.45,2,1,2022-08-23 09:04:46
1661245486222875000,41.45,2,41.4,34,41.5,13,1,2022-08-23 09:04:46
1661245486222875000,41.5,3,41.4,34,41.5,13,1,2022-08-23 09:04:46
1661245486315978000,41.5,10,41.4,34,41.5,3,1,2022-08-23 09:04:46
1661245486331156000,41.4,1,41.4,33,41.5,3,2,2022-08-23 09:04:46
1661245486488512000,41.5,1,41.4,39,41.5,2,1,2022-08-23 09:04:46
1661245486547248000,41.4,5,41.4,34,41.5,2,2,2022-08-23 09:04:46
1661245486558340000,41.5,1,41.4,34,41.5,2,1,2022-08-23 09:04:46
1661245486761153000,41.45,1,41.4,34,41.45,1,1,2022-08-23 09:04:46
1661245486770255000,41.45,1,41.4,34,41.5,1,1,2022-08-23 09:04:46
1661245486795821000,41.4,10,41.4,24,41.5,1,2,2022-08-23 09:04:46
1661245486822672000,41.4,1,41.4,23,41.5,1,2,2022-08-23 09:04:46
1661245486866491000,41.5,1,41.4,23,41.55,4,1,2022-08-23 09:04:46
1661245486881867000,41.4,5,41.4,18,41.55,4,2,2022-08-23 09:04:46
1661245486925402000,41.5,1,41.4,18,41.55,4,2,2022-08-23 09:04:46
1661245487052947000,41.5,2,41.4,18,41.5,5,1,2022-08-23 09:04:47
1661245487320499000,41.45,5,41.45,109,41.5,3,2,2022-08-23 09:04:47
1661245487430513000,41.5,2,41.45,109,41.5,1,1,2022-08-23 09:04:47
1661245487448772000,41.45,5,41.45,104,41.5,1,2,2022-08-23 09:04:47
1661245487682153000,41.5,1,41.45,104,41.55,3,1,2022-08-23 09:04:47
1661245487682153000,41.55,1,41.45,104,41.55,3,1,2022-08-23 09:04:47
1661245487749373000,41.55,1,41.45,104,41.55,2,1,2022-08-23 09:04:47
1661245487921697000,41.5,1,41.45,104,41.55,2,1,2022-08-23 09:04:47
1661245487949246000,41.55,2,41.55,1,41.6,15,1,2022-08-23 09:04:47
1661245487995495000,41.55,1,41.45,101,41.6,15,2,2022-08-23 09:04:47
1661245487995495000,41.5,1,41.45,101,41.6,15,2,2022-08-23 09:04:47
1661245487995495000,41.45,3,41.45,101,41.6,15,2,2022-08-23 09:04:47
1661245488116343000,41.45,2,41.45,99,41.6,15,2,2022-08-23 09:04:48
1661245488374229000,41.5,10,41.45,99,41.6,15,2,2022-08-23 09:04:48
1661245488487456000,41.6,1,41.5,9,41.6,14,1,2022-08-23 09:04:48
1661245488549858000,41.5,1,41.5,9,41.6,15,2,2022-08-23 09:04:48
1661245489008938000,41.5,5,41.5,28,41.6,14,2,2022-08-23 09:04:49
1661245489078364000,41.5,1,41.5,27,41.55,3,2,2022-08-23 09:04:49
1661245489156182000,41.55,2,41.5,27,41.55,1,1,2022-08-23 09:04:49
1661245489307160000,41.5,5,41.5,25,41.55,1,2,2022-08-23 09:04:49
1661245489717517000,41.55,1,41.55,9,41.6,14,1,2022-08-23 09:04:49
1661245489794698000,41.55,2,41.55,9,41.6,14,2,2022-08-23 09:04:49
1661245490455519000,41.55,5,41.55,5,41.6,14,2,2022-08-23 09:04:50
1661245490463946000,41.55,1,41.55,4,41.6,14,2,2022-08-23 09:04:50
1661245490587258000,41.55,1,41.55,3,41.6,14,2,2022-08-23 09:04:50
1661245490940179000,41.55,3,41.5,23,41.55,2,2,2022-08-23 09:04:50
1661245490986679000,41.5,23,41.45,83,41.55,2,2,2022-08-23 09:04:50
1661245490986679000,41.45,17,41.45,83,41.55,2,2,2022-08-23 09:04:50
1661245491082411000,41.55,2,41.55,6,41.6,14,1,2022-08-23 09:04:51
1661245491111650000,41.55,6,41.45,83,41.6,14,2,2022-08-23 09:04:51
1661245491135518000,41.45,1,41.45,82,41.5,1,2,2022-08-23 09:04:51
1661245491180467000,41.45,1,41.45,81,41.5,1,2,2022-08-23 09:04:51
1661245491216012000,41.45,2,41.45,79,41.5,1,2,2022-08-23 09:04:51
1661245491341275000,41.5,1,41.5,1,41.55,1,1,2022-08-23 09:04:51
1661245491468460000,41.55,1,41.5,1,41.6,14,1,2022-08-23 09:04:51
1661245491628754000,41.5,4,41.45,78,41.6,14,2,2022-08-23 09:04:51
1661245491628754000,41.45,1,41.45,78,41.6,14,2,2022-08-23 09:04:51
1661245491635042000,41.6,1,41.45,78,41.6,13,1,2022-08-23 09:04:51
1661245491707626000,41.45,2,41.45,76,41.6,13,2,2022-08-23 09:04:51
1661245491930342000,41.6,7,41.5,3,41.6,7,1,2022-08-23 09:04:51
1661245492245263000,41.55,2,41.45,76,41.6,7,2,2022-08-23 09:04:52
1661245492245263000,41.5,3,41.45,76,41.6,7,2,2022-08-23 09:04:52
1661245492488742000,41.45,5,41.45,76,41.6,9,2,2022-08-23 09:04:52
1661245492674674000,41.6,5,41.45,71,41.6,4,1,2022-08-23 09:04:52
1661245492779561000,41.6,1,41.45,71,41.6,3,1,2022-08-23 09:04:52
1661245493252032000,41.5,1,41.45,69,41.6,3,2,2022-08-23 09:04:53
1661245493252032000,41.45,2,41.45,69,41.6,3,2,2022-08-23 09:04:53
1661245493516403000,41.5,1,41.5,1,41.55,1,2,2022-08-23 09:04:53
1661245493516403000,41.45,3,41.5,1,41.55,1,2,2022-08-23 09:04:53
1661245493764061000,41.55,1,41.45,66,41.6,5,1,2022-08-23 09:04:53
1661245493911331000,41.6,2,41.45,66,41.6,3,1,2022-08-23 09:04:53
1661245494490863000,41.55,1,41.5,2,41.6,4,1,2022-08-23 09:04:54
1661245494597677000,41.6,2,41.5,3,41.6,2,1,2022-08-23 09:04:54
1661245494990824000,41.55,1,41.5,5,41.6,2,2,2022-08-23 09:04:54
1661245495045637000,41.6,1,41.5,5,41.6,1,1,2022-08-23 09:04:55
1661245495072169000,41.5,3,41.55,1,41.6,2,2,2022-08-23 09:04:55
1661245495094715000,41.6,1,41.5,2,41.65,29,1,2022-08-23 09:04:55
1661245495094715000,41.65,1,41.5,2,41.65,29,1,2022-08-23 09:04:55
1661245495228899000,41.5,2,41.45,61,41.65,29,2,2022-08-23 09:04:55
1661245495228899000,41.45,8,41.45,61,41.65,29,2,2022-08-23 09:04:55
1661245495493832000,41.65,1,41.55,5,41.65,29,1,2022-08-23 09:04:55
1661245495671853000,41.55,1,41.55,4,41.65,28,2,2022-08-23 09:04:55
1661245495707994000,41.65,5,41.55,4,41.65,23,1,2022-08-23 09:04:55
1661245495885017000,41.55,1,41.55,4,41.65,23,2,2022-08-23 09:04:55
1661245495906628000,41.65,1,41.6,2,41.65,22,1,2022-08-23 09:04:55
1661245496110276000,41.6,1,41.6,2,41.65,22,2,2022-08-23 09:04:56
1661245496154863000,41.65,5,41.6,2,41.65,17,1,2022-08-23 09:04:56
1661245496462775000,41.65,1,41.6,2,41.65,17,1,2022-08-23 09:04:56
1661245497695359000,41.6,1,41.6,1,41.65,16,2,2022-08-23 09:04:57
1661245497803824000,41.65,1,41.6,1,41.65,15,1,2022-08-23 09:04:57
1661245497887834000,41.6,1,41.55,4,41.65,15,2,2022-08-23 09:04:57
1661245498109011000,41.6,1,41.6,9,41.65,16,1,2022-08-23 09:04:58
1661245498202073000,41.65,1,41.6,9,41.65,15,1,2022-08-23 09:04:58
1661245498305578000,41.6,1,41.6,8,41.65,15,2,2022-08-23 09:04:58
1661245498314659000,41.65,1,41.6,8,41.65,14,1,2022-08-23 09:04:58
1661245498802966000,41.6,5,41.6,3,41.65,14,2,2022-08-23 09:04:58
1661245498810982000,41.6,3,41.5,18,41.65,14,2,2022-08-23 09:04:58
1661245498810982000,41.55,6,41.5,18,41.65,14,2,2022-08-23 09:04:58
1661245498810982000,41.5,1,41.5,18,41.65,14,2,2022-08-23 09:04:58
1661245499314327000,41.65,5,41.6,1,41.65,9,1,2022-08-23 09:04:59
1661245499487332000,41.65,5,41.6,4,41.65,9,1,2022-08-23 09:04:59
1661245499707463000,41.6,1,41.6,3,41.65,4,2,2022-08-23 09:04:59
1661245499744175000,41.65,4,41.65,1,41.7,16,1,2022-08-23 09:04:59
1661245499767842000,41.65,1,41.55,2,41.7,16,2,2022-08-23 09:04:59
1661245499767842000,41.6,3,41.55,2,41.7,16,2,2022-08-23 09:04:59
1661245500245572000,41.65,6,41.55,4,41.7,16,2,2022-08-23 09:05:00
1661245500245572000,41.6,1,41.55,4,41.7,16,2,2022-08-23 09:05:00
1661245500245572000,41.55,3,41.55,4,41.7,16,2,2022-08-23 09:05:00
1661245500370595000,41.6,2,41.55,4,41.7,14,1,2022-08-23 09:05:00
1661245500370595000,41.7,2,41.55,4,41.7,14,1,2022-08-23 09:05:00
1661245500499723000,41.55,2,41.55,2,41.65,1,2,2022-08-23 09:05:00
1661245500505597000,41.55,1,41.55,1,41.65,1,2,2022-08-23 09:05:00
1661245500519304000,41.65,1,41.65,4,41.7,14,1,2022-08-23 09:05:00
1661245500539402000,41.65,4,41.55,4,41.65,1,2,2022-08-23 09:05:00
1661245500726904000,41.6,1,41.55,11,41.6,4,1,2022-08-23 09:05:00
1661245500850080000,41.6,1,41.55,11,41.6,3,1,2022-08-23 09:05:00
1661245500977085000,41.6,2,41.55,11,41.6,1,1,2022-08-23 09:05:00
1661245501180774000,41.6,1,41.55,11,41.65,6,1,2022-08-23 09:05:01
1661245501180774000,41.65,4,41.55,11,41.65,6,1,2022-08-23 09:05:01
1661245501235923000,41.65,1,41.55,22,41.65,5,1,2022-08-23 09:05:01
1661245501712049000,41.6,1,41.6,29,41.65,10,2,2022-08-23 09:05:01
1661245501866934000,41.6,5,41.6,24,41.65,10,2,2022-08-23 09:05:01
1661245501900497000,41.6,17,41.6,29,41.65,10,2,2022-08-23 09:05:01
1661245502158913000,41.6,5,41.6,5,41.65,10,2,2022-08-23 09:05:02
1661245502427070000,41.6,5,41.55,27,41.65,12,2,2022-08-23 09:05:02
1661245502427070000,41.55,5,41.55,27,41.65,12,2,2022-08-23 09:05:02
1661245502623085000,41.6,3,41.55,27,41.65,12,2,2022-08-23 09:05:02
1661245502800700000,41.65,5,41.55,27,41.65,7,1,2022-08-23 09:05:02
1661245503042833000,41.65,3,41.6,1,41.65,4,1,2022-08-23 09:05:03
1661245503281858000,41.6,4,41.55,27,41.6,1,2,2022-08-23 09:05:03
1661245503397441000,41.55,10,41.55,18,41.6,1,2,2022-08-23 09:05:03
1661245503416915000,41.55,5,41.55,13,41.6,1,2,2022-08-23 09:05:03
1661245503584725000,41.55,5,41.55,9,41.6,1,2,2022-08-23 09:05:03
1661245503713591000,41.6,1,41.55,9,41.65,3,1,2022-08-23 09:05:03
1661245503713591000,41.65,1,41.55,9,41.65,3,1,2022-08-23 09:05:03
1661245504036581000,41.6,2,41.55,9,41.65,13,2,2022-08-23 09:05:04
1661245504089757000,41.6,1,41.55,9,41.65,13,2,2022-08-23 09:05:04
1661245504175059000,41.65,1,41.55,9,41.65,12,1,2022-08-23 09:05:04
1661245504336521000,41.65,1,41.55,9,41.65,11,1,2022-08-23 09:05:04
1661245504526454000,41.55,6,41.55,3,41.65,11,2,2022-08-23 09:05:04
1661245504570780000,41.6,1,41.55,3,41.65,11,2,2022-08-23 09:05:04
1661245504600013000,41.55,3,41.5,34,41.65,11,2,2022-08-23 09:05:04
1661245504625377000,41.65,1,41.5,34,41.65,10,1,2022-08-23 09:05:04
1661245504881105000,41.6,1,41.5,34,41.6,10,1,2022-08-23 09:05:04
1661245504951520000,41.6,2,41.5,34,41.6,11,1,2022-08-23 09:05:04
1661245505123100000,41.5,10,41.5,24,41.6,8,2,2022-08-23 09:05:05
1661245505127666000,41.6,5,41.5,24,41.6,3,1,2022-08-23 09:05:05
1661245505242843000,41.6,1,41.5,24,41.6,2,1,2022-08-23 09:05:05
1661245505261952000,41.6,1,41.5,24,41.6,1,1,2022-08-23 09:05:05
1661245505342189000,41.6,1,41.5,24,41.65,12,1,2022-08-23 09:05:05
1661245505528647000,41.6,1,41.5,22,41.65,12,2,2022-08-23 09:05:05
1661245505667752000,41.6,2,41.5,20,41.6,5,1,2022-08-23 09:05:05
1661245505715810000,41.5,5,41.5,15,41.6,5,2,2022-08-23 09:05:05
1661245505815680000,41.6,1,41.5,15,41.6,6,1,2022-08-23 09:05:05
1661245506013538000,41.5,10,41.5,5,41.6,6,2,2022-08-23 09:05:06
1661245506045520000,41.5,5,41.5,15,41.6,6,2,2022-08-23 09:05:06
1661245506124452000,41.55,1,41.45,69,41.6,6,2,2022-08-23 09:05:06
1661245506124452000,41.45,4,41.45,69,41.6,6,2,2022-08-23 09:05:06
1661245506259527000,41.55,2,41.45,69,41.55,8,1,2022-08-23 09:05:06
1661245506635588000,41.55,1,41.45,69,41.55,7,1,2022-08-23 09:05:06
1661245506656941000,41.45,10,41.45,59,41.55,7,2,2022-08-23 09:05:06
1661245506698540000,41.45,6,41.45,53,41.55,7,2,2022-08-23 09:05:06
1661245506952747000,41.5,1,41.45,53,41.5,4,2,2022-08-23 09:05:06
1661245506965871000,41.5,1,41.45,53,41.5,3,1,2022-08-23 09:05:06
1661245507011141000,41.5,1,41.45,53,41.5,2,1,2022-08-23 09:05:07
1661245507033722000,41.5,2,41.5,1,41.55,7,1,2022-08-23 09:05:07
1661245507265015000,41.55,9,41.45,53,41.6,18,1,2022-08-23 09:05:07
1661245507265015000,41.6,1,41.45,53,41.6,18,1,2022-08-23 09:05:07
1661245507346200000,41.6,1,41.45,53,41.6,17,1,2022-08-23 09:05:07
1661245507435167000,41.6,1,41.45,53,41.6,16,1,2022-08-23 09:05:07
1661245507460200000,41.6,1,41.45,53,41.6,15,1,2022-08-23 09:05:07
1661245507503590000,41.5,2,41.45,53,41.5,3,1,2022-08-23 09:05:07
1661245507556549000,41.5,1,41.45,53,41.5,5,1,2022-08-23 09:05:07
1661245507591779000,41.45,1,41.45,52,41.5,2,2,2022-08-23 09:05:07
1661245507655740000,41.45,2,41.45,50,41.5,2,2,2022-08-23 09:05:07
1661245507743142000,41.45,5,41.45,45,41.5,7,2,2022-08-23 09:05:07
1661245507768749000,41.5,2,41.45,45,41.5,5,1,2022-08-23 09:05:07
1661245507873255000,41.5,1,41.45,45,41.5,4,1,2022-08-23 09:05:07
1661245507964887000,41.5,1,41.45,45,41.5,3,1,2022-08-23 09:05:07
1661245508045814000,41.45,2,41.45,45,41.5,4,2,2022-08-23 09:05:08
1661245508418896000,41.45,2,41.45,41,41.5,3,2,2022-08-23 09:05:08
1661245508507437000,41.5,3,41.45,43,41.5,3,1,2022-08-23 09:05:08
1661245508769858000,41.55,1,41.45,41,41.55,5,1,2022-08-23 09:05:08
1661245508813250000,41.45,2,41.45,39,41.55,5,2,2022-08-23 09:05:08
1661245508919171000,41.5,1,41.5,10,41.55,5,2,2022-08-23 09:05:08
1661245508934236000,41.5,10,41.5,11,41.55,5,2,2022-08-23 09:05:08
1661245509186725000,41.45,2,41.45,37,41.55,5,2,2022-08-23 09:05:09
1661245509349390000,41.55,1,41.5,3,41.55,4,1,2022-08-23 09:05:09
1661245509519104000,41.55,1,41.5,4,41.55,3,1,2022-08-23 09:05:09
1661245509552049000,41.5,2,41.5,2,41.55,8,2,2022-08-23 09:05:09
1661245509708134000,41.5,4,41.4,36,41.45,9,2,2022-08-23 09:05:09
1661245509708134000,41.45,37,41.4,36,41.45,9,2,2022-08-23 09:05:09
1661245509773913000,41.45,1,41.4,36,41.45,8,1,2022-08-23 09:05:09
1661245509956799000,41.4,2,41.4,34,41.45,8,2,2022-08-23 09:05:09
1661245510008449000,41.4,22,41.4,34,41.45,8,2,2022-08-23 09:05:10
1661245510289890000,41.4,2,41.4,11,41.45,8,2,2022-08-23 09:05:10
1661245510324606000,41.4,2,41.4,9,41.45,8,2,2022-08-23 09:05:10
1661245510339580000,41.45,1,41.4,9,41.45,7,1,2022-08-23 09:05:10
1661245510469117000,41.45,1,41.4,9,41.45,6,1,2022-08-23 09:05:10
1661245510494004000,41.4,2,41.4,7,41.45,6,2,2022-08-23 09:05:10
1661245510510189000,41.45,5,41.4,7,41.45,1,1,2022-08-23 09:05:10
1661245510538995000,41.4,7,41.35,63,41.4,3,2,2022-08-23 09:05:10
1661245510547847000,41.4,2,41.35,63,41.4,1,1,2022-08-23 09:05:10
1661245510581219000,41.4,1,41.35,63,41.45,1,1,2022-08-23 09:05:10
1661245510660446000,41.45,1,41.35,63,41.5,2,1,2022-08-23 09:05:10
1661245510660446000,41.5,3,41.35,63,41.5,2,1,2022-08-23 09:05:10
1661245510668867000,41.35,2,41.35,61,41.5,2,2,2022-08-23 09:05:10
1661245511010489000,41.4,1,41.35,61,41.45,5,1,2022-08-23 09:05:11
1661245511023572000,41.35,2,41.35,61,41.4,5,2,2022-08-23 09:05:11
1661245511076877000,41.35,5,41.35,54,41.4,5,2,2022-08-23 09:05:11
1661245511221856000,41.35,1,41.35,53,41.4,10,2,2022-08-23 09:05:11
1661245511264298000,41.4,1,41.35,53,41.4,9,1,2022-08-23 09:05:11
1661245511372633000,41.4,1,41.35,53,41.4,11,1,2022-08-23 09:05:11
1661245511390839000,41.35,2,41.35,63,41.4,11,2,2022-08-23 09:05:11
1661245511703972000,41.35,2,41.35,61,41.4,13,2,2022-08-23 09:05:11
1661245511867715000,41.35,1,41.35,60,41.4,13,2,2022-08-23 09:05:11
1661245511871399000,41.35,2,41.35,58,41.4,13,2,2022-08-23 09:05:11
1661245511954122000,41.35,3,41.35,55,41.4,13,2,2022-08-23 09:05:11
1661245512106207000,41.35,2,41.35,53,41.4,14,2,2022-08-23 09:05:12
1661245512119842000,41.35,1,41.35,52,41.4,14,2,2022-08-23 09:05:12
1661245512136191000,41.4,1,41.35,52,41.4,13,1,2022-08-23 09:05:12
1661245512159437000,41.35,1,41.35,51,41.4,13,2,2022-08-23 09:05:12
1661245512409212000,41.35,2,41.35,37,41.4,15,2,2022-08-23 09:05:12
1661245512528712000,41.35,1,41.35,36,41.4,15,2,2022-08-23 09:05:12
1661245512648703000,41.35,7,41.35,29,41.4,12,2,2022-08-23 09:05:12
1661245512650273000,41.4,1,41.35,29,41.4,11,1,2022-08-23 09:05:12
1661245512672034000,41.35,1,41.35,28,41.4,11,2,2022-08-23 09:05:12
1661245512688474000,41.35,5,41.35,23,41.4,11,2,2022-08-23 09:05:12
1661245512777625000,41.35,2,41.35,20,41.4,11,2,2022-08-23 09:05:12
1661245512960514000,41.35,5,41.35,15,41.4,11,2,2022-08-23 09:05:12
1661245513109039000,41.35,5,41.35,10,41.4,11,2,2022-08-23 09:05:13
1661245513156398000,41.35,10,41.3,50,41.4,11,2,2022-08-23 09:05:13
1661245513156419000,41.3,5,41.3,45,41.4,11,2,2022-08-23 09:05:13
1661245513176427000,41.4,3,41.3,45,41.4,8,1,2022-08-23 09:05:13
1661245513284600000,41.3,5,41.3,40,41.4,12,2,2022-08-23 09:05:13
1661245513379565000,41.4,2,41.3,40,41.4,10,1,2022-08-23 09:05:13
1661245513812816000,41.35,1,41.3,40,41.35,10,1,2022-08-23 09:05:13
1661245513857243000,41.3,3,41.3,37,41.35,10,2,2022-08-23 09:05:13
1661245514191576000,41.35,1,41.3,37,41.35,15,1,2022-08-23 09:05:14
1661245514199647000,41.3,2,41.3,35,41.35,15,2,2022-08-23 09:05:14
1661245514229481000,41.3,2,41.3,33,41.35,15,2,2022-08-23 09:05:14
1661245514239388000,41.3,2,41.3,31,41.35,15,2,2022-08-23 09:05:14
1661245514244441000,41.3,2,41.3,29,41.35,15,2,2022-08-23 09:05:14
1661245514267945000,41.35,1,41.3,29,41.35,14,1,2022-08-23 09:05:14
1661245514292091000,41.35,1,41.3,29,41.35,13,1,2022-08-23 09:05:14
1661245514624474000,41.3,10,41.3,19,41.35,38,2,2022-08-23 09:05:14
1661245514652001000,41.3,2,41.3,17,41.35,38,2,2022-08-23 09:05:14
1661245514660518000,41.35,1,41.3,17,41.35,37,1,2022-08-23 09:05:14
1661245514672403000,41.3,2,41.3,15,41.35,37,2,2022-08-23 09:05:14
1661245514721418000,41.35,1,41.3,15,41.35,37,1,2022-08-23 09:05:14
1661245514881315000,41.3,5,41.3,10,41.35,17,2,2022-08-23 09:05:14
1661245515059825000,41.35,1,41.3,10,41.35,17,1,2022-08-23 09:05:15
1661245515108520000,41.3,5,41.3,5,41.35,16,2,2022-08-23 09:05:15
1661245515132326000,41.3,1,41.3,4,41.35,16,2,2022-08-23 09:05:15
1661245515307577000,41.3,4,41.25,17,41.3,6,2,2022-08-23 09:05:15
1661245515519421000,41.25,2,41.25,17,41.3,26,2,2022-08-23 09:05:15
1661245515640205000,41.3,1,41.25,15,41.3,25,1,2022-08-23 09:05:15
1661245515994452000,41.3,5,41.25,15,41.3,30,1,2022-08-23 09:05:15
1661245516222365000,41.3,1,41.25,15,41.3,24,1,2022-08-23 09:05:16
1661245516721331000,41.25,3,41.25,12,41.3,29,2,2022-08-23 09:05:16
1661245516726060000,41.25,1,41.25,11,41.3,29,2,2022-08-23 09:05:16
1661245516784225000,41.25,6,41.25,5,41.3,29,2,2022-08-23 09:05:16
1661245516982871000,41.3,2,41.25,5,41.3,27,1,2022-08-23 09:05:16
1661245517218283000,41.25,3,41.25,2,41.3,27,2,2022-08-23 09:05:17
1661245517235107000,41.25,2,41.2,30,41.3,27,2,2022-08-23 09:05:17
1661245517288089000,41.3,1,41.2,30,41.3,26,1,2022-08-23 09:05:17
1661245517387646000,41.2,10,41.2,20,41.3,26,2,2022-08-23 09:05:17
1661245517408680000,41.2,1,41.2,19,41.3,26,2,2022-08-23 09:05:17
1661245517421110000,41.2,19,41.15,14,41.3,26,2,2022-08-23 09:05:17
1661245517548331000,41.15,1,41.15,14,41.3,26,2,2022-08-23 09:05:17
1661245517639604000,41.15,1,41.15,12,41.3,26,2,2022-08-23 09:05:17
1661245517804804000,41.3,1,41.15,12,41.3,25,1,2022-08-23 09:05:17
1661245517837966000,41.3,1,41.15,12,41.3,25,1,2022-08-23 09:05:17
1661245518106339000,41.15,5,41.15,7,41.2,5,2,2022-08-23 09:05:18
1661245518123281000,41.15,5,41.15,2,41.2,5,2,2022-08-23 09:05:18
1661245518171583000,41.15,1,41.15,1,41.2,5,2,2022-08-23 09:05:18
1661245518453056000,41.15,1,41.15,9,41.2,5,2,2022-08-23 09:05:18
1661245518505859000,41.15,1,41.15,8,41.2,5,2,2022-08-23 09:05:18
1661245518524180000,41.2,1,41.15,10,41.2,5,1,2022-08-23 09:05:18
1661245518706555000,41.2,2,41.15,10,41.2,2,1,2022-08-23 09:05:18
1661245518815794000,41.15,2,41.15,8,41.2,2,2,2022-08-23 09:05:18
1661245518843147000,41.2,1,41.15,10,41.2,1,1,2022-08-23 09:05:18
1661245518962592000,41.2,1,41.15,11,41.25,15,1,2022-08-23 09:05:18
1661245519117318000,41.2,1,41.15,9,41.25,15,2,2022-08-23 09:05:19
1661245519117318000,41.15,2,41.15,9,41.25,15,2,2022-08-23 09:05:19
1661245519176034000,41.15,2,41.15,7,41.25,15,2,2022-08-23 09:05:19
1661245519186217000,41.25,1,41.15,7,41.25,14,1,2022-08-23 09:05:19
1661245519188439000,41.25,2,41.15,7,41.25,12,1,2022-08-23 09:05:19
1661245519542487000,41.15,2,41.15,5,41.25,12,2,2022-08-23 09:05:19
1661245519565346000,41.15,1,41.15,7,41.25,12,2,2022-08-23 09:05:19
1661245519704023000,41.15,4,41.1,25,41.25,12,2,2022-08-23 09:05:19
1661245519731652000,41.2,1,41.1,25,41.25,8,1,2022-08-23 09:05:19
1661245519731652000,41.25,4,41.1,25,41.25,8,1,2022-08-23 09:05:19
1661245519791272000,41.1,1,41.1,24,41.25,8,2,2022-08-23 09:05:19
1661245519846515000,41.25,2,41.1,24,41.25,6,1,2022-08-23 09:05:19
1661245519876740000,41.1,2,41.1,22,41.25,6,2,2022-08-23 09:05:19
1661245519977844000,41.1,5,41.1,17,41.2,1,2,2022-08-23 09:05:19
1661245519985805000,41.1,5,41.1,12,41.2,1,2,2022-08-23 09:05:19
1661245520227768000,41.1,2,41.1,12,41.2,1,2,2022-08-23 09:05:20
1661245520413313000,41.2,1,41.1,12,41.25,6,1,2022-08-23 09:05:20
1661245520585969000,41.15,2,41.15,7,41.25,6,2,2022-08-23 09:05:20
1661245520588515000,41.15,2,41.15,5,41.25,6,2,2022-08-23 09:05:20
1661245520910977000,41.15,2,41.15,3,41.25,6,2,2022-08-23 09:05:20
1661245520989652000,41.15,1,41.15,2,41.25,6,2,2022-08-23 09:05:20
1661245520997038000,41.25,1,41.15,2,41.25,5,1,2022-08-23 09:05:20
1661245521003861000,41.15,2,41.05,79,41.25,5,2,2022-08-23 09:05:21
1661245521003861000,41.1,14,41.05,79,41.25,5,2,2022-08-23 09:05:21
1661245521003861000,41.05,4,41.05,79,41.25,5,2,2022-08-23 09:05:21
1661245521087186000,41.05,5,41.05,79,41.25,5,2,2022-08-23 09:05:21
1661245521152799000,41.05,5,41.05,69,41.25,5,2,2022-08-23 09:05:21
1661245521161992000,41.05,5,41.05,64,41.25,5,2,2022-08-23 09:05:21
1661245521263006000,41.05,2,41.05,62,41.25,5,2,2022-08-23 09:05:21
1661245521595194000,41.1,2,41.1,5,41.2,5,2,2022-08-23 09:05:21
1661245521626339000,41.2,1,41.1,3,41.2,4,1,2022-08-23 09:05:21
1661245521882812000,41.15,1,41.15,19,41.2,9,2,2022-08-23 09:05:21
1661245521919314000,41.15,1,41.15,18,41.2,9,2,2022-08-23 09:05:21
1661245521966864000,41.15,2,41.15,16,41.2,9,2,2022-08-23 09:05:21
1661245522068590000,41.15,5,41.15,16,41.2,9,2,2022-08-23 09:05:22
1661245522109599000,41.2,9,41.15,11,41.3,12,1,2022-08-23 09:05:22
1661245522109599000,41.25,5,41.15,11,41.3,12,1,2022-08-23 09:05:22
1661245522109599000,41.3,1,41.15,11,41.3,12,1,2022-08-23 09:05:22
1661245522227238000,41.15,2,41.15,9,41.3,12,2,2022-08-23 09:05:22
1661245522229956000,41.15,5,41.15,4,41.3,12,2,2022-08-23 09:05:22
1661245522325465000,41.15,5,41.1,14,41.3,12,2,2022-08-23 09:05:22
1661245522339411000,41.1,1,41.1,13,41.3,12,2,2022-08-23 09:05:22
1661245522523404000,41.3,1,41.1,13,41.3,6,1,2022-08-23 09:05:22
1661245522584184000,41.3,1,41.1,13,41.3,5,1,2022-08-23 09:05:22
1661245522595380000,41.1,3,41.1,13,41.2,1,2,2022-08-23 09:05:22
1661245523145686000,41.15,5,41.15,1,41.2,1,2,2022-08-23 09:05:23
1661245523233572000,41.15,2,41.15,2,41.2,3,2,2022-08-23 09:05:23
1661245523233572000,41.1,3,41.15,2,41.2,3,2,2022-08-23 09:05:23
1661245523645114000,41.2,3,41.2,2,41.3,5,1,2022-08-23 09:05:23
1661245523902092000,41.2,2,41.1,11,41.15,12,2,2022-08-23 09:05:23
1661245523930114000,41.15,12,41.1,11,41.3,5,1,2022-08-23 09:05:23
1661245523956505000,41.1,2,41.1,9,41.3,5,2,2022-08-23 09:05:23
1661245524286303000,41.2,1,41.2,2,41.3,5,2,2022-08-23 09:05:24
1661245524888614000,41.2,2,41.1,31,41.3,5,2,2022-08-23 09:05:24
1661245524888614000,41.15,1,41.1,31,41.3,5,2,2022-08-23 09:05:24
1661245524888614000,41.1,2,41.1,31,41.3,5,2,2022-08-23 09:05:24
1661245524895580000,41.1,1,41.1,30,41.3,5,2,2022-08-23 09:05:24
1661245525322730000,41.25,1,41.2,3,41.25,13,1,2022-08-23 09:05:25
1661245525373022000,41.2,3,40.95,19,41.0,98,2,2022-08-23 09:05:25
1661245525373022000,41.1,35,40.95,19,41.0,98,2,2022-08-23 09:05:25
1661245525373022000,41.05,63,40.95,19,41.0,98,2,2022-08-23 09:05:25
1661245525373022000,41.0,300,40.95,19,41.0,98,2,2022-08-23 09:05:25
1661245525448969000,41.0,3,40.95,19,41.0,96,1,2022-08-23 09:05:25
1661245525565521000,41.0,1,40.95,19,41.0,95,1,2022-08-23 09:05:25
1661245525743143000,41.0,1,40.95,19,41.0,94,1,2022-08-23 09:05:25
1661245525860010000,41.0,1,40.95,19,41.0,93,1,2022-08-23 09:05:25
1661245526137183000,41.0,1,40.95,19,41.0,92,1,2022-08-23 09:05:26
1661245526138401000,41.0,2,40.95,19,41.0,90,1,2022-08-23 09:05:26
1661245526172947000,40.95,2,40.95,17,41.0,90,2,2022-08-23 09:05:26
1661245526178722000,40.95,1,40.95,16,41.0,90,2,2022-08-23 09:05:26
1661245526238392000,40.95,5,40.95,11,41.0,90,2,2022-08-23 09:05:26
1661245526331821000,41.0,1,40.95,11,41.0,89,1,2022-08-23 09:05:26
1661245526343709000,41.0,5,40.95,11,41.0,84,1,2022-08-23 09:05:26
1661245526343742000,40.95,11,40.9,49,41.0,84,2,2022-08-23 09:05:26
1661245526343742000,40.9,9,40.9,49,41.0,84,2,2022-08-23 09:05:26
1661245526499396000,40.9,2,40.9,47,41.0,89,2,2022-08-23 09:05:26
1661245526578104000,41.0,5,41.1,6,41.15,6,1,2022-08-23 09:05:26
1661245526578104000,41.05,1,41.1,6,41.15,6,1,2022-08-23 09:05:26
1661245526578104000,41.1,3,41.1,6,41.15,6,1,2022-08-23 09:05:26
1661245526639794000,41.1,1,41.1,8,41.15,6,2,2022-08-23 09:05:26
1661245526712267000,41.1,1,41.1,7,41.15,6,2,2022-08-23 09:05:26
1661245526734941000,41.1,1,41.1,6,41.15,6,2,2022-08-23 09:05:26
1661245526747716000,41.1,5,41.1,1,41.15,6,2,2022-08-23 09:05:26
1661245526854473000,41.1,2,40.9,45,41.15,6,2,2022-08-23 09:05:26
1661245526854473000,41.05,1,40.9,45,41.15,6,2,2022-08-23 09:05:26
1661245526854473000,40.9,2,40.9,45,41.15,6,2,2022-08-23 09:05:26
1661245526868242000,40.9,2,40.9,43,41.15,6,2,2022-08-23 09:05:26
1661245526892751000,40.9,1,40.9,42,41.15,6,2,2022-08-23 09:05:26
1661245526971038000,41.15,2,40.9,42,41.15,6,1,2022-08-23 09:05:26
1661245527184864000,40.9,2,40.9,40,41.15,4,2,2022-08-23 09:05:27
1661245527339635000,40.9,2,40.9,38,41.15,4,2,2022-08-23 09:05:27
1661245527360133000,40.9,1,40.9,37,41.15,4,2,2022-08-23 09:05:27
1661245527555590000,41.1,5,40.9,37,41.15,4,2,2022-08-23 09:05:27
1661245527573584000,40.9,2,40.9,35,41.15,4,2,2022-08-23 09:05:27
1661245527780638000,40.95,1,40.95,3,41.1,3,2,2022-08-23 09:05:27
1661245527812834000,40.95,3,40.9,18,41.1,3,2,2022-08-23 09:05:27
1661245527812834000,40.9,17,40.9,18,41.1,3,2,2022-08-23 09:05:27
1661245527895844000,41.1,1,40.9,18,41.1,2,1,2022-08-23 09:05:27
1661245528058103000,40.95,1,40.95,1,41.1,2,2,2022-08-23 09:05:28
1661245528334199000,40.9,10,40.9,8,41.1,11,2,2022-08-23 09:05:28
1661245528809473000,41.0,1,40.9,8,41.05,5,2,2022-08-23 09:05:28
1661245528971531000,40.9,2,40.9,6,41.05,5,2,2022-08-23 09:05:28
1661245529300484000,40.9,6,40.85,20,40.9,7,2,2022-08-23 09:05:29
1661245529326606000,40.9,1,40.85,20,40.9,6,1,2022-08-23 09:05:29
1661245529339471000,40.9,7,40.85,20,40.95,20,1,2022-08-23 09:05:29
1661245529622129000,40.95,10,40.9,2,40.95,20,1,2022-08-23 09:05:29
1661245529664483000,40.9,2,40.85,20,40.9,1,2,2022-08-23 09:05:29
1661245529664685000,40.9,1,40.85,20,40.95,1,1,2022-08-23 09:05:29
1661245529664685000,40.95,9,40.85,20,40.95,1,1,2022-08-23 09:05:29
1661245529850863000,40.85,1,40.85,19,40.95,1,2,2022-08-23 09:05:29
1661245529986968000,40.95,1,40.85,19,41.05,10,1,2022-08-23 09:05:29
1661245529986968000,41.05,1,40.85,19,41.05,10,1,2022-08-23 09:05:29
1661245530007767000,40.85,1,40.85,18,41.05,10,2,2022-08-23 09:05:30
1661245530169521000,40.85,1,40.85,17,41.0,2,2,2022-08-23 09:05:30
1661245530734249000,40.85,1,40.85,16,40.95,1,2,2022-08-23 09:05:30
1661245530928432000,40.85,2,40.85,14,40.95,1,2,2022-08-23 09:05:30
1661245530950130000,40.85,1,40.85,13,40.95,1,2,2022-08-23 09:05:30
1661245530994630000,40.85,4,40.85,9,40.95,1,2,2022-08-23 09:05:30
1661245531071265000,40.85,1,40.85,8,40.95,1,2,2022-08-23 09:05:31
1661245531289457000,40.85,8,40.8,154,40.95,1,2,2022-08-23 09:05:31
1661245531289457000,40.8,16,40.8,154,40.95,1,2,2022-08-23 09:05:31
1661245531368525000,40.8,2,40.8,152,40.85,2,2,2022-08-23 09:05:31
1661245531396428000,40.85,2,40.8,152,40.95,1,1,2022-08-23 09:05:31
1661245531480693000,40.8,9,40.8,143,40.95,1,2,2022-08-23 09:05:31
1661245531733749000,40.8,20,40.8,123,40.95,1,2,2022-08-23 09:05:31
1661245532050556000,40.85,5,40.8,123,40.85,5,1,2022-08-23 09:05:32
1661245532220884000,40.8,1,40.8,122,40.95,1,2,2022-08-23 09:05:32
1661245532468224000,40.8,122,40.7,433,40.95,1,2,2022-08-23 09:05:32
1661245532468224000,40.75,71,40.7,433,40.95,1,2,2022-08-23 09:05:32
1661245532468224000,40.7,107,40.7,433,40.95,1,2,2022-08-23 09:05:32
1661245532488660000,40.95,1,40.7,433,41.05,19,1,2022-08-23 09:05:32
1661245532488660000,41.0,4,40.7,433,41.05,19,1,2022-08-23 09:05:32
1661245532543645000,41.0,1,40.7,433,41.0,1,1,2022-08-23 09:05:32
1661245532623773000,40.7,5,40.7,428,41.0,1,2,2022-08-23 09:05:32
1661245532702683000,40.9,1,40.7,428,40.95,4,2,2022-08-23 09:05:32
1661245532871967000,40.85,2,40.7,419,40.95,4,2,2022-08-23 09:05:32
1661245532871967000,40.7,9,40.7,419,40.95,4,2,2022-08-23 09:05:32
1661245533036801000,40.8,1,40.7,419,40.95,4,1,2022-08-23 09:05:33
1661245533078987000,40.7,1,40.7,418,40.95,5,2,2022-08-23 09:05:33
1661245533191023000,40.8,1,40.7,418,40.95,5,1,2022-08-23 09:05:33
1661245533315028000,40.7,5,40.7,413,40.95,7,2,2022-08-23 09:05:33
1661245533424033000,40.7,327,40.7,86,40.95,7,2,2022-08-23 09:05:33
1661245533463561000,40.7,2,40.7,84,40.95,7,2,2022-08-23 09:05:33
1661245533520070000,40.85,3,40.7,85,40.9,2,1,2022-08-23 09:05:33
1661245533804383000,40.7,85,0.0,0,40.7,414,2,2022-08-23 09:05:33
1661245533932119000,40.7,4,0.0,0,40.7,630,2,2022-08-23 09:05:33
1661245535264712000,40.7,1,0.0,0,0.0,250,2,2022-08-23 09:05:35
1661245535394426000,40.7,1,0.0,0,0.0,259,2,2022-08-23 09:05:35
1661245535406715000,40.7,1,0.0,0,0.0,258,2,2022-08-23 09:05:35
1661245535932239000,40.7,1,0.0,0,0.0,279,2,2022-08-23 09:05:35
1661245536218854000,40.7,2,0.0,0,0.0,284,2,2022-08-23 09:05:36
1661245536526283000,40.7,1,0.0,0,0.0,283,2,2022-08-23 09:05:36
1661245536841400000,40.7,1,0.0,0,0.0,284,2,2022-08-23 09:05:36
1661245537246265000,40.7,1,0.0,0,0.0,303,2,2022-08-23 09:05:37
1661245537385140000,40.7,1,0.0,0,0.0,302,2,2022-08-23 09:05:37
1661245537617217000,40.7,3,0.0,0,0.0,802,2,2022-08-23 09:05:37
1661245537718349000,40.7,10,0.0,0,0.0,789,2,2022-08-23 09:05:37
1661245537871234000,40.7,10,0.0,0,0.0,779,2,2022-08-23 09:05:37
1661245538156167000,40.7,1,0.0,0,0.0,779,2,2022-08-23 09:05:38
1661245538344996000,40.7,2,0.0,0,0.0,769,2,2022-08-23 09:05:38
1661245538501221000,40.7,2,0.0,0,0.0,767,2,2022-08-23 09:05:38
1661245538681452000,40.7,1,0.0,0,0.0,1271,2,2022-08-23 09:05:38
1661245539008072000,40.7,1,0.0,0,0.0,1271,2,2022-08-23 09:05:39
1661245539194308000,40.7,1,0.0,0,0.0,1280,2,2022-08-23 09:05:39
1661245539239624000,40.7,1,0.0,0,0.0,1279,2,2022-08-23 09:05:39
1661245539375163000,40.7,2,0.0,0,0.0,1277,2,2022-08-23 09:05:39
1661245539473691000,40.7,2,0.0,0,0.0,1275,2,2022-08-23 09:05:39
1661245539555773000,40.7,2,0.0,0,0.0,1273,2,2022-08-23 09:05:39
1661245539834170000,40.7,1,0.0,0,0.0,1274,2,2022-08-23 09:05:39
1661245540007696000,40.7,10,0.0,0,0.0,1274,2,2022-08-23 09:05:40
1661245540502035000,40.7,5,0.0,0,0.0,1276,2,2022-08-23 09:05:40
1661245540986294000,40.7,1,0.0,0,0.0,1275,2,2022-08-23 09:05:40
1661245541179228000,40.7,1,0.0,0,0.0,1275,2,2022-08-23 09:05:41
1661245541359586000,40.7,10,0.0,0,0.0,1264,2,2022-08-23 09:05:41
1661245541865669000,40.7,1,0.0,0,0.0,1772,2,2022-08-23 09:05:41
1661245542031718000,40.7,1,0.0,0,0.0,1771,2,2022-08-23 09:05:42
1661245542058925000,40.7,1,0.0,0,0.0,1772,2,2022-08-23 09:05:42
1661245542457097000,40.7,2,0.0,0,0.0,1768,2,2022-08-23 09:05:42
1661245542485865000,40.7,3,0.0,0,0.0,1765,2,2022-08-23 09:05:42
1661245542584796000,40.7,2,0.0,0,0.0,1768,2,2022-08-23 09:05:42
1661245542747664000,40.7,5,0.0,0,0.0,1758,2,2022-08-23 09:05:42
1661245542917214000,40.7,1,0.0,0,0.0,1757,2,2022-08-23 09:05:42
1661245542977827000,40.7,1,0.0,0,0.0,1756,2,2022-08-23 09:05:42
1661245543057895000,40.7,3,0.0,0,0.0,1753,2,2022-08-23 09:05:43
1661245543595533000,40.7,2,0.0,0,0.0,1810,2,2022-08-23 09:05:43
1661245543817935000,40.7,3,0.0,0,0.0,1805,2,2022-08-23 09:05:43
1661245543847216000,40.7,3,0.0,0,0.0,1802,2,2022-08-23 09:05:43
1661245543880027000,40.7,1,0.0,0,0.0,2520,2,2022-08-23 09:05:43
1661245544085585000,40.7,1,0.0,0,0.0,2519,2,2022-08-23 09:05:44
1661245544297128000,40.7,1,0.0,0,0.0,2690,2,2022-08-23 09:05:44
1661245544381463000,40.7,3,0.0,0,0.0,2687,2,2022-08-23 09:05:44
1661245544461478000,40.7,1,0.0,0,0.0,2686,2,2022-08-23 09:05:44
1661245544468443000,40.7,1,0.0,0,0.0,2685,2,2022-08-23 09:05:44
1661245544616189000,40.7,1,0.0,0,0.0,2691,2,2022-08-23 09:05:44
1661245545179429000,40.7,2,0.0,0,0.0,2684,2,2022-08-23 09:05:45
1661245545190271000,40.7,3,0.0,0,0.0,2686,2,2022-08-23 09:05:45
1661245545216896000,40.7,1,0.0,0,0.0,2680,2,2022-08-23 09:05:45
1661245545234549000,40.7,10,0.0,0,0.0,2670,2,2022-08-23 09:05:45
1661245545237265000,40.7,1,0.0,0,0.0,2669,2,2022-08-23 09:05:45
1661245545269365000,40.7,2,0.0,0,0.0,2667,2,2022-08-23 09:05:45
1661245545327528000,40.7,1,0.0,0,0.0,2666,2,2022-08-23 09:05:45
1661245545441936000,40.7,1,0.0,0,0.0,2666,2,2022-08-23 09:05:45
1661245545589480000,40.7,2,0.0,0,0.0,2664,2,2022-08-23 09:05:45
1661245545753383000,40.7,1,0.0,0,0.0,2668,2,2022-08-23 09:05:45
1661245545877214000,40.7,1,0.0,0,0.0,2668,2,2022-08-23 09:05:45
1661245546097172000,40.7,1,0.0,0,0.0,2667,2,2022-08-23 09:05:46
1661245546159083000,40.7,5,0.0,0,0.0,2669,2,2022-08-23 09:05:46
1661245546374020000,40.7,10,0.0,0,0.0,2654,2,2022-08-23 09:05:46
1661245546492459000,40.7,3,0.0,0,0.0,2653,2,2022-08-23 09:05:46
1661245546955663000,40.7,1,0.0,0,0.0,2684,2,2022-08-23 09:05:46
1661245547044769000,40.7,1,0.0,0,0.0,2684,2,2022-08-23 09:05:47
1661245547298114000,40.7,10,0.0,0,0.0,2679,2,2022-08-23 09:05:47
1661245547323963000,40.7,1,0.0,0,0.0,2678,2,2022-08-23 09:05:47
1661245547697926000,40.7,1,0.0,0,0.0,2683,2,2022-08-23 09:05:47
1661245547834106000,40.7,1,0.0,0,0.0,2687,2,2022-08-23 09:05:47
1661245547965169000,40.7,5,0.0,0,0.0,2683,2,2022-08-23 09:05:47
1661245548032261000,40.7,1,0.0,0,0.0,2687,2,2022-08-23 09:05:48
1661245548060897000,40.7,1,0.0,0,0.0,2686,2,2022-08-23 09:05:48
1661245548202644000,40.7,1,0.0,0,0.0,2691,2,2022-08-23 09:05:48
1661245548763866000,40.7,1,0.0,0,0.0,2699,2,2022-08-23 09:05:48
1661245548786778000,40.7,1,0.0,0,0.0,2698,2,2022-08-23 09:05:48
1661245548988636000,40.7,2,0.0,0,0.0,2701,2,2022-08-23 09:05:48
1661245549082545000,40.7,2,0.0,0,0.0,2699,2,2022-08-23 09:05:49
1661245549166601000,40.7,4,0.0,0,0.0,2704,2,2022-08-23 09:05:49
1661245549301296000,40.7,1,0.0,0,0.0,2699,2,2022-08-23 09:05:49
1661245549541218000,40.7,6,0.0,0,0.0,2707,2,2022-08-23 09:05:49
1661245549807647000,40.7,1,0.0,0,0.0,2740,2,2022-08-23 09:05:49
1661245549862730000,40.7,1,0.0,0,0.0,2741,2,2022-08-23 09:05:49
1661245550863209000,40.7,2,0.0,0,0.0,2737,2,2022-08-23 09:05:50
1661245550935753000,40.7,1,0.0,0,0.0,2736,2,2022-08-23 09:05:50
1661245550938132000,40.7,1,0.0,0,0.0,2735,2,2022-08-23 09:05:50
1661245551074717000,40.7,1,0.0,0,0.0,2735,2,2022-08-23 09:05:51
1661245551234723000,40.7,1,0.0,0,0.0,2733,2,2022-08-23 09:05:51
1661245551707792000,40.7,1,0.0,0,0.0,2742,2,2022-08-23 09:05:51
1661245551914977000,40.7,1,0.0,0,0.0,2740,2,2022-08-23 09:05:51
1661245551944868000,40.7,5,0.0,0,0.0,2735,2,2022-08-23 09:05:51
1661245552005637000,40.7,1,0.0,0,0.0,2744,2,2022-08-23 09:05:52
1661245552031788000,40.7,1,0.0,0,0.0,2743,2,2022-08-23 09:05:52
1661245552045784000,40.7,1,0.0,0,0.0,2742,2,2022-08-23 09:05:52
1661245552088681000,40.7,1,0.0,0,0.0,2741,2,2022-08-23 09:05:52
1661245552146313000,40.7,1,0.0,0,0.0,2750,2,2022-08-23 09:05:52
1661245552420623000,40.7,1,0.0,0,0.0,2769,2,2022-08-23 09:05:52
1661245552641528000,40.7,2,0.0,0,0.0,2778,2,2022-08-23 09:05:52
1661245552684086000,40.7,1,0.0,0,0.0,2777,2,2022-08-23 09:05:52
1661245552701360000,40.7,1,0.0,0,0.0,2787,2,2022-08-23 09:05:52
1661245552841679000,40.7,1,0.0,0,0.0,2795,2,2022-08-23 09:05:52
1661245553053163000,40.7,1,0.0,0,0.0,2805,2,2022-08-23 09:05:53
1661245553366572000,40.7,1,0.0,0,0.0,2817,2,2022-08-23 09:05:53
1661245553406381000,40.7,5,0.0,0,0.0,2812,2,2022-08-23 09:05:53
1661245553689524000,40.7,1,0.0,0,0.0,2815,2,2022-08-23 09:05:53
1661245553957843000,40.7,2,0.0,0,0.0,2818,2,2022-08-23 09:05:53
1661245554056927000,40.7,1,0.0,0,0.0,2817,2,2022-08-23 09:05:54
1661245554263726000,40.7,1,0.0,0,0.0,2818,2,2022-08-23 09:05:54
1661245554571918000,40.7,1,0.0,0,0.0,2821,2,2022-08-23 09:05:54
1661245554689910000,40.7,2,0.0,0,0.0,2819,2,2022-08-23 09:05:54
1661245555427716000,40.7,2,0.0,0,0.0,2818,2,2022-08-23 09:05:55
1661245556247984000,40.7,1,0.0,0,0.0,2821,2,2022-08-23 09:05:56
1661245556684131000,40.7,1,0.0,0,0.0,2821,2,2022-08-23 09:05:56
1661245556914228000,40.7,1,0.0,0,0.0,2826,2,2022-08-23 09:05:56
1661245556998961000,40.7,3,0.0,0,0.0,2823,2,2022-08-23 09:05:56
1661245558627444000,40.7,1,0.0,0,0.0,2843,2,2022-08-23 09:05:58
1661245558628614000,40.7,3,0.0,0,0.0,2844,2,2022-08-23 09:05:58
1661245559089773000,40.7,1,0.0,0,0.0,2840,2,2022-08-23 09:05:59
1661245561307045000,40.7,1,0.0,0,0.0,2855,2,2022-08-23 09:06:01
1661245561799568000,40.7,1,0.0,0,0.0,2854,2,2022-08-23 09:06:01
1661245562256432000,40.7,1,0.0,0,0.0,2854,2,2022-08-23 09:06:02
1661245562980184000,40.7,1,0.0,0,0.0,2854,2,2022-08-23 09:06:02
1661245563505657000,40.7,1,0.0,0,0.0,2854,2,2022-08-23 09:06:03
1661245563634935000,40.7,1,0.0,0,0.0,2853,2,2022-08-23 09:06:03
1661245564124937000,40.7,1,0.0,0,0.0,2974,2,2022-08-23 09:06:04
1661245565419583000,40.7,2,0.0,0,0.0,3179,2,2022-08-23 09:06:05
1661245565617645000,40.7,1,0.0,0,0.0,3179,2,2022-08-23 09:06:05
1661245566847911000,40.7,1,0.0,0,0.0,3182,2,2022-08-23 09:06:06
1661245567559361000,40.7,5,0.0,0,0.0,3177,2,2022-08-23 09:06:07
1661245568391775000,40.7,1,0.0,0,0.0,3171,2,2022-08-23 09:06:08
1661245568560766000,40.7,1,0.0,0,0.0,3172,2,2022-08-23 09:06:08
1661245569103249000,40.7,1,0.0,0,0.0,3171,2,2022-08-23 09:06:09
1661245569262589000,40.7,1,0.0,0,0.0,3170,2,2022-08-23 09:06:09
1661245569340971000,40.7,1,0.0,0,0.0,3169,2,2022-08-23 09:06:09
1661245569365435000,40.7,2,0.0,0,0.0,3170,2,2022-08-23 09:06:09
1661245569903110000,40.7,2,0.0,0,0.0,3165,2,2022-08-23 09:06:09
1661245570074275000,40.7,10,0.0,0,0.0,3155,2,2022-08-23 09:06:10
1661245570078367000,40.7,1,0.0,0,0.0,3154,2,2022-08-23 09:06:10
1661245572502568000,40.7,1,0.0,0,0.0,3155,2,2022-08-23 09:06:12
1661245572541044000,40.7,1,0.0,0,0.0,3154,2,2022-08-23 09:06:12
1661245573157646000,40.7,1,0.0,0,0.0,3155,2,2022-08-23 09:06:13
1661245573255660000,40.7,1,0.0,0,0.0,3153,2,2022-08-23 09:06:13
1661245574707770000,40.7,1,0.0,0,0.0,3163,2,2022-08-23 09:06:14
1661245574749077000,40.7,1,0.0,0,0.0,3164,2,2022-08-23 09:06:14
1661245575125692000,40.7,1,0.0,0,0.0,3164,2,2022-08-23 09:06:15
1661245575282553000,40.7,1,0.0,0,0.0,3162,2,2022-08-23 09:06:15
1661245575836096000,40.7,5,0.0,0,0.0,3158,2,2022-08-23 09:06:15
1661245576165586000,40.7,2,0.0,0,0.0,3156,2,2022-08-23 09:06:16
1661245576497189000,40.7,1,0.0,0,0.0,3157,2,2022-08-23 09:06:16
1661245576757743000,40.7,3,0.0,0,0.0,3154,2,2022-08-23 09:06:16
1661245576857286000,40.7,5,0.0,0,0.0,3149,2,2022-08-23 09:06:16
1661245576992796000,40.7,1,0.0,0,0.0,3148,2,2022-08-23 09:06:16
1661245577470372000,40.7,2,0.0,0,0.0,3148,2,2022-08-23 09:06:17
1661245578156858000,40.7,1,0.0,0,0.0,3150,2,2022-08-23 09:06:18
1661245578322554000,40.7,1,0.0,0,0.0,3148,2,2022-08-23 09:06:18
1661245578477080000,40.7,3,0.0,0,0.0,3145,2,2022-08-23 09:06:18
1661245578537473000,40.7,1,0.0,0,0.0,3144,2,2022-08-23 09:06:18
1661245578562618000,40.7,1,0.0,0,0.0,3148,2,2022-08-23 09:06:18
1661245578854062000,40.7,1,0.0,0,0.0,3142,2,2022-08-23 09:06:18
1661245579579217000,40.7,5,0.0,0,0.0,3137,2,2022-08-23 09:06:19
1661245581525714000,40.7,2,0.0,0,0.0,3136,2,2022-08-23 09:06:21
1661245581917721000,40.7,2,0.0,0,0.0,3137,2,2022-08-23 09:06:21
1661245582535944000,40.7,1,0.0,0,0.0,3134,2,2022-08-23 09:06:22
1661245583029190000,40.7,1,0.0,0,0.0,3134,2,2022-08-23 09:06:23
1661245584057899000,40.7,1,0.0,0,0.0,3133,2,2022-08-23 09:06:24
1661245584756421000,40.7,1,0.0,0,0.0,3137,2,2022-08-23 09:06:24
1661245584767995000,40.7,3,0.0,0,0.0,3134,2,2022-08-23 09:06:24
1661245584970551000,40.7,1,0.0,0,0.0,3133,2,2022-08-23 09:06:24
1661245585702333000,40.7,1,0.0,0,0.0,3133,2,2022-08-23 09:06:25
1661245586402604000,40.7,1,0.0,0,0.0,3134,2,2022-08-23 09:06:26
1661245586741464000,40.7,2,0.0,0,0.0,3144,2,2022-08-23 09:06:26
1661245586794418000,40.7,1,0.0,0,0.0,3141,2,2022-08-23 09:06:26
1661245588570943000,40.7,6,0.0,0,0.0,3142,2,2022-08-23 09:06:28
1661245589484962000,40.7,1,0.0,0,0.0,3145,2,2022-08-23 09:06:29
1661245590293228000,40.7,1,0.0,0,0.0,3245,2,2022-08-23 09:06:30
1661245591062214000,40.7,3,0.0,0,0.0,3246,2,2022-08-23 09:06:31
1661245591202290000,40.7,1,0.0,0,0.0,3245,2,2022-08-23 09:06:31
1661245591630880000,40.7,1,0.0,0,0.0,3244,2,2022-08-23 09:06:31
1661245592519612000,40.7,3,0.0,0,0.0,3246,2,2022-08-23 09:06:32
1661245592761761000,40.7,1,0.0,0,0.0,3245,2,2022-08-23 09:06:32
1661245594310703000,40.7,10,0.0,0,0.0,3242,2,2022-08-23 09:06:34
1661245594650065000,40.7,1,0.0,0,0.0,3241,2,2022-08-23 09:06:34
1661245595088441000,40.7,1,0.0,0,0.0,3240,2,2022-08-23 09:06:35
1661245596422371000,40.7,1,0.0,0,0.0,3240,2,2022-08-23 09:06:36
1661245597586659000,40.7,2,0.0,0,0.0,3254,2,2022-08-23 09:06:37
1661245598015219000,40.7,1,0.0,0,0.0,3251,2,2022-08-23 09:06:38
1661245599219410000,40.7,1,0.0,0,0.0,3251,2,2022-08-23 09:06:39
1661245599619153000,40.7,2,0.0,0,0.0,3250,2,2022-08-23 09:06:39
1661245599979538000,40.7,1,0.0,0,0.0,3247,2,2022-08-23 09:06:39
1661245601527868000,40.7,1,0.0,0,0.0,3253,2,2022-08-23 09:06:41
1661245601772792000,40.7,1,0.0,0,0.0,3252,2,2022-08-23 09:06:41
1661245604404553000,40.7,1,0.0,0,0.0,3252,2,2022-08-23 09:06:44
1661245605877293000,40.7,1,0.0,0,0.0,3251,2,2022-08-23 09:06:45
1661245605912637000,40.7,1,0.0,0,0.0,3250,2,2022-08-23 09:06:45
1661245606235822000,40.7,1,0.0,0,0.0,3249,2,2022-08-23 09:06:46
1661245607143330000,40.7,1,0.0,0,0.0,3251,2,2022-08-23 09:06:47
1661245607818367000,40.7,1,0.0,0,0.0,3250,2,2022-08-23 09:06:47
1661245607963295000,40.7,1,0.0,0,0.0,3249,2,2022-08-23 09:06:47
1661245609035281000,40.7,1,0.0,0,0.0,3249,2,2022-08-23 09:06:49
1661245609794618000,40.7,1,0.0,0,0.0,3250,2,2022-08-23 09:06:49
1661245610498137000,40.7,1,0.0,0,0.0,3250,2,2022-08-23 09:06:50
1661245610857147000,40.7,2,0.0,0,0.0,3248,2,2022-08-23 09:06:50
1661245610879943000,40.7,1,0.0,0,0.0,3247,2,2022-08-23 09:06:50
1661245611826977000,40.7,1,0.0,0,0.0,3250,2,2022-08-23 09:06:51
1661245612309745000,40.7,1,0.0,0,0.0,3250,2,2022-08-23 09:06:52
1661245612347330000,40.7,4,0.0,0,0.0,3246,2,2022-08-23 09:06:52
1661245613658710000,40.7,1,0.0,0,0.0,3246,2,2022-08-23 09:06:53
1661245616003728000,40.7,5,0.0,0,0.0,3243,2,2022-08-23 09:06:56
1661245616783011000,40.7,1,0.0,0,0.0,3243,2,2022-08-23 09:06:56
1661245617004303000,40.7,1,0.0,0,0.0,3241,2,2022-08-23 09:06:57
1661245617883317000,40.7,2,0.0,0,0.0,3239,2,2022-08-23 09:06:57
1661245618398469000,40.7,2,0.0,0,0.0,3237,2,2022-08-23 09:06:58
1661245619688969000,40.7,1,0.0,0,0.0,3237,2,2022-08-23 09:06:59
1661245621895807000,40.7,10,0.0,0,0.0,3227,2,2022-08-23 09:07:01
1661245623245459000,40.7,1,0.0,0,0.0,3228,2,2022-08-23 09:07:03
1661245624245445000,40.7,1,0.0,0,0.0,3229,2,2022-08-23 09:07:04
1661245624306357000,40.7,10,0.0,0,0.0,3219,2,2022-08-23 09:07:04
1661245624410869000,40.7,1,0.0,0,0.0,3218,2,2022-08-23 09:07:04
1661245624432671000,40.7,1,0.0,0,0.0,3217,2,2022-08-23 09:07:04
1661245625092333000,40.7,2,0.0,0,0.0,3214,2,2022-08-23 09:07:05
1661245625968413000,40.7,1,0.0,0,0.0,3213,2,2022-08-23 09:07:05
1661245626918511000,40.7,2,0.0,0,0.0,3211,2,2022-08-23 09:07:06
1661245627146697000,40.7,1,0.0,0,0.0,3210,2,2022-08-23 09:07:07
1661245627450467000,40.7,1,0.0,0,0.0,3209,2,2022-08-23 09:07:07
1661245627899124000,40.7,1,0.0,0,0.0,3208,2,2022-08-23 09:07:07
1661245629226524000,40.7,1,0.0,0,0.0,3207,2,2022-08-23 09:07:09
1661245633981049000,40.7,3,0.0,0,0.0,3210,2,2022-08-23 09:07:13
1661245636696414000,40.7,10,0.0,0,0.0,3213,2,2022-08-23 09:07:16
1661245636877079000,40.7,20,0.0,0,0.0,3183,2,2022-08-23 09:07:16
1661245637418144000,40.7,1,0.0,0,0.0,3182,2,2022-08-23 09:07:17
1661245639372168000,40.7,2,0.0,0,0.0,3180,2,2022-08-23 09:07:19
1661245639878801000,40.7,4,0.0,0,0.0,3176,2,2022-08-23 09:07:19
1661245640272397000,40.7,1,0.0,0,0.0,3177,2,2022-08-23 09:07:20
1661245641513355000,40.7,2,0.0,0,0.0,3175,2,2022-08-23 09:07:21
1661245644756333000,40.7,1,0.0,0,0.0,3174,2,2022-08-23 09:07:24
1661245645839607000,40.7,1,0.0,0,0.0,3188,2,2022-08-23 09:07:25
1661245646605191000,40.7,1,0.0,0,0.0,3189,2,2022-08-23 09:07:26
1661245648842223000,40.7,10,0.0,0,0.0,3178,2,2022-08-23 09:07:28
1661245653171460000,40.7,1,0.0,0,0.0,3323,2,2022-08-23 09:07:33
1661245655115896000,40.7,1,0.0,0,0.0,3322,2,2022-08-23 09:07:35
1661245660082384000,40.7,1,0.0,0,0.0,3324,2,2022-08-23 09:07:40
1661245661815047000,40.7,2,0.0,0,0.0,3322,2,2022-08-23 09:07:41
1661245661845498000,40.7,2,0.0,0,0.0,3320,2,2022-08-23 09:07:41
1661245662702551000,40.7,1,0.0,0,0.0,3329,2,2022-08-23 09:07:42
1661245662802044000,40.7,1,0.0,0,0.0,3328,2,2022-08-23 09:07:42
1661245666477076000,40.7,3,0.0,0,0.0,3338,2,2022-08-23 09:07:46
1661245667036101000,40.7,1,0.0,0,0.0,3337,2,2022-08-23 09:07:47
1661245668735801000,40.7,2,0.0,0,0.0,3338,2,2022-08-23 09:07:48
1661245674833962000,40.7,2,0.0,0,0.0,3339,2,2022-08-23 09:07:54
1661245675799790000,40.7,11,0.0,0,0.0,3328,2,2022-08-23 09:07:55
1661245676423469000,40.7,1,0.0,0,0.0,3328,2,2022-08-23 09:07:56
1661245677800274000,40.7,1,0.0,0,0.0,3327,2,2022-08-23 09:07:57
1661245682125577000,40.7,1,0.0,0,0.0,3327,2,2022-08-23 09:08:02
1661245683059470000,40.7,5,0.0,0,0.0,3324,2,2022-08-23 09:08:03
1661245685257138000,40.7,5,0.0,0,0.0,3313,2,2022-08-23 09:08:05
1661245691457604000,40.7,3,0.0,0,0.0,3483,2,2022-08-23 09:08:11
1661245694491922000,40.7,1,0.0,0,0.0,3484,2,2022-08-23 09:08:14
1661245697526160000,40.7,2,0.0,0,0.0,3482,2,2022-08-23 09:08:17
1661245698732101000,40.7,10,0.0,0,0.0,3472,2,2022-08-23 09:08:18
1661245702665201000,40.7,1,0.0,0,0.0,3473,2,2022-08-23 09:08:22
1661245703406316000,40.7,1,0.0,0,0.0,3472,2,2022-08-23 09:08:23
1661245704216511000,40.7,1,0.0,0,0.0,3471,2,2022-08-23 09:08:24
1661245706502118000,40.7,1,0.0,0,0.0,3470,2,2022-08-23 09:08:26
1661245710275847000,40.7,1,0.0,0,0.0,3475,2,2022-08-23 09:08:30
1661245719194027000,40.7,1,0.0,0,0.0,3481,2,2022-08-23 09:08:39
1661245720319707000,40.7,1,0.0,0,0.0,3480,2,2022-08-23 09:08:40
1661245722932997000,40.7,1,0.0,0,0.0,3479,2,2022-08-23 09:08:42
1661245727699770000,40.7,1,0.0,0,0.0,3490,2,2022-08-23 09:08:47
1661245728849382000,40.7,1,0.0,0,0.0,3491,2,2022-08-23 09:08:48
1661245730090461000,40.7,1,0.0,0,0.0,3489,2,2022-08-23 09:08:50
1661245730865816000,40.7,1,0.0,0,0.0,3490,2,2022-08-23 09:08:50
1661245733450793000,40.7,1,0.0,0,0.0,3489,2,2022-08-23 09:08:53
1661245740600420000,40.7,5,0.0,0,0.0,3497,2,2022-08-23 09:09:00
1661245741023062000,40.7,1,0.0,0,0.0,3496,2,2022-08-23 09:09:01
1661245741817010000,40.7,15,0.0,0,0.0,3481,2,2022-08-23 09:09:01
1661245744282425000,40.7,1,0.0,0,0.0,3483,2,2022-08-23 09:09:04
1661245744869510000,40.7,10,0.0,0,0.0,3473,2,2022-08-23 09:09:04
1661245745157666000,40.7,1,0.0,0,0.0,3472,2,2022-08-23 09:09:05
1661245745944251000,40.7,2,0.0,0,0.0,3471,2,2022-08-23 09:09:05
1661245746870167000,40.7,1,0.0,0,0.0,3473,2,2022-08-23 09:09:06
1661245749636870000,40.7,1,0.0,0,0.0,3484,2,2022-08-23 09:09:09
1661245749936773000,40.7,1,0.0,0,0.0,3483,2,2022-08-23 09:09:09
1661245751165613000,40.7,2,0.0,0,0.0,3481,2,2022-08-23 09:09:11
1661245753567611000,40.7,1,0.0,0,0.0,3481,2,2022-08-23 09:09:13
1661245761572949000,40.7,1,0.0,0,0.0,3488,2,2022-08-23 09:09:21
1661245762223366000,40.7,1,0.0,0,0.0,3486,2,2022-08-23 09:09:22
1661245762848479000,40.7,1,0.0,0,0.0,3485,2,2022-08-23 09:09:22
1661245763247391000,40.7,3,0.0,0,0.0,3482,2,2022-08-23 09:09:23
1661245768822068000,40.7,1,0.0,0,0.0,3482,2,2022-08-23 09:09:28
1661245771550004000,40.7,2,0.0,0,0.0,3485,2,2022-08-23 09:09:31
1661245775474854000,40.7,1,0.0,0,0.0,3484,2,2022-08-23 09:09:35
1661245778041390000,40.7,1,0.0,0,0.0,3484,2,2022-08-23 09:09:38
1661245792191477000,40.7,3,0.0,0,0.0,3486,2,2022-08-23 09:09:52
1661245796377074000,40.7,1,0.0,0,0.0,3485,2,2022-08-23 09:09:56
1661245796867252000,40.7,1,0.0,0,0.0,3484,2,2022-08-23 09:09:56
1661245800985693000,40.7,3,0.0,0,0.0,3481,2,2022-08-23 09:10:00
1661245807191146000,40.7,1,0.0,0,0.0,3478,2,2022-08-23 09:10:07
1661245808244828000,40.7,5,0.0,0,0.0,3473,2,2022-08-23 09:10:08
1661245812517710000,40.7,4,0.0,0,0.0,3471,2,2022-08-23 09:10:12
1661245822894710000,40.7,1,0.0,0,0.0,3476,2,2022-08-23 09:10:22
1661245824969036000,40.7,2,0.0,0,0.0,3480,2,2022-08-23 09:10:24
1661245837924397000,40.7,1,0.0,0,0.0,3486,2,2022-08-23 09:10:37
1661245845569440000,40.7,1,0.0,0,0.0,3483,2,2022-08-23 09:10:45
1661245857793048000,40.7,5,0.0,0,0.0,3479,2,2022-08-23 09:10:57
1661245860514112000,40.7,1,0.0,0,0.0,3477,2,2022-08-23 09:11:00
1661245868188487000,40.7,2,0.0,0,0.0,3482,2,2022-08-23 09:11:08
1661245868941520000,40.7,50,0.0,0,0.0,3432,2,2022-08-23 09:11:08
1661245872603653000,40.7,1,0.0,0,0.0,3439,2,2022-08-23 09:11:12
1661245874211291000,40.7,2,0.0,0,0.0,3437,2,2022-08-23 09:11:14
1661245876908868000,40.7,1,0.0,0,0.0,3435,2,2022-08-23 09:11:16
1661245878490754000,40.7,1,0.0,0,0.0,3434,2,2022-08-23 09:11:18
1661245878610275000,40.7,1,0.0,0,0.0,3434,2,2022-08-23 09:11:18
1661245882367621000,40.7,1,0.0,0,0.0,3436,2,2022-08-23 09:11:22
1661245887882991000,40.7,1,0.0,0,0.0,3436,2,2022-08-23 09:11:27
1661245889116546000,40.7,1,0.0,0,0.0,3435,2,2022-08-23 09:11:29
1661245894216625000,40.7,2,0.0,0,0.0,3436,2,2022-08-23 09:11:34
1661245902577390000,40.7,1,0.0,0,0.0,3450,2,2022-08-23 09:11:42
1661245908282741000,40.7,1,0.0,0,0.0,3455,2,2022-08-23 09:11:48
1661245909269737000,40.7,3,0.0,0,0.0,3452,2,2022-08-23 09:11:49
1661245910911209000,40.7,1,0.0,0,0.0,3448,2,2022-08-23 09:11:50
1661245911203891000,40.7,1,0.0,0,0.0,3547,2,2022-08-23 09:11:51
1661245915574917000,40.7,1,0.0,0,0.0,3552,2,2022-08-23 09:11:55
1661245920465255000,40.7,1,0.0,0,0.0,3556,2,2022-08-23 09:12:00
1661245923491324000,40.7,1,0.0,0,0.0,3556,2,2022-08-23 09:12:03
1661245926028584000,40.7,2,0.0,0,0.0,3555,2,2022-08-23 09:12:06
1661245931719399000,40.7,3,0.0,0,0.0,3546,2,2022-08-23 09:12:11
1661245938962746000,40.7,1,0.0,0,0.0,3548,2,2022-08-23 09:12:18
1661245941483408000,40.7,20,0.0,0,0.0,3528,2,2022-08-23 09:12:21
1661245947830870000,40.7,1,0.0,0,0.0,3526,2,2022-08-23 09:12:27
1661245951090640000,40.7,1,0.0,0,0.0,3525,2,2022-08-23 09:12:31
1661245955444783000,40.7,1,0.0,0,0.0,3524,2,2022-08-23 09:12:35
1661245960929979000,40.7,3,0.0,0,0.0,3521,2,2022-08-23 09:12:40
1661245970520609000,40.7,1,0.0,0,0.0,3521,2,2022-08-23 09:12:50
1661245980944043000,40.7,1,0.0,0,0.0,3572,2,2022-08-23 09:13:00
1661245985742245000,40.7,1,0.0,0,0.0,3571,2,2022-08-23 09:13:05
1661245987039038000,40.7,1,0.0,0,0.0,3570,2,2022-08-23 09:13:07
1661245989051057000,40.7,1,0.0,0,0.0,3570,2,2022-08-23 09:13:09
1661245994034604000,40.7,1,0.0,0,0.0,3600,2,2022-08-23 09:13:14
1661245998560353000,40.7,3,0.0,0,0.0,3598,2,2022-08-23 09:13:18
1661245999462730000,40.7,1,0.0,0,0.0,3597,2,2022-08-23 09:13:19
1661246027837916000,40.7,1,0.0,0,0.0,3730,2,2022-08-23 09:13:47
1661246034948391000,40.7,1,0.0,0,0.0,3729,2,2022-08-23 09:13:54
1661246043411645000,40.7,1,0.0,0,0.0,3729,2,2022-08-23 09:14:03
1661246044725270000,40.7,1,0.0,0,0.0,3729,2,2022-08-23 09:14:04
1661246048575189000,40.7,1,0.0,0,0.0,3728,2,2022-08-23 09:14:08
1661246048835100000,40.7,1,0.0,0,0.0,3727,2,2022-08-23 09:14:08
1661246049330931000,40.7,1,0.0,0,0.0,3726,2,2022-08-23 09:14:09
1661246054858279000,40.7,2,0.0,0,0.0,3721,2,2022-08-23 09:14:14
1661246063028222000,40.7,1,0.0,0,0.0,3729,2,2022-08-23 09:14:23
1661246068235688000,40.7,20,0.0,0,0.0,3712,2,2022-08-23 09:14:28
1661246072391090000,40.7,1,0.0,0,0.0,3711,2,2022-08-23 09:14:32
1661246081701802000,40.7,1,0.0,0,0.0,3716,2,2022-08-23 09:14:41
1661246082305108000,40.7,1,0.0,0,0.0,3715,2,2022-08-23 09:14:42
1661246091164543000,40.7,1,0.0,0,0.0,3718,2,2022-08-23 09:14:51
1661246094152448000,40.7,1,0.0,0,0.0,3717,2,2022-08-23 09:14:54
1661246094353744000,40.7,1,0.0,0,0.0,3716,2,2022-08-23 09:14:54
1661246109589277000,40.7,1,0.0,0,0.0,3722,2,2022-08-23 09:15:09
1661246129320880000,40.7,1,0.0,0,0.0,3728,2,2022-08-23 09:15:29
1661246134133659000,40.7,1,0.0,0,0.0,3728,2,2022-08-23 09:15:34
1661246155625857000,40.7,1,0.0,0,0.0,3742,2,2022-08-23 09:15:55
1661246190833916000,40.7,1,0.0,0,0.0,3707,2,2022-08-23 09:16:30
1661246191251379000,40.7,1,0.0,0,0.0,3706,2,2022-08-23 09:16:31
1661246199367815000,40.7,1,0.0,0,0.0,3704,2,2022-08-23 09:16:39
1661246201454689000,40.7,10,0.0,0,0.0,3694,2,2022-08-23 09:16:41
1661246204380211000,40.7,1,0.0,0,0.0,3693,2,2022-08-23 09:16:44
1661246207094388000,40.7,5,0.0,0,0.0,3688,2,2022-08-23 09:16:47
1661246210637076000,40.7,1,0.0,0,0.0,3686,2,2022-08-23 09:16:50
1661246215597693000,40.7,1,0.0,0,0.0,3688,2,2022-08-23 09:16:55
1661246229779714000,40.7,10,0.0,0,0.0,3681,2,2022-08-23 09:17:09
1661246255411282000,40.7,1,0.0,0,0.0,3681,2,2022-08-23 09:17:35
1661246274093182000,40.7,1,0.0,0,0.0,3686,2,2022-08-23 09:17:54
1661246274887328000,40.7,1,0.0,0,0.0,3685,2,2022-08-23 09:17:54
1661246277753105000,40.7,1,0.0,0,0.0,3683,2,2022-08-23 09:17:57
1661246282178764000,40.7,1,0.0,0,0.0,3691,2,2022-08-23 09:18:02
1661246288658209000,40.7,3,0.0,0,0.0,3690,2,2022-08-23 09:18:08
1661246293371045000,40.7,1,0.0,0,0.0,3689,2,2022-08-23 09:18:13
1661246293786448000,40.7,5,0.0,0,0.0,3684,2,2022-08-23 09:18:13
1661246311964436000,40.7,3,0.0,0,0.0,3686,2,2022-08-23 09:18:31
1661246326058017000,40.7,1,0.0,0,0.0,3684,2,2022-08-23 09:18:46
1661246334890950000,40.7,1,0.0,0,0.0,3686,2,2022-08-23 09:18:54
1661246338567894000,40.7,1,0.0,0,0.0,3685,2,2022-08-23 09:18:58
1661246351029599000,40.7,1,0.0,0,0.0,3685,2,2022-08-23 09:19:11
1661246357941318000,40.7,1,0.0,0,0.0,3685,2,2022-08-23 09:19:17
1661246360911196000,40.7,1,0.0,0,0.0,3684,2,2022-08-23 09:19:20
1661246372941126000,40.7,1,0.0,0,0.0,3677,2,2022-08-23 09:19:32
1661246389374410000,40.7,2,0.0,0,0.0,3676,2,2022-08-23 09:19:49
1661246393415189000,40.7,1,0.0,0,0.0,3675,2,2022-08-23 09:19:53
1661246401720955000,40.7,1,0.0,0,0.0,3675,2,2022-08-23 09:20:01
1661246403168823000,40.7,1,0.0,0,0.0,3674,2,2022-08-23 09:20:03
1661246415863563000,40.7,1,0.0,0,0.0,3677,2,2022-08-23 09:20:15
1661246428157233000,40.7,1,0.0,0,0.0,3678,2,2022-08-23 09:20:28
1661246431077236000,40.7,1,0.0,0,0.0,3677,2,2022-08-23 09:20:31
1661246432927878000,40.7,1,0.0,0,0.0,3676,2,2022-08-23 09:20:32
1661246435550991000,40.7,1,0.0,0,0.0,3685,2,2022-08-23 09:20:35
1661246441496929000,40.7,2,0.0,0,0.0,3682,2,2022-08-23 09:20:41
1661246445237854000,40.7,3,0.0,0,0.0,3679,2,2022-08-23 09:20:45
1661246446179485000,40.7,1,0.0,0,0.0,3678,2,2022-08-23 09:20:46
1661246471229048000,40.7,1,0.0,0,0.0,3726,2,2022-08-23 09:21:11
1661246471320487000,40.7,1,0.0,0,0.0,3725,2,2022-08-23 09:21:11
1661246474345468000,40.7,1,0.0,0,0.0,3724,2,2022-08-23 09:21:14
1661246480805868000,40.7,3,0.0,0,0.0,3722,2,2022-08-23 09:21:20
1661246482789858000,40.7,1,0.0,0,0.0,3721,2,2022-08-23 09:21:22
1661246509205359000,40.7,3,0.0,0,0.0,3718,2,2022-08-23 09:21:49
1661246509973294000,40.7,1,0.0,0,0.0,3717,2,2022-08-23 09:21:49
1661246513246691000,40.7,1,0.0,0,0.0,3717,2,2022-08-23 09:21:53
1661246525684913000,40.7,1,0.0,0,0.0,3724,2,2022-08-23 09:22:05
1661246538345228000,40.7,1,0.0,0,0.0,3724,2,2022-08-23 09:22:18
1661246547228615000,40.7,1,0.0,0,0.0,3724,2,2022-08-23 09:22:27
1661246555875966000,40.7,1,0.0,0,0.0,3723,2,2022-08-23 09:22:35
1661246567843398000,40.7,30,0.0,0,0.0,3693,2,2022-08-23 09:22:47
1661246599760023000,40.7,2,0.0,0,0.0,3694,2,2022-08-23 09:23:19
1661246602151553000,40.7,1,0.0,0,0.0,3693,2,2022-08-23 09:23:22
1661246608771276000,40.7,1,0.0,0,0.0,3692,2,2022-08-23 09:23:28
1661246614692853000,40.7,1,0.0,0,0.0,3692,2,2022-08-23 09:23:34
1661246624928903000,40.7,1,0.0,0,0.0,3689,2,2022-08-23 09:23:44
1661246631403702000,40.7,1,0.0,0,0.0,3689,2,2022-08-23 09:23:51
1661246635474568000,40.7,1,0.0,0,0.0,3688,2,2022-08-23 09:23:55
1661246655360391000,40.7,1,0.0,0,0.0,3689,2,2022-08-23 09:24:15
1661246658705540000,40.7,1,0.0,0,0.0,3688,2,2022-08-23 09:24:18
1661246666146401000,40.7,1,0.0,0,0.0,3687,2,2022-08-23 09:24:26
1661246683967205000,40.7,1,0.0,0,0.0,3695,2,2022-08-23 09:24:43
1661246690538427000,40.7,1,0.0,0,0.0,3694,2,2022-08-23 09:24:50
1661246694271073000,40.7,1,0.0,0,0.0,3693,2,2022-08-23 09:24:54
1661246709109942000,40.7,1,0.0,0,0.0,3691,2,2022-08-23 09:25:09
1661246724443356000,40.7,1,0.0,0,0.0,3691,2,2022-08-23 09:25:24
1661246726732750000,40.7,5,0.0,0,0.0,3686,2,2022-08-23 09:25:26
1661246737240717000,40.7,1,0.0,0,0.0,3686,2,2022-08-23 09:25:37
1661246747515988000,40.7,1,0.0,0,0.0,3686,2,2022-08-23 09:25:47
1661246753910438000,40.7,1,0.0,0,0.0,3686,2,2022-08-23 09:25:53
1661246756434149000,40.7,10,0.0,0,0.0,3676,2,2022-08-23 09:25:56
1661246760850546000,40.7,5,0.0,0,0.0,3671,2,2022-08-23 09:26:00
1661246771788674000,40.7,1,0.0,0,0.0,3670,2,2022-08-23 09:26:11
1661246775379984000,40.7,2,0.0,0,0.0,3669,2,2022-08-23 09:26:15
1661246802627224000,40.7,1,0.0,0,0.0,3690,2,2022-08-23 09:26:42
1661246838863674000,40.7,1,0.0,0,0.0,3700,2,2022-08-23 09:27:18
1661246848985482000,40.7,5,0.0,0,0.0,3696,2,2022-08-23 09:27:28
1661246864573440000,40.7,5,0.0,0,0.0,3711,2,2022-08-23 09:27:44
1661246876398785000,40.7,1,0.0,0,0.0,3711,2,2022-08-23 09:27:56
1661246881890038000,40.7,1,0.0,0,0.0,3710,2,2022-08-23 09:28:01
1661246883771922000,40.7,10,0.0,0,0.0,3700,2,2022-08-23 09:28:03
1661246884797563000,40.7,1,0.0,0,0.0,3699,2,2022-08-23 09:28:04
1661246895933559000,40.7,1,0.0,0,0.0,3699,2,2022-08-23 09:28:15
1661246906927648000,40.7,1,0.0,0,0.0,3697,2,2022-08-23 09:28:26
1661246913435029000,40.7,5,0.0,0,0.0,3692,2,2022-08-23 09:28:33
1661246918720920000,40.7,1,0.0,0,0.0,3691,2,2022-08-23 09:28:38
1661246921148505000,40.7,8,0.0,0,0.0,3683,2,2022-08-23 09:28:41
1661246924800982000,40.7,1,0.0,0,0.0,3682,2,2022-08-23 09:28:44
1661246947765947000,40.7,7,0.0,0,0.0,3680,2,2022-08-23 09:29:07
1661246957344396000,40.7,3,0.0,0,0.0,3680,2,2022-08-23 09:29:17
1661246982416786000,40.7,1,0.0,0,0.0,3671,2,2022-08-23 09:29:42
1661247019013444000,40.7,2,0.0,0,0.0,3669,2,2022-08-23 09:30:19
1661247024883022000,40.7,1,0.0,0,0.0,3668,2,2022-08-23 09:30:24
1661247027854235000,40.7,1,0.0,0,0.0,3668,2,2022-08-23 09:30:27
1661247032426174000,40.7,1,0.0,0,0.0,3666,2,2022-08-23 09:30:32
1661247038815604000,40.7,1,0.0,0,0.0,3668,2,2022-08-23 09:30:38
1661247055895591000,40.7,1,0.0,0,0.0,3667,2,2022-08-23 09:30:55
1661247075265250000,40.7,1,0.0,0,0.0,3669,2,2022-08-23 09:31:15
1661247077988735000,40.7,1,0.0,0,0.0,3677,2,2022-08-23 09:31:17
1661247078997411000,40.7,1,0.0,0,0.0,3676,2,2022-08-23 09:31:18
1661247105147582000,40.7,3,0.0,0,0.0,3676,2,2022-08-23 09:31:45
1661247171400817000,40.7,2,0.0,0,0.0,3681,2,2022-08-23 09:32:51
1661247197417177000,40.7,1,0.0,0,0.0,3682,2,2022-08-23 09:33:17
1661247248358439000,40.7,1,0.0,0,0.0,3687,2,2022-08-23 09:34:08
1661247283009897000,40.7,1,0.0,0,0.0,3703,2,2022-08-23 09:34:43
1661247286256435000,40.7,1,0.0,0,0.0,3704,2,2022-08-23 09:34:46
1661247311323865000,40.7,2,0.0,0,0.0,3704,2,2022-08-23 09:35:11
1661247316075966000,40.7,1,0.0,0,0.0,3703,2,2022-08-23 09:35:16
1661247366674555000,40.7,1,0.0,0,0.0,3715,2,2022-08-23 09:36:06
1661247377720295000,40.7,1,0.0,0,0.0,3715,2,2022-08-23 09:36:17
1661247379614373000,40.7,3,0.0,0,0.0,3713,2,2022-08-23 09:36:19
1661247387018493000,40.7,5,0.0,0,0.0,3708,2,2022-08-23 09:36:27
1661247419760800000,40.7,1,0.0,0,0.0,3707,2,2022-08-23 09:36:59
1661247434057450000,40.7,1,0.0,0,0.0,3705,2,2022-08-23 09:37:14
1661247454280140000,40.7,5,0.0,0,0.0,3699,2,2022-08-23 09:37:34
1661247456866859000,40.7,1,0.0,0,0.0,3697,2,2022-08-23 09:37:36
1661247461630392000,40.7,1,0.0,0,0.0,3696,2,2022-08-23 09:37:41
1661247462492654000,40.7,1,0.0,0,0.0,3695,2,2022-08-23 09:37:42
1661247476264166000,40.7,1,0.0,0,0.0,3694,2,2022-08-23 09:37:56
1661247519944159000,40.7,1,0.0,0,0.0,3697,2,2022-08-23 09:38:39
1661247597550106000,40.7,2,0.0,0,0.0,3716,2,2022-08-23 09:39:57
1661247609852657000,40.7,2,0.0,0,0.0,3715,2,2022-08-23 09:40:09
1661247613092381000,40.7,2,0.0,0,0.0,3713,2,2022-08-23 09:40:13
1661247633877234000,40.7,1,0.0,0,0.0,3712,2,2022-08-23 09:40:33
1661247644412962000,40.7,1,0.0,0,0.0,3724,2,2022-08-23 09:40:44
1661247671445232000,40.7,1,0.0,0,0.0,3721,2,2022-08-23 09:41:11
1661247695179705000,40.7,1,0.0,0,0.0,3716,2,2022-08-23 09:41:35
1661247711321471000,40.7,5,0.0,0,0.0,3721,2,2022-08-23 09:41:51
1661247721526699000,40.7,1,0.0,0,0.0,3721,2,2022-08-23 09:42:01
1661247762102383000,40.7,5,0.0,0,0.0,3724,2,2022-08-23 09:42:42
1661247789293323000,40.7,1,0.0,0,0.0,3726,2,2022-08-23 09:43:09
1661247791772617000,40.7,1,0.0,0,0.0,3725,2,2022-08-23 09:43:11
1661247812340737000,40.7,1,0.0,0,0.0,3725,2,2022-08-23 09:43:32
1661247833211728000,40.7,1,0.0,0,0.0,3728,2,2022-08-23 09:43:53
1661247835972129000,40.7,1,0.0,0,0.0,3727,2,2022-08-23 09:43:55
1661247847675481000,40.7,1,0.0,0,0.0,3738,2,2022-08-23 09:44:07
1661247863427758000,40.7,1,0.0,0,0.0,3739,2,2022-08-23 09:44:23
1661247916746815000,40.7,4,0.0,0,0.0,3716,2,2022-08-23 09:45:16
1661247926888433000,40.7,1,0.0,0,0.0,3722,2,2022-08-23 09:45:26
1661247936101902000,40.7,1,0.0,0,0.0,3721,2,2022-08-23 09:45:36
1661247936879516000,40.7,2,0.0,0,0.0,3719,2,2022-08-23 09:45:36
1661248026846393000,40.7,1,0.0,0,0.0,3708,2,2022-08-23 09:47:06
1661248043917418000,40.7,1,0.0,0,0.0,3710,2,2022-08-23 09:47:23
1661248077640292000,40.7,1,0.0,0,0.0,3713,2,2022-08-23 09:47:57
1661248082691974000,40.7,1,0.0,0,0.0,3712,2,2022-08-23 09:48:02
1661248086419985000,40.7,1,0.0,0,0.0,3711,2,2022-08-23 09:48:06
1661248088911435000,40.7,3,0.0,0,0.0,3708,2,2022-08-23 09:48:08
1661248093775340000,40.7,1,0.0,0,0.0,3707,2,2022-08-23 09:48:13
1661248153875020000,40.7,3,0.0,0,0.0,3701,2,2022-08-23 09:49:13
1661248183735973000,40.7,2,0.0,0,0.0,3702,2,2022-08-23 09:49:43
1661248197684455000,40.7,1,0.0,0,0.0,3701,2,2022-08-23 09:49:57
1661248369639092000,40.7,3,0.0,0,0.0,3707,2,2022-08-23 09:52:49
1661248413853308000,40.7,1,0.0,0,0.0,3707,2,2022-08-23 09:53:33
1661248435030120000,40.7,1,0.0,0,0.0,3706,2,2022-08-23 09:53:55
1661248437674153000,40.7,1,0.0,0,0.0,3705,2,2022-08-23 09:53:57
1661248446269085000,40.7,1,0.0,0,0.0,3704,2,2022-08-23 09:54:06
1661248453628463000,40.7,1,0.0,0,0.0,3703,2,2022-08-23 09:54:13
1661248457025470000,40.7,1,0.0,0,0.0,3712,2,2022-08-23 09:54:17
1661248484430785000,40.7,5,0.0,0,0.0,3707,2,2022-08-23 09:54:44
1661248500131647000,40.7,1,0.0,0,0.0,3704,2,2022-08-23 09:55:00
1661248515141655000,40.7,1,0.0,0,0.0,3703,2,2022-08-23 09:55:15
1661248571531562000,40.7,1,0.0,0,0.0,3706,2,2022-08-23 09:56:11
1661248580994395000,40.7,1,0.0,0,0.0,3705,2,2022-08-23 09:56:20
1661248584652787000,40.7,1,0.0,0,0.0,3704,2,2022-08-23 09:56:24
1661248597363724000,40.7,1,0.0,0,0.0,3705,2,2022-08-23 09:56:37
1661248690318985000,40.7,2,0.0,0,0.0,3728,2,2022-08-23 09:58:10
1661248766088640000,40.7,1,0.0,0,0.0,3738,2,2022-08-23 09:59:26
1661248797056255000,40.7,3,0.0,0,0.0,3738,2,2022-08-23 09:59:57
1661248805901796000,40.7,2,0.0,0,0.0,3737,2,2022-08-23 10:00:05
1661248818594275000,40.7,2,0.0,0,0.0,3735,2,2022-08-23 10:00:18
1661248827324211000,40.7,3,0.0,0,0.0,3731,2,2022-08-23 10:00:27
1661248837233908000,40.7,1,0.0,0,0.0,3730,2,2022-08-23 10:00:37
1661248849971393000,40.7,1,0.0,0,0.0,3729,2,2022-08-23 10:00:49
1661248930860982000,40.7,1,0.0,0,0.0,3734,2,2022-08-23 10:02:10
1661248934198029000,40.7,1,0.0,0,0.0,3733,2,2022-08-23 10:02:14
1661248951575298000,40.7,1,0.0,0,0.0,3732,2,2022-08-23 10:02:31
1661249068072520000,40.7,1,0.0,0,0.0,3792,2,2022-08-23 10:04:28
1661249213136256000,40.7,4,0.0,0,0.0,3801,2,2022-08-23 10:06:53
1661249314211629000,40.7,1,0.0,0,0.0,3795,2,2022-08-23 10:08:34
1661249426359655000,40.7,2,0.0,0,0.0,3793,2,2022-08-23 10:10:26
1661249439951148000,40.7,1,0.0,0,0.0,3792,2,2022-08-23 10:10:39
1661249449052303000,40.7,1,0.0,0,0.0,3791,2,2022-08-23 10:10:49
1661249455844789000,40.7,2,0.0,0,0.0,3791,2,2022-08-23 10:10:55
1661249531950360000,40.7,1,0.0,0,0.0,3792,2,2022-08-23 10:12:11
1661249574564718000,40.7,4,0.0,0,0.0,3802,2,2022-08-23 10:12:54
1661249697232900000,40.7,1,0.0,0,0.0,3803,2,2022-08-23 10:14:57
1661249701591551000,40.7,1,0.0,0,0.0,3802,2,2022-08-23 10:15:01
1661249741568871000,40.7,1,0.0,0,0.0,3801,2,2022-08-23 10:15:41
1661249781617640000,40.7,2,0.0,0,0.0,3799,2,2022-08-23 10:16:21
1661249812599861000,40.7,1,0.0,0,0.0,3814,2,2022-08-23 10:16:52
1661249817142915000,40.7,3,0.0,0,0.0,3811,2,2022-08-23 10:16:57
1661249846138340000,40.7,1,0.0,0,0.0,3811,2,2022-08-23 10:17:26
1661249940661281000,40.7,1,0.0,0,0.0,3811,2,2022-08-23 10:19:00
1661249993268964000,40.7,2,0.0,0,0.0,3810,2,2022-08-23 10:19:53
1661250268917933000,40.7,1,0.0,0,0.0,3821,2,2022-08-23 10:24:28
1661250318790255000,40.7,1,0.0,0,0.0,3821,2,2022-08-23 10:25:18
1661250481977203000,40.7,1,0.0,0,0.0,3824,2,2022-08-23 10:28:01
1661250489427129000,40.7,1,0.0,0,0.0,3823,2,2022-08-23 10:28:09
1661250490012890000,40.7,2,0.0,0,0.0,3821,2,2022-08-23 10:28:10
1661250507347676000,40.7,1,0.0,0,0.0,3819,2,2022-08-23 10:28:27
1661250534951375000,40.7,1,0.0,0,0.0,3819,2,2022-08-23 10:28:54
1661250606881808000,40.7,1,0.0,0,0.0,3817,2,2022-08-23 10:30:06
1661250634420413000,40.7,2,0.0,0,0.0,3815,2,2022-08-23 10:30:34
1661250687218063000,40.7,2,0.0,0,0.0,3807,2,2022-08-23 10:31:27
1661250745060102000,40.7,2,0.0,0,0.0,3838,2,2022-08-23 10:32:25
1661250757352245000,40.7,2,0.0,0,0.0,3832,2,2022-08-23 10:32:37
1661250792140250000,40.7,1,0.0,0,0.0,3831,2,2022-08-23 10:33:12
1661250976104809000,40.7,1,0.0,0,0.0,3957,2,2022-08-23 10:36:16
1661250990961481000,40.7,100,0.0,0,0.0,3906,2,2022-08-23 10:36:30
1661251008315483000,40.7,1,0.0,0,0.0,3807,2,2022-08-23 10:36:48
1661251010336271000,40.7,7,0.0,0,0.0,3799,2,2022-08-23 10:36:50
1661251045515325000,40.7,1,0.0,0,0.0,3800,2,2022-08-23 10:37:25
1661251072508678000,40.7,1,0.0,0,0.0,3804,2,2022-08-23 10:37:52
1661251088204110000,40.7,1,0.0,0,0.0,3803,2,2022-08-23 10:38:08
1661251147761054000,40.7,3,0.0,0,0.0,3804,2,2022-08-23 10:39:07
1661251165909750000,40.7,1,0.0,0,0.0,3853,2,2022-08-23 10:39:25
1661251194462254000,40.7,1,0.0,0,0.0,3853,2,2022-08-23 10:39:54
1661251202193563000,40.7,2,0.0,0,0.0,3851,2,2022-08-23 10:40:02
1661251436792479000,40.7,2,0.0,0,0.0,3812,2,2022-08-23 10:43:56
1661251497745966000,40.7,2,0.0,0,0.0,3812,2,2022-08-23 10:44:57
1661251789370408000,40.7,1,0.0,0,0.0,3815,2,2022-08-23 10:49:49
1661251819969273000,40.7,1,0.0,0,0.0,3814,2,2022-08-23 10:50:19
1661251889712999000,40.7,1,0.0,0,0.0,3815,2,2022-08-23 10:51:29
1661251903504661000,40.7,1,0.0,0,0.0,3815,2,2022-08-23 10:51:43
1661251986444378000,40.7,1,0.0,0,0.0,3814,2,2022-08-23 10:53:06
1661252091346239000,40.7,1,0.0,0,0.0,3816,2,2022-08-23 10:54:51
1661252102324335000,40.7,1,0.0,0,0.0,3815,2,2022-08-23 10:55:02
1661252144754564000,40.7,1,0.0,0,0.0,3814,2,2022-08-23 10:55:44
1661252281431643000,40.7,1,0.0,0,0.0,3810,2,2022-08-23 10:58:01
1661252337441269000,40.7,2,0.0,0,0.0,3808,2,2022-08-23 10:58:57
1661252355790441000,40.7,5,0.0,0,0.0,3803,2,2022-08-23 10:59:15
1661252383841685000,40.7,20,0.0,0,0.0,3783,2,2022-08-23 10:59:43
1661252424590488000,40.7,3,0.0,0,0.0,3780,2,2022-08-23 11:00:24
1661252505016289000,40.7,2,0.0,0,0.0,3779,2,2022-08-23 11:01:45
1661252558918146000,40.7,10,0.0,0,0.0,3768,2,2022-08-23 11:02:38
1661252607650317000,40.7,5,0.0,0,0.0,3764,2,2022-08-23 11:03:27
1661252616222582000,40.7,33,0.0,0,0.0,3731,2,2022-08-23 11:03:36
1661252624155011000,40.7,70,0.0,0,0.0,3661,2,2022-08-23 11:03:44
1661252628886234000,40.7,1,0.0,0,0.0,3658,2,2022-08-23 11:03:48
1661252657698268000,40.7,50,0.0,0,0.0,3608,2,2022-08-23 11:04:17
1661252659189046000,40.7,1,0.0,0,0.0,3607,2,2022-08-23 11:04:19
1661252669731727000,40.7,2,0.0,0,0.0,3613,2,2022-08-23 11:04:29
1661252672304971000,40.7,1,0.0,0,0.0,3612,2,2022-08-23 11:04:32
1661252672487068000,40.7,8,0.0,0,0.0,3604,2,2022-08-23 11:04:32
1661252681837396000,40.7,1,0.0,0,0.0,3603,2,2022-08-23 11:04:41
1661252714986547000,40.7,1,0.0,0,0.0,3600,2,2022-08-23 11:05:14
1661252727602143000,40.7,1,0.0,0,0.0,3594,2,2022-08-23 11:05:27
1661252729393293000,40.7,1,0.0,0,0.0,3593,2,2022-08-23 11:05:29
1661252733749989000,40.7,10,0.0,0,0.0,3583,2,2022-08-23 11:05:33
1661252738042494000,40.7,2,0.0,0,0.0,3581,2,2022-08-23 11:05:38
1661252845749607000,40.7,5,0.0,0,0.0,3576,2,2022-08-23 11:07:25
1661252846130934000,40.7,5,0.0,0,0.0,3571,2,2022-08-23 11:07:26
1661252847366963000,40.7,1,0.0,0,0.0,3570,2,2022-08-23 11:07:27
1661252857482141000,40.7,1,0.0,0,0.0,3565,2,2022-08-23 11:07:37
1661252895060748000,40.7,1,0.0,0,0.0,3565,2,2022-08-23 11:08:15
1661252944733302000,40.7,5,0.0,0,0.0,3558,2,2022-08-23 11:09:04
1661252973034274000,40.7,1,0.0,0,0.0,3557,2,2022-08-23 11:09:33
1661253094025374000,40.7,1,0.0,0,0.0,3560,2,2022-08-23 11:11:34
1661253243931194000,40.7,5,0.0,0,0.0,3562,2,2022-08-23 11:14:03
1661253290281847000,40.7,10,0.0,0,0.0,3552,2,2022-08-23 11:14:50
1661253317772782000,40.7,1,0.0,0,0.0,3550,2,2022-08-23 11:15:17
1661253418859890000,40.7,1,0.0,0,0.0,3550,2,2022-08-23 11:16:58
1661253491588181000,40.7,1,0.0,0,0.0,3551,2,2022-08-23 11:18:11
1661253563207410000,40.7,1,0.0,0,0.0,3560,2,2022-08-23 11:19:23
1661253687818511000,40.7,1,0.0,0,0.0,3565,2,2022-08-23 11:21:27
1661253696778686000,40.7,1,0.0,0,0.0,3564,2,2022-08-23 11:21:36
1661253784897796000,40.7,2,0.0,0,0.0,3564,2,2022-08-23 11:23:04
1661253857197895000,40.7,1,0.0,0,0.0,3558,2,2022-08-23 11:24:17
1661253929430109000,40.7,5,0.0,0,0.0,3552,2,2022-08-23 11:25:29
1661253993102285000,40.7,50,0.0,0,0.0,3502,2,2022-08-23 11:26:33
1661254000380299000,40.7,1,0.0,0,0.0,3501,2,2022-08-23 11:26:40
1661254029814737000,40.7,1,0.0,0,0.0,3500,2,2022-08-23 11:27:09
1661254030742157000,40.7,5,0.0,0,0.0,3495,2,2022-08-23 11:27:10
1661254093104654000,40.7,1,0.0,0,0.0,3494,2,2022-08-23 11:28:13
1661254117731603000,40.7,1,0.0,0,0.0,3493,2,2022-08-23 11:28:37
1661254139309731000,40.7,5,0.0,0,0.0,3488,2,2022-08-23 11:28:59
1661254199864160000,40.7,1,0.0,0,0.0,3488,2,2022-08-23 11:29:59
1661254703950925000,40.7,1,0.0,0,0.0,3539,2,2022-08-23 11:38:23
1661254727981693000,40.7,1,0.0,0,0.0,3546,2,2022-08-23 11:38:47
1661254801419815000,40.7,10,0.0,0,0.0,3531,2,2022-08-23 11:40:01
1661254805876988000,40.7,1,0.0,0,0.0,3530,2,2022-08-23 11:40:05
1661254817125064000,40.7,1,0.0,0,0.0,3529,2,2022-08-23 11:40:17
1661254840201905000,40.7,1,0.0,0,0.0,3535,2,2022-08-23 11:40:40
1661254881444457000,40.7,1,0.0,0,0.0,3529,2,2022-08-23 11:41:21
1661254921975126000,40.7,1,0.0,0,0.0,3529,2,2022-08-23 11:42:01
1661254968365591000,40.7,1,0.0,0,0.0,3529,2,2022-08-23 11:42:48
1661255022235892000,40.7,1,0.0,0,0.0,3531,2,2022-08-23 11:43:42
1661255088160256000,40.7,1,0.0,0,0.0,3533,2,2022-08-23 11:44:48
1661255296622329000,40.7,1,0.0,0,0.0,3536,2,2022-08-23 11:48:16
1661255385389218000,40.7,1,0.0,0,0.0,3534,2,2022-08-23 11:49:45
1661255466967681000,40.7,1,0.0,0,0.0,3535,2,2022-08-23 11:51:06
1661255523915122000,40.7,4,0.0,0,0.0,3540,2,2022-08-23 11:52:03
1661255725902959000,40.7,1,0.0,0,0.0,3543,2,2022-08-23 11:55:25
1661255780788494000,40.7,1,0.0,0,0.0,3539,2,2022-08-23 11:56:20
1661255945679215000,40.7,2,0.0,0,0.0,3535,2,2022-08-23 11:59:05
1661255959250155000,40.7,3,0.0,0,0.0,3532,2,2022-08-23 11:59:19
1661256162808682000,40.7,5,0.0,0,0.0,3528,2,2022-08-23 12:02:42
1661256239044379000,40.7,4,0.0,0,0.0,3539,2,2022-08-23 12:03:59
1661256321209527000,40.7,1,0.0,0,0.0,3534,2,2022-08-23 12:05:21
1661256422315702000,40.7,1,0.0,0,0.0,3535,2,2022-08-23 12:07:02
1661256680165926000,40.7,1,0.0,0,0.0,3552,2,2022-08-23 12:11:20
1661256690306944000,40.7,1,0.0,0,0.0,3551,2,2022-08-23 12:11:30
1661256706649291000,40.7,1,0.0,0,0.0,3550,2,2022-08-23 12:11:46
1661256949679413000,40.7,1,0.0,0,0.0,3566,2,2022-08-23 12:15:49
1661256983224171000,40.7,1,0.0,0,0.0,3565,2,2022-08-23 12:16:23
1661257053219917000,40.7,2,0.0,0,0.0,3578,2,2022-08-23 12:17:33
1661257233326970000,40.7,2,0.0,0,0.0,3573,2,2022-08-23 12:20:33
1661257418322554000,40.7,2,0.0,0,0.0,3573,2,2022-08-23 12:23:38
1661257422299342000,40.7,1,0.0,0,0.0,3572,2,2022-08-23 12:23:42
1661257724221458000,40.7,1,0.0,0,0.0,3592,2,2022-08-23 12:28:44
1661257747459902000,40.7,1,0.0,0,0.0,3593,2,2022-08-23 12:29:07
1661257847055035000,40.7,2,0.0,0,0.0,3591,2,2022-08-23 12:30:47
1661257933812788000,40.7,10,0.0,0,0.0,3581,2,2022-08-23 12:32:13
1661258039037599000,40.7,1,0.0,0,0.0,3582,2,2022-08-23 12:33:59
1661258089375594000,40.7,2,0.0,0,0.0,3580,2,2022-08-23 12:34:49
1661258220233626000,40.7,1,0.0,0,0.0,3582,2,2022-08-23 12:37:00
1661258308971950000,40.7,3,0.0,0,0.0,3580,2,2022-08-23 12:38:28
1661258317400754000,40.7,3,0.0,0,0.0,3577,2,2022-08-23 12:38:37
1661258345601999000,40.7,1,0.0,0,0.0,3571,2,2022-08-23 12:39:05
1661258391396119000,40.7,1,0.0,0,0.0,3570,2,2022-08-23 12:39:51
1661258424227246000,40.7,5,0.0,0,0.0,3565,2,2022-08-23 12:40:24
1661258529319243000,40.7,1,0.0,0,0.0,3565,2,2022-08-23 12:42:09
1661258560103868000,40.7,14,0.0,0,0.0,3551,2,2022-08-23 12:42:40
1661258575952688000,40.7,1,0.0,0,0.0,3550,2,2022-08-23 12:42:55
1661258603135774000,40.7,5,0.0,0,0.0,3545,2,2022-08-23 12:43:23
1661258854825985000,40.7,3,0.0,0,0.0,3545,2,2022-08-23 12:47:34
1661258910906113000,40.7,1,0.0,0,0.0,3544,2,2022-08-23 12:48:30
1661259021038528000,40.7,2,0.0,0,0.0,3538,2,2022-08-23 12:50:21
1661259254618187000,40.7,5,0.0,0,0.0,3539,2,2022-08-23 12:54:14
1661259264855754000,40.7,1,0.0,0,0.0,3538,2,2022-08-23 12:54:24
1661259278273340000,40.7,2,0.0,0,0.0,3536,2,2022-08-23 12:54:38
1661259286288429000,40.7,1,0.0,0,0.0,3535,2,2022-08-23 12:54:46
1661259318517815000,40.7,2,0.0,0,0.0,3534,2,2022-08-23 12:55:18
1661259328240452000,40.7,1,0.0,0,0.0,3533,2,2022-08-23 12:55:28
1661259333280503000,40.7,5,0.0,0,0.0,3528,2,2022-08-23 12:55:33
1661259382770216000,40.7,1,0.0,0,0.0,3527,2,2022-08-23 12:56:22
1661259407888711000,40.7,1,0.0,0,0.0,3525,2,2022-08-23 12:56:47
1661259497221119000,40.7,1,0.0,0,0.0,3525,2,2022-08-23 12:58:17
1661259612176272000,40.7,73,0.0,0,0.0,3455,2,2022-08-23 13:00:12
1661259623424950000,40.7,1,0.0,0,0.0,3454,2,2022-08-23 13:00:23
1661259630504649000,40.7,7,0.0,0,0.0,3447,2,2022-08-23 13:00:30
1661259631517391000,40.7,1,0.0,0,0.0,3446,2,2022-08-23 13:00:31
1661259659193639000,40.7,1,0.0,0,0.0,3445,2,2022-08-23 13:00:59
1661259681086108000,40.7,1,0.0,0,0.0,3442,2,2022-08-23 13:01:21
1661259692378030000,40.7,1,0.0,0,0.0,3441,2,2022-08-23 13:01:32
1661259730637273000,40.7,2,0.0,0,0.0,3441,2,2022-08-23 13:02:10
1661259732938986000,40.7,89,0.0,0,0.0,3352,2,2022-08-23 13:02:12
1661259743843965000,40.7,499,0.0,0,0.0,2853,2,2022-08-23 13:02:23
1661259744391426000,40.7,5,0.0,0,0.0,2848,2,2022-08-23 13:02:24
1661259744751303000,40.7,1,0.0,0,0.0,2847,2,2022-08-23 13:02:24
1661259747020930000,40.7,3,0.0,0,0.0,2844,2,2022-08-23 13:02:27
1661259753430665000,40.7,1,0.0,0,0.0,2840,2,2022-08-23 13:02:33
1661259760462800000,40.7,1,0.0,0,0.0,2839,2,2022-08-23 13:02:40
1661259761511010000,40.7,10,0.0,0,0.0,2829,2,2022-08-23 13:02:41
1661259767221241000,40.7,50,0.0,0,0.0,2774,2,2022-08-23 13:02:47
1661259768273761000,40.7,1,0.0,0,0.0,2773,2,2022-08-23 13:02:48
1661259768673504000,40.7,1,0.0,0,0.0,2772,2,2022-08-23 13:02:48
1661259769084509000,40.7,1,0.0,0,0.0,2771,2,2022-08-23 13:02:49
1661259769818731000,40.7,1,0.0,0,0.0,2767,2,2022-08-23 13:02:49
1661259771982417000,40.7,3,0.0,0,0.0,2758,2,2022-08-23 13:02:51
1661259772139252000,40.7,3,0.0,0,0.0,2755,2,2022-08-23 13:02:52
1661259773317201000,40.7,5,0.0,0,0.0,2749,2,2022-08-23 13:02:53
1661259773756025000,40.7,1,0.0,0,0.0,2748,2,2022-08-23 13:02:53
1661259779811041000,40.7,1,0.0,0,0.0,2748,2,2022-08-23 13:02:59
1661259781002397000,40.7,1,0.0,0,0.0,2747,2,2022-08-23 13:03:01
1661259785939296000,40.7,1,0.0,0,0.0,2745,2,2022-08-23 13:03:05
1661259791770004000,40.7,1,0.0,0,0.0,2744,2,2022-08-23 13:03:11
1661259801545687000,40.7,3,0.0,0,0.0,2746,2,2022-08-23 13:03:21
1661259802233262000,40.7,1,0.0,0,0.0,2745,2,2022-08-23 13:03:22
1661259804602108000,40.7,1,0.0,0,0.0,2744,2,2022-08-23 13:03:24
1661259813955764000,40.7,1,0.0,0,0.0,2743,2,2022-08-23 13:03:33
1661259815426787000,40.7,1,0.0,0,0.0,2742,2,2022-08-23 13:03:35
1661259826128039000,40.7,50,0.0,0,0.0,2684,2,2022-08-23 13:03:46
1661259829923142000,40.7,1,0.0,0,0.0,2598,2,2022-08-23 13:03:49
1661259837937177000,40.7,3,0.0,0,0.0,2596,2,2022-08-23 13:03:57
1661259842576989000,40.7,2,0.0,0,0.0,2594,2,2022-08-23 13:04:02
1661259842769259000,40.7,1,0.0,0,0.0,2593,2,2022-08-23 13:04:02
1661259845588353000,40.7,10,0.0,0,0.0,2583,2,2022-08-23 13:04:05
1661259861343358000,40.7,3,0.0,0,0.0,2579,2,2022-08-23 13:04:21
1661259870622826000,40.7,1,0.0,0,0.0,2568,2,2022-08-23 13:04:30
1661259877489851000,40.7,1,0.0,0,0.0,2568,2,2022-08-23 13:04:37
1661259886922915000,40.7,1,0.0,0,0.0,2567,2,2022-08-23 13:04:46
1661259896833497000,40.7,8,0.0,0,0.0,2561,2,2022-08-23 13:04:56
1661259903815187000,40.7,1,0.0,0,0.0,2560,2,2022-08-23 13:05:03
1661259907351245000,40.7,1,0.0,0,0.0,2559,2,2022-08-23 13:05:07
1661259911764501000,40.7,5,0.0,0,0.0,2554,2,2022-08-23 13:05:11
1661259961922931000,40.7,1,0.0,0,0.0,2536,2,2022-08-23 13:06:01
1661259962035547000,40.7,1,0.0,0,0.0,2535,2,2022-08-23 13:06:02
1661259990133829000,40.7,1,0.0,0,0.0,2538,2,2022-08-23 13:06:30
1661260059659054000,40.7,1,0.0,0,0.0,2536,2,2022-08-23 13:07:39
1661260063248060000,40.7,1,0.0,0,0.0,2535,2,2022-08-23 13:07:43
1661260074625765000,40.7,3,0.0,0,0.0,2532,2,2022-08-23 13:07:54
1661260116865834000,40.7,1,0.0,0,0.0,2534,2,2022-08-23 13:08:36
1661260125441482000,40.7,1,0.0,0,0.0,2533,2,2022-08-23 13:08:45
1661260127877303000,40.7,1,0.0,0,0.0,2532,2,2022-08-23 13:08:47
1661260156064907000,40.7,1,0.0,0,0.0,2534,2,2022-08-23 13:09:16
1661260207294743000,40.7,2,0.0,0,0.0,2531,2,2022-08-23 13:10:07
1661260214767296000,40.7,2,0.0,0,0.0,2529,2,2022-08-23 13:10:14
1661260218955456000,40.7,2,0.0,0,0.0,2527,2,2022-08-23 13:10:18
1661260220072425000,40.7,2,0.0,0,0.0,2525,2,2022-08-23 13:10:20
1661260243422862000,40.7,1,0.0,0,0.0,2524,2,2022-08-23 13:10:43
1661260271708281000,40.7,1,0.0,0,0.0,2524,2,2022-08-23 13:11:11
1661260274266558000,40.7,1,0.0,0,0.0,2523,2,2022-08-23 13:11:14
1661260325156672000,40.7,1,0.0,0,0.0,2522,2,2022-08-23 13:12:05
1661260430070347000,40.7,3,0.0,0,0.0,2519,2,2022-08-23 13:13:50
1661260485805360000,40.7,1,0.0,0,0.0,2517,2,2022-08-23 13:14:45
1661260493738393000,40.7,1,0.0,0,0.0,2516,2,2022-08-23 13:14:53
1661260513465206000,40.7,1,0.0,0,0.0,2515,2,2022-08-23 13:15:13
1661260521066002000,40.7,1,0.0,0,0.0,2514,2,2022-08-23 13:15:21
1661260562188462000,40.7,1,0.0,0,0.0,2511,2,2022-08-23 13:16:02
1661260626212401000,40.7,1,0.0,0,0.0,2508,2,2022-08-23 13:17:06
1661260684739101000,40.7,1,0.0,0,0.0,2358,2,2022-08-23 13:18:04
1661260687573694000,40.7,10,0.0,0,0.0,2347,2,2022-08-23 13:18:07
1661260710911161000,40.7,1,0.0,0,0.0,2347,2,2022-08-23 13:18:30
1661260712983089000,40.7,2,0.0,0,0.0,2345,2,2022-08-23 13:18:32
1661260724891281000,40.7,1,0.0,0,0.0,2344,2,2022-08-23 13:18:44
1661260725073217000,40.7,20,0.0,0,0.0,2324,2,2022-08-23 13:18:45
1661260770014093000,40.7,1,0.0,0,0.0,2324,2,2022-08-23 13:19:30
1661260791474969000,40.7,2,0.0,0,0.0,2322,2,2022-08-23 13:19:51
1661260792316101000,40.7,35,0.0,0,0.0,2287,2,2022-08-23 13:19:52
1661260800730089000,40.7,2,0.0,0,0.0,2285,2,2022-08-23 13:20:00
1661260818655989000,40.7,1,0.0,0,0.0,2283,2,2022-08-23 13:20:18
1661260837333859000,40.7,1,0.0,0,0.0,2277,2,2022-08-23 13:20:37
1661260867939905000,40.7,1,0.0,0,0.0,2280,2,2022-08-23 13:21:07
1661260870125136000,40.7,2,0.0,0,0.0,2278,2,2022-08-23 13:21:10
1661260879790607000,40.7,26,0.0,0,0.0,2251,2,2022-08-23 13:21:19
1661260924234003000,40.7,5,0.0,0,0.0,2247,2,2022-08-23 13:22:04
1661260933038233000,40.7,1,0.0,0,0.0,2246,2,2022-08-23 13:22:13
1661260933231868000,40.7,1,0.0,0,0.0,2245,2,2022-08-23 13:22:13
1661260945263598000,40.7,1,0.0,0,0.0,2244,2,2022-08-23 13:22:25
1661260946003945000,40.7,1,0.0,0,0.0,2243,2,2022-08-23 13:22:26
1661260946866214000,40.7,1,0.0,0,0.0,2242,2,2022-08-23 13:22:26
1661260960094762000,40.7,1,0.0,0,0.0,2241,2,2022-08-23 13:22:40
1661260965595699000,40.7,1,0.0,0,0.0,2240,2,2022-08-23 13:22:45
1661260969086017000,40.7,1,0.0,0,0.0,2239,2,2022-08-23 13:22:49
1661260981714162000,40.7,10,0.0,0,0.0,2229,2,2022-08-23 13:23:01
1661260984427150000,40.7,1,0.0,0,0.0,2228,2,2022-08-23 13:23:04
1661260995963036000,40.7,1,0.0,0,0.0,2227,2,2022-08-23 13:23:15
1661261018574562000,40.7,2,0.0,0,0.0,2226,2,2022-08-23 13:23:38
1661261024019733000,40.7,1,0.0,0,0.0,2225,2,2022-08-23 13:23:44
1661261041059032000,40.7,1,0.0,0,0.0,2223,2,2022-08-23 13:24:01
1661261046173948000,40.7,2,0.0,0,0.0,2221,2,2022-08-23 13:24:06
1661261053095133000,40.7,1,0.0,0,0.0,2210,2,2022-08-23 13:24:13
1661261061317220000,40.7,1,0.0,0,0.0,2209,2,2022-08-23 13:24:21
1661261066052929000,40.7,1,0.0,0,0.0,2207,2,2022-08-23 13:24:26
1661261068805603000,40.7,1,0.0,0,0.0,2206,2,2022-08-23 13:24:28
1661261070404830000,40.7,1,0.0,0,0.0,2205,2,2022-08-23 13:24:30
1661261072667887000,40.7,1,0.0,0,0.0,2204,2,2022-08-23 13:24:32
