ts,close,volume,bid_price,bid_volume,ask_price,ask_volume,tick_type,datetime
1658739607121469000,18.9,689,18.85,3,18.9,84,1,2022-07-25 09:00:07
1658739607147546000,18.85,3,18.8,3,18.9,84,2,2022-07-25 09:00:07
1658739607169688000,18.8,3,18.75,1,18.9,84,2,2022-07-25 09:00:07
1658739607208320000,18.9,2,18.75,1,18.9,82,1,2022-07-25 09:00:07
1658739607950465000,18.75,1,18.7,35,18.9,86,2,2022-07-25 09:00:07
1658739607950465000,18.7,6,18.7,35,18.9,86,2,2022-07-25 09:00:07
1658739608129325000,18.85,2,18.7,35,18.85,5,1,2022-07-25 09:00:08
1658739608331096000,18.75,2,18.7,35,18.75,51,2,2022-07-25 09:00:08
1658739608376176000,18.7,33,18.7,2,18.75,157,2,2022-07-25 09:00:08
1658739608408161000,18.7,2,18.6,4,18.75,157,2,2022-07-25 09:00:08
1658739608900460000,18.75,2,18.6,4,18.75,157,1,2022-07-25 09:00:08
1658739609312216000,18.75,1,18.6,4,18.75,154,1,2022-07-25 09:00:09
1658739609557024000,18.6,1,18.6,3,18.7,2,2,2022-07-25 09:00:09
1658739609936214000,18.7,1,18.6,3,18.7,54,1,2022-07-25 09:00:09
1658739610146401000,18.7,2,18.6,3,18.7,51,1,2022-07-25 09:00:10
1658739610273883000,18.7,1,18.6,3,18.7,51,1,2022-07-25 09:00:10
1658739611017051000,18.7,2,18.6,3,18.7,49,1,2022-07-25 09:00:11
1658739611354479000,18.65,2,18.6,3,18.7,47,1,2022-07-25 09:00:11
1658739611354479000,18.7,2,18.6,3,18.7,47,1,2022-07-25 09:00:11
1658739611425629000,18.7,1,18.6,3,18.7,49,1,2022-07-25 09:00:11
1658739612241624000,18.7,1,18.6,3,18.7,48,1,2022-07-25 09:00:12
1658739612422750000,18.65,2,18.6,3,18.65,3,2,2022-07-25 09:00:12
1658739612435404000,18.65,1,18.6,3,18.65,2,1,2022-07-25 09:00:12
1658739612440143000,18.65,2,18.6,3,18.7,48,1,2022-07-25 09:00:12
1658739612462471000,18.6,1,18.6,2,18.7,48,2,2022-07-25 09:00:12
1658739612472681000,18.6,2,18.55,7,18.7,48,2,2022-07-25 09:00:12
1658739612472681000,18.55,4,18.55,7,18.7,48,2,2022-07-25 09:00:12
1658739613207305000,18.7,1,18.6,3,18.7,46,1,2022-07-25 09:00:13
1658739614460006000,18.6,1,18.6,3,18.65,4,2,2022-07-25 09:00:14
1658739614501682000,18.6,3,18.55,12,18.65,4,2,2022-07-25 09:00:14
1658739614632806000,18.65,2,18.55,12,18.65,2,1,2022-07-25 09:00:14
1658739614794257000,18.65,2,18.55,12,18.7,36,1,2022-07-25 09:00:14
1658739614794257000,18.7,10,18.55,12,18.7,36,1,2022-07-25 09:00:14
1658739616414234000,18.65,1,18.55,12,18.7,56,2,2022-07-25 09:00:16
1658739616861518000,18.7,1,18.55,12,18.7,55,1,2022-07-25 09:00:16
1658739617262757000,18.6,1,18.55,13,18.7,55,2,2022-07-25 09:00:17
1658739617321835000,18.7,5,18.55,13,18.7,50,1,2022-07-25 09:00:17
1658739617758925000,18.65,20,18.6,1,18.7,50,1,2022-07-25 09:00:17
1658739617875189000,18.7,1,18.6,1,18.7,49,1,2022-07-25 09:00:17
1658739617881959000,18.6,1,18.55,4,18.7,49,2,2022-07-25 09:00:17
1658739617881959000,18.55,9,18.55,4,18.7,49,2,2022-07-25 09:00:17
1658739617901028000,18.7,1,18.55,4,18.7,48,1,2022-07-25 09:00:17
1658739618028651000,18.55,4,18.5,74,18.6,2,2,2022-07-25 09:00:18
1658739618028651000,18.5,1,18.5,74,18.6,2,2,2022-07-25 09:00:18
1658739618028858000,18.6,1,18.5,74,18.6,1,1,2022-07-25 09:00:18
1658739618049838000,18.6,1,18.5,74,18.7,48,1,2022-07-25 09:00:18
1658739618057632000,18.5,24,18.35,7,18.5,26,2,2022-07-25 09:00:18
1658739618076445000,18.5,1,18.35,9,18.5,25,1,2022-07-25 09:00:18
1658739618084340000,18.5,1,18.35,9,18.5,24,1,2022-07-25 09:00:18
1658739618140605000,18.45,1,18.35,7,18.5,24,1,2022-07-25 09:00:18
1658739618243169000,18.5,1,18.35,7,18.5,23,1,2022-07-25 09:00:18
1658739618348639000,18.35,1,18.35,7,18.5,24,2,2022-07-25 09:00:18
1658739618798382000,18.5,1,18.35,6,18.5,22,1,2022-07-25 09:00:18
1658739618886923000,18.5,1,18.35,6,18.5,21,1,2022-07-25 09:00:18
1658739618912313000,18.5,5,18.35,6,18.5,16,1,2022-07-25 09:00:18
1658739618916247000,18.5,1,18.35,6,18.5,15,1,2022-07-25 09:00:18
1658739618951882000,18.5,1,18.35,6,18.5,15,1,2022-07-25 09:00:18
1658739619030226000,18.5,5,18.35,6,18.5,9,1,2022-07-25 09:00:19
1658739619145181000,18.5,2,18.35,6,18.5,7,1,2022-07-25 09:00:19
1658739619238480000,18.5,2,18.35,6,18.5,5,1,2022-07-25 09:00:19
1658739619267708000,18.5,1,18.35,6,18.5,4,1,2022-07-25 09:00:19
1658739619281663000,18.5,1,18.35,6,18.5,3,1,2022-07-25 09:00:19
1658739619640559000,18.5,1,18.35,6,18.5,10,1,2022-07-25 09:00:19
1658739619743000000,18.5,2,18.35,6,18.5,8,1,2022-07-25 09:00:19
1658739619797070000,18.5,5,18.35,6,18.5,3,1,2022-07-25 09:00:19
1658739619815989000,18.5,3,18.35,6,18.75,149,1,2022-07-25 09:00:19
1658739619815989000,18.6,5,18.35,6,18.75,149,1,2022-07-25 09:00:19
1658739619815989000,18.65,9,18.35,6,18.75,149,1,2022-07-25 09:00:19
1658739619815989000,18.7,28,18.35,6,18.75,149,1,2022-07-25 09:00:19
1658739619815989000,18.75,5,18.35,6,18.75,149,1,2022-07-25 09:00:19
1658739619916682000,18.55,3,18.5,1,18.65,50,2,2022-07-25 09:00:19
1658739620077811000,18.65,2,18.5,1,18.65,53,1,2022-07-25 09:00:20
1658739620125084000,18.6,1,18.5,1,18.65,53,2,2022-07-25 09:00:20
1658739620128031000,18.65,1,18.5,1,18.65,52,1,2022-07-25 09:00:20
1658739620220421000,18.65,1,18.5,1,18.65,52,1,2022-07-25 09:00:20
1658739621371117000,18.65,1,18.5,1,18.65,51,1,2022-07-25 09:00:21
1658739621773687000,18.65,1,18.5,2,18.65,50,1,2022-07-25 09:00:21
1658739622104924000,18.55,1,18.55,9,18.65,50,2,2022-07-25 09:00:22
1658739622217688000,18.6,1,18.55,9,18.6,4,1,2022-07-25 09:00:22
1658739622413753000,18.55,1,18.55,8,18.6,4,2,2022-07-25 09:00:22
1658739622503849000,18.6,1,18.55,8,18.6,3,1,2022-07-25 09:00:22
1658739622799986000,18.6,3,18.55,9,18.65,46,1,2022-07-25 09:00:22
1658739622799986000,18.65,7,18.55,9,18.65,46,1,2022-07-25 09:00:22
1658739623127591000,18.65,2,18.55,9,18.65,44,1,2022-07-25 09:00:23
1658739623569115000,18.6,1,18.55,14,18.6,11,1,2022-07-25 09:00:23
1658739623957499000,18.6,1,18.55,14,18.6,10,1,2022-07-25 09:00:23
1658739624407059000,18.6,1,18.55,20,18.6,29,1,2022-07-25 09:00:24
1658739624506503000,18.55,1,18.55,19,18.6,28,2,2022-07-25 09:00:24
1658739624511081000,18.55,12,18.55,7,18.6,28,2,2022-07-25 09:00:24
1658739624546397000,18.55,7,18.5,27,18.6,28,2,2022-07-25 09:00:24
1658739624686426000,18.5,16,18.5,11,18.6,28,2,2022-07-25 09:00:24
1658739624719578000,18.6,2,18.5,11,18.6,26,1,2022-07-25 09:00:24
1658739625196276000,18.6,1,18.55,1,18.6,26,1,2022-07-25 09:00:25
1658739625268689000,18.6,1,18.55,1,18.6,25,1,2022-07-25 09:00:25
1658739625269132000,18.6,1,18.55,1,18.6,24,1,2022-07-25 09:00:25
1658739625416462000,18.6,1,18.55,1,18.6,27,1,2022-07-25 09:00:25
1658739625649375000,18.6,1,18.55,1,18.6,22,1,2022-07-25 09:00:25
1658739625734076000,18.55,1,18.5,11,18.6,22,2,2022-07-25 09:00:25
1658739625752848000,18.5,2,18.5,9,18.6,22,2,2022-07-25 09:00:25
1658739625936219000,18.6,15,18.55,1,18.6,7,1,2022-07-25 09:00:25
1658739625994977000,18.6,1,18.55,1,18.6,6,1,2022-07-25 09:00:25
1658739626258791000,18.55,9,18.55,2,18.6,6,2,2022-07-25 09:00:26
1658739626288850000,18.6,1,18.55,2,18.6,5,1,2022-07-25 09:00:26
1658739626631839000,18.6,1,18.55,2,18.6,4,1,2022-07-25 09:00:26
1658739626764670000,18.55,1,18.55,1,18.6,4,2,2022-07-25 09:00:26
1658739627551818000,18.55,5,18.55,4,18.6,4,2,2022-07-25 09:00:27
1658739627592166000,18.6,1,18.55,4,18.6,3,1,2022-07-25 09:00:27
1658739627598847000,18.6,3,18.6,2,18.65,54,1,2022-07-25 09:00:27
1658739627630504000,18.6,2,18.55,4,18.65,54,2,2022-07-25 09:00:27
1658739627838660000,18.65,5,18.55,4,18.65,49,1,2022-07-25 09:00:27
1658739628038628000,18.55,7,18.5,2,18.65,49,2,2022-07-25 09:00:28
1658739628038628000,18.5,8,18.5,2,18.65,49,2,2022-07-25 09:00:28
1658739628266895000,18.6,1,18.55,5,18.65,49,2,2022-07-25 09:00:28
1658739628348891000,18.65,3,18.55,5,18.65,46,1,2022-07-25 09:00:28
1658739628737955000,18.65,10,18.55,15,18.65,36,1,2022-07-25 09:00:28
1658739628935728000,18.6,3,18.55,24,18.65,36,2,2022-07-25 09:00:28
1658739628935728000,18.55,1,18.55,24,18.65,36,2,2022-07-25 09:00:28
1658739630396268000,18.6,2,18.55,24,18.6,17,1,2022-07-25 09:00:30
1658739630629576000,18.6,3,18.55,34,18.6,12,1,2022-07-25 09:00:30
1658739631141406000,18.55,3,18.55,31,18.6,13,2,2022-07-25 09:00:31
1658739631577544000,18.6,10,18.55,31,18.6,3,1,2022-07-25 09:00:31
1658739631737672000,18.6,1,18.55,31,18.6,4,1,2022-07-25 09:00:31
1658739632391423000,18.6,2,18.55,35,18.6,3,1,2022-07-25 09:00:32
1658739632507300000,18.6,1,18.55,35,18.6,2,1,2022-07-25 09:00:32
1658739632865082000,18.6,1,18.55,35,18.6,1,1,2022-07-25 09:00:32
1658739632932558000,18.6,1,18.55,35,18.65,52,1,2022-07-25 09:00:32
1658739633544810000,18.6,5,18.55,33,18.6,6,1,2022-07-25 09:00:33
1658739633960685000,18.6,1,18.55,35,18.6,5,1,2022-07-25 09:00:33
1658739634525924000,18.6,1,18.55,36,18.6,4,1,2022-07-25 09:00:34
1658739634799892000,18.6,1,18.55,37,18.6,4,1,2022-07-25 09:00:34
1658739634804367000,18.6,1,18.55,37,18.6,3,1,2022-07-25 09:00:34
1658739634822641000,18.6,4,18.55,37,18.65,52,1,2022-07-25 09:00:34
1658739634892064000,18.65,1,18.55,37,18.65,51,1,2022-07-25 09:00:34
1658739635418332000,18.6,1,18.55,37,18.6,11,1,2022-07-25 09:00:35
1658739635527844000,18.6,10,18.6,10,18.65,51,1,2022-07-25 09:00:35
1658739635794711000,18.6,1,18.6,14,18.65,51,2,2022-07-25 09:00:35
1658739636332436000,18.6,1,18.6,13,18.65,51,2,2022-07-25 09:00:36
1658739636434791000,18.6,10,18.6,13,18.65,51,2,2022-07-25 09:00:36
1658739637295833000,18.65,2,18.6,10,18.65,51,1,2022-07-25 09:00:37
1658739637826348000,18.65,1,18.6,11,18.65,48,1,2022-07-25 09:00:37
1658739637844943000,18.65,4,18.6,11,18.65,44,1,2022-07-25 09:00:37
1658739638003607000,18.6,1,18.6,15,18.65,44,2,2022-07-25 09:00:38
1658739638121030000,18.6,10,18.6,5,18.65,44,2,2022-07-25 09:00:38
1658739638700397000,18.6,1,18.6,4,18.65,46,2,2022-07-25 09:00:38
1658739638987849000,18.6,5,18.6,21,18.65,46,2,2022-07-25 09:00:38
1658739639085577000,18.6,1,18.6,20,18.65,46,2,2022-07-25 09:00:39
1658739639896671000,18.6,1,18.6,52,18.65,46,2,2022-07-25 09:00:39
1658739640607863000,18.6,5,18.6,50,18.65,50,2,2022-07-25 09:00:40
1658739640760836000,18.65,10,18.6,50,18.65,40,1,2022-07-25 09:00:40
1658739641024051000,18.6,10,18.6,43,18.65,40,2,2022-07-25 09:00:41
1658739641067807000,18.65,2,18.6,43,18.65,38,1,2022-07-25 09:00:41
1658739641254744000,18.65,15,18.6,51,18.65,24,1,2022-07-25 09:00:41
1658739641331583000,18.65,3,18.6,52,18.65,21,1,2022-07-25 09:00:41
1658739641335778000,18.65,2,18.6,52,18.65,19,1,2022-07-25 09:00:41
1658739641443597000,18.65,6,18.6,52,18.65,24,1,2022-07-25 09:00:41
1658739641799254000,18.65,13,18.6,53,18.7,104,1,2022-07-25 09:00:41
1658739641799254000,18.7,2,18.6,53,18.7,104,1,2022-07-25 09:00:41
1658739642003023000,18.6,1,18.6,52,18.7,104,2,2022-07-25 09:00:42
1658739642292412000,18.65,5,18.6,55,18.7,105,2,2022-07-25 09:00:42
1658739642940096000,18.7,20,18.65,1,18.7,105,1,2022-07-25 09:00:42
1658739644287057000,18.7,1,18.65,3,18.7,85,1,2022-07-25 09:00:44
1658739644496179000,18.65,3,18.6,14,18.7,84,2,2022-07-25 09:00:44
1658739644496179000,18.6,47,18.6,14,18.7,84,2,2022-07-25 09:00:44
1658739644716198000,18.7,15,18.6,14,18.7,69,1,2022-07-25 09:00:44
1658739645220805000,18.65,1,18.6,14,18.65,4,1,2022-07-25 09:00:45
1658739645257247000,18.65,4,18.6,14,18.7,69,1,2022-07-25 09:00:45
1658739645429241000,18.7,2,18.6,14,18.7,67,1,2022-07-25 09:00:45
1658739645956685000,18.7,1,18.65,1,18.7,68,1,2022-07-25 09:00:45
1658739646198916000,18.7,1,18.65,1,18.7,66,1,2022-07-25 09:00:46
1658739646740621000,18.7,1,18.65,1,18.7,65,1,2022-07-25 09:00:46
1658739646910447000,18.7,3,18.65,1,18.7,65,1,2022-07-25 09:00:46
1658739648087101000,18.65,1,18.65,12,18.7,62,2,2022-07-25 09:00:48
1658739648231700000,18.7,1,18.65,13,18.7,61,1,2022-07-25 09:00:48
1658739648485950000,18.7,1,18.65,13,18.7,80,1,2022-07-25 09:00:48
1658739649582154000,18.7,1,18.65,16,18.7,80,1,2022-07-25 09:00:49
1658739649604173000,18.65,11,18.65,5,18.7,80,2,2022-07-25 09:00:49
1658739649662447000,18.7,8,18.65,5,18.7,72,1,2022-07-25 09:00:49
1658739650126806000,18.7,5,18.65,5,18.7,67,1,2022-07-25 09:00:50
1658739650310352000,18.7,5,18.65,5,18.7,62,1,2022-07-25 09:00:50
1658739650361794000,18.7,2,18.65,5,18.7,60,1,2022-07-25 09:00:50
1658739650369396000,18.7,3,18.65,5,18.7,57,1,2022-07-25 09:00:50
1658739650417965000,18.7,1,18.65,5,18.7,56,1,2022-07-25 09:00:50
1658739650873824000,18.65,1,18.65,17,18.7,56,2,2022-07-25 09:00:50
1658739650962861000,18.7,1,18.65,21,18.7,56,1,2022-07-25 09:00:50
1658739650997242000,18.7,7,18.65,21,18.7,48,1,2022-07-25 09:00:50
1658739651234128000,18.7,1,18.65,21,18.7,47,1,2022-07-25 09:00:51
1658739651241121000,18.65,4,18.65,17,18.7,47,2,2022-07-25 09:00:51
1658739651269254000,18.7,14,18.65,17,18.7,33,1,2022-07-25 09:00:51
1658739651661070000,18.7,5,18.65,17,18.7,28,1,2022-07-25 09:00:51
1658739651695491000,18.7,15,18.65,17,18.7,13,1,2022-07-25 09:00:51
1658739651972184000,18.7,10,18.65,17,18.7,14,1,2022-07-25 09:00:51
1658739652005420000,18.7,4,18.65,17,18.75,174,1,2022-07-25 09:00:52
1658739652276755000,18.7,2,18.65,17,18.7,18,1,2022-07-25 09:00:52
1658739652326702000,18.7,5,18.65,17,18.7,13,1,2022-07-25 09:00:52
1658739652512371000,18.7,2,18.65,17,18.7,11,1,2022-07-25 09:00:52
1658739652585004000,18.7,2,18.65,17,18.7,9,1,2022-07-25 09:00:52
1658739652728345000,18.7,1,18.65,17,18.7,8,1,2022-07-25 09:00:52
1658739652754978000,18.7,1,18.65,17,18.7,7,1,2022-07-25 09:00:52
1658739652860385000,18.7,1,18.65,17,18.7,6,1,2022-07-25 09:00:52
1658739652897412000,18.7,6,18.65,17,18.75,174,1,2022-07-25 09:00:52
1658739652952662000,18.7,2,18.65,17,18.75,194,2,2022-07-25 09:00:52
1658739652971317000,18.65,1,18.65,16,18.75,194,2,2022-07-25 09:00:52
1658739652971940000,18.75,3,18.65,16,18.75,191,1,2022-07-25 09:00:52
1658739653457291000,18.7,2,18.65,16,18.7,18,2,2022-07-25 09:00:53
1658739653486354000,18.7,1,18.65,16,18.7,18,1,2022-07-25 09:00:53
1658739653565843000,18.7,10,18.65,16,18.7,7,1,2022-07-25 09:00:53
1658739653601139000,18.7,1,18.65,16,18.7,6,1,2022-07-25 09:00:53
1658739653619652000,18.7,1,18.65,16,18.7,5,1,2022-07-25 09:00:53
1658739653736604000,18.7,1,18.65,16,18.7,4,1,2022-07-25 09:00:53
1658739653777435000,18.7,4,18.65,16,18.75,191,1,2022-07-25 09:00:53
1658739654082189000,18.7,7,18.7,4,18.75,192,1,2022-07-25 09:00:54
1658739654111573000,18.7,4,18.65,16,18.75,192,2,2022-07-25 09:00:54
1658739654179773000,18.75,1,18.65,16,18.75,191,1,2022-07-25 09:00:54
1658739654342148000,18.7,5,18.65,16,18.7,15,1,2022-07-25 09:00:54
1658739654358335000,18.7,1,18.65,16,18.7,14,1,2022-07-25 09:00:54
1658739654835156000,18.7,1,18.65,17,18.7,28,1,2022-07-25 09:00:54
1658739655229873000,18.7,5,18.65,7,18.7,39,1,2022-07-25 09:00:55
1658739655447276000,18.65,7,18.6,40,18.7,39,2,2022-07-25 09:00:55
1658739655732678000,18.7,41,18.7,8,18.75,211,1,2022-07-25 09:00:55
1658739655924297000,18.7,8,18.6,40,18.65,7,2,2022-07-25 09:00:55
1658739656413563000,18.65,1,18.6,40,18.65,8,1,2022-07-25 09:00:56
1658739657141352000,18.65,2,18.6,42,18.65,6,1,2022-07-25 09:00:57
1658739657567414000,18.65,1,18.6,42,18.65,5,1,2022-07-25 09:00:57
1658739657769526000,18.65,1,18.6,42,18.65,4,1,2022-07-25 09:00:57
1658739657972943000,18.65,4,18.6,42,18.65,5,1,2022-07-25 09:00:57
1658739657972943000,18.7,1,18.6,42,18.65,5,1,2022-07-25 09:00:57
1658739658210383000,18.7,2,18.6,42,18.7,11,1,2022-07-25 09:00:58
1658739659023748000,18.65,1,18.6,42,18.7,12,2,2022-07-25 09:00:59
1658739659667948000,18.65,1,18.65,2,18.7,12,2,2022-07-25 09:00:59
1658739659698137000,18.65,2,18.6,42,18.7,12,2,2022-07-25 09:00:59
1658739660177151000,18.7,7,18.6,44,18.7,5,1,2022-07-25 09:01:00
1658739660525790000,18.6,9,18.6,34,18.7,5,2,2022-07-25 09:01:00
1658739661783479000,18.65,5,18.65,11,18.7,23,2,2022-07-25 09:01:01
1658739662056923000,18.7,1,18.65,11,18.7,22,1,2022-07-25 09:01:02
1658739663116678000,18.65,1,18.65,15,18.7,30,2,2022-07-25 09:01:03
1658739663400135000,18.65,1,18.65,18,18.7,30,2,2022-07-25 09:01:03
1658739663405180000,18.65,1,18.65,17,18.7,30,2,2022-07-25 09:01:03
1658739663406349000,18.65,1,18.65,19,18.7,30,2,2022-07-25 09:01:03
1658739663659480000,18.7,1,18.65,16,18.7,29,1,2022-07-25 09:01:03
1658739663753228000,18.7,10,18.65,16,18.7,19,1,2022-07-25 09:01:03
1658739663795201000,18.65,1,18.65,16,18.7,29,2,2022-07-25 09:01:03
1658739664078632000,18.65,5,18.65,10,18.7,20,2,2022-07-25 09:01:04
1658739664292807000,18.65,1,18.65,9,18.7,21,2,2022-07-25 09:01:04
1658739664941431000,18.65,9,18.55,137,18.7,22,2,2022-07-25 09:01:04
1658739664941431000,18.6,36,18.55,137,18.7,22,2,2022-07-25 09:01:04
1658739664941431000,18.55,5,18.55,137,18.7,22,2,2022-07-25 09:01:04
1658739664967563000,18.55,17,18.5,170,18.55,3,2,2022-07-25 09:01:04
1658739665456316000,18.55,1,18.5,170,18.55,2,1,2022-07-25 09:01:05
1658739665482121000,18.55,1,18.5,170,18.55,3,1,2022-07-25 09:01:05
1658739665781827000,18.55,1,18.6,4,18.7,23,1,2022-07-25 09:01:05
1658739665811406000,18.65,1,18.6,1,18.7,23,2,2022-07-25 09:01:05
1658739665811406000,18.6,3,18.6,1,18.7,23,2,2022-07-25 09:01:05
1658739665845286000,18.6,1,18.5,170,18.7,23,2,2022-07-25 09:01:05
1658739665859138000,18.5,1,18.5,169,18.7,23,2,2022-07-25 09:01:05
1658739665887621000,18.5,50,18.5,119,18.65,28,2,2022-07-25 09:01:05
1658739665920069000,18.5,33,18.5,86,18.65,21,2,2022-07-25 09:01:05
1658739666427266000,18.65,1,18.5,91,18.65,20,1,2022-07-25 09:01:06
1658739666632929000,18.55,1,18.5,91,18.65,20,2,2022-07-25 09:01:06
1658739666698883000,18.65,2,18.5,91,18.65,18,1,2022-07-25 09:01:06
1658739667069898000,18.6,8,18.5,91,18.6,2,1,2022-07-25 09:01:07
1658739667588513000,18.5,20,18.5,71,18.55,1,2,2022-07-25 09:01:07
1658739667825565000,18.55,1,18.5,71,18.55,1,1,2022-07-25 09:01:07
1658739667976818000,18.55,2,18.5,71,18.6,3,1,2022-07-25 09:01:07
1658739667976818000,18.6,1,18.5,71,18.6,3,1,2022-07-25 09:01:07
1658739668087857000,18.55,1,18.5,71,18.55,1,1,2022-07-25 09:01:08
1658739668629689000,18.55,1,18.5,72,18.55,1,1,2022-07-25 09:01:08
1658739668692722000,18.5,10,18.5,62,18.55,1,2,2022-07-25 09:01:08
1658739668721866000,18.55,1,18.5,62,18.6,29,1,2022-07-25 09:01:08
1658739668721866000,18.6,4,18.5,62,18.6,29,1,2022-07-25 09:01:08
1658739668723196000,18.5,20,18.5,42,18.55,1,2,2022-07-25 09:01:08
1658739668723964000,18.5,20,18.5,22,18.55,1,2,2022-07-25 09:01:08
1658739668723986000,18.5,20,18.5,2,18.55,1,2,2022-07-25 09:01:08
1658739668724512000,18.55,1,18.5,2,18.6,20,1,2022-07-25 09:01:08
1658739668724512000,18.6,9,18.5,2,18.6,20,1,2022-07-25 09:01:08
1658739668724752000,18.5,2,18.45,45,18.5,18,2,2022-07-25 09:01:08
1658739669587078000,18.5,1,18.45,44,18.5,39,1,2022-07-25 09:01:09
1658739669729485000,18.5,1,18.45,44,18.5,38,1,2022-07-25 09:01:09
1658739669849456000,18.45,3,18.45,41,18.5,38,2,2022-07-25 09:01:09
1658739669879372000,18.45,41,18.4,8,18.45,9,2,2022-07-25 09:01:09
1658739670182766000,18.45,2,18.4,7,18.45,7,1,2022-07-25 09:01:10
1658739670398320000,18.45,1,18.4,7,18.45,6,1,2022-07-25 09:01:10
1658739670494529000,18.45,1,18.4,7,18.45,6,1,2022-07-25 09:01:10
1658739670777867000,18.45,1,18.4,7,18.45,5,1,2022-07-25 09:01:10
1658739670926122000,18.45,5,18.4,7,18.45,6,1,2022-07-25 09:01:10
1658739670926122000,18.5,5,18.4,7,18.45,6,1,2022-07-25 09:01:10
1658739671043885000,18.5,1,18.4,7,18.5,32,1,2022-07-25 09:01:11
1658739671405362000,18.5,2,18.4,7,18.5,30,1,2022-07-25 09:01:11
1658739671801991000,18.4,1,18.4,7,18.45,1,2,2022-07-25 09:01:11
1658739671961136000,18.45,1,18.4,7,18.5,30,1,2022-07-25 09:01:11
1658739671977227000,18.4,1,18.4,8,18.45,1,2,2022-07-25 09:01:11
1658739673155464000,18.4,5,18.4,1,18.5,30,2,2022-07-25 09:01:13
1658739673377909000,18.4,1,18.4,12,18.5,28,2,2022-07-25 09:01:13
1658739673617521000,18.45,1,18.4,41,18.5,28,2,2022-07-25 09:01:13
1658739674275873000,18.4,7,18.4,34,18.5,31,2,2022-07-25 09:01:14
1658739674951266000,18.5,3,18.4,34,18.5,33,1,2022-07-25 09:01:14
1658739675133368000,18.5,3,18.4,34,18.5,31,1,2022-07-25 09:01:15
1658739675640471000,18.5,10,18.45,6,18.5,21,1,2022-07-25 09:01:15
1658739675675699000,18.5,14,18.45,6,18.5,7,1,2022-07-25 09:01:15
1658739675707019000,18.5,7,18.45,6,18.55,6,1,2022-07-25 09:01:15
1658739675824401000,18.5,1,18.45,6,18.55,6,2,2022-07-25 09:01:15
1658739675979526000,18.45,6,18.4,32,18.55,6,2,2022-07-25 09:01:15
1658739675979526000,18.4,2,18.4,32,18.55,6,2,2022-07-25 09:01:15
1658739676885287000,18.5,1,18.5,9,18.55,6,2,2022-07-25 09:01:16
1658739677428792000,18.5,1,18.5,8,18.55,27,2,2022-07-25 09:01:17
1658739677449896000,18.5,3,18.5,5,18.55,27,2,2022-07-25 09:01:17
1658739677656455000,18.45,5,18.45,11,18.55,27,2,2022-07-25 09:01:17
1658739677824023000,18.45,5,18.45,6,18.55,27,2,2022-07-25 09:01:17
1658739677854757000,18.45,6,18.4,19,18.55,27,2,2022-07-25 09:01:17
1658739677994215000,18.4,1,18.4,19,18.5,1,2,2022-07-25 09:01:17
1658739678401829000,18.5,3,18.4,22,18.55,27,1,2022-07-25 09:01:18
1658739678819634000,18.4,1,18.4,21,18.5,11,2,2022-07-25 09:01:18
1658739679432291000,18.45,1,18.4,15,18.5,21,2,2022-07-25 09:01:19
1658739679432291000,18.4,8,18.4,15,18.5,21,2,2022-07-25 09:01:19
1658739680961238000,18.5,1,18.4,32,18.5,23,1,2022-07-25 09:01:20
1658739681112828000,18.5,10,18.4,33,18.5,23,1,2022-07-25 09:01:21
1658739681325069000,18.45,3,18.4,33,18.45,2,1,2022-07-25 09:01:21
1658739681351520000,18.45,2,18.4,33,18.5,29,1,2022-07-25 09:01:21
1658739681476409000,18.4,2,18.4,33,18.5,28,2,2022-07-25 09:01:21
1658739681682274000,18.45,1,18.45,2,18.5,29,2,2022-07-25 09:01:21
1658739682230329000,18.5,3,18.45,2,18.5,26,1,2022-07-25 09:01:22
1658739682497823000,18.45,2,18.45,2,18.5,26,2,2022-07-25 09:01:22
1658739683110682000,18.45,1,18.4,32,18.45,7,1,2022-07-25 09:01:23
1658739683162953000,18.45,3,18.4,32,18.45,4,1,2022-07-25 09:01:23
1658739683183223000,18.45,2,18.4,32,18.45,2,1,2022-07-25 09:01:23
1658739683372615000,18.45,1,18.4,33,18.45,1,1,2022-07-25 09:01:23
1658739683402664000,18.45,1,18.4,33,18.5,27,1,2022-07-25 09:01:23
1658739684259974000,18.45,1,18.45,9,18.5,26,2,2022-07-25 09:01:24
1658739684414314000,18.5,1,18.45,9,18.5,25,1,2022-07-25 09:01:24
1658739686315180000,18.45,1,18.45,12,18.5,25,2,2022-07-25 09:01:26
1658739686564638000,18.5,1,18.45,12,18.5,25,1,2022-07-25 09:01:26
1658739687179829000,18.45,1,18.45,11,18.5,24,2,2022-07-25 09:01:27
1658739687407121000,18.5,2,18.45,11,18.5,24,1,2022-07-25 09:01:27
1658739688411048000,18.45,7,18.45,5,18.5,22,2,2022-07-25 09:01:28
1658739689352352000,18.5,3,18.45,8,18.5,41,1,2022-07-25 09:01:29
1658739689636225000,18.45,2,18.45,7,18.5,41,2,2022-07-25 09:01:29
1658739691656644000,18.45,15,18.4,66,18.5,44,2,2022-07-25 09:01:31
1658739691691163000,18.5,1,18.4,65,18.5,43,1,2022-07-25 09:01:31
1658739691695905000,18.4,1,18.4,64,18.5,43,2,2022-07-25 09:01:31
1658739691887521000,18.5,2,18.45,5,18.5,41,1,2022-07-25 09:01:31
1658739692242237000,18.45,1,18.45,6,18.5,41,2,2022-07-25 09:01:32
1658739692867621000,18.45,2,18.45,5,18.5,41,2,2022-07-25 09:01:32
1658739693390480000,18.45,5,18.45,2,18.5,49,2,2022-07-25 09:01:33
1658739693993851000,18.5,5,18.45,3,18.5,49,1,2022-07-25 09:01:33
1658739694552984000,18.45,1,18.45,2,18.5,50,2,2022-07-25 09:01:34
1658739694623739000,18.45,1,18.45,1,18.5,50,2,2022-07-25 09:01:34
1658739694821118000,18.45,2,18.4,82,18.5,51,2,2022-07-25 09:01:34
1658739694821118000,18.4,3,18.4,82,18.5,51,2,2022-07-25 09:01:34
1658739695449280000,18.5,3,18.45,1,18.5,48,1,2022-07-25 09:01:35
1658739695709318000,18.45,3,18.4,83,18.45,7,2,2022-07-25 09:01:35
1658739695746363000,18.45,7,18.4,83,18.5,48,1,2022-07-25 09:01:35
1658739696579322000,18.45,1,18.45,1,18.5,39,2,2022-07-25 09:01:36
1658739697454099000,18.45,8,18.4,73,18.5,36,2,2022-07-25 09:01:37
1658739697454099000,18.4,10,18.4,73,18.5,36,2,2022-07-25 09:01:37
1658739697797748000,18.4,6,18.4,67,18.5,42,2,2022-07-25 09:01:37
1658739698204402000,18.45,4,18.4,67,18.45,6,2,2022-07-25 09:01:38
1658739698232570000,18.45,3,18.4,67,18.45,3,1,2022-07-25 09:01:38
1658739699070375000,18.45,2,18.4,68,18.45,4,1,2022-07-25 09:01:39
1658739699104771000,18.45,4,18.4,68,18.5,45,1,2022-07-25 09:01:39
1658739699604603000,18.45,1,18.45,1,18.5,44,2,2022-07-25 09:01:39
1658739700200931000,18.5,1,18.45,1,18.5,53,1,2022-07-25 09:01:40
1658739700241571000,18.45,1,18.4,68,18.45,4,2,2022-07-25 09:01:40
1658739700414003000,18.45,1,18.4,65,18.45,4,1,2022-07-25 09:01:40
1658739702061632000,18.45,3,18.4,64,18.45,7,1,2022-07-25 09:01:42
1658739702216291000,18.45,5,18.4,64,18.45,2,1,2022-07-25 09:01:42
1658739702436662000,18.4,1,18.4,64,18.45,2,2,2022-07-25 09:01:42
1658739702852444000,18.45,1,18.4,64,18.45,1,1,2022-07-25 09:01:42
1658739703768540000,18.4,10,18.4,63,18.45,11,2,2022-07-25 09:01:43
1658739704877930000,18.45,1,18.4,64,18.45,11,1,2022-07-25 09:01:44
1658739705150933000,18.4,5,18.4,59,18.45,11,2,2022-07-25 09:01:45
1658739705295896000,18.45,1,18.4,59,18.45,10,1,2022-07-25 09:01:45
1658739705532763000,18.45,1,18.4,59,18.45,9,1,2022-07-25 09:01:45
1658739705666157000,18.45,2,18.4,59,18.45,7,1,2022-07-25 09:01:45
1658739706668989000,18.4,40,18.4,20,18.45,17,2,2022-07-25 09:01:46
1658739706789679000,18.45,4,18.4,20,18.45,13,1,2022-07-25 09:01:46
1658739706890138000,18.45,1,18.4,20,18.45,17,1,2022-07-25 09:01:46
1658739707497535000,18.45,1,18.4,20,18.45,12,1,2022-07-25 09:01:47
1658739707902111000,18.4,1,18.4,19,18.45,11,2,2022-07-25 09:01:47
1658739707962370000,18.45,5,18.4,20,18.45,11,1,2022-07-25 09:01:47
1658739708134992000,18.45,5,18.4,19,18.45,1,1,2022-07-25 09:01:48
1658739709704777000,18.45,1,18.4,19,18.5,95,1,2022-07-25 09:01:49
1658739709704777000,18.5,2,18.4,19,18.5,95,1,2022-07-25 09:01:49
1658739709837160000,18.4,1,18.4,18,18.45,20,2,2022-07-25 09:01:49
1658739710090869000,18.45,1,18.4,18,18.45,19,1,2022-07-25 09:01:50
1658739710364981000,18.4,1,18.4,17,18.45,19,2,2022-07-25 09:01:50
1658739710432248000,18.45,1,18.4,17,18.45,18,1,2022-07-25 09:01:50
1658739710453571000,18.4,5,18.4,12,18.45,18,2,2022-07-25 09:01:50
1658739711100645000,18.4,8,18.4,5,18.45,19,2,2022-07-25 09:01:51
1658739711714495000,18.45,2,18.4,8,18.45,17,1,2022-07-25 09:01:51
1658739712121315000,18.45,5,18.4,8,18.45,12,1,2022-07-25 09:01:52
1658739712159084000,18.4,3,18.4,5,18.45,12,2,2022-07-25 09:01:52
1658739712465256000,18.45,3,18.4,5,18.45,11,1,2022-07-25 09:01:52
1658739712565317000,18.4,10,18.35,198,18.4,5,2,2022-07-25 09:01:52
1658739712999709000,18.4,1,18.35,198,18.4,5,1,2022-07-25 09:01:52
1658739713383677000,18.4,1,18.35,198,18.4,3,1,2022-07-25 09:01:53
1658739713410185000,18.4,2,18.35,198,18.4,3,1,2022-07-25 09:01:53
1658739714170702000,18.4,1,18.35,198,18.4,1,1,2022-07-25 09:01:54
1658739715093363000,18.4,1,18.35,198,18.4,4,1,2022-07-25 09:01:55
1658739715224639000,18.4,5,18.4,1,18.45,48,1,2022-07-25 09:01:55
1658739715769193000,18.4,1,18.35,199,18.45,56,2,2022-07-25 09:01:55
1658739716737090000,18.4,3,18.35,197,18.4,27,2,2022-07-25 09:01:56
1658739716761648000,18.4,2,18.35,197,18.4,30,1,2022-07-25 09:01:56
1658739716824507000,18.4,1,18.35,197,18.4,30,1,2022-07-25 09:01:56
1658739717227330000,18.4,1,18.35,198,18.4,28,1,2022-07-25 09:01:57
1658739718963877000,18.4,10,18.35,198,18.4,22,1,2022-07-25 09:01:58
1658739719029888000,18.4,10,18.35,198,18.4,12,1,2022-07-25 09:01:59
1658739719052917000,18.4,2,18.35,198,18.4,10,1,2022-07-25 09:01:59
1658739719145959000,18.35,1,18.35,197,18.4,10,2,2022-07-25 09:01:59
1658739719182936000,18.35,20,18.35,37,18.4,10,2,2022-07-25 09:01:59
1658739719214045000,18.35,37,18.3,47,18.4,10,2,2022-07-25 09:01:59
1658739719224930000,18.4,2,18.3,47,18.4,8,1,2022-07-25 09:01:59
1658739719261884000,18.4,1,18.3,47,18.4,7,1,2022-07-25 09:01:59
1658739719337044000,18.4,1,18.3,47,18.4,8,1,2022-07-25 09:01:59
1658739720372119000,18.35,2,18.3,46,18.35,8,1,2022-07-25 09:02:00
1658739720398478000,18.35,1,18.3,46,18.35,10,1,2022-07-25 09:02:00
1658739721942108000,18.35,1,18.3,46,18.35,9,1,2022-07-25 09:02:01
1658739722499583000,18.3,15,18.3,47,18.35,14,2,2022-07-25 09:02:02
1658739722991291000,18.3,1,18.3,31,18.35,14,2,2022-07-25 09:02:02
1658739723076343000,18.3,31,18.25,31,18.35,14,2,2022-07-25 09:02:03
1658739723076343000,18.25,7,18.25,31,18.35,14,2,2022-07-25 09:02:03
1658739723087078000,18.35,7,18.25,31,18.35,7,1,2022-07-25 09:02:03
1658739723331377000,18.25,31,18.2,93,18.35,7,2,2022-07-25 09:02:03
1658739844755459000,18.25,307,18.25,72,18.3,74,2,2022-07-25 09:04:04
1658739845071938000,18.25,28,18.25,44,18.3,74,2,2022-07-25 09:04:05
1658739845093755000,18.25,44,18.2,167,18.3,74,2,2022-07-25 09:04:05
1658739845125811000,18.2,10,18.2,157,18.3,74,2,2022-07-25 09:04:05
1658739845160239000,18.2,20,18.2,137,18.3,74,2,2022-07-25 09:04:05
1658739845160690000,18.2,20,18.2,117,18.3,74,2,2022-07-25 09:04:05
1658739845161531000,18.2,20,18.2,97,18.3,74,2,2022-07-25 09:04:05
1658739845162199000,18.2,20,18.2,77,18.3,74,2,2022-07-25 09:04:05
1658739845162730000,18.2,20,18.2,57,18.3,74,2,2022-07-25 09:04:05
1658739845163690000,18.2,20,18.2,37,18.3,74,2,2022-07-25 09:04:05
1658739845179506000,18.3,1,18.2,37,18.3,73,1,2022-07-25 09:04:05
1658739845194633000,18.2,1,18.2,36,18.3,73,2,2022-07-25 09:04:05
1658739845194952000,18.2,15,18.2,157,18.3,74,2,2022-07-25 09:04:05
1658739845766246000,18.25,15,18.2,21,18.3,73,2,2022-07-25 09:04:05
1658739845869376000,18.2,8,18.2,21,18.3,73,2,2022-07-25 09:04:05
1658739846213526000,18.2,10,18.2,3,18.3,73,2,2022-07-25 09:04:06
1658739846255251000,18.2,3,18.15,57,18.3,73,2,2022-07-25 09:04:06
1658739846593288000,18.15,5,18.15,52,18.25,5,2,2022-07-25 09:04:06
1658739846744104000,18.15,5,18.15,47,18.25,5,2,2022-07-25 09:04:06
1658739846950153000,18.15,5,18.15,42,18.25,5,2,2022-07-25 09:04:06
1658739847829663000,18.15,1,18.15,42,18.2,5,2,2022-07-25 09:04:07
1658739848141012000,18.2,1,18.15,41,18.2,14,1,2022-07-25 09:04:08
1658739848949944000,18.15,7,18.15,35,18.2,14,2,2022-07-25 09:04:08
1658739850472615000,18.2,1,18.15,36,18.2,27,1,2022-07-25 09:04:10
1658739850504075000,18.2,10,18.15,36,18.2,17,1,2022-07-25 09:04:10
1658739850507553000,18.2,1,18.15,36,18.2,16,1,2022-07-25 09:04:10
1658739850924388000,18.15,36,18.1,23,18.2,16,2,2022-07-25 09:04:10
1658739852590601000,18.15,2,18.15,1,18.2,9,2,2022-07-25 09:04:12
1658739852809391000,18.15,1,18.1,25,18.2,9,2,2022-07-25 09:04:12
1658739853138935000,18.15,2,18.1,17,18.15,28,2,2022-07-25 09:04:13
1658739853169728000,18.15,28,18.1,17,18.2,10,1,2022-07-25 09:04:13
1658739853618671000,18.1,5,18.1,12,18.15,10,2,2022-07-25 09:04:13
1658739854389312000,18.15,10,18.1,12,18.15,2,1,2022-07-25 09:04:14
1658739854547160000,18.1,1,18.1,11,18.15,12,2,2022-07-25 09:04:14
1658739855247198000,18.15,5,18.1,13,18.15,7,1,2022-07-25 09:04:15
1658739855299344000,18.1,5,18.1,13,18.15,12,2,2022-07-25 09:04:15
1658739855892989000,18.15,1,18.1,8,18.15,6,1,2022-07-25 09:04:15
1658739856198894000,18.1,5,18.1,3,18.15,11,2,2022-07-25 09:04:16
1658739856283025000,18.1,1,18.05,67,18.1,2,2,2022-07-25 09:04:16
1658739856310475000,18.1,2,18.05,67,18.15,11,1,2022-07-25 09:04:16
1658739857193880000,18.1,1,18.05,67,18.1,1,1,2022-07-25 09:04:17
1658739858467502000,18.05,1,18.05,66,18.1,3,2,2022-07-25 09:04:18
1658739858804609000,18.1,1,18.05,68,18.1,2,1,2022-07-25 09:04:18
1658739858844569000,18.1,2,18.05,68,18.1,3,1,2022-07-25 09:04:18
1658739858977385000,18.05,1,18.05,67,18.15,12,2,2022-07-25 09:04:18
1658739859165024000,18.05,1,18.05,66,18.15,7,2,2022-07-25 09:04:19
1658739859344930000,18.1,1,18.1,9,18.15,7,1,2022-07-25 09:04:19
1658739859346211000,18.1,1,18.1,8,18.15,7,2,2022-07-25 09:04:19
1658739859405512000,18.1,10,18.05,66,18.1,10,2,2022-07-25 09:04:19
1658739859485272000,18.1,2,18.05,66,18.1,8,1,2022-07-25 09:04:19
1658739859517225000,18.1,3,18.05,66,18.1,5,1,2022-07-25 09:04:19
1658739859560103000,18.1,1,18.05,66,18.1,4,1,2022-07-25 09:04:19
1658739859594460000,18.1,4,18.05,66,18.1,10,1,2022-07-25 09:04:19
1658739860274487000,18.1,1,18.1,9,18.15,29,1,2022-07-25 09:04:20
1658739861214224000,18.1,1,18.1,12,18.15,27,2,2022-07-25 09:04:21
1658739861581843000,18.1,3,18.1,8,18.15,27,2,2022-07-25 09:04:21
1658739861661132000,18.15,1,18.1,28,18.15,27,1,2022-07-25 09:04:21
1658739862069045000,18.1,1,18.1,27,18.15,28,2,2022-07-25 09:04:22
1658739862351747000,18.15,20,18.1,27,18.15,29,1,2022-07-25 09:04:22
1658739862435395000,18.15,2,18.1,29,18.15,6,1,2022-07-25 09:04:22
1658739862522392000,18.15,3,18.1,29,18.15,3,1,2022-07-25 09:04:22
1658739862639786000,18.15,2,18.1,29,18.15,1,1,2022-07-25 09:04:22
1658739862834001000,18.15,1,18.15,1,18.2,35,1,2022-07-25 09:04:22
1658739863933913000,18.15,6,18.15,18,18.2,34,2,2022-07-25 09:04:23
1658739864720197000,18.15,1,18.15,19,18.2,34,2,2022-07-25 09:04:24
1658739864890559000,18.15,1,18.15,17,18.2,34,2,2022-07-25 09:04:24
1658739865039287000,18.15,7,18.15,10,18.2,34,2,2022-07-25 09:04:25
1658739865518934000,18.15,5,18.15,4,18.2,34,2,2022-07-25 09:04:25
1658739866231646000,18.2,2,18.15,7,18.2,32,1,2022-07-25 09:04:26
1658739867305384000,18.15,3,18.15,7,18.2,59,2,2022-07-25 09:04:27
1658739867574186000,18.15,1,18.15,3,18.2,59,2,2022-07-25 09:04:27
1658739868591096000,18.15,1,18.15,7,18.2,59,2,2022-07-25 09:04:28
1658739868850730000,18.15,2,18.15,5,18.2,59,2,2022-07-25 09:04:28
1658739869804145000,18.15,6,18.15,18,18.2,79,2,2022-07-25 09:04:29
1658739870526791000,18.15,1,18.15,21,18.2,80,2,2022-07-25 09:04:30
1658739870814244000,18.15,5,18.15,16,18.2,80,2,2022-07-25 09:04:30
1658739871515956000,18.15,2,18.15,17,18.2,81,2,2022-07-25 09:04:31
1658739872119731000,18.15,7,18.15,8,18.2,82,2,2022-07-25 09:04:32
1658739872154389000,18.15,8,18.1,45,18.2,82,2,2022-07-25 09:04:32
1658739872712180000,18.15,2,18.1,44,18.15,1,2,2022-07-25 09:04:32
1658739872955989000,18.15,1,18.1,43,18.15,6,1,2022-07-25 09:04:32
1658739872994519000,18.15,1,18.1,43,18.15,5,1,2022-07-25 09:04:32
1658739873225242000,18.15,1,18.1,43,18.15,4,1,2022-07-25 09:04:33
1658739873957314000,18.1,1,18.1,42,18.15,6,2,2022-07-25 09:04:33
1658739874550979000,18.1,5,18.1,37,18.15,19,2,2022-07-25 09:04:34
1658739875958710000,18.1,1,18.1,36,18.15,31,2,2022-07-25 09:04:35
1658739876916786000,18.15,5,18.1,36,18.15,26,1,2022-07-25 09:04:36
1658739877174387000,18.1,1,18.1,35,18.15,26,2,2022-07-25 09:04:37
1658739877176325000,18.1,2,18.1,33,18.15,26,2,2022-07-25 09:04:37
1658739877300094000,18.15,2,18.1,33,18.15,24,1,2022-07-25 09:04:37
1658739877626658000,18.1,1,18.1,32,18.15,24,2,2022-07-25 09:04:37
1658739878922133000,18.1,1,18.1,34,18.15,27,2,2022-07-25 09:04:38
1658739879008304000,18.1,20,18.1,14,18.15,27,2,2022-07-25 09:04:39
1658739879946179000,18.15,5,18.1,16,18.15,29,1,2022-07-25 09:04:39
1658739880051700000,18.1,1,18.1,15,18.15,29,2,2022-07-25 09:04:40
1658739880137561000,18.1,1,18.1,15,18.15,29,2,2022-07-25 09:04:40
1658739880559844000,18.15,1,18.1,14,18.15,28,1,2022-07-25 09:04:40
1658739880620445000,18.1,1,18.1,14,18.15,28,2,2022-07-25 09:04:40
1658739881066258000,18.1,8,18.1,12,18.15,34,2,2022-07-25 09:04:41
1658739882107178000,18.15,2,18.1,12,18.15,34,1,2022-07-25 09:04:42
1658739882389324000,18.1,1,18.1,11,18.15,38,2,2022-07-25 09:04:42
1658739883588611000,18.1,2,18.1,12,18.15,47,2,2022-07-25 09:04:43
1658739883664916000,18.1,4,18.1,8,18.15,47,2,2022-07-25 09:04:43
1658739883776132000,18.1,5,18.1,3,18.15,47,2,2022-07-25 09:04:43
1658739884020569000,18.1,1,18.1,2,18.15,47,2,2022-07-25 09:04:44
1658739884062269000,18.1,1,18.1,1,18.15,47,2,2022-07-25 09:04:44
1658739884932875000,18.1,1,18.05,67,18.15,67,2,2022-07-25 09:04:44
1658739885703399000,18.1,1,18.05,68,18.15,67,2,2022-07-25 09:04:45
1658739886251521000,18.1,2,18.1,3,18.15,67,2,2022-07-25 09:04:46
1658739886357942000,18.1,2,18.1,1,18.15,67,2,2022-07-25 09:04:46
1658739887627857000,18.1,9,18.05,68,18.1,11,2,2022-07-25 09:04:47
1658739887938392000,18.1,10,18.05,68,18.1,1,1,2022-07-25 09:04:47
1658739887970316000,18.1,1,18.05,68,18.15,69,1,2022-07-25 09:04:47
1658739888204662000,18.15,1,18.05,68,18.15,75,1,2022-07-25 09:04:48
1658739888243409000,18.05,2,18.05,68,18.15,76,2,2022-07-25 09:04:48
1658739889169597000,18.1,2,18.05,43,18.15,75,2,2022-07-25 09:04:49
1658739889169597000,18.05,23,18.05,43,18.15,75,2,2022-07-25 09:04:49
1658739889522547000,18.1,1,18.1,1,18.15,77,2,2022-07-25 09:04:49
1658739889639758000,18.1,1,18.05,42,18.1,3,2,2022-07-25 09:04:49
1658739890218699000,18.1,1,18.05,41,18.1,6,1,2022-07-25 09:04:50
1658739890481571000,18.1,2,18.05,41,18.1,7,1,2022-07-25 09:04:50
1658739893999827000,18.05,10,18.05,31,18.1,34,2,2022-07-25 09:04:53
1658739895741829000,18.1,1,18.05,35,18.1,36,1,2022-07-25 09:04:55
1658739896671328000,18.05,5,18.05,30,18.1,41,2,2022-07-25 09:04:56
1658739897426841000,18.1,5,18.05,30,18.1,36,1,2022-07-25 09:04:57
1658739898350165000,18.05,1,18.05,29,18.1,38,2,2022-07-25 09:04:58
1658739898433951000,18.1,6,18.05,29,18.1,32,1,2022-07-25 09:04:58
1658739899118870000,18.05,1,18.05,29,18.1,33,2,2022-07-25 09:04:59
1658739900214065000,18.05,10,18.05,25,18.1,33,2,2022-07-25 09:05:00
1658739900383539000,18.1,2,18.05,26,18.1,31,1,2022-07-25 09:05:00
1658739900430096000,18.05,3,18.05,23,18.1,31,2,2022-07-25 09:05:00
1658739900702018000,18.05,4,18.05,19,18.1,32,2,2022-07-25 09:05:00
1658739900817013000,18.1,1,18.05,23,18.1,32,1,2022-07-25 09:05:00
1658739900987517000,18.05,1,18.05,18,18.1,31,2,2022-07-25 09:05:00
1658739901127931000,18.05,1,18.05,17,18.1,32,2,2022-07-25 09:05:01
1658739901189749000,18.05,3,18.05,14,18.1,32,2,2022-07-25 09:05:01
1658739901491688000,18.05,1,18.05,13,18.1,32,2,2022-07-25 09:05:01
1658739901638604000,18.05,7,18.05,6,18.1,32,2,2022-07-25 09:05:01
1658739901829242000,18.05,1,18.05,5,18.1,32,2,2022-07-25 09:05:01
1658739901831621000,18.1,1,18.05,6,18.1,32,1,2022-07-25 09:05:01
1658739901942638000,18.05,2,18.05,3,18.1,31,2,2022-07-25 09:05:01
1658739902132589000,18.05,1,18.05,2,18.1,31,2,2022-07-25 09:05:02
1658739902240233000,18.05,2,18.0,252,18.05,8,2,2022-07-25 09:05:02
1658739902597345000,18.0,4,18.0,247,18.05,9,2,2022-07-25 09:05:02
1658739902626453000,18.0,20,18.0,86,18.05,20,2,2022-07-25 09:05:02
1658739902626969000,18.0,20,18.0,66,18.05,20,2,2022-07-25 09:05:02
1658739902627487000,18.0,20,18.0,46,18.05,20,2,2022-07-25 09:05:02
1658739902627655000,18.0,20,18.0,26,18.05,20,2,2022-07-25 09:05:02
1658739902628124000,18.0,20,18.0,6,18.05,20,2,2022-07-25 09:05:02
1658739902628470000,18.0,6,17.95,21,18.0,14,2,2022-07-25 09:05:02
1658739903265087000,17.95,2,17.95,17,18.0,115,2,2022-07-25 09:05:03
1658739903291225000,17.95,17,17.9,42,18.0,115,2,2022-07-25 09:05:03
1658739903313154000,18.0,1,17.95,19,18.0,115,1,2022-07-25 09:05:03
1658739904095946000,17.9,7,17.9,34,17.95,29,2,2022-07-25 09:05:04
1658739904195363000,17.9,1,17.9,34,17.95,29,2,2022-07-25 09:05:04
1658739904664866000,17.9,3,17.9,30,17.95,29,2,2022-07-25 09:05:04
1658739904696501000,17.9,25,17.9,5,17.95,29,2,2022-07-25 09:05:04
1658739904730482000,17.9,5,17.85,157,17.95,29,2,2022-07-25 09:05:04
1658739904887465000,17.85,4,17.85,152,17.9,2,2,2022-07-25 09:05:04
1658739905240535000,17.85,4,17.85,143,17.9,33,2,2022-07-25 09:05:05
1658739905710857000,17.9,5,17.85,143,17.9,38,1,2022-07-25 09:05:05
1658739906785816000,17.9,5,17.85,143,17.9,28,1,2022-07-25 09:05:06
1658739906871231000,17.85,3,17.85,140,17.9,29,2,2022-07-25 09:05:06
1658739907076843000,17.85,36,17.85,105,17.9,29,2,2022-07-25 09:05:07
1658739907368789000,17.9,1,17.85,105,17.9,29,1,2022-07-25 09:05:07
1658739907521589000,17.85,6,17.85,99,17.9,29,2,2022-07-25 09:05:07
1658739907555049000,17.85,5,17.85,94,17.9,29,2,2022-07-25 09:05:07
1658739907592454000,17.85,6,17.85,94,17.9,29,2,2022-07-25 09:05:07
1658739907987589000,17.85,30,17.85,58,17.9,29,2,2022-07-25 09:05:07
1658739908029043000,17.85,22,17.85,36,17.9,29,2,2022-07-25 09:05:08
1658739908072888000,17.85,2,17.85,34,17.9,29,2,2022-07-25 09:05:08
1658739908073053000,17.85,15,17.85,19,17.9,29,2,2022-07-25 09:05:08
1658739908324945000,17.9,1,17.85,19,17.9,29,1,2022-07-25 09:05:08
1658739908721229000,17.85,10,17.85,19,17.9,23,2,2022-07-25 09:05:08
1658739908987772000,17.9,3,17.85,9,17.9,20,1,2022-07-25 09:05:08
1658739909013678000,17.85,7,17.85,2,17.9,20,2,2022-07-25 09:05:09
1658739909037784000,17.9,1,17.85,2,17.9,19,1,2022-07-25 09:05:09
1658739909217005000,17.9,1,17.85,2,17.9,18,1,2022-07-25 09:05:09
1658739909288468000,17.85,2,17.8,11,17.85,18,2,2022-07-25 09:05:09
1658739909511736000,17.85,10,17.8,11,17.85,30,1,2022-07-25 09:05:09
1658739909538126000,17.8,5,17.8,6,17.85,30,2,2022-07-25 09:05:09
1658739909576552000,17.85,1,17.8,6,17.85,30,1,2022-07-25 09:05:09
1658739910736342000,17.85,5,17.8,6,17.85,30,1,2022-07-25 09:05:10
1658739910832824000,17.85,5,17.8,6,17.85,25,1,2022-07-25 09:05:10
1658739910914575000,17.8,1,17.8,5,17.85,25,2,2022-07-25 09:05:10
1658739911298268000,17.85,6,17.8,5,17.85,19,1,2022-07-25 09:05:11
1658739911445614000,17.85,2,17.8,6,17.85,16,1,2022-07-25 09:05:11
1658739911833769000,17.8,5,17.8,1,17.85,18,2,2022-07-25 09:05:11
1658739912033272000,17.85,5,17.75,8,17.85,15,1,2022-07-25 09:05:12
1658739912285709000,17.85,2,17.75,10,17.85,13,1,2022-07-25 09:05:12
1658739913150424000,17.8,5,17.75,15,17.85,15,2,2022-07-25 09:05:13
1658739913649001000,17.85,10,17.8,1,17.85,5,1,2022-07-25 09:05:13
1658739913671910000,17.85,4,17.8,1,17.85,5,1,2022-07-25 09:05:13
1658739914956046000,17.85,1,17.85,1,17.9,6,2,2022-07-25 09:05:14
1658739914964162000,17.85,1,17.7,17,17.9,6,2,2022-07-25 09:05:14
1658739914964162000,17.8,22,17.7,17,17.9,6,2,2022-07-25 09:05:14
1658739914964162000,17.75,15,17.7,17,17.9,6,2,2022-07-25 09:05:14
1658739914964162000,17.7,12,17.7,17,17.9,6,2,2022-07-25 09:05:14
1658739914986623000,17.9,6,17.7,17,18.0,108,1,2022-07-25 09:05:14
1658739914986623000,17.95,1,17.7,17,18.0,108,1,2022-07-25 09:05:14
1658739914986623000,18.0,18,17.7,17,18.0,108,1,2022-07-25 09:05:14
1658739915064963000,17.8,2,17.7,24,17.85,1,2,2022-07-25 09:05:15
1658739915064963000,17.75,3,17.7,24,17.85,1,2,2022-07-25 09:05:15
1658739915064963000,17.7,1,17.7,24,17.85,1,2,2022-07-25 09:05:15
1658739915228627000,17.8,2,17.75,2,17.85,2,1,2022-07-25 09:05:15
1658739915290852000,17.85,2,17.75,2,17.9,6,1,2022-07-25 09:05:15
1658739915462322000,17.85,1,17.85,4,17.9,6,1,2022-07-25 09:05:15
1658739915693088000,17.9,1,17.85,4,17.9,6,1,2022-07-25 09:05:15
1658739915765684000,17.9,1,17.85,4,17.9,5,1,2022-07-25 09:05:15
1658739916671719000,17.9,2,17.9,8,17.95,1,2,2022-07-25 09:05:16
1658739916885847000,17.9,1,17.9,7,17.95,2,2,2022-07-25 09:05:16
1658739918732410000,17.9,1,17.9,7,17.95,6,2,2022-07-25 09:05:18
1658739918750346000,17.95,1,17.9,8,17.95,6,1,2022-07-25 09:05:18
1658739919434879000,17.95,6,17.9,8,18.0,109,1,2022-07-25 09:05:19
1658739919434879000,18.0,1,17.9,8,18.0,109,1,2022-07-25 09:05:19
1658739920993980000,17.95,1,17.9,26,17.95,14,1,2022-07-25 09:05:20
1658739921363829000,17.95,1,17.9,26,17.95,13,1,2022-07-25 09:05:21
1658739921779176000,17.95,1,17.9,26,17.95,12,1,2022-07-25 09:05:21
1658739922926242000,17.9,5,17.9,18,17.95,12,2,2022-07-25 09:05:22
1658739923308270000,17.95,1,17.9,18,17.95,13,1,2022-07-25 09:05:23
1658739924044070000,17.95,1,17.9,20,17.95,19,1,2022-07-25 09:05:24
1658739924763565000,17.95,1,17.9,28,17.95,17,1,2022-07-25 09:05:24
1658739925035032000,17.95,16,17.95,4,18.0,113,1,2022-07-25 09:05:25
1658739925795959000,18.0,1,17.95,5,18.0,113,1,2022-07-25 09:05:25
1658739927405832000,18.0,5,17.95,7,18.0,110,1,2022-07-25 09:05:27
1658739928272719000,17.95,1,17.95,19,18.0,113,2,2022-07-25 09:05:28
1658739928887819000,17.95,1,17.95,17,18.0,113,2,2022-07-25 09:05:28
1658739928895623000,17.95,15,17.95,2,18.0,113,2,2022-07-25 09:05:28
1658739929119203000,18.0,20,17.95,2,18.0,93,1,2022-07-25 09:05:29
1658739929499530000,18.0,1,17.95,8,18.0,92,1,2022-07-25 09:05:29
1658739929807335000,18.0,10,17.95,8,18.0,82,1,2022-07-25 09:05:29
1658739930184203000,17.95,1,17.95,22,18.0,82,2,2022-07-25 09:05:30
1658739930357266000,17.95,1,17.95,23,18.0,82,2,2022-07-25 09:05:30
1658739930413387000,17.95,1,17.95,20,18.0,82,2,2022-07-25 09:05:30
1658739930446854000,17.95,1,17.95,19,18.0,82,2,2022-07-25 09:05:30
1658739930516112000,17.95,1,17.95,18,18.0,82,2,2022-07-25 09:05:30
1658739930561119000,18.0,4,17.95,18,18.0,78,1,2022-07-25 09:05:30
1658739931122115000,17.95,1,17.95,18,18.0,79,2,2022-07-25 09:05:31
1658739931834634000,18.0,1,17.95,17,18.0,79,1,2022-07-25 09:05:31
1658739932455972000,17.95,4,17.95,14,18.0,79,2,2022-07-25 09:05:32
1658739932700826000,18.0,1,17.95,14,18.0,79,1,2022-07-25 09:05:32
1658739933230881000,18.0,1,17.95,15,18.0,79,1,2022-07-25 09:05:33
1658739933787505000,18.0,27,17.95,15,18.0,51,1,2022-07-25 09:05:33
1658739933824287000,18.0,32,17.95,16,18.0,19,1,2022-07-25 09:05:33
1658739934358137000,18.0,1,17.95,17,18.0,40,1,2022-07-25 09:05:34
1658739934386045000,18.0,6,17.95,17,18.0,34,1,2022-07-25 09:05:34
1658739935111186000,18.0,1,17.95,15,18.0,33,1,2022-07-25 09:05:35
1658739935163257000,18.0,7,17.95,15,18.0,26,1,2022-07-25 09:05:35
1658739935169103000,18.0,2,17.95,15,18.0,24,1,2022-07-25 09:05:35
1658739935330167000,18.0,7,17.95,18,18.0,24,1,2022-07-25 09:05:35
1658739935354356000,18.0,1,17.95,18,18.0,16,1,2022-07-25 09:05:35
1658739935368466000,18.0,14,17.95,19,18.0,2,1,2022-07-25 09:05:35
1658739935435271000,18.0,2,17.95,19,18.05,25,1,2022-07-25 09:05:35
1658739935825078000,18.0,1,17.95,24,18.0,1,1,2022-07-25 09:05:35
1658739935922205000,18.0,2,17.95,34,18.05,30,2,2022-07-25 09:05:35
1658739937253520000,18.0,2,18.0,6,18.05,25,2,2022-07-25 09:05:37
1658739937292148000,18.0,6,17.95,22,18.05,25,2,2022-07-25 09:05:37
1658739937563877000,18.0,1,17.95,24,18.05,25,2,2022-07-25 09:05:37
1658739937766801000,17.95,1,17.95,22,18.0,1,2,2022-07-25 09:05:37
1658739937958961000,18.0,2,17.95,22,18.05,12,1,2022-07-25 09:05:37
1658739937958961000,18.05,13,17.95,22,18.05,12,1,2022-07-25 09:05:37
1658739938132138000,18.0,1,17.95,22,18.05,12,1,2022-07-25 09:05:38
1658739938403401000,18.0,2,18.0,1,18.05,13,1,2022-07-25 09:05:38
1658739938774669000,18.0,2,17.95,23,18.05,13,2,2022-07-25 09:05:38
1658739939270467000,18.0,1,17.95,23,18.05,13,2,2022-07-25 09:05:39
1658739939417839000,18.0,1,17.95,23,18.05,21,1,2022-07-25 09:05:39
1658739939499519000,18.05,2,17.95,23,18.05,19,1,2022-07-25 09:05:39
1658739940015895000,17.95,3,17.95,23,18.05,13,2,2022-07-25 09:05:40
1658739941041200000,18.0,4,18.0,1,18.05,13,2,2022-07-25 09:05:41
1658739943557407000,18.05,1,18.0,2,18.05,12,1,2022-07-25 09:05:43
1658739944487967000,18.0,1,18.0,3,18.05,19,2,2022-07-25 09:05:44
1658739944820439000,18.0,1,18.0,6,18.05,19,2,2022-07-25 09:05:44
1658739944968206000,18.05,1,18.0,5,18.05,18,1,2022-07-25 09:05:44
1658739946079437000,18.05,1,18.0,6,18.05,19,1,2022-07-25 09:05:46
1658739946105514000,18.0,6,17.95,40,18.05,19,2,2022-07-25 09:05:46
1658739946352497000,18.0,2,18.0,12,18.05,24,1,2022-07-25 09:05:46
1658739946387076000,18.0,2,18.0,10,18.05,24,2,2022-07-25 09:05:46
1658739946420230000,18.0,6,18.0,4,18.05,24,2,2022-07-25 09:05:46
1658739946452838000,18.0,4,17.95,39,18.05,24,2,2022-07-25 09:05:46
1658739947131743000,18.0,1,17.95,39,18.0,1,1,2022-07-25 09:05:47
1658739947881803000,18.0,10,17.95,41,18.0,1,1,2022-07-25 09:05:47
1658739948319283000,17.95,3,17.95,41,18.0,5,2,2022-07-25 09:05:48
1658739948632920000,18.0,1,17.95,38,18.0,9,1,2022-07-25 09:05:48
1658739948733795000,18.0,9,17.95,38,18.05,21,1,2022-07-25 09:05:48
1658739948733795000,18.05,1,17.95,38,18.05,21,1,2022-07-25 09:05:48
1658739949311641000,18.0,10,17.95,38,18.05,22,2,2022-07-25 09:05:49
1658739951084667000,18.0,5,17.95,38,18.0,4,1,2022-07-25 09:05:51
1658739951250914000,18.0,1,17.95,38,18.0,3,1,2022-07-25 09:05:51
1658739952671186000,18.0,1,17.95,39,18.0,4,1,2022-07-25 09:05:52
1658739953145510000,18.0,1,17.95,39,18.0,11,1,2022-07-25 09:05:53
1658739953354399000,18.0,1,17.95,40,18.0,8,1,2022-07-25 09:05:53
1658739954353689000,17.95,10,17.95,30,18.0,16,2,2022-07-25 09:05:54
1658739955708937000,17.95,5,17.95,25,18.0,49,2,2022-07-25 09:05:55
1658739955749187000,17.95,25,17.9,28,18.0,49,2,2022-07-25 09:05:55
1658739956080706000,17.95,2,17.9,27,18.0,44,1,2022-07-25 09:05:56
1658739956080706000,18.0,8,17.9,27,18.0,44,1,2022-07-25 09:05:56
1658739956320637000,17.95,1,17.95,1,18.0,44,2,2022-07-25 09:05:56
1658739956781253000,17.95,1,17.9,27,17.95,52,1,2022-07-25 09:05:56
1658739956918338000,17.95,1,17.9,27,17.95,50,1,2022-07-25 09:05:56
1658739957026037000,17.95,9,17.9,27,17.95,41,1,2022-07-25 09:05:57
1658739957291497000,17.95,2,17.9,27,17.95,39,1,2022-07-25 09:05:57
1658739957473061000,17.95,1,17.9,27,17.95,38,1,2022-07-25 09:05:57
1658739957539130000,17.9,1,17.9,26,17.95,38,2,2022-07-25 09:05:57
1658739958120840000,17.9,8,17.9,17,17.95,40,2,2022-07-25 09:05:58
1658739959866601000,17.9,1,17.9,16,17.95,44,2,2022-07-25 09:05:59
1658739959915625000,17.9,5,17.9,11,17.95,44,2,2022-07-25 09:05:59
1658739960527873000,17.9,1,17.9,10,17.95,44,2,2022-07-25 09:06:00
1658739960966150000,17.9,5,17.9,5,17.95,44,2,2022-07-25 09:06:00
1658739960999046000,17.9,5,17.85,36,17.95,44,2,2022-07-25 09:06:00
1658739963180909000,17.85,10,17.85,25,17.9,45,2,2022-07-25 09:06:03
1658739963217819000,17.85,19,17.85,6,17.9,45,2,2022-07-25 09:06:03
1658739963283154000,17.85,5,17.85,1,17.9,50,2,2022-07-25 09:06:03
1658739963317141000,17.85,1,17.8,93,17.9,50,2,2022-07-25 09:06:03
1658739963517656000,17.8,1,17.8,91,17.85,1,2,2022-07-25 09:06:03
1658739963728717000,17.8,6,17.8,85,17.85,20,2,2022-07-25 09:06:03
1658739965420816000,17.85,1,17.8,85,17.9,41,1,2022-07-25 09:06:05
1658739965747628000,17.9,3,17.8,85,17.9,40,1,2022-07-25 09:06:05
1658739967228126000,17.8,1,17.8,84,17.85,2,2,2022-07-25 09:06:07
1658739967430623000,17.8,3,17.8,81,17.85,2,2,2022-07-25 09:06:07
1658739967821798000,17.8,2,17.8,79,17.85,2,2,2022-07-25 09:06:07
1658739968134570000,17.85,1,17.8,79,17.85,2,1,2022-07-25 09:06:08
1658739968261857000,17.85,1,17.8,79,17.9,35,1,2022-07-25 09:06:08
1658739968941086000,17.85,5,17.8,81,17.9,41,2,2022-07-25 09:06:08
1658739970651730000,17.9,1,17.8,82,17.9,42,1,2022-07-25 09:06:10
1658739972941218000,17.85,6,17.8,84,17.85,4,2,2022-07-25 09:06:12
1658739973115785000,17.85,1,17.8,84,17.85,4,1,2022-07-25 09:06:13
1658739973932861000,17.8,10,17.8,74,17.85,3,2,2022-07-25 09:06:13
1658739975009232000,17.85,5,17.85,5,17.9,33,1,2022-07-25 09:06:15
1658739975878282000,17.9,2,17.85,5,17.9,29,1,2022-07-25 09:06:15
1658739976009319000,17.85,5,17.8,75,17.85,5,2,2022-07-25 09:06:16
1658739976605721000,17.85,1,17.8,74,17.85,5,1,2022-07-25 09:06:16
1658739976670841000,17.85,1,17.8,74,17.85,4,1,2022-07-25 09:06:16
1658739978962056000,17.85,2,17.8,86,17.85,10,1,2022-07-25 09:06:18
1658739979662379000,17.85,1,17.8,93,17.85,19,1,2022-07-25 09:06:19
1658739980093270000,17.85,3,17.8,93,17.85,16,1,2022-07-25 09:06:20
1658739980415830000,17.85,1,17.8,95,17.85,20,1,2022-07-25 09:06:20
1658739980462664000,17.85,1,17.8,95,17.85,19,1,2022-07-25 09:06:20
1658739980523156000,17.85,1,17.8,95,17.85,28,1,2022-07-25 09:06:20
1658739980582700000,17.85,2,17.8,95,17.85,26,1,2022-07-25 09:06:20
1658739980873342000,17.85,2,17.8,95,17.85,24,1,2022-07-25 09:06:20
1658739981378343000,17.85,3,17.8,115,17.85,32,1,2022-07-25 09:06:21
1658739983581272000,17.85,20,17.8,120,17.85,18,1,2022-07-25 09:06:23
1658739983920492000,17.8,50,17.8,70,17.85,20,2,2022-07-25 09:06:23
1658739985024603000,17.8,5,17.8,64,17.85,22,2,2022-07-25 09:06:25
1658739985167533000,17.8,5,17.8,59,17.85,24,2,2022-07-25 09:06:25
1658739985232457000,17.8,18,17.8,41,17.85,24,2,2022-07-25 09:06:25
1658739985258909000,17.8,41,17.75,10,17.85,24,2,2022-07-25 09:06:25
1658739986085658000,17.8,2,17.75,9,17.8,6,1,2022-07-25 09:06:26
1658739986318070000,17.8,1,17.75,9,17.8,7,1,2022-07-25 09:06:26
1658739988319009000,17.75,6,17.75,6,17.8,9,2,2022-07-25 09:06:28
1658739989033552000,17.8,10,17.75,1,17.8,1,1,2022-07-25 09:06:29
1658739989169251000,17.75,2,17.7,37,17.75,8,2,2022-07-25 09:06:29
1658739989405246000,17.75,5,17.7,29,17.75,3,1,2022-07-25 09:06:29
1658739989428882000,17.75,3,17.7,29,17.8,2,1,2022-07-25 09:06:29
1658739989564192000,17.7,5,17.7,24,17.8,2,2,2022-07-25 09:06:29
1658739990126210000,17.75,1,17.7,24,17.8,4,1,2022-07-25 09:06:30
1658739990126210000,17.8,2,17.7,24,17.8,4,1,2022-07-25 09:06:30
1658739990389100000,17.75,1,17.7,24,17.8,3,2,2022-07-25 09:06:30
1658739990504873000,17.75,1,17.7,24,17.8,3,2,2022-07-25 09:06:30
1658739990635912000,17.7,1,17.7,23,17.8,3,2,2022-07-25 09:06:30
1658739990665335000,17.7,5,17.7,18,17.8,3,2,2022-07-25 09:06:30
1658739990718134000,17.7,1,17.7,18,17.8,10,2,2022-07-25 09:06:30
1658739990832356000,17.7,1,17.7,16,17.8,10,2,2022-07-25 09:06:30
1658739990886447000,17.7,5,17.7,10,17.8,10,2,2022-07-25 09:06:30
1658739991161670000,17.8,10,17.8,5,17.85,35,1,2022-07-25 09:06:31
1658739991853311000,17.8,1,17.8,7,17.85,35,2,2022-07-25 09:06:31
1658739992519753000,17.8,1,17.8,6,17.85,34,2,2022-07-25 09:06:32
1658739992810759000,17.8,1,17.8,26,17.85,32,2,2022-07-25 09:06:32
1658739994888087000,17.8,15,17.8,11,17.85,42,2,2022-07-25 09:06:34
1658739994922805000,17.8,3,17.8,8,17.85,42,2,2022-07-25 09:06:34
1658739995714176000,17.8,1,17.8,9,17.85,32,2,2022-07-25 09:06:35
1658739995801447000,17.8,1,17.8,11,17.85,32,2,2022-07-25 09:06:35
1658739995923699000,17.8,10,17.75,16,17.85,32,2,2022-07-25 09:06:35
1658739996250561000,17.85,10,17.8,3,17.85,22,1,2022-07-25 09:06:36
1658739996309154000,17.85,1,17.8,3,17.85,22,1,2022-07-25 09:06:36
1658739996831295000,17.8,1,17.8,8,17.85,21,2,2022-07-25 09:06:36
1658739997875914000,17.8,2,17.8,15,17.85,22,2,2022-07-25 09:06:37
1658740001181729000,17.8,4,17.8,106,17.85,22,2,2022-07-25 09:06:41
1658740001837638000,17.85,1,17.8,106,17.85,21,1,2022-07-25 09:06:41
1658740001866969000,17.85,21,17.8,106,17.9,26,1,2022-07-25 09:06:41
1658740002127673000,17.85,2,17.8,107,17.9,30,2,2022-07-25 09:06:42
1658740004050284000,17.85,1,17.85,1,17.9,25,2,2022-07-25 09:06:44
1658740005773298000,17.85,1,17.85,28,17.9,25,2,2022-07-25 09:06:45
1658740006125572000,17.9,1,17.85,27,17.9,25,1,2022-07-25 09:06:46
1658740006801295000,17.9,18,17.85,33,17.9,24,1,2022-07-25 09:06:46
1658740006832256000,17.9,6,17.85,33,17.95,18,1,2022-07-25 09:06:46
1658740007164109000,17.95,17,17.9,2,18.0,45,1,2022-07-25 09:06:47
1658740007164109000,18.0,3,17.9,2,18.0,45,1,2022-07-25 09:06:47
1658740009448843000,17.95,1,17.95,10,18.0,44,2,2022-07-25 09:06:49
1658740009804184000,18.0,1,17.95,10,18.0,43,1,2022-07-25 09:06:49
1658740010330647000,18.0,1,17.95,10,18.0,42,1,2022-07-25 09:06:50
1658740011339725000,18.0,2,17.95,10,18.0,40,1,2022-07-25 09:06:51
1658740012255132000,17.95,2,17.95,10,18.0,40,2,2022-07-25 09:06:52
1658740012585366000,17.95,1,17.95,7,18.0,40,2,2022-07-25 09:06:52
1658740012795119000,17.95,7,17.95,7,18.0,45,2,2022-07-25 09:06:52
1658740013579757000,18.0,2,17.9,7,18.0,58,1,2022-07-25 09:06:53
1658740014850649000,18.0,1,17.9,7,18.0,62,1,2022-07-25 09:06:54
1658740016073100000,17.9,6,17.85,18,17.95,16,2,2022-07-25 09:06:56
1658740017229516000,17.9,1,17.85,16,17.9,6,1,2022-07-25 09:06:57
1658740017280813000,17.9,5,17.85,16,17.9,1,1,2022-07-25 09:06:57
1658740018016672000,17.9,1,17.85,18,17.95,14,1,2022-07-25 09:06:58
1658740018016672000,17.95,2,17.85,18,17.95,14,1,2022-07-25 09:06:58
1658740023608486000,17.95,3,17.9,11,17.95,20,1,2022-07-25 09:07:03
1658740023641451000,17.95,2,17.9,11,17.95,19,1,2022-07-25 09:07:03
1658740023918340000,17.9,3,17.9,8,17.95,17,2,2022-07-25 09:07:03
1658740023951867000,17.9,5,17.9,3,17.95,18,2,2022-07-25 09:07:03
1658740025108395000,17.95,1,17.9,6,17.95,19,1,2022-07-25 09:07:05
1658740026253248000,17.9,8,17.85,37,17.95,27,2,2022-07-25 09:07:06
1658740026911192000,17.9,1,17.85,37,17.9,4,2,2022-07-25 09:07:06
1658740026937862000,17.9,1,17.85,37,17.9,3,1,2022-07-25 09:07:06
1658740027575750000,17.9,3,17.9,2,17.95,28,1,2022-07-25 09:07:07
1658740028746164000,17.95,1,17.9,2,17.95,26,1,2022-07-25 09:07:08
1658740029094720000,17.95,4,17.9,2,17.95,22,1,2022-07-25 09:07:09
1658740029530668000,17.95,10,17.9,4,17.95,11,1,2022-07-25 09:07:09
1658740030229881000,17.95,1,17.9,6,17.95,10,1,2022-07-25 09:07:10
1658740033668114000,17.95,1,17.9,8,17.95,22,1,2022-07-25 09:07:13
1658740035722670000,17.95,1,17.9,10,17.95,24,1,2022-07-25 09:07:15
1658740036496312000,17.9,10,17.85,88,17.95,26,2,2022-07-25 09:07:16
1658740037036138000,17.95,1,17.85,88,17.95,27,1,2022-07-25 09:07:17
1658740043215704000,17.9,1,17.85,86,17.9,16,1,2022-07-25 09:07:23
1658740045284540000,17.9,1,17.85,176,17.9,14,1,2022-07-25 09:07:25
1658740045301143000,17.9,1,17.85,176,17.9,13,1,2022-07-25 09:07:25
1658740045473780000,17.9,3,17.85,176,17.9,13,1,2022-07-25 09:07:25
1658740047743348000,17.9,2,17.85,176,17.9,13,1,2022-07-25 09:07:27
1658740047913398000,17.9,1,17.85,176,17.9,12,1,2022-07-25 09:07:27
1658740048983852000,17.9,1,17.85,177,17.9,11,1,2022-07-25 09:07:28
1658740049814257000,17.9,1,17.85,177,17.9,10,1,2022-07-25 09:07:29
1658740051256466000,17.9,1,17.85,176,17.9,9,1,2022-07-25 09:07:31
1658740051324985000,17.9,7,17.85,176,17.9,2,1,2022-07-25 09:07:31
1658740051836848000,17.9,1,17.85,176,17.9,1,1,2022-07-25 09:07:31
1658740052506655000,17.9,1,17.85,176,17.95,20,1,2022-07-25 09:07:32
1658740053133834000,17.9,1,17.85,176,17.9,3,1,2022-07-25 09:07:33
1658740054184808000,17.9,3,17.85,182,17.9,2,1,2022-07-25 09:07:34
1658740054957283000,17.9,2,17.85,182,17.95,20,1,2022-07-25 09:07:34
1658740055673957000,17.9,6,17.85,182,17.9,2,1,2022-07-25 09:07:35
1658740055986686000,17.9,1,17.85,182,17.9,11,1,2022-07-25 09:07:35
1658740056072259000,17.9,5,17.85,182,17.9,6,1,2022-07-25 09:07:36
1658740056357354000,17.9,1,17.85,182,17.9,5,1,2022-07-25 09:07:36
1658740057359365000,17.85,182,17.8,40,17.85,18,2,2022-07-25 09:07:37
1658740057391452000,17.8,6,17.8,32,17.85,20,2,2022-07-25 09:07:37
1658740057391850000,17.8,32,17.75,69,17.85,20,2,2022-07-25 09:07:37
1658740060988922000,17.75,4,17.75,62,17.8,18,2,2022-07-25 09:07:40
1658740062287995000,17.75,3,17.75,59,17.8,18,2,2022-07-25 09:07:42
1658740063770010000,17.8,5,17.75,59,17.8,19,1,2022-07-25 09:07:43
1658740065858219000,17.75,1,17.75,58,17.8,14,2,2022-07-25 09:07:45
1658740066268232000,17.75,3,17.75,55,17.8,14,2,2022-07-25 09:07:46
1658740066323812000,17.8,1,17.75,55,17.8,13,1,2022-07-25 09:07:46
1658740066632732000,17.75,4,17.75,51,17.8,13,2,2022-07-25 09:07:46
1658740068701727000,17.75,1,17.75,52,17.8,26,2,2022-07-25 09:07:48
1658740069250544000,17.8,2,17.75,52,17.8,31,1,2022-07-25 09:07:49
1658740069643573000,17.75,5,17.75,47,17.8,29,2,2022-07-25 09:07:49
1658740071472125000,17.75,5,17.75,44,17.8,29,2,2022-07-25 09:07:51
1658740074241680000,17.8,1,17.75,50,17.8,31,1,2022-07-25 09:07:54
1658740074592543000,17.75,2,17.75,48,17.8,31,2,2022-07-25 09:07:54
1658740078471085000,17.75,1,17.75,51,17.8,32,2,2022-07-25 09:07:58
1658740078999054000,17.75,5,17.75,47,17.8,32,2,2022-07-25 09:07:58
1658740079386526000,17.75,1,17.75,46,17.8,32,2,2022-07-25 09:07:59
1658740080260009000,17.8,5,17.75,46,17.8,27,1,2022-07-25 09:08:00
1658740081035486000,17.75,2,17.75,45,17.8,28,2,2022-07-25 09:08:01
1658740082039608000,17.8,1,17.75,45,17.8,27,1,2022-07-25 09:08:02
1658740082948068000,17.75,1,17.75,47,17.8,27,2,2022-07-25 09:08:02
1658740082966551000,17.75,1,17.75,46,17.8,27,2,2022-07-25 09:08:02
1658740082970732000,17.75,1,17.75,45,17.8,27,2,2022-07-25 09:08:02
1658740083397136000,17.75,1,17.75,44,17.8,27,2,2022-07-25 09:08:03
1658740084299258000,17.8,1,17.75,43,17.8,26,1,2022-07-25 09:08:04
1658740086675351000,17.75,1,17.75,42,17.8,27,2,2022-07-25 09:08:06
1658740088822344000,17.8,1,17.75,93,17.8,26,1,2022-07-25 09:08:08
1658740090080708000,17.75,1,17.75,93,17.8,36,2,2022-07-25 09:08:10
1658740091522539000,17.75,1,17.75,94,17.8,33,2,2022-07-25 09:08:11
1658740092810338000,17.8,5,17.75,95,17.8,28,1,2022-07-25 09:08:12
1658740094070735000,17.8,9,17.75,107,17.8,19,1,2022-07-25 09:08:14
1658740094218531000,17.8,1,17.75,106,17.8,18,1,2022-07-25 09:08:14
1658740094539653000,17.8,10,17.75,106,17.8,8,1,2022-07-25 09:08:14
1658740094560709000,17.8,8,17.75,106,17.85,29,1,2022-07-25 09:08:14
1658740095424951000,17.8,9,17.8,13,17.85,34,2,2022-07-25 09:08:15
1658740095685260000,17.8,5,17.8,8,17.85,34,2,2022-07-25 09:08:15
1658740099641616000,17.8,1,17.8,22,17.85,37,2,2022-07-25 09:08:19
1658740102299852000,17.8,1,17.8,27,17.85,36,2,2022-07-25 09:08:22
1658740102409922000,17.8,1,17.8,27,17.85,36,2,2022-07-25 09:08:22
1658740102471737000,17.8,6,17.8,27,17.85,36,2,2022-07-25 09:08:22
1658740105631748000,17.8,1,17.8,20,17.85,36,2,2022-07-25 09:08:25
1658740109797300000,17.8,1,17.8,33,17.85,48,2,2022-07-25 09:08:29
1658740113082746000,17.8,1,17.8,33,17.85,48,2,2022-07-25 09:08:33
1658740113120473000,17.8,3,17.8,30,17.85,48,2,2022-07-25 09:08:33
1658740113154562000,17.8,30,17.75,118,17.85,48,2,2022-07-25 09:08:33
1658740113282290000,17.75,5,17.75,118,17.8,1,2,2022-07-25 09:08:33
1658740115734528000,17.8,1,17.75,113,17.85,36,1,2022-07-25 09:08:35
1658740115734528000,17.85,2,17.75,113,17.85,36,1,2022-07-25 09:08:35
1658740118468495000,17.8,3,17.75,116,17.8,8,1,2022-07-25 09:08:38
1658740118666430000,17.8,1,17.75,116,17.8,4,1,2022-07-25 09:08:38
1658740119049315000,17.8,4,17.8,86,17.85,37,1,2022-07-25 09:08:39
1658740119439811000,17.8,1,17.8,85,17.85,35,2,2022-07-25 09:08:39
1658740119457495000,17.8,1,17.8,86,17.85,35,2,2022-07-25 09:08:39
1658740120224830000,17.8,1,17.8,85,17.85,35,2,2022-07-25 09:08:40
1658740124016203000,17.85,2,17.8,88,17.85,33,1,2022-07-25 09:08:44
1658740124098568000,17.85,1,17.8,88,17.85,32,1,2022-07-25 09:08:44
1658740125792862000,17.85,1,17.8,93,17.85,31,1,2022-07-25 09:08:45
1658740127956993000,17.85,20,17.8,94,17.85,11,1,2022-07-25 09:08:47
1658740127971221000,17.85,5,17.8,94,17.85,6,1,2022-07-25 09:08:47
1658740127984530000,17.85,3,17.8,94,17.85,3,1,2022-07-25 09:08:47
1658740131711516000,17.9,1,17.85,46,17.9,18,1,2022-07-25 09:08:51
1658740131917303000,17.9,2,17.85,46,17.9,18,1,2022-07-25 09:08:51
1658740132324759000,17.9,16,17.9,2,17.95,24,1,2022-07-25 09:08:52
1658740133618660000,17.9,1,17.9,2,17.95,27,2,2022-07-25 09:08:53
1658740134064364000,17.95,1,17.9,1,17.95,26,1,2022-07-25 09:08:54
1658740135085016000,17.95,10,17.9,16,17.95,16,1,2022-07-25 09:08:55
1658740136505624000,17.95,1,17.9,17,17.95,15,1,2022-07-25 09:08:56
1658740136769483000,17.95,5,17.9,17,17.95,10,1,2022-07-25 09:08:56
1658740136951009000,17.95,1,17.9,17,17.95,5,1,2022-07-25 09:08:56
1658740136978265000,17.95,5,17.9,17,18.0,64,1,2022-07-25 09:08:56
1658740142219592000,17.95,1,17.95,23,18.0,67,2,2022-07-25 09:09:02
1658740142748466000,17.95,5,17.95,33,18.0,71,2,2022-07-25 09:09:02
1658740142877610000,17.95,20,17.95,23,18.0,71,2,2022-07-25 09:09:02
1658740142916681000,17.95,6,17.95,17,18.0,71,2,2022-07-25 09:09:02
1658740142916697000,17.95,1,17.95,16,18.0,71,2,2022-07-25 09:09:02
1658740142916769000,17.95,4,17.95,12,18.0,71,2,2022-07-25 09:09:02
1658740142917539000,17.95,2,17.95,10,18.0,71,2,2022-07-25 09:09:02
1658740142984525000,17.95,1,17.95,10,18.0,71,2,2022-07-25 09:09:02
1658740143395109000,17.95,1,17.95,8,18.0,71,2,2022-07-25 09:09:03
1658740143399465000,17.95,1,17.95,7,18.0,71,2,2022-07-25 09:09:03
1658740143401889000,17.95,1,17.95,6,18.0,71,2,2022-07-25 09:09:03
1658740143423548000,17.95,6,17.9,11,18.0,71,2,2022-07-25 09:09:03
1658740143736838000,17.95,1,17.9,10,18.0,69,1,2022-07-25 09:09:03
1658740143736838000,18.0,1,17.9,10,18.0,69,1,2022-07-25 09:09:03
1658740143970791000,17.95,1,17.9,10,18.0,69,2,2022-07-25 09:09:03
1658740144323675000,17.95,1,17.9,10,17.95,1,1,2022-07-25 09:09:04
1658740145129584000,17.95,1,17.9,10,17.95,20,1,2022-07-25 09:09:05
1658740146058984000,17.9,2,17.9,8,17.95,19,2,2022-07-25 09:09:06
1658740146100017000,17.9,5,17.9,3,17.95,19,2,2022-07-25 09:09:06
1658740146530398000,17.95,2,17.9,1,18.0,80,1,2022-07-25 09:09:06
1658740147041043000,17.9,1,17.85,21,17.9,4,2,2022-07-25 09:09:07
1658740150523321000,17.9,1,17.85,18,17.9,5,1,2022-07-25 09:09:10
1658740152885653000,17.9,5,17.85,18,17.9,5,1,2022-07-25 09:09:12
1658740153139211000,17.9,2,17.85,19,17.9,4,2,2022-07-25 09:09:13
1658740154272387000,17.9,1,17.85,18,17.9,4,1,2022-07-25 09:09:14
1658740155306839000,17.9,1,17.85,18,17.9,3,1,2022-07-25 09:09:15
1658740158398067000,17.85,13,17.85,5,17.9,4,2,2022-07-25 09:09:18
1658740158404240000,17.9,1,17.85,5,17.9,3,1,2022-07-25 09:09:18
1658740158427635000,17.85,1,17.85,4,17.9,4,2,2022-07-25 09:09:18
1658740159184582000,17.9,3,17.9,7,17.95,24,1,2022-07-25 09:09:19
1658740159214295000,17.9,1,17.9,6,17.95,24,2,2022-07-25 09:09:19
1658740160288758000,17.9,1,17.9,5,17.95,34,2,2022-07-25 09:09:20
1658740161447034000,17.9,1,17.9,4,17.95,39,2,2022-07-25 09:09:21
1658740162521301000,17.9,3,17.9,1,17.95,40,2,2022-07-25 09:09:22
1658740163797178000,17.9,1,17.85,14,17.95,55,2,2022-07-25 09:09:23
1658740168191563000,17.85,1,17.85,26,17.9,42,2,2022-07-25 09:09:28
1658740171422046000,17.9,3,17.85,25,17.9,40,1,2022-07-25 09:09:31
1658740171911731000,17.9,1,17.85,26,17.9,38,1,2022-07-25 09:09:31
1658740174057200000,17.85,3,17.85,27,17.9,46,2,2022-07-25 09:09:34
1658740174849843000,17.85,3,17.85,25,17.9,46,2,2022-07-25 09:09:34
1658740177207470000,17.85,5,17.85,23,17.9,48,2,2022-07-25 09:09:37
1658740177714993000,17.85,1,17.85,22,17.9,48,2,2022-07-25 09:09:37
1658740179063871000,17.85,5,17.85,22,17.9,48,2,2022-07-25 09:09:39
1658740179111294000,17.85,22,17.8,128,17.9,48,2,2022-07-25 09:09:39
1658740181397517000,17.85,1,17.8,130,17.85,4,1,2022-07-25 09:09:41
1658740183561042000,17.85,2,17.8,130,17.85,10,1,2022-07-25 09:09:43
1658740184083834000,17.85,6,17.8,135,17.85,4,1,2022-07-25 09:09:44
1658740184118124000,17.85,4,17.8,135,17.9,40,1,2022-07-25 09:09:44
1658740187219847000,17.85,5,17.85,9,17.9,46,2,2022-07-25 09:09:47
1658740189021127000,17.85,12,17.8,140,17.9,46,2,2022-07-25 09:09:49
1658740194134946000,17.85,3,17.8,138,17.85,29,1,2022-07-25 09:09:54
1658740196201710000,17.85,1,17.8,138,17.85,30,1,2022-07-25 09:09:56
1658740199834162000,17.85,2,17.8,142,17.85,18,1,2022-07-25 09:09:59
1658740199867104000,17.85,18,17.8,142,17.9,43,1,2022-07-25 09:09:59
1658740200826595000,17.85,2,17.8,143,17.85,3,2,2022-07-25 09:10:00
1658740200849693000,17.85,1,17.8,143,17.85,2,1,2022-07-25 09:10:00
1658740200851180000,17.85,2,17.8,143,17.9,43,1,2022-07-25 09:10:00
1658740201221767000,17.85,1,17.8,130,17.9,42,2,2022-07-25 09:10:01
1658740201221767000,17.8,13,17.8,130,17.9,42,2,2022-07-25 09:10:01
1658740201284781000,17.8,11,17.8,119,17.9,42,2,2022-07-25 09:10:01
1658740201356031000,17.8,3,17.8,119,17.9,42,2,2022-07-25 09:10:01
1658740205224114000,17.85,4,17.8,115,17.85,4,1,2022-07-25 09:10:05
1658740207383341000,17.85,1,17.8,115,17.85,3,1,2022-07-25 09:10:07
1658740211423495000,17.85,1,17.8,114,17.85,21,1,2022-07-25 09:10:11
1658740212480592000,17.8,1,17.8,113,17.85,22,2,2022-07-25 09:10:12
1658740212484906000,17.85,10,17.8,113,17.85,12,1,2022-07-25 09:10:12
1658740214880341000,17.85,5,17.8,113,17.85,22,1,2022-07-25 09:10:14
1658740214959678000,17.85,1,17.8,113,17.85,21,1,2022-07-25 09:10:14
1658740216764853000,17.85,1,17.8,115,17.85,20,1,2022-07-25 09:10:16
1658740217571949000,17.85,2,17.8,115,17.85,18,1,2022-07-25 09:10:17
1658740218888737000,17.85,15,17.8,114,17.85,8,1,2022-07-25 09:10:18
1658740218919887000,17.85,8,17.8,114,17.85,8,1,2022-07-25 09:10:18
1658740219689743000,17.85,1,17.8,116,17.85,3,2,2022-07-25 09:10:19
1658740219716837000,17.85,3,17.8,116,17.9,43,1,2022-07-25 09:10:19
1658740226159729000,17.85,5,17.85,4,17.9,45,2,2022-07-25 09:10:26
1658740226196185000,17.85,4,17.8,150,17.9,45,2,2022-07-25 09:10:26
1658740227931226000,17.85,2,17.85,3,17.9,48,2,2022-07-25 09:10:27
1658740232399570000,17.85,2,17.85,2,17.9,58,2,2022-07-25 09:10:32
1658740233172493000,17.85,3,17.8,150,17.85,2,2,2022-07-25 09:10:33
1658740236563332000,17.85,4,17.8,150,17.9,56,1,2022-07-25 09:10:36
1658740236563332000,17.9,2,17.8,150,17.9,56,1,2022-07-25 09:10:36
1658740238668593000,17.85,2,17.8,149,17.85,3,1,2022-07-25 09:10:38
1658740238872269000,17.85,1,17.8,149,17.85,2,1,2022-07-25 09:10:38
1658740239463199000,17.85,2,17.8,150,17.9,57,1,2022-07-25 09:10:39
1658740243999227000,17.85,1,17.85,1,17.9,55,2,2022-07-25 09:10:43
1658740244493796000,17.85,1,17.8,150,17.9,55,2,2022-07-25 09:10:44
1658740244493796000,17.8,1,17.8,150,17.9,55,2,2022-07-25 09:10:44
1658740246183689000,17.85,1,17.8,150,17.85,4,2,2022-07-25 09:10:46
1658740246220921000,17.85,4,17.8,150,17.9,57,1,2022-07-25 09:10:46
1658740247432719000,17.85,6,17.8,150,17.9,55,2,2022-07-25 09:10:47
1658740251599041000,17.85,1,17.85,2,17.9,67,2,2022-07-25 09:10:51
1658740252594873000,17.85,1,17.85,1,17.9,67,2,2022-07-25 09:10:52
1658740255403427000,17.85,2,17.8,195,17.9,67,2,2022-07-25 09:10:55
1658740259609725000,17.85,1,17.85,1,17.9,67,2,2022-07-25 09:10:59
1658740260089826000,17.85,1,17.8,195,17.9,67,2,2022-07-25 09:11:00
1658740260102421000,17.9,1,17.8,195,17.9,66,1,2022-07-25 09:11:00
1658740260247187000,17.85,1,17.8,195,17.85,3,1,2022-07-25 09:11:00
1658740261767864000,17.85,2,17.85,3,17.9,55,1,2022-07-25 09:11:01
1658740265497405000,17.85,1,17.85,7,17.9,54,2,2022-07-25 09:11:05
1658740268141963000,17.85,1,17.85,7,17.9,54,2,2022-07-25 09:11:08
1658740269880666000,17.85,2,17.85,8,17.9,54,2,2022-07-25 09:11:09
1658740270507024000,17.85,1,17.85,30,17.9,54,2,2022-07-25 09:11:10
1658740275315573000,17.85,10,17.85,21,17.9,53,2,2022-07-25 09:11:15
1658740285291232000,17.85,2,17.85,27,17.9,56,2,2022-07-25 09:11:25
1658740286205930000,17.85,2,17.85,26,17.9,56,2,2022-07-25 09:11:26
1658740289119679000,17.85,8,17.85,18,17.9,56,2,2022-07-25 09:11:29
1658740295037774000,17.85,1,17.85,31,17.9,72,2,2022-07-25 09:11:35
1658740296159169000,17.85,1,17.85,29,17.9,72,2,2022-07-25 09:11:36
1658740300034356000,17.85,1,17.85,29,17.9,72,2,2022-07-25 09:11:40
1658740301800359000,17.9,2,17.85,29,17.9,70,1,2022-07-25 09:11:41
1658740306063806000,17.85,10,17.85,30,17.9,70,2,2022-07-25 09:11:46
1658740308838945000,17.85,20,17.85,1,17.9,76,2,2022-07-25 09:11:48
1658740311877848000,17.9,2,17.85,2,17.9,74,1,2022-07-25 09:11:51
1658740312198423000,17.85,1,17.85,1,17.9,74,2,2022-07-25 09:11:52
1658740312305172000,17.85,1,17.8,205,17.9,74,2,2022-07-25 09:11:52
1658740316052206000,17.85,1,17.85,22,17.9,74,2,2022-07-25 09:11:56
1658740317226644000,17.9,5,17.85,22,17.9,69,1,2022-07-25 09:11:57
1658740325284234000,17.85,10,17.85,16,17.9,65,2,2022-07-25 09:12:05
1658740327309172000,17.85,3,17.85,24,17.9,65,2,2022-07-25 09:12:07
1658740328799204000,17.9,2,17.85,25,17.9,63,1,2022-07-25 09:12:08
1658740332296362000,17.9,1,17.85,26,17.9,62,1,2022-07-25 09:12:12
1658740337935308000,17.9,10,17.85,30,17.9,49,1,2022-07-25 09:12:17
1658740337956735000,17.9,14,17.85,31,17.9,35,1,2022-07-25 09:12:17
1658740340453789000,17.9,1,17.85,41,17.9,36,1,2022-07-25 09:12:20
1658740340478115000,17.9,11,17.85,45,17.9,25,1,2022-07-25 09:12:20
1658740341356894000,17.9,2,17.85,47,17.9,33,1,2022-07-25 09:12:21
1658740341387770000,17.9,5,17.85,47,17.9,28,1,2022-07-25 09:12:21
1658740342858488000,17.9,2,17.85,48,17.9,26,1,2022-07-25 09:12:22
1658740342892832000,17.9,10,17.85,48,17.9,16,1,2022-07-25 09:12:22
1658740342968282000,17.9,2,17.85,48,17.9,14,1,2022-07-25 09:12:22
1658740343000833000,17.9,14,17.85,48,17.95,26,1,2022-07-25 09:12:23
1658740345251564000,17.95,1,17.9,7,17.95,24,1,2022-07-25 09:12:25
1658740345741461000,17.95,3,17.9,8,17.95,21,1,2022-07-25 09:12:25
1658740346267686000,17.9,8,17.85,55,17.95,31,2,2022-07-25 09:12:26
1658740346676059000,17.9,2,17.85,53,17.95,32,2,2022-07-25 09:12:26
1658740351520487000,17.95,1,17.9,106,17.95,30,1,2022-07-25 09:12:31
1658740351921609000,17.95,3,17.9,106,17.95,27,1,2022-07-25 09:12:31
1658740354264699000,17.95,2,17.9,112,17.95,24,1,2022-07-25 09:12:34
1658740354879198000,17.95,1,17.9,111,17.95,23,1,2022-07-25 09:12:34
1658740355920815000,17.95,1,17.9,130,17.95,23,1,2022-07-25 09:12:35
1658740356345498000,17.95,1,17.9,130,17.95,35,1,2022-07-25 09:12:36
1658740357645009000,17.95,3,17.9,128,17.95,32,1,2022-07-25 09:12:37
1658740358599751000,17.95,20,17.9,128,17.95,12,1,2022-07-25 09:12:38
1658740358981077000,17.95,1,17.9,128,17.95,10,1,2022-07-25 09:12:38
1658740359688049000,17.95,2,17.9,128,17.95,8,1,2022-07-25 09:12:39
1658740360339478000,17.95,9,17.95,1,18.0,72,1,2022-07-25 09:12:40
1658740360366811000,17.95,1,17.9,128,18.0,72,2,2022-07-25 09:12:40
1658740360932543000,17.95,3,17.9,129,18.0,72,2,2022-07-25 09:12:40
1658740360965705000,17.95,1,17.95,1,18.0,72,2,2022-07-25 09:12:40
1658740361634154000,17.95,1,17.9,129,18.0,72,2,2022-07-25 09:12:41
1658740362195107000,17.9,3,17.9,126,17.95,3,2,2022-07-25 09:12:42
1658740362304354000,17.95,1,17.9,125,17.95,3,1,2022-07-25 09:12:42
1658740364616351000,17.95,1,17.9,125,17.95,1,1,2022-07-25 09:12:44
1658740365897982000,17.95,1,17.9,127,17.95,8,1,2022-07-25 09:12:45
1658740367537062000,17.95,1,17.9,128,17.95,9,1,2022-07-25 09:12:47
1658740369975807000,17.95,2,17.9,128,17.95,13,1,2022-07-25 09:12:49
1658740370251155000,17.95,1,17.9,129,17.95,12,1,2022-07-25 09:12:50
1658740371470226000,17.95,10,17.9,129,17.95,2,1,2022-07-25 09:12:51
1658740372188338000,17.95,3,17.9,129,17.95,5,1,2022-07-25 09:12:52
1658740373715464000,17.95,3,17.9,129,17.95,2,1,2022-07-25 09:12:53
1658740375325482000,17.95,1,17.9,129,17.95,4,1,2022-07-25 09:12:55
1658740375933641000,17.9,3,17.9,126,17.95,4,2,2022-07-25 09:12:55
1658740375990357000,17.9,5,17.9,126,17.95,5,2,2022-07-25 09:12:55
1658740376396972000,17.95,1,17.9,121,17.95,5,1,2022-07-25 09:12:56
1658740377228904000,17.95,1,17.9,121,17.95,9,1,2022-07-25 09:12:57
1658740377233061000,17.95,2,17.9,121,17.95,7,1,2022-07-25 09:12:57
1658740377718653000,17.95,1,17.9,118,17.95,7,1,2022-07-25 09:12:57
1658740378410770000,17.9,1,17.9,119,17.95,20,2,2022-07-25 09:12:58
1658740380253720000,17.9,1,17.9,100,17.95,30,2,2022-07-25 09:13:00
1658740380254528000,17.9,1,17.9,99,17.95,30,2,2022-07-25 09:13:00
1658740380284753000,17.9,1,17.9,98,17.95,30,2,2022-07-25 09:13:00
1658740380512009000,17.9,14,17.9,84,17.95,30,2,2022-07-25 09:13:00
1658740380550837000,17.9,30,17.9,54,17.95,30,2,2022-07-25 09:13:00
1658740380581753000,17.9,54,17.85,69,17.95,30,2,2022-07-25 09:13:00
1658740382621977000,17.9,1,17.9,4,17.95,19,1,2022-07-25 09:13:02
1658740382903319000,17.9,3,17.9,1,17.95,19,2,2022-07-25 09:13:02
1658740383019459000,17.9,1,17.9,4,17.95,19,2,2022-07-25 09:13:03
1658740383910556000,17.85,6,17.85,70,17.9,5,2,2022-07-25 09:13:03
1658740386955133000,17.9,12,17.9,8,17.95,20,1,2022-07-25 09:13:06
1658740388033064000,17.9,1,17.9,7,17.95,20,2,2022-07-25 09:13:08
1658740388362681000,17.9,7,17.85,66,17.9,3,2,2022-07-25 09:13:08
1658740390069996000,17.9,2,17.85,66,17.9,1,1,2022-07-25 09:13:10
1658740391470550000,17.9,1,17.9,1,17.95,22,1,2022-07-25 09:13:11
1658740393025271000,17.9,1,17.85,70,17.9,9,2,2022-07-25 09:13:13
1658740394508710000,17.9,2,17.85,69,17.9,7,1,2022-07-25 09:13:14
1658740395546401000,17.85,10,17.85,59,17.9,22,2,2022-07-25 09:13:15
1658740395838503000,17.9,2,17.85,59,17.9,20,1,2022-07-25 09:13:15
1658740396519972000,17.9,2,17.85,60,17.9,18,1,2022-07-25 09:13:16
1658740398596129000,17.85,56,17.85,16,17.9,38,2,2022-07-25 09:13:18
1658740399522637000,17.85,10,17.85,6,17.9,40,2,2022-07-25 09:13:19
1658740399565995000,17.85,6,17.8,203,17.9,40,2,2022-07-25 09:13:19
1658740400875208000,17.85,6,17.85,24,17.9,41,2,2022-07-25 09:13:20
1658740402423973000,17.85,3,17.85,23,17.9,42,2,2022-07-25 09:13:22
1658740403203146000,17.85,15,17.85,10,17.9,42,2,2022-07-25 09:13:23
1658740407294168000,17.85,10,17.85,11,17.9,41,2,2022-07-25 09:13:27
1658740407964254000,17.85,3,17.85,8,17.9,41,2,2022-07-25 09:13:27
1658740408844496000,17.85,8,17.8,177,17.85,12,2,2022-07-25 09:13:28
1658740410832816000,17.85,5,17.8,177,17.85,8,1,2022-07-25 09:13:30
1658740411115974000,17.85,2,17.8,177,17.85,8,1,2022-07-25 09:13:31
1658740411569284000,17.8,2,17.8,175,17.85,6,2,2022-07-25 09:13:31
1658740412209606000,17.8,18,17.8,157,17.85,8,2,2022-07-25 09:13:32
1658740413301389000,17.8,5,17.8,152,17.85,8,2,2022-07-25 09:13:33
1658740413606651000,17.8,2,17.8,150,17.85,11,2,2022-07-25 09:13:33
1658740415431653000,17.8,3,17.8,146,17.85,19,2,2022-07-25 09:13:35
1658740417966717000,17.85,10,17.8,144,17.85,8,1,2022-07-25 09:13:37
1658740423393738000,17.85,1,17.8,141,17.85,13,1,2022-07-25 09:13:43
1658740424833834000,17.85,1,17.8,145,17.85,19,1,2022-07-25 09:13:44
1658740428682728000,17.85,1,17.8,140,17.85,19,1,2022-07-25 09:13:48
1658740432862458000,17.85,1,17.8,157,17.85,31,1,2022-07-25 09:13:52
1658740433071344000,17.85,10,17.8,157,17.85,21,1,2022-07-25 09:13:53
1658740435392849000,17.85,10,17.8,157,17.85,13,1,2022-07-25 09:13:55
1658740437115707000,17.85,1,17.8,157,17.85,12,1,2022-07-25 09:13:57
1658740438261884000,17.85,1,17.8,157,17.85,11,1,2022-07-25 09:13:58
1658740438324668000,17.85,1,17.8,157,17.85,10,1,2022-07-25 09:13:58
1658740438402635000,17.85,1,17.8,157,17.85,10,1,2022-07-25 09:13:58
1658740441071827000,17.85,1,17.8,157,17.85,14,1,2022-07-25 09:14:01
1658740441513033000,17.85,5,17.8,157,17.85,9,1,2022-07-25 09:14:01
1658740442837843000,17.85,1,17.8,158,17.85,8,1,2022-07-25 09:14:02
1658740448178782000,17.85,1,17.8,160,17.85,7,1,2022-07-25 09:14:08
1658740448616999000,17.85,1,17.8,160,17.85,6,1,2022-07-25 09:14:08
1658740449118194000,17.85,1,17.8,160,17.85,5,1,2022-07-25 09:14:09
1658740449631192000,17.85,1,17.8,160,17.85,4,1,2022-07-25 09:14:09
1658740449832476000,17.85,3,17.8,160,17.85,4,1,2022-07-25 09:14:09
1658740450111151000,17.85,1,17.8,160,17.9,27,1,2022-07-25 09:14:10
1658740450939804000,17.85,3,17.85,5,17.9,27,2,2022-07-25 09:14:10
1658740455218609000,17.9,10,17.85,29,17.9,17,1,2022-07-25 09:14:15
1658740456716059000,17.9,16,17.9,4,17.95,32,1,2022-07-25 09:14:16
1658740456745352000,17.9,4,17.85,31,17.95,30,2,2022-07-25 09:14:16
1658740457159533000,17.85,19,17.85,12,17.95,32,2,2022-07-25 09:14:17
1658740457196754000,17.85,11,17.8,156,17.95,32,2,2022-07-25 09:14:17
1658740459169090000,17.85,1,17.8,156,17.9,6,2,2022-07-25 09:14:19
1658740459201893000,17.8,2,17.8,154,17.9,6,2,2022-07-25 09:14:19
1658740459227576000,17.8,19,17.8,135,17.9,6,2,2022-07-25 09:14:19
1658740461489372000,17.8,2,17.8,132,17.85,13,2,2022-07-25 09:14:21
1658740461641847000,17.8,19,17.8,131,17.85,49,2,2022-07-25 09:14:21
1658740463379952000,17.8,3,17.8,109,17.85,49,2,2022-07-25 09:14:23
1658740464217522000,17.8,109,17.7,65,17.75,34,2,2022-07-25 09:14:24
1658740464217522000,17.75,133,17.7,65,17.75,34,2,2022-07-25 09:14:24
1658740464257973000,17.7,19,17.7,44,17.75,34,2,2022-07-25 09:14:24
1658740464313576000,17.7,4,17.7,40,17.75,39,2,2022-07-25 09:14:24
1658740464343470000,17.7,3,17.7,37,17.75,39,2,2022-07-25 09:14:24
1658740464402217000,17.7,18,17.7,19,17.75,39,2,2022-07-25 09:14:24
1658740464422534000,17.7,1,17.7,18,17.75,39,2,2022-07-25 09:14:24
1658740464434366000,17.7,1,17.7,17,17.75,39,2,2022-07-25 09:14:24
1658740464436920000,17.7,1,17.7,16,17.75,39,2,2022-07-25 09:14:24
1658740464437444000,17.7,16,17.65,25,17.75,39,2,2022-07-25 09:14:24
1658740464965201000,17.65,1,17.65,24,17.75,39,2,2022-07-25 09:14:24
1658740465287712000,17.65,3,17.65,21,17.75,39,2,2022-07-25 09:14:25
1658740465652919000,17.7,4,17.65,21,17.75,38,1,2022-07-25 09:14:25
1658740465652919000,17.75,1,17.65,21,17.75,38,1,2022-07-25 09:14:25
1658740465724348000,17.65,5,17.65,21,17.7,4,2,2022-07-25 09:14:25
1658740466206821000,17.65,1,17.65,15,17.75,38,2,2022-07-25 09:14:26
1658740466448004000,17.75,1,17.65,15,17.75,39,1,2022-07-25 09:14:26
1658740468163832000,17.65,1,17.65,15,17.7,10,2,2022-07-25 09:14:28
1658740468730795000,17.65,1,17.65,14,17.7,10,2,2022-07-25 09:14:28
1658740469132319000,17.65,2,17.65,12,17.7,10,2,2022-07-25 09:14:29
1658740469656763000,17.65,11,17.65,1,17.7,10,2,2022-07-25 09:14:29
1658740470337282000,17.7,2,17.6,58,17.7,22,1,2022-07-25 09:14:30
1658740471275276000,17.65,2,17.6,36,17.65,9,2,2022-07-25 09:14:31
1658740471305695000,17.65,9,17.6,36,17.7,18,1,2022-07-25 09:14:31
1658740471956890000,17.65,2,17.6,36,17.65,6,2,2022-07-25 09:14:31
1658740472442112000,17.65,6,17.6,36,17.65,6,1,2022-07-25 09:14:32
1658740474729071000,17.65,4,17.65,9,17.7,21,2,2022-07-25 09:14:34
1658740475502211000,17.65,1,17.65,11,17.7,23,2,2022-07-25 09:14:35
1658740477738648000,17.65,1,17.65,21,17.7,36,2,2022-07-25 09:14:37
1658740477993370000,17.65,3,17.65,19,17.7,36,2,2022-07-25 09:14:37
1658740480309074000,17.65,10,17.65,16,17.7,37,2,2022-07-25 09:14:40
1658740480560601000,17.65,1,17.65,15,17.7,38,2,2022-07-25 09:14:40
1658740481099223000,17.65,3,17.65,12,17.7,38,2,2022-07-25 09:14:41
1658740481868994000,17.65,2,17.65,10,17.7,38,2,2022-07-25 09:14:41
1658740481943576000,17.65,5,17.65,5,17.7,38,2,2022-07-25 09:14:41
1658740481978958000,17.65,5,17.6,34,17.7,38,2,2022-07-25 09:14:41
1658740484843364000,17.65,2,17.6,34,17.65,21,1,2022-07-25 09:14:44
1658740486088057000,17.65,1,17.6,34,17.65,21,1,2022-07-25 09:14:46
1658740487337109000,17.65,1,17.6,34,17.65,21,1,2022-07-25 09:14:47
1658740487731056000,17.6,2,17.6,32,17.65,20,2,2022-07-25 09:14:47
1658740487801779000,17.6,2,17.6,30,17.65,20,2,2022-07-25 09:14:47
1658740488214161000,17.6,1,17.6,29,17.65,20,2,2022-07-25 09:14:48
1658740489743818000,17.65,5,17.6,28,17.65,20,1,2022-07-25 09:14:49
1658740489874942000,17.65,1,17.6,29,17.65,16,1,2022-07-25 09:14:49
1658740491935503000,17.65,3,17.6,30,17.65,13,1,2022-07-25 09:14:51
1658740492581668000,17.65,3,17.6,32,17.65,10,1,2022-07-25 09:14:52
1658740492905710000,17.65,5,17.6,32,17.65,5,1,2022-07-25 09:14:52
1658740492931531000,17.65,5,17.6,32,17.7,29,1,2022-07-25 09:14:52
1658740493255867000,17.65,1,17.65,7,17.7,24,2,2022-07-25 09:14:53
1658740493567604000,17.65,1,17.65,7,17.7,23,2,2022-07-25 09:14:53
1658740493945665000,17.65,4,17.65,3,17.7,28,2,2022-07-25 09:14:53
1658740494623347000,17.65,2,17.6,32,17.65,8,2,2022-07-25 09:14:54
1658740494647429000,17.6,9,17.6,23,17.65,8,2,2022-07-25 09:14:54
1658740498377732000,17.6,1,17.6,30,17.65,13,2,2022-07-25 09:14:58
1658740498963380000,17.6,1,17.6,29,17.65,13,2,2022-07-25 09:14:58
1658740499059658000,17.6,30,17.6,9,17.65,14,2,2022-07-25 09:14:59
1658740500026047000,17.6,1,17.6,14,17.65,17,2,2022-07-25 09:15:00
1658740500026698000,17.6,1,17.6,13,17.65,17,2,2022-07-25 09:15:00
1658740500029036000,17.6,1,17.6,12,17.65,17,2,2022-07-25 09:15:00
1658740500048081000,17.6,1,17.6,11,17.65,17,2,2022-07-25 09:15:00
1658740500053899000,17.6,11,17.55,59,17.65,17,2,2022-07-25 09:15:00
1658740501803464000,17.6,2,17.6,7,17.65,18,2,2022-07-25 09:15:01
1658740502104575000,17.6,2,17.6,5,17.65,19,2,2022-07-25 09:15:02
1658740502695946000,17.6,2,17.6,4,17.65,22,2,2022-07-25 09:15:02
1658740503042389000,17.6,1,17.6,3,17.65,31,2,2022-07-25 09:15:03
1658740503716001000,17.6,3,17.55,59,17.65,31,2,2022-07-25 09:15:03
1658740505279341000,17.6,2,17.55,60,17.65,32,2,2022-07-25 09:15:05
1658740505539845000,17.6,1,17.6,1,17.65,32,2,2022-07-25 09:15:05
1658740505621460000,17.65,1,17.6,1,17.65,31,1,2022-07-25 09:15:05
1658740506780066000,17.6,5,17.6,12,17.65,31,2,2022-07-25 09:15:06
1658740509325065000,17.6,1,17.6,10,17.65,38,2,2022-07-25 09:15:09
1658740509636296000,17.65,2,17.6,12,17.65,39,1,2022-07-25 09:15:09
1658740513999490000,17.6,2,17.6,21,17.65,36,2,2022-07-25 09:15:13
1658740515813482000,17.6,21,17.6,6,17.65,36,2,2022-07-25 09:15:15
1658740516647378000,17.65,1,17.6,7,17.65,37,1,2022-07-25 09:15:16
1658740517148703000,17.65,2,17.6,7,17.65,34,1,2022-07-25 09:15:17
1658740519128976000,17.6,1,17.6,7,17.65,33,2,2022-07-25 09:15:19
1658740520671654000,17.65,1,17.6,6,17.65,34,1,2022-07-25 09:15:20
1658740521888447000,17.65,1,17.6,6,17.65,37,1,2022-07-25 09:15:21
1658740524310344000,17.65,1,17.6,16,17.65,42,1,2022-07-25 09:15:24
1658740525521772000,17.6,1,17.6,17,17.65,41,2,2022-07-25 09:15:25
1658740532852482000,17.6,1,17.6,16,17.65,45,2,2022-07-25 09:15:32
1658740535907938000,17.65,1,17.6,22,17.65,44,1,2022-07-25 09:15:35
1658740539035360000,17.6,1,17.6,29,17.65,43,2,2022-07-25 09:15:39
1658740539820683000,17.6,8,17.6,21,17.65,43,2,2022-07-25 09:15:39
1658740540116992000,17.65,5,17.6,20,17.65,38,1,2022-07-25 09:15:40
1658740542833243000,17.6,1,17.6,22,17.65,36,2,2022-07-25 09:15:42
1658740542869264000,17.65,1,17.6,22,17.65,35,1,2022-07-25 09:15:42
1658740543561219000,17.65,3,17.6,26,17.65,32,1,2022-07-25 09:15:43
1658740544164763000,17.65,1,17.6,26,17.65,36,1,2022-07-25 09:15:44
1658740544967691000,17.65,1,17.6,26,17.65,34,1,2022-07-25 09:15:44
1658740549106654000,17.65,1,17.6,29,17.65,33,1,2022-07-25 09:15:49
1658740549170321000,17.65,10,17.6,29,17.65,23,1,2022-07-25 09:15:49
1658740549859245000,17.6,1,17.6,28,17.65,23,2,2022-07-25 09:15:49
1658740550556455000,17.65,1,17.6,28,17.65,22,1,2022-07-25 09:15:50
1658740550677548000,17.65,1,17.6,28,17.65,21,1,2022-07-25 09:15:50
1658740556143322000,17.65,1,17.6,31,17.65,50,1,2022-07-25 09:15:56
1658740556990641000,17.65,1,17.6,31,17.65,49,1,2022-07-25 09:15:56
1658740557810335000,17.65,1,17.6,31,17.65,48,1,2022-07-25 09:15:57
1658740558368904000,17.65,1,17.6,35,17.65,47,1,2022-07-25 09:15:58
1658740559252957000,17.65,10,17.6,35,17.65,37,1,2022-07-25 09:15:59
1658740560166350000,17.65,10,17.6,36,17.65,30,1,2022-07-25 09:16:00
1658740560284408000,17.65,1,17.6,36,17.65,30,1,2022-07-25 09:16:00
1658740560822925000,17.6,20,17.6,16,17.65,29,2,2022-07-25 09:16:00
1658740560954914000,17.65,1,17.6,16,17.65,32,1,2022-07-25 09:16:00
1658740561055194000,17.65,1,17.6,16,17.65,31,1,2022-07-25 09:16:01
1658740561075061000,17.65,10,17.6,16,17.65,21,1,2022-07-25 09:16:01
1658740561094459000,17.65,1,17.6,16,17.65,20,1,2022-07-25 09:16:01
1658740561095633000,17.65,1,17.6,16,17.65,19,1,2022-07-25 09:16:01
1658740561412936000,17.65,1,17.6,16,17.65,19,1,2022-07-25 09:16:01
1658740561496492000,17.65,5,17.6,17,17.65,14,1,2022-07-25 09:16:01
1658740561897109000,17.65,5,17.6,17,17.65,9,1,2022-07-25 09:16:01
1658740562574422000,17.65,1,17.6,17,17.65,5,1,2022-07-25 09:16:02
1658740562886775000,17.65,1,17.6,17,17.65,4,1,2022-07-25 09:16:02
1658740563032940000,17.65,4,17.65,1,17.7,18,1,2022-07-25 09:16:03
1658740564018461000,17.65,1,17.65,8,17.7,9,2,2022-07-25 09:16:04
1658740573407269000,17.65,1,17.65,37,17.7,19,2,2022-07-25 09:16:13
1658740577872284000,17.7,1,17.65,76,17.7,18,1,2022-07-25 09:16:17
1658740578113162000,17.7,1,17.65,77,17.7,17,1,2022-07-25 09:16:18
1658740580230872000,17.7,1,17.65,79,17.7,25,1,2022-07-25 09:16:20
1658740580697923000,17.7,3,17.65,79,17.7,23,1,2022-07-25 09:16:20
1658740581349962000,17.7,3,17.65,79,17.7,20,1,2022-07-25 09:16:21
1658740581688060000,17.7,1,17.65,79,17.7,23,1,2022-07-25 09:16:21
1658740582280458000,17.7,10,17.65,79,17.7,13,1,2022-07-25 09:16:22
1658740582358252000,17.7,1,17.65,79,17.7,12,1,2022-07-25 09:16:22
1658740583336885000,17.7,3,17.65,76,17.7,17,1,2022-07-25 09:16:23
1658740583809065000,17.7,1,17.65,76,17.7,16,1,2022-07-25 09:16:23
1658740587148341000,17.65,2,17.65,77,17.7,21,2,2022-07-25 09:16:27
1658740587413903000,17.7,2,17.65,75,17.7,19,1,2022-07-25 09:16:27
1658740587664536000,17.7,1,17.65,75,17.7,18,1,2022-07-25 09:16:27
1658740588609135000,17.65,10,17.65,60,17.7,18,2,2022-07-25 09:16:28
1658740588678105000,17.65,19,17.65,40,17.7,18,2,2022-07-25 09:16:28
1658740590263879000,17.7,1,17.65,41,17.7,14,1,2022-07-25 09:16:30
1658740591060920000,17.65,5,17.65,36,17.7,24,2,2022-07-25 09:16:31
1658740591530662000,17.65,3,17.65,33,17.7,25,2,2022-07-25 09:16:31
1658740591936546000,17.7,6,17.65,33,17.7,23,1,2022-07-25 09:16:31
1658740594588075000,17.7,1,17.65,35,17.7,16,1,2022-07-25 09:16:34
1658740595040834000,17.7,5,17.65,36,17.7,11,1,2022-07-25 09:16:35
1658740596918799000,17.7,2,17.65,36,17.7,14,1,2022-07-25 09:16:36
1658740600184176000,17.7,2,17.65,36,17.7,31,1,2022-07-25 09:16:40
1658740601381862000,17.7,3,17.65,37,17.7,24,1,2022-07-25 09:16:41
1658740603216401000,17.65,12,17.65,24,17.7,28,2,2022-07-25 09:16:43
1658740603257425000,17.65,19,17.65,5,17.7,29,2,2022-07-25 09:16:43
1658740603294697000,17.65,5,17.6,54,17.7,29,2,2022-07-25 09:16:43
1658740608598392000,17.65,3,17.6,53,17.65,5,1,2022-07-25 09:16:48
1658740608760090000,17.65,1,17.6,53,17.65,4,1,2022-07-25 09:16:48
1658740609074957000,17.65,1,17.6,53,17.65,3,1,2022-07-25 09:16:49
1658740610325315000,17.65,1,17.6,29,17.65,2,1,2022-07-25 09:16:50
1658740610617929000,17.65,2,17.65,3,17.7,12,1,2022-07-25 09:16:50
1658740620090664000,17.65,2,17.65,14,17.7,20,2,2022-07-25 09:17:00
1658740620091056000,17.65,2,17.65,12,17.7,20,2,2022-07-25 09:17:00
1658740620139300000,17.65,2,17.65,9,17.7,21,2,2022-07-25 09:17:00
1658740625152008000,17.65,1,17.65,22,17.7,21,2,2022-07-25 09:17:05
1658740628190828000,17.65,10,17.65,24,17.7,21,2,2022-07-25 09:17:08
1658740637149879000,17.65,8,17.65,23,17.7,33,2,2022-07-25 09:17:17
1658740639207131000,17.65,2,17.65,26,17.7,41,2,2022-07-25 09:17:19
1658740646556427000,17.7,1,17.65,31,17.7,40,1,2022-07-25 09:17:26
1658740646623321000,17.65,1,17.65,30,17.7,40,2,2022-07-25 09:17:26
1658740653297055000,17.65,20,17.65,10,17.7,39,2,2022-07-25 09:17:33
1658740655576855000,17.7,1,17.65,10,17.7,38,1,2022-07-25 09:17:35
1658740656716468000,17.65,2,17.65,18,17.7,40,2,2022-07-25 09:17:36
1658740668920523000,17.7,1,17.65,15,17.7,40,1,2022-07-25 09:17:48
1658740677882946000,17.7,1,17.65,46,17.7,39,1,2022-07-25 09:17:57
1658740679769490000,17.7,1,17.65,48,17.7,38,1,2022-07-25 09:17:59
1658740683521486000,17.7,1,17.65,48,17.7,40,1,2022-07-25 09:18:03
1658740689693458000,17.7,5,17.65,42,17.7,36,1,2022-07-25 09:18:09
1658740693540040000,17.7,3,17.65,47,17.7,43,1,2022-07-25 09:18:13
1658740704281018000,17.7,2,17.65,53,17.7,51,1,2022-07-25 09:18:24
1658740704742837000,17.65,2,17.65,51,17.7,51,2,2022-07-25 09:18:24
1658740705997093000,17.7,1,17.65,51,17.7,50,1,2022-07-25 09:18:25
1658740707348690000,17.7,20,17.65,51,17.7,30,1,2022-07-25 09:18:27
1658740707370125000,17.7,1,17.65,51,17.7,29,1,2022-07-25 09:18:27
1658740710411994000,17.7,5,17.65,51,17.7,31,1,2022-07-25 09:18:30
1658740710805585000,17.65,1,17.65,50,17.7,30,2,2022-07-25 09:18:30
1658740711007455000,17.65,1,17.65,49,17.7,29,2,2022-07-25 09:18:31
1658740711195237000,17.65,1,17.65,48,17.7,28,2,2022-07-25 09:18:31
1658740711501094000,17.7,28,17.7,22,17.75,36,1,2022-07-25 09:18:31
1658740719444554000,17.7,6,17.7,46,17.75,42,2,2022-07-25 09:18:39
1658740724215261000,17.75,2,17.7,53,17.75,52,1,2022-07-25 09:18:44
1658740724946072000,17.75,10,17.7,55,17.75,42,1,2022-07-25 09:18:44
1658740727992090000,17.75,15,17.7,56,17.75,29,1,2022-07-25 09:18:47
1658740728214954000,17.75,3,17.7,56,17.75,26,1,2022-07-25 09:18:48
1658740728880131000,17.75,2,17.7,56,17.75,24,1,2022-07-25 09:18:48
1658740729933382000,17.75,1,17.7,58,17.75,24,1,2022-07-25 09:18:49
1658740730656853000,17.75,10,17.7,58,17.75,13,1,2022-07-25 09:18:50
1658740730946550000,17.75,1,17.7,58,17.75,12,1,2022-07-25 09:18:50
1658740731075016000,17.75,2,17.7,58,17.75,13,1,2022-07-25 09:18:51
1658740731185836000,17.75,3,17.7,58,17.75,8,1,2022-07-25 09:18:51
1658740731368256000,17.75,8,17.7,58,17.8,22,1,2022-07-25 09:18:51
1658740731368256000,17.8,3,17.7,58,17.8,22,1,2022-07-25 09:18:51
1658740737315563000,17.75,12,17.75,31,17.8,23,2,2022-07-25 09:18:57
1658740740166429000,17.75,1,17.75,45,17.8,23,2,2022-07-25 09:19:00
1658740740198022000,17.75,1,17.75,44,17.8,33,2,2022-07-25 09:19:00
1658740740206363000,17.75,1,17.75,43,17.8,33,2,2022-07-25 09:19:00
1658740743259618000,17.8,1,17.75,58,17.8,41,1,2022-07-25 09:19:03
1658740749240322000,17.8,1,17.75,69,17.8,40,1,2022-07-25 09:19:09
1658740749879364000,17.8,1,17.75,71,17.8,39,1,2022-07-25 09:19:09
1658740751641067000,17.8,2,17.75,91,17.8,37,1,2022-07-25 09:19:11
1658740753203033000,17.8,1,17.75,90,17.8,34,1,2022-07-25 09:19:13
1658740755940795000,17.8,1,17.75,92,17.8,35,1,2022-07-25 09:19:15
1658740758695613000,17.8,1,17.75,91,17.8,46,1,2022-07-25 09:19:18
1658740762661685000,17.8,1,17.75,89,17.8,45,1,2022-07-25 09:19:22
1658740765527930000,17.75,1,17.75,88,17.8,45,2,2022-07-25 09:19:25
1658740767027193000,17.75,19,17.75,66,17.8,45,2,2022-07-25 09:19:27
1658740767804731000,17.8,1,17.75,66,17.8,40,1,2022-07-25 09:19:27
1658740767983713000,17.75,10,17.75,56,17.8,42,2,2022-07-25 09:19:27
1658740768024755000,17.8,1,17.75,56,17.8,41,1,2022-07-25 09:19:28
1658740770234287000,17.8,1,17.75,56,17.8,39,1,2022-07-25 09:19:30
1658740770422247000,17.8,2,17.75,56,17.8,37,1,2022-07-25 09:19:30
1658740772323224000,17.8,2,17.75,56,17.8,42,1,2022-07-25 09:19:32
1658740773491994000,17.8,2,17.75,58,17.8,40,1,2022-07-25 09:19:33
1658740774579395000,17.8,16,17.75,58,17.8,24,1,2022-07-25 09:19:34
1658740774597954000,17.8,1,17.75,58,17.8,23,1,2022-07-25 09:19:34
1658740774782540000,17.8,1,17.75,58,17.8,22,1,2022-07-25 09:19:34
1658740775523254000,17.8,20,17.75,58,17.8,37,1,2022-07-25 09:19:35
1658740775725757000,17.8,5,17.75,58,17.8,12,1,2022-07-25 09:19:35
1658740776391611000,17.8,3,17.75,58,17.8,9,1,2022-07-25 09:19:36
1658740776930591000,17.8,2,17.75,58,17.8,7,1,2022-07-25 09:19:36
1658740777131039000,17.8,2,17.75,58,17.8,5,1,2022-07-25 09:19:37
1658740777271005000,17.8,5,17.75,58,17.85,13,1,2022-07-25 09:19:37
1658740777311674000,17.8,2,17.75,60,17.85,13,2,2022-07-25 09:19:37
1658740780117857000,17.8,6,17.8,10,17.85,14,2,2022-07-25 09:19:40
1658740780201843000,17.85,5,17.8,4,17.85,13,1,2022-07-25 09:19:40
1658740780553375000,17.85,14,17.8,4,17.9,4,1,2022-07-25 09:19:40
1658740780553375000,17.9,36,17.8,4,17.9,4,1,2022-07-25 09:19:40
1658740780827349000,17.8,1,17.8,5,17.9,4,2,2022-07-25 09:19:40
1658740781040604000,17.8,2,17.8,3,17.9,4,2,2022-07-25 09:19:41
1658740781858470000,17.8,2,17.8,1,17.9,10,2,2022-07-25 09:19:41
1658740781892256000,17.8,1,17.75,59,17.9,10,2,2022-07-25 09:19:41
1658740781925045000,17.75,3,17.75,56,17.9,10,2,2022-07-25 09:19:41
1658740785833700000,17.85,1,17.8,6,17.85,4,1,2022-07-25 09:19:45
1658740792308738000,17.85,3,17.8,18,17.85,21,1,2022-07-25 09:19:52
1658740792393048000,17.85,1,17.8,18,17.85,20,1,2022-07-25 09:19:52
1658740795764633000,17.85,1,17.8,21,17.85,27,1,2022-07-25 09:19:55
1658740795908379000,17.85,5,17.8,21,17.85,22,1,2022-07-25 09:19:55
1658740796323227000,17.85,5,17.8,22,17.85,16,1,2022-07-25 09:19:56
1658740796677884000,17.85,5,17.8,23,17.85,11,1,2022-07-25 09:19:56
1658740796954898000,17.85,5,17.8,23,17.85,2,1,2022-07-25 09:19:56
1658740796985586000,17.85,2,17.8,23,17.85,2,1,2022-07-25 09:19:56
1658740797272184000,17.9,5,17.8,23,17.9,17,1,2022-07-25 09:19:57
1658740797548542000,17.9,5,17.8,25,17.9,12,1,2022-07-25 09:19:57
1658740797895193000,17.9,5,17.85,3,17.9,12,1,2022-07-25 09:19:57
1658740798177282000,17.9,5,17.85,3,17.9,2,1,2022-07-25 09:19:58
1658740798412719000,17.9,2,17.85,3,17.95,36,1,2022-07-25 09:19:58
1658740798412719000,17.95,3,17.85,3,17.95,36,1,2022-07-25 09:19:58
1658740798657785000,17.95,5,17.85,6,17.95,35,1,2022-07-25 09:19:58
1658740798938059000,17.95,5,17.85,6,17.95,25,1,2022-07-25 09:19:58
1658740799198391000,17.95,5,17.85,6,17.95,20,1,2022-07-25 09:19:59
1658740799440885000,17.95,5,17.85,6,17.95,19,1,2022-07-25 09:19:59
1658740799737288000,17.95,5,17.9,3,17.95,10,1,2022-07-25 09:19:59
1658740799994804000,17.95,5,17.9,3,17.95,5,1,2022-07-25 09:19:59
1658740800215900000,17.95,1,17.9,4,17.95,3,1,2022-07-25 09:20:00
1658740800223124000,17.95,3,17.9,4,18.0,53,1,2022-07-25 09:20:00
1658740800223124000,18.0,2,17.9,4,18.0,53,1,2022-07-25 09:20:00
1658740800580389000,17.95,1,17.9,3,17.95,10,1,2022-07-25 09:20:00
1658740801860894000,17.95,1,17.9,4,17.95,10,1,2022-07-25 09:20:01
1658740802304140000,17.9,4,17.85,9,17.95,10,2,2022-07-25 09:20:02
1658740804403575000,17.95,4,17.9,1,17.95,11,1,2022-07-25 09:20:04
1658740804435981000,17.9,1,17.85,10,17.95,11,2,2022-07-25 09:20:04
1658740805439889000,17.95,1,17.85,9,17.95,17,1,2022-07-25 09:20:05
1658740810356021000,17.95,1,17.9,12,17.95,19,1,2022-07-25 09:20:10
1658740812396823000,17.9,13,17.85,8,17.95,20,2,2022-07-25 09:20:12
1658740812422455000,17.85,5,17.85,3,17.95,20,2,2022-07-25 09:20:12
1658740812577323000,17.95,1,17.85,3,17.95,20,1,2022-07-25 09:20:12
1658740812710008000,17.95,1,17.85,3,17.95,18,1,2022-07-25 09:20:12
1658740813426414000,17.85,3,17.8,24,17.9,36,2,2022-07-25 09:20:13
1658740813733814000,17.85,2,17.8,24,17.9,36,2,2022-07-25 09:20:13
1658740814638561000,17.85,1,17.8,22,17.85,24,1,2022-07-25 09:20:14
1658740815639922000,17.8,5,17.8,21,17.85,26,2,2022-07-25 09:20:15
1658740815884199000,17.8,2,17.8,14,17.85,26,2,2022-07-25 09:20:15
1658740816737837000,17.85,1,17.8,14,17.85,25,1,2022-07-25 09:20:16
1658740816810802000,17.85,1,17.8,14,17.85,24,1,2022-07-25 09:20:16
1658740818114743000,17.85,1,17.8,14,17.85,24,1,2022-07-25 09:20:18
1658740821314556000,17.85,3,17.8,15,17.85,27,1,2022-07-25 09:20:21
1658740822970732000,17.8,7,17.8,7,17.85,27,2,2022-07-25 09:20:22
1658740823317321000,17.8,7,17.75,52,17.85,27,2,2022-07-25 09:20:23
1658740823809263000,17.75,34,17.75,17,17.8,2,2,2022-07-25 09:20:23
1658740825391069000,17.8,2,17.75,17,17.8,1,1,2022-07-25 09:20:25
1658740828475767000,17.8,1,17.75,22,17.8,1,1,2022-07-25 09:20:28
1658740831419545000,17.8,1,17.75,23,17.8,7,1,2022-07-25 09:20:31
1658740833023228000,17.8,2,17.75,22,17.8,37,1,2022-07-25 09:20:33
1658740834741851000,17.8,1,17.75,23,17.8,36,1,2022-07-25 09:20:34
1658740835325056000,17.75,22,17.7,117,17.8,36,2,2022-07-25 09:20:35
1658740838694279000,17.75,1,17.7,117,17.75,7,1,2022-07-25 09:20:38
1658740839820979000,17.75,3,17.7,117,17.75,4,1,2022-07-25 09:20:39
1658740845334900000,17.75,4,17.7,117,17.8,17,1,2022-07-25 09:20:45
1658740848951348000,17.75,1,17.75,5,17.8,19,2,2022-07-25 09:20:48
1658740849797989000,17.8,1,17.75,5,17.8,23,1,2022-07-25 09:20:49
1658740851719763000,17.75,1,17.75,6,17.8,23,2,2022-07-25 09:20:51
1658740857996724000,17.8,5,17.75,13,17.8,19,1,2022-07-25 09:20:57
1658740861613202000,17.75,30,17.75,2,17.8,21,2,2022-07-25 09:21:01
1658740861649727000,17.75,2,17.7,121,17.8,21,2,2022-07-25 09:21:01
1658740864042965000,17.7,6,17.7,114,17.8,25,2,2022-07-25 09:21:04
1658740869346602000,17.75,1,17.7,115,17.8,20,2,2022-07-25 09:21:09
1658740874878945000,17.75,1,17.7,115,17.75,26,1,2022-07-25 09:21:14
1658740878576889000,17.75,1,17.7,116,17.75,27,1,2022-07-25 09:21:18
1658740880643741000,17.75,1,17.7,117,17.75,36,1,2022-07-25 09:21:20
1658740881048093000,17.75,2,17.7,117,17.75,34,1,2022-07-25 09:21:21
1658740884562415000,17.7,20,17.7,98,17.75,34,2,2022-07-25 09:21:24
1658740885190051000,17.75,3,17.7,102,17.75,34,1,2022-07-25 09:21:25
1658740886675020000,17.75,1,17.7,102,17.75,32,1,2022-07-25 09:21:26
1658740890700455000,17.75,1,17.7,103,17.75,43,1,2022-07-25 09:21:30
1658740891050449000,17.7,1,17.7,104,17.75,38,2,2022-07-25 09:21:31
1658740891268340000,17.7,1,17.7,102,17.75,38,2,2022-07-25 09:21:31
1658740891496904000,17.7,1,17.7,101,17.75,38,2,2022-07-25 09:21:31
1658740898245459000,17.7,2,17.7,98,17.75,45,2,2022-07-25 09:21:38
1658740900370971000,17.7,3,17.7,95,17.75,45,2,2022-07-25 09:21:40
1658740900425954000,17.7,4,17.7,91,17.75,45,2,2022-07-25 09:21:40
1658740900534781000,17.7,2,17.7,91,17.75,41,2,2022-07-25 09:21:40
1658740901776203000,17.75,6,17.7,89,17.75,35,1,2022-07-25 09:21:41
1658740902057858000,17.7,39,17.7,50,17.75,35,2,2022-07-25 09:21:42
1658740902093577000,17.7,4,17.7,46,17.75,37,2,2022-07-25 09:21:42
1658740902122889000,17.7,37,17.7,9,17.75,41,2,2022-07-25 09:21:42
1658740902156537000,17.7,4,17.7,5,17.75,37,2,2022-07-25 09:21:42
1658740902160207000,17.7,5,17.65,51,17.75,37,2,2022-07-25 09:21:42
1658740902701021000,17.7,1,17.7,1,17.75,37,2,2022-07-25 09:21:42
1658740907220477000,17.7,1,17.65,51,17.7,12,1,2022-07-25 09:21:47
1658740911564990000,17.65,6,17.65,45,17.7,13,2,2022-07-25 09:21:51
1658740918726092000,17.65,1,17.65,42,17.7,17,2,2022-07-25 09:21:58
1658740920247699000,17.65,1,17.65,40,17.7,17,2,2022-07-25 09:22:00
1658740920267386000,17.65,1,17.65,39,17.7,17,2,2022-07-25 09:22:00
1658740920269037000,17.65,1,17.65,38,17.7,17,2,2022-07-25 09:22:00
1658740921183788000,17.7,10,17.65,39,17.7,22,1,2022-07-25 09:22:01
1658740929433243000,17.7,3,17.65,40,17.7,35,1,2022-07-25 09:22:09
1658740932138276000,17.7,1,17.65,48,17.7,34,1,2022-07-25 09:22:12
1658740934295120000,17.7,3,17.65,50,17.7,31,1,2022-07-25 09:22:14
1658740937832012000,17.7,1,17.65,51,17.7,28,1,2022-07-25 09:22:17
1658740942531589000,17.65,1,17.65,50,17.7,33,2,2022-07-25 09:22:22
1658740943481711000,17.7,22,17.65,50,17.7,11,1,2022-07-25 09:22:23
1658740943509447000,17.7,11,17.65,50,17.75,13,1,2022-07-25 09:22:23
1658740949018200000,17.7,4,17.7,2,17.75,16,2,2022-07-25 09:22:29
1658740950385219000,17.75,1,17.7,3,17.75,15,1,2022-07-25 09:22:30
1658740959116676000,17.75,1,17.7,6,17.75,14,1,2022-07-25 09:22:39
1658740965247297000,17.75,2,17.7,11,17.75,12,1,2022-07-25 09:22:45
1658740967917890000,17.75,3,17.7,13,17.75,5,1,2022-07-25 09:22:47
1658740968182618000,17.75,3,17.7,13,17.75,2,1,2022-07-25 09:22:48
1658740968206441000,17.75,2,17.7,13,17.8,6,1,2022-07-25 09:22:48
1658740980340719000,17.75,1,17.7,14,17.75,6,1,2022-07-25 09:23:00
1658740982415187000,17.75,2,17.7,15,17.8,6,1,2022-07-25 09:23:02
1658740983816688000,17.75,1,17.7,15,17.8,9,2,2022-07-25 09:23:03
