ts,close,volume,bid_price,bid_volume,ask_price,ask_volume,tick_type,datetime
1660726804414861000,138.5,730,138.5,17,139.0,263,1,2022-08-17 09:00:04
1660726804540611000,138.5,3,138.5,9,139.0,263,2,2022-08-17 09:00:04
1660726804550144000,138.5,2,138.5,7,139.0,263,2,2022-08-17 09:00:04
1660726804632825000,138.5,1,138.5,8,139.0,263,2,2022-08-17 09:00:04
1660726805016160000,139.0,1,138.5,7,139.0,262,1,2022-08-17 09:00:05
1660726805247165000,138.5,7,138.0,44,139.0,262,2,2022-08-17 09:00:05
1660726805247165000,138.0,18,138.0,44,139.0,262,2,2022-08-17 09:00:05
1660726805799322000,138.5,1,138.0,32,139.0,262,2,2022-08-17 09:00:05
1660726805799322000,138.0,12,138.0,32,139.0,262,2,2022-08-17 09:00:05
1660726805913330000,138.0,1,138.0,29,139.0,262,2,2022-08-17 09:00:05
1660726805914340000,138.0,1,138.0,28,139.0,262,2,2022-08-17 09:00:05
1660726806228348000,138.5,3,138.0,31,139.0,262,2,2022-08-17 09:00:06
1660726806242231000,138.0,14,138.0,17,139.0,262,2,2022-08-17 09:00:06
1660726806708444000,138.0,1,138.0,14,138.5,1,2,2022-08-17 09:00:06
1660726807374202000,138.5,1,138.0,14,139.0,260,1,2022-08-17 09:00:07
1660726807374202000,139.0,4,138.0,14,139.0,260,1,2022-08-17 09:00:07
1660726807667087000,139.0,1,138.0,14,139.0,257,1,2022-08-17 09:00:07
1660726807892358000,139.0,1,138.0,14,139.0,256,1,2022-08-17 09:00:07
1660726808936393000,138.0,1,138.0,16,138.5,1,2,2022-08-17 09:00:08
1660726809007764000,138.0,1,138.0,15,138.5,1,2,2022-08-17 09:00:09
1660726809095258000,138.5,1,138.0,15,139.0,258,1,2022-08-17 09:00:09
1660726809584925000,138.5,1,138.0,18,139.0,256,2,2022-08-17 09:00:09
1660726809670211000,138.5,1,138.0,19,139.0,256,2,2022-08-17 09:00:09
1660726809759739000,139.0,1,138.0,17,139.0,255,1,2022-08-17 09:00:09
1660726810265603000,139.0,1,138.0,27,139.0,255,1,2022-08-17 09:00:10
1660726810398304000,138.0,1,138.0,26,139.0,254,2,2022-08-17 09:00:10
1660726810502556000,138.5,1,138.0,24,139.0,254,2,2022-08-17 09:00:10
1660726810502556000,138.0,5,138.0,24,139.0,254,2,2022-08-17 09:00:10
1660726810621563000,138.0,1,138.0,21,138.5,1,2,2022-08-17 09:00:10
1660726810638835000,138.5,1,138.5,1,139.0,256,1,2022-08-17 09:00:10
1660726810664677000,138.5,1,138.0,24,139.0,254,2,2022-08-17 09:00:10
1660726810849266000,139.0,1,138.5,3,139.0,253,1,2022-08-17 09:00:10
1660726810979087000,139.0,2,138.5,3,139.0,251,1,2022-08-17 09:00:10
1660726811112819000,139.0,2,138.5,3,139.0,249,1,2022-08-17 09:00:11
1660726811329330000,139.0,1,138.5,14,139.0,250,1,2022-08-17 09:00:11
1660726811444763000,138.5,1,138.5,13,139.0,249,2,2022-08-17 09:00:11
1660726811445631000,138.5,10,138.5,3,139.0,249,2,2022-08-17 09:00:11
1660726811719627000,138.5,4,138.0,17,139.0,249,2,2022-08-17 09:00:11
1660726811719627000,138.0,11,138.0,17,139.0,249,2,2022-08-17 09:00:11
1660726811970655000,139.0,1,138.5,11,139.0,248,1,2022-08-17 09:00:11
1660726812104122000,138.5,1,138.5,10,139.0,249,2,2022-08-17 09:00:12
1660726812129958000,139.0,1,138.5,10,139.0,248,1,2022-08-17 09:00:12
1660726812397705000,139.0,1,138.5,27,139.0,247,1,2022-08-17 09:00:12
1660726812734424000,139.0,1,138.5,28,139.0,246,1,2022-08-17 09:00:12
1660726812832571000,139.0,1,138.5,28,139.0,246,1,2022-08-17 09:00:12
1660726813519939000,139.0,1,138.5,36,139.0,244,1,2022-08-17 09:00:13
1660726813558612000,139.0,1,138.5,37,139.0,243,1,2022-08-17 09:00:13
1660726813763434000,139.0,3,138.5,37,139.0,243,1,2022-08-17 09:00:13
1660726814036235000,139.0,1,138.5,37,139.0,240,1,2022-08-17 09:00:14
1660726814230279000,138.5,1,138.5,36,139.0,240,2,2022-08-17 09:00:14
1660726814377127000,139.0,20,138.5,37,139.0,220,1,2022-08-17 09:00:14
1660726814511036000,138.5,1,138.5,36,139.0,220,2,2022-08-17 09:00:14
1660726814992196000,138.5,1,138.5,38,139.0,220,2,2022-08-17 09:00:14
1660726815088054000,139.0,1,138.5,38,139.0,220,1,2022-08-17 09:00:15
1660726815126842000,139.0,1,138.5,38,139.0,220,1,2022-08-17 09:00:15
1660726815310159000,138.5,7,138.5,40,139.0,220,2,2022-08-17 09:00:15
1660726815745069000,139.0,1,138.5,38,139.0,214,1,2022-08-17 09:00:15
1660726815968615000,139.0,1,138.5,38,139.0,212,1,2022-08-17 09:00:15
1660726816207699000,139.0,1,138.5,38,139.0,211,1,2022-08-17 09:00:16
1660726816224891000,138.5,3,138.5,38,139.0,212,2,2022-08-17 09:00:16
1660726816692794000,139.0,2,138.5,36,139.0,210,1,2022-08-17 09:00:16
1660726816739322000,139.0,1,138.5,36,139.0,210,1,2022-08-17 09:00:16
1660726816802581000,139.0,1,138.5,36,139.0,210,1,2022-08-17 09:00:16
1660726817009588000,139.0,35,138.5,38,139.0,174,1,2022-08-17 09:00:17
1660726817050448000,139.0,2,138.5,38,139.0,172,1,2022-08-17 09:00:17
1660726817052300000,139.0,1,138.5,38,139.0,171,1,2022-08-17 09:00:17
1660726817130581000,138.5,30,138.5,8,139.0,171,2,2022-08-17 09:00:17
1660726817241463000,138.5,1,138.5,10,139.0,171,2,2022-08-17 09:00:17
1660726817348808000,139.0,1,138.5,9,139.0,170,1,2022-08-17 09:00:17
1660726817363476000,139.0,4,138.5,9,139.0,166,1,2022-08-17 09:00:17
1660726817521423000,139.0,4,138.5,10,139.0,162,1,2022-08-17 09:00:17
1660726817652598000,139.0,4,138.5,12,139.0,158,1,2022-08-17 09:00:17
1660726817692284000,139.0,1,138.5,12,139.0,157,1,2022-08-17 09:00:17
1660726817805369000,139.0,4,138.5,13,139.0,154,1,2022-08-17 09:00:17
1660726817813292000,139.0,15,138.5,14,139.0,154,1,2022-08-17 09:00:17
1660726817854884000,139.0,2,138.5,14,139.0,137,1,2022-08-17 09:00:17
1660726817873647000,138.5,14,138.0,121,138.5,36,2,2022-08-17 09:00:17
1660726817912913000,138.5,1,138.0,119,138.5,35,1,2022-08-17 09:00:17
1660726817926514000,138.5,4,138.0,119,138.5,31,1,2022-08-17 09:00:17
1660726817958843000,138.5,3,138.0,119,138.5,28,1,2022-08-17 09:00:17
1660726818003495000,138.0,1,138.0,119,138.5,28,2,2022-08-17 09:00:18
1660726818015424000,138.5,1,138.0,119,138.5,27,1,2022-08-17 09:00:18
1660726818105171000,138.5,15,138.0,121,138.5,12,1,2022-08-17 09:00:18
1660726818299572000,138.5,1,138.0,122,138.5,11,1,2022-08-17 09:00:18
1660726818315397000,138.5,1,138.0,123,138.5,11,1,2022-08-17 09:00:18
1660726818378044000,138.5,1,138.0,123,138.5,9,1,2022-08-17 09:00:18
1660726818401197000,138.5,9,138.5,6,139.0,139,1,2022-08-17 09:00:18
1660726818603574000,138.5,8,138.5,1,139.0,137,2,2022-08-17 09:00:18
1660726818605426000,139.0,1,138.5,1,139.0,136,1,2022-08-17 09:00:18
1660726818621665000,139.0,2,138.5,1,139.0,134,1,2022-08-17 09:00:18
1660726818909546000,139.0,1,138.5,5,139.0,134,1,2022-08-17 09:00:18
1660726818923928000,139.0,1,138.5,5,139.0,133,1,2022-08-17 09:00:18
1660726818996192000,139.0,1,138.5,5,139.0,132,1,2022-08-17 09:00:18
1660726818999255000,139.0,1,138.5,5,139.0,131,1,2022-08-17 09:00:18
1660726819287058000,139.0,2,138.5,18,139.0,130,1,2022-08-17 09:00:19
1660726819744594000,139.0,1,138.5,20,139.0,130,1,2022-08-17 09:00:19
1660726819999878000,139.0,1,138.5,29,139.0,137,1,2022-08-17 09:00:19
1660726820034123000,139.0,1,138.5,29,139.0,136,1,2022-08-17 09:00:20
1660726820460548000,139.0,1,138.5,35,139.0,136,1,2022-08-17 09:00:20
1660726820544131000,139.0,1,138.5,36,139.0,135,1,2022-08-17 09:00:20
1660726820603996000,139.0,15,138.5,37,139.0,120,1,2022-08-17 09:00:20
1660726820612087000,139.0,1,138.5,37,139.0,119,1,2022-08-17 09:00:20
1660726820674098000,138.5,10,138.5,28,139.0,119,2,2022-08-17 09:00:20
1660726821053633000,138.5,1,138.5,31,139.0,119,2,2022-08-17 09:00:21
1660726821241123000,139.0,1,138.5,31,139.0,118,1,2022-08-17 09:00:21
1660726821427171000,139.0,1,138.5,36,139.0,116,1,2022-08-17 09:00:21
1660726821427502000,139.0,5,138.5,36,139.0,111,1,2022-08-17 09:00:21
1660726821507948000,139.0,1,138.5,36,139.0,110,1,2022-08-17 09:00:21
1660726821633736000,139.0,1,138.5,36,139.0,109,1,2022-08-17 09:00:21
1660726821636516000,138.5,1,138.5,35,139.0,109,2,2022-08-17 09:00:21
1660726821743011000,138.5,3,138.5,32,139.0,106,2,2022-08-17 09:00:21
1660726822104404000,139.0,1,138.5,37,139.0,105,1,2022-08-17 09:00:22
1660726822114256000,139.0,1,138.5,37,139.0,106,1,2022-08-17 09:00:22
1660726822456456000,138.5,1,138.5,36,139.0,104,2,2022-08-17 09:00:22
1660726822803505000,139.0,1,138.5,38,139.0,103,1,2022-08-17 09:00:22
1660726822989883000,139.0,1,138.5,39,139.0,102,1,2022-08-17 09:00:22
1660726823049719000,138.5,1,138.5,38,139.0,102,2,2022-08-17 09:00:23
1660726823115325000,139.0,1,138.5,38,139.0,101,1,2022-08-17 09:00:23
1660726823148673000,138.5,1,138.5,38,139.0,101,2,2022-08-17 09:00:23
1660726823196537000,139.0,1,138.5,38,139.0,100,1,2022-08-17 09:00:23
1660726823309051000,139.0,3,138.5,48,139.0,100,1,2022-08-17 09:00:23
1660726823342598000,138.5,2,138.5,46,139.0,97,2,2022-08-17 09:00:23
1660726823615125000,139.0,1,138.5,49,139.0,96,1,2022-08-17 09:00:23
1660726823895576000,138.5,1,138.5,48,139.0,96,2,2022-08-17 09:00:23
1660726824250939000,139.0,1,138.5,53,139.0,96,1,2022-08-17 09:00:24
1660726824401525000,138.5,2,138.5,53,139.0,96,2,2022-08-17 09:00:24
1660726824505549000,139.0,1,138.5,54,139.0,95,1,2022-08-17 09:00:24
1660726824666912000,139.0,1,138.5,55,139.0,94,1,2022-08-17 09:00:24
1660726824680226000,139.0,1,138.5,55,139.0,93,1,2022-08-17 09:00:24
1660726824901083000,138.5,1,138.5,56,139.0,92,2,2022-08-17 09:00:24
1660726825043033000,139.0,5,138.5,56,139.0,87,1,2022-08-17 09:00:25
1660726825084852000,139.0,1,138.5,57,139.0,86,1,2022-08-17 09:00:25
1660726825195625000,139.0,1,138.5,60,139.0,85,1,2022-08-17 09:00:25
1660726825209825000,139.0,1,138.5,61,139.0,84,1,2022-08-17 09:00:25
1660726825233924000,139.0,1,138.5,61,139.0,83,1,2022-08-17 09:00:25
1660726825268114000,139.0,1,138.5,61,139.0,83,1,2022-08-17 09:00:25
1660726826032987000,139.0,1,138.5,65,139.0,83,1,2022-08-17 09:00:26
1660726826326550000,139.0,1,138.5,65,139.0,84,1,2022-08-17 09:00:26
1660726826396318000,139.0,2,138.5,65,139.0,72,1,2022-08-17 09:00:26
1660726826407671000,139.0,2,138.5,65,139.0,70,1,2022-08-17 09:00:26
1660726826416884000,139.0,1,138.5,65,139.0,69,1,2022-08-17 09:00:26
1660726826566526000,138.5,1,138.5,65,139.0,69,2,2022-08-17 09:00:26
1660726826583100000,138.5,2,138.5,63,139.0,69,2,2022-08-17 09:00:26
1660726826861646000,139.0,1,138.5,65,139.0,69,1,2022-08-17 09:00:26
1660726826947086000,138.5,1,138.5,64,139.0,69,2,2022-08-17 09:00:26
1660726827284596000,139.0,2,138.5,75,139.0,67,1,2022-08-17 09:00:27
1660726827298621000,139.0,1,138.5,75,139.0,66,1,2022-08-17 09:00:27
1660726827351806000,139.0,3,138.5,78,139.0,63,1,2022-08-17 09:00:27
1660726827474486000,139.0,6,138.5,78,139.0,57,1,2022-08-17 09:00:27
1660726827977354000,139.0,1,138.5,84,139.0,58,1,2022-08-17 09:00:27
1660726828161035000,139.0,2,138.5,86,139.0,57,1,2022-08-17 09:00:28
1660726828163750000,139.0,1,138.5,86,139.0,56,1,2022-08-17 09:00:28
1660726828239198000,139.0,1,138.5,86,139.0,59,1,2022-08-17 09:00:28
1660726828342878000,139.0,5,138.5,86,139.0,50,1,2022-08-17 09:00:28
1660726828359203000,139.0,3,138.5,86,139.0,48,1,2022-08-17 09:00:28
1660726828384895000,139.0,24,138.5,86,139.0,24,1,2022-08-17 09:00:28
1660726828415061000,139.0,24,138.5,86,139.5,108,1,2022-08-17 09:00:28
1660726828803779000,139.0,1,139.0,28,139.5,127,2,2022-08-17 09:00:28
1660726829093503000,139.0,1,139.0,28,139.5,127,2,2022-08-17 09:00:29
1660726829599314000,139.5,1,139.0,34,139.5,126,1,2022-08-17 09:00:29
1660726829792830000,139.0,1,139.0,34,139.5,127,2,2022-08-17 09:00:29
1660726829866768000,139.5,2,139.0,44,139.5,125,1,2022-08-17 09:00:29
1660726829936879000,139.0,1,139.0,43,139.5,126,2,2022-08-17 09:00:29
1660726830340086000,139.0,1,139.0,46,139.5,123,2,2022-08-17 09:00:30
1660726830530898000,139.5,1,139.0,50,139.5,122,1,2022-08-17 09:00:30
1660726831402863000,139.5,1,139.0,58,139.5,122,1,2022-08-17 09:00:31
1660726831766017000,139.5,1,139.0,59,139.5,121,1,2022-08-17 09:00:31
1660726831789864000,139.0,3,139.0,56,139.5,121,2,2022-08-17 09:00:31
1660726831822909000,139.5,1,139.0,59,139.5,122,1,2022-08-17 09:00:31
1660726832396700000,139.0,2,139.0,60,139.5,121,2,2022-08-17 09:00:32
1660726832910836000,139.0,1,139.0,65,139.5,123,2,2022-08-17 09:00:32
1660726833188707000,139.5,3,139.0,68,139.5,123,1,2022-08-17 09:00:33
1660726833934562000,139.5,6,139.0,78,139.5,113,1,2022-08-17 09:00:33
1660726833952528000,139.5,1,139.0,78,139.5,112,1,2022-08-17 09:00:33
1660726834137225000,139.5,2,139.0,83,139.5,110,1,2022-08-17 09:00:34
1660726834650803000,139.5,2,139.0,87,139.5,111,1,2022-08-17 09:00:34
1660726834781100000,139.5,1,139.0,87,139.5,110,1,2022-08-17 09:00:34
1660726834811790000,139.5,1,139.0,87,139.5,111,1,2022-08-17 09:00:34
1660726835072542000,139.5,1,139.0,87,139.5,110,1,2022-08-17 09:00:35
1660726835504402000,139.5,1,139.0,91,139.5,109,1,2022-08-17 09:00:35
1660726835725879000,139.5,1,139.0,93,139.5,108,1,2022-08-17 09:00:35
1660726835773507000,139.5,1,139.0,94,139.5,108,1,2022-08-17 09:00:35
1660726835871961000,139.5,2,139.0,94,139.5,105,1,2022-08-17 09:00:35
1660726835941296000,139.0,1,139.0,94,139.5,105,2,2022-08-17 09:00:35
1660726835993123000,139.5,1,139.0,94,139.5,104,1,2022-08-17 09:00:35
1660726836097483000,139.5,1,139.0,95,139.5,103,1,2022-08-17 09:00:36
1660726836125604000,139.5,2,139.0,95,139.5,101,1,2022-08-17 09:00:36
1660726836182731000,139.5,2,139.0,95,139.5,99,1,2022-08-17 09:00:36
1660726836318501000,139.5,1,139.0,95,139.5,103,1,2022-08-17 09:00:36
1660726836407356000,139.0,1,139.0,94,139.5,98,2,2022-08-17 09:00:36
1660726836455332000,139.5,1,139.0,94,139.5,97,1,2022-08-17 09:00:36
1660726836526668000,139.5,1,139.0,94,139.5,96,1,2022-08-17 09:00:36
1660726836534237000,139.5,5,139.0,94,139.5,91,1,2022-08-17 09:00:36
1660726836921860000,139.5,1,139.0,96,139.5,93,1,2022-08-17 09:00:36
1660726837032539000,139.5,3,139.0,97,139.5,91,1,2022-08-17 09:00:37
1660726837077290000,139.0,20,139.0,77,139.5,91,2,2022-08-17 09:00:37
1660726837156136000,139.5,2,139.0,77,139.5,96,1,2022-08-17 09:00:37
1660726837165884000,139.5,1,139.0,77,139.5,95,1,2022-08-17 09:00:37
1660726837214739000,139.5,3,139.0,77,139.5,95,1,2022-08-17 09:00:37
1660726837425478000,139.5,10,139.0,79,139.5,82,1,2022-08-17 09:00:37
1660726837605565000,139.5,2,139.0,80,139.5,80,1,2022-08-17 09:00:37
1660726837705455000,139.5,2,139.0,80,139.5,78,1,2022-08-17 09:00:37
1660726837951725000,139.5,3,139.0,131,139.5,76,1,2022-08-17 09:00:37
1660726838172109000,139.5,2,139.0,133,139.5,75,1,2022-08-17 09:00:38
1660726838307779000,139.5,1,139.0,124,139.5,74,1,2022-08-17 09:00:38
1660726838321860000,139.5,1,139.0,124,139.5,75,1,2022-08-17 09:00:38
1660726838355246000,139.5,1,139.0,124,139.5,72,1,2022-08-17 09:00:38
1660726838365412000,139.5,30,139.0,124,139.5,45,1,2022-08-17 09:00:38
1660726838377748000,139.5,1,139.0,124,139.5,44,1,2022-08-17 09:00:38
1660726838418602000,139.5,1,139.0,124,139.5,43,1,2022-08-17 09:00:38
1660726838430586000,139.5,1,139.0,124,139.5,42,1,2022-08-17 09:00:38
1660726838453826000,139.5,1,139.0,124,139.5,39,1,2022-08-17 09:00:38
1660726838511772000,139.5,1,139.0,134,139.5,38,1,2022-08-17 09:00:38
1660726838705522000,139.5,3,139.0,134,139.5,35,1,2022-08-17 09:00:38
1660726838829850000,139.5,1,139.0,85,139.5,34,1,2022-08-17 09:00:38
1660726838867237000,139.5,1,139.0,86,139.5,33,1,2022-08-17 09:00:38
1660726838875174000,139.5,3,139.0,86,139.5,30,1,2022-08-17 09:00:38
1660726838904636000,139.5,4,139.0,86,139.5,26,1,2022-08-17 09:00:38
1660726839023786000,139.0,1,139.0,85,139.5,26,2,2022-08-17 09:00:39
1660726839043635000,139.5,5,139.0,85,139.5,21,1,2022-08-17 09:00:39
1660726839051171000,139.5,3,139.0,85,139.5,18,1,2022-08-17 09:00:39
1660726839058565000,139.5,3,139.0,85,139.5,15,1,2022-08-17 09:00:39
1660726839111554000,139.5,1,139.0,88,139.5,14,1,2022-08-17 09:00:39
1660726839145817000,139.5,2,139.0,88,139.5,12,1,2022-08-17 09:00:39
1660726839213796000,139.5,1,139.0,89,139.5,11,1,2022-08-17 09:00:39
1660726839231736000,139.5,1,139.0,89,139.5,10,1,2022-08-17 09:00:39
1660726839266033000,139.5,2,139.0,89,139.5,9,1,2022-08-17 09:00:39
1660726839282874000,139.5,1,139.0,89,139.5,8,1,2022-08-17 09:00:39
1660726839292297000,139.5,1,139.0,89,139.5,7,1,2022-08-17 09:00:39
1660726839365144000,139.5,1,139.0,90,139.5,6,1,2022-08-17 09:00:39
1660726839402340000,139.5,6,139.5,2,140.0,132,1,2022-08-17 09:00:39
1660726839442507000,139.5,2,139.0,92,140.0,130,2,2022-08-17 09:00:39
1660726839488890000,139.5,1,139.0,92,140.0,130,2,2022-08-17 09:00:39
1660726839853257000,139.5,8,139.0,92,139.5,42,2,2022-08-17 09:00:39
1660726839875926000,139.5,1,139.0,92,139.5,41,1,2022-08-17 09:00:39
1660726839904099000,139.5,1,139.0,90,139.5,40,1,2022-08-17 09:00:39
1660726839998569000,139.5,1,139.0,100,139.5,39,1,2022-08-17 09:00:39
1660726840005125000,139.0,3,139.0,97,139.5,39,2,2022-08-17 09:00:40
1660726840046083000,139.5,1,139.0,97,139.5,38,1,2022-08-17 09:00:40
1660726840091345000,139.5,4,139.0,97,139.5,34,1,2022-08-17 09:00:40
1660726840093119000,139.5,1,139.0,97,139.5,33,1,2022-08-17 09:00:40
1660726840121074000,139.5,1,139.0,97,139.5,32,1,2022-08-17 09:00:40
1660726840167595000,139.5,1,139.0,98,139.5,31,1,2022-08-17 09:00:40
1660726840168682000,139.5,1,139.0,98,139.5,30,1,2022-08-17 09:00:40
1660726840229260000,139.5,1,139.0,98,139.5,29,1,2022-08-17 09:00:40
1660726840284407000,139.5,2,139.0,97,139.5,27,1,2022-08-17 09:00:40
1660726840358818000,139.5,1,139.0,98,139.5,26,1,2022-08-17 09:00:40
1660726840372960000,139.5,1,139.0,98,139.5,25,1,2022-08-17 09:00:40
1660726840373323000,139.5,2,139.0,98,139.5,23,1,2022-08-17 09:00:40
1660726840411120000,139.5,5,139.0,98,139.5,18,1,2022-08-17 09:00:40
1660726840464588000,139.5,1,139.0,99,139.5,37,1,2022-08-17 09:00:40
1660726840562473000,139.5,2,139.0,99,139.5,38,1,2022-08-17 09:00:40
1660726840634365000,139.5,1,139.0,99,139.5,37,1,2022-08-17 09:00:40
1660726840634395000,139.5,1,139.0,99,139.5,36,1,2022-08-17 09:00:40
1660726840668936000,139.5,3,139.0,99,139.5,33,1,2022-08-17 09:00:40
1660726840765172000,139.5,5,139.0,100,139.5,28,1,2022-08-17 09:00:40
1660726840769045000,139.5,2,139.0,100,139.5,26,1,2022-08-17 09:00:40
1660726840788796000,139.5,1,139.0,101,139.5,25,1,2022-08-17 09:00:40
1660726840836574000,139.5,2,139.0,102,139.5,23,1,2022-08-17 09:00:40
1660726840837554000,139.5,1,139.0,102,139.5,22,1,2022-08-17 09:00:40
1660726840863244000,139.5,2,139.0,102,139.5,21,1,2022-08-17 09:00:40
1660726840866051000,139.5,1,139.0,102,139.5,20,1,2022-08-17 09:00:40
1660726840877005000,139.5,2,139.0,102,139.5,18,1,2022-08-17 09:00:40
1660726840906868000,139.5,1,139.0,102,139.5,17,1,2022-08-17 09:00:40
1660726840940507000,139.5,1,139.0,102,139.5,16,1,2022-08-17 09:00:40
1660726840951981000,139.5,1,139.0,102,139.5,15,1,2022-08-17 09:00:40
1660726841030494000,139.5,5,139.0,100,139.5,10,1,2022-08-17 09:00:41
1660726841063149000,139.5,1,139.0,100,139.5,9,1,2022-08-17 09:00:41
1660726841109965000,139.5,1,139.0,100,139.5,8,1,2022-08-17 09:00:41
1660726841145069000,139.5,1,139.0,101,139.5,10,1,2022-08-17 09:00:41
1660726841301973000,139.5,1,139.0,101,139.5,9,1,2022-08-17 09:00:41
1660726841422265000,139.5,1,139.0,101,139.5,14,1,2022-08-17 09:00:41
1660726841467140000,139.5,1,139.0,100,139.5,13,1,2022-08-17 09:00:41
1660726841534205000,139.5,2,139.0,100,139.5,16,1,2022-08-17 09:00:41
1660726841587397000,139.5,5,139.0,102,139.5,14,1,2022-08-17 09:00:41
1660726841631273000,139.5,1,139.0,102,139.5,13,1,2022-08-17 09:00:41
1660726841639382000,139.5,1,139.0,102,139.5,12,1,2022-08-17 09:00:41
1660726841737301000,139.5,1,139.0,102,139.5,11,1,2022-08-17 09:00:41
1660726841740926000,139.5,1,139.0,102,139.5,10,1,2022-08-17 09:00:41
1660726841771698000,139.5,2,139.0,102,139.5,8,1,2022-08-17 09:00:41
1660726841810563000,139.5,1,139.0,103,139.5,9,1,2022-08-17 09:00:41
1660726841862073000,139.5,1,139.0,104,139.5,8,1,2022-08-17 09:00:41
1660726841873571000,139.5,1,139.0,104,139.5,7,1,2022-08-17 09:00:41
1660726841879522000,139.5,5,139.0,104,139.5,2,1,2022-08-17 09:00:41
1660726841933772000,139.5,1,139.0,104,139.5,1,1,2022-08-17 09:00:41
1660726842013724000,139.5,1,139.0,104,140.0,136,1,2022-08-17 09:00:42
1660726842026492000,139.0,1,139.0,104,140.0,136,2,2022-08-17 09:00:42
1660726842333639000,140.0,1,139.5,4,140.0,133,1,2022-08-17 09:00:42
1660726842494012000,139.5,1,139.5,4,140.0,134,2,2022-08-17 09:00:42
1660726842505099000,139.5,1,139.5,4,140.0,134,2,2022-08-17 09:00:42
1660726842681859000,139.5,5,139.0,111,139.5,1,2,2022-08-17 09:00:42
1660726842969574000,139.5,1,139.0,108,140.0,136,1,2022-08-17 09:00:42
1660726843091603000,139.5,1,139.5,8,140.0,134,2,2022-08-17 09:00:43
1660726843208007000,139.5,2,139.5,6,140.0,134,2,2022-08-17 09:00:43
1660726843244862000,139.5,1,139.5,6,140.0,134,2,2022-08-17 09:00:43
1660726843302463000,140.0,1,139.5,6,140.0,133,1,2022-08-17 09:00:43
1660726843310203000,139.5,7,139.0,113,139.5,6,2,2022-08-17 09:00:43
1660726843351403000,139.5,1,139.0,111,139.5,26,1,2022-08-17 09:00:43
1660726843475592000,139.5,1,139.0,112,139.5,44,1,2022-08-17 09:00:43
1660726843551169000,139.5,1,139.0,113,139.5,44,1,2022-08-17 09:00:43
1660726843932449000,139.5,1,139.0,115,139.5,63,1,2022-08-17 09:00:43
1660726844168499000,139.5,1,139.0,115,139.5,64,1,2022-08-17 09:00:44
1660726844199955000,139.5,1,139.0,117,139.5,63,1,2022-08-17 09:00:44
1660726844204245000,139.5,1,139.0,117,139.5,62,1,2022-08-17 09:00:44
1660726844279631000,139.5,1,139.0,117,139.5,61,1,2022-08-17 09:00:44
1660726844296424000,139.5,1,139.0,117,139.5,60,1,2022-08-17 09:00:44
1660726844304809000,139.5,1,139.0,117,139.5,59,1,2022-08-17 09:00:44
1660726844313265000,139.5,2,139.0,118,139.5,62,1,2022-08-17 09:00:44
1660726844368264000,139.5,1,139.0,117,139.5,59,1,2022-08-17 09:00:44
1660726844401941000,139.5,2,139.0,117,139.5,59,1,2022-08-17 09:00:44
1660726844461876000,139.5,1,139.0,117,139.5,65,1,2022-08-17 09:00:44
1660726844470448000,139.5,1,139.0,117,139.5,64,1,2022-08-17 09:00:44
1660726844689262000,139.5,2,139.0,119,139.5,62,1,2022-08-17 09:00:44
1660726844710951000,139.5,1,139.0,119,139.5,61,1,2022-08-17 09:00:44
1660726844747253000,139.5,3,139.0,119,139.5,58,1,2022-08-17 09:00:44
1660726844991550000,139.0,1,139.0,119,139.5,64,2,2022-08-17 09:00:44
1660726844995636000,139.5,1,139.0,119,139.5,63,1,2022-08-17 09:00:44
1660726845085487000,139.0,1,139.0,118,139.5,64,2,2022-08-17 09:00:45
1660726845174722000,139.0,2,139.0,116,139.5,64,2,2022-08-17 09:00:45
1660726845184310000,139.5,8,139.0,116,139.5,56,1,2022-08-17 09:00:45
1660726845185395000,139.5,1,139.0,116,139.5,55,1,2022-08-17 09:00:45
1660726845228924000,139.5,2,139.0,116,139.5,53,1,2022-08-17 09:00:45
1660726845269830000,139.5,5,139.0,118,139.5,64,1,2022-08-17 09:00:45
1660726845405860000,139.5,1,139.0,116,139.5,47,1,2022-08-17 09:00:45
1660726845517793000,139.5,1,139.0,116,139.5,51,1,2022-08-17 09:00:45
1660726845792547000,139.0,8,139.0,107,139.5,53,2,2022-08-17 09:00:45
1660726845803688000,139.5,30,139.0,109,139.5,23,1,2022-08-17 09:00:45
1660726845905326000,139.5,5,139.0,110,139.5,18,1,2022-08-17 09:00:45
1660726846116678000,139.5,1,139.0,111,139.5,17,1,2022-08-17 09:00:46
1660726846338048000,139.5,2,139.0,112,139.5,15,1,2022-08-17 09:00:46
1660726846419042000,139.5,1,139.0,113,139.5,15,1,2022-08-17 09:00:46
1660726846530781000,139.5,1,139.0,113,139.5,16,1,2022-08-17 09:00:46
1660726846601607000,139.5,1,139.0,113,139.5,15,1,2022-08-17 09:00:46
1660726846621555000,139.5,1,139.0,113,139.5,14,1,2022-08-17 09:00:46
1660726847037479000,139.5,1,139.0,147,139.5,15,1,2022-08-17 09:00:47
1660726847066460000,139.5,1,139.0,147,139.5,14,1,2022-08-17 09:00:47
1660726847122609000,139.5,1,139.0,147,139.5,13,1,2022-08-17 09:00:47
1660726847145056000,139.5,1,139.0,147,139.5,22,1,2022-08-17 09:00:47
1660726847149547000,139.5,5,139.0,147,139.5,18,1,2022-08-17 09:00:47
1660726847160637000,139.5,1,139.0,147,139.5,17,1,2022-08-17 09:00:47
1660726847242215000,139.5,1,139.0,147,139.5,17,1,2022-08-17 09:00:47
1660726847430630000,139.5,3,139.0,147,139.5,14,1,2022-08-17 09:00:47
1660726847933917000,139.5,5,139.0,154,139.5,25,1,2022-08-17 09:00:47
1660726848015852000,139.5,1,139.0,154,139.5,39,1,2022-08-17 09:00:48
1660726848056181000,139.0,1,139.0,156,139.5,39,2,2022-08-17 09:00:48
1660726848062641000,139.5,2,139.0,156,139.5,37,1,2022-08-17 09:00:48
1660726848238626000,139.5,1,139.0,158,139.5,36,1,2022-08-17 09:00:48
1660726848299263000,139.5,1,139.0,158,139.5,35,1,2022-08-17 09:00:48
1660726848304375000,139.5,3,139.0,159,139.5,37,1,2022-08-17 09:00:48
1660726848319606000,139.5,4,139.0,158,139.5,28,1,2022-08-17 09:00:48
1660726848337341000,139.5,2,139.0,158,139.5,26,1,2022-08-17 09:00:48
1660726848433860000,139.5,1,139.0,158,139.5,25,1,2022-08-17 09:00:48
1660726848459488000,139.5,3,139.0,158,139.5,22,1,2022-08-17 09:00:48
1660726848514480000,139.5,1,139.0,159,139.5,22,1,2022-08-17 09:00:48
1660726848530851000,139.5,1,139.0,159,139.5,21,1,2022-08-17 09:00:48
1660726848537924000,139.5,1,139.0,159,139.5,20,1,2022-08-17 09:00:48
1660726848560807000,139.5,10,139.0,159,139.5,10,1,2022-08-17 09:00:48
1660726848598998000,139.5,3,139.0,159,139.5,7,1,2022-08-17 09:00:48
1660726848867254000,139.5,7,139.5,5,140.0,205,1,2022-08-17 09:00:48
1660726848894629000,139.5,5,139.0,161,140.0,203,2,2022-08-17 09:00:48
1660726848987693000,139.5,1,139.0,162,139.5,2,2,2022-08-17 09:00:48
1660726848998253000,139.5,1,139.0,162,139.5,1,1,2022-08-17 09:00:48
1660726849077689000,139.5,1,139.5,4,140.0,197,1,2022-08-17 09:00:49
1660726849240730000,139.5,6,139.0,160,140.0,195,2,2022-08-17 09:00:49
1660726849274506000,140.0,2,139.5,2,140.0,193,1,2022-08-17 09:00:49
1660726849669423000,139.5,5,139.0,160,140.0,193,2,2022-08-17 09:00:49
1660726849734533000,139.5,1,139.0,160,139.5,1,2,2022-08-17 09:00:49
1660726849796827000,139.5,1,139.0,158,140.0,195,1,2022-08-17 09:00:49
1660726849930916000,139.5,2,139.0,159,139.5,1,1,2022-08-17 09:00:49
1660726849941399000,139.5,1,139.0,159,140.0,196,1,2022-08-17 09:00:49
1660726850056248000,139.5,1,139.5,1,140.0,195,2,2022-08-17 09:00:50
1660726850081582000,139.5,1,139.0,161,139.5,2,2,2022-08-17 09:00:50
1660726850110112000,139.5,2,139.0,161,140.0,196,1,2022-08-17 09:00:50
1660726850168491000,140.0,1,139.0,159,140.0,195,1,2022-08-17 09:00:50
1660726850312686000,139.5,1,139.0,160,140.0,195,2,2022-08-17 09:00:50
1660726850401806000,140.0,1,139.5,2,140.0,194,1,2022-08-17 09:00:50
1660726850578521000,140.0,1,139.5,4,140.0,193,1,2022-08-17 09:00:50
1660726850876328000,139.5,1,139.5,7,140.0,189,2,2022-08-17 09:00:50
1660726851668460000,139.5,1,139.5,26,140.0,190,2,2022-08-17 09:00:51
1660726852287746000,140.0,2,139.5,34,140.0,189,1,2022-08-17 09:00:52
1660726852527732000,139.5,2,139.5,36,140.0,187,2,2022-08-17 09:00:52
1660726852810022000,139.5,2,139.5,35,140.0,187,2,2022-08-17 09:00:52
1660726852897571000,139.5,1,139.5,34,140.0,187,2,2022-08-17 09:00:52
1660726853005095000,139.5,6,139.5,29,140.0,188,2,2022-08-17 09:00:53
1660726853278362000,140.0,1,139.5,35,140.0,188,1,2022-08-17 09:00:53
1660726853612181000,140.0,2,139.5,42,140.0,185,1,2022-08-17 09:00:53
1660726853937968000,139.5,1,139.5,44,140.0,185,2,2022-08-17 09:00:53
1660726854442451000,140.0,1,139.5,63,140.0,184,1,2022-08-17 09:00:54
1660726855054046000,140.0,14,139.5,67,140.0,170,1,2022-08-17 09:00:55
1660726855475729000,140.0,2,139.5,74,140.0,168,1,2022-08-17 09:00:55
1660726855602605000,140.0,1,139.5,75,140.0,173,1,2022-08-17 09:00:55
1660726855760259000,140.0,3,139.5,75,140.0,170,1,2022-08-17 09:00:55
1660726855947235000,140.0,1,139.5,76,140.0,172,1,2022-08-17 09:00:55
1660726856000005000,139.5,1,139.5,76,140.0,172,2,2022-08-17 09:00:56
1660726856065503000,140.0,10,139.5,76,140.0,162,1,2022-08-17 09:00:56
1660726856073846000,140.0,1,139.5,77,140.0,161,1,2022-08-17 09:00:56
1660726856225624000,140.0,1,139.5,81,140.0,155,1,2022-08-17 09:00:56
1660726856737133000,140.0,2,139.5,100,140.0,156,1,2022-08-17 09:00:56
1660726856852166000,139.5,5,139.5,95,140.0,154,2,2022-08-17 09:00:56
1660726856874673000,139.5,4,139.5,92,140.0,154,2,2022-08-17 09:00:56
1660726856940695000,140.0,3,139.5,92,140.0,151,1,2022-08-17 09:00:56
1660726857000478000,139.5,1,139.5,91,140.0,151,2,2022-08-17 09:00:57
1660726857009252000,140.0,2,139.5,91,140.0,149,1,2022-08-17 09:00:57
1660726857021311000,140.0,5,139.5,91,140.0,144,1,2022-08-17 09:00:57
1660726857313429000,140.0,1,139.5,94,140.0,144,1,2022-08-17 09:00:57
1660726857458940000,140.0,1,139.5,94,140.0,142,1,2022-08-17 09:00:57
1660726857467998000,140.0,1,139.5,94,140.0,141,1,2022-08-17 09:00:57
1660726857582978000,140.0,1,139.5,95,140.0,140,1,2022-08-17 09:00:57
1660726857644046000,140.0,1,139.5,96,140.0,139,1,2022-08-17 09:00:57
1660726857682322000,140.0,1,139.5,96,140.0,138,1,2022-08-17 09:00:57
1660726857688710000,140.0,5,139.5,96,140.0,133,1,2022-08-17 09:00:57
1660726857938563000,140.0,1,139.5,96,140.0,133,1,2022-08-17 09:00:57
1660726858208648000,140.0,1,139.5,109,140.0,132,1,2022-08-17 09:00:58
1660726858224939000,139.5,1,139.5,109,140.0,132,2,2022-08-17 09:00:58
1660726858289214000,140.0,2,139.5,109,140.0,130,1,2022-08-17 09:00:58
1660726858336187000,140.0,1,139.5,109,140.0,134,1,2022-08-17 09:00:58
1660726858591594000,140.0,1,139.5,112,140.0,134,1,2022-08-17 09:00:58
1660726858632618000,140.0,1,139.5,112,140.0,133,1,2022-08-17 09:00:58
1660726858680559000,140.0,1,139.5,112,140.0,132,1,2022-08-17 09:00:58
1660726858764253000,139.5,1,139.5,112,140.0,132,2,2022-08-17 09:00:58
1660726858883645000,140.0,1,139.5,121,140.0,131,1,2022-08-17 09:00:58
1660726859107639000,140.0,2,139.5,131,140.0,129,1,2022-08-17 09:00:59
1660726859158231000,140.0,8,139.5,131,140.0,121,1,2022-08-17 09:00:59
1660726859190599000,140.0,1,139.5,131,140.0,120,1,2022-08-17 09:00:59
1660726859205410000,140.0,3,139.5,131,140.0,117,1,2022-08-17 09:00:59
1660726859247707000,140.0,2,139.5,131,140.0,115,1,2022-08-17 09:00:59
1660726859247985000,139.5,2,139.5,129,140.0,115,2,2022-08-17 09:00:59
1660726859286328000,140.0,1,139.5,129,140.0,115,1,2022-08-17 09:00:59
1660726859584494000,140.0,1,139.5,131,140.0,113,1,2022-08-17 09:00:59
1660726859812692000,140.0,1,139.5,160,140.0,112,1,2022-08-17 09:00:59
1660726859946271000,140.0,3,139.5,162,140.0,109,1,2022-08-17 09:00:59
1660726860008019000,139.5,1,139.5,167,140.0,109,2,2022-08-17 09:01:00
1660726860192850000,140.0,15,139.5,168,140.0,94,1,2022-08-17 09:01:00
1660726860317574000,139.5,1,139.5,167,140.0,106,2,2022-08-17 09:01:00
1660726860349377000,139.5,2,139.5,165,140.0,106,2,2022-08-17 09:01:00
1660726860424319000,140.0,1,139.5,166,140.0,105,1,2022-08-17 09:01:00
1660726860529755000,140.0,1,139.5,169,140.0,104,1,2022-08-17 09:01:00
1660726860531628000,140.0,1,139.5,169,140.0,103,1,2022-08-17 09:01:00
1660726860537738000,139.5,2,139.5,167,140.0,103,2,2022-08-17 09:01:00
1660726860575432000,139.5,5,139.5,162,140.0,103,2,2022-08-17 09:01:00
1660726860607412000,139.5,1,139.5,161,140.0,103,2,2022-08-17 09:01:00
1660726860609570000,139.5,16,139.5,145,140.0,103,2,2022-08-17 09:01:00
1660726860675452000,140.0,5,139.5,146,140.0,98,1,2022-08-17 09:01:00
1660726860914453000,140.0,10,139.5,147,140.0,88,1,2022-08-17 09:01:00
1660726861126375000,140.0,1,139.5,147,140.0,88,1,2022-08-17 09:01:01
1660726861244137000,140.0,1,139.5,147,140.0,87,1,2022-08-17 09:01:01
1660726861267217000,140.0,3,139.5,147,140.0,84,1,2022-08-17 09:01:01
1660726861270557000,140.0,1,139.5,147,140.0,88,1,2022-08-17 09:01:01
1660726861336547000,140.0,1,139.5,147,140.0,82,1,2022-08-17 09:01:01
1660726861374902000,140.0,1,139.5,147,140.0,81,1,2022-08-17 09:01:01
1660726861393332000,140.0,1,139.5,147,140.0,80,1,2022-08-17 09:01:01
1660726861917252000,139.5,10,139.5,144,140.0,80,2,2022-08-17 09:01:01
1660726861926040000,140.0,1,139.5,144,140.0,79,1,2022-08-17 09:01:01
1660726861955503000,140.0,2,139.5,138,140.0,83,1,2022-08-17 09:01:01
1660726861992650000,140.0,1,139.5,138,140.0,82,1,2022-08-17 09:01:01
1660726862021341000,140.0,3,139.5,138,140.0,79,1,2022-08-17 09:01:02
1660726862039906000,140.0,1,139.5,138,140.0,78,1,2022-08-17 09:01:02
1660726862289530000,140.0,1,139.5,138,140.0,77,1,2022-08-17 09:01:02
1660726862307601000,140.0,1,139.5,138,140.0,76,1,2022-08-17 09:01:02
1660726862386341000,140.0,1,139.5,140,140.0,75,1,2022-08-17 09:01:02
1660726862538620000,140.0,1,139.5,144,140.0,74,1,2022-08-17 09:01:02
1660726862764002000,140.0,2,139.5,144,140.0,72,1,2022-08-17 09:01:02
1660726862767217000,140.0,1,139.5,144,140.0,71,1,2022-08-17 09:01:02
1660726862888712000,140.0,1,139.5,146,140.0,70,1,2022-08-17 09:01:02
1660726862982897000,140.0,1,139.5,146,140.0,69,1,2022-08-17 09:01:02
1660726862998189000,139.5,1,139.5,145,140.0,69,2,2022-08-17 09:01:02
1660726863023791000,140.0,1,139.5,145,140.0,68,1,2022-08-17 09:01:03
1660726863100471000,140.0,1,139.5,145,140.0,67,1,2022-08-17 09:01:03
1660726863158788000,140.0,2,139.5,145,140.0,65,1,2022-08-17 09:01:03
1660726863379741000,140.0,1,139.5,149,140.0,64,1,2022-08-17 09:01:03
1660726863414240000,139.5,6,139.5,143,140.0,64,2,2022-08-17 09:01:03
1660726863581292000,140.0,1,139.5,143,140.0,63,1,2022-08-17 09:01:03
1660726863623392000,140.0,1,139.5,143,140.0,62,1,2022-08-17 09:01:03
1660726863640717000,140.0,1,139.5,143,140.0,61,1,2022-08-17 09:01:03
1660726863705030000,140.0,8,139.5,145,140.0,53,1,2022-08-17 09:01:03
1660726863919718000,140.0,1,139.5,146,140.0,58,1,2022-08-17 09:01:03
1660726863936786000,140.0,1,139.5,146,140.0,57,1,2022-08-17 09:01:03
1660726863944663000,140.0,2,139.5,146,140.0,55,1,2022-08-17 09:01:03
1660726864027845000,140.0,1,139.5,146,140.0,56,1,2022-08-17 09:01:04
1660726864079163000,140.0,1,139.5,146,140.0,55,1,2022-08-17 09:01:04
1660726864123544000,140.0,5,139.5,146,140.0,50,1,2022-08-17 09:01:04
1660726864161055000,140.0,1,139.5,145,140.0,49,1,2022-08-17 09:01:04
1660726864166025000,140.0,1,139.5,145,140.0,48,1,2022-08-17 09:01:04
1660726864184610000,140.0,1,139.5,145,140.0,47,1,2022-08-17 09:01:04
1660726864233111000,140.0,1,139.5,145,140.0,46,1,2022-08-17 09:01:04
1660726864269366000,140.0,1,139.5,145,140.0,47,1,2022-08-17 09:01:04
1660726864310540000,140.0,1,139.5,146,140.0,46,1,2022-08-17 09:01:04
1660726864313313000,140.0,1,139.5,146,140.0,47,1,2022-08-17 09:01:04
1660726864355414000,140.0,2,139.5,146,140.0,43,1,2022-08-17 09:01:04
1660726864407471000,140.0,1,139.5,146,140.0,42,1,2022-08-17 09:01:04
1660726864426833000,139.5,1,139.5,145,140.0,42,2,2022-08-17 09:01:04
1660726864597935000,140.0,1,139.5,146,140.0,41,1,2022-08-17 09:01:04
1660726864614384000,140.0,10,139.5,146,140.0,31,1,2022-08-17 09:01:04
1660726864645338000,140.0,1,139.5,146,140.0,30,1,2022-08-17 09:01:04
1660726864686708000,140.0,7,139.5,146,140.0,23,1,2022-08-17 09:01:04
1660726864714746000,140.0,2,139.5,146,140.0,21,1,2022-08-17 09:01:04
1660726864785829000,140.0,5,139.5,146,140.0,16,1,2022-08-17 09:01:04
1660726864821631000,140.0,1,139.5,146,140.0,15,1,2022-08-17 09:01:04
1660726864822741000,140.0,1,139.5,146,140.0,21,1,2022-08-17 09:01:04
1660726864918337000,140.0,1,139.5,148,140.0,13,1,2022-08-17 09:01:04
1660726864942902000,140.0,13,140.0,7,140.5,99,1,2022-08-17 09:01:04
1660726864966601000,140.5,2,140.0,12,140.5,97,1,2022-08-17 09:01:04
1660726865260995000,140.0,23,139.5,157,140.0,27,2,2022-08-17 09:01:05
1660726865270649000,140.0,1,139.5,157,140.0,26,1,2022-08-17 09:01:05
1660726865343202000,140.0,3,139.5,155,140.0,23,1,2022-08-17 09:01:05
1660726865345150000,140.0,1,139.5,155,140.0,22,1,2022-08-17 09:01:05
1660726865399655000,140.0,2,139.5,157,140.0,20,1,2022-08-17 09:01:05
1660726865458381000,140.0,1,139.5,157,140.0,19,1,2022-08-17 09:01:05
1660726865535767000,140.0,2,139.5,157,140.0,17,1,2022-08-17 09:01:05
1660726865563653000,140.0,1,139.5,157,140.0,16,1,2022-08-17 09:01:05
1660726865618199000,140.0,1,139.5,157,140.0,15,1,2022-08-17 09:01:05
1660726865644100000,140.0,1,139.5,155,140.0,14,1,2022-08-17 09:01:05
1660726865737884000,140.0,6,139.5,156,140.0,14,1,2022-08-17 09:01:05
1660726865926124000,140.0,1,139.5,157,140.0,7,1,2022-08-17 09:01:05
1660726866112498000,139.5,1,139.5,157,140.0,8,2,2022-08-17 09:01:06
1660726866256040000,140.0,6,139.5,158,140.0,4,1,2022-08-17 09:01:06
1660726866344781000,140.0,1,139.5,161,140.0,7,1,2022-08-17 09:01:06
1660726866386358000,140.0,1,139.5,161,140.0,6,1,2022-08-17 09:01:06
1660726866426121000,140.0,1,139.5,161,140.0,5,1,2022-08-17 09:01:06
1660726866434827000,140.0,5,139.5,161,140.5,99,1,2022-08-17 09:01:06
1660726866808062000,140.0,2,140.0,2,140.5,97,2,2022-08-17 09:01:06
1660726866850292000,140.5,2,140.0,3,140.5,95,1,2022-08-17 09:01:06
1660726867020518000,140.0,1,140.0,3,140.5,95,2,2022-08-17 09:01:07
1660726867169049000,140.5,1,140.0,6,140.5,94,1,2022-08-17 09:01:07
1660726867470496000,140.0,1,140.0,17,140.5,94,2,2022-08-17 09:01:07
1660726867547859000,140.5,1,140.0,17,140.5,93,1,2022-08-17 09:01:07
1660726868242615000,140.5,3,140.0,33,140.5,91,1,2022-08-17 09:01:08
1660726868476083000,140.5,1,140.0,45,140.5,91,1,2022-08-17 09:01:08
1660726868584681000,140.0,1,140.0,45,140.5,92,2,2022-08-17 09:01:08
1660726868916639000,140.0,1,140.0,53,140.5,94,2,2022-08-17 09:01:08
1660726868974872000,140.0,1,140.0,55,140.5,94,2,2022-08-17 09:01:08
1660726869009603000,140.0,1,140.0,54,140.5,95,2,2022-08-17 09:01:09
1660726869113263000,140.5,1,140.0,56,140.5,94,1,2022-08-17 09:01:09
1660726869307378000,140.5,1,140.0,56,140.5,94,1,2022-08-17 09:01:09
1660726869330367000,140.5,1,140.0,56,140.5,92,1,2022-08-17 09:01:09
1660726869463904000,140.5,1,140.0,61,140.5,91,1,2022-08-17 09:01:09
1660726869479924000,140.5,35,140.0,61,140.5,56,1,2022-08-17 09:01:09
1660726869960183000,140.5,1,140.0,69,140.5,56,1,2022-08-17 09:01:09
1660726870226137000,140.5,1,140.0,85,140.5,58,1,2022-08-17 09:01:10
1660726870418261000,140.5,1,140.0,89,140.5,59,1,2022-08-17 09:01:10
1660726870513004000,140.5,1,140.0,90,140.5,58,1,2022-08-17 09:01:10
1660726871229045000,140.5,1,140.0,96,140.5,58,1,2022-08-17 09:01:11
1660726871361315000,140.5,1,140.0,98,140.5,57,1,2022-08-17 09:01:11
1660726871506232000,140.5,1,140.0,128,140.5,56,1,2022-08-17 09:01:11
1660726871706909000,140.5,1,140.0,129,140.5,56,1,2022-08-17 09:01:11
1660726871786938000,140.5,1,140.0,131,140.5,56,1,2022-08-17 09:01:11
1660726871901423000,140.5,1,140.0,131,140.5,54,1,2022-08-17 09:01:11
1660726872112452000,140.0,1,140.0,132,140.5,54,2,2022-08-17 09:01:12
1660726872260976000,140.5,1,140.0,134,140.5,53,1,2022-08-17 09:01:12
1660726872277294000,140.5,2,140.0,134,140.5,51,1,2022-08-17 09:01:12
1660726872378410000,140.5,2,140.0,135,140.5,49,1,2022-08-17 09:01:12
1660726872594087000,140.5,3,140.0,138,140.5,46,1,2022-08-17 09:01:12
1660726872758631000,140.5,1,140.0,138,140.5,45,1,2022-08-17 09:01:12
1660726872928235000,140.0,10,140.0,129,140.5,48,2,2022-08-17 09:01:12
1660726873051845000,140.5,1,140.0,128,140.5,47,1,2022-08-17 09:01:13
1660726873279662000,140.5,1,140.0,137,140.5,47,1,2022-08-17 09:01:13
1660726873422329000,140.5,1,140.0,138,140.5,45,1,2022-08-17 09:01:13
1660726873556824000,140.5,1,140.0,139,140.5,44,1,2022-08-17 09:01:13
1660726873770375000,140.5,1,140.0,143,140.5,41,1,2022-08-17 09:01:13
1660726873850509000,140.0,2,140.0,141,140.5,41,2,2022-08-17 09:01:13
1660726873954690000,140.5,1,140.0,145,140.5,40,1,2022-08-17 09:01:13
1660726874113373000,140.5,1,140.0,150,140.5,39,1,2022-08-17 09:01:14
1660726874194405000,140.5,1,140.0,152,140.5,38,1,2022-08-17 09:01:14
1660726874327888000,140.5,1,140.0,153,140.5,37,1,2022-08-17 09:01:14
1660726874436909000,140.5,1,140.0,153,140.5,37,1,2022-08-17 09:01:14
1660726874616922000,140.5,1,140.0,155,140.5,36,1,2022-08-17 09:01:14
1660726874818005000,140.5,5,140.0,159,140.5,31,1,2022-08-17 09:01:14
1660726874850015000,140.5,1,140.0,159,140.5,30,1,2022-08-17 09:01:14
1660726874880285000,140.5,1,140.0,159,140.5,29,1,2022-08-17 09:01:14
1660726874912706000,140.0,1,140.0,158,140.5,29,2,2022-08-17 09:01:14
1660726875106898000,140.5,7,140.0,162,140.5,32,1,2022-08-17 09:01:15
1660726875122365000,140.5,5,140.0,162,140.5,27,1,2022-08-17 09:01:15
1660726875224080000,140.5,1,140.0,164,140.5,26,1,2022-08-17 09:01:15
1660726875244500000,140.5,2,140.0,164,140.5,24,1,2022-08-17 09:01:15
1660726875265565000,140.5,2,140.0,164,140.5,22,1,2022-08-17 09:01:15
1660726875274986000,140.5,2,140.0,164,140.5,20,1,2022-08-17 09:01:15
1660726875277223000,140.5,5,140.0,164,140.5,15,1,2022-08-17 09:01:15
1660726875306367000,140.5,2,140.0,164,140.5,26,1,2022-08-17 09:01:15
1660726875485288000,140.5,5,140.0,164,140.5,8,1,2022-08-17 09:01:15
1660726875528773000,140.5,1,140.0,167,140.5,8,1,2022-08-17 09:01:15
1660726875777004000,140.5,1,140.0,168,140.5,7,1,2022-08-17 09:01:15
1660726875806329000,140.5,5,140.0,168,140.5,8,1,2022-08-17 09:01:15
1660726875898651000,140.5,1,140.0,169,140.5,1,1,2022-08-17 09:01:15
1660726875945235000,140.5,1,140.0,171,141.0,93,1,2022-08-17 09:01:15
1660726876215209000,140.5,1,140.0,206,140.5,50,1,2022-08-17 09:01:16
1660726876441680000,140.5,1,140.0,209,140.5,48,1,2022-08-17 09:01:16
1660726876451758000,140.5,1,140.0,209,140.5,47,1,2022-08-17 09:01:16
1660726876572691000,140.5,1,140.0,210,140.5,46,1,2022-08-17 09:01:16
1660726876586565000,140.5,1,140.0,210,140.5,45,1,2022-08-17 09:01:16
1660726876587612000,140.5,1,140.0,210,140.5,44,1,2022-08-17 09:01:16
1660726876594014000,140.5,1,140.0,210,140.5,43,1,2022-08-17 09:01:16
1660726876709317000,140.5,1,140.0,211,140.5,42,1,2022-08-17 09:01:16
1660726876716589000,140.5,1,140.0,211,140.5,41,1,2022-08-17 09:01:16
1660726876723878000,140.5,1,140.0,211,140.5,40,1,2022-08-17 09:01:16
1660726876809844000,140.5,1,140.0,213,140.5,40,1,2022-08-17 09:01:16
1660726876818927000,140.5,1,140.0,213,140.5,38,1,2022-08-17 09:01:16
1660726877088693000,140.5,1,140.0,214,140.5,87,1,2022-08-17 09:01:17
1660726877119895000,140.5,1,140.0,214,140.5,86,1,2022-08-17 09:01:17
1660726877184548000,140.5,1,140.0,215,140.5,85,1,2022-08-17 09:01:17
1660726877211267000,140.5,1,140.0,215,140.5,84,1,2022-08-17 09:01:17
1660726877379090000,140.5,1,140.0,215,140.5,85,1,2022-08-17 09:01:17
1660726877417057000,140.5,1,140.0,215,140.5,85,1,2022-08-17 09:01:17
1660726877540910000,140.5,1,140.0,216,140.5,102,1,2022-08-17 09:01:17
1660726877602427000,140.5,1,140.0,219,140.5,101,1,2022-08-17 09:01:17
1660726877666663000,140.5,1,140.0,219,140.5,101,1,2022-08-17 09:01:17
1660726877677125000,140.5,1,140.0,219,140.5,100,1,2022-08-17 09:01:17
1660726877713939000,140.5,1,140.0,219,140.5,99,1,2022-08-17 09:01:17
1660726877857386000,140.5,1,140.0,220,140.5,112,1,2022-08-17 09:01:17
1660726878033175000,140.5,5,140.0,221,140.5,108,1,2022-08-17 09:01:18
1660726878086997000,140.0,1,140.0,220,140.5,110,2,2022-08-17 09:01:18
1660726878127717000,140.0,1,140.0,221,140.5,110,2,2022-08-17 09:01:18
1660726878129995000,140.5,1,140.0,221,140.5,109,1,2022-08-17 09:01:18
1660726878144272000,140.5,2,140.0,221,140.5,107,1,2022-08-17 09:01:18
1660726878164278000,140.5,1,140.0,221,140.5,106,1,2022-08-17 09:01:18
1660726878177184000,140.5,1,140.0,221,140.5,105,1,2022-08-17 09:01:18
1660726878179291000,140.0,1,140.0,220,140.5,105,2,2022-08-17 09:01:18
1660726878316916000,140.5,1,140.0,222,140.5,110,1,2022-08-17 09:01:18
1660726878387350000,140.5,1,140.0,223,140.5,109,1,2022-08-17 09:01:18
1660726878986970000,140.0,1,140.0,225,140.5,117,2,2022-08-17 09:01:18
1660726879039385000,140.5,1,140.0,225,140.5,116,1,2022-08-17 09:01:19
1660726879100806000,140.5,1,140.0,225,140.5,115,1,2022-08-17 09:01:19
1660726879229500000,140.5,1,140.0,227,140.5,119,1,2022-08-17 09:01:19
1660726879380750000,140.5,6,140.0,230,140.5,125,1,2022-08-17 09:01:19
1660726879456357000,140.5,1,140.0,231,140.5,125,1,2022-08-17 09:01:19
1660726879461031000,140.5,5,140.0,231,140.5,120,1,2022-08-17 09:01:19
1660726879612915000,140.5,1,140.0,232,140.5,127,1,2022-08-17 09:01:19
1660726879680793000,140.5,1,140.0,233,140.5,126,1,2022-08-17 09:01:19
1660726879851884000,140.5,1,140.0,232,140.5,126,1,2022-08-17 09:01:19
1660726879867410000,140.0,20,140.0,212,140.5,126,2,2022-08-17 09:01:19
1660726879878339000,140.5,1,140.0,212,140.5,126,1,2022-08-17 09:01:19
1660726879892272000,140.5,1,140.0,211,140.5,125,1,2022-08-17 09:01:19
1660726879899572000,140.0,1,140.0,210,140.5,125,2,2022-08-17 09:01:19
1660726879899589000,140.0,1,140.0,209,140.5,125,2,2022-08-17 09:01:19
1660726879899664000,140.0,1,140.0,208,140.5,125,2,2022-08-17 09:01:19
1660726879904615000,140.0,1,140.0,207,140.5,125,2,2022-08-17 09:01:19
1660726880057184000,140.5,5,140.0,211,140.5,121,1,2022-08-17 09:01:20
1660726880181438000,140.5,1,140.0,211,140.5,120,1,2022-08-17 09:01:20
1660726880216808000,140.5,1,140.0,211,140.5,119,1,2022-08-17 09:01:20
1660726880217674000,140.5,1,140.0,211,140.5,118,1,2022-08-17 09:01:20
1660726880219308000,140.5,1,140.0,211,140.5,117,1,2022-08-17 09:01:20
1660726880338809000,140.0,1,140.0,210,140.5,117,2,2022-08-17 09:01:20
1660726880588490000,140.5,1,140.0,211,140.5,166,1,2022-08-17 09:01:20
1660726880602645000,140.0,1,140.0,210,140.5,166,2,2022-08-17 09:01:20
1660726880953572000,140.0,1,140.0,211,140.5,172,2,2022-08-17 09:01:20
1660726880970781000,140.5,1,140.0,213,140.5,171,1,2022-08-17 09:01:20
1660726881104129000,140.5,1,140.0,213,140.5,170,1,2022-08-17 09:01:21
1660726881133288000,140.0,1,140.0,212,140.5,171,2,2022-08-17 09:01:21
1660726881142779000,140.5,1,140.0,212,140.5,170,1,2022-08-17 09:01:21
1660726881281054000,140.5,1,140.0,214,140.5,170,1,2022-08-17 09:01:21
1660726881314416000,140.5,1,140.0,214,140.5,171,1,2022-08-17 09:01:21
1660726881419300000,140.0,1,140.0,214,140.5,171,2,2022-08-17 09:01:21
1660726881526600000,140.0,1,140.0,213,140.5,171,2,2022-08-17 09:01:21
1660726881624196000,140.5,1,140.0,213,140.5,171,1,2022-08-17 09:01:21
1660726881856476000,140.5,1,140.0,221,140.5,172,1,2022-08-17 09:01:21
1660726881966362000,140.5,5,140.0,224,140.5,167,1,2022-08-17 09:01:21
1660726882131150000,140.0,1,140.0,226,140.5,167,2,2022-08-17 09:01:22
1660726882338453000,140.5,1,140.0,226,140.5,216,1,2022-08-17 09:01:22
1660726882341976000,140.5,1,140.0,226,140.5,215,1,2022-08-17 09:01:22
1660726882402032000,140.0,1,140.0,225,140.5,217,2,2022-08-17 09:01:22
1660726882505113000,140.0,2,140.0,224,140.5,217,2,2022-08-17 09:01:22
1660726882537145000,140.0,18,140.0,207,140.5,217,2,2022-08-17 09:01:22
1660726882569665000,140.0,48,140.0,159,140.5,218,2,2022-08-17 09:01:22
1660726882572833000,140.0,1,140.0,158,140.5,218,2,2022-08-17 09:01:22
1660726882572960000,140.0,1,140.0,157,140.5,218,2,2022-08-17 09:01:22
1660726882573631000,140.0,1,140.0,156,140.5,218,2,2022-08-17 09:01:22
1660726882576062000,140.0,1,140.0,155,140.5,218,2,2022-08-17 09:01:22
1660726882585108000,140.0,1,140.0,154,140.5,218,2,2022-08-17 09:01:22
1660726882596664000,140.0,1,140.0,153,140.5,218,2,2022-08-17 09:01:22
1660726882610328000,140.0,1,140.0,152,140.5,218,2,2022-08-17 09:01:22
1660726882611647000,140.0,1,140.0,151,140.5,218,2,2022-08-17 09:01:22
1660726882612457000,140.0,1,140.0,150,140.5,218,2,2022-08-17 09:01:22
1660726882625254000,140.0,1,140.0,149,140.5,218,2,2022-08-17 09:01:22
1660726882634821000,140.0,1,140.0,148,140.5,218,2,2022-08-17 09:01:22
1660726882804237000,140.5,1,140.0,148,140.5,219,1,2022-08-17 09:01:22
1660726882840465000,140.0,50,140.0,98,140.5,218,2,2022-08-17 09:01:22
1660726882840493000,140.5,1,140.0,98,140.5,217,1,2022-08-17 09:01:22
1660726882881339000,140.0,1,140.0,97,140.5,217,2,2022-08-17 09:01:22
1660726882883990000,140.0,1,140.0,96,140.5,217,2,2022-08-17 09:01:22
1660726883034263000,140.0,1,140.0,97,140.5,218,2,2022-08-17 09:01:23
1660726883161639000,140.0,4,140.0,93,140.5,218,2,2022-08-17 09:01:23
1660726883232558000,140.0,2,140.0,91,140.5,218,2,2022-08-17 09:01:23
1660726883245415000,140.0,10,140.0,81,140.5,218,2,2022-08-17 09:01:23
1660726883257828000,140.0,1,140.0,79,140.5,218,2,2022-08-17 09:01:23
1660726883281947000,140.0,2,140.0,77,140.5,218,2,2022-08-17 09:01:23
1660726883290271000,140.0,3,140.0,74,140.5,218,2,2022-08-17 09:01:23
1660726883323969000,140.0,5,140.0,69,140.5,219,2,2022-08-17 09:01:23
1660726883359373000,140.0,1,140.0,71,140.5,219,2,2022-08-17 09:01:23
1660726883359451000,140.0,69,140.0,2,140.5,219,2,2022-08-17 09:01:23
1660726883380507000,140.0,2,139.5,206,140.5,219,2,2022-08-17 09:01:23
1660726883388326000,140.0,1,139.5,206,140.5,219,2,2022-08-17 09:01:23
1660726883585532000,140.0,1,139.5,204,140.0,23,1,2022-08-17 09:01:23
1660726883604863000,140.0,1,139.5,203,140.0,25,1,2022-08-17 09:01:23
1660726883706723000,140.0,1,139.5,198,140.0,81,1,2022-08-17 09:01:23
1660726883736003000,140.0,4,139.5,194,140.0,77,1,2022-08-17 09:01:23
1660726883958605000,140.0,1,139.5,194,140.0,95,1,2022-08-17 09:01:23
1660726883991248000,139.5,1,139.5,193,140.0,112,2,2022-08-17 09:01:23
1660726884062936000,140.0,6,139.5,193,140.0,137,1,2022-08-17 09:01:24
1660726884138724000,140.0,1,139.5,193,140.0,141,1,2022-08-17 09:01:24
1660726884227045000,140.0,1,139.5,193,140.0,140,1,2022-08-17 09:01:24
1660726884583015000,140.0,1,139.5,193,140.0,145,1,2022-08-17 09:01:24
1660726884904311000,140.0,1,139.5,191,140.0,148,1,2022-08-17 09:01:24
1660726885142945000,139.5,50,139.5,141,140.0,148,2,2022-08-17 09:01:25
1660726885152471000,140.0,1,139.5,141,140.0,147,1,2022-08-17 09:01:25
1660726885162193000,140.0,1,139.5,141,140.0,146,1,2022-08-17 09:01:25
1660726885177116000,139.5,1,139.5,140,140.0,146,2,2022-08-17 09:01:25
1660726885177652000,139.5,1,139.5,139,140.0,146,2,2022-08-17 09:01:25
1660726885177987000,139.5,1,139.5,138,140.0,146,2,2022-08-17 09:01:25
1660726885178652000,139.5,1,139.5,137,140.0,146,2,2022-08-17 09:01:25
1660726885182581000,139.5,23,139.5,114,140.0,146,2,2022-08-17 09:01:25
1660726885184952000,139.5,1,139.5,113,140.0,146,2,2022-08-17 09:01:25
1660726885191614000,139.5,1,139.5,112,140.0,145,2,2022-08-17 09:01:25
1660726885195802000,139.5,1,139.5,111,140.0,145,2,2022-08-17 09:01:25
1660726885202649000,139.5,1,139.5,110,140.0,145,2,2022-08-17 09:01:25
1660726885213418000,139.5,1,139.5,109,140.0,145,2,2022-08-17 09:01:25
1660726885221215000,139.5,1,139.5,108,140.0,145,2,2022-08-17 09:01:25
1660726885222353000,139.5,1,139.5,107,140.0,145,2,2022-08-17 09:01:25
1660726885223603000,139.5,1,139.5,106,140.0,145,2,2022-08-17 09:01:25
1660726885230905000,139.5,1,139.5,105,140.0,145,2,2022-08-17 09:01:25
1660726885253904000,139.5,1,139.5,105,140.0,146,2,2022-08-17 09:01:25
1660726885286911000,139.5,1,139.5,106,140.0,146,2,2022-08-17 09:01:25
1660726885332444000,139.5,1,139.5,104,140.0,146,2,2022-08-17 09:01:25
1660726885433214000,140.0,3,139.5,101,140.0,144,1,2022-08-17 09:01:25
1660726885519657000,140.0,1,139.5,101,140.0,143,1,2022-08-17 09:01:25
1660726885668736000,140.0,1,139.5,101,140.0,142,1,2022-08-17 09:01:25
1660726885692510000,140.0,1,139.5,101,140.0,142,1,2022-08-17 09:01:25
1660726885809669000,139.5,50,139.5,101,140.0,142,2,2022-08-17 09:01:25
1660726885846715000,139.5,1,139.5,50,140.0,142,2,2022-08-17 09:01:25
1660726885876828000,140.0,2,139.5,50,140.0,140,1,2022-08-17 09:01:25
1660726885940599000,140.0,1,139.5,50,140.0,140,1,2022-08-17 09:01:25
1660726886134926000,140.0,2,139.5,50,140.0,139,1,2022-08-17 09:01:26
1660726886304551000,140.0,5,139.5,50,140.0,136,1,2022-08-17 09:01:26
1660726886331542000,140.0,1,139.5,50,140.0,136,1,2022-08-17 09:01:26
1660726886332813000,140.0,1,139.5,50,140.0,135,1,2022-08-17 09:01:26
1660726886483977000,140.0,3,139.5,50,140.0,137,1,2022-08-17 09:01:26
1660726886721135000,140.0,1,139.5,50,140.0,136,1,2022-08-17 09:01:26
1660726886905656000,139.5,1,139.5,49,140.0,137,2,2022-08-17 09:01:26
1660726886954394000,139.5,10,139.5,39,140.0,140,2,2022-08-17 09:01:26
1660726886956665000,139.5,1,139.5,38,140.0,140,2,2022-08-17 09:01:26
1660726887015482000,139.5,1,139.5,37,140.0,141,2,2022-08-17 09:01:27
1660726887061384000,139.5,10,139.5,27,140.0,141,2,2022-08-17 09:01:27
1660726887110478000,139.5,1,139.5,26,140.0,141,2,2022-08-17 09:01:27
1660726887178179000,140.0,1,139.5,27,140.0,140,1,2022-08-17 09:01:27
1660726887238566000,140.0,1,139.5,26,140.0,139,1,2022-08-17 09:01:27
1660726887302593000,139.5,1,139.5,26,140.0,140,2,2022-08-17 09:01:27
1660726887361490000,139.5,1,139.5,25,140.0,139,2,2022-08-17 09:01:27
1660726887361507000,139.5,1,139.5,24,140.0,139,2,2022-08-17 09:01:27
1660726887403119000,139.5,1,139.5,23,140.0,140,2,2022-08-17 09:01:27
1660726887414136000,139.5,2,139.5,21,140.0,140,2,2022-08-17 09:01:27
1660726887624861000,139.5,2,139.5,19,140.0,140,2,2022-08-17 09:01:27
1660726887642863000,140.0,1,139.5,19,140.0,139,1,2022-08-17 09:01:27
1660726887869667000,139.5,1,139.5,24,140.0,141,2,2022-08-17 09:01:27
1660726887876716000,139.5,1,139.5,23,140.0,141,2,2022-08-17 09:01:27
1660726887926325000,140.0,2,139.5,23,140.0,139,1,2022-08-17 09:01:27
1660726888122103000,139.5,1,139.5,22,140.0,159,2,2022-08-17 09:01:28
1660726888376648000,140.0,1,139.5,22,140.0,158,1,2022-08-17 09:01:28
1660726888386069000,140.0,2,139.5,22,140.0,156,1,2022-08-17 09:01:28
1660726888392242000,139.5,1,139.5,21,140.0,156,2,2022-08-17 09:01:28
1660726888417727000,140.0,1,139.5,21,140.0,155,1,2022-08-17 09:01:28
1660726888533724000,139.5,1,139.5,20,140.0,155,2,2022-08-17 09:01:28
1660726888871482000,139.5,1,139.5,19,140.0,161,2,2022-08-17 09:01:28
1660726889108188000,139.5,1,139.5,20,140.0,162,2,2022-08-17 09:01:29
1660726889234707000,139.5,1,139.5,19,140.0,162,2,2022-08-17 09:01:29
1660726889249015000,139.5,19,139.0,219,139.5,1,2,2022-08-17 09:01:29
1660726889282511000,139.5,1,139.0,219,140.0,162,1,2022-08-17 09:01:29
1660726889312570000,139.0,1,139.0,216,140.0,164,2,2022-08-17 09:01:29
1660726889350745000,139.5,1,139.0,218,140.0,162,2,2022-08-17 09:01:29
1660726889352466000,140.0,5,139.0,218,140.0,157,1,2022-08-17 09:01:29
1660726889825348000,140.0,1,139.0,215,140.0,157,1,2022-08-17 09:01:29
1660726889951674000,139.0,1,139.0,215,140.0,157,2,2022-08-17 09:01:29
1660726890469768000,139.5,1,139.5,16,140.0,166,2,2022-08-17 09:01:30
1660726890502078000,139.5,1,139.5,15,140.0,166,2,2022-08-17 09:01:30
1660726890548458000,140.0,2,139.5,15,140.0,164,1,2022-08-17 09:01:30
1660726890661979000,139.5,1,139.5,14,140.0,164,2,2022-08-17 09:01:30
1660726890710149000,139.5,1,139.5,13,140.0,164,2,2022-08-17 09:01:30
1660726891037838000,139.5,2,139.5,12,140.0,136,2,2022-08-17 09:01:31
1660726891219585000,139.5,2,139.5,10,140.0,137,2,2022-08-17 09:01:31
1660726891645650000,140.0,1,139.5,10,140.0,142,1,2022-08-17 09:01:31
1660726891723353000,139.5,1,139.5,9,140.0,142,2,2022-08-17 09:01:31
1660726891865779000,139.5,1,139.5,8,140.0,142,2,2022-08-17 09:01:31
1660726891993925000,139.5,1,139.5,7,140.0,141,2,2022-08-17 09:01:31
1660726892460975000,139.5,1,139.5,9,140.0,140,2,2022-08-17 09:01:32
1660726892917562000,139.5,1,139.5,8,140.0,141,2,2022-08-17 09:01:32
1660726893008882000,139.5,1,139.5,7,140.0,141,2,2022-08-17 09:01:33
1660726893191589000,139.5,2,139.5,5,140.0,141,2,2022-08-17 09:01:33
1660726893285533000,139.5,1,139.5,4,140.0,146,2,2022-08-17 09:01:33
1660726893408349000,140.0,17,139.5,4,140.0,129,1,2022-08-17 09:01:33
1660726893893457000,139.5,1,139.5,55,140.0,133,2,2022-08-17 09:01:33
1660726893992155000,139.5,1,139.5,54,140.0,133,2,2022-08-17 09:01:33
1660726894368179000,139.5,1,139.5,58,140.0,134,2,2022-08-17 09:01:34
1660726894434106000,139.5,1,139.5,58,140.0,134,2,2022-08-17 09:01:34
1660726894454106000,140.0,1,139.5,58,140.0,133,1,2022-08-17 09:01:34
1660726894682623000,139.5,1,139.5,58,140.0,131,2,2022-08-17 09:01:34
1660726895146075000,139.5,1,139.5,78,140.0,118,2,2022-08-17 09:01:35
1660726895157348000,139.5,10,139.5,68,140.0,118,2,2022-08-17 09:01:35
1660726895192615000,139.5,1,139.5,67,140.0,118,2,2022-08-17 09:01:35
1660726895231557000,139.5,10,139.5,57,140.0,118,2,2022-08-17 09:01:35
1660726895245914000,139.5,1,139.5,56,140.0,118,2,2022-08-17 09:01:35
1660726895596647000,139.5,20,139.5,36,140.0,124,2,2022-08-17 09:01:35
1660726895626812000,139.5,1,139.5,35,140.0,124,2,2022-08-17 09:01:35
1660726895628212000,139.5,1,139.5,34,140.0,124,2,2022-08-17 09:01:35
1660726896262399000,140.0,1,139.5,34,140.0,125,1,2022-08-17 09:01:36
1660726896610174000,140.0,1,139.5,40,140.0,125,1,2022-08-17 09:01:36
1660726896649926000,139.5,1,139.5,39,140.0,125,2,2022-08-17 09:01:36
1660726896741073000,139.5,1,139.5,39,140.0,125,2,2022-08-17 09:01:36
1660726896898010000,139.5,1,139.5,37,140.0,127,2,2022-08-17 09:01:36
1660726897078236000,139.5,3,139.5,49,140.0,129,2,2022-08-17 09:01:37
1660726897118491000,139.5,1,139.5,48,140.0,129,2,2022-08-17 09:01:37
1660726897137593000,139.5,1,139.5,47,140.0,129,2,2022-08-17 09:01:37
1660726897388981000,139.5,2,139.5,45,140.0,131,2,2022-08-17 09:01:37
1660726897561435000,140.0,1,139.5,46,140.0,130,1,2022-08-17 09:01:37
1660726897583417000,139.5,8,139.5,38,140.0,130,2,2022-08-17 09:01:37
1660726897747135000,139.5,1,139.5,46,140.0,131,2,2022-08-17 09:01:37
1660726897904439000,139.5,2,139.5,35,140.0,131,2,2022-08-17 09:01:37
1660726897908818000,139.5,5,139.5,30,140.0,131,2,2022-08-17 09:01:37
1660726898191539000,139.5,1,139.5,29,140.0,132,2,2022-08-17 09:01:38
1660726898909983000,139.5,5,139.5,12,140.0,132,2,2022-08-17 09:01:38
1660726899060206000,139.5,1,139.5,11,140.0,132,2,2022-08-17 09:01:39
1660726899074449000,139.5,1,139.5,10,140.0,132,2,2022-08-17 09:01:39
1660726899709591000,139.5,2,139.5,13,140.0,135,2,2022-08-17 09:01:39
1660726899930484000,139.5,1,139.5,12,140.0,137,2,2022-08-17 09:01:39
1660726900263215000,139.5,2,139.5,11,140.0,138,2,2022-08-17 09:01:40
1660726900391314000,139.5,1,139.5,12,140.0,138,2,2022-08-17 09:01:40
1660726900433780000,139.5,2,139.5,10,140.0,138,2,2022-08-17 09:01:40
1660726900447722000,139.5,1,139.5,9,140.0,138,2,2022-08-17 09:01:40
1660726900535653000,139.5,3,139.5,6,140.0,138,2,2022-08-17 09:01:40
1660726900764115000,139.5,10,139.0,237,140.0,139,2,2022-08-17 09:01:40
1660726900906426000,139.0,5,139.0,236,140.0,139,2,2022-08-17 09:01:40
1660726901363740000,139.0,1,139.0,235,139.5,4,2,2022-08-17 09:01:41
1660726901657205000,139.5,2,139.0,236,139.5,24,1,2022-08-17 09:01:41
1660726902109045000,139.5,3,139.0,226,139.5,38,1,2022-08-17 09:01:42
1660726902709996000,139.5,3,139.0,229,139.5,36,1,2022-08-17 09:01:42
1660726902731369000,139.5,1,139.0,229,139.5,39,1,2022-08-17 09:01:42
1660726903164020000,139.5,2,139.0,229,139.5,33,1,2022-08-17 09:01:43
1660726903222456000,139.5,1,139.0,229,139.5,33,1,2022-08-17 09:01:43
1660726903303390000,139.5,1,139.0,229,139.5,34,1,2022-08-17 09:01:43
1660726903629428000,139.5,1,139.0,230,139.5,40,1,2022-08-17 09:01:43
1660726903902102000,139.0,5,139.0,225,139.5,40,2,2022-08-17 09:01:43
1660726903944822000,139.0,1,139.0,224,139.5,40,2,2022-08-17 09:01:43
1660726904065114000,139.0,1,139.0,223,139.5,40,2,2022-08-17 09:01:44
1660726904673950000,139.5,1,139.0,223,139.5,41,1,2022-08-17 09:01:44
1660726905598580000,139.0,3,139.0,221,139.5,44,2,2022-08-17 09:01:45
1660726905776692000,139.5,1,139.0,220,139.5,44,1,2022-08-17 09:01:45
1660726905904567000,139.0,5,139.0,216,139.5,43,2,2022-08-17 09:01:45
1660726905942541000,139.0,1,139.0,215,139.5,43,2,2022-08-17 09:01:45
1660726906999229000,139.5,1,139.0,218,139.5,46,1,2022-08-17 09:01:46
1660726907646166000,139.5,10,139.0,217,139.5,46,1,2022-08-17 09:01:47
1660726907854149000,139.5,1,139.0,218,139.5,46,1,2022-08-17 09:01:47
1660726907955766000,139.0,2,139.0,218,139.5,46,2,2022-08-17 09:01:47
1660726908738411000,139.5,1,139.0,219,139.5,47,1,2022-08-17 09:01:48
1660726909256097000,139.0,5,139.0,220,139.5,49,2,2022-08-17 09:01:49
1660726909414592000,139.0,1,139.0,215,139.5,54,2,2022-08-17 09:01:49
1660726909790025000,139.5,1,139.0,224,139.5,55,1,2022-08-17 09:01:49
1660726910463802000,139.5,4,139.0,224,139.5,50,1,2022-08-17 09:01:50
1660726910907482000,139.0,5,139.0,216,139.5,51,2,2022-08-17 09:01:50
1660726910933867000,139.0,1,139.0,215,139.5,56,2,2022-08-17 09:01:50
1660726911031240000,139.5,1,139.0,215,139.5,56,1,2022-08-17 09:01:51
1660726911445904000,139.5,1,139.0,215,139.5,56,1,2022-08-17 09:01:51
1660726911669174000,139.5,5,139.0,215,139.5,52,1,2022-08-17 09:01:51
1660726911937615000,139.0,1,139.0,214,139.5,63,2,2022-08-17 09:01:51
1660726912329709000,139.0,1,139.0,214,139.5,63,2,2022-08-17 09:01:52
1660726913467699000,139.0,150,139.0,66,139.5,66,2,2022-08-17 09:01:53
1660726913497670000,139.0,59,139.0,7,139.5,66,2,2022-08-17 09:01:53
1660726913502548000,139.0,1,139.0,6,139.5,72,2,2022-08-17 09:01:53
1660726913503155000,139.0,1,139.0,5,139.5,72,2,2022-08-17 09:01:53
1660726913510303000,139.5,1,139.0,5,139.5,71,1,2022-08-17 09:01:53
1660726913517618000,139.0,1,139.0,4,139.5,71,2,2022-08-17 09:01:53
1660726913530879000,139.0,4,138.5,157,139.5,71,2,2022-08-17 09:01:53
1660726913671793000,139.0,1,138.5,163,139.0,3,1,2022-08-17 09:01:53
1660726913903406000,138.5,5,138.5,156,139.0,2,2,2022-08-17 09:01:53
1660726914014939000,139.0,1,138.5,156,139.0,2,1,2022-08-17 09:01:54
1660726914105325000,139.0,1,138.5,156,139.0,1,1,2022-08-17 09:01:54
1660726914176049000,139.0,1,138.5,156,139.5,67,1,2022-08-17 09:01:54
1660726914406726000,139.5,5,138.5,173,139.5,60,1,2022-08-17 09:01:54
1660726914441844000,139.5,1,138.5,173,139.5,59,1,2022-08-17 09:01:54
1660726914587738000,139.5,5,139.0,1,139.5,54,1,2022-08-17 09:01:54
1660726915526140000,139.0,1,139.0,11,139.5,56,2,2022-08-17 09:01:55
1660726915621045000,139.5,1,139.0,11,139.5,55,1,2022-08-17 09:01:55
1660726915647368000,139.5,1,139.0,11,139.5,54,1,2022-08-17 09:01:55
1660726915698415000,139.0,1,139.0,10,139.5,54,2,2022-08-17 09:01:55
1660726915728078000,139.0,2,139.0,8,139.5,56,2,2022-08-17 09:01:55
1660726915897556000,139.0,2,139.0,6,139.5,56,2,2022-08-17 09:01:55
1660726915902007000,139.0,5,139.0,1,139.5,56,2,2022-08-17 09:01:55
1660726916022046000,139.5,1,139.0,1,139.5,59,1,2022-08-17 09:01:56
1660726916070638000,139.0,1,138.5,177,139.5,59,2,2022-08-17 09:01:56
1660726916156114000,139.0,1,138.5,175,139.0,6,1,2022-08-17 09:01:56
1660726916360393000,139.0,2,138.5,170,139.0,4,1,2022-08-17 09:01:56
1660726916472910000,138.5,1,138.5,169,139.0,4,2,2022-08-17 09:01:56
1660726916636306000,139.0,1,138.5,169,139.0,5,1,2022-08-17 09:01:56
1660726916743145000,139.0,1,138.5,169,139.0,4,1,2022-08-17 09:01:56
1660726916817537000,139.0,1,138.5,168,139.0,3,1,2022-08-17 09:01:56
1660726917130099000,139.0,1,138.5,167,139.0,4,1,2022-08-17 09:01:57
1660726917360255000,139.0,1,138.5,167,139.0,35,1,2022-08-17 09:01:57
1660726917483001000,139.0,1,138.5,167,139.0,34,1,2022-08-17 09:01:57
1660726917586161000,139.0,1,138.5,167,139.0,33,1,2022-08-17 09:01:57
1660726917896224000,138.5,5,138.5,162,139.0,40,2,2022-08-17 09:01:57
1660726918511734000,139.0,1,138.5,167,139.0,39,1,2022-08-17 09:01:58
1660726918534246000,138.5,3,138.5,164,139.0,39,2,2022-08-17 09:01:58
1660726918563138000,138.5,1,138.5,163,139.0,40,2,2022-08-17 09:01:58
1660726918687701000,138.5,4,138.5,159,139.0,40,2,2022-08-17 09:01:58
1660726918716730000,138.5,1,138.5,158,139.0,40,2,2022-08-17 09:01:58
1660726918722488000,138.5,1,138.5,157,139.0,40,2,2022-08-17 09:01:58
1660726918854460000,139.0,1,138.5,157,139.0,40,1,2022-08-17 09:01:58
1660726918884785000,138.5,1,138.5,156,139.0,40,2,2022-08-17 09:01:58
1660726919626130000,138.5,1,138.5,156,139.0,42,2,2022-08-17 09:01:59
1660726920121388000,138.5,3,138.5,151,139.0,46,2,2022-08-17 09:02:00
1660726920315485000,138.5,1,138.5,150,139.0,46,2,2022-08-17 09:02:00
1660726920321553000,139.0,5,138.5,150,139.0,41,1,2022-08-17 09:02:00
1660726920910816000,138.5,10,138.5,127,139.0,43,2,2022-08-17 09:02:00
1660726920943090000,138.5,1,138.5,126,139.0,49,2,2022-08-17 09:02:00
1660726921228749000,138.5,5,138.5,105,139.0,69,2,2022-08-17 09:02:01
1660726921450728000,138.5,3,138.5,101,139.0,69,2,2022-08-17 09:02:01
1660726921476673000,138.5,1,138.5,100,139.0,69,2,2022-08-17 09:02:01
1660726922091243000,138.5,5,138.5,96,139.0,70,2,2022-08-17 09:02:02
1660726922306667000,138.5,2,138.5,94,139.0,73,2,2022-08-17 09:02:02
1660726922364540000,138.5,1,138.5,93,139.0,74,2,2022-08-17 09:02:02
1660726922573732000,139.0,2,138.5,95,139.0,73,1,2022-08-17 09:02:02
1660726922651877000,138.5,70,138.5,25,139.0,73,2,2022-08-17 09:02:02
1660726922684868000,138.5,2,138.5,23,139.0,73,2,2022-08-17 09:02:02
1660726922685098000,138.5,3,138.5,20,139.0,73,2,2022-08-17 09:02:02
1660726922711599000,138.5,5,138.5,15,139.0,73,2,2022-08-17 09:02:02
1660726922714195000,139.0,1,138.5,20,139.0,73,1,2022-08-17 09:02:02
1660726922911960000,138.5,5,138.5,10,139.0,72,2,2022-08-17 09:02:02
1660726923173541000,138.5,1,138.5,13,139.0,77,2,2022-08-17 09:02:03
1660726923256753000,138.5,1,138.5,12,139.0,77,2,2022-08-17 09:02:03
1660726923306461000,138.5,1,138.5,11,139.0,77,2,2022-08-17 09:02:03
1660726923458837000,139.0,1,138.5,11,139.0,77,1,2022-08-17 09:02:03
1660726923887800000,139.0,1,138.5,12,139.0,78,1,2022-08-17 09:02:03
1660726924335241000,138.5,1,138.5,12,139.0,79,2,2022-08-17 09:02:04
1660726924343290000,139.0,5,138.5,12,139.0,74,1,2022-08-17 09:02:04
1660726924519701000,138.5,3,138.5,59,139.0,75,2,2022-08-17 09:02:04
1660726924649800000,138.5,2,138.5,57,139.0,75,2,2022-08-17 09:02:04
1660726924794219000,138.5,1,138.5,57,139.0,75,2,2022-08-17 09:02:04
1660726924894846000,138.5,1,138.5,55,139.0,75,2,2022-08-17 09:02:04
1660726924898673000,138.5,1,138.5,54,139.0,75,2,2022-08-17 09:02:04
1660726924997893000,139.0,1,138.5,54,139.0,74,1,2022-08-17 09:02:04
1660726925394405000,139.0,1,138.5,54,139.0,77,1,2022-08-17 09:02:05
1660726925428538000,138.5,5,138.5,50,139.0,77,2,2022-08-17 09:02:05
1660726925429605000,138.5,2,138.5,48,139.0,77,2,2022-08-17 09:02:05
1660726925768447000,138.5,7,138.5,55,139.0,79,2,2022-08-17 09:02:05
1660726925850340000,138.5,1,138.5,47,139.0,78,2,2022-08-17 09:02:05
1660726925897048000,138.5,5,138.5,43,139.0,78,2,2022-08-17 09:02:05
1660726926049105000,138.5,1,138.5,43,139.0,79,2,2022-08-17 09:02:06
1660726926548636000,138.5,2,138.5,52,139.0,81,2,2022-08-17 09:02:06
1660726926565128000,138.5,1,138.5,51,139.0,81,2,2022-08-17 09:02:06
1660726926585110000,138.5,1,138.5,50,139.0,81,2,2022-08-17 09:02:06
1660726926645236000,138.5,2,138.5,49,139.0,79,2,2022-08-17 09:02:06
1660726927328614000,138.5,1,138.5,63,139.0,79,2,2022-08-17 09:02:07
1660726927893077000,138.5,5,138.5,63,139.0,80,2,2022-08-17 09:02:07
1660726928242016000,138.5,1,138.5,64,139.0,81,2,2022-08-17 09:02:08
1660726928719423000,139.0,1,138.5,66,139.0,81,1,2022-08-17 09:02:08
1660726928927427000,138.5,2,138.5,65,139.0,81,2,2022-08-17 09:02:08
1660726928944522000,138.5,1,138.5,64,139.0,81,2,2022-08-17 09:02:08
1660726930488122000,138.5,2,138.5,79,139.0,86,2,2022-08-17 09:02:10
1660726930731496000,138.5,1,138.5,83,139.0,88,2,2022-08-17 09:02:10
1660726930889085000,138.5,5,138.5,77,139.0,88,2,2022-08-17 09:02:10
1660726930925614000,138.5,1,138.5,76,139.0,88,2,2022-08-17 09:02:10
1660726931570651000,138.5,19,138.5,54,139.0,88,2,2022-08-17 09:02:11
1660726932240611000,138.5,7,138.5,58,139.0,88,2,2022-08-17 09:02:12
1660726932524256000,138.5,1,138.5,50,139.0,89,2,2022-08-17 09:02:12
1660726933145242000,138.5,1,138.5,53,139.0,89,2,2022-08-17 09:02:13
1660726933297428000,138.5,1,138.5,53,139.0,89,2,2022-08-17 09:02:13
1660726933383982000,138.5,5,138.5,48,139.0,89,2,2022-08-17 09:02:13
1660726933755633000,138.5,1,138.5,47,139.0,89,2,2022-08-17 09:02:13
1660726933994688000,138.5,1,138.5,47,139.0,89,2,2022-08-17 09:02:13
1660726934012586000,138.5,1,138.5,46,139.0,89,2,2022-08-17 09:02:14
1660726934102098000,138.5,1,138.5,45,139.0,89,2,2022-08-17 09:02:14
1660726934718838000,138.5,30,138.5,8,139.0,90,2,2022-08-17 09:02:14
1660726934824751000,138.5,5,138.5,3,139.0,90,2,2022-08-17 09:02:14
1660726935212913000,138.5,1,138.5,55,139.0,88,2,2022-08-17 09:02:15
1660726935374618000,139.0,1,138.5,54,139.0,87,1,2022-08-17 09:02:15
1660726935813541000,138.5,1,138.5,63,139.0,87,2,2022-08-17 09:02:15
1660726935832581000,138.5,5,138.5,58,139.0,87,2,2022-08-17 09:02:15
1660726935888161000,138.5,5,138.5,53,139.0,87,2,2022-08-17 09:02:15
1660726935984571000,138.5,1,138.5,52,139.0,87,2,2022-08-17 09:02:15
1660726936016068000,138.5,1,138.5,51,139.0,88,2,2022-08-17 09:02:16
1660726936042180000,138.5,2,138.5,49,139.0,88,2,2022-08-17 09:02:16
1660726936467555000,138.5,20,138.5,81,139.0,89,2,2022-08-17 09:02:16
1660726936527085000,138.5,1,138.5,80,139.0,89,2,2022-08-17 09:02:16
1660726936575829000,138.5,1,138.5,130,139.0,88,2,2022-08-17 09:02:16
1660726936576040000,138.5,1,138.5,129,139.0,88,2,2022-08-17 09:02:16
1660726936674626000,139.0,14,138.5,130,139.0,96,1,2022-08-17 09:02:16
1660726936923038000,138.5,1,138.5,129,139.0,82,2,2022-08-17 09:02:16
1660726937688025000,139.0,4,138.5,132,139.0,79,1,2022-08-17 09:02:17
1660726937698246000,138.5,10,138.5,122,139.0,79,2,2022-08-17 09:02:17
1660726937887240000,138.5,5,138.5,24,139.0,80,2,2022-08-17 09:02:17
1660726938197527000,138.5,1,138.5,29,139.0,82,2,2022-08-17 09:02:18
1660726938256228000,138.5,2,138.5,27,139.0,82,2,2022-08-17 09:02:18
1660726938309312000,138.5,1,138.5,26,139.0,81,2,2022-08-17 09:02:18
1660726938341253000,138.5,1,138.5,25,139.0,81,2,2022-08-17 09:02:18
1660726938435020000,138.5,1,138.5,24,139.0,80,2,2022-08-17 09:02:18
1660726938479859000,138.5,1,138.5,23,139.0,80,2,2022-08-17 09:02:18
1660726938560830000,138.5,3,138.5,24,139.0,80,2,2022-08-17 09:02:18
1660726938812658000,138.5,2,138.5,18,139.0,80,2,2022-08-17 09:02:18
1660726938876654000,139.0,2,138.5,18,139.0,78,1,2022-08-17 09:02:18
1660726939586451000,138.5,1,138.5,20,139.0,78,2,2022-08-17 09:02:19
1660726939890366000,138.5,5,138.5,14,139.0,78,2,2022-08-17 09:02:19
1660726940490771000,139.0,2,138.5,15,139.0,76,1,2022-08-17 09:02:20
1660726940514462000,138.5,1,138.5,14,139.0,75,2,2022-08-17 09:02:20
1660726940780793000,138.5,1,138.5,16,139.0,75,2,2022-08-17 09:02:20
1660726941043322000,138.5,10,138.5,5,139.0,75,2,2022-08-17 09:02:21
1660726941155138000,138.5,6,138.0,148,139.0,75,2,2022-08-17 09:02:21
1660726941155138000,138.0,44,138.0,148,139.0,75,2,2022-08-17 09:02:21
1660726941530896000,138.5,2,138.0,147,138.5,5,1,2022-08-17 09:02:21
1660726941621113000,138.0,3,138.0,144,138.5,5,2,2022-08-17 09:02:21
1660726941856707000,138.5,1,138.0,144,138.5,6,1,2022-08-17 09:02:21
1660726941953883000,138.5,1,138.0,144,138.5,5,1,2022-08-17 09:02:21
1660726942041188000,138.5,1,138.0,144,138.5,5,1,2022-08-17 09:02:22
1660726942218936000,138.5,1,138.0,144,138.5,4,1,2022-08-17 09:02:22
1660726942488112000,138.5,11,138.0,144,138.5,2,1,2022-08-17 09:02:22
1660726942591514000,138.5,1,138.0,144,138.5,1,1,2022-08-17 09:02:22
1660726942884609000,138.0,5,138.0,140,138.5,6,2,2022-08-17 09:02:22
1660726942909366000,138.5,3,138.0,140,138.5,3,1,2022-08-17 09:02:22
1660726943198289000,138.5,1,138.0,141,138.5,3,1,2022-08-17 09:02:23
1660726944928192000,138.5,1,138.0,143,138.5,5,1,2022-08-17 09:02:24
1660726945206819000,138.0,5,138.0,138,138.5,7,2,2022-08-17 09:02:25
1660726945457503000,138.5,1,138.0,138,138.5,7,1,2022-08-17 09:02:25
1660726946883800000,138.0,1,138.0,137,138.5,16,2,2022-08-17 09:02:26
1660726946906574000,138.0,1,138.0,136,138.5,16,2,2022-08-17 09:02:26
1660726947883065000,138.0,5,138.0,122,138.5,26,2,2022-08-17 09:02:27
1660726948292240000,138.0,1,138.0,122,138.5,26,2,2022-08-17 09:02:28
1660726948440966000,138.5,1,138.0,122,138.5,25,1,2022-08-17 09:02:28
1660726948894162000,138.5,5,138.0,122,138.5,21,1,2022-08-17 09:02:28
1660726949172563000,138.5,1,138.0,122,138.5,22,1,2022-08-17 09:02:29
1660726949272581000,138.0,2,138.0,120,138.5,22,2,2022-08-17 09:02:29
1660726949363927000,138.5,2,138.0,120,138.5,20,1,2022-08-17 09:02:29
1660726949559817000,138.5,5,138.0,120,138.5,35,1,2022-08-17 09:02:29
1660726949888805000,138.0,5,138.0,114,138.5,36,2,2022-08-17 09:02:29
1660726950951387000,138.5,1,138.0,114,138.5,38,1,2022-08-17 09:02:30
1660726951947153000,138.0,20,138.0,110,138.5,48,2,2022-08-17 09:02:31
1660726951974102000,138.0,1,138.0,109,138.5,48,2,2022-08-17 09:02:31
1660726952058047000,138.0,1,138.0,108,138.5,48,2,2022-08-17 09:02:32
1660726952367960000,138.5,5,138.0,104,138.5,47,1,2022-08-17 09:02:32
1660726952883874000,138.0,5,138.0,104,138.5,48,2,2022-08-17 09:02:32
1660726952914300000,138.0,1,138.0,103,138.5,48,2,2022-08-17 09:02:32
1660726952916199000,138.0,1,138.0,102,138.5,48,2,2022-08-17 09:02:32
1660726953349248000,138.5,1,138.0,98,138.5,48,1,2022-08-17 09:02:33
1660726953888863000,138.0,1,138.0,99,138.5,49,2,2022-08-17 09:02:33
1660726954704413000,138.0,1,138.0,102,138.5,59,2,2022-08-17 09:02:34
1660726954849072000,138.0,1,138.0,101,138.5,65,2,2022-08-17 09:02:34
1660726954878416000,138.0,5,138.0,96,138.5,65,2,2022-08-17 09:02:34
1660726954912712000,138.0,1,138.0,95,138.5,65,2,2022-08-17 09:02:34
1660726955647525000,138.5,1,138.0,99,138.5,64,1,2022-08-17 09:02:35
1660726955706086000,138.0,1,138.0,99,138.5,65,2,2022-08-17 09:02:35
1660726956494297000,138.0,2,138.0,152,138.5,65,2,2022-08-17 09:02:36
1660726957163474000,138.0,2,138.0,199,138.5,65,2,2022-08-17 09:02:37
1660726957556237000,138.0,5,138.0,197,138.5,67,2,2022-08-17 09:02:37
1660726957591397000,138.0,5,138.0,202,138.5,67,2,2022-08-17 09:02:37
1660726957883433000,138.0,5,138.0,187,138.5,67,2,2022-08-17 09:02:37
1660726958185449000,138.5,2,138.0,187,138.5,66,1,2022-08-17 09:02:38
1660726958252233000,138.5,1,138.0,187,138.5,66,1,2022-08-17 09:02:38
1660726958446229000,138.0,1,138.0,186,138.5,65,2,2022-08-17 09:02:38
1660726958582705000,138.5,6,138.0,186,138.5,59,1,2022-08-17 09:02:38
1660726958693064000,138.0,4,138.0,183,138.5,53,2,2022-08-17 09:02:38
1660726958861449000,138.0,1,138.0,185,138.5,54,2,2022-08-17 09:02:38
1660726959756263000,138.0,1,138.0,184,138.5,56,2,2022-08-17 09:02:39
1660726959877042000,138.0,5,138.0,180,138.5,56,2,2022-08-17 09:02:39
1660726960429656000,138.5,1,138.0,180,138.5,55,1,2022-08-17 09:02:40
1660726960483222000,138.0,1,138.0,179,138.5,55,2,2022-08-17 09:02:40
1660726960783561000,138.0,4,138.0,182,138.5,55,2,2022-08-17 09:02:40
1660726960932617000,138.5,2,138.0,179,138.5,53,1,2022-08-17 09:02:40
1660726961062822000,138.5,1,138.0,180,138.5,52,1,2022-08-17 09:02:41
1660726961593759000,138.0,2,138.0,179,138.5,52,2,2022-08-17 09:02:41
1660726961790120000,138.0,1,138.0,181,138.5,52,2,2022-08-17 09:02:41
1660726961874271000,138.0,5,138.0,173,138.5,52,2,2022-08-17 09:02:41
1660726961915056000,138.0,1,138.0,172,138.5,52,2,2022-08-17 09:02:41
1660726962173324000,138.0,20,138.0,152,138.5,53,2,2022-08-17 09:02:42
1660726962215106000,138.0,1,138.0,172,138.5,53,2,2022-08-17 09:02:42
1660726963198324000,138.5,1,138.0,151,138.5,53,1,2022-08-17 09:02:43
1660726963284284000,138.0,2,138.0,151,138.5,53,2,2022-08-17 09:02:43
1660726963443207000,138.5,2,138.0,149,138.5,51,1,2022-08-17 09:02:43
1660726964345109000,138.0,1,138.0,148,138.5,51,2,2022-08-17 09:02:44
1660726964452666000,138.0,1,138.0,147,138.5,51,2,2022-08-17 09:02:44
1660726964878200000,138.0,5,138.0,142,138.5,51,2,2022-08-17 09:02:44
1660726965788732000,138.0,1,138.0,150,138.5,51,2,2022-08-17 09:02:45
1660726966272702000,138.0,1,138.0,152,138.5,52,2,2022-08-17 09:02:46
1660726966628365000,138.0,1,138.0,150,138.5,53,2,2022-08-17 09:02:46
1660726966874101000,138.0,5,138.0,145,138.5,53,2,2022-08-17 09:02:46
1660726967993605000,138.0,5,138.0,140,138.5,53,2,2022-08-17 09:02:47
1660726969254728000,138.0,1,138.0,154,138.5,53,2,2022-08-17 09:02:49
1660726969788326000,138.5,1,138.0,161,138.5,54,1,2022-08-17 09:02:49
1660726969870578000,138.0,5,138.0,156,138.5,54,2,2022-08-17 09:02:49
1660726970351673000,138.0,2,138.0,155,138.5,57,2,2022-08-17 09:02:50
1660726971000919000,138.5,3,138.0,152,138.5,54,1,2022-08-17 09:02:51
1660726971870910000,138.0,5,138.0,148,138.5,54,2,2022-08-17 09:02:51
1660726972160118000,138.0,3,138.0,145,138.5,54,2,2022-08-17 09:02:52
1660726972191577000,138.0,1,138.0,145,138.5,54,2,2022-08-17 09:02:52
1660726972333995000,138.0,1,138.0,144,138.5,54,2,2022-08-17 09:02:52
1660726972380789000,138.0,50,138.0,94,138.5,54,2,2022-08-17 09:02:52
1660726972422087000,138.0,1,138.0,93,138.5,60,2,2022-08-17 09:02:52
1660726972712889000,138.0,5,138.0,26,138.5,60,2,2022-08-17 09:02:52
1660726972745461000,138.0,3,138.0,27,138.5,60,2,2022-08-17 09:02:52
1660726972917304000,138.0,1,138.0,23,138.5,59,2,2022-08-17 09:02:52
1660726973407969000,138.0,1,138.0,22,138.5,61,2,2022-08-17 09:02:53
1660726973477378000,138.0,10,138.0,12,138.5,61,2,2022-08-17 09:02:53
1660726973622124000,138.5,1,138.0,12,138.5,60,1,2022-08-17 09:02:53
1660726974072434000,138.0,1,138.0,11,138.5,61,2,2022-08-17 09:02:54
1660726974106294000,138.0,4,138.0,7,138.5,61,2,2022-08-17 09:02:54
1660726974117067000,138.0,1,138.0,6,138.5,61,2,2022-08-17 09:02:54
1660726974480595000,138.0,1,138.0,7,138.5,61,2,2022-08-17 09:02:54
1660726974510393000,138.0,4,138.0,3,138.5,61,2,2022-08-17 09:02:54
1660726974513744000,138.0,1,138.0,2,138.5,61,2,2022-08-17 09:02:54
1660726974648941000,138.0,1,138.0,2,138.5,61,2,2022-08-17 09:02:54
1660726974738260000,138.0,1,138.0,1,138.5,61,2,2022-08-17 09:02:54
1660726974740495000,138.0,1,137.5,125,138.5,61,2,2022-08-17 09:02:54
1660726974870622000,137.5,5,137.5,124,138.0,3,2,2022-08-17 09:02:54
1660726975070290000,138.0,1,137.5,124,138.0,3,1,2022-08-17 09:02:55
1660726975098021000,137.5,1,137.5,123,138.0,4,2,2022-08-17 09:02:55
1660726975116908000,137.5,1,137.5,122,138.0,4,2,2022-08-17 09:02:55
1660726975329354000,137.5,1,137.5,121,138.0,8,2,2022-08-17 09:02:55
1660726975408948000,137.5,2,137.5,119,138.0,9,2,2022-08-17 09:02:55
1660726975569815000,137.5,1,137.5,119,138.0,9,2,2022-08-17 09:02:55
1660726975622214000,138.0,1,137.5,119,138.0,9,1,2022-08-17 09:02:55
1660726976091568000,137.5,1,137.5,118,138.0,16,2,2022-08-17 09:02:56
1660726976141088000,137.5,1,137.5,117,138.0,18,2,2022-08-17 09:02:56
1660726976382418000,137.5,1,137.5,116,138.0,19,2,2022-08-17 09:02:56
1660726976400850000,137.5,1,137.5,115,138.0,19,2,2022-08-17 09:02:56
1660726976530210000,137.5,1,137.5,114,138.0,19,2,2022-08-17 09:02:56
1660726976533345000,137.5,1,137.5,113,138.0,19,2,2022-08-17 09:02:56
1660726976562946000,137.5,1,137.5,112,138.0,19,2,2022-08-17 09:02:56
1660726976637702000,138.0,1,137.5,106,138.0,19,1,2022-08-17 09:02:56
1660726976869260000,137.5,5,137.5,101,138.0,18,2,2022-08-17 09:02:56
1660726976912579000,137.5,1,137.5,100,138.0,18,2,2022-08-17 09:02:56
1660726977145318000,137.5,1,137.5,99,138.0,19,2,2022-08-17 09:02:57
1660726977197192000,138.0,1,137.5,99,138.0,18,1,2022-08-17 09:02:57
1660726977351208000,138.0,1,137.5,98,138.0,17,1,2022-08-17 09:02:57
1660726977585413000,137.5,1,137.5,98,138.0,17,2,2022-08-17 09:02:57
1660726977866392000,137.5,1,137.5,96,138.0,17,2,2022-08-17 09:02:57
1660726978176281000,138.0,3,137.5,96,138.0,17,1,2022-08-17 09:02:58
1660726978464942000,137.5,2,137.5,94,138.0,14,2,2022-08-17 09:02:58
1660726978751249000,138.0,2,137.5,101,138.0,13,1,2022-08-17 09:02:58
1660726978865092000,137.5,5,137.5,96,138.0,13,2,2022-08-17 09:02:58
1660726978903989000,137.5,1,137.5,95,138.0,13,2,2022-08-17 09:02:58
1660726979167312000,137.5,1,137.5,94,138.0,22,2,2022-08-17 09:02:59
1660726979895422000,137.5,5,137.5,91,138.0,28,2,2022-08-17 09:02:59
1660726979947417000,138.0,1,137.5,91,138.0,34,1,2022-08-17 09:02:59
1660726980092758000,137.5,1,137.5,90,138.0,42,2,2022-08-17 09:03:00
1660726980116312000,137.5,3,137.5,87,138.0,42,2,2022-08-17 09:03:00
1660726980515561000,137.5,3,137.5,93,138.0,44,2,2022-08-17 09:03:00
1660726980966818000,137.5,6,137.5,88,138.0,46,2,2022-08-17 09:03:00
1660726980973194000,137.5,1,137.5,87,138.0,46,2,2022-08-17 09:03:00
1660726981033010000,137.5,1,137.5,86,138.0,55,2,2022-08-17 09:03:01
1660726981538129000,137.5,2,137.5,91,138.0,60,2,2022-08-17 09:03:01
1660726981618170000,137.5,1,137.5,90,138.0,60,2,2022-08-17 09:03:01
1660726981869553000,137.5,5,137.5,91,138.0,60,2,2022-08-17 09:03:01
1660726982142482000,137.5,3,137.5,88,138.0,60,2,2022-08-17 09:03:02
1660726982228981000,137.5,1,137.5,89,138.0,61,2,2022-08-17 09:03:02
1660726982242555000,137.5,5,137.5,90,138.0,61,2,2022-08-17 09:03:02
1660726982357749000,137.5,7,137.5,77,138.0,63,2,2022-08-17 09:03:02
1660726982387866000,137.5,1,137.5,76,138.0,63,2,2022-08-17 09:03:02
1660726982432966000,137.5,1,137.5,75,138.0,63,2,2022-08-17 09:03:02
1660726982507196000,137.5,2,137.5,73,138.0,63,2,2022-08-17 09:03:02
1660726983670742000,137.5,2,137.5,86,138.0,64,2,2022-08-17 09:03:03
1660726983868691000,137.5,5,137.5,83,138.0,64,2,2022-08-17 09:03:03
1660726983958541000,137.5,1,137.5,132,138.0,64,2,2022-08-17 09:03:03
1660726984601859000,137.5,5,137.5,250,138.0,64,2,2022-08-17 09:03:04
1660726984653358000,138.0,9,137.5,300,138.0,55,1,2022-08-17 09:03:04
1660726984688579000,138.0,24,137.5,300,138.0,32,1,2022-08-17 09:03:04
1660726984689548000,138.0,9,137.5,300,138.0,23,1,2022-08-17 09:03:04
1660726984720915000,138.0,23,137.5,300,138.5,51,1,2022-08-17 09:03:04
1660726984797470000,138.0,1,138.0,1,138.5,49,2,2022-08-17 09:03:04
1660726984886529000,138.0,1,138.0,5,138.5,49,2,2022-08-17 09:03:04
1660726985330326000,138.0,2,138.0,12,138.5,49,2,2022-08-17 09:03:05
1660726985433835000,138.0,5,138.0,12,138.5,49,2,2022-08-17 09:03:05
1660726985486410000,138.0,1,138.0,11,138.5,49,2,2022-08-17 09:03:05
1660726986224251000,138.0,1,138.0,46,138.5,43,2,2022-08-17 09:03:06
1660726986374842000,138.5,18,138.0,50,138.5,25,1,2022-08-17 09:03:06
1660726986452947000,138.0,52,137.5,69,138.5,20,2,2022-08-17 09:03:06
1660726986452947000,137.5,48,137.5,69,138.5,20,2,2022-08-17 09:03:06
1660726986620302000,138.0,1,137.5,67,138.0,7,1,2022-08-17 09:03:06
1660726986856304000,138.0,2,137.5,67,138.0,25,1,2022-08-17 09:03:06
1660726986863254000,137.5,5,137.5,62,138.0,25,2,2022-08-17 09:03:06
1660726986917151000,138.0,2,137.5,62,138.0,23,1,2022-08-17 09:03:06
1660726987132476000,138.0,1,137.5,63,138.0,22,1,2022-08-17 09:03:07
1660726987242167000,138.0,1,137.5,63,138.0,21,1,2022-08-17 09:03:07
1660726987266925000,138.0,1,137.5,69,138.0,21,1,2022-08-17 09:03:07
1660726987399432000,138.0,1,137.5,69,138.0,19,1,2022-08-17 09:03:07
1660726987575713000,138.0,1,137.5,69,138.0,18,1,2022-08-17 09:03:07
1660726987971925000,138.0,1,137.5,69,138.0,17,1,2022-08-17 09:03:07
1660726988353104000,138.0,1,137.5,69,138.0,16,1,2022-08-17 09:03:08
1660726988412372000,138.0,2,137.5,69,138.0,14,1,2022-08-17 09:03:08
1660726988457000000,138.0,1,137.5,70,138.0,13,1,2022-08-17 09:03:08
1660726988573115000,138.0,1,137.5,75,138.0,12,1,2022-08-17 09:03:08
1660726988875000000,137.5,5,137.5,70,138.0,16,2,2022-08-17 09:03:08
1660726988975986000,138.0,1,137.5,71,138.0,15,1,2022-08-17 09:03:08
1660726989279217000,138.0,1,137.5,77,138.0,15,1,2022-08-17 09:03:09
1660726989518452000,137.5,1,137.5,75,138.0,14,2,2022-08-17 09:03:09
1660726989528300000,138.0,10,137.5,75,138.0,4,1,2022-08-17 09:03:09
1660726989660858000,138.0,2,137.5,78,138.0,3,1,2022-08-17 09:03:09
1660726990017790000,138.0,1,137.5,79,138.0,14,1,2022-08-17 09:03:10
1660726990343372000,137.5,20,137.5,79,138.0,14,2,2022-08-17 09:03:10
1660726990381293000,137.5,1,137.5,65,138.0,13,2,2022-08-17 09:03:10
1660726990382281000,138.0,1,137.5,65,138.0,12,1,2022-08-17 09:03:10
1660726990382646000,137.5,1,137.5,64,138.0,12,2,2022-08-17 09:03:10
1660726990454979000,138.0,1,137.5,64,138.0,11,1,2022-08-17 09:03:10
1660726990475748000,138.0,11,137.5,64,138.5,25,1,2022-08-17 09:03:10
1660726990819321000,138.0,1,137.5,68,138.5,23,2,2022-08-17 09:03:10
1660726991065310000,138.0,1,138.0,2,138.5,24,2,2022-08-17 09:03:11
1660726991888584000,138.0,5,138.0,7,138.5,41,2,2022-08-17 09:03:11
1660726991938511000,138.0,8,137.5,75,138.0,2,2,2022-08-17 09:03:11
1660726992029703000,138.0,1,137.5,74,138.0,1,1,2022-08-17 09:03:12
1660726992177974000,138.0,1,137.5,74,138.0,1,1,2022-08-17 09:03:12
1660726992178477000,137.5,10,137.5,64,138.0,1,2,2022-08-17 09:03:12
1660726992205113000,138.0,1,138.0,1,138.5,42,1,2022-08-17 09:03:12
1660726992234426000,138.0,1,137.5,66,138.5,40,2,2022-08-17 09:03:12
1660726992330854000,137.5,1,137.5,63,138.5,30,2,2022-08-17 09:03:12
1660726993908683000,138.0,5,138.0,17,138.5,31,2,2022-08-17 09:03:13
1660726994006810000,138.0,3,138.0,14,138.5,31,2,2022-08-17 09:03:14
1660726994546826000,138.0,1,138.0,16,138.5,32,2,2022-08-17 09:03:14
1660726994551426000,138.0,7,138.0,9,138.5,32,2,2022-08-17 09:03:14
1660726994597884000,138.0,1,138.0,8,138.5,32,2,2022-08-17 09:03:14
1660726994752079000,138.0,1,138.0,7,138.5,32,2,2022-08-17 09:03:14
1660726995180345000,138.0,7,138.0,6,138.5,32,2,2022-08-17 09:03:15
1660726995258678000,138.0,1,138.0,5,138.5,32,2,2022-08-17 09:03:15
1660726995296461000,138.0,2,138.0,6,138.5,32,2,2022-08-17 09:03:15
1660726995698823000,138.0,1,138.0,6,138.5,32,2,2022-08-17 09:03:15
1660726995825442000,138.0,1,138.0,10,138.5,32,2,2022-08-17 09:03:15
1660726995980448000,138.0,10,137.5,80,138.5,32,2,2022-08-17 09:03:15
1660726996928491000,138.0,3,137.5,88,138.5,34,2,2022-08-17 09:03:16
1660726996928491000,137.5,2,137.5,88,138.5,34,2,2022-08-17 09:03:16
1660726997548307000,138.0,1,138.0,5,138.5,37,2,2022-08-17 09:03:17
1660726997907869000,138.0,1,138.0,5,138.5,87,2,2022-08-17 09:03:17
1660726997980537000,138.5,5,138.0,5,138.5,82,1,2022-08-17 09:03:17
1660726997983323000,138.0,1,138.0,4,138.5,82,2,2022-08-17 09:03:17
1660726998261428000,138.0,2,138.0,2,138.5,82,2,2022-08-17 09:03:18
1660726998509050000,138.5,1,138.0,7,138.5,81,1,2022-08-17 09:03:18
1660726998802604000,138.0,1,138.0,6,138.5,81,2,2022-08-17 09:03:18
1660726998941834000,138.0,5,138.0,2,138.5,91,2,2022-08-17 09:03:18
1660726999721959000,138.0,2,138.0,8,138.5,92,2,2022-08-17 09:03:19
1660727000146722000,138.0,1,138.0,10,138.5,94,2,2022-08-17 09:03:20
1660727000500299000,138.0,3,138.0,6,138.5,94,2,2022-08-17 09:03:20
1660727000671713000,138.0,1,138.0,5,138.5,94,2,2022-08-17 09:03:20
1660727000953217000,138.0,5,137.5,95,138.5,94,2,2022-08-17 09:03:20
1660727001743511000,138.0,1,137.5,98,138.5,94,2,2022-08-17 09:03:21
1660727001762905000,138.5,1,137.5,98,138.5,93,1,2022-08-17 09:03:21
1660727002243022000,138.0,1,137.5,98,138.0,2,2,2022-08-17 09:03:22
1660727002571638000,138.0,1,137.5,96,138.0,2,1,2022-08-17 09:03:22
1660727002577562000,138.0,1,137.5,96,138.0,1,1,2022-08-17 09:03:22
1660727002908309000,137.5,1,137.5,96,138.0,2,2,2022-08-17 09:03:22
1660727002940358000,138.0,2,137.5,97,138.5,100,1,2022-08-17 09:03:22
1660727003353215000,138.0,1,138.0,9,138.5,98,2,2022-08-17 09:03:23
1660727003354470000,138.0,1,138.0,8,138.5,98,2,2022-08-17 09:03:23
1660727003355154000,138.0,1,138.0,7,138.5,98,2,2022-08-17 09:03:23
1660727003356198000,138.0,1,138.0,6,138.5,98,2,2022-08-17 09:03:23
1660727003357203000,138.0,1,138.0,10,138.5,98,2,2022-08-17 09:03:23
1660727003379376000,138.0,3,138.0,2,138.5,98,2,2022-08-17 09:03:23
1660727003679762000,138.0,2,137.5,101,138.5,98,2,2022-08-17 09:03:23
1660727003679762000,137.5,1,137.5,101,138.5,98,2,2022-08-17 09:03:23
1660727003960681000,138.0,5,137.5,99,138.5,98,2,2022-08-17 09:03:23
1660727004530452000,138.0,1,137.5,101,138.0,2,1,2022-08-17 09:03:24
1660727005605334000,137.5,2,137.5,100,138.0,3,2,2022-08-17 09:03:25
1660727005641479000,138.0,1,137.5,100,138.0,2,1,2022-08-17 09:03:25
1660727005654503000,138.0,2,137.5,100,138.5,109,1,2022-08-17 09:03:25
1660727005975744000,137.5,5,137.5,103,138.5,107,2,2022-08-17 09:03:25
1660727007116515000,137.5,1,137.5,103,138.0,14,2,2022-08-17 09:03:27
1660727007248493000,138.0,6,137.5,103,138.0,8,1,2022-08-17 09:03:27
1660727007473999000,138.0,1,137.5,108,138.0,7,1,2022-08-17 09:03:27
1660727008106696000,138.0,5,137.5,108,138.0,2,1,2022-08-17 09:03:28
1660727008108126000,138.0,1,137.5,108,138.0,1,1,2022-08-17 09:03:28
1660727008514044000,138.0,1,137.5,109,138.5,109,1,2022-08-17 09:03:28
1660727008601008000,138.0,5,137.5,117,138.5,107,2,2022-08-17 09:03:28
1660727008628969000,137.5,1,137.5,116,138.5,107,2,2022-08-17 09:03:28
1660727008980161000,137.5,5,137.5,112,138.0,4,2,2022-08-17 09:03:28
1660727009261319000,137.5,3,137.5,110,138.0,18,2,2022-08-17 09:03:29
1660727009476008000,137.5,2,137.5,110,138.0,19,2,2022-08-17 09:03:29
1660727009649694000,138.0,1,137.5,110,138.0,20,1,2022-08-17 09:03:29
1660727009707308000,137.5,1,137.5,110,138.0,20,2,2022-08-17 09:03:29
1660727009935528000,138.0,2,137.5,110,138.0,18,1,2022-08-17 09:03:29
1660727010594530000,138.0,2,137.5,116,138.0,16,1,2022-08-17 09:03:30
1660727010987641000,137.5,5,137.5,113,138.0,16,2,2022-08-17 09:03:30
1660727011088930000,138.0,1,137.5,113,138.0,15,1,2022-08-17 09:03:31
1660727011360012000,137.5,2,137.5,117,138.0,15,2,2022-08-17 09:03:31
1660727011630949000,138.0,5,137.5,116,138.0,12,1,2022-08-17 09:03:31
1660727011829072000,138.0,3,137.5,117,138.0,12,1,2022-08-17 09:03:31
1660727011969030000,138.0,1,137.5,117,138.0,8,1,2022-08-17 09:03:31
1660727013993703000,137.5,5,137.5,125,138.0,33,2,2022-08-17 09:03:33
1660727014169211000,138.0,1,137.5,126,138.0,33,1,2022-08-17 09:03:34
1660727014452129000,138.0,1,137.5,126,138.0,33,1,2022-08-17 09:03:34
1660727014608752000,138.0,2,137.5,126,138.0,31,1,2022-08-17 09:03:34
1660727015212040000,138.0,1,137.5,127,138.0,37,1,2022-08-17 09:03:35
1660727015620855000,138.0,3,137.5,127,138.0,40,1,2022-08-17 09:03:35
1660727015960141000,137.5,1,137.5,137,138.0,40,2,2022-08-17 09:03:35
1660727015996320000,137.5,5,137.5,132,138.0,40,2,2022-08-17 09:03:35
1660727016414795000,138.0,3,137.5,132,138.0,43,1,2022-08-17 09:03:36
1660727017963234000,138.0,2,137.5,138,138.0,41,1,2022-08-17 09:03:37
1660727018429409000,138.0,1,137.5,141,138.0,42,1,2022-08-17 09:03:38
1660727018907329000,138.0,1,137.5,143,138.0,45,1,2022-08-17 09:03:38
1660727019017206000,137.5,5,137.5,138,138.0,45,2,2022-08-17 09:03:39
1660727019056178000,137.5,1,137.5,137,138.0,45,2,2022-08-17 09:03:39
1660727019074763000,137.5,1,137.5,136,138.0,45,2,2022-08-17 09:03:39
1660727019620189000,138.0,1,137.5,137,138.0,44,1,2022-08-17 09:03:39
1660727020181754000,137.5,1,137.5,142,138.0,50,2,2022-08-17 09:03:40
1660727021014991000,137.5,5,137.5,149,138.0,53,2,2022-08-17 09:03:41
1660727021046225000,137.5,1,137.5,148,138.0,53,2,2022-08-17 09:03:41
1660727023017028000,137.5,5,137.5,141,138.0,57,2,2022-08-17 09:03:43
1660727024296397000,138.0,1,137.5,144,138.0,59,1,2022-08-17 09:03:44
1660727026019414000,137.5,5,137.5,139,138.0,69,2,2022-08-17 09:03:46
1660727026054540000,137.5,1,137.5,138,138.0,69,2,2022-08-17 09:03:46
1660727028017740000,137.5,5,137.5,138,138.0,70,2,2022-08-17 09:03:48
1660727028212076000,137.5,1,137.5,137,138.0,70,2,2022-08-17 09:03:48
1660727028314783000,138.0,5,137.5,137,138.0,65,1,2022-08-17 09:03:48
1660727028945155000,137.5,2,137.5,135,138.0,65,2,2022-08-17 09:03:48
1660727030239761000,138.0,1,137.5,135,138.0,64,1,2022-08-17 09:03:50
1660727031037616000,137.5,5,137.5,131,138.0,67,2,2022-08-17 09:03:51
1660727033027045000,137.5,5,137.5,137,138.0,67,2,2022-08-17 09:03:53
1660727035902704000,137.5,3,137.5,136,138.0,69,2,2022-08-17 09:03:55
1660727036028249000,137.5,5,137.5,131,138.0,69,2,2022-08-17 09:03:56
1660727038030684000,137.5,5,137.5,135,138.0,70,2,2022-08-17 09:03:58
1660727038069668000,137.5,1,137.5,135,138.0,70,2,2022-08-17 09:03:58
1660727038479141000,137.5,2,137.5,133,138.0,95,2,2022-08-17 09:03:58
1660727039105367000,138.0,1,137.5,135,138.0,94,1,2022-08-17 09:03:59
1660727040072503000,138.0,2,137.5,136,138.0,93,1,2022-08-17 09:04:00
1660727040454737000,137.5,2,137.5,137,138.0,96,2,2022-08-17 09:04:00
1660727040549907000,138.0,1,137.5,135,138.0,95,1,2022-08-17 09:04:00
1660727040996491000,137.5,1,137.5,135,138.0,95,2,2022-08-17 09:04:00
1660727041036275000,137.5,5,137.5,130,138.0,95,2,2022-08-17 09:04:01
1660727041073294000,137.5,1,137.5,129,138.0,95,2,2022-08-17 09:04:01
1660727042428047000,138.0,1,137.5,130,138.0,95,1,2022-08-17 09:04:02
1660727042466003000,137.5,1,137.5,131,138.0,95,2,2022-08-17 09:04:02
1660727042692128000,137.5,1,137.5,129,138.0,96,2,2022-08-17 09:04:02
1660727046656879000,138.0,3,137.5,156,138.0,97,1,2022-08-17 09:04:06
1660727046807667000,138.0,2,137.5,156,138.0,95,1,2022-08-17 09:04:06
1660727047061278000,138.0,1,137.5,157,138.0,94,1,2022-08-17 09:04:07
1660727049758931000,138.0,1,137.5,159,138.0,95,1,2022-08-17 09:04:09
1660727050210205000,137.5,1,137.5,164,138.0,95,2,2022-08-17 09:04:10
1660727050995609000,138.0,17,137.5,172,138.0,76,1,2022-08-17 09:04:10
1660727051582968000,138.0,1,137.5,172,138.0,75,1,2022-08-17 09:04:11
1660727052320612000,138.0,2,137.5,172,138.0,74,1,2022-08-17 09:04:12
1660727052923214000,138.0,5,137.5,173,138.0,69,1,2022-08-17 09:04:12
1660727052944865000,138.0,3,137.5,173,138.0,66,1,2022-08-17 09:04:12
1660727052947673000,138.0,2,137.5,173,138.0,74,1,2022-08-17 09:04:12
1660727053150570000,138.0,3,137.5,173,138.0,61,1,2022-08-17 09:04:13
1660727053296136000,138.0,1,137.5,175,138.0,60,1,2022-08-17 09:04:13
1660727053324546000,138.0,5,137.5,177,138.0,55,1,2022-08-17 09:04:13
1660727053362430000,138.0,2,137.5,177,138.0,60,1,2022-08-17 09:04:13
1660727053576123000,137.5,1,137.5,177,138.0,53,2,2022-08-17 09:04:13
1660727053577621000,137.5,1,137.5,176,138.0,53,2,2022-08-17 09:04:13
1660727053577959000,137.5,1,137.5,175,138.0,53,2,2022-08-17 09:04:13
1660727053579147000,137.5,1,137.5,174,138.0,53,2,2022-08-17 09:04:13
1660727053580770000,137.5,1,137.5,173,138.0,53,2,2022-08-17 09:04:13
1660727053664576000,138.0,1,137.5,173,138.0,52,1,2022-08-17 09:04:13
1660727053712721000,138.0,4,137.5,173,138.0,48,1,2022-08-17 09:04:13
1660727053857333000,138.0,1,137.5,173,138.0,47,1,2022-08-17 09:04:13
1660727054190837000,138.0,1,137.5,174,138.0,46,1,2022-08-17 09:04:14
1660727054195315000,138.0,1,137.5,174,138.0,45,1,2022-08-17 09:04:14
1660727054209298000,137.5,1,137.5,173,138.0,45,2,2022-08-17 09:04:14
1660727054237160000,137.5,1,137.5,172,138.0,44,2,2022-08-17 09:04:14
1660727054489633000,138.0,1,137.5,172,138.0,43,1,2022-08-17 09:04:14
1660727054898609000,138.0,1,137.5,173,138.0,42,1,2022-08-17 09:04:14
1660727054919615000,138.0,1,137.5,173,138.0,41,1,2022-08-17 09:04:14
1660727054929625000,138.0,1,137.5,173,138.0,43,1,2022-08-17 09:04:14
1660727055057901000,138.0,1,137.5,173,138.0,39,1,2022-08-17 09:04:15
1660727055207994000,138.0,2,137.5,173,138.0,37,1,2022-08-17 09:04:15
1660727055325180000,138.0,1,137.5,173,138.0,36,1,2022-08-17 09:04:15
1660727055469465000,138.0,1,137.5,173,138.0,36,1,2022-08-17 09:04:15
1660727055500213000,138.0,2,137.5,173,138.0,33,1,2022-08-17 09:04:15
1660727055670486000,138.0,2,137.5,176,138.0,31,1,2022-08-17 09:04:15
1660727055863853000,138.0,1,137.5,176,138.0,33,1,2022-08-17 09:04:15
1660727056203988000,138.0,1,137.5,176,138.0,29,1,2022-08-17 09:04:16
1660727056298211000,138.0,10,137.5,182,138.0,19,1,2022-08-17 09:04:16
1660727056334965000,137.5,6,137.5,176,138.0,13,2,2022-08-17 09:04:16
1660727056335216000,138.0,12,137.5,176,138.0,1,1,2022-08-17 09:04:16
1660727056732688000,138.0,1,137.5,177,138.5,100,1,2022-08-17 09:04:16
1660727056814645000,138.0,1,137.5,179,138.5,98,2,2022-08-17 09:04:16
1660727057092072000,137.5,1,137.5,186,138.5,98,2,2022-08-17 09:04:17
1660727057496719000,138.0,3,138.0,11,138.5,98,2,2022-08-17 09:04:17
1660727057636264000,138.5,1,138.0,21,138.5,97,1,2022-08-17 09:04:17
1660727058981449000,138.0,2,138.0,40,138.5,98,2,2022-08-17 09:04:18
1660727059925488000,138.0,1,138.0,44,138.5,98,2,2022-08-17 09:04:19
1660727060216204000,138.0,1,138.0,42,138.5,98,2,2022-08-17 09:04:20
1660727061164489000,138.5,1,138.0,46,138.5,97,1,2022-08-17 09:04:21
1660727061433889000,138.5,1,138.0,46,138.5,97,1,2022-08-17 09:04:21
1660727062618950000,138.5,1,138.0,47,138.5,95,1,2022-08-17 09:04:22
1660727062712787000,138.0,1,138.0,47,138.5,95,2,2022-08-17 09:04:22
1660727063470622000,138.0,1,138.0,68,138.5,109,2,2022-08-17 09:04:23
1660727063661328000,138.0,1,138.0,67,138.5,109,2,2022-08-17 09:04:23
1660727064810634000,138.0,10,138.0,82,138.5,111,2,2022-08-17 09:04:24
1660727064931168000,138.5,1,138.0,92,138.5,111,1,2022-08-17 09:04:24
1660727066165208000,138.0,29,138.0,60,138.5,110,2,2022-08-17 09:04:26
1660727067709045000,138.5,10,138.0,66,138.5,99,1,2022-08-17 09:04:27
1660727069940175000,138.0,1,138.0,73,138.5,100,2,2022-08-17 09:04:29
1660727074992500000,138.0,1,138.0,100,138.5,107,2,2022-08-17 09:04:34
1660727076481646000,138.5,1,138.0,101,138.5,107,1,2022-08-17 09:04:36
1660727077409506000,138.5,1,138.0,101,138.5,111,1,2022-08-17 09:04:37
1660727081393619000,138.5,1,138.0,115,138.5,111,1,2022-08-17 09:04:41
1660727083090068000,138.5,1,138.0,122,138.5,112,1,2022-08-17 09:04:43
1660727084276346000,138.5,10,138.0,122,138.5,102,1,2022-08-17 09:04:44
1660727087399845000,138.5,1,138.0,124,138.5,96,1,2022-08-17 09:04:47
1660727088002023000,138.5,1,138.0,117,138.5,96,1,2022-08-17 09:04:48
1660727088364007000,138.5,1,138.0,117,138.5,96,1,2022-08-17 09:04:48
1660727088394202000,138.5,1,138.0,117,138.5,95,1,2022-08-17 09:04:48
1660727088395565000,138.0,22,138.0,95,138.5,95,2,2022-08-17 09:04:48
1660727088428123000,138.0,47,138.0,48,138.5,95,2,2022-08-17 09:04:48
1660727088432216000,138.0,1,138.0,47,138.5,95,2,2022-08-17 09:04:48
1660727088434992000,138.0,1,138.0,46,138.5,95,2,2022-08-17 09:04:48
1660727088463252000,138.0,1,138.0,45,138.5,95,2,2022-08-17 09:04:48
1660727088466431000,138.0,19,138.0,117,138.5,97,2,2022-08-17 09:04:48
1660727088502471000,138.0,3,138.0,23,138.5,95,2,2022-08-17 09:04:48
1660727088746143000,138.5,1,138.0,25,138.5,94,1,2022-08-17 09:04:48
1660727089326302000,138.0,15,138.0,12,138.5,95,2,2022-08-17 09:04:49
1660727089351684000,138.0,2,138.0,10,138.5,95,2,2022-08-17 09:04:49
1660727089378905000,138.0,1,138.0,9,138.5,101,2,2022-08-17 09:04:49
1660727089423036000,138.0,9,137.5,167,138.5,101,2,2022-08-17 09:04:49
1660727089710846000,138.5,1,137.5,165,138.5,100,1,2022-08-17 09:04:49
1660727090244570000,138.0,1,137.5,165,138.0,23,1,2022-08-17 09:04:50
1660727090791938000,138.0,1,137.5,165,138.0,24,1,2022-08-17 09:04:50
1660727090827704000,138.0,1,137.5,165,138.0,23,1,2022-08-17 09:04:50
1660727090867927000,138.0,1,137.5,165,138.0,22,1,2022-08-17 09:04:50
1660727090995965000,137.5,1,137.5,165,138.0,23,2,2022-08-17 09:04:50
1660727092455830000,138.0,2,137.5,166,138.0,33,1,2022-08-17 09:04:52
1660727092482267000,138.0,1,137.5,166,138.0,35,1,2022-08-17 09:04:52
1660727093359607000,138.0,1,137.5,167,138.0,43,1,2022-08-17 09:04:53
1660727094586946000,138.0,3,137.5,161,138.0,48,1,2022-08-17 09:04:54
1660727094864097000,138.0,2,137.5,161,138.0,46,1,2022-08-17 09:04:54
1660727096142837000,138.0,39,137.5,165,138.0,25,1,2022-08-17 09:04:56
1660727097803475000,138.0,1,137.5,169,138.0,32,1,2022-08-17 09:04:57
1660727097837843000,138.0,1,137.5,169,138.0,31,1,2022-08-17 09:04:57
1660727097974474000,138.0,10,137.5,169,138.0,31,1,2022-08-17 09:04:57
1660727098109249000,138.0,2,137.5,169,138.0,19,1,2022-08-17 09:04:58
1660727098209143000,138.0,1,137.5,169,138.0,18,1,2022-08-17 09:04:58
1660727098811146000,138.0,1,137.5,169,138.0,18,1,2022-08-17 09:04:58
1660727099228158000,138.0,1,137.5,172,138.0,17,1,2022-08-17 09:04:59
1660727099442647000,138.0,1,137.5,178,138.0,17,1,2022-08-17 09:04:59
1660727099726430000,137.5,7,137.5,171,138.0,16,2,2022-08-17 09:04:59
1660727099761643000,137.5,1,137.5,170,138.0,16,2,2022-08-17 09:04:59
1660727099763010000,137.5,1,137.5,169,138.0,16,2,2022-08-17 09:04:59
1660727099763039000,137.5,1,137.5,168,138.0,16,2,2022-08-17 09:04:59
1660727099845762000,138.0,1,137.5,168,138.0,15,1,2022-08-17 09:04:59
1660727100116706000,138.0,1,137.5,168,138.0,15,1,2022-08-17 09:05:00
1660727100629629000,138.0,1,137.5,168,138.0,15,1,2022-08-17 09:05:00
1660727100652987000,137.5,2,137.5,166,138.0,15,2,2022-08-17 09:05:00
1660727100689271000,137.5,1,137.5,165,138.0,15,2,2022-08-17 09:05:00
1660727100822959000,138.0,4,137.5,166,138.0,11,1,2022-08-17 09:05:00
1660727100873516000,137.5,1,137.5,165,138.0,11,2,2022-08-17 09:05:00
1660727100885376000,137.5,1,137.5,164,138.0,11,2,2022-08-17 09:05:00
1660727100897531000,137.5,1,137.5,166,138.0,15,2,2022-08-17 09:05:00
1660727101642349000,138.0,1,137.5,163,138.0,10,1,2022-08-17 09:05:01
1660727101736411000,138.0,1,137.5,163,138.0,9,1,2022-08-17 09:05:01
1660727101859889000,138.0,1,137.5,163,138.0,8,1,2022-08-17 09:05:01
1660727102104411000,138.0,1,137.5,163,138.0,7,1,2022-08-17 09:05:02
1660727102451115000,138.0,1,137.5,164,138.0,7,1,2022-08-17 09:05:02
1660727102538478000,138.0,1,137.5,164,138.0,5,1,2022-08-17 09:05:02
1660727102665337000,138.0,1,137.5,164,138.0,4,1,2022-08-17 09:05:02
1660727102932278000,138.0,1,137.5,163,138.0,3,1,2022-08-17 09:05:02
1660727104067631000,138.0,1,137.5,167,138.0,5,1,2022-08-17 09:05:04
1660727104101611000,138.0,1,137.5,167,138.0,4,1,2022-08-17 09:05:04
1660727104693011000,138.0,1,137.5,167,138.0,6,1,2022-08-17 09:05:04
1660727105131755000,138.0,5,137.5,162,138.0,1,1,2022-08-17 09:05:05
1660727105522449000,138.0,1,137.5,162,138.5,91,1,2022-08-17 09:05:05
1660727105540858000,138.0,1,137.5,164,138.5,89,2,2022-08-17 09:05:05
1660727106329851000,138.0,1,138.0,21,138.5,92,1,2022-08-17 09:05:06
1660727106361722000,138.0,21,137.5,164,138.5,90,2,2022-08-17 09:05:06
1660727106445162000,138.0,1,137.5,162,138.5,90,2,2022-08-17 09:05:06
