ts,close,volume,bid_price,bid_volume,ask_price,ask_volume,tick_type,datetime
1638781200981072000,22.55,542,22.5,14,22.55,22,1,2021-12-06 09:00:00
1638781201010413000,22.5,5,22.45,3,22.55,22,2,2021-12-06 09:00:01
1638781201010569000,22.5,9,22.45,3,22.55,22,2,2021-12-06 09:00:01
1638781201067360000,22.55,1,22.45,3,22.55,21,1,2021-12-06 09:00:01
1638781201726969000,22.45,3,22.4,6,22.55,21,2,2021-12-06 09:00:01
1638781201726969000,22.4,6,22.4,6,22.55,21,2,2021-12-06 09:00:01
1638781201778606000,22.4,1,22.4,5,22.55,21,2,2021-12-06 09:00:01
1638781202361011000,22.55,1,22.4,5,22.55,20,1,2021-12-06 09:00:02
1638781203135810000,22.55,20,22.4,5,22.6,3,1,2021-12-06 09:00:03
1638781208295355000,22.6,3,22.6,2,22.65,12,1,2021-12-06 09:00:08
1638781209555946000,22.65,5,22.6,7,22.65,7,1,2021-12-06 09:00:09
1638781209557180000,22.65,7,22.6,7,22.7,1,1,2021-12-06 09:00:09
1638781209581503000,22.7,1,22.6,7,22.75,30,1,2021-12-06 09:00:09
1638781209950693000,22.75,10,22.6,7,22.75,20,1,2021-12-06 09:00:09
1638781209982749000,22.75,20,22.6,7,22.8,4,1,2021-12-06 09:00:09
1638781209998245000,22.8,1,22.6,7,22.8,3,1,2021-12-06 09:00:09
1638781210749198000,22.8,1,22.65,6,22.8,2,1,2021-12-06 09:00:10
1638781211328861000,22.8,2,22.8,3,22.85,6,1,2021-12-06 09:00:11
1638781211360174000,22.8,3,22.65,6,22.85,6,2,2021-12-06 09:00:11
1638781212830384000,22.85,1,22.6,9,22.85,5,1,2021-12-06 09:00:12
1638781213637234000,22.85,3,22.65,6,22.85,4,1,2021-12-06 09:00:13
1638781213671068000,22.85,1,22.65,6,22.85,3,1,2021-12-06 09:00:13
1638781213979097000,22.8,1,22.65,6,22.85,3,2,2021-12-06 09:00:13
1638781214817152000,22.75,1,22.65,6,22.85,3,2,2021-12-06 09:00:14
1638781214860506000,22.85,3,22.65,6,23.0,98,1,2021-12-06 09:00:14
1638781214860506000,22.9,7,22.65,6,23.0,98,1,2021-12-06 09:00:14
1638781214860506000,22.95,19,22.65,6,23.0,98,1,2021-12-06 09:00:14
1638781214860506000,23.0,21,22.65,6,23.0,98,1,2021-12-06 09:00:14
1638781215189262000,23.0,1,22.7,1,23.0,97,1,2021-12-06 09:00:15
1638781216067410000,22.8,1,22.7,2,22.9,2,2,2021-12-06 09:00:16
1638781216112693000,22.9,2,22.7,7,23.0,49,1,2021-12-06 09:00:16
1638781216112693000,23.0,48,22.7,7,23.0,49,1,2021-12-06 09:00:16
1638781216461518000,23.0,4,22.7,7,23.0,45,1,2021-12-06 09:00:16
1638781216499451000,23.0,10,22.7,7,23.0,35,1,2021-12-06 09:00:16
1638781216866115000,23.0,1,22.8,1,23.0,34,1,2021-12-06 09:00:16
1638781217754454000,23.0,30,22.85,1,23.0,4,1,2021-12-06 09:00:17
1638781218326615000,23.0,1,22.85,6,23.0,3,1,2021-12-06 09:00:18
1638781218922802000,22.85,1,22.85,5,23.0,3,2,2021-12-06 09:00:18
1638781219179057000,23.0,2,22.85,5,23.0,1,1,2021-12-06 09:00:19
1638781219427531000,23.0,1,22.85,11,23.05,49,1,2021-12-06 09:00:19
1638781219427531000,23.05,1,22.85,11,23.05,49,1,2021-12-06 09:00:19
1638781219540816000,23.05,2,22.85,11,23.05,47,1,2021-12-06 09:00:19
1638781220045244000,23.0,10,22.85,7,23.05,47,2,2021-12-06 09:00:20
1638781220376715000,23.05,1,22.85,8,23.05,46,1,2021-12-06 09:00:20
1638781220667412000,23.0,1,22.9,6,23.05,46,2,2021-12-06 09:00:20
1638781220714122000,23.0,5,23.0,4,23.05,46,2,2021-12-06 09:00:20
1638781220742888000,23.0,4,22.85,10,23.05,46,2,2021-12-06 09:00:20
1638781221674998000,23.0,2,22.9,4,23.05,48,1,2021-12-06 09:00:21
1638781221989816000,23.0,1,22.9,10,23.0,1,1,2021-12-06 09:00:21
1638781222163127000,23.0,1,22.9,4,23.05,46,1,2021-12-06 09:00:22
1638781222163127000,23.05,2,22.9,4,23.05,46,1,2021-12-06 09:00:22
1638781222473354000,23.0,1,22.9,10,23.05,46,2,2021-12-06 09:00:22
1638781222473561000,23.0,1,22.9,10,23.05,46,2,2021-12-06 09:00:22
1638781222538350000,22.9,4,22.85,14,23.05,46,2,2021-12-06 09:00:22
1638781222538350000,22.85,1,22.85,14,23.05,46,2,2021-12-06 09:00:22
1638781222776131000,23.05,2,22.85,14,23.05,44,1,2021-12-06 09:00:22
1638781223595246000,23.0,5,22.9,6,23.05,46,2,2021-12-06 09:00:23
1638781224745417000,23.05,2,22.9,6,23.05,44,1,2021-12-06 09:00:24
1638781224830016000,23.0,2,22.9,6,23.05,44,2,2021-12-06 09:00:24
1638781224879961000,23.05,10,22.9,6,23.05,34,1,2021-12-06 09:00:24
1638781224920282000,23.05,2,22.9,6,23.05,32,1,2021-12-06 09:00:24
1638781224948617000,23.05,1,22.9,6,23.05,31,1,2021-12-06 09:00:24
1638781225319167000,23.0,1,22.85,15,23.05,29,2,2021-12-06 09:00:25
1638781225319167000,23.05,2,22.85,15,23.05,29,1,2021-12-06 09:00:25
1638781225977890000,23.05,5,22.9,6,23.05,24,1,2021-12-06 09:00:25
1638781227541328000,23.05,3,22.9,10,23.05,23,1,2021-12-06 09:00:27
1638781227997193000,23.0,1,22.9,7,23.05,23,2,2021-12-06 09:00:27
1638781228228393000,23.0,1,22.9,7,23.05,24,2,2021-12-06 09:00:28
1638781228459707000,23.05,24,22.95,1,23.1,43,1,2021-12-06 09:00:28
1638781228459707000,23.1,16,22.95,1,23.1,43,1,2021-12-06 09:00:28
1638781228597847000,23.05,1,22.95,7,23.1,43,2,2021-12-06 09:00:28
1638781228749681000,23.1,5,22.95,7,23.1,38,1,2021-12-06 09:00:28
1638781229230145000,23.1,1,23.0,1,23.1,37,1,2021-12-06 09:00:29
1638781229543365000,23.1,10,23.0,1,23.1,27,1,2021-12-06 09:00:29
1638781230195202000,23.05,1,22.95,7,23.0,16,2,2021-12-06 09:00:30
1638781230195202000,23.0,3,22.95,7,23.0,16,2,2021-12-06 09:00:30
1638781231013548000,23.0,5,22.95,1,23.0,11,1,2021-12-06 09:00:31
1638781231164739000,23.0,1,22.95,1,23.0,10,1,2021-12-06 09:00:31
1638781231331515000,22.95,1,22.9,8,23.0,10,2,2021-12-06 09:00:31
1638781231331515000,22.9,9,22.9,8,23.0,10,2,2021-12-06 09:00:31
1638781231647948000,23.0,5,22.9,8,23.0,6,1,2021-12-06 09:00:31
1638781233129675000,23.0,2,22.9,8,23.0,4,1,2021-12-06 09:00:33
1638781233174753000,23.0,3,22.9,8,23.0,1,1,2021-12-06 09:00:33
1638781233208364000,23.0,1,22.9,8,23.05,4,1,2021-12-06 09:00:33
1638781233570764000,22.9,1,22.9,7,23.05,4,2,2021-12-06 09:00:33
1638781233665643000,23.05,4,22.9,7,23.1,26,1,2021-12-06 09:00:33
1638781233665643000,23.1,1,22.9,7,23.1,26,1,2021-12-06 09:00:33
1638781234045616000,23.1,1,22.95,6,23.1,25,1,2021-12-06 09:00:34
1638781235920804000,23.1,1,23.05,10,23.1,24,1,2021-12-06 09:00:35
1638781235973199000,23.1,1,23.05,10,23.1,23,1,2021-12-06 09:00:35
1638781237783275000,23.05,8,23.05,7,23.1,23,2,2021-12-06 09:00:37
1638781238114609000,23.05,1,23.05,6,23.1,23,2,2021-12-06 09:00:38
1638781238147673000,23.05,6,23.0,23,23.1,23,2,2021-12-06 09:00:38
1638781238343708000,23.05,1,23.0,23,23.05,11,1,2021-12-06 09:00:38
1638781238656097000,23.05,5,23.0,23,23.05,6,1,2021-12-06 09:00:38
1638781238834845000,23.05,1,23.0,23,23.05,5,1,2021-12-06 09:00:38
1638781238900167000,23.05,3,23.0,23,23.05,2,1,2021-12-06 09:00:38
1638781239362972000,23.0,7,23.0,16,23.05,2,2,2021-12-06 09:00:39
1638781239538305000,23.05,3,23.0,16,23.05,11,1,2021-12-06 09:00:39
1638781239796642000,23.05,1,23.0,16,23.05,10,1,2021-12-06 09:00:39
1638781240191461000,23.05,5,23.0,18,23.05,5,1,2021-12-06 09:00:40
1638781240253957000,23.05,1,23.0,18,23.05,4,1,2021-12-06 09:00:40
1638781240298044000,23.05,4,23.0,18,23.1,17,1,2021-12-06 09:00:40
1638781240298044000,23.1,6,23.0,18,23.1,17,1,2021-12-06 09:00:40
1638781240474909000,23.1,7,23.0,18,23.1,10,1,2021-12-06 09:00:40
1638781240713916000,23.1,1,23.05,21,23.1,9,1,2021-12-06 09:00:40
1638781240970359000,23.1,4,23.05,21,23.1,5,1,2021-12-06 09:00:40
1638781240993911000,23.05,1,23.05,20,23.1,5,2,2021-12-06 09:00:40
1638781241524047000,23.05,1,23.05,20,23.1,5,2,2021-12-06 09:00:41
1638781243218752000,23.05,10,23.05,31,23.1,5,2,2021-12-06 09:00:43
1638781243253228000,23.1,1,23.05,28,23.1,4,1,2021-12-06 09:00:43
1638781243253557000,23.05,3,23.05,28,23.1,4,2,2021-12-06 09:00:43
1638781243367515000,23.1,1,23.05,28,23.1,3,1,2021-12-06 09:00:43
1638781244366157000,23.05,28,22.95,2,23.0,44,2,2021-12-06 09:00:44
1638781244366157000,23.0,28,22.95,2,23.0,44,2,2021-12-06 09:00:44
1638781244400677000,22.95,2,22.9,9,23.0,44,2,2021-12-06 09:00:44
1638781244537165000,23.0,3,22.9,9,23.0,41,1,2021-12-06 09:00:44
1638781244774596000,23.0,1,22.9,9,23.0,40,1,2021-12-06 09:00:44
1638781245071876000,23.0,1,22.9,9,23.0,39,1,2021-12-06 09:00:45
1638781245311194000,23.0,6,22.9,9,23.0,34,1,2021-12-06 09:00:45
1638781245640779000,23.0,10,22.9,9,23.0,24,1,2021-12-06 09:00:45
1638781246022475000,22.9,1,22.9,8,23.0,54,2,2021-12-06 09:00:46
1638781247054670000,23.0,1,22.9,8,23.0,53,1,2021-12-06 09:00:47
1638781247487300000,23.0,1,22.9,8,23.0,52,1,2021-12-06 09:00:47
1638781247554231000,23.0,1,22.9,8,23.0,51,1,2021-12-06 09:00:47
1638781247765138000,23.0,1,22.9,8,23.0,50,1,2021-12-06 09:00:47
1638781247882581000,23.0,1,22.9,8,23.0,49,1,2021-12-06 09:00:47
1638781247957993000,23.0,1,22.9,8,23.0,48,1,2021-12-06 09:00:47
1638781248191196000,22.9,8,22.85,8,23.0,48,2,2021-12-06 09:00:48
1638781248877235000,23.0,2,22.85,8,23.0,47,1,2021-12-06 09:00:48
1638781249387309000,23.0,1,22.9,1,23.0,46,1,2021-12-06 09:00:49
1638781250533598000,22.95,1,22.9,1,22.95,2,2,2021-12-06 09:00:50
1638781250791370000,22.9,1,22.85,8,22.95,3,2,2021-12-06 09:00:50
1638781252546248000,22.85,1,22.85,5,22.9,9,2,2021-12-06 09:00:52
1638781252586890000,22.85,5,22.8,2,22.9,9,2,2021-12-06 09:00:52
1638781252620355000,22.8,2,22.75,3,22.9,9,2,2021-12-06 09:00:52
1638781252999599000,22.9,5,22.75,3,22.9,4,1,2021-12-06 09:00:52
1638781253562884000,22.9,9,22.75,3,22.95,18,1,2021-12-06 09:00:53
1638781253562884000,22.95,13,22.75,3,22.95,18,1,2021-12-06 09:00:53
1638781253915232000,22.95,1,22.75,3,22.95,17,1,2021-12-06 09:00:53
1638781255088618000,22.9,5,22.75,3,22.95,16,2,2021-12-06 09:00:55
1638781255625034000,22.75,1,22.75,2,22.95,21,2,2021-12-06 09:00:55
1638781256540658000,22.95,2,22.75,3,22.95,19,1,2021-12-06 09:00:56
1638781256986183000,22.8,1,22.8,8,22.95,19,2,2021-12-06 09:00:56
1638781257130841000,22.9,4,22.8,2,22.95,19,1,2021-12-06 09:00:57
1638781257994137000,22.95,5,22.8,2,22.95,16,1,2021-12-06 09:00:57
1638781259307978000,22.8,2,22.75,3,22.9,10,2,2021-12-06 09:00:59
1638781260956886000,22.8,2,22.75,5,22.8,1,1,2021-12-06 09:01:00
1638781262846044000,22.8,1,22.75,5,22.85,1,1,2021-12-06 09:01:02
1638781265826858000,22.8,1,22.8,6,22.85,1,2,2021-12-06 09:01:05
1638781266289041000,22.8,2,22.8,4,22.85,1,2,2021-12-06 09:01:06
1638781268096822000,22.85,2,22.8,5,22.85,1,1,2021-12-06 09:01:08
1638781268259867000,22.85,1,22.8,5,22.9,11,1,2021-12-06 09:01:08
1638781268352906000,22.8,5,22.75,7,22.9,16,2,2021-12-06 09:01:08
1638781269102905000,22.75,5,22.75,2,22.9,16,2,2021-12-06 09:01:09
1638781270590175000,22.9,1,22.8,3,22.9,15,1,2021-12-06 09:01:10
1638781271716719000,22.8,1,22.8,2,22.9,15,2,2021-12-06 09:01:11
1638781271947319000,22.8,3,22.75,100,22.9,15,2,2021-12-06 09:01:11
1638781271947319000,22.75,2,22.75,100,22.9,15,2,2021-12-06 09:01:11
1638781273084899000,22.85,1,22.8,6,22.85,1,1,2021-12-06 09:01:13
1638781273119241000,22.85,1,22.8,6,22.9,15,1,2021-12-06 09:01:13
1638781274945255000,22.9,7,22.85,5,22.9,8,1,2021-12-06 09:01:14
1638781274976795000,22.9,7,22.85,5,22.9,1,1,2021-12-06 09:01:14
1638781276001494000,22.9,1,22.85,6,22.95,10,1,2021-12-06 09:01:16
1638781276601691000,22.9,1,22.9,4,22.95,10,2,2021-12-06 09:01:16
1638781278060589000,22.95,1,22.9,4,22.95,9,1,2021-12-06 09:01:18
1638781278345959000,22.95,1,22.9,4,22.95,8,1,2021-12-06 09:01:18
1638781279822984000,22.95,3,22.9,10,22.95,5,1,2021-12-06 09:01:19
1638781279856376000,22.95,5,22.9,10,23.0,52,1,2021-12-06 09:01:19
1638781280309942000,22.9,10,22.85,2,23.0,52,2,2021-12-06 09:01:20
1638781280309942000,22.85,10,22.85,2,23.0,52,2,2021-12-06 09:01:20
1638781280357340000,23.0,1,22.85,2,23.0,51,1,2021-12-06 09:01:20
1638781281131041000,22.95,2,22.8,30,22.85,20,2,2021-12-06 09:01:21
1638781281131041000,22.85,8,22.8,30,22.85,20,2,2021-12-06 09:01:21
1638781281169112000,22.85,20,22.8,30,23.0,21,1,2021-12-06 09:01:21
1638781281711770000,22.9,2,22.8,31,22.95,6,1,2021-12-06 09:01:21
1638781281869088000,22.95,1,22.9,1,22.95,5,1,2021-12-06 09:01:21
1638781281912056000,22.95,5,22.9,1,23.0,21,1,2021-12-06 09:01:21
1638781286509017000,23.0,2,22.95,6,23.0,29,1,2021-12-06 09:01:26
1638781287240929000,23.0,2,22.95,6,23.0,27,1,2021-12-06 09:01:27
1638781287557692000,23.0,3,22.95,6,23.0,24,1,2021-12-06 09:01:27
1638781287579340000,23.0,22,22.95,6,23.0,2,1,2021-12-06 09:01:27
1638781287610091000,23.0,2,22.95,6,23.1,6,1,2021-12-06 09:01:27
1638781288491696000,23.1,6,23.0,5,23.15,39,1,2021-12-06 09:01:28
1638781288491696000,23.15,14,23.0,5,23.15,39,1,2021-12-06 09:01:28
1638781288701767000,23.15,1,23.0,11,23.15,38,1,2021-12-06 09:01:28
1638781288901463000,23.0,5,23.0,2,23.15,38,2,2021-12-06 09:01:28
1638781289435648000,23.0,1,23.0,1,23.15,38,2,2021-12-06 09:01:29
1638781289913378000,23.0,1,22.95,6,23.15,38,2,2021-12-06 09:01:29
1638781290186495000,23.15,1,23.0,1,23.15,37,1,2021-12-06 09:01:30
1638781290194347000,23.15,3,23.0,1,23.15,34,1,2021-12-06 09:01:30
1638781290515840000,23.15,1,23.0,7,23.15,33,1,2021-12-06 09:01:30
1638781291780661000,23.15,5,23.0,6,23.15,28,1,2021-12-06 09:01:31
1638781292838707000,23.1,2,23.0,6,23.1,3,2,2021-12-06 09:01:32
1638781293673969000,23.1,1,23.0,7,23.1,6,1,2021-12-06 09:01:33
1638781295336408000,23.1,5,23.0,8,23.1,1,1,2021-12-06 09:01:35
1638781295538821000,23.1,1,23.0,8,23.15,29,1,2021-12-06 09:01:35
1638781296178447000,23.15,20,23.0,10,23.15,9,1,2021-12-06 09:01:36
1638781297160097000,23.1,2,23.0,12,23.15,12,2,2021-12-06 09:01:37
1638781299184215000,23.15,12,23.1,1,23.2,45,1,2021-12-06 09:01:39
1638781299184215000,23.2,8,23.1,1,23.2,45,1,2021-12-06 09:01:39
1638781300939709000,23.1,1,23.1,3,23.15,9,2,2021-12-06 09:01:40
1638781301015761000,23.1,3,23.0,17,23.15,9,2,2021-12-06 09:01:41
1638781301015761000,23.05,7,23.0,17,23.15,9,2,2021-12-06 09:01:41
1638781301060781000,23.15,9,23.15,1,23.2,45,1,2021-12-06 09:01:41
1638781301099978000,23.15,1,23.0,17,23.2,45,2,2021-12-06 09:01:41
1638781301467678000,23.0,2,23.0,15,23.2,45,2,2021-12-06 09:01:41
1638781301849494000,23.05,2,23.05,3,23.2,45,1,2021-12-06 09:01:41
1638781302008527000,23.2,2,23.05,3,23.2,43,1,2021-12-06 09:01:42
1638781302340758000,23.05,5,23.05,5,23.2,43,2,2021-12-06 09:01:42
1638781302393248000,23.2,10,23.1,4,23.2,33,1,2021-12-06 09:01:42
1638781302749119000,23.15,1,23.1,4,23.15,1,2,2021-12-06 09:01:42
1638781303334153000,23.15,1,23.1,5,23.2,33,1,2021-12-06 09:01:43
1638781304047660000,23.15,1,23.15,3,23.2,33,1,2021-12-06 09:01:44
1638781304080095000,23.15,3,23.1,6,23.2,33,2,2021-12-06 09:01:44
1638781305070069000,23.15,3,23.1,6,23.2,38,2,2021-12-06 09:01:45
1638781305729892000,23.15,1,23.1,6,23.2,38,1,2021-12-06 09:01:45
1638781306378611000,23.2,2,23.1,8,23.2,36,1,2021-12-06 09:01:46
1638781307333748000,23.15,2,23.1,8,23.15,2,2,2021-12-06 09:01:47
1638781307515939000,23.15,1,23.1,10,23.15,1,1,2021-12-06 09:01:47
1638781308385356000,23.15,1,23.1,11,23.2,37,1,2021-12-06 09:01:48
1638781308809679000,23.2,1,23.1,13,23.2,39,1,2021-12-06 09:01:48
1638781308908857000,23.15,1,23.1,13,23.2,39,2,2021-12-06 09:01:48
1638781309557511000,23.2,1,23.1,13,23.2,38,1,2021-12-06 09:01:49
1638781310616966000,23.2,1,23.1,14,23.2,37,1,2021-12-06 09:01:50
1638781310822371000,23.2,5,23.1,14,23.2,32,1,2021-12-06 09:01:50
1638781310946146000,23.15,1,23.1,14,23.2,32,2,2021-12-06 09:01:50
1638781311680944000,23.15,1,23.1,14,23.2,32,1,2021-12-06 09:01:51
1638781312596478000,23.15,1,23.1,15,23.2,32,1,2021-12-06 09:01:52
1638781313064641000,23.15,1,23.1,15,23.15,2,1,2021-12-06 09:01:53
1638781313185188000,23.15,2,23.1,15,23.2,32,1,2021-12-06 09:01:53
1638781313185188000,23.2,3,23.1,15,23.2,32,1,2021-12-06 09:01:53
1638781313742787000,23.15,2,23.05,3,23.2,32,2,2021-12-06 09:01:53
1638781313742787000,23.1,17,23.05,3,23.2,32,2,2021-12-06 09:01:53
1638781313742787000,23.05,1,23.05,3,23.2,32,2,2021-12-06 09:01:53
1638781313840707000,23.15,4,23.05,3,23.2,32,1,2021-12-06 09:01:53
1638781315143081000,23.15,1,23.1,13,23.2,28,1,2021-12-06 09:01:55
1638781315242381000,23.1,7,23.1,6,23.2,28,2,2021-12-06 09:01:55
1638781315590510000,23.15,1,23.1,8,23.2,28,1,2021-12-06 09:01:55
1638781316586867000,23.15,1,23.1,8,23.2,28,1,2021-12-06 09:01:56
1638781317026251000,23.2,5,23.1,8,23.2,23,1,2021-12-06 09:01:57
1638781319436676000,23.15,1,23.1,10,23.2,20,2,2021-12-06 09:01:59
1638781319436676000,23.2,3,23.1,10,23.2,20,1,2021-12-06 09:01:59
1638781320432330000,23.1,10,23.0,18,23.15,5,2,2021-12-06 09:02:00
1638781320432330000,23.05,4,23.0,18,23.15,5,2,2021-12-06 09:02:00
1638781320432330000,23.0,6,23.0,18,23.15,5,2,2021-12-06 09:02:00
1638781320513285000,23.15,1,23.0,19,23.15,4,1,2021-12-06 09:02:00
1638781320678074000,23.0,10,23.0,9,23.15,4,2,2021-12-06 09:02:00
1638781322491201000,23.0,9,22.95,11,23.1,150,2,2021-12-06 09:02:02
1638781323470323000,23.1,5,23.0,1,23.1,148,1,2021-12-06 09:02:03
1638781323656512000,23.0,1,22.95,6,23.05,3,2,2021-12-06 09:02:03
1638781325640750000,22.95,1,22.95,5,23.0,4,2,2021-12-06 09:02:05
1638781325740540000,23.0,2,22.95,5,23.0,2,1,2021-12-06 09:02:05
1638781325779979000,22.95,5,22.9,11,23.0,5,2,2021-12-06 09:02:05
1638781326375718000,22.9,1,22.9,10,23.0,5,2,2021-12-06 09:02:06
1638781327036156000,22.95,1,22.9,10,23.0,5,1,2021-12-06 09:02:07
1638781327071654000,22.9,10,22.8,26,23.0,5,2,2021-12-06 09:02:07
1638781327071654000,22.85,4,22.8,26,23.0,5,2,2021-12-06 09:02:07
1638781327071654000,22.8,6,22.8,26,23.0,5,2,2021-12-06 09:02:07
1638781327338459000,22.8,1,22.8,25,22.95,1,2,2021-12-06 09:02:07
1638781327931949000,22.8,1,22.8,24,22.9,1,2,2021-12-06 09:02:07
1638781328160984000,22.8,4,22.8,20,22.9,1,2,2021-12-06 09:02:08
1638781328188499000,22.8,20,22.75,2,22.9,1,2,2021-12-06 09:02:08
1638781328781755000,22.75,1,22.75,1,22.9,1,2,2021-12-06 09:02:08
1638781329142879000,22.9,1,22.75,1,22.95,3,1,2021-12-06 09:02:09
1638781329142879000,22.95,1,22.75,1,22.95,3,1,2021-12-06 09:02:09
1638781332314341000,22.95,1,22.8,1,22.95,2,1,2021-12-06 09:02:12
1638781332954745000,22.8,1,22.75,7,22.95,2,2,2021-12-06 09:02:12
1638781334161507000,22.85,9,22.8,5,23.0,5,1,2021-12-06 09:02:14
1638781334161507000,22.95,2,22.8,5,23.0,5,1,2021-12-06 09:02:14
1638781334161507000,23.0,3,22.8,5,23.0,5,1,2021-12-06 09:02:14
1638781338287164000,22.95,1,22.8,7,23.0,17,2,2021-12-06 09:02:18
1638781338739526000,23.0,1,22.85,3,23.0,16,1,2021-12-06 09:02:18
1638781340501457000,23.0,6,22.85,9,23.0,12,1,2021-12-06 09:02:20
1638781340778697000,22.95,1,22.95,2,23.0,12,2,2021-12-06 09:02:20
1638781340807234000,22.95,2,22.85,3,23.0,12,2,2021-12-06 09:02:20
1638781342143971000,22.95,1,22.85,3,23.0,8,1,2021-12-06 09:02:22
1638781342143971000,23.0,4,22.85,3,23.0,8,1,2021-12-06 09:02:22
1638781343165422000,23.0,1,22.85,9,23.0,12,1,2021-12-06 09:02:23
1638781343192756000,23.0,1,22.85,9,23.0,11,1,2021-12-06 09:02:23
1638781343847854000,22.95,3,22.85,3,23.0,11,2,2021-12-06 09:02:23
1638781344897271000,22.95,1,22.85,3,23.0,11,2,2021-12-06 09:02:24
1638781345643170000,22.85,1,22.85,2,23.0,12,2,2021-12-06 09:02:25
1638781347891201000,23.0,1,22.85,5,23.0,15,1,2021-12-06 09:02:27
1638781347900492000,23.0,5,22.85,5,23.0,10,1,2021-12-06 09:02:27
1638781348153220000,23.0,1,22.85,11,23.0,9,1,2021-12-06 09:02:28
1638781348729290000,22.95,1,22.85,5,23.1,57,2,2021-12-06 09:02:28
1638781348729290000,23.0,9,22.85,5,23.1,57,1,2021-12-06 09:02:28
1638781348729290000,23.05,1,22.85,5,23.1,57,1,2021-12-06 09:02:28
1638781348729290000,23.1,89,22.85,5,23.1,57,1,2021-12-06 09:02:28
1638781350561878000,23.0,1,22.85,18,23.0,9,2,2021-12-06 09:02:30
1638781351306710000,22.85,5,22.85,13,23.0,9,2,2021-12-06 09:02:31
1638781352356927000,23.0,9,23.0,1,23.1,58,1,2021-12-06 09:02:32
1638781357347124000,23.1,2,23.0,3,23.1,56,1,2021-12-06 09:02:37
1638781360837654000,23.1,2,23.0,8,23.1,54,1,2021-12-06 09:02:40
1638781361733243000,23.0,1,23.0,7,23.1,54,2,2021-12-06 09:02:41
1638781362102677000,23.0,5,23.0,2,23.1,54,2,2021-12-06 09:02:42
1638781362372193000,23.1,1,23.0,2,23.1,53,1,2021-12-06 09:02:42
1638781362532589000,23.1,2,23.0,2,23.1,51,1,2021-12-06 09:02:42
1638781365556092000,23.0,1,23.0,1,23.1,51,2,2021-12-06 09:02:45
1638781366170355000,23.1,1,23.0,1,23.1,50,1,2021-12-06 09:02:46
1638781366595145000,23.0,1,22.95,8,23.1,50,2,2021-12-06 09:02:46
1638781367298401000,23.1,1,22.95,8,23.1,49,1,2021-12-06 09:02:47
1638781369793692000,23.1,5,22.95,8,23.1,44,1,2021-12-06 09:02:49
1638781370394212000,23.0,2,22.95,8,23.1,47,2,2021-12-06 09:02:50
1638781370736868000,23.1,1,22.95,8,23.1,46,1,2021-12-06 09:02:50
1638781371611756000,22.95,8,22.9,6,22.95,2,2,2021-12-06 09:02:51
1638781373597192000,22.95,1,22.9,5,22.95,1,1,2021-12-06 09:02:53
1638781373675528000,22.95,1,23.0,4,23.1,56,1,2021-12-06 09:02:53
1638781373750460000,23.0,3,23.0,1,23.1,56,1,2021-12-06 09:02:53
1638781373783111000,23.0,1,22.9,5,23.1,56,2,2021-12-06 09:02:53
1638781374753236000,22.95,2,22.9,5,22.95,2,2,2021-12-06 09:02:54
1638781376494696000,22.95,2,22.9,5,23.0,2,1,2021-12-06 09:02:56
1638781376494696000,23.0,8,22.9,5,23.0,2,1,2021-12-06 09:02:56
1638781377268469000,23.0,1,22.95,2,23.0,1,1,2021-12-06 09:02:57
1638781378903842000,22.95,1,22.95,1,23.0,1,2,2021-12-06 09:02:58
1638781378934507000,22.95,1,22.9,5,23.0,1,2,2021-12-06 09:02:58
1638781380135120000,22.95,1,22.9,6,22.95,49,2,2021-12-06 09:03:00
1638781380155745000,22.9,6,22.85,26,22.95,49,2,2021-12-06 09:03:00
1638781380594865000,22.95,1,22.9,2,22.95,48,1,2021-12-06 09:03:00
1638781380870473000,22.9,1,22.9,1,22.95,48,2,2021-12-06 09:03:00
1638781380912887000,22.9,1,22.85,26,22.95,48,2,2021-12-06 09:03:00
1638781383172588000,22.95,5,22.85,26,22.95,43,1,2021-12-06 09:03:03
1638781383947574000,22.9,1,22.85,26,22.95,43,2,2021-12-06 09:03:03
1638781384256326000,22.85,1,22.85,25,22.95,43,2,2021-12-06 09:03:04
1638781385096048000,22.95,5,22.85,25,22.95,38,1,2021-12-06 09:03:05
1638781386163937000,22.85,3,22.85,20,22.9,5,2,2021-12-06 09:03:06
1638781386499835000,22.9,1,22.85,20,22.9,4,1,2021-12-06 09:03:06
1638781386689904000,22.85,6,22.85,14,22.9,4,2,2021-12-06 09:03:06
1638781387220620000,22.9,2,22.85,14,22.9,2,1,2021-12-06 09:03:07
1638781387317912000,22.85,2,22.85,12,22.9,2,2,2021-12-06 09:03:07
1638781388043543000,22.85,2,22.85,10,22.9,2,2,2021-12-06 09:03:08
1638781388139913000,22.9,1,22.85,10,22.9,1,1,2021-12-06 09:03:08
1638781388426953000,22.85,2,22.85,8,22.9,1,2,2021-12-06 09:03:08
1638781388457750000,22.85,8,22.8,14,22.9,1,2,2021-12-06 09:03:08
1638781388489378000,22.9,1,22.9,1,22.95,38,1,2021-12-06 09:03:08
1638781388526065000,22.9,1,22.8,14,22.95,38,2,2021-12-06 09:03:08
1638781388958338000,22.85,1,22.8,14,22.85,1,2,2021-12-06 09:03:08
1638781389231686000,22.85,1,22.8,14,22.95,34,1,2021-12-06 09:03:09
1638781389231686000,22.95,4,22.8,14,22.95,34,1,2021-12-06 09:03:09
1638781391637517000,22.95,1,22.8,14,22.95,33,1,2021-12-06 09:03:11
1638781392097625000,22.95,10,22.8,15,22.95,23,1,2021-12-06 09:03:12
1638781396342090000,22.8,1,22.8,15,22.85,2,2,2021-12-06 09:03:16
1638781396426540000,22.8,2,22.8,13,22.85,2,2,2021-12-06 09:03:16
1638781396457129000,22.8,2,22.8,11,22.85,2,2,2021-12-06 09:03:16
1638781398304686000,22.85,4,22.8,11,22.9,2,1,2021-12-06 09:03:18
1638781398304686000,22.9,6,22.8,11,22.9,2,1,2021-12-06 09:03:18
1638781398321460000,22.8,1,22.8,10,22.9,2,2,2021-12-06 09:03:18
1638781398339042000,22.8,5,22.8,5,22.9,2,2,2021-12-06 09:03:18
1638781398371151000,22.8,5,22.75,16,22.9,2,2,2021-12-06 09:03:18
1638781400193599000,22.85,2,22.8,1,22.9,2,1,2021-12-06 09:03:20
1638781401985906000,22.9,2,22.8,11,22.95,24,1,2021-12-06 09:03:21
1638781402669915000,22.95,1,22.8,11,22.95,23,1,2021-12-06 09:03:22
1638781405753383000,22.85,1,22.7,10,22.95,30,2,2021-12-06 09:03:25
1638781405753383000,22.8,26,22.7,10,22.95,30,2,2021-12-06 09:03:25
1638781405753383000,22.75,14,22.7,10,22.95,30,2,2021-12-06 09:03:25
1638781405753383000,22.7,9,22.7,10,22.95,30,2,2021-12-06 09:03:25
1638781405830519000,22.7,2,22.7,8,22.95,30,2,2021-12-06 09:03:25
1638781405860847000,22.7,2,22.7,6,22.95,30,2,2021-12-06 09:03:25
1638781405898158000,22.7,2,22.7,4,22.95,30,2,2021-12-06 09:03:25
1638781405935807000,22.7,2,22.7,2,22.95,30,2,2021-12-06 09:03:25
1638781406467736000,22.9,5,22.7,2,22.95,31,1,2021-12-06 09:03:26
1638781406865478000,22.85,6,22.7,2,22.9,3,2,2021-12-06 09:03:26
1638781408130367000,22.85,2,22.85,2,22.9,8,2,2021-12-06 09:03:28
1638781408159250000,22.85,2,22.75,3,22.9,8,2,2021-12-06 09:03:28
1638781408586246000,22.75,3,22.65,10,22.9,8,2,2021-12-06 09:03:28
1638781408586246000,22.7,2,22.65,10,22.9,8,2,2021-12-06 09:03:28
1638781408599488000,22.65,1,22.65,9,22.9,8,2,2021-12-06 09:03:28
1638781408605990000,22.9,8,22.65,9,23.0,2,1,2021-12-06 09:03:28
1638781408605990000,22.95,32,22.65,9,23.0,2,1,2021-12-06 09:03:28
1638781408605990000,23.0,15,22.65,9,23.0,2,1,2021-12-06 09:03:28
1638781411633699000,22.85,3,22.7,6,22.85,19,2,2021-12-06 09:03:31
1638781411756508000,22.7,4,22.7,3,22.85,19,2,2021-12-06 09:03:31
1638781413296330000,22.85,4,22.7,3,22.85,19,1,2021-12-06 09:03:33
1638781414153910000,22.8,1,22.7,9,22.85,19,2,2021-12-06 09:03:34
1638781414749098000,22.85,2,22.7,10,22.85,17,1,2021-12-06 09:03:34
1638781416719219000,22.8,2,22.75,2,22.85,17,2,2021-12-06 09:03:36
1638781420661995000,22.85,1,22.75,5,22.85,16,1,2021-12-06 09:03:40
1638781420692756000,22.85,1,22.75,5,22.85,15,1,2021-12-06 09:03:40
1638781423368961000,22.8,1,22.75,9,22.8,3,2,2021-12-06 09:03:43
1638781423404063000,22.8,3,22.75,9,22.85,15,1,2021-12-06 09:03:43
1638781424782675000,22.85,2,22.75,9,22.85,16,1,2021-12-06 09:03:44
1638781425457133000,22.8,1,22.75,9,22.8,3,2,2021-12-06 09:03:45
1638781425493239000,22.8,3,22.8,1,22.85,12,1,2021-12-06 09:03:45
1638781426297488000,22.85,12,22.8,6,23.0,44,1,2021-12-06 09:03:46
1638781426297488000,22.95,2,22.8,6,23.0,44,1,2021-12-06 09:03:46
1638781426297488000,23.0,6,22.8,6,23.0,44,1,2021-12-06 09:03:46
1638781431926028000,23.0,3,22.85,10,23.0,43,1,2021-12-06 09:03:51
1638781433874993000,22.95,2,22.9,1,22.95,8,2,2021-12-06 09:03:53
1638781434188795000,22.95,1,22.9,1,22.95,7,1,2021-12-06 09:03:54
1638781434788829000,22.95,5,22.9,1,22.95,2,1,2021-12-06 09:03:54
1638781435631339000,22.9,1,22.9,1,22.95,3,2,2021-12-06 09:03:55
1638781436322038000,22.95,2,22.9,1,22.95,1,1,2021-12-06 09:03:56
1638781439075014000,22.9,1,22.85,12,22.95,12,2,2021-12-06 09:03:59
1638781440016395000,22.9,1,22.85,8,22.95,12,2,2021-12-06 09:04:00
1638781440016395000,22.85,4,22.85,8,22.95,12,2,2021-12-06 09:04:00
1638781440739830000,22.95,1,22.85,9,22.95,11,1,2021-12-06 09:04:00
1638781441931841000,22.95,1,22.85,9,22.95,10,1,2021-12-06 09:04:01
1638781442971922000,22.95,1,22.9,5,22.95,9,1,2021-12-06 09:04:02
1638781444310452000,22.9,1,22.9,4,22.95,13,2,2021-12-06 09:04:04
1638781445326442000,22.9,1,22.9,4,22.95,13,2,2021-12-06 09:04:05
1638781449076803000,22.9,1,22.9,5,22.95,23,2,2021-12-06 09:04:09
1638781449894421000,22.9,1,22.9,4,22.95,23,2,2021-12-06 09:04:09
1638781449918698000,22.9,4,22.85,22,22.95,23,2,2021-12-06 09:04:09
1638781451680570000,22.9,2,22.85,22,22.95,23,1,2021-12-06 09:04:11
1638781453183383000,22.9,1,22.85,22,22.9,4,2,2021-12-06 09:04:13
1638781456493082000,22.9,4,22.85,23,22.95,12,1,2021-12-06 09:04:16
1638781456493082000,22.95,11,22.85,23,22.95,12,1,2021-12-06 09:04:16
1638781460425808000,22.9,1,22.85,23,22.95,11,2,2021-12-06 09:04:20
1638781460425808000,22.95,1,22.85,23,22.95,11,1,2021-12-06 09:04:20
1638781460544698000,22.95,11,22.85,23,23.0,47,1,2021-12-06 09:04:20
1638781460544698000,23.0,2,22.85,23,23.0,47,1,2021-12-06 09:04:20
1638781461645313000,22.9,1,22.9,5,23.0,47,2,2021-12-06 09:04:21
1638781465454204000,23.0,2,22.9,14,23.0,53,1,2021-12-06 09:04:25
1638781467453972000,22.95,5,22.9,16,23.0,53,2,2021-12-06 09:04:27
1638781470196521000,23.0,1,22.9,19,23.0,52,1,2021-12-06 09:04:30
1638781472264096000,23.0,5,22.95,1,23.0,47,1,2021-12-06 09:04:32
1638781472410848000,23.0,26,22.95,6,23.0,21,1,2021-12-06 09:04:32
1638781473277264000,23.0,1,22.95,6,23.0,20,1,2021-12-06 09:04:33
1638781473579280000,23.0,1,22.95,11,23.0,19,1,2021-12-06 09:04:33
1638781473619128000,23.0,1,22.95,11,23.0,18,1,2021-12-06 09:04:33
1638781473624847000,23.0,3,22.95,11,23.0,15,1,2021-12-06 09:04:33
1638781474241860000,23.0,1,22.95,11,23.0,14,1,2021-12-06 09:04:34
1638781474274123000,23.0,9,22.95,11,23.0,5,1,2021-12-06 09:04:34
1638781474487937000,23.0,5,22.95,12,23.05,10,1,2021-12-06 09:04:34
1638781475454818000,23.05,10,23.0,11,23.1,72,1,2021-12-06 09:04:35
1638781475683872000,23.1,4,23.05,5,23.1,68,1,2021-12-06 09:04:35
1638781476822162000,23.1,1,23.05,5,23.1,67,1,2021-12-06 09:04:36
1638781477248277000,23.1,1,23.05,5,23.1,66,1,2021-12-06 09:04:37
1638781477537056000,23.1,6,23.05,5,23.1,60,1,2021-12-06 09:04:37
1638781477567346000,23.1,18,23.05,5,23.1,42,1,2021-12-06 09:04:37
1638781478830397000,23.1,1,23.05,5,23.1,41,1,2021-12-06 09:04:38
1638781479710474000,23.1,1,23.05,5,23.1,40,1,2021-12-06 09:04:39
1638781480689970000,23.1,1,23.0,13,23.1,40,1,2021-12-06 09:04:40
1638781481017826000,23.1,1,23.0,13,23.1,39,1,2021-12-06 09:04:41
1638781481417844000,23.1,1,23.0,23,23.1,30,1,2021-12-06 09:04:41
1638781481482072000,23.1,1,23.0,23,23.1,29,1,2021-12-06 09:04:41
1638781481623889000,23.05,5,23.0,23,23.05,5,2,2021-12-06 09:04:41
1638781483060073000,23.05,1,23.0,24,23.05,5,1,2021-12-06 09:04:43
1638781483695341000,23.05,2,23.0,24,23.05,3,1,2021-12-06 09:04:43
1638781483783002000,23.05,3,23.0,24,23.1,30,1,2021-12-06 09:04:43
1638781483834543000,23.1,2,23.0,24,23.1,28,1,2021-12-06 09:04:43
1638781484498751000,23.1,2,23.0,25,23.1,26,1,2021-12-06 09:04:44
1638781485546433000,23.05,1,23.0,40,23.05,3,2,2021-12-06 09:04:45
1638781485962112000,23.05,1,23.0,40,23.05,2,1,2021-12-06 09:04:45
1638781487413830000,23.0,20,23.0,21,23.05,12,2,2021-12-06 09:04:47
1638781487419248000,23.05,1,23.0,21,23.05,11,1,2021-12-06 09:04:47
1638781487439831000,23.0,21,22.95,14,23.05,11,2,2021-12-06 09:04:47
1638781487720339000,23.05,1,22.95,14,23.05,11,1,2021-12-06 09:04:47
1638781488047369000,23.05,1,22.95,9,23.05,10,1,2021-12-06 09:04:48
1638781489218294000,23.05,1,23.0,13,23.05,10,1,2021-12-06 09:04:49
1638781490967381000,23.05,2,23.0,13,23.05,11,1,2021-12-06 09:04:50
1638781491247842000,23.0,10,23.0,3,23.05,11,2,2021-12-06 09:04:51
1638781491332082000,23.05,7,23.0,4,23.05,4,1,2021-12-06 09:04:51
1638781491877354000,23.0,4,22.95,4,23.05,4,2,2021-12-06 09:04:51
1638781491877354000,22.95,2,22.95,4,23.05,4,2,2021-12-06 09:04:51
1638781493124202000,23.05,1,22.95,4,23.05,4,1,2021-12-06 09:04:53
1638781493365340000,23.05,1,22.95,4,23.05,3,1,2021-12-06 09:04:53
1638781493402160000,23.05,1,22.95,4,23.05,2,1,2021-12-06 09:04:53
1638781493943777000,23.05,2,23.05,8,23.1,27,1,2021-12-06 09:04:53
1638781496796498000,23.05,5,23.05,11,23.1,30,2,2021-12-06 09:04:56
1638781496819392000,23.05,11,23.0,9,23.1,30,2,2021-12-06 09:04:56
1638781498027251000,23.05,1,23.0,10,23.05,1,2,2021-12-06 09:04:58
1638781498295993000,23.05,1,23.0,10,23.1,28,1,2021-12-06 09:04:58
1638781498295993000,23.1,1,23.0,10,23.1,28,1,2021-12-06 09:04:58
1638781498810961000,23.05,1,23.0,11,23.1,28,2,2021-12-06 09:04:58
1638781499303866000,23.05,1,23.05,1,23.1,28,1,2021-12-06 09:04:59
1638781502030343000,23.1,1,23.05,1,23.1,29,1,2021-12-06 09:05:02
1638781503379322000,23.05,7,23.0,9,23.1,30,2,2021-12-06 09:05:03
1638781503379322000,23.0,3,23.0,9,23.1,30,2,2021-12-06 09:05:03
1638781503386642000,23.0,5,23.0,4,23.1,30,2,2021-12-06 09:05:03
1638781503409222000,23.0,4,22.95,1,23.1,30,2,2021-12-06 09:05:03
1638781503409222000,22.95,6,22.95,1,23.1,30,2,2021-12-06 09:05:03
1638781503452184000,22.95,1,22.9,23,23.1,30,2,2021-12-06 09:05:03
1638781503768555000,23.05,1,22.95,1,23.1,28,1,2021-12-06 09:05:03
1638781503768555000,23.1,2,22.95,1,23.1,28,1,2021-12-06 09:05:03
1638781504034540000,23.1,1,22.95,1,23.1,27,1,2021-12-06 09:05:04
1638781504402250000,23.1,4,22.95,1,23.1,23,1,2021-12-06 09:05:04
1638781507660716000,23.05,5,22.95,2,23.05,17,2,2021-12-06 09:05:07
1638781509033056000,22.95,2,22.9,23,23.0,6,2,2021-12-06 09:05:09
1638781509121040000,22.9,10,22.9,13,23.0,6,2,2021-12-06 09:05:09
1638781509938124000,22.9,13,22.85,13,22.95,3,2,2021-12-06 09:05:09
1638781510212488000,22.95,1,22.85,13,22.95,2,1,2021-12-06 09:05:10
1638781515562885000,22.95,4,22.95,2,23.0,17,1,2021-12-06 09:05:15
1638781515595814000,22.95,2,22.85,12,23.0,17,2,2021-12-06 09:05:15
1638781522936363000,23.0,10,22.9,3,23.0,12,1,2021-12-06 09:05:22
1638781522962584000,22.9,3,22.85,11,23.0,12,2,2021-12-06 09:05:22
1638781524401215000,22.85,6,22.85,5,23.0,12,2,2021-12-06 09:05:24
1638781524982014000,23.0,1,22.85,5,23.0,11,1,2021-12-06 09:05:24
1638781526386934000,23.0,11,22.85,5,23.05,4,1,2021-12-06 09:05:26
1638781526386934000,23.05,19,22.85,5,23.05,4,1,2021-12-06 09:05:26
1638781530636447000,23.0,1,22.9,1,23.0,1,2,2021-12-06 09:05:30
1638781533944115000,23.0,1,22.9,1,23.05,4,1,2021-12-06 09:05:33
1638781533944115000,23.05,1,22.9,1,23.05,4,1,2021-12-06 09:05:33
1638781537084134000,23.0,1,22.9,1,23.05,7,2,2021-12-06 09:05:37
1638781541151229000,23.05,7,23.0,6,23.1,15,1,2021-12-06 09:05:41
1638781541151229000,23.1,3,23.0,6,23.1,15,1,2021-12-06 09:05:41
1638781541879969000,23.0,7,22.9,3,23.0,83,2,2021-12-06 09:05:41
1638781542690748000,22.9,1,22.85,31,23.0,83,2,2021-12-06 09:05:42
1638781542690748000,22.85,2,22.85,31,23.0,83,2,2021-12-06 09:05:42
1638781543004505000,22.9,5,22.85,31,23.0,83,1,2021-12-06 09:05:43
1638781544416433000,22.95,1,22.85,32,23.0,82,1,2021-12-06 09:05:44
1638781544416433000,23.0,1,22.85,32,23.0,82,1,2021-12-06 09:05:44
1638781545325353000,23.0,5,22.85,32,23.0,77,1,2021-12-06 09:05:45
1638781545437720000,23.0,1,22.85,32,23.0,76,1,2021-12-06 09:05:45
1638781548220665000,23.0,1,22.85,31,23.0,80,1,2021-12-06 09:05:48
1638781548386244000,23.0,5,22.85,31,23.0,75,1,2021-12-06 09:05:48
1638781548698044000,23.0,2,22.85,31,23.0,73,1,2021-12-06 09:05:48
1638781550558321000,22.9,1,22.9,10,23.0,73,2,2021-12-06 09:05:50
1638781550622394000,22.9,1,22.9,9,23.0,73,2,2021-12-06 09:05:50
1638781550664897000,22.9,3,22.9,6,23.0,73,2,2021-12-06 09:05:50
1638781552205148000,23.0,1,22.9,9,23.0,72,1,2021-12-06 09:05:52
1638781555104272000,22.9,10,22.85,33,22.9,2,2,2021-12-06 09:05:55
1638781556247978000,22.9,1,22.85,33,22.9,5,1,2021-12-06 09:05:56
1638781558273071000,22.9,2,22.85,33,22.9,4,1,2021-12-06 09:05:58
1638781558834277000,22.85,10,22.85,23,22.9,4,2,2021-12-06 09:05:58
1638781558868785000,22.85,18,22.85,5,22.9,4,2,2021-12-06 09:05:58
1638781561072167000,22.85,5,22.8,77,22.9,5,2,2021-12-06 09:06:01
1638781562967826000,22.85,1,22.8,77,22.85,12,1,2021-12-06 09:06:02
1638781563154107000,22.8,14,22.8,63,22.85,12,2,2021-12-06 09:06:03
1638781563174695000,22.8,9,22.8,54,22.85,12,2,2021-12-06 09:06:03
1638781564601244000,22.8,3,22.8,51,22.85,12,2,2021-12-06 09:06:04
1638781565526151000,22.8,6,22.8,50,22.85,9,2,2021-12-06 09:06:05
1638781570976968000,22.8,20,22.8,29,22.85,29,2,2021-12-06 09:06:10
1638781571007564000,22.8,10,22.8,19,22.85,29,2,2021-12-06 09:06:11
1638781571008344000,22.8,12,22.8,7,22.85,29,2,2021-12-06 09:06:11
1638781571036805000,22.8,7,22.75,15,22.85,29,2,2021-12-06 09:06:11
1638781571308790000,22.8,1,22.75,15,22.85,29,1,2021-12-06 09:06:11
1638781576707920000,22.8,2,22.75,14,22.8,3,1,2021-12-06 09:06:16
1638781576838933000,22.8,3,22.8,7,22.85,29,1,2021-12-06 09:06:16
1638781578164105000,22.85,5,22.8,7,22.85,24,1,2021-12-06 09:06:18
1638781579374532000,22.8,7,22.75,14,22.8,3,2,2021-12-06 09:06:19
1638781579505800000,22.75,1,22.75,13,22.8,3,2,2021-12-06 09:06:19
1638781580230324000,22.8,5,22.75,13,22.8,6,1,2021-12-06 09:06:20
1638781580888298000,22.75,7,22.75,6,22.8,6,2,2021-12-06 09:06:20
1638781584753702000,22.8,2,22.75,7,22.8,5,1,2021-12-06 09:06:24
1638781585913183000,22.8,2,22.75,12,22.8,3,1,2021-12-06 09:06:25
1638781586127209000,22.8,2,22.75,13,22.8,1,1,2021-12-06 09:06:26
1638781586609737000,22.75,13,22.7,14,22.8,1,2,2021-12-06 09:06:26
1638781586609737000,22.7,22,22.7,14,22.8,1,2,2021-12-06 09:06:26
1638781588142242000,22.75,1,22.7,14,22.8,1,1,2021-12-06 09:06:28
1638781591856160000,22.7,5,22.7,11,22.75,1,2,2021-12-06 09:06:31
1638781591906991000,22.7,1,22.7,10,22.75,1,2,2021-12-06 09:06:31
1638781593144623000,22.7,1,22.7,9,22.75,1,2,2021-12-06 09:06:33
1638781594194032000,22.75,1,22.7,9,22.8,4,1,2021-12-06 09:06:34
1638781594430915000,22.7,1,22.7,8,22.8,4,2,2021-12-06 09:06:34
1638781595062936000,22.7,8,22.65,10,22.7,22,2,2021-12-06 09:06:35
1638781595423459000,22.7,1,22.65,11,22.7,21,1,2021-12-06 09:06:35
1638781595605597000,22.7,1,22.65,11,22.7,20,1,2021-12-06 09:06:35
1638781596696264000,22.7,1,22.65,10,22.7,19,1,2021-12-06 09:06:36
1638781596958381000,22.65,1,22.65,9,22.7,19,2,2021-12-06 09:06:36
1638781598111487000,22.65,2,22.65,6,22.7,21,2,2021-12-06 09:06:38
1638781599357792000,22.65,4,22.65,2,22.7,21,2,2021-12-06 09:06:39
1638781600258048000,22.7,2,22.65,17,22.7,19,1,2021-12-06 09:06:40
1638781600281355000,22.7,8,22.65,17,22.7,11,1,2021-12-06 09:06:40
1638781600842147000,22.7,11,22.65,17,22.75,1,1,2021-12-06 09:06:40
1638781600842147000,22.75,2,22.65,17,22.75,1,1,2021-12-06 09:06:40
1638781600953322000,22.7,1,22.65,17,22.75,1,2,2021-12-06 09:06:40
1638781602516185000,22.65,5,22.65,12,22.75,1,2,2021-12-06 09:06:42
1638781604043182000,22.7,2,22.7,3,22.75,2,1,2021-12-06 09:06:44
1638781604086360000,22.7,2,22.7,1,22.75,2,2,2021-12-06 09:06:44
1638781605756568000,22.75,2,22.7,17,22.8,6,1,2021-12-06 09:06:45
1638781608242857000,22.7,10,22.7,7,22.8,6,2,2021-12-06 09:06:48
1638781611906116000,22.8,2,22.7,9,22.8,9,1,2021-12-06 09:06:51
1638781612668381000,22.8,9,22.75,10,22.85,20,1,2021-12-06 09:06:52
1638781616054416000,22.85,2,22.8,2,22.85,20,1,2021-12-06 09:06:56
1638781618335186000,22.8,2,22.75,10,22.8,2,2,2021-12-06 09:06:58
1638781618824783000,22.75,5,22.75,7,22.8,2,2,2021-12-06 09:06:58
1638781618858631000,22.8,2,22.75,7,22.85,20,1,2021-12-06 09:06:58
1638781619535224000,22.75,3,22.75,4,22.85,20,2,2021-12-06 09:06:59
1638781620882003000,22.75,1,22.75,4,22.85,20,2,2021-12-06 09:07:00
1638781622755952000,22.85,1,22.75,4,22.85,19,1,2021-12-06 09:07:02
1638781622929873000,22.85,5,22.75,4,22.85,14,1,2021-12-06 09:07:02
1638781631380815000,22.8,3,22.7,29,22.85,19,2,2021-12-06 09:07:11
1638781631380815000,22.75,12,22.7,29,22.85,19,2,2021-12-06 09:07:11
1638781631607954000,22.7,1,22.7,28,22.85,19,2,2021-12-06 09:07:11
1638781633085808000,22.85,1,22.7,28,22.85,20,1,2021-12-06 09:07:13
1638781634887478000,22.8,1,22.7,28,22.85,20,2,2021-12-06 09:07:14
1638781635015979000,22.85,1,22.7,28,22.85,19,1,2021-12-06 09:07:15
1638781635498091000,22.7,4,22.7,24,22.85,19,2,2021-12-06 09:07:15
1638781636338614000,22.7,7,22.7,17,22.85,19,2,2021-12-06 09:07:16
1638781636671037000,22.85,1,22.7,17,22.85,18,1,2021-12-06 09:07:16
1638781636955007000,22.85,10,22.7,17,22.85,8,1,2021-12-06 09:07:16
1638781643775433000,22.85,4,22.75,5,22.85,7,1,2021-12-06 09:07:23
1638781648284305000,22.85,6,22.75,4,22.85,1,1,2021-12-06 09:07:28
1638781648313080000,22.85,1,22.75,5,22.95,11,1,2021-12-06 09:07:28
1638781650757136000,22.85,1,22.8,1,22.95,10,2,2021-12-06 09:07:30
1638781656963708000,22.9,2,22.85,8,22.9,3,1,2021-12-06 09:07:36
1638781664820839000,22.9,2,22.85,9,22.9,4,1,2021-12-06 09:07:44
1638781668178954000,22.85,5,22.85,7,22.9,4,2,2021-12-06 09:07:48
1638781668521621000,22.9,1,22.85,7,22.9,5,1,2021-12-06 09:07:48
1638781669094067000,22.9,1,22.85,7,22.9,4,1,2021-12-06 09:07:49
1638781669824122000,22.9,4,22.9,1,22.95,10,1,2021-12-06 09:07:49
1638781674699966000,22.9,7,22.85,8,22.9,3,2,2021-12-06 09:07:54
1638781676177131000,22.9,1,22.85,8,22.9,2,1,2021-12-06 09:07:56
1638781677084667000,22.9,2,22.85,8,22.95,7,1,2021-12-06 09:07:57
1638781677084667000,22.95,3,22.85,8,22.95,7,1,2021-12-06 09:07:57
1638781677768234000,22.85,1,22.85,7,22.9,6,2,2021-12-06 09:07:57
1638781677826407000,22.9,1,22.85,7,22.9,5,1,2021-12-06 09:07:57
1638781678291077000,22.9,2,22.85,7,22.9,3,1,2021-12-06 09:07:58
1638781679966431000,22.9,1,22.85,7,22.9,2,1,2021-12-06 09:07:59
1638781681197284000,22.9,5,22.85,7,22.9,2,1,2021-12-06 09:08:01
1638781682535896000,22.9,2,22.9,1,22.95,17,1,2021-12-06 09:08:02
1638781682987606000,22.9,1,22.85,9,22.95,27,2,2021-12-06 09:08:02
1638781684456782000,22.9,6,22.85,11,22.9,4,2,2021-12-06 09:08:04
1638781684875222000,22.9,2,22.85,11,22.9,2,1,2021-12-06 09:08:04
1638781685553060000,22.9,2,22.85,11,22.95,27,1,2021-12-06 09:08:05
1638781688541961000,22.9,1,22.85,11,22.9,9,2,2021-12-06 09:08:08
1638781689096624000,22.9,1,22.85,11,22.9,8,1,2021-12-06 09:08:09
1638781692783022000,22.9,1,22.85,13,22.9,11,1,2021-12-06 09:08:12
1638781693271149000,22.9,2,22.85,13,22.9,9,1,2021-12-06 09:08:13
1638781693631471000,22.9,2,22.85,13,22.9,7,1,2021-12-06 09:08:13
1638781696626449000,22.9,1,22.85,16,22.9,6,1,2021-12-06 09:08:16
1638781705269284000,22.85,1,22.85,15,22.9,6,2,2021-12-06 09:08:25
1638781705291643000,22.85,1,22.85,14,22.9,6,2,2021-12-06 09:08:25
1638781707338498000,22.9,1,22.85,14,22.9,5,1,2021-12-06 09:08:27
1638781708052909000,22.85,4,22.85,10,22.9,5,2,2021-12-06 09:08:28
1638781710200901000,22.9,3,22.85,10,22.9,8,1,2021-12-06 09:08:30
1638781710678393000,22.85,4,22.85,6,22.9,8,2,2021-12-06 09:08:30
1638781710701814000,22.85,6,22.8,15,22.9,8,2,2021-12-06 09:08:30
1638781728870546000,22.8,10,22.8,6,22.85,16,2,2021-12-06 09:08:48
1638781728905058000,22.8,5,22.8,1,22.85,16,2,2021-12-06 09:08:48
1638781729922449000,22.8,1,22.75,7,22.8,4,2,2021-12-06 09:08:49
1638781733501723000,22.75,10,22.75,7,22.8,16,2,2021-12-06 09:08:53
1638781734178529000,22.75,2,22.75,5,22.8,16,2,2021-12-06 09:08:54
1638781734288850000,22.75,2,22.75,3,22.8,16,2,2021-12-06 09:08:54
1638781736198700000,22.75,2,22.75,2,22.8,16,2,2021-12-06 09:08:56
1638781738013720000,22.75,2,22.75,1,22.8,16,2,2021-12-06 09:08:58
1638781738350238000,22.75,1,22.7,36,22.8,16,2,2021-12-06 09:08:58
1638781744404508000,22.75,1,22.75,2,22.8,16,1,2021-12-06 09:09:04
1638781744429286000,22.75,1,22.75,1,22.8,16,2,2021-12-06 09:09:04
1638781747062380000,22.75,1,22.7,37,22.75,1,2,2021-12-06 09:09:07
1638781748117685000,22.75,1,22.7,37,22.8,16,1,2021-12-06 09:09:08
1638781748647362000,22.75,1,22.7,37,22.75,1,1,2021-12-06 09:09:08
1638781749851797000,22.75,2,22.8,2,22.85,15,1,2021-12-06 09:09:09
1638781749851797000,22.8,16,22.8,2,22.85,15,1,2021-12-06 09:09:09
1638781750932440000,22.8,1,22.8,1,22.85,15,2,2021-12-06 09:09:10
1638781755340842000,22.8,1,22.75,6,22.85,15,2,2021-12-06 09:09:15
1638781758449950000,22.8,2,22.8,3,22.85,15,2,2021-12-06 09:09:18
1638781763852663000,22.85,10,22.8,11,22.85,5,1,2021-12-06 09:09:23
1638781763873435000,22.85,5,22.8,11,22.9,4,1,2021-12-06 09:09:23
1638781767049682000,22.9,2,22.85,8,22.9,4,1,2021-12-06 09:09:27
1638781767853615000,22.9,4,22.9,6,22.95,37,1,2021-12-06 09:09:27
1638781768339973000,22.95,26,22.9,8,22.95,11,1,2021-12-06 09:09:28
1638781768372673000,22.95,11,22.9,8,23.0,25,1,2021-12-06 09:09:28
1638781769031434000,23.0,2,22.95,2,23.0,23,1,2021-12-06 09:09:29
1638781769073060000,23.0,5,22.95,2,23.0,18,1,2021-12-06 09:09:29
1638781769658739000,22.95,2,22.9,12,23.0,18,2,2021-12-06 09:09:29
1638781769898375000,23.0,3,22.9,12,23.0,15,1,2021-12-06 09:09:29
1638781769912637000,23.0,4,22.9,12,23.0,11,1,2021-12-06 09:09:29
1638781769948266000,23.0,11,22.9,12,23.05,49,1,2021-12-06 09:09:29
1638781770318725000,23.05,10,22.9,12,23.05,39,1,2021-12-06 09:09:30
1638781770355653000,23.05,1,22.9,12,23.05,38,1,2021-12-06 09:09:30
1638781770369905000,23.05,5,22.9,12,23.05,33,1,2021-12-06 09:09:30
1638781770386917000,23.05,12,22.9,12,23.05,21,1,2021-12-06 09:09:30
1638781770440381000,23.05,5,22.9,12,23.05,16,1,2021-12-06 09:09:30
1638781772621269000,23.05,10,22.9,13,23.05,6,1,2021-12-06 09:09:32
1638781773310919000,22.9,3,22.9,10,23.05,6,2,2021-12-06 09:09:33
1638781773329606000,23.05,1,22.9,10,23.05,5,1,2021-12-06 09:09:33
1638781775925223000,23.05,1,23.0,3,23.05,4,1,2021-12-06 09:09:35
1638781775984027000,23.05,1,23.0,3,23.05,3,1,2021-12-06 09:09:35
1638781776295779000,23.05,3,23.0,3,23.05,1,1,2021-12-06 09:09:36
1638781778786677000,23.05,1,23.05,2,23.1,79,1,2021-12-06 09:09:38
1638781778824153000,23.05,2,23.0,3,23.1,79,2,2021-12-06 09:09:38
1638781778946944000,23.05,1,23.0,3,23.1,79,2,2021-12-06 09:09:38
1638781784822464000,23.05,3,23.05,2,23.1,79,2,2021-12-06 09:09:44
1638781785570114000,23.1,1,23.05,2,23.1,75,1,2021-12-06 09:09:45
1638781787611785000,23.05,2,23.0,3,23.1,75,2,2021-12-06 09:09:47
1638781792389714000,23.05,2,23.0,3,23.05,3,2,2021-12-06 09:09:52
1638781794075350000,23.05,2,23.0,3,23.05,4,1,2021-12-06 09:09:54
1638781794225484000,23.05,1,23.0,3,23.05,3,1,2021-12-06 09:09:54
1638781797850123000,23.0,1,23.0,1,23.05,13,2,2021-12-06 09:09:57
1638781798099607000,23.0,1,22.95,1,23.0,1,2,2021-12-06 09:09:58
1638781798202875000,23.0,1,22.95,1,23.05,13,1,2021-12-06 09:09:58
1638781798358378000,23.05,10,22.95,1,23.05,3,1,2021-12-06 09:09:58
1638781798399849000,23.05,3,22.95,1,23.1,75,1,2021-12-06 09:09:58
1638781800675906000,23.05,1,22.95,1,23.1,75,1,2021-12-06 09:10:00
1638781807674681000,23.05,1,23.0,2,23.05,4,1,2021-12-06 09:10:07
1638781809818309000,23.0,2,22.95,52,23.05,15,2,2021-12-06 09:10:09
1638781811529075000,23.05,2,23.0,5,23.05,13,1,2021-12-06 09:10:11
1638781811586908000,23.05,1,23.0,5,23.05,12,1,2021-12-06 09:10:11
1638781813049270000,23.0,4,23.0,2,23.05,13,2,2021-12-06 09:10:13
1638781815155192000,23.0,9,22.95,52,23.0,1,2,2021-12-06 09:10:15
1638781815708622000,23.0,1,23.0,2,23.05,13,1,2021-12-06 09:10:15
1638781816111926000,23.0,1,23.0,1,23.05,13,2,2021-12-06 09:10:16
1638781818413704000,23.0,1,23.0,2,23.05,16,2,2021-12-06 09:10:18
1638781818424551000,23.0,1,23.0,1,23.05,16,2,2021-12-06 09:10:18
1638781818460041000,23.0,1,22.95,53,23.05,16,2,2021-12-06 09:10:18
1638781823539338000,23.0,6,22.95,47,23.0,7,1,2021-12-06 09:10:23
1638781826957785000,23.0,5,22.95,47,23.0,2,1,2021-12-06 09:10:26
1638781827414971000,22.95,47,22.9,1,23.0,2,2,2021-12-06 09:10:27
1638781827414971000,22.9,20,22.9,1,23.0,2,2,2021-12-06 09:10:27
1638781828081208000,22.95,2,22.9,1,23.0,4,1,2021-12-06 09:10:28
1638781829463626000,22.95,1,22.9,1,22.95,1,1,2021-12-06 09:10:29
1638781830363288000,22.9,1,22.85,36,22.9,1,2,2021-12-06 09:10:30
1638781832122309000,22.85,2,22.85,34,22.9,1,2,2021-12-06 09:10:32
1638781833640218000,22.9,1,22.85,34,22.95,4,1,2021-12-06 09:10:33
1638781839841956000,22.85,2,22.85,34,22.95,6,2,2021-12-06 09:10:39
1638781841990880000,22.9,3,22.85,32,22.95,3,1,2021-12-06 09:10:41
1638781841990880000,22.85,4,22.85,32,22.95,3,2,2021-12-06 09:10:41
1638781842820529000,22.9,3,22.85,32,22.9,2,1,2021-12-06 09:10:42
1638781845821863000,22.9,1,22.85,32,22.95,8,1,2021-12-06 09:10:45
1638781845821863000,22.95,1,22.85,32,22.95,8,1,2021-12-06 09:10:45
1638781854497072000,22.95,2,22.9,1,22.95,3,1,2021-12-06 09:10:54
1638781855523394000,22.9,1,22.85,32,23.0,21,2,2021-12-06 09:10:55
1638781859168031000,23.0,1,22.85,32,23.0,20,1,2021-12-06 09:10:59
1638781863283353000,22.95,1,22.85,34,23.0,26,2,2021-12-06 09:11:03
1638781865122593000,23.0,2,22.85,34,23.0,25,1,2021-12-06 09:11:05
1638781867716432000,22.95,8,22.95,3,23.0,22,2,2021-12-06 09:11:07
1638781867748963000,22.95,3,22.85,34,23.0,22,2,2021-12-06 09:11:07
1638781869063533000,23.0,1,22.85,34,23.0,21,1,2021-12-06 09:11:09
1638781870718125000,23.0,6,22.85,35,23.0,15,1,2021-12-06 09:11:10
1638781871974578000,23.0,1,22.85,34,23.0,14,1,2021-12-06 09:11:11
1638781876352284000,22.95,1,22.9,1,23.0,28,2,2021-12-06 09:11:16
1638781881835421000,22.95,1,22.9,11,23.0,28,2,2021-12-06 09:11:21
1638781894473324000,22.95,1,22.95,4,23.0,38,2,2021-12-06 09:11:34
1638781894507747000,22.95,4,22.9,15,23.0,38,2,2021-12-06 09:11:34
1638781901071575000,23.0,5,22.95,4,23.0,33,1,2021-12-06 09:11:41
1638781905360890000,23.0,3,22.95,4,23.0,30,1,2021-12-06 09:11:45
1638781906849999000,23.0,2,22.95,4,23.0,28,1,2021-12-06 09:11:46
1638781909958789000,23.0,3,22.95,1,23.0,25,1,2021-12-06 09:11:49
1638781917089968000,23.0,3,22.95,3,23.0,22,1,2021-12-06 09:11:57
1638781920935831000,23.0,10,22.95,3,23.0,15,1,2021-12-06 09:12:00
1638781924087837000,23.0,2,22.95,4,23.0,14,1,2021-12-06 09:12:04
1638781925985761000,23.0,15,22.95,6,23.0,1,1,2021-12-06 09:12:05
1638781926019889000,23.0,1,22.95,6,23.05,27,1,2021-12-06 09:12:06
1638781926804561000,23.05,27,23.0,1,23.1,77,1,2021-12-06 09:12:06
1638781926804561000,23.1,13,23.0,1,23.1,77,1,2021-12-06 09:12:06
1638781927474844000,23.1,2,23.0,3,23.1,75,1,2021-12-06 09:12:07
1638781927600610000,23.1,7,23.0,3,23.1,68,1,2021-12-06 09:12:07
1638781927679973000,23.1,3,23.0,4,23.1,65,1,2021-12-06 09:12:07
1638781927739285000,23.1,7,23.0,4,23.1,58,1,2021-12-06 09:12:07
1638781927767023000,23.1,2,23.0,4,23.1,56,1,2021-12-06 09:12:07
1638781927787591000,23.1,5,23.0,4,23.1,51,1,2021-12-06 09:12:07
1638781927809577000,23.1,51,23.0,4,23.15,8,1,2021-12-06 09:12:07
1638781928497313000,23.15,2,23.1,9,23.15,6,1,2021-12-06 09:12:08
1638781928554094000,23.15,6,23.1,9,23.2,95,1,2021-12-06 09:12:08
1638781928562831000,23.2,20,23.1,9,23.2,75,1,2021-12-06 09:12:08
1638781928773095000,23.2,1,23.1,13,23.2,74,1,2021-12-06 09:12:08
1638781929051832000,23.15,1,23.15,8,23.2,74,2,2021-12-06 09:12:09
1638781929213571000,23.2,15,23.15,8,23.2,59,1,2021-12-06 09:12:09
1638781929267656000,23.2,5,23.15,8,23.2,54,1,2021-12-06 09:12:09
1638781929350791000,23.2,10,23.15,8,23.2,44,1,2021-12-06 09:12:09
1638781929382365000,23.2,4,23.15,8,23.2,40,1,2021-12-06 09:12:09
1638781929550117000,23.2,1,23.15,8,23.2,39,1,2021-12-06 09:12:09
1638781929602368000,23.2,4,23.15,8,23.2,35,1,2021-12-06 09:12:09
1638781929654733000,23.2,2,23.15,8,23.2,33,1,2021-12-06 09:12:09
1638781929807541000,23.2,7,23.15,8,23.2,26,1,2021-12-06 09:12:09
1638781930846997000,23.2,1,23.15,8,23.2,25,1,2021-12-06 09:12:10
1638781931192329000,23.2,2,23.15,8,23.2,22,1,2021-12-06 09:12:11
1638781931890261000,23.2,1,23.15,4,23.2,21,1,2021-12-06 09:12:11
1638781932103764000,23.2,1,23.15,4,23.2,20,1,2021-12-06 09:12:12
1638781932442060000,23.2,10,23.15,4,23.2,10,1,2021-12-06 09:12:12
1638781934153719000,23.15,1,23.0,7,23.15,4,2,2021-12-06 09:12:14
1638781934874638000,23.15,4,23.0,7,23.2,15,1,2021-12-06 09:12:14
1638781934874638000,23.2,1,23.0,7,23.2,15,1,2021-12-06 09:12:14
1638781935236918000,23.2,10,23.05,1,23.2,5,1,2021-12-06 09:12:15
1638781935592870000,23.15,3,23.0,7,23.15,7,2,2021-12-06 09:12:15
1638781935694248000,23.15,2,23.0,7,23.15,5,1,2021-12-06 09:12:15
1638781936333893000,23.15,1,23.05,4,23.15,4,1,2021-12-06 09:12:16
1638781938249358000,23.15,4,23.15,1,23.2,13,1,2021-12-06 09:12:18
1638781938286138000,23.15,1,23.0,7,23.2,13,2,2021-12-06 09:12:18
1638781938589807000,23.2,1,23.0,7,23.2,12,1,2021-12-06 09:12:18
1638781940118080000,23.2,1,23.05,3,23.2,11,1,2021-12-06 09:12:20
1638781940173826000,23.05,1,23.05,2,23.2,11,2,2021-12-06 09:12:20
1638781940273832000,23.15,1,23.05,2,23.2,11,1,2021-12-06 09:12:20
1638781940505844000,23.2,4,23.05,2,23.2,7,1,2021-12-06 09:12:20
1638781941293073000,23.2,1,23.05,2,23.2,6,1,2021-12-06 09:12:21
1638781942926510000,23.15,2,23.1,5,23.15,48,2,2021-12-06 09:12:22
1638781943060982000,23.15,4,23.1,5,23.15,44,1,2021-12-06 09:12:23
1638781944383966000,23.1,2,23.1,5,23.15,44,2,2021-12-06 09:12:24
1638781944564311000,23.1,2,23.1,3,23.15,44,2,2021-12-06 09:12:24
1638781944601853000,23.1,3,23.05,11,23.15,44,2,2021-12-06 09:12:24
1638781944732717000,23.05,2,23.05,9,23.15,44,2,2021-12-06 09:12:24
1638781945722460000,23.1,10,23.1,9,23.15,44,1,2021-12-06 09:12:25
1638781945754368000,23.1,9,23.05,9,23.15,44,2,2021-12-06 09:12:25
1638781946148099000,23.05,9,23.0,16,23.1,38,2,2021-12-06 09:12:26
1638781950778629000,23.0,10,23.0,7,23.05,10,2,2021-12-06 09:12:30
1638781950800501000,23.0,7,22.95,5,23.05,10,2,2021-12-06 09:12:30
1638781951003262000,23.05,1,22.95,5,23.05,9,1,2021-12-06 09:12:31
1638781952017866000,23.0,1,22.95,5,23.0,17,2,2021-12-06 09:12:32
1638781952461572000,22.95,5,22.9,16,22.95,5,2,2021-12-06 09:12:32
1638781952494719000,22.95,1,22.9,16,22.95,4,1,2021-12-06 09:12:32
1638781954938263000,22.95,1,22.9,16,22.95,3,1,2021-12-06 09:12:34
1638781955109770000,22.95,1,22.9,16,22.95,2,1,2021-12-06 09:12:35
1638781958850211000,22.95,2,22.9,19,23.0,9,1,2021-12-06 09:12:38
1638781961270346000,23.0,1,22.9,19,23.0,22,1,2021-12-06 09:12:41
1638781964773810000,22.95,1,22.9,20,23.0,22,2,2021-12-06 09:12:44
1638781965828376000,22.95,5,22.9,20,23.0,22,2,2021-12-06 09:12:45
1638781971364922000,22.9,21,22.85,40,23.0,42,2,2021-12-06 09:12:51
1638781972982512000,22.95,14,22.9,1,23.0,6,1,2021-12-06 09:12:52
1638781972982512000,23.0,36,22.9,1,23.0,6,1,2021-12-06 09:12:52
1638781975489102000,22.95,2,22.9,3,22.95,18,2,2021-12-06 09:12:55
1638781976502580000,22.9,5,22.85,45,22.95,18,2,2021-12-06 09:12:56
1638781976652021000,22.95,1,22.85,45,22.95,17,1,2021-12-06 09:12:56
1638781979797021000,22.95,10,22.9,10,22.95,7,1,2021-12-06 09:12:59
1638781979829111000,22.95,7,22.9,10,23.0,12,1,2021-12-06 09:12:59
1638781981918993000,23.0,1,22.9,12,23.0,12,1,2021-12-06 09:13:01
1638781992560898000,23.0,1,22.95,2,23.0,14,1,2021-12-06 09:13:12
1638781992926616000,23.0,2,22.95,2,23.0,12,1,2021-12-06 09:13:12
1638781996842844000,23.0,5,22.95,7,23.0,7,1,2021-12-06 09:13:16
1638781997184577000,23.0,7,22.95,6,23.05,13,1,2021-12-06 09:13:17
1638781997184577000,23.05,3,22.95,6,23.05,13,1,2021-12-06 09:13:17
1638781999224771000,23.05,5,22.95,6,23.05,8,1,2021-12-06 09:13:19
1638782002344463000,23.05,6,23.0,5,23.05,2,1,2021-12-06 09:13:22
1638782005425901000,23.0,2,22.95,11,23.0,8,2,2021-12-06 09:13:25
1638782007423052000,23.0,1,22.95,6,23.0,7,1,2021-12-06 09:13:27
1638782007743321000,23.0,2,22.95,6,23.0,5,1,2021-12-06 09:13:27
1638782008441353000,23.0,3,22.95,6,23.0,2,1,2021-12-06 09:13:28
1638782008467211000,23.0,2,22.95,6,23.05,3,1,2021-12-06 09:13:28
1638782010554959000,23.0,2,22.95,5,23.0,6,2,2021-12-06 09:13:30
1638782011123923000,23.0,3,22.95,5,23.0,3,1,2021-12-06 09:13:31
1638782011904712000,23.0,3,23.0,2,23.05,3,1,2021-12-06 09:13:31
1638782028545322000,23.05,1,23.0,10,23.05,22,1,2021-12-06 09:13:48
1638782030436634000,23.0,5,23.0,5,23.05,22,2,2021-12-06 09:13:50
1638782034785361000,23.0,3,23.0,3,23.05,23,2,2021-12-06 09:13:54
1638782036805311000,23.0,1,23.0,5,23.05,23,2,2021-12-06 09:13:56
1638782042846240000,23.05,2,23.0,5,23.05,21,1,2021-12-06 09:14:02
1638782056135112000,23.0,6,23.0,5,23.05,21,2,2021-12-06 09:14:16
1638782057089378000,23.05,1,23.0,5,23.05,20,1,2021-12-06 09:14:17
1638782057439222000,23.0,5,22.95,19,23.05,20,2,2021-12-06 09:14:17
1638782067511226000,23.0,6,23.05,4,23.1,4,1,2021-12-06 09:14:27
1638782067511226000,23.05,20,23.05,4,23.1,4,1,2021-12-06 09:14:27
1638782071026142000,23.05,1,23.05,3,23.1,4,2,2021-12-06 09:14:31
1638782071050207000,23.05,1,23.05,2,23.1,4,2,2021-12-06 09:14:31
1638782071082280000,23.05,2,22.95,20,23.1,4,2,2021-12-06 09:14:31
1638782072058538000,23.1,1,22.95,20,23.1,3,1,2021-12-06 09:14:32
1638782076709494000,23.05,1,23.0,3,23.05,9,2,2021-12-06 09:14:36
1638782078356959000,23.05,5,23.0,3,23.05,4,1,2021-12-06 09:14:38
1638782079235631000,23.05,2,23.0,3,23.05,2,1,2021-12-06 09:14:39
1638782079849260000,23.05,2,23.0,3,23.1,4,1,2021-12-06 09:14:39
1638782080222544000,23.0,1,23.0,2,23.1,4,2,2021-12-06 09:14:40
1638782084405673000,23.1,4,23.0,2,23.15,45,1,2021-12-06 09:14:44
1638782086938974000,23.05,10,23.0,12,23.15,45,2,2021-12-06 09:14:46
1638782088160539000,23.15,1,23.05,2,23.15,44,1,2021-12-06 09:14:48
1638782090443836000,23.1,5,23.05,14,23.15,39,2,2021-12-06 09:14:50
1638782090443836000,23.15,5,23.05,14,23.15,39,1,2021-12-06 09:14:50
1638782092497302000,23.15,39,23.1,2,23.2,3,1,2021-12-06 09:14:52
1638782092497302000,23.2,11,23.1,2,23.2,3,1,2021-12-06 09:14:52
1638782092528774000,23.2,3,23.1,2,23.25,67,1,2021-12-06 09:14:52
1638782092546011000,23.25,10,23.1,2,23.25,57,1,2021-12-06 09:14:52
1638782092588428000,23.25,10,23.1,2,23.25,45,1,2021-12-06 09:14:52
1638782092588707000,23.25,2,23.1,2,23.25,45,1,2021-12-06 09:14:52
1638782092589513000,23.25,10,23.1,2,23.25,35,1,2021-12-06 09:14:52
1638782092606479000,23.25,16,23.1,2,23.3,70,1,2021-12-06 09:14:52
1638782092606642000,23.25,19,23.1,2,23.3,70,1,2021-12-06 09:14:52
1638782092726293000,23.25,1,23.15,1,23.3,70,1,2021-12-06 09:14:52
1638782092764448000,23.3,1,23.15,1,23.3,69,1,2021-12-06 09:14:52
1638782092799189000,23.3,10,23.15,1,23.3,59,1,2021-12-06 09:14:52
1638782092832711000,23.3,12,23.15,1,23.3,47,1,2021-12-06 09:14:52
1638782092835267000,23.3,16,23.15,1,23.3,31,1,2021-12-06 09:14:52
1638782092863787000,23.3,4,23.15,1,23.3,27,1,2021-12-06 09:14:52
1638782092965589000,23.3,1,23.15,1,23.3,26,1,2021-12-06 09:14:52
1638782093095042000,23.2,1,23.15,1,23.3,26,2,2021-12-06 09:14:53
1638782093384273000,23.15,1,23.05,7,23.3,26,2,2021-12-06 09:14:53
1638782093384273000,23.1,2,23.05,7,23.3,26,2,2021-12-06 09:14:53
1638782093384273000,23.05,7,23.05,7,23.3,26,2,2021-12-06 09:14:53
1638782093981776000,23.25,1,23.2,7,23.3,7,1,2021-12-06 09:14:53
1638782093981776000,23.3,19,23.2,7,23.3,7,1,2021-12-06 09:14:53
1638782096949547000,23.3,7,23.25,2,23.35,59,1,2021-12-06 09:14:56
1638782097310943000,23.3,1,23.25,2,23.35,59,2,2021-12-06 09:14:57
1638782097312406000,23.35,1,23.25,1,23.35,58,1,2021-12-06 09:14:57
1638782097931109000,23.3,1,23.25,1,23.35,58,2,2021-12-06 09:14:57
1638782098102980000,23.3,1,23.25,1,23.35,58,2,2021-12-06 09:14:58
1638782098158629000,23.35,30,23.25,1,23.35,28,1,2021-12-06 09:14:58
1638782099172999000,23.35,1,23.3,5,23.35,27,1,2021-12-06 09:14:59
1638782099409327000,23.35,2,23.3,5,23.35,25,1,2021-12-06 09:14:59
1638782099874313000,23.35,3,23.3,5,23.35,22,1,2021-12-06 09:14:59
1638782099979460000,23.35,10,23.3,5,23.35,12,1,2021-12-06 09:14:59
1638782100087302000,23.35,10,23.3,5,23.35,2,1,2021-12-06 09:15:00
1638782100152290000,23.35,2,23.3,5,23.4,54,1,2021-12-06 09:15:00
1638782100253167000,23.3,5,23.25,1,23.4,54,2,2021-12-06 09:15:00
1638782102194716000,23.35,4,23.25,1,23.4,54,1,2021-12-06 09:15:02
1638782103029208000,23.4,12,23.25,1,23.4,44,1,2021-12-06 09:15:03
1638782103104598000,23.4,16,23.25,5,23.4,28,1,2021-12-06 09:15:03
1638782103164151000,23.4,2,23.25,10,23.4,26,1,2021-12-06 09:15:03
1638782103467339000,23.35,1,23.35,9,23.4,26,2,2021-12-06 09:15:03
1638782103670705000,23.4,4,23.35,9,23.4,22,1,2021-12-06 09:15:03
1638782104905696000,23.4,22,23.35,9,23.45,54,1,2021-12-06 09:15:04
1638782104905696000,23.45,18,23.35,9,23.45,54,1,2021-12-06 09:15:04
1638782105237227000,23.45,2,23.35,10,23.45,52,1,2021-12-06 09:15:05
1638782105641836000,23.35,4,23.35,6,23.45,52,2,2021-12-06 09:15:05
1638782105713203000,23.45,3,23.35,6,23.45,49,1,2021-12-06 09:15:05
1638782106246179000,23.45,1,23.35,6,23.45,48,1,2021-12-06 09:15:06
1638782107638871000,23.45,1,23.35,6,23.45,47,1,2021-12-06 09:15:07
1638782107901009000,23.45,10,23.35,6,23.45,37,1,2021-12-06 09:15:07
1638782108085467000,23.45,1,23.35,6,23.45,36,1,2021-12-06 09:15:08
1638782109116515000,23.45,3,23.4,2,23.45,34,1,2021-12-06 09:15:09
1638782109149787000,23.45,10,23.4,2,23.45,24,1,2021-12-06 09:15:09
1638782109150959000,23.45,1,23.4,2,23.45,23,1,2021-12-06 09:15:09
1638782109342780000,23.45,1,23.4,2,23.45,22,1,2021-12-06 09:15:09
1638782109460720000,23.45,5,23.4,2,23.45,17,1,2021-12-06 09:15:09
1638782109720230000,23.45,2,23.4,2,23.45,15,1,2021-12-06 09:15:09
1638782110738894000,23.45,2,23.4,6,23.45,13,1,2021-12-06 09:15:10
1638782111124133000,23.4,5,23.4,3,23.45,14,2,2021-12-06 09:15:11
1638782111221232000,23.45,3,23.4,3,23.45,11,1,2021-12-06 09:15:11
1638782111848205000,23.4,2,23.4,1,23.45,11,2,2021-12-06 09:15:11
1638782112845773000,23.45,1,23.4,1,23.45,14,1,2021-12-06 09:15:12
1638782113521704000,23.4,1,23.35,9,23.4,14,2,2021-12-06 09:15:13
1638782114238407000,23.4,14,23.35,9,23.4,6,1,2021-12-06 09:15:14
1638782114599796000,23.35,3,23.35,6,23.4,6,2,2021-12-06 09:15:14
1638782114618824000,23.4,1,23.35,6,23.4,5,1,2021-12-06 09:15:14
1638782114645051000,23.35,6,23.3,11,23.35,14,2,2021-12-06 09:15:14
1638782115397312000,23.3,2,23.3,9,23.35,14,2,2021-12-06 09:15:15
1638782115555215000,23.3,2,23.3,7,23.35,14,2,2021-12-06 09:15:15
1638782116247986000,23.3,1,23.3,6,23.35,14,2,2021-12-06 09:15:16
1638782116284769000,23.3,6,23.25,5,23.35,14,2,2021-12-06 09:15:16
1638782116375359000,23.35,5,23.25,5,23.35,9,1,2021-12-06 09:15:16
1638782117462808000,23.25,1,23.25,4,23.35,9,2,2021-12-06 09:15:17
1638782118358730000,23.35,1,23.25,4,23.35,11,1,2021-12-06 09:15:18
1638782119211831000,23.35,3,23.25,4,23.35,8,1,2021-12-06 09:15:19
1638782120597305000,23.35,1,23.25,14,23.35,7,1,2021-12-06 09:15:20
1638782121135366000,23.25,1,23.25,13,23.35,7,2,2021-12-06 09:15:21
1638782121162030000,23.35,1,23.25,13,23.35,6,1,2021-12-06 09:15:21
1638782122050548000,23.3,1,23.25,13,23.35,6,2,2021-12-06 09:15:22
1638782124693296000,23.3,3,23.25,13,23.35,17,2,2021-12-06 09:15:24
1638782126823589000,23.3,3,23.25,13,23.3,13,1,2021-12-06 09:15:26
1638782127532808000,23.3,1,23.25,13,23.3,12,1,2021-12-06 09:15:27
1638782128042633000,23.25,3,23.25,10,23.3,12,2,2021-12-06 09:15:28
1638782128098848000,23.25,4,23.25,6,23.3,12,2,2021-12-06 09:15:28
1638782128121728000,23.25,6,23.2,1,23.3,12,2,2021-12-06 09:15:28
1638782130125185000,23.2,1,23.2,2,23.25,17,2,2021-12-06 09:15:30
1638782131434005000,23.2,1,23.2,1,23.25,17,2,2021-12-06 09:15:31
1638782131455531000,23.2,1,23.15,1,23.25,17,2,2021-12-06 09:15:31
1638782131729020000,23.2,1,23.15,1,23.25,17,1,2021-12-06 09:15:31
1638782133005622000,23.2,1,23.15,3,23.2,2,1,2021-12-06 09:15:33
1638782133889822000,23.2,2,23.3,1,23.35,13,1,2021-12-06 09:15:33
1638782133889822000,23.25,22,23.3,1,23.35,13,1,2021-12-06 09:15:33
1638782133889822000,23.3,15,23.3,1,23.35,13,1,2021-12-06 09:15:33
1638782133912872000,23.3,1,23.15,3,23.35,13,2,2021-12-06 09:15:33
1638782134177239000,23.15,3,23.1,3,23.15,1,2,2021-12-06 09:15:34
1638782137623648000,23.15,2,23.1,2,23.3,2,1,2021-12-06 09:15:37
1638782137623648000,23.2,1,23.1,2,23.3,2,1,2021-12-06 09:15:37
1638782137623648000,23.3,1,23.1,2,23.3,2,1,2021-12-06 09:15:37
1638782146822942000,23.3,5,23.15,5,23.3,5,1,2021-12-06 09:15:46
1638782151749940000,23.25,1,23.2,2,23.3,19,2,2021-12-06 09:15:51
1638782152620340000,23.3,1,23.2,2,23.3,19,1,2021-12-06 09:15:52
1638782153188112000,23.3,2,23.2,2,23.3,17,1,2021-12-06 09:15:53
1638782158570471000,23.3,3,23.2,4,23.3,23,1,2021-12-06 09:15:58
1638782161989466000,23.2,4,23.15,8,23.3,23,2,2021-12-06 09:16:01
1638782162260887000,23.25,3,23.15,8,23.25,1,1,2021-12-06 09:16:02
1638782170735129000,23.25,1,23.2,12,23.25,6,1,2021-12-06 09:16:10
1638782173253204000,23.2,1,23.2,21,23.25,6,2,2021-12-06 09:16:13
1638782177023468000,23.25,6,23.2,24,23.3,15,1,2021-12-06 09:16:17
1638782177023468000,23.3,12,23.2,24,23.3,15,1,2021-12-06 09:16:17
1638782177382089000,23.2,24,23.15,16,23.2,26,2,2021-12-06 09:16:17
1638782177595402000,23.2,20,23.15,16,23.2,6,1,2021-12-06 09:16:17
1638782177629307000,23.2,4,23.15,16,23.2,2,1,2021-12-06 09:16:17
1638782182339544000,23.2,1,23.15,22,23.2,1,1,2021-12-06 09:16:22
1638782182360034000,23.2,1,23.15,22,23.3,15,1,2021-12-06 09:16:22
1638782186777754000,23.2,3,23.15,22,23.25,7,2,2021-12-06 09:16:26
1638782189357982000,23.2,1,23.2,4,23.25,8,2,2021-12-06 09:16:29
1638782189397825000,23.2,4,23.15,21,23.25,8,2,2021-12-06 09:16:29
1638782190850877000,23.2,5,23.15,21,23.25,8,2,2021-12-06 09:16:30
1638782199486634000,23.15,5,23.15,17,23.2,10,2,2021-12-06 09:16:39
1638782199518069000,23.15,17,23.1,13,23.2,10,2,2021-12-06 09:16:39
1638782201507473000,23.1,10,23.1,3,23.15,1,2,2021-12-06 09:16:41
1638782201687608000,23.1,3,23.05,3,23.15,1,2,2021-12-06 09:16:41
1638782201781455000,23.05,1,23.05,2,23.15,1,2,2021-12-06 09:16:41
1638782205244122000,23.05,1,23.05,1,23.1,1,2,2021-12-06 09:16:45
1638782208142504000,23.05,1,23.0,37,23.1,1,2,2021-12-06 09:16:48
1638782212671938000,23.05,1,23.0,39,23.15,2,1,2021-12-06 09:16:52
1638782215211302000,23.15,1,23.05,11,23.15,1,1,2021-12-06 09:16:55
1638782219132233000,23.15,1,23.05,11,23.2,9,1,2021-12-06 09:16:59
1638782219132233000,23.2,1,23.05,11,23.2,9,1,2021-12-06 09:16:59
1638782227151578000,23.1,2,23.1,4,23.15,6,2,2021-12-06 09:17:07
1638782231413716000,23.1,8,23.05,11,23.1,42,2,2021-12-06 09:17:11
1638782231446232000,23.05,9,23.05,2,23.1,42,2,2021-12-06 09:17:11
1638782231479045000,23.05,2,23.0,39,23.1,42,2,2021-12-06 09:17:11
1638782233098183000,23.1,1,23.0,39,23.1,41,1,2021-12-06 09:17:13
1638782233638498000,23.0,39,22.95,2,23.1,41,2,2021-12-06 09:17:13
1638782233638498000,22.95,21,22.95,2,23.1,41,2,2021-12-06 09:17:13
1638782233701735000,22.95,2,22.9,26,23.05,5,2,2021-12-06 09:17:13
1638782233701735000,22.9,3,22.9,26,23.05,5,2,2021-12-06 09:17:13
1638782233709465000,22.9,5,22.9,21,23.05,5,2,2021-12-06 09:17:13
1638782237583533000,23.05,2,22.9,21,23.05,3,1,2021-12-06 09:17:17
1638782238825833000,22.9,4,22.9,17,23.05,3,2,2021-12-06 09:17:18
1638782246089253000,23.0,1,22.9,18,23.0,5,1,2021-12-06 09:17:26
1638782252687050000,23.0,1,22.95,6,23.0,1,1,2021-12-06 09:17:32
1638782252895787000,23.0,1,22.95,6,23.0,1,1,2021-12-06 09:17:32
1638782256005037000,22.95,2,22.95,4,23.0,13,2,2021-12-06 09:17:36
1638782256035235000,22.95,4,22.9,20,23.0,13,2,2021-12-06 09:17:36
1638782257137747000,23.0,2,22.9,20,23.0,11,1,2021-12-06 09:17:37
1638782258612179000,23.0,1,22.9,21,23.0,17,1,2021-12-06 09:17:38
1638782260064410000,22.9,1,22.9,20,23.0,17,2,2021-12-06 09:17:40
1638782268933635000,22.95,1,22.9,26,23.0,22,1,2021-12-06 09:17:48
1638782269608102000,22.9,10,22.9,16,23.0,22,2,2021-12-06 09:17:49
1638782270000335000,22.95,1,22.9,16,23.0,22,1,2021-12-06 09:17:50
1638782276309211000,22.9,4,22.9,15,22.95,10,2,2021-12-06 09:17:56
1638782276332966000,22.9,5,22.9,10,22.95,10,2,2021-12-06 09:17:56
1638782278098878000,22.9,5,22.9,9,22.95,15,2,2021-12-06 09:17:58
1638782278743244000,22.9,9,22.85,30,22.9,11,2,2021-12-06 09:17:58
1638782279425832000,22.85,1,22.85,30,22.9,16,2,2021-12-06 09:17:59
1638782280018005000,22.9,1,22.85,30,22.9,15,1,2021-12-06 09:18:00
1638782282243084000,22.9,2,22.85,30,22.9,15,1,2021-12-06 09:18:02
1638782283133269000,22.9,3,22.85,30,22.9,12,1,2021-12-06 09:18:03
1638782283488748000,22.9,2,22.85,30,22.9,10,1,2021-12-06 09:18:03
1638782286157099000,22.9,1,22.85,29,22.9,9,1,2021-12-06 09:18:06
1638782286795696000,22.9,5,22.85,29,22.9,4,1,2021-12-06 09:18:06
1638782289400537000,22.9,1,22.85,29,22.9,1,1,2021-12-06 09:18:09
1638782289756060000,22.9,1,22.85,29,22.9,1,1,2021-12-06 09:18:09
1638782290081057000,22.9,1,22.9,4,22.95,10,1,2021-12-06 09:18:10
1638782290090510000,22.9,1,22.9,3,22.95,10,2,2021-12-06 09:18:10
1638782294234287000,22.9,9,22.85,24,22.95,10,2,2021-12-06 09:18:14
1638782299982230000,22.95,10,22.9,5,22.95,4,1,2021-12-06 09:18:19
1638782300001569000,22.95,4,22.9,5,23.0,8,1,2021-12-06 09:18:20
1638782300424257000,23.0,10,22.9,5,23.0,3,1,2021-12-06 09:18:20
1638782300450086000,23.0,3,22.9,5,23.05,14,1,2021-12-06 09:18:20
1638782302745419000,22.9,1,22.9,4,23.05,14,2,2021-12-06 09:18:22
1638782306145417000,22.95,3,22.95,3,23.0,6,1,2021-12-06 09:18:26
1638782306176368000,22.95,3,22.9,5,23.0,6,2,2021-12-06 09:18:26
1638782309452582000,23.0,10,22.9,8,23.0,1,1,2021-12-06 09:18:29
1638782309482368000,23.0,1,22.9,8,23.05,17,1,2021-12-06 09:18:29
1638782323089577000,23.05,1,22.95,3,23.05,16,1,2021-12-06 09:18:43
1638782326155671000,23.0,1,22.95,3,23.05,16,2,2021-12-06 09:18:46
1638782329346508000,23.05,5,23.0,10,23.05,11,1,2021-12-06 09:18:49
1638782329370160000,23.0,5,23.0,5,23.05,11,2,2021-12-06 09:18:49
1638782337928778000,23.0,9,23.0,7,23.05,13,2,2021-12-06 09:18:57
1638782337955263000,23.0,1,23.0,6,23.05,13,2,2021-12-06 09:18:57
1638782338235493000,23.05,10,23.0,6,23.05,3,1,2021-12-06 09:18:58
1638782341797011000,23.05,4,23.0,8,23.05,1,1,2021-12-06 09:19:01
1638782349069734000,23.05,1,23.0,11,23.1,72,1,2021-12-06 09:19:09
1638782349951285000,23.05,1,23.05,1,23.1,76,2,2021-12-06 09:19:09
1638782351506216000,23.05,2,23.0,13,23.05,3,2,2021-12-06 09:19:11
1638782358407298000,23.05,1,23.0,16,23.05,2,1,2021-12-06 09:19:18
1638782359145040000,23.0,4,23.0,12,23.05,2,2,2021-12-06 09:19:19
1638782359578234000,23.05,2,23.0,12,23.1,75,1,2021-12-06 09:19:19
1638782359578234000,23.1,1,23.0,12,23.1,75,1,2021-12-06 09:19:19
1638782363181711000,23.05,1,23.05,1,23.1,75,2,2021-12-06 09:19:23
1638782363656744000,23.05,1,23.0,12,23.1,75,2,2021-12-06 09:19:23
1638782364402054000,23.0,2,23.0,10,23.1,75,2,2021-12-06 09:19:24
1638782369585874000,23.05,2,23.0,10,23.05,4,1,2021-12-06 09:19:29
1638782375051914000,23.05,3,23.0,13,23.05,4,1,2021-12-06 09:19:35
1638782380368329000,23.05,2,23.0,13,23.05,2,1,2021-12-06 09:19:40
1638782383049459000,23.05,1,23.0,13,23.05,1,1,2021-12-06 09:19:43
1638782389609510000,23.0,13,22.95,7,23.05,2,2,2021-12-06 09:19:49
1638782389846673000,23.05,1,22.95,7,23.05,1,1,2021-12-06 09:19:49
1638782393679283000,23.05,1,22.95,7,23.05,3,1,2021-12-06 09:19:53
1638782397561668000,23.05,3,22.95,9,23.1,76,1,2021-12-06 09:19:57
1638782409031686000,23.0,1,22.95,10,23.05,7,2,2021-12-06 09:20:09
1638782412257351000,23.05,1,22.95,10,23.05,8,1,2021-12-06 09:20:12
1638782427366653000,23.05,1,23.0,2,23.05,8,1,2021-12-06 09:20:27
1638782429622383000,23.0,1,23.0,1,23.05,8,2,2021-12-06 09:20:29
1638782442699642000,23.05,5,23.0,4,23.05,3,1,2021-12-06 09:20:42
1638782452158058000,23.0,1,23.0,3,23.05,6,2,2021-12-06 09:20:52
1638782452187467000,23.0,3,22.95,11,23.05,6,2,2021-12-06 09:20:52
1638782454962199000,22.95,8,22.95,3,23.05,6,2,2021-12-06 09:20:54
1638782456650617000,23.0,1,22.95,3,23.0,8,1,2021-12-06 09:20:56
1638782457101263000,23.0,8,22.95,3,23.05,4,1,2021-12-06 09:20:57
1638782457101263000,23.05,2,22.95,3,23.05,4,1,2021-12-06 09:20:57
1638782458231132000,22.95,1,22.95,2,23.05,4,2,2021-12-06 09:20:58
1638782461362640000,23.0,1,22.95,2,23.05,4,1,2021-12-06 09:21:01
1638782467517703000,23.0,5,22.95,3,23.05,15,1,2021-12-06 09:21:07
1638782478556676000,23.0,1,22.95,3,23.05,15,2,2021-12-06 09:21:18
1638782478576110000,22.95,1,22.95,2,23.05,15,2,2021-12-06 09:21:18
1638782480356087000,23.0,1,22.95,2,23.05,15,1,2021-12-06 09:21:20
1638782480695826000,23.05,10,22.95,2,23.05,5,1,2021-12-06 09:21:20
1638782480719933000,23.05,5,22.95,2,23.1,72,1,2021-12-06 09:21:20
1638782483807872000,23.05,1,22.95,7,23.05,12,1,2021-12-06 09:21:23
1638782485445422000,23.0,1,22.95,7,23.05,12,2,2021-12-06 09:21:25
1638782485914038000,23.05,2,22.95,7,23.05,10,1,2021-12-06 09:21:25
1638782486060010000,23.05,5,22.95,7,23.05,5,1,2021-12-06 09:21:26
1638782489992646000,23.05,1,22.95,7,23.05,14,1,2021-12-06 09:21:29
1638782503432618000,23.05,1,22.95,8,23.05,24,1,2021-12-06 09:21:43
1638782516923059000,23.05,5,22.95,8,23.05,26,1,2021-12-06 09:21:56
1638782521829449000,23.05,1,22.95,9,23.05,25,1,2021-12-06 09:22:01
1638782522530381000,22.95,1,22.95,8,23.05,25,2,2021-12-06 09:22:02
1638782522574090000,22.95,8,22.9,31,23.05,25,2,2021-12-06 09:22:02
1638782532598167000,22.9,20,22.9,12,23.05,37,2,2021-12-06 09:22:12
1638782532617407000,22.9,9,22.9,3,23.05,37,2,2021-12-06 09:22:12
1638782541277926000,22.95,4,22.95,6,23.05,37,1,2021-12-06 09:22:21
1638782541531433000,22.95,6,22.9,3,22.95,4,2,2021-12-06 09:22:21
1638782556826706000,22.9,4,22.9,8,22.95,9,2,2021-12-06 09:22:36
1638782557641623000,22.9,1,22.9,7,22.95,9,2,2021-12-06 09:22:37
1638782560071083000,22.9,10,22.9,2,22.95,9,2,2021-12-06 09:22:40
1638782560158568000,22.9,1,22.9,1,22.95,9,2,2021-12-06 09:22:40
1638782560771086000,22.9,1,22.85,22,22.9,1,2,2021-12-06 09:22:40
1638782560812673000,22.9,1,22.85,22,22.95,8,1,2021-12-06 09:22:40
1638782560812673000,22.95,1,22.85,22,22.95,8,1,2021-12-06 09:22:40
1638782562938653000,22.9,1,22.9,2,22.95,8,2,2021-12-06 09:22:42
1638782568702887000,22.9,1,22.9,1,22.95,8,2,2021-12-06 09:22:48
1638782568716089000,22.9,1,22.85,22,22.9,1,2,2021-12-06 09:22:48
1638782569170785000,22.9,1,22.9,2,22.95,8,1,2021-12-06 09:22:49
1638782572525601000,22.9,5,22.9,2,22.95,8,2,2021-12-06 09:22:52
1638782575571303000,22.9,2,22.85,22,22.9,3,2,2021-12-06 09:22:55
1638782577054803000,22.9,1,22.85,22,22.9,2,1,2021-12-06 09:22:57
1638782579422089000,22.9,2,22.85,22,22.9,2,1,2021-12-06 09:22:59
1638782585035402000,22.85,22,22.8,24,22.9,2,2,2021-12-06 09:23:05
1638782585035402000,22.8,38,22.8,24,22.9,2,2,2021-12-06 09:23:05
1638782585230743000,22.8,4,22.8,20,22.9,2,2,2021-12-06 09:23:05
1638782585265848000,22.8,4,22.8,16,22.9,2,2,2021-12-06 09:23:05
1638782585477153000,22.8,1,22.8,15,22.9,2,2,2021-12-06 09:23:05
1638782586655786000,22.9,1,22.8,15,22.9,3,1,2021-12-06 09:23:06
1638782588787953000,22.8,15,22.75,83,22.8,5,2,2021-12-06 09:23:08
1638782593156149000,22.75,1,22.75,82,22.8,11,2,2021-12-06 09:23:13
1638782593563609000,22.75,1,22.75,81,22.8,11,2,2021-12-06 09:23:13
1638782593937323000,22.75,1,22.75,80,22.8,11,2,2021-12-06 09:23:13
1638782594187669000,22.75,5,22.75,75,22.8,11,2,2021-12-06 09:23:14
1638782595018248000,22.75,50,22.75,25,22.8,11,2,2021-12-06 09:23:15
1638782595788798000,22.75,25,22.7,55,22.75,15,2,2021-12-06 09:23:15
1638782596314421000,22.75,1,22.7,55,22.75,14,1,2021-12-06 09:23:16
1638782596354297000,22.7,1,22.7,54,22.75,14,2,2021-12-06 09:23:16
1638782596471188000,22.7,4,22.7,50,22.75,14,2,2021-12-06 09:23:16
1638782596697970000,22.7,4,22.7,46,22.75,15,2,2021-12-06 09:23:16
1638782596926923000,22.7,1,22.7,45,22.75,15,2,2021-12-06 09:23:16
1638782597388755000,22.7,1,22.7,44,22.75,16,2,2021-12-06 09:23:17
1638782597967877000,22.75,2,22.7,44,22.75,14,1,2021-12-06 09:23:17
1638782599054832000,22.7,4,22.7,40,22.75,14,2,2021-12-06 09:23:19
1638782599364204000,22.75,3,22.7,40,22.75,11,1,2021-12-06 09:23:19
1638782601239155000,22.75,1,22.7,40,22.75,9,1,2021-12-06 09:23:21
1638782601487836000,22.75,9,22.75,1,22.8,9,1,2021-12-06 09:23:21
1638782602845904000,22.8,5,22.75,1,22.85,2,1,2021-12-06 09:23:22
1638782605264660000,22.75,1,22.75,12,22.85,6,2,2021-12-06 09:23:25
1638782605935941000,22.75,2,22.75,11,22.85,6,2,2021-12-06 09:23:25
1638782608335310000,22.75,7,22.75,5,22.85,6,2,2021-12-06 09:23:28
1638782609041856000,22.75,5,22.7,51,22.75,10,2,2021-12-06 09:23:29
1638782610253839000,22.75,1,22.7,51,22.75,11,1,2021-12-06 09:23:30
1638782610748072000,22.75,5,22.7,49,22.75,6,1,2021-12-06 09:23:30
1638782610905770000,22.7,5,22.7,44,22.75,6,2,2021-12-06 09:23:30
1638782612642711000,22.7,15,22.7,19,22.75,6,2,2021-12-06 09:23:32
1638782614148603000,22.7,2,22.7,17,22.75,6,2,2021-12-06 09:23:34
1638782615836748000,22.7,18,22.65,34,22.75,6,2,2021-12-06 09:23:35
1638782615836748000,22.65,2,22.65,34,22.75,6,2,2021-12-06 09:23:35
1638782618014326000,22.7,2,22.65,34,22.75,6,1,2021-12-06 09:23:38
1638782620422182000,22.65,4,22.65,30,22.7,1,2,2021-12-06 09:23:40
1638782621012397000,22.7,1,22.7,4,22.75,6,1,2021-12-06 09:23:41
1638782621458736000,22.7,1,22.7,4,22.75,6,2,2021-12-06 09:23:41
1638782624743966000,22.7,2,22.7,2,22.75,6,2,2021-12-06 09:23:44
1638782626732665000,22.7,1,22.7,6,22.75,9,2,2021-12-06 09:23:46
1638782627215479000,22.7,4,22.7,2,22.75,10,2,2021-12-06 09:23:47
1638782630016537000,22.7,1,22.7,1,22.75,16,2,2021-12-06 09:23:50
1638782630944843000,22.7,1,22.7,5,22.75,16,2,2021-12-06 09:23:50
1638782630982061000,22.7,4,22.7,1,22.75,16,2,2021-12-06 09:23:50
1638782631013298000,22.7,1,22.65,33,22.75,16,2,2021-12-06 09:23:51
1638782635187135000,22.65,10,22.65,23,22.7,6,2,2021-12-06 09:23:55
1638782635769750000,22.7,5,22.65,23,22.7,2,1,2021-12-06 09:23:55
1638782642234769000,22.7,2,22.65,23,22.7,10,1,2021-12-06 09:24:02
1638782643927666000,22.7,1,22.65,23,22.7,9,1,2021-12-06 09:24:03
1638782644371146000,22.7,2,22.65,23,22.7,9,1,2021-12-06 09:24:04
1638782644870162000,22.7,9,22.7,1,22.75,46,1,2021-12-06 09:24:04
1638782645405404000,22.7,1,22.65,23,22.7,29,2,2021-12-06 09:24:05
1638782645601331000,22.7,1,22.65,23,22.7,28,1,2021-12-06 09:24:05
1638782646586295000,22.7,3,22.65,22,22.7,25,1,2021-12-06 09:24:06
1638782647044900000,22.7,1,22.65,22,22.7,24,1,2021-12-06 09:24:07
1638782649675577000,22.7,1,22.65,22,22.7,23,1,2021-12-06 09:24:09
1638782651374617000,22.65,2,22.65,20,22.7,24,2,2021-12-06 09:24:11
1638782652347133000,22.7,1,22.65,20,22.7,25,1,2021-12-06 09:24:12
1638782655424949000,22.65,1,22.65,20,22.7,25,2,2021-12-06 09:24:15
1638782656467690000,22.65,2,22.65,18,22.7,25,2,2021-12-06 09:24:16
1638782656661077000,22.7,5,22.65,18,22.7,20,1,2021-12-06 09:24:16
1638782656852828000,22.7,1,22.65,18,22.7,19,1,2021-12-06 09:24:16
1638782658180349000,22.65,1,22.65,17,22.7,3,2,2021-12-06 09:24:18
1638782661120849000,22.7,1,22.65,17,22.7,13,1,2021-12-06 09:24:21
1638782661591058000,22.65,1,22.65,16,22.7,14,2,2021-12-06 09:24:21
1638782661851207000,22.7,1,22.65,16,22.7,13,1,2021-12-06 09:24:21
1638782662323768000,22.65,1,22.65,20,22.7,14,2,2021-12-06 09:24:22
1638782666430901000,22.7,10,22.65,21,22.7,14,1,2021-12-06 09:24:26
1638782666731566000,22.65,15,22.65,6,22.7,14,2,2021-12-06 09:24:26
1638782667012225000,22.7,10,22.65,6,22.7,4,1,2021-12-06 09:24:27
1638782670800003000,22.65,3,22.65,8,22.7,3,2,2021-12-06 09:24:30
1638782671134059000,22.65,1,22.65,7,22.7,3,2,2021-12-06 09:24:31
1638782672339818000,22.7,1,22.65,9,22.7,2,1,2021-12-06 09:24:32
1638782684755894000,22.7,1,22.65,23,22.7,3,1,2021-12-06 09:24:44
1638782685532555000,22.7,2,22.65,23,22.7,1,1,2021-12-06 09:24:45
1638782685931409000,22.7,1,22.65,22,22.75,40,1,2021-12-06 09:24:45
1638782689856365000,22.7,1,22.7,4,22.75,9,2,2021-12-06 09:24:49
1638782695046951000,22.75,2,22.7,16,22.75,7,1,2021-12-06 09:24:55
1638782695100094000,22.75,3,22.7,16,22.75,4,1,2021-12-06 09:24:55
1638782696443679000,22.75,1,22.7,16,22.75,3,1,2021-12-06 09:24:56
1638782696469594000,22.75,1,22.7,16,22.75,2,1,2021-12-06 09:24:56
1638782697380820000,22.75,2,22.75,8,22.85,2,1,2021-12-06 09:24:57
1638782710589194000,22.8,1,22.8,9,22.85,2,1,2021-12-06 09:25:10
1638782710637078000,22.85,1,22.8,9,22.85,1,1,2021-12-06 09:25:10
1638782715861731000,22.8,9,22.65,8,22.85,1,2,2021-12-06 09:25:15
1638782715861731000,22.75,12,22.65,8,22.85,1,2,2021-12-06 09:25:15
1638782715861731000,22.7,14,22.65,8,22.85,1,2,2021-12-06 09:25:15
1638782715861731000,22.65,15,22.65,8,22.85,1,2,2021-12-06 09:25:15
1638782717750245000,22.75,1,22.65,7,22.75,9,1,2021-12-06 09:25:17
1638782731486487000,22.75,2,22.65,8,22.75,7,1,2021-12-06 09:25:31
1638782735790611000,22.65,8,22.6,50,22.65,2,2,2021-12-06 09:25:35
1638782737061426000,22.65,2,22.6,50,22.75,7,1,2021-12-06 09:25:37
1638782744519525000,22.65,2,22.65,2,22.7,1,2,2021-12-06 09:25:44
1638782750087119000,22.65,2,22.6,56,22.7,1,2,2021-12-06 09:25:50
1638782751921883000,22.65,2,22.65,4,22.7,1,2,2021-12-06 09:25:51
1638782762938769000,22.7,1,22.65,4,22.7,1,1,2021-12-06 09:26:02
1638782763553330000,22.65,2,22.65,2,22.7,1,2,2021-12-06 09:26:03
1638782775216392000,22.7,1,22.65,14,22.75,8,1,2021-12-06 09:26:15
1638782775937296000,22.65,10,22.65,4,22.75,8,2,2021-12-06 09:26:15
1638782776527909000,22.65,4,22.6,35,22.65,26,2,2021-12-06 09:26:16
1638782777664500000,22.6,3,22.6,32,22.65,26,2,2021-12-06 09:26:17
1638782777719633000,22.6,1,22.6,30,22.65,26,2,2021-12-06 09:26:17
1638782777719905000,22.6,1,22.6,30,22.65,26,2,2021-12-06 09:26:17
1638782777742544000,22.6,4,22.6,26,22.65,26,2,2021-12-06 09:26:17
1638782778738037000,22.6,3,22.6,23,22.65,26,2,2021-12-06 09:26:18
1638782779534468000,22.6,10,22.6,13,22.65,36,2,2021-12-06 09:26:19
1638782780698479000,22.6,10,22.6,3,22.65,68,2,2021-12-06 09:26:20
1638782781232850000,22.6,3,22.55,40,22.65,68,2,2021-12-06 09:26:21
1638782783853525000,22.6,4,22.55,45,22.6,9,1,2021-12-06 09:26:23
1638782786848090000,22.55,1,22.55,44,22.6,13,2,2021-12-06 09:26:26
1638782789975060000,22.55,1,22.55,43,22.6,13,2,2021-12-06 09:26:29
1638782790370865000,22.55,2,22.55,41,22.6,15,2,2021-12-06 09:26:30
1638782790432730000,22.55,3,22.55,38,22.6,15,2,2021-12-06 09:26:30
1638782790813547000,22.6,10,22.55,38,22.6,5,1,2021-12-06 09:26:30
1638782796191447000,22.6,1,22.55,43,22.6,5,1,2021-12-06 09:26:36
1638782796950890000,22.55,1,22.55,44,22.6,5,2,2021-12-06 09:26:36
1638782797716176000,22.6,5,22.55,44,22.65,73,1,2021-12-06 09:26:37
1638782799234787000,22.6,5,22.6,1,22.65,43,2,2021-12-06 09:26:39
1638782800220774000,22.6,1,22.55,41,22.65,43,2,2021-12-06 09:26:40
1638782800220774000,22.55,3,22.55,41,22.65,43,2,2021-12-06 09:26:40
1638782800654275000,22.55,3,22.55,39,22.6,10,2,2021-12-06 09:26:40
1638782804420095000,22.55,1,22.55,39,22.6,11,2,2021-12-06 09:26:44
1638782804957651000,22.55,2,22.55,38,22.6,11,2,2021-12-06 09:26:44
1638782805367619000,22.6,5,22.55,38,22.6,6,1,2021-12-06 09:26:45
1638782808169121000,22.6,5,22.55,38,22.6,2,1,2021-12-06 09:26:48
1638782809957311000,22.6,2,22.55,40,22.65,72,1,2021-12-06 09:26:49
1638782812252243000,22.6,1,22.6,3,22.65,42,2,2021-12-06 09:26:52
1638782813010958000,22.6,3,22.55,40,22.6,4,2,2021-12-06 09:26:53
1638782814034831000,22.55,2,22.55,39,22.6,4,2,2021-12-06 09:26:54
1638782818794941000,22.55,1,22.55,40,22.6,8,2,2021-12-06 09:26:58
1638782829661270000,22.55,2,22.55,49,22.6,16,2,2021-12-06 09:27:09
1638782830278330000,22.55,3,22.55,46,22.6,16,2,2021-12-06 09:27:10
1638782830830248000,22.6,1,22.55,46,22.6,17,1,2021-12-06 09:27:10
1638782831947926000,22.55,1,22.55,45,22.6,17,2,2021-12-06 09:27:11
1638782832039487000,22.55,2,22.55,43,22.6,17,2,2021-12-06 09:27:12
1638782834280137000,22.55,10,22.55,33,22.6,17,2,2021-12-06 09:27:14
1638782837478687000,22.55,2,22.55,34,22.6,17,2,2021-12-06 09:27:17
1638782842046215000,22.55,1,22.55,33,22.6,17,2,2021-12-06 09:27:22
1638782849098788000,22.55,1,22.55,32,22.6,23,2,2021-12-06 09:27:29
1638782849132847000,22.55,1,22.55,31,22.6,23,2,2021-12-06 09:27:29
1638782849396636000,22.55,3,22.55,28,22.6,23,2,2021-12-06 09:27:29
1638782852258187000,22.55,2,22.55,26,22.6,21,2,2021-12-06 09:27:32
1638782853166348000,22.55,4,22.55,22,22.6,21,2,2021-12-06 09:27:33
1638782854254840000,22.55,1,22.55,21,22.6,21,2,2021-12-06 09:27:34
1638782854863698000,22.55,8,22.55,13,22.6,21,2,2021-12-06 09:27:34
1638782855005996000,22.55,13,22.5,71,22.6,21,2,2021-12-06 09:27:35
1638782855005996000,22.5,7,22.5,71,22.6,21,2,2021-12-06 09:27:35
1638782855268022000,22.5,2,22.5,69,22.6,21,2,2021-12-06 09:27:35
1638782856434137000,22.55,1,22.5,69,22.55,18,1,2021-12-06 09:27:36
1638782857511836000,22.5,1,22.5,68,22.55,18,2,2021-12-06 09:27:37
1638782859573517000,22.5,1,22.5,67,22.55,42,2,2021-12-06 09:27:39
1638782861577659000,22.5,1,22.5,68,22.55,22,2,2021-12-06 09:27:41
1638782866217854000,22.5,1,22.5,69,22.55,21,2,2021-12-06 09:27:46
1638782866587692000,22.5,2,22.5,67,22.55,21,2,2021-12-06 09:27:46
1638782866948280000,22.5,2,22.5,65,22.55,22,2,2021-12-06 09:27:46
1638782867443997000,22.5,1,22.5,63,22.55,22,2,2021-12-06 09:27:47
1638782867740113000,22.5,10,22.5,53,22.55,22,2,2021-12-06 09:27:47
1638782867821816000,22.55,2,22.5,53,22.55,20,1,2021-12-06 09:27:47
1638782868967137000,22.5,3,22.5,50,22.55,20,2,2021-12-06 09:27:48
1638782869092724000,22.55,20,22.5,50,22.6,14,1,2021-12-06 09:27:49
1638782870431287000,22.55,1,22.5,48,22.6,11,2,2021-12-06 09:27:50
1638782870431287000,22.5,2,22.5,48,22.6,11,2,2021-12-06 09:27:50
1638782874760863000,22.6,3,22.55,8,22.6,8,1,2021-12-06 09:27:54
1638782875979285000,22.6,1,22.55,13,22.6,7,1,2021-12-06 09:27:55
1638782878457077000,22.55,5,22.55,9,22.6,10,2,2021-12-06 09:27:58
1638782879065022000,22.6,2,22.55,9,22.6,8,1,2021-12-06 09:27:59
1638782879615839000,22.55,1,22.55,8,22.6,8,2,2021-12-06 09:27:59
1638782879748324000,22.6,8,22.6,2,22.65,31,1,2021-12-06 09:27:59
1638782881079343000,22.65,5,22.6,2,22.65,26,1,2021-12-06 09:28:01
1638782881203378000,22.65,5,22.6,2,22.65,21,1,2021-12-06 09:28:01
1638782881373839000,22.65,5,22.6,2,22.65,16,1,2021-12-06 09:28:01
1638782881391174000,22.65,2,22.6,2,22.65,14,1,2021-12-06 09:28:01
1638782881550466000,22.65,5,22.6,2,22.65,9,1,2021-12-06 09:28:01
1638782881581175000,22.65,9,22.6,2,22.7,1,1,2021-12-06 09:28:01
1638782886299665000,22.7,1,22.6,7,22.75,14,1,2021-12-06 09:28:06
1638782889654495000,22.75,10,22.6,7,22.75,4,1,2021-12-06 09:28:09
1638782898600151000,22.75,1,22.65,1,22.75,8,1,2021-12-06 09:28:18
1638782899017937000,22.75,1,22.65,1,22.75,7,1,2021-12-06 09:28:19
1638782906746033000,22.75,1,22.65,6,22.75,7,1,2021-12-06 09:28:26
1638782910415199000,22.7,1,22.65,7,22.75,2,2,2021-12-06 09:28:30
1638782912546892000,22.75,2,22.75,3,22.8,2,1,2021-12-06 09:28:32
1638782915002253000,22.8,1,22.75,3,22.8,1,1,2021-12-06 09:28:35
1638782916586496000,22.8,1,22.75,3,22.9,1,1,2021-12-06 09:28:36
1638782921563061000,22.8,1,22.75,3,22.8,9,1,2021-12-06 09:28:41
1638782924856034000,22.8,1,22.75,3,22.8,13,1,2021-12-06 09:28:44
1638782927471246000,22.75,3,22.7,4,22.75,2,2,2021-12-06 09:28:47
1638782928235751000,22.7,4,22.65,7,22.7,36,2,2021-12-06 09:28:48
1638782930070422000,22.65,5,22.65,2,22.7,41,2,2021-12-06 09:28:50
1638782930107464000,22.65,2,22.6,12,22.7,41,2,2021-12-06 09:28:50
1638782931512433000,22.65,1,22.6,12,22.65,1,1,2021-12-06 09:28:51
1638782932852945000,22.65,1,22.6,12,22.7,41,1,2021-12-06 09:28:52
1638782934712533000,22.6,10,22.6,2,22.65,1,2,2021-12-06 09:28:54
1638782936200744000,22.6,2,22.55,9,22.65,1,2,2021-12-06 09:28:56
1638782936200744000,22.55,16,22.55,9,22.65,1,2,2021-12-06 09:28:56
1638782938633988000,22.55,6,22.55,3,22.6,2,2,2021-12-06 09:28:58
1638782951666417000,22.55,6,22.55,7,22.6,5,2,2021-12-06 09:29:11
1638782954744158000,22.55,7,22.5,68,22.55,3,2,2021-12-06 09:29:14
1638782959596807000,22.5,3,22.5,66,22.55,4,2,2021-12-06 09:29:19
1638782960829510000,22.5,2,22.5,64,22.55,4,2,2021-12-06 09:29:20
1638782961265353000,22.5,1,22.5,63,22.55,4,2,2021-12-06 09:29:21
1638782962594050000,22.55,4,22.5,64,22.6,5,1,2021-12-06 09:29:22
1638782968145977000,22.5,2,22.5,62,22.6,4,2,2021-12-06 09:29:28
1638782968262662000,22.6,2,22.5,62,22.6,2,1,2021-12-06 09:29:28
1638782971358924000,22.6,1,22.5,63,22.6,1,1,2021-12-06 09:29:31
1638782977523545000,22.6,1,22.55,17,22.6,5,1,2021-12-06 09:29:37
1638782988098443000,22.55,22,22.5,49,22.6,15,2,2021-12-06 09:29:48
1638782988098443000,22.5,14,22.5,49,22.6,15,2,2021-12-06 09:29:48
1638782990908674000,22.55,1,22.5,49,22.55,1,1,2021-12-06 09:29:50
1638782990984729000,22.5,2,22.5,47,22.55,1,2,2021-12-06 09:29:50
1638782991808711000,22.5,2,22.5,45,22.55,1,2,2021-12-06 09:29:51
1638782994945221000,22.5,46,22.45,23,22.5,4,2,2021-12-06 09:29:54
1638782995248134000,22.5,4,22.45,23,22.6,15,1,2021-12-06 09:29:55
1638782995248134000,22.55,1,22.45,23,22.6,15,1,2021-12-06 09:29:55
1638782996295469000,22.55,1,22.4,49,22.6,15,2,2021-12-06 09:29:56
1638782996295469000,22.45,23,22.4,49,22.6,15,2,2021-12-06 09:29:56
1638782996295469000,22.4,1,22.4,49,22.6,15,2,2021-12-06 09:29:56
1638782996393255000,22.4,5,22.4,44,22.55,1,2,2021-12-06 09:29:56
1638782996638712000,22.4,2,22.4,42,22.55,1,2,2021-12-06 09:29:56
1638782997177367000,22.5,1,22.4,38,22.55,1,1,2021-12-06 09:29:57
1638782997177367000,22.4,4,22.4,38,22.55,1,2,2021-12-06 09:29:57
1638782997497385000,22.4,1,22.4,37,22.55,1,2,2021-12-06 09:29:57
1638782998800769000,22.4,2,22.4,35,22.5,6,2,2021-12-06 09:29:58
1638782998868733000,22.4,1,22.4,34,22.5,6,2,2021-12-06 09:29:58
1638783000795547000,22.4,1,22.4,37,22.5,8,2,2021-12-06 09:30:00
1638783002852875000,22.4,1,22.4,35,22.45,1,2,2021-12-06 09:30:02
1638783003606686000,22.4,4,22.4,31,22.45,1,2,2021-12-06 09:30:03
1638783003798243000,22.4,31,22.3,37,22.45,1,2,2021-12-06 09:30:03
1638783003798243000,22.35,17,22.3,37,22.45,1,2,2021-12-06 09:30:03
1638783003798243000,22.3,2,22.3,37,22.45,1,2,2021-12-06 09:30:03
1638783003854614000,22.3,1,22.3,36,22.45,3,2,2021-12-06 09:30:03
1638783003855380000,22.3,2,22.3,34,22.45,3,2,2021-12-06 09:30:03
1638783003981550000,22.3,18,22.3,16,22.45,3,2,2021-12-06 09:30:03
1638783004705343000,22.3,3,22.3,13,22.4,2,2,2021-12-06 09:30:04
1638783005183443000,22.3,1,22.3,22,22.35,2,2,2021-12-06 09:30:05
1638783006857376000,22.3,2,22.3,20,22.35,6,2,2021-12-06 09:30:06
1638783008973329000,22.3,5,22.3,15,22.35,6,2,2021-12-06 09:30:08
1638783010616514000,22.3,12,22.3,3,22.35,6,2,2021-12-06 09:30:10
1638783010640000000,22.3,3,22.25,8,22.35,6,2,2021-12-06 09:30:10
1638783010785523000,22.35,1,22.25,8,22.35,5,1,2021-12-06 09:30:10
1638783011710173000,22.3,1,22.3,9,22.35,5,2,2021-12-06 09:30:11
1638783012270426000,22.3,2,22.3,7,22.35,5,2,2021-12-06 09:30:12
1638783012715489000,22.3,4,22.3,3,22.35,5,2,2021-12-06 09:30:12
1638783013339207000,22.35,5,22.3,3,22.4,13,1,2021-12-06 09:30:13
1638783013647806000,22.3,1,22.3,3,22.4,6,2,2021-12-06 09:30:13
1638783014321215000,22.3,4,22.25,18,22.35,1,2,2021-12-06 09:30:14
1638783014620895000,22.3,1,22.25,18,22.35,1,1,2021-12-06 09:30:14
1638783015447199000,22.3,10,22.25,18,22.3,6,1,2021-12-06 09:30:15
1638783015476312000,22.3,6,22.25,18,22.35,1,1,2021-12-06 09:30:15
1638783016175429000,22.35,1,22.35,9,22.4,6,1,2021-12-06 09:30:16
1638783017623973000,22.35,1,22.35,8,22.4,6,2,2021-12-06 09:30:17
1638783017983477000,22.35,1,22.35,7,22.4,6,2,2021-12-06 09:30:17
1638783018433349000,22.4,6,22.35,7,22.5,29,1,2021-12-06 09:30:18
1638783019984243000,22.4,1,22.4,9,22.5,28,2,2021-12-06 09:30:19
1638783023085642000,22.4,1,22.4,8,22.5,28,2,2021-12-06 09:30:23
1638783026197156000,22.45,1,22.45,1,22.5,26,1,2021-12-06 09:30:26
1638783028126068000,22.45,1,22.4,10,22.5,26,2,2021-12-06 09:30:28
1638783030980889000,22.4,10,22.35,6,22.45,1,2,2021-12-06 09:30:30
1638783030980889000,22.35,5,22.35,6,22.45,1,2,2021-12-06 09:30:30
1638783035655787000,22.4,2,22.35,26,22.4,6,1,2021-12-06 09:30:35
1638783035677383000,22.4,6,22.35,26,22.45,4,1,2021-12-06 09:30:35
1638783036173237000,22.4,1,22.35,26,22.45,4,2,2021-12-06 09:30:36
1638783037254368000,22.4,1,22.35,26,22.45,4,1,2021-12-06 09:30:37
1638783038145459000,22.4,4,22.35,15,22.45,4,2,2021-12-06 09:30:38
1638783038145459000,22.35,11,22.35,15,22.45,4,2,2021-12-06 09:30:38
1638783041749001000,22.35,1,22.35,16,22.4,4,2,2021-12-06 09:30:41
1638783041906525000,22.35,1,22.35,15,22.4,4,2,2021-12-06 09:30:41
1638783042747965000,22.35,1,22.35,14,22.4,4,2,2021-12-06 09:30:42
1638783042986393000,22.35,10,22.35,4,22.4,4,2,2021-12-06 09:30:42
1638783043698875000,22.4,4,22.4,1,22.45,5,1,2021-12-06 09:30:43
1638783044415907000,22.4,1,22.35,4,22.45,5,2,2021-12-06 09:30:44
1638783044812539000,22.35,4,22.3,23,22.45,5,2,2021-12-06 09:30:44
1638783044812539000,22.3,1,22.3,23,22.45,5,2,2021-12-06 09:30:44
1638783045608047000,22.4,2,22.35,1,22.4,4,1,2021-12-06 09:30:45
1638783046590520000,22.35,1,22.35,1,22.4,4,2,2021-12-06 09:30:46
1638783049060066000,22.35,1,22.3,15,22.4,6,2,2021-12-06 09:30:49
1638783049060066000,22.3,9,22.3,15,22.4,6,2,2021-12-06 09:30:49
1638783049945462000,22.4,4,22.35,10,22.4,2,1,2021-12-06 09:30:49
1638783051439126000,22.35,11,22.3,15,22.35,17,2,2021-12-06 09:30:51
1638783053720907000,22.35,3,22.3,16,22.35,15,1,2021-12-06 09:30:53
1638783054801635000,22.35,4,22.3,16,22.35,11,1,2021-12-06 09:30:54
1638783054967209000,22.3,1,22.3,15,22.35,11,2,2021-12-06 09:30:54
1638783057208180000,22.3,1,22.3,14,22.35,11,2,2021-12-06 09:30:57
1638783060653312000,22.3,1,22.3,13,22.35,11,2,2021-12-06 09:31:00
1638783060769295000,22.3,1,22.3,12,22.35,11,2,2021-12-06 09:31:00
1638783061627976000,22.35,19,22.3,14,22.35,2,1,2021-12-06 09:31:01
1638783062015403000,22.3,2,22.3,12,22.35,2,2,2021-12-06 09:31:02
1638783063743077000,22.3,1,22.3,13,22.35,2,2,2021-12-06 09:31:03
1638783063836647000,22.35,2,22.35,13,22.4,9,1,2021-12-06 09:31:03
1638783065408242000,22.35,15,22.3,12,22.35,5,2,2021-12-06 09:31:05
1638783066428694000,22.3,1,22.3,11,22.35,7,2,2021-12-06 09:31:06
1638783066806593000,22.35,1,22.3,13,22.35,6,1,2021-12-06 09:31:06
1638783068095932000,22.3,2,22.3,11,22.35,6,2,2021-12-06 09:31:08
1638783070733666000,22.3,1,22.3,10,22.35,6,2,2021-12-06 09:31:10
1638783071070888000,22.3,5,22.3,5,22.35,6,2,2021-12-06 09:31:11
1638783072579180000,22.3,1,22.3,4,22.35,14,2,2021-12-06 09:31:12
1638783074912426000,22.3,3,22.3,1,22.35,14,2,2021-12-06 09:31:14
1638783077229957000,22.3,10,22.25,43,22.35,22,2,2021-12-06 09:31:17
1638783078975636000,22.3,1,22.3,4,22.35,22,2,2021-12-06 09:31:18
1638783079962831000,22.3,4,22.25,7,22.35,32,2,2021-12-06 09:31:19
1638783079962831000,22.25,36,22.25,7,22.35,32,2,2021-12-06 09:31:19
1638783080018601000,22.25,1,22.25,6,22.35,32,2,2021-12-06 09:31:20
1638783080231933000,22.3,2,22.3,1,22.35,32,1,2021-12-06 09:31:20
1638783080849634000,22.3,1,22.25,7,22.3,1,2,2021-12-06 09:31:20
1638783081562902000,22.25,7,22.2,50,22.3,1,2,2021-12-06 09:31:21
1638783081562902000,22.2,23,22.2,50,22.3,1,2,2021-12-06 09:31:21
1638783084080755000,22.3,1,22.2,47,22.35,32,1,2021-12-06 09:31:24
1638783087323155000,22.2,18,22.2,29,22.3,1,2,2021-12-06 09:31:27
1638783088935593000,22.2,1,22.2,28,22.3,4,2,2021-12-06 09:31:28
1638783090655320000,22.2,10,22.2,23,22.3,6,2,2021-12-06 09:31:30
1638783093040170000,22.3,10,22.2,23,22.3,1,1,2021-12-06 09:31:33
1638783093767878000,22.2,3,22.2,20,22.3,1,2,2021-12-06 09:31:33
1638783094918060000,22.2,20,22.0,2,22.3,1,2,2021-12-06 09:31:34
1638783094918060000,22.15,17,22.0,2,22.3,1,2,2021-12-06 09:31:34
1638783094918060000,22.1,38,22.0,2,22.3,1,2,2021-12-06 09:31:34
1638783094918060000,22.05,21,22.0,2,22.3,1,2,2021-12-06 09:31:34
1638783094918060000,22.0,104,22.0,2,22.3,1,2,2021-12-06 09:31:34
1638783095105074000,22.1,3,22.0,2,22.2,3,1,2021-12-06 09:31:35
1638783095105074000,22.2,2,22.0,2,22.2,3,1,2021-12-06 09:31:35
1638783095113835000,22.0,2,21.95,5,22.2,3,2,2021-12-06 09:31:35
1638783096686625000,22.15,1,22.05,4,22.15,9,1,2021-12-06 09:31:36
1638783097626846000,22.05,1,22.05,3,22.15,9,2,2021-12-06 09:31:37
1638783098693776000,22.15,2,22.05,3,22.15,7,1,2021-12-06 09:31:38
1638783099346893000,22.05,1,22.05,2,22.15,8,2,2021-12-06 09:31:39
1638783102005820000,22.05,2,22.0,5,22.05,8,2,2021-12-06 09:31:42
1638783102173576000,22.0,1,22.0,4,22.05,8,2,2021-12-06 09:31:42
1638783102209227000,22.05,8,22.0,4,22.15,8,1,2021-12-06 09:31:42
1638783102848202000,22.0,1,22.0,3,22.15,9,2,2021-12-06 09:31:42
1638783103255553000,22.0,3,21.9,4,22.15,9,2,2021-12-06 09:31:43
1638783103255553000,21.95,5,21.9,4,22.15,9,2,2021-12-06 09:31:43
1638783103255553000,21.9,2,21.9,4,22.15,9,2,2021-12-06 09:31:43
1638783105001558000,22.05,1,22.05,1,22.1,1,1,2021-12-06 09:31:45
1638783106335194000,22.05,1,21.95,6,22.1,1,2,2021-12-06 09:31:46
1638783106499829000,22.05,1,21.95,6,22.1,5,1,2021-12-06 09:31:46
1638783107438419000,22.0,1,22.0,4,22.1,1,2,2021-12-06 09:31:47
1638783108160290000,22.0,3,22.0,3,22.1,1,2,2021-12-06 09:31:48
1638783108202978000,22.0,3,21.95,5,22.1,1,2,2021-12-06 09:31:48
1638783108202978000,21.95,1,21.95,5,22.1,1,2,2021-12-06 09:31:48
1638783108574524000,22.0,2,22.0,4,22.1,1,1,2021-12-06 09:31:48
1638783109429864000,22.0,1,22.0,17,22.05,1,2,2021-12-06 09:31:49
1638783109430119000,22.0,1,22.0,13,22.05,1,2,2021-12-06 09:31:49
1638783109430321000,22.0,1,22.0,13,22.05,1,2,2021-12-06 09:31:49
1638783109430784000,22.0,1,22.0,13,22.05,1,2,2021-12-06 09:31:49
1638783109430800000,22.0,1,22.0,13,22.05,1,2,2021-12-06 09:31:49
1638783109577165000,22.0,1,22.0,8,22.05,1,2,2021-12-06 09:31:49
1638783109577346000,22.0,1,22.0,8,22.05,1,2,2021-12-06 09:31:49
1638783109577511000,22.0,1,22.0,8,22.05,1,2,2021-12-06 09:31:49
1638783109577733000,22.0,1,22.0,8,22.05,1,2,2021-12-06 09:31:49
1638783109577850000,22.0,1,22.0,8,22.05,1,2,2021-12-06 09:31:49
1638783109578057000,22.0,1,22.0,3,22.05,1,2,2021-12-06 09:31:49
1638783109578214000,22.0,1,22.0,3,22.05,1,2,2021-12-06 09:31:49
1638783109578371000,22.0,1,22.0,3,22.05,1,2,2021-12-06 09:31:49
1638783109578619000,22.0,1,22.0,3,22.05,1,2,2021-12-06 09:31:49
1638783109578799000,22.0,1,22.0,3,22.05,1,2,2021-12-06 09:31:49
1638783110755808000,22.0,3,21.9,9,22.05,1,2,2021-12-06 09:31:50
1638783110755808000,21.95,7,21.9,9,22.05,1,2,2021-12-06 09:31:50
1638783111587060000,22.0,1,22.0,1,22.05,1,1,2021-12-06 09:31:51
1638783112015815000,22.0,1,21.95,3,22.05,1,2,2021-12-06 09:31:52
1638783114372749000,21.95,5,21.9,13,22.0,4,2,2021-12-06 09:31:54
1638783115437551000,22.0,2,21.95,1,22.0,8,1,2021-12-06 09:31:55
1638783115766693000,21.95,1,21.9,23,22.0,8,2,2021-12-06 09:31:55
1638783115766963000,21.95,1,21.9,23,22.0,8,2,2021-12-06 09:31:55
1638783115766996000,21.95,1,21.9,23,22.0,8,2,2021-12-06 09:31:55
1638783115905360000,22.0,1,21.9,23,22.0,7,1,2021-12-06 09:31:55
1638783117331795000,21.95,1,21.95,6,22.0,7,2,2021-12-06 09:31:57
1638783118659921000,21.95,4,21.95,2,22.0,21,2,2021-12-06 09:31:58
1638783118852812000,21.95,2,21.9,15,22.0,27,2,2021-12-06 09:31:58
1638783118852812000,21.9,8,21.9,15,22.0,27,2,2021-12-06 09:31:58
1638783120434121000,21.9,1,21.9,10,22.0,31,2,2021-12-06 09:32:00
1638783120925225000,21.95,1,21.9,10,22.0,31,1,2021-12-06 09:32:00
1638783120925426000,21.95,1,21.9,10,22.0,31,2,2021-12-06 09:32:00
1638783120925592000,21.95,1,21.9,10,22.0,31,2,2021-12-06 09:32:00
1638783120925769000,21.95,1,21.9,10,22.0,31,2,2021-12-06 09:32:00
1638783120925907000,21.95,1,21.9,10,22.0,31,2,2021-12-06 09:32:00
1638783121725044000,21.9,4,21.9,6,22.0,32,2,2021-12-06 09:32:01
1638783121838151000,21.9,1,21.9,5,22.0,32,2,2021-12-06 09:32:01
1638783122014406000,21.95,1,21.9,5,22.0,32,1,2021-12-06 09:32:02
1638783123106389000,21.95,1,21.95,4,22.0,32,1,2021-12-06 09:32:03
1638783123858964000,21.95,4,21.85,10,21.9,1,2,2021-12-06 09:32:03
1638783123858964000,21.9,5,21.85,10,21.9,1,2,2021-12-06 09:32:03
1638783123889294000,21.9,1,21.85,10,22.0,35,1,2021-12-06 09:32:03
1638783124364610000,21.95,1,21.85,10,22.0,36,1,2021-12-06 09:32:04
1638783124364819000,21.95,1,21.85,10,22.0,36,2,2021-12-06 09:32:04
1638783124405448000,21.85,1,21.85,9,22.0,36,2,2021-12-06 09:32:04
1638783125189873000,22.0,5,21.85,9,22.0,31,1,2021-12-06 09:32:05
1638783128233519000,21.95,1,21.95,9,22.0,32,2,2021-12-06 09:32:08
1638783128233619000,21.95,1,21.95,9,22.0,32,2,2021-12-06 09:32:08
1638783128234014000,21.95,1,21.95,7,22.0,32,2,2021-12-06 09:32:08
1638783128234034000,21.95,1,21.95,7,22.0,32,2,2021-12-06 09:32:08
1638783129839634000,21.95,2,21.95,6,22.0,33,2,2021-12-06 09:32:09
1638783130584842000,22.0,6,21.95,9,22.0,28,1,2021-12-06 09:32:10
1638783130610483000,22.0,19,21.95,9,22.0,9,1,2021-12-06 09:32:10
1638783130645062000,22.0,9,21.95,9,22.05,1,1,2021-12-06 09:32:10
1638783130902001000,21.95,6,21.95,3,22.05,1,2,2021-12-06 09:32:10
1638783131372955000,21.95,3,21.9,13,21.95,1,2,2021-12-06 09:32:11
1638783131491224000,21.95,1,21.9,13,22.05,1,1,2021-12-06 09:32:11
1638783132062381000,21.95,4,21.75,5,22.05,1,2,2021-12-06 09:32:12
1638783132062381000,21.9,13,21.75,5,22.05,1,2,2021-12-06 09:32:12
1638783132062381000,21.85,19,21.75,5,22.05,1,2,2021-12-06 09:32:12
1638783132062381000,21.8,19,21.75,5,22.05,1,2,2021-12-06 09:32:12
1638783132062381000,21.75,2,21.75,5,22.05,1,2,2021-12-06 09:32:12
1638783132632175000,21.95,1,21.75,9,22.0,3,1,2021-12-06 09:32:12
1638783133090185000,21.95,1,21.95,2,22.0,3,1,2021-12-06 09:32:13
1638783133504458000,21.95,1,21.95,7,22.0,3,2,2021-12-06 09:32:13
1638783133839759000,22.0,3,22.0,2,22.05,1,1,2021-12-06 09:32:13
1638783134250195000,22.0,1,22.0,1,22.05,1,2,2021-12-06 09:32:14
1638783134352562000,22.0,1,21.95,9,22.05,1,2,2021-12-06 09:32:14
1638783134411544000,21.95,1,21.95,8,22.05,1,2,2021-12-06 09:32:14
1638783136171944000,22.05,1,22.0,5,22.1,7,1,2021-12-06 09:32:16
1638783137296156000,22.0,5,21.95,4,22.1,2,2,2021-12-06 09:32:17
1638783139122276000,22.0,2,22.0,10,22.1,2,2,2021-12-06 09:32:19
1638783140863328000,22.0,1,22.0,10,22.1,2,2,2021-12-06 09:32:20
1638783141202865000,22.0,1,22.0,14,22.1,2,2,2021-12-06 09:32:21
1638783142545298000,22.0,2,22.0,13,22.1,2,2,2021-12-06 09:32:22
1638783143635379000,22.05,1,22.0,15,22.1,2,1,2021-12-06 09:32:23
1638783143635561000,22.05,1,22.0,15,22.1,2,2,2021-12-06 09:32:23
1638783143986244000,22.0,10,22.0,5,22.1,2,2,2021-12-06 09:32:23
1638783144673560000,22.0,1,22.0,4,22.05,3,2,2021-12-06 09:32:24
1638783145283708000,22.0,1,22.0,3,22.05,6,2,2021-12-06 09:32:25
1638783145418080000,22.0,3,21.95,10,22.05,6,2,2021-12-06 09:32:25
1638783149216953000,22.0,1,21.95,5,22.0,5,1,2021-12-06 09:32:29
1638783149251731000,21.95,1,21.95,4,22.0,5,2,2021-12-06 09:32:29
1638783149544274000,22.0,1,21.95,4,22.0,4,1,2021-12-06 09:32:29
1638783149575311000,22.0,4,21.95,4,22.05,3,1,2021-12-06 09:32:29
1638783150570008000,22.05,1,22.0,1,22.05,2,1,2021-12-06 09:32:30
1638783152561941000,22.0,1,22.0,63,22.05,2,2,2021-12-06 09:32:32
1638783152771332000,22.0,10,22.0,56,22.05,2,2,2021-12-06 09:32:32
1638783153028637000,22.0,1,22.0,54,22.05,2,2,2021-12-06 09:32:33
1638783153028831000,22.0,1,22.0,54,22.05,2,2,2021-12-06 09:32:33
1638783153029006000,22.0,1,22.0,53,22.05,2,2,2021-12-06 09:32:33
1638783153159227000,22.05,1,22.0,53,22.05,1,1,2021-12-06 09:32:33
1638783153312952000,22.05,1,22.0,53,22.1,1,1,2021-12-06 09:32:33
1638783154939752000,22.05,3,22.0,52,22.05,5,2,2021-12-06 09:32:34
1638783156942611000,22.05,1,22.0,52,22.05,4,1,2021-12-06 09:32:36
1638783157462959000,22.0,10,22.0,42,22.05,4,2,2021-12-06 09:32:37
1638783157885645000,22.05,1,22.0,47,22.05,3,1,2021-12-06 09:32:37
1638783158371045000,22.05,3,22.05,3,22.1,1,1,2021-12-06 09:32:38
