ts,close,volume,bid_price,bid_volume,ask_price,ask_volume,tick_type,datetime
1638781202386824000,109.5,1833,109.0,95,109.5,289,0,2021-12-06 09:00:02
1638781202431428000,109.0,95,108.5,58,109.0,65,2,2021-12-06 09:00:02
1638781202452730000,109.0,2,108.5,58,109.0,63,1,2021-12-06 09:00:02
1638781202453672000,108.5,58,108.0,135,108.5,27,2,2021-12-06 09:00:02
1638781202472928000,108.0,1,108.0,134,108.5,27,2,2021-12-06 09:00:02
1638781202530478000,108.5,1,108.0,134,108.5,26,1,2021-12-06 09:00:02
1638781202537532000,108.0,1,108.0,133,108.5,108,2,2021-12-06 09:00:02
1638781202555851000,108.0,2,108.0,131,108.5,108,2,2021-12-06 09:00:02
1638781202556819000,108.0,1,108.0,130,108.5,108,2,2021-12-06 09:00:02
1638781202565345000,108.0,2,108.0,128,108.5,111,2,2021-12-06 09:00:02
1638781202606787000,108.0,1,108.0,127,108.5,113,2,2021-12-06 09:00:02
1638781202997558000,108.5,1,108.0,127,108.5,112,1,2021-12-06 09:00:02
1638781203001269000,108.5,1,108.0,127,108.5,111,1,2021-12-06 09:00:03
1638781203079758000,108.5,1,108.0,127,108.5,110,1,2021-12-06 09:00:03
1638781203130097000,108.0,9,108.0,118,108.5,110,2,2021-12-06 09:00:03
1638781203206059000,108.5,1,108.0,118,108.5,136,1,2021-12-06 09:00:03
1638781203439351000,108.5,2,108.0,118,108.5,134,1,2021-12-06 09:00:03
1638781204085041000,108.0,2,108.0,116,108.5,134,2,2021-12-06 09:00:04
1638781204108135000,108.0,50,108.0,66,108.5,134,2,2021-12-06 09:00:04
1638781204129680000,108.0,31,108.0,35,108.5,134,2,2021-12-06 09:00:04
1638781204171593000,108.0,5,108.0,30,108.5,134,2,2021-12-06 09:00:04
1638781204190770000,108.0,11,108.0,19,108.5,134,2,2021-12-06 09:00:04
1638781204210906000,108.0,6,108.0,13,108.5,134,2,2021-12-06 09:00:04
1638781204222416000,108.0,13,107.5,52,108.5,134,2,2021-12-06 09:00:04
1638781204578018000,108.5,5,107.5,52,108.5,129,1,2021-12-06 09:00:04
1638781204854715000,108.5,1,107.5,52,108.5,128,1,2021-12-06 09:00:04
1638781205197329000,107.5,2,107.5,50,108.5,131,2,2021-12-06 09:00:05
1638781205342651000,108.5,1,107.5,50,108.5,130,1,2021-12-06 09:00:05
1638781205361118000,107.5,1,107.5,49,108.5,130,2,2021-12-06 09:00:05
1638781205443196000,108.5,38,107.5,49,108.5,92,1,2021-12-06 09:00:05
1638781205625019000,108.5,1,107.5,49,108.5,91,1,2021-12-06 09:00:05
1638781205910393000,108.0,10,107.5,49,108.5,92,2,2021-12-06 09:00:05
1638781206331957000,107.5,1,107.5,58,108.5,92,2,2021-12-06 09:00:06
1638781207006063000,108.5,5,108.0,1,108.5,87,1,2021-12-06 09:00:07
1638781207129089000,108.0,1,107.5,68,108.5,87,2,2021-12-06 09:00:07
1638781207233511000,108.5,75,108.0,1,108.5,12,1,2021-12-06 09:00:07
1638781207265853000,108.5,12,108.0,1,109.0,72,1,2021-12-06 09:00:07
1638781207689752000,108.5,1,108.0,4,109.0,69,2,2021-12-06 09:00:07
1638781207689989000,109.0,1,108.0,4,109.0,69,1,2021-12-06 09:00:07
1638781207769622000,109.0,1,108.0,4,109.0,68,1,2021-12-06 09:00:07
1638781207976563000,108.0,1,108.0,5,109.0,63,2,2021-12-06 09:00:07
1638781208520812000,108.5,1,108.5,9,109.0,65,1,2021-12-06 09:00:08
1638781208632247000,108.5,5,108.5,4,109.0,65,2,2021-12-06 09:00:08
1638781208657296000,108.5,4,108.0,35,109.0,65,2,2021-12-06 09:00:08
1638781209044257000,108.5,1,108.5,2,109.0,65,2,2021-12-06 09:00:09
1638781209168770000,109.0,1,108.5,2,109.0,64,1,2021-12-06 09:00:09
1638781209882001000,109.0,10,108.5,20,109.0,65,1,2021-12-06 09:00:09
1638781210398038000,109.0,1,108.5,44,109.0,65,1,2021-12-06 09:00:10
1638781210573325000,109.0,10,108.5,45,109.0,55,1,2021-12-06 09:00:10
1638781210600653000,109.0,1,108.5,46,109.0,54,1,2021-12-06 09:00:10
1638781210657837000,108.5,1,108.5,45,109.0,54,2,2021-12-06 09:00:10
1638781210780102000,109.0,9,108.5,46,109.0,45,1,2021-12-06 09:00:10
1638781210805232000,109.0,29,108.5,46,109.0,16,1,2021-12-06 09:00:10
1638781210840857000,109.0,16,108.5,46,109.5,339,1,2021-12-06 09:00:10
1638781211151031000,109.5,1,108.5,52,109.5,338,1,2021-12-06 09:00:11
1638781211181670000,108.5,3,108.5,49,109.0,1,2,2021-12-06 09:00:11
1638781211302543000,109.0,1,109.0,2,109.5,338,1,2021-12-06 09:00:11
1638781211331547000,109.0,2,108.5,49,109.5,338,2,2021-12-06 09:00:11
1638781211818658000,109.0,2,109.0,2,109.5,338,2,2021-12-06 09:00:11
1638781211834504000,109.5,2,109.0,2,109.5,336,1,2021-12-06 09:00:11
1638781211835992000,109.5,1,109.0,2,109.5,335,1,2021-12-06 09:00:11
1638781211871633000,109.5,1,109.0,2,109.5,334,1,2021-12-06 09:00:11
1638781212034675000,109.0,2,108.5,58,109.5,339,2,2021-12-06 09:00:12
1638781212364497000,109.5,1,108.5,72,109.5,388,1,2021-12-06 09:00:12
1638781212365298000,109.5,1,108.5,72,109.5,387,1,2021-12-06 09:00:12
1638781212401715000,109.5,1,108.5,73,109.5,436,1,2021-12-06 09:00:12
1638781212494978000,108.5,8,108.5,65,109.5,436,2,2021-12-06 09:00:12
1638781212702352000,109.0,1,109.0,1,109.5,436,1,2021-12-06 09:00:12
1638781212736367000,109.0,1,108.5,65,109.5,436,2,2021-12-06 09:00:12
1638781213054414000,109.0,1,108.5,66,109.0,4,2,2021-12-06 09:00:13
1638781213168127000,109.0,3,108.5,66,109.0,1,1,2021-12-06 09:00:13
1638781213238546000,109.0,1,109.0,5,109.5,436,1,2021-12-06 09:00:13
1638781213273960000,109.0,5,108.5,69,109.5,436,2,2021-12-06 09:00:13
1638781213316413000,109.5,1,108.5,69,109.5,435,1,2021-12-06 09:00:13
1638781213353431000,109.5,3,109.0,2,109.5,432,1,2021-12-06 09:00:13
1638781213464597000,109.0,1,109.0,2,109.5,432,2,2021-12-06 09:00:13
1638781213481354000,109.5,1,109.0,2,109.5,431,1,2021-12-06 09:00:13
1638781213556613000,109.0,1,109.0,2,109.5,431,2,2021-12-06 09:00:13
1638781213650325000,109.5,1,109.0,7,109.5,430,1,2021-12-06 09:00:13
1638781213655552000,109.0,5,109.0,2,109.5,430,2,2021-12-06 09:00:13
1638781213819880000,109.0,1,109.0,1,109.5,430,2,2021-12-06 09:00:13
1638781214059034000,109.0,2,108.5,69,109.0,48,2,2021-12-06 09:00:14
1638781214152424000,109.0,1,108.5,70,109.0,48,1,2021-12-06 09:00:14
1638781214339183000,109.0,1,108.5,72,109.0,47,1,2021-12-06 09:00:14
1638781214494195000,109.0,2,108.5,72,109.0,45,1,2021-12-06 09:00:14
1638781214803754000,109.0,1,108.5,73,109.0,114,1,2021-12-06 09:00:14
1638781215117268000,108.5,1,108.5,77,109.0,119,2,2021-12-06 09:00:15
1638781215362703000,109.0,1,108.5,74,109.0,168,1,2021-12-06 09:00:15
1638781215377813000,109.0,1,108.5,74,109.0,167,1,2021-12-06 09:00:15
1638781215465826000,109.0,1,108.5,74,109.0,166,1,2021-12-06 09:00:15
1638781215466575000,109.0,2,108.5,74,109.0,164,1,2021-12-06 09:00:15
1638781215820097000,109.0,1,108.5,66,109.0,168,1,2021-12-06 09:00:15
1638781215902477000,109.0,1,108.5,66,109.0,168,1,2021-12-06 09:00:15
1638781215990665000,109.0,1,108.5,66,109.0,167,1,2021-12-06 09:00:15
1638781215993289000,109.0,1,108.5,66,109.0,166,1,2021-12-06 09:00:15
1638781216040969000,108.5,1,108.5,65,109.0,166,2,2021-12-06 09:00:16
1638781216096910000,108.5,10,108.5,35,109.0,166,2,2021-12-06 09:00:16
1638781216132343000,109.0,1,108.5,36,109.0,165,1,2021-12-06 09:00:16
1638781216203628000,108.5,10,108.5,27,109.0,165,2,2021-12-06 09:00:16
1638781216332066000,108.5,1,108.5,26,109.0,166,2,2021-12-06 09:00:16
1638781216365667000,109.0,3,108.5,26,109.0,163,1,2021-12-06 09:00:16
1638781216383641000,109.0,1,108.5,26,109.0,162,1,2021-12-06 09:00:16
1638781216430818000,109.0,1,108.5,26,109.0,161,1,2021-12-06 09:00:16
1638781216437131000,109.0,1,108.5,26,109.0,160,1,2021-12-06 09:00:16
1638781216776981000,109.0,3,108.5,26,109.0,157,1,2021-12-06 09:00:16
1638781216817017000,109.0,3,108.5,26,109.0,154,1,2021-12-06 09:00:16
1638781216942132000,109.0,1,108.5,26,109.0,156,1,2021-12-06 09:00:16
1638781217070229000,109.0,1,108.5,26,109.0,155,1,2021-12-06 09:00:17
1638781217218701000,109.0,150,108.5,27,109.0,7,1,2021-12-06 09:00:17
1638781217224145000,108.5,1,108.5,26,109.0,7,2,2021-12-06 09:00:17
1638781217248184000,109.0,1,108.5,26,109.0,6,1,2021-12-06 09:00:17
1638781217435448000,108.5,1,108.5,25,109.0,6,2,2021-12-06 09:00:17
1638781217572845000,109.0,1,108.5,28,109.0,5,1,2021-12-06 09:00:17
1638781217755225000,109.0,1,108.5,28,109.0,6,1,2021-12-06 09:00:17
1638781217765209000,109.0,3,108.5,28,109.0,4,1,2021-12-06 09:00:17
1638781217786526000,109.0,2,108.5,28,109.0,2,1,2021-12-06 09:00:17
1638781217928688000,109.0,1,108.5,28,109.0,1,1,2021-12-06 09:00:17
1638781217938694000,109.0,1,108.5,28,109.5,437,1,2021-12-06 09:00:17
1638781218252046000,109.0,1,108.5,31,109.0,5,1,2021-12-06 09:00:18
1638781218255832000,109.0,1,108.5,31,109.0,4,1,2021-12-06 09:00:18
1638781218271390000,109.0,1,108.5,31,109.0,3,1,2021-12-06 09:00:18
1638781218317254000,109.0,3,108.5,31,109.5,437,1,2021-12-06 09:00:18
1638781218891788000,109.0,10,108.5,70,109.0,3,1,2021-12-06 09:00:18
1638781218948939000,109.0,1,108.5,80,109.0,2,1,2021-12-06 09:00:18
1638781218958204000,108.5,30,108.5,50,109.0,2,2,2021-12-06 09:00:18
1638781219069454000,109.0,1,108.5,52,109.0,1,1,2021-12-06 09:00:19
1638781219071804000,109.0,1,109.0,1,109.5,459,1,2021-12-06 09:00:19
1638781219102714000,109.0,1,108.5,52,109.5,459,2,2021-12-06 09:00:19
1638781219293292000,109.0,1,108.5,54,109.0,1,1,2021-12-06 09:00:19
1638781219327359000,109.0,1,108.5,55,109.5,461,1,2021-12-06 09:00:19
1638781219466506000,109.0,1,108.5,55,109.5,461,1,2021-12-06 09:00:19
1638781219502367000,109.0,1,108.5,55,109.5,461,2,2021-12-06 09:00:19
1638781219638563000,109.0,1,108.5,55,109.5,461,2,2021-12-06 09:00:19
1638781219695306000,109.0,1,108.5,55,109.5,461,2,2021-12-06 09:00:19
1638781219735891000,108.5,3,108.5,52,109.5,463,2,2021-12-06 09:00:19
1638781219969224000,109.0,1,108.5,52,109.5,463,1,2021-12-06 09:00:19
1638781220103371000,108.5,10,108.5,42,109.5,463,2,2021-12-06 09:00:20
1638781220132971000,109.0,1,108.5,42,109.5,463,1,2021-12-06 09:00:20
1638781220513295000,109.0,2,108.5,63,109.5,463,2,2021-12-06 09:00:20
1638781220580616000,108.5,10,108.5,53,109.0,1,2,2021-12-06 09:00:20
1638781220768544000,109.0,1,108.5,58,109.5,465,1,2021-12-06 09:00:20
1638781220886287000,108.5,1,108.5,57,109.0,10,2,2021-12-06 09:00:20
1638781221161660000,109.0,1,108.5,59,109.0,9,1,2021-12-06 09:00:21
1638781221325606000,109.0,1,108.5,61,109.0,8,1,2021-12-06 09:00:21
1638781221331708000,109.0,1,108.5,61,109.0,57,1,2021-12-06 09:00:21
1638781221355072000,109.0,1,108.5,61,109.0,56,1,2021-12-06 09:00:21
1638781221373008000,109.0,1,108.5,61,109.0,55,1,2021-12-06 09:00:21
1638781221424277000,109.0,1,108.5,61,109.0,54,1,2021-12-06 09:00:21
1638781221528231000,109.0,1,108.5,65,109.0,53,1,2021-12-06 09:00:21
1638781221634519000,108.5,2,108.5,64,109.0,53,2,2021-12-06 09:00:21
1638781221775305000,108.5,1,108.5,69,109.0,53,2,2021-12-06 09:00:21
1638781221877938000,109.0,10,108.5,71,109.0,53,1,2021-12-06 09:00:21
1638781222064276000,109.0,1,108.5,72,109.0,52,1,2021-12-06 09:00:22
1638781222108941000,109.0,1,108.5,72,109.0,51,1,2021-12-06 09:00:22
1638781222140796000,109.0,3,108.5,72,109.0,48,1,2021-12-06 09:00:22
1638781222174946000,109.0,8,108.5,73,109.0,40,1,2021-12-06 09:00:22
1638781222314341000,109.0,10,108.5,70,109.0,40,1,2021-12-06 09:00:22
1638781222656002000,108.5,2,108.5,73,109.0,45,2,2021-12-06 09:00:22
1638781222955814000,109.0,1,108.5,73,109.0,47,1,2021-12-06 09:00:22
1638781223109177000,109.0,10,108.5,74,109.0,38,1,2021-12-06 09:00:23
1638781223249762000,109.0,1,108.5,74,109.0,37,1,2021-12-06 09:00:23
1638781223261642000,109.0,4,108.5,74,109.0,33,1,2021-12-06 09:00:23
1638781223283508000,109.0,1,108.5,74,109.0,32,1,2021-12-06 09:00:23
1638781223311948000,108.5,1,108.5,73,109.0,32,2,2021-12-06 09:00:23
1638781223477200000,109.0,3,108.5,73,109.0,29,1,2021-12-06 09:00:23
1638781223694218000,108.5,1,108.5,72,109.0,30,2,2021-12-06 09:00:23
1638781223756125000,109.0,1,108.5,72,109.0,29,1,2021-12-06 09:00:23
1638781223979402000,109.0,1,108.5,73,109.0,28,1,2021-12-06 09:00:23
1638781224068687000,109.0,1,108.5,75,109.0,27,1,2021-12-06 09:00:24
1638781224078010000,109.0,1,108.5,75,109.0,28,1,2021-12-06 09:00:24
1638781224202750000,109.0,1,108.5,75,109.0,25,1,2021-12-06 09:00:24
1638781224461397000,109.0,1,108.5,75,109.0,24,1,2021-12-06 09:00:24
1638781224501096000,109.0,1,108.5,75,109.0,23,1,2021-12-06 09:00:24
1638781224510137000,108.5,2,108.5,73,109.0,23,2,2021-12-06 09:00:24
1638781225189070000,109.0,5,108.5,88,109.0,44,1,2021-12-06 09:00:25
1638781225211531000,108.5,2,108.5,86,109.0,44,2,2021-12-06 09:00:25
1638781225220739000,109.0,1,108.5,86,109.0,43,1,2021-12-06 09:00:25
1638781225280580000,109.0,1,108.5,86,109.0,42,1,2021-12-06 09:00:25
1638781225373017000,109.0,10,108.5,88,109.0,32,1,2021-12-06 09:00:25
1638781225463777000,109.0,1,108.5,88,109.0,31,1,2021-12-06 09:00:25
1638781225534415000,109.0,1,108.5,89,109.0,35,1,2021-12-06 09:00:25
1638781225593385000,109.0,1,108.5,90,109.0,34,1,2021-12-06 09:00:25
1638781225908184000,109.0,1,108.5,91,109.0,34,1,2021-12-06 09:00:25
1638781225975753000,109.0,1,108.5,91,109.0,33,1,2021-12-06 09:00:25
1638781226073557000,109.0,10,108.5,91,109.0,23,1,2021-12-06 09:00:26
1638781226578737000,109.0,1,108.5,94,109.0,35,1,2021-12-06 09:00:26
1638781226934774000,109.0,1,108.5,97,109.0,37,1,2021-12-06 09:00:26
1638781227002937000,109.0,1,108.5,98,109.0,36,1,2021-12-06 09:00:27
1638781227063163000,109.0,1,108.5,99,109.0,35,1,2021-12-06 09:00:27
1638781227359270000,109.0,1,108.5,100,109.0,35,1,2021-12-06 09:00:27
1638781227424167000,109.0,1,108.5,101,109.0,34,1,2021-12-06 09:00:27
1638781227602155000,108.5,1,108.5,100,109.0,34,2,2021-12-06 09:00:27
1638781227663817000,109.0,1,108.5,100,109.0,33,1,2021-12-06 09:00:27
1638781227797176000,109.0,2,108.5,100,109.0,31,1,2021-12-06 09:00:27
1638781227850062000,109.0,1,108.5,100,109.0,30,1,2021-12-06 09:00:27
1638781227892808000,109.0,1,108.5,100,109.0,29,1,2021-12-06 09:00:27
1638781227921836000,109.0,1,108.5,100,109.0,28,1,2021-12-06 09:00:27
1638781227962138000,109.0,1,108.5,100,109.0,27,1,2021-12-06 09:00:27
1638781227987366000,109.0,1,108.5,100,109.0,26,1,2021-12-06 09:00:27
1638781228168011000,109.0,1,108.5,101,109.0,25,1,2021-12-06 09:00:28
1638781228169539000,108.5,4,108.5,97,109.0,25,2,2021-12-06 09:00:28
1638781228206100000,109.0,1,108.5,97,109.0,24,1,2021-12-06 09:00:28
1638781228554773000,109.0,2,108.5,107,109.0,22,1,2021-12-06 09:00:28
1638781228644892000,109.0,2,108.5,107,109.0,20,1,2021-12-06 09:00:28
1638781228645485000,109.0,1,108.5,107,109.0,19,1,2021-12-06 09:00:28
1638781228712558000,109.0,2,108.5,107,109.0,17,1,2021-12-06 09:00:28
1638781228755805000,109.0,10,108.5,107,109.0,7,1,2021-12-06 09:00:28
1638781228846884000,109.0,1,108.5,107,109.0,6,1,2021-12-06 09:00:28
1638781228937047000,109.0,1,108.5,107,109.0,5,1,2021-12-06 09:00:28
1638781228966059000,109.0,1,108.5,107,109.0,4,1,2021-12-06 09:00:28
1638781229234964000,109.0,1,108.5,107,109.0,3,1,2021-12-06 09:00:29
1638781229453765000,109.0,1,108.5,107,109.0,9,1,2021-12-06 09:00:29
1638781229553047000,109.0,9,108.5,107,109.5,616,1,2021-12-06 09:00:29
1638781229553047000,109.5,21,108.5,107,109.5,616,1,2021-12-06 09:00:29
1638781229622494000,109.0,1,108.5,107,109.0,1,2,2021-12-06 09:00:29
1638781229670578000,109.0,1,108.5,107,109.5,616,1,2021-12-06 09:00:29
1638781229769579000,109.5,1,108.5,108,109.5,615,1,2021-12-06 09:00:29
1638781229824270000,109.0,1,108.5,108,109.5,615,2,2021-12-06 09:00:29
1638781229875813000,109.0,1,108.5,108,109.5,615,2,2021-12-06 09:00:29
1638781229937084000,109.0,1,108.5,108,109.0,2,2,2021-12-06 09:00:29
1638781230037922000,108.5,30,108.5,83,109.0,2,2,2021-12-06 09:00:30
1638781230213170000,109.0,2,109.0,8,109.5,615,1,2021-12-06 09:00:30
1638781230216220000,109.0,1,109.0,7,109.5,615,2,2021-12-06 09:00:30
1638781230245745000,109.0,6,109.0,1,109.5,615,2,2021-12-06 09:00:30
1638781230275005000,109.0,2,108.5,83,109.5,615,2,2021-12-06 09:00:30
1638781230322088000,109.0,1,108.5,83,109.0,1,2,2021-12-06 09:00:30
1638781230342959000,109.0,1,108.5,83,109.5,615,1,2021-12-06 09:00:30
1638781230722181000,109.0,1,108.5,83,109.5,616,2,2021-12-06 09:00:30
1638781231100528000,109.0,1,109.0,25,109.5,616,2,2021-12-06 09:00:31
1638781231255360000,109.0,5,109.0,22,109.5,616,2,2021-12-06 09:00:31
1638781231421103000,109.0,1,109.0,22,109.5,616,2,2021-12-06 09:00:31
1638781231492999000,109.5,5,109.0,22,109.5,611,1,2021-12-06 09:00:31
1638781231602732000,109.5,2,109.0,31,109.5,609,1,2021-12-06 09:00:31
1638781231965252000,109.0,1,109.0,38,109.5,611,2,2021-12-06 09:00:31
1638781231975963000,109.0,1,109.0,37,109.5,611,2,2021-12-06 09:00:31
1638781232159660000,109.0,37,109.0,11,109.5,611,2,2021-12-06 09:00:32
1638781232584698000,109.5,1,109.0,45,109.5,610,1,2021-12-06 09:00:32
1638781232624916000,109.5,1,109.0,47,109.5,609,1,2021-12-06 09:00:32
1638781232891188000,109.5,1,109.0,49,109.5,609,1,2021-12-06 09:00:32
1638781233025841000,109.5,1,109.0,50,109.5,608,1,2021-12-06 09:00:33
1638781233130040000,109.5,1,109.0,56,109.5,607,1,2021-12-06 09:00:33
1638781233141016000,109.0,1,109.0,55,109.5,607,2,2021-12-06 09:00:33
1638781233185708000,109.0,1,109.0,54,109.5,607,2,2021-12-06 09:00:33
1638781233348337000,109.0,5,109.0,50,109.5,607,2,2021-12-06 09:00:33
1638781233355782000,109.0,1,109.0,49,109.5,607,2,2021-12-06 09:00:33
1638781233488322000,109.0,1,109.0,48,109.5,617,2,2021-12-06 09:00:33
1638781233751684000,109.5,1,109.0,58,109.5,618,1,2021-12-06 09:00:33
1638781233752095000,109.0,1,109.0,57,109.5,618,2,2021-12-06 09:00:33
1638781233763780000,109.0,2,109.0,55,109.5,618,2,2021-12-06 09:00:33
1638781233926123000,109.0,2,109.0,53,109.5,618,2,2021-12-06 09:00:33
1638781234064314000,109.0,2,109.0,61,109.5,618,2,2021-12-06 09:00:34
1638781234214879000,109.0,1,109.0,63,109.5,618,2,2021-12-06 09:00:34
1638781234719310000,109.0,1,109.0,66,109.5,618,2,2021-12-06 09:00:34
1638781234748085000,109.5,1,109.0,66,109.5,617,1,2021-12-06 09:00:34
1638781234803477000,109.0,1,109.0,66,109.5,617,2,2021-12-06 09:00:34
1638781234943660000,109.0,4,109.0,62,109.5,619,2,2021-12-06 09:00:34
1638781234947935000,109.5,1,109.0,62,109.5,618,1,2021-12-06 09:00:34
1638781235232853000,109.0,2,109.0,62,109.5,618,2,2021-12-06 09:00:35
1638781235291784000,109.0,3,109.0,59,109.5,618,2,2021-12-06 09:00:35
1638781235811977000,109.0,1,109.0,61,109.5,620,2,2021-12-06 09:00:35
1638781235880721000,109.0,2,109.0,59,109.5,620,2,2021-12-06 09:00:35
1638781235985295000,109.0,50,109.0,9,109.5,620,2,2021-12-06 09:00:35
1638781236044332000,109.5,1,109.0,9,109.5,619,1,2021-12-06 09:00:36
1638781236075919000,109.0,2,109.0,8,109.5,618,2,2021-12-06 09:00:36
1638781236098084000,109.5,1,109.0,9,109.5,617,1,2021-12-06 09:00:36
1638781236271289000,109.0,9,108.5,124,109.5,617,2,2021-12-06 09:00:36
1638781236481576000,109.0,1,109.0,5,109.5,617,2,2021-12-06 09:00:36
1638781236833617000,109.0,2,109.0,7,109.5,617,2,2021-12-06 09:00:36
1638781236867801000,109.5,1,109.0,7,109.5,616,1,2021-12-06 09:00:36
1638781237043713000,109.5,1,109.0,8,109.5,615,1,2021-12-06 09:00:37
1638781237297664000,109.0,15,108.5,126,109.5,616,2,2021-12-06 09:00:37
1638781237329231000,109.0,14,108.5,126,109.0,36,2,2021-12-06 09:00:37
1638781237533004000,109.0,1,108.5,126,109.0,39,1,2021-12-06 09:00:37
1638781237554883000,109.0,1,108.5,126,109.0,38,1,2021-12-06 09:00:37
1638781237709636000,109.0,1,108.5,126,109.0,90,1,2021-12-06 09:00:37
1638781237875414000,109.0,5,108.5,127,109.0,153,1,2021-12-06 09:00:37
1638781237918417000,109.0,1,108.5,126,109.0,152,1,2021-12-06 09:00:37
1638781238154473000,108.5,1,108.5,125,109.0,185,2,2021-12-06 09:00:38
1638781238169264000,109.0,1,108.5,125,109.0,184,1,2021-12-06 09:00:38
1638781238213676000,109.0,1,108.5,124,109.0,198,1,2021-12-06 09:00:38
1638781238274205000,109.0,2,108.5,124,109.0,205,1,2021-12-06 09:00:38
1638781238301251000,108.5,16,108.5,108,109.0,205,2,2021-12-06 09:00:38
1638781238315522000,109.0,2,108.5,108,109.0,203,1,2021-12-06 09:00:38
1638781238393271000,109.0,1,108.5,108,109.0,202,1,2021-12-06 09:00:38
1638781238616424000,108.5,9,108.5,99,109.0,215,2,2021-12-06 09:00:38
1638781238665368000,109.0,1,108.5,99,109.0,211,1,2021-12-06 09:00:38
1638781238676839000,108.5,5,108.5,94,109.0,211,2,2021-12-06 09:00:38
1638781238680036000,109.0,1,108.5,94,109.0,210,1,2021-12-06 09:00:38
1638781238692807000,108.5,45,108.5,49,109.0,210,2,2021-12-06 09:00:38
1638781238746569000,109.0,1,108.5,49,109.0,209,1,2021-12-06 09:00:38
1638781238772138000,108.5,2,108.5,47,109.0,210,2,2021-12-06 09:00:38
1638781238801350000,108.5,1,108.5,46,109.0,210,2,2021-12-06 09:00:38
1638781238906764000,109.0,1,108.5,46,109.0,210,1,2021-12-06 09:00:38
1638781238944655000,109.0,1,108.5,46,109.0,210,1,2021-12-06 09:00:38
1638781239082747000,108.5,20,108.5,26,109.0,213,2,2021-12-06 09:00:39
1638781239239892000,108.5,11,108.5,15,109.0,233,2,2021-12-06 09:00:39
1638781239308787000,108.5,15,108.0,85,108.5,5,2,2021-12-06 09:00:39
1638781239423098000,108.5,1,108.0,85,108.5,5,1,2021-12-06 09:00:39
1638781239471062000,108.5,1,108.0,85,108.5,4,1,2021-12-06 09:00:39
1638781239663138000,108.0,1,108.0,84,108.5,4,2,2021-12-06 09:00:39
1638781239708147000,108.0,18,108.0,66,108.5,4,2,2021-12-06 09:00:39
1638781239809680000,108.5,1,108.0,66,108.5,10,1,2021-12-06 09:00:39
1638781239817986000,108.5,1,108.0,66,108.5,9,1,2021-12-06 09:00:39
1638781240065485000,108.0,1,108.0,66,108.5,46,2,2021-12-06 09:00:40
1638781240193226000,108.5,1,108.0,66,108.5,49,1,2021-12-06 09:00:40
1638781240212343000,108.0,6,108.0,60,108.5,49,2,2021-12-06 09:00:40
1638781240509226000,108.5,2,108.0,60,108.5,49,1,2021-12-06 09:00:40
1638781240626663000,108.5,1,108.0,60,108.5,49,1,2021-12-06 09:00:40
1638781240815198000,108.0,1,108.0,60,108.5,50,2,2021-12-06 09:00:40
1638781241079622000,108.5,1,108.0,60,108.5,53,1,2021-12-06 09:00:41
1638781241104693000,108.0,14,108.0,46,108.5,53,2,2021-12-06 09:00:41
1638781241498294000,108.0,2,108.0,44,108.5,64,2,2021-12-06 09:00:41
1638781241540004000,108.5,5,108.0,44,108.5,59,1,2021-12-06 09:00:41
1638781241593670000,108.5,2,108.0,44,108.5,57,1,2021-12-06 09:00:41
1638781241707260000,108.5,5,108.0,44,108.5,47,1,2021-12-06 09:00:41
1638781242204895000,108.5,1,108.0,44,108.5,69,1,2021-12-06 09:00:42
1638781242321019000,108.0,1,108.0,43,108.5,59,2,2021-12-06 09:00:42
1638781242384480000,108.5,1,108.0,45,108.5,59,1,2021-12-06 09:00:42
1638781242437417000,108.0,15,108.0,30,108.5,59,2,2021-12-06 09:00:42
1638781242439166000,108.5,1,108.0,29,108.5,58,1,2021-12-06 09:00:42
1638781242563143000,108.5,1,108.0,29,108.5,58,1,2021-12-06 09:00:42
1638781242675025000,108.0,20,108.0,9,108.5,59,2,2021-12-06 09:00:42
1638781242700924000,108.0,9,107.5,97,108.5,59,2,2021-12-06 09:00:42
1638781242797660000,108.0,2,108.0,8,108.5,59,2,2021-12-06 09:00:42
1638781243054334000,108.0,8,107.5,97,108.5,65,2,2021-12-06 09:00:43
1638781243077945000,107.5,1,107.5,96,108.5,65,2,2021-12-06 09:00:43
1638781243118871000,108.0,1,107.5,96,108.5,65,1,2021-12-06 09:00:43
1638781243211416000,107.5,1,107.5,95,108.5,65,2,2021-12-06 09:00:43
1638781243525573000,108.0,1,108.0,3,108.5,70,1,2021-12-06 09:00:43
1638781243529151000,108.0,3,107.5,95,108.5,70,2,2021-12-06 09:00:43
1638781243558520000,107.5,13,107.5,82,108.5,70,2,2021-12-06 09:00:43
1638781243697152000,108.5,1,107.5,82,108.5,69,1,2021-12-06 09:00:43
1638781243902662000,108.0,1,107.5,82,108.5,70,2,2021-12-06 09:00:43
1638781243928877000,108.5,2,107.5,82,108.5,68,1,2021-12-06 09:00:43
1638781244158537000,108.0,2,107.5,82,108.0,5,2,2021-12-06 09:00:44
1638781244274147000,108.0,1,107.5,82,108.0,7,1,2021-12-06 09:00:44
1638781244410233000,107.5,1,107.5,184,108.0,7,2,2021-12-06 09:00:44
1638781244743479000,108.0,3,107.5,184,108.0,5,1,2021-12-06 09:00:44
1638781245010873000,108.0,1,107.5,187,108.0,4,1,2021-12-06 09:00:45
1638781245091273000,108.0,2,107.5,187,108.0,4,1,2021-12-06 09:00:45
1638781245350172000,108.0,1,107.5,189,108.0,3,1,2021-12-06 09:00:45
1638781245359618000,107.5,1,107.5,188,108.0,3,2,2021-12-06 09:00:45
1638781245733048000,108.0,1,107.5,189,108.0,2,1,2021-12-06 09:00:45
1638781246319160000,108.0,1,107.5,189,108.0,9,1,2021-12-06 09:00:46
1638781246362337000,107.5,1,107.5,188,108.0,9,2,2021-12-06 09:00:46
1638781246369066000,108.0,1,107.5,188,108.0,8,1,2021-12-06 09:00:46
1638781246468985000,107.5,1,107.5,187,108.0,8,2,2021-12-06 09:00:46
1638781246548337000,108.0,2,107.5,187,108.0,6,1,2021-12-06 09:00:46
1638781246675771000,108.0,1,107.5,187,108.0,5,1,2021-12-06 09:00:46
1638781246836317000,107.5,1,107.5,186,108.0,15,2,2021-12-06 09:00:46
1638781247079578000,108.0,1,107.5,187,108.0,15,1,2021-12-06 09:00:47
1638781247502170000,108.0,5,107.5,187,108.0,26,1,2021-12-06 09:00:47
1638781247582813000,108.0,2,107.5,187,108.0,24,1,2021-12-06 09:00:47
1638781247781025000,108.0,8,107.5,187,108.0,16,1,2021-12-06 09:00:47
1638781247881685000,107.5,1,107.5,186,108.0,17,2,2021-12-06 09:00:47
1638781248203588000,107.5,1,107.5,187,108.0,18,2,2021-12-06 09:00:48
1638781248537504000,108.0,2,107.5,191,108.0,21,1,2021-12-06 09:00:48
1638781248643042000,107.5,1,107.5,190,108.0,31,2,2021-12-06 09:00:48
1638781248895439000,108.0,1,107.5,191,108.0,34,1,2021-12-06 09:00:48
1638781248930262000,108.0,1,107.5,191,108.0,34,1,2021-12-06 09:00:48
1638781249025605000,108.0,2,107.5,192,108.0,32,1,2021-12-06 09:00:49
1638781249041983000,108.0,2,107.5,192,108.0,30,1,2021-12-06 09:00:49
1638781249195987000,108.0,32,108.0,18,108.5,79,1,2021-12-06 09:00:49
1638781249268808000,108.0,5,108.0,13,108.5,79,2,2021-12-06 09:00:49
1638781249305125000,108.5,1,108.0,13,108.5,78,1,2021-12-06 09:00:49
1638781249319524000,108.0,1,108.0,12,108.5,78,2,2021-12-06 09:00:49
1638781249395046000,108.0,1,108.0,11,108.5,78,2,2021-12-06 09:00:49
1638781249467935000,108.5,2,108.0,16,108.5,76,1,2021-12-06 09:00:49
1638781249536612000,108.0,1,108.0,15,108.5,72,2,2021-12-06 09:00:49
1638781249774523000,108.0,10,108.0,5,108.5,72,2,2021-12-06 09:00:49
1638781249945290000,108.0,1,108.0,24,108.5,72,2,2021-12-06 09:00:49
1638781250002744000,108.0,2,108.0,22,108.5,73,2,2021-12-06 09:00:50
1638781250013373000,108.0,1,108.0,21,108.5,72,2,2021-12-06 09:00:50
1638781250042286000,108.0,1,108.0,20,108.5,72,2,2021-12-06 09:00:50
1638781250323663000,108.0,3,108.0,22,108.5,72,2,2021-12-06 09:00:50
1638781250431383000,108.0,1,108.0,23,108.5,72,2,2021-12-06 09:00:50
1638781250433045000,108.0,9,108.0,14,108.5,72,2,2021-12-06 09:00:50
1638781250514119000,108.0,1,108.0,13,108.5,72,2,2021-12-06 09:00:50
1638781250589261000,108.0,1,108.0,14,108.5,72,2,2021-12-06 09:00:50
1638781250732810000,108.5,1,108.0,24,108.5,71,1,2021-12-06 09:00:50
1638781250821294000,108.0,1,108.0,25,108.5,71,2,2021-12-06 09:00:50
1638781250931038000,108.0,1,108.0,25,108.5,71,2,2021-12-06 09:00:50
1638781251195018000,108.0,1,108.0,24,108.5,72,2,2021-12-06 09:00:51
1638781251587857000,108.0,1,108.0,171,108.5,70,2,2021-12-06 09:00:51
1638781251725813000,108.0,2,108.0,173,108.5,70,2,2021-12-06 09:00:51
1638781251784178000,108.0,1,108.0,172,108.5,70,2,2021-12-06 09:00:51
1638781252188202000,108.0,5,108.0,175,108.5,72,2,2021-12-06 09:00:52
1638781252257626000,108.5,1,108.0,175,108.5,71,1,2021-12-06 09:00:52
1638781252307090000,108.0,1,108.0,174,108.5,71,2,2021-12-06 09:00:52
1638781252418911000,108.5,8,108.0,174,108.5,63,1,2021-12-06 09:00:52
1638781252482102000,108.0,5,108.0,169,108.5,63,2,2021-12-06 09:00:52
1638781252488131000,108.0,1,108.0,168,108.5,63,2,2021-12-06 09:00:52
1638781252680150000,108.0,1,108.0,168,108.5,63,2,2021-12-06 09:00:52
1638781252825304000,108.0,2,108.0,166,108.5,62,2,2021-12-06 09:00:52
1638781253177269000,108.0,2,108.0,174,108.5,62,2,2021-12-06 09:00:53
1638781253859229000,108.0,10,108.0,170,108.5,62,2,2021-12-06 09:00:53
1638781255048869000,108.0,1,108.0,189,108.5,62,2,2021-12-06 09:00:55
1638781255113894000,108.0,27,108.0,162,108.5,62,2,2021-12-06 09:00:55
1638781255383943000,108.0,5,108.0,158,108.5,68,2,2021-12-06 09:00:55
1638781256151494000,108.5,1,108.0,163,108.5,66,1,2021-12-06 09:00:56
1638781256426313000,108.0,1,108.0,163,108.5,66,2,2021-12-06 09:00:56
1638781256440420000,108.0,1,108.0,162,108.5,66,2,2021-12-06 09:00:56
1638781256445053000,108.5,1,108.0,162,108.5,65,1,2021-12-06 09:00:56
1638781256480098000,108.0,1,108.0,161,108.5,65,2,2021-12-06 09:00:56
1638781256676849000,108.5,2,108.0,161,108.5,78,1,2021-12-06 09:00:56
1638781256818602000,108.5,2,108.0,161,108.5,76,1,2021-12-06 09:00:56
1638781257069618000,108.0,3,108.0,158,108.5,76,2,2021-12-06 09:00:57
1638781257253354000,108.0,2,108.0,155,108.5,76,2,2021-12-06 09:00:57
1638781257290889000,108.0,1,108.0,154,108.5,76,2,2021-12-06 09:00:57
1638781257506844000,108.0,1,108.0,164,108.5,76,2,2021-12-06 09:00:57
1638781257529681000,108.0,5,108.0,159,108.5,76,2,2021-12-06 09:00:57
1638781257578027000,108.0,10,108.0,149,108.5,77,2,2021-12-06 09:00:57
1638781257665105000,108.5,10,108.0,149,108.5,67,1,2021-12-06 09:00:57
1638781257700627000,108.0,1,108.0,148,108.5,67,2,2021-12-06 09:00:57
1638781258104192000,108.5,2,108.0,159,108.5,66,1,2021-12-06 09:00:58
1638781258233417000,108.0,1,108.0,158,108.5,66,2,2021-12-06 09:00:58
1638781258261827000,108.5,1,108.0,158,108.5,65,1,2021-12-06 09:00:58
1638781258290939000,108.0,1,108.0,157,108.5,65,2,2021-12-06 09:00:58
1638781258589932000,108.0,1,108.0,136,108.5,68,2,2021-12-06 09:00:58
1638781258618546000,108.5,1,108.0,136,108.5,67,1,2021-12-06 09:00:58
1638781258786593000,108.5,3,108.0,136,108.5,64,1,2021-12-06 09:00:58
1638781258909205000,108.0,6,108.0,132,108.5,64,2,2021-12-06 09:00:58
1638781258956611000,108.5,2,108.0,132,108.5,62,1,2021-12-06 09:00:58
1638781259015869000,108.0,1,108.0,132,108.5,62,2,2021-12-06 09:00:59
1638781259524041000,108.5,10,108.0,133,108.5,56,1,2021-12-06 09:00:59
1638781259560308000,108.5,1,108.0,133,108.5,55,1,2021-12-06 09:00:59
1638781259940643000,108.0,1,108.0,133,108.5,57,2,2021-12-06 09:00:59
1638781261010779000,108.0,1,108.0,135,108.5,62,2,2021-12-06 09:01:01
1638781261236311000,108.5,1,108.0,135,108.5,61,1,2021-12-06 09:01:01
1638781261422749000,108.0,5,108.0,130,108.5,63,2,2021-12-06 09:01:01
1638781261534345000,108.5,50,108.0,130,108.5,13,1,2021-12-06 09:01:01
1638781261685531000,108.0,1,108.0,131,108.5,23,2,2021-12-06 09:01:01
1638781261994442000,108.0,2,108.0,132,108.5,23,2,2021-12-06 09:01:01
1638781262084325000,108.0,1,108.0,131,108.5,23,2,2021-12-06 09:01:02
1638781262424651000,108.5,5,108.0,132,108.5,21,1,2021-12-06 09:01:02
1638781262685715000,108.5,2,108.0,133,108.5,21,1,2021-12-06 09:01:02
1638781262811161000,108.5,1,108.0,134,108.5,20,1,2021-12-06 09:01:02
1638781263112805000,108.5,1,108.0,136,108.5,19,1,2021-12-06 09:01:03
1638781263288480000,108.5,1,108.0,137,108.5,18,1,2021-12-06 09:01:03
1638781263319233000,108.0,1,108.0,136,108.5,18,2,2021-12-06 09:01:03
1638781263320543000,108.5,10,108.0,136,108.5,8,1,2021-12-06 09:01:03
1638781263420347000,108.0,2,108.0,137,108.5,8,2,2021-12-06 09:01:03
1638781263558024000,108.0,1,108.0,136,108.5,8,2,2021-12-06 09:01:03
1638781263761439000,108.5,1,108.0,138,108.5,15,1,2021-12-06 09:01:03
1638781263766421000,108.5,2,108.0,138,108.5,13,1,2021-12-06 09:01:03
1638781263788976000,108.5,1,108.0,138,108.5,12,1,2021-12-06 09:01:03
1638781263978998000,108.5,20,108.0,138,108.5,8,1,2021-12-06 09:01:03
1638781264114638000,108.0,3,108.0,145,108.5,9,2,2021-12-06 09:01:04
1638781264433040000,108.5,1,108.0,146,108.5,9,1,2021-12-06 09:01:04
1638781264564357000,108.5,1,108.0,146,108.5,8,1,2021-12-06 09:01:04
1638781264736846000,108.5,1,108.0,150,108.5,7,1,2021-12-06 09:01:04
1638781265000656000,108.5,1,108.0,150,108.5,6,1,2021-12-06 09:01:05
1638781265096863000,108.5,1,108.0,151,108.5,5,1,2021-12-06 09:01:05
1638781265302412000,108.5,9,108.5,1,109.0,225,1,2021-12-06 09:01:05
1638781265337870000,108.5,1,108.0,151,109.0,225,2,2021-12-06 09:01:05
1638781265598229000,108.5,1,108.0,152,109.0,225,1,2021-12-06 09:01:05
1638781265623257000,108.0,1,108.0,151,109.0,225,2,2021-12-06 09:01:05
1638781265633271000,109.0,20,108.0,151,109.0,205,1,2021-12-06 09:01:05
1638781265702745000,108.0,1,108.0,157,109.0,205,2,2021-12-06 09:01:05
1638781265830178000,108.5,1,108.5,1,109.0,205,1,2021-12-06 09:01:05
1638781265870644000,108.5,2,108.0,161,109.0,185,2,2021-12-06 09:01:05
1638781265870644000,108.0,1,108.0,161,109.0,185,2,2021-12-06 09:01:05
1638781266039658000,108.5,1,108.0,161,109.0,185,1,2021-12-06 09:01:06
1638781266165992000,108.5,1,108.0,163,109.0,187,1,2021-12-06 09:01:06
1638781266516884000,109.0,6,108.5,6,109.0,181,1,2021-12-06 09:01:06
1638781266665929000,108.5,1,108.5,8,109.0,181,2,2021-12-06 09:01:06
1638781266867254000,109.0,2,108.5,8,109.0,179,1,2021-12-06 09:01:06
1638781266970501000,108.5,1,108.5,7,109.0,179,2,2021-12-06 09:01:06
1638781266979863000,108.5,2,108.5,5,109.0,179,2,2021-12-06 09:01:06
1638781267005491000,108.5,5,108.0,218,109.0,180,2,2021-12-06 09:01:07
1638781267248675000,108.5,5,108.0,218,108.5,15,1,2021-12-06 09:01:07
1638781267342684000,108.5,1,108.0,214,108.5,14,1,2021-12-06 09:01:07
1638781267412106000,108.0,1,108.0,213,108.5,14,2,2021-12-06 09:01:07
1638781267427654000,108.0,1,108.0,212,108.5,14,2,2021-12-06 09:01:07
1638781267679850000,108.5,1,108.0,224,108.5,13,1,2021-12-06 09:01:07
1638781267846505000,108.5,1,108.0,226,108.5,12,1,2021-12-06 09:01:07
1638781267883794000,108.5,1,108.0,226,108.5,11,1,2021-12-06 09:01:07
1638781267932659000,108.5,1,108.0,226,108.5,10,1,2021-12-06 09:01:07
1638781268055905000,108.5,2,108.0,226,108.5,8,1,2021-12-06 09:01:08
1638781268063398000,108.5,2,108.0,226,108.5,6,1,2021-12-06 09:01:08
1638781268076506000,108.5,1,108.0,226,108.5,5,1,2021-12-06 09:01:08
1638781268489535000,108.5,1,108.0,226,108.5,5,1,2021-12-06 09:01:08
1638781268700602000,108.5,1,108.0,237,108.5,4,1,2021-12-06 09:01:08
1638781268984654000,108.5,3,108.0,239,108.5,1,1,2021-12-06 09:01:08
1638781269246202000,108.5,1,108.0,239,109.0,178,1,2021-12-06 09:01:09
1638781269548534000,109.0,2,108.5,1,109.0,176,1,2021-12-06 09:01:09
1638781269806591000,108.5,1,108.5,7,109.0,176,2,2021-12-06 09:01:09
1638781269953702000,108.5,1,108.5,19,109.0,166,2,2021-12-06 09:01:09
1638781269990429000,108.5,4,108.5,16,109.0,166,2,2021-12-06 09:01:09
1638781271449411000,108.5,1,108.5,97,109.0,168,2,2021-12-06 09:01:11
1638781271691356000,109.0,153,108.5,101,109.0,16,1,2021-12-06 09:01:11
1638781271735698000,109.0,16,108.5,101,109.5,717,1,2021-12-06 09:01:11
1638781271751569000,108.5,1,108.5,100,109.0,1,2,2021-12-06 09:01:11
1638781272066975000,108.5,2,108.5,99,109.0,1,2,2021-12-06 09:01:12
1638781272074658000,108.5,2,108.5,97,109.0,1,2,2021-12-06 09:01:12
1638781272107812000,108.5,1,108.5,96,109.0,1,2,2021-12-06 09:01:12
1638781272494431000,108.5,1,108.5,119,109.0,1,2,2021-12-06 09:01:12
1638781272911039000,109.0,1,108.5,123,109.5,716,1,2021-12-06 09:01:12
1638781273038996000,108.5,1,108.5,142,109.5,716,2,2021-12-06 09:01:13
1638781273120290000,109.0,1,108.5,142,109.5,716,1,2021-12-06 09:01:13
1638781273305276000,109.5,3,108.5,145,109.5,714,1,2021-12-06 09:01:13
1638781273754410000,108.5,30,108.5,116,109.0,4,2,2021-12-06 09:01:13
1638781273788520000,108.5,1,108.5,116,109.0,4,2,2021-12-06 09:01:13
1638781273809840000,108.5,1,108.5,115,109.0,4,2,2021-12-06 09:01:13
1638781273836515000,108.5,1,108.5,114,109.0,4,2,2021-12-06 09:01:13
1638781274028859000,109.0,4,109.0,1,109.5,714,1,2021-12-06 09:01:14
1638781274063672000,109.0,1,108.5,116,109.5,714,2,2021-12-06 09:01:14
1638781274160224000,109.5,1,108.5,116,109.5,713,1,2021-12-06 09:01:14
1638781274466745000,108.5,1,108.5,116,109.0,1,2,2021-12-06 09:01:14
1638781274643405000,109.0,1,109.0,2,109.5,713,1,2021-12-06 09:01:14
1638781274942760000,109.0,2,108.5,123,109.5,723,2,2021-12-06 09:01:14
1638781275107777000,109.5,1,108.5,124,109.5,723,1,2021-12-06 09:01:15
1638781275203643000,109.0,26,109.0,24,109.5,723,2,2021-12-06 09:01:15
1638781275271483000,109.0,3,109.0,23,109.5,722,2,2021-12-06 09:01:15
1638781275287153000,109.0,1,109.0,22,109.5,722,2,2021-12-06 09:01:15
1638781275532574000,109.5,2,109.0,22,109.5,720,1,2021-12-06 09:01:15
1638781275674072000,109.0,5,109.0,17,109.5,720,2,2021-12-06 09:01:15
1638781275945393000,109.5,1,109.0,17,109.5,719,1,2021-12-06 09:01:15
1638781276324179000,109.0,2,109.0,51,109.5,723,2,2021-12-06 09:01:16
1638781276586946000,109.0,2,109.0,51,109.5,723,2,2021-12-06 09:01:16
1638781276896395000,109.5,1,109.0,51,109.5,722,1,2021-12-06 09:01:16
1638781277194202000,109.5,5,109.0,53,109.5,717,1,2021-12-06 09:01:17
1638781277276367000,109.5,3,109.0,54,109.5,714,1,2021-12-06 09:01:17
1638781277551975000,109.0,2,109.0,52,109.5,713,2,2021-12-06 09:01:17
1638781277927232000,109.5,1,109.0,52,109.5,712,1,2021-12-06 09:01:17
1638781277978773000,109.5,5,109.0,52,109.5,707,1,2021-12-06 09:01:17
1638781278791132000,109.0,1,109.0,55,109.5,707,2,2021-12-06 09:01:18
1638781278830934000,109.5,1,109.0,55,109.5,706,1,2021-12-06 09:01:18
1638781279172774000,109.0,3,109.0,52,109.5,706,2,2021-12-06 09:01:19
1638781279391123000,109.0,2,109.0,71,109.5,706,2,2021-12-06 09:01:19
1638781280495074000,109.5,1,109.0,78,109.5,705,1,2021-12-06 09:01:20
1638781280774778000,109.0,1,109.0,79,109.5,705,2,2021-12-06 09:01:20
1638781281160904000,109.0,1,109.0,79,109.5,705,2,2021-12-06 09:01:21
1638781282644017000,109.5,1,109.0,98,109.5,704,1,2021-12-06 09:01:22
1638781282869684000,109.0,1,109.0,99,109.5,704,2,2021-12-06 09:01:22
1638781283460922000,109.5,1,109.0,105,109.5,703,1,2021-12-06 09:01:23
1638781283493401000,109.0,10,109.0,96,109.5,703,2,2021-12-06 09:01:23
1638781283697079000,109.0,1,109.0,96,109.5,703,2,2021-12-06 09:01:23
1638781283811038000,109.5,1,109.0,96,109.5,702,1,2021-12-06 09:01:23
1638781283814013000,109.0,3,109.0,93,109.5,702,2,2021-12-06 09:01:23
1638781283977682000,109.5,1,109.0,93,109.5,701,1,2021-12-06 09:01:23
1638781284198448000,109.5,1,109.0,95,109.5,695,1,2021-12-06 09:01:24
1638781284453765000,109.5,9,109.0,99,109.5,691,1,2021-12-06 09:01:24
1638781284710001000,109.0,1,109.0,99,109.5,690,2,2021-12-06 09:01:24
1638781284962112000,109.0,1,109.0,104,109.5,691,2,2021-12-06 09:01:24
1638781285254767000,109.0,1,109.0,115,109.5,691,2,2021-12-06 09:01:25
1638781285892011000,109.0,93,109.0,23,109.5,691,2,2021-12-06 09:01:25
1638781285914203000,109.5,1,109.0,23,109.5,690,1,2021-12-06 09:01:25
1638781285923847000,109.0,23,109.0,1,109.5,690,2,2021-12-06 09:01:25
1638781285926367000,109.0,1,108.5,147,109.0,2,2,2021-12-06 09:01:25
1638781285945874000,109.0,1,108.5,147,109.0,1,1,2021-12-06 09:01:25
1638781285986058000,109.0,1,108.5,147,109.0,1,1,2021-12-06 09:01:25
1638781286324066000,109.0,1,108.5,147,109.5,691,1,2021-12-06 09:01:26
1638781286741248000,109.0,1,108.5,142,109.5,693,2,2021-12-06 09:01:26
1638781286797287000,109.5,1,108.5,142,109.5,692,1,2021-12-06 09:01:26
1638781286949473000,109.0,1,108.5,138,109.0,2,2,2021-12-06 09:01:26
1638781287074681000,109.0,1,108.5,138,109.0,1,1,2021-12-06 09:01:27
1638781287235759000,109.0,1,108.5,138,109.5,692,1,2021-12-06 09:01:27
1638781287359125000,109.0,3,108.5,138,109.5,692,2,2021-12-06 09:01:27
1638781287562591000,109.5,1,109.0,3,109.5,692,1,2021-12-06 09:01:27
1638781287567598000,109.0,3,108.5,138,109.0,17,2,2021-12-06 09:01:27
1638781287655923000,109.0,1,108.5,138,109.0,17,1,2021-12-06 09:01:27
1638781287700967000,109.0,1,108.5,136,109.0,19,1,2021-12-06 09:01:27
1638781288079034000,109.0,1,108.5,136,109.0,19,1,2021-12-06 09:01:28
1638781288129452000,109.0,1,108.5,136,109.0,18,1,2021-12-06 09:01:28
1638781288156971000,109.0,3,108.5,136,109.0,15,1,2021-12-06 09:01:28
1638781288292580000,109.0,2,108.5,136,109.0,14,1,2021-12-06 09:01:28
1638781288293198000,109.0,1,108.5,136,109.0,13,1,2021-12-06 09:01:28
1638781288365671000,109.0,1,108.5,136,109.0,12,1,2021-12-06 09:01:28
1638781288570845000,109.0,1,108.5,137,109.0,31,1,2021-12-06 09:01:28
1638781288710663000,109.0,32,108.5,137,109.5,667,1,2021-12-06 09:01:28
1638781288710663000,109.5,18,108.5,137,109.5,667,1,2021-12-06 09:01:28
1638781288774561000,109.0,1,108.5,137,109.5,667,2,2021-12-06 09:01:28
1638781288984944000,109.0,10,108.5,142,109.5,668,2,2021-12-06 09:01:28
1638781289063064000,109.5,1,108.5,142,109.5,667,1,2021-12-06 09:01:29
1638781289314699000,109.0,5,108.5,142,109.0,16,2,2021-12-06 09:01:29
1638781289627193000,109.0,5,108.5,145,109.0,15,1,2021-12-06 09:01:29
1638781289711133000,109.0,1,108.5,145,109.0,14,1,2021-12-06 09:01:29
1638781289789076000,109.0,1,108.5,144,109.0,13,1,2021-12-06 09:01:29
1638781289798906000,109.0,2,108.5,144,109.0,12,1,2021-12-06 09:01:29
1638781289818657000,108.5,1,108.5,143,109.0,12,2,2021-12-06 09:01:29
1638781289955260000,108.5,1,108.5,135,109.0,14,2,2021-12-06 09:01:29
1638781289977786000,108.5,1,108.5,134,109.0,14,2,2021-12-06 09:01:29
1638781290186679000,108.5,1,108.5,133,109.0,15,2,2021-12-06 09:01:30
1638781290286245000,109.0,3,108.5,133,109.0,12,1,2021-12-06 09:01:30
1638781290313078000,109.0,1,108.5,133,109.0,11,1,2021-12-06 09:01:30
1638781290716869000,109.0,1,108.5,113,109.0,17,1,2021-12-06 09:01:30
1638781290750002000,109.0,1,108.5,113,109.0,16,1,2021-12-06 09:01:30
1638781291114729000,109.0,3,108.5,114,109.0,18,1,2021-12-06 09:01:31
1638781291273786000,109.0,2,108.5,114,109.0,27,1,2021-12-06 09:01:31
1638781291304216000,109.0,3,108.5,114,109.0,24,1,2021-12-06 09:01:31
1638781291397005000,109.0,1,108.5,114,109.0,23,1,2021-12-06 09:01:31
1638781291518606000,109.0,2,108.5,114,109.0,21,1,2021-12-06 09:01:31
1638781291952769000,109.0,1,108.5,114,109.0,30,1,2021-12-06 09:01:31
1638781291953711000,109.0,1,108.5,114,109.0,29,1,2021-12-06 09:01:31
1638781292039452000,109.0,1,108.5,114,109.0,28,1,2021-12-06 09:01:32
1638781292177548000,109.0,1,108.5,115,109.0,27,1,2021-12-06 09:01:32
1638781292185748000,109.0,1,108.5,115,109.0,26,1,2021-12-06 09:01:32
1638781292269241000,109.0,3,108.5,115,109.0,23,1,2021-12-06 09:01:32
1638781292351999000,109.0,1,108.5,115,109.0,23,1,2021-12-06 09:01:32
1638781292370860000,109.0,1,108.5,115,109.0,22,1,2021-12-06 09:01:32
1638781292387227000,109.0,1,108.5,115,109.0,21,1,2021-12-06 09:01:32
1638781292427831000,109.0,1,108.5,115,109.0,22,1,2021-12-06 09:01:32
1638781292447863000,109.0,20,108.5,115,109.0,3,1,2021-12-06 09:01:32
1638781292557850000,109.0,1,108.5,115,109.0,7,1,2021-12-06 09:01:32
1638781292630011000,109.0,7,108.5,115,109.5,669,1,2021-12-06 09:01:32
1638781292630011000,109.5,3,108.5,115,109.5,669,1,2021-12-06 09:01:32
1638781292783821000,109.0,2,108.5,115,109.5,672,2,2021-12-06 09:01:32
1638781292839946000,109.0,2,109.0,3,109.5,672,1,2021-12-06 09:01:32
1638781292845071000,109.0,1,109.0,2,109.5,672,2,2021-12-06 09:01:32
1638781292861859000,109.0,2,108.5,115,109.5,673,2,2021-12-06 09:01:32
1638781292931230000,109.0,4,108.5,111,109.0,1,1,2021-12-06 09:01:32
1638781293097971000,109.0,1,108.5,111,109.0,3,1,2021-12-06 09:01:33
1638781293202381000,109.0,1,108.5,111,109.0,2,1,2021-12-06 09:01:33
1638781293706374000,109.0,1,108.5,118,109.0,24,1,2021-12-06 09:01:33
1638781294106394000,109.0,2,108.5,118,109.0,37,1,2021-12-06 09:01:34
1638781294124099000,109.0,1,108.5,118,109.0,36,1,2021-12-06 09:01:34
1638781294173114000,109.0,5,108.5,119,109.0,31,1,2021-12-06 09:01:34
1638781294177137000,109.0,3,108.5,119,109.0,28,1,2021-12-06 09:01:34
1638781294403370000,109.0,1,108.5,120,109.0,50,1,2021-12-06 09:01:34
1638781294545114000,109.0,1,108.5,120,109.0,55,1,2021-12-06 09:01:34
1638781294659380000,109.0,1,108.5,120,109.0,56,1,2021-12-06 09:01:34
1638781294692354000,109.0,1,108.5,120,109.0,55,1,2021-12-06 09:01:34
1638781294699127000,108.5,1,108.5,119,109.0,56,2,2021-12-06 09:01:34
1638781294743993000,109.0,1,108.5,119,109.0,56,1,2021-12-06 09:01:34
1638781294872332000,109.0,1,108.5,119,109.0,57,1,2021-12-06 09:01:34
1638781295063586000,109.0,2,108.5,119,109.0,58,1,2021-12-06 09:01:35
1638781295187912000,109.0,10,108.5,119,109.0,49,1,2021-12-06 09:01:35
1638781295243163000,109.0,49,109.0,1,109.5,672,1,2021-12-06 09:01:35
1638781295273767000,109.0,1,108.5,119,109.0,3,2,2021-12-06 09:01:35
1638781295294422000,109.0,2,108.5,119,109.0,2,1,2021-12-06 09:01:35
1638781295406500000,109.0,1,108.5,119,109.0,3,1,2021-12-06 09:01:35
1638781295456838000,109.0,4,109.0,6,109.5,672,1,2021-12-06 09:01:35
1638781295462861000,109.5,1,109.0,7,109.5,671,1,2021-12-06 09:01:35
1638781295466479000,109.0,2,109.0,5,109.5,671,2,2021-12-06 09:01:35
1638781295495622000,109.0,5,108.5,119,109.5,671,2,2021-12-06 09:01:35
1638781295593132000,109.0,1,109.0,1,109.5,671,1,2021-12-06 09:01:35
1638781295629779000,109.0,1,108.5,123,109.5,671,2,2021-12-06 09:01:35
1638781295890440000,109.0,2,108.5,125,109.5,672,1,2021-12-06 09:01:35
1638781295916605000,109.0,1,108.5,125,109.5,672,1,2021-12-06 09:01:35
1638781296059293000,109.0,1,108.5,127,109.0,9,1,2021-12-06 09:01:36
1638781296470381000,109.0,1,108.5,158,109.0,12,1,2021-12-06 09:01:36
1638781296491967000,109.0,10,108.5,158,109.0,2,1,2021-12-06 09:01:36
1638781296515630000,109.0,1,108.5,158,109.0,1,1,2021-12-06 09:01:36
1638781296670719000,109.0,1,108.5,159,109.5,675,1,2021-12-06 09:01:36
1638781296793019000,109.0,1,108.5,159,109.5,675,2,2021-12-06 09:01:36
1638781296793257000,109.0,1,108.5,159,109.5,675,1,2021-12-06 09:01:36
1638781297296237000,109.0,1,108.5,159,109.5,677,2,2021-12-06 09:01:37
1638781297441328000,109.0,1,108.5,159,109.0,1,1,2021-12-06 09:01:37
1638781297613868000,109.0,1,108.5,159,109.5,677,1,2021-12-06 09:01:37
1638781297621594000,109.5,1,108.5,159,109.5,676,1,2021-12-06 09:01:37
1638781297701383000,109.5,1,108.5,164,109.5,675,1,2021-12-06 09:01:37
1638781297772375000,109.0,1,108.5,164,109.5,675,2,2021-12-06 09:01:37
1638781297831762000,109.0,5,108.5,164,109.5,670,1,2021-12-06 09:01:37
1638781297831762000,109.5,5,108.5,164,109.5,670,1,2021-12-06 09:01:37
1638781297858663000,109.0,1,108.5,164,109.0,1,2,2021-12-06 09:01:37
1638781298021943000,109.0,1,108.5,164,109.5,671,1,2021-12-06 09:01:38
1638781298107900000,109.0,1,108.5,164,109.0,1,2,2021-12-06 09:01:38
1638781298197923000,109.0,1,108.5,164,109.5,671,1,2021-12-06 09:01:38
1638781298507883000,109.0,1,108.5,166,109.0,5,1,2021-12-06 09:01:38
1638781298627926000,109.0,1,108.5,166,109.0,8,1,2021-12-06 09:01:38
1638781298675660000,109.0,2,108.5,167,109.0,8,1,2021-12-06 09:01:38
1638781298798524000,108.5,1,108.5,167,109.0,14,2,2021-12-06 09:01:38
1638781298816380000,109.0,2,108.5,167,109.0,12,1,2021-12-06 09:01:38
1638781299242333000,109.0,5,108.5,167,109.0,13,1,2021-12-06 09:01:39
1638781299368433000,109.0,1,108.5,167,109.0,14,1,2021-12-06 09:01:39
1638781299369823000,109.0,1,108.5,167,109.0,13,1,2021-12-06 09:01:39
1638781299395327000,109.0,1,108.5,167,109.0,17,1,2021-12-06 09:01:39
1638781299472588000,108.5,1,108.5,166,109.0,18,2,2021-12-06 09:01:39
1638781299483504000,109.0,1,108.5,166,109.0,17,1,2021-12-06 09:01:39
1638781299515862000,108.5,1,108.5,165,109.0,17,2,2021-12-06 09:01:39
1638781299577042000,108.5,1,108.5,164,109.0,17,2,2021-12-06 09:01:39
1638781299893263000,109.0,1,108.5,164,109.0,22,1,2021-12-06 09:01:39
1638781300030997000,109.0,1,108.5,166,109.0,21,1,2021-12-06 09:01:40
1638781300089800000,109.0,1,108.5,166,109.0,20,1,2021-12-06 09:01:40
1638781300101803000,109.0,1,108.5,166,109.0,19,1,2021-12-06 09:01:40
1638781300389407000,109.0,2,108.5,165,109.0,17,1,2021-12-06 09:01:40
1638781300417881000,109.0,1,108.5,165,109.0,16,1,2021-12-06 09:01:40
1638781300454417000,109.0,1,108.5,165,109.0,16,1,2021-12-06 09:01:40
1638781300464759000,109.0,2,108.5,163,109.0,14,1,2021-12-06 09:01:40
1638781300644339000,109.0,1,108.5,163,109.0,16,1,2021-12-06 09:01:40
1638781300670355000,109.0,2,108.5,163,109.0,14,1,2021-12-06 09:01:40
1638781300719783000,109.0,3,108.5,163,109.0,11,1,2021-12-06 09:01:40
1638781300750800000,109.0,1,108.5,163,109.0,10,1,2021-12-06 09:01:40
1638781300927885000,109.0,2,108.5,164,109.0,8,1,2021-12-06 09:01:40
1638781300950766000,109.0,1,108.5,165,109.0,9,1,2021-12-06 09:01:40
1638781301017144000,109.0,1,108.5,165,109.0,8,1,2021-12-06 09:01:41
1638781301027457000,109.0,3,108.5,165,109.0,5,1,2021-12-06 09:01:41
1638781301241591000,109.0,5,108.5,165,109.0,17,1,2021-12-06 09:01:41
1638781301313365000,109.0,4,108.5,166,109.0,13,1,2021-12-06 09:01:41
1638781301601315000,109.0,5,108.5,168,109.0,8,1,2021-12-06 09:01:41
1638781301705962000,109.0,1,108.5,168,109.0,7,1,2021-12-06 09:01:41
1638781301982720000,109.0,1,108.5,168,109.0,8,1,2021-12-06 09:01:41
1638781302131685000,109.0,2,108.5,168,109.0,6,1,2021-12-06 09:01:42
1638781302214873000,109.0,5,108.5,168,109.0,1,1,2021-12-06 09:01:42
1638781302624279000,109.0,10,108.5,170,109.0,5,1,2021-12-06 09:01:42
1638781302646269000,109.0,1,108.5,170,109.0,4,1,2021-12-06 09:01:42
1638781302894104000,109.0,1,108.5,170,109.0,3,1,2021-12-06 09:01:42
1638781302978970000,109.0,1,108.5,170,109.0,4,1,2021-12-06 09:01:42
1638781303042241000,109.0,1,108.5,170,109.0,4,1,2021-12-06 09:01:43
1638781303044775000,109.0,1,108.5,170,109.0,3,1,2021-12-06 09:01:43
1638781303048204000,109.0,1,108.5,170,109.0,2,1,2021-12-06 09:01:43
1638781303205708000,109.0,2,108.5,170,109.0,2,1,2021-12-06 09:01:43
1638781303258969000,109.0,2,108.5,170,109.5,676,1,2021-12-06 09:01:43
1638781303559769000,109.0,1,109.0,2,109.5,676,2,2021-12-06 09:01:43
1638781303594581000,109.0,2,108.5,171,109.5,676,2,2021-12-06 09:01:43
1638781303874532000,109.0,1,109.0,19,109.5,676,2,2021-12-06 09:01:43
1638781303911331000,109.0,1,109.0,18,109.5,676,2,2021-12-06 09:01:43
1638781304328890000,109.0,2,109.0,20,109.5,676,2,2021-12-06 09:01:44
1638781304578912000,109.0,1,109.0,19,109.5,675,2,2021-12-06 09:01:44
1638781304658985000,109.0,2,109.0,19,109.5,675,2,2021-12-06 09:01:44
1638781304680119000,109.5,2,109.0,19,109.5,673,1,2021-12-06 09:01:44
1638781304811206000,109.0,1,109.0,50,109.5,672,2,2021-12-06 09:01:44
1638781304852860000,109.0,1,109.0,50,109.5,672,2,2021-12-06 09:01:44
1638781304944089000,109.0,2,109.0,48,109.5,672,2,2021-12-06 09:01:44
1638781305116558000,109.5,300,109.0,52,109.5,372,1,2021-12-06 09:01:45
1638781305190589000,109.0,3,109.0,51,109.5,372,2,2021-12-06 09:01:45
1638781305220106000,109.5,1,109.0,51,109.5,371,1,2021-12-06 09:01:45
1638781305269883000,109.5,31,109.0,52,109.5,340,1,2021-12-06 09:01:45
1638781305402413000,109.0,2,109.0,52,109.5,345,2,2021-12-06 09:01:45
1638781305429157000,109.0,2,109.0,50,109.5,345,2,2021-12-06 09:01:45
1638781305448955000,109.0,2,109.0,50,109.5,345,2,2021-12-06 09:01:45
1638781305806543000,109.0,2,109.0,52,109.5,345,2,2021-12-06 09:01:45
1638781305871414000,109.5,1,109.0,52,109.5,344,1,2021-12-06 09:01:45
1638781306085602000,109.0,2,109.0,62,109.5,344,2,2021-12-06 09:01:46
1638781306134873000,109.0,1,109.0,60,109.5,344,2,2021-12-06 09:01:46
1638781306155484000,109.5,1,109.0,60,109.5,343,1,2021-12-06 09:01:46
1638781306258989000,109.0,5,109.0,55,109.5,343,2,2021-12-06 09:01:46
1638781306260554000,109.5,2,109.0,53,109.5,341,1,2021-12-06 09:01:46
1638781306260822000,109.0,2,109.0,53,109.5,341,2,2021-12-06 09:01:46
1638781306299030000,109.0,1,109.0,52,109.5,341,2,2021-12-06 09:01:46
1638781306300390000,109.0,1,109.0,51,109.5,341,2,2021-12-06 09:01:46
1638781306696200000,109.0,3,109.0,56,109.5,341,2,2021-12-06 09:01:46
1638781306745451000,109.0,1,109.0,55,109.5,341,2,2021-12-06 09:01:46
1638781306787852000,109.5,5,109.0,55,109.5,336,1,2021-12-06 09:01:46
1638781307060437000,109.5,1,109.0,59,109.5,344,1,2021-12-06 09:01:47
1638781309148046000,109.0,5,109.0,72,109.5,396,2,2021-12-06 09:01:49
1638781309361633000,109.0,2,109.0,72,109.5,404,2,2021-12-06 09:01:49
1638781309417160000,109.0,1,109.0,74,109.5,404,2,2021-12-06 09:01:49
1638781309587685000,109.0,2,109.0,73,109.5,404,2,2021-12-06 09:01:49
1638781309784758000,109.5,1,109.0,76,109.5,403,1,2021-12-06 09:01:49
1638781309806296000,109.5,1,109.0,76,109.5,402,1,2021-12-06 09:01:49
1638781310117698000,109.5,10,109.0,78,109.5,391,1,2021-12-06 09:01:50
1638781310886671000,109.0,4,109.0,80,109.5,393,2,2021-12-06 09:01:50
1638781311154836000,109.5,1,109.0,83,109.5,392,1,2021-12-06 09:01:51
1638781311565021000,109.5,10,109.0,85,109.5,384,1,2021-12-06 09:01:51
1638781311745474000,109.0,2,109.0,83,109.5,384,2,2021-12-06 09:01:51
1638781312247015000,109.0,1,109.0,83,109.5,386,2,2021-12-06 09:01:52
1638781312997639000,109.0,1,109.0,92,109.5,386,2,2021-12-06 09:01:52
1638781313288727000,109.0,1,109.0,94,109.5,386,2,2021-12-06 09:01:53
1638781313525364000,109.0,2,109.0,95,109.5,386,2,2021-12-06 09:01:53
1638781313606118000,109.5,1,109.0,95,109.5,388,1,2021-12-06 09:01:53
1638781313887844000,109.0,1,109.0,95,109.5,398,2,2021-12-06 09:01:53
1638781314188710000,109.5,1,109.0,96,109.5,398,1,2021-12-06 09:01:54
1638781315690328000,109.5,1,109.0,111,109.5,400,1,2021-12-06 09:01:55
1638781315793719000,109.5,1,109.0,112,109.5,399,1,2021-12-06 09:01:55
1638781315836422000,109.5,1,109.0,111,109.5,398,1,2021-12-06 09:01:55
1638781316092789000,109.5,1,109.0,113,109.5,397,1,2021-12-06 09:01:56
1638781317265746000,109.5,40,109.0,129,109.5,359,1,2021-12-06 09:01:57
1638781317319036000,109.5,1,109.0,130,109.5,358,1,2021-12-06 09:01:57
1638781317396719000,109.5,10,109.0,130,109.5,347,1,2021-12-06 09:01:57
1638781318063835000,109.5,2,109.0,140,109.5,556,1,2021-12-06 09:01:58
1638781318948756000,109.5,2,109.0,146,109.5,563,1,2021-12-06 09:01:58
1638781319351651000,109.5,1,109.0,178,109.5,562,1,2021-12-06 09:01:59
1638781319427352000,109.5,5,109.0,179,109.5,557,1,2021-12-06 09:01:59
1638781319449283000,109.5,1,109.0,179,109.5,556,1,2021-12-06 09:01:59
1638781319479840000,109.5,1,109.0,182,109.5,555,1,2021-12-06 09:01:59
1638781319626768000,109.5,1,109.0,184,109.5,554,1,2021-12-06 09:01:59
1638781319803992000,109.5,1,109.0,184,109.5,553,1,2021-12-06 09:01:59
1638781320012490000,109.5,5,109.0,184,109.5,548,1,2021-12-06 09:02:00
1638781320155416000,109.5,1,109.0,190,109.5,547,1,2021-12-06 09:02:00
1638781320306578000,109.5,1,109.0,192,109.5,596,1,2021-12-06 09:02:00
1638781320434786000,109.5,1,109.0,197,109.5,595,1,2021-12-06 09:02:00
1638781320579312000,109.5,1,109.0,197,109.5,594,1,2021-12-06 09:02:00
1638781320720029000,109.5,1,109.0,198,109.5,593,1,2021-12-06 09:02:00
1638781320810937000,109.5,1,109.0,198,109.5,592,1,2021-12-06 09:02:00
1638781320877997000,109.5,1,109.0,200,109.5,591,1,2021-12-06 09:02:00
1638781320898264000,109.5,5,109.0,200,109.5,586,1,2021-12-06 09:02:00
1638781321230881000,109.5,1,109.0,200,109.5,587,1,2021-12-06 09:02:01
1638781321476778000,109.5,1,109.0,200,109.5,587,1,2021-12-06 09:02:01
1638781321565236000,109.5,1,109.0,202,109.5,586,1,2021-12-06 09:02:01
1638781321740968000,109.5,1,109.0,403,109.5,585,1,2021-12-06 09:02:01
1638781321874352000,109.5,1,109.0,403,109.5,584,1,2021-12-06 09:02:01
1638781322104165000,109.5,1,109.0,605,109.5,584,1,2021-12-06 09:02:02
1638781322128491000,109.5,7,109.0,605,109.5,577,1,2021-12-06 09:02:02
1638781322150669000,109.5,2,109.0,605,109.5,575,1,2021-12-06 09:02:02
1638781322169506000,109.5,1,109.0,605,109.5,574,1,2021-12-06 09:02:02
1638781322544646000,109.5,2,109.0,205,109.5,573,1,2021-12-06 09:02:02
1638781322671460000,109.5,1,109.0,205,109.5,572,1,2021-12-06 09:02:02
1638781322744426000,109.5,5,109.0,205,109.5,567,1,2021-12-06 09:02:02
1638781322954213000,109.5,1,109.0,204,109.5,566,1,2021-12-06 09:02:02
1638781322984268000,109.5,1,109.0,204,109.5,565,1,2021-12-06 09:02:02
1638781323020966000,109.5,1,109.0,204,109.5,564,1,2021-12-06 09:02:03
1638781323059268000,109.5,1,109.0,204,109.5,563,1,2021-12-06 09:02:03
1638781323090405000,109.5,6,109.0,204,109.5,557,1,2021-12-06 09:02:03
1638781323158422000,109.5,1,109.0,204,109.5,556,1,2021-12-06 09:02:03
1638781323344919000,109.5,1,109.0,204,109.5,555,1,2021-12-06 09:02:03
1638781323372650000,109.5,1,109.0,205,109.5,554,1,2021-12-06 09:02:03
1638781323501215000,109.5,1,109.0,206,109.5,553,1,2021-12-06 09:02:03
1638781323517773000,109.5,5,109.0,206,109.5,549,1,2021-12-06 09:02:03
1638781323706724000,109.0,1,109.0,207,109.5,549,2,2021-12-06 09:02:03
1638781323738340000,109.0,50,109.0,157,109.5,549,2,2021-12-06 09:02:03
1638781323739488000,109.0,50,109.0,106,109.5,549,2,2021-12-06 09:02:03
1638781323739628000,109.0,1,109.0,106,109.5,549,2,2021-12-06 09:02:03
1638781323741286000,109.0,50,109.0,56,109.5,549,2,2021-12-06 09:02:03
1638781323742177000,109.0,50,109.0,6,109.5,549,2,2021-12-06 09:02:03
1638781323743283000,109.0,6,108.5,187,109.0,44,2,2021-12-06 09:02:03
1638781323780148000,109.0,6,108.5,186,109.0,42,1,2021-12-06 09:02:03
1638781323785820000,108.5,1,108.5,185,109.0,42,2,2021-12-06 09:02:03
1638781323819209000,108.5,1,108.5,184,109.0,47,2,2021-12-06 09:02:03
1638781323823107000,108.5,1,108.5,183,109.0,47,2,2021-12-06 09:02:03
1638781323824721000,108.5,1,108.5,182,109.0,47,2,2021-12-06 09:02:03
1638781323827768000,108.5,17,108.5,165,109.0,47,2,2021-12-06 09:02:03
1638781323829094000,109.0,3,108.5,165,109.0,44,1,2021-12-06 09:02:03
1638781323835120000,108.5,1,108.5,164,109.0,44,2,2021-12-06 09:02:03
1638781323862533000,108.5,1,108.5,163,109.0,44,2,2021-12-06 09:02:03
1638781323873520000,108.5,1,108.5,162,109.0,44,2,2021-12-06 09:02:03
1638781323877459000,109.0,1,108.5,162,109.0,43,1,2021-12-06 09:02:03
1638781324130878000,108.5,8,108.5,154,109.0,47,2,2021-12-06 09:02:04
1638781324159241000,109.0,5,108.5,154,109.0,42,1,2021-12-06 09:02:04
1638781324170877000,108.5,50,108.5,104,109.0,42,2,2021-12-06 09:02:04
1638781324217341000,108.5,1,108.5,101,109.0,42,2,2021-12-06 09:02:04
1638781324217701000,108.5,1,108.5,101,109.0,42,2,2021-12-06 09:02:04
1638781324217908000,108.5,1,108.5,101,109.0,42,2,2021-12-06 09:02:04
1638781324218021000,108.5,1,108.5,99,109.0,42,2,2021-12-06 09:02:04
1638781324218603000,108.5,1,108.5,99,109.0,42,2,2021-12-06 09:02:04
1638781324240501000,108.5,1,108.5,98,109.0,42,2,2021-12-06 09:02:04
1638781324256086000,108.5,1,108.5,97,109.0,42,2,2021-12-06 09:02:04
1638781324395409000,109.0,10,108.5,98,109.0,32,1,2021-12-06 09:02:04
1638781324449372000,108.5,3,108.5,95,109.0,33,2,2021-12-06 09:02:04
1638781324470920000,109.0,1,108.5,95,109.0,32,1,2021-12-06 09:02:04
1638781325024468000,109.0,1,108.5,95,109.0,73,1,2021-12-06 09:02:05
1638781325062075000,109.0,1,108.5,95,109.0,72,1,2021-12-06 09:02:05
1638781325168665000,108.5,8,108.5,87,109.0,72,2,2021-12-06 09:02:05
1638781325557256000,109.0,2,108.5,87,109.0,94,1,2021-12-06 09:02:05
1638781325597152000,109.0,1,108.5,87,109.0,93,1,2021-12-06 09:02:05
1638781325632946000,109.0,33,108.5,87,109.0,60,1,2021-12-06 09:02:05
1638781325749903000,109.0,2,108.5,87,109.0,58,1,2021-12-06 09:02:05
1638781325759066000,109.0,1,108.5,87,109.0,57,1,2021-12-06 09:02:05
1638781325976504000,109.0,2,108.5,87,109.0,58,1,2021-12-06 09:02:05
1638781325977685000,109.0,2,108.5,87,109.0,56,1,2021-12-06 09:02:05
1638781325987997000,109.0,1,108.5,87,109.0,55,1,2021-12-06 09:02:05
1638781326453871000,109.0,1,108.5,87,109.0,58,1,2021-12-06 09:02:06
1638781326721415000,109.0,1,108.5,87,109.0,59,1,2021-12-06 09:02:06
1638781327437514000,109.0,1,108.5,90,109.0,61,1,2021-12-06 09:02:07
1638781327615019000,109.0,1,108.5,90,109.0,61,1,2021-12-06 09:02:07
1638781327852938000,109.0,1,108.5,90,109.0,60,1,2021-12-06 09:02:07
1638781328905179000,109.0,5,108.5,96,109.0,60,1,2021-12-06 09:02:08
1638781329743775000,109.0,1,108.5,147,109.0,64,1,2021-12-06 09:02:09
1638781329764666000,109.0,2,108.5,147,109.0,62,1,2021-12-06 09:02:09
1638781330419212000,108.5,1,108.5,146,109.0,45,2,2021-12-06 09:02:10
1638781330470821000,109.0,2,108.5,146,109.0,43,1,2021-12-06 09:02:10
1638781330627180000,109.0,1,108.5,148,109.0,45,1,2021-12-06 09:02:10
1638781330957850000,109.0,10,108.5,149,109.0,36,1,2021-12-06 09:02:10
1638781331093896000,109.0,1,108.5,149,109.0,35,1,2021-12-06 09:02:11
1638781331107851000,109.0,1,108.5,149,109.0,34,1,2021-12-06 09:02:11
1638781331200640000,109.0,1,108.5,149,109.0,33,1,2021-12-06 09:02:11
1638781331254757000,109.0,1,108.5,148,109.0,32,1,2021-12-06 09:02:11
1638781331378734000,109.0,1,108.5,148,109.0,31,1,2021-12-06 09:02:11
1638781331685564000,109.0,2,108.5,149,109.0,32,1,2021-12-06 09:02:11
1638781332309117000,109.0,1,108.5,150,109.0,34,1,2021-12-06 09:02:12
1638781332635053000,109.0,1,108.5,150,109.0,34,1,2021-12-06 09:02:12
1638781334768612000,109.0,5,108.5,202,109.0,79,1,2021-12-06 09:02:14
1638781335845772000,108.5,18,108.5,187,109.0,90,2,2021-12-06 09:02:15
1638781335886070000,108.5,1,108.5,186,109.0,90,2,2021-12-06 09:02:15
1638781336251015000,108.5,18,108.5,168,109.0,92,2,2021-12-06 09:02:16
1638781336279764000,108.5,1,108.5,168,109.0,92,2,2021-12-06 09:02:16
1638781336282867000,108.5,1,108.5,167,109.0,92,2,2021-12-06 09:02:16
1638781336505811000,108.5,16,108.5,151,109.0,94,2,2021-12-06 09:02:16
1638781336539847000,108.5,1,108.5,150,109.0,94,2,2021-12-06 09:02:16
1638781336565042000,108.5,1,108.5,149,109.0,94,2,2021-12-06 09:02:16
1638781336771437000,109.0,50,108.5,149,109.0,44,1,2021-12-06 09:02:16
1638781337320168000,109.0,1,108.5,150,109.0,43,1,2021-12-06 09:02:17
1638781338067803000,109.0,5,108.5,155,109.0,43,1,2021-12-06 09:02:18
1638781338643511000,109.0,1,108.5,155,109.0,52,1,2021-12-06 09:02:18
1638781339050675000,108.5,5,108.5,150,109.0,60,2,2021-12-06 09:02:19
1638781339576841000,108.5,1,108.5,153,109.0,62,2,2021-12-06 09:02:19
1638781340432574000,109.0,2,108.5,153,109.0,84,1,2021-12-06 09:02:20
1638781340652469000,109.0,1,108.5,153,109.0,83,1,2021-12-06 09:02:20
1638781341150763000,109.0,1,108.5,153,109.0,82,1,2021-12-06 09:02:21
1638781341223856000,109.0,5,108.5,154,109.0,77,1,2021-12-06 09:02:21
1638781341860319000,109.0,1,108.5,155,109.0,77,1,2021-12-06 09:02:21
1638781342648739000,108.5,1,108.5,206,109.0,82,2,2021-12-06 09:02:22
1638781342649418000,109.0,2,108.5,206,109.0,80,1,2021-12-06 09:02:22
1638781343458960000,109.0,1,108.5,213,109.0,85,1,2021-12-06 09:02:23
1638781343566664000,109.0,5,108.5,213,109.0,80,1,2021-12-06 09:02:23
1638781344171185000,109.0,10,108.5,213,109.0,75,1,2021-12-06 09:02:24
1638781344430453000,109.0,10,108.5,213,109.0,65,1,2021-12-06 09:02:24
1638781344813134000,109.0,2,108.5,213,109.0,63,1,2021-12-06 09:02:24
1638781344850235000,109.0,1,108.5,213,109.0,62,1,2021-12-06 09:02:24
1638781345013788000,109.0,1,108.5,212,109.0,61,1,2021-12-06 09:02:25
1638781345436874000,109.0,1,108.5,212,109.0,67,1,2021-12-06 09:02:25
1638781345562732000,109.0,1,108.5,212,109.0,67,1,2021-12-06 09:02:25
1638781345678211000,109.0,1,108.5,214,109.0,66,1,2021-12-06 09:02:25
1638781345699499000,108.5,1,108.5,213,109.0,66,2,2021-12-06 09:02:25
1638781346422638000,109.0,1,108.5,213,109.0,93,1,2021-12-06 09:02:26
1638781346661105000,109.0,1,108.5,213,109.0,95,1,2021-12-06 09:02:26
1638781346690708000,109.0,1,108.5,213,109.0,94,1,2021-12-06 09:02:26
1638781346949137000,109.0,2,108.5,214,109.0,93,1,2021-12-06 09:02:26
1638781347025045000,109.0,1,108.5,214,109.0,92,1,2021-12-06 09:02:27
1638781347251802000,109.0,1,108.5,214,109.0,91,1,2021-12-06 09:02:27
1638781348014270000,109.0,1,108.5,213,109.0,93,1,2021-12-06 09:02:28
1638781348375218000,108.5,10,108.5,204,109.0,95,2,2021-12-06 09:02:28
1638781348411967000,108.5,1,108.5,203,109.0,95,2,2021-12-06 09:02:28
1638781348562381000,109.0,22,108.5,203,109.0,73,1,2021-12-06 09:02:28
1638781348954001000,109.0,1,108.5,203,109.0,75,1,2021-12-06 09:02:28
1638781349648073000,109.0,1,108.5,201,109.0,135,1,2021-12-06 09:02:29
1638781349714118000,109.0,1,108.5,202,109.0,134,1,2021-12-06 09:02:29
1638781350056475000,108.5,10,108.5,193,109.0,134,2,2021-12-06 09:02:30
1638781350090854000,108.5,1,108.5,192,109.0,134,2,2021-12-06 09:02:30
1638781350185444000,109.0,2,108.5,192,109.0,132,1,2021-12-06 09:02:30
1638781350951873000,109.0,10,108.5,192,109.0,122,1,2021-12-06 09:02:30
1638781351264705000,108.5,18,108.5,174,109.0,122,2,2021-12-06 09:02:31
1638781351318693000,108.5,1,108.5,173,109.0,122,2,2021-12-06 09:02:31
1638781351347582000,108.5,1,108.5,172,109.0,122,2,2021-12-06 09:02:31
1638781351752374000,109.0,1,108.5,172,109.0,121,1,2021-12-06 09:02:31
1638781351817093000,109.0,1,108.5,172,109.0,120,1,2021-12-06 09:02:31
1638781352298117000,109.0,1,108.5,173,109.0,125,1,2021-12-06 09:02:32
1638781352416270000,109.0,1,108.5,173,109.0,124,1,2021-12-06 09:02:32
1638781353049364000,109.0,1,108.5,173,109.0,126,1,2021-12-06 09:02:33
1638781353445427000,109.0,1,108.5,172,109.0,131,1,2021-12-06 09:02:33
1638781353445955000,108.5,1,108.5,172,109.0,131,2,2021-12-06 09:02:33
1638781354711503000,108.5,1,108.5,171,109.0,144,2,2021-12-06 09:02:34
1638781354960209000,108.5,2,108.5,172,109.0,147,2,2021-12-06 09:02:34
1638781355887943000,109.0,5,108.5,176,109.0,90,1,2021-12-06 09:02:35
1638781356812652000,109.0,1,108.5,177,109.0,88,1,2021-12-06 09:02:36
1638781357649224000,109.0,1,108.5,178,109.0,89,1,2021-12-06 09:02:37
1638781357833699000,109.0,20,108.5,179,109.0,70,1,2021-12-06 09:02:37
1638781358957516000,109.0,2,108.5,184,109.0,77,1,2021-12-06 09:02:38
1638781359001652000,109.0,1,108.5,184,109.0,76,1,2021-12-06 09:02:39
1638781359240060000,108.5,2,108.5,182,109.0,77,2,2021-12-06 09:02:39
1638781359851826000,109.0,1,108.5,181,109.0,77,1,2021-12-06 09:02:39
1638781359871593000,109.0,1,108.5,181,109.0,76,1,2021-12-06 09:02:39
1638781360291101000,109.0,2,108.5,181,109.0,74,1,2021-12-06 09:02:40
1638781360578358000,109.0,1,108.5,183,109.0,74,1,2021-12-06 09:02:40
1638781361007572000,109.0,1,108.5,184,109.0,74,1,2021-12-06 09:02:41
1638781362689250000,109.0,1,108.5,187,109.0,92,1,2021-12-06 09:02:42
1638781362966817000,109.0,1,108.5,187,109.0,91,1,2021-12-06 09:02:42
1638781364320174000,109.0,2,108.5,187,109.0,101,1,2021-12-06 09:02:44
1638781364688886000,109.0,1,108.5,190,109.0,100,1,2021-12-06 09:02:44
1638781364702107000,109.0,1,108.5,190,109.0,99,1,2021-12-06 09:02:44
1638781367277140000,109.0,1,108.5,193,109.0,108,1,2021-12-06 09:02:47
1638781367314311000,109.0,1,108.5,193,109.0,107,1,2021-12-06 09:02:47
1638781367709830000,109.0,1,108.5,205,109.0,105,1,2021-12-06 09:02:47
1638781368401324000,109.0,1,108.5,205,109.0,106,1,2021-12-06 09:02:48
1638781370337777000,109.0,1,108.5,208,109.0,118,1,2021-12-06 09:02:50
1638781370926002000,109.0,10,108.5,259,109.0,108,1,2021-12-06 09:02:50
1638781372017114000,109.0,10,108.5,259,109.0,115,1,2021-12-06 09:02:52
1638781373055255000,109.0,1,108.5,269,109.0,118,1,2021-12-06 09:02:53
1638781373113505000,109.0,10,108.5,268,109.0,108,1,2021-12-06 09:02:53
1638781373358435000,109.0,1,108.5,267,109.0,108,1,2021-12-06 09:02:53
1638781373515567000,108.5,1,108.5,266,109.0,108,2,2021-12-06 09:02:53
1638781374945348000,109.0,1,108.5,269,109.0,108,1,2021-12-06 09:02:54
1638781375170304000,109.0,1,108.5,269,109.0,108,1,2021-12-06 09:02:55
1638781375340735000,108.5,1,108.5,268,109.0,107,2,2021-12-06 09:02:55
1638781375525142000,109.0,3,108.5,268,109.0,104,1,2021-12-06 09:02:55
1638781376048052000,109.0,1,108.5,268,109.0,103,1,2021-12-06 09:02:56
1638781376309544000,109.0,2,108.5,269,109.0,101,1,2021-12-06 09:02:56
1638781376501531000,109.0,1,108.5,269,109.0,100,1,2021-12-06 09:02:56
1638781376769631000,109.0,1,108.5,271,109.0,99,1,2021-12-06 09:02:56
1638781376775545000,109.0,1,108.5,271,109.0,98,1,2021-12-06 09:02:56
1638781376905158000,109.0,1,108.5,270,109.0,97,1,2021-12-06 09:02:56
1638781377181273000,109.0,2,108.5,270,109.0,95,1,2021-12-06 09:02:57
1638781377295665000,109.0,1,108.5,270,109.0,95,1,2021-12-06 09:02:57
1638781377396372000,109.0,20,108.5,270,109.0,75,1,2021-12-06 09:02:57
1638781377552706000,109.0,20,108.5,270,109.0,55,1,2021-12-06 09:02:57
1638781377568196000,108.5,1,108.5,269,109.0,55,2,2021-12-06 09:02:57
1638781377587322000,109.0,21,108.5,269,109.0,34,1,2021-12-06 09:02:57
1638781377728851000,109.0,20,108.5,269,109.0,14,1,2021-12-06 09:02:57
1638781378462364000,109.0,5,108.5,271,109.0,12,1,2021-12-06 09:02:58
1638781378753435000,108.5,1,108.5,270,109.0,12,2,2021-12-06 09:02:58
1638781378767506000,109.0,4,108.5,270,109.0,8,1,2021-12-06 09:02:58
1638781378787931000,109.0,1,108.5,270,109.0,7,1,2021-12-06 09:02:58
1638781378817595000,109.0,2,108.5,270,109.0,5,1,2021-12-06 09:02:58
1638781378878411000,109.0,5,108.5,270,109.5,581,1,2021-12-06 09:02:58
1638781379183496000,109.0,1,109.0,20,109.5,581,2,2021-12-06 09:02:59
1638781379450784000,109.0,10,109.0,18,109.5,581,2,2021-12-06 09:02:59
1638781379831798000,109.0,1,109.0,21,109.5,581,2,2021-12-06 09:02:59
1638781379903118000,109.0,5,109.0,16,109.5,581,2,2021-12-06 09:02:59
1638781380072518000,109.5,1,109.0,16,109.5,579,1,2021-12-06 09:03:00
1638781380380587000,109.5,1,109.0,28,109.5,577,1,2021-12-06 09:03:00
1638781380447355000,109.0,6,109.0,26,109.5,577,2,2021-12-06 09:03:00
1638781380480441000,109.0,8,109.0,18,109.5,577,2,2021-12-06 09:03:00
1638781380873590000,109.0,2,109.0,22,109.5,577,2,2021-12-06 09:03:00
1638781381523394000,109.0,1,109.0,26,109.5,577,2,2021-12-06 09:03:01
1638781386020792000,109.0,2,109.0,55,109.5,569,2,2021-12-06 09:03:06
1638781386259529000,109.0,1,109.0,55,109.5,569,2,2021-12-06 09:03:06
1638781386680357000,109.0,1,109.0,55,109.5,568,2,2021-12-06 09:03:06
1638781386707980000,109.0,23,109.0,32,109.5,568,2,2021-12-06 09:03:06
1638781387353905000,109.0,1,109.0,34,109.5,569,2,2021-12-06 09:03:07
1638781387359916000,109.0,30,109.0,4,109.5,569,2,2021-12-06 09:03:07
1638781387382494000,109.0,4,108.5,301,109.5,569,2,2021-12-06 09:03:07
1638781387631192000,109.0,1,108.5,301,109.0,4,2,2021-12-06 09:03:07
1638781387917564000,109.0,1,108.5,295,109.0,3,1,2021-12-06 09:03:07
1638781388027536000,109.0,3,109.0,7,109.5,573,1,2021-12-06 09:03:08
1638781388060065000,109.0,7,108.5,295,109.5,573,2,2021-12-06 09:03:08
1638781388867922000,109.0,1,108.5,297,109.0,20,1,2021-12-06 09:03:08
1638781388975729000,108.5,3,108.5,294,109.0,21,2,2021-12-06 09:03:08
1638781389683248000,109.0,1,108.5,294,109.0,41,1,2021-12-06 09:03:09
1638781389764529000,109.0,1,108.5,294,109.0,40,1,2021-12-06 09:03:09
1638781390428045000,109.0,1,108.5,294,109.0,160,1,2021-12-06 09:03:10
1638781392281906000,109.0,2,108.5,296,109.0,167,1,2021-12-06 09:03:12
1638781393715684000,109.0,1,108.5,298,109.0,200,1,2021-12-06 09:03:13
1638781396781637000,109.0,1,108.5,303,109.0,211,1,2021-12-06 09:03:16
1638781396807608000,109.0,1,108.5,303,109.0,210,1,2021-12-06 09:03:16
1638781396973467000,109.0,1,108.5,303,109.0,210,1,2021-12-06 09:03:16
1638781398006534000,109.0,1,108.5,304,109.0,228,1,2021-12-06 09:03:18
1638781399492618000,109.0,1,108.5,293,109.0,232,1,2021-12-06 09:03:19
1638781399983141000,108.5,1,108.5,293,109.0,232,2,2021-12-06 09:03:19
1638781400269561000,108.5,2,108.5,281,109.0,234,2,2021-12-06 09:03:20
1638781400960477000,108.5,18,108.5,265,109.0,234,2,2021-12-06 09:03:20
1638781400996580000,108.5,1,108.5,264,109.0,234,2,2021-12-06 09:03:20
1638781401002209000,108.5,1,108.5,263,109.0,234,2,2021-12-06 09:03:21
1638781401605506000,108.5,18,108.5,247,109.0,235,2,2021-12-06 09:03:21
1638781401644943000,108.5,1,108.5,246,109.0,235,2,2021-12-06 09:03:21
1638781401657705000,108.5,1,108.5,245,109.0,235,2,2021-12-06 09:03:21
1638781401664950000,108.5,1,108.5,244,109.0,235,2,2021-12-06 09:03:21
1638781401723961000,108.5,4,108.5,240,109.0,235,2,2021-12-06 09:03:21
1638781403392363000,109.0,1,108.5,241,109.0,238,1,2021-12-06 09:03:23
1638781403799639000,108.5,1,108.5,240,109.0,248,2,2021-12-06 09:03:23
1638781404084388000,108.5,1,108.5,239,109.0,248,2,2021-12-06 09:03:24
1638781404112844000,108.5,1,108.5,238,109.0,248,2,2021-12-06 09:03:24
1638781404125398000,108.5,5,108.5,233,109.0,248,2,2021-12-06 09:03:24
1638781404147408000,108.5,2,108.5,231,109.0,248,2,2021-12-06 09:03:24
1638781404157247000,108.5,1,108.5,230,109.0,248,2,2021-12-06 09:03:24
1638781404778132000,108.5,1,108.5,229,109.0,249,2,2021-12-06 09:03:24
1638781404785664000,108.5,2,108.5,227,109.0,249,2,2021-12-06 09:03:24
1638781404789186000,108.5,1,108.5,226,109.0,249,2,2021-12-06 09:03:24
1638781405707061000,108.5,1,108.5,223,109.0,256,2,2021-12-06 09:03:25
1638781406448189000,108.5,22,108.5,252,109.0,259,2,2021-12-06 09:03:26
1638781406533877000,108.5,1,108.5,252,109.0,259,2,2021-12-06 09:03:26
1638781406641199000,109.0,5,108.5,252,109.0,254,1,2021-12-06 09:03:26
1638781406950814000,108.5,1,108.5,252,109.0,255,2,2021-12-06 09:03:26
1638781407617483000,108.5,2,108.5,250,109.0,256,2,2021-12-06 09:03:27
1638781407662654000,108.5,1,108.5,249,109.0,256,2,2021-12-06 09:03:27
1638781407713718000,108.5,1,108.5,248,109.0,256,2,2021-12-06 09:03:27
1638781407953450000,108.5,2,108.5,246,109.0,256,2,2021-12-06 09:03:27
1638781409713587000,108.5,1,108.5,247,109.0,259,2,2021-12-06 09:03:29
1638781409716657000,108.5,20,108.5,227,109.0,259,2,2021-12-06 09:03:29
1638781409886014000,108.5,1,108.5,226,109.0,259,2,2021-12-06 09:03:29
1638781410043589000,108.5,55,108.5,171,109.0,259,2,2021-12-06 09:03:30
1638781410196040000,108.5,5,108.5,166,109.0,259,2,2021-12-06 09:03:30
1638781410236673000,109.0,6,108.5,166,109.0,253,1,2021-12-06 09:03:30
1638781410342554000,108.5,1,108.5,165,109.0,253,2,2021-12-06 09:03:30
1638781410521540000,108.5,45,108.5,120,109.0,256,2,2021-12-06 09:03:30
1638781410551815000,108.5,1,108.5,119,109.0,256,2,2021-12-06 09:03:30
1638781410842007000,108.5,1,108.5,119,109.0,256,2,2021-12-06 09:03:30
1638781410855993000,108.5,15,108.5,104,109.0,256,2,2021-12-06 09:03:30
1638781410975376000,108.5,20,108.5,84,109.0,256,2,2021-12-06 09:03:30
1638781410999448000,108.5,1,108.5,83,109.0,256,2,2021-12-06 09:03:30
1638781411034027000,108.5,2,108.5,81,109.0,256,2,2021-12-06 09:03:31
1638781411064693000,108.5,2,108.5,79,109.0,257,2,2021-12-06 09:03:31
1638781411096982000,108.5,4,108.5,75,109.0,257,2,2021-12-06 09:03:31
1638781411179365000,108.5,1,108.5,74,109.0,258,2,2021-12-06 09:03:31
1638781411202932000,108.5,20,108.5,54,109.0,258,2,2021-12-06 09:03:31
1638781411210569000,108.5,2,108.5,52,109.0,258,2,2021-12-06 09:03:31
1638781411220595000,108.5,5,108.5,47,109.0,258,2,2021-12-06 09:03:31
1638781411259050000,108.5,5,108.5,42,109.0,258,2,2021-12-06 09:03:31
1638781411347385000,109.0,50,108.5,42,109.0,208,1,2021-12-06 09:03:31
1638781411405299000,108.5,20,108.5,22,109.0,208,2,2021-12-06 09:03:31
1638781411435901000,108.5,1,108.5,21,109.0,208,2,2021-12-06 09:03:31
1638781411438729000,109.0,2,108.5,21,109.0,206,1,2021-12-06 09:03:31
1638781411441523000,108.5,1,108.5,20,109.0,206,2,2021-12-06 09:03:31
1638781411549113000,108.5,20,108.0,409,109.0,206,2,2021-12-06 09:03:31
1638781411716719000,108.0,2,108.0,408,108.5,3,2,2021-12-06 09:03:31
1638781412616817000,108.0,12,108.0,398,108.5,77,2,2021-12-06 09:03:32
1638781412655461000,108.0,1,108.0,397,108.5,77,2,2021-12-06 09:03:32
1638781412656380000,108.0,1,108.0,396,108.5,77,2,2021-12-06 09:03:32
1638781412692503000,108.0,1,108.0,395,108.5,77,2,2021-12-06 09:03:32
1638781413072183000,108.0,2,108.0,393,108.5,107,2,2021-12-06 09:03:33
1638781413101574000,108.0,1,108.0,392,108.5,107,2,2021-12-06 09:03:33
1638781413413839000,108.5,1,108.0,392,108.5,113,1,2021-12-06 09:03:33
1638781413561544000,108.5,3,108.0,392,108.5,111,1,2021-12-06 09:03:33
1638781414303814000,108.0,8,108.0,382,108.5,117,2,2021-12-06 09:03:34
1638781414360649000,108.0,1,108.0,381,108.5,117,2,2021-12-06 09:03:34
1638781415421158000,108.0,1,108.0,380,108.5,143,2,2021-12-06 09:03:35
1638781415664563000,108.5,4,108.0,378,108.5,142,1,2021-12-06 09:03:35
1638781416425627000,108.0,1,108.0,377,108.5,150,2,2021-12-06 09:03:36
1638781416427044000,108.0,5,108.0,372,108.5,150,2,2021-12-06 09:03:36
1638781418211189000,108.5,1,108.0,373,108.5,148,1,2021-12-06 09:03:38
1638781418475124000,108.5,1,108.0,375,108.5,147,1,2021-12-06 09:03:38
1638781418573657000,108.0,1,108.0,374,108.5,148,2,2021-12-06 09:03:38
1638781418644294000,108.0,5,108.0,369,108.5,148,2,2021-12-06 09:03:38
1638781419561902000,108.0,4,108.0,363,108.5,167,2,2021-12-06 09:03:39
1638781419857466000,108.5,2,108.0,364,108.5,163,1,2021-12-06 09:03:39
1638781420267224000,108.0,1,108.0,365,108.5,163,2,2021-12-06 09:03:40
1638781420390713000,108.0,1,108.0,364,108.5,164,2,2021-12-06 09:03:40
1638781420424783000,108.0,3,108.0,361,108.5,164,2,2021-12-06 09:03:40
1638781421695298000,108.5,1,108.0,414,108.5,168,1,2021-12-06 09:03:41
1638781425325988000,108.0,1,108.0,442,108.5,221,2,2021-12-06 09:03:45
1638781425690207000,108.0,1,108.0,439,108.5,220,2,2021-12-06 09:03:45
1638781425718473000,108.0,1,108.0,438,108.5,220,2,2021-12-06 09:03:45
1638781426214140000,108.0,1,108.0,440,108.5,225,2,2021-12-06 09:03:46
1638781426490797000,108.5,1,108.0,438,108.5,224,1,2021-12-06 09:03:46
1638781426605866000,108.5,1,108.0,438,108.5,223,1,2021-12-06 09:03:46
1638781426971651000,108.5,2,108.0,439,108.5,220,1,2021-12-06 09:03:46
1638781427240515000,108.5,1,108.0,439,108.5,219,1,2021-12-06 09:03:47
1638781428407198000,108.0,1,108.0,436,108.5,222,2,2021-12-06 09:03:48
1638781428513704000,108.0,1,108.0,435,108.5,222,2,2021-12-06 09:03:48
1638781428596203000,108.5,1,108.0,435,108.5,221,1,2021-12-06 09:03:48
1638781428948147000,108.5,2,108.0,435,108.5,224,1,2021-12-06 09:03:48
1638781429057028000,108.5,1,108.0,436,108.5,223,1,2021-12-06 09:03:49
1638781429753378000,108.0,1,108.0,435,108.5,226,2,2021-12-06 09:03:49
1638781430111789000,108.5,2,108.0,435,108.5,224,1,2021-12-06 09:03:50
1638781430542979000,108.0,1,108.0,433,108.5,223,2,2021-12-06 09:03:50
1638781430568357000,108.5,1,108.0,433,108.5,222,1,2021-12-06 09:03:50
1638781430635546000,108.0,2,108.0,431,108.5,222,2,2021-12-06 09:03:50
1638781431067478000,108.0,2,108.0,429,108.5,222,2,2021-12-06 09:03:51
1638781431165974000,108.5,3,108.0,427,108.5,220,1,2021-12-06 09:03:51
1638781432400087000,108.5,1,108.0,429,108.5,221,1,2021-12-06 09:03:52
1638781432478368000,108.0,1,108.0,427,108.5,221,2,2021-12-06 09:03:52
1638781432541733000,108.0,1,108.0,426,108.5,221,2,2021-12-06 09:03:52
1638781432831358000,108.0,1,108.0,426,108.5,222,2,2021-12-06 09:03:52
1638781434422970000,108.5,1,108.0,428,108.5,224,1,2021-12-06 09:03:54
1638781434800420000,108.0,1,108.0,428,108.5,225,2,2021-12-06 09:03:54
1638781434903340000,108.0,2,108.0,426,108.5,225,2,2021-12-06 09:03:54
1638781435058389000,108.5,3,108.0,426,108.5,222,1,2021-12-06 09:03:55
1638781435096857000,108.0,1,108.0,425,108.5,222,2,2021-12-06 09:03:55
1638781435498106000,108.0,1,108.0,424,108.5,222,2,2021-12-06 09:03:55
1638781435803074000,108.0,1,108.0,423,108.5,223,2,2021-12-06 09:03:55
1638781436590014000,108.5,1,108.0,433,108.5,223,1,2021-12-06 09:03:56
1638781436783861000,108.0,1,108.0,431,108.5,223,2,2021-12-06 09:03:56
1638781437045577000,108.5,50,108.0,431,108.5,174,1,2021-12-06 09:03:57
1638781437444986000,108.0,1,108.0,429,108.5,174,2,2021-12-06 09:03:57
1638781437487628000,108.0,1,108.0,428,108.5,174,2,2021-12-06 09:03:57
1638781437885556000,108.0,7,108.0,421,108.5,174,2,2021-12-06 09:03:57
1638781437926414000,108.0,1,108.0,420,108.5,174,2,2021-12-06 09:03:57
1638781438237871000,108.0,1,108.0,419,108.5,186,2,2021-12-06 09:03:58
1638781438651227000,108.0,1,108.0,418,108.5,186,2,2021-12-06 09:03:58
1638781438757732000,108.5,5,108.0,418,108.5,182,1,2021-12-06 09:03:58
1638781438997028000,108.0,1,108.0,418,108.5,183,2,2021-12-06 09:03:58
1638781439262964000,108.5,1,108.0,418,108.5,182,1,2021-12-06 09:03:59
1638781440208887000,108.5,50,108.0,420,108.5,133,1,2021-12-06 09:04:00
1638781440318876000,108.0,1,108.0,419,108.5,133,2,2021-12-06 09:04:00
1638781440932382000,108.0,2,108.0,418,108.5,132,2,2021-12-06 09:04:00
1638781440947159000,108.0,4,108.0,414,108.5,132,2,2021-12-06 09:04:00
1638781440964051000,108.5,1,108.0,414,108.5,131,1,2021-12-06 09:04:00
1638781442119473000,108.0,1,108.0,404,108.5,136,2,2021-12-06 09:04:02
1638781442238402000,108.5,2,108.0,402,108.5,135,1,2021-12-06 09:04:02
1638781442449725000,108.5,5,108.0,402,108.5,131,1,2021-12-06 09:04:02
1638781442713087000,108.5,2,108.0,402,108.5,129,1,2021-12-06 09:04:02
1638781442924059000,108.5,2,108.0,403,108.5,127,1,2021-12-06 09:04:02
1638781443158007000,108.0,30,108.0,373,108.5,127,2,2021-12-06 09:04:03
1638781443161655000,108.5,4,108.0,373,108.5,123,1,2021-12-06 09:04:03
1638781443183659000,108.0,1,108.0,371,108.5,123,2,2021-12-06 09:04:03
1638781443183675000,108.0,1,108.0,371,108.5,123,2,2021-12-06 09:04:03
1638781443184573000,108.0,1,108.0,370,108.5,123,2,2021-12-06 09:04:03
1638781443190455000,108.0,1,108.0,369,108.5,123,2,2021-12-06 09:04:03
1638781443194471000,108.5,1,108.0,369,108.5,122,1,2021-12-06 09:04:03
1638781443469692000,108.5,1,108.0,374,108.5,122,1,2021-12-06 09:04:03
1638781443698103000,108.5,9,108.0,374,108.5,113,1,2021-12-06 09:04:03
1638781443950975000,108.0,1,108.0,375,108.5,113,2,2021-12-06 09:04:03
1638781444128729000,108.5,1,108.0,375,108.5,112,1,2021-12-06 09:04:04
1638781444720372000,108.5,1,108.0,375,108.5,112,1,2021-12-06 09:04:04
1638781444841712000,108.5,1,108.0,375,108.5,111,1,2021-12-06 09:04:04
1638781444878847000,108.5,1,108.0,375,108.5,110,1,2021-12-06 09:04:04
1638781445610188000,108.5,3,108.0,376,108.5,109,1,2021-12-06 09:04:05
1638781445654257000,108.0,1,108.0,375,108.5,109,2,2021-12-06 09:04:05
1638781445712795000,108.5,1,108.0,375,108.5,108,1,2021-12-06 09:04:05
1638781445752120000,108.5,2,108.0,375,108.5,106,1,2021-12-06 09:04:05
1638781445857762000,108.5,5,108.0,375,108.5,101,1,2021-12-06 09:04:05
1638781446073327000,108.5,1,108.0,375,108.5,102,1,2021-12-06 09:04:06
1638781446176499000,108.5,6,108.0,375,108.5,96,1,2021-12-06 09:04:06
1638781446256771000,108.0,3,108.0,372,108.5,96,2,2021-12-06 09:04:06
1638781446276349000,108.5,20,108.0,372,108.5,76,1,2021-12-06 09:04:06
1638781446663823000,108.5,1,108.0,373,108.5,75,1,2021-12-06 09:04:06
1638781446783171000,108.5,1,108.0,374,108.5,74,1,2021-12-06 09:04:06
1638781446824662000,108.5,5,108.0,374,108.5,69,1,2021-12-06 09:04:06
1638781446862353000,108.5,2,108.0,374,108.5,67,1,2021-12-06 09:04:06
1638781447374143000,108.5,2,108.0,376,108.5,66,1,2021-12-06 09:04:07
1638781447440125000,108.5,1,108.0,376,108.5,65,1,2021-12-06 09:04:07
1638781447585242000,108.5,1,108.0,374,108.5,64,1,2021-12-06 09:04:07
1638781448006032000,108.5,1,108.0,372,108.5,63,1,2021-12-06 09:04:08
1638781448115025000,108.5,1,108.0,372,108.5,62,1,2021-12-06 09:04:08
1638781448287608000,108.5,1,108.0,372,108.5,61,1,2021-12-06 09:04:08
1638781448413335000,108.5,2,108.0,373,108.5,59,1,2021-12-06 09:04:08
1638781448440118000,108.5,1,108.0,373,108.5,58,1,2021-12-06 09:04:08
1638781448466735000,108.5,2,108.0,373,108.5,56,1,2021-12-06 09:04:08
1638781448483623000,108.5,1,108.0,373,108.5,55,1,2021-12-06 09:04:08
1638781448512773000,108.5,5,108.0,373,108.5,50,1,2021-12-06 09:04:08
1638781448513487000,108.5,1,108.0,373,108.5,49,1,2021-12-06 09:04:08
1638781448581206000,108.5,3,108.0,373,108.5,46,1,2021-12-06 09:04:08
1638781448687588000,108.5,1,108.0,373,108.5,45,1,2021-12-06 09:04:08
1638781448845497000,108.5,1,108.0,373,108.5,44,1,2021-12-06 09:04:08
1638781448906521000,108.5,1,108.0,373,108.5,43,1,2021-12-06 09:04:08
1638781448914153000,108.5,2,108.0,373,108.5,41,1,2021-12-06 09:04:08
1638781448932967000,108.5,4,108.0,373,108.5,37,1,2021-12-06 09:04:08
1638781449096967000,108.5,1,108.0,373,108.5,36,1,2021-12-06 09:04:09
1638781449502203000,108.5,1,108.0,373,108.5,26,1,2021-12-06 09:04:09
1638781449537002000,108.5,26,108.5,24,109.0,313,1,2021-12-06 09:04:09
1638781449687604000,109.0,1,108.5,29,109.0,312,1,2021-12-06 09:04:09
1638781451183246000,108.5,1,108.5,59,109.0,310,2,2021-12-06 09:04:11
1638781451351041000,108.5,30,108.5,29,109.0,310,2,2021-12-06 09:04:11
1638781455293055000,109.0,1,108.5,86,109.0,205,1,2021-12-06 09:04:15
1638781455690646000,108.5,1,108.5,86,109.0,205,2,2021-12-06 09:04:15
1638781456263230000,108.5,1,108.5,88,109.0,206,2,2021-12-06 09:04:16
1638781456485170000,109.0,1,108.5,89,109.0,205,1,2021-12-06 09:04:16
1638781456637407000,108.5,1,108.5,90,109.0,204,2,2021-12-06 09:04:16
1638781456831607000,108.5,1,108.5,89,109.0,204,2,2021-12-06 09:04:16
1638781457441099000,108.5,20,108.5,70,109.0,204,2,2021-12-06 09:04:17
1638781457830713000,108.5,1,108.5,71,109.0,204,2,2021-12-06 09:04:17
1638781459321108000,108.5,1,108.5,72,109.0,204,2,2021-12-06 09:04:19
1638781459873547000,108.5,73,108.0,410,109.0,204,2,2021-12-06 09:04:19
1638781460538210000,108.5,1,108.0,419,109.0,207,2,2021-12-06 09:04:20
1638781460612636000,108.5,4,108.0,419,109.0,207,1,2021-12-06 09:04:20
1638781460781936000,108.5,1,108.5,3,109.0,207,2,2021-12-06 09:04:20
1638781461042863000,108.5,3,108.5,5,109.0,207,2,2021-12-06 09:04:21
1638781461049159000,108.5,2,108.5,3,109.0,207,2,2021-12-06 09:04:21
1638781461217547000,108.5,2,108.5,6,109.0,209,2,2021-12-06 09:04:21
1638781461393531000,108.5,1,108.5,5,109.0,209,2,2021-12-06 09:04:21
1638781461722995000,108.5,5,108.5,1,109.0,209,2,2021-12-06 09:04:21
1638781462128899000,108.5,1,108.5,2,109.0,200,2,2021-12-06 09:04:22
1638781462167978000,109.0,1,108.5,2,109.0,199,1,2021-12-06 09:04:22
1638781462202106000,108.5,1,108.5,1,109.0,199,2,2021-12-06 09:04:22
1638781462205976000,108.5,1,108.0,419,108.5,2,2,2021-12-06 09:04:22
1638781462563386000,108.5,1,108.0,411,108.5,2,1,2021-12-06 09:04:22
1638781462783334000,108.5,2,108.0,411,108.5,15,1,2021-12-06 09:04:22
1638781462836229000,108.5,1,108.0,410,108.5,14,1,2021-12-06 09:04:22
1638781463577540000,108.5,1,108.0,410,108.5,16,1,2021-12-06 09:04:23
1638781463618447000,108.0,1,108.0,409,108.5,16,2,2021-12-06 09:04:23
1638781464083431000,108.5,1,108.0,409,108.5,21,1,2021-12-06 09:04:24
1638781464178728000,108.5,1,108.0,409,108.5,20,1,2021-12-06 09:04:24
1638781464211809000,108.5,1,108.0,409,108.5,19,1,2021-12-06 09:04:24
1638781464626515000,108.5,1,108.0,409,108.5,19,1,2021-12-06 09:04:24
1638781464683734000,108.5,5,108.0,410,108.5,19,1,2021-12-06 09:04:24
1638781464780431000,108.5,1,108.0,410,108.5,18,1,2021-12-06 09:04:24
1638781464959336000,108.5,1,108.0,410,108.5,17,1,2021-12-06 09:04:24
1638781465629683000,108.5,15,108.0,411,108.5,2,1,2021-12-06 09:04:25
1638781465913193000,108.5,1,108.0,411,108.5,2,1,2021-12-06 09:04:25
1638781466304600000,108.5,2,108.5,3,109.0,207,1,2021-12-06 09:04:26
1638781466333155000,108.5,3,108.0,411,109.0,207,2,2021-12-06 09:04:26
1638781466593899000,108.5,1,108.5,49,109.0,210,1,2021-12-06 09:04:26
1638781466952665000,108.5,1,108.5,53,109.0,210,2,2021-12-06 09:04:26
1638781467145601000,108.5,1,108.5,52,109.0,210,2,2021-12-06 09:04:27
1638781467168658000,108.5,1,108.5,51,109.0,210,2,2021-12-06 09:04:27
1638781467547117000,108.5,14,108.5,37,109.0,210,2,2021-12-06 09:04:27
1638781468593105000,108.5,1,108.5,61,109.0,210,2,2021-12-06 09:04:28
1638781469287802000,108.5,1,108.5,60,109.0,210,2,2021-12-06 09:04:29
1638781469443615000,108.5,1,108.5,60,109.0,210,2,2021-12-06 09:04:29
1638781470205168000,108.5,1,108.5,62,109.0,215,2,2021-12-06 09:04:30
1638781470213324000,108.5,5,108.5,57,109.0,215,2,2021-12-06 09:04:30
1638781471581727000,108.5,1,108.5,56,109.0,216,2,2021-12-06 09:04:31
1638781472176938000,108.5,1,108.5,56,109.0,213,2,2021-12-06 09:04:32
1638781472695513000,108.5,1,108.5,58,109.0,223,2,2021-12-06 09:04:32
1638781473554542000,109.0,1,108.5,107,109.0,223,1,2021-12-06 09:04:33
1638781474167027000,108.5,1,108.5,126,109.0,223,2,2021-12-06 09:04:34
1638781474257592000,109.0,2,108.5,126,109.0,222,1,2021-12-06 09:04:34
1638781474455664000,108.5,2,108.5,125,109.0,222,2,2021-12-06 09:04:34
1638781474502926000,108.5,1,108.5,124,109.0,222,2,2021-12-06 09:04:34
1638781475891242000,108.5,1,108.5,137,109.0,222,2,2021-12-06 09:04:35
1638781477259069000,108.5,1,108.5,210,109.0,225,2,2021-12-06 09:04:37
1638781477700476000,108.5,1,108.5,209,109.0,225,2,2021-12-06 09:04:37
1638781478545628000,108.5,1,108.5,208,109.0,226,2,2021-12-06 09:04:38
1638781479669352000,108.5,5,108.5,206,109.0,226,2,2021-12-06 09:04:39
1638781480325607000,108.5,1,108.5,211,109.0,226,2,2021-12-06 09:04:40
1638781480392878000,108.5,1,108.5,210,109.0,226,2,2021-12-06 09:04:40
1638781481112565000,108.5,1,108.5,209,109.0,226,2,2021-12-06 09:04:41
1638781481365707000,108.5,1,108.5,208,109.0,236,2,2021-12-06 09:04:41
1638781482666315000,108.5,1,108.5,212,109.0,237,2,2021-12-06 09:04:42
1638781483083463000,109.0,5,108.5,213,109.0,233,1,2021-12-06 09:04:43
1638781483165557000,108.5,1,108.5,212,109.0,233,2,2021-12-06 09:04:43
1638781484225280000,108.5,1,108.5,213,109.0,236,2,2021-12-06 09:04:44
1638781484391858000,108.5,1,108.5,212,109.0,236,2,2021-12-06 09:04:44
1638781484710050000,108.5,5,108.5,207,109.0,236,2,2021-12-06 09:04:44
1638781484844152000,109.0,1,108.5,208,109.0,235,1,2021-12-06 09:04:44
1638781485634690000,108.5,1,108.5,207,109.0,235,2,2021-12-06 09:04:45
1638781487544675000,108.5,1,108.5,208,109.0,241,2,2021-12-06 09:04:47
1638781487966522000,108.5,1,108.5,214,109.0,241,2,2021-12-06 09:04:47
1638781489877880000,108.5,1,108.5,215,109.0,242,2,2021-12-06 09:04:49
1638781489985879000,108.5,1,108.5,214,109.0,241,2,2021-12-06 09:04:49
1638781490459317000,109.0,2,108.5,265,109.0,239,1,2021-12-06 09:04:50
1638781492960066000,108.5,1,108.5,279,109.0,240,2,2021-12-06 09:04:52
1638781494452176000,108.5,50,108.5,233,109.0,240,2,2021-12-06 09:04:54
1638781496299328000,108.5,3,108.5,230,109.0,246,2,2021-12-06 09:04:56
1638781497726480000,108.5,4,108.5,227,109.0,248,2,2021-12-06 09:04:57
1638781498143714000,108.5,1,108.5,226,109.0,249,2,2021-12-06 09:04:58
1638781498177189000,109.0,3,108.5,226,109.0,246,1,2021-12-06 09:04:58
1638781498417324000,109.0,1,108.5,226,109.0,245,1,2021-12-06 09:04:58
1638781498635753000,108.5,2,108.5,225,109.0,244,2,2021-12-06 09:04:58
1638781498729652000,108.5,1,108.5,224,109.0,244,2,2021-12-06 09:04:58
1638781498851122000,108.5,9,108.5,215,109.0,244,2,2021-12-06 09:04:58
1638781499278464000,109.0,3,108.5,214,109.0,241,1,2021-12-06 09:04:59
1638781499318075000,108.5,1,108.5,213,109.0,241,2,2021-12-06 09:04:59
1638781500216492000,108.5,1,108.5,212,109.0,241,2,2021-12-06 09:05:00
1638781500624168000,108.5,8,108.5,184,109.0,241,2,2021-12-06 09:05:00
1638781501673890000,108.5,2,108.5,181,109.0,242,2,2021-12-06 09:05:01
1638781502136190000,109.0,1,108.5,181,109.0,241,1,2021-12-06 09:05:02
1638781502307914000,108.5,1,108.5,180,109.0,241,2,2021-12-06 09:05:02
1638781502845022000,108.5,1,108.5,181,109.0,242,2,2021-12-06 09:05:02
1638781503669001000,109.0,1,108.5,181,109.0,241,1,2021-12-06 09:05:03
1638781505616796000,108.5,1,108.5,368,109.0,233,2,2021-12-06 09:05:05
1638781505818134000,109.0,1,108.5,368,109.0,234,1,2021-12-06 09:05:05
1638781506742159000,108.5,1,108.5,369,109.0,236,2,2021-12-06 09:05:06
1638781506883601000,108.5,2,108.5,367,109.0,236,2,2021-12-06 09:05:06
1638781507386933000,108.5,1,108.5,366,109.0,236,2,2021-12-06 09:05:07
1638781512449040000,108.5,30,108.5,347,109.0,250,2,2021-12-06 09:05:12
1638781512483867000,108.5,1,108.5,346,109.0,250,2,2021-12-06 09:05:12
1638781512490230000,108.5,1,108.5,345,109.0,250,2,2021-12-06 09:05:12
1638781513971563000,108.5,1,108.5,351,109.0,254,2,2021-12-06 09:05:13
1638781513987447000,109.0,1,108.5,351,109.0,253,1,2021-12-06 09:05:13
1638781514234436000,108.5,1,108.5,350,109.0,253,2,2021-12-06 09:05:14
1638781514971588000,109.0,1,108.5,345,109.0,252,1,2021-12-06 09:05:14
1638781515387292000,108.5,1,108.5,344,109.0,252,2,2021-12-06 09:05:15
1638781515896483000,109.0,3,108.5,344,109.0,265,1,2021-12-06 09:05:15
1638781516657847000,108.5,1,108.5,343,109.0,276,2,2021-12-06 09:05:16
1638781516921008000,108.5,1,108.5,342,109.0,283,2,2021-12-06 09:05:16
1638781517168630000,109.0,1,108.5,342,109.0,282,1,2021-12-06 09:05:17
1638781519906925000,109.0,1,108.5,342,109.0,285,1,2021-12-06 09:05:19
1638781521740141000,109.0,50,108.5,348,109.0,239,1,2021-12-06 09:05:21
1638781522047587000,108.5,1,108.5,345,109.0,236,2,2021-12-06 09:05:22
1638781525050513000,109.0,1,108.5,346,109.0,244,1,2021-12-06 09:05:25
1638781526803971000,109.0,1,108.5,346,109.0,241,1,2021-12-06 09:05:26
1638781527029156000,109.0,9,108.5,346,109.0,232,1,2021-12-06 09:05:27
1638781527567832000,108.5,2,108.5,344,109.0,233,2,2021-12-06 09:05:27
1638781527598135000,108.5,1,108.5,343,109.0,233,2,2021-12-06 09:05:27
1638781527849831000,109.0,1,108.5,345,109.0,232,1,2021-12-06 09:05:27
1638781528039996000,109.0,50,108.5,346,109.0,182,1,2021-12-06 09:05:28
1638781528505892000,109.0,2,108.5,346,109.0,180,1,2021-12-06 09:05:28
1638781528818614000,109.0,50,108.5,347,109.0,130,1,2021-12-06 09:05:28
1638781528841272000,109.0,26,108.5,347,109.0,104,1,2021-12-06 09:05:28
1638781529031695000,109.0,18,108.5,346,109.0,96,1,2021-12-06 09:05:29
1638781529089111000,109.0,2,108.5,346,109.0,94,1,2021-12-06 09:05:29
1638781529138756000,108.5,200,108.5,146,109.0,94,2,2021-12-06 09:05:29
1638781529170357000,108.5,146,108.0,422,109.0,97,2,2021-12-06 09:05:29
1638781529359724000,108.5,1,108.0,421,108.5,2,1,2021-12-06 09:05:29
1638781529587069000,108.5,2,108.0,421,109.0,59,1,2021-12-06 09:05:29
1638781529587069000,109.0,38,108.0,421,109.0,59,1,2021-12-06 09:05:29
1638781529923884000,109.0,2,108.0,421,109.0,58,1,2021-12-06 09:05:29
1638781530011989000,109.0,1,108.0,428,109.0,57,1,2021-12-06 09:05:30
1638781530124363000,108.0,3,108.0,425,109.0,57,2,2021-12-06 09:05:30
1638781530372918000,109.0,1,108.5,2,109.0,56,1,2021-12-06 09:05:30
1638781530415319000,109.0,5,108.5,2,109.0,51,1,2021-12-06 09:05:30
1638781530513605000,109.0,2,108.5,3,109.0,49,1,2021-12-06 09:05:30
1638781530587737000,109.0,1,108.5,3,109.0,48,1,2021-12-06 09:05:30
1638781531974170000,109.0,1,108.5,5,109.0,49,1,2021-12-06 09:05:31
1638781532432316000,109.0,1,108.5,8,109.0,49,1,2021-12-06 09:05:32
1638781532491429000,108.5,2,108.5,6,109.0,50,2,2021-12-06 09:05:32
1638781532535322000,108.5,1,108.5,5,109.0,53,2,2021-12-06 09:05:32
1638781532806426000,109.0,1,108.5,5,109.0,53,1,2021-12-06 09:05:32
1638781533006588000,108.5,1,108.5,4,109.0,62,2,2021-12-06 09:05:33
1638781533067311000,108.5,4,108.0,425,108.5,21,2,2021-12-06 09:05:33
1638781533104712000,108.5,3,108.0,418,108.5,18,1,2021-12-06 09:05:33
1638781533108850000,108.0,1,108.0,417,108.5,18,2,2021-12-06 09:05:33
1638781533157671000,108.5,1,108.0,417,108.5,17,1,2021-12-06 09:05:33
1638781533315354000,108.5,1,108.0,417,108.5,16,1,2021-12-06 09:05:33
1638781533343296000,108.5,16,108.0,417,109.0,62,1,2021-12-06 09:05:33
1638781533678480000,108.5,1,108.0,417,109.0,62,1,2021-12-06 09:05:33
1638781533802594000,109.0,1,108.0,417,109.0,61,1,2021-12-06 09:05:33
1638781534526430000,109.0,1,108.5,10,109.0,60,1,2021-12-06 09:05:34
1638781534650058000,109.0,1,108.5,11,109.0,60,1,2021-12-06 09:05:34
1638781534823743000,109.0,5,108.5,13,109.0,55,1,2021-12-06 09:05:34
1638781534833345000,109.0,50,108.5,13,109.0,5,1,2021-12-06 09:05:34
1638781534872225000,109.0,5,108.5,13,109.5,666,1,2021-12-06 09:05:34
1638781535045772000,108.5,1,108.5,13,109.5,666,2,2021-12-06 09:05:35
1638781535410980000,109.0,1,108.5,16,109.0,3,1,2021-12-06 09:05:35
1638781535497933000,109.0,2,108.5,16,109.0,1,1,2021-12-06 09:05:35
1638781535502085000,109.0,1,108.5,16,109.5,666,1,2021-12-06 09:05:35
1638781535693423000,108.5,1,108.5,35,109.5,665,2,2021-12-06 09:05:35
1638781536553940000,109.0,2,108.5,78,109.0,13,1,2021-12-06 09:05:36
1638781536569222000,109.0,1,108.5,78,109.0,12,1,2021-12-06 09:05:36
1638781536578654000,109.0,1,108.5,80,109.0,11,1,2021-12-06 09:05:36
1638781539648700000,109.0,1,108.5,113,109.0,32,1,2021-12-06 09:05:39
1638781540602032000,109.0,32,108.5,120,109.5,641,1,2021-12-06 09:05:40
1638781541768351000,109.0,1,109.0,5,109.5,640,2,2021-12-06 09:05:41
1638781542439232000,109.0,1,109.0,74,109.5,640,2,2021-12-06 09:05:42
1638781542841496000,109.0,10,109.0,87,109.5,641,2,2021-12-06 09:05:42
1638781543856486000,109.0,5,109.0,90,109.5,640,2,2021-12-06 09:05:43
1638781544395996000,109.0,1,109.0,90,109.5,642,2,2021-12-06 09:05:44
1638781545169014000,109.0,2,109.0,93,109.5,646,2,2021-12-06 09:05:45
1638781545799348000,109.5,1,109.0,113,109.5,650,1,2021-12-06 09:05:45
1638781545881301000,109.5,1,109.0,114,109.5,649,1,2021-12-06 09:05:45
1638781546105632000,109.0,1,109.0,113,109.5,649,2,2021-12-06 09:05:46
1638781546172561000,109.0,1,109.0,112,109.5,649,2,2021-12-06 09:05:46
1638781546850770000,109.5,2,109.0,112,109.5,647,1,2021-12-06 09:05:46
1638781546880375000,109.0,1,109.0,111,109.5,647,2,2021-12-06 09:05:46
1638781547989876000,109.5,1,109.0,111,109.5,646,1,2021-12-06 09:05:47
1638781549604988000,109.5,1,109.0,116,109.5,646,1,2021-12-06 09:05:49
1638781549950830000,109.0,1,109.0,117,109.5,646,2,2021-12-06 09:05:49
1638781551047560000,109.5,1,109.0,119,109.5,644,1,2021-12-06 09:05:51
1638781551710142000,109.5,10,109.0,123,109.5,634,1,2021-12-06 09:05:51
1638781553357786000,109.0,1,109.0,126,109.5,634,2,2021-12-06 09:05:53
1638781554947666000,109.5,10,109.0,136,109.5,619,1,2021-12-06 09:05:54
1638781555161955000,109.5,5,109.0,136,109.5,614,1,2021-12-06 09:05:55
1638781555794025000,109.5,5,109.0,138,109.5,609,1,2021-12-06 09:05:55
1638781556427047000,109.0,2,109.0,141,109.5,609,2,2021-12-06 09:05:56
1638781556956387000,109.5,5,109.0,149,109.5,604,1,2021-12-06 09:05:56
1638781556995304000,109.5,1,109.0,149,109.5,603,1,2021-12-06 09:05:56
1638781558937806000,109.0,7,109.0,163,109.5,602,2,2021-12-06 09:05:58
1638781559135792000,109.5,1,109.0,164,109.5,601,1,2021-12-06 09:05:59
1638781559891627000,109.5,1,109.0,165,109.5,600,1,2021-12-06 09:05:59
1638781560409000000,109.5,1,109.0,168,109.5,600,1,2021-12-06 09:06:00
1638781560442258000,109.5,8,109.0,168,109.5,592,1,2021-12-06 09:06:00
1638781560991790000,109.5,5,109.0,168,109.5,592,1,2021-12-06 09:06:00
1638781561323164000,109.5,2,109.0,168,109.5,590,1,2021-12-06 09:06:01
1638781561609384000,109.5,1,109.0,169,109.5,589,1,2021-12-06 09:06:01
1638781563783146000,109.5,5,109.0,174,109.5,586,1,2021-12-06 09:06:03
1638781563983464000,109.5,1,109.0,174,109.5,585,1,2021-12-06 09:06:03
1638781564136599000,109.5,37,109.0,176,109.5,548,1,2021-12-06 09:06:04
1638781564414970000,109.5,2,109.0,176,109.5,546,1,2021-12-06 09:06:04
1638781564688680000,109.5,1,109.0,177,109.5,545,1,2021-12-06 09:06:04
1638781565181009000,109.5,3,109.0,178,109.5,540,1,2021-12-06 09:06:05
1638781565286033000,109.5,3,109.0,178,109.5,537,1,2021-12-06 09:06:05
1638781566305303000,109.5,3,109.0,179,109.5,534,1,2021-12-06 09:06:06
1638781566369761000,109.5,1,109.0,179,109.5,533,1,2021-12-06 09:06:06
1638781566771099000,109.5,20,109.0,179,109.5,514,1,2021-12-06 09:06:06
1638781567064658000,109.5,1,109.0,179,109.5,513,1,2021-12-06 09:06:07
1638781567160031000,109.5,3,109.0,179,109.5,510,1,2021-12-06 09:06:07
1638781567267192000,109.5,1,109.0,179,109.5,509,1,2021-12-06 09:06:07
1638781567771216000,109.5,1,109.0,180,109.5,509,1,2021-12-06 09:06:07
1638781567805952000,109.5,3,109.0,180,109.5,506,1,2021-12-06 09:06:07
1638781567965015000,109.5,2,109.0,180,109.5,504,1,2021-12-06 09:06:07
1638781568053194000,109.5,1,109.0,180,109.5,503,1,2021-12-06 09:06:08
1638781568236552000,109.5,1,109.0,181,109.5,502,1,2021-12-06 09:06:08
1638781568323039000,109.5,1,109.0,181,109.5,501,1,2021-12-06 09:06:08
1638781568520095000,109.5,2,109.0,188,109.5,499,1,2021-12-06 09:06:08
1638781569328711000,109.5,5,109.0,190,109.5,490,1,2021-12-06 09:06:09
1638781569422308000,109.5,1,109.0,190,109.5,489,1,2021-12-06 09:06:09
1638781569558715000,109.5,1,109.0,192,109.5,488,1,2021-12-06 09:06:09
1638781569580941000,109.5,5,109.0,192,109.5,483,1,2021-12-06 09:06:09
1638781569713869000,109.5,2,109.0,193,109.5,481,1,2021-12-06 09:06:09
1638781569808164000,109.5,1,109.0,193,109.5,480,1,2021-12-06 09:06:09
1638781570005750000,109.5,1,109.0,197,109.5,479,1,2021-12-06 09:06:10
1638781570053387000,109.5,1,109.0,197,109.5,478,1,2021-12-06 09:06:10
1638781570192090000,109.5,2,109.0,197,109.5,476,1,2021-12-06 09:06:10
1638781570248769000,109.5,26,109.0,197,109.5,450,1,2021-12-06 09:06:10
1638781570279771000,109.5,104,109.0,197,109.5,346,1,2021-12-06 09:06:10
1638781570312043000,109.5,3,109.0,199,109.5,122,1,2021-12-06 09:06:10
1638781570312866000,109.5,221,109.0,199,109.5,122,1,2021-12-06 09:06:10
1638781570355454000,109.5,30,109.0,198,109.5,55,1,2021-12-06 09:06:10
1638781570355703000,109.5,37,109.0,198,109.5,55,1,2021-12-06 09:06:10
1638781570356354000,109.5,55,109.0,198,110.0,1294,1,2021-12-06 09:06:10
1638781570538229000,109.5,1,109.5,1,110.0,1294,2,2021-12-06 09:06:10
1638781571426105000,110.0,1,109.5,116,110.0,1293,1,2021-12-06 09:06:11
1638781571484007000,110.0,1,109.5,117,110.0,1292,1,2021-12-06 09:06:11
1638781571819304000,110.0,1,109.5,117,110.0,1291,1,2021-12-06 09:06:11
1638781572543062000,110.0,5,109.5,132,110.0,1309,1,2021-12-06 09:06:12
1638781572562624000,110.0,1,109.5,132,110.0,1308,1,2021-12-06 09:06:12
1638781572576370000,110.0,2,109.5,132,110.0,1306,1,2021-12-06 09:06:12
1638781573062851000,110.0,1,109.5,155,110.0,1285,1,2021-12-06 09:06:13
1638781574094685000,109.5,1,109.5,186,110.0,1282,2,2021-12-06 09:06:14
1638781574138744000,110.0,1,109.5,187,110.0,1281,1,2021-12-06 09:06:14
1638781574233474000,109.5,1,109.5,187,110.0,1281,2,2021-12-06 09:06:14
1638781574342226000,110.0,1,109.5,188,110.0,1280,1,2021-12-06 09:06:14
1638781574374969000,110.0,1,109.5,189,110.0,1279,1,2021-12-06 09:06:14
