ts,close,volume,bid_price,bid_volume,ask_price,ask_volume,tick_type,datetime
1638781219745090000,19.4,1145,19.4,48,19.45,18,1,2021-12-06 09:00:19
1638781219791427000,19.4,15,19.4,33,19.45,18,2,2021-12-06 09:00:19
1638781219828982000,19.4,16,19.4,17,19.45,18,2,2021-12-06 09:00:19
1638781219849665000,19.4,8,19.35,49,19.45,20,2,2021-12-06 09:00:19
1638781219873734000,19.35,6,19.35,43,19.45,20,2,2021-12-06 09:00:19
1638781220059275000,19.4,1,19.35,43,19.45,20,1,2021-12-06 09:00:20
1638781220128699000,19.45,5,19.35,43,19.45,15,1,2021-12-06 09:00:20
1638781220536655000,19.4,1,19.35,43,19.45,14,2,2021-12-06 09:00:20
1638781220680036000,19.45,3,19.35,43,19.45,11,1,2021-12-06 09:00:20
1638781220807360000,19.45,11,19.35,43,19.5,122,1,2021-12-06 09:00:20
1638781221019795000,19.5,5,19.4,1,19.5,117,1,2021-12-06 09:00:21
1638781221781835000,19.4,3,19.4,8,19.5,117,2,2021-12-06 09:00:21
1638781221785672000,19.5,3,19.4,8,19.5,114,1,2021-12-06 09:00:21
1638781221956955000,19.5,5,19.4,13,19.5,109,1,2021-12-06 09:00:21
1638781221989905000,19.5,109,19.4,13,19.55,51,1,2021-12-06 09:00:21
1638781222307708000,19.55,2,19.4,23,19.55,49,1,2021-12-06 09:00:22
1638781222813339000,19.4,11,19.4,12,19.55,49,2,2021-12-06 09:00:22
1638781222879031000,19.4,2,19.4,10,19.55,49,2,2021-12-06 09:00:22
1638781222927780000,19.4,5,19.4,5,19.55,49,2,2021-12-06 09:00:22
1638781223268099000,19.55,3,19.4,5,19.55,46,1,2021-12-06 09:00:23
1638781224147451000,19.55,5,19.5,2,19.55,41,1,2021-12-06 09:00:24
1638781224808267000,19.55,1,19.5,5,19.55,40,1,2021-12-06 09:00:24
1638781225568119000,19.55,1,19.5,6,19.55,44,1,2021-12-06 09:00:25
1638781225636735000,19.55,10,19.5,6,19.55,34,1,2021-12-06 09:00:25
1638781226141600000,19.55,2,19.5,6,19.55,32,1,2021-12-06 09:00:26
1638781226212619000,19.55,2,19.5,7,19.55,30,1,2021-12-06 09:00:26
1638781226240074000,19.55,21,19.5,7,19.55,9,1,2021-12-06 09:00:26
1638781226270893000,19.55,9,19.5,7,19.6,59,1,2021-12-06 09:00:26
1638781226343607000,19.6,1,19.55,1,19.6,58,1,2021-12-06 09:00:26
1638781226689704000,19.55,5,19.55,2,19.6,58,2,2021-12-06 09:00:26
1638781226689832000,19.55,5,19.55,2,19.6,58,2,2021-12-06 09:00:26
1638781227409150000,19.6,10,19.55,4,19.6,48,1,2021-12-06 09:00:27
1638781227639221000,19.6,5,19.55,4,19.6,43,1,2021-12-06 09:00:27
1638781227651238000,19.6,2,19.55,4,19.6,41,1,2021-12-06 09:00:27
1638781227662911000,19.6,12,19.55,4,19.6,29,1,2021-12-06 09:00:27
1638781227685554000,19.6,6,19.55,4,19.6,23,1,2021-12-06 09:00:27
1638781227746695000,19.6,10,19.55,5,19.6,13,1,2021-12-06 09:00:27
1638781227777296000,19.6,13,19.55,5,19.65,51,1,2021-12-06 09:00:27
1638781228057793000,19.65,10,19.55,5,19.65,41,1,2021-12-06 09:00:28
1638781228060791000,19.65,10,19.55,5,19.65,31,1,2021-12-06 09:00:28
1638781228098074000,19.65,25,19.55,5,19.65,6,1,2021-12-06 09:00:28
1638781228307812000,19.65,1,19.55,6,19.65,5,1,2021-12-06 09:00:28
1638781228749478000,19.65,1,19.55,6,19.65,4,1,2021-12-06 09:00:28
1638781228862517000,19.65,4,19.55,6,19.7,3,1,2021-12-06 09:00:28
1638781228862517000,19.7,16,19.55,6,19.7,3,1,2021-12-06 09:00:28
1638781228979231000,19.7,1,19.55,18,19.7,2,1,2021-12-06 09:00:28
1638781229054349000,19.55,2,19.55,10,19.7,2,2,2021-12-06 09:00:29
1638781229556366000,19.55,5,19.55,5,19.7,2,2,2021-12-06 09:00:29
1638781230188553000,19.7,1,19.65,1,19.7,1,1,2021-12-06 09:00:30
1638781230513295000,19.7,1,19.65,3,19.75,105,1,2021-12-06 09:00:30
1638781230970715000,19.75,3,19.65,3,19.75,102,1,2021-12-06 09:00:30
1638781231209012000,19.7,3,19.65,3,19.75,102,2,2021-12-06 09:00:31
1638781231711834000,19.75,2,19.65,3,19.75,100,1,2021-12-06 09:00:31
1638781231798347000,19.75,6,19.65,3,19.75,94,1,2021-12-06 09:00:31
1638781231982308000,19.65,1,19.65,2,19.75,94,2,2021-12-06 09:00:31
1638781232120730000,19.7,1,19.65,2,19.75,94,1,2021-12-06 09:00:32
1638781232428637000,19.75,20,19.65,2,19.75,74,1,2021-12-06 09:00:32
1638781232626681000,19.75,5,19.7,1,19.75,69,1,2021-12-06 09:00:32
1638781232970630000,19.7,1,19.65,2,19.7,49,2,2021-12-06 09:00:32
1638781233141683000,19.7,3,19.65,2,19.7,46,1,2021-12-06 09:00:33
1638781233662341000,19.7,20,19.65,2,19.7,26,1,2021-12-06 09:00:33
1638781233963604000,19.65,2,19.6,6,19.7,26,2,2021-12-06 09:00:33
1638781234178132000,19.6,7,19.6,10,19.7,26,2,2021-12-06 09:00:34
1638781234183010000,19.6,7,19.6,3,19.7,26,2,2021-12-06 09:00:34
1638781234198794000,19.7,11,19.6,3,19.7,15,1,2021-12-06 09:00:34
1638781234275035000,19.6,1,19.6,2,19.65,1,2,2021-12-06 09:00:34
1638781234361915000,19.65,1,19.6,2,19.7,15,1,2021-12-06 09:00:34
1638781234374017000,19.7,5,19.6,2,19.7,10,1,2021-12-06 09:00:34
1638781234502950000,19.7,1,19.6,2,19.7,9,1,2021-12-06 09:00:34
1638781234647482000,19.7,1,19.6,2,19.7,8,1,2021-12-06 09:00:34
1638781234812659000,19.7,1,19.6,2,19.7,7,1,2021-12-06 09:00:34
1638781234948996000,19.7,1,19.6,2,19.7,6,1,2021-12-06 09:00:34
1638781234991016000,19.7,2,19.6,2,19.7,4,1,2021-12-06 09:00:34
1638781235222103000,19.6,2,19.55,13,19.7,4,2,2021-12-06 09:00:35
1638781235222103000,19.55,3,19.55,13,19.7,4,2,2021-12-06 09:00:35
1638781235267521000,19.55,1,19.55,12,19.7,4,2,2021-12-06 09:00:35
1638781235287980000,19.7,1,19.65,10,19.7,3,1,2021-12-06 09:00:35
1638781235636853000,19.7,3,19.65,14,19.75,63,1,2021-12-06 09:00:35
1638781235636853000,19.75,6,19.65,14,19.75,63,1,2021-12-06 09:00:35
1638781235687976000,19.7,1,19.65,14,19.75,63,2,2021-12-06 09:00:35
1638781235733406000,19.7,1,19.65,14,19.75,62,1,2021-12-06 09:00:35
1638781235733406000,19.75,1,19.65,14,19.75,62,1,2021-12-06 09:00:35
1638781235800402000,19.7,1,19.65,14,19.75,62,2,2021-12-06 09:00:35
1638781235840537000,19.75,10,19.65,14,19.75,52,1,2021-12-06 09:00:35
1638781235962242000,19.75,1,19.7,1,19.75,51,1,2021-12-06 09:00:35
1638781235998288000,19.7,1,19.65,14,19.7,4,2,2021-12-06 09:00:35
1638781236158233000,19.7,1,19.65,15,19.7,8,1,2021-12-06 09:00:36
1638781236220921000,19.7,1,19.65,15,19.7,7,1,2021-12-06 09:00:36
1638781236262908000,19.7,1,19.65,15,19.7,6,1,2021-12-06 09:00:36
1638781236526338000,19.65,12,19.65,3,19.7,26,2,2021-12-06 09:00:36
1638781236559137000,19.65,3,19.6,2,19.7,26,2,2021-12-06 09:00:36
1638781236640778000,19.7,3,19.6,2,19.7,24,1,2021-12-06 09:00:36
1638781236957043000,19.7,2,19.6,5,19.7,22,1,2021-12-06 09:00:36
1638781237108083000,19.7,1,19.6,5,19.7,21,1,2021-12-06 09:00:37
1638781237256285000,19.7,1,19.6,5,19.7,20,1,2021-12-06 09:00:37
1638781237534087000,19.7,21,19.7,9,19.75,51,1,2021-12-06 09:00:37
1638781237547383000,19.75,1,19.7,9,19.75,50,1,2021-12-06 09:00:37
1638781237568158000,19.7,9,19.6,5,19.75,50,2,2021-12-06 09:00:37
1638781237673365000,19.7,1,19.6,15,19.75,50,2,2021-12-06 09:00:37
1638781237751370000,19.6,5,19.6,10,19.75,50,2,2021-12-06 09:00:37
1638781237755430000,19.6,7,19.6,3,19.75,50,2,2021-12-06 09:00:37
1638781237756925000,19.6,3,19.55,47,19.75,50,2,2021-12-06 09:00:37
1638781237884668000,19.75,5,19.55,52,19.75,45,1,2021-12-06 09:00:37
1638781237944812000,19.75,10,19.6,12,19.75,35,1,2021-12-06 09:00:37
1638781237992527000,19.7,1,19.6,12,19.75,35,2,2021-12-06 09:00:37
1638781238246473000,19.7,1,19.55,62,19.7,6,1,2021-12-06 09:00:38
1638781238618184000,19.7,10,19.65,12,19.75,30,1,2021-12-06 09:00:38
1638781238618184000,19.75,10,19.65,12,19.75,30,1,2021-12-06 09:00:38
1638781238667607000,19.7,1,19.65,12,19.7,9,2,2021-12-06 09:00:38
1638781238911964000,19.65,1,19.65,11,19.7,9,2,2021-12-06 09:00:38
1638781239004696000,19.65,12,19.6,11,19.7,19,2,2021-12-06 09:00:39
1638781239176432000,19.7,19,19.6,11,19.75,29,1,2021-12-06 09:00:39
1638781239176432000,19.75,1,19.6,11,19.75,29,1,2021-12-06 09:00:39
1638781239216137000,19.75,1,19.6,23,19.75,28,1,2021-12-06 09:00:39
1638781239547930000,19.7,1,19.6,11,19.7,9,2,2021-12-06 09:00:39
1638781239555418000,19.7,1,19.6,11,19.7,8,1,2021-12-06 09:00:39
1638781240223545000,19.7,1,19.6,15,19.7,17,1,2021-12-06 09:00:40
1638781240436786000,19.7,1,19.6,16,19.7,18,1,2021-12-06 09:00:40
1638781240593064000,19.7,1,19.6,20,19.7,17,1,2021-12-06 09:00:40
1638781240616097000,19.6,16,19.6,4,19.7,17,2,2021-12-06 09:00:40
1638781240669863000,19.7,4,19.6,4,19.7,13,1,2021-12-06 09:00:40
1638781240877663000,19.6,6,19.6,11,19.65,1,2,2021-12-06 09:00:40
1638781241003541000,19.65,1,19.6,11,19.7,14,1,2021-12-06 09:00:41
1638781241003541000,19.7,1,19.6,11,19.7,14,1,2021-12-06 09:00:41
1638781241251593000,19.7,1,19.6,11,19.7,13,1,2021-12-06 09:00:41
1638781241258668000,19.7,5,19.6,11,19.7,8,1,2021-12-06 09:00:41
1638781241280556000,19.7,1,19.6,11,19.7,7,1,2021-12-06 09:00:41
1638781241494974000,19.7,3,19.6,11,19.7,4,1,2021-12-06 09:00:41
1638781241706491000,19.7,1,19.65,1,19.7,3,1,2021-12-06 09:00:41
1638781242012150000,19.65,1,19.6,11,19.7,4,2,2021-12-06 09:00:42
1638781242529821000,19.65,1,19.6,11,19.7,54,2,2021-12-06 09:00:42
1638781242580975000,19.7,1,19.6,11,19.7,53,1,2021-12-06 09:00:42
1638781242794929000,19.7,4,19.6,12,19.7,49,1,2021-12-06 09:00:42
1638781242873431000,19.7,10,19.6,12,19.7,39,1,2021-12-06 09:00:42
1638781243003497000,19.65,2,19.6,18,19.7,36,2,2021-12-06 09:00:43
1638781243003497000,19.7,3,19.6,18,19.7,36,1,2021-12-06 09:00:43
1638781243089778000,19.7,7,19.6,18,19.7,29,1,2021-12-06 09:00:43
1638781243132767000,19.7,5,19.6,18,19.7,24,1,2021-12-06 09:00:43
1638781243173279000,19.7,1,19.65,25,19.7,23,1,2021-12-06 09:00:43
1638781243182377000,19.7,5,19.65,25,19.7,18,1,2021-12-06 09:00:43
1638781243315731000,19.65,1,19.65,24,19.7,18,2,2021-12-06 09:00:43
1638781243656435000,19.7,10,19.65,24,19.7,8,1,2021-12-06 09:00:43
1638781243735633000,19.65,11,19.65,13,19.7,8,2,2021-12-06 09:00:43
1638781243772229000,19.7,5,19.65,13,19.7,3,1,2021-12-06 09:00:43
1638781243780035000,19.7,1,19.65,13,19.7,2,1,2021-12-06 09:00:43
1638781244024439000,19.7,5,19.65,13,19.75,23,1,2021-12-06 09:00:44
1638781244024439000,19.75,5,19.65,13,19.75,23,1,2021-12-06 09:00:44
1638781244113546000,19.7,1,19.6,22,19.75,23,2,2021-12-06 09:00:44
1638781244113546000,19.65,13,19.6,22,19.75,23,2,2021-12-06 09:00:44
1638781244113546000,19.6,1,19.6,22,19.75,23,2,2021-12-06 09:00:44
1638781244173034000,19.7,4,19.7,1,19.75,23,1,2021-12-06 09:00:44
1638781244192922000,19.7,1,19.6,22,19.75,23,2,2021-12-06 09:00:44
1638781244463279000,19.75,2,19.6,22,19.75,21,1,2021-12-06 09:00:44
1638781244554113000,19.7,1,19.65,3,19.7,10,2,2021-12-06 09:00:44
1638781244926388000,19.7,2,19.65,13,19.7,10,1,2021-12-06 09:00:44
1638781245133095000,19.7,1,19.65,13,19.7,9,1,2021-12-06 09:00:45
1638781245240804000,19.65,13,19.6,22,19.65,17,2,2021-12-06 09:00:45
1638781245552274000,19.65,3,19.6,22,19.65,14,1,2021-12-06 09:00:45
1638781245672554000,19.65,1,19.6,22,19.65,14,1,2021-12-06 09:00:45
1638781245808468000,19.65,10,19.6,22,19.65,4,1,2021-12-06 09:00:45
1638781245922582000,19.65,1,19.6,22,19.65,3,1,2021-12-06 09:00:45
1638781245962652000,19.65,2,19.6,22,19.65,1,1,2021-12-06 09:00:45
1638781246191291000,19.65,1,19.6,23,19.7,9,1,2021-12-06 09:00:46
1638781246193044000,19.7,1,19.6,23,19.7,8,1,2021-12-06 09:00:46
1638781246296826000,19.7,1,19.6,23,19.7,7,1,2021-12-06 09:00:46
1638781246617857000,19.7,2,19.6,24,19.7,5,1,2021-12-06 09:00:46
1638781246637790000,19.6,11,19.6,13,19.7,5,2,2021-12-06 09:00:46
1638781246752578000,19.7,5,19.7,5,19.75,21,1,2021-12-06 09:00:46
1638781246792778000,19.7,5,19.6,13,19.75,21,2,2021-12-06 09:00:46
1638781246825514000,19.6,1,19.6,12,19.75,21,2,2021-12-06 09:00:46
1638781247294797000,19.7,2,19.65,20,19.7,8,1,2021-12-06 09:00:47
1638781247306304000,19.7,1,19.65,20,19.7,7,1,2021-12-06 09:00:47
1638781247375123000,19.7,2,19.65,20,19.7,19,1,2021-12-06 09:00:47
1638781248087902000,19.65,28,19.6,13,19.7,41,2,2021-12-06 09:00:48
1638781248202920000,19.65,2,19.6,13,19.65,8,1,2021-12-06 09:00:48
1638781248214559000,19.65,8,19.65,7,19.7,42,1,2021-12-06 09:00:48
1638781248391180000,19.65,1,19.65,6,19.7,41,2,2021-12-06 09:00:48
1638781248399722000,19.65,2,19.65,4,19.7,41,2,2021-12-06 09:00:48
1638781248429647000,19.65,4,19.6,13,19.7,41,2,2021-12-06 09:00:48
1638781248515710000,19.7,2,19.6,13,19.7,43,1,2021-12-06 09:00:48
1638781248615704000,19.65,5,19.6,13,19.7,43,2,2021-12-06 09:00:48
1638781248620789000,19.7,5,19.6,13,19.7,38,1,2021-12-06 09:00:48
1638781248682579000,19.7,38,19.6,13,19.75,9,1,2021-12-06 09:00:48
1638781248682579000,19.75,12,19.6,13,19.75,9,1,2021-12-06 09:00:48
1638781248744477000,19.7,5,19.6,13,19.7,8,2,2021-12-06 09:00:48
1638781248849069000,19.7,1,19.6,13,19.7,7,1,2021-12-06 09:00:48
1638781249155180000,19.7,1,19.65,1,19.7,6,1,2021-12-06 09:00:49
1638781249239274000,19.7,1,19.65,1,19.7,5,1,2021-12-06 09:00:49
1638781249446649000,19.65,1,19.65,1,19.7,5,2,2021-12-06 09:00:49
1638781249883992000,19.65,2,19.65,1,19.7,5,2,2021-12-06 09:00:49
1638781250068523000,19.7,5,19.7,15,19.75,10,1,2021-12-06 09:00:50
1638781250145435000,19.7,7,19.7,8,19.75,10,2,2021-12-06 09:00:50
1638781250334490000,19.7,8,19.65,2,19.75,10,2,2021-12-06 09:00:50
1638781250391068000,19.75,10,19.65,2,19.8,41,1,2021-12-06 09:00:50
1638781250391068000,19.8,4,19.65,2,19.8,41,1,2021-12-06 09:00:50
1638781250518360000,19.8,2,19.65,14,19.8,39,1,2021-12-06 09:00:50
1638781250690868000,19.7,1,19.65,2,19.8,35,2,2021-12-06 09:00:50
1638781250690868000,19.8,4,19.65,2,19.8,35,1,2021-12-06 09:00:50
1638781250750692000,19.7,2,19.65,2,19.7,4,2,2021-12-06 09:00:50
1638781251256843000,19.65,2,19.65,3,19.7,4,2,2021-12-06 09:00:51
1638781251374244000,19.7,4,19.65,3,19.85,11,1,2021-12-06 09:00:51
1638781251374244000,19.75,1,19.65,3,19.85,11,1,2021-12-06 09:00:51
1638781251374244000,19.8,35,19.65,3,19.85,11,1,2021-12-06 09:00:51
1638781251374244000,19.85,10,19.65,3,19.85,11,1,2021-12-06 09:00:51
1638781251653964000,19.85,1,19.7,3,19.85,10,1,2021-12-06 09:00:51
1638781251791127000,19.7,1,19.7,2,19.85,10,2,2021-12-06 09:00:51
1638781251891581000,19.7,2,19.65,21,19.8,1,2,2021-12-06 09:00:51
1638781252007613000,19.8,1,19.65,21,19.85,5,1,2021-12-06 09:00:52
1638781252007613000,19.85,5,19.65,21,19.85,5,1,2021-12-06 09:00:52
1638781253283183000,19.8,5,19.8,5,19.85,5,2,2021-12-06 09:00:53
1638781253314678000,19.8,5,19.7,17,19.85,5,2,2021-12-06 09:00:53
1638781253427918000,19.85,5,19.7,17,19.9,62,1,2021-12-06 09:00:53
1638781254535090000,19.8,2,19.7,18,19.8,13,2,2021-12-06 09:00:54
1638781254914018000,19.8,5,19.7,18,19.8,8,1,2021-12-06 09:00:54
1638781255085807000,19.8,8,19.7,19,19.9,58,1,2021-12-06 09:00:55
1638781255085807000,19.85,1,19.7,19,19.9,58,1,2021-12-06 09:00:55
1638781255085807000,19.9,1,19.7,19,19.9,58,1,2021-12-06 09:00:55
1638781255929952000,19.8,1,19.75,3,19.85,2,2,2021-12-06 09:00:55
1638781256094783000,19.8,2,19.75,3,19.85,2,2,2021-12-06 09:00:56
1638781256254181000,19.85,2,19.7,20,19.9,58,1,2021-12-06 09:00:56
1638781256267300000,19.7,9,19.7,11,19.9,58,2,2021-12-06 09:00:56
1638781256444650000,19.85,10,19.75,12,19.9,58,1,2021-12-06 09:00:56
1638781256727525000,19.9,58,19.8,7,20.0,299,1,2021-12-06 09:00:56
1638781256727525000,19.95,82,19.8,7,20.0,299,1,2021-12-06 09:00:56
1638781256782167000,20.0,3,19.85,3,20.0,296,1,2021-12-06 09:00:56
1638781257802969000,19.95,2,19.85,4,19.95,13,2,2021-12-06 09:00:57
1638781258111683000,19.9,1,19.8,38,19.85,10,2,2021-12-06 09:00:58
1638781258111683000,19.85,4,19.8,38,19.85,10,2,2021-12-06 09:00:58
1638781258206570000,19.85,1,19.8,38,19.85,9,1,2021-12-06 09:00:58
1638781258228969000,19.85,9,19.8,38,19.95,13,1,2021-12-06 09:00:58
1638781258260162000,19.95,1,19.8,38,19.95,12,1,2021-12-06 09:00:58
1638781258692660000,19.95,4,19.9,1,19.95,8,1,2021-12-06 09:00:58
1638781258730676000,19.9,1,19.85,1,19.95,8,2,2021-12-06 09:00:58
1638781258742502000,19.95,3,19.85,1,19.95,5,1,2021-12-06 09:00:58
1638781259204673000,19.95,5,19.9,3,20.0,262,1,2021-12-06 09:00:59
1638781259204673000,20.0,34,19.9,3,20.0,262,1,2021-12-06 09:00:59
1638781259511296000,20.0,10,19.9,3,20.0,253,1,2021-12-06 09:00:59
1638781259620762000,20.0,4,19.9,3,20.0,249,1,2021-12-06 09:00:59
1638781259621858000,20.0,1,19.9,3,20.0,248,1,2021-12-06 09:00:59
1638781259807035000,20.0,20,19.9,3,20.0,228,1,2021-12-06 09:00:59
1638781260005014000,20.0,2,19.9,3,20.0,226,1,2021-12-06 09:01:00
1638781260032016000,20.0,15,19.9,3,20.0,211,1,2021-12-06 09:01:00
1638781260060895000,20.0,2,19.9,3,20.0,209,1,2021-12-06 09:01:00
1638781260657210000,19.95,3,19.9,3,20.0,212,2,2021-12-06 09:01:00
1638781260813575000,20.0,1,19.9,3,20.0,213,1,2021-12-06 09:01:00
1638781261043194000,20.0,5,19.9,3,20.0,208,1,2021-12-06 09:01:01
1638781261340234000,20.0,1,19.9,3,20.0,207,1,2021-12-06 09:01:01
1638781261500340000,19.95,3,19.9,3,20.0,207,2,2021-12-06 09:01:01
1638781261563277000,20.0,10,19.9,3,20.0,197,1,2021-12-06 09:01:01
1638781261669153000,20.0,1,19.9,3,20.0,196,1,2021-12-06 09:01:01
1638781261912412000,19.95,1,19.85,15,19.9,11,2,2021-12-06 09:01:01
1638781261912412000,19.9,3,19.85,15,19.9,11,2,2021-12-06 09:01:01
1638781261973071000,19.85,3,19.8,43,19.9,11,2,2021-12-06 09:01:01
1638781262006201000,19.9,1,19.8,43,19.9,10,1,2021-12-06 09:01:02
1638781262010643000,19.9,1,19.8,43,19.9,9,1,2021-12-06 09:01:02
1638781262138630000,19.9,1,19.8,44,19.9,8,1,2021-12-06 09:01:02
1638781262371610000,19.9,6,19.8,44,19.9,2,1,2021-12-06 09:01:02
1638781262425405000,19.9,2,19.9,8,20.0,196,1,2021-12-06 09:01:02
1638781262581875000,20.0,2,19.9,8,20.0,194,1,2021-12-06 09:01:02
1638781262594105000,20.0,2,19.9,8,20.0,192,1,2021-12-06 09:01:02
1638781263311019000,19.95,1,19.9,8,19.95,9,2,2021-12-06 09:01:03
1638781263328928000,19.95,1,19.9,8,19.95,8,1,2021-12-06 09:01:03
1638781263423091000,19.95,2,19.9,9,19.95,6,1,2021-12-06 09:01:03
1638781263453794000,19.95,5,19.9,9,19.95,11,1,2021-12-06 09:01:03
1638781263622227000,19.95,1,19.9,9,19.95,10,1,2021-12-06 09:01:03
1638781263733254000,19.95,3,19.9,9,19.95,17,1,2021-12-06 09:01:03
1638781263794400000,19.95,1,19.9,9,19.95,16,1,2021-12-06 09:01:03
1638781263887749000,19.95,2,19.9,9,19.95,24,1,2021-12-06 09:01:03
1638781263896850000,19.95,1,19.9,9,19.95,23,1,2021-12-06 09:01:03
1638781263946154000,19.9,9,19.85,6,19.95,33,2,2021-12-06 09:01:03
1638781264149829000,19.95,2,19.85,6,19.95,37,1,2021-12-06 09:01:04
1638781264351234000,19.85,6,19.8,49,19.95,47,2,2021-12-06 09:01:04
1638781264556244000,19.9,3,19.9,3,19.95,52,1,2021-12-06 09:01:04
1638781264558496000,19.95,1,19.9,3,19.95,51,1,2021-12-06 09:01:04
1638781264565685000,19.95,3,19.9,3,19.95,48,1,2021-12-06 09:01:04
1638781264578435000,19.9,3,19.8,49,19.95,48,2,2021-12-06 09:01:04
1638781264682876000,19.85,1,19.8,49,19.9,1,2,2021-12-06 09:01:04
1638781264832871000,19.9,2,19.8,49,19.9,9,1,2021-12-06 09:01:04
1638781264860868000,19.8,6,19.8,43,19.9,9,2,2021-12-06 09:01:04
1638781265076838000,19.8,20,19.8,23,19.9,11,2,2021-12-06 09:01:05
1638781265099422000,19.8,23,19.75,7,19.9,11,2,2021-12-06 09:01:05
1638781265364704000,19.9,2,19.75,7,19.9,29,1,2021-12-06 09:01:05
1638781265590821000,19.9,1,19.75,19,19.9,33,1,2021-12-06 09:01:05
1638781265775920000,19.75,2,19.75,17,19.85,10,2,2021-12-06 09:01:05
1638781265841432000,19.85,1,19.75,5,19.85,9,1,2021-12-06 09:01:05
1638781265843519000,19.85,5,19.75,5,19.85,4,1,2021-12-06 09:01:05
1638781265881341000,19.85,1,19.75,5,19.85,3,1,2021-12-06 09:01:05
1638781265987066000,19.85,3,19.75,5,19.9,51,1,2021-12-06 09:01:05
1638781266234566000,19.8,3,19.75,8,19.85,41,2,2021-12-06 09:01:06
1638781266403182000,19.75,1,19.75,7,19.8,3,2,2021-12-06 09:01:06
1638781266475681000,19.8,1,19.75,7,19.8,7,1,2021-12-06 09:01:06
1638781266516129000,19.8,1,19.75,7,19.8,9,1,2021-12-06 09:01:06
1638781266811886000,19.75,7,19.7,30,19.8,44,2,2021-12-06 09:01:06
1638781266811886000,19.7,23,19.7,30,19.8,44,2,2021-12-06 09:01:06
1638781266850292000,19.7,25,19.7,5,19.8,44,2,2021-12-06 09:01:06
1638781266883324000,19.7,5,19.65,28,19.8,44,2,2021-12-06 09:01:06
1638781267010640000,19.8,1,19.75,5,19.8,46,1,2021-12-06 09:01:07
1638781267034641000,19.75,5,19.65,28,19.8,46,2,2021-12-06 09:01:07
1638781267261586000,19.65,16,19.65,12,19.7,5,2,2021-12-06 09:01:07
1638781267417161000,19.7,1,19.65,12,19.7,4,1,2021-12-06 09:01:07
1638781267615066000,19.7,3,19.65,12,19.7,1,1,2021-12-06 09:01:07
1638781267647457000,19.65,2,19.65,10,19.7,1,2,2021-12-06 09:01:07
1638781267972479000,19.7,4,19.65,10,19.75,30,1,2021-12-06 09:01:07
1638781267972479000,19.75,1,19.65,10,19.75,30,1,2021-12-06 09:01:07
1638781267981565000,19.75,1,19.65,10,19.75,29,1,2021-12-06 09:01:07
1638781268053229000,19.65,5,19.65,5,19.7,3,2,2021-12-06 09:01:08
1638781268146550000,19.7,1,19.65,5,19.7,2,1,2021-12-06 09:01:08
1638781268267864000,19.7,5,19.65,5,19.75,64,1,2021-12-06 09:01:08
1638781268357477000,19.65,3,19.65,2,19.75,64,2,2021-12-06 09:01:08
1638781268390896000,19.65,2,19.6,20,19.75,64,2,2021-12-06 09:01:08
1638781268411345000,19.6,1,19.6,19,19.75,64,2,2021-12-06 09:01:08
1638781268542119000,19.75,1,19.65,5,19.75,63,1,2021-12-06 09:01:08
1638781268708221000,19.65,1,19.65,4,19.7,3,2,2021-12-06 09:01:08
1638781268875134000,19.65,1,19.65,3,19.7,11,2,2021-12-06 09:01:08
1638781269222930000,19.7,1,19.65,3,19.7,18,1,2021-12-06 09:01:09
1638781269297614000,19.7,2,19.65,3,19.7,21,1,2021-12-06 09:01:09
1638781269723938000,19.7,3,19.65,3,19.7,28,1,2021-12-06 09:01:09
1638781269767025000,19.65,1,19.65,2,19.7,28,2,2021-12-06 09:01:09
1638781269823306000,19.7,10,19.65,2,19.7,18,1,2021-12-06 09:01:09
1638781269886049000,19.7,1,19.65,2,19.7,17,1,2021-12-06 09:01:09
1638781269888162000,19.7,1,19.65,2,19.7,16,1,2021-12-06 09:01:09
1638781269997046000,19.7,2,19.65,2,19.7,19,1,2021-12-06 09:01:09
1638781270054513000,19.65,2,19.6,17,19.7,19,2,2021-12-06 09:01:10
1638781270139030000,19.7,19,19.6,17,19.75,59,1,2021-12-06 09:01:10
1638781270139030000,19.75,4,19.6,17,19.75,59,1,2021-12-06 09:01:10
1638781270278472000,19.7,1,19.6,17,19.75,56,2,2021-12-06 09:01:10
1638781270340754000,19.75,1,19.6,17,19.75,55,1,2021-12-06 09:01:10
1638781270464218000,19.65,1,19.6,17,19.75,55,2,2021-12-06 09:01:10
1638781270555670000,19.75,1,19.6,17,19.75,44,1,2021-12-06 09:01:10
1638781270787010000,19.7,1,19.6,17,19.75,30,2,2021-12-06 09:01:10
1638781270787010000,19.75,14,19.6,17,19.75,30,1,2021-12-06 09:01:10
1638781270880490000,19.7,1,19.6,17,19.7,1,2,2021-12-06 09:01:10
1638781270891422000,19.7,1,19.7,1,19.75,30,1,2021-12-06 09:01:10
1638781270900933000,19.7,1,19.6,18,19.75,30,2,2021-12-06 09:01:10
1638781270948199000,19.65,1,19.6,31,19.75,30,2,2021-12-06 09:01:10
1638781270948199000,19.6,7,19.6,31,19.75,30,2,2021-12-06 09:01:10
1638781270998873000,19.7,1,19.6,31,19.75,30,1,2021-12-06 09:01:10
1638781271301867000,19.7,1,19.65,1,19.75,33,2,2021-12-06 09:01:11
1638781271464980000,19.75,5,19.65,1,19.75,28,1,2021-12-06 09:01:11
1638781271721270000,19.65,4,19.6,31,19.75,28,2,2021-12-06 09:01:11
1638781271721270000,19.6,1,19.6,31,19.75,28,2,2021-12-06 09:01:11
1638781272351736000,19.6,2,19.6,32,19.75,41,2,2021-12-06 09:01:12
1638781272490096000,19.7,1,19.6,32,19.75,41,1,2021-12-06 09:01:12
1638781272729603000,19.7,1,19.6,32,19.75,38,2,2021-12-06 09:01:12
1638781273332649000,19.75,1,19.65,1,19.75,115,1,2021-12-06 09:01:13
1638781274137654000,19.7,20,19.65,1,19.7,35,2,2021-12-06 09:01:14
1638781274355982000,19.7,10,19.65,1,19.7,30,1,2021-12-06 09:01:14
1638781274383375000,19.65,1,19.6,22,19.7,30,2,2021-12-06 09:01:14
1638781274383375000,19.6,14,19.6,22,19.7,30,2,2021-12-06 09:01:14
1638781274464283000,19.6,10,19.6,12,19.7,30,2,2021-12-06 09:01:14
1638781274585616000,19.7,8,19.6,9,19.7,22,1,2021-12-06 09:01:14
1638781274715091000,19.7,1,19.6,9,19.7,21,1,2021-12-06 09:01:14
1638781275045268000,19.65,1,19.6,10,19.65,1,2,2021-12-06 09:01:15
1638781275084552000,19.6,8,19.6,2,19.65,1,2,2021-12-06 09:01:15
1638781275440538000,19.65,1,19.6,2,19.65,5,1,2021-12-06 09:01:15
1638781275910447000,19.65,1,19.6,2,19.65,14,1,2021-12-06 09:01:15
1638781275921298000,19.6,2,19.55,77,19.65,14,2,2021-12-06 09:01:15
1638781275921298000,19.55,1,19.55,77,19.65,14,2,2021-12-06 09:01:15
1638781275953066000,19.65,8,19.55,77,19.65,6,1,2021-12-06 09:01:15
1638781276627991000,19.6,1,19.55,77,19.6,4,2,2021-12-06 09:01:16
1638781276901095000,19.6,2,19.55,77,19.6,2,1,2021-12-06 09:01:16
1638781277088881000,19.6,1,19.55,77,19.6,1,1,2021-12-06 09:01:17
1638781277090212000,19.55,1,19.55,76,19.6,1,2,2021-12-06 09:01:17
1638781277348675000,19.6,1,19.6,1,19.65,45,1,2021-12-06 09:01:17
1638781277470485000,19.6,1,19.55,76,19.6,1,2,2021-12-06 09:01:17
1638781277593336000,19.55,36,19.55,40,19.6,1,2,2021-12-06 09:01:17
1638781277914921000,19.6,1,19.55,40,19.6,1,1,2021-12-06 09:01:17
1638781278145726000,19.55,5,19.55,35,19.6,1,2,2021-12-06 09:01:18
1638781278229364000,19.6,1,19.55,35,19.65,62,1,2021-12-06 09:01:18
1638781278693227000,19.6,2,19.55,35,19.6,8,1,2021-12-06 09:01:18
1638781278719004000,19.6,1,19.55,35,19.6,7,1,2021-12-06 09:01:18
1638781279147311000,19.6,5,19.55,35,19.6,7,1,2021-12-06 09:01:19
1638781279496133000,19.6,1,19.55,35,19.6,6,1,2021-12-06 09:01:19
1638781280036226000,19.55,8,19.55,27,19.6,26,2,2021-12-06 09:01:20
1638781280065484000,19.55,7,19.55,20,19.6,26,2,2021-12-06 09:01:20
1638781280098388000,19.55,20,19.5,43,19.6,26,2,2021-12-06 09:01:20
1638781280298938000,19.6,10,19.5,43,19.6,16,1,2021-12-06 09:01:20
1638781280439118000,19.5,1,19.5,45,19.6,16,2,2021-12-06 09:01:20
1638781280526884000,19.6,2,19.55,2,19.6,14,1,2021-12-06 09:01:20
1638781280529662000,19.55,2,19.5,45,19.55,48,2,2021-12-06 09:01:20
1638781280559931000,19.55,1,19.5,45,19.55,47,1,2021-12-06 09:01:20
1638781280613581000,19.5,21,19.5,24,19.55,47,2,2021-12-06 09:01:20
1638781280644928000,19.5,24,19.4,44,19.55,47,2,2021-12-06 09:01:20
1638781281161986000,19.55,2,19.4,45,19.55,45,1,2021-12-06 09:01:21
1638781281229248000,19.55,1,19.4,45,19.55,44,1,2021-12-06 09:01:21
1638781281540380000,19.55,10,19.4,45,19.55,34,1,2021-12-06 09:01:21
1638781281551578000,19.55,1,19.4,45,19.55,33,1,2021-12-06 09:01:21
1638781281568230000,19.55,1,19.4,45,19.55,32,1,2021-12-06 09:01:21
1638781281818794000,19.55,2,19.45,2,19.55,30,1,2021-12-06 09:01:21
1638781282101611000,19.45,2,19.4,45,19.55,30,2,2021-12-06 09:01:22
1638781282246835000,19.4,1,19.4,44,19.55,30,2,2021-12-06 09:01:22
1638781282259983000,19.4,3,19.4,41,19.55,30,2,2021-12-06 09:01:22
1638781282430115000,19.55,1,19.4,41,19.55,29,1,2021-12-06 09:01:22
1638781282622092000,19.55,1,19.4,41,19.55,28,1,2021-12-06 09:01:22
1638781282757768000,19.55,3,19.4,41,19.55,25,1,2021-12-06 09:01:22
1638781282825700000,19.55,4,19.5,1,19.55,21,1,2021-12-06 09:01:22
1638781284076792000,19.5,1,19.5,10,19.55,25,2,2021-12-06 09:01:24
1638781284166788000,19.5,5,19.5,5,19.55,25,2,2021-12-06 09:01:24
1638781284485592000,19.55,1,19.5,5,19.55,24,1,2021-12-06 09:01:24
1638781284791071000,19.5,3,19.5,2,19.55,28,2,2021-12-06 09:01:24
1638781284802669000,19.5,2,19.45,20,19.55,28,2,2021-12-06 09:01:24
1638781284892760000,19.55,1,19.45,20,19.55,27,1,2021-12-06 09:01:24
1638781285163157000,19.5,6,19.5,4,19.55,27,2,2021-12-06 09:01:25
1638781285586986000,19.5,1,19.5,8,19.55,28,2,2021-12-06 09:01:25
1638781286042385000,19.5,1,19.5,19,19.55,28,2,2021-12-06 09:01:26
1638781286183236000,19.5,13,19.5,6,19.55,28,2,2021-12-06 09:01:26
1638781286232229000,19.5,5,19.5,1,19.55,28,2,2021-12-06 09:01:26
1638781286264929000,19.5,1,19.45,21,19.55,28,2,2021-12-06 09:01:26
1638781286928566000,19.55,1,19.5,11,19.55,27,1,2021-12-06 09:01:26
1638781287012084000,19.5,5,19.5,7,19.55,27,2,2021-12-06 09:01:27
1638781287069847000,19.55,2,19.5,7,19.55,25,1,2021-12-06 09:01:27
1638781287362354000,19.5,10,19.5,12,19.55,25,2,2021-12-06 09:01:27
1638781287510031000,19.5,1,19.5,11,19.55,25,2,2021-12-06 09:01:27
1638781287679843000,19.55,1,19.5,16,19.55,24,1,2021-12-06 09:01:27
1638781287782462000,19.5,1,19.5,15,19.55,24,2,2021-12-06 09:01:27
1638781288131621000,19.55,2,19.5,21,19.55,32,1,2021-12-06 09:01:28
1638781288280262000,19.55,2,19.5,24,19.55,30,1,2021-12-06 09:01:28
1638781288989133000,19.55,5,19.5,40,19.55,25,1,2021-12-06 09:01:28
1638781289030007000,19.55,25,19.5,40,19.6,17,1,2021-12-06 09:01:29
1638781289620605000,19.6,2,19.5,42,19.6,15,1,2021-12-06 09:01:29
1638781289951524000,19.5,2,19.5,60,19.55,10,2,2021-12-06 09:01:29
1638781289983916000,19.55,10,19.5,60,19.6,15,1,2021-12-06 09:01:29
1638781290097248000,19.5,28,19.5,32,19.6,15,2,2021-12-06 09:01:30
1638781290151806000,19.5,1,19.5,31,19.6,15,2,2021-12-06 09:01:30
1638781290241819000,19.6,10,19.5,34,19.6,6,1,2021-12-06 09:01:30
1638781291035695000,19.6,2,19.5,45,19.6,3,1,2021-12-06 09:01:31
1638781291419094000,19.5,2,19.5,43,19.6,37,2,2021-12-06 09:01:31
1638781292628397000,19.6,1,19.55,43,19.6,35,1,2021-12-06 09:01:32
1638781292785233000,19.55,2,19.55,41,19.6,35,2,2021-12-06 09:01:32
1638781292856085000,19.55,1,19.55,40,19.6,35,2,2021-12-06 09:01:32
1638781293205070000,19.55,39,19.55,2,19.6,35,2,2021-12-06 09:01:33
1638781293218352000,19.6,1,19.55,2,19.6,34,1,2021-12-06 09:01:33
1638781293904460000,19.6,1,19.55,2,19.6,33,1,2021-12-06 09:01:33
1638781293937309000,19.55,2,19.5,58,19.6,33,2,2021-12-06 09:01:33
1638781293937309000,19.5,1,19.5,58,19.6,33,2,2021-12-06 09:01:33
1638781294071106000,19.6,1,19.5,58,19.6,32,1,2021-12-06 09:01:34
1638781294468157000,19.55,6,19.55,4,19.6,32,2,2021-12-06 09:01:34
1638781294506490000,19.55,4,19.5,66,19.6,32,2,2021-12-06 09:01:34
1638781294664799000,19.55,1,19.55,19,19.6,32,2,2021-12-06 09:01:34
1638781294770633000,19.55,5,19.55,15,19.6,32,2,2021-12-06 09:01:34
1638781295409281000,19.6,3,19.55,24,19.6,30,1,2021-12-06 09:01:35
1638781296199974000,19.6,4,19.55,25,19.6,26,1,2021-12-06 09:01:36
1638781297918899000,19.6,1,19.55,35,19.6,25,1,2021-12-06 09:01:37
1638781298779631000,19.55,10,19.55,36,19.6,29,2,2021-12-06 09:01:38
1638781299126433000,19.6,15,19.55,41,19.6,14,1,2021-12-06 09:01:39
1638781299303954000,19.55,8,19.55,34,19.6,14,2,2021-12-06 09:01:39
1638781299694414000,19.6,5,19.55,34,19.6,9,1,2021-12-06 09:01:39
1638781299916726000,19.6,1,19.55,34,19.6,8,1,2021-12-06 09:01:39
1638781301111660000,19.6,1,19.55,34,19.6,17,1,2021-12-06 09:01:41
1638781301321226000,19.6,17,19.6,21,19.65,63,1,2021-12-06 09:01:41
1638781301870845000,19.6,5,19.6,18,19.65,63,2,2021-12-06 09:01:41
1638781302210654000,19.65,2,19.6,18,19.65,61,1,2021-12-06 09:01:42
1638781302580198000,19.6,1,19.6,30,19.65,61,2,2021-12-06 09:01:42
1638781303115297000,19.6,1,19.6,29,19.65,66,2,2021-12-06 09:01:43
1638781304584351000,19.6,5,19.6,36,19.65,66,2,2021-12-06 09:01:44
1638781304975123000,19.65,5,19.6,41,19.65,62,1,2021-12-06 09:01:44
1638781305122298000,19.65,50,19.6,46,19.65,12,1,2021-12-06 09:01:45
1638781306474505000,19.6,3,19.6,62,19.65,12,2,2021-12-06 09:01:46
1638781306601366000,19.65,2,19.6,62,19.65,10,1,2021-12-06 09:01:46
1638781307184944000,19.65,4,19.6,65,19.65,16,1,2021-12-06 09:01:47
1638781307343383000,19.65,5,19.6,65,19.65,11,1,2021-12-06 09:01:47
1638781307506890000,19.65,5,19.6,66,19.65,6,1,2021-12-06 09:01:47
1638781307663283000,19.65,5,19.6,66,19.65,1,1,2021-12-06 09:01:47
1638781307901734000,19.65,1,19.65,1,19.7,36,1,2021-12-06 09:01:47
1638781307919902000,19.7,2,19.65,1,19.7,34,1,2021-12-06 09:01:47
1638781308686082000,19.7,20,19.65,23,19.7,14,1,2021-12-06 09:01:48
1638781308904970000,19.65,1,19.65,32,19.7,10,2,2021-12-06 09:01:48
1638781310125262000,19.7,1,19.65,40,19.7,19,1,2021-12-06 09:01:50
1638781310287663000,19.7,2,19.65,40,19.7,17,1,2021-12-06 09:01:50
1638781310924487000,19.7,10,19.65,41,19.7,10,1,2021-12-06 09:01:50
1638781312323978000,19.7,5,19.65,46,19.7,5,1,2021-12-06 09:01:52
1638781312897787000,19.7,2,19.65,46,19.7,8,1,2021-12-06 09:01:52
1638781312976405000,19.7,8,19.7,2,19.75,49,1,2021-12-06 09:01:52
1638781313212686000,19.75,5,19.7,15,19.75,44,1,2021-12-06 09:01:53
1638781313248516000,19.75,1,19.7,15,19.75,43,1,2021-12-06 09:01:53
1638781314012416000,19.75,9,19.7,36,19.75,16,1,2021-12-06 09:01:54
1638781314929651000,19.75,1,19.7,45,19.75,15,1,2021-12-06 09:01:54
1638781315367726000,19.75,1,19.7,45,19.75,14,1,2021-12-06 09:01:55
1638781316466495000,19.75,1,19.7,46,19.75,13,1,2021-12-06 09:01:56
1638781317012248000,19.75,8,19.7,47,19.75,7,1,2021-12-06 09:01:57
1638781317086457000,19.75,5,19.7,47,19.75,2,1,2021-12-06 09:01:57
1638781317187714000,19.75,2,19.7,47,19.8,48,1,2021-12-06 09:01:57
1638781317631253000,19.7,2,19.7,45,19.75,1,2,2021-12-06 09:01:57
1638781317647830000,19.75,1,19.7,45,19.8,47,1,2021-12-06 09:01:57
1638781317647830000,19.8,1,19.7,45,19.8,47,1,2021-12-06 09:01:57
1638781317851608000,19.8,10,19.75,1,19.8,37,1,2021-12-06 09:01:57
1638781318724921000,19.75,1,19.7,43,19.8,37,2,2021-12-06 09:01:58
1638781318724921000,19.7,3,19.7,43,19.8,37,2,2021-12-06 09:01:58
1638781319206461000,19.75,4,19.7,45,19.8,37,1,2021-12-06 09:01:59
1638781319206461000,19.7,1,19.7,45,19.8,37,2,2021-12-06 09:01:59
1638781319708061000,19.8,1,19.75,11,19.8,36,1,2021-12-06 09:01:59
1638781320505687000,19.75,15,19.75,7,19.8,36,2,2021-12-06 09:02:00
1638781320784135000,19.75,1,19.75,6,19.8,36,2,2021-12-06 09:02:00
1638781320922175000,19.8,1,19.75,6,19.8,35,1,2021-12-06 09:02:00
1638781321342958000,19.8,1,19.75,6,19.8,35,1,2021-12-06 09:02:01
1638781321520685000,19.8,10,19.75,8,19.8,25,1,2021-12-06 09:02:01
1638781321604752000,19.8,1,19.75,8,19.8,24,1,2021-12-06 09:02:01
1638781321618976000,19.8,1,19.75,8,19.8,23,1,2021-12-06 09:02:01
1638781322214150000,19.75,1,19.75,12,19.8,23,2,2021-12-06 09:02:02
1638781322890883000,19.8,5,19.75,12,19.8,18,1,2021-12-06 09:02:02
1638781323087051000,19.8,3,19.75,13,19.8,15,1,2021-12-06 09:02:03
1638781323413627000,19.8,1,19.75,14,19.8,14,1,2021-12-06 09:02:03
1638781323541915000,19.8,14,19.8,6,19.85,50,1,2021-12-06 09:02:03
1638781324070399000,19.8,1,19.8,10,19.85,50,2,2021-12-06 09:02:04
1638781324197527000,19.8,10,19.8,1,19.85,50,2,2021-12-06 09:02:04
1638781324338627000,19.85,1,19.8,1,19.85,49,1,2021-12-06 09:02:04
1638781324730364000,19.8,1,19.75,15,19.85,49,2,2021-12-06 09:02:04
1638781324736689000,19.85,7,19.75,15,19.85,42,1,2021-12-06 09:02:04
1638781324856015000,19.8,1,19.75,15,19.85,42,2,2021-12-06 09:02:04
1638781325445743000,19.8,1,19.8,1,19.85,42,2,2021-12-06 09:02:05
1638781325808995000,19.8,1,19.8,2,19.85,42,2,2021-12-06 09:02:05
1638781326704424000,19.8,4,19.75,33,19.85,42,2,2021-12-06 09:02:06
1638781326704424000,19.75,1,19.75,33,19.85,42,2,2021-12-06 09:02:06
1638781327142609000,19.8,1,19.8,1,19.85,43,1,2021-12-06 09:02:07
1638781327173864000,19.8,1,19.75,33,19.85,43,2,2021-12-06 09:02:07
1638781327280985000,19.8,1,19.75,31,19.85,43,2,2021-12-06 09:02:07
1638781327601630000,19.8,5,19.75,32,19.85,43,2,2021-12-06 09:02:07
1638781327622453000,19.85,1,19.75,32,19.85,42,1,2021-12-06 09:02:07
1638781327645336000,19.75,1,19.75,31,19.85,42,2,2021-12-06 09:02:07
1638781327954482000,19.85,1,19.8,11,19.85,52,1,2021-12-06 09:02:07
1638781328136749000,19.8,4,19.8,8,19.85,53,2,2021-12-06 09:02:08
1638781328166620000,19.8,5,19.8,3,19.85,53,2,2021-12-06 09:02:08
1638781328224799000,19.85,5,19.8,3,19.85,48,1,2021-12-06 09:02:08
1638781328418370000,19.85,3,19.8,3,19.85,45,1,2021-12-06 09:02:08
1638781328739988000,19.8,2,19.8,3,19.85,45,2,2021-12-06 09:02:08
1638781329608211000,19.85,2,19.8,28,19.85,43,1,2021-12-06 09:02:09
1638781329674635000,19.85,5,19.8,28,19.85,38,1,2021-12-06 09:02:09
1638781330003756000,19.8,1,19.8,27,19.85,38,2,2021-12-06 09:02:10
1638781330104800000,19.8,10,19.8,17,19.85,28,2,2021-12-06 09:02:10
1638781330143083000,19.8,10,19.8,7,19.85,28,2,2021-12-06 09:02:10
1638781330157268000,19.85,1,19.8,7,19.85,27,1,2021-12-06 09:02:10
1638781330737181000,19.85,2,19.8,7,19.85,26,1,2021-12-06 09:02:10
1638781331608178000,19.85,1,19.8,7,19.85,25,1,2021-12-06 09:02:11
1638781331693828000,19.8,1,19.8,6,19.85,25,2,2021-12-06 09:02:11
1638781331729733000,19.85,1,19.8,7,19.85,24,1,2021-12-06 09:02:11
1638781332285921000,19.85,1,19.8,8,19.85,25,1,2021-12-06 09:02:12
1638781332649389000,19.85,1,19.8,9,19.85,24,1,2021-12-06 09:02:12
1638781332956951000,19.8,1,19.8,8,19.85,29,2,2021-12-06 09:02:12
1638781333065068000,19.85,1,19.8,13,19.85,28,1,2021-12-06 09:02:13
1638781333092771000,19.85,1,19.8,13,19.85,27,1,2021-12-06 09:02:13
1638781334019510000,19.85,2,19.8,39,19.85,26,1,2021-12-06 09:02:14
1638781334110837000,19.8,2,19.8,37,19.85,26,2,2021-12-06 09:02:14
1638781334153391000,19.8,1,19.8,36,19.85,26,2,2021-12-06 09:02:14
1638781334314219000,19.8,1,19.8,35,19.85,26,2,2021-12-06 09:02:14
1638781334914257000,19.85,2,19.8,37,19.85,31,1,2021-12-06 09:02:14
1638781335037800000,19.8,3,19.8,39,19.85,31,2,2021-12-06 09:02:15
1638781335059659000,19.8,1,19.8,38,19.85,31,2,2021-12-06 09:02:15
1638781335111290000,19.85,3,19.8,38,19.85,28,1,2021-12-06 09:02:15
1638781335312269000,19.85,1,19.8,38,19.85,27,1,2021-12-06 09:02:15
1638781335564536000,19.85,10,19.8,39,19.85,17,1,2021-12-06 09:02:15
1638781335827696000,19.85,5,19.8,39,19.85,12,1,2021-12-06 09:02:15
1638781336064881000,19.85,2,19.8,41,19.85,10,1,2021-12-06 09:02:16
1638781336195089000,19.85,1,19.8,41,19.85,9,1,2021-12-06 09:02:16
1638781336242128000,19.85,1,19.8,41,19.85,8,1,2021-12-06 09:02:16
1638781337023987000,19.85,1,19.8,42,19.85,7,1,2021-12-06 09:02:17
1638781337360738000,19.85,2,19.8,42,19.85,5,1,2021-12-06 09:02:17
1638781338130048000,19.8,1,19.8,43,19.85,5,2,2021-12-06 09:02:18
1638781338732180000,19.85,5,19.8,44,19.9,55,1,2021-12-06 09:02:18
1638781338838684000,19.85,1,19.8,44,19.9,55,2,2021-12-06 09:02:18
1638781338970668000,19.9,5,19.85,3,19.9,50,1,2021-12-06 09:02:18
1638781339407418000,19.85,3,19.85,6,19.9,50,2,2021-12-06 09:02:19
1638781339895395000,19.85,1,19.85,6,19.9,77,2,2021-12-06 09:02:19
1638781339949581000,19.85,6,19.8,44,19.85,14,2,2021-12-06 09:02:19
1638781340124609000,19.85,14,19.85,16,19.9,77,1,2021-12-06 09:02:20
1638781340140617000,19.85,16,19.8,44,19.85,4,2,2021-12-06 09:02:20
1638781340188103000,19.85,4,19.8,44,19.9,71,1,2021-12-06 09:02:20
1638781340188103000,19.9,6,19.8,44,19.9,71,1,2021-12-06 09:02:20
1638781340429383000,19.85,3,19.85,4,19.9,71,2,2021-12-06 09:02:20
1638781340745447000,19.9,1,19.85,8,19.9,70,1,2021-12-06 09:02:20
1638781341461360000,19.9,1,19.85,30,19.9,69,1,2021-12-06 09:02:21
1638781342796491000,19.9,5,19.85,53,19.9,49,1,2021-12-06 09:02:22
1638781342874620000,19.9,3,19.85,53,19.9,46,1,2021-12-06 09:02:22
1638781343348834000,19.9,1,19.85,54,19.9,45,1,2021-12-06 09:02:23
1638781344091856000,19.9,5,19.85,55,19.9,41,1,2021-12-06 09:02:24
1638781344171380000,19.9,2,19.85,55,19.9,39,1,2021-12-06 09:02:24
1638781345500805000,19.9,5,19.85,65,19.9,35,1,2021-12-06 09:02:25
1638781345542253000,19.9,10,19.85,65,19.9,25,1,2021-12-06 09:02:25
1638781345561151000,19.9,2,19.85,65,19.9,23,1,2021-12-06 09:02:25
1638781345706236000,19.9,15,19.85,65,19.9,8,1,2021-12-06 09:02:25
1638781345709428000,19.9,1,19.85,65,19.9,7,1,2021-12-06 09:02:25
1638781346277492000,19.9,1,19.85,67,19.9,7,1,2021-12-06 09:02:26
1638781346732660000,19.9,1,19.85,67,19.9,6,1,2021-12-06 09:02:26
1638781346802544000,19.9,2,19.85,67,19.9,5,1,2021-12-06 09:02:26
1638781347206088000,19.9,2,19.85,67,19.9,3,1,2021-12-06 09:02:27
1638781347449462000,19.9,1,19.85,72,19.9,2,1,2021-12-06 09:02:27
1638781347709767000,19.9,1,19.85,72,19.9,1,1,2021-12-06 09:02:27
1638781347723569000,19.9,1,19.9,1,19.95,98,1,2021-12-06 09:02:27
1638781347958397000,19.95,98,19.9,4,20.0,189,1,2021-12-06 09:02:27
1638781347958397000,20.0,102,19.9,4,20.0,189,1,2021-12-06 09:02:27
1638781348935636000,20.0,6,19.95,5,20.0,183,1,2021-12-06 09:02:28
1638781349142426000,20.0,6,19.95,5,20.0,177,1,2021-12-06 09:02:29
1638781349168016000,20.0,72,19.95,5,20.0,105,1,2021-12-06 09:02:29
1638781349893181000,20.0,1,19.95,5,20.0,104,1,2021-12-06 09:02:29
1638781350075327000,20.0,6,19.95,5,20.0,98,1,2021-12-06 09:02:30
1638781350172226000,20.0,1,19.95,5,20.0,97,1,2021-12-06 09:02:30
1638781350189861000,20.0,1,19.95,5,20.0,96,1,2021-12-06 09:02:30
1638781350234648000,20.0,2,19.95,5,20.0,94,1,2021-12-06 09:02:30
1638781350348004000,20.0,2,19.95,5,20.0,95,1,2021-12-06 09:02:30
1638781350519060000,20.0,1,19.95,5,20.0,39,1,2021-12-06 09:02:30
1638781350555729000,19.95,1,19.95,4,20.0,39,2,2021-12-06 09:02:30
1638781350587735000,19.95,1,19.95,3,20.0,39,2,2021-12-06 09:02:30
1638781350700031000,20.0,1,19.95,3,20.0,38,1,2021-12-06 09:02:30
1638781350748027000,20.0,4,19.95,3,20.0,34,1,2021-12-06 09:02:30
1638781350826749000,20.0,5,19.95,3,20.0,29,1,2021-12-06 09:02:30
1638781350860167000,20.0,5,19.95,3,20.0,24,1,2021-12-06 09:02:30
1638781351382088000,20.0,1,19.95,3,20.0,23,1,2021-12-06 09:02:31
1638781351581576000,20.0,8,19.95,3,20.0,15,1,2021-12-06 09:02:31
1638781351605390000,20.0,1,19.95,3,20.0,14,1,2021-12-06 09:02:31
1638781351704122000,20.0,4,19.95,3,20.0,10,1,2021-12-06 09:02:31
1638781351853311000,19.95,1,19.95,2,20.0,10,2,2021-12-06 09:02:31
1638781351919138000,20.0,1,19.95,2,20.0,9,1,2021-12-06 09:02:31
1638781351956122000,20.0,2,19.95,2,20.0,7,1,2021-12-06 09:02:31
1638781352324348000,20.0,7,19.95,24,20.05,12,1,2021-12-06 09:02:32
1638781352729842000,20.0,2,20.0,4,20.05,16,2,2021-12-06 09:02:32
1638781352790395000,20.0,1,20.0,3,20.05,16,2,2021-12-06 09:02:32
1638781352999790000,20.05,2,20.0,4,20.05,14,1,2021-12-06 09:02:32
1638781353188474000,20.05,1,20.0,4,20.05,13,1,2021-12-06 09:02:33
1638781353311014000,20.0,1,20.0,3,20.05,13,2,2021-12-06 09:02:33
1638781353368561000,20.05,9,20.0,3,20.1,41,1,2021-12-06 09:02:33
1638781353751881000,20.0,6,19.95,31,20.05,1,2,2021-12-06 09:02:33
1638781353795052000,20.05,1,19.95,31,20.1,41,1,2021-12-06 09:02:33
1638781353839770000,19.95,1,19.95,30,20.1,41,2,2021-12-06 09:02:33
1638781354371555000,20.0,1,20.0,4,20.1,41,1,2021-12-06 09:02:34
1638781356100944000,20.05,1,20.0,3,20.1,41,1,2021-12-06 09:02:36
1638781356572127000,20.05,1,20.0,4,20.1,41,2,2021-12-06 09:02:36
1638781357189015000,20.05,0,0.0,0,0.0,0,2,2021-12-06 09:02:37
1638781477587056000,20.05,814,20.05,27,20.1,109,2,2021-12-06 09:04:37
1638781477612259000,20.1,5,20.05,27,20.1,104,1,2021-12-06 09:04:37
1638781477614325000,20.05,27,20.0,100,20.1,104,2,2021-12-06 09:04:37
1638781477652779000,20.1,15,20.0,107,20.1,89,1,2021-12-06 09:04:37
1638781477703034000,20.1,5,20.0,107,20.1,84,1,2021-12-06 09:04:37
1638781478068422000,20.0,34,20.0,73,20.05,1,2,2021-12-06 09:04:38
1638781478095800000,20.0,44,20.0,29,20.05,1,2,2021-12-06 09:04:38
1638781478097303000,20.0,29,19.95,32,20.05,1,2,2021-12-06 09:04:38
1638781478138513000,19.95,15,19.95,17,20.05,1,2,2021-12-06 09:04:38
1638781478180233000,20.05,1,19.95,17,20.1,85,1,2021-12-06 09:04:38
1638781478249259000,20.0,1,19.95,15,20.1,91,2,2021-12-06 09:04:38
1638781478249259000,19.95,2,19.95,15,20.1,91,2,2021-12-06 09:04:38
1638781478275285000,19.95,15,19.9,51,20.1,91,2,2021-12-06 09:04:38
1638781478325612000,19.9,2,19.9,49,20.05,12,2,2021-12-06 09:04:38
1638781478597038000,20.05,2,19.9,49,20.05,11,1,2021-12-06 09:04:38
1638781479606809000,19.95,2,19.9,49,20.0,13,2,2021-12-06 09:04:39
1638781479927829000,20.0,10,19.9,49,20.0,3,1,2021-12-06 09:04:39
1638781480137349000,20.0,1,19.9,49,20.0,2,1,2021-12-06 09:04:40
1638781480402991000,20.0,2,19.9,49,20.05,6,1,2021-12-06 09:04:40
1638781480402991000,20.05,1,19.9,49,20.05,6,1,2021-12-06 09:04:40
1638781480772211000,20.05,1,19.9,49,20.05,5,1,2021-12-06 09:04:40
1638781481152364000,19.95,1,19.95,2,20.0,9,2,2021-12-06 09:04:41
1638781481977974000,19.95,2,19.9,59,19.95,8,2,2021-12-06 09:04:41
1638781482005460000,19.95,5,19.9,59,19.95,3,1,2021-12-06 09:04:42
1638781483401791000,19.95,5,19.9,60,19.95,4,1,2021-12-06 09:04:43
1638781483655703000,19.95,1,19.9,68,19.95,3,1,2021-12-06 09:04:43
1638781483672377000,19.9,2,19.9,66,19.95,3,2,2021-12-06 09:04:43
1638781483912985000,19.9,1,19.9,65,19.95,3,2,2021-12-06 09:04:43
1638781484038069000,19.95,3,19.9,65,20.0,29,1,2021-12-06 09:04:44
1638781484038069000,20.0,2,19.9,65,20.0,29,1,2021-12-06 09:04:44
1638781484125646000,20.0,10,19.9,65,20.0,19,1,2021-12-06 09:04:44
1638781484622281000,20.0,19,19.9,65,20.05,1,1,2021-12-06 09:04:44
1638781484622281000,20.05,11,19.9,65,20.05,1,1,2021-12-06 09:04:44
1638781484649167000,20.05,1,20.05,9,20.1,89,1,2021-12-06 09:04:44
1638781484668161000,20.05,9,19.9,65,20.1,83,2,2021-12-06 09:04:44
1638781484789666000,20.0,1,19.95,7,20.05,1,2,2021-12-06 09:04:44
1638781484789666000,19.95,3,19.95,7,20.05,1,2,2021-12-06 09:04:44
1638781485830539000,19.95,1,19.95,22,20.0,1,2,2021-12-06 09:04:45
1638781485834310000,20.0,1,19.95,22,20.1,80,1,2021-12-06 09:04:45
1638781485834310000,20.05,2,19.95,22,20.1,80,1,2021-12-06 09:04:45
1638781485834310000,20.1,3,19.95,22,20.1,80,1,2021-12-06 09:04:45
1638781485888829000,20.0,1,19.95,22,20.1,74,2,2021-12-06 09:04:45
1638781485888829000,20.1,4,19.95,22,20.1,74,1,2021-12-06 09:04:45
1638781486262746000,20.1,1,19.95,23,20.1,73,1,2021-12-06 09:04:46
1638781486598983000,20.0,3,19.95,23,20.0,12,2,2021-12-06 09:04:46
1638781486898394000,20.0,5,19.95,23,20.0,7,1,2021-12-06 09:04:46
1638781486907379000,20.0,7,20.05,2,20.1,73,1,2021-12-06 09:04:46
1638781486907379000,20.05,1,20.05,2,20.1,73,1,2021-12-06 09:04:46
1638781486942023000,20.05,2,19.95,23,20.1,73,2,2021-12-06 09:04:46
1638781487402184000,20.0,1,20.0,19,20.1,73,2,2021-12-06 09:04:47
1638781487426633000,20.1,6,20.0,19,20.1,67,1,2021-12-06 09:04:47
1638781487851369000,20.05,1,20.0,19,20.05,47,2,2021-12-06 09:04:47
1638781488066924000,20.05,3,20.0,19,20.05,44,1,2021-12-06 09:04:48
1638781488083590000,20.05,5,20.0,19,20.05,39,1,2021-12-06 09:04:48
1638781488238891000,20.0,2,20.0,17,20.05,39,2,2021-12-06 09:04:48
1638781488388510000,20.0,5,20.0,12,20.05,39,2,2021-12-06 09:04:48
1638781488616266000,20.05,1,20.0,12,20.05,38,1,2021-12-06 09:04:48
1638781488623542000,20.05,3,20.0,12,20.05,35,1,2021-12-06 09:04:48
1638781488780610000,20.05,10,20.0,12,20.05,25,1,2021-12-06 09:04:48
1638781489203163000,20.0,8,20.0,4,20.05,25,2,2021-12-06 09:04:49
1638781489545815000,20.05,10,20.0,4,20.05,15,1,2021-12-06 09:04:49
1638781489631082000,20.05,2,20.0,4,20.05,13,1,2021-12-06 09:04:49
1638781490508314000,20.05,1,20.0,12,20.05,16,1,2021-12-06 09:04:50
1638781490865821000,20.05,1,20.0,22,20.05,15,1,2021-12-06 09:04:50
1638781490982142000,20.0,10,20.0,12,20.05,15,2,2021-12-06 09:04:50
1638781491475808000,20.05,1,20.0,12,20.05,15,1,2021-12-06 09:04:51
1638781491945979000,20.05,4,20.0,12,20.05,12,1,2021-12-06 09:04:51
1638781492580589000,20.05,1,20.0,13,20.05,20,1,2021-12-06 09:04:52
1638781493092722000,20.05,2,20.0,14,20.05,23,1,2021-12-06 09:04:53
1638781493799186000,20.05,2,20.0,14,20.05,21,1,2021-12-06 09:04:53
1638781493909317000,20.05,5,20.0,16,20.05,26,1,2021-12-06 09:04:53
1638781494044484000,20.0,2,20.0,15,20.05,27,2,2021-12-06 09:04:54
1638781494130132000,20.05,5,20.0,15,20.05,22,1,2021-12-06 09:04:54
1638781494552117000,20.0,1,20.0,14,20.05,23,2,2021-12-06 09:04:54
1638781494577622000,20.05,2,20.0,14,20.05,21,1,2021-12-06 09:04:54
1638781494683975000,20.05,3,20.0,16,20.05,19,1,2021-12-06 09:04:54
1638781494705256000,20.05,1,20.0,16,20.05,18,1,2021-12-06 09:04:54
1638781494895400000,20.0,5,20.0,11,20.05,20,2,2021-12-06 09:04:54
1638781494983134000,20.05,3,20.0,11,20.05,17,1,2021-12-06 09:04:54
1638781495165553000,20.05,4,20.0,11,20.05,14,1,2021-12-06 09:04:55
1638781495937897000,20.05,1,20.0,13,20.05,13,1,2021-12-06 09:04:55
1638781496501664000,20.05,1,20.0,13,20.05,17,1,2021-12-06 09:04:56
1638781497451921000,20.05,20,20.0,25,20.05,2,1,2021-12-06 09:04:57
1638781497720567000,20.05,2,20.05,8,20.1,99,1,2021-12-06 09:04:57
1638781498134016000,20.05,2,20.05,6,20.1,99,2,2021-12-06 09:04:58
1638781498275567000,20.05,5,20.05,1,20.1,99,2,2021-12-06 09:04:58
1638781498332890000,20.1,3,20.05,1,20.1,96,1,2021-12-06 09:04:58
1638781498751837000,20.05,1,20.0,47,20.1,96,2,2021-12-06 09:04:58
1638781498814536000,20.1,50,20.05,4,20.1,46,1,2021-12-06 09:04:58
1638781498847980000,20.1,46,20.05,4,20.15,44,1,2021-12-06 09:04:58
1638781499017162000,20.15,5,20.05,4,20.15,39,1,2021-12-06 09:04:59
1638781499283952000,20.1,1,20.05,4,20.15,39,2,2021-12-06 09:04:59
1638781499291392000,20.15,5,20.05,4,20.15,34,1,2021-12-06 09:04:59
1638781499508250000,20.15,5,20.1,5,20.15,29,1,2021-12-06 09:04:59
1638781499512379000,20.15,5,20.1,5,20.15,24,1,2021-12-06 09:04:59
1638781499799837000,20.15,5,20.1,20,20.15,19,1,2021-12-06 09:04:59
1638781499868074000,20.15,19,20.1,20,20.2,54,1,2021-12-06 09:04:59
1638781499868074000,20.2,31,20.1,20,20.2,54,1,2021-12-06 09:04:59
1638781499892796000,20.2,20,20.1,20,20.2,34,1,2021-12-06 09:04:59
1638781499912208000,20.2,5,20.1,20,20.2,29,1,2021-12-06 09:04:59
1638781499919315000,20.2,1,20.1,20,20.2,28,1,2021-12-06 09:04:59
1638781499939022000,20.2,28,20.1,20,20.25,109,1,2021-12-06 09:04:59
1638781499943260000,20.25,5,20.1,20,20.25,104,1,2021-12-06 09:04:59
1638781500052293000,20.25,5,20.1,20,20.25,99,1,2021-12-06 09:05:00
1638781500129888000,20.25,2,20.1,20,20.25,97,1,2021-12-06 09:05:00
1638781500208536000,20.1,2,20.1,18,20.25,97,2,2021-12-06 09:05:00
1638781500250457000,20.25,1,20.1,18,20.25,96,1,2021-12-06 09:05:00
1638781500360282000,20.25,5,20.1,18,20.25,91,1,2021-12-06 09:05:00
1638781500575472000,20.1,1,20.1,17,20.2,44,2,2021-12-06 09:05:00
1638781500617566000,20.2,10,20.1,17,20.2,34,1,2021-12-06 09:05:00
1638781500635245000,20.2,5,20.1,17,20.2,29,1,2021-12-06 09:05:00
1638781500647246000,20.2,29,20.1,17,20.25,91,1,2021-12-06 09:05:00
1638781500740046000,20.1,5,20.1,16,20.25,91,2,2021-12-06 09:05:00
1638781500929415000,20.25,5,20.2,69,20.25,92,1,2021-12-06 09:05:00
1638781501475415000,20.25,3,20.2,84,20.25,89,1,2021-12-06 09:05:01
1638781501500055000,20.25,5,20.2,84,20.25,84,1,2021-12-06 09:05:01
1638781501593251000,20.25,1,20.2,84,20.25,83,1,2021-12-06 09:05:01
1638781501829437000,20.25,14,20.2,84,20.25,69,1,2021-12-06 09:05:01
1638781501951731000,20.25,1,20.2,84,20.25,62,1,2021-12-06 09:05:01
1638781501988064000,20.25,39,20.2,84,20.25,23,1,2021-12-06 09:05:01
1638781502206492000,20.25,1,20.2,84,20.25,24,1,2021-12-06 09:05:02
1638781502277860000,20.25,20,20.2,84,20.25,5,1,2021-12-06 09:05:02
1638781502307132000,20.25,5,20.2,84,20.3,142,1,2021-12-06 09:05:02
1638781502476228000,20.3,1,20.2,70,20.3,141,1,2021-12-06 09:05:02
1638781502687940000,20.3,1,20.25,28,20.3,140,1,2021-12-06 09:05:02
1638781502784111000,20.3,20,20.25,29,20.3,110,1,2021-12-06 09:05:02
1638781503088888000,20.25,1,20.25,29,20.3,110,2,2021-12-06 09:05:03
1638781503149717000,20.3,10,20.25,29,20.3,100,1,2021-12-06 09:05:03
1638781503161984000,20.25,11,20.25,18,20.3,100,2,2021-12-06 09:05:03
1638781503245617000,20.3,4,20.25,18,20.3,96,1,2021-12-06 09:05:03
1638781503644539000,20.3,3,20.25,18,20.3,93,1,2021-12-06 09:05:03
1638781503694024000,20.3,5,20.25,18,20.3,88,1,2021-12-06 09:05:03
1638781503810427000,20.3,1,20.25,18,20.3,87,1,2021-12-06 09:05:03
1638781503869792000,20.3,5,20.25,18,20.3,82,1,2021-12-06 09:05:03
1638781503924816000,20.3,1,20.25,18,20.3,84,1,2021-12-06 09:05:03
1638781503970258000,20.3,6,20.25,18,20.3,78,1,2021-12-06 09:05:03
1638781504018266000,20.3,2,20.25,18,20.3,76,1,2021-12-06 09:05:04
1638781504147714000,20.3,5,20.25,19,20.3,71,1,2021-12-06 09:05:04
1638781504287696000,20.3,1,20.25,19,20.3,70,1,2021-12-06 09:05:04
1638781504443611000,20.3,70,20.3,30,20.35,25,1,2021-12-06 09:05:04
1638781504713441000,20.35,1,20.3,34,20.35,24,1,2021-12-06 09:05:04
1638781504906111000,20.35,5,20.3,44,20.35,19,1,2021-12-06 09:05:04
1638781504909059000,20.35,2,20.3,44,20.35,17,1,2021-12-06 09:05:04
1638781504965772000,20.35,3,20.3,45,20.35,14,1,2021-12-06 09:05:04
1638781505117677000,20.35,1,20.3,45,20.35,13,1,2021-12-06 09:05:05
1638781505239748000,20.35,10,20.3,45,20.35,3,1,2021-12-06 09:05:05
1638781505446036000,20.35,1,20.3,45,20.35,2,1,2021-12-06 09:05:05
1638781505792330000,20.35,1,20.3,48,20.35,1,1,2021-12-06 09:05:05
1638781505990699000,20.35,1,20.3,48,20.4,20,1,2021-12-06 09:05:05
1638781505990699000,20.4,4,20.3,48,20.4,20,1,2021-12-06 09:05:05
1638781506394569000,20.4,1,20.35,1,20.4,19,1,2021-12-06 09:05:06
1638781506425083000,20.4,5,20.35,1,20.4,14,1,2021-12-06 09:05:06
1638781506436099000,20.4,1,20.35,1,20.4,13,1,2021-12-06 09:05:06
1638781506875795000,20.4,1,20.35,1,20.4,12,1,2021-12-06 09:05:06
1638781506935050000,20.4,10,20.35,1,20.4,2,1,2021-12-06 09:05:06
1638781507183514000,20.4,1,20.35,1,20.4,1,1,2021-12-06 09:05:07
1638781507557373000,20.4,1,20.35,8,20.45,14,1,2021-12-06 09:05:07
1638781507557373000,20.45,9,20.35,8,20.45,14,1,2021-12-06 09:05:07
1638781507949694000,20.45,1,20.4,11,20.45,19,1,2021-12-06 09:05:07
1638781508594460000,20.45,2,20.4,12,20.45,17,1,2021-12-06 09:05:08
1638781508598478000,20.45,6,20.4,12,20.45,14,1,2021-12-06 09:05:08
1638781508619513000,20.45,5,20.4,13,20.45,9,1,2021-12-06 09:05:08
1638781508874299000,20.4,1,20.4,13,20.45,3,2,2021-12-06 09:05:08
1638781508914611000,20.45,3,20.45,4,20.5,116,1,2021-12-06 09:05:08
1638781509028833000,20.5,1,20.45,4,20.5,115,1,2021-12-06 09:05:09
1638781509060613000,20.5,1,20.45,4,20.5,114,1,2021-12-06 09:05:09
1638781509285102000,20.5,10,20.45,4,20.5,104,1,2021-12-06 09:05:09
1638781509481809000,20.45,2,20.45,3,20.5,104,2,2021-12-06 09:05:09
1638781509728401000,20.5,1,20.45,3,20.5,103,1,2021-12-06 09:05:09
1638781509816492000,20.5,30,20.45,3,20.5,73,1,2021-12-06 09:05:09
1638781509849834000,20.5,10,20.45,3,20.5,63,1,2021-12-06 09:05:09
1638781510168601000,20.5,8,20.45,3,20.5,55,1,2021-12-06 09:05:10
1638781510302514000,20.5,15,20.45,4,20.5,40,1,2021-12-06 09:05:10
1638781510675653000,20.5,3,20.45,5,20.5,37,1,2021-12-06 09:05:10
1638781510732661000,20.45,5,20.35,39,20.5,37,2,2021-12-06 09:05:10
1638781510732661000,20.4,45,20.35,39,20.5,37,2,2021-12-06 09:05:10
1638781510817464000,20.5,1,20.4,1,20.5,36,1,2021-12-06 09:05:10
1638781510898265000,20.5,1,20.4,6,20.5,35,1,2021-12-06 09:05:10
1638781511195736000,20.5,10,20.45,2,20.5,25,1,2021-12-06 09:05:11
1638781511311041000,20.5,5,20.45,2,20.5,20,1,2021-12-06 09:05:11
1638781511458654000,20.5,5,20.45,2,20.5,12,1,2021-12-06 09:05:11
1638781511518337000,20.5,2,20.45,2,20.5,10,1,2021-12-06 09:05:11
1638781511640065000,20.5,1,20.45,2,20.5,9,1,2021-12-06 09:05:11
1638781511747842000,20.5,2,20.45,2,20.5,11,1,2021-12-06 09:05:11
1638781511769892000,20.5,4,20.45,2,20.5,7,1,2021-12-06 09:05:11
1638781511796513000,20.5,1,20.45,2,20.5,6,1,2021-12-06 09:05:11
1638781511849796000,20.5,4,20.45,2,20.5,2,1,2021-12-06 09:05:11
1638781511972014000,20.45,2,20.4,8,20.45,1,2,2021-12-06 09:05:11
1638781512148825000,20.45,1,20.4,8,20.5,2,1,2021-12-06 09:05:12
1638781512380660000,20.5,3,20.4,9,20.55,51,1,2021-12-06 09:05:12
1638781512440570000,20.55,2,20.4,9,20.55,49,1,2021-12-06 09:05:12
1638781512600056000,20.5,3,20.4,9,20.5,97,2,2021-12-06 09:05:12
1638781512631110000,20.45,1,20.4,9,20.5,97,2,2021-12-06 09:05:12
1638781512652522000,20.5,10,20.4,9,20.5,87,1,2021-12-06 09:05:12
1638781512701177000,20.5,1,20.4,9,20.5,89,1,2021-12-06 09:05:12
1638781512751693000,20.5,1,20.4,9,20.5,88,1,2021-12-06 09:05:12
1638781512913477000,20.5,2,20.4,9,20.5,86,1,2021-12-06 09:05:12
1638781513078198000,20.5,3,20.45,5,20.5,83,1,2021-12-06 09:05:13
1638781513177343000,20.5,10,20.45,5,20.5,73,1,2021-12-06 09:05:13
1638781513259087000,20.5,10,20.45,5,20.5,63,1,2021-12-06 09:05:13
1638781513632132000,20.5,1,20.45,10,20.5,62,1,2021-12-06 09:05:13
1638781513727055000,20.5,5,20.45,10,20.5,57,1,2021-12-06 09:05:13
1638781513788486000,20.45,10,20.4,10,20.45,18,2,2021-12-06 09:05:13
1638781513850592000,20.45,1,20.4,10,20.45,17,1,2021-12-06 09:05:13
1638781513915356000,20.45,1,20.4,20,20.45,16,1,2021-12-06 09:05:13
1638781514020608000,20.45,5,20.4,20,20.45,11,1,2021-12-06 09:05:14
1638781514412421000,20.45,2,20.4,22,20.45,39,1,2021-12-06 09:05:14
1638781514661169000,20.4,22,20.35,33,20.45,57,2,2021-12-06 09:05:14
1638781514665046000,20.45,1,20.35,33,20.45,56,1,2021-12-06 09:05:14
1638781514668939000,20.45,4,20.35,33,20.45,52,1,2021-12-06 09:05:14
1638781514729901000,20.45,5,20.35,28,20.45,61,1,2021-12-06 09:05:14
1638781515011849000,20.45,1,20.35,28,20.45,72,1,2021-12-06 09:05:15
1638781515016584000,20.35,20,20.35,8,20.45,72,2,2021-12-06 09:05:15
1638781515034682000,20.45,1,20.35,8,20.45,71,1,2021-12-06 09:05:15
1638781515042535000,20.35,8,20.3,64,20.45,71,2,2021-12-06 09:05:15
1638781515107123000,20.45,1,20.3,64,20.45,70,1,2021-12-06 09:05:15
1638781515203407000,20.3,2,20.3,62,20.45,70,2,2021-12-06 09:05:15
1638781515367296000,20.4,1,20.3,62,20.4,14,1,2021-12-06 09:05:15
1638781515442367000,20.4,2,20.3,62,20.4,12,1,2021-12-06 09:05:15
1638781515678885000,20.3,50,20.3,11,20.4,86,2,2021-12-06 09:05:15
1638781515705844000,20.4,1,20.3,11,20.4,85,1,2021-12-06 09:05:15
1638781515712020000,20.3,11,20.25,12,20.4,85,2,2021-12-06 09:05:15
1638781515723272000,20.4,3,20.25,12,20.4,82,1,2021-12-06 09:05:15
1638781515786755000,20.4,5,20.25,12,20.4,77,1,2021-12-06 09:05:15
1638781515797738000,20.4,10,20.25,12,20.4,67,1,2021-12-06 09:05:15
1638781515898564000,20.4,2,20.25,18,20.4,68,1,2021-12-06 09:05:15
1638781516122426000,20.4,1,20.25,18,20.4,104,1,2021-12-06 09:05:16
1638781516181819000,20.35,10,20.25,18,20.4,104,2,2021-12-06 09:05:16
1638781516313133000,20.3,1,20.25,18,20.4,101,2,2021-12-06 09:05:16
1638781516354673000,20.4,2,20.25,18,20.4,99,1,2021-12-06 09:05:16
1638781516513906000,20.35,1,20.25,18,20.4,104,2,2021-12-06 09:05:16
1638781516625647000,20.4,1,20.25,18,20.4,106,1,2021-12-06 09:05:16
1638781516706358000,20.4,3,20.25,18,20.4,103,1,2021-12-06 09:05:16
1638781516795534000,20.4,1,20.25,18,20.4,102,1,2021-12-06 09:05:16
1638781517247381000,20.35,2,20.25,12,20.35,43,2,2021-12-06 09:05:17
1638781517365477000,20.35,1,20.25,12,20.35,47,1,2021-12-06 09:05:17
1638781517418600000,20.35,5,20.25,12,20.35,62,1,2021-12-06 09:05:17
1638781517476289000,20.35,1,20.25,12,20.35,61,1,2021-12-06 09:05:17
1638781517536904000,20.35,1,20.25,12,20.35,65,1,2021-12-06 09:05:17
1638781517770429000,20.35,3,20.25,12,20.35,63,1,2021-12-06 09:05:17
1638781517871869000,20.35,2,20.25,12,20.35,61,1,2021-12-06 09:05:17
1638781518010043000,20.35,5,20.25,12,20.35,56,1,2021-12-06 09:05:18
1638781518054764000,20.35,1,20.25,12,20.35,55,1,2021-12-06 09:05:18
1638781518075444000,20.35,1,20.25,12,20.35,54,1,2021-12-06 09:05:18
1638781518182693000,20.35,2,20.25,12,20.35,52,1,2021-12-06 09:05:18
1638781518430427000,20.3,3,20.25,12,20.35,63,2,2021-12-06 09:05:18
1638781518688071000,20.35,2,20.25,12,20.35,61,1,2021-12-06 09:05:18
1638781518754469000,20.25,1,20.25,11,20.35,61,2,2021-12-06 09:05:18
1638781518784938000,20.25,11,20.2,24,20.35,61,2,2021-12-06 09:05:18
1638781518784938000,20.2,39,20.2,24,20.35,61,2,2021-12-06 09:05:18
1638781518846284000,20.35,1,20.2,24,20.35,60,1,2021-12-06 09:05:18
1638781519106117000,20.3,1,20.2,24,20.35,60,2,2021-12-06 09:05:19
1638781519207785000,20.2,5,20.2,19,20.35,60,2,2021-12-06 09:05:19
1638781519214522000,20.35,1,20.2,19,20.35,59,1,2021-12-06 09:05:19
1638781519245599000,20.3,2,20.15,11,20.35,59,2,2021-12-06 09:05:19
1638781519245599000,20.2,17,20.15,11,20.35,59,2,2021-12-06 09:05:19
1638781519273524000,20.3,2,20.2,2,20.3,1,1,2021-12-06 09:05:19
1638781519484780000,20.3,1,20.25,1,20.35,60,1,2021-12-06 09:05:19
1638781519628927000,20.35,1,20.25,1,20.35,59,1,2021-12-06 09:05:19
1638781519767431000,20.35,2,20.25,1,20.35,57,1,2021-12-06 09:05:19
1638781520165274000,20.25,1,20.25,5,20.35,65,2,2021-12-06 09:05:20
1638781520260126000,20.35,2,20.25,5,20.35,62,1,2021-12-06 09:05:20
1638781520601941000,20.3,1,20.25,5,20.3,1,2,2021-12-06 09:05:20
1638781520825415000,20.25,2,20.25,3,20.3,1,2,2021-12-06 09:05:20
1638781521010809000,20.3,10,20.25,3,20.3,1,1,2021-12-06 09:05:21
1638781521150514000,20.3,1,20.25,3,20.35,62,1,2021-12-06 09:05:21
1638781521150514000,20.35,1,20.25,3,20.35,62,1,2021-12-06 09:05:21
1638781522273545000,20.3,5,20.25,4,20.3,15,2,2021-12-06 09:05:22
1638781522634392000,20.3,13,20.25,4,20.3,2,1,2021-12-06 09:05:22
1638781523353529000,20.25,1,20.25,4,20.3,6,2,2021-12-06 09:05:23
1638781523503289000,20.3,1,20.25,5,20.3,5,1,2021-12-06 09:05:23
1638781523699877000,20.3,4,20.25,5,20.3,1,1,2021-12-06 09:05:23
1638781523706533000,20.3,1,20.25,5,20.35,43,1,2021-12-06 09:05:23
1638781523908936000,20.3,3,20.25,1,20.35,48,2,2021-12-06 09:05:23
1638781523908936000,20.25,4,20.25,1,20.35,48,2,2021-12-06 09:05:23
1638781524154840000,20.35,10,20.3,10,20.35,38,1,2021-12-06 09:05:24
1638781524177428000,20.35,10,20.3,10,20.35,28,1,2021-12-06 09:05:24
1638781524350191000,20.35,1,20.3,10,20.35,22,1,2021-12-06 09:05:24
1638781524400557000,20.35,1,20.3,10,20.35,21,1,2021-12-06 09:05:24
1638781524985246000,20.35,10,20.3,10,20.35,11,1,2021-12-06 09:05:24
1638781525473036000,20.35,2,20.3,21,20.35,9,1,2021-12-06 09:05:25
1638781525501932000,20.3,10,20.3,11,20.35,9,2,2021-12-06 09:05:25
1638781525542929000,20.35,4,20.3,11,20.35,5,1,2021-12-06 09:05:25
1638781525704677000,20.35,1,20.3,11,20.35,4,1,2021-12-06 09:05:25
1638781525934343000,20.35,4,20.35,16,20.4,45,1,2021-12-06 09:05:25
1638781526011915000,20.4,1,20.35,16,20.4,44,1,2021-12-06 09:05:26
1638781526243794000,20.4,5,20.35,16,20.4,39,1,2021-12-06 09:05:26
1638781526935502000,20.35,5,20.35,13,20.4,39,2,2021-12-06 09:05:26
1638781526992009000,20.35,1,20.35,12,20.4,39,2,2021-12-06 09:05:26
1638781527505599000,20.35,15,20.3,13,20.35,5,2,2021-12-06 09:05:27
1638781527566187000,20.3,3,20.3,10,20.35,15,2,2021-12-06 09:05:27
1638781527773522000,20.35,1,20.3,10,20.35,14,1,2021-12-06 09:05:27
1638781528065318000,20.35,1,20.3,10,20.35,14,1,2021-12-06 09:05:28
1638781528355788000,20.35,3,20.3,10,20.35,11,1,2021-12-06 09:05:28
1638781528934440000,20.35,12,20.4,9,20.45,16,1,2021-12-06 09:05:28
1638781528934440000,20.4,39,20.4,9,20.45,16,1,2021-12-06 09:05:28
1638781529040970000,20.4,1,20.4,8,20.45,16,2,2021-12-06 09:05:29
1638781529124250000,20.4,8,20.3,21,20.45,16,2,2021-12-06 09:05:29
1638781529124250000,20.35,1,20.3,21,20.45,16,2,2021-12-06 09:05:29
1638781529124250000,20.3,1,20.3,21,20.45,16,2,2021-12-06 09:05:29
1638781529825685000,20.35,4,20.3,22,20.35,6,1,2021-12-06 09:05:29
1638781530382123000,20.35,1,20.3,23,20.35,6,1,2021-12-06 09:05:30
1638781530547389000,20.35,5,20.3,25,20.35,1,1,2021-12-06 09:05:30
1638781530553535000,20.35,1,20.35,1,20.4,2,1,2021-12-06 09:05:30
1638781530835013000,20.35,1,20.3,30,20.35,2,2,2021-12-06 09:05:30
1638781530958599000,20.35,1,20.3,30,20.35,1,1,2021-12-06 09:05:30
1638781531155727000,20.35,1,20.3,30,20.4,19,1,2021-12-06 09:05:31
1638781531178848000,20.4,2,20.3,30,20.4,17,1,2021-12-06 09:05:31
1638781531312372000,20.3,6,20.3,24,20.4,17,2,2021-12-06 09:05:31
1638781531485332000,20.4,1,20.3,24,20.4,16,1,2021-12-06 09:05:31
1638781531682610000,20.35,1,20.3,24,20.35,10,2,2021-12-06 09:05:31
1638781532008585000,20.35,1,20.3,25,20.35,9,1,2021-12-06 09:05:32
1638781532474225000,20.35,1,20.3,35,20.35,11,1,2021-12-06 09:05:32
1638781532484060000,20.3,8,20.3,27,20.35,11,2,2021-12-06 09:05:32
1638781532847058000,20.35,1,20.3,37,20.35,20,1,2021-12-06 09:05:32
1638781532968166000,20.35,3,20.3,37,20.35,17,1,2021-12-06 09:05:32
1638781533850280000,20.35,2,20.3,39,20.35,15,1,2021-12-06 09:05:33
1638781533917127000,20.35,1,20.3,39,20.35,14,1,2021-12-06 09:05:33
1638781533985958000,20.35,4,20.3,39,20.35,10,1,2021-12-06 09:05:33
1638781534043619000,20.35,2,20.3,39,20.35,8,1,2021-12-06 09:05:34
1638781534102416000,20.35,1,20.3,39,20.35,7,1,2021-12-06 09:05:34
1638781534487834000,20.3,1,20.3,42,20.35,8,2,2021-12-06 09:05:34
1638781535007245000,20.35,1,20.3,43,20.35,8,1,2021-12-06 09:05:35
1638781535288292000,20.35,2,20.3,43,20.35,6,1,2021-12-06 09:05:35
1638781535350941000,20.3,2,20.3,41,20.35,6,2,2021-12-06 09:05:35
1638781535408430000,20.3,1,20.3,40,20.35,6,2,2021-12-06 09:05:35
1638781536296855000,20.35,5,20.3,40,20.35,1,1,2021-12-06 09:05:36
1638781536362494000,20.35,1,20.35,9,20.4,28,1,2021-12-06 09:05:36
1638781536411337000,20.4,6,20.35,9,20.4,22,1,2021-12-06 09:05:36
1638781536633651000,20.35,5,20.35,5,20.4,23,2,2021-12-06 09:05:36
1638781536634784000,20.35,1,20.35,4,20.4,23,2,2021-12-06 09:05:36
1638781536721162000,20.4,1,20.35,5,20.4,22,1,2021-12-06 09:05:36
1638781536776633000,20.35,1,20.35,9,20.4,22,2,2021-12-06 09:05:36
1638781536946643000,20.35,1,20.35,8,20.4,22,2,2021-12-06 09:05:36
1638781537109206000,20.4,3,20.35,9,20.4,19,1,2021-12-06 09:05:37
1638781537137200000,20.35,1,20.35,8,20.4,19,2,2021-12-06 09:05:37
1638781537334031000,20.35,1,20.35,7,20.4,45,2,2021-12-06 09:05:37
1638781537803082000,20.35,2,20.35,13,20.4,45,2,2021-12-06 09:05:37
1638781538255363000,20.35,14,20.2,7,20.4,45,2,2021-12-06 09:05:38
1638781538255363000,20.3,45,20.2,7,20.4,45,2,2021-12-06 09:05:38
1638781538255363000,20.25,22,20.2,7,20.4,45,2,2021-12-06 09:05:38
1638781538255363000,20.2,19,20.2,7,20.4,45,2,2021-12-06 09:05:38
1638781538272439000,20.2,1,20.2,6,20.4,45,2,2021-12-06 09:05:38
1638781538598583000,20.35,3,20.25,2,20.4,39,1,2021-12-06 09:05:38
1638781538598583000,20.4,7,20.25,2,20.4,39,1,2021-12-06 09:05:38
1638781538666382000,20.3,2,20.3,2,20.4,39,2,2021-12-06 09:05:38
1638781538744036000,20.4,5,20.3,2,20.4,34,1,2021-12-06 09:05:38
1638781538851195000,20.35,1,20.3,7,20.4,34,2,2021-12-06 09:05:38
1638781539007816000,20.35,1,20.35,1,20.4,34,2,2021-12-06 09:05:39
1638781539037914000,20.35,1,20.3,12,20.4,34,2,2021-12-06 09:05:39
1638781539152808000,20.3,2,20.3,10,20.4,34,2,2021-12-06 09:05:39
1638781539458266000,20.35,1,20.3,10,20.4,34,1,2021-12-06 09:05:39
1638781539482721000,20.4,17,20.3,10,20.4,17,1,2021-12-06 09:05:39
1638781539542152000,20.3,10,20.25,2,20.35,1,2,2021-12-06 09:05:39
1638781539608863000,20.35,1,20.35,1,20.4,17,1,2021-12-06 09:05:39
1638781539636714000,20.35,1,20.25,2,20.4,17,2,2021-12-06 09:05:39
1638781539793110000,20.35,1,20.25,2,20.35,4,1,2021-12-06 09:05:39
1638781540016266000,20.3,1,20.25,2,20.35,33,2,2021-12-06 09:05:40
1638781540398542000,20.25,2,20.2,16,20.25,1,2,2021-12-06 09:05:40
1638781540671325000,20.2,10,20.2,6,20.25,1,2,2021-12-06 09:05:40
1638781540725378000,20.25,1,20.2,6,20.35,33,1,2021-12-06 09:05:40
1638781540834870000,20.3,10,20.2,6,20.35,33,1,2021-12-06 09:05:40
1638781541142548000,20.35,3,20.2,12,20.35,30,1,2021-12-06 09:05:41
1638781541328663000,20.3,1,20.2,12,20.3,15,2,2021-12-06 09:05:41
1638781541719776000,20.3,1,20.2,12,20.3,38,1,2021-12-06 09:05:41
1638781542406205000,20.2,10,20.2,2,20.3,51,2,2021-12-06 09:05:42
1638781542742542000,20.25,2,20.15,4,20.25,3,1,2021-12-06 09:05:42
1638781542748133000,20.15,2,20.15,2,20.25,3,2,2021-12-06 09:05:42
1638781543722730000,20.2,1,20.15,2,20.2,2,1,2021-12-06 09:05:43
1638781544150148000,20.2,4,20.15,2,20.2,8,1,2021-12-06 09:05:44
1638781544166200000,20.15,2,20.1,26,20.2,8,2,2021-12-06 09:05:44
1638781544166200000,20.1,1,20.1,26,20.2,8,2,2021-12-06 09:05:44
1638781544271253000,20.2,8,20.1,26,20.25,26,1,2021-12-06 09:05:44
1638781544271253000,20.25,2,20.1,26,20.25,26,1,2021-12-06 09:05:44
1638781544360463000,20.2,5,20.1,26,20.25,26,2,2021-12-06 09:05:44
1638781544368960000,20.25,1,20.1,26,20.25,25,1,2021-12-06 09:05:44
1638781544438802000,20.25,25,20.1,26,20.3,29,1,2021-12-06 09:05:44
1638781544438802000,20.3,25,20.1,26,20.3,29,1,2021-12-06 09:05:44
1638781544662945000,20.15,1,20.05,19,20.1,27,2,2021-12-06 09:05:44
1638781544662945000,20.1,26,20.05,19,20.1,27,2,2021-12-06 09:05:44
1638781544684328000,20.1,27,20.05,19,20.2,4,1,2021-12-06 09:05:44
1638781544692240000,20.05,1,20.05,18,20.2,4,2,2021-12-06 09:05:44
1638781544980050000,20.05,1,20.05,17,20.2,20,2,2021-12-06 09:05:44
1638781545133997000,20.05,1,20.05,16,20.2,20,2,2021-12-06 09:05:45
1638781545299389000,20.05,1,20.05,15,20.2,20,2,2021-12-06 09:05:45
1638781545369921000,20.2,1,20.05,15,20.2,19,1,2021-12-06 09:05:45
1638781545429429000,20.2,1,20.05,15,20.2,18,1,2021-12-06 09:05:45
1638781545531814000,20.2,1,20.05,15,20.2,17,1,2021-12-06 09:05:45
1638781545661204000,20.15,1,20.05,15,20.15,4,2,2021-12-06 09:05:45
1638781545829616000,20.15,1,20.05,15,20.15,3,1,2021-12-06 09:05:45
1638781546481881000,20.15,3,20.15,3,20.2,27,1,2021-12-06 09:05:46
1638781546741046000,20.15,1,20.15,2,20.2,27,2,2021-12-06 09:05:46
1638781547008873000,20.2,1,20.15,2,20.2,26,1,2021-12-06 09:05:47
1638781547404587000,20.15,2,20.05,25,20.15,3,2,2021-12-06 09:05:47
1638781547851122000,20.15,2,20.05,31,20.15,24,1,2021-12-06 09:05:47
1638781548282736000,20.05,1,20.05,31,20.15,24,2,2021-12-06 09:05:48
1638781548294154000,20.15,1,20.05,31,20.15,23,1,2021-12-06 09:05:48
1638781548326335000,20.15,5,20.05,31,20.15,18,1,2021-12-06 09:05:48
1638781548367003000,20.05,25,20.05,6,20.15,18,2,2021-12-06 09:05:48
1638781548546574000,20.05,6,20.0,81,20.05,3,2,2021-12-06 09:05:48
1638781548573686000,20.05,3,20.0,81,20.15,22,1,2021-12-06 09:05:48
1638781548641466000,20.0,1,20.0,80,20.15,27,2,2021-12-06 09:05:48
1638781549320273000,20.1,1,20.0,78,20.1,4,1,2021-12-06 09:05:49
1638781550330203000,20.0,5,20.0,83,20.05,10,2,2021-12-06 09:05:50
1638781550345693000,20.05,10,20.0,83,20.1,6,1,2021-12-06 09:05:50
1638781550586752000,20.1,1,20.05,1,20.1,5,1,2021-12-06 09:05:50
1638781550644940000,20.05,1,20.0,64,20.1,5,2,2021-12-06 09:05:50
1638781550644940000,20.0,19,20.0,64,20.1,5,2,2021-12-06 09:05:50
1638781551232302000,20.1,1,20.05,1,20.1,4,1,2021-12-06 09:05:51
1638781551354006000,20.05,3,20.0,64,20.05,2,2,2021-12-06 09:05:51
1638781551523415000,20.05,2,20.0,65,20.1,1,1,2021-12-06 09:05:51
1638781551523415000,20.1,8,20.0,65,20.1,1,1,2021-12-06 09:05:51
1638781551686651000,20.0,1,20.0,64,20.1,1,2,2021-12-06 09:05:51
1638781552081994000,20.05,11,20.0,60,20.1,1,1,2021-12-06 09:05:52
1638781552081994000,20.0,9,20.0,60,20.1,1,2,2021-12-06 09:05:52
1638781552257938000,20.0,1,20.0,58,20.1,1,2,2021-12-06 09:05:52
1638781552263657000,20.0,1,20.0,57,20.1,1,2,2021-12-06 09:05:52
1638781552494342000,20.0,50,20.0,7,20.1,1,2,2021-12-06 09:05:52
1638781552527315000,20.0,7,19.95,22,20.1,1,2,2021-12-06 09:05:52
1638781552759006000,19.95,20,19.95,12,20.0,1,2,2021-12-06 09:05:52
1638781552904034000,19.95,3,19.95,9,20.0,1,2,2021-12-06 09:05:52
1638781552935441000,20.0,1,20.05,20,20.1,1,1,2021-12-06 09:05:52
1638781552965112000,20.1,1,20.05,20,20.1,5,1,2021-12-06 09:05:52
1638781553021882000,20.1,5,20.05,20,20.15,63,1,2021-12-06 09:05:53
1638781553021882000,20.15,5,20.05,20,20.15,63,1,2021-12-06 09:05:53
1638781553308079000,20.1,2,20.05,32,20.15,59,2,2021-12-06 09:05:53
1638781553481184000,20.05,1,20.05,31,20.15,59,2,2021-12-06 09:05:53
1638781554117018000,20.05,31,20.0,28,20.15,59,2,2021-12-06 09:05:54
1638781555022827000,20.05,1,20.05,5,20.15,53,2,2021-12-06 09:05:55
1638781555036236000,20.15,5,20.05,5,20.15,48,1,2021-12-06 09:05:55
1638781555201429000,20.05,5,20.0,43,20.15,48,2,2021-12-06 09:05:55
1638781555201429000,20.0,5,20.0,43,20.15,48,2,2021-12-06 09:05:55
1638781555456274000,20.05,1,20.0,43,20.05,19,1,2021-12-06 09:05:55
1638781555485902000,20.05,19,20.0,43,20.15,48,1,2021-12-06 09:05:55
1638781555735617000,20.0,2,20.0,41,20.15,48,2,2021-12-06 09:05:55
1638781555953000000,20.15,1,20.05,1,20.15,47,1,2021-12-06 09:05:55
1638781556442913000,20.05,1,20.05,1,20.15,50,2,2021-12-06 09:05:56
1638781556516155000,20.05,1,20.0,44,20.15,50,2,2021-12-06 09:05:56
1638781556550391000,20.0,10,20.0,34,20.1,5,2,2021-12-06 09:05:56
1638781557205162000,20.0,1,20.0,33,20.1,10,2,2021-12-06 09:05:57
1638781557289975000,20.0,1,20.0,34,20.1,10,2,2021-12-06 09:05:57
1638781557305591000,20.0,7,20.0,27,20.1,10,2,2021-12-06 09:05:57
1638781557814527000,20.05,1,20.05,24,20.1,11,1,2021-12-06 09:05:57
1638781558032527000,20.05,1,20.05,27,20.1,11,2,2021-12-06 09:05:58
1638781558151095000,20.05,2,20.05,25,20.1,11,2,2021-12-06 09:05:58
1638781558306463000,20.05,5,20.05,20,20.1,11,2,2021-12-06 09:05:58
1638781558836861000,20.1,1,20.05,20,20.1,20,1,2021-12-06 09:05:58
1638781559269446000,20.05,2,20.05,18,20.1,21,2,2021-12-06 09:05:59
1638781559576726000,20.05,2,20.05,16,20.1,26,2,2021-12-06 09:05:59
1638781560001488000,20.05,5,20.05,12,20.1,26,2,2021-12-06 09:06:00
1638781560255071000,20.1,1,20.05,12,20.1,25,1,2021-12-06 09:06:00
1638781560821066000,20.05,1,20.05,16,20.1,25,2,2021-12-06 09:06:00
1638781560923311000,20.05,4,20.05,12,20.1,25,2,2021-12-06 09:06:00
1638781561114512000,20.05,1,20.05,11,20.1,25,2,2021-12-06 09:06:01
1638781561767916000,20.05,1,20.05,10,20.1,25,2,2021-12-06 09:06:01
1638781561875433000,20.1,9,20.05,10,20.1,16,1,2021-12-06 09:06:01
1638781561977368000,20.05,5,20.05,5,20.1,16,2,2021-12-06 09:06:01
1638781562150096000,20.05,1,20.05,4,20.1,16,2,2021-12-06 09:06:02
1638781562361714000,20.05,5,20.05,1,20.1,16,2,2021-12-06 09:06:02
1638781562518455000,20.05,1,20.0,60,20.05,4,2,2021-12-06 09:06:02
1638781562850948000,20.0,1,20.0,59,20.05,4,2,2021-12-06 09:06:02
1638781563551124000,20.05,5,20.0,62,20.05,1,1,2021-12-06 09:06:03
1638781563579878000,20.05,1,20.0,62,20.1,16,1,2021-12-06 09:06:03
1638781563644288000,20.05,1,20.0,62,20.1,12,1,2021-12-06 09:06:03
1638781563644288000,20.1,4,20.0,62,20.1,12,1,2021-12-06 09:06:03
1638781564180076000,20.1,12,20.1,3,20.15,52,1,2021-12-06 09:06:04
1638781564992583000,20.1,1,20.1,2,20.15,52,2,2021-12-06 09:06:04
1638781565203821000,20.1,2,20.05,15,20.1,3,2,2021-12-06 09:06:05
1638781565914170000,20.05,18,19.95,1,20.1,19,2,2021-12-06 09:06:05
1638781565914170000,20.0,67,19.95,1,20.1,19,2,2021-12-06 09:06:05
1638781565914170000,19.95,15,19.95,1,20.1,19,2,2021-12-06 09:06:05
1638781567291323000,20.05,1,20.05,1,20.1,37,1,2021-12-06 09:06:07
1638781567300069000,20.05,1,20.0,28,20.05,4,2,2021-12-06 09:06:07
1638781567561980000,20.05,1,20.0,28,20.05,3,1,2021-12-06 09:06:07
1638781568227656000,20.05,1,20.0,29,20.05,5,1,2021-12-06 09:06:08
1638781568862988000,20.05,5,20.0,29,20.1,32,1,2021-12-06 09:06:08
1638781569208312000,20.0,10,20.0,19,20.05,15,2,2021-12-06 09:06:09
1638781569403633000,20.05,5,20.0,19,20.05,10,1,2021-12-06 09:06:09
1638781569502795000,20.0,1,20.0,18,20.05,10,2,2021-12-06 09:06:09
1638781569957275000,20.05,11,20.05,9,20.1,33,1,2021-12-06 09:06:09
1638781570090372000,20.05,1,20.05,8,20.1,33,2,2021-12-06 09:06:10
1638781570540681000,20.05,1,20.05,7,20.1,33,2,2021-12-06 09:06:10
1638781570955785000,20.05,1,20.05,6,20.1,33,2,2021-12-06 09:06:10
1638781570981225000,20.05,2,20.05,7,20.1,33,2,2021-12-06 09:06:10
1638781571046207000,20.05,7,20.0,15,20.1,33,2,2021-12-06 09:06:11
1638781571046207000,20.0,3,20.0,15,20.1,33,2,2021-12-06 09:06:11
1638781571516043000,20.0,8,20.0,13,20.05,4,2,2021-12-06 09:06:11
1638781572169600000,20.05,5,20.0,12,20.05,4,1,2021-12-06 09:06:12
1638781572304157000,20.05,2,20.0,12,20.05,2,1,2021-12-06 09:06:12
1638781572556239000,20.05,2,20.0,13,20.1,63,1,2021-12-06 09:06:12
1638781572756988000,20.05,1,20.0,15,20.1,44,1,2021-12-06 09:06:12
1638781572756988000,20.1,19,20.0,15,20.1,44,1,2021-12-06 09:06:12
1638781572810206000,20.0,1,20.0,14,20.1,44,2,2021-12-06 09:06:12
1638781573430540000,20.1,1,20.0,30,20.1,44,1,2021-12-06 09:06:13
1638781573903152000,20.1,1,20.05,2,20.1,43,1,2021-12-06 09:06:13
1638781574008892000,20.1,5,20.05,2,20.1,48,1,2021-12-06 09:06:14
1638781574280887000,20.05,2,20.0,22,20.1,72,2,2021-12-06 09:06:14
1638781574280887000,20.0,8,20.0,22,20.1,72,2,2021-12-06 09:06:14
1638781575126041000,20.1,2,20.0,26,20.1,70,1,2021-12-06 09:06:15
1638781575604919000,20.0,1,20.0,27,20.1,70,2,2021-12-06 09:06:15
1638781576099210000,20.0,1,20.0,28,20.1,70,2,2021-12-06 09:06:16
1638781576647202000,20.1,1,20.0,32,20.1,74,1,2021-12-06 09:06:16
1638781576934443000,20.1,1,20.0,34,20.1,73,1,2021-12-06 09:06:16
1638781577062411000,20.1,25,20.0,34,20.1,48,1,2021-12-06 09:06:17
1638781578524794000,20.05,3,20.0,39,20.1,49,2,2021-12-06 09:06:18
1638781578524794000,20.0,5,20.0,39,20.1,49,2,2021-12-06 09:06:18
1638781578533805000,20.1,5,20.0,39,20.1,44,1,2021-12-06 09:06:18
1638781578593282000,20.05,1,20.0,39,20.1,44,2,2021-12-06 09:06:18
1638781578733649000,20.1,5,20.0,39,20.1,39,1,2021-12-06 09:06:18
1638781578779635000,20.0,3,20.0,36,20.1,39,2,2021-12-06 09:06:18
1638781579179580000,20.05,1,20.05,10,20.1,39,1,2021-12-06 09:06:19
1638781579205792000,20.05,1,20.05,9,20.1,39,2,2021-12-06 09:06:19
1638781579721376000,20.05,9,20.0,40,20.05,41,2,2021-12-06 09:06:19
1638781580100732000,20.0,2,20.0,39,20.05,41,2,2021-12-06 09:06:20
1638781580131497000,20.05,5,20.0,39,20.05,36,1,2021-12-06 09:06:20
1638781580316893000,20.05,30,20.0,40,20.05,6,1,2021-12-06 09:06:20
1638781580904659000,20.05,5,20.0,42,20.05,1,1,2021-12-06 09:06:20
1638781580953372000,20.05,1,20.05,1,20.1,41,1,2021-12-06 09:06:20
1638781581516472000,20.05,1,20.0,41,20.1,43,2,2021-12-06 09:06:21
1638781581516472000,20.0,4,20.0,41,20.1,43,2,2021-12-06 09:06:21
1638781581585815000,20.1,5,20.0,41,20.1,38,1,2021-12-06 09:06:21
1638781582703165000,20.1,2,20.05,14,20.1,51,1,2021-12-06 09:06:22
1638781583302232000,20.1,10,20.05,31,20.1,41,1,2021-12-06 09:06:23
1638781583949941000,20.1,1,20.05,37,20.1,40,1,2021-12-06 09:06:23
1638781584112985000,20.1,3,20.05,38,20.1,39,1,2021-12-06 09:06:24
1638781584593256000,20.1,1,20.05,39,20.1,38,1,2021-12-06 09:06:24
1638781584664781000,20.1,5,20.05,39,20.1,33,1,2021-12-06 09:06:24
1638781584766740000,20.1,3,20.05,39,20.1,30,1,2021-12-06 09:06:24
1638781585094077000,20.1,30,20.05,39,20.15,44,1,2021-12-06 09:06:25
1638781585120189000,20.05,2,20.05,37,20.15,44,2,2021-12-06 09:06:25
1638781585220136000,20.05,10,20.05,35,20.15,44,2,2021-12-06 09:06:25
1638781586378075000,20.1,1,20.1,4,20.15,44,1,2021-12-06 09:06:26
1638781586492678000,20.1,1,20.1,4,20.15,44,2,2021-12-06 09:06:26
1638781586823846000,20.1,2,20.1,2,20.15,44,2,2021-12-06 09:06:26
1638781587724264000,20.1,1,20.1,1,20.15,44,2,2021-12-06 09:06:27
1638781587783987000,20.1,1,20.05,33,20.15,44,2,2021-12-06 09:06:27
1638781587783987000,20.05,4,20.05,33,20.15,44,2,2021-12-06 09:06:27
1638781588614713000,20.1,1,20.05,28,20.1,2,1,2021-12-06 09:06:28
1638781589267945000,20.1,1,20.05,30,20.1,6,1,2021-12-06 09:06:29
1638781589543214000,20.1,1,20.05,30,20.1,5,1,2021-12-06 09:06:29
1638781589804469000,20.1,1,20.05,30,20.1,7,1,2021-12-06 09:06:29
1638781589845863000,20.05,1,20.05,29,20.1,7,2,2021-12-06 09:06:29
1638781590522474000,20.1,1,20.05,30,20.1,6,1,2021-12-06 09:06:30
1638781590637936000,20.05,2,20.05,28,20.1,6,2,2021-12-06 09:06:30
1638781590983030000,20.1,1,20.05,28,20.1,5,1,2021-12-06 09:06:30
1638781591137617000,20.1,5,20.05,28,20.15,44,1,2021-12-06 09:06:31
1638781591334466000,20.05,6,20.05,22,20.15,44,2,2021-12-06 09:06:31
1638781591969880000,20.15,3,20.05,22,20.15,41,1,2021-12-06 09:06:31
1638781592099437000,20.1,1,20.05,22,20.15,39,2,2021-12-06 09:06:32
1638781592099437000,20.15,2,20.05,22,20.15,39,1,2021-12-06 09:06:32
1638781592574095000,20.1,1,20.05,24,20.1,3,2,2021-12-06 09:06:32
1638781592656843000,20.1,3,20.05,24,20.15,32,1,2021-12-06 09:06:32
1638781592656843000,20.15,7,20.05,24,20.15,32,1,2021-12-06 09:06:32
1638781592680200000,20.15,10,20.05,24,20.15,22,1,2021-12-06 09:06:32
1638781593499328000,20.15,2,20.1,1,20.15,20,1,2021-12-06 09:06:33
1638781594016750000,20.1,1,20.05,28,20.1,9,2,2021-12-06 09:06:34
1638781594330571000,20.1,5,20.05,28,20.1,4,1,2021-12-06 09:06:34
1638781594396382000,20.1,4,20.05,34,20.15,20,1,2021-12-06 09:06:34
1638781595104622000,20.1,1,20.05,34,20.1,9,2,2021-12-06 09:06:35
1638781595129263000,20.05,1,20.05,34,20.1,9,2,2021-12-06 09:06:35
1638781595136831000,20.05,1,20.05,33,20.1,9,2,2021-12-06 09:06:35
1638781595318476000,20.1,2,20.05,35,20.1,7,1,2021-12-06 09:06:35
1638781595580302000,20.05,5,20.05,27,20.1,7,2,2021-12-06 09:06:35
1638781595834349000,20.1,4,20.05,21,20.1,5,1,2021-12-06 09:06:35
1638781596078671000,20.1,1,20.05,21,20.1,4,1,2021-12-06 09:06:36
1638781596151918000,20.1,1,20.05,21,20.1,7,1,2021-12-06 09:06:36
1638781596262101000,20.1,2,20.05,21,20.1,10,1,2021-12-06 09:06:36
1638781596374372000,20.1,2,20.05,21,20.1,8,1,2021-12-06 09:06:36
1638781596405448000,20.1,1,20.05,21,20.1,7,1,2021-12-06 09:06:36
1638781596723558000,20.1,7,20.1,3,20.15,39,1,2021-12-06 09:06:36
1638781596941162000,20.1,3,20.05,16,20.15,39,2,2021-12-06 09:06:36
1638781596941162000,20.05,11,20.05,16,20.15,39,2,2021-12-06 09:06:36
1638781597391486000,20.1,1,20.05,16,20.1,19,1,2021-12-06 09:06:37
1638781597931177000,20.05,16,20.0,81,20.1,69,2,2021-12-06 09:06:37
1638781597994716000,20.0,5,20.0,76,20.1,69,2,2021-12-06 09:06:37
1638781598011097000,20.1,1,20.0,76,20.1,68,1,2021-12-06 09:06:38
1638781598019135000,20.1,1,20.0,76,20.1,67,1,2021-12-06 09:06:38
1638781598243092000,20.1,1,20.05,1,20.1,66,1,2021-12-06 09:06:38
1638781598312779000,20.1,2,20.05,1,20.1,64,1,2021-12-06 09:06:38
1638781598344039000,20.05,1,20.0,79,20.1,64,2,2021-12-06 09:06:38
1638781598459383000,20.1,1,20.0,79,20.1,63,1,2021-12-06 09:06:38
1638781598544495000,20.1,1,20.0,76,20.1,62,1,2021-12-06 09:06:38
1638781599040718000,20.05,1,20.0,76,20.1,63,2,2021-12-06 09:06:39
1638781599433198000,20.05,1,20.0,76,20.05,2,1,2021-12-06 09:06:39
1638781599488870000,20.05,1,20.0,78,20.05,1,1,2021-12-06 09:06:39
1638781600371916000,20.05,3,20.0,79,20.05,7,1,2021-12-06 09:06:40
1638781600541063000,20.05,3,20.0,79,20.05,4,1,2021-12-06 09:06:40
1638781600594955000,20.05,1,20.0,79,20.05,3,1,2021-12-06 09:06:40
1638781601337642000,20.0,3,20.0,76,20.05,4,2,2021-12-06 09:06:41
1638781601361185000,20.0,10,20.0,66,20.05,4,2,2021-12-06 09:06:41
1638781601394135000,20.0,40,20.0,20,20.05,4,2,2021-12-06 09:06:41
1638781601436836000,20.0,12,20.0,8,20.05,4,2,2021-12-06 09:06:41
1638781601477860000,20.0,8,19.95,74,20.05,4,2,2021-12-06 09:06:41
1638781601907034000,19.95,10,19.95,65,20.0,3,2,2021-12-06 09:06:41
1638781601931965000,20.0,1,19.95,65,20.0,2,1,2021-12-06 09:06:41
1638781602342398000,19.95,1,19.95,64,20.0,2,2,2021-12-06 09:06:42
1638781602379486000,20.0,2,19.95,64,20.05,33,1,2021-12-06 09:06:42
1638781602379486000,20.05,1,19.95,64,20.05,33,1,2021-12-06 09:06:42
1638781602690493000,20.05,1,19.95,64,20.05,32,1,2021-12-06 09:06:42
1638781602827162000,19.95,5,19.95,59,20.0,1,2,2021-12-06 09:06:42
1638781602855353000,20.0,1,19.95,59,20.05,32,1,2021-12-06 09:06:42
1638781602945292000,19.95,10,19.95,49,20.05,32,2,2021-12-06 09:06:42
1638781603037245000,19.95,49,19.9,82,20.05,32,2,2021-12-06 09:06:43
1638781603571663000,19.9,5,19.9,77,20.0,41,2,2021-12-06 09:06:43
1638781603598038000,19.9,12,19.9,65,20.0,41,2,2021-12-06 09:06:43
1638781603614033000,19.9,10,19.9,55,20.0,41,2,2021-12-06 09:06:43
1638781603630603000,19.9,55,19.85,45,20.0,41,2,2021-12-06 09:06:43
1638781603684752000,20.0,1,19.85,45,20.0,40,1,2021-12-06 09:06:43
1638781604263377000,19.85,2,19.85,43,20.0,44,2,2021-12-06 09:06:44
1638781604439885000,19.85,5,19.85,38,19.95,1,2,2021-12-06 09:06:44
1638781604556729000,19.85,2,19.85,36,19.95,1,2,2021-12-06 09:06:44
1638781604654898000,19.85,2,19.85,34,19.95,4,2,2021-12-06 09:06:44
1638781604691981000,19.85,34,19.8,102,19.95,4,2,2021-12-06 09:06:44
1638781604864826000,19.95,1,19.8,102,19.95,3,1,2021-12-06 09:06:44
1638781605151381000,19.9,1,19.85,2,19.9,1,2,2021-12-06 09:06:45
1638781605261778000,19.9,1,19.85,2,19.95,3,1,2021-12-06 09:06:45
1638781605804413000,19.95,1,19.85,2,19.95,2,1,2021-12-06 09:06:45
1638781606276145000,19.8,1,19.8,106,19.95,2,2,2021-12-06 09:06:46
1638781606425039000,19.8,1,19.8,107,19.9,1,2,2021-12-06 09:06:46
1638781607385055000,19.8,1,19.8,114,19.9,5,2,2021-12-06 09:06:47
1638781607560745000,19.85,1,19.8,114,19.9,5,1,2021-12-06 09:06:47
1638781607640048000,19.8,20,19.8,94,19.9,5,2,2021-12-06 09:06:47
1638781607690339000,19.8,10,19.8,84,19.9,5,2,2021-12-06 09:06:47
1638781607969306000,19.8,20,19.8,64,19.9,5,2,2021-12-06 09:06:47
1638781608626429000,19.8,20,19.8,38,19.85,32,2,2021-12-06 09:06:48
1638781608847991000,19.8,20,19.8,18,19.85,32,2,2021-12-06 09:06:48
1638781609026881000,19.85,1,19.8,18,19.85,32,1,2021-12-06 09:06:49
1638781609236733000,19.8,1,19.8,17,19.85,32,2,2021-12-06 09:06:49
1638781609316173000,19.8,1,19.8,16,19.85,32,2,2021-12-06 09:06:49
1638781609373722000,19.85,1,19.8,16,19.85,31,1,2021-12-06 09:06:49
1638781609435194000,19.85,5,19.8,16,19.85,26,1,2021-12-06 09:06:49
1638781609586636000,19.85,3,19.8,16,19.85,23,1,2021-12-06 09:06:49
1638781609917758000,19.8,1,19.8,15,19.85,23,2,2021-12-06 09:06:49
1638781610088737000,19.8,4,19.8,11,19.85,23,2,2021-12-06 09:06:50
1638781610207124000,19.85,10,19.8,11,19.85,13,1,2021-12-06 09:06:50
1638781610404619000,19.8,3,19.8,8,19.85,13,2,2021-12-06 09:06:50
1638781610801325000,19.8,8,19.75,25,19.85,13,2,2021-12-06 09:06:50
1638781610801325000,19.75,2,19.75,25,19.85,13,2,2021-12-06 09:06:50
1638781610851728000,19.8,1,19.75,25,19.85,13,1,2021-12-06 09:06:50
1638781610971659000,19.8,3,19.75,25,19.8,17,2,2021-12-06 09:06:50
1638781611010642000,19.8,17,19.75,25,19.85,13,1,2021-12-06 09:06:51
1638781611604710000,19.75,1,19.75,26,19.85,13,2,2021-12-06 09:06:51
1638781612262963000,19.8,2,19.75,28,19.85,13,1,2021-12-06 09:06:52
1638781612262963000,19.75,8,19.75,28,19.85,13,2,2021-12-06 09:06:52
1638781612981661000,19.8,4,19.75,77,19.85,13,1,2021-12-06 09:06:52
1638781612981661000,19.75,1,19.75,77,19.85,13,2,2021-12-06 09:06:52
1638781613022536000,19.75,2,19.75,75,19.8,1,2,2021-12-06 09:06:53
1638781613051525000,19.8,1,19.75,75,19.85,13,1,2021-12-06 09:06:53
1638781613265264000,19.8,1,19.8,4,19.85,13,1,2021-12-06 09:06:53
1638781613299489000,19.85,13,19.8,4,19.9,4,1,2021-12-06 09:06:53
1638781613357397000,19.8,4,19.75,81,19.9,4,2,2021-12-06 09:06:53
1638781614302606000,19.8,4,19.8,12,19.9,4,2,2021-12-06 09:06:54
1638781614655032000,19.9,4,19.8,25,19.95,22,1,2021-12-06 09:06:54
1638781615582298000,19.85,1,19.8,33,19.9,12,2,2021-12-06 09:06:55
1638781615627465000,19.9,1,19.8,33,19.9,11,1,2021-12-06 09:06:55
1638781615746223000,19.85,2,19.85,3,19.9,11,2,2021-12-06 09:06:55
1638781615848495000,19.9,11,19.85,8,19.95,22,1,2021-12-06 09:06:55
1638781616143406000,19.85,3,19.85,8,19.95,20,2,2021-12-06 09:06:56
1638781616475455000,19.85,14,19.8,33,19.95,20,2,2021-12-06 09:06:56
1638781616475455000,19.8,16,19.8,33,19.95,20,2,2021-12-06 09:06:56
1638781616874995000,19.85,3,19.85,17,19.95,20,1,2021-12-06 09:06:56
1638781616913589000,19.85,1,19.85,19,19.9,2,2,2021-12-06 09:06:56
1638781616914039000,19.9,2,19.85,19,19.95,20,1,2021-12-06 09:06:56
1638781617538599000,19.85,10,19.85,22,19.95,20,2,2021-12-06 09:06:57
1638781617665487000,19.85,3,19.85,24,19.95,20,2,2021-12-06 09:06:57
1638781617748081000,19.95,10,19.85,24,19.95,10,1,2021-12-06 09:06:57
1638781617882615000,19.9,1,19.85,22,19.95,10,2,2021-12-06 09:06:57
1638781617882615000,19.85,22,19.85,22,19.95,10,2,2021-12-06 09:06:57
1638781618413093000,19.85,5,19.85,17,19.95,10,2,2021-12-06 09:06:58
1638781618438823000,19.85,3,19.85,14,19.95,10,2,2021-12-06 09:06:58
1638781618564787000,19.85,1,19.85,13,19.95,10,2,2021-12-06 09:06:58
1638781618608137000,19.95,1,19.85,13,19.95,9,1,2021-12-06 09:06:58
1638781618859113000,19.95,5,19.85,16,19.95,4,1,2021-12-06 09:06:58
1638781619185257000,19.85,1,19.85,24,19.95,4,2,2021-12-06 09:06:59
1638781619376595000,19.9,5,19.85,9,19.95,4,1,2021-12-06 09:06:59
1638781619376595000,19.85,15,19.85,9,19.95,4,2,2021-12-06 09:06:59
1638781619646514000,19.9,2,19.85,49,19.95,4,1,2021-12-06 09:06:59
1638781619766836000,19.95,4,19.85,49,20.0,35,1,2021-12-06 09:06:59
1638781619766836000,20.0,6,19.85,49,20.0,35,1,2021-12-06 09:06:59
1638781619924033000,19.85,1,19.85,48,20.0,37,2,2021-12-06 09:06:59
1638781620007131000,19.85,1,19.85,47,20.0,37,2,2021-12-06 09:07:00
1638781620157375000,19.9,1,19.85,47,20.0,37,1,2021-12-06 09:07:00
1638781620174270000,19.85,3,19.85,44,20.0,37,2,2021-12-06 09:07:00
1638781620200409000,19.85,1,19.85,43,20.0,37,2,2021-12-06 09:07:00
1638781620355358000,19.85,2,19.85,41,20.0,37,2,2021-12-06 09:07:00
1638781620599507000,19.85,5,19.85,44,20.0,37,2,2021-12-06 09:07:00
1638781620849589000,19.85,5,19.85,43,20.0,37,2,2021-12-06 09:07:00
1638781621526615000,19.9,2,19.85,46,19.95,2,1,2021-12-06 09:07:01
1638781621652327000,19.95,1,19.85,47,19.95,1,1,2021-12-06 09:07:01
1638781622315473000,19.95,1,19.9,32,20.0,41,1,2021-12-06 09:07:02
1638781622452581000,19.9,32,19.85,28,20.0,41,2,2021-12-06 09:07:02
1638781622452581000,19.85,28,19.85,28,20.0,41,2,2021-12-06 09:07:02
1638781622764142000,19.9,1,19.85,31,20.0,41,1,2021-12-06 09:07:02
1638781622905792000,19.85,4,19.85,27,20.0,41,2,2021-12-06 09:07:02
1638781623474500000,19.95,1,19.9,2,20.0,41,1,2021-12-06 09:07:03
1638781623822021000,19.9,5,19.9,5,20.0,41,2,2021-12-06 09:07:03
1638781624287399000,19.9,1,19.9,4,20.0,43,2,2021-12-06 09:07:04
1638781624750413000,19.9,1,19.9,3,20.0,43,2,2021-12-06 09:07:04
1638781624915303000,19.9,2,19.9,1,20.0,63,2,2021-12-06 09:07:04
1638781625196298000,19.9,2,19.85,29,20.0,64,2,2021-12-06 09:07:05
1638781625196298000,19.85,2,19.85,29,20.0,64,2,2021-12-06 09:07:05
1638781625197822000,19.85,29,19.8,59,20.0,64,2,2021-12-06 09:07:05
1638781625197822000,19.8,1,19.8,59,20.0,64,2,2021-12-06 09:07:05
1638781625366960000,19.85,1,19.85,2,19.95,3,1,2021-12-06 09:07:05
1638781626119744000,19.9,2,19.9,1,19.95,4,1,2021-12-06 09:07:06
1638781626600024000,19.9,10,19.9,1,19.95,5,2,2021-12-06 09:07:06
1638781626636913000,19.9,1,19.85,5,19.95,5,2,2021-12-06 09:07:06
1638781626974658000,19.9,1,19.85,10,19.9,4,2,2021-12-06 09:07:06
1638781627284900000,19.85,10,19.85,9,19.9,4,2,2021-12-06 09:07:07
1638781627401994000,19.9,4,19.9,6,19.95,10,1,2021-12-06 09:07:07
1638781628095614000,19.9,1,19.9,5,19.95,20,2,2021-12-06 09:07:08
1638781628689523000,19.9,1,19.9,6,19.95,45,2,2021-12-06 09:07:08
1638781629444599000,19.9,2,19.9,5,19.95,45,2,2021-12-06 09:07:09
1638781629459476000,19.9,2,19.9,3,19.95,45,2,2021-12-06 09:07:09
1638781629649423000,19.9,1,19.9,2,19.95,45,2,2021-12-06 09:07:09
1638781630225033000,19.9,2,19.9,1,19.95,45,2,2021-12-06 09:07:10
1638781630530932000,19.9,1,19.85,59,19.95,45,2,2021-12-06 09:07:10
1638781630530932000,19.85,4,19.85,59,19.95,45,2,2021-12-06 09:07:10
1638781630594097000,19.85,5,19.85,74,19.95,50,2,2021-12-06 09:07:10
1638781630769939000,19.9,1,19.85,74,19.95,51,1,2021-12-06 09:07:10
1638781631217393000,19.9,2,19.85,75,19.9,2,1,2021-12-06 09:07:11
1638781631505116000,19.85,1,19.85,74,19.9,2,2,2021-12-06 09:07:11
1638781631586889000,19.85,8,19.85,66,19.9,2,2,2021-12-06 09:07:11
1638781631705007000,19.85,3,19.85,64,19.9,2,2,2021-12-06 09:07:11
1638781631712241000,19.9,1,19.85,64,19.9,1,1,2021-12-06 09:07:11
1638781633327545000,19.9,1,19.85,61,19.9,64,1,2021-12-06 09:07:13
1638781633440911000,19.85,10,19.85,51,19.9,64,2,2021-12-06 09:07:13
1638781633464002000,19.85,10,19.85,41,19.9,64,2,2021-12-06 09:07:13
1638781633477942000,19.85,23,19.85,18,19.9,64,2,2021-12-06 09:07:13
1638781633510543000,19.85,18,19.8,62,19.9,64,2,2021-12-06 09:07:13
1638781633580631000,19.8,1,19.8,62,19.9,64,2,2021-12-06 09:07:13
1638781634117257000,19.85,2,19.8,72,19.9,49,1,2021-12-06 09:07:14
1638781634117257000,19.9,18,19.8,72,19.9,49,1,2021-12-06 09:07:14
1638781634276247000,19.85,2,19.85,3,19.9,49,2,2021-12-06 09:07:14
1638781634477565000,19.85,3,19.8,73,19.85,6,2,2021-12-06 09:07:14
1638781634499180000,19.8,30,19.8,43,19.85,6,2,2021-12-06 09:07:14
1638781634503002000,19.85,6,19.85,4,19.9,49,1,2021-12-06 09:07:14
1638781634567782000,19.85,4,19.8,43,19.85,1,2,2021-12-06 09:07:14
1638781635055366000,19.85,1,19.8,43,19.85,2,1,2021-12-06 09:07:15
1638781635399964000,19.8,1,19.8,45,19.85,2,2,2021-12-06 09:07:15
1638781635401571000,19.8,1,19.8,44,19.85,2,2,2021-12-06 09:07:15
1638781635428107000,19.85,2,19.8,44,19.9,67,1,2021-12-06 09:07:15
1638781635717223000,19.85,2,19.85,1,19.9,67,2,2021-12-06 09:07:15
1638781636093425000,19.85,1,19.8,45,19.85,2,2,2021-12-06 09:07:16
1638781636102334000,19.85,2,19.8,45,19.9,67,1,2021-12-06 09:07:16
1638781636814552000,19.9,1,19.8,51,19.9,66,1,2021-12-06 09:07:16
1638781637286924000,19.85,1,19.85,9,19.9,66,2,2021-12-06 09:07:17
1638781637356788000,19.9,1,19.85,9,19.9,65,1,2021-12-06 09:07:17
1638781637549322000,19.85,9,19.8,20,19.9,65,2,2021-12-06 09:07:17
1638781637549322000,19.8,31,19.8,20,19.9,65,2,2021-12-06 09:07:17
1638781637672875000,19.85,1,19.8,18,19.9,65,1,2021-12-06 09:07:17
1638781637672875000,19.8,2,19.8,18,19.9,65,2,2021-12-06 09:07:17
1638781637903414000,19.9,2,19.8,18,19.9,63,1,2021-12-06 09:07:17
1638781638379847000,19.85,1,19.8,13,19.9,63,2,2021-12-06 09:07:18
1638781638379847000,19.8,5,19.8,13,19.9,63,2,2021-12-06 09:07:18
1638781639197643000,19.8,18,19.75,83,19.85,1,2,2021-12-06 09:07:19
1638781639197643000,19.75,32,19.75,83,19.85,1,2,2021-12-06 09:07:19
1638781639497848000,19.75,1,19.75,82,19.85,1,2,2021-12-06 09:07:19
1638781639867582000,19.8,1,19.75,73,19.85,6,1,2021-12-06 09:07:19
1638781639867582000,19.75,9,19.75,73,19.85,6,2,2021-12-06 09:07:19
1638781640357419000,19.75,3,19.75,65,19.85,21,2,2021-12-06 09:07:20
1638781640712007000,19.8,1,19.75,59,19.8,4,1,2021-12-06 09:07:20
1638781640752700000,19.8,4,19.8,6,19.85,21,1,2021-12-06 09:07:20
1638781640843986000,19.85,10,19.8,6,19.85,11,1,2021-12-06 09:07:20
1638781640893505000,19.8,1,19.8,5,19.85,11,2,2021-12-06 09:07:20
1638781641425516000,19.85,5,19.8,17,19.85,6,1,2021-12-06 09:07:21
1638781641496278000,19.8,17,19.75,26,19.85,6,2,2021-12-06 09:07:21
1638781641496278000,19.75,33,19.75,26,19.85,6,2,2021-12-06 09:07:21
1638781641830101000,19.75,2,19.75,24,19.85,8,2,2021-12-06 09:07:21
1638781644024245000,19.75,1,19.75,24,19.8,4,2,2021-12-06 09:07:24
1638781644263284000,19.75,4,19.75,20,19.8,5,2,2021-12-06 09:07:24
1638781644317888000,19.8,1,19.75,20,19.8,4,1,2021-12-06 09:07:24
1638781644501549000,19.75,5,19.75,15,19.8,4,2,2021-12-06 09:07:24
1638781644683945000,19.8,4,19.8,6,19.85,49,1,2021-12-06 09:07:24
1638781644740667000,19.8,1,19.8,5,19.85,49,2,2021-12-06 09:07:24
1638781644791134000,19.85,5,19.8,5,19.85,44,1,2021-12-06 09:07:24
1638781645179844000,19.8,1,19.8,4,19.85,44,2,2021-12-06 09:07:25
1638781645366936000,19.8,1,19.8,3,19.85,44,2,2021-12-06 09:07:25
1638781645788348000,19.8,3,19.75,49,19.85,44,2,2021-12-06 09:07:25
1638781645788348000,19.75,7,19.75,49,19.85,44,2,2021-12-06 09:07:25
1638781645915297000,19.75,1,19.75,54,19.85,44,2,2021-12-06 09:07:25
1638781646102587000,19.75,1,19.75,53,19.85,44,2,2021-12-06 09:07:26
1638781646367379000,19.8,2,19.75,53,19.8,18,1,2021-12-06 09:07:26
1638781646477757000,19.75,2,19.75,51,19.8,18,2,2021-12-06 09:07:26
1638781647352749000,19.75,1,19.75,56,19.8,18,2,2021-12-06 09:07:27
1638781647694197000,19.8,1,19.75,56,19.8,19,1,2021-12-06 09:07:27
1638781648318828000,19.8,1,19.75,56,19.8,18,1,2021-12-06 09:07:28
1638781648712614000,19.75,2,19.75,55,19.8,20,2,2021-12-06 09:07:28
1638781649527604000,19.8,4,19.75,62,19.8,18,1,2021-12-06 09:07:29
1638781650291721000,19.75,1,19.75,63,19.8,47,2,2021-12-06 09:07:30
1638781650397324000,19.75,5,19.75,60,19.8,48,2,2021-12-06 09:07:30
1638781650603320000,19.75,1,19.75,61,19.8,49,2,2021-12-06 09:07:30
1638781650639793000,19.8,1,19.75,61,19.8,48,1,2021-12-06 09:07:30
1638781650651988000,19.8,1,19.75,61,19.8,47,1,2021-12-06 09:07:30
1638781651180143000,19.8,1,19.75,61,19.8,46,1,2021-12-06 09:07:31
1638781652229983000,19.75,15,19.75,53,19.8,46,2,2021-12-06 09:07:32
1638781652371721000,19.8,1,19.75,49,19.8,45,1,2021-12-06 09:07:32
1638781652585598000,19.75,8,19.75,41,19.8,45,2,2021-12-06 09:07:32
1638781652990937000,19.75,10,19.75,31,19.8,45,2,2021-12-06 09:07:32
1638781653020481000,19.8,10,19.75,31,19.8,35,1,2021-12-06 09:07:33
1638781653126975000,19.8,30,19.75,31,19.8,5,1,2021-12-06 09:07:33
1638781653166192000,19.8,2,19.75,31,19.8,3,1,2021-12-06 09:07:33
1638781653167141000,19.8,3,19.8,2,19.85,35,1,2021-12-06 09:07:33
1638781653343582000,19.8,2,19.75,16,19.85,36,2,2021-12-06 09:07:33
1638781653343582000,19.75,15,19.75,16,19.85,36,2,2021-12-06 09:07:33
1638781653466562000,19.75,2,19.75,18,19.85,36,2,2021-12-06 09:07:33
1638781653581589000,19.75,18,19.7,47,19.85,36,2,2021-12-06 09:07:33
1638781653581589000,19.7,2,19.7,47,19.85,36,2,2021-12-06 09:07:33
1638781653630544000,19.7,1,19.7,46,19.8,2,2,2021-12-06 09:07:33
1638781654501169000,19.75,1,19.75,5,19.8,3,1,2021-12-06 09:07:34
1638781654600761000,19.75,3,19.75,2,19.8,3,2,2021-12-06 09:07:34
1638781654775742000,19.75,2,19.7,53,19.8,3,2,2021-12-06 09:07:34
1638781654775742000,19.7,3,19.7,53,19.8,3,2,2021-12-06 09:07:34
1638781655076731000,19.75,1,19.7,53,19.8,4,1,2021-12-06 09:07:35
1638781655381936000,19.7,2,19.7,51,19.8,4,2,2021-12-06 09:07:35
1638781655724035000,19.75,1,19.75,16,19.8,4,1,2021-12-06 09:07:35
1638781655858765000,19.75,10,19.75,6,19.8,24,2,2021-12-06 09:07:35
1638781657019040000,19.75,1,19.75,26,19.8,28,2,2021-12-06 09:07:37
1638781657582478000,19.75,1,19.75,30,19.8,28,2,2021-12-06 09:07:37
1638781657753940000,19.8,1,19.75,30,19.8,32,1,2021-12-06 09:07:37
1638781657759523000,19.75,1,19.75,29,19.8,32,2,2021-12-06 09:07:37
1638781658026638000,19.75,4,19.75,25,19.8,32,2,2021-12-06 09:07:38
1638781658201352000,19.75,2,19.75,23,19.8,32,2,2021-12-06 09:07:38
1638781658473901000,19.75,2,19.75,21,19.8,32,2,2021-12-06 09:07:38
1638781658530593000,19.75,5,19.75,18,19.8,32,2,2021-12-06 09:07:38
1638781658581747000,19.75,2,19.75,17,19.8,32,2,2021-12-06 09:07:38
1638781658881822000,19.8,20,19.75,17,19.8,12,1,2021-12-06 09:07:38
1638781659173573000,19.8,10,19.75,43,19.8,6,1,2021-12-06 09:07:39
1638781659280126000,19.75,3,19.75,40,19.8,6,2,2021-12-06 09:07:39
1638781659405440000,19.75,1,19.75,39,19.8,6,2,2021-12-06 09:07:39
1638781659756851000,19.75,6,19.75,34,19.8,9,2,2021-12-06 09:07:39
1638781659811605000,19.75,3,19.75,31,19.8,9,2,2021-12-06 09:07:39
1638781659937020000,19.8,2,19.75,31,19.8,7,1,2021-12-06 09:07:39
1638781660278130000,19.8,2,19.75,31,19.8,6,1,2021-12-06 09:07:40
1638781660410592000,19.75,2,19.75,29,19.8,6,2,2021-12-06 09:07:40
1638781660749401000,19.8,6,19.8,4,19.85,32,1,2021-12-06 09:07:40
1638781661147945000,19.8,6,19.75,15,19.85,32,2,2021-12-06 09:07:41
1638781661147945000,19.75,14,19.75,15,19.85,32,2,2021-12-06 09:07:41
1638781661422943000,19.85,2,19.75,16,19.85,30,1,2021-12-06 09:07:41
1638781661880649000,19.75,2,19.75,24,19.85,32,2,2021-12-06 09:07:41
1638781663222527000,19.75,3,19.75,56,19.8,3,2,2021-12-06 09:07:43
1638781663376919000,19.8,3,19.8,7,19.85,32,1,2021-12-06 09:07:43
1638781665716666000,19.8,10,19.8,12,19.85,33,2,2021-12-06 09:07:45
1638781665754983000,19.8,1,19.8,11,19.85,33,2,2021-12-06 09:07:45
1638781666314263000,19.8,1,19.8,13,19.85,33,2,2021-12-06 09:07:46
1638781666353342000,19.8,10,19.8,3,19.85,33,2,2021-12-06 09:07:46
1638781666661206000,19.85,1,19.8,5,19.85,32,1,2021-12-06 09:07:46
1638781667390165000,19.8,8,19.75,68,19.8,17,2,2021-12-06 09:07:47
1638781667831647000,19.8,1,19.75,74,19.8,17,1,2021-12-06 09:07:47
1638781668429705000,19.8,10,19.75,74,19.8,10,1,2021-12-06 09:07:48
1638781668943760000,19.8,10,19.75,74,19.8,5,1,2021-12-06 09:07:48
1638781670200294000,19.8,1,19.75,74,19.8,24,1,2021-12-06 09:07:50
1638781670294019000,19.8,3,19.75,74,19.8,21,1,2021-12-06 09:07:50
1638781670876318000,19.8,1,19.75,74,19.8,22,1,2021-12-06 09:07:50
1638781671195416000,19.8,1,19.75,74,19.8,21,1,2021-12-06 09:07:51
1638781672054525000,19.8,1,19.75,74,19.8,24,1,2021-12-06 09:07:52
1638781672226336000,19.8,10,19.75,69,19.8,14,1,2021-12-06 09:07:52
1638781672262465000,19.8,14,19.75,69,19.85,54,1,2021-12-06 09:07:52
1638781672474875000,19.85,25,19.75,69,19.85,29,1,2021-12-06 09:07:52
1638781672572319000,19.8,1,19.75,69,19.8,19,2,2021-12-06 09:07:52
1638781672683706000,19.8,1,19.75,69,19.8,18,1,2021-12-06 09:07:52
1638781672754765000,19.8,1,19.75,69,19.8,17,1,2021-12-06 09:07:52
1638781672775882000,19.8,10,19.75,69,19.8,7,1,2021-12-06 09:07:52
1638781672789578000,19.8,7,19.75,69,19.85,29,1,2021-12-06 09:07:52
1638781674179268000,19.8,1,19.8,7,19.85,29,2,2021-12-06 09:07:54
1638781674538163000,19.8,1,19.8,10,19.85,29,2,2021-12-06 09:07:54
1638781674860267000,19.8,1,19.8,14,19.85,29,2,2021-12-06 09:07:54
1638781676041663000,19.85,5,19.8,53,19.85,24,1,2021-12-06 09:07:56
1638781676121667000,19.8,3,19.8,50,19.85,24,2,2021-12-06 09:07:56
1638781678934685000,19.8,2,19.8,56,19.85,26,2,2021-12-06 09:07:58
1638781679144505000,19.8,1,19.8,55,19.85,26,2,2021-12-06 09:07:59
1638781679392431000,19.8,10,19.8,45,19.85,26,2,2021-12-06 09:07:59
1638781680048387000,19.8,3,19.8,42,19.85,26,2,2021-12-06 09:08:00
1638781681829733000,19.8,3,19.8,44,19.85,27,2,2021-12-06 09:08:01
1638781682020820000,19.8,2,19.8,42,19.85,27,2,2021-12-06 09:08:02
1638781683736284000,19.8,1,19.8,44,19.85,28,2,2021-12-06 09:08:03
1638781684032753000,19.85,10,19.8,44,19.85,18,1,2021-12-06 09:08:04
1638781684116950000,19.8,1,19.8,43,19.85,18,2,2021-12-06 09:08:04
1638781685877362000,19.8,10,19.8,38,19.85,20,2,2021-12-06 09:08:05
1638781686136865000,19.8,3,19.8,35,19.85,20,2,2021-12-06 09:08:06
1638781686311162000,19.8,1,19.8,34,19.85,20,2,2021-12-06 09:08:06
1638781686754255000,19.8,1,19.8,33,19.85,20,2,2021-12-06 09:08:06
1638781686810131000,19.85,20,19.8,33,19.9,135,1,2021-12-06 09:08:06
1638781687829025000,19.85,1,19.8,60,19.85,1,1,2021-12-06 09:08:07
1638781688292614000,19.8,1,19.8,61,19.85,1,2,2021-12-06 09:08:08
1638781688326396000,19.8,6,19.8,55,19.85,1,2,2021-12-06 09:08:08
