ts,close,volume,bid_price,bid_volume,ask_price,ask_volume,tick_type,datetime
1641805213609819000,91.1,1355,91.0,10,91.1,2,1,2022-01-10 09:00:13
1641805213719151000,91.0,10,90.5,11,91.1,14,2,2022-01-10 09:00:13
1641805213721438000,91.1,1,90.5,11,91.1,13,1,2022-01-10 09:00:13
1641805213797589000,90.5,1,90.5,10,91.0,12,2,2022-01-10 09:00:13
1641805213875139000,90.5,2,90.5,8,91.0,14,2,2022-01-10 09:00:13
1641805214231164000,90.5,2,90.5,6,91.0,14,2,2022-01-10 09:00:14
1641805214273492000,90.5,6,90.4,5,91.0,14,2,2022-01-10 09:00:14
1641805214658957000,90.4,5,90.0,8,91.0,14,2,2022-01-10 09:00:14
1641805214658957000,90.3,2,90.0,8,91.0,14,2,2022-01-10 09:00:14
1641805214658957000,90.0,7,90.0,8,91.0,14,2,2022-01-10 09:00:14
1641805216037203000,91.0,1,90.0,8,91.0,1,1,2022-01-10 09:00:16
1641805216412759000,90.5,1,90.0,8,91.0,1,2,2022-01-10 09:00:16
1641805216512282000,91.0,1,90.0,8,91.1,13,1,2022-01-10 09:00:16
1641805216780048000,90.8,1,90.0,8,91.0,12,1,2022-01-10 09:00:16
1641805217474082000,91.0,10,90.0,8,91.0,2,1,2022-01-10 09:00:17
1641805217667708000,91.0,1,90.1,10,91.0,1,1,2022-01-10 09:00:17
1641805217834162000,90.9,1,90.5,1,91.0,1,1,2022-01-10 09:00:17
1641805217880204000,91.0,1,90.5,1,91.1,13,1,2022-01-10 09:00:17
1641805218177297000,91.1,4,90.6,1,91.1,9,1,2022-01-10 09:00:18
1641805218319463000,91.1,2,90.6,1,91.1,7,1,2022-01-10 09:00:18
1641805218919222000,91.1,2,90.6,1,91.1,14,1,2022-01-10 09:00:18
1641805219224637000,90.9,1,90.6,1,90.9,1,1,2022-01-10 09:00:19
1641805219259032000,90.9,1,90.6,1,91.3,3,1,2022-01-10 09:00:19
1641805219344687000,91.3,2,90.6,1,91.3,1,1,2022-01-10 09:00:19
1641805219699199000,91.3,1,90.6,1,91.4,5,1,2022-01-10 09:00:19
1641805220027894000,90.8,10,90.6,1,91.4,5,1,2022-01-10 09:00:20
1641805220169644000,91.0,4,90.6,1,91.4,5,1,2022-01-10 09:00:20
1641805220694085000,91.0,1,90.8,1,91.4,5,2,2022-01-10 09:00:20
1641805220790037000,91.4,1,90.8,1,91.4,4,1,2022-01-10 09:00:20
1641805220834841000,91.4,3,90.8,1,91.4,1,1,2022-01-10 09:00:20
1641805220987605000,91.1,1,91.1,1,91.4,1,2,2022-01-10 09:00:20
1641805221023189000,91.1,1,90.8,1,91.4,1,2,2022-01-10 09:00:21
1641805221824404000,91.3,1,91.0,3,91.4,1,1,2022-01-10 09:00:21
1641805221888473000,91.4,1,91.0,3,91.5,78,1,2022-01-10 09:00:21
1641805222032541000,91.5,1,91.0,4,91.5,77,1,2022-01-10 09:00:22
1641805222136874000,91.5,3,91.0,4,91.5,74,1,2022-01-10 09:00:22
1641805222394964000,91.3,1,91.0,5,91.5,74,2,2022-01-10 09:00:22
1641805222445257000,91.0,2,91.0,3,91.5,74,2,2022-01-10 09:00:22
1641805222911321000,91.5,3,91.4,1,91.5,71,1,2022-01-10 09:00:22
1641805222930797000,91.5,2,91.4,1,91.5,69,1,2022-01-10 09:00:22
1641805222934173000,91.4,1,91.0,4,91.5,69,2,2022-01-10 09:00:22
1641805222987393000,91.5,1,91.0,4,91.5,68,1,2022-01-10 09:00:22
1641805223296653000,91.5,1,91.1,1,91.5,77,1,2022-01-10 09:00:23
1641805223443067000,91.5,19,91.2,8,91.5,58,1,2022-01-10 09:00:23
1641805223892724000,91.2,1,91.2,7,91.3,10,2,2022-01-10 09:00:23
1641805224517030000,91.3,2,91.2,7,91.3,8,1,2022-01-10 09:00:24
1641805224659306000,91.3,8,91.2,7,91.4,1,1,2022-01-10 09:00:24
1641805224827071000,91.4,1,91.2,7,91.5,53,1,2022-01-10 09:00:24
1641805224986346000,91.5,1,91.2,7,91.5,52,1,2022-01-10 09:00:24
1641805225067710000,91.5,1,91.2,7,91.5,51,1,2022-01-10 09:00:25
1641805225224883000,91.5,1,91.2,7,91.5,50,1,2022-01-10 09:00:25
1641805225235838000,91.2,1,91.2,6,91.5,50,2,2022-01-10 09:00:25
1641805225312677000,91.2,6,91.0,26,91.1,2,2,2022-01-10 09:00:25
1641805225312677000,91.1,2,91.0,26,91.1,2,2,2022-01-10 09:00:25
1641805225342358000,91.1,2,91.0,26,91.5,50,1,2022-01-10 09:00:25
1641805225391786000,91.5,1,91.0,26,91.5,49,1,2022-01-10 09:00:25
1641805225623473000,91.5,1,91.0,30,91.5,48,1,2022-01-10 09:00:25
1641805225669708000,91.2,2,91.0,35,91.5,48,1,2022-01-10 09:00:25
1641805226044952000,91.4,2,91.3,2,91.5,40,1,2022-01-10 09:00:26
1641805226044952000,91.5,8,91.3,2,91.5,40,1,2022-01-10 09:00:26
1641805226180626000,91.5,1,91.3,2,91.5,39,1,2022-01-10 09:00:26
1641805226218484000,91.5,39,91.3,2,91.6,4,1,2022-01-10 09:00:26
1641805226255267000,91.6,2,91.3,2,91.6,2,1,2022-01-10 09:00:26
1641805226509942000,91.6,2,91.3,2,91.7,2,1,2022-01-10 09:00:26
1641805226548786000,91.7,1,91.3,2,91.7,1,1,2022-01-10 09:00:26
1641805226611318000,91.5,2,91.3,2,91.7,1,2,2022-01-10 09:00:26
1641805226692877000,91.7,1,91.3,2,91.7,4,1,2022-01-10 09:00:26
1641805226749508000,91.7,4,91.3,2,91.8,35,1,2022-01-10 09:00:26
1641805226749508000,91.8,1,91.3,2,91.8,35,1,2022-01-10 09:00:26
1641805226842504000,91.8,1,91.3,2,91.8,34,1,2022-01-10 09:00:26
1641805226954709000,91.3,1,91.3,1,91.8,34,2,2022-01-10 09:00:26
1641805227000399000,91.8,4,91.3,1,91.8,30,1,2022-01-10 09:00:27
1641805228189460000,91.5,1,91.5,4,91.8,30,2,2022-01-10 09:00:28
1641805228545327000,91.8,1,91.5,4,91.8,29,1,2022-01-10 09:00:28
1641805228607059000,91.5,4,91.2,2,91.8,29,2,2022-01-10 09:00:28
1641805228607059000,91.3,3,91.2,2,91.8,29,2,2022-01-10 09:00:28
1641805228607059000,91.2,3,91.2,2,91.8,29,2,2022-01-10 09:00:28
1641805228676643000,91.7,1,91.4,1,91.8,29,1,2022-01-10 09:00:28
1641805228699403000,91.8,1,91.4,1,91.8,28,1,2022-01-10 09:00:28
1641805228788187000,91.5,1,91.4,1,91.8,28,2,2022-01-10 09:00:28
1641805229086030000,91.8,1,91.5,1,91.8,27,1,2022-01-10 09:00:29
1641805229097318000,91.8,10,91.5,1,91.8,17,1,2022-01-10 09:00:29
1641805229097400000,91.8,1,91.5,1,91.8,16,1,2022-01-10 09:00:29
1641805229097434000,91.8,1,91.5,1,91.8,15,1,2022-01-10 09:00:29
1641805229192764000,91.8,1,91.5,1,91.8,14,1,2022-01-10 09:00:29
1641805229230917000,91.8,3,91.5,1,91.8,11,1,2022-01-10 09:00:29
1641805229339816000,91.8,1,91.5,1,91.8,10,1,2022-01-10 09:00:29
1641805229670764000,91.5,1,91.4,1,91.7,3,2,2022-01-10 09:00:29
1641805229911433000,91.5,1,91.4,1,91.7,3,2,2022-01-10 09:00:29
1641805230272063000,91.7,2,91.6,1,91.7,1,1,2022-01-10 09:00:30
1641805230283579000,91.7,1,91.6,1,91.8,10,1,2022-01-10 09:00:30
1641805230438241000,91.8,4,91.6,1,91.8,6,1,2022-01-10 09:00:30
1641805230522596000,91.8,1,91.6,1,91.8,5,1,2022-01-10 09:00:30
1641805230723922000,91.6,1,91.5,3,91.8,5,2,2022-01-10 09:00:30
1641805231297504000,91.5,1,91.5,2,91.8,10,2,2022-01-10 09:00:31
1641805232503962000,91.5,3,91.2,5,91.8,10,2,2022-01-10 09:00:32
1641805232503962000,91.3,2,91.2,5,91.8,10,2,2022-01-10 09:00:32
1641805232608770000,91.7,1,91.3,1,91.8,1,1,2022-01-10 09:00:32
1641805232608770000,91.8,9,91.3,1,91.8,1,1,2022-01-10 09:00:32
1641805232763980000,91.9,2,91.5,1,91.9,57,1,2022-01-10 09:00:32
1641805233098579000,91.7,1,91.6,1,91.9,57,2,2022-01-10 09:00:33
1641805233314283000,91.6,1,91.5,1,91.6,4,2,2022-01-10 09:00:33
1641805233699735000,91.6,4,91.5,12,91.9,57,1,2022-01-10 09:00:33
1641805233764567000,91.6,1,91.5,14,91.9,57,2,2022-01-10 09:00:33
1641805233812540000,91.9,1,91.5,26,91.9,56,1,2022-01-10 09:00:33
1641805233942160000,91.9,1,91.5,14,91.9,55,1,2022-01-10 09:00:33
1641805234224619000,91.8,1,91.6,1,91.9,46,1,2022-01-10 09:00:34
1641805234224619000,91.9,9,91.6,1,91.9,46,1,2022-01-10 09:00:34
1641805234400048000,91.8,2,91.6,1,91.9,46,1,2022-01-10 09:00:34
1641805234561065000,91.9,3,91.6,1,91.9,43,1,2022-01-10 09:00:34
1641805234967884000,91.6,1,91.5,8,91.7,1,2,2022-01-10 09:00:34
1641805234967884000,91.5,9,91.5,8,91.7,1,2,2022-01-10 09:00:34
1641805235045522000,91.7,1,91.5,9,91.9,43,1,2022-01-10 09:00:35
1641805235115939000,91.9,1,91.5,21,91.9,42,1,2022-01-10 09:00:35
1641805235439531000,91.9,10,91.5,21,91.9,32,1,2022-01-10 09:00:35
1641805235990784000,91.9,1,91.6,1,91.9,31,1,2022-01-10 09:00:35
1641805235997736000,91.9,1,91.6,1,91.9,30,1,2022-01-10 09:00:35
1641805236266674000,91.9,1,91.6,3,91.9,30,1,2022-01-10 09:00:36
1641805236278798000,91.6,1,91.6,2,91.9,30,2,2022-01-10 09:00:36
1641805236411729000,91.6,1,91.6,1,91.9,30,2,2022-01-10 09:00:36
1641805236625762000,91.6,1,91.5,11,91.9,31,2,2022-01-10 09:00:36
1641805236625762000,91.5,9,91.5,11,91.9,31,2,2022-01-10 09:00:36
1641805236703624000,91.9,1,91.5,11,91.9,30,1,2022-01-10 09:00:36
1641805236730464000,91.9,2,91.5,11,91.9,28,1,2022-01-10 09:00:36
1641805236823572000,91.9,1,91.5,23,91.9,27,1,2022-01-10 09:00:36
1641805237033038000,91.9,1,91.5,23,91.9,26,1,2022-01-10 09:00:37
1641805237060154000,91.8,1,91.5,11,91.9,26,2,2022-01-10 09:00:37
1641805237409132000,91.9,4,91.6,1,91.9,24,1,2022-01-10 09:00:37
1641805237609447000,91.6,1,91.5,3,91.9,24,2,2022-01-10 09:00:37
1641805237609447000,91.5,9,91.5,3,91.9,24,2,2022-01-10 09:00:37
1641805237927275000,91.5,4,91.4,2,91.5,34,2,2022-01-10 09:00:37
1641805237966900000,91.5,1,91.4,2,91.5,33,1,2022-01-10 09:00:37
1641805238576818000,91.5,1,91.4,2,91.5,32,1,2022-01-10 09:00:38
1641805238716964000,91.5,1,91.4,2,91.5,31,1,2022-01-10 09:00:38
1641805239120038000,91.5,1,91.4,2,91.5,30,1,2022-01-10 09:00:39
1641805239169028000,91.5,2,91.4,2,91.5,28,1,2022-01-10 09:00:39
1641805239459625000,91.4,2,91.3,1,91.4,8,2,2022-01-10 09:00:39
1641805239689235000,91.4,1,91.3,1,91.4,7,1,2022-01-10 09:00:39
1641805239706384000,91.4,1,91.3,1,91.4,6,1,2022-01-10 09:00:39
1641805239749546000,91.4,5,91.3,1,91.4,11,1,2022-01-10 09:00:39
1641805239917527000,91.4,1,91.3,1,91.4,10,1,2022-01-10 09:00:39
1641805239921987000,91.4,1,91.3,1,91.4,9,1,2022-01-10 09:00:39
1641805239946386000,91.4,2,91.3,1,91.4,7,1,2022-01-10 09:00:39
1641805240103009000,91.4,2,91.3,1,91.4,5,1,2022-01-10 09:00:40
1641805240190585000,91.4,1,91.3,1,91.4,4,1,2022-01-10 09:00:40
1641805240224102000,91.4,4,91.3,1,91.9,27,1,2022-01-10 09:00:40
1641805240247616000,91.3,1,91.2,9,91.9,27,2,2022-01-10 09:00:40
1641805240282231000,91.9,1,91.2,21,91.9,26,1,2022-01-10 09:00:40
1641805240801917000,91.3,1,91.2,21,91.9,26,1,2022-01-10 09:00:40
1641805241188503000,91.6,1,91.5,1,91.9,27,2,2022-01-10 09:00:41
1641805241324328000,91.9,1,91.8,3,91.9,26,1,2022-01-10 09:00:41
1641805241344466000,91.8,3,91.5,1,91.9,26,2,2022-01-10 09:00:41
1641805241857386000,91.9,1,91.5,6,91.9,25,1,2022-01-10 09:00:41
1641805241979992000,91.9,2,91.5,7,91.9,23,1,2022-01-10 09:00:41
1641805242074782000,91.9,1,91.5,7,91.9,22,1,2022-01-10 09:00:42
1641805242146534000,91.9,1,91.5,7,91.9,21,1,2022-01-10 09:00:42
1641805242177310000,91.9,1,91.5,7,91.9,20,1,2022-01-10 09:00:42
1641805242212970000,91.5,5,91.5,2,91.9,20,2,2022-01-10 09:00:42
1641805242462112000,91.5,3,91.2,9,91.9,20,2,2022-01-10 09:00:42
1641805242462112000,91.3,17,91.2,9,91.9,20,2,2022-01-10 09:00:42
1641805242604488000,91.8,5,91.2,9,91.8,8,1,2022-01-10 09:00:42
1641805242829962000,91.6,1,91.3,1,91.8,8,2,2022-01-10 09:00:42
1641805243188406000,91.4,1,91.3,1,91.4,9,1,2022-01-10 09:00:43
1641805243330003000,91.4,4,91.3,1,91.4,15,1,2022-01-10 09:00:43
1641805243374113000,91.4,1,91.3,1,91.4,14,1,2022-01-10 09:00:43
1641805243426634000,91.4,1,91.3,1,91.4,13,1,2022-01-10 09:00:43
1641805243449241000,91.4,5,91.3,1,91.4,8,1,2022-01-10 09:00:43
1641805243462434000,91.4,3,91.3,1,91.4,5,1,2022-01-10 09:00:43
1641805243573514000,91.4,1,91.3,1,91.4,14,1,2022-01-10 09:00:43
1641805243805999000,91.4,1,91.3,1,91.4,23,1,2022-01-10 09:00:43
1641805243962580000,91.4,3,91.3,1,91.4,20,1,2022-01-10 09:00:43
1641805244603730000,91.3,1,91.0,59,91.4,20,2,2022-01-10 09:00:44
1641805244603730000,91.2,8,91.0,59,91.4,20,2,2022-01-10 09:00:44
1641805244603730000,91.1,14,91.0,59,91.4,20,2,2022-01-10 09:00:44
1641805244603730000,91.0,5,91.0,59,91.4,20,2,2022-01-10 09:00:44
1641805244782101000,91.4,1,91.0,59,91.4,20,1,2022-01-10 09:00:44
1641805245130763000,91.3,2,91.0,59,91.3,1,1,2022-01-10 09:00:45
1641805245403756000,91.3,1,91.0,59,91.3,1,1,2022-01-10 09:00:45
1641805245425993000,91.3,1,91.0,59,91.4,19,1,2022-01-10 09:00:45
1641805245703729000,91.4,1,91.2,1,91.4,18,1,2022-01-10 09:00:45
1641805245869330000,91.3,1,91.2,1,91.4,17,1,2022-01-10 09:00:45
1641805245869330000,91.4,1,91.2,1,91.4,17,1,2022-01-10 09:00:45
1641805245967338000,91.2,1,91.0,59,91.4,17,2,2022-01-10 09:00:45
1641805245990958000,91.4,1,91.0,59,91.4,16,1,2022-01-10 09:00:45
1641805246013865000,91.4,1,91.0,59,91.4,15,1,2022-01-10 09:00:46
1641805246035265000,91.4,1,91.0,60,91.4,14,1,2022-01-10 09:00:46
1641805247178542000,91.4,2,91.3,1,91.4,12,1,2022-01-10 09:00:47
1641805247225416000,91.4,2,91.3,1,91.4,10,1,2022-01-10 09:00:47
1641805247267146000,91.4,1,91.3,1,91.4,9,1,2022-01-10 09:00:47
1641805247285546000,91.4,4,91.3,1,91.4,5,1,2022-01-10 09:00:47
1641805247321036000,91.4,4,91.3,1,91.4,1,1,2022-01-10 09:00:47
1641805247362874000,91.4,1,91.3,1,91.5,1,1,2022-01-10 09:00:47
1641805248075819000,91.3,1,91.3,1,91.5,1,2,2022-01-10 09:00:48
1641805248290164000,91.5,1,91.4,3,91.8,9,1,2022-01-10 09:00:48
1641805248290164000,91.6,3,91.4,3,91.8,9,1,2022-01-10 09:00:48
1641805248290164000,91.7,1,91.4,3,91.8,9,1,2022-01-10 09:00:48
1641805248426928000,91.4,3,91.0,60,91.1,6,2,2022-01-10 09:00:48
1641805248426928000,91.3,1,91.0,60,91.1,6,2,2022-01-10 09:00:48
1641805248462441000,91.1,5,91.0,60,91.1,1,1,2022-01-10 09:00:48
1641805248485234000,91.0,9,91.0,51,91.1,1,2,2022-01-10 09:00:48
1641805248498928000,91.1,1,91.0,51,91.3,1,1,2022-01-10 09:00:48
1641805248520136000,91.0,9,91.0,42,91.3,1,2,2022-01-10 09:00:48
1641805248922795000,91.3,1,91.0,42,91.5,10,1,2022-01-10 09:00:48
1641805249673866000,91.4,1,91.2,1,91.5,11,2,2022-01-10 09:00:49
1641805249673895000,91.2,1,91.0,42,91.5,11,2,2022-01-10 09:00:49
1641805249728372000,91.5,5,91.0,42,91.5,6,1,2022-01-10 09:00:49
1641805249859584000,91.5,2,91.0,42,91.5,4,1,2022-01-10 09:00:49
1641805249885740000,91.5,1,91.0,42,91.5,3,1,2022-01-10 09:00:49
1641805250188405000,91.1,1,91.1,2,91.5,3,2,2022-01-10 09:00:50
1641805250588317000,91.1,1,91.1,1,91.5,3,2,2022-01-10 09:00:50
1641805250619228000,91.1,1,91.0,42,91.5,3,2,2022-01-10 09:00:50
1641805250739967000,91.4,2,91.0,42,91.5,3,1,2022-01-10 09:00:50
1641805250888741000,91.4,1,91.0,37,91.5,13,2,2022-01-10 09:00:50
1641805251052457000,91.5,4,91.0,37,91.5,9,1,2022-01-10 09:00:51
1641805251388237000,91.5,1,91.0,37,91.5,8,1,2022-01-10 09:00:51
1641805251468540000,91.5,1,91.0,37,91.5,7,1,2022-01-10 09:00:51
1641805251567743000,91.5,1,91.0,38,91.5,6,1,2022-01-10 09:00:51
1641805252049580000,91.5,6,91.3,10,91.9,7,1,2022-01-10 09:00:52
1641805252049580000,91.7,1,91.3,10,91.9,7,1,2022-01-10 09:00:52
1641805252049580000,91.8,12,91.3,10,91.9,7,1,2022-01-10 09:00:52
1641805252049580000,91.9,21,91.3,10,91.9,7,1,2022-01-10 09:00:52
1641805252517362000,91.4,1,91.3,10,91.5,20,2,2022-01-10 09:00:52
1641805252652480000,91.4,1,91.3,10,91.5,30,1,2022-01-10 09:00:52
1641805252958430000,91.3,1,91.3,9,91.5,30,2,2022-01-10 09:00:52
1641805252994055000,91.3,3,91.3,6,91.5,30,2,2022-01-10 09:00:52
1641805253038306000,91.3,2,91.3,4,91.5,30,2,2022-01-10 09:00:53
1641805253067615000,91.3,2,91.3,2,91.5,30,2,2022-01-10 09:00:53
1641805253073694000,91.3,2,91.0,40,91.5,30,2,2022-01-10 09:00:53
1641805253829427000,91.0,5,91.0,36,91.1,1,2,2022-01-10 09:00:53
1641805253863506000,91.1,1,91.0,36,91.5,30,1,2022-01-10 09:00:53
1641805254288253000,91.5,1,91.4,1,91.5,31,1,2022-01-10 09:00:54
1641805254307416000,91.4,1,91.0,36,91.5,31,2,2022-01-10 09:00:54
1641805254445796000,91.5,1,91.1,4,91.5,30,1,2022-01-10 09:00:54
1641805254609056000,91.4,1,91.1,4,91.5,30,2,2022-01-10 09:00:54
1641805254990140000,91.5,1,91.3,1,91.5,29,1,2022-01-10 09:00:54
1641805255411565000,91.4,1,91.3,1,91.5,29,2,2022-01-10 09:00:55
1641805256036127000,91.5,1,91.3,1,91.5,29,1,2022-01-10 09:00:56
1641805256738047000,91.3,1,91.2,3,91.5,29,2,2022-01-10 09:00:56
1641805256902509000,91.5,3,91.2,3,91.5,26,1,2022-01-10 09:00:56
1641805257044533000,91.5,5,91.2,4,91.5,21,1,2022-01-10 09:00:57
1641805257385468000,91.5,3,91.3,1,91.5,18,1,2022-01-10 09:00:57
1641805257749043000,91.4,1,91.3,1,91.5,18,1,2022-01-10 09:00:57
1641805258115155000,91.5,1,91.3,1,91.5,18,1,2022-01-10 09:00:58
1641805259217552000,91.5,3,91.3,7,91.5,15,1,2022-01-10 09:00:59
1641805259328089000,91.5,1,91.3,7,91.5,15,1,2022-01-10 09:00:59
1641805259968342000,91.5,5,91.4,2,91.5,10,1,2022-01-10 09:00:59
1641805260167153000,91.5,5,91.4,2,91.5,5,1,2022-01-10 09:01:00
1641805260776207000,91.5,5,91.4,2,91.7,2,1,2022-01-10 09:01:00
1641805260842200000,91.4,3,91.3,7,91.7,2,2,2022-01-10 09:01:00
1641805260842200000,91.3,2,91.3,7,91.7,2,2,2022-01-10 09:01:00
1641805260940267000,91.7,2,91.3,7,91.8,2,1,2022-01-10 09:01:00
1641805261036493000,91.5,1,91.5,4,91.8,2,2,2022-01-10 09:01:01
1641805261368642000,91.5,1,91.5,3,91.8,2,2,2022-01-10 09:01:01
1641805261853498000,91.8,1,91.5,4,91.8,1,1,2022-01-10 09:01:01
1641805262522494000,91.6,1,91.5,4,91.8,6,1,2022-01-10 09:01:02
1641805262550198000,91.5,1,91.5,3,91.8,6,2,2022-01-10 09:01:02
1641805262952739000,91.6,2,91.6,1,91.7,1,2,2022-01-10 09:01:02
1641805262981945000,91.6,1,91.5,3,91.7,1,2,2022-01-10 09:01:02
1641805263594994000,91.6,1,91.5,5,91.6,9,1,2022-01-10 09:01:03
1641805264324559000,91.6,1,91.5,6,91.6,8,1,2022-01-10 09:01:04
1641805264788936000,91.6,1,91.5,6,91.6,7,1,2022-01-10 09:01:04
1641805264837211000,91.5,1,91.5,5,91.6,7,2,2022-01-10 09:01:04
1641805264839572000,91.5,1,91.5,4,91.6,7,2,2022-01-10 09:01:04
1641805264981553000,91.6,1,91.5,4,91.6,6,1,2022-01-10 09:01:04
1641805265222979000,91.6,5,91.5,4,91.6,1,1,2022-01-10 09:01:05
1641805265537991000,91.6,1,91.5,5,91.7,2,1,2022-01-10 09:01:05
1641805265597839000,91.7,1,91.5,5,91.7,1,1,2022-01-10 09:01:05
1641805266007344000,91.6,2,91.5,5,91.7,1,2,2022-01-10 09:01:06
1641805266079813000,91.7,1,91.5,5,91.8,5,1,2022-01-10 09:01:06
1641805266079813000,91.8,1,91.5,5,91.8,5,1,2022-01-10 09:01:06
1641805266139675000,91.5,1,91.5,4,91.8,5,2,2022-01-10 09:01:06
1641805266251418000,91.8,2,91.5,4,91.8,3,1,2022-01-10 09:01:06
1641805266535233000,91.8,3,91.5,5,91.9,17,1,2022-01-10 09:01:06
1641805266535233000,91.9,2,91.5,5,91.9,17,1,2022-01-10 09:01:06
1641805266680282000,91.7,1,91.5,5,91.9,17,1,2022-01-10 09:01:06
1641805266938247000,91.9,2,91.5,17,91.9,15,1,2022-01-10 09:01:06
1641805267890977000,91.6,1,91.6,1,91.8,1,2,2022-01-10 09:01:07
1641805267915106000,91.8,1,91.6,1,91.9,15,1,2022-01-10 09:01:07
1641805267939885000,91.9,1,91.6,1,91.9,14,1,2022-01-10 09:01:07
1641805268085942000,91.8,1,91.6,1,91.9,14,2,2022-01-10 09:01:08
1641805268470816000,91.8,1,91.7,1,91.8,1,1,2022-01-10 09:01:08
1641805268825757000,91.7,1,91.6,1,91.8,1,2,2022-01-10 09:01:08
1641805268825757000,91.6,1,91.6,1,91.8,1,2,2022-01-10 09:01:08
1641805269224491000,91.8,1,91.6,1,91.9,15,1,2022-01-10 09:01:09
1641805269350806000,91.9,1,91.6,1,91.9,15,1,2022-01-10 09:01:09
1641805269463886000,91.9,3,91.6,1,91.9,12,1,2022-01-10 09:01:09
1641805269496771000,91.9,2,91.6,1,91.9,10,1,2022-01-10 09:01:09
1641805269693457000,91.8,5,91.6,1,91.9,10,2,2022-01-10 09:01:09
1641805269734687000,91.9,2,91.6,1,91.9,8,1,2022-01-10 09:01:09
1641805269765805000,91.9,1,91.6,1,91.9,7,1,2022-01-10 09:01:09
1641805270053575000,91.9,2,91.6,1,91.9,5,1,2022-01-10 09:01:10
1641805270092193000,91.9,1,91.6,1,91.9,4,1,2022-01-10 09:01:10
1641805270094276000,91.9,4,91.6,1,92.0,568,1,2022-01-10 09:01:10
1641805270133250000,92.0,96,91.6,1,92.0,472,1,2022-01-10 09:01:10
1641805270133344000,92.0,96,91.6,1,92.0,376,1,2022-01-10 09:01:10
1641805270172379000,92.0,1,91.6,1,92.0,375,1,2022-01-10 09:01:10
1641805270188672000,92.0,14,91.6,1,92.0,361,1,2022-01-10 09:01:10
1641805271072545000,92.0,1,91.6,7,92.0,371,1,2022-01-10 09:01:11
1641805271084796000,92.0,1,91.6,7,92.0,370,1,2022-01-10 09:01:11
1641805271634473000,92.0,1,91.6,7,92.0,369,1,2022-01-10 09:01:11
1641805272329767000,91.8,1,91.7,3,92.0,370,2,2022-01-10 09:01:12
1641805272373613000,91.9,1,91.7,3,92.0,370,1,2022-01-10 09:01:12
1641805272616436000,91.7,1,91.7,3,92.0,370,2,2022-01-10 09:01:12
1641805272648803000,91.7,3,91.6,7,92.0,370,2,2022-01-10 09:01:12
1641805272675241000,91.6,1,91.6,6,92.0,372,2,2022-01-10 09:01:12
1641805273524233000,91.9,1,91.6,6,92.0,376,2,2022-01-10 09:01:13
1641805273526008000,91.6,1,91.6,5,92.0,376,2,2022-01-10 09:01:13
1641805273650089000,91.9,2,91.6,5,92.0,376,2,2022-01-10 09:01:13
1641805273865221000,92.0,1,91.6,5,92.0,375,1,2022-01-10 09:01:13
1641805274013123000,91.8,1,91.8,29,92.0,375,2,2022-01-10 09:01:14
1641805274033512000,92.0,4,91.8,29,92.0,371,1,2022-01-10 09:01:14
1641805274157793000,92.0,1,91.8,29,92.0,370,1,2022-01-10 09:01:14
1641805274186563000,92.0,1,91.8,29,92.0,369,1,2022-01-10 09:01:14
1641805274451674000,91.6,1,91.6,6,92.0,369,2,2022-01-10 09:01:14
1641805274936867000,92.0,1,91.6,7,92.0,371,1,2022-01-10 09:01:14
1641805275034420000,92.0,2,91.6,7,92.0,369,1,2022-01-10 09:01:15
1641805275106978000,91.6,3,91.6,4,92.0,371,2,2022-01-10 09:01:15
1641805275138225000,92.0,1,91.6,4,92.0,370,1,2022-01-10 09:01:15
1641805275186890000,92.0,1,91.8,5,92.0,369,1,2022-01-10 09:01:15
1641805275218784000,91.8,2,91.8,3,91.9,1,2,2022-01-10 09:01:15
1641805275242227000,91.8,3,91.6,4,91.9,1,2,2022-01-10 09:01:15
1641805275661376000,91.9,1,91.8,1,91.9,1,1,2022-01-10 09:01:15
1641805276100875000,91.9,1,91.8,1,91.9,3,1,2022-01-10 09:01:16
1641805276395443000,91.9,3,91.8,1,92.0,367,1,2022-01-10 09:01:16
1641805276395443000,92.0,7,91.8,1,92.0,367,1,2022-01-10 09:01:16
1641805277192834000,92.0,1,91.8,1,92.0,367,1,2022-01-10 09:01:17
1641805277367400000,92.0,2,91.8,1,92.0,365,1,2022-01-10 09:01:17
1641805277376373000,92.0,2,91.8,1,92.0,364,1,2022-01-10 09:01:17
1641805277605308000,92.0,1,91.8,1,92.0,363,1,2022-01-10 09:01:17
1641805277705733000,92.0,1,91.8,1,92.0,361,1,2022-01-10 09:01:17
1641805277711645000,92.0,1,91.8,1,92.0,360,1,2022-01-10 09:01:17
1641805277754434000,91.8,1,91.7,1,92.0,360,2,2022-01-10 09:01:17
1641805278132332000,91.9,1,91.9,28,92.0,360,2,2022-01-10 09:01:18
1641805279054727000,92.0,1,91.9,28,92.0,361,1,2022-01-10 09:01:19
1641805279881199000,92.0,1,91.9,29,92.0,362,1,2022-01-10 09:01:19
1641805279926767000,92.0,1,91.9,29,92.0,361,1,2022-01-10 09:01:19
1641805280279800000,92.0,1,91.9,29,92.0,361,1,2022-01-10 09:01:20
1641805280477121000,92.0,1,91.9,29,92.0,361,1,2022-01-10 09:01:20
1641805280709177000,91.9,1,91.9,29,92.0,361,2,2022-01-10 09:01:20
1641805280746903000,92.0,1,91.9,29,92.0,360,1,2022-01-10 09:01:20
1641805281027306000,91.9,1,91.9,29,92.0,360,2,2022-01-10 09:01:21
1641805281384547000,92.0,1,91.9,34,92.0,359,1,2022-01-10 09:01:21
1641805281653686000,92.0,1,91.9,34,92.0,358,1,2022-01-10 09:01:21
1641805281749802000,91.9,10,91.9,24,92.0,358,2,2022-01-10 09:01:21
1641805282004763000,91.9,1,91.9,23,92.0,359,2,2022-01-10 09:01:22
1641805282174384000,91.9,3,91.9,22,92.0,359,2,2022-01-10 09:01:22
1641805282446339000,91.9,1,91.9,21,92.0,358,2,2022-01-10 09:01:22
1641805282608756000,92.0,1,91.9,21,92.0,364,1,2022-01-10 09:01:22
1641805283024054000,92.0,1,91.9,21,92.0,361,1,2022-01-10 09:01:23
1641805283536350000,92.0,1,91.9,21,92.0,363,1,2022-01-10 09:01:23
1641805284203252000,92.0,1,91.9,23,92.0,364,1,2022-01-10 09:01:24
1641805284240505000,92.0,3,91.9,23,92.0,361,1,2022-01-10 09:01:24
1641805284295439000,92.0,1,91.9,23,92.0,360,1,2022-01-10 09:01:24
1641805284528830000,91.9,10,91.9,13,92.0,360,2,2022-01-10 09:01:24
1641805284841273000,92.0,2,91.9,15,92.0,363,1,2022-01-10 09:01:24
1641805284952363000,91.9,1,91.9,14,92.0,364,2,2022-01-10 09:01:24
1641805284991857000,92.0,1,91.9,14,92.0,363,1,2022-01-10 09:01:24
1641805285000364000,92.0,1,91.9,14,92.0,362,1,2022-01-10 09:01:25
1641805285114351000,92.0,1,91.9,14,92.0,361,1,2022-01-10 09:01:25
1641805285382071000,92.0,1,91.9,17,92.0,364,1,2022-01-10 09:01:25
1641805285556843000,92.0,2,91.9,17,92.0,362,1,2022-01-10 09:01:25
1641805285747898000,92.0,2,91.9,17,92.0,365,1,2022-01-10 09:01:25
1641805286358833000,91.9,1,91.9,17,92.0,367,2,2022-01-10 09:01:26
1641805286641985000,92.0,1,91.9,17,92.0,366,1,2022-01-10 09:01:26
1641805287063406000,92.0,1,91.9,17,92.0,367,1,2022-01-10 09:01:27
1641805287844562000,92.0,2,91.9,17,92.0,365,1,2022-01-10 09:01:27
1641805287863275000,92.0,1,91.9,17,92.0,364,1,2022-01-10 09:01:27
1641805287980286000,92.0,2,91.9,18,92.0,362,1,2022-01-10 09:01:27
1641805288032553000,92.0,1,91.9,18,92.0,361,1,2022-01-10 09:01:28
1641805288113513000,92.0,1,91.9,18,92.0,361,1,2022-01-10 09:01:28
1641805288126587000,91.9,1,91.9,17,92.0,361,2,2022-01-10 09:01:28
1641805288253907000,92.0,1,91.9,17,92.0,360,1,2022-01-10 09:01:28
1641805288336523000,92.0,2,91.9,17,92.0,358,1,2022-01-10 09:01:28
1641805288618525000,91.9,1,91.9,16,92.0,360,2,2022-01-10 09:01:28
1641805288710694000,91.9,5,91.9,11,92.0,360,2,2022-01-10 09:01:28
1641805288766848000,91.9,1,91.9,10,92.0,360,2,2022-01-10 09:01:28
1641805288951143000,91.9,2,91.9,8,92.0,360,2,2022-01-10 09:01:28
1641805289156099000,91.9,5,91.9,3,92.0,355,2,2022-01-10 09:01:29
1641805289201392000,91.9,3,91.8,10,92.0,355,2,2022-01-10 09:01:29
1641805289369970000,92.0,2,91.9,1,92.0,353,1,2022-01-10 09:01:29
1641805289385333000,92.0,2,91.9,1,92.0,351,1,2022-01-10 09:01:29
1641805289685826000,91.9,1,91.8,12,92.0,351,2,2022-01-10 09:01:29
1641805290162626000,92.0,2,91.8,12,92.0,349,1,2022-01-10 09:01:30
1641805290576875000,91.9,1,91.8,13,92.0,348,1,2022-01-10 09:01:30
1641805290576875000,92.0,2,91.8,13,92.0,348,1,2022-01-10 09:01:30
1641805290643637000,92.0,1,91.8,13,92.0,347,1,2022-01-10 09:01:30
1641805290775979000,92.0,1,91.8,13,92.0,346,1,2022-01-10 09:01:30
1641805290917190000,91.9,2,91.8,13,91.9,1,1,2022-01-10 09:01:30
1641805290917900000,91.9,1,91.8,13,92.0,346,1,2022-01-10 09:01:30
1641805291247912000,92.0,1,91.8,13,92.0,345,1,2022-01-10 09:01:31
1641805291273302000,92.0,1,91.8,13,92.0,344,1,2022-01-10 09:01:31
1641805292580232000,92.0,15,91.9,3,92.0,336,1,2022-01-10 09:01:32
1641805292650563000,91.9,1,91.9,2,92.0,328,2,2022-01-10 09:01:32
1641805292817490000,92.0,1,91.9,2,92.0,327,1,2022-01-10 09:01:32
1641805292959575000,92.0,1,91.9,2,92.0,326,1,2022-01-10 09:01:32
1641805293161285000,92.0,3,91.9,3,92.0,323,1,2022-01-10 09:01:33
1641805293364137000,92.0,1,91.9,3,92.0,322,1,2022-01-10 09:01:33
1641805293602143000,91.9,3,91.8,15,91.9,7,2,2022-01-10 09:01:33
1641805293625639000,91.9,7,91.8,15,92.0,322,1,2022-01-10 09:01:33
1641805293813676000,91.8,1,91.8,14,92.0,321,2,2022-01-10 09:01:33
1641805293848907000,91.8,2,91.8,12,92.0,321,2,2022-01-10 09:01:33
1641805294070608000,92.0,1,91.8,12,92.0,320,1,2022-01-10 09:01:34
1641805294362238000,91.9,1,91.9,4,92.0,322,2,2022-01-10 09:01:34
1641805294423400000,92.0,1,91.9,4,92.0,321,1,2022-01-10 09:01:34
1641805294639716000,92.0,1,91.9,4,92.0,327,1,2022-01-10 09:01:34
1641805295252661000,91.9,1,91.9,3,92.0,334,2,2022-01-10 09:01:35
1641805296335162000,92.0,16,91.9,6,92.0,326,1,2022-01-10 09:01:36
1641805296608874000,92.0,1,91.9,6,92.0,326,1,2022-01-10 09:01:36
1641805296609169000,92.0,1,91.9,6,92.0,325,1,2022-01-10 09:01:36
1641805296609332000,92.0,1,91.9,6,92.0,324,1,2022-01-10 09:01:36
1641805296609583000,92.0,1,91.9,6,92.0,323,1,2022-01-10 09:01:36
1641805296609779000,92.0,1,91.9,6,92.0,322,1,2022-01-10 09:01:36
1641805296610026000,92.0,1,91.9,6,92.0,321,1,2022-01-10 09:01:36
1641805296610329000,92.0,1,91.9,6,92.0,320,1,2022-01-10 09:01:36
1641805296610433000,92.0,1,91.9,6,92.0,319,1,2022-01-10 09:01:36
1641805296610667000,92.0,1,91.9,6,92.0,318,1,2022-01-10 09:01:36
1641805296610890000,92.0,1,91.9,6,92.0,317,1,2022-01-10 09:01:36
1641805296611142000,92.0,1,91.9,6,92.0,316,1,2022-01-10 09:01:36
1641805296611367000,92.0,1,91.9,6,92.0,315,1,2022-01-10 09:01:36
1641805296611571000,92.0,1,91.9,6,92.0,314,1,2022-01-10 09:01:36
1641805296611794000,92.0,1,91.9,6,92.0,313,1,2022-01-10 09:01:36
1641805296612029000,92.0,1,91.9,6,92.0,312,1,2022-01-10 09:01:36
1641805296612201000,92.0,1,91.9,6,92.0,311,1,2022-01-10 09:01:36
1641805296612484000,92.0,1,91.9,6,92.0,310,1,2022-01-10 09:01:36
1641805296612641000,92.0,1,91.9,6,92.0,309,1,2022-01-10 09:01:36
1641805296612896000,92.0,1,91.9,6,92.0,308,1,2022-01-10 09:01:36
1641805296613081000,92.0,1,91.9,6,92.0,307,1,2022-01-10 09:01:36
1641805296613339000,92.0,1,91.9,6,92.0,306,1,2022-01-10 09:01:36
1641805296613569000,92.0,1,91.9,6,92.0,305,1,2022-01-10 09:01:36
1641805296613784000,92.0,1,91.9,6,92.0,304,1,2022-01-10 09:01:36
1641805296614016000,92.0,1,91.9,6,92.0,303,1,2022-01-10 09:01:36
1641805296614241000,92.0,1,91.9,6,92.0,302,1,2022-01-10 09:01:36
1641805296614446000,92.0,1,91.9,6,92.0,301,1,2022-01-10 09:01:36
1641805296614662000,92.0,1,91.9,6,92.0,300,1,2022-01-10 09:01:36
1641805296614852000,92.0,1,91.9,6,92.0,299,1,2022-01-10 09:01:36
1641805296615139000,92.0,1,91.9,6,92.0,298,1,2022-01-10 09:01:36
1641805296615321000,92.0,1,91.9,6,92.0,297,1,2022-01-10 09:01:36
1641805296615573000,92.0,1,91.9,6,92.0,296,1,2022-01-10 09:01:36
1641805296615745000,92.0,1,91.9,6,92.0,295,1,2022-01-10 09:01:36
1641805296615988000,92.0,1,91.9,6,92.0,294,1,2022-01-10 09:01:36
1641805296616181000,92.0,1,91.9,6,92.0,293,1,2022-01-10 09:01:36
1641805296616344000,92.0,1,91.9,6,92.0,292,1,2022-01-10 09:01:36
1641805296616516000,92.0,1,91.9,6,92.0,291,1,2022-01-10 09:01:36
1641805296616709000,92.0,1,91.9,6,92.0,290,1,2022-01-10 09:01:36
1641805296616875000,92.0,1,91.9,6,92.0,289,1,2022-01-10 09:01:36
1641805296617049000,92.0,1,91.9,6,92.0,288,1,2022-01-10 09:01:36
1641805296617247000,92.0,1,91.9,6,92.0,287,1,2022-01-10 09:01:36
1641805296617496000,92.0,1,91.9,6,92.0,286,1,2022-01-10 09:01:36
1641805296617704000,92.0,1,91.9,6,92.0,285,1,2022-01-10 09:01:36
1641805296617889000,92.0,1,91.9,6,92.0,284,1,2022-01-10 09:01:36
1641805296618045000,92.0,1,91.9,6,92.0,283,1,2022-01-10 09:01:36
1641805296618276000,92.0,1,91.9,6,92.0,282,1,2022-01-10 09:01:36
1641805296618412000,92.0,1,91.9,6,92.0,281,1,2022-01-10 09:01:36
1641805296618595000,92.0,1,91.9,6,92.0,280,1,2022-01-10 09:01:36
1641805296618859000,92.0,1,91.9,6,92.0,279,1,2022-01-10 09:01:36
1641805296619066000,92.0,1,91.9,6,92.0,278,1,2022-01-10 09:01:36
1641805296619250000,92.0,1,91.9,6,92.0,277,1,2022-01-10 09:01:36
1641805296619465000,92.0,1,91.9,6,92.0,276,1,2022-01-10 09:01:36
1641805296619631000,92.0,1,91.9,6,92.0,275,1,2022-01-10 09:01:36
1641805296619845000,92.0,1,91.9,6,92.0,274,1,2022-01-10 09:01:36
1641805296620020000,92.0,1,91.9,6,92.0,273,1,2022-01-10 09:01:36
1641805296620226000,92.0,1,91.9,6,92.0,272,1,2022-01-10 09:01:36
1641805296620380000,92.0,1,91.9,6,92.0,271,1,2022-01-10 09:01:36
1641805296620589000,92.0,1,91.9,6,92.0,270,1,2022-01-10 09:01:36
1641805296620762000,92.0,1,91.9,6,92.0,269,1,2022-01-10 09:01:36
1641805296621026000,92.0,2,91.9,6,92.0,267,1,2022-01-10 09:01:36
1641805296621211000,92.0,1,91.9,6,92.0,266,1,2022-01-10 09:01:36
1641805296632641000,92.0,1,91.9,6,92.0,265,1,2022-01-10 09:01:36
1641805296632821000,92.0,1,91.9,6,92.0,264,1,2022-01-10 09:01:36
1641805296633038000,92.0,1,91.9,6,92.0,263,1,2022-01-10 09:01:36
1641805296633227000,92.0,1,91.9,6,92.0,262,1,2022-01-10 09:01:36
1641805296633371000,92.0,1,91.9,6,92.0,261,1,2022-01-10 09:01:36
1641805296633564000,92.0,1,91.9,6,92.0,260,1,2022-01-10 09:01:36
1641805296633767000,92.0,1,91.9,6,92.0,259,1,2022-01-10 09:01:36
1641805296633942000,92.0,1,91.9,6,92.0,258,1,2022-01-10 09:01:36
1641805296634144000,92.0,1,91.9,6,92.0,257,1,2022-01-10 09:01:36
1641805296634338000,92.0,1,91.9,6,92.0,256,1,2022-01-10 09:01:36
1641805296634518000,92.0,1,91.9,6,92.0,255,1,2022-01-10 09:01:36
1641805296634698000,92.0,1,91.9,6,92.0,254,1,2022-01-10 09:01:36
1641805296634919000,92.0,1,91.9,6,92.0,253,1,2022-01-10 09:01:36
1641805296635088000,92.0,1,91.9,6,92.0,252,1,2022-01-10 09:01:36
1641805296635266000,92.0,1,91.9,6,92.0,251,1,2022-01-10 09:01:36
1641805296635429000,92.0,1,91.9,6,92.0,250,1,2022-01-10 09:01:36
1641805296635634000,92.0,1,91.9,6,92.0,249,1,2022-01-10 09:01:36
1641805296635828000,92.0,1,91.9,6,92.0,248,1,2022-01-10 09:01:36
1641805296635986000,92.0,1,91.9,6,92.0,247,1,2022-01-10 09:01:36
1641805296636189000,92.0,1,91.9,6,92.0,246,1,2022-01-10 09:01:36
1641805296636494000,92.0,1,91.9,6,92.0,245,1,2022-01-10 09:01:36
1641805296636529000,92.0,1,91.9,6,92.0,244,1,2022-01-10 09:01:36
1641805296636773000,92.0,1,91.9,6,92.0,243,1,2022-01-10 09:01:36
1641805296637053000,92.0,1,91.9,6,92.0,242,1,2022-01-10 09:01:36
1641805296637209000,92.0,1,91.9,6,92.0,241,1,2022-01-10 09:01:36
1641805296637383000,92.0,1,91.9,6,92.0,240,1,2022-01-10 09:01:36
1641805296637598000,92.0,1,91.9,6,92.0,239,1,2022-01-10 09:01:36
1641805296637776000,92.0,1,91.9,6,92.0,238,1,2022-01-10 09:01:36
1641805296637977000,92.0,1,91.9,6,92.0,237,1,2022-01-10 09:01:36
1641805296638131000,92.0,1,91.9,6,92.0,236,1,2022-01-10 09:01:36
1641805296638345000,92.0,1,91.9,6,92.0,235,1,2022-01-10 09:01:36
1641805296638497000,92.0,1,91.9,6,92.0,234,1,2022-01-10 09:01:36
1641805296638737000,92.0,1,91.9,6,92.0,233,1,2022-01-10 09:01:36
1641805296638868000,92.0,1,91.9,6,92.0,232,1,2022-01-10 09:01:36
1641805296639070000,92.0,1,91.9,6,92.0,231,1,2022-01-10 09:01:36
1641805296639234000,92.0,1,91.9,6,92.0,230,1,2022-01-10 09:01:36
1641805296639446000,92.0,1,91.9,6,92.0,229,1,2022-01-10 09:01:36
1641805296639635000,92.0,1,91.9,6,92.0,228,1,2022-01-10 09:01:36
1641805296639861000,92.0,1,91.9,6,92.0,227,1,2022-01-10 09:01:36
1641805297643267000,91.9,1,91.9,5,92.0,241,2,2022-01-10 09:01:37
1641805297684907000,92.0,2,91.9,5,92.0,239,1,2022-01-10 09:01:37
1641805297980663000,92.0,43,91.9,5,92.0,197,1,2022-01-10 09:01:37
1641805298759151000,92.0,2,91.9,15,92.0,196,1,2022-01-10 09:01:38
1641805299080809000,92.0,1,91.9,16,92.0,196,1,2022-01-10 09:01:39
1641805299119956000,92.0,6,91.9,16,92.0,190,1,2022-01-10 09:01:39
1641805299177139000,91.9,1,91.9,15,92.0,190,2,2022-01-10 09:01:39
1641805299284888000,91.9,1,91.9,14,92.0,190,2,2022-01-10 09:01:39
1641805299490961000,92.0,1,91.9,14,92.0,192,1,2022-01-10 09:01:39
1641805299682498000,92.0,1,91.9,16,92.0,204,1,2022-01-10 09:01:39
1641805299985043000,91.9,5,91.9,12,92.0,205,2,2022-01-10 09:01:39
1641805300069390000,92.0,1,91.9,12,92.0,204,1,2022-01-10 09:01:40
1641805300187573000,92.0,10,91.9,12,92.0,194,1,2022-01-10 09:01:40
1641805300662518000,91.9,1,91.9,11,92.0,195,2,2022-01-10 09:01:40
1641805301305931000,92.0,1,91.9,11,92.0,201,1,2022-01-10 09:01:41
1641805301394239000,91.9,1,91.9,10,92.0,201,2,2022-01-10 09:01:41
1641805301520297000,92.0,50,91.9,11,92.0,151,1,2022-01-10 09:01:41
1641805301662648000,92.0,1,91.9,12,92.0,150,1,2022-01-10 09:01:41
1641805301789421000,91.9,1,91.9,11,92.0,150,2,2022-01-10 09:01:41
1641805301917108000,92.0,1,91.9,11,92.0,149,1,2022-01-10 09:01:41
1641805301948481000,92.0,2,91.9,11,92.0,147,1,2022-01-10 09:01:41
1641805301963872000,92.0,10,91.9,11,92.0,137,1,2022-01-10 09:01:41
1641805302160074000,92.0,1,91.9,11,92.0,136,1,2022-01-10 09:01:42
1641805302195170000,92.0,1,91.9,11,92.0,135,1,2022-01-10 09:01:42
1641805302244150000,91.9,1,91.9,10,92.0,135,2,2022-01-10 09:01:42
1641805302604931000,92.0,2,91.9,11,92.0,135,1,2022-01-10 09:01:42
1641805302750404000,92.0,2,91.9,11,92.0,133,1,2022-01-10 09:01:42
1641805303020393000,92.0,1,91.9,11,92.0,132,1,2022-01-10 09:01:43
1641805303222690000,91.9,1,91.9,10,92.0,132,2,2022-01-10 09:01:43
1641805303601372000,92.0,1,91.9,13,92.0,133,1,2022-01-10 09:01:43
1641805303635015000,92.0,3,91.9,13,92.0,130,1,2022-01-10 09:01:43
1641805303874916000,92.0,1,91.9,14,92.0,134,1,2022-01-10 09:01:43
1641805304056950000,92.0,1,91.9,14,92.0,133,1,2022-01-10 09:01:44
1641805304866196000,92.0,1,91.9,15,92.0,134,1,2022-01-10 09:01:44
1641805305262168000,92.0,2,91.9,17,92.0,131,1,2022-01-10 09:01:45
1641805305359762000,92.0,2,91.9,18,92.0,131,1,2022-01-10 09:01:45
1641805305360467000,92.0,9,91.9,18,92.0,122,1,2022-01-10 09:01:45
1641805305977204000,92.0,1,91.9,21,92.0,121,1,2022-01-10 09:01:45
1641805306137056000,92.0,2,91.9,22,92.0,119,1,2022-01-10 09:01:46
1641805306369076000,92.0,2,91.9,23,92.0,128,1,2022-01-10 09:01:46
1641805306854953000,92.0,1,91.9,25,92.0,127,1,2022-01-10 09:01:46
1641805306882633000,92.0,1,91.9,26,92.0,126,1,2022-01-10 09:01:46
1641805307111858000,92.0,1,91.9,26,92.0,126,1,2022-01-10 09:01:47
1641805307168237000,92.0,1,91.9,26,92.0,125,1,2022-01-10 09:01:47
1641805307381022000,92.0,1,91.9,26,92.0,124,1,2022-01-10 09:01:47
1641805307500014000,92.0,1,91.9,26,92.0,123,1,2022-01-10 09:01:47
1641805308205317000,92.0,30,91.9,27,92.0,93,1,2022-01-10 09:01:48
1641805308246160000,92.0,6,91.9,27,92.0,87,1,2022-01-10 09:01:48
1641805308475235000,92.0,1,91.9,27,92.0,86,1,2022-01-10 09:01:48
1641805308513630000,92.0,1,91.9,27,92.0,85,1,2022-01-10 09:01:48
1641805308843722000,92.0,2,91.9,27,92.0,85,1,2022-01-10 09:01:48
1641805308912770000,92.0,50,91.9,27,92.0,36,1,2022-01-10 09:01:48
1641805308952651000,91.9,2,91.9,25,92.0,36,2,2022-01-10 09:01:48
1641805308953059000,92.0,1,91.9,25,92.0,35,1,2022-01-10 09:01:48
1641805308981908000,91.9,2,91.9,23,92.0,35,2,2022-01-10 09:01:48
1641805309010604000,92.0,1,91.9,23,92.0,34,1,2022-01-10 09:01:49
1641805309023131000,92.0,1,91.9,23,92.0,33,1,2022-01-10 09:01:49
1641805309066797000,92.0,1,91.9,23,92.0,32,1,2022-01-10 09:01:49
1641805309136173000,92.0,6,91.9,23,92.0,26,1,2022-01-10 09:01:49
1641805309389623000,92.0,1,91.9,24,92.0,25,1,2022-01-10 09:01:49
1641805309420360000,92.0,3,91.9,24,92.0,22,1,2022-01-10 09:01:49
1641805309537344000,92.0,22,0.0,58,0.0,0,1,2022-01-10 09:01:49
1641805309668972000,92.0,1,0.0,735,0.0,0,1,2022-01-10 09:01:49
1641805310185374000,92.0,100,0.0,647,0.0,0,1,2022-01-10 09:01:50
1641805311025567000,92.0,3,0.0,798,0.0,0,1,2022-01-10 09:01:51
1641805311146845000,92.0,10,0.0,788,0.0,0,1,2022-01-10 09:01:51
1641805311184647000,92.0,1,0.0,787,0.0,0,1,2022-01-10 09:01:51
1641805311662859000,92.0,1,0.0,786,0.0,0,1,2022-01-10 09:01:51
1641805312426052000,92.0,1,0.0,781,0.0,0,1,2022-01-10 09:01:52
1641805312996656000,92.0,1,0.0,783,0.0,0,1,2022-01-10 09:01:52
1641805313169581000,92.0,1,0.0,783,0.0,0,1,2022-01-10 09:01:53
1641805314959920000,92.0,1,0.0,782,0.0,0,1,2022-01-10 09:01:54
1641805315241774000,92.0,1,0.0,781,0.0,0,1,2022-01-10 09:01:55
1641805315778469000,92.0,1,0.0,781,0.0,0,1,2022-01-10 09:01:55
1641805316291320000,92.0,1,0.0,781,0.0,0,1,2022-01-10 09:01:56
1641805316790482000,92.0,3,0.0,779,0.0,0,1,2022-01-10 09:01:56
1641805316900152000,92.0,100,0.0,679,0.0,0,1,2022-01-10 09:01:56
1641805317602667000,92.0,2,0.0,684,0.0,0,1,2022-01-10 09:01:57
1641805317979455000,92.0,1,0.0,684,0.0,0,1,2022-01-10 09:01:57
1641805319237867000,92.0,2,0.0,683,0.0,0,1,2022-01-10 09:01:59
1641805320679702000,92.0,7,0.0,578,0.0,0,1,2022-01-10 09:02:00
1641805321878459000,92.0,1,0.0,583,0.0,0,1,2022-01-10 09:02:01
1641805323083005000,92.0,1,0.0,596,0.0,0,1,2022-01-10 09:02:03
1641805324022243000,92.0,2,0.0,594,0.0,0,1,2022-01-10 09:02:04
1641805325286293000,92.0,1,0.0,724,0.0,0,1,2022-01-10 09:02:05
1641805325519314000,92.0,30,0.0,754,0.0,0,1,2022-01-10 09:02:05
1641805327095535000,92.0,1,0.0,855,0.0,0,1,2022-01-10 09:02:07
1641805327416402000,92.0,1,0.0,841,0.0,0,1,2022-01-10 09:02:07
1641805327423037000,92.0,5,0.0,836,0.0,0,1,2022-01-10 09:02:07
1641805328572693000,92.0,3,0.0,833,0.0,0,1,2022-01-10 09:02:08
1641805328892324000,92.0,3,0.0,830,0.0,0,1,2022-01-10 09:02:08
1641805329524294000,92.0,2,0.0,828,0.0,0,1,2022-01-10 09:02:09
1641805330636589000,92.0,1,0.0,827,0.0,0,1,2022-01-10 09:02:10
1641805330664947000,92.0,1,0.0,827,0.0,0,1,2022-01-10 09:02:10
1641805331375673000,92.0,6,0.0,886,0.0,0,1,2022-01-10 09:02:11
1641805332885915000,92.0,1,0.0,885,0.0,0,1,2022-01-10 09:02:12
1641805332906978000,92.0,1,0.0,884,0.0,0,1,2022-01-10 09:02:12
1641805333595824000,92.0,2,0.0,883,0.0,0,1,2022-01-10 09:02:13
1641805334726021000,92.0,7,0.0,879,0.0,0,1,2022-01-10 09:02:14
1641805336469800000,92.0,1,0.0,866,0.0,0,1,2022-01-10 09:02:16
1641805340194230000,92.0,4,0.0,869,0.0,0,1,2022-01-10 09:02:20
1641805342076619000,92.0,5,0.0,865,0.0,0,1,2022-01-10 09:02:22
1641805342978460000,92.0,1,0.0,864,0.0,0,1,2022-01-10 09:02:22
1641805343186579000,92.0,1,0.0,863,0.0,0,1,2022-01-10 09:02:23
1641805345424196000,92.0,10,0.0,876,0.0,0,1,2022-01-10 09:02:25
1641805345485043000,92.0,1,0.0,875,0.0,0,1,2022-01-10 09:02:25
1641805347440898000,92.0,1,0.0,876,0.0,0,1,2022-01-10 09:02:27
1641805349505385000,92.0,6,0.0,971,0.0,0,1,2022-01-10 09:02:29
1641805351194838000,92.0,1,0.0,970,0.0,0,1,2022-01-10 09:02:31
1641805351704521000,92.0,2,0.0,969,0.0,0,1,2022-01-10 09:02:31
1641805352853870000,92.0,2,0.0,970,0.0,0,1,2022-01-10 09:02:32
1641805353274440000,92.0,1,0.0,969,0.0,0,1,2022-01-10 09:02:33
1641805354180835000,92.0,1,0.0,968,0.0,0,1,2022-01-10 09:02:34
1641805354595379000,92.0,5,0.0,963,0.0,0,1,2022-01-10 09:02:34
1641805355986515000,92.0,1,0.0,966,0.0,0,1,2022-01-10 09:02:35
1641805356135367000,92.0,1,0.0,965,0.0,0,1,2022-01-10 09:02:36
1641805356929688000,92.0,1,0.0,964,0.0,0,1,2022-01-10 09:02:36
1641805356947336000,92.0,3,0.0,961,0.0,0,1,2022-01-10 09:02:36
1641805357484144000,92.0,5,0.0,957,0.0,0,1,2022-01-10 09:02:37
1641805358435186000,92.0,1,0.0,956,0.0,0,1,2022-01-10 09:02:38
1641805358591655000,92.0,1,0.0,955,0.0,0,1,2022-01-10 09:02:38
1641805361952537000,92.0,1,0.0,956,0.0,0,1,2022-01-10 09:02:41
1641805362763074000,92.0,1,0.0,954,0.0,0,1,2022-01-10 09:02:42
1641805364416303000,92.0,3,0.0,952,0.0,0,1,2022-01-10 09:02:44
1641805365948581000,92.0,1,0.0,950,0.0,0,1,2022-01-10 09:02:45
1641805366191546000,92.0,1,0.0,950,0.0,0,1,2022-01-10 09:02:46
1641805368210843000,92.0,1,0.0,958,0.0,0,1,2022-01-10 09:02:48
1641805368323975000,92.0,1,0.0,957,0.0,0,1,2022-01-10 09:02:48
1641805368675506000,92.0,2,0.0,975,0.0,0,1,2022-01-10 09:02:48
1641805370452196000,92.0,2,0.0,981,0.0,0,1,2022-01-10 09:02:50
1641805371223427000,92.0,1,0.0,980,0.0,0,1,2022-01-10 09:02:51
1641805372304101000,92.0,1,0.0,1009,0.0,0,1,2022-01-10 09:02:52
1641805375810225000,92.0,1,0.0,1039,0.0,0,1,2022-01-10 09:02:55
1641805376441307000,92.0,1,0.0,1040,0.0,0,1,2022-01-10 09:02:56
1641805376695882000,92.0,1,0.0,1039,0.0,0,1,2022-01-10 09:02:56
1641805376803673000,92.0,1,0.0,1038,0.0,0,1,2022-01-10 09:02:56
1641805378765762000,92.0,2,0.0,1038,0.0,0,1,2022-01-10 09:02:58
1641805379631732000,92.0,1,0.0,1037,0.0,0,1,2022-01-10 09:02:59
1641805379943145000,92.0,1,0.0,1037,0.0,0,1,2022-01-10 09:02:59
1641805382229531000,92.0,1,0.0,1036,0.0,0,1,2022-01-10 09:03:02
1641805382859641000,92.0,1,0.0,1035,0.0,0,1,2022-01-10 09:03:02
1641805383291704000,92.0,1,0.0,1034,0.0,0,1,2022-01-10 09:03:03
1641805384006812000,92.0,1,0.0,1033,0.0,0,1,2022-01-10 09:03:04
1641805386340306000,92.0,3,0.0,1032,0.0,0,1,2022-01-10 09:03:06
1641805386915458000,92.0,1,0.0,1032,0.0,0,1,2022-01-10 09:03:06
1641805388047116000,92.0,2,0.0,1034,0.0,0,1,2022-01-10 09:03:08
1641805399895122000,92.0,10,0.0,1029,0.0,0,1,2022-01-10 09:03:19
1641805404697831000,92.0,1,0.0,998,0.0,0,1,2022-01-10 09:03:24
1641805407107813000,92.0,11,0.0,985,0.0,0,1,2022-01-10 09:03:27
1641805409826709000,92.0,1,0.0,984,0.0,0,1,2022-01-10 09:03:29
1641805417127266000,92.0,1,0.0,993,0.0,0,1,2022-01-10 09:03:37
1641805417333661000,92.0,3,0.0,990,0.0,0,1,2022-01-10 09:03:37
1641805419102673000,92.0,1,0.0,990,0.0,0,1,2022-01-10 09:03:39
1641805419104770000,92.0,1,0.0,989,0.0,0,1,2022-01-10 09:03:39
1641805419108157000,92.0,1,0.0,988,0.0,0,1,2022-01-10 09:03:39
1641805419110534000,92.0,1,0.0,987,0.0,0,1,2022-01-10 09:03:39
1641805419263161000,92.0,1,0.0,986,0.0,0,1,2022-01-10 09:03:39
1641805419656063000,92.0,40,0.0,946,0.0,0,1,2022-01-10 09:03:39
1641805420886379000,92.0,1,0.0,945,0.0,0,1,2022-01-10 09:03:40
1641805424617175000,92.0,2,0.0,946,0.0,0,1,2022-01-10 09:03:44
1641805428258456000,92.0,3,0.0,945,0.0,0,1,2022-01-10 09:03:48
1641805428380992000,92.0,1,0.0,945,0.0,0,1,2022-01-10 09:03:48
1641805428805163000,92.0,1,0.0,944,0.0,0,1,2022-01-10 09:03:48
1641805431808154000,92.0,1,0.0,919,0.0,0,1,2022-01-10 09:03:51
1641805434678246000,92.0,1,0.0,925,0.0,0,1,2022-01-10 09:03:54
1641805434691228000,92.0,1,0.0,924,0.0,0,1,2022-01-10 09:03:54
1641805435005777000,92.0,1,0.0,923,0.0,0,1,2022-01-10 09:03:55
1641805435977614000,92.0,10,0.0,914,0.0,0,1,2022-01-10 09:03:55
1641805436569766000,92.0,10,0.0,904,0.0,0,1,2022-01-10 09:03:56
1641805438143451000,92.0,1,0.0,903,0.0,0,1,2022-01-10 09:03:58
1641805440477106000,92.0,1,0.0,891,0.0,0,1,2022-01-10 09:04:00
1641805441723213000,92.0,1,0.0,897,0.0,0,1,2022-01-10 09:04:01
1641805441736179000,92.0,1,0.0,896,0.0,0,1,2022-01-10 09:04:01
1641805446526162000,92.0,1,0.0,896,0.0,0,1,2022-01-10 09:04:06
1641805448376775000,92.0,1,0.0,903,0.0,0,1,2022-01-10 09:04:08
1641805455871223000,92.0,1,0.0,903,0.0,0,1,2022-01-10 09:04:15
1641805456249104000,92.0,1,0.0,902,0.0,0,1,2022-01-10 09:04:16
1641805458468473000,92.0,1,0.0,901,0.0,0,1,2022-01-10 09:04:18
1641805461200558000,92.0,1,0.0,899,0.0,0,1,2022-01-10 09:04:21
1641805461775377000,92.0,8,0.0,891,0.0,0,1,2022-01-10 09:04:21
1641805467813577000,92.0,3,0.0,889,0.0,0,1,2022-01-10 09:04:27
1641805474761077000,92.0,10,0.0,878,0.0,0,1,2022-01-10 09:04:34
1641805476195250000,92.0,1,0.0,877,0.0,0,1,2022-01-10 09:04:36
1641805482812253000,92.0,1,0.0,879,0.0,0,1,2022-01-10 09:04:42
1641805483859963000,92.0,1,0.0,878,0.0,0,1,2022-01-10 09:04:43
1641805493606769000,92.0,4,0.0,877,0.0,0,1,2022-01-10 09:04:53
1641805498227333000,92.0,1,0.0,874,0.0,0,1,2022-01-10 09:04:58
1641805500198884000,92.0,1,0.0,893,0.0,0,1,2022-01-10 09:05:00
1641805501518004000,92.0,1,0.0,1892,0.0,0,1,2022-01-10 09:05:01
1641805504641418000,92.0,1,0.0,1942,0.0,0,1,2022-01-10 09:05:04
1641805505260337000,92.0,1,0.0,1945,0.0,0,1,2022-01-10 09:05:05
1641805512563230000,92.0,2,0.0,1961,0.0,0,1,2022-01-10 09:05:12
1641805527612029000,92.0,44,0.0,1933,0.0,0,1,2022-01-10 09:05:27
1641805528067219000,92.0,1,0.0,1932,0.0,0,1,2022-01-10 09:05:28
1641805532670954000,92.0,5,0.0,1927,0.0,0,1,2022-01-10 09:05:32
1641805536758511000,92.0,2,0.0,1926,0.0,0,1,2022-01-10 09:05:36
1641805545954573000,92.0,1,0.0,1926,0.0,0,1,2022-01-10 09:05:45
1641805547334487000,92.0,1,0.0,1930,0.0,0,1,2022-01-10 09:05:47
1641805562694764000,92.0,15,0.0,1917,0.0,0,1,2022-01-10 09:06:02
1641805572858326000,92.0,1,0.0,1907,0.0,0,1,2022-01-10 09:06:12
1641805587689556000,92.0,1,0.0,1907,0.0,0,1,2022-01-10 09:06:27
1641805589982766000,92.0,2,0.0,1905,0.0,0,1,2022-01-10 09:06:29
1641805596528780000,92.0,2,0.0,1920,0.0,0,1,2022-01-10 09:06:36
1641805599690712000,92.0,1,0.0,1920,0.0,0,1,2022-01-10 09:06:39
1641805611244803000,92.0,1,0.0,1928,0.0,0,1,2022-01-10 09:06:51
1641805617908283000,92.0,1,0.0,1927,0.0,0,1,2022-01-10 09:06:57
1641805618821848000,92.0,1,0.0,1926,0.0,0,1,2022-01-10 09:06:58
1641805621604096000,92.0,2,0.0,1924,0.0,0,1,2022-01-10 09:07:01
1641805627735460000,92.0,10,0.0,1925,0.0,0,1,2022-01-10 09:07:07
1641805631601741000,92.0,3,0.0,1923,0.0,0,1,2022-01-10 09:07:11
1641805632576280000,92.0,6,0.0,1918,0.0,0,1,2022-01-10 09:07:12
1641805645415681000,92.0,1,0.0,1928,0.0,0,1,2022-01-10 09:07:25
1641805646848568000,92.0,1,0.0,1927,0.0,0,1,2022-01-10 09:07:26
1641805648230962000,92.0,1,0.0,1926,0.0,0,1,2022-01-10 09:07:28
1641805653553880000,92.0,1,0.0,1925,0.0,0,1,2022-01-10 09:07:33
1641805654340576000,92.0,2,0.0,1923,0.0,0,1,2022-01-10 09:07:34
1641805655628531000,92.0,1,0.0,1922,0.0,0,1,2022-01-10 09:07:35
1641805666040411000,92.0,1,0.0,1921,0.0,0,1,2022-01-10 09:07:46
1641805666797636000,92.0,1,0.0,1920,0.0,0,1,2022-01-10 09:07:46
1641805671253826000,92.0,1,0.0,1920,0.0,0,1,2022-01-10 09:07:51
1641805681091670000,92.0,3,0.0,1918,0.0,0,1,2022-01-10 09:08:01
1641805682996970000,92.0,1,0.0,1917,0.0,0,1,2022-01-10 09:08:02
1641805684749917000,92.0,1,0.0,1916,0.0,0,1,2022-01-10 09:08:04
1641805689209654000,92.0,1,0.0,1916,0.0,0,1,2022-01-10 09:08:09
1641805692279895000,92.0,2,0.0,1914,0.0,0,1,2022-01-10 09:08:12
1641805692484516000,92.0,1,0.0,1913,0.0,0,1,2022-01-10 09:08:12
1641805697705499000,92.0,1,0.0,1913,0.0,0,1,2022-01-10 09:08:17
1641805707808367000,92.0,1,0.0,1914,0.0,0,1,2022-01-10 09:08:27
1641805720163017000,92.0,1,0.0,1914,0.0,0,1,2022-01-10 09:08:40
1641805722617567000,92.0,1,0.0,1913,0.0,0,1,2022-01-10 09:08:42
1641805729788223000,92.0,8,0.0,1905,0.0,0,1,2022-01-10 09:08:49
1641805730501273000,92.0,1,0.0,1904,0.0,0,1,2022-01-10 09:08:50
1641805734016686000,92.0,1,0.0,1903,0.0,0,1,2022-01-10 09:08:54
1641805741102852000,92.0,1,0.0,1902,0.0,0,1,2022-01-10 09:09:01
1641805756411006000,92.0,6,0.0,1901,0.0,0,1,2022-01-10 09:09:16
1641805761760573000,92.0,50,0.0,1861,0.0,0,1,2022-01-10 09:09:21
1641805786618439000,92.0,4,0.0,1812,0.0,0,1,2022-01-10 09:09:46
1641805803556014000,92.0,3,0.0,1810,0.0,0,1,2022-01-10 09:10:03
1641805804152930000,92.0,1,0.0,1809,0.0,0,1,2022-01-10 09:10:04
1641805805450549000,92.0,1,0.0,1808,0.0,0,1,2022-01-10 09:10:05
1641805847291379000,92.0,1,0.0,1815,0.0,0,1,2022-01-10 09:10:47
1641805864313840000,92.0,1,0.0,1819,0.0,0,1,2022-01-10 09:11:04
1641805866608739000,92.0,6,0.0,1815,0.0,0,1,2022-01-10 09:11:06
1641805866767614000,92.0,1,0.0,1814,0.0,0,1,2022-01-10 09:11:06
1641805881449190000,92.0,1,0.0,1816,0.0,0,1,2022-01-10 09:11:21
1641805882172130000,92.0,1,0.0,1815,0.0,0,1,2022-01-10 09:11:22
1641805883315534000,92.0,1,0.0,1814,0.0,0,1,2022-01-10 09:11:23
1641805890484938000,92.0,1,0.0,1814,0.0,0,1,2022-01-10 09:11:30
1641805890959556000,92.0,1,0.0,1813,0.0,0,1,2022-01-10 09:11:30
1641805919297817000,92.0,1,0.0,1829,0.0,0,1,2022-01-10 09:11:59
1641805920312966000,92.0,1,0.0,1828,0.0,0,1,2022-01-10 09:12:00
1641805923628131000,92.0,1,0.0,1827,0.0,0,1,2022-01-10 09:12:03
1641805928124104000,92.0,4,0.0,1827,0.0,0,1,2022-01-10 09:12:08
1641805929290240000,92.0,1,0.0,1826,0.0,0,1,2022-01-10 09:12:09
1641805933541405000,92.0,1,0.0,1827,0.0,0,1,2022-01-10 09:12:13
1641805936072193000,92.0,2,0.0,1824,0.0,0,1,2022-01-10 09:12:16
1641805936619076000,92.0,2,0.0,1822,0.0,0,1,2022-01-10 09:12:16
1641805940197107000,92.0,2,0.0,1822,0.0,0,1,2022-01-10 09:12:20
1641805961111347000,92.0,2,0.0,1822,0.0,0,1,2022-01-10 09:12:41
1641806004565714000,92.0,1,0.0,1833,0.0,0,1,2022-01-10 09:13:24
1641806005941494000,92.0,1,0.0,1832,0.0,0,1,2022-01-10 09:13:25
1641806028932995000,92.0,1,0.0,1838,0.0,0,1,2022-01-10 09:13:48
1641806045678247000,92.0,1,0.0,1837,0.0,0,1,2022-01-10 09:14:05
1641806050211695000,92.0,1,0.0,1836,0.0,0,1,2022-01-10 09:14:10
1641806053861928000,92.0,1,0.0,1835,0.0,0,1,2022-01-10 09:14:13
1641806076539463000,92.0,6,0.0,1831,0.0,0,1,2022-01-10 09:14:36
1641806081577872000,92.0,1,0.0,1830,0.0,0,1,2022-01-10 09:14:41
1641806096748397000,92.0,1,0.0,1831,0.0,0,1,2022-01-10 09:14:56
1641806096915641000,92.0,1,0.0,1830,0.0,0,1,2022-01-10 09:14:56
1641806109043346000,92.0,1,0.0,1831,0.0,0,1,2022-01-10 09:15:09
1641806113983173000,92.0,1,0.0,1830,0.0,0,1,2022-01-10 09:15:13
1641806114587652000,92.0,1,0.0,1829,0.0,0,1,2022-01-10 09:15:14
1641806121963282000,92.0,1,0.0,1831,0.0,0,1,2022-01-10 09:15:21
1641806124451400000,92.0,1,0.0,1830,0.0,0,1,2022-01-10 09:15:24
1641806126911478000,92.0,1,0.0,1829,0.0,0,1,2022-01-10 09:15:26
1641806130039579000,92.0,23,0.0,1806,0.0,0,1,2022-01-10 09:15:30
1641806136437024000,92.0,1,0.0,1806,0.0,0,1,2022-01-10 09:15:36
1641806144465751000,92.0,1,0.0,1806,0.0,0,1,2022-01-10 09:15:44
1641806145190612000,92.0,1,0.0,1805,0.0,0,1,2022-01-10 09:15:45
1641806153095983000,92.0,1,0.0,1804,0.0,0,1,2022-01-10 09:15:53
1641806154050921000,92.0,1,0.0,1803,0.0,0,1,2022-01-10 09:15:54
1641806159305274000,92.0,1,0.0,1804,0.0,0,1,2022-01-10 09:15:59
1641806159639552000,92.0,1,0.0,1803,0.0,0,1,2022-01-10 09:15:59
1641806159832795000,92.0,3,0.0,1800,0.0,0,1,2022-01-10 09:15:59
1641806165862583000,92.0,1,0.0,1798,0.0,0,1,2022-01-10 09:16:05
1641806175551013000,92.0,1,0.0,1795,0.0,0,1,2022-01-10 09:16:15
1641806190310201000,92.0,1,0.0,1794,0.0,0,1,2022-01-10 09:16:30
1641806203463388000,92.0,5,0.0,1791,0.0,0,1,2022-01-10 09:16:43
1641806203690086000,92.0,5,0.0,1786,0.0,0,1,2022-01-10 09:16:43
1641806204714583000,92.0,1,0.0,1785,0.0,0,1,2022-01-10 09:16:44
1641806205531280000,92.0,2,0.0,1783,0.0,0,1,2022-01-10 09:16:45
1641806221336381000,92.0,4,0.0,1780,0.0,0,1,2022-01-10 09:17:01
1641806234541080000,92.0,1,0.0,1781,0.0,0,1,2022-01-10 09:17:14
1641806238075948000,92.0,1,0.0,1781,0.0,0,1,2022-01-10 09:17:18
1641806240393010000,92.0,1,0.0,1780,0.0,0,1,2022-01-10 09:17:20
1641806246958145000,92.0,1,0.0,1779,0.0,0,1,2022-01-10 09:17:26
1641806264062696000,92.0,1,0.0,1780,0.0,0,1,2022-01-10 09:17:44
1641806273316785000,92.0,1,0.0,1779,0.0,0,1,2022-01-10 09:17:53
1641806298521914000,92.0,1,0.0,1779,0.0,0,1,2022-01-10 09:18:18
1641806324465514000,92.0,2,0.0,1781,0.0,0,1,2022-01-10 09:18:44
1641806326463584000,92.0,1,0.0,1781,0.0,0,1,2022-01-10 09:18:46
1641806337973437000,92.0,1,0.0,1781,0.0,0,1,2022-01-10 09:18:57
1641806350396509000,92.0,6,0.0,1777,0.0,0,1,2022-01-10 09:19:10
1641806356360314000,92.0,1,0.0,1775,0.0,0,1,2022-01-10 09:19:16
1641806385375637000,92.0,1,0.0,1776,0.0,0,1,2022-01-10 09:19:45
1641806401560821000,92.0,1,0.0,1776,0.0,0,1,2022-01-10 09:20:01
1641806404466846000,92.0,1,0.0,1775,0.0,0,1,2022-01-10 09:20:04
1641806411456787000,92.0,5,0.0,1772,0.0,0,1,2022-01-10 09:20:11
1641806436547277000,92.0,1,0.0,1772,0.0,0,1,2022-01-10 09:20:36
1641806441345862000,92.0,4,0.0,1769,0.0,0,1,2022-01-10 09:20:41
1641806441363087000,92.0,3,0.0,1766,0.0,0,1,2022-01-10 09:20:41
1641806461659626000,92.0,1,0.0,1765,0.0,0,1,2022-01-10 09:21:01
1641806470658502000,92.0,1,0.0,1765,0.0,0,1,2022-01-10 09:21:10
1641806480668559000,92.0,2,0.0,1766,0.0,0,1,2022-01-10 09:21:20
1641806498246484000,92.0,5,0.0,1765,0.0,0,1,2022-01-10 09:21:38
1641806529360058000,92.0,5,0.0,1763,0.0,0,1,2022-01-10 09:22:09
1641806541414491000,92.0,1,0.0,1762,0.0,0,1,2022-01-10 09:22:21
1641806544839836000,92.0,1,0.0,1761,0.0,0,1,2022-01-10 09:22:24
1641806575134962000,92.0,2,0.0,1769,0.0,0,1,2022-01-10 09:22:55
1641806599651676000,92.0,3,0.0,1766,0.0,0,1,2022-01-10 09:23:19
1641806632585201000,92.0,1,0.0,1767,0.0,0,1,2022-01-10 09:23:52
1641806642430068000,92.0,1,0.0,1766,0.0,0,1,2022-01-10 09:24:02
1641806702726405000,92.0,1,0.0,1769,0.0,0,1,2022-01-10 09:25:02
1641806713664028000,92.0,1,0.0,1768,0.0,0,1,2022-01-10 09:25:13
1641806719696325000,92.0,1,0.0,1766,0.0,0,1,2022-01-10 09:25:19
1641806721829054000,92.0,1,0.0,1765,0.0,0,1,2022-01-10 09:25:21
1641806722134164000,92.0,2,0.0,1763,0.0,0,1,2022-01-10 09:25:22
1641806722470373000,92.0,2,0.0,1761,0.0,0,1,2022-01-10 09:25:22
1641806739958872000,92.0,1,0.0,1759,0.0,0,1,2022-01-10 09:25:39
1641806747459929000,92.0,1,0.0,1761,0.0,0,1,2022-01-10 09:25:47
1641806778297609000,92.0,1,0.0,1760,0.0,0,1,2022-01-10 09:26:18
1641806778806013000,92.0,2,0.0,1758,0.0,0,1,2022-01-10 09:26:18
1641806787303948000,92.0,3,0.0,1756,0.0,0,1,2022-01-10 09:26:27
1641806794699514000,92.0,1,0.0,1756,0.0,0,1,2022-01-10 09:26:34
1641806816637843000,92.0,1,0.0,1759,0.0,0,1,2022-01-10 09:26:56
1641806859840827000,92.0,1,0.0,1760,0.0,0,1,2022-01-10 09:27:39
1641806883239835000,92.0,1,0.0,1769,0.0,0,1,2022-01-10 09:28:03
1641806938869593000,92.0,1,0.0,1771,0.0,0,1,2022-01-10 09:28:58
1641806946347857000,92.0,1,0.0,1769,0.0,0,1,2022-01-10 09:29:06
1641806960952814000,92.0,1,0.0,1774,0.0,0,1,2022-01-10 09:29:20
1641807012220805000,92.0,2,0.0,1782,0.0,0,1,2022-01-10 09:30:12
1641807050174138000,92.0,4,0.0,1808,0.0,0,1,2022-01-10 09:30:50
1641807073335095000,92.0,1,0.0,1808,0.0,0,1,2022-01-10 09:31:13
1641807091259005000,92.0,1,0.0,1809,0.0,0,1,2022-01-10 09:31:31
1641807134183244000,92.0,4,0.0,1806,0.0,0,1,2022-01-10 09:32:14
1641807142274379000,92.0,3,0.0,1803,0.0,0,1,2022-01-10 09:32:22
1641807198889703000,92.0,3,0.0,1816,0.0,0,1,2022-01-10 09:33:18
1641807215002557000,92.0,1,0.0,1825,0.0,0,1,2022-01-10 09:33:35
1641807221421376000,92.0,1,0.0,1824,0.0,0,1,2022-01-10 09:33:41
1641807221485411000,92.0,1,0.0,1823,0.0,0,1,2022-01-10 09:33:41
1641807252069552000,92.0,3,0.0,1819,0.0,0,1,2022-01-10 09:34:12
1641807269371245000,92.0,1,0.0,1819,0.0,0,1,2022-01-10 09:34:29
1641807269562596000,92.0,1,0.0,1818,0.0,0,1,2022-01-10 09:34:29
1641807276750920000,92.0,1,0.0,1818,0.0,0,1,2022-01-10 09:34:36
1641807285385115000,92.0,2,0.0,1817,0.0,0,1,2022-01-10 09:34:45
1641807297486455000,92.0,2,0.0,1815,0.0,0,1,2022-01-10 09:34:57
1641807350477537000,92.0,1,0.0,1819,0.0,0,1,2022-01-10 09:35:50
1641807414196345000,92.0,2,0.0,1823,0.0,0,1,2022-01-10 09:36:54
1641807416082368000,92.0,100,0.0,1723,0.0,0,1,2022-01-10 09:36:56
1641807416119530000,92.0,54,0.0,1669,0.0,0,1,2022-01-10 09:36:56
1641807424562118000,92.0,30,0.0,1627,0.0,0,1,2022-01-10 09:37:04
1641807429501306000,92.0,5,0.0,1622,0.0,0,1,2022-01-10 09:37:09
1641807432398705000,92.0,1,0.0,1622,0.0,0,1,2022-01-10 09:37:12
1641807434476155000,92.0,10,0.0,1583,0.0,0,1,2022-01-10 09:37:14
1641807437541240000,92.0,6,0.0,1577,0.0,0,1,2022-01-10 09:37:17
1641807446240101000,92.0,2,0.0,1576,0.0,0,1,2022-01-10 09:37:26
1641807446795823000,92.0,1,0.0,1575,0.0,0,1,2022-01-10 09:37:26
1641807447171993000,92.0,1,0.0,1574,0.0,0,1,2022-01-10 09:37:27
1641807447175618000,92.0,1,0.0,1573,0.0,0,1,2022-01-10 09:37:27
1641807486192184000,92.0,1,0.0,1557,0.0,0,1,2022-01-10 09:38:06
1641807489713564000,92.0,11,0.0,1546,0.0,0,1,2022-01-10 09:38:09
1641807489715350000,92.0,11,0.0,1535,0.0,0,1,2022-01-10 09:38:09
1641807489727580000,92.0,11,0.0,1524,0.0,0,1,2022-01-10 09:38:09
1641807489747581000,92.0,11,0.0,1513,0.0,0,1,2022-01-10 09:38:09
1641807492725333000,92.0,43,0.0,1470,0.0,0,1,2022-01-10 09:38:12
1641807493059847000,92.0,1,0.0,1469,0.0,0,1,2022-01-10 09:38:13
1641807493473317000,92.0,50,0.0,1419,0.0,0,1,2022-01-10 09:38:13
1641807494291946000,92.0,1,0.0,1418,0.0,0,1,2022-01-10 09:38:14
1641807495388498000,92.0,1,0.0,1417,0.0,0,1,2022-01-10 09:38:15
1641807495563395000,92.0,1,0.0,1416,0.0,0,1,2022-01-10 09:38:15
1641807496113566000,92.0,1,0.0,1414,0.0,0,1,2022-01-10 09:38:16
1641807497067392000,92.0,2,0.0,1412,0.0,0,1,2022-01-10 09:38:17
1641807498228804000,92.0,25,0.0,1388,0.0,0,1,2022-01-10 09:38:18
1641807498281967000,92.0,2,0.0,1386,0.0,0,1,2022-01-10 09:38:18
1641807500614109000,92.0,1,0.0,1385,0.0,0,1,2022-01-10 09:38:20
1641807501962071000,92.0,3,0.0,1382,0.0,0,1,2022-01-10 09:38:21
1641807502963801000,92.0,1,0.0,1381,0.0,0,1,2022-01-10 09:38:22
1641807511274160000,92.0,5,0.0,1376,0.0,0,1,2022-01-10 09:38:31
1641807512308345000,92.0,2,0.0,1374,0.0,0,1,2022-01-10 09:38:32
1641807515412344000,92.0,5,0.0,1370,0.0,0,1,2022-01-10 09:38:35
1641807518487999000,92.0,1,0.0,1370,0.0,0,1,2022-01-10 09:38:38
1641807521882928000,92.0,4,0.0,1366,0.0,0,1,2022-01-10 09:38:41
1641807523581377000,92.0,1,0.0,1365,0.0,0,1,2022-01-10 09:38:43
1641807524312607000,92.0,1,0.0,1364,0.0,0,1,2022-01-10 09:38:44
1641807530729603000,92.0,1,0.0,1361,0.0,0,1,2022-01-10 09:38:50
1641807546811704000,92.0,2,0.0,1353,0.0,0,1,2022-01-10 09:39:06
1641807552184563000,92.0,1,0.0,1352,0.0,0,1,2022-01-10 09:39:12
1641807570536841000,92.0,50,0.0,1301,0.0,0,1,2022-01-10 09:39:30
1641807571621531000,92.0,1,0.0,1300,0.0,0,1,2022-01-10 09:39:31
1641807574046486000,92.0,3,0.0,1297,0.0,0,1,2022-01-10 09:39:34
1641807575350373000,92.0,1,0.0,1297,0.0,0,1,2022-01-10 09:39:35
1641807576206970000,92.0,1,0.0,1296,0.0,0,1,2022-01-10 09:39:36
1641807581468087000,92.0,3,0.0,1293,0.0,0,1,2022-01-10 09:39:41
1641807583478888000,92.0,2,0.0,1291,0.0,0,1,2022-01-10 09:39:43
1641807586272986000,92.0,10,0.0,1281,0.0,0,1,2022-01-10 09:39:46
1641807589183143000,92.0,5,0.0,1277,0.0,0,1,2022-01-10 09:39:49
1641807590121354000,92.0,1,0.0,1276,0.0,0,1,2022-01-10 09:39:50
1641807591720640000,92.0,2,0.0,1274,0.0,0,1,2022-01-10 09:39:51
1641807593793460000,92.0,2,0.0,1272,0.0,0,1,2022-01-10 09:39:53
1641807594214785000,92.0,2,0.0,1270,0.0,0,1,2022-01-10 09:39:54
1641807602748654000,92.0,1,0.0,1269,0.0,0,1,2022-01-10 09:40:02
1641807604219812000,92.0,1,0.0,1268,0.0,0,1,2022-01-10 09:40:04
1641807604730918000,92.0,3,0.0,1265,0.0,0,1,2022-01-10 09:40:04
1641807606874229000,92.0,1,0.0,1264,0.0,0,1,2022-01-10 09:40:06
1641807622304899000,92.0,1,0.0,4263,0.0,0,1,2022-01-10 09:40:22
1641807625971475000,92.0,2,0.0,4261,0.0,0,1,2022-01-10 09:40:25
1641807628854827000,92.0,8,0.0,4259,0.0,0,1,2022-01-10 09:40:28
1641807632614412000,92.0,1,0.0,4258,0.0,0,1,2022-01-10 09:40:32
1641807643037974000,92.0,1,0.0,4259,0.0,0,1,2022-01-10 09:40:43
1641807655307084000,92.0,1,0.0,4258,0.0,0,1,2022-01-10 09:40:55
1641807661682059000,92.0,1,0.0,4257,0.0,0,1,2022-01-10 09:41:01
1641807670969852000,92.0,1,0.0,4258,0.0,0,1,2022-01-10 09:41:10
1641807673666417000,92.0,3,0.0,4255,0.0,0,1,2022-01-10 09:41:13
1641807682854107000,92.0,10,0.0,4245,0.0,0,1,2022-01-10 09:41:22
1641807697758299000,92.0,5,0.0,4246,0.0,0,1,2022-01-10 09:41:37
1641807707136248000,92.0,1,0.0,4245,0.0,0,1,2022-01-10 09:41:47
1641807743471323000,92.0,1,0.0,4245,0.0,0,1,2022-01-10 09:42:23
1641807763114522000,92.0,1,0.0,4243,0.0,0,1,2022-01-10 09:42:43
1641807782100154000,92.0,2,0.0,4242,0.0,0,1,2022-01-10 09:43:02
1641807793039143000,92.0,2,0.0,4240,0.0,0,1,2022-01-10 09:43:13
1641807804036274000,92.0,2,0.0,4238,0.0,0,1,2022-01-10 09:43:24
1641807868301523000,92.0,1,0.0,4249,0.0,0,1,2022-01-10 09:44:28
1641807875096233000,92.0,1,0.0,4251,0.0,0,1,2022-01-10 09:44:35
1641807933046642000,92.0,4,0.0,4252,0.0,0,1,2022-01-10 09:45:33
1641807942310284000,92.0,1,0.0,4254,0.0,0,1,2022-01-10 09:45:42
1641807956715375000,92.0,1,0.0,4253,0.0,0,1,2022-01-10 09:45:56
1641807990814551000,92.0,1,0.0,4254,0.0,0,1,2022-01-10 09:46:30
1641808017731947000,92.0,1,0.0,4256,0.0,0,1,2022-01-10 09:46:57
1641808051695248000,92.0,1,0.0,4258,0.0,0,1,2022-01-10 09:47:31
1641808182486432000,92.0,1,0.0,4278,0.0,0,1,2022-01-10 09:49:42
1641808190079429000,92.0,1,0.0,4277,0.0,0,1,2022-01-10 09:49:50
1641808224345495000,92.0,1,0.0,4275,0.0,0,1,2022-01-10 09:50:24
1641808268664096000,92.0,2,0.0,4274,0.0,0,1,2022-01-10 09:51:08
1641808280907461000,92.0,1,0.0,4275,0.0,0,1,2022-01-10 09:51:20
1641808318357773000,92.0,3,0.0,4268,0.0,0,1,2022-01-10 09:51:58
1641808436430544000,92.0,3,0.0,4264,0.0,0,1,2022-01-10 09:53:56
1641808439829043000,92.0,22,0.0,4243,0.0,0,1,2022-01-10 09:53:59
1641808488025933000,92.0,1,0.0,4244,0.0,0,1,2022-01-10 09:54:48
1641808525839509000,92.0,10,0.0,4232,0.0,0,1,2022-01-10 09:55:25
1641808531527422000,92.0,1,0.0,4232,0.0,0,1,2022-01-10 09:55:31
1641808561473170000,92.0,1,0.0,4233,0.0,0,1,2022-01-10 09:56:01
1641808818527987000,92.0,1,0.0,4239,0.0,0,1,2022-01-10 10:00:18
1641808867846383000,92.0,20,0.0,4222,0.0,0,1,2022-01-10 10:01:07
1641808880654708000,92.0,1,0.0,4222,0.0,0,1,2022-01-10 10:01:20
1641809025481022000,92.0,4,0.0,4222,0.0,0,1,2022-01-10 10:03:45
1641809029375008000,92.0,1,0.0,4221,0.0,0,1,2022-01-10 10:03:49
1641809112281882000,92.0,1,0.0,4227,0.0,0,1,2022-01-10 10:05:12
1641809143879786000,92.0,1,0.0,4226,0.0,0,1,2022-01-10 10:05:43
1641809164305541000,92.0,1,0.0,4228,0.0,0,1,2022-01-10 10:06:04
1641809196136043000,92.0,1,0.0,4228,0.0,0,1,2022-01-10 10:06:36
1641809250540123000,92.0,1,0.0,4229,0.0,0,1,2022-01-10 10:07:30
1641809280396228000,92.0,1,0.0,4229,0.0,0,1,2022-01-10 10:08:00
1641809306854653000,92.0,1,0.0,4228,0.0,0,1,2022-01-10 10:08:26
1641809351694107000,92.0,2,0.0,4228,0.0,0,1,2022-01-10 10:09:11
1641809352036240000,92.0,3,0.0,4225,0.0,0,1,2022-01-10 10:09:12
1641809356285915000,92.0,3,0.0,4223,0.0,0,1,2022-01-10 10:09:16
1641809388937426000,92.0,1,0.0,4222,0.0,0,1,2022-01-10 10:09:48
1641809431513578000,92.0,2,0.0,4220,0.0,0,1,2022-01-10 10:10:31
1641809543735335000,92.0,1,0.0,4222,0.0,0,1,2022-01-10 10:12:23
1641809551461624000,92.0,1,0.0,4221,0.0,0,1,2022-01-10 10:12:31
1641809562952358000,92.0,1,0.0,4220,0.0,0,1,2022-01-10 10:12:42
1641809608103804000,92.0,1,0.0,4223,0.0,0,1,2022-01-10 10:13:28
1641809905207441000,92.0,1,0.0,4236,0.0,0,1,2022-01-10 10:18:25
1641809952790670000,92.0,1,0.0,4236,0.0,0,1,2022-01-10 10:19:12
1641810058451762000,92.0,1,0.0,4238,0.0,0,1,2022-01-10 10:20:58
1641810066528761000,92.0,1,0.0,4237,0.0,0,1,2022-01-10 10:21:06
1641810205110217000,92.0,1,0.0,4252,0.0,0,1,2022-01-10 10:23:25
1641810376796189000,92.0,3,0.0,4251,0.0,0,1,2022-01-10 10:26:16
1641810402144985000,92.0,2,0.0,4249,0.0,0,1,2022-01-10 10:26:42
1641810508162219000,92.0,1,0.0,4251,0.0,0,1,2022-01-10 10:28:28
1641810639055286000,92.0,3,0.0,4250,0.0,0,1,2022-01-10 10:30:39
1641810965034985000,92.0,1,0.0,4257,0.0,0,1,2022-01-10 10:36:05
1641810992335799000,92.0,1,0.0,4260,0.0,0,1,2022-01-10 10:36:32
1641811022534740000,92.0,1,0.0,4257,0.0,0,1,2022-01-10 10:37:02
1641811072361674000,92.0,1,0.0,4256,0.0,0,1,2022-01-10 10:37:52
1641811149476623000,92.0,1,0.0,4254,0.0,0,1,2022-01-10 10:39:09
1641811427907898000,92.0,3,0.0,4259,0.0,0,1,2022-01-10 10:43:47
1641811547996588000,92.0,1,0.0,4256,0.0,0,1,2022-01-10 10:45:47
1641811611013860000,92.0,1,0.0,4255,0.0,0,1,2022-01-10 10:46:51
1641811695305234000,92.0,1,0.0,4254,0.0,0,1,2022-01-10 10:48:15
1641811695364000000,92.0,1,0.0,4253,0.0,0,1,2022-01-10 10:48:15
1641811721668179000,92.0,1,0.0,4252,0.0,0,1,2022-01-10 10:48:41
1641811911154020000,92.0,1,0.0,4256,0.0,0,1,2022-01-10 10:51:51
1641811999434023000,92.0,1,0.0,4258,0.0,0,1,2022-01-10 10:53:19
1641812043202267000,92.0,1,0.0,4256,0.0,0,1,2022-01-10 10:54:03
1641812082335480000,92.0,1,0.0,4256,0.0,0,1,2022-01-10 10:54:42
1641812134613079000,92.0,1,0.0,4255,0.0,0,1,2022-01-10 10:55:34
1641812147633130000,92.0,1,0.0,4254,0.0,0,1,2022-01-10 10:55:47
1641812305405154000,92.0,1,0.0,4253,0.0,0,1,2022-01-10 10:58:25
1641812673556263000,92.0,23,0.0,4237,0.0,0,1,2022-01-10 11:04:33
1641812848832053000,92.0,2,0.0,4235,0.0,0,1,2022-01-10 11:07:28
1641813090731652000,92.0,3,0.0,4235,0.0,0,1,2022-01-10 11:11:30
1641813131701119000,92.0,1,0.0,4235,0.0,0,1,2022-01-10 11:12:11
1641813223946150000,92.0,3,0.0,4237,0.0,0,1,2022-01-10 11:13:43
1641813431196845000,92.0,2,0.0,4227,0.0,0,1,2022-01-10 11:17:11
1641813644832978000,92.0,1,0.0,4232,0.0,0,1,2022-01-10 11:20:44
1641813683126845000,92.0,1,0.0,4231,0.0,0,1,2022-01-10 11:21:23
1641813712178059000,92.0,1,0.0,4232,0.0,0,1,2022-01-10 11:21:52
1641813741525154000,92.0,1,0.0,4231,0.0,0,1,2022-01-10 11:22:21
1641813754739398000,92.0,1,0.0,4230,0.0,0,1,2022-01-10 11:22:34
1641813837582577000,92.0,3,0.0,4228,0.0,0,1,2022-01-10 11:23:57
1641813849230123000,92.0,1,0.0,4227,0.0,0,1,2022-01-10 11:24:09
1641814090915159000,92.0,2,0.0,4227,0.0,0,1,2022-01-10 11:28:10
1641814095535829000,92.0,25,0.0,4203,0.0,0,1,2022-01-10 11:28:15
1641814149323494000,92.0,2,0.0,4200,0.0,0,1,2022-01-10 11:29:09
1641814243867898000,92.0,1,0.0,4199,0.0,0,1,2022-01-10 11:30:43
1641814371673476000,92.0,1,0.0,4201,0.0,0,1,2022-01-10 11:32:51
1641814372890398000,92.0,1,0.0,4200,0.0,0,1,2022-01-10 11:32:52
1641814613912812000,92.0,1,0.0,4201,0.0,0,1,2022-01-10 11:36:53
1641814758508230000,92.0,1,0.0,4202,0.0,0,1,2022-01-10 11:39:18
1641814789517424000,92.0,1,0.0,4201,0.0,0,1,2022-01-10 11:39:49
1641815007532579000,92.0,1,0.0,4197,0.0,0,1,2022-01-10 11:43:27
1641815220085155000,92.0,1,0.0,4202,0.0,0,1,2022-01-10 11:47:00
1641815536489709000,92.0,1,0.0,4204,0.0,0,1,2022-01-10 11:52:16
1641815847179826000,92.0,1,0.0,4212,0.0,0,1,2022-01-10 11:57:27
1641815954523667000,92.0,1,0.0,4205,0.0,0,1,2022-01-10 11:59:14
1641816134446910000,92.0,1,0.0,4205,0.0,0,1,2022-01-10 12:02:14
1641816169877709000,92.0,8,0.0,4198,0.0,0,1,2022-01-10 12:02:49
1641816240098537000,92.0,1,0.0,4199,0.0,0,1,2022-01-10 12:04:00
1641816337624676000,92.0,1,0.0,4198,0.0,0,1,2022-01-10 12:05:37
1641816351317256000,92.0,1,0.0,4197,0.0,0,1,2022-01-10 12:05:51
1641816459387059000,92.0,1,0.0,4201,0.0,0,1,2022-01-10 12:07:39
1641816526657989000,92.0,2,0.0,4199,0.0,0,1,2022-01-10 12:08:46
1641816547973947000,92.0,1,0.0,4200,0.0,0,1,2022-01-10 12:09:07
1641816591459598000,92.0,2,0.0,4197,0.0,0,1,2022-01-10 12:09:51
1641816636506697000,92.0,1,0.0,4196,0.0,0,1,2022-01-10 12:10:36
1641816689658799000,92.0,1,0.0,4197,0.0,0,1,2022-01-10 12:11:29
1641816817247604000,92.0,1,0.0,4198,0.0,0,1,2022-01-10 12:13:37
1641817148623756000,92.0,1,0.0,4207,0.0,0,1,2022-01-10 12:19:08
1641817191638370000,92.0,1,0.0,4207,0.0,0,1,2022-01-10 12:19:51
1641817400929853000,92.0,1,0.0,4211,0.0,0,1,2022-01-10 12:23:20
1641817412662168000,92.0,1,0.0,4211,0.0,0,1,2022-01-10 12:23:32
1641817444308686000,92.0,1,0.0,4211,0.0,0,1,2022-01-10 12:24:04
1641817467382123000,92.0,1,0.0,4211,0.0,0,1,2022-01-10 12:24:27
1641817832243096000,92.0,1,0.0,4219,0.0,0,1,2022-01-10 12:30:32
1641817984890324000,92.0,1,0.0,4224,0.0,0,1,2022-01-10 12:33:04
1641818011717539000,92.0,2,0.0,4222,0.0,0,1,2022-01-10 12:33:31
1641818317011233000,92.0,1,0.0,4221,0.0,0,1,2022-01-10 12:38:37
1641818329121093000,92.0,1,0.0,4222,0.0,0,1,2022-01-10 12:38:49
1641818414484400000,92.0,1,0.0,4221,0.0,0,1,2022-01-10 12:40:14
1641818467234838000,92.0,1,0.0,4220,0.0,0,1,2022-01-10 12:41:07
1641818489637676000,92.0,15,0.0,4206,0.0,0,1,2022-01-10 12:41:29
1641818553975241000,92.0,1,0.0,4206,0.0,0,1,2022-01-10 12:42:33
1641818750586658000,92.0,1,0.0,4206,0.0,0,1,2022-01-10 12:45:50
1641818779733669000,92.0,1,0.0,4206,0.0,0,1,2022-01-10 12:46:19
1641818838215823000,92.0,2,0.0,4204,0.0,0,1,2022-01-10 12:47:18
1641818853577708000,92.0,1,0.0,4203,0.0,0,1,2022-01-10 12:47:33
1641818970547189000,92.0,1,0.0,4205,0.0,0,1,2022-01-10 12:49:30
1641819124750542000,92.0,1,0.0,4202,0.0,0,1,2022-01-10 12:52:04
1641819200159572000,92.0,1,0.0,4200,0.0,0,1,2022-01-10 12:53:20
1641819499919917000,92.0,3,0.0,4199,0.0,0,1,2022-01-10 12:58:19
1641819511964806000,92.0,1,0.0,4198,0.0,0,1,2022-01-10 12:58:31
1641819580670633000,92.0,1,0.0,4197,0.0,0,1,2022-01-10 12:59:40
1641819705037432000,92.0,1,0.0,4201,0.0,0,1,2022-01-10 13:01:45
1641819878621354000,92.0,1,0.0,4215,0.0,0,1,2022-01-10 13:04:38
1641819972959244000,92.0,2,0.0,4213,0.0,0,1,2022-01-10 13:06:12
1641820036572255000,92.0,2,0.0,4214,0.0,0,1,2022-01-10 13:07:16
1641820037545165000,92.0,1,0.0,4213,0.0,0,1,2022-01-10 13:07:17
1641820161606321000,92.0,1,0.0,4214,0.0,0,1,2022-01-10 13:09:21
1641820201092878000,92.0,3,0.0,4210,0.0,0,1,2022-01-10 13:10:01
1641820221032166000,92.0,1,0.0,4209,0.0,0,1,2022-01-10 13:10:21
1641820229635553000,92.0,2,0.0,4207,0.0,0,1,2022-01-10 13:10:29
1641820275511433000,92.0,1,0.0,4207,0.0,0,1,2022-01-10 13:11:15
1641820502698625000,92.0,1,0.0,4191,0.0,0,1,2022-01-10 13:15:02
1641820674516894000,92.0,1,0.0,4192,0.0,0,1,2022-01-10 13:17:54
1641820696494380000,92.0,2,0.0,4191,0.0,0,1,2022-01-10 13:18:16
1641820696641010000,92.0,2,0.0,4189,0.0,0,1,2022-01-10 13:18:16
1641820782947490000,92.0,3,0.0,4189,0.0,0,1,2022-01-10 13:19:42
1641820887953998000,92.0,1,0.0,4310,0.0,0,1,2022-01-10 13:21:27
1641820894167025000,92.0,1,0.0,4312,0.0,0,1,2022-01-10 13:21:34
1641820899888075000,92.0,1,0.0,4311,0.0,0,1,2022-01-10 13:21:39
1641820950518235000,92.0,1,0.0,4312,0.0,0,1,2022-01-10 13:22:30
1641821009394653000,92.0,1,0.0,4322,0.0,0,1,2022-01-10 13:23:29
1641821012658444000,92.0,2,0.0,4320,0.0,0,1,2022-01-10 13:23:32
1641821039410490000,92.0,1,0.0,4319,0.0,0,1,2022-01-10 13:23:59
1641821400000000000,92.0,2,92.0,17168,0.0,0,1,2022-01-10 13:30:00
