ts,close,volume,bid_price,bid_volume,ask_price,ask_volume,tick_type,datetime
1641805324083423000,50.2,885,50.1,90,50.2,38,1,2022-01-10 09:02:04
1641805324117208000,50.2,32,50.1,90,50.2,6,1,2022-01-10 09:02:04
1641805324117235000,50.2,6,50.1,90,50.3,40,1,2022-01-10 09:02:04
1641805324153622000,50.3,2,50.1,90,50.3,38,1,2022-01-10 09:02:04
1641805324462537000,50.3,20,50.1,93,50.3,21,1,2022-01-10 09:02:04
1641805324480742000,50.3,8,50.1,93,50.3,13,1,2022-01-10 09:02:04
1641805324515780000,50.3,10,50.1,93,50.3,3,1,2022-01-10 09:02:04
1641805324542128000,50.3,1,50.1,93,50.3,2,1,2022-01-10 09:02:04
1641805325480228000,50.3,2,50.3,8,50.4,35,1,2022-01-10 09:02:05
1641805325628664000,50.3,4,50.3,4,50.4,35,2,2022-01-10 09:02:05
1641805325835291000,50.4,3,50.3,4,50.4,32,1,2022-01-10 09:02:05
1641805327559417000,50.4,5,50.3,5,50.4,27,1,2022-01-10 09:02:07
1641805327634220000,50.4,4,50.3,5,50.4,23,1,2022-01-10 09:02:07
1641805327639122000,50.4,5,50.3,5,50.4,18,1,2022-01-10 09:02:07
1641805327919368000,50.3,1,50.3,8,50.4,18,2,2022-01-10 09:02:07
1641805328076390000,50.4,2,50.3,8,50.4,16,1,2022-01-10 09:02:08
1641805328233022000,50.4,1,50.3,9,50.4,15,1,2022-01-10 09:02:08
1641805328301681000,50.4,3,50.3,9,50.4,12,1,2022-01-10 09:02:08
1641805328518136000,50.4,10,50.3,9,50.4,2,1,2022-01-10 09:02:08
1641805328637394000,50.4,2,50.3,9,50.5,35,1,2022-01-10 09:02:08
1641805328637394000,50.5,2,50.3,9,50.5,35,1,2022-01-10 09:02:08
1641805329806613000,50.5,1,50.3,12,50.5,34,1,2022-01-10 09:02:09
1641805329945424000,50.4,1,50.4,5,50.5,34,1,2022-01-10 09:02:09
1641805330275985000,50.5,12,50.4,16,50.5,22,1,2022-01-10 09:02:10
1641805330303610000,50.5,21,50.4,16,50.5,1,1,2022-01-10 09:02:10
1641805330335700000,50.5,1,50.4,16,50.6,38,1,2022-01-10 09:02:10
1641805330358912000,50.6,2,50.4,16,50.6,36,1,2022-01-10 09:02:10
1641805330591912000,50.6,1,50.4,16,50.6,35,1,2022-01-10 09:02:10
1641805330598691000,50.6,35,50.4,16,50.7,35,1,2022-01-10 09:02:10
1641805330797488000,50.7,1,50.4,16,50.7,34,1,2022-01-10 09:02:10
1641805331162708000,50.7,1,50.6,5,50.7,33,1,2022-01-10 09:02:11
1641805331169907000,50.7,5,50.6,5,50.7,28,1,2022-01-10 09:02:11
1641805331202915000,50.7,1,50.6,5,50.7,27,1,2022-01-10 09:02:11
1641805331219604000,50.6,4,50.6,1,50.7,27,2,2022-01-10 09:02:11
1641805331501912000,50.7,10,50.6,1,50.7,17,1,2022-01-10 09:02:11
1641805331509710000,50.7,17,50.7,40,50.8,61,1,2022-01-10 09:02:11
1641805331685069000,50.8,4,50.7,40,50.8,57,1,2022-01-10 09:02:11
1641805331686130000,50.8,3,50.7,40,50.8,54,1,2022-01-10 09:02:11
1641805331715997000,50.8,2,50.7,40,50.8,52,1,2022-01-10 09:02:11
1641805331723176000,50.8,52,50.8,5,50.9,15,1,2022-01-10 09:02:11
1641805331917132000,50.9,15,50.9,42,51.0,3,1,2022-01-10 09:02:11
1641805332004613000,51.0,3,50.9,42,51.2,6,1,2022-01-10 09:02:12
1641805332004613000,51.1,1,50.9,42,51.2,6,1,2022-01-10 09:02:12
1641805332004613000,51.2,1,50.9,42,51.2,6,1,2022-01-10 09:02:12
1641805332074386000,51.2,1,50.9,42,51.2,5,1,2022-01-10 09:02:12
1641805332291415000,50.8,2,50.8,3,51.2,5,2,2022-01-10 09:02:12
1641805332484591000,51.1,5,51.1,1,51.2,5,1,2022-01-10 09:02:12
1641805332740802000,51.2,1,51.1,1,51.2,4,1,2022-01-10 09:02:12
1641805333473160000,51.2,3,51.1,1,51.2,1,1,2022-01-10 09:02:13
1641805333604453000,51.2,1,51.1,1,51.3,5,1,2022-01-10 09:02:13
1641805333741393000,51.3,1,51.1,1,51.3,4,1,2022-01-10 09:02:13
1641805333769312000,51.3,1,51.1,1,51.3,3,1,2022-01-10 09:02:13
1641805334241036000,51.3,3,51.1,1,51.4,3,1,2022-01-10 09:02:14
1641805334850596000,51.4,1,51.1,1,51.4,2,1,2022-01-10 09:02:14
1641805335057366000,51.4,1,51.2,1,51.4,1,1,2022-01-10 09:02:15
1641805335315099000,51.2,1,51.1,1,51.4,1,2,2022-01-10 09:02:15
1641805335525558000,51.4,1,51.1,1,51.7,11,1,2022-01-10 09:02:15
1641805335525558000,51.6,2,51.1,1,51.7,11,1,2022-01-10 09:02:15
1641805335525558000,51.7,2,51.1,1,51.7,11,1,2022-01-10 09:02:15
1641805336123530000,51.4,1,51.4,2,51.7,11,2,2022-01-10 09:02:16
1641805336645955000,51.6,1,51.4,2,51.6,1,1,2022-01-10 09:02:16
1641805336845197000,51.6,1,51.4,2,51.7,16,1,2022-01-10 09:02:16
1641805336845197000,51.7,2,51.4,2,51.7,16,1,2022-01-10 09:02:16
1641805337735396000,51.5,1,51.4,2,51.5,2,1,2022-01-10 09:02:17
1641805337998943000,51.5,2,51.4,2,51.6,3,1,2022-01-10 09:02:17
1641805338336556000,51.6,3,51.4,2,51.7,14,1,2022-01-10 09:02:18
1641805338336556000,51.7,2,51.4,2,51.7,14,1,2022-01-10 09:02:18
1641805338440439000,51.4,3,51.1,2,51.7,14,2,2022-01-10 09:02:18
1641805338440439000,51.3,11,51.1,2,51.7,14,2,2022-01-10 09:02:18
1641805338440439000,51.2,4,51.1,2,51.7,14,2,2022-01-10 09:02:18
1641805338904551000,51.6,1,51.4,2,51.6,9,1,2022-01-10 09:02:18
1641805338951588000,51.6,1,51.4,2,51.6,8,1,2022-01-10 09:02:18
1641805339169381000,51.6,1,51.5,1,51.6,7,1,2022-01-10 09:02:19
1641805339261369000,51.5,1,51.4,7,51.6,7,2,2022-01-10 09:02:19
1641805339311044000,51.5,2,51.4,8,51.5,3,1,2022-01-10 09:02:19
1641805339358288000,51.5,1,51.4,8,51.5,2,1,2022-01-10 09:02:19
1641805339530406000,51.5,1,51.4,9,51.5,1,1,2022-01-10 09:02:19
1641805339677367000,51.5,1,51.4,9,51.5,5,1,2022-01-10 09:02:19
1641805339795595000,51.5,1,51.4,9,51.5,4,1,2022-01-10 09:02:19
1641805339904583000,51.5,2,51.4,9,51.5,2,1,2022-01-10 09:02:19
1641805339924035000,51.5,2,51.4,9,51.6,7,1,2022-01-10 09:02:19
1641805340062409000,51.6,5,51.4,9,51.6,2,1,2022-01-10 09:02:20
1641805340085807000,51.6,2,51.4,9,51.7,6,1,2022-01-10 09:02:20
1641805340085807000,51.7,3,51.4,9,51.7,6,1,2022-01-10 09:02:20
1641805340146193000,51.7,2,51.4,9,51.7,4,1,2022-01-10 09:02:20
1641805340282902000,51.5,1,51.4,9,51.7,1,1,2022-01-10 09:02:20
1641805340282902000,51.7,3,51.4,9,51.7,1,1,2022-01-10 09:02:20
1641805340323576000,51.7,1,51.6,3,51.8,7,1,2022-01-10 09:02:20
1641805340695990000,51.8,1,51.6,3,51.8,6,1,2022-01-10 09:02:20
1641805340832032000,51.8,3,51.7,1,51.8,3,1,2022-01-10 09:02:20
1641805340957199000,51.7,1,51.5,9,51.6,1,2,2022-01-10 09:02:20
1641805340957199000,51.6,3,51.5,9,51.6,1,2,2022-01-10 09:02:20
1641805340996429000,51.6,1,51.4,9,51.8,3,1,2022-01-10 09:02:20
1641805341031225000,51.5,1,51.5,8,51.8,3,1,2022-01-10 09:02:21
1641805341035706000,51.8,3,51.5,8,51.9,17,1,2022-01-10 09:02:21
1641805341202548000,51.5,8,51.4,9,51.5,2,2,2022-01-10 09:02:21
1641805341225302000,51.5,2,51.4,9,51.8,1,1,2022-01-10 09:02:21
1641805341534027000,51.5,1,51.4,9,51.8,9,1,2022-01-10 09:02:21
1641805341591194000,51.5,1,51.4,9,51.8,12,1,2022-01-10 09:02:21
1641805341721138000,51.8,5,51.4,9,51.8,7,1,2022-01-10 09:02:21
1641805341785851000,51.4,2,51.4,7,51.8,7,2,2022-01-10 09:02:21
1641805342213518000,51.5,1,51.4,8,51.5,2,1,2022-01-10 09:02:22
1641805342236618000,51.5,2,51.4,8,51.6,4,1,2022-01-10 09:02:22
1641805342423127000,51.6,3,51.4,8,51.6,1,1,2022-01-10 09:02:22
1641805342840069000,51.5,2,51.5,1,51.6,1,2,2022-01-10 09:02:22
1641805342874742000,51.5,1,51.4,8,51.6,1,2,2022-01-10 09:02:22
1641805342901242000,51.6,1,51.4,8,51.8,16,1,2022-01-10 09:02:22
1641805342901242000,51.8,1,51.4,8,51.8,16,1,2022-01-10 09:02:22
1641805342904153000,51.8,3,51.4,8,51.8,13,1,2022-01-10 09:02:22
1641805342968269000,51.8,1,51.4,8,51.8,12,1,2022-01-10 09:02:22
1641805343325025000,51.6,5,51.6,1,51.8,12,2,2022-01-10 09:02:23
1641805343773888000,51.6,1,51.5,11,51.8,8,2,2022-01-10 09:02:23
1641805344101125000,51.8,2,51.5,12,51.8,7,1,2022-01-10 09:02:24
1641805344650587000,51.7,2,51.6,2,51.7,2,1,2022-01-10 09:02:24
1641805344763024000,51.7,2,51.6,3,51.8,6,1,2022-01-10 09:02:24
1641805344763024000,51.8,1,51.6,3,51.8,6,1,2022-01-10 09:02:24
1641805344867772000,51.8,1,51.6,3,51.8,5,1,2022-01-10 09:02:24
1641805344880593000,51.6,1,51.6,2,51.8,5,2,2022-01-10 09:02:24
1641805345031653000,51.7,1,51.6,2,51.7,9,1,2022-01-10 09:02:25
1641805345715805000,51.6,1,51.6,2,51.7,10,2,2022-01-10 09:02:25
1641805345737983000,51.7,2,51.6,2,51.7,8,1,2022-01-10 09:02:25
1641805345806815000,51.6,1,51.6,1,51.7,8,2,2022-01-10 09:02:25
1641805345903969000,51.7,5,51.6,1,51.7,3,1,2022-01-10 09:02:25
1641805345978394000,51.6,1,51.5,12,51.7,3,2,2022-01-10 09:02:25
1641805346033341000,51.7,1,51.5,12,51.7,2,1,2022-01-10 09:02:26
1641805346305225000,51.7,1,51.5,12,51.7,1,1,2022-01-10 09:02:26
1641805346362392000,51.7,1,51.6,1,51.8,5,1,2022-01-10 09:02:26
1641805346433503000,51.8,2,51.6,1,51.8,3,1,2022-01-10 09:02:26
1641805346485884000,51.6,1,51.5,8,51.8,3,2,2022-01-10 09:02:26
1641805346485884000,51.5,4,51.5,8,51.8,3,2,2022-01-10 09:02:26
1641805346708038000,51.5,1,51.5,7,51.6,1,2,2022-01-10 09:02:26
1641805347274903000,51.6,1,51.7,6,51.8,3,1,2022-01-10 09:02:27
1641805347274903000,51.7,3,51.7,6,51.8,3,1,2022-01-10 09:02:27
1641805347413090000,51.7,1,51.7,5,51.8,3,2,2022-01-10 09:02:27
1641805347457943000,51.8,3,51.8,2,51.9,17,1,2022-01-10 09:02:27
1641805347997813000,51.8,2,51.5,8,51.9,17,2,2022-01-10 09:02:27
1641805347997813000,51.7,6,51.5,8,51.9,17,2,2022-01-10 09:02:27
1641805347997813000,51.6,2,51.5,8,51.9,17,2,2022-01-10 09:02:27
1641805348237211000,51.7,1,51.5,8,51.9,17,1,2022-01-10 09:02:28
1641805348795170000,51.9,2,51.7,4,51.9,15,1,2022-01-10 09:02:28
1641805348811350000,51.9,2,51.7,4,51.9,13,1,2022-01-10 09:02:28
1641805349216703000,51.9,2,51.7,5,51.9,11,1,2022-01-10 09:02:29
1641805349246816000,51.7,3,51.7,2,51.9,11,2,2022-01-10 09:02:29
1641805349627389000,51.7,1,51.7,1,51.8,1,2,2022-01-10 09:02:29
1641805349882621000,51.8,1,51.7,2,51.9,10,1,2022-01-10 09:02:29
1641805349882621000,51.9,1,51.7,2,51.9,10,1,2022-01-10 09:02:29
1641805349957799000,51.9,2,51.7,2,51.9,8,1,2022-01-10 09:02:29
1641805350259688000,51.8,5,51.5,22,51.9,8,2,2022-01-10 09:02:30
1641805350259688000,51.7,2,51.5,22,51.9,8,2,2022-01-10 09:02:30
1641805350259688000,51.6,3,51.5,22,51.9,8,2,2022-01-10 09:02:30
1641805350487216000,51.8,1,51.5,23,51.9,8,1,2022-01-10 09:02:30
1641805350823385000,51.9,1,51.6,9,51.9,7,1,2022-01-10 09:02:30
1641805350865784000,51.9,2,51.6,9,51.9,5,1,2022-01-10 09:02:30
1641805351185850000,51.8,1,51.6,1,52.0,33,1,2022-01-10 09:02:31
1641805351185850000,51.9,6,51.6,1,52.0,33,1,2022-01-10 09:02:31
1641805351348396000,51.9,1,51.6,1,52.0,33,1,2022-01-10 09:02:31
1641805351760159000,51.9,1,51.7,1,52.0,33,2,2022-01-10 09:02:31
1641805352271138000,51.8,1,51.7,3,52.0,33,1,2022-01-10 09:02:32
1641805352428809000,51.8,0,0.0,0,0.0,0,1,2022-01-10 09:02:32
1641805473030012000,52.0,383,52.0,8,52.1,1,1,2022-01-10 09:04:33
1641805473065224000,52.1,1,52.0,8,52.2,1,1,2022-01-10 09:04:33
1641805473100213000,52.0,3,52.0,5,52.2,1,2,2022-01-10 09:04:33
1641805473412930000,52.0,1,52.0,5,52.2,1,2,2022-01-10 09:04:33
1641805473513078000,52.0,3,52.0,2,52.2,1,2,2022-01-10 09:04:33
1641805473597296000,52.2,1,52.3,8,52.4,8,1,2022-01-10 09:04:33
1641805473597296000,52.3,1,52.3,8,52.4,8,1,2022-01-10 09:04:33
1641805473634434000,52.4,7,52.3,8,52.4,1,1,2022-01-10 09:04:33
1641805473701337000,52.3,1,52.3,7,52.4,1,2,2022-01-10 09:04:33
1641805473766432000,52.3,2,52.3,5,52.4,1,2,2022-01-10 09:04:33
1641805474125860000,52.4,1,52.3,5,52.7,3,1,2022-01-10 09:04:34
1641805474125860000,52.5,17,52.3,5,52.7,3,1,2022-01-10 09:04:34
1641805474125860000,52.6,1,52.3,5,52.7,3,1,2022-01-10 09:04:34
1641805474125860000,52.7,1,52.3,5,52.7,3,1,2022-01-10 09:04:34
1641805474823173000,52.6,5,52.6,5,52.7,3,2,2022-01-10 09:04:34
1641805474846975000,52.6,5,52.5,10,52.7,3,2,2022-01-10 09:04:34
1641805475370498000,52.7,3,52.5,10,52.8,10,1,2022-01-10 09:04:35
1641805475370498000,52.8,7,52.5,10,52.8,10,1,2022-01-10 09:04:35
1641805475540452000,52.8,10,52.5,10,52.9,38,1,2022-01-10 09:04:35
1641805476650619000,52.5,2,52.3,5,52.7,7,2,2022-01-10 09:04:36
1641805477338727000,52.7,3,52.3,7,52.7,4,1,2022-01-10 09:04:37
1641805477429426000,52.7,2,52.3,7,52.7,2,1,2022-01-10 09:04:37
1641805477501609000,52.7,1,52.3,7,52.7,1,1,2022-01-10 09:04:37
1641805477538525000,52.7,1,52.3,7,52.9,39,1,2022-01-10 09:04:37
1641805477538525000,52.8,4,52.3,7,52.9,39,1,2022-01-10 09:04:37
1641805478273374000,52.7,5,52.4,1,52.9,36,1,2022-01-10 09:04:38
1641805478273374000,52.8,2,52.4,1,52.9,36,1,2022-01-10 09:04:38
1641805478273374000,52.9,3,52.4,1,52.9,36,1,2022-01-10 09:04:38
1641805478299588000,52.4,1,52.1,1,52.8,10,2,2022-01-10 09:04:38
1641805478299588000,52.3,2,52.1,1,52.8,10,2,2022-01-10 09:04:38
1641805478492465000,52.7,1,52.4,1,52.7,2,1,2022-01-10 09:04:38
1641805478839257000,52.4,1,52.2,6,52.6,4,2,2022-01-10 09:04:38
1641805479301740000,52.4,1,52.3,2,52.4,9,1,2022-01-10 09:04:39
1641805479380642000,52.4,2,52.3,2,52.4,7,1,2022-01-10 09:04:39
1641805479486688000,52.4,1,52.3,2,52.4,6,1,2022-01-10 09:04:39
1641805479524883000,52.3,2,52.2,6,52.4,6,2,2022-01-10 09:04:39
1641805479753296000,52.4,1,52.2,6,52.4,5,1,2022-01-10 09:04:39
1641805479957749000,52.2,1,52.2,5,52.4,5,2,2022-01-10 09:04:39
1641805480135645000,52.2,5,52.1,1,52.3,11,2,2022-01-10 09:04:40
1641805480748043000,52.1,1,52.0,10,52.2,12,2,2022-01-10 09:04:40
1641805480840838000,52.0,10,51.9,54,52.0,10,2,2022-01-10 09:04:40
1641805480992727000,51.9,2,51.9,52,52.0,20,2,2022-01-10 09:04:40
1641805481106743000,51.9,10,51.9,42,52.0,20,2,2022-01-10 09:04:41
1641805481151846000,51.9,1,51.9,41,52.0,20,2,2022-01-10 09:04:41
1641805481314189000,51.9,10,51.9,31,52.0,20,2,2022-01-10 09:04:41
1641805481383842000,52.0,1,51.9,31,52.0,19,1,2022-01-10 09:04:41
1641805481458585000,51.9,10,51.9,21,52.0,39,2,2022-01-10 09:04:41
1641805481486380000,51.9,21,51.8,41,52.0,39,2,2022-01-10 09:04:41
1641805481516836000,51.8,17,51.8,24,52.0,39,2,2022-01-10 09:04:41
1641805481559531000,51.8,12,51.8,12,52.0,39,2,2022-01-10 09:04:41
1641805481693663000,51.8,3,51.8,9,51.9,6,2,2022-01-10 09:04:41
1641805482301191000,51.9,1,51.8,9,51.9,8,1,2022-01-10 09:04:42
1641805482380661000,51.8,9,51.7,12,51.8,1,2,2022-01-10 09:04:42
1641805482387936000,51.8,1,51.7,12,51.9,9,1,2022-01-10 09:04:42
1641805482653362000,51.7,4,51.7,8,51.8,6,2,2022-01-10 09:04:42
1641805483446102000,51.8,3,51.7,8,51.8,3,1,2022-01-10 09:04:43
1641805483574680000,51.7,2,51.7,6,51.8,3,2,2022-01-10 09:04:43
1641805483931571000,51.7,6,51.6,8,51.7,23,2,2022-01-10 09:04:43
1641805484655012000,51.6,1,51.6,7,51.7,23,2,2022-01-10 09:04:44
1641805484984483000,51.7,1,51.6,7,51.7,22,1,2022-01-10 09:04:44
1641805485227743000,51.7,1,51.6,7,51.7,21,1,2022-01-10 09:04:45
1641805485360170000,51.7,1,51.6,7,51.7,20,1,2022-01-10 09:04:45
1641805485433565000,51.7,2,51.6,7,51.7,18,1,2022-01-10 09:04:45
1641805485467968000,51.7,9,51.6,7,51.7,9,1,2022-01-10 09:04:45
1641805485758314000,51.7,5,51.6,7,51.7,4,1,2022-01-10 09:04:45
1641805485790651000,51.7,4,51.6,7,51.8,3,1,2022-01-10 09:04:45
1641805485819768000,51.6,5,51.6,2,51.8,3,2,2022-01-10 09:04:45
1641805486343313000,51.8,2,51.7,10,51.8,1,1,2022-01-10 09:04:46
1641805486378641000,51.8,1,51.7,10,52.0,1,1,2022-01-10 09:04:46
1641805486384772000,51.7,7,51.7,3,52.0,1,2,2022-01-10 09:04:46
1641805486635255000,52.0,3,51.7,3,52.1,2,1,2022-01-10 09:04:46
1641805486635255000,52.1,1,51.7,3,52.1,2,1,2022-01-10 09:04:46
1641805487707081000,51.7,3,51.6,1,52.0,1,2,2022-01-10 09:04:47
1641805487707081000,51.6,2,51.6,1,52.0,1,2,2022-01-10 09:04:47
1641805487859585000,52.0,1,51.7,1,52.1,2,1,2022-01-10 09:04:47
1641805488085744000,52.1,2,51.7,1,52.3,4,1,2022-01-10 09:04:48
1641805488085744000,52.2,2,51.7,1,52.3,4,1,2022-01-10 09:04:48
1641805488085744000,52.3,6,51.7,1,52.3,4,1,2022-01-10 09:04:48
1641805488914125000,52.1,1,51.8,1,52.3,3,1,2022-01-10 09:04:48
1641805488914125000,52.3,1,51.8,1,52.3,3,1,2022-01-10 09:04:48
1641805489276860000,51.8,1,51.7,1,52.3,6,2,2022-01-10 09:04:49
1641805489276860000,51.7,1,51.7,1,52.3,6,2,2022-01-10 09:04:49
1641805490960912000,52.2,1,51.8,11,52.2,1,1,2022-01-10 09:04:50
1641805491331798000,52.2,1,51.8,13,52.3,6,1,2022-01-10 09:04:51
1641805491675080000,52.1,3,51.9,2,52.3,6,1,2022-01-10 09:04:51
1641805492094625000,52.3,3,51.9,2,52.3,3,1,2022-01-10 09:04:52
1641805492165577000,51.9,1,51.9,1,52.3,3,2,2022-01-10 09:04:52
1641805492269311000,52.3,3,51.9,3,52.4,2,1,2022-01-10 09:04:52
1641805493022422000,52.4,2,52.3,10,52.5,3,1,2022-01-10 09:04:53
1641805493444493000,52.4,3,52.4,7,52.5,3,2,2022-01-10 09:04:53
1641805493500622000,52.4,1,52.4,6,52.5,3,2,2022-01-10 09:04:53
1641805493581786000,52.4,3,52.4,3,52.5,3,2,2022-01-10 09:04:53
1641805493650281000,52.5,3,52.6,4,52.7,3,1,2022-01-10 09:04:53
1641805493650281000,52.6,3,52.6,4,52.7,3,1,2022-01-10 09:04:53
1641805493962530000,52.7,1,52.6,4,52.7,2,1,2022-01-10 09:04:53
1641805494821428000,52.7,1,52.6,4,52.7,1,1,2022-01-10 09:04:54
1641805494951988000,52.6,1,52.6,3,52.7,1,2,2022-01-10 09:04:54
1641805496342168000,52.7,1,52.5,1,52.7,1,1,2022-01-10 09:04:56
1641805497278872000,52.7,2,52.5,1,52.7,4,1,2022-01-10 09:04:57
1641805498160437000,52.7,1,52.3,11,52.7,6,1,2022-01-10 09:04:58
1641805498215609000,52.7,3,52.3,11,52.7,3,1,2022-01-10 09:04:58
1641805498348374000,52.7,1,52.4,1,52.7,2,1,2022-01-10 09:04:58
1641805499996713000,52.6,1,52.4,1,52.6,4,1,2022-01-10 09:04:59
1641805500280407000,52.4,1,52.3,7,52.6,4,2,2022-01-10 09:05:00
1641805500280407000,52.3,4,52.3,7,52.6,4,2,2022-01-10 09:05:00
1641805500426317000,52.3,5,52.3,2,52.5,2,2,2022-01-10 09:05:00
1641805500746204000,52.5,2,52.3,2,52.5,9,1,2022-01-10 09:05:00
1641805501244675000,52.5,1,52.3,2,52.5,9,1,2022-01-10 09:05:01
1641805501552541000,52.5,1,52.3,2,52.5,8,1,2022-01-10 09:05:01
1641805501587764000,52.5,2,52.3,2,52.5,6,1,2022-01-10 09:05:01
1641805502220472000,52.3,2,52.2,10,52.3,1,2,2022-01-10 09:05:02
1641805502884493000,52.3,1,52.2,10,52.5,8,1,2022-01-10 09:05:02
1641805503114869000,52.4,1,52.3,1,52.5,8,2,2022-01-10 09:05:03
1641805503349701000,52.3,1,52.2,6,52.5,8,2,2022-01-10 09:05:03
1641805503349701000,52.2,4,52.2,6,52.5,8,2,2022-01-10 09:05:03
1641805503445919000,52.2,6,51.8,4,52.4,3,2,2022-01-10 09:05:03
1641805503445919000,52.1,2,51.8,4,52.4,3,2,2022-01-10 09:05:03
1641805503445919000,52.0,1,51.8,4,52.4,3,2,2022-01-10 09:05:03
1641805503445919000,51.9,1,51.8,4,52.4,3,2,2022-01-10 09:05:03
1641805503638221000,52.4,1,51.8,7,52.4,2,1,2022-01-10 09:05:03
1641805504370303000,51.9,1,51.8,7,52.2,1,2,2022-01-10 09:05:04
1641805504484127000,52.2,1,52.4,1,52.5,8,1,2022-01-10 09:05:04
1641805504484127000,52.3,2,52.4,1,52.5,8,1,2022-01-10 09:05:04
1641805504484127000,52.4,2,52.4,1,52.5,8,1,2022-01-10 09:05:04
1641805504504741000,52.4,1,51.8,7,52.5,8,2,2022-01-10 09:05:04
1641805504670585000,52.3,1,52.3,1,52.5,8,2,2022-01-10 09:05:04
1641805504695710000,52.5,1,52.3,1,52.5,7,1,2022-01-10 09:05:04
1641805504700267000,52.3,1,51.8,7,52.5,7,2,2022-01-10 09:05:04
1641805505394883000,51.8,1,51.8,6,52.4,2,2,2022-01-10 09:05:05
1641805506392554000,52.3,1,52.1,1,52.4,3,1,2022-01-10 09:05:06
1641805506685394000,52.1,1,52.0,1,52.4,3,2,2022-01-10 09:05:06
1641805506729377000,52.0,1,51.9,4,52.4,3,2,2022-01-10 09:05:06
1641805507391825000,52.4,1,51.9,4,52.5,6,1,2022-01-10 09:05:07
1641805510828345000,52.3,3,52.3,2,52.4,1,1,2022-01-10 09:05:10
1641805510860155000,52.3,2,52.1,1,52.4,1,2,2022-01-10 09:05:10
1641805511622725000,52.4,1,52.1,1,52.5,24,1,2022-01-10 09:05:11
1641805513833411000,52.2,2,52.1,1,52.2,1,1,2022-01-10 09:05:13
1641805513834278000,52.2,1,52.1,1,52.4,6,1,2022-01-10 09:05:13
1641805513834278000,52.4,1,52.1,1,52.4,6,1,2022-01-10 09:05:13
1641805513968470000,52.1,1,52.0,9,52.4,6,2,2022-01-10 09:05:13
1641805515015707000,52.3,1,52.1,1,52.4,3,1,2022-01-10 09:05:15
1641805515015707000,52.4,4,52.1,1,52.4,3,1,2022-01-10 09:05:15
1641805515343619000,52.3,1,52.1,1,52.4,7,2,2022-01-10 09:05:15
1641805515610614000,52.4,1,52.1,1,52.4,6,1,2022-01-10 09:05:15
1641805516729951000,52.4,4,52.2,1,52.4,4,1,2022-01-10 09:05:16
1641805517028054000,52.2,1,52.2,1,52.4,4,2,2022-01-10 09:05:17
1641805519065925000,52.4,1,52.2,1,52.4,15,1,2022-01-10 09:05:19
1641805519633930000,52.4,2,52.2,1,52.4,13,1,2022-01-10 09:05:19
1641805520446614000,52.4,2,52.2,1,52.4,11,1,2022-01-10 09:05:20
1641805522529218000,52.3,1,52.2,2,52.3,4,1,2022-01-10 09:05:22
1641805523138021000,52.3,2,52.2,2,52.3,2,1,2022-01-10 09:05:23
1641805523161347000,52.3,2,52.2,2,52.4,12,1,2022-01-10 09:05:23
1641805523191114000,52.4,3,52.2,2,52.4,9,1,2022-01-10 09:05:23
1641805523224049000,52.4,1,52.2,2,52.4,8,1,2022-01-10 09:05:23
1641805523933198000,52.4,1,52.3,1,52.4,7,1,2022-01-10 09:05:23
1641805524344687000,52.4,1,52.3,1,52.4,6,1,2022-01-10 09:05:24
1641805524958230000,52.3,1,52.2,2,52.4,7,2,2022-01-10 09:05:24
1641805525593269000,52.4,3,52.2,2,52.4,8,1,2022-01-10 09:05:25
1641805525621045000,52.4,3,52.2,2,52.4,5,1,2022-01-10 09:05:25
1641805525641723000,52.4,3,52.2,2,52.4,2,1,2022-01-10 09:05:25
1641805526391908000,52.3,1,52.2,2,52.4,1,1,2022-01-10 09:05:26
1641805526391908000,52.4,1,52.2,2,52.4,1,1,2022-01-10 09:05:26
1641805526519950000,52.4,1,52.2,2,52.5,27,1,2022-01-10 09:05:26
1641805529078863000,52.3,1,52.2,4,52.4,1,1,2022-01-10 09:05:29
1641805529408725000,52.4,1,52.4,2,52.5,33,1,2022-01-10 09:05:29
1641805529442036000,52.4,1,52.4,1,52.5,33,2,2022-01-10 09:05:29
1641805529473500000,52.4,1,52.2,4,52.5,33,2,2022-01-10 09:05:29
1641805530380762000,52.3,1,52.2,4,52.4,1,2,2022-01-10 09:05:30
1641805531576839000,52.2,6,52.1,5,52.3,1,2,2022-01-10 09:05:31
1641805531576839000,52.1,4,52.1,5,52.3,1,2,2022-01-10 09:05:31
1641805534234009000,52.2,2,52.2,1,52.3,5,2,2022-01-10 09:05:34
1641805535019788000,52.2,1,52.1,5,52.2,2,2,2022-01-10 09:05:35
1641805535087671000,52.2,1,52.1,5,52.2,1,1,2022-01-10 09:05:35
1641805535884083000,52.2,1,52.1,5,52.2,21,1,2022-01-10 09:05:35
1641805535890939000,52.1,1,52.1,4,52.2,21,2,2022-01-10 09:05:35
1641805535921466000,52.1,1,52.1,3,52.2,21,2,2022-01-10 09:05:35
1641805536141099000,52.1,1,52.1,3,52.2,21,2,2022-01-10 09:05:36
1641805536176109000,52.1,2,52.1,1,52.2,21,2,2022-01-10 09:05:36
1641805537298402000,52.2,1,52.1,6,52.2,24,1,2022-01-10 09:05:37
1641805537328422000,52.1,2,52.1,4,52.2,24,2,2022-01-10 09:05:37
1641805537624824000,52.1,3,52.1,1,52.2,24,2,2022-01-10 09:05:37
1641805537644392000,52.1,1,52.0,22,52.2,24,2,2022-01-10 09:05:37
1641805539416684000,52.0,2,52.0,20,52.2,24,2,2022-01-10 09:05:39
1641805540311941000,52.0,1,52.0,19,52.2,24,2,2022-01-10 09:05:40
1641805541286147000,52.0,1,52.0,18,52.1,4,2,2022-01-10 09:05:41
1641805542095844000,52.0,1,52.0,17,52.1,4,2,2022-01-10 09:05:42
1641805543181086000,52.1,2,52.0,16,52.1,2,1,2022-01-10 09:05:43
1641805544437204000,52.1,1,52.0,17,52.1,1,1,2022-01-10 09:05:44
1641805545810042000,52.0,1,52.0,17,52.1,1,2,2022-01-10 09:05:45
1641805545852485000,52.0,1,52.0,16,52.1,1,2,2022-01-10 09:05:45
1641805547582434000,52.1,2,52.0,16,52.1,2,1,2022-01-10 09:05:47
1641805549321151000,52.1,1,52.0,17,52.1,4,1,2022-01-10 09:05:49
1641805551702316000,52.0,1,52.0,17,52.1,5,2,2022-01-10 09:05:51
1641805552279883000,52.0,1,52.0,14,52.1,6,2,2022-01-10 09:05:52
1641805552293843000,52.0,1,52.0,13,52.1,6,2,2022-01-10 09:05:52
1641805555063322000,52.1,1,52.0,33,52.1,7,1,2022-01-10 09:05:55
1641805555905701000,52.1,1,52.0,38,52.1,7,1,2022-01-10 09:05:55
1641805556107379000,52.1,1,52.0,36,52.1,6,1,2022-01-10 09:05:56
1641805556136991000,52.1,3,52.0,36,52.1,3,1,2022-01-10 09:05:56
1641805556343869000,52.0,2,52.0,34,52.1,3,2,2022-01-10 09:05:56
1641805556418612000,52.0,1,52.0,33,52.1,3,2,2022-01-10 09:05:56
1641805557195843000,52.0,1,52.0,32,52.1,3,2,2022-01-10 09:05:57
1641805559294352000,52.0,5,52.0,28,52.1,4,2,2022-01-10 09:05:59
1641805559671743000,52.0,1,52.0,27,52.1,4,2,2022-01-10 09:05:59
1641805559700912000,52.1,1,52.0,27,52.1,3,1,2022-01-10 09:05:59
1641805560203494000,52.0,1,52.0,26,52.1,3,2,2022-01-10 09:06:00
1641805562717804000,52.1,2,52.0,33,52.1,3,1,2022-01-10 09:06:02
1641805562750890000,52.1,3,52.0,33,52.2,28,1,2022-01-10 09:06:02
1641805562887970000,52.0,5,52.0,28,52.1,3,2,2022-01-10 09:06:02
1641805565368099000,52.1,1,52.0,29,52.1,2,1,2022-01-10 09:06:05
1641805565616784000,52.1,2,52.0,29,52.2,24,1,2022-01-10 09:06:05
1641805565616784000,52.2,3,52.0,29,52.2,24,1,2022-01-10 09:06:05
1641805565759930000,52.2,10,52.0,29,52.2,14,1,2022-01-10 09:06:05
1641805565778759000,52.2,10,52.0,29,52.2,4,1,2022-01-10 09:06:05
1641805565789204000,52.2,4,52.0,29,52.3,3,1,2022-01-10 09:06:05
1641805566571076000,52.1,10,52.0,32,52.3,3,1,2022-01-10 09:06:06
1641805567250882000,52.0,1,52.0,36,52.3,3,2,2022-01-10 09:06:07
1641805571649184000,52.1,1,52.1,1,52.2,5,2,2022-01-10 09:06:11
1641805571671148000,52.2,5,52.1,1,52.3,4,1,2022-01-10 09:06:11
1641805573421743000,52.3,2,52.2,4,52.3,2,1,2022-01-10 09:06:13
1641805575334048000,52.3,2,52.2,4,52.4,10,1,2022-01-10 09:06:15
1641805575334048000,52.4,2,52.2,4,52.4,10,1,2022-01-10 09:06:15
1641805575397462000,52.2,1,52.2,3,52.4,12,2,2022-01-10 09:06:15
1641805576140588000,52.2,1,52.2,2,52.4,12,2,2022-01-10 09:06:16
1641805577747391000,52.3,2,52.2,2,52.4,12,1,2022-01-10 09:06:17
1641805578304162000,52.2,1,52.2,1,52.4,12,2,2022-01-10 09:06:18
1641805579447955000,52.2,1,52.1,2,52.4,12,2,2022-01-10 09:06:19
1641805579672854000,52.2,1,52.1,6,52.4,12,1,2022-01-10 09:06:19
1641805579828845000,52.2,1,52.1,6,52.4,12,1,2022-01-10 09:06:19
1641805581212628000,52.4,2,52.1,4,52.4,10,1,2022-01-10 09:06:21
1641805581393358000,52.3,1,52.1,3,52.4,1,1,2022-01-10 09:06:21
1641805581393358000,52.4,9,52.1,3,52.4,1,1,2022-01-10 09:06:21
1641805582103801000,52.5,3,52.4,10,52.5,7,1,2022-01-10 09:06:22
1641805582137409000,52.5,3,52.4,10,52.5,4,1,2022-01-10 09:06:22
1641805582164414000,52.5,4,52.4,10,52.6,3,1,2022-01-10 09:06:22
1641805584106500000,52.4,3,52.4,7,52.6,3,2,2022-01-10 09:06:24
1641805584137465000,52.4,5,52.4,2,52.6,3,2,2022-01-10 09:06:24
1641805584784626000,52.4,2,52.3,1,52.6,3,2,2022-01-10 09:06:24
1641805585790191000,52.6,1,52.3,1,52.6,2,1,2022-01-10 09:06:25
1641805586287223000,52.6,1,52.3,1,52.6,1,1,2022-01-10 09:06:26
1641805594042384000,52.3,1,52.3,5,52.5,2,2,2022-01-10 09:06:34
1641805595355063000,52.5,1,52.3,5,52.5,1,1,2022-01-10 09:06:35
1641805595708902000,52.6,2,52.3,5,52.8,11,1,2022-01-10 09:06:35
1641805595708902000,52.7,3,52.3,5,52.8,11,1,2022-01-10 09:06:35
1641805595708902000,52.8,13,52.3,5,52.8,11,1,2022-01-10 09:06:35
1641805595806037000,52.8,11,52.4,1,52.9,25,1,2022-01-10 09:06:35
1641805595806037000,52.9,2,52.4,1,52.9,25,1,2022-01-10 09:06:35
1641805596202228000,52.5,1,52.3,6,52.6,1,2,2022-01-10 09:06:36
1641805596267407000,52.6,1,52.3,6,52.9,24,1,2022-01-10 09:06:36
1641805596267407000,52.9,1,52.3,6,52.9,24,1,2022-01-10 09:06:36
1641805596925430000,52.3,6,52.3,1,52.5,1,2,2022-01-10 09:06:36
1641805596958126000,52.3,1,52.2,1,52.5,1,2,2022-01-10 09:06:36
1641805597415981000,52.4,1,52.2,2,52.5,1,2,2022-01-10 09:06:37
1641805597919454000,52.5,1,52.3,1,52.9,23,1,2022-01-10 09:06:37
1641805597919454000,52.6,1,52.3,1,52.9,23,1,2022-01-10 09:06:37
1641805597919454000,52.9,1,52.3,1,52.9,23,1,2022-01-10 09:06:37
1641805599451521000,52.8,1,52.4,7,52.9,23,1,2022-01-10 09:06:39
1641805602055845000,52.5,1,52.4,9,52.8,3,2,2022-01-10 09:06:42
1641805604121625000,52.7,1,52.8,1,52.9,23,1,2022-01-10 09:06:44
1641805604121625000,52.8,3,52.8,1,52.9,23,1,2022-01-10 09:06:44
1641805604150594000,52.8,1,52.4,8,52.9,23,2,2022-01-10 09:06:44
1641805604580370000,52.6,1,52.4,7,52.6,1,1,2022-01-10 09:06:44
1641805605614298000,52.6,1,52.7,1,52.9,23,1,2022-01-10 09:06:45
1641805605637528000,52.7,1,52.4,7,52.9,23,2,2022-01-10 09:06:45
1641805605738158000,52.9,3,52.4,7,52.9,20,1,2022-01-10 09:06:45
1641805606039100000,52.9,1,52.5,1,52.9,19,1,2022-01-10 09:06:46
1641805610739563000,52.9,1,52.6,7,52.9,23,1,2022-01-10 09:06:50
1641805611465457000,52.9,5,52.6,7,52.9,18,1,2022-01-10 09:06:51
1641805611502671000,52.6,7,52.5,2,52.9,18,2,2022-01-10 09:06:51
1641805612471344000,52.9,1,52.5,2,52.9,17,1,2022-01-10 09:06:52
1641805614805661000,52.5,1,52.4,11,52.8,4,2,2022-01-10 09:06:54
1641805615043396000,52.8,1,52.4,13,52.8,3,1,2022-01-10 09:06:55
1641805615253683000,52.8,1,52.5,1,52.8,2,1,2022-01-10 09:06:55
1641805615434590000,52.7,1,52.4,13,52.8,2,2,2022-01-10 09:06:55
1641805616154470000,52.8,1,52.4,12,52.8,1,1,2022-01-10 09:06:56
1641805616481565000,52.8,1,52.5,2,52.9,4,1,2022-01-10 09:06:56
1641805616481565000,52.9,19,52.5,2,52.9,4,1,2022-01-10 09:06:56
1641805616815822000,52.9,1,52.5,2,52.9,3,1,2022-01-10 09:06:56
1641805617875091000,52.9,3,52.9,2,53.0,117,1,2022-01-10 09:06:57
1641805617903630000,52.9,2,52.5,3,53.0,117,2,2022-01-10 09:06:57
1641805617994859000,53.0,5,52.5,2,53.0,112,1,2022-01-10 09:06:57
1641805618067808000,53.0,5,52.6,1,53.0,107,1,2022-01-10 09:06:58
1641805618578390000,53.0,3,52.6,2,53.0,104,1,2022-01-10 09:06:58
1641805619446149000,53.0,2,52.7,2,53.0,105,1,2022-01-10 09:06:59
1641805619800332000,53.0,1,52.7,3,53.0,104,1,2022-01-10 09:06:59
1641805620466629000,53.0,1,52.7,3,53.0,103,1,2022-01-10 09:07:00
1641805620479963000,53.0,4,52.7,3,53.0,99,1,2022-01-10 09:07:00
1641805622846439000,52.7,2,52.7,1,52.8,4,2,2022-01-10 09:07:02
1641805622889993000,52.7,1,52.6,2,52.8,4,2,2022-01-10 09:07:02
1641805623876779000,52.6,2,52.5,16,52.7,1,2,2022-01-10 09:07:03
1641805627877933000,52.7,1,52.5,15,52.8,5,1,2022-01-10 09:07:07
1641805629681796000,52.5,4,52.5,11,52.6,6,2,2022-01-10 09:07:09
1641805629734335000,52.6,1,52.5,11,52.6,5,1,2022-01-10 09:07:09
1641805630275132000,52.5,1,52.5,10,52.6,5,2,2022-01-10 09:07:10
1641805631792789000,52.5,12,52.4,11,52.6,5,2,2022-01-10 09:07:11
1641805632683462000,52.4,1,52.4,8,52.5,1,2,2022-01-10 09:07:12
1641805632891668000,52.4,1,52.4,7,52.5,1,2,2022-01-10 09:07:12
1641805632922605000,52.4,2,52.4,5,52.5,1,2,2022-01-10 09:07:12
1641805634410186000,52.4,5,52.3,2,52.5,1,2,2022-01-10 09:07:14
1641805635352002000,52.3,1,52.3,1,52.4,7,2,2022-01-10 09:07:15
1641805635482941000,52.3,1,52.2,1,52.4,5,2,2022-01-10 09:07:15
1641805636049780000,52.4,1,52.2,1,52.4,5,1,2022-01-10 09:07:16
1641805636143610000,52.4,3,52.2,1,52.4,2,1,2022-01-10 09:07:16
1641805636165459000,52.4,2,52.2,1,52.5,1,1,2022-01-10 09:07:16
1641805639884778000,52.2,2,52.1,10,52.5,1,2,2022-01-10 09:07:19
1641805640261860000,52.5,1,52.1,15,52.6,5,1,2022-01-10 09:07:20
1641805640261860000,52.6,1,52.1,15,52.6,5,1,2022-01-10 09:07:20
1641805640621369000,52.2,1,52.1,15,52.6,5,2,2022-01-10 09:07:20
1641805640926950000,52.5,1,52.1,12,52.6,5,1,2022-01-10 09:07:20
1641805642697011000,52.5,5,52.2,2,52.6,5,2,2022-01-10 09:07:22
1641805645685711000,52.4,1,52.2,3,52.5,2,1,2022-01-10 09:07:25
1641805646060093000,52.5,1,52.2,3,52.5,1,1,2022-01-10 09:07:26
1641805646205558000,52.5,1,52.2,3,52.6,5,1,2022-01-10 09:07:26
1641805650775396000,52.3,1,52.2,11,52.5,3,1,2022-01-10 09:07:30
1641805652191678000,52.2,1,52.2,10,52.5,3,2,2022-01-10 09:07:32
1641805652261367000,52.2,1,52.2,9,52.5,3,2,2022-01-10 09:07:32
1641805653691338000,52.2,5,52.2,4,52.5,4,2,2022-01-10 09:07:33
1641805655061418000,52.2,2,52.2,2,52.5,4,2,2022-01-10 09:07:35
1641805655137074000,52.2,1,52.2,1,52.5,4,2,2022-01-10 09:07:35
1641805658801870000,52.2,1,52.1,14,52.5,5,2,2022-01-10 09:07:38
1641805659202394000,52.1,2,52.1,10,52.5,5,2,2022-01-10 09:07:39
1641805659449704000,52.2,1,52.2,3,52.5,5,1,2022-01-10 09:07:39
1641805659942881000,52.2,1,52.2,2,52.5,5,2,2022-01-10 09:07:39
1641805660303461000,52.5,3,52.2,2,52.5,2,1,2022-01-10 09:07:40
1641805661740543000,52.2,2,52.2,1,52.5,3,2,2022-01-10 09:07:41
1641805662353875000,52.5,2,52.2,1,52.5,1,1,2022-01-10 09:07:42
1641805662897414000,52.2,1,52.1,10,52.5,1,2,2022-01-10 09:07:42
1641805663965109000,52.1,1,52.1,10,52.5,1,2,2022-01-10 09:07:43
1641805665478323000,52.1,1,52.1,9,52.5,5,2,2022-01-10 09:07:45
1641805665816072000,52.2,1,52.0,11,52.5,5,2,2022-01-10 09:07:45
1641805665816072000,52.1,9,52.0,11,52.5,5,2,2022-01-10 09:07:45
1641805665816072000,52.0,20,52.0,11,52.5,5,2,2022-01-10 09:07:45
1641805666547901000,52.1,1,52.0,11,52.2,1,2,2022-01-10 09:07:46
1641805668410337000,52.2,1,52.0,11,52.5,3,1,2022-01-10 09:07:48
1641805668410337000,52.4,1,52.0,11,52.5,3,1,2022-01-10 09:07:48
1641805668410337000,52.5,2,52.0,11,52.5,3,1,2022-01-10 09:07:48
1641805668870760000,52.5,1,52.0,11,52.5,2,1,2022-01-10 09:07:48
1641805670241354000,52.2,1,52.1,2,52.5,2,1,2022-01-10 09:07:50
1641805676105800000,52.5,2,52.2,6,52.6,10,1,2022-01-10 09:07:56
1641805676294586000,52.3,1,52.2,6,52.6,10,2,2022-01-10 09:07:56
1641805683474752000,52.3,1,52.3,2,52.5,7,2,2022-01-10 09:08:03
1641805685039209000,52.5,1,52.3,2,52.5,6,1,2022-01-10 09:08:05
1641805685906396000,52.3,1,52.3,1,52.5,7,2,2022-01-10 09:08:05
1641805686261149000,52.3,1,52.2,10,52.5,7,2,2022-01-10 09:08:06
1641805686459443000,52.3,1,52.2,10,52.3,1,1,2022-01-10 09:08:06
1641805688076282000,52.3,1,52.2,9,52.5,3,1,2022-01-10 09:08:08
1641805688076282000,52.5,4,52.2,9,52.5,3,1,2022-01-10 09:08:08
1641805688139967000,52.2,1,52.2,8,52.5,3,2,2022-01-10 09:08:08
1641805689049512000,52.2,1,52.2,7,52.5,3,2,2022-01-10 09:08:09
1641805690978896000,52.2,5,52.2,2,52.4,6,2,2022-01-10 09:08:10
1641805692478328000,52.2,1,52.2,1,52.4,6,2,2022-01-10 09:08:12
1641805692504305000,52.2,1,52.1,7,52.4,6,2,2022-01-10 09:08:12
1641805694695490000,52.2,1,52.1,7,52.2,4,2,2022-01-10 09:08:14
1641805696558811000,52.2,1,52.1,7,52.2,4,1,2022-01-10 09:08:16
1641805696589636000,52.1,5,52.1,2,52.2,4,2,2022-01-10 09:08:16
1641805698067453000,52.2,4,52.2,1,52.4,1,1,2022-01-10 09:08:18
1641805698316895000,52.2,1,52.0,20,52.4,1,2,2022-01-10 09:08:18
1641805698316895000,52.1,4,52.0,20,52.4,1,2,2022-01-10 09:08:18
1641805698316895000,52.0,5,52.0,20,52.4,1,2,2022-01-10 09:08:18
1641805699513176000,52.4,1,52.0,20,52.6,4,1,2022-01-10 09:08:19
1641805699513176000,52.5,2,52.0,20,52.6,4,1,2022-01-10 09:08:19
1641805699513176000,52.6,5,52.0,20,52.6,4,1,2022-01-10 09:08:19
1641805700046522000,52.0,3,52.0,17,52.6,4,2,2022-01-10 09:08:20
1641805703435652000,52.2,2,52.1,3,52.6,4,2,2022-01-10 09:08:23
1641805704791359000,52.1,1,52.1,2,52.5,2,2,2022-01-10 09:08:24
1641805707091279000,52.5,1,52.1,3,52.5,5,1,2022-01-10 09:08:27
1641805713592698000,52.5,1,52.1,5,52.5,3,1,2022-01-10 09:08:33
1641805714554889000,52.5,3,52.6,3,52.7,2,1,2022-01-10 09:08:34
1641805714554889000,52.6,4,52.6,3,52.7,2,1,2022-01-10 09:08:34
1641805714583828000,52.6,3,52.1,5,52.7,2,2,2022-01-10 09:08:34
1641805715414159000,52.5,1,52.5,1,52.7,2,1,2022-01-10 09:08:35
1641805723386877000,52.5,1,52.5,4,52.6,1,2,2022-01-10 09:08:43
1641805724572203000,52.5,1,52.5,3,52.6,1,2,2022-01-10 09:08:44
1641805724608393000,52.5,2,52.5,1,52.6,1,2,2022-01-10 09:08:44
1641805728156993000,52.5,1,52.3,1,52.5,1,2,2022-01-10 09:08:48
1641805729961669000,52.5,3,52.3,1,52.6,6,1,2022-01-10 09:08:49
1641805730105365000,52.3,1,52.2,12,52.6,6,2,2022-01-10 09:08:50
1641805732186742000,52.5,1,52.2,8,52.5,1,1,2022-01-10 09:08:52
1641805734403195000,52.5,1,52.2,8,52.6,5,1,2022-01-10 09:08:54
1641805734403195000,52.6,1,52.2,8,52.6,5,1,2022-01-10 09:08:54
1641805738963240000,52.6,2,52.5,2,52.6,3,1,2022-01-10 09:08:58
1641805740534129000,52.6,1,52.5,2,52.6,2,1,2022-01-10 09:09:00
1641805741901542000,52.6,1,52.5,2,52.6,1,1,2022-01-10 09:09:01
1641805742745900000,52.5,1,52.5,1,52.6,1,2,2022-01-10 09:09:02
1641805743112993000,52.5,1,52.3,3,52.6,1,2,2022-01-10 09:09:03
1641805743678394000,52.3,1,52.3,2,52.6,1,2,2022-01-10 09:09:03
1641805744471463000,52.5,1,52.3,2,52.6,4,1,2022-01-10 09:09:04
1641805744937330000,52.6,1,52.3,2,52.6,3,1,2022-01-10 09:09:04
1641805758797424000,52.4,4,52.2,9,52.6,3,2,2022-01-10 09:09:18
1641805758797424000,52.3,5,52.2,9,52.6,3,2,2022-01-10 09:09:18
1641805758797424000,52.2,1,52.2,9,52.6,3,2,2022-01-10 09:09:18
1641805761335991000,52.6,1,52.5,1,52.6,4,1,2022-01-10 09:09:21
1641805764325736000,52.5,1,52.3,2,52.6,6,2,2022-01-10 09:09:24
1641805770536905000,52.5,1,52.2,13,52.5,2,1,2022-01-10 09:09:30
1641805776411417000,52.4,1,52.2,14,52.5,3,2,2022-01-10 09:09:36
1641805777573486000,52.5,1,52.2,14,52.5,3,1,2022-01-10 09:09:37
1641805782755014000,52.5,3,52.2,14,52.5,5,1,2022-01-10 09:09:42
1641805785038987000,52.5,1,52.2,15,52.5,4,1,2022-01-10 09:09:45
1641805785755722000,52.5,1,52.2,15,52.5,3,1,2022-01-10 09:09:45
1641805795123684000,52.3,1,52.2,16,52.3,9,1,2022-01-10 09:09:55
1641805795362128000,52.3,1,52.2,16,52.3,8,1,2022-01-10 09:09:55
1641805797103810000,52.2,16,52.1,27,52.3,8,2,2022-01-10 09:09:57
1641805800781204000,52.3,5,52.1,24,52.3,3,1,2022-01-10 09:10:00
1641805803869218000,52.2,1,52.1,19,52.3,3,2,2022-01-10 09:10:03
1641805806686507000,52.2,2,52.1,19,52.3,3,1,2022-01-10 09:10:06
1641805808213830000,52.2,1,52.1,19,52.3,3,1,2022-01-10 09:10:08
1641805809598363000,52.3,1,52.2,1,52.3,2,1,2022-01-10 09:10:09
1641805811684065000,52.3,1,52.2,5,52.3,1,1,2022-01-10 09:10:11
1641805811709549000,52.3,1,52.2,5,52.4,4,1,2022-01-10 09:10:11
1641805819253555000,52.4,1,52.3,3,52.4,3,1,2022-01-10 09:10:19
1641805821188202000,52.3,1,52.3,2,52.4,3,2,2022-01-10 09:10:21
1641805822221950000,52.4,1,52.3,2,52.4,2,1,2022-01-10 09:10:22
1641805822576057000,52.4,2,52.4,2,52.5,15,1,2022-01-10 09:10:22
1641805822846609000,52.4,2,52.3,1,52.5,15,2,2022-01-10 09:10:22
1641805822846609000,52.3,1,52.3,1,52.5,15,2,2022-01-10 09:10:22
1641805829001080000,52.4,1,52.3,4,52.5,15,1,2022-01-10 09:10:29
1641805830291788000,52.3,1,52.3,4,52.5,15,2,2022-01-10 09:10:30
1641805833566430000,52.4,1,52.3,5,52.5,15,1,2022-01-10 09:10:33
1641805834315473000,52.3,1,52.3,4,52.5,15,2,2022-01-10 09:10:34
1641805840871773000,52.4,1,52.3,14,52.5,20,2,2022-01-10 09:10:40
1641805841858208000,52.5,5,52.3,14,52.5,15,1,2022-01-10 09:10:41
1641805842148656000,52.5,10,52.3,15,52.5,5,1,2022-01-10 09:10:42
1641805842179151000,52.5,5,52.3,15,52.6,6,1,2022-01-10 09:10:42
1641805842206841000,52.3,1,52.3,14,52.6,5,2,2022-01-10 09:10:42
1641805843136423000,52.4,2,52.3,14,52.4,2,1,2022-01-10 09:10:43
1641805844161630000,52.4,1,52.3,14,52.4,1,1,2022-01-10 09:10:44
1641805844190312000,52.4,1,52.3,14,52.5,1,1,2022-01-10 09:10:44
1641805845993554000,52.5,1,52.4,1,52.6,5,1,2022-01-10 09:10:45
1641805849287050000,52.5,1,52.4,2,52.6,4,1,2022-01-10 09:10:49
1641805849287050000,52.6,1,52.4,2,52.6,4,1,2022-01-10 09:10:49
1641805852689816000,52.5,1,52.4,4,52.6,4,2,2022-01-10 09:10:52
1641805852689816000,52.4,1,52.4,4,52.6,4,2,2022-01-10 09:10:52
1641805852799045000,52.4,1,52.4,3,52.6,4,2,2022-01-10 09:10:52
1641805852998046000,52.6,1,52.4,3,52.6,3,1,2022-01-10 09:10:52
1641805853611957000,52.5,1,52.4,3,52.6,3,1,2022-01-10 09:10:53
1641805853699359000,52.6,3,52.4,3,52.7,5,1,2022-01-10 09:10:53
1641805854449590000,52.5,1,52.4,3,52.7,5,1,2022-01-10 09:10:54
1641805858503292000,52.7,5,52.4,4,52.8,9,1,2022-01-10 09:10:58
1641805858503292000,52.8,5,52.4,4,52.8,9,1,2022-01-10 09:10:58
1641805858810317000,52.8,5,52.5,1,52.8,4,1,2022-01-10 09:10:58
1641805861705828000,52.8,2,52.5,3,52.8,2,1,2022-01-10 09:11:01
1641805865480067000,52.5,7,52.4,6,52.7,2,2,2022-01-10 09:11:05
1641805867390747000,52.5,1,52.5,1,52.7,2,2,2022-01-10 09:11:07
1641805875758540000,52.6,1,52.5,3,52.6,1,1,2022-01-10 09:11:15
1641805875791117000,52.6,1,52.5,3,52.7,2,1,2022-01-10 09:11:15
1641805878341376000,52.6,4,52.5,5,52.9,88,1,2022-01-10 09:11:18
1641805878341376000,52.7,4,52.5,5,52.9,88,1,2022-01-10 09:11:18
1641805878341376000,52.8,3,52.5,5,52.9,88,1,2022-01-10 09:11:18
1641805878341376000,52.9,17,52.5,5,52.9,88,1,2022-01-10 09:11:18
1641805880171203000,52.9,24,52.6,1,52.9,64,1,2022-01-10 09:11:20
1641805880864989000,52.9,4,52.5,9,52.9,60,1,2022-01-10 09:11:20
1641805880888989000,52.5,1,52.5,8,52.9,60,2,2022-01-10 09:11:20
1641805883294379000,52.8,1,52.6,1,52.9,40,1,2022-01-10 09:11:23
1641805883294379000,52.9,23,52.6,1,52.9,40,1,2022-01-10 09:11:23
1641805885785238000,52.9,1,52.6,3,52.9,41,1,2022-01-10 09:11:25
1641805887546727000,52.7,1,52.6,2,52.7,2,1,2022-01-10 09:11:27
1641805888037821000,52.7,2,52.6,2,52.9,46,1,2022-01-10 09:11:28
1641805889144006000,52.9,1,52.6,2,52.9,45,1,2022-01-10 09:11:29
1641805889279075000,52.8,1,52.6,2,52.9,44,1,2022-01-10 09:11:29
1641805889279075000,52.9,1,52.6,2,52.9,44,1,2022-01-10 09:11:29
1641805891333448000,52.9,1,52.6,13,52.9,43,1,2022-01-10 09:11:31
1641805893378068000,52.8,1,52.7,1,52.9,44,1,2022-01-10 09:11:33
1641805894471057000,52.9,5,52.7,1,52.9,40,1,2022-01-10 09:11:34
1641805894901975000,52.9,1,52.7,1,52.9,39,1,2022-01-10 09:11:34
1641805895805412000,52.8,1,52.7,1,52.8,1,1,2022-01-10 09:11:35
1641805895890980000,52.8,1,52.7,1,52.9,39,1,2022-01-10 09:11:35
1641805897768785000,52.9,3,52.7,2,52.9,36,1,2022-01-10 09:11:37
1641805899556235000,52.9,6,52.8,1,52.9,30,1,2022-01-10 09:11:39
1641805899785440000,52.9,2,52.8,1,52.9,28,1,2022-01-10 09:11:39
1641805900221899000,52.9,28,52.8,1,53.0,117,1,2022-01-10 09:11:40
1641805900221899000,53.0,12,52.8,1,53.0,117,1,2022-01-10 09:11:40
1641805900644308000,53.0,20,52.8,1,53.0,97,1,2022-01-10 09:11:40
1641805901572983000,53.0,30,52.9,1,53.0,67,1,2022-01-10 09:11:41
1641805901780740000,53.0,18,52.9,1,53.0,49,1,2022-01-10 09:11:41
1641805902594852000,53.0,4,52.9,4,53.0,45,1,2022-01-10 09:11:42
1641805903835448000,52.9,1,52.9,3,53.0,45,2,2022-01-10 09:11:43
1641805904068502000,53.0,4,52.9,3,53.0,43,1,2022-01-10 09:11:44
1641805904818720000,53.0,1,52.9,3,53.0,42,1,2022-01-10 09:11:44
1641805905868049000,53.0,1,52.9,5,53.0,41,1,2022-01-10 09:11:45
1641805905893496000,53.0,2,52.9,5,53.0,39,1,2022-01-10 09:11:45
1641805906092503000,53.0,8,52.9,5,53.0,31,1,2022-01-10 09:11:46
1641805906106215000,53.0,5,52.9,5,53.0,26,1,2022-01-10 09:11:46
1641805906345746000,53.0,1,52.9,5,53.0,25,1,2022-01-10 09:11:46
1641805906376309000,53.0,3,52.9,5,53.0,22,1,2022-01-10 09:11:46
1641805907638615000,52.9,1,52.9,4,53.0,22,2,2022-01-10 09:11:47
1641805908180645000,53.0,1,52.9,4,53.0,21,1,2022-01-10 09:11:48
1641805908482090000,53.0,1,52.9,4,53.0,20,1,2022-01-10 09:11:48
1641805910260034000,53.0,1,52.9,4,53.0,29,1,2022-01-10 09:11:50
1641805910273431000,52.9,4,52.8,12,53.0,29,2,2022-01-10 09:11:50
1641805910383561000,53.0,6,52.8,12,53.0,23,1,2022-01-10 09:11:50
1641805911645833000,52.9,1,52.8,12,53.0,23,1,2022-01-10 09:11:51
1641805912504706000,53.0,1,52.9,1,53.0,22,1,2022-01-10 09:11:52
1641805914085485000,52.9,1,52.8,12,53.0,22,2,2022-01-10 09:11:54
1641805915140868000,52.9,1,52.8,12,53.0,25,1,2022-01-10 09:11:55
1641805915169706000,53.0,1,52.8,12,53.0,24,1,2022-01-10 09:11:55
1641805915784054000,53.0,5,52.8,12,53.0,19,1,2022-01-10 09:11:55
1641805918469720000,53.0,2,52.8,6,53.0,17,1,2022-01-10 09:11:58
1641805919725654000,53.0,1,52.8,6,53.0,16,1,2022-01-10 09:11:59
1641805921303754000,52.9,1,52.8,5,52.9,2,1,2022-01-10 09:12:01
1641805921695637000,52.9,1,52.8,5,52.9,1,1,2022-01-10 09:12:01
1641805924579576000,52.9,1,52.8,6,53.0,23,1,2022-01-10 09:12:04
1641805924902085000,52.9,1,52.8,6,53.0,23,2,2022-01-10 09:12:04
1641805925634800000,53.0,1,52.8,6,53.0,22,1,2022-01-10 09:12:05
1641805926034021000,53.0,3,52.8,6,53.0,19,1,2022-01-10 09:12:06
1641805928173114000,53.0,10,52.9,1,53.0,9,1,2022-01-10 09:12:08
1641805928259626000,53.0,1,52.9,1,53.0,8,1,2022-01-10 09:12:08
1641805929141809000,53.0,2,52.9,3,53.0,7,1,2022-01-10 09:12:09
1641805930422043000,52.9,3,52.8,8,53.0,12,2,2022-01-10 09:12:10
1641805931025898000,53.0,1,52.8,8,53.0,11,1,2022-01-10 09:12:11
1641805935855396000,53.0,1,52.8,8,53.0,17,1,2022-01-10 09:12:15
1641805935889626000,53.0,3,52.8,8,53.0,14,1,2022-01-10 09:12:15
1641805937179555000,53.0,1,52.8,10,53.0,13,1,2022-01-10 09:12:17
1641805938614073000,52.9,2,52.9,16,53.0,15,2,2022-01-10 09:12:18
1641805938639296000,52.9,4,52.9,12,53.0,15,2,2022-01-10 09:12:18
1641805939423146000,53.0,1,52.9,12,53.0,14,1,2022-01-10 09:12:19
1641805941904628000,53.0,1,52.9,12,53.0,13,1,2022-01-10 09:12:21
1641805942355409000,52.9,1,52.9,11,53.0,13,2,2022-01-10 09:12:22
1641805944119308000,52.9,1,52.9,10,53.0,20,2,2022-01-10 09:12:24
1641805945310675000,53.0,1,52.9,10,53.0,15,1,2022-01-10 09:12:25
1641805946139350000,53.0,1,52.9,10,53.0,19,1,2022-01-10 09:12:26
1641805947176672000,53.0,1,52.9,11,53.0,18,1,2022-01-10 09:12:27
1641805948609550000,52.9,1,52.9,10,53.0,18,2,2022-01-10 09:12:28
1641805949624448000,53.0,1,52.9,10,53.0,19,1,2022-01-10 09:12:29
1641805953800334000,52.9,3,52.9,10,53.0,26,2,2022-01-10 09:12:33
1641805953834227000,52.9,3,52.9,7,53.0,26,2,2022-01-10 09:12:33
1641805953834429000,52.9,7,52.8,21,53.0,26,2,2022-01-10 09:12:33
1641805955442844000,52.9,1,52.8,21,52.9,14,1,2022-01-10 09:12:35
1641805956560227000,52.8,18,52.8,3,52.9,16,2,2022-01-10 09:12:36
1641805956589336000,52.8,3,52.7,6,52.9,16,2,2022-01-10 09:12:36
1641805957014195000,52.9,2,52.7,6,52.9,14,1,2022-01-10 09:12:37
1641805958823453000,52.8,1,52.7,6,52.9,2,2,2022-01-10 09:12:38
1641805960589470000,52.9,1,52.8,1,52.9,7,1,2022-01-10 09:12:40
1641805962507811000,52.8,1,52.7,6,52.9,7,2,2022-01-10 09:12:42
1641805963960901000,52.7,1,52.7,5,52.9,7,2,2022-01-10 09:12:43
1641805963986940000,52.7,3,52.7,2,52.9,7,2,2022-01-10 09:12:43
1641805964178941000,52.7,2,52.6,12,52.9,8,2,2022-01-10 09:12:44
1641805964639544000,52.9,2,52.6,12,52.9,6,1,2022-01-10 09:12:44
1641805965468793000,52.9,1,52.6,12,52.9,5,1,2022-01-10 09:12:45
1641805970584105000,52.8,1,52.6,12,52.9,20,1,2022-01-10 09:12:50
1641805971946396000,52.8,1,52.6,13,52.9,21,2,2022-01-10 09:12:51
1641805973662057000,52.9,2,52.6,15,52.9,19,1,2022-01-10 09:12:53
1641805982808892000,52.8,1,52.7,2,52.9,28,1,2022-01-10 09:13:02
1641805991342206000,52.8,1,52.7,3,52.8,10,1,2022-01-10 09:13:11
1641805994159806000,52.7,2,52.6,15,52.8,10,2,2022-01-10 09:13:14
1641805994159806000,52.6,11,52.6,15,52.8,10,2,2022-01-10 09:13:14
1641805999352312000,52.8,1,52.6,15,52.8,13,1,2022-01-10 09:13:19
1641805999378405000,52.6,15,52.5,19,52.8,13,2,2022-01-10 09:13:19
1641806004373600000,52.5,2,52.5,14,52.8,4,2,2022-01-10 09:13:24
1641806009250854000,52.5,5,52.5,8,52.7,1,2,2022-01-10 09:13:29
1641806014755682000,52.5,1,52.5,7,52.6,1,2,2022-01-10 09:13:34
1641806018876703000,52.5,2,52.5,6,52.6,1,2,2022-01-10 09:13:38
1641806018893445000,52.5,1,52.5,5,52.6,1,2,2022-01-10 09:13:38
1641806019694131000,52.5,7,52.4,4,52.6,1,2,2022-01-10 09:13:39
1641806019694131000,52.4,3,52.4,4,52.6,1,2,2022-01-10 09:13:39
1641806024775104000,52.5,1,52.5,1,52.6,1,2,2022-01-10 09:13:44
1641806025026827000,52.5,1,52.4,7,52.6,3,2,2022-01-10 09:13:45
1641806027642952000,52.4,2,52.4,5,52.5,7,2,2022-01-10 09:13:47
1641806027664780000,52.4,1,52.4,4,52.5,7,2,2022-01-10 09:13:47
1641806032576841000,52.4,1,52.4,3,52.5,7,2,2022-01-10 09:13:52
1641806035159981000,52.4,2,52.4,1,52.5,8,2,2022-01-10 09:13:55
1641806037994601000,52.5,4,52.4,1,52.5,4,1,2022-01-10 09:13:57
1641806041254675000,52.4,1,52.3,4,52.5,4,2,2022-01-10 09:14:01
1641806041254675000,52.3,1,52.3,4,52.5,4,2,2022-01-10 09:14:01
1641806043617152000,52.4,3,52.3,8,52.5,4,2,2022-01-10 09:14:03
1641806043617152000,52.3,7,52.3,8,52.5,4,2,2022-01-10 09:14:03
1641806043754190000,52.3,5,52.3,3,52.5,4,2,2022-01-10 09:14:03
1641806044201184000,52.5,2,52.3,2,52.5,2,1,2022-01-10 09:14:04
1641806052803405000,52.4,1,52.4,1,52.5,3,2,2022-01-10 09:14:12
1641806053879099000,52.4,1,52.3,3,52.5,3,2,2022-01-10 09:14:13
1641806065825759000,52.4,3,52.3,5,52.5,3,2,2022-01-10 09:14:25
1641806068997470000,52.4,1,52.3,5,52.5,3,1,2022-01-10 09:14:28
1641806068997470000,52.5,1,52.3,5,52.5,3,1,2022-01-10 09:14:28
1641806084266444000,52.4,1,52.3,10,52.4,2,1,2022-01-10 09:14:44
1641806094361094000,52.3,10,52.3,2,52.4,4,2,2022-01-10 09:14:54
1641806095836583000,52.4,1,52.3,2,52.4,3,1,2022-01-10 09:14:55
1641806097197857000,52.3,2,52.2,22,52.3,2,2,2022-01-10 09:14:57
1641806101048213000,52.3,1,52.2,22,52.3,1,1,2022-01-10 09:15:01
1641806106097960000,52.2,3,52.2,29,52.3,1,2,2022-01-10 09:15:06
1641806120269681000,52.3,3,52.2,29,52.3,7,1,2022-01-10 09:15:20
1641806120647076000,52.3,3,52.2,29,52.3,4,1,2022-01-10 09:15:20
1641806123485465000,52.3,1,52.2,28,52.3,3,1,2022-01-10 09:15:23
1641806124654555000,52.2,1,52.2,27,52.3,3,2,2022-01-10 09:15:24
1641806124984273000,52.2,1,52.2,26,52.3,3,2,2022-01-10 09:15:24
1641806125427943000,52.2,1,52.2,25,52.3,3,2,2022-01-10 09:15:25
1641806126646205000,52.3,1,52.2,25,52.3,2,1,2022-01-10 09:15:26
1641806129051452000,52.2,1,52.2,24,52.3,2,2,2022-01-10 09:15:29
1641806129552197000,52.3,1,52.2,24,52.3,1,1,2022-01-10 09:15:29
1641806130458274000,52.3,1,52.2,24,52.4,10,1,2022-01-10 09:15:30
1641806132035693000,52.2,4,52.2,20,52.3,1,2,2022-01-10 09:15:32
1641806132060032000,52.2,20,52.1,22,52.3,1,2,2022-01-10 09:15:32
1641806137121419000,52.1,1,52.1,21,52.3,2,2,2022-01-10 09:15:37
1641806144563194000,52.1,1,52.1,20,52.2,2,2,2022-01-10 09:15:44
1641806146382463000,52.2,2,52.1,20,52.2,5,1,2022-01-10 09:15:46
1641806147014830000,52.1,1,52.1,19,52.2,5,2,2022-01-10 09:15:47
1641806149797362000,52.1,5,52.1,14,52.2,5,2,2022-01-10 09:15:49
1641806150150556000,52.1,1,52.1,13,52.2,5,2,2022-01-10 09:15:50
1641806152503201000,52.1,1,52.1,13,52.2,5,2,2022-01-10 09:15:52
1641806155496879000,52.1,1,52.1,12,52.2,6,2,2022-01-10 09:15:55
1641806156546218000,52.1,5,52.1,17,52.2,6,2,2022-01-10 09:15:56
1641806157729278000,52.1,5,52.1,12,52.2,6,2,2022-01-10 09:15:57
1641806158468906000,52.2,1,52.1,12,52.2,5,1,2022-01-10 09:15:58
1641806160855728000,52.1,1,52.1,11,52.2,7,2,2022-01-10 09:16:00
1641806164422388000,52.2,3,52.1,11,52.2,4,1,2022-01-10 09:16:04
1641806166477656000,52.1,1,52.1,10,52.2,8,2,2022-01-10 09:16:06
1641806168673140000,52.2,8,52.1,15,52.3,1,1,2022-01-10 09:16:08
1641806169508334000,52.1,5,52.1,10,52.3,1,2,2022-01-10 09:16:09
1641806171735611000,52.2,1,52.1,11,52.3,1,2,2022-01-10 09:16:11
1641806178400753000,52.2,1,52.1,11,52.3,1,2,2022-01-10 09:16:18
1641806183861040000,52.3,1,52.2,2,52.4,5,1,2022-01-10 09:16:23
1641806183973942000,52.4,1,52.2,2,52.4,4,1,2022-01-10 09:16:23
1641806187012138000,52.2,1,52.2,6,52.4,4,2,2022-01-10 09:16:27
1641806187899504000,52.4,2,52.2,8,52.4,2,1,2022-01-10 09:16:27
1641806188834052000,52.2,8,52.1,16,52.2,2,2,2022-01-10 09:16:28
1641806188863771000,52.2,2,52.1,16,52.4,2,1,2022-01-10 09:16:28
1641806200266383000,52.2,5,52.1,26,52.2,5,2,2022-01-10 09:16:40
1641806200286551000,52.2,5,52.1,26,52.4,2,1,2022-01-10 09:16:40
1641806204397073000,52.4,2,52.4,6,52.5,3,1,2022-01-10 09:16:44
1641806216396343000,52.5,1,52.4,14,52.5,1,1,2022-01-10 09:16:56
1641806217002343000,52.4,10,52.4,4,52.5,1,2,2022-01-10 09:16:57
1641806221269296000,52.4,1,52.4,3,52.5,2,2,2022-01-10 09:17:01
1641806223197722000,52.5,2,52.5,1,52.6,2,1,2022-01-10 09:17:03
1641806228196637000,52.5,1,52.5,1,52.6,2,2,2022-01-10 09:17:08
1641806233601597000,52.6,1,52.5,1,52.6,1,1,2022-01-10 09:17:13
1641806237020859000,52.5,1,52.5,10,52.6,1,2,2022-01-10 09:17:17
1641806238224062000,52.6,1,52.5,10,52.7,4,1,2022-01-10 09:17:18
1641806242947122000,52.5,5,52.5,5,52.7,4,2,2022-01-10 09:17:22
1641806247458470000,52.7,1,52.5,5,52.7,4,1,2022-01-10 09:17:27
1641806247816737000,52.5,2,52.5,3,52.7,4,2,2022-01-10 09:17:27
1641806249331922000,52.7,2,52.6,1,52.7,2,1,2022-01-10 09:17:29
1641806249523154000,52.6,1,52.5,2,52.7,1,2,2022-01-10 09:17:29
1641806249523154000,52.5,2,52.5,2,52.7,1,2,2022-01-10 09:17:29
1641806251357410000,52.5,1,52.5,1,52.7,1,2,2022-01-10 09:17:31
1641806256715768000,52.5,1,52.5,10,52.7,7,2,2022-01-10 09:17:36
1641806264524912000,52.5,1,52.5,14,52.6,5,2,2022-01-10 09:17:44
1641806271067272000,52.5,1,52.5,13,52.6,9,2,2022-01-10 09:17:51
1641806289035460000,52.6,7,52.5,15,52.7,8,1,2022-01-10 09:18:09
1641806296221413000,52.6,1,52.6,3,52.7,7,2,2022-01-10 09:18:16
1641806308955419000,52.7,3,52.6,6,52.7,6,1,2022-01-10 09:18:28
1641806311968407000,52.6,2,52.6,5,52.7,6,2,2022-01-10 09:18:31
1641806326659184000,52.6,1,52.6,5,52.7,7,2,2022-01-10 09:18:46
1641806329269842000,52.6,5,52.5,15,52.7,8,2,2022-01-10 09:18:49
1641806329739145000,52.6,1,52.5,15,52.6,2,2,2022-01-10 09:18:49
1641806329968308000,52.5,10,52.5,5,52.6,2,2,2022-01-10 09:18:49
1641806332866460000,52.5,2,52.5,3,52.6,2,2,2022-01-10 09:18:52
1641806332904218000,52.5,3,52.4,3,52.6,2,2,2022-01-10 09:18:52
1641806350718062000,52.5,1,52.4,4,52.6,7,1,2022-01-10 09:19:10
1641806351810546000,52.4,4,52.3,6,52.5,19,2,2022-01-10 09:19:11
1641806353800613000,52.5,1,52.3,6,52.5,17,1,2022-01-10 09:19:13
1641806360814373000,52.3,6,52.2,11,52.4,1,2,2022-01-10 09:19:20
1641806372310035000,52.2,1,52.2,10,52.4,3,2,2022-01-10 09:19:32
1641806372940249000,52.2,1,52.2,9,52.4,3,2,2022-01-10 09:19:32
1641806376221205000,52.2,8,52.1,28,52.2,3,2,2022-01-10 09:19:36
1641806377442477000,52.2,1,52.1,27,52.2,2,1,2022-01-10 09:19:37
1641806381339792000,52.1,10,52.1,17,52.2,3,2,2022-01-10 09:19:41
1641806390284911000,52.1,1,52.1,26,52.2,11,2,2022-01-10 09:19:50
1641806391863806000,52.2,2,52.1,27,52.2,9,1,2022-01-10 09:19:51
1641806402487181000,52.2,1,52.1,28,52.2,8,1,2022-01-10 09:20:02
1641806405033080000,52.2,2,52.1,28,52.2,9,1,2022-01-10 09:20:05
1641806407732080000,52.1,1,52.1,28,52.2,11,2,2022-01-10 09:20:07
1641806410414894000,52.1,1,52.1,27,52.2,11,2,2022-01-10 09:20:10
1641806418928134000,52.1,1,52.1,26,52.2,14,2,2022-01-10 09:20:18
1641806420030779000,52.1,9,52.1,17,52.2,14,2,2022-01-10 09:20:20
1641806422959859000,52.1,2,52.1,15,52.2,14,2,2022-01-10 09:20:22
1641806424650922000,52.1,1,52.1,14,52.2,14,2,2022-01-10 09:20:24
1641806425125320000,52.1,3,52.1,11,52.2,14,2,2022-01-10 09:20:25
1641806427334441000,52.1,2,52.1,9,52.2,14,2,2022-01-10 09:20:27
1641806430962623000,52.1,2,52.1,7,52.2,14,2,2022-01-10 09:20:30
1641806436359619000,52.1,1,52.1,10,52.2,14,2,2022-01-10 09:20:36
1641806439839266000,52.1,1,52.1,9,52.2,14,2,2022-01-10 09:20:39
1641806440235507000,52.1,3,52.1,6,52.2,11,2,2022-01-10 09:20:40
1641806441125537000,52.1,1,52.1,5,52.2,11,2,2022-01-10 09:20:41
1641806444923442000,52.1,1,52.1,9,52.2,11,2,2022-01-10 09:20:44
1641806447056313000,52.1,1,52.1,8,52.2,11,2,2022-01-10 09:20:47
1641806447168329000,52.1,1,52.1,7,52.2,11,2,2022-01-10 09:20:47
1641806455148475000,52.1,1,52.1,10,52.2,14,2,2022-01-10 09:20:55
1641806457248088000,52.1,5,52.1,7,52.2,14,2,2022-01-10 09:20:57
1641806464313431000,52.1,1,52.1,9,52.2,14,2,2022-01-10 09:21:04
1641806470728202000,52.1,1,52.1,9,52.2,14,2,2022-01-10 09:21:10
1641806473352963000,52.1,1,52.1,8,52.2,14,2,2022-01-10 09:21:13
1641806479182561000,52.2,1,52.1,10,52.2,13,1,2022-01-10 09:21:19
1641806482857503000,52.1,1,52.1,12,52.2,13,2,2022-01-10 09:21:22
1641806492868427000,52.1,2,52.1,18,52.2,13,2,2022-01-10 09:21:32
1641806493934655000,52.2,1,52.1,18,52.2,12,1,2022-01-10 09:21:33
1641806493958448000,52.2,9,52.1,18,52.2,3,1,2022-01-10 09:21:33
1641806493981075000,52.2,3,52.1,18,52.3,2,1,2022-01-10 09:21:33
1641806496021957000,52.3,2,52.2,1,52.4,2,1,2022-01-10 09:21:36
1641806496236494000,52.2,1,52.1,18,52.4,2,2,2022-01-10 09:21:36
1641806502397042000,52.2,1,52.2,2,52.4,2,2,2022-01-10 09:21:42
1641806506288340000,52.2,1,52.2,10,52.4,5,2,2022-01-10 09:21:46
1641806511110047000,52.2,1,52.2,11,52.4,5,2,2022-01-10 09:21:51
1641806512548694000,52.2,1,52.2,10,52.4,5,2,2022-01-10 09:21:52
1641806515847527000,52.2,7,52.2,8,52.4,5,2,2022-01-10 09:21:55
1641806528033735000,52.2,1,52.2,8,52.4,5,2,2022-01-10 09:22:08
1641806530122758000,52.4,1,52.2,5,52.4,4,1,2022-01-10 09:22:10
1641806530545409000,52.2,2,52.2,3,52.4,4,2,2022-01-10 09:22:10
1641806543583486000,52.2,4,52.1,38,52.2,2,2,2022-01-10 09:22:23
1641806543609751000,52.2,2,52.1,38,52.4,5,1,2022-01-10 09:22:23
1641806544263732000,52.2,1,52.3,2,52.4,5,1,2022-01-10 09:22:24
1641806545085116000,52.3,1,52.3,1,52.4,5,2,2022-01-10 09:22:25
1641806547706680000,52.4,1,52.3,1,52.4,4,1,2022-01-10 09:22:27
1641806553350293000,52.3,1,52.1,37,52.4,12,2,2022-01-10 09:22:33
1641806560077869000,52.3,1,52.2,3,52.3,2,1,2022-01-10 09:22:40
1641806564475174000,52.3,3,52.2,4,52.3,2,1,2022-01-10 09:22:44
1641806567819581000,52.3,1,52.2,4,52.3,2,1,2022-01-10 09:22:47
1641806569036286000,52.2,2,52.2,2,52.3,3,2,2022-01-10 09:22:49
1641806574332557000,52.2,2,52.1,44,52.3,2,2,2022-01-10 09:22:54
1641806574332557000,52.1,1,52.1,44,52.3,2,2,2022-01-10 09:22:54
1641806577238028000,52.2,1,52.1,44,52.3,4,2,2022-01-10 09:22:57
1641806593700106000,52.2,1,52.2,4,52.3,5,2,2022-01-10 09:23:13
1641806595002903000,52.2,1,52.2,3,52.3,5,2,2022-01-10 09:23:15
1641806595029819000,52.2,3,52.1,48,52.3,5,2,2022-01-10 09:23:15
1641806601567992000,52.2,1,52.1,50,52.3,6,2,2022-01-10 09:23:21
1641806603642840000,52.2,1,52.1,50,52.3,6,2,2022-01-10 09:23:23
1641806605873598000,52.2,1,52.1,50,52.3,6,2,2022-01-10 09:23:25
1641806612518303000,52.1,2,52.1,48,52.3,6,2,2022-01-10 09:23:32
1641806613050448000,52.3,1,52.1,48,52.3,5,1,2022-01-10 09:23:33
1641806613666289000,52.1,5,52.1,43,52.3,5,2,2022-01-10 09:23:33
1641806613819884000,52.2,1,52.1,43,52.3,5,2,2022-01-10 09:23:33
1641806615581281000,52.1,38,52.1,5,52.3,5,2,2022-01-10 09:23:35
1641806615609932000,52.1,5,52.0,45,52.3,5,2,2022-01-10 09:23:35
1641806617160031000,52.2,1,52.0,47,52.3,5,2,2022-01-10 09:23:37
1641806631574982000,52.0,30,52.0,17,52.1,2,2,2022-01-10 09:23:51
1641806631607020000,52.0,5,52.0,12,52.1,2,2,2022-01-10 09:23:51
1641806633260247000,52.1,1,52.0,12,52.1,1,1,2022-01-10 09:23:53
1641806647190901000,52.1,2,52.0,18,52.1,2,1,2022-01-10 09:24:07
1641806649645214000,52.0,2,52.0,16,52.1,8,2,2022-01-10 09:24:09
1641806655684608000,52.0,1,52.0,16,52.1,8,2,2022-01-10 09:24:15
1641806656291239000,52.0,1,52.0,15,52.1,8,2,2022-01-10 09:24:16
1641806656325027000,52.0,1,52.0,14,52.1,8,2,2022-01-10 09:24:16
1641806659491532000,52.0,1,52.0,13,52.1,8,2,2022-01-10 09:24:19
1641806661175486000,52.0,3,52.0,10,52.1,8,2,2022-01-10 09:24:21
1641806661617921000,52.0,2,52.0,9,52.1,8,2,2022-01-10 09:24:21
1641806663155102000,52.0,4,52.0,5,52.1,8,2,2022-01-10 09:24:23
1641806664569890000,52.0,2,52.0,3,52.1,8,2,2022-01-10 09:24:24
1641806664826538000,52.0,1,52.0,2,52.1,8,2,2022-01-10 09:24:24
1641806665569706000,52.0,2,51.9,9,52.1,8,2,2022-01-10 09:24:25
1641806667873171000,51.9,6,51.9,3,52.0,5,2,2022-01-10 09:24:27
1641806669551536000,51.9,1,51.9,2,52.0,6,2,2022-01-10 09:24:29
1641806670782955000,51.9,2,51.8,60,52.0,6,2,2022-01-10 09:24:30
1641806677998834000,51.8,1,51.8,39,52.0,6,2,2022-01-10 09:24:37
1641806679823055000,51.8,4,51.8,35,51.9,1,2,2022-01-10 09:24:39
1641806682397517000,51.8,1,51.8,35,51.9,2,2,2022-01-10 09:24:42
1641806683248292000,51.8,1,51.8,33,51.9,2,2,2022-01-10 09:24:43
1641806684114808000,51.8,1,51.8,32,51.9,2,2,2022-01-10 09:24:44
1641806685610404000,51.8,1,51.8,31,51.9,2,2,2022-01-10 09:24:45
1641806685670933000,51.8,1,51.8,20,51.9,2,2,2022-01-10 09:24:45
1641806685711035000,51.8,1,51.8,19,51.9,2,2,2022-01-10 09:24:45
1641806686811525000,51.8,2,51.8,17,51.9,3,2,2022-01-10 09:24:46
1641806688319746000,51.8,1,51.8,17,51.9,3,2,2022-01-10 09:24:48
1641806688882838000,51.8,1,51.8,16,51.9,3,2,2022-01-10 09:24:48
1641806689171726000,51.8,1,51.8,15,51.9,3,2,2022-01-10 09:24:49
1641806689575722000,51.8,1,51.8,14,51.9,3,2,2022-01-10 09:24:49
1641806689719509000,51.8,11,51.8,3,51.9,3,2,2022-01-10 09:24:49
1641806690895659000,51.8,2,51.8,1,51.9,3,2,2022-01-10 09:24:50
1641806690915708000,51.8,1,51.7,39,51.9,3,2,2022-01-10 09:24:50
1641806690943993000,51.7,1,51.7,38,51.9,3,2,2022-01-10 09:24:50
1641806690985629000,51.7,2,51.7,36,51.9,3,2,2022-01-10 09:24:50
1641806691325888000,51.7,10,51.7,26,51.9,3,2,2022-01-10 09:24:51
1641806691558336000,51.8,1,51.8,1,51.9,3,2,2022-01-10 09:24:51
1641806692197973000,51.8,1,51.7,25,51.9,3,2,2022-01-10 09:24:52
1641806692197973000,51.7,1,51.7,25,51.9,3,2,2022-01-10 09:24:52
1641806694346445000,51.7,1,51.7,23,51.8,2,2,2022-01-10 09:24:54
1641806695328480000,51.8,1,51.7,23,51.8,2,1,2022-01-10 09:24:55
1641806695495014000,51.7,9,51.7,14,51.8,2,2,2022-01-10 09:24:55
1641806697326090000,51.7,1,51.7,13,51.8,3,2,2022-01-10 09:24:57
1641806698132243000,51.7,1,51.7,12,51.8,3,2,2022-01-10 09:24:58
1641806698853421000,51.7,2,51.7,12,51.8,3,2,2022-01-10 09:24:58
1641806699001853000,51.7,3,51.7,9,51.8,3,2,2022-01-10 09:24:59
1641806699746461000,51.7,1,51.7,8,51.8,8,2,2022-01-10 09:24:59
1641806699845439000,51.7,2,51.7,6,51.8,8,2,2022-01-10 09:24:59
1641806699854963000,51.7,1,51.7,5,51.8,8,2,2022-01-10 09:24:59
1641806700707975000,51.7,1,51.7,4,51.8,9,2,2022-01-10 09:25:00
1641806700736911000,51.7,3,51.7,1,51.8,9,2,2022-01-10 09:25:00
1641806701252370000,51.7,1,51.6,17,51.8,9,2,2022-01-10 09:25:01
1641806702622838000,51.6,5,51.6,12,51.7,9,2,2022-01-10 09:25:02
1641806702876671000,51.6,1,51.6,11,51.7,9,2,2022-01-10 09:25:02
1641806704313547000,51.5,1,51.5,57,51.7,12,2,2022-01-10 09:25:04
1641806704497807000,51.5,2,51.5,56,51.7,13,2,2022-01-10 09:25:04
1641806706042756000,51.6,2,51.5,56,51.7,13,1,2022-01-10 09:25:06
1641806706280697000,51.5,1,51.5,55,51.7,13,2,2022-01-10 09:25:06
1641806708127328000,51.5,1,51.5,54,51.6,1,2,2022-01-10 09:25:08
1641806709059624000,51.6,1,51.5,54,51.7,9,1,2022-01-10 09:25:09
1641806709059624000,51.7,3,51.5,54,51.7,9,1,2022-01-10 09:25:09
1641806710092703000,51.6,1,51.5,52,51.7,11,2,2022-01-10 09:25:10
1641806710092703000,51.5,1,51.5,52,51.7,11,2,2022-01-10 09:25:10
1641806710210775000,51.7,2,51.5,52,51.7,9,1,2022-01-10 09:25:10
1641806710647803000,51.5,2,51.5,53,51.7,8,2,2022-01-10 09:25:10
1641806711797209000,51.7,8,51.6,1,51.8,5,1,2022-01-10 09:25:11
1641806712457897000,51.6,1,51.6,10,51.8,5,2,2022-01-10 09:25:12
1641806713241523000,51.6,1,51.6,9,51.8,5,2,2022-01-10 09:25:13
1641806713429216000,51.6,1,51.6,8,51.8,5,2,2022-01-10 09:25:13
1641806715729092000,51.8,5,51.7,5,51.9,3,1,2022-01-10 09:25:15
1641806716956137000,51.7,1,51.7,4,51.9,4,2,2022-01-10 09:25:16
1641806717613190000,51.7,1,51.7,3,51.9,4,2,2022-01-10 09:25:17
1641806717707776000,51.7,1,51.7,2,51.9,4,2,2022-01-10 09:25:17
1641806720026056000,51.7,2,51.6,8,51.7,3,2,2022-01-10 09:25:20
1641806720066926000,51.7,3,51.6,8,51.8,1,1,2022-01-10 09:25:20
1641806720843156000,51.6,1,51.6,7,51.8,1,2,2022-01-10 09:25:20
1641806722982626000,51.8,2,51.6,9,51.9,4,1,2022-01-10 09:25:22
1641806724060832000,51.6,1,51.6,11,51.9,5,2,2022-01-10 09:25:24
1641806724067383000,51.6,2,51.6,9,51.9,5,2,2022-01-10 09:25:24
1641806724226110000,51.7,2,51.6,9,51.9,5,1,2022-01-10 09:25:24
1641806724947953000,51.7,1,51.7,3,51.9,5,2,2022-01-10 09:25:24
1641806729463277000,51.7,1,51.7,2,51.8,2,2,2022-01-10 09:25:29
1641806730535389000,51.7,2,51.6,13,51.8,2,2,2022-01-10 09:25:30
1641806731668659000,51.7,2,51.6,13,51.8,2,1,2022-01-10 09:25:31
1641806732071400000,51.7,1,51.6,13,51.8,2,1,2022-01-10 09:25:32
1641806734052759000,51.7,1,51.6,24,51.8,2,1,2022-01-10 09:25:34
1641806737414114000,51.7,1,51.6,24,51.8,2,1,2022-01-10 09:25:37
1641806742996448000,51.8,4,51.7,9,51.9,9,1,2022-01-10 09:25:42
1641806743087741000,51.8,1,51.7,9,51.9,9,1,2022-01-10 09:25:43
1641806744683677000,51.7,1,51.7,8,51.9,9,2,2022-01-10 09:25:44
1641806745856929000,51.7,1,51.7,7,51.9,9,2,2022-01-10 09:25:45
1641806750007801000,51.9,2,51.7,11,51.9,7,1,2022-01-10 09:25:50
1641806750150165000,51.7,1,51.7,10,51.9,7,2,2022-01-10 09:25:50
1641806760242809000,51.8,1,51.8,3,51.9,6,2,2022-01-10 09:26:00
1641806764254331000,51.8,1,51.8,2,51.9,6,2,2022-01-10 09:26:04
1641806770363701000,51.8,1,51.8,1,51.9,11,2,2022-01-10 09:26:10
1641806770906933000,51.8,1,51.8,1,51.9,11,2,2022-01-10 09:26:10
1641806773160198000,51.8,1,51.7,20,51.9,11,2,2022-01-10 09:26:13
1641806773160198000,51.7,1,51.7,20,51.9,11,2,2022-01-10 09:26:13
1641806774489137000,51.7,2,51.7,17,51.9,12,2,2022-01-10 09:26:14
1641806780209931000,51.7,1,51.7,17,51.8,2,2,2022-01-10 09:26:20
1641806780642284000,51.7,5,51.7,12,51.8,2,2,2022-01-10 09:26:20
1641806781080785000,51.7,3,51.7,9,51.8,2,2,2022-01-10 09:26:21
1641806782005938000,51.7,2,51.6,32,51.8,3,2,2022-01-10 09:26:22
1641806782862719000,51.7,1,51.6,32,51.8,3,2,2022-01-10 09:26:22
1641806784275174000,51.7,1,51.6,32,51.7,9,1,2022-01-10 09:26:24
1641806786013310000,51.7,1,51.6,32,51.7,8,1,2022-01-10 09:26:26
1641806786519420000,51.6,1,51.6,31,51.7,8,2,2022-01-10 09:26:26
1641806794037341000,51.6,2,51.6,22,51.7,12,2,2022-01-10 09:26:34
1641806796307788000,51.6,1,51.6,21,51.7,12,2,2022-01-10 09:26:36
1641806797698710000,51.6,1,51.6,20,51.7,12,2,2022-01-10 09:26:37
1641806798879539000,51.7,1,51.6,20,51.7,11,1,2022-01-10 09:26:38
1641806801224058000,51.7,10,51.6,20,51.7,1,1,2022-01-10 09:26:41
1641806801261126000,51.7,1,51.6,20,51.8,1,1,2022-01-10 09:26:41
1641806801343886000,51.6,1,51.6,19,51.8,1,2,2022-01-10 09:26:41
1641806805498184000,51.8,1,51.7,27,51.9,14,1,2022-01-10 09:26:45
1641806812688965000,51.9,1,51.7,33,51.9,13,1,2022-01-10 09:26:52
1641806812729581000,51.9,6,51.7,33,51.9,6,1,2022-01-10 09:26:52
1641806812764126000,51.9,3,51.7,33,51.9,3,1,2022-01-10 09:26:52
1641806812764450000,51.9,3,51.7,33,52.0,10,1,2022-01-10 09:26:52
1641806818474461000,51.9,1,51.8,2,52.0,7,1,2022-01-10 09:26:58
1641806818474461000,52.0,2,51.8,2,52.0,7,1,2022-01-10 09:26:58
1641806821157619000,52.0,7,52.0,3,52.1,2,1,2022-01-10 09:27:01
1641806823713802000,52.1,1,52.0,4,52.1,1,1,2022-01-10 09:27:03
1641806824584402000,52.1,1,52.0,4,52.2,4,1,2022-01-10 09:27:04
1641806834992386000,52.1,8,52.0,12,52.1,3,2,2022-01-10 09:27:14
1641806835665635000,52.1,4,52.1,1,52.2,6,1,2022-01-10 09:27:15
1641806838713870000,52.1,1,52.0,12,52.1,9,2,2022-01-10 09:27:18
1641806840623051000,52.1,1,52.0,12,52.1,8,1,2022-01-10 09:27:20
1641806840972423000,52.1,6,52.0,12,52.1,2,1,2022-01-10 09:27:20
1641806853386778000,52.1,1,52.0,11,52.1,7,1,2022-01-10 09:27:33
1641806874813034000,52.1,7,52.0,11,52.2,4,1,2022-01-10 09:27:54
1641806876876476000,52.0,1,52.0,12,52.2,4,2,2022-01-10 09:27:56
1641806881739539000,52.2,4,52.2,6,52.3,12,1,2022-01-10 09:28:01
1641806881924841000,52.2,6,52.0,12,52.3,12,2,2022-01-10 09:28:01
1641806884166541000,52.3,12,52.3,3,52.4,8,1,2022-01-10 09:28:04
1641806884203628000,52.3,3,52.0,12,52.4,8,2,2022-01-10 09:28:04
1641806885171603000,52.4,8,52.0,12,52.5,19,1,2022-01-10 09:28:05
1641806885171603000,52.5,7,52.0,12,52.5,19,1,2022-01-10 09:28:05
1641806885218057000,52.5,1,52.1,1,52.5,18,1,2022-01-10 09:28:05
1641806885219371000,52.5,1,52.1,1,52.5,17,1,2022-01-10 09:28:05
1641806886894493000,52.5,1,52.1,9,52.5,16,1,2022-01-10 09:28:06
1641806888986760000,52.5,1,52.2,3,52.5,15,1,2022-01-10 09:28:08
1641806889439475000,52.5,1,52.2,3,52.5,14,1,2022-01-10 09:28:09
1641806892219705000,52.5,5,52.2,5,52.5,9,1,2022-01-10 09:28:12
1641806897669687000,52.4,1,52.2,5,52.5,9,1,2022-01-10 09:28:17
1641806902234063000,52.4,1,52.3,1,52.6,12,1,2022-01-10 09:28:22
1641806902234063000,52.5,9,52.3,1,52.6,12,1,2022-01-10 09:28:22
1641806907134788000,52.5,3,52.3,3,52.5,2,1,2022-01-10 09:28:27
1641806907584852000,52.5,2,52.3,3,52.6,12,1,2022-01-10 09:28:27
1641806910479109000,52.5,1,52.3,3,52.6,10,1,2022-01-10 09:28:30
1641806910479109000,52.6,2,52.3,3,52.6,10,1,2022-01-10 09:28:30
1641806910588049000,52.6,1,52.3,5,52.6,9,1,2022-01-10 09:28:30
1641806916269805000,52.6,1,52.5,8,52.6,13,1,2022-01-10 09:28:36
1641806919325484000,52.6,10,52.5,10,52.6,3,1,2022-01-10 09:28:39
1641806919472801000,52.6,1,52.5,10,52.6,2,1,2022-01-10 09:28:39
1641806920662013000,52.6,1,52.5,10,52.6,1,1,2022-01-10 09:28:40
1641806922020347000,52.6,1,52.5,10,52.7,12,1,2022-01-10 09:28:42
1641806925600232000,52.6,1,52.5,5,52.6,1,1,2022-01-10 09:28:45
1641806927600103000,52.6,2,52.5,7,52.6,2,1,2022-01-10 09:28:47
1641806928023750000,52.6,1,52.5,7,52.6,1,1,2022-01-10 09:28:48
1641806928383846000,52.6,2,52.5,7,52.7,4,1,2022-01-10 09:28:48
1641806928383846000,52.7,8,52.5,7,52.7,4,1,2022-01-10 09:28:48
1641806928680907000,52.7,1,52.5,7,52.7,3,1,2022-01-10 09:28:48
1641806928686533000,52.7,1,52.5,7,52.7,2,1,2022-01-10 09:28:48
1641806931229815000,52.6,1,52.6,2,52.7,4,2,2022-01-10 09:28:51
1641806931262714000,52.6,2,52.5,4,52.7,4,2,2022-01-10 09:28:51
1641806934844900000,52.5,2,52.5,2,52.6,1,2,2022-01-10 09:28:54
1641806934874483000,52.5,2,52.4,1,52.6,1,2,2022-01-10 09:28:54
1641806935834593000,52.6,1,52.4,1,52.7,2,1,2022-01-10 09:28:55
1641806935834593000,52.7,2,52.4,1,52.7,2,1,2022-01-10 09:28:55
1641806944050575000,52.5,1,52.4,2,52.6,1,2,2022-01-10 09:29:04
1641806947845516000,52.6,2,52.7,3,52.8,25,1,2022-01-10 09:29:07
1641806947845516000,52.7,5,52.7,3,52.8,25,1,2022-01-10 09:29:07
1641806947873897000,52.7,3,52.4,3,52.8,25,2,2022-01-10 09:29:07
1641806954707797000,52.5,1,52.4,4,52.7,4,2,2022-01-10 09:29:14
1641806954784641000,52.7,4,52.4,4,52.8,24,1,2022-01-10 09:29:14
1641806954784641000,52.8,1,52.4,4,52.8,24,1,2022-01-10 09:29:14
1641806955016985000,52.8,1,52.5,1,52.8,23,1,2022-01-10 09:29:15
1641806956767842000,52.8,5,52.5,1,52.8,18,1,2022-01-10 09:29:16
1641806958434119000,52.8,2,52.5,1,52.8,20,1,2022-01-10 09:29:18
1641806959036992000,52.8,2,52.5,1,52.8,18,1,2022-01-10 09:29:19
1641806963549701000,52.5,2,52.5,3,52.8,18,2,2022-01-10 09:29:23
1641806964779230000,52.8,2,52.5,3,52.8,16,1,2022-01-10 09:29:24
1641806968339486000,52.8,16,52.8,4,52.9,50,1,2022-01-10 09:29:28
1641806969481256000,52.9,1,52.8,4,52.9,49,1,2022-01-10 09:29:29
1641806971214649000,52.8,2,52.8,2,52.9,49,2,2022-01-10 09:29:31
1641806971232339000,52.8,2,52.5,12,52.9,49,2,2022-01-10 09:29:31
1641806971544722000,52.9,5,52.5,13,52.9,44,1,2022-01-10 09:29:31
1641806971970703000,52.9,2,52.6,1,52.9,30,1,2022-01-10 09:29:31
1641806972013971000,52.9,2,52.6,1,52.9,28,1,2022-01-10 09:29:32
1641806972566543000,52.9,1,52.6,3,52.9,27,1,2022-01-10 09:29:32
1641806974949688000,52.9,1,52.5,13,52.9,27,1,2022-01-10 09:29:34
1641806976962474000,52.9,1,52.6,2,52.9,28,1,2022-01-10 09:29:36
1641806977846901000,52.9,1,52.6,1,52.9,27,1,2022-01-10 09:29:37
1641806981075327000,52.9,2,52.6,1,52.9,25,1,2022-01-10 09:29:41
1641806981378787000,52.6,1,52.5,12,52.9,25,2,2022-01-10 09:29:41
1641806981378787000,52.5,1,52.5,12,52.9,25,2,2022-01-10 09:29:41
1641806981828467000,52.5,2,52.5,8,52.9,25,2,2022-01-10 09:29:41
1641806982495747000,52.9,2,52.5,7,52.9,24,1,2022-01-10 09:29:42
1641806982795074000,52.9,1,52.6,1,52.9,23,1,2022-01-10 09:29:42
1641806984786532000,52.9,1,52.6,1,52.9,22,1,2022-01-10 09:29:44
1641806988496939000,52.6,1,52.5,7,52.9,23,2,2022-01-10 09:29:48
1641806992163261000,52.5,1,52.5,7,52.9,22,2,2022-01-10 09:29:52
1641806992529239000,52.9,1,52.5,7,52.9,21,1,2022-01-10 09:29:52
1641807008277447000,52.7,1,52.6,2,52.9,33,1,2022-01-10 09:30:08
1641807008277447000,52.8,2,52.6,2,52.9,33,1,2022-01-10 09:30:08
1641807008277447000,52.9,7,52.6,2,52.9,33,1,2022-01-10 09:30:08
1641807012921128000,52.8,2,52.6,2,52.9,44,1,2022-01-10 09:30:12
1641807014583273000,52.9,3,52.6,2,52.9,41,1,2022-01-10 09:30:14
1641807014815655000,52.9,1,52.6,2,52.9,42,1,2022-01-10 09:30:14
1641807015009655000,52.6,1,52.6,1,52.9,42,2,2022-01-10 09:30:15
1641807016808788000,52.8,1,52.6,1,52.9,43,1,2022-01-10 09:30:16
1641807025576053000,52.8,1,52.6,2,52.8,1,1,2022-01-10 09:30:25
1641807029918852000,52.8,1,52.6,2,52.9,44,1,2022-01-10 09:30:29
1641807033066901000,52.7,2,52.6,3,52.9,46,2,2022-01-10 09:30:33
1641807035337003000,52.8,1,52.6,3,52.8,10,1,2022-01-10 09:30:35
1641807047875184000,52.7,2,52.6,5,52.8,12,1,2022-01-10 09:30:47
1641807053119335000,52.7,1,52.6,6,52.8,27,2,2022-01-10 09:30:53
1641807056474436000,52.6,4,52.6,2,52.8,27,2,2022-01-10 09:30:56
1641807056506822000,52.6,2,52.5,13,52.8,27,2,2022-01-10 09:30:56
1641807059998706000,52.8,2,52.5,12,52.8,25,1,2022-01-10 09:30:59
1641807062414038000,52.5,2,52.5,10,52.6,1,2,2022-01-10 09:31:02
1641807071820384000,52.5,1,52.5,10,52.6,1,2,2022-01-10 09:31:11
1641807076020357000,52.5,2,52.5,8,52.6,2,2,2022-01-10 09:31:16
1641807077073237000,52.5,5,52.5,3,52.6,2,2,2022-01-10 09:31:17
1641807081898136000,52.5,1,52.5,2,52.6,3,2,2022-01-10 09:31:21
1641807083119261000,52.5,2,52.4,6,52.5,3,2,2022-01-10 09:31:23
1641807099614381000,52.4,1,52.4,5,52.5,4,2,2022-01-10 09:31:39
1641807105239189000,52.4,2,52.4,3,52.5,4,2,2022-01-10 09:31:45
1641807111156125000,52.4,1,52.4,3,52.5,4,2,2022-01-10 09:31:51
1641807113705072000,52.4,1,52.4,2,52.5,4,2,2022-01-10 09:31:53
1641807119427068000,52.4,2,52.2,7,52.5,5,2,2022-01-10 09:31:59
1641807131145234000,52.4,1,52.4,1,52.5,5,1,2022-01-10 09:32:11
1641807143720117000,52.4,1,52.3,4,52.4,1,2,2022-01-10 09:32:23
1641807155845543000,52.4,2,52.3,4,52.5,5,1,2022-01-10 09:32:35
1641807159122297000,52.4,1,52.4,3,52.5,6,1,2022-01-10 09:32:39
1641807159897347000,52.4,1,52.4,2,52.5,6,2,2022-01-10 09:32:39
1641807159927126000,52.4,2,52.2,8,52.5,6,2,2022-01-10 09:32:39
1641807164803304000,52.5,1,52.3,1,52.5,5,1,2022-01-10 09:32:44
1641807171347266000,52.4,1,52.3,1,52.5,5,1,2022-01-10 09:32:51
1641807172560170000,52.3,1,52.2,8,52.4,5,2,2022-01-10 09:32:52
1641807192982614000,52.2,1,52.2,6,52.4,7,2,2022-01-10 09:33:12
1641807195292298000,52.2,1,52.2,5,52.4,7,2,2022-01-10 09:33:15
1641807197436986000,52.2,2,52.2,3,52.4,7,2,2022-01-10 09:33:17
1641807212189060000,52.3,1,52.2,4,52.4,7,1,2022-01-10 09:33:32
1641807215255656000,52.2,1,52.2,3,52.4,12,2,2022-01-10 09:33:35
1641807215298914000,52.2,1,52.2,2,52.4,12,2,2022-01-10 09:33:35
1641807222053109000,52.4,2,52.2,2,52.4,10,1,2022-01-10 09:33:42
1641807233694966000,52.2,4,52.1,8,52.4,10,2,2022-01-10 09:33:53
1641807233694966000,52.1,4,52.1,8,52.4,10,2,2022-01-10 09:33:53
1641807242494562000,52.3,1,52.2,2,52.3,1,1,2022-01-10 09:34:02
1641807242516599000,52.3,1,52.2,2,52.4,10,1,2022-01-10 09:34:02
1641807246641266000,52.2,3,52.1,9,52.3,1,2,2022-01-10 09:34:06
1641807246951487000,52.3,1,52.1,9,52.4,10,1,2022-01-10 09:34:06
1641807260598569000,52.3,1,52.2,2,52.4,13,1,2022-01-10 09:34:20
1641807266001905000,52.3,1,52.2,8,52.4,14,1,2022-01-10 09:34:26
1641807268137084000,52.3,1,52.2,8,52.4,14,1,2022-01-10 09:34:28
1641807270386291000,52.2,9,52.1,22,52.4,14,2,2022-01-10 09:34:30
1641807270386291000,52.1,1,52.1,22,52.4,14,2,2022-01-10 09:34:30
1641807284853383000,52.2,1,52.1,24,52.3,1,2,2022-01-10 09:34:44
1641807309357972000,52.2,1,52.1,24,52.2,1,1,2022-01-10 09:35:09
1641807311703884000,52.2,1,52.2,1,52.3,2,1,2022-01-10 09:35:11
1641807315706759000,52.2,1,52.1,30,52.3,7,2,2022-01-10 09:35:15
1641807317892062000,52.1,5,52.1,25,52.3,7,2,2022-01-10 09:35:17
1641807339965737000,52.1,1,52.1,25,52.2,1,2,2022-01-10 09:35:39
1641807341249290000,52.2,1,52.1,40,52.3,7,1,2022-01-10 09:35:41
1641807341929726000,52.3,2,52.1,40,52.3,5,1,2022-01-10 09:35:41
1641807345235974000,52.1,3,52.1,37,52.3,5,2,2022-01-10 09:35:45
1641807367971508000,52.1,2,52.1,44,52.3,5,2,2022-01-10 09:36:07
1641807386916373000,52.2,1,52.1,48,52.3,6,1,2022-01-10 09:36:26
1641807402138743000,52.3,6,52.2,9,52.4,13,1,2022-01-10 09:36:42
1641807402138743000,52.4,1,52.2,9,52.4,13,1,2022-01-10 09:36:42
1641807407467473000,52.4,2,52.3,5,52.4,11,1,2022-01-10 09:36:47
1641807407507817000,52.4,6,52.3,5,52.4,5,1,2022-01-10 09:36:47
1641807407528227000,52.4,5,52.3,5,52.5,28,1,2022-01-10 09:36:47
1641807415033099000,52.5,2,52.4,6,52.5,26,1,2022-01-10 09:36:55
1641807418058203000,52.5,1,52.4,7,52.5,25,1,2022-01-10 09:36:58
1641807418106520000,52.5,2,52.4,7,52.5,23,1,2022-01-10 09:36:58
1641807420745608000,52.4,2,52.4,6,52.5,23,2,2022-01-10 09:37:00
1641807420843279000,52.5,1,52.4,6,52.5,22,1,2022-01-10 09:37:00
1641807421661976000,52.4,1,52.4,5,52.5,23,2,2022-01-10 09:37:01
1641807424031773000,52.4,2,52.4,3,52.5,23,2,2022-01-10 09:37:04
1641807424492332000,52.4,2,52.4,2,52.5,23,2,2022-01-10 09:37:04
1641807427684381000,52.4,2,52.3,2,52.5,23,2,2022-01-10 09:37:07
1641807430429424000,52.3,2,52.2,9,52.4,2,2,2022-01-10 09:37:10
1641807430747700000,52.4,1,52.2,7,52.4,1,1,2022-01-10 09:37:10
1641807430791580000,52.4,1,52.2,7,52.5,23,1,2022-01-10 09:37:10
1641807432074069000,52.4,2,52.2,7,52.5,22,2,2022-01-10 09:37:12
1641807433310720000,52.4,1,52.2,7,52.5,22,1,2022-01-10 09:37:13
1641807447567284000,52.4,2,52.2,14,52.4,3,1,2022-01-10 09:37:27
1641807450878298000,52.4,1,52.2,12,52.4,3,1,2022-01-10 09:37:30
1641807451364282000,52.2,7,52.2,5,52.4,13,2,2022-01-10 09:37:31
1641807451395487000,52.2,5,52.1,36,52.4,15,2,2022-01-10 09:37:31
1641807464057266000,52.2,1,52.1,38,52.3,1,2,2022-01-10 09:37:44
1641807465255119000,52.3,1,52.3,1,52.4,17,1,2022-01-10 09:37:45
1641807465292155000,52.3,1,52.1,38,52.4,17,2,2022-01-10 09:37:45
1641807467456946000,52.1,2,52.1,37,52.4,17,2,2022-01-10 09:37:47
1641807474141900000,52.1,5,52.1,32,52.3,1,2,2022-01-10 09:37:54
1641807476416974000,52.1,1,52.1,31,52.3,3,2,2022-01-10 09:37:56
1641807476675656000,52.1,21,52.1,10,52.3,3,2,2022-01-10 09:37:56
1641807476706055000,52.1,10,52.0,55,52.3,3,2,2022-01-10 09:37:56
1641807478275305000,52.1,1,52.0,54,52.3,3,2,2022-01-10 09:37:58
1641807483086317000,52.0,2,52.0,50,52.1,13,2,2022-01-10 09:38:03
1641807484357134000,52.0,6,52.0,44,52.1,13,2,2022-01-10 09:38:04
1641807487175130000,52.0,9,52.0,30,52.1,4,2,2022-01-10 09:38:07
1641807487667416000,52.0,2,52.0,28,52.1,4,2,2022-01-10 09:38:07
1641807490948534000,52.0,4,52.0,24,52.1,3,2,2022-01-10 09:38:10
1641807491734239000,52.0,2,52.0,22,52.1,3,2,2022-01-10 09:38:11
1641807492291286000,52.0,2,52.0,20,52.1,3,2,2022-01-10 09:38:12
1641807492979701000,52.0,8,52.0,12,52.1,3,2,2022-01-10 09:38:12
1641807494409001000,52.0,2,52.0,10,52.1,3,2,2022-01-10 09:38:14
1641807494541566000,52.0,5,52.0,5,52.1,3,2,2022-01-10 09:38:14
1641807494651698000,52.0,5,51.9,12,52.1,3,2,2022-01-10 09:38:14
1641807495143309000,51.9,1,51.9,11,52.0,1,2,2022-01-10 09:38:15
1641807495186762000,51.9,1,51.9,10,52.0,1,2,2022-01-10 09:38:15
1641807495266514000,51.9,5,51.9,5,52.0,1,2,2022-01-10 09:38:15
1641807495802210000,51.9,1,51.9,5,52.0,2,2,2022-01-10 09:38:15
1641807497270654000,51.9,1,51.9,4,52.0,2,2,2022-01-10 09:38:17
1641807497461629000,51.9,1,51.9,3,52.0,2,2,2022-01-10 09:38:17
1641807499117815000,51.9,2,51.9,1,52.0,3,2,2022-01-10 09:38:19
1641807500324294000,51.9,1,51.8,34,52.0,3,2,2022-01-10 09:38:20
1641807501280882000,51.9,1,51.8,34,52.0,5,2,2022-01-10 09:38:21
1641807503816353000,51.8,1,51.8,32,52.0,5,2,2022-01-10 09:38:23
1641807506589243000,51.8,11,51.8,21,52.0,5,2,2022-01-10 09:38:26
1641807507084498000,51.8,2,51.8,19,52.0,5,2,2022-01-10 09:38:27
1641807507791917000,51.8,1,51.8,18,52.0,5,2,2022-01-10 09:38:27
1641807508064670000,51.8,2,51.8,16,52.0,5,2,2022-01-10 09:38:28
1641807509776348000,51.8,2,51.8,15,52.0,5,2,2022-01-10 09:38:29
1641807509974057000,51.8,2,51.8,13,52.0,5,2,2022-01-10 09:38:29
1641807510419415000,51.8,1,51.8,12,52.0,6,2,2022-01-10 09:38:30
1641807510449235000,51.8,2,51.8,10,52.0,6,2,2022-01-10 09:38:30
1641807512517925000,51.8,10,51.4,5,52.0,6,2,2022-01-10 09:38:32
1641807512517925000,51.7,21,51.4,5,52.0,6,2,2022-01-10 09:38:32
1641807512517925000,51.6,24,51.4,5,52.0,6,2,2022-01-10 09:38:32
1641807512517925000,51.5,41,51.4,5,52.0,6,2,2022-01-10 09:38:32
1641807514151695000,51.5,2,51.3,6,51.6,1,2,2022-01-10 09:38:34
1641807514151695000,51.4,5,51.3,6,51.6,1,2,2022-01-10 09:38:34
1641807514151695000,51.3,1,51.3,6,51.6,1,2,2022-01-10 09:38:34
1641807516682747000,51.4,1,51.2,47,51.6,1,2,2022-01-10 09:38:36
1641807516682747000,51.3,6,51.2,47,51.6,1,2,2022-01-10 09:38:36
1641807516682747000,51.2,1,51.2,47,51.6,1,2,2022-01-10 09:38:36
1641807519267495000,51.6,1,51.3,1,51.7,1,1,2022-01-10 09:38:39
1641807519370819000,51.3,3,51.2,42,51.7,1,2,2022-01-10 09:38:39
1641807519370819000,51.2,5,51.2,42,51.7,1,2,2022-01-10 09:38:39
1641807519707908000,51.3,3,51.2,40,51.7,3,2,2022-01-10 09:38:39
1641807519707908000,51.2,2,51.2,40,51.7,3,2,2022-01-10 09:38:39
1641807519840027000,51.3,1,51.2,40,51.6,2,1,2022-01-10 09:38:39
1641807520472169000,51.2,1,51.2,39,51.7,3,2,2022-01-10 09:38:40
1641807520665016000,51.2,8,51.2,31,51.7,3,2,2022-01-10 09:38:40
1641807520932599000,51.2,1,51.2,32,51.7,3,2,2022-01-10 09:38:40
1641807522739562000,51.2,1,51.2,31,51.7,1,2,2022-01-10 09:38:42
1641807523524320000,51.2,5,51.2,31,51.7,3,2,2022-01-10 09:38:43
1641807523900645000,51.2,1,51.2,30,51.7,3,2,2022-01-10 09:38:43
1641807524472739000,51.2,1,51.2,27,51.5,1,2,2022-01-10 09:38:44
1641807525046700000,51.2,2,51.2,25,51.5,1,2,2022-01-10 09:38:45
1641807525298239000,51.2,1,51.2,24,51.5,1,2,2022-01-10 09:38:45
1641807526303229000,51.3,1,51.2,24,51.4,2,2,2022-01-10 09:38:46
1641807526305916000,51.2,1,51.2,23,51.4,2,2,2022-01-10 09:38:46
1641807526308313000,51.2,1,51.2,22,51.4,2,2,2022-01-10 09:38:46
1641807526311047000,51.2,1,51.2,21,51.4,2,2,2022-01-10 09:38:46
1641807527733745000,51.2,1,51.2,20,51.4,2,2,2022-01-10 09:38:47
1641807528366076000,51.3,1,51.2,24,51.4,2,2,2022-01-10 09:38:48
1641807528366076000,51.2,2,51.2,24,51.4,2,2,2022-01-10 09:38:48
1641807528381048000,51.2,1,51.2,23,51.4,2,2,2022-01-10 09:38:48
1641807528759467000,51.2,7,51.2,16,51.4,2,2,2022-01-10 09:38:48
1641807530959537000,51.2,5,51.2,11,51.4,2,2,2022-01-10 09:38:50
1641807531484203000,51.2,6,51.2,5,51.4,2,2,2022-01-10 09:38:51
1641807531503857000,51.2,1,51.2,4,51.4,2,2,2022-01-10 09:38:51
1641807532198451000,51.2,1,51.2,3,51.3,3,2,2022-01-10 09:38:52
1641807532506698000,51.2,3,51.2,1,51.3,3,2,2022-01-10 09:38:52
1641807533390632000,51.2,1,51.1,33,51.3,3,2,2022-01-10 09:38:53
1641807533706260000,51.2,1,51.1,33,51.3,3,1,2022-01-10 09:38:53
1641807533782300000,51.2,1,51.1,33,51.3,3,1,2022-01-10 09:38:53
1641807533870235000,51.1,5,51.1,28,51.3,3,2,2022-01-10 09:38:53
1641807534003809000,51.2,1,51.1,28,51.3,3,1,2022-01-10 09:38:54
1641807534275626000,51.1,4,51.1,24,51.3,3,2,2022-01-10 09:38:54
1641807536416614000,51.2,1,51.1,24,51.2,4,1,2022-01-10 09:38:56
1641807538497786000,51.1,5,51.0,34,51.2,4,2,2022-01-10 09:38:58
1641807538662839000,51.0,5,51.0,29,51.2,4,2,2022-01-10 09:38:58
1641807538875138000,51.0,5,51.0,24,51.2,5,2,2022-01-10 09:38:58
1641807539089315000,51.0,5,51.0,19,51.2,5,2,2022-01-10 09:38:59
1641807539123810000,51.0,2,51.0,17,51.2,5,2,2022-01-10 09:38:59
1641807539236360000,51.0,5,51.0,12,51.2,5,2,2022-01-10 09:38:59
1641807540822379000,51.1,1,51.1,3,51.2,5,2,2022-01-10 09:39:00
1641807542415636000,51.1,3,51.0,10,51.2,5,2,2022-01-10 09:39:02
1641807542415636000,51.0,2,51.0,10,51.2,5,2,2022-01-10 09:39:02
1641807543625448000,51.0,10,50.9,1,51.2,5,2,2022-01-10 09:39:03
1641807543625448000,50.9,3,50.9,1,51.2,5,2,2022-01-10 09:39:03
1641807547003417000,51.0,1,50.9,5,51.2,5,1,2022-01-10 09:39:07
1641807547754736000,50.9,1,50.9,4,51.2,5,2,2022-01-10 09:39:07
1641807547896662000,50.9,1,50.9,3,51.2,5,2,2022-01-10 09:39:07
1641807548493512000,51.0,3,50.9,3,51.2,5,1,2022-01-10 09:39:08
1641807549023793000,50.9,2,50.9,14,51.2,5,2,2022-01-10 09:39:09
1641807550475730000,51.1,1,51.0,3,51.2,11,2,2022-01-10 09:39:10
1641807551898208000,51.1,1,51.0,4,51.2,11,1,2022-01-10 09:39:11
1641807553163288000,51.0,1,51.0,6,51.2,14,2,2022-01-10 09:39:13
1641807553307463000,51.0,1,51.0,5,51.2,14,2,2022-01-10 09:39:13
1641807553834341000,51.0,1,51.0,2,51.2,14,2,2022-01-10 09:39:13
1641807554244727000,51.0,1,51.0,1,51.2,14,2,2022-01-10 09:39:14
1641807554998062000,51.0,1,50.9,19,51.0,1,2,2022-01-10 09:39:14
1641807555030770000,51.0,1,50.9,19,51.2,14,1,2022-01-10 09:39:15
1641807556279603000,51.0,1,50.9,15,51.1,3,2,2022-01-10 09:39:16
1641807556279603000,50.9,2,50.9,15,51.1,3,2,2022-01-10 09:39:16
1641807556662095000,50.9,2,50.9,13,51.1,3,2,2022-01-10 09:39:16
1641807558016446000,51.0,2,50.9,11,51.1,3,2,2022-01-10 09:39:18
1641807558016446000,50.9,2,50.9,11,51.1,3,2,2022-01-10 09:39:18
1641807558945407000,51.0,1,50.9,11,51.0,1,2,2022-01-10 09:39:18
1641807560727716000,50.9,6,50.9,7,51.0,1,2,2022-01-10 09:39:20
1641807563101802000,50.9,1,50.9,7,51.0,4,2,2022-01-10 09:39:23
1641807563611947000,50.9,1,50.9,6,51.0,4,2,2022-01-10 09:39:23
1641807563617328000,50.9,1,50.9,5,51.0,4,2,2022-01-10 09:39:23
1641807565136706000,50.9,1,50.9,4,51.0,4,2,2022-01-10 09:39:25
1641807566081499000,50.9,1,50.9,3,51.0,10,2,2022-01-10 09:39:26
1641807566241569000,50.9,1,50.9,2,51.0,10,2,2022-01-10 09:39:26
1641807566515029000,50.9,2,50.8,23,51.0,10,2,2022-01-10 09:39:26
1641807566515029000,50.8,2,50.8,23,51.0,10,2,2022-01-10 09:39:26
1641807566571231000,50.8,5,50.8,18,51.0,10,2,2022-01-10 09:39:26
1641807567218108000,50.8,1,50.7,4,50.9,6,2,2022-01-10 09:39:27
1641807567458733000,50.8,1,50.7,5,50.8,3,1,2022-01-10 09:39:27
1641807567758615000,50.7,5,50.6,13,50.8,4,2,2022-01-10 09:39:27
1641807567758615000,50.6,1,50.6,13,50.8,4,2,2022-01-10 09:39:27
1641807567838204000,50.6,5,50.6,8,50.8,5,2,2022-01-10 09:39:27
1641807569117115000,50.6,1,50.6,7,50.7,4,2,2022-01-10 09:39:29
1641807569184021000,50.7,3,50.6,7,50.7,1,1,2022-01-10 09:39:29
1641807569320420000,50.7,1,50.6,7,50.8,3,1,2022-01-10 09:39:29
1641807570465499000,50.8,1,50.6,7,50.8,2,1,2022-01-10 09:39:30
1641807570928991000,50.6,1,50.6,6,50.8,2,2,2022-01-10 09:39:30
1641807573026791000,50.7,1,50.6,7,50.7,2,2,2022-01-10 09:39:33
1641807573059221000,50.7,2,50.6,7,50.8,2,1,2022-01-10 09:39:33
1641807574411026000,50.6,2,50.6,6,50.8,1,2,2022-01-10 09:39:34
1641807575275688000,50.8,1,50.6,9,50.9,4,1,2022-01-10 09:39:35
1641807575737650000,50.7,2,50.6,14,50.8,1,1,2022-01-10 09:39:35
1641807576560837000,50.7,1,50.7,1,50.8,2,2,2022-01-10 09:39:36
1641807576876990000,50.8,2,50.7,2,50.9,4,1,2022-01-10 09:39:36
1641807578144958000,50.9,1,50.8,1,51.0,9,1,2022-01-10 09:39:38
1641807578588964000,50.8,3,50.7,6,51.0,9,2,2022-01-10 09:39:38
1641807578588964000,50.7,3,50.7,6,51.0,9,2,2022-01-10 09:39:38
1641807579129455000,51.0,6,50.8,8,51.0,3,1,2022-01-10 09:39:39
1641807579160612000,51.0,3,50.8,8,51.1,2,1,2022-01-10 09:39:39
1641807579259494000,50.8,1,50.8,9,51.1,2,2,2022-01-10 09:39:39
1641807579708045000,50.8,1,50.8,8,51.1,2,2,2022-01-10 09:39:39
1641807579875722000,50.9,1,50.8,8,51.1,2,1,2022-01-10 09:39:39
1641807580114785000,50.9,1,50.8,8,51.1,2,2,2022-01-10 09:39:40
1641807580333930000,50.8,1,50.8,7,51.1,2,2,2022-01-10 09:39:40
1641807580743320000,50.9,1,50.8,8,51.1,2,2,2022-01-10 09:39:40
1641807580747475000,51.1,2,50.8,8,51.2,13,1,2022-01-10 09:39:40
1641807580785539000,51.2,5,50.8,8,51.2,9,1,2022-01-10 09:39:40
1641807581765005000,51.0,3,50.9,3,51.2,9,1,2022-01-10 09:39:41
1641807583778400000,51.2,1,50.9,4,51.2,7,1,2022-01-10 09:39:43
1641807584279375000,50.9,2,50.9,3,51.2,7,2,2022-01-10 09:39:44
1641807585411813000,51.0,1,51.0,1,51.1,1,2,2022-01-10 09:39:45
1641807585570030000,51.0,1,50.9,4,51.1,1,2,2022-01-10 09:39:45
1641807586018194000,50.9,5,50.8,13,51.1,3,2,2022-01-10 09:39:46
1641807586169270000,50.8,1,50.8,11,51.1,3,2,2022-01-10 09:39:46
1641807586271818000,51.1,1,50.8,11,51.1,2,1,2022-01-10 09:39:46
1641807587270436000,50.8,1,50.8,10,51.1,2,2,2022-01-10 09:39:47
1641807588342844000,50.8,1,50.8,7,51.0,2,2,2022-01-10 09:39:48
1641807590025234000,50.9,1,50.8,3,51.0,2,1,2022-01-10 09:39:50
1641807590993705000,50.9,1,50.9,1,51.0,2,2,2022-01-10 09:39:50
1641807591013842000,50.9,1,50.8,2,51.0,2,2,2022-01-10 09:39:51
1641807594671542000,50.9,1,50.8,7,51.0,4,2,2022-01-10 09:39:54
1641807594671542000,50.8,1,50.8,7,51.0,4,2,2022-01-10 09:39:54
1641807598332497000,50.9,1,50.9,5,51.0,12,2,2022-01-10 09:39:58
1641807600329012000,50.9,1,50.9,4,51.0,12,2,2022-01-10 09:40:00
1641807600411649000,50.9,1,50.9,3,51.0,12,2,2022-01-10 09:40:00
1641807601070744000,50.9,3,50.8,15,50.9,1,2,2022-01-10 09:40:01
1641807601887031000,50.9,3,50.9,1,51.0,12,1,2022-01-10 09:40:01
1641807602436036000,50.9,1,50.8,15,50.9,1,2,2022-01-10 09:40:02
1641807606970017000,50.8,3,50.8,17,50.9,4,2,2022-01-10 09:40:06
1641807608778183000,50.9,1,50.8,17,50.9,3,1,2022-01-10 09:40:08
1641807608988123000,50.8,1,50.8,16,50.9,3,2,2022-01-10 09:40:08
1641807609294894000,50.9,1,50.8,16,50.9,2,1,2022-01-10 09:40:09
1641807609488530000,50.9,2,50.9,1,51.0,12,1,2022-01-10 09:40:09
1641807611244289000,50.9,1,50.8,16,50.9,4,2,2022-01-10 09:40:11
1641807611344105000,50.8,2,50.8,14,50.9,4,2,2022-01-10 09:40:11
1641807614457052000,50.9,1,50.8,23,50.9,5,1,2022-01-10 09:40:14
1641807614930554000,50.8,1,50.8,22,50.9,5,2,2022-01-10 09:40:14
1641807615366462000,50.9,1,50.8,22,50.9,4,1,2022-01-10 09:40:15
1641807615902662000,50.9,1,50.8,22,50.9,3,1,2022-01-10 09:40:15
1641807615904162000,50.9,1,50.8,22,50.9,2,1,2022-01-10 09:40:15
1641807616648151000,50.9,1,50.8,22,50.9,1,1,2022-01-10 09:40:16
1641807616675405000,50.9,1,50.8,22,51.0,10,1,2022-01-10 09:40:16
1641807617479597000,50.8,1,50.8,21,51.0,10,2,2022-01-10 09:40:17
1641807625205240000,50.9,1,50.9,2,51.0,10,2,2022-01-10 09:40:25
1641807626812630000,51.0,2,50.9,4,51.0,8,1,2022-01-10 09:40:26
1641807626839337000,51.0,6,50.9,4,51.0,2,1,2022-01-10 09:40:26
1641807626866030000,51.0,2,50.9,4,51.2,7,1,2022-01-10 09:40:26
1641807627569885000,50.9,1,50.9,3,51.2,8,2,2022-01-10 09:40:27
1641807628790149000,51.0,2,50.9,1,51.2,8,1,2022-01-10 09:40:28
1641807634926635000,51.0,1,51.0,1,51.2,9,2,2022-01-10 09:40:34
1641807644517729000,51.0,7,50.9,3,51.2,9,2,2022-01-10 09:40:44
1641807644517729000,50.9,3,50.9,3,51.2,9,2,2022-01-10 09:40:44
1641807647421600000,51.0,1,50.9,8,51.1,5,1,2022-01-10 09:40:47
1641807658190236000,51.1,1,51.0,5,51.2,9,2,2022-01-10 09:40:58
1641807658190236000,51.0,4,51.0,5,51.2,9,2,2022-01-10 09:40:58
1641807669350856000,51.1,2,51.0,8,51.1,2,2,2022-01-10 09:41:09
1641807674135596000,51.0,9,50.9,8,51.0,1,2,2022-01-10 09:41:14
1641807674282228000,51.0,1,50.9,8,51.1,3,1,2022-01-10 09:41:14
1641807675800630000,51.1,4,50.9,8,51.2,4,1,2022-01-10 09:41:15
1641807675800630000,51.2,5,50.9,8,51.2,4,1,2022-01-10 09:41:15
1641807676816159000,50.9,2,50.9,14,51.2,4,2,2022-01-10 09:41:16
1641807678007698000,51.1,1,51.0,1,51.1,1,1,2022-01-10 09:41:18
1641807678041665000,51.1,1,51.0,1,51.2,4,1,2022-01-10 09:41:18
1641807683033014000,51.1,1,51.1,1,51.2,4,1,2022-01-10 09:41:23
1641807683632441000,51.1,1,51.0,5,51.2,4,2,2022-01-10 09:41:23
1641807685367699000,51.1,1,51.0,5,51.2,4,1,2022-01-10 09:41:25
1641807686948910000,51.0,2,51.0,2,51.2,4,2,2022-01-10 09:41:26
1641807687605710000,51.1,1,51.0,1,51.2,4,2,2022-01-10 09:41:27
1641807689156570000,51.1,1,51.0,2,51.1,9,2,2022-01-10 09:41:29
1641807691798602000,51.1,1,51.0,7,51.1,9,1,2022-01-10 09:41:31
1641807695398037000,51.1,3,51.0,11,51.1,6,1,2022-01-10 09:41:35
1641807696916527000,51.1,7,51.1,3,51.2,4,1,2022-01-10 09:41:36
1641807704335679000,51.2,1,51.1,9,51.2,3,1,2022-01-10 09:41:44
1641807707350120000,51.2,2,51.1,12,51.2,1,1,2022-01-10 09:41:47
1641807707385522000,51.2,1,51.1,12,51.3,6,1,2022-01-10 09:41:47
1641807713627378000,51.3,1,51.2,8,51.3,5,1,2022-01-10 09:41:53
1641807714290262000,51.3,5,51.3,1,51.4,7,1,2022-01-10 09:41:54
1641807714311975000,51.3,1,51.2,8,51.4,8,2,2022-01-10 09:41:54
1641807715438544000,51.4,1,51.2,18,51.4,7,1,2022-01-10 09:41:55
1641807718899492000,51.4,1,51.3,3,51.4,6,1,2022-01-10 09:41:58
1641807720036966000,51.4,1,51.3,4,51.4,5,1,2022-01-10 09:42:00
1641807723321873000,51.4,3,51.3,7,51.4,4,1,2022-01-10 09:42:03
1641807723982195000,51.4,1,51.3,7,51.4,3,1,2022-01-10 09:42:03
1641807725298048000,51.3,7,51.2,21,51.4,7,2,2022-01-10 09:42:05
1641807726375789000,51.3,1,51.2,21,51.4,7,1,2022-01-10 09:42:06
1641807727034625000,51.4,1,51.2,21,51.4,6,1,2022-01-10 09:42:07
1641807732163076000,51.3,1,51.2,21,51.4,6,2,2022-01-10 09:42:12
1641807732265247000,51.4,1,51.2,21,51.4,5,1,2022-01-10 09:42:12
1641807733046780000,51.4,1,51.3,3,51.4,5,1,2022-01-10 09:42:13
1641807733476061000,51.4,2,51.3,3,51.4,5,1,2022-01-10 09:42:13
1641807734848439000,51.4,5,51.4,5,51.5,7,1,2022-01-10 09:42:14
1641807734882515000,51.4,2,51.4,3,51.5,7,2,2022-01-10 09:42:14
1641807734882561000,51.4,3,51.3,3,51.5,7,2,2022-01-10 09:42:14
1641807735702823000,51.4,1,51.4,4,51.5,7,2,2022-01-10 09:42:15
1641807736817738000,51.5,1,51.4,9,51.5,6,1,2022-01-10 09:42:16
1641807739063130000,51.4,1,51.4,10,51.5,6,2,2022-01-10 09:42:19
1641807739479570000,51.5,1,51.4,10,51.5,4,1,2022-01-10 09:42:19
1641807743552391000,51.5,3,51.4,9,51.5,1,1,2022-01-10 09:42:23
1641807743650473000,51.4,5,51.4,4,51.5,6,2,2022-01-10 09:42:23
1641807747480990000,51.4,7,51.3,3,51.4,3,2,2022-01-10 09:42:27
1641807747496074000,51.4,2,51.3,3,51.4,1,1,2022-01-10 09:42:27
1641807748092265000,51.4,1,51.4,1,51.5,6,1,2022-01-10 09:42:28
1641807748148052000,51.4,1,51.3,3,51.4,4,2,2022-01-10 09:42:28
1641807748542066000,51.3,4,51.2,7,51.4,4,2,2022-01-10 09:42:28
1641807748542066000,51.2,1,51.2,7,51.4,4,2,2022-01-10 09:42:28
1641807750526789000,51.4,1,51.2,7,51.4,6,1,2022-01-10 09:42:30
1641807750853120000,51.2,7,51.1,5,51.4,6,2,2022-01-10 09:42:30
1641807750853120000,51.1,1,51.1,5,51.4,6,2,2022-01-10 09:42:30
1641807752905559000,51.4,1,51.1,5,51.4,5,1,2022-01-10 09:42:32
1641807753371546000,51.4,1,51.1,5,51.4,4,1,2022-01-10 09:42:33
1641807757606458000,51.2,1,51.2,1,51.3,1,2,2022-01-10 09:42:37
1641807761592699000,51.2,2,51.1,5,51.3,1,2,2022-01-10 09:42:41
1641807765243341000,51.2,1,51.1,5,51.3,1,2,2022-01-10 09:42:45
1641807769182323000,51.2,1,51.1,6,51.3,3,2,2022-01-10 09:42:49
1641807769790619000,51.2,1,51.1,6,51.3,3,2,2022-01-10 09:42:49
1641807778334093000,51.2,1,51.1,11,51.2,4,2,2022-01-10 09:42:58
1641807780813131000,51.2,1,51.1,11,51.2,3,1,2022-01-10 09:43:00
1641807786622354000,51.1,6,51.1,6,51.2,4,2,2022-01-10 09:43:06
1641807791004195000,51.2,2,51.1,6,51.2,2,1,2022-01-10 09:43:11
1641807791336100000,51.1,6,51.0,22,51.2,2,2,2022-01-10 09:43:11
1641807791914981000,51.0,1,51.0,21,51.1,1,2,2022-01-10 09:43:11
1641807793724910000,51.1,1,51.0,21,51.1,2,1,2022-01-10 09:43:13
1641807800209871000,51.1,1,51.0,18,51.1,1,1,2022-01-10 09:43:20
1641807801777168000,51.1,1,51.0,18,51.2,3,1,2022-01-10 09:43:21
1641807802850828000,51.0,1,51.0,17,51.2,3,2,2022-01-10 09:43:22
1641807804688045000,51.2,1,51.0,18,51.2,3,1,2022-01-10 09:43:24
1641807808746304000,51.1,2,51.0,20,51.1,24,1,2022-01-10 09:43:28
1641807813190716000,51.1,1,51.0,19,51.1,24,1,2022-01-10 09:43:33
1641807813388521000,51.1,1,51.0,19,51.1,23,1,2022-01-10 09:43:33
1641807813632312000,51.1,1,51.0,19,51.1,22,1,2022-01-10 09:43:33
1641807818317797000,51.1,1,51.0,20,51.1,21,1,2022-01-10 09:43:38
1641807819961434000,51.0,1,51.0,19,51.1,21,2,2022-01-10 09:43:39
1641807820174314000,51.1,1,51.0,19,51.1,20,1,2022-01-10 09:43:40
1641807828021814000,51.1,2,51.0,21,51.1,18,1,2022-01-10 09:43:48
1641807832044877000,51.0,1,51.0,20,51.1,19,2,2022-01-10 09:43:52
1641807834207154000,51.1,1,51.0,20,51.1,18,1,2022-01-10 09:43:54
1641807837443616000,51.1,1,51.0,16,51.1,17,1,2022-01-10 09:43:57
1641807839759977000,51.1,1,51.0,17,51.1,16,1,2022-01-10 09:43:59
1641807845976453000,51.0,2,51.0,15,51.1,16,2,2022-01-10 09:44:05
1641807848854210000,51.1,1,51.0,15,51.1,15,1,2022-01-10 09:44:08
1641807851674612000,51.0,2,51.0,14,51.1,15,2,2022-01-10 09:44:11
1641807853342420000,51.1,1,51.0,14,51.1,14,1,2022-01-10 09:44:13
1641807860797485000,51.1,4,51.0,15,51.1,10,1,2022-01-10 09:44:20
1641807860838046000,51.1,8,51.0,15,51.1,2,1,2022-01-10 09:44:20
1641807860881019000,51.1,2,51.0,15,51.2,7,1,2022-01-10 09:44:20
1641807862889305000,51.2,2,51.0,15,51.2,5,1,2022-01-10 09:44:22
1641807864752712000,51.1,1,51.0,14,51.2,5,2,2022-01-10 09:44:24
1641807864752712000,51.0,1,51.0,14,51.2,5,2,2022-01-10 09:44:24
1641807878026518000,51.1,1,51.1,1,51.2,5,2,2022-01-10 09:44:38
1641807883563179000,51.2,4,51.1,1,51.2,1,1,2022-01-10 09:44:43
1641807883592623000,51.2,1,51.1,1,51.3,2,1,2022-01-10 09:44:43
1641807910297244000,51.2,5,51.1,1,51.3,3,2,2022-01-10 09:45:10
1641807910330611000,51.1,1,51.0,20,51.3,3,2,2022-01-10 09:45:10
1641807911095697000,51.0,2,51.0,18,51.2,1,2,2022-01-10 09:45:11
1641807920978956000,51.0,2,51.0,16,51.2,3,2,2022-01-10 09:45:20
1641807926442122000,51.0,1,51.0,18,51.2,3,2,2022-01-10 09:45:26
1641807930427598000,51.0,1,51.0,18,51.2,2,2,2022-01-10 09:45:30
1641807931378807000,51.0,10,51.0,8,51.2,2,2,2022-01-10 09:45:31
1641807934873998000,51.0,1,51.0,7,51.1,1,2,2022-01-10 09:45:34
1641807936467855000,51.0,1,51.0,6,51.1,1,2,2022-01-10 09:45:36
1641807936503830000,51.0,3,51.0,3,51.1,1,2,2022-01-10 09:45:36
1641807937090509000,51.0,1,51.0,2,51.1,1,2,2022-01-10 09:45:37
1641807941536942000,51.0,10,51.0,12,51.1,3,2,2022-01-10 09:45:41
1641807944709499000,51.0,2,51.0,11,51.1,3,2,2022-01-10 09:45:44
1641807947888374000,51.0,1,51.0,12,51.1,3,2,2022-01-10 09:45:47
1641807952306105000,51.1,2,51.0,21,51.1,1,1,2022-01-10 09:45:52
1641807959196771000,51.1,1,51.0,23,51.2,1,1,2022-01-10 09:45:59
1641807964858873000,51.2,1,51.1,4,51.3,2,1,2022-01-10 09:46:04
1641807965977106000,51.1,2,51.1,2,51.3,2,2,2022-01-10 09:46:05
1641807980162316000,51.2,1,51.2,5,51.3,12,2,2022-01-10 09:46:20
1641807982213153000,51.3,1,51.2,5,51.3,11,1,2022-01-10 09:46:22
1641808001989377000,51.3,1,51.2,16,51.3,20,1,2022-01-10 09:46:41
1641808002960390000,51.3,1,51.2,16,51.3,19,1,2022-01-10 09:46:42
1641808003016260000,51.3,10,51.2,16,51.3,9,1,2022-01-10 09:46:43
1641808003040115000,51.3,5,51.2,16,51.3,4,1,2022-01-10 09:46:43
1641808003946813000,51.3,1,51.2,16,51.3,3,1,2022-01-10 09:46:43
1641808004092865000,51.3,1,51.2,16,51.3,2,1,2022-01-10 09:46:44
1641808004267914000,51.3,1,51.2,16,51.3,1,1,2022-01-10 09:46:44
1641808005582585000,51.3,1,51.3,4,51.4,7,1,2022-01-10 09:46:45
1641808006280552000,51.3,3,51.3,1,51.4,7,2,2022-01-10 09:46:46
1641808006302052000,51.3,1,51.2,16,51.4,7,2,2022-01-10 09:46:46
1641808026423534000,51.3,1,51.2,17,51.4,7,2,2022-01-10 09:47:06
1641808033548178000,51.3,6,51.2,17,51.3,4,2,2022-01-10 09:47:13
1641808037828953000,51.3,3,51.2,17,51.3,3,1,2022-01-10 09:47:17
1641808039220989000,51.3,3,51.3,2,51.4,7,1,2022-01-10 09:47:19
1641808042654577000,51.3,4,51.2,17,51.3,6,2,2022-01-10 09:47:22
1641808045552427000,51.3,1,51.2,16,51.3,5,1,2022-01-10 09:47:25
1641808051762545000,51.3,1,51.2,16,51.3,4,1,2022-01-10 09:47:31
1641808053792743000,51.3,1,51.2,16,51.3,3,1,2022-01-10 09:47:33
1641808056618610000,51.3,4,51.3,5,51.4,8,1,2022-01-10 09:47:36
1641808056659346000,51.3,5,51.2,7,51.4,8,2,2022-01-10 09:47:36
1641808068578496000,51.3,3,51.2,8,51.3,2,2,2022-01-10 09:47:48
1641808068882557000,51.2,3,51.2,5,51.3,2,2,2022-01-10 09:47:48
1641808068915882000,51.2,5,51.1,4,51.3,2,2,2022-01-10 09:47:48
1641808069286068000,51.3,1,51.1,4,51.3,3,1,2022-01-10 09:47:49
1641808072593907000,51.3,1,51.1,4,51.3,3,1,2022-01-10 09:47:52
1641808073217872000,51.1,4,51.0,18,51.1,6,2,2022-01-10 09:47:53
1641808075106236000,51.1,1,51.0,18,51.1,5,1,2022-01-10 09:47:55
1641808081104525000,51.1,5,51.0,20,51.3,4,1,2022-01-10 09:48:01
1641808086946891000,51.1,1,51.0,21,51.3,8,2,2022-01-10 09:48:06
1641808093217481000,51.0,1,51.0,19,51.2,3,2,2022-01-10 09:48:13
1641808093249600000,51.0,2,51.0,17,51.2,3,2,2022-01-10 09:48:13
1641808093306544000,51.0,2,51.0,15,51.2,3,2,2022-01-10 09:48:13
1641808093331436000,51.0,2,51.0,13,51.2,3,2,2022-01-10 09:48:13
1641808095962386000,51.0,2,51.0,12,51.1,1,2,2022-01-10 09:48:15
1641808101843684000,51.0,2,51.0,11,51.1,3,2,2022-01-10 09:48:21
1641808112650123000,51.0,2,51.0,9,51.1,1,2,2022-01-10 09:48:32
1641808112707746000,51.0,2,51.0,7,51.1,1,2,2022-01-10 09:48:32
1641808116309436000,51.0,1,51.0,6,51.1,1,2,2022-01-10 09:48:36
1641808128533827000,51.0,1,51.0,6,51.1,1,2,2022-01-10 09:48:48
1641808135406858000,51.0,2,51.0,4,51.1,6,2,2022-01-10 09:48:55
1641808135429474000,51.0,4,50.9,24,51.1,6,2,2022-01-10 09:48:55
1641808138439639000,51.0,1,51.0,1,51.1,5,2,2022-01-10 09:48:58
1641808140909163000,51.0,1,51.0,1,51.1,6,2,2022-01-10 09:49:00
1641808140949177000,51.0,1,50.9,19,51.1,6,2,2022-01-10 09:49:00
1641808142893985000,51.0,2,51.0,3,51.1,6,1,2022-01-10 09:49:02
1641808142998702000,51.0,1,51.0,2,51.1,6,2,2022-01-10 09:49:02
1641808155925754000,51.0,1,51.0,7,51.1,8,2,2022-01-10 09:49:15
1641808168966826000,51.1,1,51.0,8,51.1,7,1,2022-01-10 09:49:28
1641808168993965000,51.0,8,50.9,19,51.1,7,2,2022-01-10 09:49:28
1641808180716644000,50.9,7,50.9,11,51.0,2,2,2022-01-10 09:49:40
1641808181954078000,51.0,1,50.9,11,51.0,1,1,2022-01-10 09:49:41
1641808182462407000,50.9,2,50.9,9,51.0,1,2,2022-01-10 09:49:42
1641808185395945000,51.0,1,50.9,9,51.1,7,1,2022-01-10 09:49:45
1641808193390293000,50.9,3,50.9,6,51.0,1,2,2022-01-10 09:49:53
1641808202813364000,50.9,1,50.9,6,51.0,5,2,2022-01-10 09:50:02
1641808207240324000,50.9,1,50.9,5,51.0,5,2,2022-01-10 09:50:07
1641808209788627000,51.0,5,50.9,5,51.1,2,1,2022-01-10 09:50:09
1641808209788627000,51.1,5,50.9,5,51.1,2,1,2022-01-10 09:50:09
1641808211859539000,50.9,1,50.9,4,51.1,2,2,2022-01-10 09:50:11
1641808217507092000,51.1,1,51.0,1,51.1,1,1,2022-01-10 09:50:17
1641808217844764000,51.0,1,50.9,5,51.0,4,2,2022-01-10 09:50:17
1641808224525974000,50.9,1,50.9,7,51.0,5,2,2022-01-10 09:50:24
1641808227670686000,51.0,1,50.9,9,51.0,4,1,2022-01-10 09:50:27
1641808230927463000,51.0,1,50.9,10,51.0,4,1,2022-01-10 09:50:30
1641808233000255000,51.0,1,50.9,11,51.0,3,1,2022-01-10 09:50:33
1641808233063995000,51.0,3,50.9,11,51.1,1,1,2022-01-10 09:50:33
1641808234186835000,51.0,1,50.9,11,51.1,1,2,2022-01-10 09:50:34
1641808242562658000,51.1,1,51.0,8,51.2,1,1,2022-01-10 09:50:42
1641808251447255000,51.1,3,51.1,3,51.2,2,2,2022-01-10 09:50:51
1641808251480750000,51.1,3,51.0,9,51.2,2,2,2022-01-10 09:50:51
1641808271324464000,51.2,3,51.1,1,51.2,2,1,2022-01-10 09:51:11
1641808280638522000,51.1,4,51.0,13,51.1,1,2,2022-01-10 09:51:20
1641808286376806000,51.1,1,51.0,13,51.1,4,1,2022-01-10 09:51:26
1641808289332291000,51.1,4,51.1,1,51.2,6,1,2022-01-10 09:51:29
1641808294689077000,51.1,1,51.0,14,51.2,7,2,2022-01-10 09:51:34
