ts,close,volume,bid_price,bid_volume,ask_price,ask_volume,tick_type,datetime
1654851729533383000,27.0,2284,27.0,86,27.05,27,1,2022-06-10 09:02:09
1654851729629861000,27.05,2,27.0,86,27.05,25,1,2022-06-10 09:02:09
1654851729653085000,27.05,20,27.0,86,27.05,5,1,2022-06-10 09:02:09
1654851729854630000,27.05,1,27.0,86,27.05,4,1,2022-06-10 09:02:09
1654851730373945000,27.05,4,27.0,89,27.1,37,1,2022-06-10 09:02:10
1654851730373945000,27.1,32,27.0,89,27.1,37,1,2022-06-10 09:02:10
1654851730412898000,27.1,3,27.0,89,27.1,34,1,2022-06-10 09:02:10
1654851731132490000,27.1,10,27.0,89,27.1,24,1,2022-06-10 09:02:11
1654851731319492000,27.1,10,27.0,89,27.1,14,1,2022-06-10 09:02:11
1654851731391705000,27.1,14,27.0,89,27.15,13,1,2022-06-10 09:02:11
1654851731391705000,27.15,2,27.0,89,27.15,13,1,2022-06-10 09:02:11
1654851731687657000,27.05,2,27.0,86,27.15,13,2,2022-06-10 09:02:11
1654851731687657000,27.0,3,27.0,86,27.15,13,2,2022-06-10 09:02:11
1654851731714807000,27.15,13,27.0,86,27.2,160,1,2022-06-10 09:02:11
1654851732042428000,27.2,10,27.15,10,27.2,150,1,2022-06-10 09:02:12
1654851732064274000,27.2,150,27.15,10,27.25,10,1,2022-06-10 09:02:12
1654851732719413000,27.25,5,27.2,15,27.25,5,1,2022-06-10 09:02:12
1654851732772112000,27.25,5,27.2,15,27.3,78,1,2022-06-10 09:02:12
1654851732772112000,27.3,5,27.2,15,27.3,78,1,2022-06-10 09:02:12
1654851732912677000,27.3,10,27.25,10,27.3,68,1,2022-06-10 09:02:12
1654851733234719000,27.25,1,27.25,19,27.3,67,2,2022-06-10 09:02:13
1654851733323125000,27.3,10,27.25,19,27.3,57,1,2022-06-10 09:02:13
1654851733391595000,27.3,15,27.25,19,27.3,37,1,2022-06-10 09:02:13
1654851733413129000,27.25,1,27.25,18,27.3,37,2,2022-06-10 09:02:13
1654851733853100000,27.25,2,27.25,16,27.3,37,2,2022-06-10 09:02:13
1654851733954186000,27.3,1,27.25,16,27.3,36,1,2022-06-10 09:02:13
1654851734184028000,27.3,1,27.25,10,27.3,35,1,2022-06-10 09:02:14
1654851734252116000,27.3,1,27.25,10,27.3,34,1,2022-06-10 09:02:14
1654851734484334000,27.3,5,27.25,10,27.3,29,1,2022-06-10 09:02:14
1654851734490162000,27.25,10,27.1,5,27.3,29,2,2022-06-10 09:02:14
1654851734490162000,27.2,5,27.1,5,27.3,29,2,2022-06-10 09:02:14
1654851734490162000,27.15,1,27.1,5,27.3,29,2,2022-06-10 09:02:14
1654851734490162000,27.1,5,27.1,5,27.3,29,2,2022-06-10 09:02:14
1654851734621696000,27.25,4,27.15,6,27.25,2,1,2022-06-10 09:02:14
1654851734651511000,27.25,2,27.15,6,27.3,29,1,2022-06-10 09:02:14
1654851734816480000,27.15,3,27.15,4,27.3,29,2,2022-06-10 09:02:14
1654851734843456000,27.3,1,27.15,4,27.3,28,1,2022-06-10 09:02:14
1654851735035834000,27.3,5,27.25,1,27.3,26,1,2022-06-10 09:02:15
1654851735069307000,27.25,1,27.15,4,27.25,9,2,2022-06-10 09:02:15
1654851735137011000,27.25,9,27.15,4,27.3,10,1,2022-06-10 09:02:15
1654851735137011000,27.3,16,27.15,4,27.3,10,1,2022-06-10 09:02:15
1654851735791745000,27.25,1,27.15,9,27.25,14,1,2022-06-10 09:02:15
1654851736074085000,27.25,2,27.2,3,27.25,12,1,2022-06-10 09:02:16
1654851736102425000,27.2,3,27.15,9,27.2,2,2,2022-06-10 09:02:16
1654851736212432000,27.2,1,27.15,9,27.2,1,1,2022-06-10 09:02:16
1654851736347204000,27.2,1,27.15,9,27.25,8,1,2022-06-10 09:02:16
1654851736347204000,27.25,4,27.15,9,27.25,8,1,2022-06-10 09:02:16
1654851736375232000,27.15,5,27.15,4,27.25,8,2,2022-06-10 09:02:16
1654851736381701000,27.25,8,27.15,4,27.3,58,1,2022-06-10 09:02:16
1654851736381701000,27.3,2,27.15,4,27.3,58,1,2022-06-10 09:02:16
1654851736546999000,27.3,1,27.15,4,27.3,57,1,2022-06-10 09:02:16
1654851736726820000,27.3,1,27.15,4,27.3,56,1,2022-06-10 09:02:16
1654851736771228000,27.15,4,27.05,16,27.15,6,2,2022-06-10 09:02:16
1654851737308776000,27.15,1,27.1,1,27.15,5,1,2022-06-10 09:02:17
1654851737471015000,27.15,2,27.1,1,27.15,3,1,2022-06-10 09:02:17
1654851737491029000,27.15,3,27.1,1,27.3,58,1,2022-06-10 09:02:17
1654851737602777000,27.25,1,27.15,4,27.25,3,1,2022-06-10 09:02:17
1654851737863460000,27.25,1,27.15,4,27.25,5,1,2022-06-10 09:02:17
1654851738052587000,27.25,1,27.15,4,27.25,16,1,2022-06-10 09:02:18
1654851738221738000,27.25,18,27.15,4,27.3,46,1,2022-06-10 09:02:18
1654851738221738000,27.3,12,27.15,4,27.3,46,1,2022-06-10 09:02:18
1654851738330242000,27.3,1,27.25,1,27.3,45,1,2022-06-10 09:02:18
1654851738353321000,27.3,1,27.25,1,27.3,44,1,2022-06-10 09:02:18
1654851738411179000,27.3,1,27.25,1,27.3,43,1,2022-06-10 09:02:18
1654851738437265000,27.25,1,27.15,4,27.25,33,2,2022-06-10 09:02:18
1654851738563731000,27.25,10,27.15,4,27.25,23,1,2022-06-10 09:02:18
1654851738629136000,27.15,3,27.15,1,27.2,10,2,2022-06-10 09:02:18
1654851738724576000,27.2,5,27.15,1,27.2,5,1,2022-06-10 09:02:18
1654851738746494000,27.2,1,27.15,1,27.2,4,1,2022-06-10 09:02:18
1654851738839521000,27.2,2,27.15,1,27.2,2,1,2022-06-10 09:02:18
1654851738892724000,27.2,1,27.15,1,27.2,1,1,2022-06-10 09:02:18
1654851738943971000,27.25,1,27.15,1,27.25,23,1,2022-06-10 09:02:18
1654851739293260000,27.25,1,27.15,2,27.25,23,1,2022-06-10 09:02:19
1654851739313628000,27.25,2,27.15,2,27.25,21,1,2022-06-10 09:02:19
1654851739485547000,27.25,10,27.15,12,27.25,11,1,2022-06-10 09:02:19
1654851739518897000,27.2,2,27.15,12,27.2,3,1,2022-06-10 09:02:19
1654851739528815000,27.2,1,27.15,12,27.2,2,1,2022-06-10 09:02:19
1654851739661767000,27.2,2,27.15,12,27.25,10,1,2022-06-10 09:02:19
1654851739661767000,27.25,1,27.15,12,27.25,10,1,2022-06-10 09:02:19
1654851739807850000,27.25,5,27.2,2,27.25,5,1,2022-06-10 09:02:19
1654851739818743000,27.25,1,27.2,2,27.25,4,1,2022-06-10 09:02:19
1654851739888535000,27.25,1,27.2,2,27.25,3,1,2022-06-10 09:02:19
1654851739997467000,27.25,1,27.2,2,27.25,2,1,2022-06-10 09:02:19
1654851740138001000,27.25,1,27.2,2,27.25,3,1,2022-06-10 09:02:20
1654851740515669000,27.2,2,27.15,13,27.25,3,2,2022-06-10 09:02:20
1654851740698226000,27.2,1,27.15,13,27.3,47,1,2022-06-10 09:02:20
1654851740698226000,27.25,3,27.15,13,27.3,47,1,2022-06-10 09:02:20
1654851740698226000,27.3,6,27.15,13,27.3,47,1,2022-06-10 09:02:20
1654851740981794000,27.3,3,27.2,1,27.3,47,1,2022-06-10 09:02:20
1654851740983906000,27.3,1,27.2,1,27.3,46,1,2022-06-10 09:02:20
1654851741004385000,27.3,2,27.2,1,27.3,44,1,2022-06-10 09:02:21
1654851741106042000,27.3,1,27.2,1,27.3,43,1,2022-06-10 09:02:21
1654851741395362000,27.3,1,27.2,1,27.3,44,1,2022-06-10 09:02:21
1654851741519697000,27.3,1,27.2,1,27.3,43,1,2022-06-10 09:02:21
1654851741704799000,27.3,5,27.2,6,27.3,38,1,2022-06-10 09:02:21
1654851741779825000,27.2,3,27.2,3,27.3,38,2,2022-06-10 09:02:21
1654851741844505000,27.25,1,27.2,3,27.3,38,1,2022-06-10 09:02:21
1654851742089055000,27.3,5,27.2,3,27.3,33,1,2022-06-10 09:02:22
1654851742242447000,27.3,2,27.25,2,27.3,31,1,2022-06-10 09:02:22
1654851742340945000,27.3,1,27.25,3,27.3,30,1,2022-06-10 09:02:22
1654851742381673000,27.3,9,27.25,3,27.3,21,1,2022-06-10 09:02:22
1654851742425806000,27.25,1,27.25,3,27.3,21,2,2022-06-10 09:02:22
1654851742852356000,27.25,1,27.25,7,27.3,21,2,2022-06-10 09:02:22
1654851742869130000,27.3,1,27.25,7,27.3,20,1,2022-06-10 09:02:22
1654851742983886000,27.3,1,27.25,7,27.3,19,1,2022-06-10 09:02:22
1654851743042614000,27.3,5,27.25,8,27.3,14,1,2022-06-10 09:02:23
1654851743109935000,27.3,10,27.25,8,27.3,4,1,2022-06-10 09:02:23
1654851743209080000,27.3,1,27.25,12,27.3,3,1,2022-06-10 09:02:23
1654851743244175000,27.3,3,27.25,12,27.35,17,1,2022-06-10 09:02:23
1654851743339607000,27.35,1,27.25,14,27.35,16,1,2022-06-10 09:02:23
1654851743657881000,27.35,1,27.25,21,27.35,15,1,2022-06-10 09:02:23
1654851743739945000,27.25,1,27.25,20,27.35,15,2,2022-06-10 09:02:23
1654851744155645000,27.35,5,27.3,2,27.35,15,1,2022-06-10 09:02:24
1654851744238891000,27.35,2,27.3,2,27.35,13,1,2022-06-10 09:02:24
1654851744514959000,27.35,1,27.3,4,27.35,12,1,2022-06-10 09:02:24
1654851744566803000,27.35,3,27.3,4,27.35,9,1,2022-06-10 09:02:24
1654851744570868000,27.35,2,27.3,4,27.35,7,1,2022-06-10 09:02:24
1654851744738380000,27.3,4,27.25,20,27.35,7,2,2022-06-10 09:02:24
1654851744738380000,27.25,2,27.25,20,27.35,7,2,2022-06-10 09:02:24
1654851745041401000,27.35,1,27.25,20,27.35,6,1,2022-06-10 09:02:25
1654851745135581000,27.25,3,27.25,17,27.35,6,2,2022-06-10 09:02:25
1654851745150229000,27.35,5,27.25,17,27.35,1,1,2022-06-10 09:02:25
1654851745319445000,27.25,2,27.25,15,27.35,1,2,2022-06-10 09:02:25
1654851745800873000,27.35,1,27.25,15,27.35,1,1,2022-06-10 09:02:25
1654851745901454000,27.4,10,27.25,16,27.4,73,1,2022-06-10 09:02:25
1654851746072850000,27.3,1,27.25,19,27.4,76,1,2022-06-10 09:02:26
1654851746077625000,27.4,1,27.25,19,27.4,75,1,2022-06-10 09:02:26
1654851746088354000,27.4,1,27.25,19,27.4,74,1,2022-06-10 09:02:26
1654851746108277000,27.4,1,27.25,19,27.4,73,1,2022-06-10 09:02:26
1654851746164970000,27.4,1,27.25,20,27.4,72,1,2022-06-10 09:02:26
1654851746165478000,27.4,1,27.25,20,27.4,71,1,2022-06-10 09:02:26
1654851746181535000,27.4,1,27.25,20,27.4,70,1,2022-06-10 09:02:26
1654851746186486000,27.4,1,27.25,20,27.4,69,1,2022-06-10 09:02:26
1654851746230609000,27.4,1,27.25,20,27.4,68,1,2022-06-10 09:02:26
1654851746476184000,27.4,1,27.25,20,27.4,67,1,2022-06-10 09:02:26
1654851746545942000,27.4,2,27.25,20,27.4,65,1,2022-06-10 09:02:26
1654851746641959000,27.4,1,27.25,20,27.4,64,1,2022-06-10 09:02:26
1654851746799377000,27.35,1,27.35,1,27.4,64,2,2022-06-10 09:02:26
1654851746849433000,27.35,1,27.3,10,27.4,64,2,2022-06-10 09:02:26
1654851747120923000,27.35,1,27.3,10,27.4,67,2,2022-06-10 09:02:27
1654851747514234000,27.4,1,27.35,1,27.4,66,1,2022-06-10 09:02:27
1654851747525198000,27.4,10,27.35,1,27.4,56,1,2022-06-10 09:02:27
1654851747683737000,27.35,1,27.3,11,27.4,56,2,2022-06-10 09:02:27
1654851748295820000,27.35,3,27.3,15,27.4,56,2,2022-06-10 09:02:28
1654851748333456000,27.4,5,27.3,15,27.4,51,1,2022-06-10 09:02:28
1654851748510707000,27.4,1,27.3,15,27.4,50,1,2022-06-10 09:02:28
1654851748653008000,27.3,1,27.3,18,27.4,50,2,2022-06-10 09:02:28
1654851748739061000,27.4,3,27.3,18,27.4,47,1,2022-06-10 09:02:28
1654851749105297000,27.35,6,27.3,20,27.4,33,1,2022-06-10 09:02:29
1654851749105297000,27.4,14,27.3,20,27.4,33,1,2022-06-10 09:02:29
1654851749305522000,27.4,10,27.3,20,27.4,23,1,2022-06-10 09:02:29
1654851749600810000,27.4,1,27.3,25,27.4,22,1,2022-06-10 09:02:29
1654851749643951000,27.3,1,27.3,24,27.4,22,2,2022-06-10 09:02:29
1654851749677328000,27.4,10,27.3,24,27.4,12,1,2022-06-10 09:02:29
1654851749948662000,27.35,1,27.3,24,27.35,5,1,2022-06-10 09:02:29
1654851750120891000,27.35,5,27.35,5,27.4,12,1,2022-06-10 09:02:30
1654851750140464000,27.4,9,27.35,5,27.4,3,1,2022-06-10 09:02:30
1654851750178070000,27.4,3,27.35,5,27.45,56,1,2022-06-10 09:02:30
1654851750178070000,27.45,17,27.35,5,27.45,56,1,2022-06-10 09:02:30
1654851750222417000,27.45,12,27.35,5,27.45,44,1,2022-06-10 09:02:30
1654851750349982000,27.4,1,27.3,22,27.45,44,2,2022-06-10 09:02:30
1654851750349982000,27.35,5,27.3,22,27.45,44,2,2022-06-10 09:02:30
1654851750349982000,27.3,2,27.3,22,27.45,44,2,2022-06-10 09:02:30
1654851750373557000,27.45,1,27.3,22,27.45,43,1,2022-06-10 09:02:30
1654851750857416000,27.4,2,27.25,15,27.45,45,2,2022-06-10 09:02:30
1654851750857416000,27.3,21,27.25,15,27.45,45,2,2022-06-10 09:02:30
1654851750857416000,27.25,15,27.25,15,27.45,45,2,2022-06-10 09:02:30
1654851750899092000,27.4,1,27.25,15,27.4,1,2,2022-06-10 09:02:30
1654851751134249000,27.4,1,27.25,15,27.45,36,1,2022-06-10 09:02:31
1654851751134249000,27.45,9,27.25,15,27.45,36,1,2022-06-10 09:02:31
1654851751420110000,27.35,1,27.25,15,27.35,1,1,2022-06-10 09:02:31
1654851751459480000,27.3,1,27.3,1,27.35,1,1,2022-06-10 09:02:31
1654851751472202000,27.3,1,27.25,14,27.35,1,2,2022-06-10 09:02:31
1654851751472202000,27.25,2,27.25,14,27.35,1,2,2022-06-10 09:02:31
1654851751597707000,27.35,1,27.35,4,27.45,34,1,2022-06-10 09:02:31
1654851751838060000,27.45,2,27.4,5,27.45,32,1,2022-06-10 09:02:31
1654851751848319000,27.4,2,27.4,3,27.45,32,2,2022-06-10 09:02:31
1654851751960225000,27.45,32,27.4,3,27.5,137,1,2022-06-10 09:02:31
1654851751960225000,27.5,6,27.4,3,27.5,137,1,2022-06-10 09:02:31
1654851752355401000,27.5,2,27.4,3,27.5,137,1,2022-06-10 09:02:32
1654851752389188000,27.4,3,27.35,54,27.5,137,2,2022-06-10 09:02:32
1654851752586133000,27.45,1,27.35,55,27.5,137,2,2022-06-10 09:02:32
1654851752681551000,27.5,1,27.4,5,27.5,188,1,2022-06-10 09:02:32
1654851752848370000,27.4,1,27.4,4,27.5,188,2,2022-06-10 09:02:32
1654851753024361000,27.4,4,27.35,55,27.4,1,2,2022-06-10 09:02:33
1654851753262670000,27.4,12,27.35,55,27.4,9,1,2022-06-10 09:02:33
1654851753312080000,27.4,9,27.35,55,27.5,134,1,2022-06-10 09:02:33
1654851753312080000,27.5,5,27.35,55,27.5,134,1,2022-06-10 09:02:33
1654851753589392000,27.4,1,27.4,2,27.5,134,1,2022-06-10 09:02:33
1654851753632251000,27.4,2,27.35,65,27.5,134,2,2022-06-10 09:02:33
1654851753733397000,27.5,2,27.35,65,27.5,132,1,2022-06-10 09:02:33
1654851753786492000,27.5,2,27.35,65,27.5,130,1,2022-06-10 09:02:33
1654851754258751000,27.5,1,27.4,2,27.5,129,1,2022-06-10 09:02:34
1654851754285966000,27.4,2,27.35,66,27.5,129,2,2022-06-10 09:02:34
1654851754374486000,27.5,1,27.45,1,27.5,128,1,2022-06-10 09:02:34
1654851754468500000,27.45,1,27.35,66,27.5,128,2,2022-06-10 09:02:34
1654851754578530000,27.5,1,27.35,67,27.5,127,1,2022-06-10 09:02:34
1654851754975242000,27.5,1,27.4,23,27.5,126,1,2022-06-10 09:02:34
1654851754976745000,27.5,25,27.4,23,27.5,101,1,2022-06-10 09:02:34
1654851754992425000,27.4,1,27.4,22,27.5,101,2,2022-06-10 09:02:34
1654851755118807000,27.5,1,27.4,22,27.5,100,1,2022-06-10 09:02:35
1654851755217723000,27.4,1,27.4,21,27.45,1,2,2022-06-10 09:02:35
1654851755264326000,27.45,1,27.4,21,27.5,100,1,2022-06-10 09:02:35
1654851755413969000,27.5,1,27.4,21,27.5,99,1,2022-06-10 09:02:35
1654851755567683000,27.45,1,27.4,22,27.5,99,1,2022-06-10 09:02:35
1654851755681271000,27.45,5,27.4,22,27.5,99,1,2022-06-10 09:02:35
1654851755727366000,27.5,1,27.4,22,27.5,98,1,2022-06-10 09:02:35
1654851755760246000,27.5,5,27.4,22,27.5,93,1,2022-06-10 09:02:35
1654851755878630000,27.5,1,27.4,22,27.5,95,1,2022-06-10 09:02:35
1654851755908727000,27.5,10,27.45,1,27.5,85,1,2022-06-10 09:02:35
1654851755933727000,27.5,1,27.45,1,27.5,84,1,2022-06-10 09:02:35
1654851756004116000,27.5,1,27.45,1,27.5,83,1,2022-06-10 09:02:36
1654851756032583000,27.5,1,27.45,1,27.5,82,1,2022-06-10 09:02:36
1654851756105890000,27.5,5,27.45,1,27.5,77,1,2022-06-10 09:02:36
1654851756130982000,27.5,1,27.45,1,27.5,76,1,2022-06-10 09:02:36
1654851756194681000,27.5,1,27.45,1,27.5,75,1,2022-06-10 09:02:36
1654851756455049000,27.5,1,27.45,1,27.5,74,1,2022-06-10 09:02:36
1654851756464772000,27.5,1,27.45,1,27.5,73,1,2022-06-10 09:02:36
1654851756475458000,27.5,1,27.45,1,27.5,72,1,2022-06-10 09:02:36
1654851756492550000,27.45,1,27.4,30,27.45,2,2,2022-06-10 09:02:36
1654851756493980000,27.45,1,27.4,30,27.45,1,1,2022-06-10 09:02:36
1654851756506295000,27.45,1,27.4,30,27.45,1,1,2022-06-10 09:02:36
1654851756534721000,27.45,1,27.4,30,27.5,72,1,2022-06-10 09:02:36
1654851756629422000,27.4,3,27.4,27,27.5,72,2,2022-06-10 09:02:36
1654851756661209000,27.5,10,27.4,27,27.5,62,1,2022-06-10 09:02:36
1654851756853731000,27.5,1,27.4,28,27.5,82,1,2022-06-10 09:02:36
1654851756926061000,27.5,2,27.4,33,27.5,80,1,2022-06-10 09:02:36
1654851756989138000,27.5,10,27.4,33,27.5,70,1,2022-06-10 09:02:36
1654851757029900000,27.5,1,27.4,33,27.5,69,1,2022-06-10 09:02:37
1654851757070097000,27.5,10,27.4,33,27.5,59,1,2022-06-10 09:02:37
1654851757130858000,27.5,1,27.4,33,27.5,37,1,2022-06-10 09:02:37
1654851757231923000,27.5,2,27.4,33,27.5,35,1,2022-06-10 09:02:37
1654851757637173000,27.5,10,27.45,2,27.5,26,1,2022-06-10 09:02:37
1654851757663258000,27.5,1,27.45,2,27.5,25,1,2022-06-10 09:02:37
1654851757775411000,27.45,2,27.4,25,27.5,25,2,2022-06-10 09:02:37
1654851757775411000,27.4,8,27.4,25,27.5,25,2,2022-06-10 09:02:37
1654851758196226000,27.5,10,27.45,1,27.5,15,1,2022-06-10 09:02:38
1654851758203317000,27.5,6,27.45,1,27.5,9,1,2022-06-10 09:02:38
1654851758218586000,27.5,9,27.45,1,27.55,73,1,2022-06-10 09:02:38
1654851758218586000,27.55,1,27.45,1,27.55,73,1,2022-06-10 09:02:38
1654851758282308000,27.55,8,27.45,1,27.55,65,1,2022-06-10 09:02:38
1654851758444632000,27.5,3,27.5,12,27.55,65,2,2022-06-10 09:02:38
1654851758881039000,27.55,5,27.5,20,27.55,61,1,2022-06-10 09:02:38
1654851759238598000,27.5,1,27.5,22,27.55,61,2,2022-06-10 09:02:39
1654851759274482000,27.55,1,27.5,23,27.55,60,1,2022-06-10 09:02:39
1654851759283138000,27.5,5,27.5,18,27.55,60,2,2022-06-10 09:02:39
1654851759384585000,27.55,2,27.5,23,27.55,58,1,2022-06-10 09:02:39
1654851759449222000,27.55,2,27.5,25,27.55,56,1,2022-06-10 09:02:39
1654851759478912000,27.55,1,27.5,25,27.55,55,1,2022-06-10 09:02:39
1654851759717695000,27.5,3,27.5,25,27.55,55,2,2022-06-10 09:02:39
1654851759724391000,27.55,5,27.5,25,27.55,50,1,2022-06-10 09:02:39
1654851759816960000,27.5,11,27.5,17,27.55,50,2,2022-06-10 09:02:39
1654851759864406000,27.5,3,27.5,16,27.55,50,2,2022-06-10 09:02:39
1654851759885856000,27.5,3,27.5,13,27.55,50,2,2022-06-10 09:02:39
1654851760070359000,27.55,2,27.5,13,27.55,49,1,2022-06-10 09:02:40
1654851760071385000,27.55,5,27.5,13,27.55,44,1,2022-06-10 09:02:40
1654851760097683000,27.5,10,27.5,3,27.55,44,2,2022-06-10 09:02:40
1654851760158902000,27.55,1,27.5,4,27.55,43,1,2022-06-10 09:02:40
1654851760184762000,27.55,5,27.5,4,27.55,38,1,2022-06-10 09:02:40
1654851760493802000,27.5,9,27.45,6,27.5,41,2,2022-06-10 09:02:40
1654851760627488000,27.5,2,27.45,6,27.5,40,1,2022-06-10 09:02:40
1654851760697098000,27.45,5,27.45,1,27.5,40,2,2022-06-10 09:02:40
1654851760766669000,27.5,10,27.45,1,27.5,30,1,2022-06-10 09:02:40
1654851760915561000,27.45,1,27.4,46,27.45,9,2,2022-06-10 09:02:40
1654851760935088000,27.45,1,27.4,46,27.45,8,1,2022-06-10 09:02:40
1654851761062071000,27.45,2,27.4,46,27.45,7,1,2022-06-10 09:02:41
1654851761144788000,27.45,5,27.4,46,27.45,2,1,2022-06-10 09:02:41
1654851761378007000,27.4,10,27.4,36,27.45,21,2,2022-06-10 09:02:41
1654851761378724000,27.45,1,27.4,36,27.45,20,1,2022-06-10 09:02:41
1654851761384648000,27.45,1,27.4,36,27.45,19,1,2022-06-10 09:02:41
1654851761547387000,27.45,1,27.4,36,27.45,19,1,2022-06-10 09:02:41
1654851761679049000,27.45,19,27.4,36,27.5,37,1,2022-06-10 09:02:41
1654851761679049000,27.5,1,27.4,36,27.5,37,1,2022-06-10 09:02:41
1654851761734576000,27.4,1,27.4,35,27.5,37,2,2022-06-10 09:02:41
1654851761767341000,27.5,1,27.45,1,27.5,36,1,2022-06-10 09:02:41
1654851761783455000,27.5,10,27.45,1,27.5,26,1,2022-06-10 09:02:41
1654851761823910000,27.45,1,27.4,35,27.45,8,2,2022-06-10 09:02:41
1654851761881065000,27.4,2,27.4,33,27.45,11,2,2022-06-10 09:02:41
1654851761919817000,27.4,5,27.4,28,27.45,11,2,2022-06-10 09:02:41
1654851761986776000,27.45,7,27.4,28,27.45,4,1,2022-06-10 09:02:41
1654851761990823000,27.45,4,27.4,28,27.5,26,1,2022-06-10 09:02:41
1654851761998374000,27.4,1,27.4,27,27.5,26,2,2022-06-10 09:02:41
1654851762021534000,27.45,1,27.4,27,27.5,26,2,2022-06-10 09:02:42
1654851762211637000,27.45,1,27.4,27,27.45,53,1,2022-06-10 09:02:42
1654851762418812000,27.45,1,27.4,28,27.45,52,1,2022-06-10 09:02:42
1654851762517979000,27.4,10,27.4,18,27.45,52,2,2022-06-10 09:02:42
1654851762564023000,27.45,1,27.4,18,27.45,51,1,2022-06-10 09:02:42
1654851762584553000,27.45,1,27.4,18,27.45,50,1,2022-06-10 09:02:42
1654851762690000000,27.45,1,27.4,18,27.45,50,1,2022-06-10 09:02:42
1654851762713974000,27.45,1,27.4,18,27.45,49,1,2022-06-10 09:02:42
1654851762715320000,27.45,1,27.4,18,27.45,48,1,2022-06-10 09:02:42
1654851762794643000,27.4,10,27.4,8,27.45,53,2,2022-06-10 09:02:42
1654851762823075000,27.4,8,27.35,97,27.45,53,2,2022-06-10 09:02:42
1654851762888618000,27.35,4,27.35,93,27.45,82,2,2022-06-10 09:02:42
1654851762985741000,27.4,1,27.35,94,27.4,9,1,2022-06-10 09:02:42
1654851763002341000,27.4,1,27.35,94,27.4,8,1,2022-06-10 09:02:43
1654851763086469000,27.4,6,27.35,94,27.4,2,1,2022-06-10 09:02:43
1654851763142936000,27.4,1,27.35,94,27.4,1,1,2022-06-10 09:02:43
1654851763185879000,27.4,1,27.35,94,27.45,82,1,2022-06-10 09:02:43
1654851763467585000,27.45,1,27.35,94,27.45,62,1,2022-06-10 09:02:43
1654851763537714000,27.35,10,27.35,84,27.45,62,2,2022-06-10 09:02:43
1654851763747645000,27.4,2,27.35,84,27.4,1,1,2022-06-10 09:02:43
1654851763770890000,27.4,1,27.35,84,27.45,62,1,2022-06-10 09:02:43
1654851763808054000,27.45,3,27.35,84,27.45,59,1,2022-06-10 09:02:43
1654851763866687000,27.45,1,27.4,1,27.45,58,1,2022-06-10 09:02:43
1654851763971597000,27.4,1,27.35,84,27.4,9,2,2022-06-10 09:02:43
1654851764140377000,27.4,1,27.35,84,27.4,8,1,2022-06-10 09:02:44
1654851764142063000,27.4,2,27.35,84,27.4,6,1,2022-06-10 09:02:44
1654851764164758000,27.4,6,27.4,24,27.45,58,1,2022-06-10 09:02:44
1654851764264768000,27.45,1,27.4,24,27.45,57,1,2022-06-10 09:02:44
1654851764644634000,27.45,1,27.4,25,27.45,56,1,2022-06-10 09:02:44
1654851764850954000,27.4,1,27.4,29,27.45,46,2,2022-06-10 09:02:44
1654851764985198000,27.45,10,27.4,29,27.45,39,1,2022-06-10 09:02:44
1654851765091969000,27.45,10,27.4,29,27.45,29,1,2022-06-10 09:02:45
1654851765117317000,27.45,2,27.4,44,27.45,27,1,2022-06-10 09:02:45
1654851765178916000,27.4,1,27.4,43,27.45,27,2,2022-06-10 09:02:45
1654851765331790000,27.45,1,27.4,43,27.45,26,1,2022-06-10 09:02:45
1654851765403450000,27.45,2,27.4,44,27.45,24,1,2022-06-10 09:02:45
1654851765583284000,27.45,20,27.4,44,27.45,4,1,2022-06-10 09:02:45
1654851765608750000,27.45,4,27.4,44,27.5,55,1,2022-06-10 09:02:45
1654851765727006000,27.5,10,27.4,44,27.5,45,1,2022-06-10 09:02:45
1654851766214689000,27.5,10,27.45,20,27.5,35,1,2022-06-10 09:02:46
1654851766254314000,27.45,4,27.45,16,27.5,35,2,2022-06-10 09:02:46
1654851766258905000,27.5,1,27.45,16,27.5,34,1,2022-06-10 09:02:46
1654851766337024000,27.5,20,27.45,16,27.5,14,1,2022-06-10 09:02:46
1654851766547456000,27.5,1,27.45,16,27.5,13,1,2022-06-10 09:02:46
1654851766692827000,27.5,1,27.45,17,27.5,13,1,2022-06-10 09:02:46
1654851766707907000,27.5,13,27.45,17,27.55,43,1,2022-06-10 09:02:46
1654851766707907000,27.55,7,27.45,17,27.55,43,1,2022-06-10 09:02:46
1654851766711958000,27.45,10,27.45,7,27.55,43,2,2022-06-10 09:02:46
1654851766763071000,27.45,1,27.45,6,27.55,43,2,2022-06-10 09:02:46
1654851766876636000,27.45,4,27.45,4,27.5,16,2,2022-06-10 09:02:46
1654851767151198000,27.45,1,27.45,5,27.5,16,2,2022-06-10 09:02:47
1654851767326648000,27.45,1,27.45,4,27.5,16,2,2022-06-10 09:02:47
1654851767334835000,27.5,16,27.45,4,27.55,30,1,2022-06-10 09:02:47
1654851767334835000,27.55,14,27.45,4,27.55,30,1,2022-06-10 09:02:47
1654851767345422000,27.45,1,27.45,3,27.55,30,2,2022-06-10 09:02:47
1654851767354810000,27.55,1,27.45,3,27.55,29,1,2022-06-10 09:02:47
1654851768139487000,27.5,2,27.4,50,27.45,18,2,2022-06-10 09:02:48
1654851768139487000,27.45,10,27.4,50,27.45,18,2,2022-06-10 09:02:48
1654851768220481000,27.45,5,27.4,50,27.45,13,1,2022-06-10 09:02:48
1654851768385183000,27.45,1,27.4,50,27.45,12,1,2022-06-10 09:02:48
1654851768401127000,27.4,1,27.4,49,27.45,12,2,2022-06-10 09:02:48
1654851768447875000,27.45,10,27.4,49,27.45,2,1,2022-06-10 09:02:48
1654851768460792000,27.45,2,27.5,4,27.55,32,1,2022-06-10 09:02:48
1654851768566857000,27.55,10,27.5,4,27.55,22,1,2022-06-10 09:02:48
1654851768632666000,27.55,10,27.5,4,27.55,12,1,2022-06-10 09:02:48
1654851768892983000,27.5,1,27.5,3,27.55,12,2,2022-06-10 09:02:48
1654851768902951000,27.5,2,27.5,1,27.55,12,2,2022-06-10 09:02:48
1654851769829199000,27.5,3,27.5,6,27.55,15,2,2022-06-10 09:02:49
1654851770153748000,27.5,1,27.5,7,27.55,15,2,2022-06-10 09:02:50
1654851770178199000,27.55,1,27.5,7,27.55,14,1,2022-06-10 09:02:50
1654851770301735000,27.55,14,27.5,7,27.6,80,1,2022-06-10 09:02:50
1654851770301735000,27.6,1,27.5,7,27.6,80,1,2022-06-10 09:02:50
1654851770380624000,27.5,1,27.5,6,27.6,180,2,2022-06-10 09:02:50
1654851770435777000,27.6,4,27.5,6,27.6,176,1,2022-06-10 09:02:50
1654851770549660000,27.5,5,27.5,1,27.6,176,2,2022-06-10 09:02:50
1654851770600310000,27.6,8,27.5,3,27.6,171,1,2022-06-10 09:02:50
1654851770783032000,27.6,2,27.5,3,27.6,169,1,2022-06-10 09:02:50
1654851771543686000,27.55,1,27.45,12,27.6,162,2,2022-06-10 09:02:51
1654851771543686000,27.5,3,27.45,12,27.6,162,2,2022-06-10 09:02:51
1654851771587455000,27.45,4,27.45,8,27.6,162,2,2022-06-10 09:02:51
1654851771644567000,27.6,1,27.45,8,27.6,161,1,2022-06-10 09:02:51
1654851771982400000,27.5,1,27.5,9,27.6,161,1,2022-06-10 09:02:51
1654851772204977000,27.55,1,27.45,4,27.6,161,2,2022-06-10 09:02:52
1654851772204977000,27.5,9,27.45,4,27.6,161,2,2022-06-10 09:02:52
1654851772204977000,27.45,5,27.45,4,27.6,161,2,2022-06-10 09:02:52
1654851772473621000,27.5,1,27.45,4,27.55,5,2,2022-06-10 09:02:52
1654851772953330000,27.5,1,27.5,4,27.55,19,2,2022-06-10 09:02:52
1654851773566714000,27.55,4,27.5,6,27.55,30,1,2022-06-10 09:02:53
1654851773585921000,27.55,2,27.5,6,27.55,28,1,2022-06-10 09:02:53
1654851773605852000,27.5,6,27.45,6,27.5,4,2,2022-06-10 09:02:53
1654851773625850000,27.5,4,27.5,6,27.55,28,1,2022-06-10 09:02:53
1654851773807884000,27.5,6,27.45,6,27.5,24,2,2022-06-10 09:02:53
1654851773894497000,27.45,2,27.45,4,27.5,27,2,2022-06-10 09:02:53
1654851774390948000,27.5,1,27.45,6,27.5,28,1,2022-06-10 09:02:54
1654851774549164000,27.5,1,27.45,6,27.5,28,1,2022-06-10 09:02:54
1654851774696434000,27.5,2,27.45,6,27.5,26,1,2022-06-10 09:02:54
1654851774896972000,27.5,10,27.45,6,27.5,16,1,2022-06-10 09:02:54
1654851775152402000,27.45,1,27.45,6,27.5,18,2,2022-06-10 09:02:55
1654851775441310000,27.45,5,27.45,1,27.5,18,2,2022-06-10 09:02:55
1654851775485164000,27.5,1,27.45,1,27.5,17,1,2022-06-10 09:02:55
1654851775734346000,27.5,1,27.45,1,27.5,18,1,2022-06-10 09:02:55
1654851775905917000,27.5,5,27.45,1,27.5,15,1,2022-06-10 09:02:55
1654851775961309000,27.5,1,27.45,2,27.5,14,1,2022-06-10 09:02:55
1654851776001688000,27.5,5,27.45,2,27.5,9,1,2022-06-10 09:02:56
1654851776250102000,27.5,3,27.45,4,27.5,7,1,2022-06-10 09:02:56
1654851776495658000,27.5,1,27.45,6,27.5,7,1,2022-06-10 09:02:56
1654851776787184000,27.5,1,27.45,7,27.5,7,1,2022-06-10 09:02:56
1654851776967058000,27.5,1,27.45,9,27.5,9,1,2022-06-10 09:02:56
1654851777136879000,27.5,1,27.45,9,27.5,30,1,2022-06-10 09:02:57
1654851777284221000,27.5,1,27.45,12,27.5,29,1,2022-06-10 09:02:57
1654851777661344000,27.5,20,27.45,13,27.5,12,1,2022-06-10 09:02:57
1654851777689994000,27.5,1,27.45,13,27.5,11,1,2022-06-10 09:02:57
1654851777740362000,27.5,1,27.45,14,27.5,10,1,2022-06-10 09:02:57
1654851777766699000,27.5,2,27.45,14,27.5,8,1,2022-06-10 09:02:57
1654851777790788000,27.45,1,27.45,13,27.5,8,2,2022-06-10 09:02:57
1654851777800723000,27.45,5,27.45,8,27.5,13,2,2022-06-10 09:02:57
1654851778110949000,27.45,1,27.45,17,27.5,33,2,2022-06-10 09:02:58
1654851778122993000,27.45,2,27.45,15,27.5,33,2,2022-06-10 09:02:58
1654851778142828000,27.5,3,27.45,15,27.5,30,1,2022-06-10 09:02:58
1654851778287571000,27.5,1,27.45,15,27.5,30,1,2022-06-10 09:02:58
1654851778294525000,27.5,1,27.45,15,27.5,29,1,2022-06-10 09:02:58
1654851778300117000,27.5,1,27.45,15,27.5,28,1,2022-06-10 09:02:58
1654851778371277000,27.5,3,27.45,15,27.5,25,1,2022-06-10 09:02:58
1654851778417031000,27.5,1,27.45,15,27.5,25,1,2022-06-10 09:02:58
1654851778503488000,27.45,1,27.45,15,27.5,25,2,2022-06-10 09:02:58
1654851778910959000,27.45,1,27.45,19,27.5,25,2,2022-06-10 09:02:58
1654851778933053000,27.45,9,27.45,10,27.5,25,2,2022-06-10 09:02:58
1654851779203451000,27.45,1,27.45,10,27.5,27,2,2022-06-10 09:02:59
1654851779227154000,27.5,1,27.45,10,27.5,26,1,2022-06-10 09:02:59
1654851779474182000,27.45,2,27.45,34,27.5,26,2,2022-06-10 09:02:59
1654851779676006000,27.5,4,27.45,34,27.5,22,1,2022-06-10 09:02:59
1654851779780815000,27.45,15,27.45,22,27.5,38,2,2022-06-10 09:02:59
1654851779972320000,27.5,42,27.45,25,27.55,118,1,2022-06-10 09:02:59
1654851779972320000,27.55,5,27.45,25,27.55,118,1,2022-06-10 09:02:59
1654851780131241000,27.55,5,27.5,2,27.55,113,1,2022-06-10 09:03:00
1654851780139386000,27.55,3,27.5,3,27.55,110,1,2022-06-10 09:03:00
1654851780534235000,27.55,2,27.5,9,27.55,110,1,2022-06-10 09:03:00
1654851780652767000,27.5,10,27.5,1,27.55,110,2,2022-06-10 09:03:00
1654851780795242000,27.5,4,27.45,32,27.55,110,2,2022-06-10 09:03:00
1654851780795242000,27.45,6,27.45,32,27.55,110,2,2022-06-10 09:03:00
1654851780826079000,27.45,2,27.45,30,27.55,111,2,2022-06-10 09:03:00
1654851780901391000,27.55,3,27.45,30,27.55,115,1,2022-06-10 09:03:00
1654851780992552000,27.45,5,27.45,31,27.55,115,2,2022-06-10 09:03:00
1654851781510868000,27.5,2,27.45,36,27.5,2,1,2022-06-10 09:03:01
1654851781556085000,27.5,1,27.45,37,27.5,1,1,2022-06-10 09:03:01
1654851781654330000,27.45,1,27.45,41,27.5,23,2,2022-06-10 09:03:01
1654851781757195000,27.5,2,27.45,41,27.5,21,1,2022-06-10 09:03:01
1654851781886717000,27.5,1,27.45,42,27.5,20,1,2022-06-10 09:03:01
1654851782263316000,27.5,1,27.45,43,27.5,19,1,2022-06-10 09:03:02
1654851782552784000,27.5,6,27.45,46,27.5,33,1,2022-06-10 09:03:02
1654851782629820000,27.5,1,27.45,46,27.5,32,1,2022-06-10 09:03:02
1654851782745502000,27.45,32,27.45,14,27.5,32,2,2022-06-10 09:03:02
1654851783229094000,27.5,1,27.45,16,27.5,43,1,2022-06-10 09:03:03
1654851783230002000,27.45,1,27.45,15,27.5,43,2,2022-06-10 09:03:03
1654851783375708000,27.5,15,27.45,15,27.5,24,1,2022-06-10 09:03:03
1654851783416990000,27.5,5,27.45,15,27.5,19,1,2022-06-10 09:03:03
1654851783444320000,27.45,1,27.45,14,27.5,19,2,2022-06-10 09:03:03
1654851783630488000,27.45,10,27.45,5,27.5,21,2,2022-06-10 09:03:03
1654851783838216000,27.5,1,27.45,6,27.5,20,1,2022-06-10 09:03:03
1654851784022330000,27.5,1,27.45,6,27.5,19,1,2022-06-10 09:03:04
1654851784101467000,27.45,1,27.45,5,27.5,20,2,2022-06-10 09:03:04
1654851784117256000,27.45,5,27.4,78,27.5,20,2,2022-06-10 09:03:04
1654851784186470000,27.5,1,27.4,86,27.5,19,1,2022-06-10 09:03:04
1654851784274237000,27.45,5,27.4,93,27.5,20,2,2022-06-10 09:03:04
1654851784274237000,27.4,3,27.4,93,27.5,20,2,2022-06-10 09:03:04
1654851784295588000,27.5,1,27.4,93,27.5,19,1,2022-06-10 09:03:04
1654851784349506000,27.4,1,27.4,92,27.5,19,2,2022-06-10 09:03:04
1654851784884909000,27.4,38,27.4,54,27.45,1,2,2022-06-10 09:03:04
1654851784913996000,27.45,1,27.4,54,27.5,10,1,2022-06-10 09:03:04
1654851784913996000,27.5,9,27.4,54,27.5,10,1,2022-06-10 09:03:04
1654851785006157000,27.45,1,27.4,54,27.45,3,1,2022-06-10 09:03:05
1654851785199711000,27.45,1,27.4,54,27.45,12,1,2022-06-10 09:03:05
1654851785268646000,27.45,1,27.4,54,27.45,11,1,2022-06-10 09:03:05
1654851785458790000,27.45,2,27.4,54,27.45,9,1,2022-06-10 09:03:05
1654851785590370000,27.45,1,27.4,54,27.45,8,1,2022-06-10 09:03:05
1654851785726733000,27.45,1,27.4,54,27.45,7,1,2022-06-10 09:03:05
1654851785735053000,27.45,3,27.4,54,27.45,4,1,2022-06-10 09:03:05
1654851785856989000,27.45,4,27.45,6,27.5,67,1,2022-06-10 09:03:05
1654851785887010000,27.45,3,27.45,3,27.5,67,2,2022-06-10 09:03:05
1654851785887389000,27.45,3,27.4,54,27.5,67,2,2022-06-10 09:03:05
1654851785889511000,27.5,1,27.4,54,27.5,66,1,2022-06-10 09:03:05
1654851787529924000,27.45,1,27.4,54,27.45,51,1,2022-06-10 09:03:07
1654851787719121000,27.4,5,27.4,49,27.45,51,2,2022-06-10 09:03:07
1654851787744272000,27.4,20,27.4,29,27.45,51,2,2022-06-10 09:03:07
1654851787759348000,27.45,5,27.4,29,27.45,46,1,2022-06-10 09:03:07
1654851787825785000,27.4,1,27.4,28,27.45,46,2,2022-06-10 09:03:07
1654851788044726000,27.45,5,27.4,38,27.45,41,1,2022-06-10 09:03:08
1654851788167468000,27.4,1,27.4,37,27.45,43,2,2022-06-10 09:03:08
1654851788289002000,27.45,2,27.4,37,27.45,41,1,2022-06-10 09:03:08
1654851788340036000,27.45,1,27.4,37,27.45,40,1,2022-06-10 09:03:08
1654851788456522000,27.4,30,27.4,7,27.45,40,2,2022-06-10 09:03:08
1654851788618415000,27.4,9,27.35,39,27.4,21,2,2022-06-10 09:03:08
1654851788739033000,27.4,2,27.35,39,27.4,19,1,2022-06-10 09:03:08
1654851788761492000,27.4,10,27.35,39,27.4,9,1,2022-06-10 09:03:08
1654851788764113000,27.4,1,27.35,39,27.4,8,1,2022-06-10 09:03:08
1654851788918704000,27.4,1,27.35,39,27.4,20,1,2022-06-10 09:03:08
1654851789036470000,27.4,1,27.35,39,27.4,19,1,2022-06-10 09:03:09
1654851789281409000,27.4,1,27.35,39,27.4,18,1,2022-06-10 09:03:09
1654851789560376000,27.4,2,27.35,39,27.4,20,1,2022-06-10 09:03:09
1654851789809830000,27.4,1,27.35,39,27.4,21,1,2022-06-10 09:03:09
1654851789818326000,27.35,11,27.35,28,27.4,21,2,2022-06-10 09:03:09
1654851790048362000,27.4,1,27.35,29,27.4,20,1,2022-06-10 09:03:10
1654851790410788000,27.4,1,27.35,29,27.4,24,1,2022-06-10 09:03:10
1654851790453093000,27.4,10,27.35,29,27.4,14,1,2022-06-10 09:03:10
1654851790556250000,27.4,1,27.35,30,27.4,13,1,2022-06-10 09:03:10
1654851790597122000,27.4,3,27.35,30,27.4,10,1,2022-06-10 09:03:10
1654851791115004000,27.35,2,27.35,28,27.4,13,2,2022-06-10 09:03:11
1654851791139211000,27.4,1,27.35,28,27.4,12,1,2022-06-10 09:03:11
1654851791630800000,27.4,5,27.35,28,27.4,8,1,2022-06-10 09:03:11
1654851792128436000,27.35,10,27.35,18,27.4,21,2,2022-06-10 09:03:12
1654851792251775000,27.4,1,27.35,17,27.4,20,1,2022-06-10 09:03:12
1654851792268279000,27.35,4,27.35,13,27.4,20,2,2022-06-10 09:03:12
1654851792341789000,27.4,5,27.35,13,27.4,15,1,2022-06-10 09:03:12
1654851792498435000,27.35,4,27.35,9,27.4,17,2,2022-06-10 09:03:12
1654851792515322000,27.4,1,27.35,9,27.4,16,1,2022-06-10 09:03:12
1654851792624175000,27.35,4,27.35,5,27.4,16,2,2022-06-10 09:03:12
1654851792657156000,27.4,6,27.35,5,27.4,10,1,2022-06-10 09:03:12
1654851792676269000,27.4,1,27.35,5,27.4,9,1,2022-06-10 09:03:12
1654851792770673000,27.35,1,27.35,5,27.4,4,2,2022-06-10 09:03:12
1654851793204073000,27.35,2,27.35,5,27.4,5,2,2022-06-10 09:03:13
1654851793235072000,27.35,1,27.35,4,27.4,5,2,2022-06-10 09:03:13
1654851793239939000,27.4,1,27.35,4,27.4,4,1,2022-06-10 09:03:13
1654851793433556000,27.4,1,27.35,4,27.4,4,1,2022-06-10 09:03:13
1654851793812762000,27.4,1,27.35,4,27.4,3,1,2022-06-10 09:03:13
1654851793879783000,27.4,1,27.35,4,27.4,2,1,2022-06-10 09:03:13
1654851793934476000,27.35,4,27.3,32,27.4,7,2,2022-06-10 09:03:13
1654851793934476000,27.3,1,27.3,32,27.4,7,2,2022-06-10 09:03:13
1654851794107322000,27.4,1,27.3,36,27.4,9,1,2022-06-10 09:03:14
1654851794145380000,27.3,5,27.3,31,27.4,9,2,2022-06-10 09:03:14
1654851794310540000,27.4,3,27.3,31,27.4,6,1,2022-06-10 09:03:14
1654851794934813000,27.3,2,27.3,29,27.4,9,2,2022-06-10 09:03:14
1654851794974893000,27.4,1,27.3,29,27.4,8,1,2022-06-10 09:03:14
1654851795744732000,27.4,3,27.3,29,27.4,5,1,2022-06-10 09:03:15
1654851795784748000,27.3,10,27.3,17,27.4,5,2,2022-06-10 09:03:15
1654851796079716000,27.35,1,27.3,13,27.4,10,1,2022-06-10 09:03:16
1654851796210531000,27.3,13,27.2,12,27.35,1,2,2022-06-10 09:03:16
1654851796210531000,27.25,17,27.2,12,27.35,1,2,2022-06-10 09:03:16
1654851796254727000,27.35,1,27.2,27,27.4,11,1,2022-06-10 09:03:16
1654851796397127000,27.35,1,27.25,4,27.35,53,1,2022-06-10 09:03:16
1654851796543769000,27.25,4,27.2,27,27.35,53,2,2022-06-10 09:03:16
1654851796566816000,27.35,1,27.2,27,27.35,52,1,2022-06-10 09:03:16
1654851796837718000,27.35,10,27.2,27,27.35,45,1,2022-06-10 09:03:16
1654851796927658000,27.2,4,27.2,23,27.35,45,2,2022-06-10 09:03:16
1654851797096527000,27.2,2,27.2,22,27.35,45,2,2022-06-10 09:03:17
1654851797197315000,27.2,2,27.2,20,27.35,45,2,2022-06-10 09:03:17
1654851797656330000,27.25,2,27.25,3,27.35,45,2,2022-06-10 09:03:17
1654851797800072000,27.35,3,27.3,5,27.35,42,1,2022-06-10 09:03:17
1654851797886140000,27.3,2,27.3,3,27.35,42,2,2022-06-10 09:03:17
1654851798052918000,27.3,1,27.3,2,27.35,45,2,2022-06-10 09:03:18
1654851799956514000,27.3,2,27.25,11,27.35,66,2,2022-06-10 09:03:19
1654851799956514000,27.25,2,27.25,11,27.35,66,2,2022-06-10 09:03:19
1654851800093478000,27.25,1,27.25,10,27.35,66,2,2022-06-10 09:03:20
1654851800141797000,27.35,5,27.25,10,27.35,61,1,2022-06-10 09:03:20
1654851800371837000,27.25,4,27.25,6,27.35,61,2,2022-06-10 09:03:20
1654851801063848000,27.25,1,27.25,5,27.3,5,2,2022-06-10 09:03:21
1654851801621694000,27.25,1,27.25,4,27.3,8,2,2022-06-10 09:03:21
1654851801802295000,27.25,4,27.2,30,27.3,16,2,2022-06-10 09:03:21
1654851802126018000,27.3,1,27.2,34,27.3,16,1,2022-06-10 09:03:22
1654851802437513000,27.2,1,27.2,33,27.25,2,2,2022-06-10 09:03:22
1654851802712581000,27.25,2,27.2,33,27.3,13,1,2022-06-10 09:03:22
1654851803520147000,27.25,3,27.2,33,27.3,13,1,2022-06-10 09:03:23
1654851804044908000,27.2,1,27.2,34,27.3,16,2,2022-06-10 09:03:24
1654851804174261000,27.3,10,27.2,34,27.3,6,1,2022-06-10 09:03:24
1654851804399241000,27.2,4,27.2,30,27.3,6,2,2022-06-10 09:03:24
1654851804680537000,27.25,1,27.25,5,27.3,6,2,2022-06-10 09:03:24
1654851804938411000,27.3,7,27.25,10,27.35,26,1,2022-06-10 09:03:24
1654851804938411000,27.35,13,27.25,10,27.35,26,1,2022-06-10 09:03:24
1654851805066108000,27.25,1,27.25,9,27.35,26,2,2022-06-10 09:03:25
1654851805108678000,27.25,1,27.25,8,27.35,26,2,2022-06-10 09:03:25
1654851805327390000,27.25,8,27.2,45,27.35,26,2,2022-06-10 09:03:25
1654851805327390000,27.2,2,27.2,45,27.35,26,2,2022-06-10 09:03:25
1654851806089125000,27.25,2,27.25,6,27.3,12,2,2022-06-10 09:03:26
1654851806269979000,27.3,1,27.25,6,27.3,13,1,2022-06-10 09:03:26
1654851807252228000,27.25,1,27.25,36,27.3,17,2,2022-06-10 09:03:27
1654851807284212000,27.25,20,27.25,16,27.3,17,2,2022-06-10 09:03:27
1654851807284394000,27.25,11,27.25,5,27.3,17,2,2022-06-10 09:03:27
1654851807663046000,27.25,2,27.25,4,27.3,17,2,2022-06-10 09:03:27
1654851808170122000,27.25,2,27.25,2,27.3,17,2,2022-06-10 09:03:28
1654851808300946000,27.25,2,27.2,50,27.3,17,2,2022-06-10 09:03:28
1654851808316179000,27.3,3,27.2,50,27.3,14,1,2022-06-10 09:03:28
1654851808344253000,27.3,10,27.2,50,27.3,4,1,2022-06-10 09:03:28
1654851808405334000,27.3,4,27.2,50,27.35,27,1,2022-06-10 09:03:28
1654851808740439000,27.25,5,27.25,1,27.3,20,2,2022-06-10 09:03:28
1654851808895224000,27.25,1,27.2,50,27.3,20,2,2022-06-10 09:03:28
1654851809032234000,27.3,5,27.25,5,27.3,15,1,2022-06-10 09:03:29
1654851809711172000,27.3,10,27.25,5,27.3,5,1,2022-06-10 09:03:29
1654851809742099000,27.3,5,27.25,5,27.35,27,1,2022-06-10 09:03:29
1654851809796514000,27.25,1,27.25,4,27.35,27,2,2022-06-10 09:03:29
1654851810135991000,27.25,3,27.25,3,27.35,31,2,2022-06-10 09:03:30
1654851810205179000,27.25,1,27.25,2,27.3,2,2,2022-06-10 09:03:30
1654851810240124000,27.25,2,27.2,55,27.3,2,2,2022-06-10 09:03:30
1654851810312808000,27.3,2,27.3,3,27.35,31,1,2022-06-10 09:03:30
1654851810775581000,27.35,1,27.3,23,27.35,30,1,2022-06-10 09:03:30
1654851810829490000,27.3,5,27.3,18,27.35,30,2,2022-06-10 09:03:30
1654851811130539000,27.35,10,27.3,18,27.35,20,1,2022-06-10 09:03:31
1654851811423982000,27.35,10,27.3,18,27.35,10,1,2022-06-10 09:03:31
1654851812136975000,27.35,5,27.3,19,27.35,6,1,2022-06-10 09:03:32
1654851812181023000,27.3,1,27.3,18,27.35,6,2,2022-06-10 09:03:32
1654851812261343000,27.35,1,27.3,18,27.35,5,1,2022-06-10 09:03:32
1654851812476025000,27.35,5,27.3,18,27.4,25,1,2022-06-10 09:03:32
1654851812539308000,27.4,5,27.3,18,27.4,22,1,2022-06-10 09:03:32
1654851812964621000,27.35,2,27.3,18,27.35,12,2,2022-06-10 09:03:32
1654851812975585000,27.35,11,27.3,18,27.35,1,1,2022-06-10 09:03:32
1654851812999700000,27.35,1,27.3,18,27.4,25,1,2022-06-10 09:03:32
1654851813202708000,27.3,1,27.3,17,27.4,25,2,2022-06-10 09:03:33
1654851813390342000,27.35,5,27.35,5,27.4,25,2,2022-06-10 09:03:33
1654851813550200000,27.4,2,27.35,5,27.4,23,1,2022-06-10 09:03:33
1654851813768260000,27.35,5,27.3,2,27.4,23,2,2022-06-10 09:03:33
1654851813768260000,27.3,15,27.3,2,27.4,23,2,2022-06-10 09:03:33
1654851813994554000,27.3,1,27.3,1,27.4,23,2,2022-06-10 09:03:33
1654851814187666000,27.4,4,27.3,1,27.4,19,1,2022-06-10 09:03:34
1654851814212798000,27.4,5,27.3,1,27.4,14,1,2022-06-10 09:03:34
1654851814675359000,27.3,1,27.3,16,27.4,10,2,2022-06-10 09:03:34
1654851814842583000,27.4,10,27.3,16,27.45,28,1,2022-06-10 09:03:34
1654851814842583000,27.45,11,27.3,16,27.45,28,1,2022-06-10 09:03:34
1654851815556501000,27.4,1,27.4,10,27.45,28,2,2022-06-10 09:03:35
1654851815645342000,27.45,1,27.4,10,27.45,27,1,2022-06-10 09:03:35
1654851815709141000,27.45,5,27.4,10,27.45,22,1,2022-06-10 09:03:35
1654851816047216000,27.45,1,27.4,10,27.45,24,1,2022-06-10 09:03:36
1654851816166787000,27.4,1,27.4,9,27.45,24,2,2022-06-10 09:03:36
1654851816485058000,27.45,10,27.4,9,27.45,14,1,2022-06-10 09:03:36
1654851816745421000,27.4,1,27.4,8,27.45,14,2,2022-06-10 09:03:36
1654851816759099000,27.45,1,27.4,8,27.45,13,1,2022-06-10 09:03:36
1654851816774996000,27.45,1,27.4,8,27.45,12,1,2022-06-10 09:03:36
1654851817228319000,27.45,2,27.4,8,27.45,10,1,2022-06-10 09:03:37
1654851817323471000,27.45,4,27.4,8,27.45,6,1,2022-06-10 09:03:37
1654851817352703000,27.45,1,27.4,8,27.45,5,1,2022-06-10 09:03:37
1654851817363369000,27.45,5,27.4,8,27.5,108,1,2022-06-10 09:03:37
1654851817441783000,27.5,3,27.4,8,27.5,105,1,2022-06-10 09:03:37
1654851817855067000,27.45,1,27.4,8,27.5,104,1,2022-06-10 09:03:37
1654851817855067000,27.5,1,27.4,8,27.5,104,1,2022-06-10 09:03:37
1654851818210518000,27.45,5,27.45,5,27.5,104,2,2022-06-10 09:03:38
1654851818308590000,27.45,4,27.45,1,27.5,104,2,2022-06-10 09:03:38
1654851818426247000,27.5,5,27.45,1,27.5,99,1,2022-06-10 09:03:38
1654851818455245000,27.45,1,27.4,11,27.5,99,2,2022-06-10 09:03:38
1654851818490701000,27.5,1,27.4,11,27.5,98,1,2022-06-10 09:03:38
1654851818579493000,27.5,5,27.4,11,27.5,93,1,2022-06-10 09:03:38
1654851818601935000,27.5,5,27.4,11,27.5,88,1,2022-06-10 09:03:38
1654851818717724000,27.4,2,27.4,9,27.5,88,2,2022-06-10 09:03:38
1654851819022067000,27.5,1,27.4,9,27.5,90,1,2022-06-10 09:03:39
1654851819121767000,27.5,20,27.4,9,27.5,70,1,2022-06-10 09:03:39
1654851819192867000,27.5,1,27.4,9,27.5,69,1,2022-06-10 09:03:39
1654851819246416000,27.4,2,27.4,7,27.5,69,2,2022-06-10 09:03:39
1654851819321077000,27.5,1,27.4,7,27.5,68,1,2022-06-10 09:03:39
1654851819458171000,27.5,1,27.4,10,27.5,67,1,2022-06-10 09:03:39
1654851819550896000,27.5,38,27.4,10,27.5,29,1,2022-06-10 09:03:39
1654851819569415000,27.5,13,27.4,10,27.5,16,1,2022-06-10 09:03:39
1654851819602351000,27.5,1,27.4,10,27.5,15,1,2022-06-10 09:03:39
1654851819647713000,27.5,1,27.4,10,27.5,14,1,2022-06-10 09:03:39
1654851819733160000,27.45,1,27.4,10,27.45,5,1,2022-06-10 09:03:39
1654851819751587000,27.45,1,27.4,10,27.45,4,1,2022-06-10 09:03:39
1654851819876026000,27.45,1,27.4,20,27.45,3,1,2022-06-10 09:03:39
1654851820003989000,27.45,3,27.4,20,27.5,7,1,2022-06-10 09:03:40
1654851820003989000,27.5,7,27.4,20,27.5,7,1,2022-06-10 09:03:40
1654851820487118000,27.5,5,27.45,2,27.5,2,1,2022-06-10 09:03:40
1654851820509164000,27.5,1,27.45,2,27.5,1,1,2022-06-10 09:03:40
1654851820520775000,27.5,1,27.5,14,27.55,53,1,2022-06-10 09:03:40
1654851820803876000,27.55,1,27.5,14,27.55,52,1,2022-06-10 09:03:40
1654851821007840000,27.55,3,27.5,14,27.55,49,1,2022-06-10 09:03:41
1654851821087013000,27.55,30,27.5,16,27.55,19,1,2022-06-10 09:03:41
1654851821123765000,27.55,2,27.5,16,27.55,17,1,2022-06-10 09:03:41
1654851821178233000,27.55,1,27.5,16,27.55,16,1,2022-06-10 09:03:41
1654851821351832000,27.55,5,27.5,16,27.55,11,1,2022-06-10 09:03:41
1654851821355493000,27.55,10,27.5,16,27.55,1,1,2022-06-10 09:03:41
1654851821356271000,27.5,16,27.45,9,27.5,4,2,2022-06-10 09:03:41
1654851821396165000,27.5,1,27.45,9,27.5,3,1,2022-06-10 09:03:41
1654851821535635000,27.5,3,27.45,9,27.6,60,1,2022-06-10 09:03:41
1654851821535635000,27.55,1,27.45,9,27.6,60,1,2022-06-10 09:03:41
1654851821535635000,27.6,1,27.45,9,27.6,60,1,2022-06-10 09:03:41
1654851821664582000,27.6,5,27.5,2,27.6,58,1,2022-06-10 09:03:41
1654851822106168000,27.6,2,27.55,5,27.6,59,1,2022-06-10 09:03:42
1654851822142194000,27.55,5,27.5,7,27.55,5,2,2022-06-10 09:03:42
1654851822275571000,27.55,2,27.5,7,27.55,3,1,2022-06-10 09:03:42
1654851822351254000,27.55,3,27.55,2,27.6,59,1,2022-06-10 09:03:42
1654851822360975000,27.55,1,27.55,1,27.6,59,2,2022-06-10 09:03:42
1654851822381152000,27.55,1,27.5,7,27.6,59,2,2022-06-10 09:03:42
1654851822597832000,27.6,2,27.5,17,27.6,49,1,2022-06-10 09:03:42
1654851822833984000,27.5,1,27.5,18,27.55,1,2,2022-06-10 09:03:42
1654851822962185000,27.55,1,27.5,19,27.6,45,1,2022-06-10 09:03:42
1654851822962185000,27.6,4,27.5,19,27.6,45,1,2022-06-10 09:03:42
1654851823108712000,27.6,1,27.5,19,27.6,44,1,2022-06-10 09:03:43
1654851823202396000,27.5,2,27.5,17,27.6,44,2,2022-06-10 09:03:43
1654851823236199000,27.6,1,27.5,17,27.6,43,1,2022-06-10 09:03:43
1654851823241863000,27.6,1,27.5,17,27.6,42,1,2022-06-10 09:03:43
1654851823389797000,27.6,1,27.5,19,27.6,41,1,2022-06-10 09:03:43
1654851823527615000,27.6,1,27.5,21,27.6,40,1,2022-06-10 09:03:43
1654851823855167000,27.55,1,27.5,21,27.6,38,1,2022-06-10 09:03:43
1654851823855167000,27.6,2,27.5,21,27.6,38,1,2022-06-10 09:03:43
1654851823914880000,27.6,1,27.5,21,27.6,37,1,2022-06-10 09:03:43
1654851824068186000,27.6,1,27.55,1,27.6,36,1,2022-06-10 09:03:44
1654851824224276000,27.6,1,27.55,3,27.6,35,1,2022-06-10 09:03:44
1654851824325977000,27.6,2,27.55,3,27.6,33,1,2022-06-10 09:03:44
1654851824410359000,27.6,5,27.55,3,27.6,28,1,2022-06-10 09:03:44
1654851824411855000,27.6,2,27.55,3,27.6,26,1,2022-06-10 09:03:44
1654851824535506000,27.6,25,27.55,3,27.6,1,1,2022-06-10 09:03:44
1654851824570215000,27.6,1,27.55,3,27.65,32,1,2022-06-10 09:03:44
1654851825263160000,27.6,1,27.6,4,27.65,35,2,2022-06-10 09:03:45
1654851825362074000,27.65,2,27.6,4,27.65,33,1,2022-06-10 09:03:45
1654851825466835000,27.6,1,27.6,3,27.65,33,2,2022-06-10 09:03:45
1654851825527438000,27.65,1,27.6,3,27.65,32,1,2022-06-10 09:03:45
1654851825539187000,27.65,1,27.6,3,27.65,31,1,2022-06-10 09:03:45
1654851825910996000,27.65,1,27.6,3,27.65,30,1,2022-06-10 09:03:45
1654851826128186000,27.65,1,27.6,4,27.65,29,1,2022-06-10 09:03:46
1654851826250310000,27.65,5,27.6,4,27.65,24,1,2022-06-10 09:03:46
1654851826348681000,27.65,5,27.6,4,27.65,19,1,2022-06-10 09:03:46
1654851826796973000,27.65,2,27.6,5,27.65,17,1,2022-06-10 09:03:46
1654851826879888000,27.65,1,27.6,5,27.65,16,1,2022-06-10 09:03:46
1654851827009877000,27.65,15,27.6,9,27.65,1,1,2022-06-10 09:03:47
1654851827028767000,27.65,1,27.6,9,27.7,65,1,2022-06-10 09:03:47
1654851827658262000,27.7,1,27.65,3,27.7,66,1,2022-06-10 09:03:47
1654851827682799000,27.7,8,27.65,3,27.7,58,1,2022-06-10 09:03:47
1654851827698736000,27.65,1,27.65,2,27.7,58,2,2022-06-10 09:03:47
1654851827955762000,27.7,1,27.65,14,27.7,60,1,2022-06-10 09:03:47
1654851828105287000,27.7,1,27.65,14,27.7,59,1,2022-06-10 09:03:48
1654851828240440000,27.7,1,27.65,14,27.7,58,1,2022-06-10 09:03:48
1654851828306171000,27.7,30,27.65,14,27.7,28,1,2022-06-10 09:03:48
1654851828397884000,27.7,1,27.65,14,27.7,27,1,2022-06-10 09:03:48
1654851828407080000,27.7,1,27.65,14,27.7,26,1,2022-06-10 09:03:48
1654851828431673000,27.7,26,27.7,4,27.75,36,1,2022-06-10 09:03:48
1654851828444387000,27.7,4,27.65,14,27.7,1,2,2022-06-10 09:03:48
1654851828470534000,27.7,1,27.65,14,27.75,36,1,2022-06-10 09:03:48
1654851829259451000,27.7,3,27.7,1,27.75,44,2,2022-06-10 09:03:49
1654851829292161000,27.7,1,27.65,15,27.75,44,2,2022-06-10 09:03:49
1654851829621771000,27.7,4,27.65,16,27.75,38,1,2022-06-10 09:03:49
1654851829621771000,27.75,6,27.65,16,27.75,38,1,2022-06-10 09:03:49
1654851829622368000,27.75,1,27.65,16,27.75,37,1,2022-06-10 09:03:49
1654851829651595000,27.75,10,27.65,16,27.75,27,1,2022-06-10 09:03:49
1654851829756964000,27.75,4,27.65,16,27.75,23,1,2022-06-10 09:03:49
1654851829808763000,27.75,3,27.65,16,27.75,20,1,2022-06-10 09:03:49
1654851829839032000,27.75,5,27.65,16,27.75,15,1,2022-06-10 09:03:49
1654851829900291000,27.7,1,27.65,17,27.7,14,2,2022-06-10 09:03:49
1654851829967241000,27.7,10,27.65,17,27.7,4,1,2022-06-10 09:03:49
1654851830118134000,27.7,1,27.65,17,27.7,3,1,2022-06-10 09:03:50
1654851830204639000,27.7,1,27.65,17,27.7,11,1,2022-06-10 09:03:50
1654851830836705000,27.7,4,27.65,18,27.7,22,1,2022-06-10 09:03:50
1654851830856152000,27.65,5,27.65,13,27.7,22,2,2022-06-10 09:03:50
1654851830984755000,27.65,10,27.65,3,27.7,25,2,2022-06-10 09:03:50
1654851831254597000,27.65,1,27.65,2,27.7,19,2,2022-06-10 09:03:51
1654851831328620000,27.7,2,27.65,2,27.7,17,1,2022-06-10 09:03:51
1654851831537383000,27.7,2,27.65,3,27.7,15,1,2022-06-10 09:03:51
1654851831602443000,27.7,1,27.65,3,27.7,14,1,2022-06-10 09:03:51
1654851831656455000,27.65,3,27.6,4,27.7,14,2,2022-06-10 09:03:51
1654851831656455000,27.6,17,27.6,4,27.7,14,2,2022-06-10 09:03:51
1654851831706706000,27.65,10,27.6,4,27.65,1,1,2022-06-10 09:03:51
1654851831738021000,27.65,1,27.6,4,27.7,14,1,2022-06-10 09:03:51
1654851831856196000,27.65,1,27.6,5,27.65,1,2,2022-06-10 09:03:51
1654851831914554000,27.65,1,27.6,5,27.7,14,1,2022-06-10 09:03:51
1654851831997001000,27.7,10,27.6,5,27.7,4,1,2022-06-10 09:03:51
1654851832144562000,27.7,2,27.6,8,27.7,2,1,2022-06-10 09:03:52
1654851832159355000,27.65,2,27.6,8,27.65,1,1,2022-06-10 09:03:52
1654851832180179000,27.65,1,27.6,8,27.7,2,1,2022-06-10 09:03:52
1654851832255388000,27.65,2,27.6,8,27.65,8,2,2022-06-10 09:03:52
1654851832324019000,27.65,3,27.6,8,27.65,5,1,2022-06-10 09:03:52
1654851832338444000,27.6,5,27.6,3,27.65,5,2,2022-06-10 09:03:52
1654851832392351000,27.65,1,27.6,3,27.65,4,1,2022-06-10 09:03:52
1654851832542691000,27.65,1,27.6,3,27.65,25,1,2022-06-10 09:03:52
1654851832620604000,27.65,1,27.6,3,27.65,24,1,2022-06-10 09:03:52
1654851832683543000,27.65,1,27.6,3,27.65,23,1,2022-06-10 09:03:52
1654851833002979000,27.6,2,27.6,1,27.65,23,2,2022-06-10 09:03:53
1654851833067548000,27.65,3,27.6,1,27.65,20,1,2022-06-10 09:03:53
1654851833277725000,27.65,10,27.6,1,27.65,35,1,2022-06-10 09:03:53
1654851833295459000,27.6,1,27.55,41,27.6,4,2,2022-06-10 09:03:53
1654851833324155000,27.6,4,27.55,41,27.65,34,1,2022-06-10 09:03:53
1654851833324155000,27.65,1,27.55,41,27.65,34,1,2022-06-10 09:03:53
1654851833337132000,27.65,3,27.55,41,27.65,31,1,2022-06-10 09:03:53
1654851833692127000,27.6,1,27.55,41,27.6,4,1,2022-06-10 09:03:53
1654851833769437000,27.6,1,27.55,41,27.6,3,1,2022-06-10 09:03:53
1654851834067299000,27.6,3,27.55,40,27.6,23,1,2022-06-10 09:03:54
1654851834091626000,27.6,10,27.55,40,27.6,21,1,2022-06-10 09:03:54
1654851834167879000,27.6,1,27.55,40,27.6,40,1,2022-06-10 09:03:54
1654851834225630000,27.6,3,27.55,40,27.6,37,1,2022-06-10 09:03:54
1654851834372321000,27.6,2,27.55,40,27.6,37,1,2022-06-10 09:03:54
1654851834504649000,27.6,1,27.55,40,27.6,66,1,2022-06-10 09:03:54
1654851834603583000,27.55,1,27.55,39,27.6,66,2,2022-06-10 09:03:54
1654851834756742000,27.6,20,27.55,39,27.6,51,1,2022-06-10 09:03:54
1654851835216424000,27.55,5,27.55,34,27.6,55,2,2022-06-10 09:03:55
1654851835250862000,27.55,30,27.55,4,27.6,55,2,2022-06-10 09:03:55
1654851835287961000,27.55,4,27.5,24,27.6,55,2,2022-06-10 09:03:55
1654851835430017000,27.6,12,27.5,24,27.6,43,1,2022-06-10 09:03:55
1654851835485933000,27.6,10,27.5,24,27.6,33,1,2022-06-10 09:03:55
1654851835512080000,27.6,1,27.5,24,27.6,32,1,2022-06-10 09:03:55
1654851835519649000,27.6,1,27.5,24,27.6,31,1,2022-06-10 09:03:55
1654851835626094000,27.6,1,27.5,24,27.6,30,1,2022-06-10 09:03:55
1654851835764448000,27.6,1,27.5,24,27.6,29,1,2022-06-10 09:03:55
1654851835992490000,27.55,2,27.5,24,27.6,31,1,2022-06-10 09:03:55
1654851835992490000,27.6,48,27.5,24,27.6,31,1,2022-06-10 09:03:55
1654851836423815000,27.5,24,27.4,40,27.55,4,2,2022-06-10 09:03:56
1654851836423815000,27.45,13,27.4,40,27.55,4,2,2022-06-10 09:03:56
1654851836423815000,27.4,1,27.4,40,27.55,4,2,2022-06-10 09:03:56
1654851836667983000,27.55,2,27.4,40,27.55,7,1,2022-06-10 09:03:56
1654851836799212000,27.55,1,27.4,40,27.55,6,1,2022-06-10 09:03:56
1654851837322731000,27.55,1,27.4,40,27.55,20,1,2022-06-10 09:03:57
1654851837384047000,27.55,20,27.4,40,27.6,41,1,2022-06-10 09:03:57
1654851837524307000,27.55,3,27.45,3,27.6,41,1,2022-06-10 09:03:57
1654851837854883000,27.55,2,27.5,3,27.55,3,1,2022-06-10 09:03:57
1654851838117413000,27.55,1,27.5,3,27.55,5,1,2022-06-10 09:03:58
1654851838157922000,27.55,1,27.5,4,27.55,4,1,2022-06-10 09:03:58
1654851838227236000,27.5,2,27.5,2,27.55,4,2,2022-06-10 09:03:58
1654851838324504000,27.5,1,27.5,1,27.55,9,2,2022-06-10 09:03:58
1654851838714651000,27.55,1,27.5,1,27.55,18,1,2022-06-10 09:03:58
1654851838825493000,27.55,1,27.5,1,27.55,17,1,2022-06-10 09:03:58
1654851839122350000,27.55,1,27.5,1,27.55,26,1,2022-06-10 09:03:59
1654851839267999000,27.55,1,27.5,20,27.55,25,1,2022-06-10 09:03:59
1654851839304322000,27.5,9,27.5,11,27.55,25,2,2022-06-10 09:03:59
1654851839311855000,27.55,2,27.5,11,27.55,23,1,2022-06-10 09:03:59
1654851839660419000,27.5,3,27.5,8,27.55,23,2,2022-06-10 09:03:59
1654851839796154000,27.55,3,27.5,8,27.55,20,1,2022-06-10 09:03:59
1654851839950058000,27.55,1,27.5,8,27.55,23,1,2022-06-10 09:03:59
1654851839973865000,27.5,1,27.5,7,27.55,23,2,2022-06-10 09:03:59
1654851840196562000,27.55,3,27.5,7,27.55,20,1,2022-06-10 09:04:00
1654851840282081000,27.5,2,27.5,5,27.55,20,2,2022-06-10 09:04:00
1654851840564771000,27.5,1,27.5,4,27.55,20,2,2022-06-10 09:04:00
1654851840609686000,27.55,1,27.5,4,27.55,19,1,2022-06-10 09:04:00
1654851840868708000,27.55,4,27.5,4,27.55,15,1,2022-06-10 09:04:00
1654851841037370000,27.55,1,27.5,4,27.55,14,1,2022-06-10 09:04:01
1654851841124301000,27.55,1,27.5,4,27.55,13,1,2022-06-10 09:04:01
1654851841251557000,27.55,1,27.5,6,27.55,12,1,2022-06-10 09:04:01
1654851841324747000,27.5,1,27.5,5,27.55,12,2,2022-06-10 09:04:01
1654851841339100000,27.55,1,27.5,5,27.55,11,1,2022-06-10 09:04:01
1654851841402191000,27.55,1,27.5,5,27.55,10,1,2022-06-10 09:04:01
1654851841522927000,27.55,10,27.5,5,27.6,36,1,2022-06-10 09:04:01
1654851841522927000,27.6,10,27.5,5,27.6,36,1,2022-06-10 09:04:01
1654851842810370000,27.6,20,27.5,11,27.6,17,1,2022-06-10 09:04:02
1654851843169618000,27.6,5,27.55,2,27.6,17,1,2022-06-10 09:04:03
1654851843305432000,27.6,1,27.55,2,27.6,16,1,2022-06-10 09:04:03
1654851843462867000,27.6,1,27.55,14,27.6,15,1,2022-06-10 09:04:03
1654851843602090000,27.6,1,27.55,14,27.6,14,1,2022-06-10 09:04:03
1654851843839823000,27.55,1,27.55,13,27.6,14,2,2022-06-10 09:04:03
1654851844124640000,27.55,2,27.55,11,27.6,14,2,2022-06-10 09:04:04
1654851844156956000,27.55,1,27.55,10,27.6,14,2,2022-06-10 09:04:04
1654851844171076000,27.55,2,27.55,8,27.6,14,2,2022-06-10 09:04:04
1654851844198503000,27.6,10,27.55,8,27.6,4,1,2022-06-10 09:04:04
1654851844374089000,27.55,1,27.55,7,27.6,5,2,2022-06-10 09:04:04
1654851844489940000,27.55,7,27.5,32,27.6,5,2,2022-06-10 09:04:04
1654851845414321000,27.55,10,27.5,39,27.65,60,1,2022-06-10 09:04:05
1654851845414321000,27.6,5,27.5,39,27.65,60,1,2022-06-10 09:04:05
1654851845414321000,27.65,5,27.5,39,27.65,60,1,2022-06-10 09:04:05
1654851845483519000,27.65,10,27.5,39,27.65,50,1,2022-06-10 09:04:05
1654851846423585000,27.6,1,27.55,8,27.65,53,2,2022-06-10 09:04:06
1654851846516309000,27.65,3,27.55,8,27.65,50,1,2022-06-10 09:04:06
1654851846694226000,27.65,2,27.55,9,27.65,48,1,2022-06-10 09:04:06
1654851847101251000,27.6,1,27.6,10,27.65,48,2,2022-06-10 09:04:07
1654851847822102000,27.6,1,27.6,9,27.65,48,2,2022-06-10 09:04:07
1654851848236313000,27.65,2,27.6,9,27.65,46,1,2022-06-10 09:04:08
1654851848359888000,27.6,1,27.6,8,27.65,46,2,2022-06-10 09:04:08
1654851848575010000,27.6,1,27.6,7,27.65,46,2,2022-06-10 09:04:08
1654851848632694000,27.6,5,27.6,2,27.65,46,2,2022-06-10 09:04:08
1654851848948785000,27.65,1,27.6,4,27.65,58,1,2022-06-10 09:04:08
1654851848980139000,27.6,1,27.6,3,27.65,58,2,2022-06-10 09:04:08
1654851849092321000,27.65,1,27.6,3,27.65,57,1,2022-06-10 09:04:09
1654851849232033000,27.65,1,27.6,3,27.65,56,1,2022-06-10 09:04:09
1654851849250650000,27.65,1,27.6,3,27.65,55,1,2022-06-10 09:04:09
1654851849382033000,27.65,1,27.6,3,27.65,54,1,2022-06-10 09:04:09
1654851849425961000,27.65,10,27.6,3,27.65,44,1,2022-06-10 09:04:09
1654851849604445000,27.6,2,27.6,1,27.65,44,2,2022-06-10 09:04:09
1654851849866284000,27.65,1,27.6,1,27.65,43,1,2022-06-10 09:04:09
1654851850372782000,27.6,1,27.55,52,27.65,43,2,2022-06-10 09:04:10
1654851850758960000,27.65,1,27.6,2,27.65,42,1,2022-06-10 09:04:10
1654851850766068000,27.65,1,27.6,2,27.65,41,1,2022-06-10 09:04:10
1654851850901657000,27.65,1,27.6,3,27.65,40,1,2022-06-10 09:04:10
1654851850904138000,27.65,1,27.6,3,27.65,39,1,2022-06-10 09:04:10
1654851851390911000,27.65,1,27.6,3,27.65,28,1,2022-06-10 09:04:11
1654851851449671000,27.6,1,27.6,2,27.65,28,2,2022-06-10 09:04:11
1654851851643204000,27.65,2,27.6,3,27.65,26,1,2022-06-10 09:04:11
1654851852205054000,27.6,1,27.6,4,27.65,29,2,2022-06-10 09:04:12
1654851852488421000,27.6,1,27.6,3,27.65,29,2,2022-06-10 09:04:12
1654851852518876000,27.65,2,27.6,3,27.65,27,1,2022-06-10 09:04:12
1654851853032483000,27.6,3,27.6,11,27.65,27,2,2022-06-10 09:04:13
1654851853353462000,27.65,5,27.6,11,27.65,28,1,2022-06-10 09:04:13
1654851853454500000,27.65,1,27.6,11,27.65,27,1,2022-06-10 09:04:13
1654851853918739000,27.65,5,27.6,11,27.65,16,1,2022-06-10 09:04:13
1654851853935770000,27.6,1,27.6,10,27.65,16,2,2022-06-10 09:04:13
1654851854639908000,27.65,1,27.6,11,27.65,15,1,2022-06-10 09:04:14
1654851854653744000,27.6,2,27.6,9,27.65,15,2,2022-06-10 09:04:14
1654851855187647000,27.65,2,27.6,9,27.65,16,1,2022-06-10 09:04:15
1654851855434810000,27.65,2,27.6,9,27.65,14,1,2022-06-10 09:04:15
1654851855782597000,27.65,2,27.6,9,27.65,12,1,2022-06-10 09:04:15
1654851856087591000,27.6,1,27.6,14,27.65,32,2,2022-06-10 09:04:16
1654851856428010000,27.65,1,27.6,16,27.65,31,1,2022-06-10 09:04:16
1654851856571122000,27.65,1,27.6,16,27.65,30,1,2022-06-10 09:04:16
1654851856664628000,27.6,3,27.6,13,27.65,30,2,2022-06-10 09:04:16
1654851857763474000,27.6,1,27.6,12,27.65,35,2,2022-06-10 09:04:17
1654851857928775000,27.65,5,27.6,12,27.65,34,1,2022-06-10 09:04:17
1654851858059123000,27.6,6,27.6,7,27.65,34,2,2022-06-10 09:04:18
1654851858297245000,27.65,1,27.6,7,27.65,33,1,2022-06-10 09:04:18
1654851858503865000,27.65,33,27.6,11,27.7,123,1,2022-06-10 09:04:18
1654851858503865000,27.7,17,27.6,11,27.7,123,1,2022-06-10 09:04:18
1654851858757832000,27.7,3,27.6,20,27.7,120,1,2022-06-10 09:04:18
1654851858963154000,27.7,1,27.65,1,27.7,119,1,2022-06-10 09:04:18
1654851859348197000,27.7,20,27.65,1,27.7,99,1,2022-06-10 09:04:19
1654851859730869000,27.65,3,27.65,3,27.7,99,2,2022-06-10 09:04:19
1654851860025575000,27.7,4,27.65,3,27.7,95,1,2022-06-10 09:04:20
1654851860084896000,27.7,10,27.65,8,27.7,85,1,2022-06-10 09:04:20
1654851860748168000,27.65,1,27.65,9,27.7,85,2,2022-06-10 09:04:20
1654851860884171000,27.65,1,27.65,10,27.7,85,2,2022-06-10 09:04:20
1654851861025678000,27.7,10,27.65,11,27.7,78,1,2022-06-10 09:04:21
1654851861154988000,27.7,10,27.65,12,27.7,68,1,2022-06-10 09:04:21
1654851861167124000,27.7,1,27.65,12,27.7,67,1,2022-06-10 09:04:21
1654851861354041000,27.7,5,27.65,12,27.7,62,1,2022-06-10 09:04:21
1654851861354994000,27.7,10,27.65,12,27.7,52,1,2022-06-10 09:04:21
1654851861387692000,27.7,1,27.65,12,27.7,51,1,2022-06-10 09:04:21
1654851861571796000,27.7,10,27.65,13,27.7,41,1,2022-06-10 09:04:21
1654851861590734000,27.7,17,27.65,13,27.7,24,1,2022-06-10 09:04:21
1654851861610609000,27.7,1,27.65,13,27.7,23,1,2022-06-10 09:04:21
1654851861713723000,27.7,3,27.65,14,27.7,21,1,2022-06-10 09:04:21
1654851861734291000,27.7,2,27.65,14,27.7,19,1,2022-06-10 09:04:21
1654851861931565000,27.7,10,27.65,14,27.7,9,1,2022-06-10 09:04:21
1654851861959274000,27.7,9,27.65,14,27.75,24,1,2022-06-10 09:04:21
1654851862046139000,27.75,10,27.7,5,27.75,11,1,2022-06-10 09:04:22
1654851862063124000,27.7,4,27.7,11,27.75,11,2,2022-06-10 09:04:22
1654851862230383000,27.75,2,27.7,11,27.75,9,1,2022-06-10 09:04:22
1654851862413170000,27.75,2,27.7,11,27.75,7,1,2022-06-10 09:04:22
1654851862421652000,27.75,2,27.7,11,27.75,5,1,2022-06-10 09:04:22
1654851862523709000,27.75,2,27.7,11,27.75,3,1,2022-06-10 09:04:22
1654851862813083000,27.75,3,27.7,21,27.8,62,1,2022-06-10 09:04:22
1654851862813083000,27.8,7,27.7,21,27.8,62,1,2022-06-10 09:04:22
1654851862836370000,27.7,10,27.7,11,27.8,62,2,2022-06-10 09:04:22
1654851862861252000,27.8,2,27.7,11,27.8,60,1,2022-06-10 09:04:22
1654851863181591000,27.75,1,27.75,6,27.8,60,2,2022-06-10 09:04:23
1654851863354854000,27.75,3,27.75,3,27.8,60,2,2022-06-10 09:04:23
1654851863435742000,27.8,1,27.75,3,27.8,59,1,2022-06-10 09:04:23
1654851863651587000,27.8,2,27.75,13,27.8,57,1,2022-06-10 09:04:23
1654851863684665000,27.75,5,27.75,8,27.8,57,2,2022-06-10 09:04:23
1654851863833792000,27.8,1,27.75,8,27.8,56,1,2022-06-10 09:04:23
1654851864202777000,27.75,1,27.75,7,27.8,59,2,2022-06-10 09:04:24
1654851864616922000,27.8,2,27.75,7,27.8,57,1,2022-06-10 09:04:24
1654851865088720000,27.8,1,27.75,8,27.8,56,1,2022-06-10 09:04:25
1654851865320356000,27.8,7,27.75,8,27.8,49,1,2022-06-10 09:04:25
1654851865374534000,27.8,2,27.75,8,27.8,47,1,2022-06-10 09:04:25
1654851865555533000,27.8,2,27.75,8,27.8,45,1,2022-06-10 09:04:25
1654851865783310000,27.75,4,27.75,4,27.8,45,2,2022-06-10 09:04:25
1654851865798387000,27.8,5,27.75,4,27.8,40,1,2022-06-10 09:04:25
1654851866560336000,27.8,2,27.75,6,27.8,39,1,2022-06-10 09:04:26
1654851866625907000,27.8,1,27.75,6,27.8,38,1,2022-06-10 09:04:26
1654851866630986000,27.75,6,27.7,37,27.8,38,2,2022-06-10 09:04:26
1654851866630986000,27.7,4,27.7,37,27.8,38,2,2022-06-10 09:04:26
1654851866736512000,27.8,5,27.7,37,27.8,34,1,2022-06-10 09:04:26
1654851866747929000,27.8,5,27.7,37,27.8,29,1,2022-06-10 09:04:26
1654851866929357000,27.8,1,27.75,1,27.8,31,1,2022-06-10 09:04:26
1654851867026601000,27.75,1,27.7,32,27.8,31,2,2022-06-10 09:04:27
1654851867026601000,27.7,5,27.7,32,27.8,31,2,2022-06-10 09:04:27
1654851867056425000,27.8,1,27.7,32,27.8,30,1,2022-06-10 09:04:27
1654851867065842000,27.8,1,27.7,32,27.8,29,1,2022-06-10 09:04:27
1654851867085481000,27.75,3,27.75,17,27.8,29,2,2022-06-10 09:04:27
1654851867195463000,27.8,1,27.75,17,27.8,28,1,2022-06-10 09:04:27
1654851867285873000,27.75,17,27.7,32,27.75,33,2,2022-06-10 09:04:27
1654851867335245000,27.75,16,27.7,32,27.75,17,1,2022-06-10 09:04:27
1654851867520022000,27.75,3,27.7,32,27.75,14,1,2022-06-10 09:04:27
1654851867586171000,27.75,1,27.7,32,27.75,13,1,2022-06-10 09:04:27
1654851867615377000,27.75,1,27.7,32,27.75,12,1,2022-06-10 09:04:27
1654851867846115000,27.75,3,27.7,32,27.75,9,1,2022-06-10 09:04:27
1654851867963857000,27.75,1,27.7,32,27.75,8,1,2022-06-10 09:04:27
1654851868009693000,27.75,5,27.7,32,27.75,3,1,2022-06-10 09:04:28
1654851868075504000,27.75,3,27.7,32,27.8,34,1,2022-06-10 09:04:28
1654851868075504000,27.8,2,27.7,32,27.8,34,1,2022-06-10 09:04:28
1654851868159234000,27.7,10,27.7,22,27.8,34,2,2022-06-10 09:04:28
1654851868182232000,27.7,22,27.65,33,27.8,34,2,2022-06-10 09:04:28
1654851868345201000,27.75,1,27.65,39,27.75,9,1,2022-06-10 09:04:28
1654851868638503000,27.75,10,27.65,41,27.75,20,1,2022-06-10 09:04:28
1654851869020846000,27.75,1,27.65,41,27.75,28,1,2022-06-10 09:04:29
1654851869102765000,27.7,1,27.65,41,27.7,19,2,2022-06-10 09:04:29
1654851869397663000,27.7,1,27.65,41,27.7,39,1,2022-06-10 09:04:29
1654851869674582000,27.7,1,27.65,41,27.7,38,1,2022-06-10 09:04:29
1654851869817985000,27.65,2,27.65,39,27.7,45,2,2022-06-10 09:04:29
1654851869893756000,27.7,1,27.65,39,27.7,44,1,2022-06-10 09:04:29
1654851869956151000,27.7,1,27.65,39,27.7,58,1,2022-06-10 09:04:29
1654851870100294000,27.7,1,27.65,39,27.7,57,1,2022-06-10 09:04:30
1654851870123745000,27.65,3,27.65,36,27.7,57,2,2022-06-10 09:04:30
1654851870165057000,27.65,9,27.65,27,27.7,57,2,2022-06-10 09:04:30
1654851870167421000,27.65,10,27.65,17,27.7,57,2,2022-06-10 09:04:30
1654851870183373000,27.7,2,27.65,17,27.7,55,1,2022-06-10 09:04:30
1654851870202792000,27.65,17,27.6,66,27.7,55,2,2022-06-10 09:04:30
1654851870227387000,27.7,1,27.6,66,27.7,54,1,2022-06-10 09:04:30
1654851870316135000,27.7,1,27.6,66,27.7,46,1,2022-06-10 09:04:30
1654851870610894000,27.7,5,27.6,66,27.7,41,1,2022-06-10 09:04:30
1654851871246016000,27.65,1,27.6,66,27.65,57,1,2022-06-10 09:04:31
1654851871817518000,27.65,2,27.6,66,27.65,58,1,2022-06-10 09:04:31
1654851871913158000,27.65,1,27.6,66,27.65,57,1,2022-06-10 09:04:31
1654851872206726000,27.65,20,27.6,66,27.65,37,1,2022-06-10 09:04:32
1654851872626352000,27.6,5,27.6,61,27.65,36,2,2022-06-10 09:04:32
1654851872694256000,27.65,1,27.6,61,27.65,35,1,2022-06-10 09:04:32
1654851872774996000,27.65,3,27.6,62,27.65,32,1,2022-06-10 09:04:32
1654851873558397000,27.65,5,27.6,63,27.65,35,1,2022-06-10 09:04:33
1654851873864739000,27.65,1,27.6,63,27.65,34,1,2022-06-10 09:04:33
1654851874378580000,27.65,3,27.6,70,27.65,31,1,2022-06-10 09:04:34
1654851874622044000,27.65,1,27.6,71,27.65,30,1,2022-06-10 09:04:34
1654851874916441000,27.65,10,27.6,71,27.65,20,1,2022-06-10 09:04:34
1654851875040079000,27.65,1,27.6,71,27.65,19,1,2022-06-10 09:04:35
1654851875084872000,27.65,1,27.6,71,27.65,18,1,2022-06-10 09:04:35
1654851875203084000,27.6,3,27.6,68,27.65,19,2,2022-06-10 09:04:35
1654851875265872000,27.65,1,27.6,68,27.65,18,1,2022-06-10 09:04:35
1654851875482312000,27.65,2,27.6,78,27.65,16,1,2022-06-10 09:04:35
1654851875607127000,27.65,5,27.6,80,27.65,11,1,2022-06-10 09:04:35
1654851876261140000,27.65,1,27.6,82,27.65,13,1,2022-06-10 09:04:36
1654851876522047000,27.65,10,27.6,83,27.65,3,1,2022-06-10 09:04:36
1654851876530275000,27.65,2,27.6,83,27.65,1,1,2022-06-10 09:04:36
1654851876760157000,27.6,3,27.6,80,27.65,1,2,2022-06-10 09:04:36
1654851876797778000,27.65,2,27.6,80,27.65,4,1,2022-06-10 09:04:36
1654851876805362000,27.65,2,27.6,80,27.65,2,1,2022-06-10 09:04:36
1654851876945967000,27.65,1,27.6,85,27.65,2,1,2022-06-10 09:04:36
1654851876969219000,27.65,2,27.6,85,27.7,179,1,2022-06-10 09:04:36
1654851876969219000,27.7,3,27.6,85,27.7,179,1,2022-06-10 09:04:36
1654851877513975000,27.6,2,27.6,88,27.7,179,2,2022-06-10 09:04:37
1654851877634264000,27.7,2,27.65,5,27.7,177,1,2022-06-10 09:04:37
1654851877776204000,27.65,5,27.6,88,27.7,177,2,2022-06-10 09:04:37
1654851878158580000,27.65,1,27.6,90,27.7,177,2,2022-06-10 09:04:38
1654851878576468000,27.65,3,27.65,3,27.7,177,2,2022-06-10 09:04:38
1654851878715142000,27.65,3,27.6,92,27.65,2,2,2022-06-10 09:04:38
1654851878894509000,27.65,2,27.6,93,27.7,171,1,2022-06-10 09:04:38
1654851878894509000,27.7,6,27.6,93,27.7,171,1,2022-06-10 09:04:38
1654851878925770000,27.65,1,27.6,93,27.65,2,1,2022-06-10 09:04:38
1654851879052060000,27.65,1,27.6,96,27.65,2,1,2022-06-10 09:04:39
1654851879275020000,27.65,1,27.6,96,27.65,6,1,2022-06-10 09:04:39
1654851879299146000,27.65,1,27.6,96,27.65,5,1,2022-06-10 09:04:39
1654851879302887000,27.65,5,27.6,96,27.7,76,1,2022-06-10 09:04:39
1654851879302887000,27.7,95,27.6,96,27.7,76,1,2022-06-10 09:04:39
1654851879863471000,27.7,20,27.65,2,27.7,56,1,2022-06-10 09:04:39
1654851879979693000,27.65,1,27.65,2,27.7,56,2,2022-06-10 09:04:39
1654851880034595000,27.65,2,27.6,97,27.7,56,2,2022-06-10 09:04:40
1654851880259461000,27.65,1,27.6,97,27.7,57,1,2022-06-10 09:04:40
1654851880720950000,27.65,2,27.6,97,27.7,57,1,2022-06-10 09:04:40
1654851881349576000,27.7,1,27.65,1,27.7,56,1,2022-06-10 09:04:41
1654851882126177000,27.7,10,27.65,4,27.7,49,1,2022-06-10 09:04:42
1654851882226342000,27.7,10,27.65,4,27.7,39,1,2022-06-10 09:04:42
1654851882382775000,27.7,10,27.65,4,27.7,29,1,2022-06-10 09:04:42
1654851882475951000,27.65,1,27.65,3,27.7,29,2,2022-06-10 09:04:42
1654851882687877000,27.7,2,27.65,3,27.7,27,1,2022-06-10 09:04:42
1654851882772084000,27.65,3,27.6,87,27.7,27,2,2022-06-10 09:04:42
1654851882772084000,27.6,17,27.6,87,27.7,27,2,2022-06-10 09:04:42
1654851882799020000,27.7,1,27.6,87,27.7,26,1,2022-06-10 09:04:42
1654851882864498000,27.65,1,27.6,85,27.7,26,2,2022-06-10 09:04:42
1654851882864498000,27.6,3,27.6,85,27.7,26,2,2022-06-10 09:04:42
1654851883023860000,27.7,20,27.6,85,27.7,6,1,2022-06-10 09:04:43
1654851883050832000,27.7,3,27.6,85,27.7,3,1,2022-06-10 09:04:43
1654851884543909000,27.7,3,27.65,3,27.7,1,1,2022-06-10 09:04:44
1654851884763442000,27.7,1,27.7,3,27.75,80,1,2022-06-10 09:04:44
1654851884834020000,27.7,2,27.7,1,27.75,80,2,2022-06-10 09:04:44
1654851885173211000,27.7,1,27.7,1,27.75,83,2,2022-06-10 09:04:45
1654851885304743000,27.75,1,27.7,19,27.75,82,1,2022-06-10 09:04:45
1654851885453742000,27.75,3,27.7,19,27.75,79,1,2022-06-10 09:04:45
1654851886233396000,27.7,2,27.7,17,27.75,80,2,2022-06-10 09:04:46
1654851886592677000,27.75,3,27.7,17,27.75,77,1,2022-06-10 09:04:46
1654851886725488000,27.7,2,27.7,15,27.75,77,2,2022-06-10 09:04:46
1654851886921930000,27.75,10,27.7,15,27.75,67,1,2022-06-10 09:04:46
1654851886983084000,27.7,1,27.7,14,27.75,67,2,2022-06-10 09:04:46
1654851888133481000,27.7,1,27.7,17,27.75,74,2,2022-06-10 09:04:48
1654851888220328000,27.75,1,27.7,17,27.75,73,1,2022-06-10 09:04:48
1654851888269961000,27.75,1,27.7,17,27.75,72,1,2022-06-10 09:04:48
1654851888390552000,27.75,10,27.7,17,27.75,62,1,2022-06-10 09:04:48
1654851888408019000,27.75,1,27.7,17,27.75,61,1,2022-06-10 09:04:48
1654851888544824000,27.75,1,27.7,18,27.75,60,1,2022-06-10 09:04:48
1654851888672642000,27.75,1,27.7,18,27.75,59,1,2022-06-10 09:04:48
1654851888820262000,27.75,1,27.7,18,27.75,58,1,2022-06-10 09:04:48
1654851888832217000,27.7,8,27.7,10,27.75,58,2,2022-06-10 09:04:48
1654851888977449000,27.75,1,27.7,10,27.75,57,1,2022-06-10 09:04:48
1654851889164064000,27.75,12,27.7,11,27.75,45,1,2022-06-10 09:04:49
1654851889556374000,27.75,1,27.7,19,27.75,49,1,2022-06-10 09:04:49
1654851889660842000,27.7,2,27.7,18,27.75,49,2,2022-06-10 09:04:49
1654851889726943000,27.75,10,27.7,18,27.75,39,1,2022-06-10 09:04:49
1654851889895351000,27.75,5,27.7,19,27.75,34,1,2022-06-10 09:04:49
1654851890087187000,27.75,1,27.7,19,27.75,33,1,2022-06-10 09:04:50
1654851890343820000,27.75,1,27.7,19,27.75,32,1,2022-06-10 09:04:50
1654851890527331000,27.75,20,27.7,19,27.75,12,1,2022-06-10 09:04:50
1654851890567450000,27.75,11,27.7,19,27.75,1,1,2022-06-10 09:04:50
1654851890701054000,27.75,1,27.75,2,27.8,111,1,2022-06-10 09:04:50
1654851890869965000,27.75,1,27.75,1,27.8,114,2,2022-06-10 09:04:50
1654851891457841000,27.8,5,27.75,2,27.8,109,1,2022-06-10 09:04:51
1654851891610787000,27.75,8,27.7,18,27.8,106,2,2022-06-10 09:04:51
1654851891610787000,27.7,2,27.7,18,27.8,106,2,2022-06-10 09:04:51
1654851891812236000,27.75,1,27.7,19,27.8,106,1,2022-06-10 09:04:51
1654851891927645000,27.8,5,27.75,3,27.8,101,1,2022-06-10 09:04:51
1654851891942045000,27.8,1,27.75,3,27.8,100,1,2022-06-10 09:04:51
1654851891985904000,27.8,20,27.75,3,27.8,80,1,2022-06-10 09:04:51
1654851892089298000,27.8,1,27.75,3,27.8,79,1,2022-06-10 09:04:52
1654851892111743000,27.8,20,27.75,3,27.8,59,1,2022-06-10 09:04:52
1654851892220330000,27.8,1,27.75,4,27.8,58,1,2022-06-10 09:04:52
1654851892319506000,27.8,2,27.75,4,27.8,56,1,2022-06-10 09:04:52
1654851892356829000,27.8,1,27.75,4,27.8,55,1,2022-06-10 09:04:52
1654851892454344000,27.75,1,27.75,3,27.8,55,2,2022-06-10 09:04:52
1654851892780915000,27.8,5,27.75,3,27.8,50,1,2022-06-10 09:04:52
1654851892834974000,27.75,2,27.75,1,27.8,50,2,2022-06-10 09:04:52
1654851892861534000,27.75,1,27.7,20,27.8,50,2,2022-06-10 09:04:52
1654851892873799000,27.8,1,27.7,20,27.8,49,1,2022-06-10 09:04:52
1654851892992627000,27.8,1,27.75,1,27.8,48,1,2022-06-10 09:04:52
1654851893016730000,27.75,1,27.65,23,27.7,79,2,2022-06-10 09:04:53
1654851893016730000,27.7,20,27.65,23,27.7,79,2,2022-06-10 09:04:53
1654851893029894000,27.7,20,27.65,23,27.7,59,1,2022-06-10 09:04:53
1654851893093306000,27.7,10,27.65,23,27.7,49,1,2022-06-10 09:04:53
1654851893107195000,27.7,16,27.65,23,27.7,33,1,2022-06-10 09:04:53
1654851893152719000,27.7,4,27.65,23,27.7,33,1,2022-06-10 09:04:53
1654851893172067000,27.7,8,27.65,23,27.7,25,1,2022-06-10 09:04:53
1654851893231875000,27.7,25,27.65,23,27.9,69,1,2022-06-10 09:04:53
1654851893231875000,27.75,1,27.65,23,27.9,69,1,2022-06-10 09:04:53
1654851893231875000,27.8,52,27.65,23,27.9,69,1,2022-06-10 09:04:53
1654851893231875000,27.85,18,27.65,23,27.9,69,1,2022-06-10 09:04:53
1654851893231875000,27.9,4,27.65,23,27.9,69,1,2022-06-10 09:04:53
1654851893235066000,27.9,1,27.65,23,27.9,68,1,2022-06-10 09:04:53
1654851893375344000,27.75,3,27.7,17,27.85,3,1,2022-06-10 09:04:53
1654851893375344000,27.85,1,27.7,17,27.85,3,1,2022-06-10 09:04:53
1654851893409448000,27.9,3,27.75,1,27.9,65,1,2022-06-10 09:04:53
1654851893432317000,27.9,3,27.75,1,27.9,62,1,2022-06-10 09:04:53
1654851893455767000,27.9,3,27.75,1,27.9,59,1,2022-06-10 09:04:53
1654851893583442000,27.75,1,27.7,13,27.9,59,2,2022-06-10 09:04:53
1654851893655708000,27.85,1,27.75,4,27.85,3,1,2022-06-10 09:04:53
1654851893827749000,27.85,1,27.75,5,27.85,5,1,2022-06-10 09:04:53
1654851894431233000,27.85,5,27.75,6,27.9,30,1,2022-06-10 09:04:54
1654851894431233000,27.9,29,27.75,6,27.9,30,1,2022-06-10 09:04:54
1654851894456863000,27.9,4,27.75,6,27.9,26,1,2022-06-10 09:04:54
1654851894634470000,27.9,1,27.8,2,27.9,25,1,2022-06-10 09:04:54
1654851895737082000,27.85,2,27.8,2,27.9,17,1,2022-06-10 09:04:55
1654851895737082000,27.9,8,27.8,2,27.9,17,1,2022-06-10 09:04:55
1654851895760703000,27.9,10,27.8,2,27.9,7,1,2022-06-10 09:04:55
1654851896228493000,27.8,2,27.75,13,27.9,7,2,2022-06-10 09:04:56
1654851896751888000,27.8,1,27.75,13,27.9,7,1,2022-06-10 09:04:56
1654851897323357000,27.85,1,27.75,13,27.9,18,1,2022-06-10 09:04:57
1654851897844587000,27.85,1,27.75,19,27.85,4,1,2022-06-10 09:04:57
1654851897919458000,27.75,1,27.75,18,27.85,4,2,2022-06-10 09:04:57
1654851898003405000,27.85,3,27.75,18,27.85,2,1,2022-06-10 09:04:58
1654851898528125000,27.75,5,27.75,16,27.85,12,2,2022-06-10 09:04:58
1654851898581321000,27.85,1,27.75,66,27.85,11,1,2022-06-10 09:04:58
1654851899073617000,27.85,1,27.8,1,27.85,10,1,2022-06-10 09:04:59
1654851899112735000,27.85,5,27.8,1,27.85,5,1,2022-06-10 09:04:59
1654851899115862000,27.85,5,27.8,1,27.9,22,1,2022-06-10 09:04:59
1654851899115862000,27.9,5,27.8,1,27.9,22,1,2022-06-10 09:04:59
1654851899358277000,27.9,1,27.8,1,27.9,21,1,2022-06-10 09:04:59
1654851899654844000,27.8,2,27.75,66,27.9,22,2,2022-06-10 09:04:59
1654851900732564000,27.8,1,27.8,1,27.85,4,2,2022-06-10 09:05:00
1654851901602742000,27.85,2,27.8,1,27.85,13,1,2022-06-10 09:05:01
1654851901756705000,27.85,1,27.8,1,27.85,12,1,2022-06-10 09:05:01
1654851901880380000,27.85,1,27.8,1,27.85,11,1,2022-06-10 09:05:01
1654851902251636000,27.85,10,27.8,7,27.85,1,1,2022-06-10 09:05:02
1654851902323261000,27.8,1,27.8,6,27.85,1,2,2022-06-10 09:05:02
1654851902417775000,27.85,1,27.8,6,27.9,23,1,2022-06-10 09:05:02
1654851902417775000,27.9,4,27.8,6,27.9,23,1,2022-06-10 09:05:02
1654851902566578000,27.85,2,27.8,6,27.85,8,1,2022-06-10 09:05:02
1654851902617424000,27.8,1,27.8,5,27.85,8,2,2022-06-10 09:05:02
1654851902682489000,27.8,5,27.75,99,27.85,58,2,2022-06-10 09:05:02
1654851902909460000,27.85,7,27.8,1,27.85,55,1,2022-06-10 09:05:02
1654851902965994000,27.8,1,27.75,99,27.85,55,2,2022-06-10 09:05:02
1654851903189894000,27.75,5,27.75,94,27.85,55,2,2022-06-10 09:05:03
1654851903358098000,27.85,1,27.75,94,27.85,59,1,2022-06-10 09:05:03
1654851903379498000,27.75,1,27.75,93,27.85,60,2,2022-06-10 09:05:03
1654851903519464000,27.75,2,27.75,91,27.85,60,2,2022-06-10 09:05:03
1654851903732149000,27.8,3,27.75,92,27.8,17,1,2022-06-10 09:05:03
1654851903880450000,27.8,5,27.75,92,27.8,12,1,2022-06-10 09:05:03
1654851904081617000,27.8,5,27.75,92,27.8,29,1,2022-06-10 09:05:04
1654851904293449000,27.8,1,27.75,92,27.8,40,1,2022-06-10 09:05:04
1654851904350648000,27.8,1,27.75,92,27.8,39,1,2022-06-10 09:05:04
1654851904515617000,27.75,1,27.75,92,27.8,39,2,2022-06-10 09:05:04
1654851904680914000,27.8,1,27.75,92,27.8,38,1,2022-06-10 09:05:04
1654851904727170000,27.8,2,27.75,92,27.8,36,1,2022-06-10 09:05:04
1654851904816879000,27.75,5,27.75,87,27.8,26,2,2022-06-10 09:05:04
1654851904837454000,27.8,1,27.75,87,27.8,25,1,2022-06-10 09:05:04
1654851904852158000,27.8,1,27.75,87,27.8,24,1,2022-06-10 09:05:04
1654851904895387000,27.8,24,27.75,87,27.85,56,1,2022-06-10 09:05:04
1654851904895387000,27.85,6,27.75,87,27.85,56,1,2022-06-10 09:05:04
1654851905271209000,27.75,2,27.75,85,27.85,56,2,2022-06-10 09:05:05
1654851905428837000,27.85,10,27.8,2,27.85,56,1,2022-06-10 09:05:05
1654851906131214000,27.85,2,27.8,2,27.85,58,1,2022-06-10 09:05:06
1654851906465880000,27.8,2,27.8,25,27.85,76,2,2022-06-10 09:05:06
1654851906467901000,27.8,10,27.8,15,27.85,76,2,2022-06-10 09:05:06
1654851907263914000,27.8,1,27.8,16,27.85,96,2,2022-06-10 09:05:07
1654851907331185000,27.85,5,27.8,17,27.85,91,1,2022-06-10 09:05:07
1654851907507415000,27.85,1,27.8,18,27.85,90,1,2022-06-10 09:05:07
1654851907953829000,27.8,3,27.8,17,27.85,90,2,2022-06-10 09:05:07
1654851908089207000,27.8,2,27.8,15,27.85,90,2,2022-06-10 09:05:08
1654851908407418000,27.8,3,27.8,13,27.85,90,2,2022-06-10 09:05:08
1654851908452304000,27.8,11,27.8,2,27.85,90,2,2022-06-10 09:05:08
1654851908578789000,27.8,2,27.75,98,27.85,91,2,2022-06-10 09:05:08
1654851908768725000,27.8,10,27.75,98,27.85,91,2,2022-06-10 09:05:08
1654851908945446000,27.8,2,27.75,99,27.8,18,1,2022-06-10 09:05:08
1654851909029671000,27.75,30,27.75,69,27.8,18,2,2022-06-10 09:05:09
1654851909170719000,27.8,2,27.75,69,27.8,16,1,2022-06-10 09:05:09
1654851909205722000,27.8,16,27.8,4,27.85,94,1,2022-06-10 09:05:09
1654851909289973000,27.8,3,27.8,1,27.85,94,2,2022-06-10 09:05:09
1654851909373205000,27.85,10,27.8,1,27.85,84,1,2022-06-10 09:05:09
1654851909595195000,27.8,6,27.75,69,27.8,14,2,2022-06-10 09:05:09
1654851910033924000,27.8,1,27.75,69,27.8,25,1,2022-06-10 09:05:10
1654851910626657000,27.8,10,27.75,77,27.8,27,1,2022-06-10 09:05:10
1654851910684526000,27.8,1,27.75,77,27.8,29,1,2022-06-10 09:05:10
1654851911463563000,27.8,1,27.75,81,27.8,40,1,2022-06-10 09:05:11
1654851911483736000,27.75,2,27.75,79,27.8,40,2,2022-06-10 09:05:11
1654851911598044000,27.8,1,27.75,80,27.8,39,1,2022-06-10 09:05:11
1654851911680913000,27.75,1,27.75,79,27.8,39,2,2022-06-10 09:05:11
1654851911690377000,27.8,1,27.75,79,27.8,38,1,2022-06-10 09:05:11
1654851911832675000,27.8,3,27.75,79,27.8,35,1,2022-06-10 09:05:11
1654851911899840000,27.75,1,27.75,78,27.8,35,2,2022-06-10 09:05:11
1654851911902515000,27.8,3,27.75,78,27.8,32,1,2022-06-10 09:05:11
1654851912149036000,27.8,5,27.75,78,27.8,28,1,2022-06-10 09:05:12
1654851912746190000,27.75,2,27.75,81,27.8,28,2,2022-06-10 09:05:12
1654851913122365000,27.8,8,27.75,80,27.8,21,1,2022-06-10 09:05:13
1654851913269836000,27.75,80,27.7,4,27.8,21,2,2022-06-10 09:05:13
1654851913269836000,27.7,20,27.7,4,27.8,21,2,2022-06-10 09:05:13
1654851913443549000,27.8,1,27.7,4,27.8,10,1,2022-06-10 09:05:13
1654851913526093000,27.8,5,27.7,4,27.8,7,1,2022-06-10 09:05:13
1654851913590598000,27.8,5,27.7,4,27.8,3,1,2022-06-10 09:05:13
1654851913602292000,27.8,1,27.7,4,27.8,2,1,2022-06-10 09:05:13
1654851913904842000,27.75,2,27.7,4,27.75,18,1,2022-06-10 09:05:13
1654851914270738000,27.7,4,27.65,31,27.75,28,2,2022-06-10 09:05:14
1654851914270738000,27.65,11,27.65,31,27.75,28,2,2022-06-10 09:05:14
1654851914299492000,27.75,1,27.65,31,27.75,27,1,2022-06-10 09:05:14
1654851914331497000,27.65,21,27.65,10,27.75,27,2,2022-06-10 09:05:14
1654851914369576000,27.65,10,27.6,93,27.75,39,2,2022-06-10 09:05:14
1654851914408105000,27.75,1,27.6,93,27.75,43,1,2022-06-10 09:05:14
1654851914497012000,27.75,5,27.6,93,27.75,38,1,2022-06-10 09:05:14
1654851914606552000,27.6,7,27.6,86,27.75,38,2,2022-06-10 09:05:14
1654851914743609000,27.6,2,27.6,84,27.7,1,2,2022-06-10 09:05:14
1654851914787377000,27.7,1,27.6,84,27.75,38,1,2022-06-10 09:05:14
1654851914840498000,27.75,13,27.6,84,27.75,25,1,2022-06-10 09:05:14
1654851915199670000,27.75,1,27.6,83,27.75,24,1,2022-06-10 09:05:15
1654851915278949000,27.75,1,27.6,83,27.75,33,1,2022-06-10 09:05:15
1654851915310557000,27.6,20,27.6,63,27.75,33,2,2022-06-10 09:05:15
1654851915466904000,27.6,20,27.6,43,27.75,33,2,2022-06-10 09:05:15
1654851915588785000,27.7,1,27.6,43,27.7,4,1,2022-06-10 09:05:15
1654851915606441000,27.6,1,27.6,42,27.7,4,2,2022-06-10 09:05:15
1654851915715237000,27.6,20,27.6,22,27.7,4,2,2022-06-10 09:05:15
1654851916050960000,27.7,1,27.6,22,27.7,3,1,2022-06-10 09:05:16
1654851916300621000,27.7,1,27.65,1,27.7,4,1,2022-06-10 09:05:16
1654851916454501000,27.65,1,27.6,22,27.7,4,2,2022-06-10 09:05:16
1654851916664774000,27.7,1,27.6,22,27.7,3,1,2022-06-10 09:05:16
1654851917743264000,27.7,1,27.6,22,27.7,2,1,2022-06-10 09:05:17
1654851918419814000,27.7,1,27.6,23,27.7,1,1,2022-06-10 09:05:18
1654851918697683000,27.7,1,27.65,1,27.75,39,1,2022-06-10 09:05:18
1654851918868471000,27.75,1,27.65,1,27.75,38,1,2022-06-10 09:05:18
1654851919411029000,27.75,1,27.65,1,27.75,37,1,2022-06-10 09:05:19
1654851921301933000,27.7,1,27.65,6,27.7,6,1,2022-06-10 09:05:21
1654851922224020000,27.65,1,27.65,5,27.7,7,2,2022-06-10 09:05:22
1654851923955187000,27.7,1,27.65,6,27.7,8,1,2022-06-10 09:05:23
1654851924400931000,27.7,2,27.65,6,27.7,8,1,2022-06-10 09:05:24
1654851924432790000,27.7,1,27.65,6,27.7,7,1,2022-06-10 09:05:24
1654851924769651000,27.7,5,27.65,6,27.7,2,1,2022-06-10 09:05:24
1654851924910207000,27.7,2,27.65,6,27.75,12,1,2022-06-10 09:05:24
1654851924910207000,27.75,18,27.65,6,27.75,12,1,2022-06-10 09:05:24
1654851925191622000,27.7,1,27.65,6,27.75,8,2,2022-06-10 09:05:25
1654851926329959000,27.75,3,27.65,20,27.75,5,1,2022-06-10 09:05:26
1654851926388576000,27.65,3,27.65,17,27.75,5,2,2022-06-10 09:05:26
1654851926803787000,27.7,2,27.65,17,27.7,4,2,2022-06-10 09:05:26
1654851927208978000,27.7,1,27.65,13,27.7,4,1,2022-06-10 09:05:27
1654851928049315000,27.65,5,27.65,18,27.7,8,2,2022-06-10 09:05:28
1654851928254823000,27.7,1,27.65,18,27.7,7,1,2022-06-10 09:05:28
1654851929400150000,27.7,5,27.65,21,27.7,6,1,2022-06-10 09:05:29
1654851930321306000,27.65,1,27.65,20,27.7,10,2,2022-06-10 09:05:30
1654851930381755000,27.65,1,27.65,19,27.7,12,2,2022-06-10 09:05:30
1654851930595458000,27.65,1,27.65,18,27.7,19,2,2022-06-10 09:05:30
1654851930701868000,27.65,1,27.65,17,27.7,19,2,2022-06-10 09:05:30
1654851930885883000,27.65,1,27.65,16,27.7,19,2,2022-06-10 09:05:30
1654851931529017000,27.65,15,27.65,3,27.7,20,2,2022-06-10 09:05:31
1654851931552997000,27.65,3,27.6,45,27.7,20,2,2022-06-10 09:05:31
1654851932003192000,27.7,20,27.6,45,27.75,31,1,2022-06-10 09:05:32
1654851932235404000,27.65,1,27.65,1,27.7,2,2,2022-06-10 09:05:32
1654851932367288000,27.65,1,27.6,49,27.65,4,2,2022-06-10 09:05:32
1654851932399721000,27.65,2,27.6,49,27.65,2,1,2022-06-10 09:05:32
1654851932604769000,27.65,2,27.6,49,27.7,1,1,2022-06-10 09:05:32
1654851932604769000,27.7,3,27.6,49,27.7,1,1,2022-06-10 09:05:32
1654851932980128000,27.65,5,27.65,5,27.7,4,1,2022-06-10 09:05:32
1654851933339930000,27.65,1,27.65,4,27.7,4,2,2022-06-10 09:05:33
1654851933507615000,27.65,2,27.65,2,27.7,8,2,2022-06-10 09:05:33
1654851933537322000,27.65,2,27.6,49,27.7,10,2,2022-06-10 09:05:33
1654851933876968000,27.65,1,27.6,49,27.7,5,1,2022-06-10 09:05:33
1654851933876968000,27.7,5,27.6,49,27.7,5,1,2022-06-10 09:05:33
1654851934026776000,27.65,1,27.6,45,27.7,4,1,2022-06-10 09:05:34
1654851934026776000,27.7,1,27.6,45,27.7,4,1,2022-06-10 09:05:34
1654851934065090000,27.7,1,27.6,45,27.7,7,1,2022-06-10 09:05:34
1654851934091751000,27.7,7,27.6,45,27.75,31,1,2022-06-10 09:05:34
1654851934091751000,27.75,3,27.6,45,27.75,31,1,2022-06-10 09:05:34
1654851934174513000,27.65,1,27.6,45,27.75,31,2,2022-06-10 09:05:34
1654851934473829000,27.65,1,27.6,45,27.8,19,1,2022-06-10 09:05:34
1654851934473829000,27.75,31,27.6,45,27.8,19,1,2022-06-10 09:05:34
1654851934473829000,27.8,18,27.6,45,27.8,19,1,2022-06-10 09:05:34
1654851935561401000,27.65,1,27.65,2,27.7,10,2,2022-06-10 09:05:35
1654851935809301000,27.65,2,27.6,51,27.7,10,2,2022-06-10 09:05:35
1654851935830122000,27.7,10,27.75,10,27.8,23,1,2022-06-10 09:05:35
1654851935845548000,27.75,3,27.75,7,27.8,23,2,2022-06-10 09:05:35
1654851935853538000,27.75,7,27.6,51,27.8,19,2,2022-06-10 09:05:35
1654851935875022000,27.65,2,27.65,1,27.75,3,1,2022-06-10 09:05:35
1654851935888144000,27.65,1,27.6,50,27.8,19,2,2022-06-10 09:05:35
1654851935888144000,27.6,1,27.6,50,27.8,19,2,2022-06-10 09:05:35
1654851936104968000,27.65,1,27.65,2,27.75,3,2,2022-06-10 09:05:36
1654851936715015000,27.7,1,27.65,12,27.75,3,2,2022-06-10 09:05:36
1654851937483507000,27.7,1,27.65,27,27.7,49,1,2022-06-10 09:05:37
1654851938519692000,27.65,1,27.65,14,27.7,49,2,2022-06-10 09:05:38
1654851939531732000,27.7,1,27.65,5,27.7,49,1,2022-06-10 09:05:39
1654851939709962000,27.65,5,27.6,64,27.65,5,2,2022-06-10 09:05:39
1654851939860982000,27.65,5,27.6,64,27.7,49,1,2022-06-10 09:05:39
1654851940054323000,27.7,1,27.6,68,27.7,48,1,2022-06-10 09:05:40
1654851940462224000,27.6,15,27.6,53,27.7,49,2,2022-06-10 09:05:40
1654851940949460000,27.7,1,27.6,53,27.7,48,1,2022-06-10 09:05:40
1654851941586342000,27.7,1,27.65,3,27.7,48,1,2022-06-10 09:05:41
1654851942441772000,27.7,5,27.65,4,27.7,46,1,2022-06-10 09:05:42
1654851942865340000,27.65,1,27.65,6,27.7,47,2,2022-06-10 09:05:42
1654851943405481000,27.7,3,27.65,6,27.7,45,1,2022-06-10 09:05:43
1654851943574217000,27.65,2,27.65,4,27.7,45,2,2022-06-10 09:05:43
1654851944505446000,27.65,4,27.6,73,27.7,45,2,2022-06-10 09:05:44
1654851944505446000,27.6,11,27.6,73,27.7,45,2,2022-06-10 09:05:44
1654851944505471000,27.7,1,27.6,73,27.7,44,1,2022-06-10 09:05:44
1654851945659058000,27.65,1,27.6,74,27.65,17,1,2022-06-10 09:05:45
1654851946270454000,27.65,5,27.6,75,27.65,17,1,2022-06-10 09:05:46
1654851946990857000,27.65,2,27.6,76,27.65,21,1,2022-06-10 09:05:46
1654851947449378000,27.65,1,27.6,76,27.65,21,1,2022-06-10 09:05:47
1654851947897639000,27.65,5,27.6,76,27.65,19,1,2022-06-10 09:05:47
1654851948143837000,27.65,1,27.6,76,27.65,18,1,2022-06-10 09:05:48
1654851948362836000,27.65,1,27.6,76,27.65,17,1,2022-06-10 09:05:48
1654851948594336000,27.65,1,27.6,76,27.65,16,1,2022-06-10 09:05:48
1654851948653765000,27.65,1,27.6,76,27.65,15,1,2022-06-10 09:05:48
1654851948729526000,27.65,1,27.6,76,27.65,14,1,2022-06-10 09:05:48
1654851948868075000,27.65,1,27.6,76,27.65,13,1,2022-06-10 09:05:48
1654851948996499000,27.65,1,27.6,76,27.65,12,1,2022-06-10 09:05:48
1654851949014637000,27.65,1,27.6,76,27.65,11,1,2022-06-10 09:05:49
1654851949093462000,27.65,2,27.6,76,27.65,9,1,2022-06-10 09:05:49
1654851949557304000,27.65,1,27.6,75,27.65,8,1,2022-06-10 09:05:49
1654851949705423000,27.65,5,27.6,75,27.65,3,1,2022-06-10 09:05:49
1654851949736662000,27.65,2,27.6,75,27.65,1,1,2022-06-10 09:05:49
1654851950116975000,27.65,1,27.6,75,27.7,47,1,2022-06-10 09:05:50
1654851950116975000,27.7,1,27.6,75,27.7,47,1,2022-06-10 09:05:50
1654851951559238000,27.65,1,27.65,6,27.7,51,2,2022-06-10 09:05:51
1654851951604896000,27.7,2,27.65,6,27.7,49,1,2022-06-10 09:05:51
1654851951963571000,27.7,2,27.65,19,27.7,47,1,2022-06-10 09:05:51
1654851952136908000,27.65,3,27.65,16,27.7,48,2,2022-06-10 09:05:52
1654851952153588000,27.7,1,27.65,17,27.7,47,1,2022-06-10 09:05:52
1654851952297257000,27.7,1,27.65,27,27.7,46,1,2022-06-10 09:05:52
1654851952437623000,27.7,1,27.65,27,27.7,46,1,2022-06-10 09:05:52
1654851952574934000,27.7,1,27.65,27,27.7,45,1,2022-06-10 09:05:52
1654851952714385000,27.7,1,27.65,27,27.7,44,1,2022-06-10 09:05:52
1654851952860232000,27.7,1,27.65,27,27.7,43,1,2022-06-10 09:05:52
1654851953114629000,27.7,1,27.65,28,27.7,43,1,2022-06-10 09:05:53
1654851953171504000,27.7,10,27.65,28,27.7,33,1,2022-06-10 09:05:53
1654851953715312000,27.7,10,27.65,29,27.7,26,1,2022-06-10 09:05:53
1654851953873675000,27.65,1,27.65,28,27.7,29,2,2022-06-10 09:05:53
1654851954009043000,27.7,10,27.65,29,27.7,19,1,2022-06-10 09:05:54
1654851954431357000,27.7,10,27.65,30,27.7,9,1,2022-06-10 09:05:54
1654851954551149000,27.7,1,27.65,30,27.7,8,1,2022-06-10 09:05:54
1654851954566695000,27.7,8,27.7,2,27.75,13,1,2022-06-10 09:05:54
1654851956241831000,27.75,1,27.7,26,27.75,11,1,2022-06-10 09:05:56
1654851956333144000,27.7,1,27.7,25,27.75,11,2,2022-06-10 09:05:56
1654851956842121000,27.75,3,27.7,25,27.75,11,1,2022-06-10 09:05:56
1654851957592244000,27.7,2,27.7,22,27.75,11,2,2022-06-10 09:05:57
1654851957755878000,27.75,5,27.7,22,27.75,6,1,2022-06-10 09:05:57
1654851957788486000,27.7,5,27.7,17,27.75,6,2,2022-06-10 09:05:57
1654851958191748000,27.7,2,27.7,15,27.75,6,2,2022-06-10 09:05:58
1654851958362970000,27.7,1,27.7,14,27.75,7,2,2022-06-10 09:05:58
1654851958786450000,27.75,1,27.7,24,27.75,6,1,2022-06-10 09:05:58
1654851958886717000,27.7,3,27.7,21,27.75,5,2,2022-06-10 09:05:58
1654851959151761000,27.75,6,27.75,4,27.8,17,1,2022-06-10 09:05:59
1654851959479876000,27.8,5,27.75,4,27.8,12,1,2022-06-10 09:05:59
1654851960511683000,27.75,4,27.7,21,27.75,1,2,2022-06-10 09:06:00
1654851961779357000,27.75,1,27.75,1,27.8,12,1,2022-06-10 09:06:01
1654851963193554000,27.75,1,27.75,12,27.8,12,2,2022-06-10 09:06:03
1654851963545165000,27.8,3,27.75,12,27.8,10,1,2022-06-10 09:06:03
1654851966713352000,27.8,16,27.75,14,27.85,27,1,2022-06-10 09:06:06
1654851966713352000,27.85,19,27.75,14,27.85,27,1,2022-06-10 09:06:06
1654851967484556000,27.85,27,27.8,2,27.9,72,1,2022-06-10 09:06:07
1654851967484556000,27.9,3,27.8,2,27.9,72,1,2022-06-10 09:06:07
1654851967730835000,27.9,3,27.8,2,27.9,69,1,2022-06-10 09:06:07
1654851967780125000,27.8,1,27.8,1,27.9,69,2,2022-06-10 09:06:07
1654851967867193000,27.9,10,27.8,1,27.9,59,1,2022-06-10 09:06:07
1654851967961086000,27.8,1,27.75,8,27.9,59,2,2022-06-10 09:06:07
1654851967961086000,27.75,8,27.75,8,27.9,59,2,2022-06-10 09:06:07
1654851967986997000,27.9,1,27.75,8,27.9,58,1,2022-06-10 09:06:07
1654851968527034000,27.9,1,27.85,3,27.9,62,1,2022-06-10 09:06:08
1654851969861951000,27.9,10,27.85,4,27.9,48,1,2022-06-10 09:06:09
1654851970050287000,27.9,2,27.85,4,27.9,46,1,2022-06-10 09:06:10
1654851970051002000,27.9,2,27.85,4,27.9,44,1,2022-06-10 09:06:10
1654851970556677000,27.9,5,27.85,3,27.9,39,1,2022-06-10 09:06:10
1654851971147804000,27.9,5,27.85,3,27.9,33,1,2022-06-10 09:06:11
1654851971225192000,27.9,2,27.85,3,27.9,31,1,2022-06-10 09:06:11
1654851971966600000,27.9,2,27.85,3,27.9,34,1,2022-06-10 09:06:11
1654851972144108000,27.9,1,27.85,3,27.9,33,1,2022-06-10 09:06:12
1654851972187427000,27.9,2,27.85,3,27.9,31,1,2022-06-10 09:06:12
1654851972587757000,27.9,10,27.85,3,27.9,21,1,2022-06-10 09:06:12
1654851972608738000,27.9,2,27.85,3,27.9,19,1,2022-06-10 09:06:12
1654851973075204000,27.9,1,27.85,3,27.9,18,1,2022-06-10 09:06:13
1654851973163108000,27.9,1,27.85,3,27.9,17,1,2022-06-10 09:06:13
1654851973179818000,27.9,1,27.85,3,27.9,16,1,2022-06-10 09:06:13
1654851973204696000,27.9,2,27.85,3,27.9,14,1,2022-06-10 09:06:13
1654851973240939000,27.9,5,27.85,3,27.9,9,1,2022-06-10 09:06:13
1654851973507281000,27.9,1,27.85,3,27.9,8,1,2022-06-10 09:06:13
1654851973549756000,27.9,1,27.85,3,27.9,7,1,2022-06-10 09:06:13
1654851973859318000,27.9,2,27.85,3,27.9,6,1,2022-06-10 09:06:13
1654851973914995000,27.9,1,27.85,3,27.9,5,1,2022-06-10 09:06:13
1654851973987122000,27.9,5,0.0,0,0.0,0,1,2022-06-10 09:06:13
1654851973987122000,27.9,0,0.0,0,0.0,0,1,2022-06-10 09:06:13
1654852094342991000,27.85,437,27.8,41,27.85,81,2,2022-06-10 09:08:14
1654852094681962000,27.8,5,27.8,36,27.85,81,2,2022-06-10 09:08:14
1654852094769186000,27.8,10,27.8,26,27.85,81,2,2022-06-10 09:08:14
1654852094804817000,27.8,22,27.8,4,27.85,81,2,2022-06-10 09:08:14
1654852094825140000,27.8,4,27.75,12,27.85,81,2,2022-06-10 09:08:14
1654852094825140000,27.75,1,27.75,12,27.85,81,2,2022-06-10 09:08:14
1654852095316576000,27.75,2,27.75,10,27.8,9,2,2022-06-10 09:08:15
1654852095604396000,27.75,5,27.75,5,27.8,14,2,2022-06-10 09:08:15
1654852095638931000,27.75,5,27.7,24,27.8,14,2,2022-06-10 09:08:15
1654852095663982000,27.8,1,27.7,24,27.8,13,1,2022-06-10 09:08:15
1654852096241031000,27.75,1,27.7,24,27.75,4,1,2022-06-10 09:08:16
1654852096271772000,27.7,20,27.7,4,27.75,4,2,2022-06-10 09:08:16
1654852097135516000,27.7,4,27.65,19,27.75,10,2,2022-06-10 09:08:17
1654852097135516000,27.65,1,27.65,19,27.75,10,2,2022-06-10 09:08:17
1654852097304192000,27.75,1,27.65,19,27.75,9,1,2022-06-10 09:08:17
1654852097843202000,27.7,5,27.65,9,27.75,14,2,2022-06-10 09:08:17
1654852097843202000,27.65,15,27.65,9,27.75,14,2,2022-06-10 09:08:17
1654852097901378000,27.7,5,27.7,10,27.75,14,1,2022-06-10 09:08:17
1654852097951803000,27.75,5,27.7,10,27.75,9,1,2022-06-10 09:08:17
1654852098018578000,27.7,5,27.7,7,27.75,9,2,2022-06-10 09:08:18
1654852098192199000,27.7,1,27.7,6,27.75,9,2,2022-06-10 09:08:18
1654852098357864000,27.7,1,27.7,5,27.75,9,2,2022-06-10 09:08:18
1654852098515668000,27.7,1,27.7,4,27.75,9,2,2022-06-10 09:08:18
1654852098872762000,27.8,3,27.7,16,27.8,2,1,2022-06-10 09:08:18
1654852099166820000,27.7,5,27.7,11,27.8,2,2,2022-06-10 09:08:19
1654852099215341000,27.8,2,27.7,11,27.85,60,1,2022-06-10 09:08:19
1654852099215341000,27.85,8,27.7,11,27.85,60,1,2022-06-10 09:08:19
1654852099619845000,27.85,10,27.7,11,27.85,50,1,2022-06-10 09:08:19
1654852099863455000,27.85,5,27.75,5,27.85,45,1,2022-06-10 09:08:19
1654852099906163000,27.75,1,27.75,4,27.85,45,2,2022-06-10 09:08:19
1654852100010550000,27.85,10,27.75,6,27.85,35,1,2022-06-10 09:08:20
1654852100018123000,27.85,5,27.75,6,27.85,30,1,2022-06-10 09:08:20
1654852100098088000,27.85,10,27.75,6,27.85,20,1,2022-06-10 09:08:20
1654852100174619000,27.85,10,27.75,6,27.85,10,1,2022-06-10 09:08:20
1654852100456764000,27.85,10,27.75,6,27.9,91,1,2022-06-10 09:08:20
1654852100473103000,27.9,20,27.75,6,27.9,71,1,2022-06-10 09:08:20
1654852100504337000,27.9,5,27.75,6,27.9,66,1,2022-06-10 09:08:20
1654852100533657000,27.9,5,27.75,6,27.9,61,1,2022-06-10 09:08:20
1654852100675961000,27.9,5,27.75,6,27.9,56,1,2022-06-10 09:08:20
1654852100695607000,27.9,50,27.75,6,27.9,6,1,2022-06-10 09:08:20
1654852100729169000,27.9,6,27.75,6,27.95,73,1,2022-06-10 09:08:20
1654852100802247000,27.9,1,27.8,3,27.9,2,1,2022-06-10 09:08:20
1654852100816166000,27.9,1,27.8,3,27.9,1,1,2022-06-10 09:08:20
1654852100833455000,27.9,1,27.9,4,27.95,73,1,2022-06-10 09:08:20
1654852101100871000,27.95,5,27.9,4,27.95,68,1,2022-06-10 09:08:21
1654852101263519000,27.95,1,27.9,4,27.95,67,1,2022-06-10 09:08:21
1654852101287326000,27.95,2,27.9,4,27.95,65,1,2022-06-10 09:08:21
1654852101525895000,27.9,4,27.85,1,27.95,65,2,2022-06-10 09:08:21
1654852101525895000,27.85,1,27.85,1,27.95,65,2,2022-06-10 09:08:21
1654852101665420000,27.95,5,27.9,5,27.95,63,1,2022-06-10 09:08:21
1654852101707494000,27.95,2,27.9,5,27.95,61,1,2022-06-10 09:08:21
1654852101791530000,27.95,1,27.9,5,27.95,61,1,2022-06-10 09:08:21
1654852101889261000,27.95,2,27.9,8,27.95,59,1,2022-06-10 09:08:21
1654852102085180000,27.95,2,27.9,3,27.95,57,1,2022-06-10 09:08:22
1654852102317402000,27.9,1,27.9,2,27.95,53,2,2022-06-10 09:08:22
1654852102451756000,27.95,1,27.85,1,27.95,52,1,2022-06-10 09:08:22
1654852102608891000,27.95,5,27.85,1,27.95,47,1,2022-06-10 09:08:22
1654852103202411000,27.85,1,27.8,5,27.85,9,2,2022-06-10 09:08:23
1654852103314018000,27.85,1,27.8,5,27.85,8,1,2022-06-10 09:08:23
1654852103527737000,27.8,5,27.7,6,27.8,5,2,2022-06-10 09:08:23
1654852104066755000,27.7,1,27.7,1,27.8,6,2,2022-06-10 09:08:24
1654852104138501000,27.7,1,27.65,4,27.8,6,2,2022-06-10 09:08:24
1654852104293072000,27.75,1,27.65,4,27.75,8,1,2022-06-10 09:08:24
1654852104742704000,27.75,1,27.65,4,27.75,22,1,2022-06-10 09:08:24
1654852105102450000,27.65,8,27.6,78,27.65,12,2,2022-06-10 09:08:25
1654852105247732000,27.65,1,27.6,78,27.65,11,1,2022-06-10 09:08:25
1654852105281373000,27.65,1,27.6,78,27.65,10,1,2022-06-10 09:08:25
1654852105790891000,27.6,13,27.6,61,27.65,10,2,2022-06-10 09:08:25
1654852105842288000,27.6,5,27.6,61,27.65,11,2,2022-06-10 09:08:25
1654852105882455000,27.65,1,27.6,61,27.65,10,1,2022-06-10 09:08:25
1654852105999023000,27.65,1,27.6,61,27.65,9,1,2022-06-10 09:08:25
1654852106072886000,27.65,1,27.6,61,27.65,8,1,2022-06-10 09:08:26
1654852106310411000,27.65,4,27.6,61,27.65,3,1,2022-06-10 09:08:26
1654852106338830000,27.65,3,27.6,61,27.7,5,1,2022-06-10 09:08:26
1654852106417351000,27.6,1,27.6,60,27.7,5,2,2022-06-10 09:08:26
1654852107233242000,27.7,1,27.6,60,27.7,4,1,2022-06-10 09:08:27
1654852107500725000,27.7,1,27.6,60,27.7,3,1,2022-06-10 09:08:27
1654852108361330000,27.7,1,27.65,16,27.7,1,1,2022-06-10 09:08:28
1654852108393873000,27.7,1,27.65,16,27.8,12,1,2022-06-10 09:08:28
1654852108726259000,27.65,1,27.65,15,27.8,22,2,2022-06-10 09:08:28
1654852109052773000,27.75,1,27.65,15,27.75,1,2,2022-06-10 09:08:29
1654852110259425000,27.7,1,27.7,11,27.75,16,2,2022-06-10 09:08:30
1654852110590093000,27.7,1,27.7,10,27.75,16,2,2022-06-10 09:08:30
1654852110753365000,27.75,1,27.7,10,27.75,15,1,2022-06-10 09:08:30
1654852110898650000,27.75,1,27.7,10,27.75,14,1,2022-06-10 09:08:30
1654852110978658000,27.7,3,27.7,7,27.75,14,2,2022-06-10 09:08:30
1654852111654813000,27.7,1,27.7,6,27.75,14,2,2022-06-10 09:08:31
1654852111987188000,27.75,10,27.7,7,27.75,4,1,2022-06-10 09:08:31
1654852111998989000,27.7,1,27.7,6,27.75,4,2,2022-06-10 09:08:31
1654852112620650000,27.75,1,27.7,7,27.75,3,1,2022-06-10 09:08:32
1654852113113665000,27.75,1,27.7,7,27.75,2,1,2022-06-10 09:08:33
1654852114324333000,27.75,2,27.7,9,27.8,8,1,2022-06-10 09:08:34
1654852114324333000,27.8,2,27.7,9,27.8,8,1,2022-06-10 09:08:34
1654852115213809000,27.75,3,27.7,13,27.8,8,2,2022-06-10 09:08:35
1654852115213809000,27.7,2,27.7,13,27.8,8,2,2022-06-10 09:08:35
1654852116418139000,27.75,1,27.7,9,27.8,8,2,2022-06-10 09:08:36
1654852116418139000,27.7,9,27.7,9,27.8,8,2,2022-06-10 09:08:36
1654852118660283000,27.75,1,27.7,9,27.75,29,2,2022-06-10 09:08:38
1654852118701571000,27.75,6,27.7,9,27.75,23,1,2022-06-10 09:08:38
1654852118762961000,27.75,15,27.7,9,27.75,8,1,2022-06-10 09:08:38
1654852118877453000,27.75,8,27.7,9,27.8,9,1,2022-06-10 09:08:38
1654852119009661000,27.8,1,27.7,9,27.8,8,1,2022-06-10 09:08:39
1654852119209620000,27.8,1,27.7,9,27.8,7,1,2022-06-10 09:08:39
1654852119981325000,27.75,1,27.7,10,27.75,4,1,2022-06-10 09:08:39
1654852121074952000,27.75,1,27.7,11,27.75,14,1,2022-06-10 09:08:41
1654852121420086000,27.75,15,27.75,15,27.8,69,1,2022-06-10 09:08:41
1654852121676843000,27.75,15,27.7,12,27.75,35,2,2022-06-10 09:08:41
1654852123292613000,27.7,15,27.65,6,27.7,5,2,2022-06-10 09:08:43
1654852123429367000,27.7,1,27.65,10,27.7,4,1,2022-06-10 09:08:43
1654852123516166000,27.65,1,27.65,9,27.7,4,2,2022-06-10 09:08:43
1654852123648500000,27.7,4,27.65,9,27.75,37,1,2022-06-10 09:08:43
1654852123648500000,27.75,1,27.65,9,27.75,37,1,2022-06-10 09:08:43
1654852124053452000,27.7,1,27.7,2,27.75,37,2,2022-06-10 09:08:44
1654852124211253000,27.7,2,27.65,9,27.7,3,2,2022-06-10 09:08:44
1654852124320538000,27.7,1,27.65,9,27.7,2,1,2022-06-10 09:08:44
1654852124616410000,27.7,1,27.65,9,27.7,1,1,2022-06-10 09:08:44
1654852124621807000,27.65,1,27.65,8,27.7,1,2,2022-06-10 09:08:44
1654852124645272000,27.7,1,27.65,8,27.75,39,1,2022-06-10 09:08:44
1654852125104122000,27.7,5,27.65,8,27.7,15,1,2022-06-10 09:08:45
1654852125472808000,27.7,1,27.65,8,27.7,16,1,2022-06-10 09:08:45
1654852125558990000,27.7,1,27.65,8,27.7,15,1,2022-06-10 09:08:45
1654852125633465000,27.65,5,27.65,3,27.7,15,2,2022-06-10 09:08:45
1654852126427121000,27.65,6,27.6,87,27.7,17,1,2022-06-10 09:08:46
1654852126427121000,27.7,4,27.6,87,27.7,17,1,2022-06-10 09:08:46
1654852126767123000,27.65,1,27.6,87,27.7,4,1,2022-06-10 09:08:46
1654852126767123000,27.7,14,27.6,87,27.7,4,1,2022-06-10 09:08:46
1654852126847456000,27.6,1,27.6,86,27.7,4,2,2022-06-10 09:08:46
1654852127011014000,27.65,1,27.6,86,27.65,1,1,2022-06-10 09:08:47
1654852127224449000,27.65,1,27.6,85,27.7,4,1,2022-06-10 09:08:47
1654852127955730000,27.7,2,27.65,1,27.7,5,1,2022-06-10 09:08:47
1654852128130850000,27.65,1,27.6,84,27.7,5,2,2022-06-10 09:08:48
1654852128130850000,27.6,1,27.6,84,27.7,5,2,2022-06-10 09:08:48
1654852128182168000,27.6,1,27.6,83,27.7,5,2,2022-06-10 09:08:48
1654852129124823000,27.65,1,27.6,52,27.7,18,2,2022-06-10 09:08:49
1654852129124823000,27.6,31,27.6,52,27.7,18,2,2022-06-10 09:08:49
1654852129858751000,27.65,3,27.6,52,27.7,15,1,2022-06-10 09:08:49
1654852130466387000,27.65,1,27.65,3,27.7,15,2,2022-06-10 09:08:50
1654852130587700000,27.65,3,27.6,25,27.7,15,2,2022-06-10 09:08:50
1654852130587700000,27.6,27,27.6,25,27.7,15,2,2022-06-10 09:08:50
1654852130697603000,27.65,1,27.6,23,27.7,15,2,2022-06-10 09:08:50
1654852130697603000,27.6,2,27.6,23,27.7,15,2,2022-06-10 09:08:50
1654852130919572000,27.6,6,27.6,17,27.7,25,2,2022-06-10 09:08:50
1654852131137824000,27.6,3,27.6,14,27.7,26,2,2022-06-10 09:08:51
1654852131598346000,27.6,14,27.55,57,27.65,2,2,2022-06-10 09:08:51
1654852131784026000,27.65,1,27.55,57,27.65,3,1,2022-06-10 09:08:51
1654852132200559000,27.6,1,27.55,57,27.6,9,2,2022-06-10 09:08:52
1654852132434032000,27.55,2,27.55,55,27.6,9,2,2022-06-10 09:08:52
1654852133048247000,27.6,4,27.55,55,27.6,6,1,2022-06-10 09:08:53
1654852133075212000,27.6,3,27.55,55,27.6,3,1,2022-06-10 09:08:53
1654852133075324000,27.6,3,27.55,55,27.65,15,1,2022-06-10 09:08:53
1654852133132103000,27.6,1,27.55,55,27.6,1,1,2022-06-10 09:08:53
1654852133678517000,27.55,1,27.55,54,27.6,4,2,2022-06-10 09:08:53
