ts,close,volume,bid_price,bid_volume,ask_price,ask_volume,tick_type,datetime
1654851617841242000,21.1,122,21.1,21,21.15,6,2,2022-06-10 09:00:17
1654851620842403000,21.15,2,21.1,21,21.15,4,1,2022-06-10 09:00:20
1654851620870044000,21.15,4,21.1,21,21.2,28,1,2022-06-10 09:00:20
1654851622475482000,21.2,1,21.1,21,21.2,27,1,2022-06-10 09:00:22
1654851622499537000,21.2,27,21.1,21,21.25,3,1,2022-06-10 09:00:22
1654851625167407000,21.25,2,21.15,2,21.25,1,1,2022-06-10 09:00:25
1654851625203357000,21.25,1,21.15,2,21.3,3,1,2022-06-10 09:00:25
1654851626240991000,21.3,2,21.15,2,21.3,1,1,2022-06-10 09:00:26
1654851626273198000,21.3,1,21.15,2,21.4,3,1,2022-06-10 09:00:26
1654851626835194000,21.2,1,21.2,1,21.4,3,2,2022-06-10 09:00:26
1654851639445535000,21.25,1,21.2,9,21.35,1,2,2022-06-10 09:00:39
1654851648697975000,21.3,1,21.25,7,21.35,2,2,2022-06-10 09:00:48
1654851653179218000,21.25,1,21.25,8,21.35,2,2,2022-06-10 09:00:53
1654851655008641000,21.35,2,21.3,8,21.4,6,1,2022-06-10 09:00:55
1654851662029919000,21.35,2,21.35,3,21.4,6,2,2022-06-10 09:01:02
1654851662056583000,21.4,3,21.35,3,21.4,3,1,2022-06-10 09:01:02
1654851662403071000,21.35,1,21.35,2,21.4,3,2,2022-06-10 09:01:02
1654851663162368000,21.35,2,21.3,26,21.4,3,2,2022-06-10 09:01:03
1654851663861534000,21.4,1,21.35,1,21.4,2,1,2022-06-10 09:01:03
1654851664783890000,21.4,2,21.35,3,21.5,9,1,2022-06-10 09:01:04
1654851666140125000,21.35,2,21.35,1,21.5,9,2,2022-06-10 09:01:06
1654851667632025000,21.5,1,21.35,1,21.5,8,1,2022-06-10 09:01:07
1654851668272952000,21.35,2,21.35,1,21.45,14,2,2022-06-10 09:01:08
1654851673750222000,21.35,4,21.35,4,21.45,15,2,2022-06-10 09:01:13
1654851678701868000,21.35,2,21.35,7,21.4,1,2,2022-06-10 09:01:18
1654851678754650000,21.35,4,21.35,3,21.4,1,2,2022-06-10 09:01:18
1654851678788805000,21.35,3,21.3,29,21.4,1,2,2022-06-10 09:01:18
1654851680229962000,21.35,1,21.35,1,21.4,2,2,2022-06-10 09:01:20
1654851682139404000,21.35,1,21.3,28,21.35,2,2,2022-06-10 09:01:22
1654851684335021000,21.3,1,21.3,27,21.35,2,2,2022-06-10 09:01:24
1654851684673708000,21.3,5,21.3,22,21.35,3,2,2022-06-10 09:01:24
1654851688312660000,21.3,2,21.3,20,21.35,3,2,2022-06-10 09:01:28
1654851690403691000,21.35,3,21.3,22,21.4,1,1,2022-06-10 09:01:30
1654851695433579000,21.35,1,21.3,11,21.35,1,1,2022-06-10 09:01:35
1654851695930977000,21.35,1,21.3,11,21.4,1,1,2022-06-10 09:01:35
1654851699237577000,21.35,1,21.3,21,21.4,1,1,2022-06-10 09:01:39
1654851703086333000,21.35,1,21.35,1,21.4,4,2,2022-06-10 09:01:43
1654851705184508000,21.4,2,21.35,13,21.4,2,1,2022-06-10 09:01:45
1654851706244019000,21.35,5,21.35,8,21.4,2,2,2022-06-10 09:01:46
1654851717240570000,21.35,1,21.35,20,21.4,3,2,2022-06-10 09:01:57
1654851721656812000,21.4,1,21.35,21,21.4,2,1,2022-06-10 09:02:01
1654851723023078000,21.35,20,21.35,1,21.4,2,2,2022-06-10 09:02:03
1654851723055444000,21.35,1,21.3,18,21.4,2,2,2022-06-10 09:02:03
1654851728441622000,21.4,1,21.35,3,21.4,1,1,2022-06-10 09:02:08
1654851729027092000,21.35,1,21.35,2,21.4,1,2,2022-06-10 09:02:09
1654851729514224000,21.35,2,21.35,2,21.4,1,2,2022-06-10 09:02:09
1654851729531042000,21.35,1,21.35,1,21.4,1,2,2022-06-10 09:02:09
1654851731468967000,21.35,1,21.3,18,21.35,1,2,2022-06-10 09:02:11
1654851736205116000,21.35,1,21.3,22,21.35,1,1,2022-06-10 09:02:16
1654851740610799000,21.35,1,21.3,22,21.4,1,1,2022-06-10 09:02:20
1654851742375321000,21.35,1,21.3,22,21.4,1,2,2022-06-10 09:02:22
1654851742727492000,21.4,1,21.3,22,21.45,15,1,2022-06-10 09:02:22
1654851744864086000,21.3,1,21.3,20,21.45,15,2,2022-06-10 09:02:24
1654851753564796000,21.35,3,21.35,7,21.45,15,1,2022-06-10 09:02:33
1654851755992058000,21.35,1,21.35,7,21.45,17,2,2022-06-10 09:02:35
1654851759239353000,21.35,2,21.35,5,21.4,1,2,2022-06-10 09:02:39
1654851759860013000,21.4,1,21.35,5,21.45,16,1,2022-06-10 09:02:39
1654851761245646000,21.35,3,21.35,3,21.45,16,2,2022-06-10 09:02:41
1654851772414253000,21.4,1,21.35,9,21.4,9,1,2022-06-10 09:02:52
1654851775486782000,21.4,2,21.35,9,21.4,9,1,2022-06-10 09:02:55
1654851776864719000,21.4,2,21.35,9,21.4,7,1,2022-06-10 09:02:56
1654851788465792000,21.4,1,21.35,22,21.4,6,1,2022-06-10 09:03:08
1654851791025947000,21.4,1,21.35,22,21.4,7,1,2022-06-10 09:03:11
1654851791180524000,21.4,1,21.35,22,21.4,6,1,2022-06-10 09:03:11
1654851795930862000,21.4,1,21.35,22,21.4,5,1,2022-06-10 09:03:15
1654851798065163000,21.35,3,21.35,19,21.4,10,2,2022-06-10 09:03:18
1654851798681316000,21.4,2,21.35,19,21.4,8,1,2022-06-10 09:03:18
1654851803558183000,21.4,8,21.35,19,21.45,4,1,2022-06-10 09:03:23
1654851803558183000,21.45,12,21.35,19,21.45,4,1,2022-06-10 09:03:23
1654851807234850000,21.45,1,21.35,19,21.45,3,1,2022-06-10 09:03:27
1654851812672565000,21.45,1,21.4,1,21.45,2,1,2022-06-10 09:03:32
1654851818991454000,21.45,3,21.5,2,21.55,16,1,2022-06-10 09:03:38
1654851818991454000,21.5,5,21.5,2,21.55,16,1,2022-06-10 09:03:38
1654851819014410000,21.5,2,21.4,8,21.55,16,2,2022-06-10 09:03:39
1654851819054184000,21.55,3,21.4,8,21.55,13,1,2022-06-10 09:03:39
1654851819331331000,21.55,1,21.4,8,21.55,12,1,2022-06-10 09:03:39
1654851823219920000,21.55,1,21.5,1,21.55,11,1,2022-06-10 09:03:43
1654851823368923000,21.55,10,21.5,1,21.55,1,1,2022-06-10 09:03:43
1654851823404271000,21.55,1,21.5,1,21.6,7,1,2022-06-10 09:03:43
1654851824269044000,21.6,3,21.55,6,21.6,4,1,2022-06-10 09:03:44
1654851824292804000,21.6,4,21.55,6,21.75,3,1,2022-06-10 09:03:44
1654851831496556000,21.75,3,21.6,11,21.8,5,1,2022-06-10 09:03:51
1654851831496556000,21.8,7,21.6,11,21.8,5,1,2022-06-10 09:03:51
1654851832298824000,21.7,1,21.6,11,21.7,13,1,2022-06-10 09:03:52
1654851833147573000,21.7,1,21.6,11,21.7,12,1,2022-06-10 09:03:53
1654851834893145000,21.7,1,21.65,2,21.7,11,1,2022-06-10 09:03:54
1654851836225493000,21.7,10,21.65,2,21.7,1,1,2022-06-10 09:03:56
1654851836256616000,21.7,1,21.65,2,21.75,1,1,2022-06-10 09:03:56
1654851838915458000,21.75,1,21.7,12,21.8,1,1,2022-06-10 09:03:58
1654851838915458000,21.8,4,21.7,12,21.8,1,1,2022-06-10 09:03:58
1654851840808955000,21.8,1,21.75,1,21.85,4,1,2022-06-10 09:04:00
1654851844204651000,21.8,2,21.75,1,21.8,4,1,2022-06-10 09:04:04
1654851845204763000,21.8,1,21.7,20,21.8,3,1,2022-06-10 09:04:05
1654851845820332000,21.8,1,21.75,1,21.8,7,1,2022-06-10 09:04:05
1654851846196028000,21.8,1,21.75,1,21.8,6,1,2022-06-10 09:04:06
1654851846527712000,21.8,1,21.75,1,21.8,5,1,2022-06-10 09:04:06
1654851846766040000,21.8,5,21.75,1,21.85,4,1,2022-06-10 09:04:06
1654851847848844000,21.8,1,21.8,1,21.85,4,2,2022-06-10 09:04:07
1654851848102543000,21.8,0,0.0,0,0.0,0,2,2022-06-10 09:04:08
1654851968584556000,21.95,53,21.95,19,22.0,14,1,2022-06-10 09:06:08
1654851968617283000,21.95,16,21.95,3,22.0,14,2,2022-06-10 09:06:08
1654851969089408000,21.95,4,21.9,41,22.0,14,2,2022-06-10 09:06:09
1654851969089408000,21.9,6,21.9,41,22.0,14,2,2022-06-10 09:06:09
1654851969866770000,21.9,1,21.9,40,22.0,14,2,2022-06-10 09:06:09
1654851970070433000,22.0,1,21.9,40,22.0,13,1,2022-06-10 09:06:10
1654851974746568000,21.9,1,21.9,39,21.95,1,2,2022-06-10 09:06:14
1654851975744341000,21.95,1,21.9,39,22.0,13,1,2022-06-10 09:06:15
1654851976119432000,22.0,2,21.9,38,22.0,11,1,2022-06-10 09:06:16
1654851976878921000,22.0,10,21.9,38,22.0,1,1,2022-06-10 09:06:16
1654851976903435000,22.0,1,21.9,38,22.05,2,1,2022-06-10 09:06:16
1654851977120341000,21.9,1,21.9,37,22.0,15,2,2022-06-10 09:06:17
1654851978187387000,21.95,1,21.9,37,22.0,15,2,2022-06-10 09:06:18
1654851979678903000,22.0,3,21.9,27,22.0,13,1,2022-06-10 09:06:19
1654851980436073000,22.0,5,21.9,23,22.0,8,1,2022-06-10 09:06:20
1654851981787758000,21.95,3,21.9,21,22.0,11,2,2022-06-10 09:06:21
1654851981787758000,21.9,2,21.9,21,22.0,11,2,2022-06-10 09:06:21
1654851982036765000,21.9,2,21.9,19,22.0,11,2,2022-06-10 09:06:22
1654851982922199000,21.95,1,21.95,3,22.0,12,2,2022-06-10 09:06:22
1654851982952667000,21.95,3,21.9,19,22.0,12,2,2022-06-10 09:06:22
1654851982985958000,21.9,10,21.9,9,22.0,12,2,2022-06-10 09:06:22
1654851983271099000,22.0,1,21.9,9,22.0,11,1,2022-06-10 09:06:23
1654851983439956000,21.95,1,21.9,9,22.0,11,1,2022-06-10 09:06:23
1654851983516829000,21.9,9,21.85,43,21.9,6,2,2022-06-10 09:06:23
1654851983570975000,21.9,2,21.85,43,21.9,4,1,2022-06-10 09:06:23
1654851983726377000,21.9,3,21.85,43,21.9,1,1,2022-06-10 09:06:23
1654851984454250000,21.9,1,21.95,4,22.0,12,1,2022-06-10 09:06:24
1654851984487294000,21.95,1,21.95,3,22.0,12,2,2022-06-10 09:06:24
1654851985534181000,22.0,1,21.95,3,22.0,11,1,2022-06-10 09:06:25
1654851985690932000,22.0,3,21.95,3,22.0,8,1,2022-06-10 09:06:25
1654851985962471000,21.95,3,21.95,6,22.0,8,2,2022-06-10 09:06:25
1654851987396626000,21.95,1,21.95,5,22.0,9,2,2022-06-10 09:06:27
1654851987569744000,21.95,2,21.95,3,22.0,9,2,2022-06-10 09:06:27
1654851987693249000,21.95,3,21.9,3,22.0,9,2,2022-06-10 09:06:27
1654851989523723000,21.95,2,21.95,1,22.0,9,1,2022-06-10 09:06:29
1654851990630131000,21.95,1,21.95,1,22.0,9,2,2022-06-10 09:06:30
1654851990900092000,21.95,1,21.9,5,22.0,9,2,2022-06-10 09:06:30
1654851991287683000,21.95,1,21.9,5,22.0,9,2,2022-06-10 09:06:31
1654851992999087000,21.95,1,21.9,15,22.0,5,1,2022-06-10 09:06:32
1654851992999087000,22.0,4,21.9,15,22.0,5,1,2022-06-10 09:06:32
1654851993021119000,21.9,1,21.9,14,22.0,5,2,2022-06-10 09:06:33
1654851994610795000,21.95,1,21.9,14,22.0,6,1,2022-06-10 09:06:34
1654851994610795000,22.0,2,21.9,14,22.0,6,1,2022-06-10 09:06:34
1654851996489348000,22.0,2,21.95,1,22.0,4,1,2022-06-10 09:06:36
1654851996628330000,21.95,1,21.9,20,21.95,4,2,2022-06-10 09:06:36
1654851997002919000,21.95,2,21.9,20,21.95,2,1,2022-06-10 09:06:37
1654851999646079000,21.95,1,21.9,21,21.95,1,1,2022-06-10 09:06:39
1654852000001502000,21.95,1,21.95,9,22.0,4,1,2022-06-10 09:06:40
1654852000408577000,21.95,1,21.95,8,22.0,4,2,2022-06-10 09:06:40
1654852000543613000,22.0,1,21.95,8,22.0,3,1,2022-06-10 09:06:40
1654852001221099000,22.0,2,21.95,9,22.0,1,1,2022-06-10 09:06:41
1654852004772854000,22.0,1,21.95,19,22.0,3,1,2022-06-10 09:06:44
1654852005774722000,22.0,1,21.95,19,22.0,2,1,2022-06-10 09:06:45
1654852005954315000,22.0,2,22.0,8,22.05,2,1,2022-06-10 09:06:45
1654852008061415000,22.05,1,22.0,14,22.05,1,1,2022-06-10 09:06:48
1654852009384546000,22.05,1,22.1,13,22.2,16,1,2022-06-10 09:06:49
1654852009384546000,22.1,6,22.1,13,22.2,16,1,2022-06-10 09:06:49
1654852010707932000,22.1,1,22.1,12,22.2,16,2,2022-06-10 09:06:50
1654852013904271000,22.15,1,22.1,12,22.15,1,1,2022-06-10 09:06:53
1654852014262195000,22.15,1,22.1,12,22.2,17,1,2022-06-10 09:06:54
1654852015017400000,22.1,1,22.1,11,22.2,17,2,2022-06-10 09:06:55
1654852015229477000,22.2,10,22.1,15,22.2,7,1,2022-06-10 09:06:55
1654852016505381000,22.2,1,22.15,5,22.2,6,1,2022-06-10 09:06:56
1654852016920353000,22.2,6,22.15,6,22.3,9,1,2022-06-10 09:06:56
1654852016920353000,22.25,3,22.15,6,22.3,9,1,2022-06-10 09:06:56
1654852016920353000,22.3,1,22.15,6,22.3,9,1,2022-06-10 09:06:56
1654852017222470000,22.3,1,22.15,7,22.3,6,1,2022-06-10 09:06:57
1654852017566823000,22.15,1,22.15,8,22.3,6,2,2022-06-10 09:06:57
1654852018307034000,22.3,3,22.15,8,22.3,3,1,2022-06-10 09:06:58
1654852018503455000,22.15,1,22.15,7,22.3,3,2,2022-06-10 09:06:58
1654852018689100000,22.3,3,22.15,7,22.35,2,1,2022-06-10 09:06:58
1654852018976293000,22.3,1,22.35,8,22.4,7,1,2022-06-10 09:06:58
1654852018976293000,22.35,2,22.35,8,22.4,7,1,2022-06-10 09:06:58
1654852019008459000,22.35,3,22.35,5,22.4,7,2,2022-06-10 09:06:59
1654852019049037000,22.35,5,22.2,2,22.4,7,2,2022-06-10 09:06:59
1654852019516976000,22.4,7,22.2,2,22.6,251,1,2022-06-10 09:06:59
1654852019516976000,22.45,3,22.2,2,22.6,251,1,2022-06-10 09:06:59
1654852019516976000,22.5,4,22.2,2,22.6,251,1,2022-06-10 09:06:59
1654852019516976000,22.55,1,22.2,2,22.6,251,1,2022-06-10 09:06:59
1654852019516976000,22.6,15,22.2,2,22.6,251,1,2022-06-10 09:06:59
1654852019601517000,22.25,1,22.2,1,22.6,251,2,2022-06-10 09:06:59
1654852019601517000,22.2,1,22.2,1,22.6,251,2,2022-06-10 09:06:59
1654852020229083000,22.3,1,22.3,7,22.55,1,1,2022-06-10 09:07:00
1654852020255529000,22.3,2,22.3,5,22.55,1,2,2022-06-10 09:07:00
1654852020298011000,22.35,2,22.3,2,22.5,1,2,2022-06-10 09:07:00
1654852020298011000,22.3,3,22.3,2,22.5,1,2,2022-06-10 09:07:00
1654852020760961000,22.5,2,22.5,8,22.55,1,1,2022-06-10 09:07:00
1654852020793527000,22.5,6,22.5,2,22.55,1,2,2022-06-10 09:07:00
1654852020793710000,22.5,2,22.3,2,22.55,1,2,2022-06-10 09:07:00
1654852021885060000,22.35,1,22.3,2,22.6,244,1,2022-06-10 09:07:01
1654852021885060000,22.5,1,22.3,2,22.6,244,1,2022-06-10 09:07:01
1654852021885060000,22.55,1,22.3,2,22.6,244,1,2022-06-10 09:07:01
1654852021885060000,22.6,7,22.3,2,22.6,244,1,2022-06-10 09:07:01
1654852022235244000,22.45,1,22.35,1,22.6,244,1,2022-06-10 09:07:02
1654852022250934000,22.4,1,22.35,1,22.6,244,1,2022-06-10 09:07:02
1654852022262132000,22.35,1,22.3,2,22.6,244,2,2022-06-10 09:07:02
1654852022898191000,22.55,1,22.35,1,22.55,6,1,2022-06-10 09:07:02
1654852023287536000,22.55,1,22.4,3,22.55,6,1,2022-06-10 09:07:03
1654852023322261000,22.4,3,22.35,1,22.55,6,2,2022-06-10 09:07:03
1654852023599791000,22.5,1,22.35,1,22.5,7,1,2022-06-10 09:07:03
1654852023869589000,22.35,1,22.3,3,22.5,7,2,2022-06-10 09:07:03
1654852023869589000,22.3,4,22.3,3,22.5,7,2,2022-06-10 09:07:03
1654852024436817000,22.45,1,22.35,1,22.5,6,1,2022-06-10 09:07:04
1654852024436817000,22.5,1,22.35,1,22.5,6,1,2022-06-10 09:07:04
1654852024803386000,22.35,1,22.3,3,22.45,1,2,2022-06-10 09:07:04
1654852025417330000,22.35,1,22.3,3,22.5,6,1,2022-06-10 09:07:05
1654852025417330000,22.45,1,22.3,3,22.5,6,1,2022-06-10 09:07:05
1654852025819668000,22.35,1,22.35,4,22.45,1,2,2022-06-10 09:07:05
1654852025967422000,22.35,5,22.3,3,22.45,1,2,2022-06-10 09:07:05
1654852026211130000,22.45,1,22.3,4,22.5,6,1,2022-06-10 09:07:06
1654852026336343000,22.5,1,22.35,1,22.5,5,1,2022-06-10 09:07:06
1654852028337256000,22.45,1,22.45,2,22.5,8,2,2022-06-10 09:07:08
1654852028369114000,22.45,2,22.35,4,22.5,8,2,2022-06-10 09:07:08
1654852028378688000,22.5,8,22.35,4,22.55,5,1,2022-06-10 09:07:08
1654852028378688000,22.55,3,22.35,4,22.55,5,1,2022-06-10 09:07:08
1654852029691206000,22.45,1,22.35,6,22.45,2,2,2022-06-10 09:07:09
1654852030924434000,22.45,1,22.4,1,22.45,1,1,2022-06-10 09:07:10
1654852031340573000,22.45,1,22.45,2,22.5,2,1,2022-06-10 09:07:11
1654852032138076000,22.5,2,22.45,2,22.55,6,1,2022-06-10 09:07:12
1654852033086080000,22.45,1,22.45,1,22.55,7,2,2022-06-10 09:07:13
1654852033289272000,22.45,1,22.4,2,22.55,7,2,2022-06-10 09:07:13
1654852036101740000,22.45,1,22.4,3,22.55,8,2,2022-06-10 09:07:16
1654852037720972000,22.5,5,22.45,1,22.55,5,1,2022-06-10 09:07:17
1654852037720972000,22.55,5,22.45,1,22.55,5,1,2022-06-10 09:07:17
1654852037861526000,22.55,2,22.45,1,22.55,3,1,2022-06-10 09:07:17
1654852038476344000,22.55,2,22.45,3,22.55,3,1,2022-06-10 09:07:18
1654852039336612000,22.45,3,22.4,3,22.5,1,2,2022-06-10 09:07:19
1654852039336612000,22.4,2,22.4,3,22.5,1,2,2022-06-10 09:07:19
1654852040106791000,22.5,1,22.4,4,22.5,1,1,2022-06-10 09:07:20
1654852040972215000,22.5,2,22.45,1,22.5,1,1,2022-06-10 09:07:20
1654852041145435000,22.5,1,22.45,1,22.5,1,1,2022-06-10 09:07:21
1654852041740250000,22.45,1,22.4,9,22.5,4,2,2022-06-10 09:07:21
1654852041910760000,22.4,1,22.4,8,22.5,4,2,2022-06-10 09:07:21
1654852043616991000,22.5,5,22.5,3,22.55,5,1,2022-06-10 09:07:23
1654852043640393000,22.5,3,22.45,1,22.55,5,2,2022-06-10 09:07:23
1654852044447904000,22.5,1,22.5,14,22.55,5,2,2022-06-10 09:07:24
1654852046832932000,22.5,1,22.5,19,22.55,6,2,2022-06-10 09:07:26
1654852046846737000,22.5,19,22.45,6,22.55,6,2,2022-06-10 09:07:26
1654852047115965000,22.55,3,22.45,6,22.55,4,1,2022-06-10 09:07:27
1654852048195269000,22.5,1,22.45,6,22.55,4,1,2022-06-10 09:07:28
1654852048230354000,22.55,1,22.45,6,22.55,3,1,2022-06-10 09:07:28
1654852049393036000,22.5,1,22.45,6,22.55,3,2,2022-06-10 09:07:29
1654852050381365000,22.5,2,22.45,7,22.5,1,1,2022-06-10 09:07:30
1654852050450958000,22.5,1,22.45,7,22.55,4,1,2022-06-10 09:07:30
1654852051504281000,22.55,1,22.45,7,22.55,4,1,2022-06-10 09:07:31
1654852052807468000,22.5,1,22.45,7,22.5,1,1,2022-06-10 09:07:32
1654852053733989000,22.5,1,22.45,14,22.55,5,1,2022-06-10 09:07:33
1654852054002078000,22.45,5,22.45,9,22.55,5,2,2022-06-10 09:07:34
1654852054379682000,22.5,2,22.45,8,22.55,7,2,2022-06-10 09:07:34
1654852054379682000,22.45,1,22.45,8,22.55,7,2,2022-06-10 09:07:34
1654852055864132000,22.45,2,22.45,6,22.55,8,2,2022-06-10 09:07:35
1654852055908036000,22.55,2,22.45,6,22.55,6,1,2022-06-10 09:07:35
1654852056636599000,22.55,1,22.45,6,22.55,5,1,2022-06-10 09:07:36
1654852056952894000,22.55,2,22.45,6,22.55,3,1,2022-06-10 09:07:36
1654852057450270000,22.55,3,22.55,7,22.6,260,1,2022-06-10 09:07:37
1654852058972055000,22.55,1,22.55,6,22.6,260,2,2022-06-10 09:07:38
1654852058980232000,22.55,5,22.55,1,22.6,260,2,2022-06-10 09:07:38
1654852059008576000,22.55,1,22.5,2,22.6,260,2,2022-06-10 09:07:39
1654852060224547000,22.5,2,22.45,6,22.55,2,2,2022-06-10 09:07:40
1654852060991542000,22.55,2,22.5,2,22.55,1,1,2022-06-10 09:07:40
1654852061477127000,22.55,1,22.5,2,22.6,260,1,2022-06-10 09:07:41
1654852062523516000,22.55,5,22.55,5,22.6,260,2,2022-06-10 09:07:42
1654852062643733000,22.55,5,22.5,2,22.6,260,2,2022-06-10 09:07:42
1654852062659194000,22.6,2,22.5,2,22.6,258,1,2022-06-10 09:07:42
1654852063527796000,22.5,1,22.5,3,22.6,258,2,2022-06-10 09:07:43
1654852063970686000,22.55,1,22.55,4,22.6,258,2,2022-06-10 09:07:43
1654852064235347000,22.55,1,22.55,3,22.6,258,2,2022-06-10 09:07:44
1654852064302643000,22.6,2,22.55,3,22.6,256,1,2022-06-10 09:07:44
1654852064764398000,22.55,3,22.5,5,22.55,2,2,2022-06-10 09:07:44
1654852065744671000,22.55,1,22.5,5,22.55,1,1,2022-06-10 09:07:45
1654852066664645000,22.55,2,22.5,13,22.6,256,1,2022-06-10 09:07:46
1654852066911156000,22.55,1,22.5,13,22.6,256,1,2022-06-10 09:07:46
1654852067391437000,22.6,1,22.5,17,22.6,255,1,2022-06-10 09:07:47
1654852067767808000,22.55,3,22.55,2,22.6,255,1,2022-06-10 09:07:47
1654852068855261000,22.55,1,22.55,1,22.6,255,2,2022-06-10 09:07:48
1654852069223250000,22.55,3,22.5,17,22.55,3,2,2022-06-10 09:07:49
1654852069253316000,22.55,1,22.5,17,22.55,2,1,2022-06-10 09:07:49
1654852070028754000,22.5,3,22.5,14,22.55,7,2,2022-06-10 09:07:50
1654852070089219000,22.5,2,22.5,12,22.55,7,2,2022-06-10 09:07:50
1654852070166223000,22.55,1,22.5,12,22.55,6,1,2022-06-10 09:07:50
1654852071542118000,22.55,1,22.5,13,22.55,5,1,2022-06-10 09:07:51
1654852072229650000,22.55,1,22.5,13,22.55,4,1,2022-06-10 09:07:52
1654852072753765000,22.55,1,22.5,13,22.55,3,1,2022-06-10 09:07:52
1654852073094815000,22.55,2,22.5,13,22.55,3,1,2022-06-10 09:07:53
1654852073534797000,22.55,3,22.55,1,22.6,254,1,2022-06-10 09:07:53
1654852074869877000,22.55,1,22.55,1,22.6,254,2,2022-06-10 09:07:54
1654852077161633000,22.55,1,22.5,13,22.6,263,2,2022-06-10 09:07:57
1654852079872215000,22.55,5,22.5,17,22.6,263,1,2022-06-10 09:07:59
1654852080883964000,22.5,1,22.5,17,22.6,263,2,2022-06-10 09:08:00
1654852082489379000,22.5,3,22.5,15,22.6,263,2,2022-06-10 09:08:02
1654852084432972000,22.5,1,22.5,16,22.55,2,2,2022-06-10 09:08:04
1654852084641848000,22.55,1,22.5,16,22.55,1,1,2022-06-10 09:08:04
1654852084820082000,22.55,1,22.5,16,22.6,262,1,2022-06-10 09:08:04
1654852084820082000,22.6,1,22.5,16,22.6,262,1,2022-06-10 09:08:04
1654852086010332000,22.5,1,22.5,15,22.6,262,2,2022-06-10 09:08:06
1654852087266655000,22.55,2,22.5,16,22.55,1,2,2022-06-10 09:08:07
1654852087400053000,22.5,1,22.5,15,22.55,1,2,2022-06-10 09:08:07
1654852088355613000,22.55,1,22.5,16,22.6,262,1,2022-06-10 09:08:08
1654852088654260000,22.5,2,22.5,14,22.6,262,2,2022-06-10 09:08:08
1654852089940160000,22.5,1,22.5,13,22.6,262,2,2022-06-10 09:08:09
1654852090506560000,22.5,13,22.45,18,22.6,262,2,2022-06-10 09:08:10
1654852091084003000,22.5,2,22.45,18,22.5,1,2,2022-06-10 09:08:11
1654852091817880000,22.5,1,22.45,18,22.55,16,1,2022-06-10 09:08:11
1654852092556575000,22.45,1,22.45,17,22.55,17,2,2022-06-10 09:08:12
1654852094246063000,22.5,3,22.5,1,22.55,27,1,2022-06-10 09:08:14
1654852094327136000,22.5,1,22.45,17,22.5,1,2,2022-06-10 09:08:14
1654852095642277000,22.45,1,22.45,16,22.5,2,2,2022-06-10 09:08:15
1654852097184996000,22.45,1,22.45,15,22.5,4,2,2022-06-10 09:08:17
1654852097468443000,22.45,2,22.45,14,22.5,4,2,2022-06-10 09:08:17
1654852098287613000,22.45,2,22.45,12,22.5,4,2,2022-06-10 09:08:18
1654852098795530000,22.45,1,22.45,11,22.5,4,2,2022-06-10 09:08:18
1654852099454127000,22.45,1,22.45,10,22.5,5,2,2022-06-10 09:08:19
1654852100312769000,22.45,1,22.45,9,22.5,6,2,2022-06-10 09:08:20
1654852100547675000,22.45,1,22.45,8,22.5,6,2,2022-06-10 09:08:20
1654852101638512000,22.45,1,22.45,7,22.5,6,2,2022-06-10 09:08:21
1654852101786130000,22.45,1,22.45,6,22.5,6,2,2022-06-10 09:08:21
1654852101851076000,22.5,1,22.45,6,22.5,5,1,2022-06-10 09:08:21
1654852101873795000,22.45,1,22.45,5,22.5,15,2,2022-06-10 09:08:21
1654852102384299000,22.5,2,22.45,5,22.5,16,1,2022-06-10 09:08:22
1654852102452174000,22.45,1,22.45,4,22.5,16,2,2022-06-10 09:08:22
1654852103117194000,22.45,1,22.45,3,22.5,16,2,2022-06-10 09:08:23
1654852103383745000,22.45,1,22.45,2,22.5,16,2,2022-06-10 09:08:23
1654852103394282000,22.45,1,22.45,1,22.5,16,2,2022-06-10 09:08:23
1654852104277736000,22.45,1,22.4,16,22.5,16,2,2022-06-10 09:08:24
1654852105879514000,22.4,8,22.4,7,22.45,2,2,2022-06-10 09:08:25
1654852107238287000,22.4,1,22.4,6,22.45,4,2,2022-06-10 09:08:27
1654852108261832000,22.4,2,22.4,4,22.45,5,2,2022-06-10 09:08:28
1654852108394501000,22.4,2,22.4,2,22.45,5,2,2022-06-10 09:08:28
1654852108412671000,22.4,2,22.35,8,22.45,5,2,2022-06-10 09:08:28
1654852108412671000,22.35,2,22.35,8,22.45,5,2,2022-06-10 09:08:28
1654852108791678000,22.4,1,22.35,8,22.45,3,1,2022-06-10 09:08:28
1654852108791678000,22.45,4,22.35,8,22.45,3,1,2022-06-10 09:08:28
1654852109415579000,22.35,1,22.35,7,22.4,3,2,2022-06-10 09:08:29
1654852109606127000,22.4,1,22.35,7,22.4,2,1,2022-06-10 09:08:29
1654852109777047000,22.4,1,22.35,7,22.4,1,1,2022-06-10 09:08:29
1654852111493445000,22.35,1,22.35,6,22.4,3,2,2022-06-10 09:08:31
1654852111677875000,22.35,1,22.35,5,22.4,3,2,2022-06-10 09:08:31
1654852112536355000,22.4,1,22.35,5,22.4,2,1,2022-06-10 09:08:32
1654852113653571000,22.4,1,22.35,5,22.4,1,1,2022-06-10 09:08:33
1654852113867518000,22.35,1,22.35,4,22.4,1,2,2022-06-10 09:08:33
1654852114025770000,22.35,1,22.35,3,22.4,1,2,2022-06-10 09:08:34
1654852118049513000,22.35,2,22.35,1,22.4,1,2,2022-06-10 09:08:38
1654852118087379000,22.35,1,22.3,8,22.4,1,2,2022-06-10 09:08:38
1654852123433542000,22.35,2,22.35,5,22.4,1,2,2022-06-10 09:08:43
1654852123463860000,22.4,1,22.35,5,22.45,17,1,2022-06-10 09:08:43
1654852123492155000,22.35,1,22.35,4,22.45,17,2,2022-06-10 09:08:43
1654852124180840000,22.35,2,22.35,2,22.45,17,2,2022-06-10 09:08:44
1654852124596336000,22.35,1,22.35,1,22.45,16,2,2022-06-10 09:08:44
1654852127047846000,22.35,1,22.3,8,22.45,16,2,2022-06-10 09:08:47
1654852129591004000,22.45,5,22.35,12,22.45,11,1,2022-06-10 09:08:49
1654852130475746000,22.4,2,22.35,12,22.45,11,1,2022-06-10 09:08:50
1654852136614963000,22.4,1,22.35,15,22.4,2,1,2022-06-10 09:08:56
1654852138855985000,22.4,3,22.4,3,22.45,25,1,2022-06-10 09:08:58
1654852139133837000,22.4,2,22.4,1,22.45,25,2,2022-06-10 09:08:59
1654852141971098000,22.4,1,22.35,27,22.45,25,2,2022-06-10 09:09:01
1654852143145668000,22.35,4,22.35,33,22.45,25,2,2022-06-10 09:09:03
1654852144815914000,22.35,8,22.35,25,22.4,1,2,2022-06-10 09:09:04
1654852144933408000,22.4,1,22.35,25,22.45,25,1,2022-06-10 09:09:04
1654852149482241000,22.4,1,22.4,1,22.45,25,2,2022-06-10 09:09:09
1654852153430614000,22.4,1,22.4,1,22.45,25,2,2022-06-10 09:09:13
1654852157413482000,22.4,1,22.35,38,22.45,24,2,2022-06-10 09:09:17
1654852161281729000,22.35,1,22.35,39,22.4,3,2,2022-06-10 09:09:21
1654852161718129000,22.35,15,22.35,29,22.4,3,2,2022-06-10 09:09:21
1654852161815133000,22.4,1,22.35,29,22.4,2,1,2022-06-10 09:09:21
1654852163677832000,22.4,1,22.35,29,22.4,1,1,2022-06-10 09:09:23
1654852164114062000,22.4,1,22.4,1,22.45,24,1,2022-06-10 09:09:24
1654852164468041000,22.4,1,22.4,1,22.45,24,2,2022-06-10 09:09:24
1654852166034922000,22.4,1,22.35,20,22.45,24,2,2022-06-10 09:09:26
1654852166034922000,22.35,9,22.35,20,22.45,24,2,2022-06-10 09:09:26
1654852166285157000,22.4,1,22.35,20,22.45,23,1,2022-06-10 09:09:26
1654852166285157000,22.45,1,22.35,20,22.45,23,1,2022-06-10 09:09:26
1654852170352858000,22.4,5,22.35,20,22.45,26,1,2022-06-10 09:09:30
1654852170848034000,22.4,1,22.35,20,22.45,26,1,2022-06-10 09:09:30
1654852170886963000,22.45,1,22.35,20,22.45,25,1,2022-06-10 09:09:30
1654852176688508000,22.45,5,22.4,1,22.45,30,1,2022-06-10 09:09:36
1654852179953106000,22.45,2,22.4,2,22.45,29,1,2022-06-10 09:09:39
1654852181773833000,22.4,1,22.4,1,22.45,34,2,2022-06-10 09:09:41
1654852183537423000,22.4,1,22.35,20,22.4,4,2,2022-06-10 09:09:43
1654852190641179000,22.4,2,22.35,20,22.4,3,1,2022-06-10 09:09:50
1654852194455721000,22.4,1,22.35,21,22.4,2,1,2022-06-10 09:09:54
1654852194496383000,22.35,1,22.35,20,22.4,2,2,2022-06-10 09:09:54
1654852198099391000,22.35,5,22.35,15,22.4,6,2,2022-06-10 09:09:58
1654852199311709000,22.35,3,22.35,11,22.4,6,2,2022-06-10 09:09:59
1654852199350100000,22.35,6,22.35,5,22.4,6,2,2022-06-10 09:09:59
1654852199357773000,22.35,1,22.35,4,22.4,6,2,2022-06-10 09:09:59
1654852199379449000,22.35,4,22.3,9,22.4,6,2,2022-06-10 09:09:59
1654852203499336000,22.35,2,22.3,7,22.35,3,1,2022-06-10 09:10:03
1654852206312169000,22.3,1,22.3,6,22.35,3,2,2022-06-10 09:10:06
1654852207428029000,22.3,2,22.3,4,22.35,4,2,2022-06-10 09:10:07
1654852209019956000,22.3,1,22.25,2,22.3,3,2,2022-06-10 09:10:09
1654852209170149000,22.3,1,22.25,2,22.3,2,1,2022-06-10 09:10:09
1654852210621333000,22.3,1,22.25,2,22.3,1,1,2022-06-10 09:10:10
1654852216828710000,22.25,1,22.2,8,22.3,5,2,2022-06-10 09:10:16
1654852222099134000,22.25,1,22.25,4,22.3,7,2,2022-06-10 09:10:22
1654852222783418000,22.25,1,22.25,3,22.3,7,2,2022-06-10 09:10:22
1654852226792560000,22.25,3,22.2,7,22.3,7,2,2022-06-10 09:10:26
1654852227137116000,22.2,1,22.2,6,22.3,7,2,2022-06-10 09:10:27
1654852233654621000,22.2,3,22.2,3,22.3,23,2,2022-06-10 09:10:33
1654852234627410000,22.2,2,22.2,1,22.3,23,2,2022-06-10 09:10:34
1654852236909719000,22.25,1,22.2,1,22.3,24,1,2022-06-10 09:10:36
1654852237748523000,22.2,1,22.15,11,22.3,24,2,2022-06-10 09:10:37
1654852239395279000,22.2,1,22.15,9,22.3,24,2,2022-06-10 09:10:39
1654852241475739000,22.2,1,22.15,9,22.2,1,1,2022-06-10 09:10:41
1654852241530531000,22.15,1,22.15,8,22.2,1,2,2022-06-10 09:10:41
1654852244394879000,22.2,1,22.2,4,22.25,6,1,2022-06-10 09:10:44
1654852245035329000,22.2,1,22.2,4,22.25,6,2,2022-06-10 09:10:45
1654852245178173000,22.2,1,22.2,3,22.25,6,2,2022-06-10 09:10:45
1654852245213952000,22.2,1,22.2,2,22.25,6,2,2022-06-10 09:10:45
1654852248853631000,22.2,2,22.2,4,22.25,6,2,2022-06-10 09:10:48
1654852248896781000,22.2,1,22.2,3,22.25,6,2,2022-06-10 09:10:48
1654852249576801000,22.2,1,22.2,2,22.25,6,2,2022-06-10 09:10:49
1654852252023688000,22.2,2,22.15,13,22.2,1,2,2022-06-10 09:10:52
1654852252579050000,22.2,1,22.2,1,22.25,6,1,2022-06-10 09:10:52
1654852253863094000,22.2,1,22.15,13,22.25,6,2,2022-06-10 09:10:53
1654852262503608000,22.2,1,22.15,16,22.25,1,1,2022-06-10 09:11:02
1654852268594275000,22.2,10,22.2,10,22.25,1,2,2022-06-10 09:11:08
1654852268599151000,22.25,1,22.25,1,22.3,10,1,2022-06-10 09:11:08
1654852274789767000,22.25,1,22.2,10,22.3,7,2,2022-06-10 09:11:14
1654852277403181000,22.25,1,22.2,10,22.3,7,2,2022-06-10 09:11:17
1654852279124168000,22.25,1,22.2,10,22.3,7,1,2022-06-10 09:11:19
1654852284912276000,22.2,7,22.2,3,22.3,7,2,2022-06-10 09:11:24
1654852286221105000,22.2,3,22.1,24,22.3,6,2,2022-06-10 09:11:26
1654852286221105000,22.15,12,22.1,24,22.3,6,2,2022-06-10 09:11:26
1654852286221105000,22.1,2,22.1,24,22.3,6,2,2022-06-10 09:11:26
1654852296275437000,22.15,1,22.1,21,22.2,4,2,2022-06-10 09:11:36
1654852301524594000,22.15,1,22.1,21,22.2,5,1,2022-06-10 09:11:41
1654852306347280000,22.2,2,22.15,3,22.2,3,1,2022-06-10 09:11:46
1654852306377675000,22.2,3,22.15,3,22.25,2,1,2022-06-10 09:11:46
1654852307615190000,22.15,3,22.1,24,22.2,2,2,2022-06-10 09:11:47
1654852309772945000,22.2,2,22.15,3,22.35,3,1,2022-06-10 09:11:49
1654852309772945000,22.25,2,22.15,3,22.35,3,1,2022-06-10 09:11:49
1654852309772945000,22.3,6,22.15,3,22.35,3,1,2022-06-10 09:11:49
1654852311608166000,22.2,1,22.15,3,22.35,3,2,2022-06-10 09:11:51
1654852317488271000,22.3,1,22.2,3,22.35,1,1,2022-06-10 09:11:57
1654852317488271000,22.35,2,22.2,3,22.35,1,1,2022-06-10 09:11:57
1654852318757414000,22.35,1,22.2,3,22.45,11,1,2022-06-10 09:11:58
1654852318757414000,22.4,7,22.2,3,22.45,11,1,2022-06-10 09:11:58
1654852318757414000,22.45,2,22.2,3,22.45,11,1,2022-06-10 09:11:58
1654852323412664000,22.45,2,22.3,1,22.45,8,1,2022-06-10 09:12:03
1654852324467455000,22.3,1,22.25,1,22.45,8,2,2022-06-10 09:12:04
1654852324468504000,22.25,1,22.2,4,22.45,8,2,2022-06-10 09:12:04
1654852324472399000,22.2,1,22.2,3,22.45,8,2,2022-06-10 09:12:04
1654852328582797000,22.45,1,22.2,7,22.45,8,1,2022-06-10 09:12:08
1654852328937353000,22.45,3,22.2,9,22.45,5,1,2022-06-10 09:12:08
1654852336814667000,22.35,1,22.2,15,22.4,1,1,2022-06-10 09:12:16
1654852341317528000,22.4,1,22.25,1,22.4,1,1,2022-06-10 09:12:21
1654852342496466000,22.4,1,22.4,1,22.45,18,1,2022-06-10 09:12:22
1654852342527924000,22.4,1,22.25,1,22.45,18,2,2022-06-10 09:12:22
1654852354940910000,22.35,2,22.25,2,22.4,2,1,2022-06-10 09:12:34
1654852358993752000,22.25,1,22.25,1,22.3,1,2,2022-06-10 09:12:38
1654852361008406000,22.3,1,22.35,2,22.4,3,1,2022-06-10 09:12:41
1654852361008406000,22.35,2,22.35,2,22.4,3,1,2022-06-10 09:12:41
1654852361052424000,22.35,1,22.35,1,22.4,3,2,2022-06-10 09:12:41
1654852361064809000,22.35,1,22.25,1,22.4,3,2,2022-06-10 09:12:41
1654852361640633000,22.4,1,22.3,2,22.4,2,1,2022-06-10 09:12:41
1654852370757461000,22.35,1,22.3,10,22.4,3,2,2022-06-10 09:12:50
1654852376903026000,22.35,1,22.3,10,22.4,4,2,2022-06-10 09:12:56
1654852389067110000,22.35,2,22.3,11,22.4,4,2,2022-06-10 09:13:09
1654852389067110000,22.3,1,22.3,11,22.4,4,2,2022-06-10 09:13:09
1654852389437002000,22.35,1,22.3,11,22.4,4,2,2022-06-10 09:13:09
1654852390209508000,22.4,4,22.3,11,22.45,18,1,2022-06-10 09:13:10
1654852394641380000,22.4,1,22.4,4,22.45,18,2,2022-06-10 09:13:14
1654852401404291000,22.4,3,22.4,1,22.45,18,2,2022-06-10 09:13:21
1654852401444384000,22.4,1,22.3,11,22.45,18,2,2022-06-10 09:13:21
1654852407253369000,22.4,1,22.3,11,22.4,7,1,2022-06-10 09:13:27
1654852413178237000,22.35,1,22.3,11,22.4,29,2,2022-06-10 09:13:33
1654852423058627000,22.35,2,22.3,11,22.4,30,2,2022-06-10 09:13:43
1654852433948415000,22.3,5,22.3,5,22.35,2,2,2022-06-10 09:13:53
1654852434070063000,22.3,1,22.3,4,22.35,2,2,2022-06-10 09:13:54
1654852436422732000,22.35,2,22.3,4,22.4,30,1,2022-06-10 09:13:56
1654852439735887000,22.35,1,22.3,4,22.4,30,2,2022-06-10 09:13:59
1654852441733038000,22.3,4,22.25,1,22.3,6,2,2022-06-10 09:14:01
1654852445434263000,22.3,5,22.25,1,22.3,1,1,2022-06-10 09:14:05
1654852445465499000,22.3,1,22.25,1,22.35,2,1,2022-06-10 09:14:05
1654852450052474000,22.25,1,22.25,2,22.3,2,2,2022-06-10 09:14:10
1654852456995638000,22.25,2,22.2,22,22.25,1,2,2022-06-10 09:14:16
1654852457028789000,22.25,1,22.2,22,22.3,2,1,2022-06-10 09:14:17
1654852469706585000,22.3,3,22.2,26,22.35,6,1,2022-06-10 09:14:29
1654852492689739000,22.3,2,22.25,2,22.3,2,1,2022-06-10 09:14:52
1654852495511939000,22.25,2,22.2,33,22.25,3,2,2022-06-10 09:14:55
1654852501820123000,22.25,3,22.2,33,22.3,2,1,2022-06-10 09:15:01
1654852504761886000,22.3,2,22.25,3,22.35,6,1,2022-06-10 09:15:04
1654852509627880000,22.25,3,22.2,26,22.3,1,2,2022-06-10 09:15:09
1654852509627880000,22.2,7,22.2,26,22.3,1,2,2022-06-10 09:15:09
1654852510274027000,22.3,1,22.2,26,22.35,6,1,2022-06-10 09:15:10
1654852519008371000,22.3,1,22.25,2,22.35,16,2,2022-06-10 09:15:19
1654852519658024000,22.3,1,22.25,2,22.3,1,1,2022-06-10 09:15:19
1654852520265421000,22.25,2,22.2,26,22.25,3,2,2022-06-10 09:15:20
1654852526163066000,22.25,1,22.2,24,22.25,3,1,2022-06-10 09:15:26
1654852527817067000,22.2,1,22.2,23,22.25,3,2,2022-06-10 09:15:27
1654852533083265000,22.25,1,22.2,24,22.25,2,1,2022-06-10 09:15:33
1654852535412986000,22.2,24,22.15,12,22.2,6,2,2022-06-10 09:15:35
1654852536764703000,22.15,10,22.15,2,22.2,6,2,2022-06-10 09:15:36
1654852536797022000,22.15,1,22.15,1,22.2,6,2,2022-06-10 09:15:36
1654852539708950000,22.15,1,22.1,50,22.15,1,2,2022-06-10 09:15:39
1654852539745628000,22.15,1,22.1,50,22.15,1,1,2022-06-10 09:15:39
1654852544301629000,22.15,2,22.1,30,22.2,6,1,2022-06-10 09:15:44
1654852544343333000,22.1,2,22.1,28,22.2,6,2,2022-06-10 09:15:44
1654852548397450000,22.2,6,22.1,26,22.2,3,1,2022-06-10 09:15:48
1654852548732729000,22.1,1,22.1,25,22.2,3,2,2022-06-10 09:15:48
1654852561152624000,22.15,1,22.1,36,22.15,14,1,2022-06-10 09:16:01
1654852565656393000,22.15,1,22.1,36,22.15,14,1,2022-06-10 09:16:05
1654852569254197000,22.15,5,22.1,36,22.15,11,1,2022-06-10 09:16:09
1654852569279308000,22.15,1,22.1,36,22.15,10,1,2022-06-10 09:16:09
1654852571673305000,22.15,1,22.1,36,22.15,12,1,2022-06-10 09:16:11
1654852572797202000,22.15,2,22.1,56,22.15,10,1,2022-06-10 09:16:12
1654852572818215000,22.15,3,22.1,56,22.15,7,1,2022-06-10 09:16:12
1654852572838111000,22.15,2,22.1,56,22.15,5,1,2022-06-10 09:16:12
1654852572864405000,22.1,1,22.1,55,22.15,5,2,2022-06-10 09:16:12
1654852573571331000,22.15,3,22.1,55,22.15,12,1,2022-06-10 09:16:13
1654852575065534000,22.15,1,22.1,55,22.15,11,1,2022-06-10 09:16:15
1654852575815822000,22.15,3,22.1,55,22.15,9,1,2022-06-10 09:16:15
1654852575851459000,22.15,1,22.1,55,22.15,8,1,2022-06-10 09:16:15
1654852576531473000,22.15,1,22.1,55,22.15,7,1,2022-06-10 09:16:16
1654852576562859000,22.15,1,22.1,55,22.15,6,1,2022-06-10 09:16:16
1654852576867939000,22.15,6,22.15,5,22.2,2,1,2022-06-10 09:16:16
1654852578649499000,22.2,1,22.15,13,22.2,1,1,2022-06-10 09:16:18
1654852580561956000,22.2,1,22.2,1,22.25,2,1,2022-06-10 09:16:20
1654852597222986000,22.2,1,22.2,3,22.25,3,2,2022-06-10 09:16:37
1654852600265961000,22.2,1,22.2,22,22.25,3,2,2022-06-10 09:16:40
1654852606584108000,22.2,1,22.2,21,22.25,3,2,2022-06-10 09:16:46
1654852607539135000,22.2,1,22.2,21,22.25,3,2,2022-06-10 09:16:47
1654852611734067000,22.2,20,22.2,1,22.25,5,2,2022-06-10 09:16:51
1654852611770894000,22.2,1,22.15,5,22.25,5,2,2022-06-10 09:16:51
1654852618407681000,22.15,1,22.15,7,22.2,8,2,2022-06-10 09:16:58
1654852619788660000,22.15,5,22.15,2,22.2,8,2,2022-06-10 09:16:59
1654852620502309000,22.15,2,22.1,60,22.2,8,2,2022-06-10 09:17:00
1654852622555062000,22.1,3,22.1,57,22.15,1,2,2022-06-10 09:17:02
1654852627854671000,22.15,1,22.1,37,22.15,2,1,2022-06-10 09:17:07
1654852627877729000,22.1,1,22.1,36,22.15,2,2,2022-06-10 09:17:07
1654852627896493000,22.1,1,22.1,35,22.15,2,2,2022-06-10 09:17:07
1654852629801926000,22.15,2,22.1,35,22.2,9,1,2022-06-10 09:17:09
1654852633831586000,22.1,1,22.1,34,22.2,8,2,2022-06-10 09:17:13
1654852646600060000,22.15,2,22.1,36,22.15,4,1,2022-06-10 09:17:26
1654852649566317000,22.15,1,22.1,36,22.15,3,1,2022-06-10 09:17:29
1654852649607526000,22.1,1,22.1,35,22.15,3,2,2022-06-10 09:17:29
1654852650891361000,22.15,3,22.1,35,22.2,12,1,2022-06-10 09:17:30
1654852652335002000,22.1,4,22.1,31,22.2,12,2,2022-06-10 09:17:32
1654852662302893000,22.15,1,22.15,1,22.2,13,2,2022-06-10 09:17:42
1654852663095849000,22.2,1,22.15,1,22.2,12,1,2022-06-10 09:17:43
1654852663456020000,22.15,1,22.1,56,22.15,1,2,2022-06-10 09:17:43
1654852663481391000,22.15,1,22.1,56,22.2,12,1,2022-06-10 09:17:43
1654852667529316000,22.2,1,22.15,5,22.2,12,1,2022-06-10 09:17:47
1654852668214911000,22.15,1,22.15,4,22.2,12,2,2022-06-10 09:17:48
1654852670500976000,22.15,1,22.15,4,22.2,12,2,2022-06-10 09:17:50
1654852672069654000,22.2,1,22.15,5,22.2,11,1,2022-06-10 09:17:52
1654852683525846000,22.2,11,22.2,19,22.25,4,1,2022-06-10 09:18:03
1654852683556300000,22.25,4,22.2,19,22.3,3,1,2022-06-10 09:18:03
1654852690056090000,22.3,1,22.2,21,22.3,2,1,2022-06-10 09:18:10
1654852691508711000,22.25,1,22.2,21,22.25,1,2,2022-06-10 09:18:11
1654852694800058000,22.25,1,22.2,26,22.35,13,1,2022-06-10 09:18:14
1654852694800058000,22.3,2,22.2,26,22.35,13,1,2022-06-10 09:18:14
1654852695204881000,22.35,1,22.25,2,22.35,12,1,2022-06-10 09:18:15
1654852698996271000,22.3,1,22.25,4,22.3,2,1,2022-06-10 09:18:18
1654852700182621000,22.3,2,22.35,2,22.4,44,1,2022-06-10 09:18:20
1654852700182621000,22.35,12,22.35,2,22.4,44,1,2022-06-10 09:18:20
1654852701004838000,22.4,1,22.35,2,22.4,43,1,2022-06-10 09:18:21
1654852701398243000,22.4,10,22.35,2,22.4,33,1,2022-06-10 09:18:21
1654852702779400000,22.4,1,22.35,2,22.4,32,1,2022-06-10 09:18:22
1654852704331126000,22.4,10,22.35,2,22.4,22,1,2022-06-10 09:18:24
1654852704357280000,22.4,21,22.35,2,22.4,1,1,2022-06-10 09:18:24
1654852704437367000,22.4,1,22.35,2,22.45,18,1,2022-06-10 09:18:24
1654852706012030000,22.45,1,22.4,4,22.45,17,1,2022-06-10 09:18:26
1654852706143033000,22.45,5,22.4,4,22.45,12,1,2022-06-10 09:18:26
1654852707431800000,22.45,1,22.4,5,22.45,11,1,2022-06-10 09:18:27
1654852709333861000,22.45,1,22.4,3,22.45,10,1,2022-06-10 09:18:29
1654852709627454000,22.45,1,22.4,3,22.45,9,1,2022-06-10 09:18:29
1654852710757406000,22.45,1,22.4,3,22.45,8,1,2022-06-10 09:18:30
1654852711450644000,22.45,1,22.4,3,22.45,7,1,2022-06-10 09:18:31
1654852711634735000,22.45,1,22.4,3,22.45,6,1,2022-06-10 09:18:31
1654852714379125000,22.45,2,22.4,1,22.45,10,1,2022-06-10 09:18:34
1654852714409795000,22.4,1,22.25,3,22.45,10,2,2022-06-10 09:18:34
1654852715087401000,22.45,1,22.25,3,22.45,9,1,2022-06-10 09:18:35
1654852715432580000,22.4,1,22.25,3,22.4,7,1,2022-06-10 09:18:35
1654852715672998000,22.4,1,22.25,3,22.4,6,1,2022-06-10 09:18:35
1654852720219889000,22.45,4,22.4,1,22.45,5,1,2022-06-10 09:18:40
1654852722896022000,22.4,1,22.3,2,22.45,5,2,2022-06-10 09:18:42
1654852723690121000,22.45,5,22.4,1,22.5,46,1,2022-06-10 09:18:43
1654852723690121000,22.5,5,22.4,1,22.5,46,1,2022-06-10 09:18:43
1654852727675480000,22.45,2,22.4,3,22.5,50,1,2022-06-10 09:18:47
1654852727675480000,22.5,1,22.4,3,22.5,50,1,2022-06-10 09:18:47
1654852727826083000,22.45,1,22.4,4,22.5,50,2,2022-06-10 09:18:47
1654852731729596000,22.4,1,22.4,3,22.5,52,2,2022-06-10 09:18:51
1654852735273125000,22.5,3,22.4,4,22.5,50,1,2022-06-10 09:18:55
1654852740287789000,22.45,4,22.4,4,22.5,50,1,2022-06-10 09:19:00
1654852741946370000,22.5,1,22.45,1,22.5,50,1,2022-06-10 09:19:01
1654852745729690000,22.45,1,22.4,5,22.45,1,2,2022-06-10 09:19:05
1654852747449053000,22.45,1,22.4,4,22.45,1,1,2022-06-10 09:19:07
1654852755760879000,22.45,1,22.4,6,22.45,1,1,2022-06-10 09:19:15
1654852761330517000,22.45,3,22.4,6,22.5,57,1,2022-06-10 09:19:21
1654852762363999000,22.4,6,22.2,34,22.45,1,2,2022-06-10 09:19:22
1654852762363999000,22.35,2,22.2,34,22.45,1,2,2022-06-10 09:19:22
1654852762363999000,22.3,4,22.2,34,22.45,1,2,2022-06-10 09:19:22
1654852762363999000,22.25,5,22.2,34,22.45,1,2,2022-06-10 09:19:22
1654852762363999000,22.2,3,22.2,34,22.45,1,2,2022-06-10 09:19:22
1654852766309929000,22.4,5,22.2,35,22.45,17,1,2022-06-10 09:19:26
1654852770925337000,22.4,2,22.4,28,22.45,2,1,2022-06-10 09:19:30
1654852774250121000,22.4,1,22.4,28,22.45,2,2,2022-06-10 09:19:34
1654852775055456000,22.45,1,22.4,29,22.45,1,1,2022-06-10 09:19:35
1654852776209337000,22.45,1,22.4,29,22.5,52,1,2022-06-10 09:19:36
1654852776209337000,22.5,4,22.4,29,22.5,52,1,2022-06-10 09:19:36
1654852783681694000,22.5,2,22.45,4,22.5,47,1,2022-06-10 09:19:43
1654852786725173000,22.45,1,22.45,4,22.5,52,2,2022-06-10 09:19:46
1654852786744314000,22.5,4,22.45,4,22.5,48,1,2022-06-10 09:19:46
1654852787315038000,22.5,1,22.45,4,22.5,47,1,2022-06-10 09:19:47
1654852787634529000,22.5,1,22.45,4,22.5,46,1,2022-06-10 09:19:47
1654852788816605000,22.5,5,22.45,10,22.5,41,1,2022-06-10 09:19:48
1654852790436058000,22.5,2,22.45,10,22.5,39,1,2022-06-10 09:19:50
1654852790748271000,22.5,1,22.45,10,22.5,38,1,2022-06-10 09:19:50
1654852793272575000,22.5,5,22.45,10,22.5,33,1,2022-06-10 09:19:53
1654852794413813000,22.5,1,22.45,10,22.5,35,1,2022-06-10 09:19:54
1654852795394307000,22.5,10,22.45,10,22.5,25,1,2022-06-10 09:19:55
1654852796740436000,22.5,2,22.45,10,22.5,23,1,2022-06-10 09:19:56
1654852796971803000,22.5,2,22.45,10,22.5,21,1,2022-06-10 09:19:56
1654852800096228000,22.5,5,22.45,10,22.5,18,1,2022-06-10 09:20:00
1654852802116558000,22.5,4,22.45,10,22.5,14,1,2022-06-10 09:20:02
1654852808866554000,22.5,3,22.45,18,22.5,11,1,2022-06-10 09:20:08
1654852811736509000,22.5,10,22.45,28,22.5,1,1,2022-06-10 09:20:11
1654852812429852000,22.5,1,22.45,28,22.55,48,1,2022-06-10 09:20:12
1654852813706503000,22.55,1,22.45,28,22.55,47,1,2022-06-10 09:20:13
1654852816001519000,22.55,3,22.5,2,22.55,44,1,2022-06-10 09:20:16
1654852819186583000,22.5,1,22.5,12,22.55,44,2,2022-06-10 09:20:19
1654852819729685000,22.55,5,22.5,12,22.55,39,1,2022-06-10 09:20:19
1654852822306216000,22.55,1,22.5,13,22.55,39,1,2022-06-10 09:20:22
1654852824280717000,22.55,10,22.5,23,22.55,29,1,2022-06-10 09:20:24
1654852825017951000,22.55,10,22.5,23,22.55,19,1,2022-06-10 09:20:25
1654852826315153000,22.55,6,22.5,24,22.55,13,1,2022-06-10 09:20:26
1654852826459558000,22.55,13,22.55,7,22.6,244,1,2022-06-10 09:20:26
1654852827444081000,22.6,2,22.55,8,22.6,242,1,2022-06-10 09:20:27
1654852827653771000,22.6,1,22.55,8,22.6,241,1,2022-06-10 09:20:27
1654852828540488000,22.6,1,22.55,12,22.6,240,1,2022-06-10 09:20:28
1654852829071287000,22.6,6,22.55,12,22.6,234,1,2022-06-10 09:20:29
1654852831491317000,22.55,1,22.55,11,22.6,235,2,2022-06-10 09:20:31
1654852832046081000,22.6,5,22.55,11,22.6,230,1,2022-06-10 09:20:32
1654852832075064000,22.6,5,22.55,11,22.6,225,1,2022-06-10 09:20:32
1654852832488248000,22.6,10,22.55,11,22.6,215,1,2022-06-10 09:20:32
1654852832522365000,22.6,7,22.55,11,22.6,208,1,2022-06-10 09:20:32
1654852832613854000,22.6,20,22.55,11,22.6,188,1,2022-06-10 09:20:32
1654852833201695000,22.6,1,22.55,11,22.6,187,1,2022-06-10 09:20:33
1654852833498135000,22.6,1,22.55,11,22.6,186,1,2022-06-10 09:20:33
1654852833682384000,22.6,5,22.55,11,22.6,181,1,2022-06-10 09:20:33
1654852833914278000,22.6,1,22.55,11,22.6,180,1,2022-06-10 09:20:33
1654852835180380000,22.55,13,22.5,22,22.6,190,2,2022-06-10 09:20:35
1654852835180380000,22.5,2,22.5,22,22.6,190,2,2022-06-10 09:20:35
1654852835882501000,22.6,1,22.5,22,22.6,190,1,2022-06-10 09:20:35
1654852838700067000,22.6,2,22.55,16,22.6,189,1,2022-06-10 09:20:38
1654852839477052000,22.6,3,22.55,16,22.6,186,1,2022-06-10 09:20:39
1654852839684819000,22.6,5,22.55,16,22.6,181,1,2022-06-10 09:20:39
1654852840131349000,22.55,3,22.55,13,22.6,182,2,2022-06-10 09:20:40
1654852840363329000,22.6,2,22.55,13,22.6,180,1,2022-06-10 09:20:40
1654852841708837000,22.6,1,22.55,13,22.6,179,1,2022-06-10 09:20:41
1654852842030972000,22.6,1,22.55,13,22.6,178,1,2022-06-10 09:20:42
1654852842166560000,22.55,13,22.5,25,22.6,178,2,2022-06-10 09:20:42
1654852842166560000,22.5,2,22.5,25,22.6,178,2,2022-06-10 09:20:42
1654852843468062000,22.6,1,22.5,25,22.6,177,1,2022-06-10 09:20:43
1654852844227442000,22.6,2,22.5,26,22.6,175,1,2022-06-10 09:20:44
1654852844741395000,22.6,2,22.5,26,22.6,173,1,2022-06-10 09:20:44
1654852847889519000,22.5,15,22.5,12,22.55,1,2,2022-06-10 09:20:47
1654852848698213000,22.5,10,22.5,2,22.55,4,2,2022-06-10 09:20:48
1654852848730075000,22.5,2,22.45,27,22.55,4,2,2022-06-10 09:20:48
1654852850581036000,22.5,1,22.45,27,22.5,4,1,2022-06-10 09:20:50
1654852852379198000,22.5,1,22.45,27,22.5,4,1,2022-06-10 09:20:52
1654852854408152000,22.5,4,22.45,26,22.55,14,1,2022-06-10 09:20:54
1654852854408152000,22.55,1,22.45,26,22.55,14,1,2022-06-10 09:20:54
1654852859424654000,22.55,5,22.5,8,22.55,10,1,2022-06-10 09:20:59
1654852859548237000,22.55,3,22.5,8,22.55,7,1,2022-06-10 09:20:59
1654852861580251000,22.55,1,22.5,8,22.55,6,1,2022-06-10 09:21:01
1654852864405768000,22.55,2,22.5,8,22.55,7,1,2022-06-10 09:21:04
1654852866434135000,22.55,1,22.5,8,22.55,7,1,2022-06-10 09:21:06
1654852868856847000,22.55,2,22.5,8,22.55,10,1,2022-06-10 09:21:08
1654852868903276000,22.55,10,22.55,10,22.6,173,1,2022-06-10 09:21:08
1654852869087089000,22.55,8,22.55,2,22.6,173,2,2022-06-10 09:21:09
1654852869111817000,22.55,2,22.5,8,22.6,173,2,2022-06-10 09:21:09
1654852872419624000,22.55,1,22.5,13,22.6,173,1,2022-06-10 09:21:12
1654852876792960000,22.55,2,22.5,7,22.6,173,2,2022-06-10 09:21:16
1654852876792960000,22.5,1,22.5,7,22.6,173,2,2022-06-10 09:21:16
1654852877463011000,22.55,1,22.5,7,22.6,183,2,2022-06-10 09:21:17
1654852878541286000,22.6,2,22.5,7,22.6,181,1,2022-06-10 09:21:18
1654852880871010000,22.55,2,22.55,13,22.6,180,1,2022-06-10 09:21:20
1654852881762999000,22.6,5,22.55,13,22.6,175,1,2022-06-10 09:21:21
1654852883726222000,22.55,5,22.55,13,22.6,175,2,2022-06-10 09:21:23
1654852887630436000,22.6,1,22.55,24,22.6,174,1,2022-06-10 09:21:27
1654852888244735000,22.6,6,22.55,24,22.6,168,1,2022-06-10 09:21:28
1654852893637050000,22.6,5,22.55,26,22.6,161,1,2022-06-10 09:21:33
1654852896778225000,22.6,3,22.55,26,22.6,159,1,2022-06-10 09:21:36
1654852898102792000,22.6,15,22.55,28,22.6,144,1,2022-06-10 09:21:38
1654852898917473000,22.55,8,22.55,20,22.6,144,2,2022-06-10 09:21:38
1654852899111807000,22.6,13,22.55,21,22.6,131,1,2022-06-10 09:21:39
1654852900037207000,22.6,4,22.55,21,22.6,127,1,2022-06-10 09:21:40
1654852900532988000,22.6,3,22.55,21,22.6,124,1,2022-06-10 09:21:40
1654852900549451000,22.6,3,22.55,21,22.6,121,1,2022-06-10 09:21:40
1654852901156278000,22.6,1,22.55,21,22.6,120,1,2022-06-10 09:21:41
1654852901377019000,22.6,10,22.55,21,22.6,110,1,2022-06-10 09:21:41
1654852901450174000,22.6,4,22.55,21,22.6,106,1,2022-06-10 09:21:41
1654852901606661000,22.6,5,22.55,21,22.6,101,1,2022-06-10 09:21:41
1654852901946875000,22.6,10,22.55,21,22.6,91,1,2022-06-10 09:21:41
1654852902019092000,22.6,15,22.55,21,22.6,76,1,2022-06-10 09:21:42
1654852902038521000,22.6,1,22.55,21,22.6,75,1,2022-06-10 09:21:42
1654852902132577000,22.6,2,22.55,21,22.6,73,1,2022-06-10 09:21:42
1654852902244150000,22.6,1,22.55,21,22.6,72,1,2022-06-10 09:21:42
1654852902373650000,22.6,10,22.55,21,22.6,62,1,2022-06-10 09:21:42
1654852902483119000,22.6,1,22.55,21,22.6,61,1,2022-06-10 09:21:42
1654852902525693000,22.6,2,22.55,21,22.6,59,1,2022-06-10 09:21:42
1654852902617494000,22.6,5,22.55,21,22.6,54,1,2022-06-10 09:21:42
1654852902674118000,22.6,3,22.55,21,22.6,51,1,2022-06-10 09:21:42
1654852902688197000,22.6,10,22.55,21,22.6,41,1,2022-06-10 09:21:42
1654852902695480000,22.6,1,22.55,21,22.6,40,1,2022-06-10 09:21:42
1654852902822162000,22.6,3,22.55,21,22.6,37,1,2022-06-10 09:21:42
1654852902902060000,22.6,5,22.55,21,22.6,32,1,2022-06-10 09:21:42
1654852902919738000,22.6,2,22.55,21,22.6,30,1,2022-06-10 09:21:42
1654852902967477000,22.6,10,22.55,21,22.6,21,1,2022-06-10 09:21:42
1654852902974618000,22.6,2,22.55,21,22.6,19,1,2022-06-10 09:21:42
1654852903010959000,22.6,3,22.55,21,22.6,16,1,2022-06-10 09:21:43
1654852903088574000,22.6,1,22.55,21,22.6,15,1,2022-06-10 09:21:43
1654852903167251000,22.6,3,22.55,21,22.6,12,1,2022-06-10 09:21:43
1654852903256128000,22.6,1,22.55,21,22.6,11,1,2022-06-10 09:21:43
1654852903306612000,22.6,5,22.55,21,22.6,6,1,2022-06-10 09:21:43
1654852903335901000,22.6,1,22.55,21,22.6,5,1,2022-06-10 09:21:43
1654852903417065000,22.6,4,22.55,21,22.6,1,1,2022-06-10 09:21:43
1654852903445650000,22.6,1,22.55,21,22.65,45,1,2022-06-10 09:21:43
1654852903663922000,22.65,1,22.6,1,22.65,44,1,2022-06-10 09:21:43
1654852903711081000,22.65,2,22.6,3,22.65,42,1,2022-06-10 09:21:43
1654852903713109000,22.65,1,22.6,3,22.65,41,1,2022-06-10 09:21:43
1654852903801151000,22.65,3,22.6,4,22.65,38,1,2022-06-10 09:21:43
1654852903813676000,22.65,3,22.6,4,22.65,35,1,2022-06-10 09:21:43
1654852904078661000,22.65,1,22.6,10,22.65,34,1,2022-06-10 09:21:44
1654852905186083000,22.65,5,22.6,33,22.65,34,1,2022-06-10 09:21:45
1654852905480442000,22.65,4,22.6,33,22.65,30,1,2022-06-10 09:21:45
1654852905792254000,22.6,2,22.6,31,22.65,30,2,2022-06-10 09:21:45
1654852906217306000,22.65,1,22.6,31,22.65,29,1,2022-06-10 09:21:46
1654852906792529000,22.65,1,22.6,31,22.65,28,1,2022-06-10 09:21:46
1654852906977440000,22.65,3,22.6,31,22.65,25,1,2022-06-10 09:21:46
1654852907091058000,22.65,1,22.6,31,22.65,24,1,2022-06-10 09:21:47
1654852908222185000,22.65,1,22.6,32,22.65,23,1,2022-06-10 09:21:48
1654852908490357000,22.65,5,22.6,32,22.65,18,1,2022-06-10 09:21:48
1654852908819041000,22.65,18,22.6,32,22.7,23,1,2022-06-10 09:21:48
1654852908819041000,22.7,2,22.6,32,22.7,23,1,2022-06-10 09:21:48
1654852909061174000,22.7,2,22.65,1,22.7,21,1,2022-06-10 09:21:49
1654852909067299000,22.7,2,22.65,1,22.7,19,1,2022-06-10 09:21:49
1654852909078561000,22.7,2,22.65,1,22.7,17,1,2022-06-10 09:21:49
1654852909094653000,22.7,2,22.65,1,22.7,15,1,2022-06-10 09:21:49
1654852909482371000,22.7,5,22.65,11,22.7,10,1,2022-06-10 09:21:49
1654852909589958000,22.7,1,22.65,11,22.7,9,1,2022-06-10 09:21:49
1654852910091395000,22.7,1,22.65,11,22.7,8,1,2022-06-10 09:21:50
1654852910302681000,22.7,2,22.65,11,22.7,6,1,2022-06-10 09:21:50
1654852910769661000,22.7,5,22.65,11,22.7,1,1,2022-06-10 09:21:50
1654852910802789000,22.7,1,22.65,11,22.75,25,1,2022-06-10 09:21:50
1654852910939860000,22.7,5,22.65,11,22.75,21,1,2022-06-10 09:21:50
1654852910939860000,22.75,4,22.65,11,22.75,21,1,2022-06-10 09:21:50
1654852911677689000,22.75,2,22.7,1,22.75,19,1,2022-06-10 09:21:51
1654852911683682000,22.75,1,22.7,1,22.75,18,1,2022-06-10 09:21:51
1654852911962514000,22.75,3,22.7,3,22.75,15,1,2022-06-10 09:21:51
1654852912784075000,22.75,5,22.7,5,22.8,19,1,2022-06-10 09:21:52
1654852912784075000,22.8,5,22.7,5,22.8,19,1,2022-06-10 09:21:52
1654852912827212000,22.8,1,22.7,5,22.8,18,1,2022-06-10 09:21:52
1654852913075058000,22.8,1,22.7,6,22.8,17,1,2022-06-10 09:21:53
1654852913271384000,22.8,1,22.7,8,22.8,16,1,2022-06-10 09:21:53
1654852914266895000,22.75,1,22.7,10,22.75,21,1,2022-06-10 09:21:54
1654852914313532000,22.75,1,22.7,10,22.75,20,1,2022-06-10 09:21:54
1654852914661381000,22.7,1,22.7,9,22.75,23,2,2022-06-10 09:21:54
1654852914736027000,22.75,1,22.7,9,22.75,22,1,2022-06-10 09:21:54
1654852914771942000,22.75,2,22.7,9,22.75,21,1,2022-06-10 09:21:54
1654852915360037000,22.7,1,22.7,13,22.75,26,2,2022-06-10 09:21:55
1654852915634605000,22.7,6,22.7,7,22.75,26,2,2022-06-10 09:21:55
1654852915762015000,22.75,1,22.7,7,22.75,25,1,2022-06-10 09:21:55
1654852915916336000,22.75,1,22.7,8,22.75,24,1,2022-06-10 09:21:55
1654852915935452000,22.7,3,22.7,5,22.75,24,2,2022-06-10 09:21:55
1654852915965158000,22.7,5,22.65,14,22.7,1,2,2022-06-10 09:21:55
1654852916685402000,22.7,1,22.65,14,22.7,22,1,2022-06-10 09:21:56
1654852916726881000,22.65,14,22.6,31,22.65,6,2,2022-06-10 09:21:56
1654852916812486000,22.65,1,22.6,31,22.65,5,1,2022-06-10 09:21:56
1654852917104220000,22.65,1,22.6,30,22.65,9,1,2022-06-10 09:21:57
1654852917625359000,22.65,5,22.6,30,22.65,4,1,2022-06-10 09:21:57
1654852917894105000,22.6,1,22.6,29,22.65,4,2,2022-06-10 09:21:57
1654852918187302000,22.65,3,22.6,29,22.65,2,1,2022-06-10 09:21:58
1654852918302467000,22.65,2,22.6,29,22.7,24,1,2022-06-10 09:21:58
1654852918302467000,22.7,1,22.6,29,22.7,24,1,2022-06-10 09:21:58
1654852919380198000,22.7,1,22.65,1,22.7,23,1,2022-06-10 09:21:59
1654852920046246000,22.65,2,22.6,35,22.65,2,2,2022-06-10 09:22:00
1654852920319412000,22.65,1,22.6,35,22.65,3,1,2022-06-10 09:22:00
1654852921019054000,22.65,3,22.6,35,22.7,23,1,2022-06-10 09:22:01
1654852923618373000,22.65,2,22.65,11,22.7,24,2,2022-06-10 09:22:03
1654852923640630000,22.65,3,22.65,8,22.7,24,2,2022-06-10 09:22:03
1654852924239154000,22.65,1,22.65,7,22.7,24,2,2022-06-10 09:22:04
1654852924495192000,22.65,1,22.65,6,22.7,24,2,2022-06-10 09:22:04
1654852925265244000,22.7,10,22.65,6,22.7,14,1,2022-06-10 09:22:05
1654852925885302000,22.65,6,22.6,36,22.65,3,2,2022-06-10 09:22:05
1654852928403524000,22.65,1,22.6,38,22.65,6,1,2022-06-10 09:22:08
1654852931363613000,22.65,2,22.6,48,22.65,4,1,2022-06-10 09:22:11
1654852931988876000,22.65,1,22.6,48,22.65,3,1,2022-06-10 09:22:11
1654852933215042000,22.65,1,22.6,48,22.65,3,1,2022-06-10 09:22:13
1654852933644987000,22.65,3,22.65,7,22.7,22,1,2022-06-10 09:22:13
1654852933673987000,22.65,7,22.6,48,22.7,22,2,2022-06-10 09:22:13
1654852934538150000,22.65,1,22.6,47,22.7,22,2,2022-06-10 09:22:14
1654852934787493000,22.7,1,22.65,2,22.7,21,1,2022-06-10 09:22:14
1654852935533995000,22.65,3,22.65,5,22.7,21,2,2022-06-10 09:22:15
1654852937328730000,22.7,10,22.65,20,22.7,15,1,2022-06-10 09:22:17
1654852941273998000,22.7,5,22.65,27,22.7,10,1,2022-06-10 09:22:21
1654852946079752000,22.7,3,22.65,32,22.7,8,1,2022-06-10 09:22:26
1654852946363183000,22.7,2,22.65,32,22.7,6,1,2022-06-10 09:22:26
1654852946691142000,22.7,1,22.65,32,22.7,5,1,2022-06-10 09:22:26
1654852947743198000,22.7,1,22.65,32,22.7,5,1,2022-06-10 09:22:27
1654852947744882000,22.7,1,22.65,32,22.7,4,1,2022-06-10 09:22:27
1654852949121916000,22.7,3,22.65,31,22.7,1,1,2022-06-10 09:22:29
1654852949837927000,22.7,1,22.65,30,22.75,15,1,2022-06-10 09:22:29
1654852952722590000,22.7,10,22.7,3,22.75,15,2,2022-06-10 09:22:32
1654852952751820000,22.7,3,22.65,19,22.75,15,2,2022-06-10 09:22:32
1654852954408146000,22.7,1,22.65,19,22.7,1,2,2022-06-10 09:22:34
1654852954408226000,22.7,1,22.65,19,22.75,15,1,2022-06-10 09:22:34
1654852955281202000,22.65,3,22.65,16,22.7,5,2,2022-06-10 09:22:35
1654852956354271000,22.65,10,22.65,6,22.7,11,2,2022-06-10 09:22:36
1654852957299886000,22.7,1,22.65,6,22.7,12,1,2022-06-10 09:22:37
1654852957377709000,22.7,1,22.65,6,22.7,11,1,2022-06-10 09:22:37
1654852961074603000,22.65,1,22.65,12,22.7,13,2,2022-06-10 09:22:41
1654852961694918000,22.7,10,22.65,13,22.7,4,1,2022-06-10 09:22:41
1654852961792308000,22.65,1,22.65,12,22.7,4,2,2022-06-10 09:22:41
1654852961860473000,22.7,1,22.65,12,22.7,3,1,2022-06-10 09:22:41
1654852965980984000,22.7,1,22.65,15,22.7,3,1,2022-06-10 09:22:45
1654852966333725000,22.65,2,22.65,13,22.7,3,2,2022-06-10 09:22:46
1654852967596130000,22.7,3,22.7,2,22.75,8,1,2022-06-10 09:22:47
1654852968355506000,22.7,2,22.65,16,22.7,4,2,2022-06-10 09:22:48
1654852968586582000,22.7,1,22.65,16,22.7,3,1,2022-06-10 09:22:48
1654852968586747000,22.7,3,22.65,16,22.75,6,1,2022-06-10 09:22:48
1654852968586747000,22.75,2,22.65,16,22.75,6,1,2022-06-10 09:22:48
1654852973508949000,22.7,1,22.7,1,22.75,8,2,2022-06-10 09:22:53
1654852973536358000,22.7,1,22.65,17,22.75,8,2,2022-06-10 09:22:53
1654852974546066000,22.7,1,22.65,17,22.7,9,2,2022-06-10 09:22:54
1654852974731939000,22.7,5,22.65,17,22.7,4,1,2022-06-10 09:22:54
1654852977663152000,22.7,3,22.65,23,22.7,1,1,2022-06-10 09:22:57
1654852977732897000,22.7,1,22.7,9,22.75,9,1,2022-06-10 09:22:57
1654852978611572000,22.75,9,22.75,1,22.8,15,1,2022-06-10 09:22:58
1654852980703864000,22.75,1,22.7,9,22.8,15,2,2022-06-10 09:23:00
1654852980921575000,22.7,1,22.7,8,22.8,15,2,2022-06-10 09:23:00
1654852982839638000,22.75,8,22.75,2,22.8,15,1,2022-06-10 09:23:02
1654852983862658000,22.75,1,22.75,1,22.8,16,2,2022-06-10 09:23:03
1654852983895701000,22.75,1,22.7,9,22.8,16,2,2022-06-10 09:23:03
1654852985997390000,22.75,1,22.7,14,22.8,16,2,2022-06-10 09:23:05
1654852988040973000,22.75,1,22.7,14,22.8,16,1,2022-06-10 09:23:08
1654852991596141000,22.75,1,22.7,15,22.75,4,1,2022-06-10 09:23:11
1654852995395461000,22.75,1,22.7,20,22.75,21,1,2022-06-10 09:23:15
1654852997297260000,22.75,4,22.7,20,22.75,17,1,2022-06-10 09:23:17
1654852998216183000,22.75,10,22.7,20,22.75,7,1,2022-06-10 09:23:18
1654852999139386000,22.7,1,22.7,19,22.75,4,2,2022-06-10 09:23:19
1654852999537090000,22.75,4,22.75,6,22.8,20,1,2022-06-10 09:23:19
1654853000307833000,22.8,3,22.75,6,22.8,17,1,2022-06-10 09:23:20
1654853000451234000,22.8,3,22.75,6,22.8,14,1,2022-06-10 09:23:20
1654853000574010000,22.8,3,22.75,6,22.8,11,1,2022-06-10 09:23:20
1654853000728437000,22.8,10,22.75,6,22.8,1,1,2022-06-10 09:23:20
1654853000764043000,22.8,1,22.75,6,22.85,15,1,2022-06-10 09:23:20
1654853002376529000,22.85,1,22.8,6,22.85,14,1,2022-06-10 09:23:22
1654853003044936000,22.85,6,22.8,6,22.85,8,1,2022-06-10 09:23:23
1654853003299269000,22.85,8,22.8,6,22.9,18,1,2022-06-10 09:23:23
1654853003299269000,22.9,2,22.8,6,22.9,18,1,2022-06-10 09:23:23
1654853003342082000,22.8,1,22.8,5,22.9,18,2,2022-06-10 09:23:23
1654853004852839000,22.75,6,22.7,6,22.85,1,2,2022-06-10 09:23:24
1654853004852839000,22.7,14,22.7,6,22.85,1,2,2022-06-10 09:23:24
1654853005932761000,22.8,1,22.7,6,22.8,2,1,2022-06-10 09:23:25
1654853007718321000,22.8,1,22.75,3,22.8,1,1,2022-06-10 09:23:27
1654853009139206000,22.8,2,22.75,3,22.85,14,1,2022-06-10 09:23:29
1654853009139206000,22.85,3,22.75,3,22.85,14,1,2022-06-10 09:23:29
1654853011293913000,22.75,3,22.7,6,22.8,16,2,2022-06-10 09:23:31
1654853013111709000,22.7,3,22.7,4,22.75,11,2,2022-06-10 09:23:33
1654853013281161000,22.75,2,22.7,4,22.75,9,1,2022-06-10 09:23:33
1654853013683190000,22.75,1,22.7,4,22.75,8,1,2022-06-10 09:23:33
1654853013980327000,22.75,2,22.7,5,22.75,6,1,2022-06-10 09:23:33
1654853014076603000,22.75,1,22.7,5,22.75,5,1,2022-06-10 09:23:34
1654853014521917000,22.75,5,22.7,5,22.8,15,1,2022-06-10 09:23:34
1654853014521917000,22.8,5,22.7,5,22.8,15,1,2022-06-10 09:23:34
1654853015543685000,22.7,1,22.7,20,22.8,15,2,2022-06-10 09:23:35
1654853020887797000,22.75,1,22.75,11,22.8,18,2,2022-06-10 09:23:40
1654853021684975000,22.8,1,22.75,11,22.8,17,1,2022-06-10 09:23:41
1654853025192131000,22.75,1,22.75,10,22.8,17,2,2022-06-10 09:23:45
1654853025533455000,22.75,1,22.75,11,22.8,17,2,2022-06-10 09:23:45
1654853027512552000,22.8,2,22.75,11,22.8,15,1,2022-06-10 09:23:47
1654853029783879000,22.75,3,22.75,8,22.8,16,2,2022-06-10 09:23:49
1654853030132867000,22.8,5,22.75,8,22.8,12,1,2022-06-10 09:23:50
1654853031502528000,22.75,1,22.75,7,22.8,13,2,2022-06-10 09:23:51
1654853033274803000,22.75,5,22.75,2,22.8,13,2,2022-06-10 09:23:53
1654853033301054000,22.75,2,22.7,28,22.8,13,2,2022-06-10 09:23:53
1654853033652717000,22.75,1,22.7,28,22.75,4,1,2022-06-10 09:23:53
1654853034250371000,22.75,1,22.7,27,22.75,3,1,2022-06-10 09:23:54
1654853035725740000,22.75,1,22.7,27,22.75,5,1,2022-06-10 09:23:55
1654853036253776000,22.75,5,22.7,27,22.8,18,1,2022-06-10 09:23:56
1654853038973710000,22.8,1,22.75,2,22.8,18,1,2022-06-10 09:23:58
1654853045644378000,22.75,1,22.75,6,22.8,21,2,2022-06-10 09:24:05
1654853045905945000,22.75,1,22.75,5,22.8,21,2,2022-06-10 09:24:05
1654853047819614000,22.75,1,22.75,4,22.8,21,2,2022-06-10 09:24:07
1654853048671721000,22.75,7,22.7,41,22.75,1,2,2022-06-10 09:24:08
1654853052546738000,22.75,2,22.7,41,22.75,10,1,2022-06-10 09:24:12
1654853055497147000,22.75,5,22.7,42,22.75,8,1,2022-06-10 09:24:15
1654853056368617000,22.75,1,22.7,32,22.75,7,1,2022-06-10 09:24:16
1654853056872439000,22.75,2,22.7,32,22.75,5,1,2022-06-10 09:24:16
1654853057050500000,22.75,2,22.7,32,22.75,3,1,2022-06-10 09:24:17
1654853061349361000,22.75,2,22.7,33,22.75,1,1,2022-06-10 09:24:21
1654853061643201000,22.7,1,22.7,32,22.75,1,2,2022-06-10 09:24:21
1654853063374861000,22.75,2,22.7,32,22.8,21,1,2022-06-10 09:24:23
1654853068220221000,22.8,2,22.75,12,22.8,19,1,2022-06-10 09:24:28
1654853068243171000,22.75,5,22.75,7,22.8,19,2,2022-06-10 09:24:28
1654853075301416000,22.75,1,22.75,28,22.8,21,2,2022-06-10 09:24:35
1654853075344119000,22.8,1,22.75,28,22.8,20,1,2022-06-10 09:24:35
1654853077645308000,22.8,2,22.75,29,22.8,18,1,2022-06-10 09:24:37
1654853079120572000,22.8,6,22.75,29,22.8,12,1,2022-06-10 09:24:39
1654853081629214000,22.8,5,22.75,29,22.8,7,1,2022-06-10 09:24:41
1654853082263762000,22.8,1,22.75,29,22.8,6,1,2022-06-10 09:24:42
1654853088535451000,22.8,5,22.75,29,22.8,1,1,2022-06-10 09:24:48
1654853090718682000,22.8,1,22.75,29,22.8,2,1,2022-06-10 09:24:50
1654853097970614000,22.8,1,22.75,30,22.8,7,1,2022-06-10 09:24:57
1654853102673434000,22.8,3,22.75,31,22.8,5,1,2022-06-10 09:25:02
1654853102760697000,22.8,1,22.75,31,22.8,4,1,2022-06-10 09:25:02
1654853103147776000,22.75,13,22.75,18,22.8,4,2,2022-06-10 09:25:03
1654853104684152000,22.75,5,22.75,13,22.8,4,2,2022-06-10 09:25:04
1654853105326595000,22.75,4,22.75,9,22.8,4,2,2022-06-10 09:25:05
1654853105762791000,22.75,4,22.75,5,22.8,4,2,2022-06-10 09:25:05
1654853105825424000,22.75,1,22.75,4,22.8,4,2,2022-06-10 09:25:05
1654853105832328000,22.75,4,22.7,28,22.8,4,2,2022-06-10 09:25:05
1654853105832328000,22.7,2,22.7,28,22.8,4,2,2022-06-10 09:25:05
1654853105921346000,22.7,3,22.7,25,22.75,7,2,2022-06-10 09:25:05
1654853106379192000,22.7,20,22.7,5,22.75,14,2,2022-06-10 09:25:06
1654853106415364000,22.7,3,22.7,2,22.75,17,2,2022-06-10 09:25:06
1654853106415696000,22.7,2,22.65,19,22.75,17,2,2022-06-10 09:25:06
1654853112851081000,22.7,1,22.65,19,22.7,2,1,2022-06-10 09:25:12
1654853113424647000,22.65,1,22.65,18,22.7,3,2,2022-06-10 09:25:13
1654853117420162000,22.65,1,22.65,17,22.7,5,2,2022-06-10 09:25:17
1654853118009437000,22.65,1,22.65,16,22.7,5,2,2022-06-10 09:25:18
1654853119651458000,22.65,10,22.65,6,22.7,5,2,2022-06-10 09:25:19
1654853119892599000,22.65,5,22.65,1,22.7,5,2,2022-06-10 09:25:19
1654853120031148000,22.65,1,22.6,13,22.7,5,2,2022-06-10 09:25:20
1654853120040875000,22.7,5,22.7,5,22.75,5,1,2022-06-10 09:25:20
1654853120370917000,22.7,5,22.6,13,22.65,2,2,2022-06-10 09:25:20
1654853123007442000,22.65,1,22.6,13,22.65,3,1,2022-06-10 09:25:23
1654853123550468000,22.65,3,22.65,7,22.7,1,1,2022-06-10 09:25:23
1654853124214632000,22.65,1,22.65,6,22.7,1,2,2022-06-10 09:25:24
1654853126164272000,22.65,2,22.65,4,22.7,1,2,2022-06-10 09:25:26
1654853127380920000,22.65,4,22.6,13,22.65,6,2,2022-06-10 09:25:27
1654853127559760000,22.6,13,22.55,14,22.65,6,2,2022-06-10 09:25:27
1654853127559760000,22.55,2,22.55,14,22.65,6,2,2022-06-10 09:25:27
1654853129666114000,22.55,1,22.55,13,22.6,1,2,2022-06-10 09:25:29
1654853135334822000,22.55,1,22.55,15,22.6,2,2,2022-06-10 09:25:35
1654853137969512000,22.55,6,22.55,10,22.6,3,2,2022-06-10 09:25:37
1654853138005515000,22.55,1,22.55,9,22.6,3,2,2022-06-10 09:25:38
1654853138357827000,22.6,1,22.55,8,22.6,2,1,2022-06-10 09:25:38
1654853139634922000,22.55,8,22.5,12,22.6,2,2,2022-06-10 09:25:39
1654853139634922000,22.5,1,22.5,12,22.6,2,2,2022-06-10 09:25:39
1654853142511572000,22.55,1,22.5,10,22.6,2,2,2022-06-10 09:25:42
1654853151867856000,22.6,1,22.55,2,22.6,20,1,2022-06-10 09:25:51
1654853154440973000,22.55,2,22.55,7,22.6,21,2,2022-06-10 09:25:54
1654853155916323000,22.55,5,22.55,2,22.6,21,2,2022-06-10 09:25:55
1654853159328833000,22.55,5,22.55,1,22.6,22,2,2022-06-10 09:25:59
1654853161997233000,22.6,1,22.55,7,22.6,21,1,2022-06-10 09:26:01
1654853167988031000,22.55,1,22.55,10,22.6,21,2,2022-06-10 09:26:07
1654853175871766000,22.6,5,22.55,16,22.6,18,1,2022-06-10 09:26:15
1654853177222483000,22.55,1,22.55,15,22.6,19,2,2022-06-10 09:26:17
1654853177580823000,22.6,4,22.55,15,22.6,15,1,2022-06-10 09:26:17
1654853177681365000,22.6,2,22.55,15,22.6,13,1,2022-06-10 09:26:17
1654853178945095000,22.6,2,22.55,21,22.6,11,1,2022-06-10 09:26:18
1654853179495436000,22.6,5,22.55,21,22.6,6,1,2022-06-10 09:26:19
1654853179521951000,22.6,6,22.55,21,22.65,6,1,2022-06-10 09:26:19
1654853185222901000,22.65,1,22.6,9,22.65,5,1,2022-06-10 09:26:25
1654853185554283000,22.6,1,22.6,8,22.65,5,2,2022-06-10 09:26:25
1654853185572029000,22.6,2,22.6,6,22.65,5,2,2022-06-10 09:26:25
1654853185690024000,22.65,3,22.6,6,22.65,2,1,2022-06-10 09:26:25
1654853190842345000,22.65,3,22.65,7,22.7,3,1,2022-06-10 09:26:30
1654853193112789000,22.7,3,22.65,8,22.85,20,1,2022-06-10 09:26:33
1654853193112789000,22.75,1,22.65,8,22.85,20,1,2022-06-10 09:26:33
1654853193112789000,22.8,4,22.65,8,22.85,20,1,2022-06-10 09:26:33
1654853193112789000,22.85,2,22.65,8,22.85,20,1,2022-06-10 09:26:33
1654853194360025000,22.85,8,22.7,1,22.85,13,1,2022-06-10 09:26:34
1654853196032847000,22.8,1,22.65,8,22.8,1,1,2022-06-10 09:26:36
1654853196822126000,22.8,1,22.65,8,22.85,13,1,2022-06-10 09:26:36
1654853197948702000,22.85,1,22.7,1,22.85,12,1,2022-06-10 09:26:37
1654853200938801000,22.85,12,22.65,12,22.9,5,1,2022-06-10 09:26:40
1654853200938801000,22.9,8,22.65,12,22.9,5,1,2022-06-10 09:26:40
1654853201436470000,22.9,1,22.7,1,22.9,4,1,2022-06-10 09:26:41
1654853202688803000,22.8,1,22.7,3,22.8,1,1,2022-06-10 09:26:42
1654853205243939000,22.8,1,22.75,1,22.85,2,1,2022-06-10 09:26:45
1654853210127595000,22.85,3,22.8,1,22.95,18,1,2022-06-10 09:26:50
1654853210127595000,22.9,6,22.8,1,22.95,18,1,2022-06-10 09:26:50
1654853210127595000,22.95,1,22.8,1,22.95,18,1,2022-06-10 09:26:50
1654853210714605000,22.9,1,22.8,2,22.95,18,1,2022-06-10 09:26:50
1654853217390932000,22.95,1,22.9,8,22.95,14,1,2022-06-10 09:26:57
1654853218718283000,22.9,8,22.85,3,22.95,14,2,2022-06-10 09:26:58
1654853218718283000,22.85,2,22.85,3,22.95,14,2,2022-06-10 09:26:58
1654853219801755000,22.95,1,22.9,1,22.95,13,1,2022-06-10 09:26:59
1654853220532904000,22.95,5,22.9,1,22.95,8,1,2022-06-10 09:27:00
1654853220541604000,22.95,1,22.9,1,22.95,7,1,2022-06-10 09:27:00
1654853220565107000,22.9,1,22.85,3,22.95,7,2,2022-06-10 09:27:00
1654853220725601000,22.95,1,22.85,3,22.95,6,1,2022-06-10 09:27:00
1654853222129550000,22.95,1,22.85,3,22.95,5,1,2022-06-10 09:27:02
1654853222872301000,22.95,1,22.85,3,22.95,4,1,2022-06-10 09:27:02
1654853224624396000,22.95,2,22.85,3,22.95,2,1,2022-06-10 09:27:04
1654853224653187000,22.95,2,22.85,3,23.0,42,1,2022-06-10 09:27:04
1654853224853218000,23.0,5,22.85,3,23.0,37,1,2022-06-10 09:27:04
1654853224893471000,23.0,1,22.85,4,23.0,36,1,2022-06-10 09:27:04
1654853225028465000,22.9,3,22.85,7,23.0,36,1,2022-06-10 09:27:05
1654853225763459000,22.9,1,22.85,9,23.0,36,1,2022-06-10 09:27:05
1654853225996744000,22.95,2,22.85,9,23.0,36,1,2022-06-10 09:27:05
1654853226753968000,22.95,2,22.9,7,23.0,36,1,2022-06-10 09:27:06
1654853228894246000,22.95,1,22.95,2,23.0,36,2,2022-06-10 09:27:08
1654853229246377000,22.95,2,22.9,8,22.95,1,2,2022-06-10 09:27:09
1654853229558981000,22.95,1,22.95,1,23.0,36,1,2022-06-10 09:27:09
1654853230529984000,22.95,1,22.9,6,23.0,36,2,2022-06-10 09:27:10
1654853231106428000,22.9,1,22.9,11,23.0,36,2,2022-06-10 09:27:11
1654853233565579000,22.95,1,22.9,8,22.95,2,1,2022-06-10 09:27:13
1654853236214472000,22.95,1,22.9,11,22.95,2,1,2022-06-10 09:27:16
1654853237811786000,22.95,5,22.9,23,23.0,37,1,2022-06-10 09:27:17
1654853237811786000,23.0,5,22.9,23,23.0,37,1,2022-06-10 09:27:17
1654853238403902000,22.95,1,22.9,23,23.0,37,1,2022-06-10 09:27:18
1654853239227734000,23.0,1,22.9,23,23.0,36,1,2022-06-10 09:27:19
1654853239770569000,23.0,6,22.95,1,23.0,30,1,2022-06-10 09:27:19
1654853239796243000,23.0,1,22.95,1,23.0,29,1,2022-06-10 09:27:19
1654853239902823000,23.0,5,22.95,1,23.0,24,1,2022-06-10 09:27:19
1654853240300686000,23.0,1,22.95,2,23.0,23,1,2022-06-10 09:27:20
1654853240667623000,23.0,7,22.95,2,23.0,16,1,2022-06-10 09:27:20
1654853240700497000,23.0,1,22.95,2,23.0,15,1,2022-06-10 09:27:20
1654853240700736000,23.0,4,22.95,2,23.0,11,1,2022-06-10 09:27:20
1654853240964061000,23.0,1,22.95,2,23.0,10,1,2022-06-10 09:27:20
1654853241244466000,23.0,10,22.95,2,23.05,2,1,2022-06-10 09:27:21
1654853241244466000,23.05,7,22.95,2,23.05,2,1,2022-06-10 09:27:21
1654853241455521000,23.05,2,23.0,1,23.1,29,1,2022-06-10 09:27:21
1654853242164303000,23.1,10,23.0,13,23.1,19,1,2022-06-10 09:27:22
1654853242269737000,23.1,19,23.05,6,23.2,19,1,2022-06-10 09:27:22
1654853242269737000,23.15,1,23.05,6,23.2,19,1,2022-06-10 09:27:22
1654853242269737000,23.2,4,23.05,6,23.2,19,1,2022-06-10 09:27:22
1654853242324526000,23.2,5,23.05,8,23.2,14,1,2022-06-10 09:27:22
1654853242391178000,23.05,3,23.05,7,23.2,14,2,2022-06-10 09:27:22
1654853243246582000,23.05,9,23.0,6,23.2,14,2,2022-06-10 09:27:23
1654853243246582000,23.0,11,23.0,6,23.2,14,2,2022-06-10 09:27:23
1654853244769247000,23.15,1,23.1,2,23.2,14,1,2022-06-10 09:27:24
1654853244880278000,23.15,1,23.1,2,23.2,14,2,2022-06-10 09:27:24
1654853245415435000,23.2,1,23.1,2,23.2,13,1,2022-06-10 09:27:25
1654853245702642000,23.1,2,23.0,3,23.2,13,2,2022-06-10 09:27:25
1654853245702642000,23.0,3,23.0,3,23.2,13,2,2022-06-10 09:27:25
1654853247168555000,23.05,1,23.0,6,23.15,1,2,2022-06-10 09:27:27
1654853247168555000,23.0,1,23.0,6,23.15,1,2,2022-06-10 09:27:27
1654853247769763000,23.2,1,23.0,6,23.2,12,1,2022-06-10 09:27:27
1654853248353282000,23.15,1,23.0,7,23.15,5,1,2022-06-10 09:27:28
1654853248790880000,23.0,3,23.0,5,23.15,6,2,2022-06-10 09:27:28
1654853248918518000,23.0,1,23.0,4,23.15,6,2,2022-06-10 09:27:28
1654853249658341000,23.05,1,23.0,1,23.15,14,2,2022-06-10 09:27:29
1654853249658341000,23.0,4,23.0,1,23.15,14,2,2022-06-10 09:27:29
1654853249704577000,23.15,1,23.0,1,23.15,13,1,2022-06-10 09:27:29
1654853251224138000,23.1,1,23.0,3,23.15,13,1,2022-06-10 09:27:31
1654853252609046000,23.1,1,23.0,9,23.1,3,1,2022-06-10 09:27:32
1654853253638007000,23.1,1,23.0,10,23.1,6,1,2022-06-10 09:27:33
1654853253965132000,23.1,4,23.0,10,23.1,2,1,2022-06-10 09:27:33
1654853253999607000,23.1,2,23.0,10,23.15,10,1,2022-06-10 09:27:33
1654853254854488000,23.1,5,23.05,1,23.1,1,1,2022-06-10 09:27:34
1654853256489496000,23.1,1,23.05,1,23.1,7,1,2022-06-10 09:27:36
1654853256546233000,23.1,1,23.05,1,23.1,6,1,2022-06-10 09:27:36
1654853257712781000,23.1,3,23.0,13,23.1,17,1,2022-06-10 09:27:37
1654853258187281000,23.1,1,23.0,13,23.1,20,1,2022-06-10 09:27:38
1654853258607029000,23.05,1,23.0,13,23.1,20,1,2022-06-10 09:27:38
1654853258944749000,23.1,1,23.0,15,23.1,20,1,2022-06-10 09:27:38
1654853260010196000,23.05,1,23.0,20,23.05,3,1,2022-06-10 09:27:40
1654853262497435000,23.05,1,23.0,38,23.05,2,1,2022-06-10 09:27:42
1654853262988559000,23.05,1,23.0,39,23.05,3,1,2022-06-10 09:27:42
1654853264032853000,23.0,1,23.0,38,23.05,3,2,2022-06-10 09:27:44
1654853264578140000,23.05,3,23.0,38,23.1,33,1,2022-06-10 09:27:44
1654853266407356000,23.05,1,23.0,39,23.05,2,1,2022-06-10 09:27:46
1654853268701686000,23.05,1,23.0,41,23.05,3,1,2022-06-10 09:27:48
1654853268869171000,23.05,1,23.0,41,23.05,2,1,2022-06-10 09:27:48
1654853269206517000,23.0,1,23.0,40,23.05,4,2,2022-06-10 09:27:49
1654853269742462000,23.05,4,23.05,1,23.1,33,1,2022-06-10 09:27:49
1654853270057092000,23.05,1,23.0,41,23.1,33,2,2022-06-10 09:27:50
1654853271706822000,23.05,1,23.0,49,23.05,1,1,2022-06-10 09:27:51
1654853272040201000,23.05,2,23.05,8,23.1,21,1,2022-06-10 09:27:52
1654853272343775000,23.05,8,23.0,50,23.05,7,2,2022-06-10 09:27:52
1654853273495839000,23.05,2,23.0,50,23.05,6,1,2022-06-10 09:27:53
1654853274612643000,23.05,1,23.0,51,23.05,8,1,2022-06-10 09:27:54
1654853274664187000,23.05,5,23.0,51,23.05,13,1,2022-06-10 09:27:54
1654853277508383000,23.05,1,23.0,52,23.05,13,1,2022-06-10 09:27:57
1654853279087571000,23.05,1,23.0,52,23.05,13,1,2022-06-10 09:27:59
1654853279506969000,23.05,1,23.0,52,23.05,12,1,2022-06-10 09:27:59
1654853280462822000,23.05,12,23.05,8,23.1,21,1,2022-06-10 09:28:00
1654853281315126000,23.1,5,23.05,8,23.1,16,1,2022-06-10 09:28:01
1654853290435136000,23.1,5,23.05,14,23.1,12,1,2022-06-10 09:28:10
1654853291208349000,23.1,2,23.05,14,23.1,11,1,2022-06-10 09:28:11
1654853293068212000,23.05,5,23.05,10,23.1,12,2,2022-06-10 09:28:13
1654853293485340000,23.1,1,23.05,12,23.1,11,1,2022-06-10 09:28:13
1654853293686187000,23.1,1,23.05,12,23.1,10,1,2022-06-10 09:28:13
1654853293847180000,23.1,10,23.05,12,23.15,7,1,2022-06-10 09:28:13
1654853294217340000,23.1,1,23.1,19,23.15,7,1,2022-06-10 09:28:14
1654853294679651000,23.1,3,23.1,16,23.15,7,2,2022-06-10 09:28:14
1654853295117177000,23.15,1,23.1,16,23.15,6,1,2022-06-10 09:28:15
1654853295398452000,23.1,1,23.1,15,23.15,6,2,2022-06-10 09:28:15
1654853295775198000,23.15,5,23.1,15,23.15,1,1,2022-06-10 09:28:15
1654853296018099000,23.1,14,23.1,1,23.15,1,2,2022-06-10 09:28:16
1654853297887651000,23.1,1,23.1,2,23.15,2,2,2022-06-10 09:28:17
1654853298363148000,23.15,1,23.1,2,23.15,1,1,2022-06-10 09:28:18
1654853299069160000,23.15,1,23.15,1,23.2,22,1,2022-06-10 09:28:19
1654853299270646000,23.15,1,23.1,4,23.15,1,2,2022-06-10 09:28:19
1654853300005841000,23.1,5,23.05,12,23.1,3,2,2022-06-10 09:28:20
1654853301120802000,23.05,2,23.05,10,23.1,3,2,2022-06-10 09:28:21
1654853303205255000,23.1,1,23.05,13,23.1,7,1,2022-06-10 09:28:23
1654853304166073000,23.05,10,23.05,3,23.1,17,2,2022-06-10 09:28:24
1654853304199130000,23.05,3,23.0,87,23.1,17,2,2022-06-10 09:28:24
1654853305228575000,23.0,10,23.0,77,23.05,1,2,2022-06-10 09:28:25
1654853305617628000,23.0,20,23.0,57,23.05,1,2,2022-06-10 09:28:25
1654853305731368000,23.0,20,23.0,37,23.05,1,2,2022-06-10 09:28:25
1654853305761675000,23.0,4,23.0,33,23.05,1,2,2022-06-10 09:28:25
1654853305846670000,23.0,10,23.0,23,23.05,1,2,2022-06-10 09:28:25
1654853307767047000,23.0,1,23.0,22,23.05,5,2,2022-06-10 09:28:27
1654853307797459000,23.0,8,23.0,14,23.05,5,2,2022-06-10 09:28:27
1654853307836021000,23.05,1,23.0,14,23.05,4,1,2022-06-10 09:28:27
1654853308005036000,23.0,1,23.0,13,23.05,4,2,2022-06-10 09:28:28
1654853308583346000,23.0,1,23.0,17,23.05,4,2,2022-06-10 09:28:28
1654853308698411000,23.0,1,23.0,16,23.05,4,2,2022-06-10 09:28:28
1654853308873389000,23.0,1,23.0,15,23.05,4,2,2022-06-10 09:28:28
1654853308939060000,23.0,1,23.0,14,23.05,4,2,2022-06-10 09:28:28
1654853309025060000,23.0,1,23.0,13,23.05,4,2,2022-06-10 09:28:29
1654853309042134000,23.0,1,23.0,12,23.05,4,2,2022-06-10 09:28:29
1654853309477368000,23.0,1,23.0,13,23.05,4,2,2022-06-10 09:28:29
1654853310024370000,23.0,6,23.0,9,23.05,5,2,2022-06-10 09:28:30
1654853310290316000,23.0,6,23.0,3,23.05,5,2,2022-06-10 09:28:30
1654853310649037000,23.0,2,23.0,1,23.05,5,2,2022-06-10 09:28:30
1654853310724679000,23.0,1,22.95,5,23.0,1,2,2022-06-10 09:28:30
1654853310796152000,23.0,1,22.95,5,23.0,1,1,2022-06-10 09:28:30
1654853310832965000,23.0,1,22.95,5,23.05,7,1,2022-06-10 09:28:30
1654853310950789000,22.95,5,22.9,21,23.05,7,2,2022-06-10 09:28:30
1654853310950789000,22.9,6,22.9,21,23.05,7,2,2022-06-10 09:28:30
1654853311571503000,22.9,1,22.9,20,23.05,7,2,2022-06-10 09:28:31
1654853318135817000,22.95,1,22.95,3,23.0,6,2,2022-06-10 09:28:38
1654853320259267000,22.95,3,22.9,20,23.0,6,2,2022-06-10 09:28:40
1654853320259267000,22.9,2,22.9,20,23.0,6,2,2022-06-10 09:28:40
1654853320941242000,22.9,1,22.9,19,23.0,6,2,2022-06-10 09:28:40
1654853322897339000,22.9,3,22.9,17,22.95,3,2,2022-06-10 09:28:42
1654853323884586000,22.95,1,22.9,17,22.95,2,1,2022-06-10 09:28:43
1654853331599612000,22.95,1,22.9,24,22.95,11,1,2022-06-10 09:28:51
1654853332761321000,22.95,1,22.9,24,22.95,12,1,2022-06-10 09:28:52
1654853332969444000,22.9,1,22.9,25,22.95,12,2,2022-06-10 09:28:52
1654853336092175000,22.9,3,22.9,24,22.95,13,2,2022-06-10 09:28:56
1654853336101423000,22.9,3,22.9,21,22.95,10,2,2022-06-10 09:28:56
1654853336106041000,22.95,3,22.9,21,22.95,7,1,2022-06-10 09:28:56
1654853337051081000,22.95,1,22.9,21,22.95,6,1,2022-06-10 09:28:57
1654853354053738000,22.95,1,22.9,27,22.95,6,1,2022-06-10 09:29:14
1654853356097803000,22.95,1,22.9,27,22.95,5,1,2022-06-10 09:29:16
1654853356412917000,22.9,1,22.9,25,22.95,5,2,2022-06-10 09:29:16
1654853361348514000,22.9,1,22.9,24,22.95,11,2,2022-06-10 09:29:21
1654853364286577000,22.9,1,22.9,23,22.95,11,2,2022-06-10 09:29:24
1654853365029757000,22.9,1,22.9,22,22.95,12,2,2022-06-10 09:29:25
1654853368049344000,22.9,1,22.9,21,22.95,11,2,2022-06-10 09:29:28
1654853368786953000,22.9,1,22.9,20,22.95,11,2,2022-06-10 09:29:28
1654853369809481000,22.9,1,22.9,19,22.95,11,2,2022-06-10 09:29:29
1654853371849936000,22.9,2,22.9,18,22.95,12,2,2022-06-10 09:29:31
1654853374676336000,22.95,10,22.9,18,22.95,2,1,2022-06-10 09:29:34
1654853375284750000,22.95,2,23.0,1,23.05,9,1,2022-06-10 09:29:35
1654853375284750000,23.0,17,23.0,1,23.05,9,1,2022-06-10 09:29:35
1654853375354129000,23.0,1,22.9,17,23.05,9,2,2022-06-10 09:29:35
1654853375354129000,22.9,1,22.9,17,23.05,9,2,2022-06-10 09:29:35
1654853396444483000,23.0,1,23.0,1,23.05,5,2,2022-06-10 09:29:56
1654853396901796000,23.05,5,23.0,1,23.1,19,1,2022-06-10 09:29:56
1654853396901796000,23.1,3,23.0,1,23.1,19,1,2022-06-10 09:29:56
1654853402351095000,23.1,1,23.0,4,23.1,18,1,2022-06-10 09:30:02
1654853403362715000,23.05,2,23.0,4,23.05,52,1,2022-06-10 09:30:03
1654853407206625000,23.05,1,23.0,2,23.05,51,1,2022-06-10 09:30:07
1654853407347660000,23.0,2,22.95,8,23.05,51,2,2022-06-10 09:30:07
1654853409144784000,23.0,1,22.95,8,23.05,51,1,2022-06-10 09:30:09
1654853410826370000,23.0,1,22.95,9,23.0,1,1,2022-06-10 09:30:10
1654853418192235000,23.0,2,22.95,9,23.0,11,1,2022-06-10 09:30:18
1654853419007178000,22.95,1,22.95,5,23.0,11,2,2022-06-10 09:30:19
1654853419050072000,22.95,5,22.9,47,23.0,11,2,2022-06-10 09:30:19
1654853421622991000,22.9,1,22.9,46,23.0,4,2,2022-06-10 09:30:21
1654853424824672000,22.9,8,22.9,38,23.0,5,2,2022-06-10 09:30:24
1654853431402864000,22.95,2,22.9,50,23.0,10,1,2022-06-10 09:30:31
1654853431402864000,23.0,1,22.9,50,23.0,10,1,2022-06-10 09:30:31
1654853435640544000,23.0,1,22.95,1,23.0,15,1,2022-06-10 09:30:35
1654853437613848000,23.0,1,22.95,3,23.0,14,1,2022-06-10 09:30:37
1654853439951081000,22.95,6,22.95,2,23.0,17,2,2022-06-10 09:30:39
1654853439983132000,22.95,2,22.9,51,23.0,17,2,2022-06-10 09:30:39
1654853445073900000,23.0,1,22.95,4,23.0,29,1,2022-06-10 09:30:45
1654853446130079000,23.0,15,22.95,4,23.0,14,1,2022-06-10 09:30:46
1654853448974459000,23.0,1,22.95,10,23.0,13,1,2022-06-10 09:30:48
1654853449316885000,22.95,5,22.95,5,23.0,13,2,2022-06-10 09:30:49
1654853449560318000,23.0,1,22.95,5,23.0,12,1,2022-06-10 09:30:49
1654853452862080000,23.0,1,22.95,8,23.0,11,1,2022-06-10 09:30:52
1654853455515469000,23.0,1,22.95,8,23.0,10,1,2022-06-10 09:30:55
1654853456652477000,23.0,1,22.95,8,23.0,9,1,2022-06-10 09:30:56
1654853457059944000,23.0,2,22.95,8,23.0,7,1,2022-06-10 09:30:57
1654853457195341000,23.0,5,22.95,8,23.0,2,1,2022-06-10 09:30:57
1654853457868578000,23.0,2,22.95,9,23.05,52,1,2022-06-10 09:30:57
1654853458660307000,23.05,1,23.0,4,23.05,51,1,2022-06-10 09:30:58
1654853459177689000,23.05,2,23.0,5,23.05,49,1,2022-06-10 09:30:59
1654853459482656000,23.05,1,23.0,6,23.05,48,1,2022-06-10 09:30:59
1654853460663296000,23.05,2,23.0,5,23.05,46,1,2022-06-10 09:31:00
1654853461383228000,23.05,9,23.0,6,23.05,37,1,2022-06-10 09:31:01
1654853462177589000,23.05,10,23.0,16,23.05,27,1,2022-06-10 09:31:02
1654853462208329000,23.05,6,23.0,16,23.05,21,1,2022-06-10 09:31:02
1654853463149144000,23.05,15,23.0,16,23.05,6,1,2022-06-10 09:31:03
1654853463174584000,23.05,6,23.0,16,23.1,14,1,2022-06-10 09:31:03
1654853464133226000,23.1,2,23.05,2,23.1,12,1,2022-06-10 09:31:04
1654853464363194000,23.1,2,23.05,2,23.1,10,1,2022-06-10 09:31:04
1654853464467347000,23.1,2,23.05,2,23.1,8,1,2022-06-10 09:31:04
1654853464551326000,23.1,1,23.05,2,23.1,7,1,2022-06-10 09:31:04
1654853464956109000,23.1,2,23.05,2,23.1,5,1,2022-06-10 09:31:04
1654853465430598000,23.1,1,23.05,2,23.1,4,1,2022-06-10 09:31:05
1654853465925709000,23.1,2,23.05,2,23.1,2,1,2022-06-10 09:31:05
1654853465959077000,23.1,2,23.05,2,23.15,9,1,2022-06-10 09:31:05
1654853468528611000,23.1,1,23.05,2,23.1,7,1,2022-06-10 09:31:08
1654853469541096000,23.1,3,23.05,3,23.1,4,1,2022-06-10 09:31:09
1654853469595908000,23.1,4,23.05,3,23.15,9,1,2022-06-10 09:31:09
1654853469595908000,23.15,1,23.05,3,23.15,9,1,2022-06-10 09:31:09
1654853470277891000,23.15,10,23.1,1,23.25,12,1,2022-06-10 09:31:10
1654853470277891000,23.2,32,23.1,1,23.25,12,1,2022-06-10 09:31:10
1654853470277891000,23.25,8,23.1,1,23.25,12,1,2022-06-10 09:31:10
1654853470323204000,23.25,3,23.1,2,23.25,9,1,2022-06-10 09:31:10
1654853470882516000,23.25,1,23.1,4,23.25,8,1,2022-06-10 09:31:10
1654853470989225000,23.25,8,23.1,4,23.3,28,1,2022-06-10 09:31:10
1654853472125657000,23.3,4,23.15,1,23.3,24,1,2022-06-10 09:31:12
1654853473657503000,23.3,20,23.15,3,23.3,4,1,2022-06-10 09:31:13
1654853473814663000,23.3,1,23.15,2,23.3,3,1,2022-06-10 09:31:13
1654853474111388000,23.3,3,23.3,47,23.35,7,1,2022-06-10 09:31:14
1654853474209256000,23.35,1,23.3,47,23.35,6,1,2022-06-10 09:31:14
1654853474254327000,23.35,1,23.3,47,23.35,5,1,2022-06-10 09:31:14
1654853475487694000,23.35,5,23.3,47,23.45,2,1,2022-06-10 09:31:15
1654853475487694000,23.4,16,23.3,47,23.45,2,1,2022-06-10 09:31:15
1654853475487694000,23.45,9,23.3,47,23.45,2,1,2022-06-10 09:31:15
1654853475535193000,23.45,2,23.3,47,23.5,89,1,2022-06-10 09:31:15
1654853475535193000,23.5,1,23.3,47,23.5,89,1,2022-06-10 09:31:15
1654853475536340000,23.5,1,23.3,47,23.5,88,1,2022-06-10 09:31:15
1654853475537252000,23.5,1,23.3,47,23.5,87,1,2022-06-10 09:31:15
1654853475550728000,23.5,2,23.3,47,23.5,85,1,2022-06-10 09:31:15
1654853475551797000,23.5,2,23.3,47,23.5,83,1,2022-06-10 09:31:15
1654853475840496000,23.5,28,23.35,3,23.5,55,1,2022-06-10 09:31:15
1654853475845841000,23.5,39,23.35,3,23.5,16,1,2022-06-10 09:31:15
1654853476427033000,23.5,10,23.35,8,23.5,6,1,2022-06-10 09:31:16
1654853476691201000,23.5,1,23.35,7,23.5,5,1,2022-06-10 09:31:16
1654853476821786000,23.45,1,23.3,3,23.5,5,1,2022-06-10 09:31:16
1654853476992963000,23.5,5,23.35,3,23.55,11,1,2022-06-10 09:31:16
1654853477026674000,23.55,1,23.35,3,23.55,10,1,2022-06-10 09:31:17
1654853477028590000,23.55,1,23.35,3,23.55,9,1,2022-06-10 09:31:17
1654853477028992000,23.55,1,23.35,3,23.55,8,1,2022-06-10 09:31:17
1654853477051806000,23.55,1,23.35,3,23.55,7,1,2022-06-10 09:31:17
1654853477106855000,23.5,2,23.35,3,23.55,7,2,2022-06-10 09:31:17
1654853477371710000,23.55,7,23.35,3,23.6,122,1,2022-06-10 09:31:17
1654853477371710000,23.6,9,23.35,3,23.6,122,1,2022-06-10 09:31:17
1654853477484151000,23.6,1,23.35,3,23.6,121,1,2022-06-10 09:31:17
1654853477496844000,23.35,1,23.35,2,23.6,121,2,2022-06-10 09:31:17
1654853477558638000,23.55,1,23.5,1,23.6,121,1,2022-06-10 09:31:17
1654853477682984000,23.6,14,23.5,1,23.6,107,1,2022-06-10 09:31:17
1654853477705740000,23.6,14,23.5,1,23.6,93,1,2022-06-10 09:31:17
1654853478405073000,23.5,3,23.4,2,23.55,30,2,2022-06-10 09:31:18
1654853478487282000,23.55,4,23.4,2,23.55,26,1,2022-06-10 09:31:18
1654853479402893000,23.5,1,23.4,2,23.5,5,1,2022-06-10 09:31:19
1654853480001557000,23.5,3,23.4,2,23.5,2,1,2022-06-10 09:31:20
1654853480641054000,23.4,1,23.4,1,23.5,2,2,2022-06-10 09:31:20
1654853481023543000,23.5,1,23.4,1,23.5,1,1,2022-06-10 09:31:21
1654853481046169000,23.5,1,23.4,1,23.55,45,1,2022-06-10 09:31:21
1654853481046169000,23.55,1,23.4,1,23.55,45,1,2022-06-10 09:31:21
1654853481837572000,23.55,1,23.4,3,23.55,44,1,2022-06-10 09:31:21
1654853482450787000,23.55,1,23.4,3,23.55,43,1,2022-06-10 09:31:22
1654853482537731000,23.4,1,23.4,2,23.55,43,2,2022-06-10 09:31:22
1654853482538555000,23.55,4,23.4,2,23.55,39,1,2022-06-10 09:31:22
1654853483169030000,23.35,1,23.35,2,23.55,39,2,2022-06-10 09:31:23
1654853483625549000,23.5,1,23.35,2,23.55,36,1,2022-06-10 09:31:23
1654853483625549000,23.55,3,23.35,2,23.55,36,1,2022-06-10 09:31:23
1654853484142223000,23.55,2,23.4,2,23.55,34,1,2022-06-10 09:31:24
1654853484561852000,23.55,4,23.45,1,23.55,31,1,2022-06-10 09:31:24
1654853484975519000,23.55,1,23.45,2,23.55,30,1,2022-06-10 09:31:24
1654853486240112000,23.45,2,23.4,1,23.5,5,2,2022-06-10 09:31:26
1654853486771380000,23.5,4,23.4,1,23.5,4,1,2022-06-10 09:31:26
1654853487481319000,23.45,1,23.4,1,23.5,5,2,2022-06-10 09:31:27
1654853489646040000,23.4,2,23.25,28,23.5,17,2,2022-06-10 09:31:29
1654853489646040000,23.35,3,23.25,28,23.5,17,2,2022-06-10 09:31:29
1654853489646040000,23.3,2,23.25,28,23.5,17,2,2022-06-10 09:31:29
1654853489646040000,23.25,3,23.25,28,23.5,17,2,2022-06-10 09:31:29
1654853491392773000,23.35,2,23.4,2,23.45,13,1,2022-06-10 09:31:31
1654853491392773000,23.4,1,23.4,2,23.45,13,1,2022-06-10 09:31:31
1654853492964579000,23.45,1,23.4,2,23.45,10,1,2022-06-10 09:31:32
1654853495926744000,23.4,1,23.4,1,23.45,12,2,2022-06-10 09:31:35
1654853496353468000,23.4,1,23.3,1,23.45,12,2,2022-06-10 09:31:36
1654853496604489000,23.45,1,23.3,1,23.45,18,1,2022-06-10 09:31:36
1654853497332243000,23.4,1,23.3,1,23.45,18,2,2022-06-10 09:31:37
1654853498468732000,23.4,1,23.3,1,23.4,4,1,2022-06-10 09:31:38
1654853504813812000,23.35,1,23.3,1,23.35,3,1,2022-06-10 09:31:44
1654853505057295000,23.35,1,23.3,1,23.35,2,1,2022-06-10 09:31:45
1654853505776118000,23.35,1,23.3,1,23.35,1,1,2022-06-10 09:31:45
1654853506279643000,23.3,1,23.25,5,23.35,1,2,2022-06-10 09:31:46
1654853506896633000,23.35,1,23.25,5,23.4,9,1,2022-06-10 09:31:46
1654853508618250000,23.35,1,23.3,2,23.4,9,2,2022-06-10 09:31:48
1654853509871771000,23.4,1,23.3,2,23.4,8,1,2022-06-10 09:31:49
1654853510892464000,23.3,2,23.3,10,23.4,11,2,2022-06-10 09:31:50
1654853511667720000,23.35,1,23.3,11,23.4,10,1,2022-06-10 09:31:51
1654853511667720000,23.4,1,23.3,11,23.4,10,1,2022-06-10 09:31:51
1654853514824567000,23.35,1,23.3,12,23.35,1,1,2022-06-10 09:31:54
1654853516832294000,23.3,1,23.3,2,23.35,1,2,2022-06-10 09:31:56
1654853516866161000,23.3,2,23.25,8,23.35,1,2,2022-06-10 09:31:56
1654853517352301000,23.25,5,23.25,3,23.35,1,2,2022-06-10 09:31:57
1654853518561651000,23.35,1,23.25,3,23.35,1,1,2022-06-10 09:31:58
1654853520729264000,23.25,1,23.25,3,23.35,2,2,2022-06-10 09:32:00
1654853523168142000,23.35,4,23.25,3,23.4,18,1,2022-06-10 09:32:03
1654853523751513000,23.25,1,23.25,2,23.4,18,2,2022-06-10 09:32:03
1654853526176305000,23.25,1,23.25,1,23.3,5,2,2022-06-10 09:32:06
1654853526203180000,23.25,1,23.25,1,23.3,5,2,2022-06-10 09:32:06
1654853529006546000,23.25,1,23.2,1,23.3,6,2,2022-06-10 09:32:09
1654853533561566000,23.25,1,23.25,1,23.3,18,1,2022-06-10 09:32:13
1654853533750417000,23.25,1,23.15,1,23.25,7,2,2022-06-10 09:32:13
1654853536565601000,23.2,1,23.15,1,23.2,4,2,2022-06-10 09:32:16
1654853545097566000,23.2,1,23.15,2,23.2,6,1,2022-06-10 09:32:25
1654853545707381000,23.15,2,23.1,4,23.15,10,2,2022-06-10 09:32:25
1654853547066940000,23.1,3,23.1,1,23.15,10,2,2022-06-10 09:32:27
1654853547745652000,23.1,1,23.05,12,23.1,3,2,2022-06-10 09:32:27
1654853549429819000,23.1,1,23.05,13,23.1,12,1,2022-06-10 09:32:29
1654853549838489000,23.1,1,23.05,13,23.1,11,1,2022-06-10 09:32:29
1654853550602209000,23.05,13,23.0,25,23.1,11,2,2022-06-10 09:32:30
1654853550602209000,23.0,7,23.0,25,23.1,11,2,2022-06-10 09:32:30
1654853551091884000,23.1,1,23.0,25,23.1,10,1,2022-06-10 09:32:31
1654853551356330000,23.1,1,23.0,25,23.1,9,1,2022-06-10 09:32:31
1654853551546633000,23.1,1,23.0,25,23.1,8,1,2022-06-10 09:32:31
1654853553508600000,23.05,1,23.0,24,23.1,12,2,2022-06-10 09:32:33
1654853555035427000,23.1,1,23.0,23,23.1,11,1,2022-06-10 09:32:35
1654853556159103000,23.1,3,23.05,3,23.1,16,1,2022-06-10 09:32:36
1654853557785489000,23.1,5,23.05,3,23.1,11,1,2022-06-10 09:32:37
1654853558358685000,23.05,2,23.05,1,23.1,12,2,2022-06-10 09:32:38
1654853559793526000,23.05,1,23.0,37,23.1,3,2,2022-06-10 09:32:39
1654853561692866000,23.1,1,23.05,5,23.1,2,1,2022-06-10 09:32:41
1654853562903964000,23.05,4,23.05,1,23.1,3,2,2022-06-10 09:32:42
1654853563425800000,23.1,1,23.05,2,23.1,2,1,2022-06-10 09:32:43
1654853563768992000,23.1,1,23.05,2,23.1,1,1,2022-06-10 09:32:43
1654853568236583000,23.1,1,23.1,9,23.15,11,1,2022-06-10 09:32:48
1654853569899837000,23.1,1,23.1,8,23.15,11,2,2022-06-10 09:32:49
1654853572326307000,23.15,1,23.1,8,23.15,10,1,2022-06-10 09:32:52
1654853573958120000,23.1,1,23.1,7,23.15,10,2,2022-06-10 09:32:53
1654853574421386000,23.1,1,23.1,6,23.15,10,2,2022-06-10 09:32:54
1654853574863298000,23.1,1,23.1,5,23.15,10,2,2022-06-10 09:32:54
1654853576836015000,23.1,1,23.1,4,23.15,10,2,2022-06-10 09:32:56
1654853581559743000,23.1,6,23.05,7,23.1,1,2,2022-06-10 09:33:01
1654853588189562000,23.1,2,23.05,7,23.1,2,1,2022-06-10 09:33:08
1654853591421553000,23.1,1,23.05,7,23.1,6,1,2022-06-10 09:33:11
1654853594849246000,23.05,1,23.05,6,23.1,7,2,2022-06-10 09:33:14
1654853596084772000,23.1,2,23.05,6,23.1,5,1,2022-06-10 09:33:16
1654853597899461000,23.1,2,23.05,6,23.1,3,1,2022-06-10 09:33:17
1654853598303369000,23.05,6,23.0,40,23.05,3,2,2022-06-10 09:33:18
1654853602206095000,23.05,1,23.0,46,23.05,2,1,2022-06-10 09:33:22
1654853602236785000,23.05,2,23.05,1,23.1,3,1,2022-06-10 09:33:22
1654853608306388000,23.05,1,23.05,6,23.1,3,2,2022-06-10 09:33:28
1654853615772067000,23.1,2,23.05,9,23.15,2,1,2022-06-10 09:33:35
1654853620405796000,23.15,1,23.05,14,23.15,1,1,2022-06-10 09:33:40
1654853620824575000,23.15,1,23.05,14,23.3,3,1,2022-06-10 09:33:40
1654853620824575000,23.25,1,23.05,14,23.3,3,1,2022-06-10 09:33:40
1654853623196523000,23.1,1,23.05,16,23.1,5,1,2022-06-10 09:33:43
1654853623561135000,23.1,1,23.05,16,23.1,4,1,2022-06-10 09:33:43
1654853625193673000,23.1,1,23.05,16,23.1,3,1,2022-06-10 09:33:45
1654853627503807000,23.1,1,23.05,16,23.1,2,1,2022-06-10 09:33:47
1654853628236055000,23.1,1,23.05,16,23.1,1,1,2022-06-10 09:33:48
1654853630963560000,23.1,1,23.05,16,23.25,3,1,2022-06-10 09:33:50
1654853640072168000,23.1,1,23.1,6,23.25,4,2,2022-06-10 09:34:00
1654853651721025000,23.2,1,23.15,1,23.25,4,1,2022-06-10 09:34:11
1654853660568697000,23.2,2,23.15,2,23.2,1,1,2022-06-10 09:34:20
1654853662314934000,23.2,1,23.15,2,23.25,2,1,2022-06-10 09:34:22
1654853664246235000,23.2,1,23.15,7,23.25,3,2,2022-06-10 09:34:24
1654853665073500000,23.25,3,23.15,7,23.5,48,1,2022-06-10 09:34:25
1654853665073500000,23.3,4,23.15,7,23.5,48,1,2022-06-10 09:34:25
1654853665073500000,23.35,8,23.15,7,23.5,48,1,2022-06-10 09:34:25
1654853665073500000,23.4,12,23.15,7,23.5,48,1,2022-06-10 09:34:25
1654853665073500000,23.45,13,23.15,7,23.5,48,1,2022-06-10 09:34:25
1654853665073500000,23.5,10,23.15,7,23.5,48,1,2022-06-10 09:34:25
1654853672789131000,23.4,1,23.25,1,23.4,1,1,2022-06-10 09:34:32
1654853672918308000,23.25,1,23.2,5,23.4,1,2,2022-06-10 09:34:32
1654853672918308000,23.2,2,23.2,5,23.4,1,2,2022-06-10 09:34:32
1654853673282399000,23.2,1,23.2,4,23.4,1,2,2022-06-10 09:34:33
1654853673625084000,23.4,1,23.2,4,23.45,2,1,2022-06-10 09:34:33
1654853675799750000,23.4,1,23.25,2,23.45,2,1,2022-06-10 09:34:35
1654853675799750000,23.45,1,23.25,2,23.45,2,1,2022-06-10 09:34:35
1654853676926559000,23.4,1,23.25,2,23.45,5,1,2022-06-10 09:34:36
1654853678172953000,23.4,2,23.25,2,23.4,4,1,2022-06-10 09:34:38
1654853678409864000,23.4,2,23.25,2,23.4,2,1,2022-06-10 09:34:38
1654853678647892000,23.25,1,23.25,1,23.4,2,2,2022-06-10 09:34:38
1654853679343010000,23.4,1,23.25,1,23.4,1,1,2022-06-10 09:34:39
1654853679732945000,23.3,2,23.25,1,23.4,2,2,2022-06-10 09:34:39
1654853680712626000,23.4,1,23.25,1,23.4,2,1,2022-06-10 09:34:40
1654853683034939000,23.4,3,23.25,3,23.4,3,1,2022-06-10 09:34:43
1654853684970884000,23.3,3,23.2,7,23.4,7,2,2022-06-10 09:34:44
1654853684970884000,23.25,3,23.2,7,23.4,7,2,2022-06-10 09:34:44
1654853684970884000,23.2,4,23.2,7,23.4,7,2,2022-06-10 09:34:44
1654853690332218000,23.25,1,23.2,8,23.35,6,2,2022-06-10 09:34:50
1654853690774834000,23.3,1,23.2,8,23.35,5,1,2022-06-10 09:34:50
1654853690774834000,23.35,1,23.2,8,23.35,5,1,2022-06-10 09:34:50
1654853694719191000,23.3,1,23.2,8,23.3,1,1,2022-06-10 09:34:54
1654853695755794000,23.3,1,23.2,8,23.35,6,1,2022-06-10 09:34:55
1654853698443153000,23.3,1,23.25,2,23.35,7,1,2022-06-10 09:34:58
1654853699270589000,23.25,2,23.2,8,23.3,1,2,2022-06-10 09:34:59
1654853704902161000,23.2,1,23.2,7,23.25,4,2,2022-06-10 09:35:04
1654853704933838000,23.2,5,23.2,2,23.25,4,2,2022-06-10 09:35:04
1654853706009809000,23.25,3,23.2,3,23.25,1,1,2022-06-10 09:35:06
1654853708441060000,23.25,1,23.25,2,23.3,15,1,2022-06-10 09:35:08
1654853709981332000,23.3,1,23.25,2,23.3,14,1,2022-06-10 09:35:09
1654853711953206000,23.3,1,23.25,2,23.3,13,1,2022-06-10 09:35:11
1654853713625229000,23.3,1,23.25,2,23.3,12,1,2022-06-10 09:35:13
1654853714728055000,23.3,1,23.25,2,23.3,11,1,2022-06-10 09:35:14
1654853718331176000,23.3,1,23.25,3,23.3,27,1,2022-06-10 09:35:18
1654853719361691000,23.3,10,23.25,2,23.3,17,1,2022-06-10 09:35:19
1654853719384265000,23.25,1,23.25,1,23.3,17,2,2022-06-10 09:35:19
1654853720561015000,23.25,1,23.2,11,23.3,17,2,2022-06-10 09:35:20
1654853720561015000,23.2,1,23.2,11,23.3,17,2,2022-06-10 09:35:20
1654853726184689000,23.25,1,23.2,14,23.25,2,1,2022-06-10 09:35:26
1654853728729184000,23.25,1,23.2,14,23.25,1,1,2022-06-10 09:35:28
1654853730690369000,23.2,5,23.2,10,23.25,2,2,2022-06-10 09:35:30
1654853731827687000,23.25,2,23.2,10,23.3,17,1,2022-06-10 09:35:31
1654853738773499000,23.3,1,23.2,19,23.3,17,1,2022-06-10 09:35:38
1654853741588453000,23.3,3,23.2,19,23.3,15,1,2022-06-10 09:35:41
1654853744049229000,23.3,1,23.2,24,23.3,14,1,2022-06-10 09:35:44
1654853744956970000,23.25,1,23.2,24,23.3,14,2,2022-06-10 09:35:44
1654853754079700000,23.25,5,23.2,20,23.25,2,1,2022-06-10 09:35:54
1654853755178800000,23.25,1,23.2,20,23.25,1,1,2022-06-10 09:35:55
1654853755887362000,23.25,1,23.2,20,23.3,14,1,2022-06-10 09:35:55
1654853760934338000,23.3,3,23.2,21,23.3,11,1,2022-06-10 09:36:00
1654853767471354000,23.3,1,23.25,1,23.3,12,1,2022-06-10 09:36:07
1654853768483687000,23.3,1,23.25,1,23.3,11,1,2022-06-10 09:36:08
1654853771642666000,23.3,1,23.25,1,23.3,10,1,2022-06-10 09:36:11
1654853772333481000,23.3,3,23.25,1,23.3,7,1,2022-06-10 09:36:12
1654853775661440000,23.3,1,23.25,3,23.3,7,1,2022-06-10 09:36:15
1654853777734338000,23.25,1,23.25,5,23.3,7,2,2022-06-10 09:36:17
1654853779916432000,23.25,1,23.25,4,23.3,6,2,2022-06-10 09:36:19
1654853783894514000,23.25,1,23.25,3,23.3,8,2,2022-06-10 09:36:23
1654853783965107000,23.3,4,23.25,3,23.3,4,1,2022-06-10 09:36:23
1654853785208593000,23.25,3,23.2,4,23.3,4,2,2022-06-10 09:36:25
1654853785208593000,23.2,17,23.2,4,23.3,4,2,2022-06-10 09:36:25
1654853786842227000,23.2,5,23.15,8,23.3,4,2,2022-06-10 09:36:26
1654853790061092000,23.2,1,23.15,8,23.25,1,2,2022-06-10 09:36:30
1654853795544177000,23.2,1,23.15,9,23.25,5,2,2022-06-10 09:36:35
1654853796399058000,23.15,1,23.15,8,23.2,5,2,2022-06-10 09:36:36
1654853800620456000,23.15,1,23.15,9,23.2,5,2,2022-06-10 09:36:40
1654853801306792000,23.15,2,23.15,7,23.2,5,2,2022-06-10 09:36:41
1654853804429585000,23.15,1,23.15,6,23.2,17,2,2022-06-10 09:36:44
1654853805840772000,23.15,1,23.15,5,23.2,17,2,2022-06-10 09:36:45
1654853805944904000,23.15,1,23.15,4,23.2,17,2,2022-06-10 09:36:45
1654853806384234000,23.15,1,23.15,3,23.2,17,2,2022-06-10 09:36:46
1654853807023505000,23.15,3,23.1,21,23.15,2,2,2022-06-10 09:36:47
1654853808243076000,23.1,1,23.1,20,23.15,3,2,2022-06-10 09:36:48
1654853809425446000,23.1,1,23.1,19,23.15,3,2,2022-06-10 09:36:49
1654853812897909000,23.1,1,23.1,17,23.15,3,2,2022-06-10 09:36:52
1654853817551990000,23.15,2,23.1,17,23.15,1,1,2022-06-10 09:36:57
1654853818091944000,23.1,4,23.1,13,23.15,1,2,2022-06-10 09:36:58
1654853821883766000,23.15,1,23.1,13,23.15,5,1,2022-06-10 09:37:01
1654853822612921000,23.1,14,23.05,17,23.1,6,2,2022-06-10 09:37:02
1654853824683777000,23.05,15,23.05,1,23.1,8,2,2022-06-10 09:37:04
1654853824704612000,23.05,1,23.0,63,23.1,8,2,2022-06-10 09:37:04
1654853827295360000,23.05,1,23.0,60,23.05,5,1,2022-06-10 09:37:07
1654853829320006000,23.0,12,23.0,47,23.05,6,2,2022-06-10 09:37:09
1654853829929771000,23.0,8,23.0,39,23.05,6,2,2022-06-10 09:37:09
1654853829983938000,23.0,15,23.0,24,23.05,6,2,2022-06-10 09:37:09
1654853830451762000,23.0,1,23.0,23,23.05,6,2,2022-06-10 09:37:10
1654853830729741000,23.0,1,23.0,22,23.05,6,2,2022-06-10 09:37:10
1654853830853921000,23.0,3,23.0,19,23.05,6,2,2022-06-10 09:37:10
1654853830891076000,23.0,9,23.0,10,23.05,6,2,2022-06-10 09:37:10
1654853830997735000,23.0,5,23.0,5,23.05,6,2,2022-06-10 09:37:10
1654853831036206000,23.0,3,23.0,2,23.05,6,2,2022-06-10 09:37:11
1654853831407795000,23.0,2,22.95,4,23.0,4,2,2022-06-10 09:37:11
1654853834456598000,22.95,1,22.95,1,23.0,12,2,2022-06-10 09:37:14
1654853835016849000,23.0,1,22.95,1,23.0,11,1,2022-06-10 09:37:15
1654853835042986000,22.95,1,22.9,33,23.0,11,2,2022-06-10 09:37:15
1654853841391398000,22.9,1,22.9,30,23.0,9,2,2022-06-10 09:37:21
1654853843053429000,22.95,5,22.9,28,23.0,9,2,2022-06-10 09:37:23
1654853843053429000,22.9,1,22.9,28,23.0,9,2,2022-06-10 09:37:23
1654853845274016000,22.95,3,22.9,26,23.0,10,2,2022-06-10 09:37:25
1654853845274016000,22.9,2,22.9,26,23.0,10,2,2022-06-10 09:37:25
1654853846487985000,22.9,2,22.9,24,23.0,10,2,2022-06-10 09:37:26
1654853848992736000,22.95,1,22.9,24,22.95,2,2,2022-06-10 09:37:28
1654853855832531000,22.95,1,22.9,34,22.95,1,1,2022-06-10 09:37:35
1654853857344765000,22.95,1,22.9,34,23.0,10,1,2022-06-10 09:37:37
1654853859663170000,22.95,3,22.9,32,23.0,10,2,2022-06-10 09:37:39
1654853859663170000,22.9,2,22.9,32,23.0,10,2,2022-06-10 09:37:39
1654853859676363000,22.9,6,22.9,26,23.0,10,2,2022-06-10 09:37:39
1654853860334398000,22.95,2,22.9,23,23.0,10,2,2022-06-10 09:37:40
1654853860334398000,22.9,3,22.9,23,23.0,10,2,2022-06-10 09:37:40
1654853866899617000,22.9,1,22.9,23,23.0,13,2,2022-06-10 09:37:46
1654853868484299000,22.9,1,22.9,22,23.0,13,2,2022-06-10 09:37:48
1654853868826269000,22.9,1,22.9,21,23.0,13,2,2022-06-10 09:37:48
1654853869048194000,22.9,1,22.9,20,23.0,13,2,2022-06-10 09:37:49
1654853872202759000,22.9,1,22.9,19,22.95,1,2,2022-06-10 09:37:52
1654853872668099000,22.95,1,22.9,19,23.0,13,1,2022-06-10 09:37:52
1654853875271539000,22.9,2,22.9,19,22.95,1,2,2022-06-10 09:37:55
1654853879957964000,22.9,1,22.9,20,22.95,5,2,2022-06-10 09:37:59
1654853880716945000,22.9,20,22.85,17,22.95,5,2,2022-06-10 09:38:00
1654853884385094000,22.9,1,22.9,1,22.95,6,2,2022-06-10 09:38:04
1654853884685902000,22.9,1,22.85,27,22.95,6,2,2022-06-10 09:38:04
1654853888543365000,22.9,1,22.9,2,22.95,6,2,2022-06-10 09:38:08
1654853889035542000,22.9,1,22.9,1,22.95,6,2,2022-06-10 09:38:09
1654853891595203000,22.9,1,22.85,27,22.95,6,2,2022-06-10 09:38:11
1654853892810471000,22.9,1,22.85,27,22.95,6,2,2022-06-10 09:38:12
1654853896803492000,22.9,1,22.9,6,22.95,5,2,2022-06-10 09:38:16
1654853900987691000,22.9,2,22.9,5,22.95,5,2,2022-06-10 09:38:20
1654853902324972000,22.9,1,22.9,4,22.95,5,2,2022-06-10 09:38:22
1654853903103584000,22.9,2,22.9,2,22.95,5,2,2022-06-10 09:38:23
1654853903787992000,22.9,1,22.9,1,22.95,5,2,2022-06-10 09:38:23
1654853909061964000,22.9,1,22.85,27,22.95,5,2,2022-06-10 09:38:29
1654853909178230000,22.95,4,22.85,27,22.95,1,1,2022-06-10 09:38:29
1654853909207206000,22.95,1,22.85,27,23.0,6,1,2022-06-10 09:38:29
1654853919461394000,23.0,1,22.95,1,23.0,3,1,2022-06-10 09:38:39
1654853930042915000,23.0,3,23.0,1,23.05,1,1,2022-06-10 09:38:50
1654853936556713000,23.05,2,23.0,4,23.1,8,1,2022-06-10 09:38:56
1654853945421927000,23.05,1,23.05,2,23.1,8,2,2022-06-10 09:39:05
1654853948367983000,23.1,1,23.05,2,23.1,7,1,2022-06-10 09:39:08
1654853955932310000,23.1,1,23.05,2,23.1,6,1,2022-06-10 09:39:15
1654853955969136000,23.1,1,23.05,2,23.1,5,1,2022-06-10 09:39:15
1654853963213136000,23.1,1,23.05,2,23.1,5,1,2022-06-10 09:39:23
1654853963249467000,23.1,2,23.05,2,23.1,3,1,2022-06-10 09:39:23
1654853964452563000,23.1,1,23.05,2,23.1,2,1,2022-06-10 09:39:24
1654853964480847000,23.1,2,23.05,2,23.15,2,1,2022-06-10 09:39:24
1654853967659216000,23.1,1,23.05,2,23.1,14,2,2022-06-10 09:39:27
1654853968520490000,23.05,2,23.0,15,23.05,1,2,2022-06-10 09:39:28
1654853969318947000,23.05,1,23.0,15,23.1,14,1,2022-06-10 09:39:29
1654853974557934000,23.05,1,23.0,16,23.05,1,1,2022-06-10 09:39:34
1654853980613821000,23.05,2,23.0,17,23.05,1,1,2022-06-10 09:39:40
1654853982823098000,23.05,1,23.0,17,23.1,19,1,2022-06-10 09:39:42
1654853984395806000,23.05,1,23.05,1,23.1,19,2,2022-06-10 09:39:44
1654853993071793000,23.05,4,23.0,18,23.1,20,2,2022-06-10 09:39:53
1654854003680725000,23.0,1,23.0,17,23.05,1,2,2022-06-10 09:40:03
1654854014308759000,23.0,1,23.0,18,23.05,8,2,2022-06-10 09:40:14
1654854015481129000,23.0,1,23.0,17,23.05,8,2,2022-06-10 09:40:15
1654854020965340000,23.0,15,23.0,2,23.05,8,2,2022-06-10 09:40:20
1654854020989621000,23.0,2,22.95,12,23.05,8,2,2022-06-10 09:40:20
1654854022536948000,22.95,1,22.95,11,23.0,4,2,2022-06-10 09:40:22
1654854023226034000,22.95,3,22.95,8,23.0,5,2,2022-06-10 09:40:23
1654854023640317000,22.95,3,22.95,5,23.0,5,2,2022-06-10 09:40:23
1654854023820032000,22.95,2,22.95,3,23.0,5,2,2022-06-10 09:40:23
1654854025695781000,22.95,2,22.95,1,23.0,10,2,2022-06-10 09:40:25
1654854026942671000,22.95,1,22.9,18,22.95,1,2,2022-06-10 09:40:26
1654854031666866000,22.95,1,22.9,28,23.0,12,1,2022-06-10 09:40:31
1654854032460296000,22.9,2,22.9,26,22.95,1,2,2022-06-10 09:40:32
1654854039587015000,22.95,1,22.9,26,23.0,9,1,2022-06-10 09:40:39
1654854040372940000,22.9,1,22.9,25,23.0,8,2,2022-06-10 09:40:40
1654854047752893000,22.9,4,22.9,23,23.0,8,2,2022-06-10 09:40:47
1654854047967432000,22.9,1,22.9,22,23.0,8,2,2022-06-10 09:40:47
1654854049057587000,22.95,1,22.9,26,23.0,8,2,2022-06-10 09:40:49
1654854051605608000,22.9,2,22.9,24,23.0,8,2,2022-06-10 09:40:51
1654854065425146000,22.95,1,22.9,24,23.0,8,2,2022-06-10 09:41:05
1654854065425146000,22.9,1,22.9,24,23.0,8,2,2022-06-10 09:41:05
