ts,close,volume,bid_price,bid_volume,ask_price,ask_volume,tick_type,datetime
1654506127320486000,30.0,787,30.0,19,30.05,22,1,2022-06-06 09:02:07
1654506127390455000,30.0,3,30.0,16,30.05,22,2,2022-06-06 09:02:07
1654506127392573000,30.0,5,30.0,11,30.05,22,2,2022-06-06 09:02:07
1654506127451784000,30.05,1,30.0,11,30.05,21,1,2022-06-06 09:02:07
1654506127479424000,30.0,1,30.0,10,30.05,21,2,2022-06-06 09:02:07
1654506128045565000,30.05,1,30.0,10,30.05,21,1,2022-06-06 09:02:08
1654506128328125000,30.0,10,29.95,41,30.05,21,2,2022-06-06 09:02:08
1654506128328125000,29.95,3,29.95,41,30.05,21,2,2022-06-06 09:02:08
1654506128337900000,29.95,13,29.95,28,30.05,21,2,2022-06-06 09:02:08
1654506128341850000,29.95,28,29.9,36,30.05,21,2,2022-06-06 09:02:08
1654506128341850000,29.9,5,29.9,36,30.05,21,2,2022-06-06 09:02:08
1654506128348654000,29.9,3,29.9,33,30.05,21,2,2022-06-06 09:02:08
1654506128576173000,30.0,2,29.9,33,30.0,1,1,2022-06-06 09:02:08
1654506129421178000,29.9,33,29.85,10,30.0,4,2,2022-06-06 09:02:09
1654506129454147000,30.0,2,29.85,10,30.0,2,1,2022-06-06 09:02:09
1654506130160643000,29.85,10,29.8,39,29.95,1,2,2022-06-06 09:02:10
1654506130192675000,29.8,39,29.75,22,29.95,1,2,2022-06-06 09:02:10
1654506130422593000,29.75,12,29.75,10,29.9,8,2,2022-06-06 09:02:10
1654506130425959000,29.75,10,29.7,34,29.9,8,2,2022-06-06 09:02:10
1654506130492958000,29.85,2,29.7,34,29.9,8,1,2022-06-06 09:02:10
1654506131658909000,29.7,1,29.7,33,29.75,10,2,2022-06-06 09:02:11
1654506131688077000,29.7,25,29.7,8,29.75,10,2,2022-06-06 09:02:11
1654506131719037000,29.7,8,29.65,2,29.75,10,2,2022-06-06 09:02:11
1654506132027273000,29.65,2,29.6,85,29.7,3,2,2022-06-06 09:02:12
1654506132027273000,29.6,4,29.6,85,29.7,3,2,2022-06-06 09:02:12
1654506132057800000,29.6,1,29.6,84,29.7,3,2,2022-06-06 09:02:12
1654506132134629000,29.6,2,29.6,82,29.7,3,2,2022-06-06 09:02:12
1654506132148799000,29.7,3,29.6,82,29.75,20,1,2022-06-06 09:02:12
1654506132148799000,29.75,2,29.6,82,29.75,20,1,2022-06-06 09:02:12
1654506132854907000,29.6,2,29.6,80,29.7,1,2,2022-06-06 09:02:12
1654506133684070000,29.6,2,29.6,78,29.7,1,2,2022-06-06 09:02:13
1654506134173747000,29.6,1,29.6,76,29.7,1,2,2022-06-06 09:02:14
1654506134703319000,29.65,1,29.6,76,29.7,2,2,2022-06-06 09:02:14
1654506134902106000,29.6,2,29.6,74,29.7,4,2,2022-06-06 09:02:14
1654506135532196000,29.65,1,29.6,74,29.65,7,1,2022-06-06 09:02:15
1654506135569990000,29.6,1,29.6,73,29.65,7,2,2022-06-06 09:02:15
1654506135632207000,29.6,2,29.6,71,29.65,7,2,2022-06-06 09:02:15
1654506136004167000,29.65,1,29.6,71,29.7,4,2,2022-06-06 09:02:16
1654506136302747000,29.65,6,29.6,71,29.75,12,1,2022-06-06 09:02:16
1654506136302747000,29.7,4,29.6,71,29.75,12,1,2022-06-06 09:02:16
1654506136312827000,29.6,2,29.6,69,29.75,12,2,2022-06-06 09:02:16
1654506137488797000,29.65,10,29.65,1,29.7,3,2,2022-06-06 09:02:17
1654506137524026000,29.65,1,29.6,70,29.7,3,2,2022-06-06 09:02:17
1654506137724193000,29.65,3,29.6,70,29.7,2,1,2022-06-06 09:02:17
1654506137724193000,29.7,1,29.6,70,29.7,2,1,2022-06-06 09:02:17
1654506138658641000,29.6,1,29.6,71,29.65,1,2,2022-06-06 09:02:18
1654506138769945000,29.65,1,29.6,71,29.75,11,1,2022-06-06 09:02:18
1654506138769945000,29.7,3,29.6,71,29.75,11,1,2022-06-06 09:02:18
1654506138769945000,29.75,1,29.6,71,29.75,11,1,2022-06-06 09:02:18
1654506138978238000,29.7,1,29.6,71,29.75,11,1,2022-06-06 09:02:18
1654506140658635000,29.75,10,29.7,2,29.75,4,1,2022-06-06 09:02:20
1654506140681485000,29.7,1,29.7,1,29.75,4,2,2022-06-06 09:02:20
1654506140694066000,29.75,4,29.7,1,29.85,1,1,2022-06-06 09:02:20
1654506140702643000,29.7,1,29.65,4,29.75,2,2,2022-06-06 09:02:20
1654506141180033000,29.75,2,29.7,5,29.85,1,1,2022-06-06 09:02:21
1654506141654350000,29.85,1,29.7,5,30.05,19,1,2022-06-06 09:02:21
1654506141654350000,29.9,7,29.7,5,30.05,19,1,2022-06-06 09:02:21
1654506141654350000,29.95,3,29.7,5,30.05,19,1,2022-06-06 09:02:21
1654506141654350000,30.0,6,29.7,5,30.05,19,1,2022-06-06 09:02:21
1654506141654350000,30.05,3,29.7,5,30.05,19,1,2022-06-06 09:02:21
1654506142947041000,30.0,1,29.8,5,30.0,6,1,2022-06-06 09:02:22
1654506143521869000,29.95,1,29.8,5,30.0,6,1,2022-06-06 09:02:23
1654506143615965000,30.0,5,29.8,5,30.0,1,1,2022-06-06 09:02:23
1654506145519004000,29.95,1,29.8,5,29.95,9,1,2022-06-06 09:02:25
1654506146873023000,29.9,1,29.8,6,29.9,2,1,2022-06-06 09:02:26
1654506147062875000,29.9,1,29.8,6,29.9,1,1,2022-06-06 09:02:27
1654506147748388000,29.9,1,29.8,6,29.95,19,1,2022-06-06 09:02:27
1654506148649000000,29.95,3,29.8,6,29.95,16,1,2022-06-06 09:02:28
1654506148845456000,29.95,5,29.8,6,29.95,11,1,2022-06-06 09:02:28
1654506148908136000,29.9,1,29.8,6,29.9,2,1,2022-06-06 09:02:28
1654506149147074000,29.9,2,29.8,6,29.95,8,1,2022-06-06 09:02:29
1654506149147074000,29.95,3,29.8,6,29.95,8,1,2022-06-06 09:02:29
1654506149478972000,29.95,1,29.9,4,29.95,7,1,2022-06-06 09:02:29
1654506150185372000,29.95,2,29.9,4,29.95,7,1,2022-06-06 09:02:30
1654506150344554000,29.95,1,29.9,4,29.95,6,1,2022-06-06 09:02:30
1654506151118450000,29.95,1,29.9,5,29.95,5,1,2022-06-06 09:02:31
1654506151237687000,29.95,2,29.9,5,29.95,3,1,2022-06-06 09:02:31
1654506151360784000,29.95,1,29.9,5,29.95,2,1,2022-06-06 09:02:31
1654506151538747000,29.9,5,29.8,11,29.95,22,2,2022-06-06 09:02:31
1654506151636829000,29.95,1,29.8,11,29.95,21,1,2022-06-06 09:02:31
1654506152794293000,29.95,1,29.9,20,29.95,24,1,2022-06-06 09:02:32
1654506153421916000,29.95,1,29.9,27,29.95,23,1,2022-06-06 09:02:33
1654506153506453000,29.95,5,29.9,27,29.95,18,1,2022-06-06 09:02:33
1654506154072214000,29.95,1,29.9,29,29.95,17,1,2022-06-06 09:02:34
1654506154128087000,29.95,2,29.9,29,29.95,15,1,2022-06-06 09:02:34
1654506154291227000,29.95,1,29.9,29,29.95,14,1,2022-06-06 09:02:34
1654506154291429000,29.95,1,29.9,29,29.95,13,1,2022-06-06 09:02:34
1654506154540211000,29.95,1,29.9,29,29.95,13,1,2022-06-06 09:02:34
1654506154584948000,29.95,1,29.9,29,29.95,12,1,2022-06-06 09:02:34
1654506154820575000,29.95,1,29.9,29,29.95,11,1,2022-06-06 09:02:34
1654506154983187000,29.95,3,29.9,29,29.95,8,1,2022-06-06 09:02:34
1654506155014113000,29.95,8,29.9,29,30.0,18,1,2022-06-06 09:02:35
1654506155625346000,29.95,2,29.9,25,30.0,18,2,2022-06-06 09:02:35
1654506155625346000,29.9,6,29.9,25,30.0,18,2,2022-06-06 09:02:35
1654506155757009000,29.95,1,29.9,25,30.0,20,1,2022-06-06 09:02:35
1654506156013166000,29.9,1,29.9,29,29.95,7,2,2022-06-06 09:02:36
1654506156336918000,29.95,1,29.9,30,29.95,6,1,2022-06-06 09:02:36
1654506156644051000,29.95,1,29.9,30,29.95,5,1,2022-06-06 09:02:36
1654506156715663000,29.95,5,29.9,30,30.0,14,1,2022-06-06 09:02:36
1654506156715663000,30.0,5,29.9,30,30.0,14,1,2022-06-06 09:02:36
1654506157044518000,29.95,1,29.9,30,30.0,10,1,2022-06-06 09:02:37
1654506157044518000,30.0,4,29.9,30,30.0,10,1,2022-06-06 09:02:37
1654506157164088000,30.0,1,29.9,30,30.0,9,1,2022-06-06 09:02:37
1654506157465932000,30.0,1,29.9,34,30.0,8,1,2022-06-06 09:02:37
1654506157642537000,29.95,5,29.9,34,30.0,8,1,2022-06-06 09:02:37
1654506158068088000,29.95,1,29.9,34,29.95,1,1,2022-06-06 09:02:38
1654506158260589000,29.95,1,29.9,34,30.0,7,1,2022-06-06 09:02:38
1654506158331828000,30.0,1,29.9,34,30.0,6,1,2022-06-06 09:02:38
1654506158480189000,30.0,1,29.9,34,30.0,5,1,2022-06-06 09:02:38
1654506158786782000,30.0,1,29.95,1,30.0,6,1,2022-06-06 09:02:38
1654506158971227000,30.0,1,29.95,1,30.0,5,1,2022-06-06 09:02:38
1654506159133182000,30.0,1,29.95,1,30.0,4,1,2022-06-06 09:02:39
1654506159320276000,30.0,1,29.95,1,30.0,3,1,2022-06-06 09:02:39
1654506159473651000,29.95,1,29.9,28,29.95,1,2,2022-06-06 09:02:39
1654506159497528000,29.95,1,29.95,1,30.0,4,1,2022-06-06 09:02:39
1654506159860689000,30.0,1,29.95,3,30.0,6,1,2022-06-06 09:02:39
1654506160089704000,30.0,1,29.95,3,30.0,5,1,2022-06-06 09:02:40
1654506160246410000,30.0,1,29.95,3,30.0,4,1,2022-06-06 09:02:40
1654506160923629000,30.0,1,29.95,4,30.0,3,1,2022-06-06 09:02:40
1654506161094300000,30.0,1,29.95,4,30.0,2,1,2022-06-06 09:02:41
1654506161102979000,30.0,1,29.95,4,30.0,1,1,2022-06-06 09:02:41
1654506161938710000,30.0,3,29.95,6,30.05,15,1,2022-06-06 09:02:41
1654506161938710000,30.05,2,29.95,6,30.05,15,1,2022-06-06 09:02:41
1654506162105530000,30.05,15,30.0,9,30.1,30,1,2022-06-06 09:02:42
1654506162146040000,30.1,10,30.0,9,30.1,20,1,2022-06-06 09:02:42
1654506162176943000,30.1,15,30.0,9,30.1,5,1,2022-06-06 09:02:42
1654506162208191000,30.1,5,30.0,9,30.15,17,1,2022-06-06 09:02:42
1654506163221861000,30.05,2,30.0,63,30.05,7,1,2022-06-06 09:02:43
1654506163233563000,30.05,7,30.05,1,30.15,17,1,2022-06-06 09:02:43
1654506163345216000,30.05,1,30.0,58,30.15,17,2,2022-06-06 09:02:43
1654506163345216000,30.0,9,30.0,58,30.15,17,2,2022-06-06 09:02:43
1654506163356615000,30.15,1,30.0,58,30.15,16,1,2022-06-06 09:02:43
1654506164028205000,30.0,1,30.0,56,30.15,16,2,2022-06-06 09:02:44
1654506164534429000,30.15,5,30.1,2,30.15,11,1,2022-06-06 09:02:44
1654506164556479000,30.15,5,30.1,2,30.15,6,1,2022-06-06 09:02:44
1654506164765848000,30.1,2,30.05,2,30.1,1,2,2022-06-06 09:02:44
1654506164852154000,30.1,1,30.05,2,30.15,9,1,2022-06-06 09:02:44
1654506165870358000,30.15,1,30.1,2,30.15,8,1,2022-06-06 09:02:45
1654506166553556000,30.15,1,30.1,2,30.15,7,1,2022-06-06 09:02:46
1654506167167952000,30.15,1,30.1,2,30.15,6,1,2022-06-06 09:02:47
1654506167312809000,30.1,2,30.05,2,30.15,6,2,2022-06-06 09:02:47
1654506167662980000,30.15,1,30.05,3,30.15,7,1,2022-06-06 09:02:47
1654506167829430000,30.15,1,30.1,1,30.15,6,1,2022-06-06 09:02:47
1654506167922784000,30.1,1,30.05,3,30.1,4,2,2022-06-06 09:02:47
1654506167926860000,30.1,4,30.05,3,30.2,40,1,2022-06-06 09:02:47
1654506167926860000,30.15,6,30.05,3,30.2,40,1,2022-06-06 09:02:47
1654506167926860000,30.2,5,30.05,3,30.2,40,1,2022-06-06 09:02:47
1654506168823365000,30.15,1,30.1,3,30.15,2,2,2022-06-06 09:02:48
1654506168958316000,30.15,2,30.1,4,30.2,39,1,2022-06-06 09:02:48
1654506168958316000,30.2,2,30.1,4,30.2,39,1,2022-06-06 09:02:48
1654506169601605000,30.2,2,30.1,4,30.2,37,1,2022-06-06 09:02:49
1654506169696982000,30.2,1,30.1,4,30.2,36,1,2022-06-06 09:02:49
1654506169858459000,30.2,1,30.1,4,30.2,35,1,2022-06-06 09:02:49
1654506169901018000,30.2,1,30.1,4,30.2,34,1,2022-06-06 09:02:49
1654506170013471000,30.2,1,30.15,1,30.2,33,1,2022-06-06 09:02:50
1654506170598897000,30.2,1,30.15,1,30.2,32,1,2022-06-06 09:02:50
1654506170657766000,30.2,7,30.15,1,30.2,27,1,2022-06-06 09:02:50
1654506170849485000,30.15,1,30.1,5,30.2,27,2,2022-06-06 09:02:50
1654506171054561000,30.2,2,30.1,5,30.2,25,1,2022-06-06 09:02:51
1654506171068581000,30.2,7,30.1,5,30.2,18,1,2022-06-06 09:02:51
1654506171095007000,30.2,1,30.1,5,30.2,17,1,2022-06-06 09:02:51
1654506171097068000,30.2,8,30.1,5,30.2,9,1,2022-06-06 09:02:51
1654506171348353000,30.2,1,30.1,5,30.2,9,1,2022-06-06 09:02:51
1654506171525073000,30.2,4,30.1,7,30.2,5,1,2022-06-06 09:02:51
1654506171620814000,30.2,5,30.1,8,30.25,19,1,2022-06-06 09:02:51
1654506171749729000,30.2,1,30.1,8,30.15,1,2,2022-06-06 09:02:51
1654506171753747000,30.1,1,30.1,7,30.15,1,2,2022-06-06 09:02:51
1654506171922291000,30.15,1,30.15,1,30.25,19,1,2022-06-06 09:02:51
1654506171970203000,30.15,1,30.1,7,30.15,19,2,2022-06-06 09:02:51
1654506172656136000,30.15,1,30.1,7,30.15,18,1,2022-06-06 09:02:52
1654506172967416000,30.15,1,30.1,7,30.15,17,1,2022-06-06 09:02:52
1654506173038954000,30.15,1,30.1,7,30.15,16,1,2022-06-06 09:02:53
1654506173187041000,30.15,13,30.1,7,30.15,3,1,2022-06-06 09:02:53
1654506173212942000,30.15,3,30.1,7,30.25,19,1,2022-06-06 09:02:53
1654506173689594000,30.2,2,30.15,1,30.2,1,1,2022-06-06 09:02:53
1654506174601842000,30.2,1,30.15,5,30.2,11,1,2022-06-06 09:02:54
1654506174795692000,30.2,3,30.15,5,30.2,8,1,2022-06-06 09:02:54
1654506175235728000,30.15,1,30.15,4,30.2,8,2,2022-06-06 09:02:55
1654506175446534000,30.15,1,30.15,3,30.2,8,2,2022-06-06 09:02:55
1654506175959881000,30.2,2,30.15,4,30.2,6,1,2022-06-06 09:02:55
1654506177447520000,30.2,1,30.15,6,30.2,12,1,2022-06-06 09:02:57
1654506177951590000,30.2,1,30.15,6,30.2,11,1,2022-06-06 09:02:57
1654506178061379000,30.2,2,30.15,6,30.2,9,1,2022-06-06 09:02:58
1654506178153028000,30.2,1,30.15,6,30.2,9,1,2022-06-06 09:02:58
1654506178305173000,30.2,1,30.15,6,30.2,8,1,2022-06-06 09:02:58
1654506178457432000,30.2,1,30.15,7,30.2,7,1,2022-06-06 09:02:58
1654506179286594000,30.2,2,30.15,7,30.2,5,1,2022-06-06 09:02:59
1654506179305300000,30.2,5,30.15,7,30.25,9,1,2022-06-06 09:02:59
1654506179305300000,30.25,10,30.15,7,30.25,9,1,2022-06-06 09:02:59
1654506179764890000,30.25,1,30.2,67,30.25,10,1,2022-06-06 09:02:59
1654506179951331000,30.2,40,30.2,27,30.25,10,2,2022-06-06 09:02:59
1654506179997508000,30.2,5,30.2,22,30.25,10,2,2022-06-06 09:02:59
1654506180025065000,30.2,14,30.2,8,30.25,10,2,2022-06-06 09:03:00
1654506180058021000,30.2,2,30.2,6,30.25,10,2,2022-06-06 09:03:00
1654506180090638000,30.2,6,30.15,8,30.25,10,2,2022-06-06 09:03:00
1654506180380604000,30.25,2,30.2,1,30.25,8,1,2022-06-06 09:03:00
1654506180410055000,30.2,1,30.15,9,30.2,1,2,2022-06-06 09:03:00
1654506180444989000,30.15,1,30.15,8,30.25,8,2,2022-06-06 09:03:00
1654506180571753000,30.15,6,30.15,3,30.25,8,2,2022-06-06 09:03:00
1654506180759669000,30.25,6,30.2,2,30.25,2,1,2022-06-06 09:03:00
1654506181619944000,30.25,1,30.2,3,30.25,1,1,2022-06-06 09:03:01
1654506181671233000,30.25,1,30.2,3,30.3,40,1,2022-06-06 09:03:01
1654506181671233000,30.3,2,30.2,3,30.3,40,1,2022-06-06 09:03:01
1654506182108411000,30.2,3,30.2,1,30.3,40,2,2022-06-06 09:03:02
1654506183101257000,30.25,1,30.2,14,30.25,3,1,2022-06-06 09:03:03
1654506183246875000,30.2,1,30.2,14,30.25,3,2,2022-06-06 09:03:03
1654506183488540000,30.25,2,30.2,14,30.25,1,1,2022-06-06 09:03:03
1654506185047525000,30.25,1,30.2,17,30.25,2,1,2022-06-06 09:03:05
1654506185793995000,30.2,1,30.2,19,30.25,7,2,2022-06-06 09:03:05
1654506186239848000,30.25,1,30.2,19,30.25,7,1,2022-06-06 09:03:06
1654506186342714000,30.25,1,30.2,19,30.25,6,1,2022-06-06 09:03:06
1654506186589212000,30.2,1,30.2,18,30.25,6,2,2022-06-06 09:03:06
1654506186857305000,30.25,2,30.2,19,30.25,5,1,2022-06-06 09:03:06
1654506187093701000,30.25,1,30.2,19,30.25,4,1,2022-06-06 09:03:07
1654506187223819000,30.25,1,30.2,19,30.25,3,1,2022-06-06 09:03:07
1654506187290959000,30.2,1,30.2,19,30.25,3,2,2022-06-06 09:03:07
1654506187836846000,30.25,1,30.2,20,30.25,4,1,2022-06-06 09:03:07
1654506188144800000,30.2,3,30.2,17,30.25,9,2,2022-06-06 09:03:08
1654506188278551000,30.25,1,30.2,17,30.25,8,1,2022-06-06 09:03:08
1654506189106267000,30.2,2,30.2,17,30.25,13,2,2022-06-06 09:03:09
1654506189205487000,30.25,1,30.2,17,30.25,12,1,2022-06-06 09:03:09
1654506189467566000,30.2,8,30.2,9,30.25,12,2,2022-06-06 09:03:09
1654506189610450000,30.25,1,30.2,9,30.25,11,1,2022-06-06 09:03:09
1654506189723601000,30.25,3,30.2,9,30.25,8,1,2022-06-06 09:03:09
1654506190393777000,30.2,1,30.2,8,30.25,12,2,2022-06-06 09:03:10
1654506190642179000,30.2,9,30.15,20,30.25,12,2,2022-06-06 09:03:10
1654506190642179000,30.15,1,30.15,20,30.25,12,2,2022-06-06 09:03:10
1654506191156595000,30.2,1,30.15,20,30.2,4,1,2022-06-06 09:03:11
1654506191168015000,30.2,1,30.15,20,30.2,3,1,2022-06-06 09:03:11
1654506191252944000,30.2,1,30.15,20,30.2,2,1,2022-06-06 09:03:11
1654506191395963000,30.2,7,30.15,20,30.25,7,1,2022-06-06 09:03:11
1654506191395963000,30.25,15,30.15,20,30.25,7,1,2022-06-06 09:03:11
1654506191429818000,30.25,2,30.15,20,30.25,5,1,2022-06-06 09:03:11
1654506191575982000,30.15,5,30.15,15,30.2,1,2,2022-06-06 09:03:11
1654506191611775000,30.15,1,30.15,15,30.2,1,2,2022-06-06 09:03:11
1654506191700312000,30.2,2,30.15,15,30.2,1,1,2022-06-06 09:03:11
1654506191748695000,30.15,5,30.15,10,30.2,6,2,2022-06-06 09:03:11
1654506191755332000,30.15,1,30.15,9,30.2,6,2,2022-06-06 09:03:11
1654506191774023000,30.2,5,30.15,9,30.2,1,1,2022-06-06 09:03:11
1654506191776521000,30.15,2,30.15,7,30.2,1,2,2022-06-06 09:03:11
1654506191842360000,30.2,1,30.15,7,30.25,5,1,2022-06-06 09:03:11
1654506191842360000,30.25,2,30.15,7,30.25,5,1,2022-06-06 09:03:11
1654506192139853000,30.2,1,30.15,7,30.2,1,2,2022-06-06 09:03:12
1654506192275235000,30.2,1,30.15,7,30.25,5,1,2022-06-06 09:03:12
1654506192492463000,30.25,5,30.15,7,30.3,26,1,2022-06-06 09:03:12
1654506192492463000,30.3,15,30.15,7,30.3,26,1,2022-06-06 09:03:12
1654506193094299000,30.25,1,30.25,2,30.3,26,2,2022-06-06 09:03:13
1654506193121560000,30.25,2,30.2,10,30.3,26,2,2022-06-06 09:03:13
1654506195102382000,30.25,3,30.2,11,30.3,23,1,2022-06-06 09:03:15
1654506195102382000,30.3,2,30.2,11,30.3,23,1,2022-06-06 09:03:15
1654506197022383000,30.25,2,30.25,8,30.3,23,2,2022-06-06 09:03:17
1654506197088678000,30.25,2,30.25,6,30.3,23,2,2022-06-06 09:03:17
1654506198271813000,30.3,1,30.25,6,30.3,26,1,2022-06-06 09:03:18
1654506199431509000,30.25,1,30.25,9,30.3,26,2,2022-06-06 09:03:19
1654506200982364000,30.3,1,30.25,15,30.3,27,1,2022-06-06 09:03:20
1654506201918128000,30.3,27,30.3,22,30.35,33,1,2022-06-06 09:03:21
1654506202521886000,30.3,1,30.3,22,30.35,33,2,2022-06-06 09:03:22
1654506202543181000,30.35,5,30.3,22,30.35,28,1,2022-06-06 09:03:22
1654506202704056000,30.35,4,30.3,22,30.35,24,1,2022-06-06 09:03:22
1654506203617022000,30.35,3,30.3,25,30.35,21,1,2022-06-06 09:03:23
1654506203631129000,30.35,2,30.3,26,30.35,21,1,2022-06-06 09:03:23
1654506203788673000,30.3,1,30.3,25,30.35,21,2,2022-06-06 09:03:23
1654506204020526000,30.35,3,30.3,30,30.35,18,1,2022-06-06 09:03:24
1654506204101916000,30.35,2,30.3,30,30.35,16,1,2022-06-06 09:03:24
1654506204177042000,30.35,10,30.3,30,30.35,6,1,2022-06-06 09:03:24
1654506204191786000,30.35,3,30.3,30,30.35,3,1,2022-06-06 09:03:24
1654506204198418000,30.35,3,30.3,30,30.4,23,1,2022-06-06 09:03:24
1654506204670673000,30.3,5,30.3,25,30.4,22,2,2022-06-06 09:03:24
1654506205487610000,30.4,1,30.35,2,30.4,21,1,2022-06-06 09:03:25
1654506206791104000,30.4,10,30.35,15,30.4,21,1,2022-06-06 09:03:26
1654506206813365000,30.4,2,30.35,15,30.4,19,1,2022-06-06 09:03:26
1654506207100121000,30.4,1,30.35,16,30.4,18,1,2022-06-06 09:03:27
1654506207789472000,30.4,2,30.35,17,30.4,16,1,2022-06-06 09:03:27
1654506207831217000,30.4,1,30.35,17,30.4,15,1,2022-06-06 09:03:27
1654506208248322000,30.4,5,30.35,25,30.4,11,1,2022-06-06 09:03:28
1654506208276473000,30.4,8,30.35,25,30.4,3,1,2022-06-06 09:03:28
1654506208368414000,30.4,3,30.35,26,30.45,21,1,2022-06-06 09:03:28
1654506209082803000,30.45,3,30.4,1,30.45,18,1,2022-06-06 09:03:29
1654506209545249000,30.45,1,30.4,4,30.45,17,1,2022-06-06 09:03:29
1654506209647812000,30.4,3,30.4,1,30.45,19,2,2022-06-06 09:03:29
1654506209686401000,30.45,3,30.4,1,30.45,16,1,2022-06-06 09:03:29
1654506209775524000,30.45,2,30.4,2,30.45,14,1,2022-06-06 09:03:29
1654506209971794000,30.4,1,30.4,6,30.45,14,2,2022-06-06 09:03:29
1654506211694569000,30.45,4,30.4,21,30.45,10,1,2022-06-06 09:03:31
1654506211983235000,30.45,1,30.4,28,30.45,9,1,2022-06-06 09:03:31
1654506212060688000,30.4,1,30.4,27,30.45,9,2,2022-06-06 09:03:32
1654506212100982000,30.45,1,30.4,27,30.45,8,1,2022-06-06 09:03:32
1654506212536818000,30.45,5,30.4,27,30.45,3,1,2022-06-06 09:03:32
1654506212573521000,30.45,2,30.4,27,30.45,1,1,2022-06-06 09:03:32
1654506212630926000,30.45,2,30.4,27,30.45,1,1,2022-06-06 09:03:32
1654506213509460000,30.45,2,30.4,30,30.5,150,1,2022-06-06 09:03:33
1654506214006980000,30.5,1,30.45,5,30.5,149,1,2022-06-06 09:03:34
1654506214122594000,30.45,5,30.4,30,30.45,5,2,2022-06-06 09:03:34
1654506214162406000,30.45,1,30.4,30,30.45,4,1,2022-06-06 09:03:34
1654506214299634000,30.45,4,30.45,1,30.5,149,1,2022-06-06 09:03:34
1654506214432845000,30.5,1,30.45,1,30.5,148,1,2022-06-06 09:03:34
1654506214445350000,30.45,1,30.4,34,30.5,148,2,2022-06-06 09:03:34
1654506214571328000,30.5,1,30.45,10,30.5,147,1,2022-06-06 09:03:34
1654506214704465000,30.5,1,30.45,10,30.5,146,1,2022-06-06 09:03:34
1654506215081978000,30.5,2,30.45,11,30.5,144,1,2022-06-06 09:03:35
1654506215246616000,30.5,1,30.45,11,30.5,143,1,2022-06-06 09:03:35
1654506215299451000,30.5,1,30.45,11,30.5,142,1,2022-06-06 09:03:35
1654506215479178000,30.5,1,30.45,11,30.5,141,1,2022-06-06 09:03:35
1654506216162616000,30.5,1,30.45,12,30.5,140,1,2022-06-06 09:03:36
1654506216324366000,30.5,1,30.45,12,30.5,139,1,2022-06-06 09:03:36
1654506216464980000,30.5,1,30.45,12,30.5,138,1,2022-06-06 09:03:36
1654506216609584000,30.5,1,30.45,12,30.5,137,1,2022-06-06 09:03:36
1654506216760031000,30.5,1,30.45,12,30.5,136,1,2022-06-06 09:03:36
1654506216904075000,30.5,1,30.45,12,30.5,135,1,2022-06-06 09:03:36
1654506217439719000,30.5,1,30.45,12,30.5,134,1,2022-06-06 09:03:37
1654506217516690000,30.5,1,30.45,12,30.5,133,1,2022-06-06 09:03:37
1654506217650131000,30.5,3,30.45,12,30.5,130,1,2022-06-06 09:03:37
1654506218159839000,30.5,2,30.45,13,30.5,128,1,2022-06-06 09:03:38
1654506218692043000,30.5,3,30.45,18,30.5,127,1,2022-06-06 09:03:38
1654506218725326000,30.5,3,30.45,19,30.5,124,1,2022-06-06 09:03:38
1654506219391587000,30.5,4,30.45,20,30.5,120,1,2022-06-06 09:03:39
1654506219727679000,30.5,2,30.45,20,30.5,118,1,2022-06-06 09:03:39
1654506220250931000,30.5,1,30.45,24,30.5,117,1,2022-06-06 09:03:40
1654506220459229000,30.5,1,30.45,24,30.5,116,1,2022-06-06 09:03:40
1654506220653243000,30.5,6,30.45,24,30.5,110,1,2022-06-06 09:03:40
1654506220673368000,30.5,1,30.45,24,30.5,109,1,2022-06-06 09:03:40
1654506221004112000,30.5,10,30.45,24,30.5,99,1,2022-06-06 09:03:41
1654506221009474000,30.5,1,30.45,24,30.5,98,1,2022-06-06 09:03:41
1654506221456153000,30.5,2,30.45,24,30.5,96,1,2022-06-06 09:03:41
1654506221792684000,30.5,5,30.45,24,30.5,93,1,2022-06-06 09:03:41
1654506221979193000,30.5,1,30.45,27,30.5,92,1,2022-06-06 09:03:41
1654506222289868000,30.5,3,30.45,27,30.5,89,1,2022-06-06 09:03:42
1654506222409440000,30.45,5,30.45,22,30.5,89,2,2022-06-06 09:03:42
1654506222916606000,30.5,1,30.45,22,30.5,89,1,2022-06-06 09:03:42
1654506222942519000,30.5,1,30.45,22,30.5,88,1,2022-06-06 09:03:42
1654506223059077000,30.5,1,30.45,22,30.5,87,1,2022-06-06 09:03:43
1654506223121599000,30.5,1,30.45,23,30.5,86,1,2022-06-06 09:03:43
1654506223602458000,30.5,2,30.45,23,30.5,84,1,2022-06-06 09:03:43
1654506223753670000,30.5,1,30.45,23,30.5,83,1,2022-06-06 09:03:43
1654506223822405000,30.5,2,30.45,23,30.5,81,1,2022-06-06 09:03:43
1654506223827184000,30.5,1,30.45,23,30.5,80,1,2022-06-06 09:03:43
1654506224404546000,30.5,1,30.45,24,30.5,79,1,2022-06-06 09:03:44
1654506224672091000,30.5,1,30.45,25,30.5,80,1,2022-06-06 09:03:44
1654506225033974000,30.5,3,30.45,25,30.5,77,1,2022-06-06 09:03:45
1654506225045152000,30.5,2,30.45,25,30.5,75,1,2022-06-06 09:03:45
1654506225190570000,30.5,1,30.45,26,30.5,74,1,2022-06-06 09:03:45
1654506225385743000,30.5,1,30.45,27,30.5,73,1,2022-06-06 09:03:45
1654506225400623000,30.5,4,30.45,27,30.5,69,1,2022-06-06 09:03:45
1654506225570147000,30.5,3,30.45,28,30.5,66,1,2022-06-06 09:03:45
1654506225607405000,30.5,1,30.45,28,30.5,65,1,2022-06-06 09:03:45
1654506225804679000,30.5,5,30.45,28,30.5,60,1,2022-06-06 09:03:45
1654506225838984000,30.5,1,30.45,28,30.5,59,1,2022-06-06 09:03:45
1654506226195005000,30.5,2,30.45,28,30.5,57,1,2022-06-06 09:03:46
1654506226293209000,30.5,5,30.45,28,30.5,52,1,2022-06-06 09:03:46
1654506226320021000,30.5,2,30.45,28,30.5,50,1,2022-06-06 09:03:46
1654506227004102000,30.5,4,30.45,29,30.5,49,1,2022-06-06 09:03:47
1654506227105513000,30.5,1,30.45,29,30.5,49,1,2022-06-06 09:03:47
1654506227596568000,30.5,15,30.45,29,30.5,39,1,2022-06-06 09:03:47
1654506227884740000,30.5,2,30.45,29,30.5,39,1,2022-06-06 09:03:47
1654506228195636000,30.5,8,30.45,29,30.5,36,1,2022-06-06 09:03:48
1654506228500403000,30.5,1,30.45,29,30.5,35,1,2022-06-06 09:03:48
1654506228528720000,30.5,4,30.45,53,30.5,31,1,2022-06-06 09:03:48
1654506228553169000,30.5,2,30.45,53,30.5,29,1,2022-06-06 09:03:48
1654506228783650000,30.5,4,30.45,77,30.5,25,1,2022-06-06 09:03:48
1654506228812419000,30.5,1,30.45,77,30.5,24,1,2022-06-06 09:03:48
1654506228856779000,30.5,16,30.45,77,30.5,8,1,2022-06-06 09:03:48
1654506228886087000,30.5,5,30.45,77,30.5,3,1,2022-06-06 09:03:48
1654506228991678000,30.5,1,30.45,77,30.5,2,1,2022-06-06 09:03:48
1654506229017047000,30.5,2,30.45,53,30.55,22,1,2022-06-06 09:03:49
1654506229401431000,30.5,2,30.5,6,30.55,22,2,2022-06-06 09:03:49
1654506229725740000,30.5,1,30.5,6,30.55,22,2,2022-06-06 09:03:49
1654506230186729000,30.5,1,30.5,11,30.55,22,2,2022-06-06 09:03:50
1654506230458901000,30.5,3,30.5,8,30.55,22,2,2022-06-06 09:03:50
1654506231330633000,30.55,1,30.5,11,30.55,23,1,2022-06-06 09:03:51
1654506231365945000,30.55,10,30.5,11,30.55,13,1,2022-06-06 09:03:51
1654506231474607000,30.55,1,30.5,11,30.55,12,1,2022-06-06 09:03:51
1654506231607066000,30.5,1,30.5,10,30.55,12,2,2022-06-06 09:03:51
1654506231619447000,30.5,1,30.5,9,30.55,12,2,2022-06-06 09:03:51
1654506231622192000,30.5,1,30.5,8,30.55,12,2,2022-06-06 09:03:51
1654506231828747000,30.5,8,30.45,30,30.5,12,2,2022-06-06 09:03:51
1654506231910369000,30.5,1,30.45,30,30.5,15,1,2022-06-06 09:03:51
1654506232191048000,30.5,2,30.45,30,30.5,15,1,2022-06-06 09:03:52
1654506232350845000,30.5,1,30.45,28,30.5,14,1,2022-06-06 09:03:52
1654506232530134000,30.5,2,30.45,28,30.5,12,1,2022-06-06 09:03:52
1654506233300124000,30.5,1,30.45,28,30.5,18,1,2022-06-06 09:03:53
1654506233469011000,30.45,28,30.4,42,30.45,2,2,2022-06-06 09:03:53
1654506233539011000,30.4,1,30.4,41,30.45,2,2,2022-06-06 09:03:53
1654506233861937000,30.4,41,30.35,33,30.45,19,2,2022-06-06 09:03:53
1654506234388528000,30.4,1,30.35,28,30.4,18,1,2022-06-06 09:03:54
1654506234440755000,30.4,1,30.35,28,30.4,17,1,2022-06-06 09:03:54
1654506234477411000,30.35,15,30.35,13,30.4,17,2,2022-06-06 09:03:54
1654506234515843000,30.35,13,30.3,56,30.4,19,2,2022-06-06 09:03:54
1654506234642014000,30.35,2,30.3,56,30.35,11,1,2022-06-06 09:03:54
1654506235116286000,30.35,1,30.3,56,30.35,13,1,2022-06-06 09:03:55
1654506235134324000,30.35,5,30.3,56,30.35,8,1,2022-06-06 09:03:55
1654506235332721000,30.35,1,30.3,56,30.35,7,1,2022-06-06 09:03:55
1654506235337020000,30.35,1,30.3,56,30.35,6,1,2022-06-06 09:03:55
1654506235485112000,30.3,4,30.3,52,30.35,6,2,2022-06-06 09:03:55
1654506235586672000,30.3,16,30.3,36,30.35,6,2,2022-06-06 09:03:55
1654506235617732000,30.3,15,30.3,21,30.35,6,2,2022-06-06 09:03:55
1654506235622477000,30.3,1,30.3,20,30.35,6,2,2022-06-06 09:03:55
1654506235623123000,30.3,1,30.3,19,30.35,6,2,2022-06-06 09:03:55
1654506235623410000,30.3,1,30.3,18,30.35,6,2,2022-06-06 09:03:55
1654506235652962000,30.3,1,30.3,17,30.35,6,2,2022-06-06 09:03:55
1654506235678609000,30.3,2,30.3,15,30.35,6,2,2022-06-06 09:03:55
1654506235807962000,30.35,1,30.3,15,30.35,5,1,2022-06-06 09:03:55
1654506235996825000,30.3,15,30.25,25,30.35,5,2,2022-06-06 09:03:55
1654506236645712000,30.25,6,30.25,19,30.35,13,2,2022-06-06 09:03:56
1654506236676143000,30.25,13,30.25,6,30.35,13,2,2022-06-06 09:03:56
1654506236707561000,30.25,6,30.2,51,30.35,13,2,2022-06-06 09:03:56
1654506236875781000,30.3,1,30.2,51,30.3,3,1,2022-06-06 09:03:56
1654506238614983000,30.2,4,30.2,47,30.3,9,2,2022-06-06 09:03:58
1654506238704948000,30.2,20,30.2,27,30.25,2,2,2022-06-06 09:03:58
1654506238736740000,30.2,1,30.2,26,30.25,2,2,2022-06-06 09:03:58
1654506238742826000,30.2,1,30.2,25,30.25,2,2,2022-06-06 09:03:58
1654506238933143000,30.25,1,30.2,25,30.25,6,1,2022-06-06 09:03:58
1654506239012865000,30.2,1,30.2,24,30.25,6,2,2022-06-06 09:03:59
1654506239052190000,30.25,1,30.2,24,30.25,5,1,2022-06-06 09:03:59
1654506240205687000,30.2,1,30.2,23,30.25,9,2,2022-06-06 09:04:00
1654506240394911000,30.2,1,30.2,22,30.25,9,2,2022-06-06 09:04:00
1654506241031568000,30.2,20,30.15,8,30.2,10,2,2022-06-06 09:04:01
1654506241069159000,30.15,1,30.15,7,30.2,10,2,2022-06-06 09:04:01
1654506241836181000,30.2,2,30.15,7,30.2,9,1,2022-06-06 09:04:01
1654506241940758000,30.2,1,30.15,7,30.2,8,1,2022-06-06 09:04:01
1654506241975227000,30.15,1,30.15,6,30.2,8,2,2022-06-06 09:04:01
1654506242637086000,30.15,1,30.15,5,30.2,18,2,2022-06-06 09:04:02
1654506244003849000,30.2,1,30.15,5,30.2,17,1,2022-06-06 09:04:04
1654506244051840000,30.15,1,30.15,4,30.2,17,2,2022-06-06 09:04:04
1654506244319514000,30.15,1,30.15,3,30.2,17,2,2022-06-06 09:04:04
1654506245041592000,30.15,3,30.1,8,30.15,2,2,2022-06-06 09:04:05
1654506245385140000,30.15,1,30.1,8,30.15,9,1,2022-06-06 09:04:05
1654506246163976000,30.15,1,30.1,8,30.15,15,1,2022-06-06 09:04:06
1654506246219720000,30.1,1,30.1,7,30.15,20,2,2022-06-06 09:04:06
1654506246496308000,30.15,1,30.1,7,30.15,19,1,2022-06-06 09:04:06
1654506246621170000,30.1,5,30.1,2,30.15,19,2,2022-06-06 09:04:06
1654506246651924000,30.1,2,30.05,4,30.15,19,2,2022-06-06 09:04:06
1654506246929583000,30.1,1,30.05,4,30.1,2,1,2022-06-06 09:04:06
1654506247122467000,30.1,1,30.05,4,30.1,3,1,2022-06-06 09:04:07
1654506247558746000,30.1,2,30.05,4,30.1,1,1,2022-06-06 09:04:07
1654506248253407000,30.1,1,30.05,5,30.15,19,1,2022-06-06 09:04:08
1654506248475519000,30.1,1,30.05,1,30.15,19,2,2022-06-06 09:04:08
1654506248475519000,30.05,4,30.05,1,30.15,19,2,2022-06-06 09:04:08
1654506248577061000,30.1,1,30.05,1,30.15,19,1,2022-06-06 09:04:08
1654506248731862000,30.1,1,30.05,1,30.15,17,1,2022-06-06 09:04:08
1654506248731862000,30.15,4,30.05,1,30.15,17,1,2022-06-06 09:04:08
1654506249063885000,30.15,1,30.05,1,30.15,16,1,2022-06-06 09:04:09
1654506249621247000,30.1,1,30.1,1,30.15,14,2,2022-06-06 09:04:09
1654506249780580000,30.1,1,30.05,1,30.1,4,2,2022-06-06 09:04:09
1654506250236766000,30.05,1,30.0,44,30.1,4,2,2022-06-06 09:04:10
1654506250236766000,30.0,2,30.0,44,30.1,4,2,2022-06-06 09:04:10
1654506250575799000,30.0,4,30.0,40,30.05,1,2,2022-06-06 09:04:10
1654506250832656000,30.0,5,30.0,35,30.05,1,2,2022-06-06 09:04:10
1654506250974646000,30.05,1,30.0,35,30.1,3,1,2022-06-06 09:04:10
1654506250974646000,30.1,1,30.0,35,30.1,3,1,2022-06-06 09:04:10
1654506251036495000,30.0,1,30.0,34,30.1,3,2,2022-06-06 09:04:11
1654506251176848000,30.1,1,30.0,34,30.1,2,1,2022-06-06 09:04:11
1654506251615090000,30.0,6,30.0,22,30.1,4,2,2022-06-06 09:04:11
1654506251862830000,30.0,6,30.0,16,30.1,4,2,2022-06-06 09:04:11
1654506251972693000,30.05,1,30.05,1,30.1,4,1,2022-06-06 09:04:11
1654506252070625000,30.1,1,30.05,1,30.1,6,1,2022-06-06 09:04:12
1654506252094003000,30.05,1,30.0,10,30.1,6,2,2022-06-06 09:04:12
1654506252094003000,30.0,5,30.0,10,30.1,6,2,2022-06-06 09:04:12
1654506252860088000,30.0,5,30.0,5,30.1,7,2,2022-06-06 09:04:12
1654506253888168000,30.0,5,30.0,1,30.05,2,2,2022-06-06 09:04:13
1654506254184692000,30.0,1,29.95,21,30.05,2,2,2022-06-06 09:04:14
1654506254184692000,29.95,2,29.95,21,30.05,2,2,2022-06-06 09:04:14
1654506254304914000,30.0,1,29.95,21,30.0,5,1,2022-06-06 09:04:14
1654506254472533000,29.95,2,29.95,19,30.0,9,2,2022-06-06 09:04:14
1654506254696287000,30.0,2,29.95,19,30.0,19,1,2022-06-06 09:04:14
1654506255248267000,29.95,1,29.95,18,30.0,24,2,2022-06-06 09:04:15
1654506255384984000,30.0,5,29.95,18,30.0,19,1,2022-06-06 09:04:15
1654506255412532000,29.95,1,29.95,17,30.0,19,2,2022-06-06 09:04:15
1654506255534023000,29.95,1,29.95,16,30.0,19,2,2022-06-06 09:04:15
1654506255723988000,30.0,2,29.95,16,30.0,18,1,2022-06-06 09:04:15
1654506255963359000,30.0,1,29.95,16,30.0,17,1,2022-06-06 09:04:15
1654506257136477000,30.0,5,29.95,16,30.0,17,1,2022-06-06 09:04:17
1654506257807929000,30.0,2,29.95,16,30.0,21,1,2022-06-06 09:04:17
1654506257837856000,29.95,1,29.95,15,30.0,21,2,2022-06-06 09:04:17
1654506257851657000,30.0,1,29.95,15,30.0,20,1,2022-06-06 09:04:17
1654506257922124000,29.95,1,29.95,14,30.0,20,2,2022-06-06 09:04:17
1654506258001632000,30.0,1,29.95,14,30.0,19,1,2022-06-06 09:04:18
1654506258052582000,29.95,1,29.95,13,30.0,29,2,2022-06-06 09:04:18
1654506258084211000,29.95,1,29.95,12,30.0,29,2,2022-06-06 09:04:18
1654506258119684000,29.95,1,29.95,11,30.0,29,2,2022-06-06 09:04:18
1654506258128802000,30.0,1,29.95,11,30.0,28,1,2022-06-06 09:04:18
1654506258405051000,30.0,2,29.95,11,30.0,26,1,2022-06-06 09:04:18
1654506258813834000,30.0,3,29.95,11,30.0,23,1,2022-06-06 09:04:18
1654506259194762000,29.95,1,29.95,10,30.0,23,2,2022-06-06 09:04:19
1654506259269454000,30.0,2,29.95,10,30.0,22,1,2022-06-06 09:04:19
1654506259739615000,29.95,10,29.9,45,30.0,22,2,2022-06-06 09:04:19
1654506259819064000,29.95,1,29.9,45,30.0,13,1,2022-06-06 09:04:19
1654506259819064000,30.0,9,29.9,45,30.0,13,1,2022-06-06 09:04:19
1654506260187008000,29.9,2,29.9,43,29.95,6,2,2022-06-06 09:04:20
1654506260198950000,29.95,2,29.9,43,29.95,4,1,2022-06-06 09:04:20
1654506260550460000,29.95,1,29.9,43,29.95,3,1,2022-06-06 09:04:20
1654506260955588000,29.95,2,29.9,43,29.95,3,1,2022-06-06 09:04:20
1654506261861300000,29.95,8,29.95,2,30.0,14,1,2022-06-06 09:04:21
1654506261895582000,29.95,1,29.95,1,30.0,14,2,2022-06-06 09:04:21
1654506263625886000,29.95,1,29.95,1,30.0,16,2,2022-06-06 09:04:23
1654506264237259000,30.0,5,29.95,1,30.0,1,1,2022-06-06 09:04:24
1654506264323002000,29.95,1,29.9,42,30.0,1,2,2022-06-06 09:04:24
1654506264715390000,29.95,1,29.9,42,30.0,7,1,2022-06-06 09:04:24
1654506266004798000,29.95,1,29.9,42,29.95,3,1,2022-06-06 09:04:26
1654506266178889000,29.95,1,29.9,42,29.95,2,1,2022-06-06 09:04:26
1654506266878834000,29.95,1,29.9,42,29.95,3,1,2022-06-06 09:04:26
1654506267259467000,29.95,2,29.9,57,29.95,1,1,2022-06-06 09:04:27
1654506267802212000,29.9,1,29.9,57,29.95,1,2,2022-06-06 09:04:27
1654506267947804000,29.95,1,29.9,57,30.0,19,1,2022-06-06 09:04:27
1654506268285708000,29.9,1,29.9,56,30.0,19,2,2022-06-06 09:04:28
1654506270343386000,29.95,2,29.9,57,29.95,5,1,2022-06-06 09:04:30
1654506270864157000,29.95,5,29.9,59,30.0,19,1,2022-06-06 09:04:30
1654506271040547000,29.9,3,29.9,56,30.0,19,2,2022-06-06 09:04:31
1654506271387673000,30.0,3,29.95,10,30.0,16,1,2022-06-06 09:04:31
1654506271459262000,29.95,2,29.95,8,30.0,16,2,2022-06-06 09:04:31
1654506271860451000,29.95,1,29.95,9,30.0,16,2,2022-06-06 09:04:31
1654506272071460000,30.0,2,29.95,9,30.0,14,1,2022-06-06 09:04:32
1654506272216362000,29.95,2,29.95,7,30.0,14,2,2022-06-06 09:04:32
1654506272348958000,29.95,2,29.95,5,30.0,14,2,2022-06-06 09:04:32
1654506272563484000,29.95,6,29.9,53,30.0,14,2,2022-06-06 09:04:32
1654506272563484000,29.9,4,29.9,53,30.0,14,2,2022-06-06 09:04:32
1654506273012186000,29.95,1,29.9,53,29.95,5,1,2022-06-06 09:04:33
1654506273152835000,29.95,1,29.9,53,29.95,4,1,2022-06-06 09:04:33
1654506274211235000,29.9,5,29.9,48,29.95,6,2,2022-06-06 09:04:34
1654506274406255000,29.95,1,29.9,48,29.95,5,1,2022-06-06 09:04:34
1654506274683361000,29.95,2,29.9,48,29.95,3,1,2022-06-06 09:04:34
1654506275607413000,29.95,5,29.9,50,30.0,16,1,2022-06-06 09:04:35
1654506278849288000,29.95,1,29.95,1,30.0,18,2,2022-06-06 09:04:38
1654506279038704000,29.95,1,29.9,73,30.0,18,2,2022-06-06 09:04:39
1654506279586125000,29.95,1,29.9,73,29.95,9,2,2022-06-06 09:04:39
1654506279627348000,29.9,1,29.9,72,29.95,9,2,2022-06-06 09:04:39
1654506282307373000,29.95,1,29.9,78,29.95,15,1,2022-06-06 09:04:42
1654506282784877000,29.95,3,29.9,78,29.95,12,1,2022-06-06 09:04:42
1654506284209573000,29.95,3,29.9,79,29.95,10,1,2022-06-06 09:04:44
1654506284786770000,29.95,5,29.9,81,29.95,7,1,2022-06-06 09:04:44
1654506284848222000,29.9,1,29.9,80,29.95,7,2,2022-06-06 09:04:44
1654506286179737000,29.95,1,29.9,80,29.95,6,1,2022-06-06 09:04:46
1654506286206613000,29.95,6,29.9,80,30.0,21,1,2022-06-06 09:04:46
1654506286524775000,30.0,1,29.9,80,30.0,20,1,2022-06-06 09:04:46
1654506288043920000,29.95,2,29.9,82,29.95,3,1,2022-06-06 09:04:48
1654506288772592000,29.9,2,29.9,80,29.95,3,2,2022-06-06 09:04:48
1654506288825369000,29.95,1,29.9,80,29.95,2,1,2022-06-06 09:04:48
1654506289247841000,29.95,1,29.9,82,29.95,2,1,2022-06-06 09:04:49
1654506289387063000,29.95,1,29.9,82,29.95,1,1,2022-06-06 09:04:49
1654506289651782000,29.95,1,29.9,83,30.0,21,1,2022-06-06 09:04:49
1654506291668479000,29.95,1,29.95,3,30.0,26,2,2022-06-06 09:04:51
1654506292445727000,29.95,1,29.95,2,30.0,26,2,2022-06-06 09:04:52
1654506295774373000,29.95,1,29.95,32,30.0,29,2,2022-06-06 09:04:55
1654506297098974000,30.0,10,29.95,36,30.0,21,1,2022-06-06 09:04:57
1654506299120691000,30.0,3,29.95,43,30.0,19,1,2022-06-06 09:04:59
1654506299156873000,30.0,13,29.95,43,30.0,6,1,2022-06-06 09:04:59
1654506299157288000,30.0,2,29.95,43,30.0,4,1,2022-06-06 09:04:59
1654506299443952000,30.0,1,29.95,43,30.0,3,1,2022-06-06 09:04:59
1654506299469284000,30.0,3,29.95,43,30.05,19,1,2022-06-06 09:04:59
1654506302046706000,30.05,1,30.0,18,30.05,18,1,2022-06-06 09:05:02
1654506303562659000,30.05,5,30.0,18,30.05,15,1,2022-06-06 09:05:03
1654506304387965000,30.0,1,30.0,18,30.05,15,2,2022-06-06 09:05:04
1654506305453465000,30.05,1,30.0,23,30.05,14,1,2022-06-06 09:05:05
1654506305603133000,30.05,1,30.0,23,30.05,15,1,2022-06-06 09:05:05
1654506305746764000,30.05,1,30.0,23,30.05,14,1,2022-06-06 09:05:05
1654506305884704000,30.05,1,30.0,23,30.05,13,1,2022-06-06 09:05:05
1654506306120369000,30.05,1,30.0,23,30.05,12,1,2022-06-06 09:05:06
1654506306718400000,30.05,1,30.0,24,30.05,10,1,2022-06-06 09:05:06
1654506306756637000,30.05,2,30.0,24,30.05,8,1,2022-06-06 09:05:06
1654506306863802000,30.05,1,30.0,24,30.05,7,1,2022-06-06 09:05:06
1654506306904011000,30.05,3,30.0,24,30.05,4,1,2022-06-06 09:05:06
1654506308333674000,30.05,1,30.0,24,30.05,3,1,2022-06-06 09:05:08
1654506308369837000,30.05,3,30.0,24,30.1,29,1,2022-06-06 09:05:08
1654506311344703000,30.1,1,30.05,6,30.1,28,1,2022-06-06 09:05:11
1654506312027073000,30.05,3,30.05,3,30.1,30,2,2022-06-06 09:05:12
1654506312610982000,30.1,1,30.05,3,30.1,29,1,2022-06-06 09:05:12
1654506312765685000,30.1,1,30.05,18,30.1,28,1,2022-06-06 09:05:12
1654506312914791000,30.1,1,30.05,18,30.1,27,1,2022-06-06 09:05:12
1654506313792169000,30.05,1,30.05,20,30.1,27,2,2022-06-06 09:05:13
1654506316132345000,30.05,1,30.05,22,30.1,29,2,2022-06-06 09:05:16
1654506316173333000,30.05,1,30.05,21,30.1,29,2,2022-06-06 09:05:16
1654506316247681000,30.1,15,30.05,21,30.1,14,1,2022-06-06 09:05:16
1654506316266911000,30.1,14,30.05,21,30.15,5,1,2022-06-06 09:05:16
1654506316521039000,30.05,1,30.05,20,30.15,5,2,2022-06-06 09:05:16
1654506319148086000,30.1,2,30.1,2,30.15,7,2,2022-06-06 09:05:19
1654506321437190000,30.1,1,30.1,3,30.15,9,2,2022-06-06 09:05:21
1654506321877679000,30.1,1,30.1,2,30.15,9,2,2022-06-06 09:05:21
1654506321900613000,30.1,2,30.05,24,30.15,9,2,2022-06-06 09:05:21
1654506322133030000,30.15,1,30.05,24,30.15,8,1,2022-06-06 09:05:22
1654506324753627000,30.1,2,30.1,8,30.15,12,2,2022-06-06 09:05:24
1654506324782821000,30.1,8,30.05,23,30.15,12,2,2022-06-06 09:05:24
1654506325975636000,30.1,1,30.05,23,30.15,11,1,2022-06-06 09:05:25
1654506325975636000,30.15,1,30.05,23,30.15,11,1,2022-06-06 09:05:25
1654506326381672000,30.05,1,30.05,22,30.15,11,2,2022-06-06 09:05:26
1654506326531865000,30.1,1,30.1,1,30.15,11,1,2022-06-06 09:05:26
1654506327137713000,30.1,1,30.05,22,30.15,13,2,2022-06-06 09:05:27
1654506329842136000,30.15,2,30.1,5,30.15,15,1,2022-06-06 09:05:29
1654506330756151000,30.15,1,30.1,6,30.15,29,1,2022-06-06 09:05:30
1654506330888900000,30.15,1,30.1,6,30.15,28,1,2022-06-06 09:05:30
1654506331446687000,30.1,1,30.1,5,30.15,30,2,2022-06-06 09:05:31
1654506332016459000,30.1,2,30.1,4,30.15,30,2,2022-06-06 09:05:32
1654506332035537000,30.1,4,30.05,22,30.15,30,2,2022-06-06 09:05:32
1654506332541110000,30.15,1,30.05,22,30.15,29,1,2022-06-06 09:05:32
1654506333924450000,30.1,2,30.05,23,30.15,28,1,2022-06-06 09:05:33
1654506333924450000,30.15,3,30.05,23,30.15,28,1,2022-06-06 09:05:33
1654506334056331000,30.15,1,30.05,23,30.15,27,1,2022-06-06 09:05:34
1654506334715527000,30.1,2,30.1,3,30.15,27,1,2022-06-06 09:05:34
1654506335457724000,30.1,2,30.1,2,30.15,25,2,2022-06-06 09:05:35
1654506335483239000,30.1,2,30.05,23,30.1,18,2,2022-06-06 09:05:35
1654506335906084000,30.1,1,30.05,23,30.1,19,1,2022-06-06 09:05:35
1654506338150234000,30.1,2,30.05,24,30.1,17,1,2022-06-06 09:05:38
1654506338192984000,30.1,10,30.05,24,30.1,7,1,2022-06-06 09:05:38
1654506339389913000,30.1,1,30.05,24,30.1,8,1,2022-06-06 09:05:39
1654506340739636000,30.1,5,30.05,25,30.1,7,1,2022-06-06 09:05:40
1654506341155848000,30.05,1,30.05,24,30.1,7,2,2022-06-06 09:05:41
1654506343638485000,30.05,1,30.05,24,30.1,18,2,2022-06-06 09:05:43
1654506343674717000,30.05,24,30.0,31,30.1,18,2,2022-06-06 09:05:43
1654506345144368000,30.0,1,30.0,30,30.05,6,2,2022-06-06 09:05:45
1654506345147620000,30.0,1,30.0,29,30.05,6,2,2022-06-06 09:05:45
1654506345188589000,30.0,5,30.0,24,30.05,6,2,2022-06-06 09:05:45
1654506345195558000,30.0,1,30.0,23,30.05,6,2,2022-06-06 09:05:45
1654506345222052000,30.0,14,30.0,9,30.05,6,2,2022-06-06 09:05:45
1654506345263668000,30.0,9,29.95,51,30.05,6,2,2022-06-06 09:05:45
1654506345921593000,30.0,1,29.95,51,30.0,2,1,2022-06-06 09:05:45
1654506346391589000,30.0,3,29.95,51,30.05,8,1,2022-06-06 09:05:46
1654506346710412000,30.0,1,29.95,32,30.05,18,2,2022-06-06 09:05:46
1654506346710412000,29.95,19,29.95,32,30.05,18,2,2022-06-06 09:05:46
1654506346712463000,29.95,1,29.95,31,30.05,18,2,2022-06-06 09:05:46
1654506346736975000,29.95,13,29.95,18,30.05,18,2,2022-06-06 09:05:46
1654506346768054000,29.95,15,29.95,3,30.0,4,2,2022-06-06 09:05:46
1654506346776544000,30.0,1,29.95,3,30.0,4,1,2022-06-06 09:05:46
1654506346902778000,30.0,1,29.95,3,30.0,3,1,2022-06-06 09:05:46
1654506346953934000,29.95,1,29.95,2,30.0,3,2,2022-06-06 09:05:46
1654506346985109000,29.95,1,29.95,1,30.0,3,2,2022-06-06 09:05:46
1654506347043343000,30.0,1,29.95,1,30.0,5,1,2022-06-06 09:05:47
1654506347144317000,29.95,1,29.9,87,30.0,5,2,2022-06-06 09:05:47
1654506347437021000,29.9,1,29.9,86,30.0,8,2,2022-06-06 09:05:47
1654506347700716000,29.9,2,29.9,84,30.0,12,2,2022-06-06 09:05:47
1654506347789222000,30.0,5,29.9,84,30.0,7,1,2022-06-06 09:05:47
1654506348911301000,29.95,2,29.9,84,29.95,3,1,2022-06-06 09:05:48
1654506349555039000,29.95,1,29.9,84,29.95,2,1,2022-06-06 09:05:49
1654506349715390000,29.95,1,29.9,84,29.95,1,1,2022-06-06 09:05:49
1654506349877914000,29.95,1,29.9,84,29.95,1,1,2022-06-06 09:05:49
1654506350043565000,29.95,1,29.9,84,30.0,9,1,2022-06-06 09:05:50
1654506350851156000,30.0,1,29.9,84,30.0,10,1,2022-06-06 09:05:50
1654506351367482000,29.95,1,29.9,84,29.95,1,1,2022-06-06 09:05:51
1654506352797031000,29.95,1,29.95,2,30.0,10,1,2022-06-06 09:05:52
1654506352855093000,29.95,2,29.95,1,30.0,10,2,2022-06-06 09:05:52
1654506354263428000,29.95,2,29.9,85,30.0,12,2,2022-06-06 09:05:54
1654506354759356000,30.0,2,29.95,1,30.0,10,1,2022-06-06 09:05:54
1654506354838640000,29.95,1,29.9,85,30.0,10,2,2022-06-06 09:05:54
1654506355962138000,29.9,3,29.9,83,30.0,10,2,2022-06-06 09:05:55
1654506357780745000,29.95,2,29.9,83,29.95,8,2,2022-06-06 09:05:57
1654506358722079000,29.95,1,29.9,84,29.95,12,1,2022-06-06 09:05:58
1654506359706141000,29.95,1,29.9,84,29.95,19,1,2022-06-06 09:05:59
1654506359967934000,29.9,2,29.9,82,29.95,20,2,2022-06-06 09:05:59
1654506360231509000,29.9,2,29.9,80,29.95,20,2,2022-06-06 09:06:00
1654506360478025000,29.9,10,29.9,70,29.95,20,2,2022-06-06 09:06:00
1654506360508535000,29.9,2,29.9,68,29.95,20,2,2022-06-06 09:06:00
1654506360531690000,29.9,1,29.9,67,29.95,20,2,2022-06-06 09:06:00
1654506360532958000,29.95,2,29.9,67,29.95,18,1,2022-06-06 09:06:00
1654506360533109000,29.95,3,29.9,67,29.95,15,1,2022-06-06 09:06:00
1654506360622166000,29.9,16,29.9,51,29.95,15,2,2022-06-06 09:06:00
1654506360658133000,29.9,1,29.9,50,29.95,15,2,2022-06-06 09:06:00
1654506360735021000,29.9,2,29.9,48,29.95,15,2,2022-06-06 09:06:00
1654506361363566000,29.9,20,29.9,28,29.95,15,2,2022-06-06 09:06:01
1654506361365629000,29.95,3,29.9,28,29.95,12,1,2022-06-06 09:06:01
1654506361365781000,29.95,2,29.9,28,29.95,10,1,2022-06-06 09:06:01
1654506361405778000,29.9,1,29.9,27,29.95,10,2,2022-06-06 09:06:01
1654506361557401000,29.95,1,29.9,27,29.95,9,1,2022-06-06 09:06:01
1654506361626982000,29.9,2,29.9,25,29.95,9,2,2022-06-06 09:06:01
1654506361667357000,29.9,1,29.9,24,29.95,9,2,2022-06-06 09:06:01
1654506361953904000,29.9,1,29.9,23,29.95,9,2,2022-06-06 09:06:01
1654506362326134000,29.9,2,29.9,21,29.95,9,2,2022-06-06 09:06:02
1654506362593135000,29.9,2,29.9,19,29.95,11,2,2022-06-06 09:06:02
1654506362631185000,29.9,1,29.9,18,29.95,11,2,2022-06-06 09:06:02
1654506362742908000,29.95,3,29.9,18,29.95,8,1,2022-06-06 09:06:02
1654506362743052000,29.95,2,29.9,18,29.95,6,1,2022-06-06 09:06:02
1654506362875584000,29.9,2,29.9,16,29.95,6,2,2022-06-06 09:06:02
1654506362936046000,29.95,4,29.9,16,29.95,2,1,2022-06-06 09:06:02
1654506362936203000,29.95,1,29.9,16,29.95,1,1,2022-06-06 09:06:02
1654506363020042000,29.9,1,29.9,15,29.95,1,2,2022-06-06 09:06:03
1654506363073634000,29.95,1,29.9,15,30.0,57,1,2022-06-06 09:06:03
1654506363073803000,30.0,4,29.9,15,30.0,53,1,2022-06-06 09:06:03
1654506363098912000,29.9,2,29.9,13,30.0,53,2,2022-06-06 09:06:03
1654506363964696000,30.0,28,29.9,13,30.0,25,1,2022-06-06 09:06:03
1654506364042743000,29.9,4,29.9,9,30.0,25,2,2022-06-06 09:06:04
1654506364301457000,29.95,1,29.9,5,30.0,25,2,2022-06-06 09:06:04
1654506364301457000,29.9,4,29.9,5,30.0,25,2,2022-06-06 09:06:04
1654506364851241000,29.9,3,29.9,2,30.0,26,2,2022-06-06 09:06:04
1654506364964883000,29.9,2,29.85,8,29.9,3,2,2022-06-06 09:06:04
1654506365249012000,29.85,1,29.85,7,29.9,8,2,2022-06-06 09:06:05
1654506366106871000,29.85,2,29.85,6,29.9,20,2,2022-06-06 09:06:06
1654506367389347000,29.85,2,29.85,4,29.9,25,2,2022-06-06 09:06:07
1654506367437449000,29.85,2,29.85,2,29.9,25,2,2022-06-06 09:06:07
1654506369355674000,29.85,1,29.85,1,29.9,28,2,2022-06-06 09:06:09
1654506369379056000,29.85,1,29.8,31,29.85,1,2,2022-06-06 09:06:09
1654506371267168000,29.8,10,29.8,21,29.85,1,2,2022-06-06 09:06:11
1654506372041198000,29.85,1,29.8,21,29.85,4,1,2022-06-06 09:06:12
1654506374385354000,29.85,1,29.8,21,29.85,3,1,2022-06-06 09:06:14
1654506374552613000,29.8,5,29.8,16,29.85,5,2,2022-06-06 09:06:14
1654506374590491000,29.8,1,29.8,15,29.85,5,2,2022-06-06 09:06:14
1654506376822156000,29.85,5,29.8,17,29.9,13,1,2022-06-06 09:06:16
1654506378068112000,29.8,1,29.8,16,29.85,9,2,2022-06-06 09:06:18
1654506378169968000,29.8,1,29.8,15,29.85,9,2,2022-06-06 09:06:18
1654506378204823000,29.8,1,29.8,14,29.85,9,2,2022-06-06 09:06:18
1654506378414225000,29.8,1,29.8,13,29.85,9,2,2022-06-06 09:06:18
1654506379632084000,29.85,10,29.8,14,29.9,13,1,2022-06-06 09:06:19
1654506380584388000,29.8,1,29.8,12,29.85,3,2,2022-06-06 09:06:20
1654506381389783000,29.8,5,29.8,7,29.85,4,2,2022-06-06 09:06:21
1654506382843361000,29.8,1,29.8,8,29.85,6,2,2022-06-06 09:06:22
1654506384057667000,29.8,1,29.8,11,29.85,8,2,2022-06-06 09:06:24
1654506384715854000,29.85,1,29.8,14,29.85,7,1,2022-06-06 09:06:24
1654506386537596000,29.85,2,29.8,15,29.85,17,1,2022-06-06 09:06:26
1654506387417811000,29.8,1,29.8,14,29.85,16,2,2022-06-06 09:06:27
1654506387430419000,29.8,1,29.8,13,29.85,16,2,2022-06-06 09:06:27
1654506387468643000,29.8,1,29.8,12,29.85,16,2,2022-06-06 09:06:27
1654506387772542000,29.85,1,29.8,12,29.85,15,1,2022-06-06 09:06:27
1654506387923906000,29.85,1,29.8,12,29.85,14,1,2022-06-06 09:06:27
1654506388079338000,29.85,1,29.8,12,29.85,13,1,2022-06-06 09:06:28
1654506388220177000,29.85,1,29.8,12,29.85,12,1,2022-06-06 09:06:28
1654506388518963000,29.8,5,29.8,7,29.85,12,2,2022-06-06 09:06:28
1654506388541196000,29.8,1,29.8,6,29.85,12,2,2022-06-06 09:06:28
1654506388545127000,29.8,1,29.8,5,29.85,12,2,2022-06-06 09:06:28
1654506388649618000,29.85,1,29.8,5,29.85,11,1,2022-06-06 09:06:28
1654506388715567000,29.8,1,29.8,4,29.85,11,2,2022-06-06 09:06:28
1654506389356122000,29.8,1,29.8,6,29.85,15,2,2022-06-06 09:06:29
1654506389422325000,29.85,1,29.8,6,29.85,14,1,2022-06-06 09:06:29
1654506389567090000,29.85,1,29.8,6,29.85,15,1,2022-06-06 09:06:29
1654506389733325000,29.85,1,29.8,6,29.85,14,1,2022-06-06 09:06:29
1654506390156510000,29.8,5,29.8,2,29.85,14,2,2022-06-06 09:06:30
1654506392164923000,29.8,1,29.8,1,29.85,16,2,2022-06-06 09:06:32
1654506392625813000,29.8,1,29.75,21,29.85,18,2,2022-06-06 09:06:32
1654506393612263000,29.8,1,29.75,22,29.8,1,1,2022-06-06 09:06:33
1654506393783797000,29.8,1,29.75,22,29.85,18,1,2022-06-06 09:06:33
1654506393944170000,29.85,1,29.75,22,29.85,17,1,2022-06-06 09:06:33
1654506394103647000,29.85,1,29.75,22,29.85,16,1,2022-06-06 09:06:34
1654506395385283000,29.8,1,29.75,23,29.8,1,1,2022-06-06 09:06:35
1654506395643791000,29.8,1,29.75,23,29.8,2,1,2022-06-06 09:06:35
1654506396098990000,29.8,2,29.75,23,29.85,16,1,2022-06-06 09:06:36
1654506396493037000,29.85,2,29.75,23,29.85,14,1,2022-06-06 09:06:36
1654506398475635000,29.8,1,29.75,23,29.8,9,1,2022-06-06 09:06:38
1654506398571541000,29.8,3,29.75,23,29.8,8,1,2022-06-06 09:06:38
1654506401959031000,29.8,1,29.75,23,29.8,22,1,2022-06-06 09:06:41
1654506402103145000,29.8,1,29.75,23,29.8,21,1,2022-06-06 09:06:42
1654506405074906000,29.75,1,29.75,22,29.8,28,2,2022-06-06 09:06:45
1654506406293280000,29.8,3,29.75,22,29.8,25,1,2022-06-06 09:06:46
1654506406324345000,29.8,1,29.75,23,29.8,24,1,2022-06-06 09:06:46
1654506406956993000,29.75,4,29.75,21,29.8,25,2,2022-06-06 09:06:46
1654506407625656000,29.8,1,29.75,21,29.8,42,1,2022-06-06 09:06:47
1654506407789022000,29.8,1,29.75,21,29.8,41,1,2022-06-06 09:06:47
1654506407932215000,29.8,1,29.75,21,29.8,40,1,2022-06-06 09:06:47
1654506408084703000,29.8,1,29.75,21,29.8,39,1,2022-06-06 09:06:48
1654506408226584000,29.8,1,29.75,21,29.8,38,1,2022-06-06 09:06:48
1654506408261764000,29.75,1,29.75,20,29.8,38,2,2022-06-06 09:06:48
1654506408381532000,29.8,1,29.75,20,29.8,37,1,2022-06-06 09:06:48
1654506408532130000,29.8,1,29.75,20,29.8,36,1,2022-06-06 09:06:48
1654506408688472000,29.8,1,29.75,20,29.8,35,1,2022-06-06 09:06:48
1654506410636689000,29.75,1,29.75,19,29.8,39,2,2022-06-06 09:06:50
1654506411040560000,29.8,2,29.75,19,29.8,38,1,2022-06-06 09:06:51
1654506412221236000,29.8,10,29.75,20,29.8,28,1,2022-06-06 09:06:52
1654506412277625000,29.75,1,29.75,20,29.8,28,2,2022-06-06 09:06:52
1654506412339276000,29.75,1,29.75,19,29.8,28,2,2022-06-06 09:06:52
1654506413167815000,29.8,1,29.75,19,29.8,27,1,2022-06-06 09:06:53
1654506413738899000,29.8,2,29.75,19,29.8,27,1,2022-06-06 09:06:53
1654506415675990000,29.8,3,29.75,19,29.8,45,1,2022-06-06 09:06:55
1654506415676132000,29.8,1,29.75,19,29.8,44,1,2022-06-06 09:06:55
1654506415676275000,29.8,1,29.75,19,29.8,43,1,2022-06-06 09:06:55
1654506415904395000,29.75,2,29.75,18,29.8,43,2,2022-06-06 09:06:55
1654506416226850000,29.8,2,29.75,18,29.8,41,1,2022-06-06 09:06:56
1654506416227016000,29.8,3,29.75,18,29.8,38,1,2022-06-06 09:06:56
1654506418327645000,29.8,1,29.75,18,29.8,39,1,2022-06-06 09:06:58
1654506418670842000,29.8,3,29.75,18,29.8,36,1,2022-06-06 09:06:58
1654506419569355000,29.75,2,29.75,16,29.8,38,2,2022-06-06 09:06:59
1654506420511335000,29.8,2,29.75,16,29.8,36,1,2022-06-06 09:07:00
1654506421003657000,29.75,10,29.75,6,29.8,41,2,2022-06-06 09:07:01
1654506421251631000,29.8,10,29.75,6,29.8,31,1,2022-06-06 09:07:01
1654506421316874000,29.75,1,29.75,5,29.8,31,2,2022-06-06 09:07:01
1654506421368150000,29.75,1,29.75,4,29.8,31,2,2022-06-06 09:07:01
1654506421949970000,29.75,1,29.75,3,29.8,31,2,2022-06-06 09:07:01
1654506422054568000,29.75,3,29.7,10,29.8,31,2,2022-06-06 09:07:02
1654506422253694000,29.7,5,29.7,5,29.8,31,2,2022-06-06 09:07:02
1654506422807847000,29.8,10,29.7,5,29.8,23,1,2022-06-06 09:07:02
1654506423285996000,29.75,3,29.7,5,29.75,2,2,2022-06-06 09:07:03
1654506423321822000,29.7,1,29.7,4,29.75,2,2,2022-06-06 09:07:03
1654506423783623000,29.7,5,29.7,19,29.75,2,2,2022-06-06 09:07:03
1654506423832524000,29.7,1,29.7,18,29.75,2,2,2022-06-06 09:07:03
1654506424228040000,29.75,1,29.7,19,29.75,1,1,2022-06-06 09:07:04
1654506424560220000,29.7,1,29.7,18,29.75,1,2,2022-06-06 09:07:04
1654506426565481000,29.75,1,29.7,18,29.75,5,1,2022-06-06 09:07:06
1654506428299367000,29.7,1,29.7,17,29.75,5,2,2022-06-06 09:07:08
1654506430991259000,29.7,1,29.7,20,29.75,13,2,2022-06-06 09:07:10
1654506431370140000,29.7,1,29.7,20,29.75,13,2,2022-06-06 09:07:11
1654506432396232000,29.7,10,29.7,12,29.75,15,2,2022-06-06 09:07:12
1654506433637927000,29.7,1,29.7,11,29.75,15,2,2022-06-06 09:07:13
1654506434938409000,29.7,6,29.7,10,29.75,17,2,2022-06-06 09:07:14
1654506435060803000,29.7,1,29.7,9,29.75,17,2,2022-06-06 09:07:15
1654506435209926000,29.7,2,29.7,7,29.75,17,2,2022-06-06 09:07:15
1654506435265018000,29.7,1,29.7,6,29.75,17,2,2022-06-06 09:07:15
1654506435697536000,29.7,1,29.7,5,29.75,17,2,2022-06-06 09:07:15
1654506435740727000,29.7,1,29.7,4,29.75,17,2,2022-06-06 09:07:15
1654506435801096000,29.7,1,29.7,3,29.75,17,2,2022-06-06 09:07:15
1654506435821527000,29.7,3,29.65,58,29.7,1,2,2022-06-06 09:07:15
1654506435841115000,29.65,3,29.65,55,29.7,1,2,2022-06-06 09:07:15
1654506435986740000,29.65,3,29.65,52,29.7,1,2,2022-06-06 09:07:15
1654506436066956000,29.65,10,29.65,42,29.7,1,2,2022-06-06 09:07:16
1654506436094482000,29.65,1,29.65,41,29.7,1,2,2022-06-06 09:07:16
1654506436142349000,29.65,1,29.65,40,29.7,1,2,2022-06-06 09:07:16
1654506438149259000,29.65,2,29.65,38,29.7,9,2,2022-06-06 09:07:18
1654506441155963000,29.65,1,29.65,39,29.7,14,2,2022-06-06 09:07:21
1654506441366327000,29.65,4,29.65,36,29.7,15,2,2022-06-06 09:07:21
1654506441412084000,29.65,1,29.65,35,29.7,15,2,2022-06-06 09:07:21
1654506442036672000,29.65,2,29.65,33,29.7,11,2,2022-06-06 09:07:22
1654506443775132000,29.65,15,29.65,13,29.7,13,2,2022-06-06 09:07:23
1654506443793696000,29.65,2,29.65,11,29.7,13,2,2022-06-06 09:07:23
1654506443803341000,29.65,1,29.65,10,29.7,13,2,2022-06-06 09:07:23
1654506443809202000,29.65,1,29.65,9,29.7,13,2,2022-06-06 09:07:23
1654506443981253000,29.65,1,29.65,8,29.7,13,2,2022-06-06 09:07:23
1654506444261348000,29.65,8,29.6,99,29.65,12,2,2022-06-06 09:07:24
1654506445665679000,29.6,3,29.6,93,29.65,18,2,2022-06-06 09:07:25
1654506445708075000,29.6,1,29.6,92,29.65,18,2,2022-06-06 09:07:25
1654506445730450000,29.6,2,29.6,90,29.65,18,2,2022-06-06 09:07:25
1654506445731224000,29.6,2,29.6,88,29.65,18,2,2022-06-06 09:07:25
1654506445855076000,29.6,3,29.6,85,29.65,18,2,2022-06-06 09:07:25
1654506445875743000,29.65,2,29.6,85,29.65,16,1,2022-06-06 09:07:25
1654506445938620000,29.6,2,29.6,83,29.65,16,2,2022-06-06 09:07:25
1654506447837671000,29.6,4,29.6,79,29.65,18,2,2022-06-06 09:07:27
1654506448046623000,29.6,4,29.6,75,29.65,18,2,2022-06-06 09:07:28
1654506449071843000,29.6,1,29.6,74,29.65,18,2,2022-06-06 09:07:29
1654506449257691000,29.6,5,29.6,59,29.65,18,2,2022-06-06 09:07:29
1654506449310344000,29.6,1,29.6,58,29.65,18,2,2022-06-06 09:07:29
1654506449428090000,29.6,1,29.6,57,29.65,18,2,2022-06-06 09:07:29
1654506450151922000,29.6,30,29.6,27,29.65,20,2,2022-06-06 09:07:30
1654506450190618000,29.6,1,29.6,26,29.65,20,2,2022-06-06 09:07:30
1654506450191132000,29.6,1,29.6,25,29.65,20,2,2022-06-06 09:07:30
1654506450213895000,29.6,1,29.6,24,29.65,20,2,2022-06-06 09:07:30
1654506450220791000,29.6,1,29.6,23,29.65,20,2,2022-06-06 09:07:30
1654506450414900000,29.6,2,29.6,21,29.65,20,2,2022-06-06 09:07:30
1654506450516128000,29.6,4,29.6,17,29.65,20,2,2022-06-06 09:07:30
1654506450703582000,29.6,1,29.6,16,29.65,20,2,2022-06-06 09:07:30
1654506450779834000,29.6,2,29.6,14,29.65,20,2,2022-06-06 09:07:30
1654506451265484000,29.6,8,29.6,6,29.65,21,2,2022-06-06 09:07:31
1654506451300797000,29.6,3,29.6,3,29.65,21,2,2022-06-06 09:07:31
1654506451397719000,29.6,3,29.55,11,29.6,2,2,2022-06-06 09:07:31
1654506451644987000,29.55,7,29.55,4,29.6,9,2,2022-06-06 09:07:31
1654506451696138000,29.55,4,29.5,35,29.6,9,2,2022-06-06 09:07:31
1654506451696138000,29.5,2,29.5,35,29.6,9,2,2022-06-06 09:07:31
1654506451740931000,29.5,2,29.5,33,29.55,11,2,2022-06-06 09:07:31
1654506451751389000,29.5,1,29.5,32,29.55,11,2,2022-06-06 09:07:31
1654506451839639000,29.55,3,29.5,32,29.55,8,1,2022-06-06 09:07:31
1654506451839785000,29.55,2,29.5,32,29.55,6,1,2022-06-06 09:07:31
1654506451900362000,29.5,20,29.5,12,29.55,6,2,2022-06-06 09:07:31
1654506451932567000,29.5,1,29.5,11,29.55,6,2,2022-06-06 09:07:31
1654506451938150000,29.5,1,29.5,10,29.55,6,2,2022-06-06 09:07:31
1654506451951244000,29.5,1,29.5,9,29.55,6,2,2022-06-06 09:07:31
1654506451997392000,29.55,1,29.5,9,29.55,5,1,2022-06-06 09:07:31
1654506451997512000,29.55,2,29.5,9,29.55,3,1,2022-06-06 09:07:31
1654506451997667000,29.55,2,29.5,9,29.55,1,1,2022-06-06 09:07:31
1654506452006683000,29.5,9,29.4,42,29.55,1,2,2022-06-06 09:07:32
1654506452006683000,29.45,4,29.4,42,29.55,1,2,2022-06-06 09:07:32
1654506452006683000,29.4,21,29.4,42,29.55,1,2,2022-06-06 09:07:32
1654506452241474000,29.4,3,29.4,39,29.5,3,2,2022-06-06 09:07:32
1654506452241819000,29.4,17,29.4,22,29.5,3,2,2022-06-06 09:07:32
1654506452355677000,29.45,1,29.4,22,29.55,1,1,2022-06-06 09:07:32
1654506452355677000,29.5,3,29.4,22,29.55,1,1,2022-06-06 09:07:32
1654506452355850000,29.55,1,29.4,22,29.6,9,1,2022-06-06 09:07:32
1654506452675325000,29.6,2,29.4,22,29.6,9,1,2022-06-06 09:07:32
1654506452675431000,29.6,2,29.4,22,29.6,7,1,2022-06-06 09:07:32
1654506452675618000,29.6,1,29.4,22,29.6,6,1,2022-06-06 09:07:32
1654506452936715000,29.55,1,29.4,22,29.55,6,1,2022-06-06 09:07:32
1654506454532295000,29.55,2,29.45,21,29.55,4,1,2022-06-06 09:07:34
1654506454532457000,29.55,3,29.45,21,29.55,1,1,2022-06-06 09:07:34
1654506455832135000,29.5,1,29.45,14,29.6,14,2,2022-06-06 09:07:35
1654506455832135000,29.45,9,29.45,14,29.6,14,2,2022-06-06 09:07:35
1654506456692247000,29.5,4,29.45,15,29.65,3,1,2022-06-06 09:07:36
1654506456692247000,29.6,14,29.45,15,29.65,3,1,2022-06-06 09:07:36
1654506456692247000,29.65,19,29.45,15,29.65,3,1,2022-06-06 09:07:36
1654506457231060000,29.45,2,29.45,15,29.6,1,2,2022-06-06 09:07:37
1654506457798050000,29.45,4,29.45,9,29.6,1,2,2022-06-06 09:07:37
1654506457975435000,29.45,1,29.45,8,29.6,1,2,2022-06-06 09:07:37
1654506458481209000,29.55,1,29.5,5,29.6,1,2,2022-06-06 09:07:38
1654506458740428000,29.6,3,29.5,5,29.65,1,1,2022-06-06 09:07:38
1654506458740428000,29.65,2,29.5,5,29.65,1,1,2022-06-06 09:07:38
1654506460152783000,29.65,1,29.5,7,29.7,10,1,2022-06-06 09:07:40
1654506462570595000,29.5,10,29.45,8,29.65,9,2,2022-06-06 09:07:42
1654506464550525000,29.6,2,29.45,13,29.65,11,1,2022-06-06 09:07:44
1654506464550525000,29.65,2,29.45,13,29.65,11,1,2022-06-06 09:07:44
1654506464550663000,29.65,1,29.45,13,29.65,10,1,2022-06-06 09:07:44
1654506464718281000,29.65,3,29.45,13,29.65,9,1,2022-06-06 09:07:44
1654506464718435000,29.65,2,29.45,13,29.65,7,1,2022-06-06 09:07:44
1654506468406340000,29.6,3,29.5,8,29.6,23,1,2022-06-06 09:07:48
1654506468748712000,29.5,5,29.5,3,29.6,23,2,2022-06-06 09:07:48
1654506470866502000,29.55,3,29.5,3,29.6,23,1,2022-06-06 09:07:50
1654506471018321000,29.55,1,29.5,3,29.55,1,1,2022-06-06 09:07:51
1654506471697042000,29.55,1,29.5,4,29.6,22,1,2022-06-06 09:07:51
1654506471697042000,29.6,3,29.5,4,29.6,22,1,2022-06-06 09:07:51
1654506471697225000,29.6,4,29.5,4,29.6,18,1,2022-06-06 09:07:51
1654506471697396000,29.6,2,29.5,4,29.6,16,1,2022-06-06 09:07:51
1654506471848524000,29.6,8,29.5,4,29.6,8,1,2022-06-06 09:07:51
1654506471848663000,29.6,2,29.5,4,29.6,6,1,2022-06-06 09:07:51
1654506471995924000,29.6,2,29.5,4,29.6,2,1,2022-06-06 09:07:51
1654506472031947000,29.6,2,29.5,4,29.65,26,1,2022-06-06 09:07:52
1654506472150366000,29.6,1,29.5,4,29.65,26,1,2022-06-06 09:07:52
1654506472663823000,29.55,1,29.5,6,29.65,26,2,2022-06-06 09:07:52
1654506473676805000,29.5,2,29.5,4,29.65,26,2,2022-06-06 09:07:53
1654506474243593000,29.5,1,29.5,4,29.55,1,2,2022-06-06 09:07:54
1654506474702663000,29.55,1,29.5,4,29.6,2,1,2022-06-06 09:07:54
1654506475326562000,29.5,1,29.5,3,29.6,3,2,2022-06-06 09:07:55
1654506475697915000,29.5,3,29.45,7,29.6,3,2,2022-06-06 09:07:55
1654506475697915000,29.45,12,29.45,7,29.6,3,2,2022-06-06 09:07:55
1654506477083362000,29.5,5,29.5,5,29.55,4,2,2022-06-06 09:07:57
1654506477478024000,29.5,5,29.5,1,29.55,4,2,2022-06-06 09:07:57
1654506478600155000,29.5,5,29.5,1,29.55,4,2,2022-06-06 09:07:58
1654506478774289000,29.5,1,29.45,7,29.5,2,2,2022-06-06 09:07:58
1654506478875290000,29.45,1,29.45,6,29.5,2,2,2022-06-06 09:07:58
1654506478965951000,29.5,2,29.45,6,29.55,4,1,2022-06-06 09:07:58
1654506481338982000,29.5,3,29.5,1,29.55,6,2,2022-06-06 09:08:01
1654506482480127000,29.5,2,29.45,7,29.5,3,2,2022-06-06 09:08:02
1654506482540215000,29.5,3,29.45,7,29.55,6,1,2022-06-06 09:08:02
1654506483957638000,29.55,2,29.5,1,29.55,6,1,2022-06-06 09:08:03
1654506484426757000,29.5,1,29.45,17,29.5,1,2,2022-06-06 09:08:04
1654506484454718000,29.45,1,29.45,16,29.5,1,2,2022-06-06 09:08:04
1654506486587350000,29.5,6,29.45,16,29.5,2,1,2022-06-06 09:08:06
1654506487124321000,29.5,1,29.45,16,29.5,1,1,2022-06-06 09:08:07
1654506487580018000,29.45,5,29.45,11,29.5,1,2,2022-06-06 09:08:07
1654506487641767000,29.45,1,29.45,10,29.5,31,2,2022-06-06 09:08:07
1654506487793462000,29.45,3,29.45,7,29.5,31,2,2022-06-06 09:08:07
1654506487817101000,29.45,1,29.45,6,29.5,31,2,2022-06-06 09:08:07
1654506487871966000,29.45,2,29.45,4,29.5,31,2,2022-06-06 09:08:07
1654506488038637000,29.5,1,29.45,4,29.5,30,1,2022-06-06 09:08:08
1654506488146630000,29.5,2,29.45,4,29.5,28,1,2022-06-06 09:08:08
1654506489980198000,29.45,4,29.4,4,29.5,31,2,2022-06-06 09:08:09
1654506490748859000,29.5,3,29.4,4,29.5,28,1,2022-06-06 09:08:10
1654506493332492000,29.45,1,29.45,11,29.5,30,2,2022-06-06 09:08:13
1654506495019470000,29.45,5,29.45,9,29.5,33,2,2022-06-06 09:08:15
1654506495150208000,29.45,4,29.45,5,29.5,33,2,2022-06-06 09:08:15
1654506495449566000,29.5,1,29.45,5,29.5,32,1,2022-06-06 09:08:15
1654506496953309000,29.45,2,29.45,3,29.5,32,2,2022-06-06 09:08:16
1654506497668647000,29.45,3,29.4,4,29.45,1,2,2022-06-06 09:08:17
1654506498007673000,29.45,3,29.45,2,29.5,32,1,2022-06-06 09:08:18
1654506498086204000,29.5,5,29.45,2,29.5,27,1,2022-06-06 09:08:18
1654506498551969000,29.45,2,29.4,4,29.5,27,2,2022-06-06 09:08:18
1654506498725800000,29.45,1,29.45,1,29.5,27,1,2022-06-06 09:08:18
1654506499480481000,29.45,1,29.4,14,29.45,10,2,2022-06-06 09:08:19
1654506499585038000,29.45,1,29.4,14,29.45,9,1,2022-06-06 09:08:19
1654506500176476000,29.4,1,29.4,13,29.45,9,2,2022-06-06 09:08:20
1654506500242427000,29.4,1,29.4,12,29.45,9,2,2022-06-06 09:08:20
1654506502231200000,29.4,2,29.4,10,29.45,11,2,2022-06-06 09:08:22
1654506502567073000,29.4,5,29.4,5,29.45,11,2,2022-06-06 09:08:22
1654506502628751000,29.4,1,29.4,4,29.45,11,2,2022-06-06 09:08:22
1654506502823763000,29.4,2,29.4,2,29.45,11,2,2022-06-06 09:08:22
1654506503209938000,29.45,3,29.4,2,29.45,8,1,2022-06-06 09:08:23
1654506503731504000,29.4,2,29.35,9,29.45,18,2,2022-06-06 09:08:23
1654506504948000000,29.4,1,29.35,9,29.45,18,2,2022-06-06 09:08:24
1654506505209259000,29.45,2,29.35,9,29.45,16,1,2022-06-06 09:08:25
1654506505800912000,29.35,1,29.35,8,29.45,16,2,2022-06-06 09:08:25
1654506507668089000,29.4,1,29.4,4,29.45,18,2,2022-06-06 09:08:27
1654506507719675000,29.4,1,29.4,3,29.45,18,2,2022-06-06 09:08:27
1654506507722217000,29.4,2,29.4,1,29.45,18,2,2022-06-06 09:08:27
1654506507937389000,29.4,1,29.35,8,29.45,18,2,2022-06-06 09:08:27
1654506510871444000,29.4,2,29.35,3,29.45,25,2,2022-06-06 09:08:30
1654506510871444000,29.35,8,29.35,3,29.45,25,2,2022-06-06 09:08:30
1654506510982803000,29.4,1,29.4,2,29.45,25,1,2022-06-06 09:08:30
1654506511144734000,29.4,1,29.4,5,29.45,25,2,2022-06-06 09:08:31
1654506512383385000,29.4,5,29.4,7,29.45,25,2,2022-06-06 09:08:32
1654506512430436000,29.4,1,29.4,6,29.45,25,2,2022-06-06 09:08:32
1654506512462967000,29.4,1,29.4,5,29.45,25,2,2022-06-06 09:08:32
1654506512466924000,29.4,1,29.4,4,29.45,25,2,2022-06-06 09:08:32
1654506512866493000,29.4,1,29.4,4,29.45,27,2,2022-06-06 09:08:32
1654506514627079000,29.4,3,29.4,1,29.45,27,2,2022-06-06 09:08:34
1654506514874347000,29.4,1,29.35,4,29.45,27,2,2022-06-06 09:08:34
1654506516468503000,29.4,4,29.4,2,29.45,19,1,2022-06-06 09:08:36
1654506516707131000,29.4,1,29.4,1,29.45,19,2,2022-06-06 09:08:36
1654506517793241000,29.4,1,29.35,4,29.45,20,2,2022-06-06 09:08:37
1654506518299556000,29.4,1,29.35,4,29.45,20,1,2022-06-06 09:08:38
1654506521275706000,29.45,20,29.4,2,29.45,1,1,2022-06-06 09:08:41
1654506521307581000,29.45,1,29.4,2,29.5,35,1,2022-06-06 09:08:41
1654506521311254000,29.4,1,29.4,1,29.5,35,2,2022-06-06 09:08:41
1654506522617520000,29.4,1,29.4,1,29.5,35,2,2022-06-06 09:08:42
1654506524990675000,29.4,4,29.35,5,29.5,36,2,2022-06-06 09:08:44
1654506524990675000,29.35,14,29.35,5,29.5,36,2,2022-06-06 09:08:44
1654506525966562000,29.45,1,29.45,1,29.5,37,1,2022-06-06 09:08:45
1654506526480818000,29.5,1,29.45,1,29.5,36,1,2022-06-06 09:08:46
1654506531174351000,29.45,1,29.45,2,29.5,38,2,2022-06-06 09:08:51
1654506532188206000,29.45,7,29.4,7,29.5,38,2,2022-06-06 09:08:52
1654506532188206000,29.4,1,29.4,7,29.5,38,2,2022-06-06 09:08:52
1654506534808918000,29.45,1,29.4,9,29.45,2,1,2022-06-06 09:08:54
1654506538095291000,29.45,2,29.4,9,29.45,6,1,2022-06-06 09:08:58
1654506540239636000,29.45,1,29.4,9,29.45,6,1,2022-06-06 09:09:00
1654506542994700000,29.4,1,29.4,11,29.45,8,2,2022-06-06 09:09:02
1654506543877598000,29.45,1,29.4,11,29.45,7,1,2022-06-06 09:09:03
1654506543931939000,29.4,1,29.4,10,29.45,7,2,2022-06-06 09:09:03
1654506544023896000,29.45,5,29.4,10,29.45,2,1,2022-06-06 09:09:04
1654506546142577000,29.45,1,29.4,26,29.45,3,1,2022-06-06 09:09:06
1654506546635753000,29.45,1,29.4,26,29.45,2,1,2022-06-06 09:09:06
1654506547165722000,29.45,1,29.4,26,29.45,2,1,2022-06-06 09:09:07
1654506548066693000,29.4,3,29.4,23,29.45,2,2,2022-06-06 09:09:08
1654506549069722000,29.45,2,29.4,23,29.5,38,1,2022-06-06 09:09:09
1654506549162785000,29.5,1,29.4,23,29.5,37,1,2022-06-06 09:09:09
1654506549324744000,29.5,1,29.4,23,29.5,36,1,2022-06-06 09:09:09
1654506549342583000,29.5,1,29.4,23,29.5,35,1,2022-06-06 09:09:09
1654506549360624000,29.5,1,29.4,23,29.5,34,1,2022-06-06 09:09:09
1654506550283633000,29.45,2,29.4,22,29.5,48,2,2022-06-06 09:09:10
1654506550283633000,29.4,1,29.4,22,29.5,48,2,2022-06-06 09:09:10
1654506553597286000,29.5,1,29.45,2,29.5,48,1,2022-06-06 09:09:13
1654506554327352000,29.5,1,29.45,2,29.5,47,1,2022-06-06 09:09:14
1654506555028561000,29.5,1,29.45,2,29.5,46,1,2022-06-06 09:09:15
1654506555499977000,29.45,1,29.45,3,29.5,46,2,2022-06-06 09:09:15
1654506556574010000,29.5,1,29.45,8,29.5,45,1,2022-06-06 09:09:16
1654506558239083000,29.5,1,29.45,8,29.5,45,1,2022-06-06 09:09:18
1654506562872570000,29.45,1,29.45,10,29.5,46,2,2022-06-06 09:09:22
1654506563954139000,29.45,1,29.45,9,29.5,46,2,2022-06-06 09:09:23
1654506564991075000,29.5,1,29.45,9,29.5,45,1,2022-06-06 09:09:24
1654506565833662000,29.5,1,29.45,9,29.5,49,1,2022-06-06 09:09:25
1654506566446408000,29.45,1,29.45,8,29.5,49,2,2022-06-06 09:09:26
1654506569062668000,29.45,3,29.45,5,29.5,50,2,2022-06-06 09:09:29
1654506572542520000,29.45,1,29.45,4,29.5,51,2,2022-06-06 09:09:32
1654506572591147000,29.45,1,29.45,3,29.5,51,2,2022-06-06 09:09:32
1654506577456666000,29.45,3,29.35,19,29.4,5,2,2022-06-06 09:09:37
1654506577456666000,29.4,42,29.35,19,29.4,5,2,2022-06-06 09:09:37
1654506578779442000,29.35,2,29.35,17,29.4,5,2,2022-06-06 09:09:38
1654506578818984000,29.4,3,29.35,17,29.4,2,1,2022-06-06 09:09:38
1654506578852379000,29.35,1,29.35,16,29.4,2,2,2022-06-06 09:09:38
1654506578876297000,29.35,1,29.35,15,29.4,2,2,2022-06-06 09:09:38
1654506579722354000,29.35,2,29.35,13,29.4,3,2,2022-06-06 09:09:39
1654506581644410000,29.35,1,29.35,12,29.4,3,2,2022-06-06 09:09:41
1654506582284668000,29.35,1,29.35,11,29.4,4,2,2022-06-06 09:09:42
1654506584382087000,29.35,1,29.35,10,29.4,4,2,2022-06-06 09:09:44
1654506585250714000,29.35,10,29.3,16,29.4,8,2,2022-06-06 09:09:45
1654506585372115000,29.35,1,29.3,16,29.35,5,1,2022-06-06 09:09:45
1654506586292953000,29.3,4,29.3,12,29.35,5,2,2022-06-06 09:09:46
1654506586458393000,29.3,1,29.3,11,29.35,5,2,2022-06-06 09:09:46
1654506586560386000,29.3,2,29.3,9,29.35,5,2,2022-06-06 09:09:46
1654506586848695000,29.35,1,29.3,9,29.35,18,1,2022-06-06 09:09:46
1654506587084190000,29.3,2,29.3,7,29.35,20,2,2022-06-06 09:09:47
1654506589978652000,29.3,2,29.3,5,29.35,20,2,2022-06-06 09:09:49
1654506590081425000,29.3,5,29.25,2,29.35,20,2,2022-06-06 09:09:50
1654506590081425000,29.25,1,29.25,2,29.35,20,2,2022-06-06 09:09:50
1654506592660026000,29.3,1,29.25,2,29.3,1,2,2022-06-06 09:09:52
1654506596151190000,29.3,1,29.25,3,29.3,21,1,2022-06-06 09:09:56
1654506596629885000,29.25,1,29.25,7,29.3,21,2,2022-06-06 09:09:56
1654506598899216000,29.25,5,29.25,2,29.3,22,2,2022-06-06 09:09:58
1654506600311705000,29.25,1,29.25,1,29.3,22,2,2022-06-06 09:10:00
1654506600694236000,29.25,1,29.2,2,29.3,22,2,2022-06-06 09:10:00
1654506600694236000,29.2,1,29.2,2,29.3,22,2,2022-06-06 09:10:00
1654506601178093000,29.3,3,29.2,2,29.3,19,1,2022-06-06 09:10:01
1654506603426787000,29.2,2,29.15,6,29.25,3,2,2022-06-06 09:10:03
1654506603426787000,29.15,4,29.15,6,29.25,3,2,2022-06-06 09:10:03
1654506603562666000,29.25,1,29.15,6,29.25,2,1,2022-06-06 09:10:03
1654506604682782000,29.25,1,29.15,8,29.25,1,1,2022-06-06 09:10:04
1654506604723714000,29.25,1,29.15,8,29.3,19,1,2022-06-06 09:10:04
1654506605878685000,29.25,2,29.25,3,29.3,22,2,2022-06-06 09:10:05
1654506607014897000,29.25,5,29.2,1,29.3,23,2,2022-06-06 09:10:07
1654506607014897000,29.2,1,29.2,1,29.3,23,2,2022-06-06 09:10:07
1654506607528911000,29.25,1,29.2,1,29.3,23,2,2022-06-06 09:10:07
1654506608005267000,29.3,1,29.2,1,29.3,22,1,2022-06-06 09:10:08
1654506608285971000,29.25,1,29.2,3,29.3,22,1,2022-06-06 09:10:08
1654506608571611000,29.3,2,29.2,3,29.3,20,1,2022-06-06 09:10:08
1654506608599235000,29.3,16,29.2,3,29.3,4,1,2022-06-06 09:10:08
1654506608969963000,29.3,4,29.2,3,29.35,2,1,2022-06-06 09:10:08
1654506609325632000,29.25,1,29.25,1,29.35,2,2,2022-06-06 09:10:09
1654506609366287000,29.25,1,29.2,3,29.35,2,2,2022-06-06 09:10:09
1654506610307809000,29.3,1,29.25,3,29.35,2,2,2022-06-06 09:10:10
1654506610468656000,29.25,1,29.25,2,29.35,2,2,2022-06-06 09:10:10
1654506613152685000,29.25,5,29.2,3,29.25,3,2,2022-06-06 09:10:13
1654506613176633000,29.25,1,29.2,3,29.25,2,1,2022-06-06 09:10:13
1654506613198624000,29.2,1,29.2,2,29.25,2,2,2022-06-06 09:10:13
1654506613263651000,29.2,1,29.2,3,29.25,2,2,2022-06-06 09:10:13
1654506613321101000,29.2,1,29.2,2,29.25,2,2,2022-06-06 09:10:13
1654506613807905000,29.25,2,29.2,4,29.3,2,1,2022-06-06 09:10:13
1654506615976296000,29.3,1,29.25,9,29.3,1,1,2022-06-06 09:10:15
1654506616264157000,29.3,1,29.25,14,29.35,3,1,2022-06-06 09:10:16
1654506617098108000,29.25,1,29.25,13,29.3,3,2,2022-06-06 09:10:17
1654506618461573000,29.25,2,29.25,11,29.3,3,2,2022-06-06 09:10:18
1654506618487717000,29.25,8,29.25,3,29.3,3,2,2022-06-06 09:10:18
1654506618644890000,29.25,1,29.25,2,29.3,3,2,2022-06-06 09:10:18
1654506618672362000,29.25,2,29.2,3,29.3,3,2,2022-06-06 09:10:18
1654506618840821000,29.3,1,29.2,3,29.3,2,1,2022-06-06 09:10:18
1654506618878320000,29.3,2,29.2,3,29.35,4,1,2022-06-06 09:10:18
1654506622236128000,29.3,2,29.25,7,29.3,9,1,2022-06-06 09:10:22
1654506622267874000,29.25,1,29.25,6,29.3,9,2,2022-06-06 09:10:22
1654506622538799000,29.25,2,29.25,4,29.3,9,2,2022-06-06 09:10:22
1654506622565886000,29.25,1,29.25,3,29.3,9,2,2022-06-06 09:10:22
1654506624130053000,29.25,4,29.2,3,29.25,1,2,2022-06-06 09:10:24
1654506624723122000,29.25,1,29.2,7,29.3,9,1,2022-06-06 09:10:24
1654506626427048000,29.3,1,29.2,8,29.3,8,1,2022-06-06 09:10:26
1654506626485034000,29.25,1,29.25,1,29.3,8,2,2022-06-06 09:10:26
1654506628938281000,29.3,7,29.25,7,29.3,9,1,2022-06-06 09:10:28
1654506631121635000,29.3,9,29.3,1,29.35,5,1,2022-06-06 09:10:31
1654506633433585000,29.3,1,29.25,15,29.35,6,2,2022-06-06 09:10:33
1654506636007651000,29.3,1,29.3,5,29.35,6,2,2022-06-06 09:10:36
1654506640353300000,29.35,7,29.35,3,29.4,4,1,2022-06-06 09:10:40
1654506641021486000,29.35,2,29.35,1,29.4,4,2,2022-06-06 09:10:41
1654506641052594000,29.35,1,29.3,14,29.4,4,2,2022-06-06 09:10:41
1654506648712494000,29.4,3,29.35,9,29.4,3,1,2022-06-06 09:10:48
1654506650107378000,29.4,3,29.35,11,29.45,14,1,2022-06-06 09:10:50
1654506650107378000,29.45,2,29.35,11,29.45,14,1,2022-06-06 09:10:50
1654506651817842000,29.35,5,29.35,4,29.45,2,2,2022-06-06 09:10:51
1654506651848474000,29.35,4,29.3,18,29.45,2,2,2022-06-06 09:10:51
1654506653219595000,29.45,3,29.4,1,29.5,59,1,2022-06-06 09:10:53
1654506653219595000,29.5,1,29.4,1,29.5,59,1,2022-06-06 09:10:53
1654506653219719000,29.5,1,29.4,1,29.5,58,1,2022-06-06 09:10:53
1654506653954858000,29.5,2,29.4,1,29.5,56,1,2022-06-06 09:10:53
1654506653955047000,29.5,2,29.4,1,29.5,54,1,2022-06-06 09:10:53
1654506653955177000,29.5,1,29.4,1,29.5,53,1,2022-06-06 09:10:53
1654506655842444000,29.5,2,29.4,6,29.5,51,1,2022-06-06 09:10:55
1654506656514523000,29.5,7,29.4,6,29.5,43,1,2022-06-06 09:10:56
1654506656514702000,29.5,2,29.4,6,29.5,41,1,2022-06-06 09:10:56
1654506656514797000,29.5,1,29.4,6,29.5,40,1,2022-06-06 09:10:56
1654506658984498000,29.5,10,29.4,9,29.5,31,1,2022-06-06 09:10:58
1654506659009180000,29.5,13,29.4,9,29.5,18,1,2022-06-06 09:10:59
1654506660556750000,29.5,1,29.4,9,29.5,18,1,2022-06-06 09:11:00
1654506661834031000,29.5,4,29.45,1,29.5,14,1,2022-06-06 09:11:01
1654506662014421000,29.5,1,29.45,1,29.5,14,1,2022-06-06 09:11:02
1654506662213724000,29.5,1,29.45,1,29.5,13,1,2022-06-06 09:11:02
1654506662354804000,29.5,2,29.45,1,29.5,11,1,2022-06-06 09:11:02
1654506663036181000,29.5,6,29.45,1,29.5,5,1,2022-06-06 09:11:03
1654506663064068000,29.5,5,29.5,5,29.55,10,1,2022-06-06 09:11:03
1654506663430833000,29.55,3,29.5,12,29.55,7,1,2022-06-06 09:11:03
1654506663464749000,29.55,7,29.5,12,29.6,81,1,2022-06-06 09:11:03
1654506667122141000,29.6,1,29.55,1,29.6,85,1,2022-06-06 09:11:07
1654506667270382000,29.6,1,29.55,1,29.6,84,1,2022-06-06 09:11:07
1654506668153399000,29.6,1,29.55,2,29.6,83,1,2022-06-06 09:11:08
1654506670013901000,29.6,10,29.55,5,29.6,74,1,2022-06-06 09:11:10
1654506671842637000,29.6,3,29.55,5,29.6,71,1,2022-06-06 09:11:11
1654506671842788000,29.6,2,29.55,5,29.6,69,1,2022-06-06 09:11:11
1654506671917321000,29.6,5,29.55,5,29.6,64,1,2022-06-06 09:11:11
1654506672022308000,29.6,2,29.55,5,29.6,64,1,2022-06-06 09:11:12
1654506672022434000,29.6,1,29.55,5,29.6,63,1,2022-06-06 09:11:12
1654506672022591000,29.6,2,29.55,5,29.6,61,1,2022-06-06 09:11:12
1654506672250236000,29.6,5,29.55,5,29.6,56,1,2022-06-06 09:11:12
1654506672562803000,29.6,3,29.55,7,29.6,53,1,2022-06-06 09:11:12
1654506672590433000,29.6,21,29.55,7,29.6,32,1,2022-06-06 09:11:12
1654506672681959000,29.6,10,29.55,7,29.6,22,1,2022-06-06 09:11:12
1654506672817448000,29.55,1,29.55,6,29.6,22,2,2022-06-06 09:11:12
1654506673426874000,29.6,2,29.55,11,29.6,20,1,2022-06-06 09:11:13
1654506673891478000,29.6,10,29.55,11,29.6,10,1,2022-06-06 09:11:13
1654506673930683000,29.6,10,29.55,11,29.65,15,1,2022-06-06 09:11:13
1654506674337946000,29.65,1,29.55,11,29.65,14,1,2022-06-06 09:11:14
1654506674500926000,29.65,1,29.55,11,29.65,13,1,2022-06-06 09:11:14
1654506674507174000,29.65,10,29.55,11,29.65,3,1,2022-06-06 09:11:14
1654506674531511000,29.65,1,29.55,11,29.65,2,1,2022-06-06 09:11:14
1654506674547695000,29.65,2,29.55,11,29.7,20,1,2022-06-06 09:11:14
1654506675309254000,29.65,2,29.6,2,29.7,17,1,2022-06-06 09:11:15
1654506675309254000,29.7,3,29.6,2,29.7,17,1,2022-06-06 09:11:15
1654506677823728000,29.7,2,29.6,8,29.7,16,1,2022-06-06 09:11:17
1654506678685649000,29.7,1,29.6,8,29.7,16,1,2022-06-06 09:11:18
1654506678914627000,29.7,1,29.6,8,29.7,15,1,2022-06-06 09:11:18
1654506679196460000,29.7,2,29.6,8,29.7,13,1,2022-06-06 09:11:19
1654506680332961000,29.7,2,29.6,9,29.7,11,1,2022-06-06 09:11:20
1654506680337373000,29.7,1,29.6,9,29.7,10,1,2022-06-06 09:11:20
1654506680480486000,29.7,1,29.6,9,29.7,9,1,2022-06-06 09:11:20
1654506680815495000,29.7,1,29.6,9,29.7,8,1,2022-06-06 09:11:20
1654506681443833000,29.7,1,29.65,3,29.7,7,1,2022-06-06 09:11:21
1654506681651876000,29.7,1,29.65,3,29.7,6,1,2022-06-06 09:11:21
1654506681661650000,29.7,2,29.65,3,29.7,4,1,2022-06-06 09:11:21
1654506682446625000,29.7,1,29.65,3,29.7,24,1,2022-06-06 09:11:22
1654506683101609000,29.65,5,29.65,1,29.7,24,2,2022-06-06 09:11:23
1654506683126506000,29.7,2,29.65,1,29.7,22,1,2022-06-06 09:11:23
1654506683137298000,29.65,1,29.6,9,29.7,22,2,2022-06-06 09:11:23
1654506683677921000,29.65,1,29.6,10,29.65,1,1,2022-06-06 09:11:23
1654506684526070000,29.65,1,29.6,12,29.65,1,1,2022-06-06 09:11:24
1654506684777483000,29.65,1,29.6,12,29.7,22,1,2022-06-06 09:11:24
1654506684778286000,29.7,1,29.6,12,29.7,21,1,2022-06-06 09:11:24
1654506685734639000,29.65,1,29.6,12,29.7,22,1,2022-06-06 09:11:25
1654506685757641000,29.7,1,29.6,12,29.7,21,1,2022-06-06 09:11:25
1654506686699257000,29.65,1,29.6,12,29.7,21,2,2022-06-06 09:11:26
1654506688137961000,29.65,1,29.6,11,29.7,23,1,2022-06-06 09:11:28
1654506688868135000,29.65,1,29.6,16,29.65,1,1,2022-06-06 09:11:28
1654506689227809000,29.7,5,29.6,16,29.7,19,1,2022-06-06 09:11:29
1654506689861897000,29.65,1,29.6,16,29.7,20,2,2022-06-06 09:11:29
1654506691137069000,29.65,3,29.6,15,29.65,2,1,2022-06-06 09:11:31
1654506691764214000,29.65,5,29.6,15,29.7,20,1,2022-06-06 09:11:31
1654506691965859000,29.7,5,29.65,1,29.7,15,1,2022-06-06 09:11:31
1654506692560508000,29.65,1,29.6,11,29.65,1,2,2022-06-06 09:11:32
1654506693164158000,29.65,1,29.6,11,29.7,17,1,2022-06-06 09:11:33
1654506693904487000,29.65,1,29.65,3,29.7,17,2,2022-06-06 09:11:33
1654506693942220000,29.65,3,29.6,11,29.7,17,2,2022-06-06 09:11:33
1654506694352126000,29.65,1,29.6,11,29.65,1,1,2022-06-06 09:11:34
1654506694666771000,29.65,1,29.6,11,29.7,17,1,2022-06-06 09:11:34
1654506695989724000,29.65,1,29.6,11,29.7,17,2,2022-06-06 09:11:35
1654506697209944000,29.65,7,29.6,11,29.65,5,2,2022-06-06 09:11:37
1654506697627646000,29.65,1,29.6,11,29.65,4,1,2022-06-06 09:11:37
1654506698758264000,29.65,1,29.6,11,29.65,3,1,2022-06-06 09:11:38
1654506698871038000,29.65,1,29.6,11,29.65,2,1,2022-06-06 09:11:38
1654506700855709000,29.65,1,29.6,11,29.65,7,1,2022-06-06 09:11:40
1654506702171056000,29.65,5,29.6,11,29.65,5,1,2022-06-06 09:11:42
1654506702496992000,29.6,5,29.6,6,29.65,5,2,2022-06-06 09:11:42
1654506703259245000,29.6,6,29.55,8,29.65,5,2,2022-06-06 09:11:43
1654506704426770000,29.55,5,29.55,3,29.6,12,2,2022-06-06 09:11:44
1654506704460971000,29.55,3,29.5,9,29.6,12,2,2022-06-06 09:11:44
1654506704853943000,29.55,1,29.5,9,29.55,2,1,2022-06-06 09:11:44
1654506705024049000,29.55,1,29.5,9,29.55,1,1,2022-06-06 09:11:45
1654506705176113000,29.55,1,29.5,9,29.6,12,1,2022-06-06 09:11:45
1654506705306700000,29.55,1,29.5,9,29.6,12,1,2022-06-06 09:11:45
1654506706222313000,29.55,1,29.5,9,29.6,17,1,2022-06-06 09:11:46
1654506709222261000,29.5,1,29.5,7,29.55,12,2,2022-06-06 09:11:49
1654506709491968000,29.5,7,29.4,6,29.55,12,2,2022-06-06 09:11:49
1654506709902310000,29.5,1,29.4,6,29.55,10,2,2022-06-06 09:11:49
1654506716550337000,29.5,1,29.4,1,29.55,10,1,2022-06-06 09:11:56
1654506718780854000,29.55,2,29.5,5,29.55,9,1,2022-06-06 09:11:58
1654506720753600000,29.5,5,29.4,3,29.5,41,2,2022-06-06 09:12:00
1654506721228466000,29.5,1,29.4,3,29.5,41,1,2022-06-06 09:12:01
1654506724706603000,29.45,3,29.4,4,29.5,45,1,2022-06-06 09:12:04
1654506730383233000,29.45,2,29.45,1,29.5,45,2,2022-06-06 09:12:10
1654506730414775000,29.45,1,29.4,5,29.5,45,2,2022-06-06 09:12:10
1654506731442428000,29.4,1,29.4,4,29.45,1,2,2022-06-06 09:12:11
1654506734673589000,29.4,1,29.4,3,29.45,3,2,2022-06-06 09:12:14
1654506739145659000,29.4,7,29.35,4,29.4,11,2,2022-06-06 09:12:19
1654506739212948000,29.35,1,29.35,3,29.4,11,2,2022-06-06 09:12:19
1654506740610242000,29.4,1,29.35,3,29.4,10,1,2022-06-06 09:12:20
1654506740784902000,29.4,1,29.35,3,29.4,9,1,2022-06-06 09:12:20
1654506741539045000,29.35,1,29.35,2,29.4,10,2,2022-06-06 09:12:21
1654506746537636000,29.35,1,29.35,1,29.4,11,2,2022-06-06 09:12:26
1654506747540999000,29.35,1,29.3,8,29.4,11,2,2022-06-06 09:12:27
1654506748010894000,29.35,1,29.3,8,29.4,11,2,2022-06-06 09:12:28
1654506748737831000,29.3,1,29.3,7,29.35,3,2,2022-06-06 09:12:28
1654506750236871000,29.35,1,29.3,5,29.35,5,1,2022-06-06 09:12:30
1654506750434516000,29.3,2,29.3,3,29.35,5,2,2022-06-06 09:12:30
1654506754328949000,29.3,1,29.3,4,29.35,6,2,2022-06-06 09:12:34
1654506758374558000,29.35,1,29.3,10,29.35,6,1,2022-06-06 09:12:38
1654506758845261000,29.35,5,29.3,10,29.35,1,1,2022-06-06 09:12:38
1654506758876012000,29.35,1,29.3,10,29.4,12,1,2022-06-06 09:12:38
1654506758881213000,29.3,1,29.3,9,29.4,12,2,2022-06-06 09:12:38
1654506759676123000,29.35,1,29.3,10,29.35,4,1,2022-06-06 09:12:39
1654506759714143000,29.35,4,29.3,10,29.4,12,1,2022-06-06 09:12:39
1654506762877577000,29.3,1,29.3,20,29.4,13,2,2022-06-06 09:12:42
1654506775785971000,29.35,1,29.35,4,29.4,16,2,2022-06-06 09:12:55
1654506779367275000,29.35,1,29.35,3,29.4,22,2,2022-06-06 09:12:59
1654506779538970000,29.4,4,29.35,3,29.4,18,1,2022-06-06 09:12:59
1654506779539093000,29.4,1,29.35,3,29.4,17,1,2022-06-06 09:12:59
1654506780108360000,29.4,1,29.35,3,29.4,16,1,2022-06-06 09:13:00
1654506780108476000,29.4,2,29.35,3,29.4,14,1,2022-06-06 09:13:00
1654506780108684000,29.4,2,29.35,3,29.4,12,1,2022-06-06 09:13:00
1654506781340725000,29.35,10,29.35,3,29.4,13,2,2022-06-06 09:13:01
1654506781402371000,29.35,1,29.35,2,29.4,13,2,2022-06-06 09:13:01
1654506785125581000,29.4,1,29.35,2,29.4,14,1,2022-06-06 09:13:05
1654506785788509000,29.35,1,29.35,1,29.4,16,2,2022-06-06 09:13:05
1654506787021746000,29.35,3,29.3,19,29.35,7,2,2022-06-06 09:13:07
1654506789781758000,29.35,1,29.3,19,29.35,12,1,2022-06-06 09:13:09
1654506789837999000,29.35,1,29.3,19,29.35,11,1,2022-06-06 09:13:09
1654506791347636000,29.35,1,29.3,17,29.35,10,1,2022-06-06 09:13:11
1654506791502047000,29.35,1,29.3,17,29.35,9,1,2022-06-06 09:13:11
1654506792058157000,29.35,1,29.3,17,29.35,8,1,2022-06-06 09:13:12
1654506792407719000,29.35,8,29.35,2,29.4,16,1,2022-06-06 09:13:12
1654506792470433000,29.35,1,29.35,1,29.4,16,2,2022-06-06 09:13:12
1654506793126460000,29.35,1,29.3,17,29.35,3,2,2022-06-06 09:13:13
1654506793863403000,29.35,1,29.3,19,29.35,2,1,2022-06-06 09:13:13
1654506796848187000,29.35,1,29.3,19,29.35,2,1,2022-06-06 09:13:16
1654506797690544000,29.35,2,29.3,19,29.35,2,1,2022-06-06 09:13:17
1654506797716862000,29.35,1,29.3,19,29.35,1,1,2022-06-06 09:13:17
1654506797802193000,29.35,1,29.3,19,29.4,17,1,2022-06-06 09:13:17
1654506799235464000,29.35,1,29.3,19,29.35,9,1,2022-06-06 09:13:19
1654506800272437000,29.35,1,29.3,19,29.35,8,1,2022-06-06 09:13:20
1654506803245168000,29.35,2,29.3,20,29.35,7,1,2022-06-06 09:13:23
1654506805763509000,29.3,20,29.25,11,29.3,9,2,2022-06-06 09:13:25
1654506805798197000,29.25,1,29.25,10,29.3,9,2,2022-06-06 09:13:25
1654506806010958000,29.3,9,29.25,10,29.4,14,1,2022-06-06 09:13:26
1654506806010958000,29.35,8,29.25,10,29.4,14,1,2022-06-06 09:13:26
1654506806010958000,29.4,3,29.25,10,29.4,14,1,2022-06-06 09:13:26
1654506807249361000,29.4,1,29.35,5,29.4,13,1,2022-06-06 09:13:27
1654506807402267000,29.4,1,29.35,5,29.4,12,1,2022-06-06 09:13:27
1654506807540924000,29.4,1,29.35,5,29.4,11,1,2022-06-06 09:13:27
1654506807688938000,29.4,1,29.35,5,29.4,10,1,2022-06-06 09:13:27
1654506807840930000,29.4,1,29.35,5,29.4,9,1,2022-06-06 09:13:27
1654506812327391000,29.4,3,29.35,9,29.4,8,1,2022-06-06 09:13:32
1654506812363574000,29.4,4,29.35,9,29.4,4,1,2022-06-06 09:13:32
1654506815262076000,29.4,1,29.35,9,29.4,4,1,2022-06-06 09:13:35
1654506815297692000,29.4,4,29.35,9,29.45,3,1,2022-06-06 09:13:35
1654506822045223000,29.4,1,29.4,6,29.45,4,2,2022-06-06 09:13:42
1654506822256533000,29.45,1,29.4,6,29.45,3,1,2022-06-06 09:13:42
1654506823067126000,29.45,1,29.4,6,29.45,2,1,2022-06-06 09:13:43
1654506824375069000,29.45,1,29.4,6,29.45,1,1,2022-06-06 09:13:44
1654506830324319000,29.45,2,29.4,6,29.45,1,1,2022-06-06 09:13:50
1654506835320819000,29.45,1,29.4,8,29.45,2,1,2022-06-06 09:13:55
1654506837168674000,29.45,1,29.4,8,29.45,2,1,2022-06-06 09:13:57
1654506837318205000,29.45,1,29.4,8,29.45,1,1,2022-06-06 09:13:57
1654506837897537000,29.45,1,29.4,8,29.5,54,1,2022-06-06 09:13:57
1654506838216238000,29.45,2,29.4,8,29.5,54,1,2022-06-06 09:13:58
1654506839975586000,29.5,20,29.45,2,29.5,34,1,2022-06-06 09:13:59
1654506841583794000,29.5,1,29.45,6,29.5,39,1,2022-06-06 09:14:01
1654506841845119000,29.5,1,29.45,6,29.5,38,1,2022-06-06 09:14:01
1654506842044135000,29.5,1,29.45,6,29.5,37,1,2022-06-06 09:14:02
1654506842329842000,29.5,1,29.45,6,29.5,36,1,2022-06-06 09:14:02
1654506843217598000,29.5,1,29.45,6,29.5,35,1,2022-06-06 09:14:03
1654506844185814000,29.5,3,29.45,6,29.5,32,1,2022-06-06 09:14:04
1654506844395716000,29.5,3,29.45,6,29.5,29,1,2022-06-06 09:14:04
1654506844725209000,29.5,3,29.45,6,29.5,26,1,2022-06-06 09:14:04
1654506845758442000,29.5,1,29.45,6,29.5,26,1,2022-06-06 09:14:05
1654506845917852000,29.5,1,29.45,6,29.5,25,1,2022-06-06 09:14:05
1654506846093079000,29.5,1,29.45,6,29.5,24,1,2022-06-06 09:14:06
1654506847736333000,29.5,4,29.45,2,29.5,20,1,2022-06-06 09:14:07
1654506848666863000,29.5,3,29.45,7,29.5,17,1,2022-06-06 09:14:08
1654506850839677000,29.5,5,29.45,7,29.5,14,1,2022-06-06 09:14:10
1654506851945212000,29.5,1,29.45,8,29.5,13,1,2022-06-06 09:14:11
1654506855149140000,29.5,1,29.45,8,29.5,13,1,2022-06-06 09:14:15
1654506859738178000,29.5,1,29.45,10,29.5,13,1,2022-06-06 09:14:19
1654506860607789000,29.5,1,29.45,10,29.5,12,1,2022-06-06 09:14:20
1654506865776998000,29.5,4,29.45,7,29.5,13,1,2022-06-06 09:14:25
1654506865942166000,29.5,5,29.45,7,29.5,8,1,2022-06-06 09:14:25
1654506869958898000,29.5,1,29.45,6,29.5,8,1,2022-06-06 09:14:29
1654506870279219000,29.5,1,29.45,6,29.5,7,1,2022-06-06 09:14:30
1654506870402080000,29.5,3,29.45,6,29.5,4,1,2022-06-06 09:14:30
1654506870959529000,29.5,1,29.45,6,29.5,1,1,2022-06-06 09:14:30
1654506871902511000,29.5,1,29.5,1,29.55,14,1,2022-06-06 09:14:31
1654506876161892000,29.55,2,29.5,5,29.55,14,1,2022-06-06 09:14:36
1654506876319813000,29.55,2,29.5,5,29.55,14,1,2022-06-06 09:14:36
1654506876319971000,29.55,1,29.5,5,29.55,13,1,2022-06-06 09:14:36
1654506876320069000,29.55,2,29.5,5,29.55,11,1,2022-06-06 09:14:36
1654506876491520000,29.55,1,29.5,5,29.55,10,1,2022-06-06 09:14:36
1654506876491656000,29.55,3,29.5,5,29.55,7,1,2022-06-06 09:14:36
1654506876491796000,29.55,1,29.5,5,29.55,6,1,2022-06-06 09:14:36
1654506877193826000,29.55,5,29.5,7,29.55,2,1,2022-06-06 09:14:37
1654506882366793000,29.55,1,29.5,9,29.55,2,1,2022-06-06 09:14:42
1654506886163502000,29.55,4,29.6,2,29.65,18,1,2022-06-06 09:14:46
1654506886163502000,29.6,16,29.6,2,29.65,18,1,2022-06-06 09:14:46
1654506886193594000,29.6,2,29.5,9,29.65,18,2,2022-06-06 09:14:46
1654506887748662000,29.6,2,29.6,20,29.65,18,1,2022-06-06 09:14:47
1654506890156669000,29.6,5,29.6,37,29.65,30,2,2022-06-06 09:14:50
1654506891339915000,29.65,1,29.6,38,29.65,29,1,2022-06-06 09:14:51
1654506891480236000,29.65,1,29.6,38,29.65,28,1,2022-06-06 09:14:51
1654506891496905000,29.65,1,29.6,38,29.65,27,1,2022-06-06 09:14:51
1654506891655385000,29.65,1,29.6,38,29.65,26,1,2022-06-06 09:14:51
1654506892265016000,29.65,1,29.6,38,29.65,25,1,2022-06-06 09:14:52
1654506892479434000,29.6,1,29.6,37,29.65,25,2,2022-06-06 09:14:52
1654506892683006000,29.65,1,29.6,37,29.65,24,1,2022-06-06 09:14:52
1654506893663046000,29.65,3,29.6,37,29.65,22,1,2022-06-06 09:14:53
1654506894617474000,29.65,1,29.6,37,29.65,25,1,2022-06-06 09:14:54
1654506894648945000,29.65,1,29.6,37,29.65,24,1,2022-06-06 09:14:54
1654506894790158000,29.65,1,29.6,37,29.65,23,1,2022-06-06 09:14:54
1654506896982102000,29.65,1,29.6,37,29.65,23,1,2022-06-06 09:14:56
1654506897166180000,29.65,1,29.6,37,29.65,22,1,2022-06-06 09:14:57
1654506898282587000,29.65,1,29.6,38,29.65,21,1,2022-06-06 09:14:58
1654506901653724000,29.65,1,29.6,38,29.65,21,1,2022-06-06 09:15:01
1654506901810860000,29.65,1,29.6,38,29.65,20,1,2022-06-06 09:15:01
1654506901967766000,29.65,1,29.6,38,29.65,19,1,2022-06-06 09:15:01
1654506904781085000,29.65,1,29.6,37,29.65,19,1,2022-06-06 09:15:04
1654506905998076000,29.65,1,29.6,37,29.65,19,1,2022-06-06 09:15:05
1654506905998270000,29.65,1,29.6,37,29.65,18,1,2022-06-06 09:15:05
1654506905998419000,29.65,2,29.6,37,29.65,16,1,2022-06-06 09:15:05
1654506905998560000,29.65,1,29.6,37,29.65,15,1,2022-06-06 09:15:05
1654506906803990000,29.65,2,29.6,38,29.65,13,1,2022-06-06 09:15:06
1654506906804110000,29.65,3,29.6,38,29.65,10,1,2022-06-06 09:15:06
1654506907343331000,29.65,5,29.6,38,29.65,5,1,2022-06-06 09:15:07
1654506907775033000,29.65,2,29.6,38,29.65,3,1,2022-06-06 09:15:07
1654506908225489000,29.65,2,29.6,38,29.65,1,1,2022-06-06 09:15:08
1654506908310569000,29.65,1,29.6,38,29.7,27,1,2022-06-06 09:15:08
1654506910320812000,29.65,1,29.6,38,29.7,27,1,2022-06-06 09:15:10
1654506910641769000,29.65,1,29.6,38,29.65,2,1,2022-06-06 09:15:10
1654506914262409000,29.65,1,29.6,39,29.65,1,1,2022-06-06 09:15:14
1654506915621554000,29.65,1,29.6,39,29.7,27,1,2022-06-06 09:15:15
1654506916323617000,29.65,1,29.6,39,29.65,1,1,2022-06-06 09:15:16
1654506916642311000,29.65,1,29.6,39,29.7,27,1,2022-06-06 09:15:16
1654506918634689000,29.65,2,29.6,38,29.7,28,1,2022-06-06 09:15:18
1654506921472984000,29.7,1,29.65,23,29.7,28,1,2022-06-06 09:15:21
1654506921833112000,29.7,1,29.65,23,29.7,27,1,2022-06-06 09:15:21
1654506923792036000,29.7,1,29.65,23,29.7,26,1,2022-06-06 09:15:23
1654506924832882000,29.7,4,29.65,23,29.7,22,1,2022-06-06 09:15:24
1654506925610995000,29.7,1,29.65,23,29.7,22,1,2022-06-06 09:15:25
1654506925790027000,29.7,1,29.65,24,29.7,21,1,2022-06-06 09:15:25
1654506928246524000,29.7,4,29.65,24,29.7,18,1,2022-06-06 09:15:28
1654506928512964000,29.7,3,29.65,24,29.7,15,1,2022-06-06 09:15:28
1654506928988790000,29.7,1,29.65,24,29.7,15,1,2022-06-06 09:15:28
1654506929933991000,29.7,1,29.65,25,29.7,15,1,2022-06-06 09:15:29
1654506930186174000,29.7,1,29.65,25,29.7,14,1,2022-06-06 09:15:30
1654506930308423000,29.7,1,29.65,25,29.7,13,1,2022-06-06 09:15:30
1654506931344323000,29.7,2,29.65,25,29.7,11,1,2022-06-06 09:15:31
1654506932316792000,29.7,1,29.65,25,29.7,10,1,2022-06-06 09:15:32
1654506932666400000,29.65,2,29.65,23,29.7,10,2,2022-06-06 09:15:32
1654506933080786000,29.7,5,29.65,23,29.7,6,1,2022-06-06 09:15:33
1654506933904739000,29.7,1,29.65,23,29.7,5,1,2022-06-06 09:15:33
1654506935248508000,29.7,1,29.65,23,29.7,4,1,2022-06-06 09:15:35
1654506935569580000,29.65,1,29.65,22,29.7,4,2,2022-06-06 09:15:35
1654506935764025000,29.7,1,29.65,22,29.7,3,1,2022-06-06 09:15:35
1654506935972214000,29.7,1,29.65,22,29.7,2,1,2022-06-06 09:15:35
1654506937492548000,29.7,1,29.65,23,29.7,8,1,2022-06-06 09:15:37
1654506938192976000,29.7,2,29.65,24,29.7,8,1,2022-06-06 09:15:38
1654506941758741000,29.7,1,29.65,29,29.7,9,1,2022-06-06 09:15:41
1654506942476834000,29.7,1,29.65,29,29.7,8,1,2022-06-06 09:15:42
1654506942661539000,29.7,1,29.65,28,29.7,7,1,2022-06-06 09:15:42
1654506943725414000,29.7,1,29.65,28,29.7,6,1,2022-06-06 09:15:43
1654506943912848000,29.7,1,29.65,28,29.7,5,1,2022-06-06 09:15:43
1654506943946354000,29.7,5,29.65,28,29.75,25,1,2022-06-06 09:15:43
1654506949806293000,29.75,1,29.7,5,29.75,26,1,2022-06-06 09:15:49
1654506949933873000,29.7,5,29.65,29,29.75,26,2,2022-06-06 09:15:49
1654506949942185000,29.75,1,29.65,29,29.75,25,1,2022-06-06 09:15:49
1654506950160833000,29.75,1,29.65,29,29.75,24,1,2022-06-06 09:15:50
1654506952488735000,29.7,1,29.65,29,29.7,1,1,2022-06-06 09:15:52
1654506952605211000,29.7,1,29.7,2,29.75,24,1,2022-06-06 09:15:52
1654506956843794000,29.75,1,29.7,7,29.75,24,1,2022-06-06 09:15:56
1654506958121346000,29.7,1,29.7,6,29.75,25,2,2022-06-06 09:15:58
1654506960029249000,29.7,1,29.7,6,29.75,25,2,2022-06-06 09:16:00
1654506963337707000,29.75,5,29.7,6,29.75,21,1,2022-06-06 09:16:03
1654506964478971000,29.7,2,29.7,5,29.75,22,2,2022-06-06 09:16:04
1654506964497670000,29.7,1,29.7,4,29.75,22,2,2022-06-06 09:16:04
1654506965217818000,29.7,2,29.7,2,29.75,23,2,2022-06-06 09:16:05
1654506965303079000,29.7,2,29.65,28,29.7,1,2,2022-06-06 09:16:05
1654506968958205000,29.7,1,29.65,28,29.7,12,1,2022-06-06 09:16:08
1654506969112997000,29.7,1,29.65,28,29.7,11,1,2022-06-06 09:16:09
1654506969184372000,29.7,2,29.65,28,29.7,9,1,2022-06-06 09:16:09
1654506969191222000,29.65,2,29.65,26,29.7,9,2,2022-06-06 09:16:09
1654506969266492000,29.7,1,29.65,26,29.7,8,1,2022-06-06 09:16:09
1654506969519823000,29.7,1,29.65,26,29.7,7,1,2022-06-06 09:16:09
1654506969729500000,29.7,1,29.65,28,29.7,6,1,2022-06-06 09:16:09
1654506969944022000,29.7,5,29.65,28,29.7,1,1,2022-06-06 09:16:09
1654506970355135000,29.7,2,29.65,28,29.75,26,1,2022-06-06 09:16:10
1654506972745980000,29.75,1,29.7,6,29.75,25,1,2022-06-06 09:16:12
1654506975284825000,29.75,1,29.7,6,29.75,26,1,2022-06-06 09:16:15
1654506975454534000,29.75,1,29.7,6,29.75,25,1,2022-06-06 09:16:15
1654506975587830000,29.75,1,29.7,6,29.75,24,1,2022-06-06 09:16:15
1654506975750796000,29.75,1,29.7,6,29.75,23,1,2022-06-06 09:16:15
1654506976758406000,29.75,9,29.7,6,29.75,14,1,2022-06-06 09:16:16
1654506980983428000,29.75,3,29.7,7,29.75,18,1,2022-06-06 09:16:20
1654506984162311000,29.75,2,29.7,7,29.75,16,1,2022-06-06 09:16:24
1654506984835576000,29.75,3,29.7,8,29.75,13,1,2022-06-06 09:16:24
1654506990729306000,29.75,3,29.7,10,29.75,15,1,2022-06-06 09:16:30
1654506990819212000,29.75,2,29.7,10,29.75,13,1,2022-06-06 09:16:30
1654506991644492000,29.7,1,29.7,9,29.75,13,2,2022-06-06 09:16:31
1654506993622306000,29.75,1,29.7,9,29.75,19,1,2022-06-06 09:16:33
1654506993775949000,29.75,1,29.7,9,29.75,18,1,2022-06-06 09:16:33
1654506993921001000,29.7,1,29.7,8,29.75,18,2,2022-06-06 09:16:33
1654506994584955000,29.7,5,29.7,3,29.75,18,2,2022-06-06 09:16:34
1654506994705125000,29.75,1,29.7,3,29.75,17,1,2022-06-06 09:16:34
1654506995446004000,29.7,2,29.7,1,29.75,17,2,2022-06-06 09:16:35
1654506996277508000,29.75,1,29.7,1,29.75,16,1,2022-06-06 09:16:36
1654506996412559000,29.75,1,29.7,1,29.75,15,1,2022-06-06 09:16:36
1654506996473210000,29.7,1,29.65,4,29.75,15,2,2022-06-06 09:16:36
1654506999233036000,29.7,1,29.65,4,29.7,21,1,2022-06-06 09:16:39
1654507000377367000,29.65,1,29.65,3,29.7,22,2,2022-06-06 09:16:40
1654507001077214000,29.65,1,29.65,2,29.7,23,2,2022-06-06 09:16:41
1654507001340570000,29.65,1,29.65,1,29.7,23,2,2022-06-06 09:16:41
1654507001367279000,29.65,1,29.6,24,29.7,23,2,2022-06-06 09:16:41
1654507001641967000,29.7,4,29.6,24,29.7,19,1,2022-06-06 09:16:41
1654507001642098000,29.7,1,29.6,24,29.7,18,1,2022-06-06 09:16:41
1654507002705352000,29.7,1,29.6,24,29.7,17,1,2022-06-06 09:16:42
1654507002705454000,29.7,1,29.6,24,29.7,16,1,2022-06-06 09:16:42
1654507002705607000,29.7,3,29.6,24,29.7,13,1,2022-06-06 09:16:42
1654507004965253000,29.7,10,29.6,24,29.7,3,1,2022-06-06 09:16:44
1654507005082194000,29.7,1,29.6,24,29.7,2,1,2022-06-06 09:16:45
1654507005218573000,29.7,1,29.6,24,29.7,1,1,2022-06-06 09:16:45
1654507005353791000,29.7,1,29.6,24,29.75,17,1,2022-06-06 09:16:45
1654507007950696000,29.75,10,29.6,24,29.75,8,1,2022-06-06 09:16:47
1654507011438501000,29.7,1,29.65,3,29.7,2,1,2022-06-06 09:16:51
1654507011497547000,29.7,2,29.65,3,29.75,10,1,2022-06-06 09:16:51
1654507011497547000,29.75,8,29.65,3,29.75,10,1,2022-06-06 09:16:51
1654507014439185000,29.7,1,29.65,8,29.7,1,2,2022-06-06 09:16:54
1654507015430496000,29.7,1,29.65,13,29.7,5,1,2022-06-06 09:16:55
1654507018348501000,29.7,1,29.65,13,29.7,5,1,2022-06-06 09:16:58
1654507019840801000,29.7,1,29.65,14,29.7,4,1,2022-06-06 09:16:59
1654507021459185000,29.7,5,29.65,14,29.7,1,1,2022-06-06 09:17:01
1654507021622475000,29.7,1,29.65,14,29.75,12,1,2022-06-06 09:17:01
1654507026884792000,29.7,1,29.65,14,29.75,13,2,2022-06-06 09:17:06
1654507028437110000,29.7,1,29.65,14,29.75,13,2,2022-06-06 09:17:08
1654507031789553000,29.7,2,29.65,14,29.75,12,1,2022-06-06 09:17:11
1654507031789553000,29.75,1,29.65,14,29.75,12,1,2022-06-06 09:17:11
1654507032280399000,29.7,2,29.65,14,29.75,14,1,2022-06-06 09:17:12
1654507041565805000,29.7,1,29.65,14,29.7,6,1,2022-06-06 09:17:21
1654507044858891000,29.7,10,29.75,7,29.8,17,1,2022-06-06 09:17:24
1654507044858891000,29.75,13,29.75,7,29.8,17,1,2022-06-06 09:17:24
1654507045155066000,29.75,7,29.7,5,29.8,20,2,2022-06-06 09:17:25
1654507045879500000,29.7,1,29.7,4,29.8,18,2,2022-06-06 09:17:25
1654507058926367000,29.7,5,29.7,1,29.75,10,2,2022-06-06 09:17:38
1654507058951936000,29.7,1,29.65,14,29.75,10,2,2022-06-06 09:17:38
1654507060011169000,29.7,1,29.65,14,29.75,10,1,2022-06-06 09:17:40
1654507063987423000,29.7,1,29.7,3,29.75,12,1,2022-06-06 09:17:43
1654507066970875000,29.75,5,29.7,3,29.75,8,1,2022-06-06 09:17:46
1654507071635426000,29.7,1,29.7,5,29.75,9,2,2022-06-06 09:17:51
1654507071740699000,29.75,1,29.7,5,29.75,8,1,2022-06-06 09:17:51
1654507071881843000,29.75,1,29.7,5,29.75,7,1,2022-06-06 09:17:51
1654507072661497000,29.75,1,29.7,5,29.75,6,1,2022-06-06 09:17:52
1654507073598326000,29.75,7,29.75,3,29.8,20,1,2022-06-06 09:17:53
1654507073618360000,29.75,3,29.7,5,29.8,20,2,2022-06-06 09:17:53
1654507077659137000,29.75,5,29.7,5,29.75,1,1,2022-06-06 09:17:57
1654507077689879000,29.75,1,29.7,5,29.8,20,1,2022-06-06 09:17:57
1654507088060254000,29.75,1,29.75,1,29.8,22,2,2022-06-06 09:18:08
1654507088091094000,29.75,1,29.7,14,29.8,22,2,2022-06-06 09:18:08
1654507091397217000,29.75,2,29.7,14,29.8,23,2,2022-06-06 09:18:11
1654507093054869000,29.75,1,29.7,14,29.75,21,1,2022-06-06 09:18:13
1654507094395521000,29.75,1,29.7,14,29.75,21,1,2022-06-06 09:18:14
1654507094539991000,29.75,1,29.7,14,29.75,20,1,2022-06-06 09:18:14
1654507094688436000,29.75,1,29.7,14,29.75,19,1,2022-06-06 09:18:14
1654507095656119000,29.75,19,29.7,14,29.8,22,1,2022-06-06 09:18:15
1654507095656119000,29.8,1,29.7,14,29.8,22,1,2022-06-06 09:18:15
1654507095798926000,29.8,1,29.7,14,29.8,21,1,2022-06-06 09:18:15
1654507095848346000,29.7,1,29.7,13,29.8,21,2,2022-06-06 09:18:15
1654507096717647000,29.75,1,29.7,13,29.8,21,2,2022-06-06 09:18:16
1654507100650193000,29.75,1,29.75,9,29.8,22,2,2022-06-06 09:18:20
1654507100742947000,29.8,1,29.75,9,29.8,21,1,2022-06-06 09:18:20
1654507100899529000,29.8,1,29.75,9,29.8,20,1,2022-06-06 09:18:20
1654507101056337000,29.8,1,29.75,9,29.8,19,1,2022-06-06 09:18:21
1654507105953181000,29.8,6,29.75,11,29.8,15,1,2022-06-06 09:18:25
1654507105982115000,29.8,15,29.75,11,29.85,15,1,2022-06-06 09:18:25
1654507109519100000,29.8,1,29.8,5,29.85,16,2,2022-06-06 09:18:29
1654507112991204000,29.8,1,29.8,5,29.85,16,2,2022-06-06 09:18:32
1654507115845272000,29.85,1,29.8,9,29.85,16,1,2022-06-06 09:18:35
1654507115879831000,29.85,2,29.8,9,29.85,14,1,2022-06-06 09:18:35
1654507115938806000,29.85,2,29.8,14,29.85,12,1,2022-06-06 09:18:35
1654507116004325000,29.85,1,29.8,14,29.85,11,1,2022-06-06 09:18:36
1654507116155229000,29.85,1,29.8,14,29.85,10,1,2022-06-06 09:18:36
1654507117500478000,29.85,2,29.8,15,29.85,9,1,2022-06-06 09:18:37
1654507117525254000,29.85,1,29.8,15,29.85,8,1,2022-06-06 09:18:37
1654507118083678000,29.8,1,29.8,14,29.85,8,2,2022-06-06 09:18:38
1654507120998557000,29.85,1,29.8,16,29.85,7,1,2022-06-06 09:18:40
1654507125094576000,29.85,5,29.8,19,29.85,4,1,2022-06-06 09:18:45
1654507125529248000,29.85,1,29.8,21,29.85,3,1,2022-06-06 09:18:45
1654507125982636000,29.85,3,29.85,17,29.9,30,1,2022-06-06 09:18:45
1654507126244679000,29.85,5,29.85,12,29.9,30,2,2022-06-06 09:18:46
1654507127225151000,29.85,13,29.8,20,29.9,30,2,2022-06-06 09:18:47
1654507127225151000,29.8,1,29.8,20,29.9,30,2,2022-06-06 09:18:47
1654507127988448000,29.85,2,29.8,21,29.9,30,1,2022-06-06 09:18:47
1654507130414234000,29.85,2,29.8,20,29.85,2,2,2022-06-06 09:18:50
1654507130437322000,29.85,1,29.8,19,29.85,19,1,2022-06-06 09:18:50
1654507132162694000,29.85,1,29.8,19,29.85,20,1,2022-06-06 09:18:52
1654507132549476000,29.85,1,29.8,19,29.85,17,1,2022-06-06 09:18:52
1654507132718910000,29.85,1,29.8,19,29.85,16,1,2022-06-06 09:18:52
1654507132869838000,29.85,1,29.8,19,29.85,15,1,2022-06-06 09:18:52
1654507133208215000,29.85,1,29.8,19,29.85,15,1,2022-06-06 09:18:53
1654507135365377000,29.85,1,29.8,19,29.85,19,1,2022-06-06 09:18:55
1654507137408192000,29.85,1,29.8,23,29.85,19,1,2022-06-06 09:18:57
1654507138041475000,29.85,1,29.8,23,29.85,18,1,2022-06-06 09:18:58
1654507140355106000,29.8,5,29.8,19,29.85,19,2,2022-06-06 09:19:00
1654507140841504000,29.8,1,29.8,18,29.85,30,2,2022-06-06 09:19:00
1654507140853925000,29.8,12,29.8,6,29.85,30,2,2022-06-06 09:19:00
1654507140867577000,29.8,6,29.75,8,29.85,30,2,2022-06-06 09:19:00
1654507142004521000,29.8,1,29.75,8,29.8,2,1,2022-06-06 09:19:02
1654507146571002000,29.75,3,29.75,5,29.8,15,2,2022-06-06 09:19:06
1654507146610769000,29.75,5,29.7,16,29.8,15,2,2022-06-06 09:19:06
1654507146763305000,29.8,1,29.7,16,29.8,14,1,2022-06-06 09:19:06
1654507146923000000,29.8,1,29.7,16,29.8,13,1,2022-06-06 09:19:06
1654507147054192000,29.8,1,29.7,16,29.8,12,1,2022-06-06 09:19:07
1654507147199874000,29.8,1,29.7,16,29.8,12,1,2022-06-06 09:19:07
1654507147356164000,29.8,1,29.7,16,29.8,12,1,2022-06-06 09:19:07
1654507148822268000,29.8,1,29.7,16,29.8,11,1,2022-06-06 09:19:08
