ts,close,volume,bid_price,bid_volume,ask_price,ask_volume,tick_type,datetime
1658221335100148000,36.15,761,36.1,10,36.15,14,2,2022-07-19 09:02:15
1658221335145711000,36.1,1,36.1,9,36.15,14,2,2022-07-19 09:02:15
1658221335227397000,36.1,4,36.1,12,36.15,14,2,2022-07-19 09:02:15
1658221335228255000,36.1,10,36.1,2,36.15,14,2,2022-07-19 09:02:15
1658221335234601000,36.1,2,36.0,57,36.15,14,2,2022-07-19 09:02:15
1658221335234601000,36.05,17,36.0,57,36.15,14,2,2022-07-19 09:02:15
1658221335234601000,36.0,3,36.0,57,36.15,14,2,2022-07-19 09:02:15
1658221335256143000,36.0,8,36.0,49,36.15,14,2,2022-07-19 09:02:15
1658221335267484000,36.15,1,36.0,49,36.15,13,1,2022-07-19 09:02:15
1658221335352323000,36.1,2,36.0,50,36.15,27,2,2022-07-19 09:02:15
1658221335608918000,36.1,1,36.05,27,36.1,1,1,2022-07-19 09:02:15
1658221336158184000,36.15,1,36.05,27,36.15,27,1,2022-07-19 09:02:16
1658221336281719000,36.15,1,36.05,27,36.15,25,1,2022-07-19 09:02:16
1658221336294990000,36.05,1,36.05,26,36.15,25,2,2022-07-19 09:02:16
1658221337203426000,36.1,1,36.05,33,36.15,25,1,2022-07-19 09:02:17
1658221337400748000,36.05,1,36.05,32,36.15,25,2,2022-07-19 09:02:17
1658221338391903000,36.05,16,36.05,25,36.15,25,2,2022-07-19 09:02:18
1658221339293880000,36.05,1,36.05,23,36.15,25,2,2022-07-19 09:02:19
1658221340202244000,36.05,5,36.05,25,36.15,25,2,2022-07-19 09:02:20
1658221340561551000,36.1,1,36.05,20,36.15,25,2,2022-07-19 09:02:20
1658221340588692000,36.15,25,36.1,1,36.15,25,1,2022-07-19 09:02:20
1658221340823931000,36.2,5,36.05,26,36.25,5,1,2022-07-19 09:02:20
1658221341513045000,36.25,5,36.05,26,36.3,1,1,2022-07-19 09:02:21
1658221342322054000,36.3,1,36.3,3,36.35,35,1,2022-07-19 09:02:22
1658221342329780000,36.3,1,36.3,2,36.35,35,2,2022-07-19 09:02:22
1658221342347724000,36.35,35,36.3,2,36.45,37,1,2022-07-19 09:02:22
1658221342348758000,36.45,1,36.35,35,36.45,36,1,2022-07-19 09:02:22
1658221342589287000,36.35,2,36.35,33,36.45,36,2,2022-07-19 09:02:22
1658221342607752000,36.35,1,36.35,32,36.45,36,2,2022-07-19 09:02:22
1658221343321801000,36.35,9,36.35,27,36.45,36,2,2022-07-19 09:02:23
1658221345252066000,36.4,5,36.4,4,36.45,46,2,2022-07-19 09:02:25
1658221345286374000,36.4,4,36.35,26,36.45,46,2,2022-07-19 09:02:25
1658221345659726000,36.35,20,36.35,6,36.45,46,2,2022-07-19 09:02:25
1658221345701619000,36.35,6,36.4,9,36.45,46,2,2022-07-19 09:02:25
1658221345846434000,36.35,1,36.3,2,36.35,4,1,2022-07-19 09:02:25
1658221346238714000,36.3,2,36.25,1,36.35,14,2,2022-07-19 09:02:26
1658221346529405000,36.35,2,36.25,1,36.35,12,1,2022-07-19 09:02:26
1658221347052073000,36.3,1,36.25,1,36.3,13,1,2022-07-19 09:02:27
1658221347213919000,36.3,1,36.25,1,36.3,11,1,2022-07-19 09:02:27
1658221347323644000,36.25,1,36.2,20,36.3,11,2,2022-07-19 09:02:27
1658221347326674000,36.2,2,36.2,18,36.3,11,2,2022-07-19 09:02:27
1658221347405681000,36.3,3,36.25,1,36.3,10,1,2022-07-19 09:02:27
1658221347421340000,36.25,1,36.2,18,36.3,10,2,2022-07-19 09:02:27
1658221347495990000,36.2,2,36.2,16,36.3,10,2,2022-07-19 09:02:27
1658221347663261000,36.2,2,36.2,16,36.3,10,2,2022-07-19 09:02:27
1658221347828533000,36.2,2,36.2,12,36.3,10,2,2022-07-19 09:02:27
1658221347912172000,36.3,1,36.25,3,36.3,9,1,2022-07-19 09:02:27
1658221347918505000,36.25,3,36.2,12,36.3,9,2,2022-07-19 09:02:27
1658221347996446000,36.2,2,36.25,3,36.3,10,2,2022-07-19 09:02:27
1658221348235671000,36.2,2,36.2,8,36.3,9,2,2022-07-19 09:02:28
1658221348346411000,36.2,7,36.2,1,36.25,5,2,2022-07-19 09:02:28
1658221348376842000,36.2,1,36.15,4,36.25,5,2,2022-07-19 09:02:28
1658221348666789000,36.15,1,36.15,4,36.25,6,2,2022-07-19 09:02:28
1658221349078440000,36.25,1,36.15,3,36.25,5,1,2022-07-19 09:02:29
1658221350058546000,36.25,1,36.15,3,36.25,14,1,2022-07-19 09:02:30
1658221350733151000,36.2,1,36.15,3,36.25,14,1,2022-07-19 09:02:30
1658221351144975000,36.2,1,36.2,1,36.25,14,2,2022-07-19 09:02:31
1658221351535096000,36.2,3,36.15,3,36.2,6,1,2022-07-19 09:02:31
1658221352010201000,36.2,1,36.15,3,36.2,6,1,2022-07-19 09:02:32
1658221352132274000,36.2,2,36.15,3,36.2,16,1,2022-07-19 09:02:32
1658221352282402000,36.2,2,36.15,3,36.2,14,1,2022-07-19 09:02:32
1658221352934180000,36.15,1,36.15,2,36.2,13,2,2022-07-19 09:02:32
1658221353261659000,36.2,1,36.15,2,36.2,12,1,2022-07-19 09:02:33
1658221353262791000,36.15,2,36.05,33,36.2,12,2,2022-07-19 09:02:33
1658221353262791000,36.1,1,36.05,33,36.2,12,2,2022-07-19 09:02:33
1658221353262791000,36.05,6,36.05,33,36.2,12,2,2022-07-19 09:02:33
1658221353585043000,36.15,1,36.05,33,36.2,12,1,2022-07-19 09:02:33
1658221353852664000,36.2,1,36.1,3,36.2,11,1,2022-07-19 09:02:33
1658221353962165000,36.2,1,36.1,3,36.2,10,1,2022-07-19 09:02:33
1658221354249555000,36.15,2,36.15,2,36.2,11,2,2022-07-19 09:02:34
1658221354398547000,36.15,1,36.15,2,36.2,11,2,2022-07-19 09:02:34
1658221354454279000,36.15,2,36.1,3,36.2,11,2,2022-07-19 09:02:34
1658221354619983000,36.2,5,36.15,3,36.2,11,1,2022-07-19 09:02:34
1658221355539605000,36.1,1,36.1,2,36.15,2,2,2022-07-19 09:02:35
1658221355553277000,36.15,2,36.1,3,36.15,2,1,2022-07-19 09:02:35
1658221356490179000,36.2,4,36.15,23,36.2,4,1,2022-07-19 09:02:36
1658221356522305000,36.2,4,36.15,23,36.2,8,1,2022-07-19 09:02:36
1658221356787756000,36.25,5,36.15,23,36.25,12,1,2022-07-19 09:02:36
1658221357149079000,36.15,5,36.15,18,36.25,12,2,2022-07-19 09:02:37
1658221358565206000,36.15,1,36.15,18,36.2,2,2,2022-07-19 09:02:38
1658221358620736000,36.2,1,36.15,17,36.2,1,1,2022-07-19 09:02:38
1658221359011352000,36.2,1,36.15,17,36.25,13,1,2022-07-19 09:02:39
1658221359069394000,36.25,1,36.15,17,36.25,12,1,2022-07-19 09:02:39
1658221360347192000,36.2,1,36.2,2,36.25,12,2,2022-07-19 09:02:40
1658221360372313000,36.2,2,36.15,20,36.2,3,2,2022-07-19 09:02:40
1658221360500927000,36.2,1,36.15,20,36.2,2,1,2022-07-19 09:02:40
1658221360872839000,36.2,2,36.15,20,36.25,10,1,2022-07-19 09:02:40
1658221360872839000,36.25,3,36.15,20,36.25,10,1,2022-07-19 09:02:40
1658221361116218000,36.15,1,36.15,20,36.2,1,2,2022-07-19 09:02:41
1658221361255395000,36.2,1,36.2,2,36.25,10,1,2022-07-19 09:02:41
1658221362037985000,36.2,1,36.2,1,36.25,10,2,2022-07-19 09:02:42
1658221362106224000,36.25,1,36.2,1,36.25,9,1,2022-07-19 09:02:42
1658221362866145000,36.2,1,36.15,25,36.25,9,2,2022-07-19 09:02:42
1658221363213402000,36.2,1,36.15,17,36.25,9,2,2022-07-19 09:02:43
1658221363213402000,36.15,8,36.15,17,36.25,9,2,2022-07-19 09:02:43
1658221364147374000,36.25,5,36.2,3,36.25,4,1,2022-07-19 09:02:44
1658221364787348000,36.25,1,36.2,4,36.25,3,1,2022-07-19 09:02:44
1658221364996871000,36.25,1,36.2,4,36.25,2,1,2022-07-19 09:02:44
1658221365018452000,36.25,2,36.2,5,36.3,31,1,2022-07-19 09:02:45
1658221365428110000,36.25,1,36.25,1,36.3,31,2,2022-07-19 09:02:45
1658221368747834000,36.25,3,36.25,10,36.3,31,2,2022-07-19 09:02:48
1658221368883649000,36.25,1,36.25,9,36.3,31,2,2022-07-19 09:02:48
1658221369282963000,36.25,2,36.25,7,36.3,31,2,2022-07-19 09:02:49
1658221369297141000,36.3,1,36.25,7,36.3,30,1,2022-07-19 09:02:49
1658221369382753000,36.3,1,36.25,7,36.3,29,1,2022-07-19 09:02:49
1658221369504936000,36.25,5,36.25,3,36.3,29,2,2022-07-19 09:02:49
1658221369544218000,36.3,1,36.25,8,36.3,29,1,2022-07-19 09:02:49
1658221371292064000,36.3,1,36.25,5,36.3,28,1,2022-07-19 09:02:51
1658221371294841000,36.3,5,36.25,5,36.3,23,1,2022-07-19 09:02:51
1658221372089730000,36.3,1,36.25,5,36.3,22,1,2022-07-19 09:02:52
1658221372879928000,36.3,1,36.25,7,36.3,22,1,2022-07-19 09:02:52
1658221373185323000,36.25,7,36.2,16,36.3,21,2,2022-07-19 09:02:53
1658221373185323000,36.2,2,36.2,16,36.3,21,2,2022-07-19 09:02:53
1658221373437713000,36.3,5,36.2,18,36.3,21,1,2022-07-19 09:02:53
1658221374005306000,36.3,1,36.2,17,36.3,15,1,2022-07-19 09:02:54
1658221374037917000,36.3,2,36.2,17,36.3,13,1,2022-07-19 09:02:54
1658221374072057000,36.3,1,36.25,1,36.3,12,1,2022-07-19 09:02:54
1658221374078146000,36.3,1,36.25,1,36.3,13,1,2022-07-19 09:02:54
1658221375671264000,36.3,3,36.25,3,36.3,8,1,2022-07-19 09:02:55
1658221375955137000,36.25,3,36.2,15,36.25,2,2,2022-07-19 09:02:55
1658221376159974000,36.25,2,36.2,15,36.3,8,1,2022-07-19 09:02:56
1658221377960708000,36.25,5,36.25,69,36.3,13,2,2022-07-19 09:02:57
1658221378547248000,36.3,5,36.25,69,36.3,8,1,2022-07-19 09:02:58
1658221378646744000,36.25,2,36.25,67,36.3,8,2,2022-07-19 09:02:58
1658221379020916000,36.3,3,36.25,67,36.3,5,1,2022-07-19 09:02:59
1658221379384008000,36.3,2,36.25,67,36.3,3,1,2022-07-19 09:02:59
1658221379412575000,36.3,1,36.25,67,36.3,2,1,2022-07-19 09:02:59
1658221379438271000,36.3,2,36.25,67,36.35,10,1,2022-07-19 09:02:59
1658221380181570000,36.3,2,36.3,20,36.35,10,2,2022-07-19 09:03:00
1658221380384359000,36.3,1,36.3,24,36.35,8,2,2022-07-19 09:03:00
1658221380505333000,36.3,1,36.3,23,36.35,8,2,2022-07-19 09:03:00
1658221381827353000,36.35,1,36.3,24,36.35,2,1,2022-07-19 09:03:01
1658221382006149000,36.35,1,36.3,26,36.35,2,1,2022-07-19 09:03:02
1658221382681440000,36.3,1,36.3,25,36.35,1,2,2022-07-19 09:03:02
1658221383168455000,36.3,9,36.3,18,36.35,1,2,2022-07-19 09:03:03
1658221383304271000,36.3,3,36.3,23,36.35,1,2,2022-07-19 09:03:03
1658221383306721000,36.3,3,36.3,20,36.35,1,2,2022-07-19 09:03:03
1658221383337900000,36.3,3,36.3,17,36.35,1,2,2022-07-19 09:03:03
1658221383344423000,36.35,1,36.35,1,36.4,29,1,2022-07-19 09:03:03
1658221383346433000,36.4,1,36.35,1,36.4,28,1,2022-07-19 09:03:03
1658221383653178000,36.35,1,36.35,1,36.4,28,2,2022-07-19 09:03:03
1658221384245021000,36.35,2,36.3,14,36.4,28,2,2022-07-19 09:03:04
1658221384245021000,36.3,1,36.3,14,36.4,28,2,2022-07-19 09:03:04
1658221384501926000,36.4,1,36.3,18,36.4,27,1,2022-07-19 09:03:04
1658221385089572000,36.35,2,36.3,11,36.4,27,2,2022-07-19 09:03:05
1658221385089572000,36.3,1,36.3,11,36.4,27,2,2022-07-19 09:03:05
1658221385177948000,36.4,1,36.3,12,36.4,28,1,2022-07-19 09:03:05
1658221386473741000,36.4,3,36.35,2,36.4,26,1,2022-07-19 09:03:06
1658221386735430000,36.35,2,36.3,19,36.4,24,2,2022-07-19 09:03:06
1658221387052898000,36.35,2,36.3,19,36.35,1,2,2022-07-19 09:03:07
1658221387680342000,36.35,5,36.35,5,36.4,27,1,2022-07-19 09:03:07
1658221387881679000,36.35,1,36.35,5,36.4,27,2,2022-07-19 09:03:07
1658221387998399000,36.35,1,36.35,6,36.4,27,2,2022-07-19 09:03:07
1658221388734737000,36.35,1,36.35,3,36.4,27,2,2022-07-19 09:03:08
1658221388944083000,36.4,10,36.35,3,36.4,17,1,2022-07-19 09:03:08
1658221389139253000,36.4,1,36.35,6,36.4,16,1,2022-07-19 09:03:09
1658221390541267000,36.35,6,36.35,6,36.4,16,2,2022-07-19 09:03:10
1658221390642220000,36.35,2,36.3,25,36.35,2,1,2022-07-19 09:03:10
1658221390989496000,36.35,1,36.3,28,36.35,2,1,2022-07-19 09:03:10
1658221391343289000,36.35,1,36.3,28,36.4,15,1,2022-07-19 09:03:11
1658221391343289000,36.4,1,36.3,28,36.4,15,1,2022-07-19 09:03:11
1658221391694115000,36.4,1,36.3,30,36.4,16,1,2022-07-19 09:03:11
1658221391728219000,36.4,1,36.3,30,36.4,17,1,2022-07-19 09:03:11
1658221392300989000,36.4,1,36.3,30,36.4,14,1,2022-07-19 09:03:12
1658221393157483000,36.3,9,36.3,22,36.4,15,2,2022-07-19 09:03:13
1658221393200628000,36.4,3,36.3,22,36.4,14,1,2022-07-19 09:03:13
1658221393297408000,36.4,1,36.35,2,36.4,13,1,2022-07-19 09:03:13
1658221393363339000,36.35,3,36.3,7,36.4,13,2,2022-07-19 09:03:13
1658221393363339000,36.3,12,36.3,7,36.4,13,2,2022-07-19 09:03:13
1658221393416519000,36.4,1,36.3,8,36.4,13,1,2022-07-19 09:03:13
1658221393837513000,36.4,2,36.3,8,36.4,15,1,2022-07-19 09:03:13
1658221394489356000,36.35,2,36.35,6,36.4,13,2,2022-07-19 09:03:14
1658221394940980000,36.4,10,36.35,5,36.4,13,1,2022-07-19 09:03:14
1658221395010139000,36.35,5,36.3,11,36.35,5,2,2022-07-19 09:03:15
1658221395931733000,36.35,1,36.3,14,36.35,5,1,2022-07-19 09:03:15
1658221396835709000,36.35,5,36.3,18,36.4,1,1,2022-07-19 09:03:16
1658221396835709000,36.4,5,36.3,18,36.4,1,1,2022-07-19 09:03:16
1658221396891273000,36.35,1,36.3,19,36.35,29,1,2022-07-19 09:03:16
1658221396903335000,36.35,1,36.3,19,36.35,30,1,2022-07-19 09:03:16
1658221398179359000,36.35,1,36.3,20,36.35,27,1,2022-07-19 09:03:18
1658221399590497000,36.35,1,36.3,18,36.35,27,1,2022-07-19 09:03:19
1658221399601336000,36.35,10,36.3,18,36.35,17,1,2022-07-19 09:03:19
1658221399662630000,36.35,2,36.3,18,36.35,15,1,2022-07-19 09:03:19
1658221399709377000,36.35,1,36.3,18,36.35,14,1,2022-07-19 09:03:19
1658221399752043000,36.35,1,36.3,18,36.35,15,1,2022-07-19 09:03:19
1658221399817097000,36.35,1,36.3,18,36.35,16,1,2022-07-19 09:03:19
1658221400352862000,36.3,1,36.3,17,36.35,14,2,2022-07-19 09:03:20
1658221401209520000,36.35,17,36.35,3,36.4,17,1,2022-07-19 09:03:21
1658221401245543000,36.4,2,36.35,3,36.4,15,1,2022-07-19 09:03:21
1658221401268947000,36.35,1,36.35,5,36.4,15,2,2022-07-19 09:03:21
1658221402192200000,36.35,1,36.35,13,36.4,15,2,2022-07-19 09:03:22
1658221402831558000,36.4,1,36.35,13,36.4,14,1,2022-07-19 09:03:22
1658221403149595000,36.35,9,36.35,9,36.4,14,2,2022-07-19 09:03:23
1658221403193584000,36.4,1,36.35,9,36.4,13,1,2022-07-19 09:03:23
1658221403953758000,36.35,1,36.35,11,36.4,13,2,2022-07-19 09:03:23
1658221404247083000,36.35,1,36.35,15,36.4,13,2,2022-07-19 09:03:24
1658221404970753000,36.35,15,36.3,18,36.35,23,2,2022-07-19 09:03:24
1658221405515742000,36.35,1,36.3,94,36.35,23,1,2022-07-19 09:03:25
1658221405666657000,36.35,1,36.3,94,36.35,21,1,2022-07-19 09:03:25
1658221406247121000,36.35,1,36.3,99,36.35,20,1,2022-07-19 09:03:26
1658221406312965000,36.35,1,36.3,99,36.35,19,1,2022-07-19 09:03:26
1658221406325635000,36.35,10,36.3,99,36.35,9,1,2022-07-19 09:03:26
1658221406350414000,36.35,9,36.3,99,36.4,14,1,2022-07-19 09:03:26
1658221407421869000,36.35,1,36.3,99,36.4,16,1,2022-07-19 09:03:27
1658221407987193000,36.4,1,36.35,1,36.4,15,1,2022-07-19 09:03:27
1658221408558642000,36.35,2,36.3,89,36.4,13,2,2022-07-19 09:03:28
1658221408856311000,36.3,1,36.3,100,36.4,18,2,2022-07-19 09:03:28
1658221408969649000,36.3,1,36.3,101,36.4,18,2,2022-07-19 09:03:28
1658221409587512000,36.4,1,36.3,100,36.4,17,1,2022-07-19 09:03:29
1658221411527597000,36.35,2,36.3,100,36.35,18,2,2022-07-19 09:03:31
1658221412729682000,36.35,2,36.3,105,36.35,16,1,2022-07-19 09:03:32
1658221413143318000,36.3,9,36.3,98,36.35,20,2,2022-07-19 09:03:33
1658221413365609000,36.35,1,36.3,98,36.35,19,1,2022-07-19 09:03:33
1658221414016258000,36.35,1,36.3,100,36.35,20,1,2022-07-19 09:03:34
1658221415980624000,36.35,1,36.3,103,36.35,20,1,2022-07-19 09:03:35
1658221416401400000,36.35,1,36.3,103,36.35,18,1,2022-07-19 09:03:36
1658221416433539000,36.35,1,36.3,103,36.35,17,1,2022-07-19 09:03:36
1658221416687834000,36.35,1,36.3,103,36.35,16,1,2022-07-19 09:03:36
1658221417240368000,36.35,2,36.3,103,36.35,14,1,2022-07-19 09:03:37
1658221417853173000,36.35,1,36.3,103,36.35,29,1,2022-07-19 09:03:37
1658221418111451000,36.35,20,36.3,103,36.35,8,1,2022-07-19 09:03:38
1658221418624222000,36.35,1,36.3,103,36.35,7,1,2022-07-19 09:03:38
1658221419340120000,36.35,1,36.3,104,36.35,6,1,2022-07-19 09:03:39
1658221419364239000,36.35,1,36.3,104,36.35,6,1,2022-07-19 09:03:39
1658221419681889000,36.35,2,36.3,104,36.35,3,1,2022-07-19 09:03:39
1658221419722881000,36.35,3,36.3,104,36.4,33,1,2022-07-19 09:03:39
1658221420091495000,36.35,1,36.35,1,36.4,36,2,2022-07-19 09:03:40
1658221420540715000,36.4,1,36.35,2,36.4,35,1,2022-07-19 09:03:40
1658221421058925000,36.4,4,36.35,9,36.4,28,1,2022-07-19 09:03:41
1658221421434984000,36.35,3,36.35,8,36.4,28,2,2022-07-19 09:03:41
1658221421597368000,36.35,2,36.35,9,36.4,28,2,2022-07-19 09:03:41
1658221422516494000,36.35,1,36.35,14,36.4,28,2,2022-07-19 09:03:42
1658221423137960000,36.35,9,36.35,8,36.4,28,2,2022-07-19 09:03:43
1658221424275636000,36.4,1,36.35,13,36.4,28,1,2022-07-19 09:03:44
1658221429158711000,36.4,3,36.35,37,36.4,25,1,2022-07-19 09:03:49
1658221429298983000,36.35,5,36.35,33,36.4,25,2,2022-07-19 09:03:49
1658221430060697000,36.35,1,36.35,98,36.4,25,2,2022-07-19 09:03:50
1658221431073029000,36.4,1,36.35,101,36.4,24,1,2022-07-19 09:03:51
1658221431196311000,36.4,1,36.35,101,36.4,23,1,2022-07-19 09:03:51
1658221431585432000,36.4,1,36.35,103,36.4,22,1,2022-07-19 09:03:51
1658221431662477000,36.4,5,36.35,103,36.4,17,1,2022-07-19 09:03:51
1658221432046153000,36.35,5,36.35,99,36.4,17,2,2022-07-19 09:03:52
1658221433132958000,36.35,9,36.35,90,36.4,17,2,2022-07-19 09:03:53
1658221434598756000,36.4,1,36.35,129,36.4,21,1,2022-07-19 09:03:54
1658221436357186000,36.4,4,36.35,131,36.4,20,1,2022-07-19 09:03:56
1658221437893912000,36.35,5,36.35,126,36.4,16,2,2022-07-19 09:03:57
1658221438187012000,36.4,2,36.35,127,36.4,19,1,2022-07-19 09:03:58
1658221438740619000,36.4,2,36.35,127,36.4,14,1,2022-07-19 09:03:58
1658221439694041000,36.4,10,36.35,127,36.4,9,1,2022-07-19 09:03:59
1658221439926382000,36.4,5,36.35,127,36.4,9,1,2022-07-19 09:03:59
1658221440466284000,36.4,8,36.35,127,36.4,6,1,2022-07-19 09:04:00
1658221440840147000,36.35,1,36.35,126,36.4,7,2,2022-07-19 09:04:00
1658221440933558000,36.4,1,36.35,126,36.4,6,1,2022-07-19 09:04:00
1658221440956474000,36.35,3,36.35,123,36.4,6,2,2022-07-19 09:04:00
1658221441598904000,36.35,1,36.35,122,36.4,6,2,2022-07-19 09:04:01
1658221442111987000,36.4,1,36.35,127,36.4,5,1,2022-07-19 09:04:02
1658221442436579000,36.4,1,36.35,127,36.4,4,1,2022-07-19 09:04:02
1658221442455228000,36.4,1,36.35,127,36.4,3,1,2022-07-19 09:04:02
1658221442487240000,36.4,3,36.35,127,36.45,77,1,2022-07-19 09:04:02
1658221442495140000,36.45,3,36.4,1,36.45,77,1,2022-07-19 09:04:02
1658221442553248000,36.45,1,36.4,2,36.45,73,1,2022-07-19 09:04:02
1658221442591251000,36.45,1,36.4,2,36.45,72,1,2022-07-19 09:04:02
1658221443128262000,36.4,9,36.35,112,36.45,72,2,2022-07-19 09:04:03
1658221443130145000,36.35,1,36.35,111,36.45,72,2,2022-07-19 09:04:03
1658221443435192000,36.4,2,36.35,68,36.4,7,1,2022-07-19 09:04:03
1658221443902069000,36.4,1,36.35,68,36.4,6,1,2022-07-19 09:04:03
1658221444156632000,36.4,1,36.35,68,36.4,5,1,2022-07-19 09:04:04
1658221444618513000,36.4,1,36.35,68,36.4,4,1,2022-07-19 09:04:04
1658221444899964000,36.4,1,36.35,93,36.4,13,1,2022-07-19 09:04:04
1658221445191663000,36.4,1,36.35,98,36.4,17,1,2022-07-19 09:04:05
1658221445304562000,36.4,1,36.35,98,36.4,18,1,2022-07-19 09:04:05
1658221445899764000,36.35,98,36.3,83,36.4,23,2,2022-07-19 09:04:05
1658221445940745000,36.4,4,36.3,83,36.4,22,1,2022-07-19 09:04:05
1658221447143563000,36.3,1,36.3,93,36.35,8,2,2022-07-19 09:04:07
1658221447821206000,36.3,82,36.25,22,36.3,18,2,2022-07-19 09:04:07
1658221447847509000,36.25,10,36.25,12,36.3,18,2,2022-07-19 09:04:07
1658221447847868000,36.25,1,36.25,11,36.3,18,2,2022-07-19 09:04:07
1658221447872119000,36.25,1,36.25,10,36.3,18,2,2022-07-19 09:04:07
1658221447882623000,36.25,10,36.2,35,36.3,18,2,2022-07-19 09:04:07
1658221448726665000,36.2,2,36.2,20,36.25,1,2,2022-07-19 09:04:08
1658221448921360000,36.2,5,36.2,14,36.25,1,2,2022-07-19 09:04:08
1658221449260660000,36.2,10,36.2,5,36.25,1,2,2022-07-19 09:04:09
1658221449290525000,36.2,5,36.15,15,36.25,1,2,2022-07-19 09:04:09
1658221449756671000,36.2,5,36.15,68,36.25,11,1,2022-07-19 09:04:09
1658221449806746000,36.15,2,36.15,75,36.25,11,2,2022-07-19 09:04:09
1658221450371635000,36.2,1,36.2,45,36.25,18,2,2022-07-19 09:04:10
1658221451314775000,36.2,5,36.2,39,36.25,38,2,2022-07-19 09:04:11
1658221451844777000,36.2,5,36.2,34,36.25,39,2,2022-07-19 09:04:11
1658221453123656000,36.2,9,36.2,25,36.25,8,2,2022-07-19 09:04:13
1658221454062595000,36.25,2,36.2,25,36.25,6,1,2022-07-19 09:04:14
1658221457990479000,36.25,1,36.2,86,36.25,7,1,2022-07-19 09:04:17
1658221458107083000,36.25,1,36.2,86,36.25,6,1,2022-07-19 09:04:18
1658221458109270000,36.2,2,36.2,84,36.25,6,2,2022-07-19 09:04:18
1658221460054481000,36.2,2,36.2,85,36.25,4,2,2022-07-19 09:04:20
1658221460257271000,36.25,2,36.2,85,36.25,2,1,2022-07-19 09:04:20
1658221460707885000,36.25,2,36.2,87,36.3,29,1,2022-07-19 09:04:20
1658221460874119000,36.2,87,36.15,15,36.2,13,2,2022-07-19 09:04:20
1658221460906764000,36.15,10,36.15,5,36.2,13,2,2022-07-19 09:04:20
1658221460941728000,36.15,5,36.1,24,36.2,13,2,2022-07-19 09:04:20
1658221460941728000,36.1,5,36.1,24,36.2,13,2,2022-07-19 09:04:20
1658221461097060000,36.2,1,36.15,1,36.2,12,1,2022-07-19 09:04:21
1658221461125576000,36.2,1,36.15,1,36.2,11,1,2022-07-19 09:04:21
1658221461197814000,36.15,1,36.1,24,36.2,11,2,2022-07-19 09:04:21
1658221461537551000,36.2,5,36.15,8,36.2,6,1,2022-07-19 09:04:21
1658221461571376000,36.2,6,36.15,8,36.25,1,1,2022-07-19 09:04:21
1658221461861707000,36.15,2,36.15,6,36.25,1,2,2022-07-19 09:04:21
1658221462797689000,36.2,1,36.15,9,36.25,6,1,2022-07-19 09:04:22
1658221462937013000,36.2,2,36.15,9,36.2,2,1,2022-07-19 09:04:22
1658221463119136000,36.15,9,36.1,24,36.25,6,2,2022-07-19 09:04:23
1658221464221773000,36.2,5,36.15,2,36.25,15,1,2022-07-19 09:04:24
1658221464316254000,36.25,2,36.15,2,36.25,13,1,2022-07-19 09:04:24
1658221464963829000,36.25,2,36.15,2,36.25,9,1,2022-07-19 09:04:24
1658221465643043000,36.15,1,36.15,1,36.2,1,2,2022-07-19 09:04:25
1658221467846245000,36.15,3,36.15,2,36.2,3,2,2022-07-19 09:04:27
1658221468150910000,36.2,1,36.15,3,36.2,2,1,2022-07-19 09:04:28
1658221468409544000,36.2,1,36.15,3,36.2,1,1,2022-07-19 09:04:28
1658221468675554000,36.15,1,36.15,2,36.2,1,2,2022-07-19 09:04:28
1658221469202289000,36.15,1,36.15,2,36.2,6,2,2022-07-19 09:04:29
1658221469427277000,36.2,2,36.15,2,36.2,6,1,2022-07-19 09:04:29
1658221469551633000,36.15,2,36.1,33,36.15,3,2,2022-07-19 09:04:29
1658221469594761000,36.15,3,36.1,29,36.2,4,1,2022-07-19 09:04:29
1658221470629159000,36.15,1,36.15,42,36.2,9,2,2022-07-19 09:04:30
1658221471759527000,36.15,8,36.15,34,36.2,9,2,2022-07-19 09:04:31
1658221472619932000,36.2,1,36.15,37,36.2,8,1,2022-07-19 09:04:32
1658221472638774000,36.2,8,36.15,37,36.25,15,1,2022-07-19 09:04:32
1658221472940218000,36.2,9,36.15,37,36.25,15,1,2022-07-19 09:04:32
1658221473114586000,36.15,9,36.15,28,36.25,15,2,2022-07-19 09:04:33
1658221473750826000,36.2,1,36.2,2,36.25,15,2,2022-07-19 09:04:33
1658221473854056000,36.2,1,36.2,1,36.25,15,2,2022-07-19 09:04:33
1658221475194503000,36.2,1,36.2,6,36.25,15,2,2022-07-19 09:04:35
1658221475297397000,36.2,1,36.2,5,36.25,15,2,2022-07-19 09:04:35
1658221476097025000,36.2,3,36.2,2,36.25,20,2,2022-07-19 09:04:36
1658221476405560000,36.2,2,36.2,1,36.25,20,2,2022-07-19 09:04:36
1658221477152027000,36.2,2,36.2,1,36.25,20,2,2022-07-19 09:04:37
1658221477251742000,36.2,1,36.15,29,36.25,20,2,2022-07-19 09:04:37
1658221481627518000,36.25,18,36.2,13,36.25,2,1,2022-07-19 09:04:41
1658221481651347000,36.25,2,36.2,13,36.3,32,1,2022-07-19 09:04:41
1658221482150461000,36.2,1,36.2,18,36.3,29,2,2022-07-19 09:04:42
1658221483110142000,36.25,2,36.2,8,36.3,19,2,2022-07-19 09:04:43
1658221483110142000,36.2,7,36.2,8,36.3,19,2,2022-07-19 09:04:43
1658221484009954000,36.3,1,36.2,14,36.3,19,1,2022-07-19 09:04:44
1658221484827574000,36.3,14,36.2,59,36.3,4,1,2022-07-19 09:04:44
1658221484847941000,36.3,4,36.2,59,36.35,17,1,2022-07-19 09:04:44
1658221485619531000,36.35,4,36.25,2,36.35,13,1,2022-07-19 09:04:45
1658221490807716000,36.35,1,36.25,13,36.35,13,1,2022-07-19 09:04:50
1658221491272707000,36.3,1,36.25,13,36.3,4,1,2022-07-19 09:04:51
1658221492917346000,36.3,1,36.25,13,36.3,5,1,2022-07-19 09:04:52
1658221493105661000,36.25,9,36.25,4,36.3,5,2,2022-07-19 09:04:53
1658221493140012000,36.25,4,36.2,16,36.3,5,2,2022-07-19 09:04:53
1658221493689691000,36.3,1,36.25,2,36.3,9,1,2022-07-19 09:04:53
1658221494624689000,36.3,1,36.25,3,36.3,12,1,2022-07-19 09:04:54
1658221496337441000,36.3,3,36.25,3,36.3,35,1,2022-07-19 09:04:56
1658221497168717000,36.3,1,36.25,3,36.3,31,1,2022-07-19 09:04:57
1658221497423339000,36.25,1,36.25,3,36.3,31,2,2022-07-19 09:04:57
1658221497829717000,36.3,1,36.25,2,36.3,30,1,2022-07-19 09:04:57
1658221499098353000,36.3,10,36.25,2,36.3,20,1,2022-07-19 09:04:59
1658221499562958000,36.25,1,36.25,1,36.3,20,2,2022-07-19 09:04:59
1658221499585663000,36.25,1,36.2,9,36.25,1,2,2022-07-19 09:04:59
1658221500380571000,36.2,1,36.2,11,36.25,11,2,2022-07-19 09:05:00
1658221500929286000,36.2,1,36.2,10,36.25,11,2,2022-07-19 09:05:00
1658221501239393000,36.2,1,36.2,9,36.25,11,2,2022-07-19 09:05:01
1658221501961726000,36.2,2,36.2,7,36.25,11,2,2022-07-19 09:05:01
1658221502984723000,36.2,2,36.2,7,36.25,15,2,2022-07-19 09:05:02
1658221503082666000,36.2,2,36.2,3,36.25,23,2,2022-07-19 09:05:03
1658221503101199000,36.2,3,36.15,7,36.25,23,2,2022-07-19 09:05:03
1658221503101199000,36.15,6,36.15,7,36.25,23,2,2022-07-19 09:05:03
1658221503165289000,36.25,1,36.15,14,36.25,22,1,2022-07-19 09:05:03
1658221506419551000,36.2,2,36.15,49,36.25,26,1,2022-07-19 09:05:06
1658221506426465000,36.25,2,36.15,49,36.25,24,1,2022-07-19 09:05:06
1658221509466235000,36.25,21,36.2,68,36.3,21,1,2022-07-19 09:05:09
1658221511115677000,36.25,1,36.25,4,36.3,52,2,2022-07-19 09:05:11
1658221511747329000,36.25,1,36.25,11,36.3,52,2,2022-07-19 09:05:11
1658221512427265000,36.25,1,36.25,11,36.3,52,2,2022-07-19 09:05:12
1658221513096704000,36.25,9,36.25,5,36.3,52,2,2022-07-19 09:05:13
1658221515452101000,36.25,1,36.25,53,36.3,52,2,2022-07-19 09:05:15
1658221516634368000,36.25,1,36.25,53,36.3,55,2,2022-07-19 09:05:16
1658221517308135000,36.25,1,36.25,53,36.3,55,2,2022-07-19 09:05:17
1658221518345573000,36.25,1,36.25,53,36.3,55,2,2022-07-19 09:05:18
1658221520957856000,36.25,1,36.25,64,36.3,55,2,2022-07-19 09:05:20
1658221521245847000,36.3,5,36.25,58,36.3,50,1,2022-07-19 09:05:21
1658221521281689000,36.3,13,36.25,58,36.3,37,1,2022-07-19 09:05:21
1658221521314125000,36.3,37,36.25,58,36.35,22,1,2022-07-19 09:05:21
1658221522326863000,36.35,4,36.3,33,36.35,20,1,2022-07-19 09:05:22
1658221522546279000,36.35,1,36.3,70,36.35,20,1,2022-07-19 09:05:22
1658221523031321000,36.3,4,36.3,66,36.35,20,2,2022-07-19 09:05:23
1658221523092265000,36.3,9,36.3,57,36.35,20,2,2022-07-19 09:05:23
1658221525429621000,36.3,3,36.3,56,36.35,20,2,2022-07-19 09:05:25
1658221526105076000,36.3,5,36.3,55,36.35,20,2,2022-07-19 09:05:26
1658221526862150000,36.3,2,36.3,56,36.35,20,2,2022-07-19 09:05:26
1658221532352265000,36.35,1,36.3,60,36.35,24,1,2022-07-19 09:05:32
1658221533087790000,36.3,9,36.3,51,36.35,24,2,2022-07-19 09:05:33
1658221533133010000,36.35,2,36.3,51,36.35,22,1,2022-07-19 09:05:33
1658221533667126000,36.3,1,36.3,53,36.35,22,2,2022-07-19 09:05:33
1658221535358756000,36.3,1,36.3,62,36.35,23,2,2022-07-19 09:05:35
1658221536064168000,36.3,5,36.3,57,36.35,23,2,2022-07-19 09:05:36
1658221537111184000,36.3,2,36.3,55,36.35,24,2,2022-07-19 09:05:37
1658221537203218000,36.35,1,36.3,55,36.35,23,1,2022-07-19 09:05:37
1658221538172762000,36.35,1,36.3,56,36.35,22,1,2022-07-19 09:05:38
1658221539924996000,36.35,1,36.3,56,36.35,25,1,2022-07-19 09:05:39
1658221540529839000,36.3,58,36.25,8,36.35,28,2,2022-07-19 09:05:40
1658221540999807000,36.25,1,36.25,5,36.3,10,2,2022-07-19 09:05:40
1658221542786789000,36.3,1,36.25,4,36.3,15,1,2022-07-19 09:05:42
1658221543083371000,36.25,5,36.2,34,36.3,20,2,2022-07-19 09:05:43
1658221543083371000,36.2,4,36.2,34,36.3,20,2,2022-07-19 09:05:43
1658221543296871000,36.3,2,36.2,35,36.3,18,1,2022-07-19 09:05:43
1658221545402383000,36.2,20,36.2,15,36.3,19,2,2022-07-19 09:05:45
1658221547065584000,36.2,2,36.2,13,36.3,33,2,2022-07-19 09:05:47
1658221547075185000,36.2,2,36.2,11,36.3,33,2,2022-07-19 09:05:47
1658221547079746000,36.2,2,36.2,9,36.3,33,2,2022-07-19 09:05:47
1658221547130199000,36.2,2,36.2,7,36.3,33,2,2022-07-19 09:05:47
1658221547135416000,36.2,2,36.2,5,36.3,33,2,2022-07-19 09:05:47
1658221547951719000,36.2,1,36.2,5,36.25,3,2,2022-07-19 09:05:47
1658221549260364000,36.2,2,36.2,3,36.25,3,2,2022-07-19 09:05:49
1658221549269404000,36.2,2,36.2,1,36.25,3,2,2022-07-19 09:05:49
1658221549278139000,36.2,1,36.15,13,36.25,3,2,2022-07-19 09:05:49
1658221549278139000,36.15,1,36.15,13,36.25,3,2,2022-07-19 09:05:49
1658221549328500000,36.15,2,36.15,12,36.2,1,2,2022-07-19 09:05:49
1658221549333758000,36.15,2,36.15,10,36.2,1,2,2022-07-19 09:05:49
1658221549350296000,36.2,1,36.15,10,36.25,3,1,2022-07-19 09:05:49
1658221549423414000,36.15,2,36.15,8,36.25,3,2,2022-07-19 09:05:49
1658221551538253000,36.15,1,36.1,32,36.2,5,2,2022-07-19 09:05:51
1658221551592566000,36.1,1,36.1,35,36.2,5,2,2022-07-19 09:05:51
1658221551785371000,36.15,2,36.15,6,36.2,5,2,2022-07-19 09:05:51
1658221552039554000,36.15,1,36.15,5,36.2,5,2,2022-07-19 09:05:52
1658221553078898000,36.15,6,36.1,40,36.2,15,2,2022-07-19 09:05:53
1658221553078898000,36.1,3,36.1,40,36.2,15,2,2022-07-19 09:05:53
1658221553927661000,36.15,3,36.1,45,36.2,15,1,2022-07-19 09:05:53
1658221554680499000,36.15,1,36.15,1,36.2,13,2,2022-07-19 09:05:54
1658221555241960000,36.15,1,36.1,36,36.15,11,2,2022-07-19 09:05:55
1658221555355922000,36.15,1,36.1,36,36.15,10,1,2022-07-19 09:05:55
1658221556236266000,36.15,2,36.1,41,36.15,8,1,2022-07-19 09:05:56
1658221557211425000,36.1,2,36.1,39,36.15,8,2,2022-07-19 09:05:57
1658221557662869000,36.15,1,36.1,39,36.15,7,1,2022-07-19 09:05:57
1658221557707645000,36.15,1,36.1,39,36.15,6,1,2022-07-19 09:05:57
1658221557951712000,36.1,1,36.1,38,36.15,6,2,2022-07-19 09:05:57
1658221558836909000,36.15,2,36.1,42,36.15,9,1,2022-07-19 09:05:58
1658221560081785000,36.15,1,36.1,42,36.15,9,1,2022-07-19 09:06:00
1658221560399858000,36.1,1,36.1,41,36.15,11,2,2022-07-19 09:06:00
1658221561085475000,36.1,1,36.1,40,36.15,12,2,2022-07-19 09:06:01
1658221561275757000,36.15,4,36.1,40,36.15,8,1,2022-07-19 09:06:01
1658221562863362000,36.15,8,36.15,2,36.2,14,1,2022-07-19 09:06:02
1658221563074380000,36.15,3,36.1,29,36.2,14,2,2022-07-19 09:06:03
1658221563074380000,36.1,6,36.1,29,36.2,14,2,2022-07-19 09:06:03
1658221563200681000,36.1,1,36.1,33,36.2,18,2,2022-07-19 09:06:03
1658221563726104000,36.15,1,36.1,32,36.15,9,1,2022-07-19 09:06:03
1658221564037631000,36.15,8,36.1,32,36.2,18,1,2022-07-19 09:06:04
1658221564058133000,36.2,18,36.1,32,36.25,5,1,2022-07-19 09:06:04
1658221564136604000,36.15,1,36.1,36,36.15,1,1,2022-07-19 09:06:04
1658221564136621000,36.15,1,36.1,36,36.25,5,1,2022-07-19 09:06:04
1658221565578554000,36.15,1,36.15,42,36.25,5,2,2022-07-19 09:06:05
1658221565726274000,36.15,1,36.15,41,36.25,5,2,2022-07-19 09:06:05
1658221566239999000,36.15,1,36.15,71,36.25,5,2,2022-07-19 09:06:06
1658221566416250000,36.15,7,36.15,71,36.25,5,2,2022-07-19 09:06:06
1658221566613159000,36.15,1,36.15,63,36.25,5,2,2022-07-19 09:06:06
1658221566697997000,36.2,1,36.15,63,36.2,1,1,2022-07-19 09:06:06
1658221566730350000,36.2,1,36.15,63,36.25,5,1,2022-07-19 09:06:06
1658221566736699000,36.25,1,36.15,63,36.25,4,1,2022-07-19 09:06:06
1658221566771277000,36.25,4,36.15,63,36.3,24,1,2022-07-19 09:06:06
1658221567174361000,36.3,27,36.25,31,36.35,24,1,2022-07-19 09:06:07
1658221567273503000,36.35,24,36.25,31,36.4,28,1,2022-07-19 09:06:07
1658221567314706000,36.4,2,36.25,36,36.4,26,1,2022-07-19 09:06:07
1658221568685213000,36.25,2,36.25,47,36.4,26,2,2022-07-19 09:06:08
1658221569352033000,36.25,1,36.25,46,36.4,26,2,2022-07-19 09:06:09
1658221572991335000,36.35,1,36.25,77,36.35,2,1,2022-07-19 09:06:12
1658221573065153000,36.35,2,36.25,78,36.4,39,1,2022-07-19 09:06:13
1658221573069986000,36.25,9,36.25,69,36.4,39,2,2022-07-19 09:06:13
1658221575364473000,36.35,1,36.25,118,36.35,2,1,2022-07-19 09:06:15
1658221575405478000,36.35,2,36.25,118,36.4,43,1,2022-07-19 09:06:15
1658221578275078000,36.35,3,36.3,1,36.35,7,1,2022-07-19 09:06:18
1658221578302020000,36.35,7,36.3,2,36.4,49,1,2022-07-19 09:06:18
1658221578339860000,36.4,1,36.3,2,36.4,48,1,2022-07-19 09:06:18
1658221579307258000,36.4,4,36.35,30,36.4,40,1,2022-07-19 09:06:19
1658221579540837000,36.4,13,36.35,30,36.4,27,1,2022-07-19 09:06:19
1658221579559431000,36.4,1,36.35,30,36.4,26,1,2022-07-19 09:06:19
1658221579572942000,36.4,11,36.35,30,36.4,15,1,2022-07-19 09:06:19
1658221579598278000,36.4,1,36.35,32,36.4,14,1,2022-07-19 09:06:19
1658221579604155000,36.4,3,36.35,32,36.4,11,1,2022-07-19 09:06:19
1658221579642780000,36.4,1,36.35,32,36.4,10,1,2022-07-19 09:06:19
1658221579743913000,36.4,12,36.4,8,36.45,34,1,2022-07-19 09:06:19
1658221579791744000,36.45,2,36.4,8,36.45,32,1,2022-07-19 09:06:19
1658221579834353000,36.45,23,36.4,16,36.45,9,1,2022-07-19 09:06:19
1658221579868568000,36.45,3,36.4,17,36.45,6,1,2022-07-19 09:06:19
1658221579910433000,36.45,3,36.4,17,36.45,3,1,2022-07-19 09:06:19
1658221579931160000,36.45,3,36.4,17,36.45,9,1,2022-07-19 09:06:19
1658221580113248000,36.5,3,36.4,48,36.5,47,1,2022-07-19 09:06:20
1658221580125693000,36.5,14,36.4,48,36.5,33,1,2022-07-19 09:06:20
1658221580202272000,36.5,2,36.4,48,36.5,31,1,2022-07-19 09:06:20
1658221580277002000,36.5,1,36.4,50,36.5,30,1,2022-07-19 09:06:20
1658221580290382000,36.5,1,36.4,50,36.5,29,1,2022-07-19 09:06:20
1658221580320667000,36.5,1,36.4,50,36.5,28,1,2022-07-19 09:06:20
1658221580397612000,36.5,1,36.4,50,36.5,31,1,2022-07-19 09:06:20
1658221580597067000,36.5,1,36.4,50,36.5,26,1,2022-07-19 09:06:20
1658221581479710000,36.4,1,36.4,80,36.5,26,2,2022-07-19 09:06:21
1658221581496373000,36.5,1,36.4,79,36.5,25,1,2022-07-19 09:06:21
1658221582128989000,36.5,3,36.45,16,36.5,22,1,2022-07-19 09:06:22
1658221582205960000,36.5,17,36.45,26,36.5,5,1,2022-07-19 09:06:22
1658221582276605000,36.5,2,36.45,26,36.5,3,1,2022-07-19 09:06:22
1658221582304892000,36.5,3,36.45,26,36.55,108,1,2022-07-19 09:06:22
1658221582311912000,36.55,1,36.45,26,36.55,107,1,2022-07-19 09:06:22
1658221582343266000,36.55,1,36.45,27,36.55,106,1,2022-07-19 09:06:22
1658221582347920000,36.55,1,36.45,27,36.55,105,1,2022-07-19 09:06:22
1658221582382922000,36.55,1,36.45,27,36.55,107,1,2022-07-19 09:06:22
1658221582758033000,36.55,1,36.45,28,36.55,103,1,2022-07-19 09:06:22
1658221582879636000,36.55,22,36.45,28,36.55,81,1,2022-07-19 09:06:22
1658221582983129000,36.55,2,36.45,28,36.55,79,1,2022-07-19 09:06:22
1658221583015392000,36.55,2,36.45,28,36.55,77,1,2022-07-19 09:06:23
1658221583065447000,36.45,9,36.45,19,36.55,77,2,2022-07-19 09:06:23
1658221583103030000,36.55,2,36.45,19,36.55,75,1,2022-07-19 09:06:23
1658221583104051000,36.55,1,36.45,19,36.55,74,1,2022-07-19 09:06:23
1658221583152257000,36.55,1,36.45,19,36.55,73,1,2022-07-19 09:06:23
1658221583160793000,36.55,1,36.45,19,36.55,72,1,2022-07-19 09:06:23
1658221583252691000,36.55,2,36.45,19,36.55,70,1,2022-07-19 09:06:23
1658221583292714000,36.55,1,36.45,19,36.55,69,1,2022-07-19 09:06:23
1658221583356756000,36.55,1,36.45,19,36.55,68,1,2022-07-19 09:06:23
1658221583668634000,36.55,1,36.45,32,36.55,68,1,2022-07-19 09:06:23
1658221584228012000,36.55,2,36.45,32,36.55,65,1,2022-07-19 09:06:24
1658221584417278000,36.55,2,36.5,3,36.55,63,1,2022-07-19 09:06:24
1658221584446012000,36.55,5,36.5,4,36.55,63,1,2022-07-19 09:06:24
1658221584479396000,36.55,1,36.5,5,36.55,58,1,2022-07-19 09:06:24
1658221585424575000,36.55,2,36.5,5,36.55,57,1,2022-07-19 09:06:25
1658221585803734000,36.55,5,36.5,5,36.55,50,1,2022-07-19 09:06:25
1658221586221926000,36.55,2,36.5,38,36.55,53,1,2022-07-19 09:06:26
1658221586271566000,36.55,1,36.5,38,36.55,55,1,2022-07-19 09:06:26
1658221587847758000,36.55,2,36.5,38,36.55,42,1,2022-07-19 09:06:27
1658221588391979000,36.55,1,36.5,38,36.55,45,1,2022-07-19 09:06:28
1658221589100196000,36.55,20,36.5,39,36.55,24,1,2022-07-19 09:06:29
1658221589835447000,36.55,2,36.5,41,36.55,22,1,2022-07-19 09:06:29
1658221590503759000,36.55,1,36.5,42,36.55,21,1,2022-07-19 09:06:30
1658221590869970000,36.55,1,36.5,53,36.55,20,1,2022-07-19 09:06:30
1658221590901645000,36.55,3,36.5,53,36.55,21,1,2022-07-19 09:06:30
1658221591302953000,36.55,2,36.5,53,36.55,15,1,2022-07-19 09:06:31
1658221591323919000,36.55,1,36.5,53,36.55,14,1,2022-07-19 09:06:31
1658221591707950000,36.55,1,36.5,53,36.55,13,1,2022-07-19 09:06:31
1658221591900582000,36.55,1,36.5,55,36.55,12,1,2022-07-19 09:06:31
1658221591973007000,36.55,1,36.5,58,36.55,11,1,2022-07-19 09:06:31
1658221592354484000,36.55,1,36.5,58,36.55,10,1,2022-07-19 09:06:32
1658221592374760000,36.55,10,36.55,20,36.6,214,1,2022-07-19 09:06:32
1658221593061049000,36.55,9,36.55,25,36.6,214,2,2022-07-19 09:06:33
1658221593680593000,36.6,2,36.55,28,36.6,212,1,2022-07-19 09:06:33
1658221593714459000,36.55,1,36.55,27,36.6,212,2,2022-07-19 09:06:33
1658221593719946000,36.6,4,36.55,27,36.6,208,1,2022-07-19 09:06:33
1658221593727118000,36.6,1,36.55,27,36.6,207,1,2022-07-19 09:06:33
1658221593732933000,36.6,1,36.55,27,36.6,206,1,2022-07-19 09:06:33
1658221593767777000,36.6,1,36.55,30,36.6,205,1,2022-07-19 09:06:33
1658221593849106000,36.6,1,36.55,30,36.6,205,1,2022-07-19 09:06:33
1658221594579027000,36.6,10,36.55,30,36.6,194,1,2022-07-19 09:06:34
1658221594615699000,36.6,1,36.55,30,36.6,193,1,2022-07-19 09:06:34
1658221594714098000,36.6,1,36.55,30,36.6,192,1,2022-07-19 09:06:34
1658221595141054000,36.6,3,36.55,34,36.6,189,1,2022-07-19 09:06:35
1658221596418506000,36.6,1,36.55,39,36.6,189,1,2022-07-19 09:06:36
1658221597286094000,36.6,1,36.55,40,36.6,187,1,2022-07-19 09:06:37
1658221599155409000,36.6,1,36.55,49,36.6,191,1,2022-07-19 09:06:39
1658221599189241000,36.6,2,36.55,49,36.6,189,1,2022-07-19 09:06:39
1658221599353483000,36.6,2,36.55,49,36.6,187,1,2022-07-19 09:06:39
1658221599692154000,36.6,1,36.55,49,36.6,186,1,2022-07-19 09:06:39
1658221600294333000,36.6,1,36.55,49,36.6,193,1,2022-07-19 09:06:40
1658221600786751000,36.55,40,36.55,11,36.6,193,2,2022-07-19 09:06:40
1658221600801730000,36.55,11,36.5,28,36.6,193,2,2022-07-19 09:06:40
1658221600807659000,36.6,2,36.5,28,36.6,191,1,2022-07-19 09:06:40
1658221602215650000,36.55,1,36.5,33,36.55,13,1,2022-07-19 09:06:42
1658221602277624000,36.55,10,36.5,33,36.55,3,1,2022-07-19 09:06:42
1658221602323924000,36.55,1,36.5,33,36.55,3,1,2022-07-19 09:06:42
1658221602636356000,36.55,8,36.55,2,36.6,191,1,2022-07-19 09:06:42
1658221602828650000,36.55,1,36.55,3,36.6,191,2,2022-07-19 09:06:42
1658221602982641000,36.55,1,36.55,1,36.6,191,2,2022-07-19 09:06:42
1658221603056556000,36.55,1,36.5,21,36.6,191,2,2022-07-19 09:06:43
1658221603056556000,36.5,8,36.5,21,36.6,191,2,2022-07-19 09:06:43
1658221603353955000,36.6,5,36.5,19,36.6,186,1,2022-07-19 09:06:43
1658221603405203000,36.6,4,36.5,19,36.6,182,1,2022-07-19 09:06:43
1658221603432581000,36.5,1,36.5,18,36.6,182,2,2022-07-19 09:06:43
1658221603803043000,36.55,3,36.5,41,36.6,182,1,2022-07-19 09:06:43
1658221604476337000,36.55,1,36.5,43,36.55,1,1,2022-07-19 09:06:44
1658221604795401000,36.55,1,36.5,43,36.55,3,1,2022-07-19 09:06:44
1658221605131289000,36.55,1,36.5,43,36.55,2,1,2022-07-19 09:06:45
1658221605350975000,36.55,1,36.5,43,36.55,1,1,2022-07-19 09:06:45
1658221605401034000,36.55,1,36.5,43,36.6,183,1,2022-07-19 09:06:45
1658221605556614000,36.55,1,36.5,43,36.6,183,1,2022-07-19 09:06:45
1658221605603324000,36.5,10,36.5,33,36.6,183,2,2022-07-19 09:06:45
1658221606310621000,36.55,3,36.5,27,36.6,183,2,2022-07-19 09:06:46
1658221606310621000,36.5,7,36.5,27,36.6,183,2,2022-07-19 09:06:46
1658221606598830000,36.55,1,36.5,31,36.55,16,1,2022-07-19 09:06:46
1658221607581532000,36.5,31,36.45,1,36.55,19,2,2022-07-19 09:06:47
1658221607643770000,36.5,1,36.5,2,36.55,19,1,2022-07-19 09:06:47
1658221608362362000,36.5,2,36.5,5,36.55,19,2,2022-07-19 09:06:48
1658221608410495000,36.55,1,36.5,5,36.55,18,1,2022-07-19 09:06:48
1658221608674407000,36.5,5,36.45,1,36.55,20,2,2022-07-19 09:06:48
1658221609721504000,36.5,2,36.45,6,36.5,3,2,2022-07-19 09:06:49
1658221610383467000,36.5,2,36.45,9,36.5,3,1,2022-07-19 09:06:50
1658221611258205000,36.5,1,36.45,10,36.5,12,1,2022-07-19 09:06:51
1658221611275224000,36.5,1,36.45,10,36.5,11,1,2022-07-19 09:06:51
1658221611346408000,36.45,5,36.45,10,36.5,12,2,2022-07-19 09:06:51
1658221612639401000,36.5,1,36.45,5,36.5,19,1,2022-07-19 09:06:52
1658221612732682000,36.45,3,36.45,2,36.5,19,2,2022-07-19 09:06:52
1658221613052086000,36.45,2,36.4,228,36.5,24,2,2022-07-19 09:06:53
1658221613052086000,36.4,7,36.4,228,36.5,24,2,2022-07-19 09:06:53
1658221613139109000,36.4,39,36.4,20,36.45,30,2,2022-07-19 09:06:53
1658221613148914000,36.4,20,36.35,21,36.45,30,2,2022-07-19 09:06:53
1658221613416694000,36.4,1,36.35,27,36.4,1,1,2022-07-19 09:06:53
1658221614523685000,36.4,2,36.35,27,36.4,6,1,2022-07-19 09:06:54
1658221615025356000,36.35,1,36.35,26,36.4,11,2,2022-07-19 09:06:55
1658221615063713000,36.4,1,36.35,26,36.4,10,1,2022-07-19 09:06:55
1658221616132791000,36.35,1,36.35,25,36.4,10,2,2022-07-19 09:06:56
1658221616505218000,36.4,1,36.35,25,36.4,9,1,2022-07-19 09:06:56
1658221616811011000,36.35,1,36.35,25,36.4,9,2,2022-07-19 09:06:56
1658221620306939000,36.35,7,36.35,14,36.4,30,2,2022-07-19 09:07:00
1658221620358111000,36.4,1,36.35,14,36.4,29,1,2022-07-19 09:07:00
1658221620743199000,36.35,6,36.35,8,36.4,29,2,2022-07-19 09:07:00
1658221620761840000,36.4,5,36.35,8,36.4,24,1,2022-07-19 09:07:00
1658221620775373000,36.35,5,36.35,3,36.4,24,2,2022-07-19 09:07:00
1658221620806706000,36.35,1,36.35,2,36.4,24,2,2022-07-19 09:07:00
1658221620978251000,36.35,2,36.3,2,36.4,33,2,2022-07-19 09:07:00
1658221621102894000,36.3,1,36.3,1,36.4,33,2,2022-07-19 09:07:01
1658221622973093000,36.35,1,36.3,1,36.35,18,1,2022-07-19 09:07:02
1658221623047602000,36.3,1,36.25,19,36.35,18,2,2022-07-19 09:07:03
1658221623047602000,36.25,3,36.25,19,36.35,18,2,2022-07-19 09:07:03
1658221624901337000,36.35,5,36.25,23,36.35,20,1,2022-07-19 09:07:04
1658221626404698000,36.35,5,36.25,8,36.35,19,1,2022-07-19 09:07:06
1658221626465325000,36.25,2,36.25,6,36.35,19,2,2022-07-19 09:07:06
1658221627360734000,36.25,2,36.15,7,36.3,1,2,2022-07-19 09:07:07
1658221627360734000,36.2,18,36.15,7,36.3,1,2,2022-07-19 09:07:07
1658221627360734000,36.15,5,36.15,7,36.3,1,2,2022-07-19 09:07:07
1658221628832088000,36.2,3,36.2,107,36.25,1,2,2022-07-19 09:07:08
1658221628881267000,36.25,1,36.2,107,36.3,31,1,2022-07-19 09:07:08
1658221630237524000,36.25,5,36.2,111,36.25,6,1,2022-07-19 09:07:10
1658221630278708000,36.25,6,36.2,111,36.3,31,1,2022-07-19 09:07:10
1658221630562851000,36.3,1,36.2,113,36.3,30,1,2022-07-19 09:07:10
1658221631597393000,36.35,1,36.2,113,36.35,49,1,2022-07-19 09:07:11
1658221639046240000,36.3,1,36.3,10,36.35,55,2,2022-07-19 09:07:19
1658221641871715000,36.35,3,36.3,10,36.35,53,1,2022-07-19 09:07:21
1658221644411289000,36.35,3,36.3,12,36.35,53,1,2022-07-19 09:07:24
1658221644626176000,36.3,1,36.3,11,36.35,50,2,2022-07-19 09:07:24
1658221644649391000,36.3,1,36.3,10,36.35,50,2,2022-07-19 09:07:24
1658221647148094000,36.3,7,36.3,5,36.35,45,2,2022-07-19 09:07:27
1658221647973781000,36.3,2,36.3,3,36.35,45,2,2022-07-19 09:07:27
1658221650459398000,36.3,1,36.3,3,36.35,44,2,2022-07-19 09:07:30
1658221651038191000,36.3,3,36.25,18,36.35,54,2,2022-07-19 09:07:31
1658221651474403000,36.3,1,36.25,20,36.3,1,1,2022-07-19 09:07:31
1658221652646299000,36.3,1,36.3,1,36.35,54,2,2022-07-19 09:07:32
1658221653335237000,36.3,1,36.25,18,36.3,19,2,2022-07-19 09:07:33
1658221654019945000,36.3,3,36.25,18,36.3,17,1,2022-07-19 09:07:34
1658221655268888000,36.3,1,36.25,24,36.3,19,1,2022-07-19 09:07:35
1658221656086512000,36.3,1,36.25,23,36.3,19,1,2022-07-19 09:07:36
1658221656885566000,36.3,2,36.25,23,36.3,17,1,2022-07-19 09:07:36
1658221658961013000,36.25,1,36.25,22,36.3,18,2,2022-07-19 09:07:38
1658221660154309000,36.25,1,36.25,23,36.3,18,2,2022-07-19 09:07:40
1658221665498417000,36.3,1,36.25,23,36.3,18,1,2022-07-19 09:07:45
1658221667047975000,36.3,1,36.25,25,36.3,19,1,2022-07-19 09:07:47
1658221669688440000,36.25,10,36.25,19,36.3,26,2,2022-07-19 09:07:49
1658221670147132000,36.3,5,36.25,20,36.3,21,1,2022-07-19 09:07:50
1658221671000272000,36.25,1,36.25,19,36.3,21,2,2022-07-19 09:07:51
1658221672578173000,36.3,1,36.25,20,36.3,63,1,2022-07-19 09:07:52
1658221672615039000,36.25,10,36.25,10,36.3,63,2,2022-07-19 09:07:52
1658221673680552000,36.25,5,36.25,6,36.3,63,2,2022-07-19 09:07:53
1658221673681502000,36.25,1,36.25,5,36.3,63,2,2022-07-19 09:07:53
1658221673929519000,36.25,5,36.2,1,36.25,3,2,2022-07-19 09:07:53
1658221674052834000,36.25,3,36.2,1,36.3,62,1,2022-07-19 09:07:54
1658221674052834000,36.3,1,36.2,1,36.3,62,1,2022-07-19 09:07:54
1658221674809739000,36.25,5,36.2,1,36.25,3,2,2022-07-19 09:07:54
1658221675931949000,36.25,2,36.2,3,36.25,3,1,2022-07-19 09:07:55
1658221676671791000,36.2,3,36.15,21,36.25,11,2,2022-07-19 09:07:56
1658221676671791000,36.15,1,36.15,21,36.25,11,2,2022-07-19 09:07:56
1658221678307057000,36.15,1,36.15,27,36.2,1,2,2022-07-19 09:07:58
1658221678522905000,36.2,1,36.15,23,36.25,15,1,2022-07-19 09:07:58
1658221678522905000,36.25,1,36.15,23,36.25,15,1,2022-07-19 09:07:58
1658221680149779000,36.2,2,36.15,23,36.2,15,1,2022-07-19 09:08:00
1658221680650898000,36.15,1,36.15,22,36.2,15,2,2022-07-19 09:08:00
1658221680841927000,36.2,15,36.2,82,36.25,15,1,2022-07-19 09:08:00
1658221680880332000,36.25,15,36.2,82,36.3,62,1,2022-07-19 09:08:00
1658221681246729000,36.2,1,36.2,94,36.25,1,2,2022-07-19 09:08:01
1658221681274340000,36.25,1,36.2,94,36.3,62,1,2022-07-19 09:08:01
1658221681395676000,36.2,7,36.2,87,36.3,55,2,2022-07-19 09:08:01
1658221682708234000,36.25,1,36.2,87,36.25,14,1,2022-07-19 09:08:02
1658221684864960000,36.25,5,36.2,87,36.25,18,1,2022-07-19 09:08:04
1658221685221924000,36.2,1,36.2,86,36.25,18,2,2022-07-19 09:08:05
1658221685254886000,36.25,18,36.2,86,36.3,55,1,2022-07-19 09:08:05
1658221686704360000,36.25,4,36.2,75,36.25,4,2,2022-07-19 09:08:06
1658221686827150000,36.25,1,36.2,85,36.25,3,1,2022-07-19 09:08:06
1658221687306491000,36.25,1,36.2,86,36.25,2,1,2022-07-19 09:08:07
1658221689598653000,36.25,2,36.2,89,36.25,11,1,2022-07-19 09:08:09
1658221689679771000,36.25,3,36.2,89,36.25,6,1,2022-07-19 09:08:09
1658221690793152000,36.25,3,36.2,89,36.25,3,1,2022-07-19 09:08:10
1658221690921520000,36.25,1,36.2,89,36.25,2,1,2022-07-19 09:08:10
1658221690924616000,36.25,1,36.2,89,36.25,1,1,2022-07-19 09:08:10
1658221690947872000,36.25,1,36.25,1,36.3,53,1,2022-07-19 09:08:10
1658221692312857000,36.25,1,36.25,9,36.3,53,2,2022-07-19 09:08:12
1658221695699560000,36.3,10,36.25,17,36.3,44,1,2022-07-19 09:08:15
1658221696964551000,36.3,1,36.25,17,36.3,44,1,2022-07-19 09:08:16
1658221698083933000,36.25,1,36.25,20,36.3,45,2,2022-07-19 09:08:18
1658221698255629000,36.25,1,36.25,19,36.3,45,2,2022-07-19 09:08:18
1658221698423475000,36.25,1,36.25,18,36.3,45,2,2022-07-19 09:08:18
1658221698571879000,36.25,1,36.25,19,36.3,45,2,2022-07-19 09:08:18
1658221699738722000,36.25,2,36.25,16,36.3,45,2,2022-07-19 09:08:19
1658221700679671000,36.3,3,36.25,16,36.3,42,1,2022-07-19 09:08:20
1658221700811603000,36.3,1,36.25,16,36.3,41,1,2022-07-19 09:08:20
1658221702539632000,36.25,10,36.25,18,36.3,41,2,2022-07-19 09:08:22
1658221703350013000,36.25,5,36.25,4,36.3,41,2,2022-07-19 09:08:23
1658221704909466000,36.25,1,36.25,6,36.3,46,2,2022-07-19 09:08:24
1658221705610116000,36.25,1,36.25,10,36.3,46,2,2022-07-19 09:08:25
1658221705730900000,36.25,1,36.25,8,36.3,46,2,2022-07-19 09:08:25
1658221709861860000,36.25,1,36.25,9,36.3,49,2,2022-07-19 09:08:29
1658221713281970000,36.25,1,36.25,8,36.3,49,2,2022-07-19 09:08:33
1658221714157026000,36.3,5,36.25,8,36.3,44,1,2022-07-19 09:08:34
1658221714620905000,36.25,1,36.25,10,36.3,54,2,2022-07-19 09:08:34
1658221717441701000,36.25,4,36.25,19,36.3,60,2,2022-07-19 09:08:37
1658221717441765000,36.25,4,36.25,15,36.3,60,2,2022-07-19 09:08:37
1658221719666065000,36.25,2,36.25,16,36.3,60,2,2022-07-19 09:08:39
1658221721659393000,36.25,1,36.25,17,36.3,62,2,2022-07-19 09:08:41
1658221728520776000,36.25,1,36.25,36,36.3,64,2,2022-07-19 09:08:48
1658221729648945000,36.25,4,36.25,56,36.3,79,2,2022-07-19 09:08:49
1658221729649051000,36.25,4,36.25,52,36.3,79,2,2022-07-19 09:08:49
1658221731686153000,36.25,1,36.25,51,36.3,79,2,2022-07-19 09:08:51
1658221732175067000,36.3,3,36.25,51,36.3,76,1,2022-07-19 09:08:52
1658221737684555000,36.25,4,36.25,48,36.3,84,2,2022-07-19 09:08:57
1658221737684700000,36.25,4,36.25,44,36.3,84,2,2022-07-19 09:08:57
1658221738067661000,36.25,10,36.25,34,36.3,84,2,2022-07-19 09:08:58
1658221738653292000,36.25,4,36.25,30,36.3,84,2,2022-07-19 09:08:58
1658221738653398000,36.25,4,36.25,26,36.3,84,2,2022-07-19 09:08:58
1658221739930407000,36.25,10,36.25,16,36.3,86,2,2022-07-19 09:08:59
1658221740334042000,36.25,4,36.25,12,36.3,86,2,2022-07-19 09:09:00
1658221740334155000,36.25,4,36.25,8,36.3,86,2,2022-07-19 09:09:00
1658221740683268000,36.25,1,36.25,7,36.3,86,2,2022-07-19 09:09:00
1658221740689494000,36.25,6,36.25,1,36.3,86,2,2022-07-19 09:09:00
1658221740966549000,36.25,1,36.2,73,36.3,86,2,2022-07-19 09:09:00
1658221741143041000,36.25,9,36.25,9,36.3,86,2,2022-07-19 09:09:01
1658221741143041000,36.2,1,36.25,9,36.3,86,2,2022-07-19 09:09:01
1658221745250618000,36.2,1,36.2,82,36.25,33,2,2022-07-19 09:09:05
1658221745798210000,36.2,1,36.2,81,36.25,33,2,2022-07-19 09:09:05
1658221747075180000,36.2,2,36.2,79,36.25,33,2,2022-07-19 09:09:07
1658221747257714000,36.2,5,36.2,74,36.25,33,2,2022-07-19 09:09:07
1658221748421866000,36.2,4,36.2,70,36.25,25,2,2022-07-19 09:09:08
1658221748422066000,36.2,4,36.2,66,36.25,25,2,2022-07-19 09:09:08
1658221748454694000,36.2,1,36.2,65,36.25,25,2,2022-07-19 09:09:08
1658221749004621000,36.2,1,36.2,64,36.25,25,2,2022-07-19 09:09:09
1658221749073768000,36.2,1,36.2,63,36.25,25,2,2022-07-19 09:09:09
1658221750589427000,36.2,1,36.2,63,36.25,25,2,2022-07-19 09:09:10
1658221751189240000,36.2,1,36.2,62,36.25,25,2,2022-07-19 09:09:11
1658221754193340000,36.25,10,36.2,66,36.25,15,1,2022-07-19 09:09:14
1658221758228422000,36.25,20,36.2,93,36.3,88,1,2022-07-19 09:09:18
1658221758255134000,36.3,24,36.2,93,36.3,64,1,2022-07-19 09:09:18
1658221758255276000,36.3,64,36.2,93,36.35,47,1,2022-07-19 09:09:18
1658221758368331000,36.35,47,36.25,15,36.4,36,1,2022-07-19 09:09:18
1658221758400657000,36.4,4,36.25,28,36.4,32,1,2022-07-19 09:09:18
1658221758435240000,36.4,32,36.25,28,36.45,30,1,2022-07-19 09:09:18
1658221758508467000,36.45,2,36.25,71,36.45,28,1,2022-07-19 09:09:18
1658221759359819000,36.45,19,36.3,65,36.45,9,1,2022-07-19 09:09:19
1658221759388621000,36.45,9,36.3,65,36.5,47,1,2022-07-19 09:09:19
1658221759429726000,36.5,1,36.3,65,36.5,46,1,2022-07-19 09:09:19
1658221759550868000,36.5,3,36.35,8,36.5,43,1,2022-07-19 09:09:19
1658221759617560000,36.5,27,36.35,15,36.5,16,1,2022-07-19 09:09:19
1658221759644315000,36.5,16,36.35,15,36.55,44,1,2022-07-19 09:09:19
1658221759681985000,36.55,3,36.35,15,36.55,41,1,2022-07-19 09:09:19
1658221759750248000,36.55,1,36.35,15,36.55,40,1,2022-07-19 09:09:19
1658221759920365000,36.55,23,36.35,51,36.55,17,1,2022-07-19 09:09:19
1658221760060473000,36.55,7,36.35,51,36.55,10,1,2022-07-19 09:09:20
1658221760101130000,36.55,1,36.35,51,36.55,9,1,2022-07-19 09:09:20
1658221760243217000,36.55,1,36.35,54,36.55,19,1,2022-07-19 09:09:20
1658221760260253000,36.55,4,36.35,54,36.55,15,1,2022-07-19 09:09:20
1658221760473087000,36.55,6,36.35,54,36.55,9,1,2022-07-19 09:09:20
1658221760510129000,36.55,1,36.35,54,36.55,8,1,2022-07-19 09:09:20
1658221760550549000,36.55,1,36.35,54,36.55,7,1,2022-07-19 09:09:20
1658221760598492000,36.55,1,36.35,54,36.55,20,1,2022-07-19 09:09:20
1658221761249341000,36.55,6,36.35,54,36.6,153,1,2022-07-19 09:09:21
1658221761249341000,36.6,4,36.35,54,36.6,153,1,2022-07-19 09:09:21
1658221761318279000,36.6,3,36.4,2,36.6,150,1,2022-07-19 09:09:21
1658221761538345000,36.45,1,36.45,34,36.6,150,2,2022-07-19 09:09:21
1658221762336625000,36.6,5,36.45,33,36.6,145,1,2022-07-19 09:09:22
1658221763144088000,36.6,1,36.5,2,36.6,144,1,2022-07-19 09:09:23
1658221763982388000,36.6,5,36.55,33,36.6,139,1,2022-07-19 09:09:23
1658221764841016000,36.6,1,36.55,33,36.6,138,1,2022-07-19 09:09:24
1658221764894047000,36.6,1,36.55,33,36.6,137,1,2022-07-19 09:09:24
1658221765220225000,36.6,1,36.55,36,36.6,136,1,2022-07-19 09:09:25
1658221766626972000,36.6,3,36.55,38,36.6,134,1,2022-07-19 09:09:26
1658221766711634000,36.55,4,36.55,34,36.6,134,2,2022-07-19 09:09:26
1658221767616490000,36.55,1,36.55,33,36.6,133,2,2022-07-19 09:09:27
1658221768006388000,36.55,1,36.55,32,36.6,133,2,2022-07-19 09:09:28
1658221768036708000,36.6,1,36.55,32,36.6,132,1,2022-07-19 09:09:28
1658221769754295000,36.55,10,36.55,19,36.6,132,2,2022-07-19 09:09:29
1658221769759430000,36.55,2,36.55,17,36.6,132,2,2022-07-19 09:09:29
1658221769866959000,36.6,10,36.55,17,36.6,122,1,2022-07-19 09:09:29
1658221769908113000,36.6,3,36.55,17,36.6,119,1,2022-07-19 09:09:29
1658221771327149000,36.55,1,36.55,16,36.6,124,2,2022-07-19 09:09:31
1658221771423059000,36.55,15,36.55,1,36.6,124,2,2022-07-19 09:09:31
1658221771452293000,36.55,1,36.5,7,36.6,124,2,2022-07-19 09:09:31
1658221771880654000,36.6,1,36.55,3,36.6,124,1,2022-07-19 09:09:31
1658221772426856000,36.6,1,36.55,3,36.6,122,1,2022-07-19 09:09:32
1658221773692254000,36.6,1,36.55,3,36.6,121,1,2022-07-19 09:09:33
1658221775210466000,36.55,1,36.55,4,36.6,121,2,2022-07-19 09:09:35
1658221775952020000,36.55,1,36.55,3,36.6,121,2,2022-07-19 09:09:35
1658221776109904000,36.55,1,36.55,4,36.6,121,2,2022-07-19 09:09:36
1658221776282497000,36.55,2,36.55,2,36.6,121,2,2022-07-19 09:09:36
1658221778979800000,36.55,2,36.55,17,36.6,124,2,2022-07-19 09:09:38
1658221780164711000,36.55,4,36.55,24,36.6,124,2,2022-07-19 09:09:40
1658221780914699000,36.6,7,36.55,25,36.6,117,1,2022-07-19 09:09:40
1658221781429033000,36.6,1,36.55,25,36.6,116,1,2022-07-19 09:09:41
1658221781652756000,36.6,100,36.55,25,36.6,16,1,2022-07-19 09:09:41
1658221781682339000,36.6,16,36.55,25,36.65,39,1,2022-07-19 09:09:41
1658221781832396000,36.65,39,36.6,20,36.7,37,1,2022-07-19 09:09:41
1658221781904959000,36.6,2,36.6,35,36.7,37,2,2022-07-19 09:09:41
1658221781938572000,36.7,1,36.6,35,36.7,36,1,2022-07-19 09:09:41
1658221781956283000,36.7,1,36.6,35,36.7,35,1,2022-07-19 09:09:41
1658221781976232000,36.7,1,36.6,35,36.7,34,1,2022-07-19 09:09:41
1658221782023289000,36.7,1,36.6,35,36.7,33,1,2022-07-19 09:09:42
1658221782093720000,36.7,1,36.6,56,36.7,32,1,2022-07-19 09:09:42
1658221782102090000,36.7,1,36.6,56,36.7,31,1,2022-07-19 09:09:42
1658221782115267000,36.7,1,36.6,56,36.7,30,1,2022-07-19 09:09:42
1658221782178540000,36.7,1,36.6,56,36.7,29,1,2022-07-19 09:09:42
1658221782195153000,36.7,1,36.6,56,36.7,33,1,2022-07-19 09:09:42
1658221782298872000,36.7,1,36.6,56,36.7,27,1,2022-07-19 09:09:42
1658221782316249000,36.7,1,36.6,56,36.7,26,1,2022-07-19 09:09:42
1658221782331609000,36.7,1,36.6,56,36.7,25,1,2022-07-19 09:09:42
1658221782434814000,36.7,1,36.6,64,36.7,24,1,2022-07-19 09:09:42
1658221782443869000,36.7,1,36.6,64,36.7,23,1,2022-07-19 09:09:42
1658221782523115000,36.6,1,36.6,63,36.7,23,2,2022-07-19 09:09:42
1658221783102248000,36.7,2,36.65,1,36.7,21,1,2022-07-19 09:09:43
1658221783218076000,36.7,14,36.65,2,36.7,7,1,2022-07-19 09:09:43
1658221783255799000,36.7,7,36.65,2,36.75,41,1,2022-07-19 09:09:43
1658221783261797000,36.75,1,36.65,2,36.75,40,1,2022-07-19 09:09:43
1658221783308790000,36.75,1,36.65,7,36.75,39,1,2022-07-19 09:09:43
1658221783508347000,36.75,4,36.7,20,36.75,35,1,2022-07-19 09:09:43
1658221783680372000,36.75,1,36.7,21,36.75,34,1,2022-07-19 09:09:43
1658221783698804000,36.75,1,36.7,22,36.75,34,1,2022-07-19 09:09:43
1658221783802998000,36.75,2,36.7,22,36.75,31,1,2022-07-19 09:09:43
1658221784312217000,36.75,2,36.7,24,36.75,29,1,2022-07-19 09:09:44
1658221784345486000,36.75,3,36.7,24,36.75,26,1,2022-07-19 09:09:44
1658221784354539000,36.75,3,36.7,24,36.75,23,1,2022-07-19 09:09:44
1658221784360553000,36.75,1,36.7,24,36.75,22,1,2022-07-19 09:09:44
1658221784370201000,36.75,1,36.7,24,36.75,21,1,2022-07-19 09:09:44
1658221784374430000,36.75,1,36.7,24,36.75,20,1,2022-07-19 09:09:44
1658221784386645000,36.75,1,36.7,24,36.75,19,1,2022-07-19 09:09:44
1658221784389321000,36.75,1,36.7,24,36.75,18,1,2022-07-19 09:09:44
1658221784406171000,36.75,1,36.7,24,36.75,17,1,2022-07-19 09:09:44
1658221784934930000,36.75,1,36.7,24,36.75,16,1,2022-07-19 09:09:44
1658221785350345000,36.75,3,36.7,24,36.75,13,1,2022-07-19 09:09:45
1658221785395418000,36.75,1,36.7,24,36.75,12,1,2022-07-19 09:09:45
1658221785421367000,36.75,1,36.7,24,36.75,11,1,2022-07-19 09:09:45
1658221785712799000,36.75,1,36.7,24,36.75,10,1,2022-07-19 09:09:45
1658221786058274000,36.75,1,36.7,24,36.75,4,1,2022-07-19 09:09:46
1658221786090285000,36.75,4,36.7,24,36.75,5,1,2022-07-19 09:09:46
1658221787146965000,36.8,1,36.75,20,36.8,34,1,2022-07-19 09:09:47
1658221787192025000,36.8,1,36.75,20,36.8,33,1,2022-07-19 09:09:47
1658221787604509000,36.75,1,36.75,57,36.8,33,2,2022-07-19 09:09:47
1658221787958758000,36.8,10,36.75,56,36.8,23,1,2022-07-19 09:09:47
1658221788464959000,36.8,1,36.75,58,36.8,22,1,2022-07-19 09:09:48
1658221788481048000,36.8,1,36.75,58,36.8,21,1,2022-07-19 09:09:48
1658221788485419000,36.8,1,36.75,58,36.8,20,1,2022-07-19 09:09:48
1658221788492589000,36.8,1,36.75,58,36.8,19,1,2022-07-19 09:09:48
1658221788495418000,36.8,1,36.75,58,36.8,18,1,2022-07-19 09:09:48
1658221788506697000,36.8,1,36.75,58,36.8,17,1,2022-07-19 09:09:48
1658221788511249000,36.8,1,36.75,58,36.8,16,1,2022-07-19 09:09:48
1658221788511322000,36.8,1,36.75,58,36.8,23,1,2022-07-19 09:09:48
1658221789566764000,36.8,1,36.75,58,36.8,14,1,2022-07-19 09:09:49
1658221789734684000,36.8,1,36.75,59,36.8,13,1,2022-07-19 09:09:49
1658221790014350000,36.75,2,36.75,57,36.8,18,2,2022-07-19 09:09:50
1658221790329177000,36.8,1,36.75,57,36.8,20,1,2022-07-19 09:09:50
1658221790396582000,36.75,2,36.75,55,36.8,20,2,2022-07-19 09:09:50
1658221790528783000,36.8,1,36.75,56,36.8,20,1,2022-07-19 09:09:50
1658221790896974000,36.8,1,36.75,56,36.8,18,1,2022-07-19 09:09:50
1658221791069893000,36.75,2,36.75,54,36.8,18,2,2022-07-19 09:09:51
1658221791139976000,36.8,4,36.75,55,36.8,14,1,2022-07-19 09:09:51
1658221791204392000,36.8,2,36.75,57,36.8,14,1,2022-07-19 09:09:51
1658221791237924000,36.8,1,36.75,57,36.8,11,1,2022-07-19 09:09:51
1658221791293472000,36.75,1,36.75,56,36.8,11,2,2022-07-19 09:09:51
1658221791734655000,36.8,1,36.75,56,36.8,13,1,2022-07-19 09:09:51
1658221791913628000,36.8,1,36.75,56,36.8,12,1,2022-07-19 09:09:51
1658221792056114000,36.8,1,36.75,56,36.8,11,1,2022-07-19 09:09:52
1658221792061596000,36.75,20,36.75,36,36.8,11,2,2022-07-19 09:09:52
1658221792102858000,36.75,1,36.75,35,36.8,11,2,2022-07-19 09:09:52
1658221792106585000,36.8,1,36.75,35,36.8,10,1,2022-07-19 09:09:52
1658221792113671000,36.8,1,36.75,35,36.8,9,1,2022-07-19 09:09:52
1658221792362061000,36.8,1,36.75,37,36.8,8,1,2022-07-19 09:09:52
1658221792879232000,36.8,5,36.75,41,36.8,8,1,2022-07-19 09:09:52
1658221793201342000,36.8,1,36.75,41,36.8,8,1,2022-07-19 09:09:53
1658221793243746000,36.75,2,36.75,39,36.8,8,2,2022-07-19 09:09:53
1658221793279869000,36.8,1,36.75,39,36.8,7,1,2022-07-19 09:09:53
1658221793380067000,36.8,5,36.75,39,36.8,2,1,2022-07-19 09:09:53
1658221793420412000,36.8,2,36.75,39,36.85,35,1,2022-07-19 09:09:53
1658221793746431000,36.8,1,36.75,39,36.85,40,1,2022-07-19 09:09:53
1658221793933328000,36.8,5,36.75,43,36.85,40,2,2022-07-19 09:09:53
1658221793963989000,36.8,1,36.8,3,36.85,40,2,2022-07-19 09:09:53
1658221794223319000,36.8,3,36.75,30,36.8,7,2,2022-07-19 09:09:54
1658221794406353000,36.8,1,36.75,39,36.8,11,1,2022-07-19 09:09:54
1658221794484594000,36.8,5,36.75,39,36.8,6,1,2022-07-19 09:09:54
1658221794602675000,36.8,1,36.75,39,36.8,5,1,2022-07-19 09:09:54
1658221794680581000,36.8,1,36.75,39,36.8,5,1,2022-07-19 09:09:54
1658221794739218000,36.8,1,36.75,40,36.8,3,1,2022-07-19 09:09:54
1658221794777393000,36.8,3,36.75,40,36.85,40,1,2022-07-19 09:09:54
1658221795014657000,36.8,1,36.75,40,36.8,1,2,2022-07-19 09:09:55
1658221795031457000,36.8,1,36.75,40,36.85,40,1,2022-07-19 09:09:55
1658221795087667000,36.8,1,36.8,5,36.85,40,2,2022-07-19 09:09:55
1658221795130603000,36.8,5,36.8,3,36.85,40,2,2022-07-19 09:09:55
1658221795161234000,36.8,3,36.8,1,36.85,40,2,2022-07-19 09:09:55
1658221795162263000,36.85,30,36.8,4,36.85,40,1,2022-07-19 09:09:55
1658221795486971000,36.8,1,36.75,23,36.85,10,2,2022-07-19 09:09:55
1658221795486971000,36.75,9,36.75,23,36.85,10,2,2022-07-19 09:09:55
1658221795962548000,36.8,1,36.8,2,36.85,10,1,2022-07-19 09:09:55
1658221796352043000,36.8,1,36.8,4,36.85,12,2,2022-07-19 09:09:56
1658221796520942000,36.85,5,36.8,5,36.85,7,1,2022-07-19 09:09:56
1658221796640634000,36.85,1,36.8,5,36.85,12,1,2022-07-19 09:09:56
1658221796824515000,36.8,5,36.8,6,36.85,6,2,2022-07-19 09:09:56
1658221797034560000,36.8,1,36.8,5,36.85,6,2,2022-07-19 09:09:57
1658221797038668000,36.85,5,36.8,5,36.85,1,1,2022-07-19 09:09:57
1658221797111344000,36.8,2,36.8,3,36.85,1,2,2022-07-19 09:09:57
1658221797291830000,36.85,2,36.8,3,36.85,4,1,2022-07-19 09:09:57
1658221798252607000,36.85,2,36.8,6,36.85,2,1,2022-07-19 09:09:58
1658221799246329000,36.8,2,36.8,11,36.85,2,2,2022-07-19 09:09:59
1658221799347481000,36.85,2,36.8,11,36.9,59,1,2022-07-19 09:09:59
1658221799678716000,36.8,13,36.75,25,36.8,7,2,2022-07-19 09:09:59
1658221799702103000,36.75,1,36.75,24,36.8,7,2,2022-07-19 09:09:59
1658221799735924000,36.75,1,36.75,26,36.8,7,2,2022-07-19 09:09:59
1658221799833805000,36.8,7,36.75,26,36.8,10,1,2022-07-19 09:09:59
1658221799857823000,36.8,5,36.75,26,36.8,5,1,2022-07-19 09:09:59
1658221799869328000,36.75,1,36.75,25,36.8,5,2,2022-07-19 09:09:59
1658221799935433000,36.8,2,36.75,25,36.8,3,1,2022-07-19 09:09:59
1658221800273302000,36.8,2,36.75,25,36.8,2,1,2022-07-19 09:10:00
1658221800301996000,36.8,1,36.75,25,36.8,1,1,2022-07-19 09:10:00
1658221800316246000,36.8,1,36.75,25,36.85,15,1,2022-07-19 09:10:00
1658221800316246000,36.85,1,36.75,25,36.85,15,1,2022-07-19 09:10:00
1658221800438710000,36.8,5,36.75,25,36.85,15,2,2022-07-19 09:10:00
1658221800603568000,36.8,1,36.75,22,36.85,17,2,2022-07-19 09:10:00
1658221800693520000,36.75,17,36.75,5,36.85,17,2,2022-07-19 09:10:00
1658221800694451000,36.75,5,36.8,1,36.85,17,2,2022-07-19 09:10:00
1658221800735207000,36.7,1,36.7,17,36.75,11,2,2022-07-19 09:10:00
1658221800763404000,36.7,1,36.7,19,36.75,19,2,2022-07-19 09:10:00
1658221800855066000,36.75,1,36.7,19,36.75,18,1,2022-07-19 09:10:00
1658221800870460000,36.75,1,36.7,19,36.75,17,1,2022-07-19 09:10:00
1658221800880516000,36.75,1,36.7,19,36.75,16,1,2022-07-19 09:10:00
1658221800972813000,36.7,2,36.7,17,36.75,16,2,2022-07-19 09:10:00
1658221801143546000,36.75,1,36.7,17,36.75,15,1,2022-07-19 09:10:01
1658221801333933000,36.7,1,36.7,17,36.75,15,2,2022-07-19 09:10:01
1658221801349915000,36.75,5,36.7,17,36.75,10,1,2022-07-19 09:10:01
1658221801388231000,36.7,1,36.7,16,36.75,10,2,2022-07-19 09:10:01
1658221801395832000,36.7,1,36.7,15,36.75,10,2,2022-07-19 09:10:01
1658221801556857000,36.75,1,36.7,15,36.75,9,1,2022-07-19 09:10:01
1658221801597460000,36.7,1,36.7,14,36.75,9,2,2022-07-19 09:10:01
1658221801826755000,36.7,2,36.7,13,36.75,9,2,2022-07-19 09:10:01
1658221801838880000,36.75,1,36.7,14,36.75,8,1,2022-07-19 09:10:01
1658221801859742000,36.7,8,36.7,6,36.75,8,2,2022-07-19 09:10:01
1658221801910520000,36.7,1,36.7,5,36.75,8,2,2022-07-19 09:10:01
1658221801920844000,36.7,1,36.7,4,36.75,8,2,2022-07-19 09:10:01
1658221802039680000,36.75,3,36.7,4,36.75,5,1,2022-07-19 09:10:02
1658221802072185000,36.7,1,36.7,3,36.75,5,2,2022-07-19 09:10:02
1658221802078707000,36.75,5,36.7,3,36.8,26,1,2022-07-19 09:10:02
1658221802078707000,36.8,5,36.7,3,36.8,26,1,2022-07-19 09:10:02
1658221802566879000,36.75,1,36.7,3,36.8,37,1,2022-07-19 09:10:02
1658221802845864000,36.7,3,36.65,10,36.75,4,2,2022-07-19 09:10:02
1658221803108848000,36.75,1,36.65,15,36.75,5,1,2022-07-19 09:10:03
1658221803199902000,36.75,1,36.65,15,36.75,6,1,2022-07-19 09:10:03
1658221803403436000,36.7,1,36.65,15,36.75,5,1,2022-07-19 09:10:03
1658221803461173000,36.7,1,36.65,15,36.75,5,1,2022-07-19 09:10:03
1658221803903804000,36.7,1,36.65,15,36.7,9,1,2022-07-19 09:10:03
1658221804287044000,36.7,1,36.65,15,36.7,8,1,2022-07-19 09:10:04
1658221804996747000,36.7,2,36.65,15,36.7,8,1,2022-07-19 09:10:04
1658221805124816000,36.65,1,36.65,14,36.7,8,2,2022-07-19 09:10:05
1658221805395615000,36.7,1,36.65,14,36.7,28,1,2022-07-19 09:10:05
1658221805501215000,36.7,1,36.65,14,36.7,27,1,2022-07-19 09:10:05
1658221805526121000,36.7,5,36.65,14,36.7,22,1,2022-07-19 09:10:05
1658221805531836000,36.7,1,36.65,14,36.7,21,1,2022-07-19 09:10:05
1658221805844497000,36.65,2,36.65,12,36.7,21,2,2022-07-19 09:10:05
1658221805906376000,36.65,1,36.65,11,36.7,26,2,2022-07-19 09:10:05
1658221805991630000,36.7,1,36.65,11,36.7,25,1,2022-07-19 09:10:05
1658221806212623000,36.65,11,36.65,11,36.7,28,2,2022-07-19 09:10:06
1658221806244267000,36.6,1,36.6,56,36.65,9,2,2022-07-19 09:10:06
1658221806245024000,36.65,3,36.6,63,36.65,6,1,2022-07-19 09:10:06
1658221806253010000,36.6,1,36.6,62,36.65,6,2,2022-07-19 09:10:06
1658221806275188000,36.6,1,36.6,61,36.65,6,2,2022-07-19 09:10:06
1658221806277879000,36.6,1,36.6,60,36.65,6,2,2022-07-19 09:10:06
1658221806634883000,36.6,60,36.55,14,36.6,40,2,2022-07-19 09:10:06
1658221806665704000,36.55,1,36.55,13,36.6,40,2,2022-07-19 09:10:06
1658221806670057000,36.55,1,36.55,13,36.6,40,2,2022-07-19 09:10:06
1658221806678277000,36.55,1,36.55,12,36.6,40,2,2022-07-19 09:10:06
1658221806685484000,36.55,1,36.55,14,36.6,40,2,2022-07-19 09:10:06
1658221806734857000,36.55,3,36.55,8,36.6,40,2,2022-07-19 09:10:06
1658221806753870000,36.6,1,36.55,8,36.6,39,1,2022-07-19 09:10:06
1658221807325044000,36.55,1,36.55,7,36.6,41,2,2022-07-19 09:10:07
1658221807349573000,36.6,1,36.55,7,36.6,40,1,2022-07-19 09:10:07
1658221807391011000,36.55,1,36.55,6,36.6,40,2,2022-07-19 09:10:07
1658221807712840000,36.6,1,36.55,6,36.6,42,1,2022-07-19 09:10:07
1658221807818647000,36.6,1,36.55,7,36.6,40,1,2022-07-19 09:10:07
1658221807847869000,36.55,2,36.55,5,36.6,40,2,2022-07-19 09:10:07
1658221807891907000,36.55,5,36.5,30,36.6,40,2,2022-07-19 09:10:07
1658221808496511000,36.55,2,36.55,4,36.6,60,2,2022-07-19 09:10:08
1658221808708826000,36.55,4,36.5,30,36.6,60,2,2022-07-19 09:10:08
1658221809108630000,36.55,1,36.5,30,36.55,1,1,2022-07-19 09:10:09
1658221809512151000,36.55,1,36.5,34,36.6,59,1,2022-07-19 09:10:09
1658221809512151000,36.6,1,36.5,34,36.6,59,1,2022-07-19 09:10:09
1658221809771987000,36.55,10,36.5,34,36.55,11,1,2022-07-19 09:10:09
1658221810237757000,36.55,2,36.5,37,36.55,9,1,2022-07-19 09:10:10
1658221810520674000,36.5,37,36.4,1,36.55,11,2,2022-07-19 09:10:10
1658221810559181000,36.5,2,36.4,6,36.5,35,1,2022-07-19 09:10:10
1658221811329032000,36.5,1,36.45,5,36.5,35,1,2022-07-19 09:10:11
1658221811392952000,36.45,1,36.45,4,36.5,35,2,2022-07-19 09:10:11
1658221812859100000,36.5,3,36.45,4,36.5,34,1,2022-07-19 09:10:12
1658221812999277000,36.5,1,36.45,4,36.5,33,1,2022-07-19 09:10:12
1658221813101824000,36.5,10,36.45,4,36.5,23,1,2022-07-19 09:10:13
1658221813227640000,36.45,4,36.4,6,36.45,6,2,2022-07-19 09:10:13
1658221813747542000,36.4,1,36.4,2,36.45,6,2,2022-07-19 09:10:13
1658221814317388000,36.45,1,36.4,2,36.45,5,1,2022-07-19 09:10:14
1658221814660004000,36.45,5,36.4,4,36.45,5,1,2022-07-19 09:10:14
1658221815005271000,36.5,1,36.4,4,36.5,22,1,2022-07-19 09:10:15
1658221815040481000,36.5,2,36.4,4,36.5,20,1,2022-07-19 09:10:15
1658221815133172000,36.5,10,36.4,4,36.5,23,1,2022-07-19 09:10:15
1658221815900174000,36.45,2,36.35,2,36.45,8,2,2022-07-19 09:10:15
1658221815980374000,36.4,1,36.35,3,36.4,1,1,2022-07-19 09:10:15
1658221816313928000,36.45,1,36.35,3,36.45,7,1,2022-07-19 09:10:16
1658221816437623000,36.45,1,36.35,3,36.45,6,1,2022-07-19 09:10:16
1658221817992867000,36.45,1,36.35,3,36.45,6,1,2022-07-19 09:10:17
1658221818155776000,36.45,1,36.35,3,36.45,7,1,2022-07-19 09:10:18
1658221818557899000,36.35,1,36.35,2,36.45,5,2,2022-07-19 09:10:18
1658221818870562000,36.45,1,36.4,23,36.45,4,1,2022-07-19 09:10:18
1658221818890787000,36.45,4,36.4,23,36.5,11,1,2022-07-19 09:10:18
1658221819068839000,36.45,1,36.4,24,36.45,1,1,2022-07-19 09:10:19
1658221819068839000,36.5,4,36.4,24,36.45,1,1,2022-07-19 09:10:19
1658221820817312000,36.45,1,36.4,46,36.5,7,1,2022-07-19 09:10:20
1658221821070217000,36.5,7,36.45,3,36.5,7,1,2022-07-19 09:10:21
1658221821666511000,36.55,13,36.45,5,36.55,13,1,2022-07-19 09:10:21
1658221821666511000,36.6,1,36.45,5,36.55,13,1,2022-07-19 09:10:21
1658221823278223000,36.6,1,36.5,2,36.6,58,1,2022-07-19 09:10:23
1658221824349524000,36.5,2,36.45,10,36.6,58,2,2022-07-19 09:10:24
1658221824349524000,36.45,4,36.45,10,36.6,58,2,2022-07-19 09:10:24
1658221829410669000,36.5,2,36.5,9,36.55,31,2,2022-07-19 09:10:29
1658221829962648000,36.55,3,36.5,14,36.55,28,1,2022-07-19 09:10:29
1658221830413248000,36.5,3,36.5,11,36.55,28,2,2022-07-19 09:10:30
1658221830556673000,36.5,3,36.5,9,36.55,28,2,2022-07-19 09:10:30
1658221830696744000,36.5,3,36.5,12,36.55,28,2,2022-07-19 09:10:30
1658221830788151000,36.55,1,36.5,6,36.55,27,1,2022-07-19 09:10:30
1658221831747649000,36.55,2,36.5,7,36.55,25,1,2022-07-19 09:10:31
1658221836066643000,36.55,15,36.5,13,36.55,16,1,2022-07-19 09:10:36
1658221838107230000,36.5,1,36.5,23,36.55,17,2,2022-07-19 09:10:38
1658221838334238000,36.55,5,36.5,23,36.55,12,1,2022-07-19 09:10:38
1658221839357223000,36.55,5,36.5,24,36.55,7,1,2022-07-19 09:10:39
1658221841633413000,36.55,1,36.5,28,36.55,6,1,2022-07-19 09:10:41
1658221841908418000,36.55,1,36.5,28,36.55,5,1,2022-07-19 09:10:41
1658221842015281000,36.5,1,36.5,27,36.55,5,2,2022-07-19 09:10:42
1658221842146450000,36.55,1,36.5,27,36.55,4,1,2022-07-19 09:10:42
1658221842271727000,36.55,1,36.5,27,36.55,3,1,2022-07-19 09:10:42
1658221843882898000,36.55,3,36.55,10,36.6,68,1,2022-07-19 09:10:43
1658221845722950000,36.55,1,36.55,19,36.6,68,2,2022-07-19 09:10:45
1658221847881018000,36.6,1,36.55,21,36.6,62,1,2022-07-19 09:10:47
1658221848639654000,36.55,1,36.55,23,36.6,62,2,2022-07-19 09:10:48
1658221849852822000,36.55,2,36.55,22,36.6,42,2,2022-07-19 09:10:49
1658221849975347000,36.55,9,36.55,13,36.6,42,2,2022-07-19 09:10:49
1658221850910426000,36.55,10,36.55,6,36.6,42,2,2022-07-19 09:10:50
1658221851024032000,36.55,4,36.55,3,36.6,42,2,2022-07-19 09:10:51
1658221851232110000,36.6,1,36.55,4,36.6,42,1,2022-07-19 09:10:51
1658221851277769000,36.6,2,36.55,4,36.6,39,1,2022-07-19 09:10:51
1658221854174246000,36.6,43,36.55,22,36.6,1,1,2022-07-19 09:10:54
1658221854331242000,36.6,1,36.55,23,36.65,8,1,2022-07-19 09:10:54
1658221854337564000,36.65,1,36.55,23,36.65,7,1,2022-07-19 09:10:54
1658221854987348000,36.6,1,36.55,23,36.6,3,1,2022-07-19 09:10:54
1658221855047384000,36.6,1,36.55,23,36.6,2,1,2022-07-19 09:10:55
1658221856465559000,36.6,2,36.6,28,36.65,7,1,2022-07-19 09:10:56
1658221857763097000,36.65,1,36.6,37,36.65,6,1,2022-07-19 09:10:57
1658221859355618000,36.65,4,36.6,37,36.65,2,1,2022-07-19 09:10:59
1658221859388069000,36.65,2,36.6,37,36.7,32,1,2022-07-19 09:10:59
1658221862184341000,36.65,1,36.6,38,36.65,12,1,2022-07-19 09:11:02
1658221862469616000,36.6,8,36.6,30,36.65,11,2,2022-07-19 09:11:02
1658221862505577000,36.6,8,36.6,22,36.65,11,2,2022-07-19 09:11:02
1658221862521191000,36.6,8,36.6,14,36.65,11,2,2022-07-19 09:11:02
1658221862553913000,36.6,14,36.55,18,36.65,11,2,2022-07-19 09:11:02
1658221862555914000,36.65,1,36.55,18,36.65,10,1,2022-07-19 09:11:02
1658221862689190000,36.55,1,36.55,26,36.6,8,2,2022-07-19 09:11:02
1658221862715856000,36.55,1,36.55,27,36.6,8,2,2022-07-19 09:11:02
1658221862816139000,36.6,1,36.55,25,36.6,7,1,2022-07-19 09:11:02
1658221863304166000,36.6,1,36.55,33,36.6,6,1,2022-07-19 09:11:03
1658221863470371000,36.6,1,36.55,33,36.6,5,1,2022-07-19 09:11:03
1658221863534200000,36.6,1,36.55,33,36.6,4,1,2022-07-19 09:11:03
1658221863651379000,36.6,1,36.55,33,36.6,4,1,2022-07-19 09:11:03
1658221867975627000,36.6,10,36.55,40,36.6,17,1,2022-07-19 09:11:07
1658221868595778000,36.6,1,36.55,40,36.6,23,1,2022-07-19 09:11:08
1658221869743073000,36.6,3,36.55,49,36.6,29,1,2022-07-19 09:11:09
1658221870356878000,36.6,1,36.55,49,36.6,25,1,2022-07-19 09:11:10
1658221870466133000,36.6,2,36.55,49,36.6,23,1,2022-07-19 09:11:10
1658221871520769000,36.6,4,36.55,54,36.6,20,1,2022-07-19 09:11:11
1658221872041614000,36.6,2,36.55,54,36.6,18,1,2022-07-19 09:11:12
1658221872183818000,36.6,1,36.55,54,36.6,18,1,2022-07-19 09:11:12
1658221872879583000,36.6,2,36.55,55,36.6,15,1,2022-07-19 09:11:12
1658221873262206000,36.6,1,36.55,58,36.6,14,1,2022-07-19 09:11:13
1658221873461422000,36.6,1,36.55,58,36.6,13,1,2022-07-19 09:11:13
1658221874203816000,36.6,10,36.55,58,36.6,3,1,2022-07-19 09:11:14
1658221874245318000,36.6,3,36.55,58,36.65,18,1,2022-07-19 09:11:14
1658221874441414000,36.55,1,36.55,57,36.6,33,2,2022-07-19 09:11:14
1658221874622891000,36.6,1,36.55,57,36.6,32,1,2022-07-19 09:11:14
1658221874701571000,36.55,10,36.55,47,36.6,32,2,2022-07-19 09:11:14
1658221874736187000,36.55,47,36.5,37,36.6,32,2,2022-07-19 09:11:14
1658221874901123000,36.55,1,36.5,42,36.6,32,1,2022-07-19 09:11:14
1658221875241443000,36.6,3,36.5,42,36.55,1,1,2022-07-19 09:11:15
1658221878530635000,36.6,1,36.55,5,36.6,35,1,2022-07-19 09:11:18
1658221878547778000,36.6,5,36.55,5,36.6,36,1,2022-07-19 09:11:18
1658221879083602000,36.6,1,36.55,5,36.6,29,1,2022-07-19 09:11:19
1658221882331670000,36.6,5,36.55,5,36.6,28,1,2022-07-19 09:11:22
1658221882607136000,36.6,2,36.55,5,36.6,26,1,2022-07-19 09:11:22
1658221883684295000,36.55,3,36.55,2,36.6,26,2,2022-07-19 09:11:23
1658221885312673000,36.55,1,36.55,1,36.6,29,2,2022-07-19 09:11:25
1658221886011062000,36.6,20,36.55,3,36.6,9,1,2022-07-19 09:11:26
1658221887264724000,36.55,1,36.55,2,36.6,14,2,2022-07-19 09:11:27
1658221889234377000,36.6,1,36.55,11,36.6,14,1,2022-07-19 09:11:29
1658221889299185000,36.55,3,36.55,8,36.6,13,2,2022-07-19 09:11:29
1658221890505435000,36.55,2,36.55,6,36.6,13,2,2022-07-19 09:11:30
1658221890672832000,36.55,4,36.55,2,36.6,13,2,2022-07-19 09:11:30
1658221890831668000,36.55,2,36.5,34,36.6,13,2,2022-07-19 09:11:30
1658221890831668000,36.5,2,36.5,34,36.6,13,2,2022-07-19 09:11:30
1658221891233676000,36.55,5,36.5,38,36.55,31,1,2022-07-19 09:11:31
1658221891334644000,36.55,2,36.5,38,36.55,24,1,2022-07-19 09:11:31
1658221891866295000,36.55,1,36.5,37,36.55,23,1,2022-07-19 09:11:31
1658221893339777000,36.55,1,36.5,37,36.55,22,1,2022-07-19 09:11:33
1658221895217356000,36.5,1,36.5,44,36.55,27,2,2022-07-19 09:11:35
1658221896427039000,36.55,1,36.5,43,36.55,26,1,2022-07-19 09:11:36
1658221897240243000,36.55,1,36.5,48,36.55,25,1,2022-07-19 09:11:37
1658221897638938000,36.55,1,36.5,48,36.55,24,1,2022-07-19 09:11:37
1658221913857064000,36.55,2,36.5,56,36.55,38,1,2022-07-19 09:11:53
1658221913980356000,36.55,1,36.5,56,36.55,37,1,2022-07-19 09:11:53
1658221917709902000,36.55,2,36.5,59,36.55,35,1,2022-07-19 09:11:57
1658221918561350000,36.5,7,36.5,52,36.55,35,2,2022-07-19 09:11:58
1658221920252156000,36.5,2,36.5,50,36.55,35,2,2022-07-19 09:12:00
1658221920495869000,36.5,3,36.5,47,36.55,35,2,2022-07-19 09:12:00
1658221920504941000,36.5,3,36.5,44,36.55,35,2,2022-07-19 09:12:00
1658221920589908000,36.5,3,36.5,41,36.55,35,2,2022-07-19 09:12:00
1658221920645775000,36.5,1,36.5,40,36.55,35,2,2022-07-19 09:12:00
1658221921649317000,36.5,1,36.5,39,36.55,35,2,2022-07-19 09:12:01
1658221922600407000,36.5,5,36.5,35,36.55,36,2,2022-07-19 09:12:02
1658221922890628000,36.5,10,36.5,25,36.55,36,2,2022-07-19 09:12:02
1658221923545712000,36.5,8,36.5,14,36.55,34,2,2022-07-19 09:12:03
1658221923578227000,36.5,8,36.5,6,36.55,34,2,2022-07-19 09:12:03
1658221923611460000,36.5,6,36.45,31,36.55,34,2,2022-07-19 09:12:03
1658221923646282000,36.5,1,36.45,31,36.55,34,2,2022-07-19 09:12:03
1658221924537578000,36.5,1,36.45,30,36.5,3,1,2022-07-19 09:12:04
1658221926783708000,36.5,1,36.45,30,36.5,3,1,2022-07-19 09:12:06
1658221929556615000,36.5,1,36.45,30,36.5,12,1,2022-07-19 09:12:09
1658221931859582000,36.5,10,36.45,30,36.5,2,1,2022-07-19 09:12:11
1658221931902739000,36.5,1,36.45,30,36.5,1,1,2022-07-19 09:12:11
1658221931938283000,36.5,1,36.45,30,36.55,37,1,2022-07-19 09:12:11
1658221937922502000,36.5,1,36.45,26,36.5,8,1,2022-07-19 09:12:17
1658221938106686000,36.45,10,36.45,11,36.5,38,2,2022-07-19 09:12:18
1658221938142493000,36.45,11,36.4,53,36.5,38,2,2022-07-19 09:12:18
1658221939427608000,36.45,1,36.4,62,36.5,60,1,2022-07-19 09:12:19
1658221943006162000,36.4,1,36.4,59,36.45,4,2,2022-07-19 09:12:23
1658221943048410000,36.45,4,36.4,59,36.45,4,1,2022-07-19 09:12:23
1658221943048410000,36.5,1,36.4,59,36.45,4,1,2022-07-19 09:12:23
1658221944186206000,36.45,1,36.45,1,36.5,59,2,2022-07-19 09:12:24
1658221944253536000,36.45,1,36.4,52,36.5,59,2,2022-07-19 09:12:24
1658221944977428000,36.45,1,36.4,60,36.5,59,1,2022-07-19 09:12:24
1658221945422461000,36.45,1,36.45,4,36.5,59,1,2022-07-19 09:12:25
1658221945576280000,36.45,3,36.45,6,36.5,59,2,2022-07-19 09:12:25
1658221946332846000,36.45,2,36.45,1,36.5,59,2,2022-07-19 09:12:26
1658221948992986000,36.45,1,36.4,60,36.45,11,1,2022-07-19 09:12:28
1658221951768853000,36.45,1,36.4,60,36.45,9,1,2022-07-19 09:12:31
1658221951799003000,36.45,9,36.4,60,36.5,64,1,2022-07-19 09:12:31
1658221952668029000,36.45,1,36.45,1,36.5,64,2,2022-07-19 09:12:32
1658221955965905000,36.5,1,36.45,6,36.5,63,1,2022-07-19 09:12:35
1658221958245709000,36.45,1,36.45,11,36.5,63,2,2022-07-19 09:12:38
1658221960383907000,36.5,1,36.45,13,36.5,62,1,2022-07-19 09:12:40
1658221961047983000,36.45,10,36.45,4,36.5,62,2,2022-07-19 09:12:41
1658221961476643000,36.5,2,36.45,8,36.5,62,1,2022-07-19 09:12:41
1658221962477575000,36.45,1,36.45,6,36.5,60,2,2022-07-19 09:12:42
1658221963924704000,36.45,1,36.45,7,36.5,60,2,2022-07-19 09:12:43
1658221964983594000,36.45,5,36.45,2,36.5,60,2,2022-07-19 09:12:44
1658221967219246000,36.45,2,36.4,51,36.5,55,2,2022-07-19 09:12:47
1658221967263296000,36.45,1,36.4,51,36.5,55,2,2022-07-19 09:12:47
1658221967391812000,36.45,1,36.4,51,36.5,55,2,2022-07-19 09:12:47
1658221970226779000,36.45,1,36.4,58,36.5,56,1,2022-07-19 09:12:50
1658221974015917000,36.45,1,36.45,3,36.5,57,2,2022-07-19 09:12:54
1658221978971785000,36.45,1,36.45,2,36.5,56,2,2022-07-19 09:12:58
1658221980151569000,36.45,1,36.45,2,36.5,61,2,2022-07-19 09:13:00
1658221980152183000,36.45,2,36.4,55,36.45,1,2,2022-07-19 09:13:00
1658221980188806000,36.4,19,36.4,43,36.45,2,2,2022-07-19 09:13:00
1658221980233929000,36.4,19,36.4,24,36.45,2,2,2022-07-19 09:13:00
1658221980234663000,36.4,1,36.4,23,36.45,2,2,2022-07-19 09:13:00
1658221980261035000,36.4,1,36.4,22,36.45,2,2,2022-07-19 09:13:00
1658221980304700000,36.4,1,36.4,21,36.45,2,2,2022-07-19 09:13:00
1658221980338482000,36.4,19,36.4,2,36.45,2,2,2022-07-19 09:13:00
1658221980464876000,36.4,1,36.4,1,36.45,2,2,2022-07-19 09:13:00
1658221980499461000,36.4,1,36.35,20,36.45,2,2,2022-07-19 09:13:00
1658221982726780000,36.4,2,36.35,17,36.4,9,1,2022-07-19 09:13:02
1658221982761256000,36.4,9,36.35,17,36.45,12,1,2022-07-19 09:13:02
1658221985499559000,36.35,1,36.35,16,36.4,1,2,2022-07-19 09:13:05
1658221987696805000,36.35,2,36.35,8,36.4,4,2,2022-07-19 09:13:07
1658221988684838000,36.35,2,36.35,6,36.4,4,2,2022-07-19 09:13:08
1658221988863320000,36.35,1,36.35,5,36.4,4,2,2022-07-19 09:13:08
1658221989158457000,36.35,2,36.35,3,36.4,9,2,2022-07-19 09:13:09
1658221989191129000,36.35,1,36.35,2,36.4,9,2,2022-07-19 09:13:09
1658221989519708000,36.35,2,36.3,15,36.35,2,2,2022-07-19 09:13:09
1658221989553140000,36.35,2,36.3,15,36.4,9,1,2022-07-19 09:13:09
1658221990615249000,36.4,19,36.3,21,36.4,19,1,2022-07-19 09:13:10
1658221993158409000,36.4,4,36.3,20,36.45,15,1,2022-07-19 09:13:13
1658221993199334000,36.45,15,36.3,20,36.5,45,1,2022-07-19 09:13:13
1658221993330181000,36.4,2,36.3,20,36.5,40,1,2022-07-19 09:13:13
1658221993518414000,36.35,1,36.3,20,36.5,40,1,2022-07-19 09:13:13
1658221995970598000,36.45,1,36.35,19,36.5,44,1,2022-07-19 09:13:15
1658221996085605000,36.5,31,36.35,24,36.5,9,1,2022-07-19 09:13:16
1658221997671262000,36.5,2,36.4,2,36.5,5,1,2022-07-19 09:13:17
1658221998899018000,36.5,5,36.4,12,36.5,5,1,2022-07-19 09:13:18
1658221999264833000,36.4,1,36.4,11,36.55,15,2,2022-07-19 09:13:19
1658222000732803000,36.5,1,36.5,1,36.55,15,2,2022-07-19 09:13:20
1658222005265177000,36.55,14,36.5,5,36.6,16,1,2022-07-19 09:13:25
1658222009596165000,36.6,2,36.55,3,36.6,14,1,2022-07-19 09:13:29
1658222009762284000,36.6,1,36.55,3,36.6,13,1,2022-07-19 09:13:29
1658222012484318000,36.6,10,36.55,5,36.6,3,1,2022-07-19 09:13:32
1658222012754526000,36.55,1,36.55,4,36.6,3,2,2022-07-19 09:13:32
1658222013112025000,36.6,1,36.55,4,36.6,2,1,2022-07-19 09:13:33
1658222020118465000,36.6,1,36.55,7,36.6,3,1,2022-07-19 09:13:40
1658222024114741000,36.6,3,36.55,21,36.65,14,1,2022-07-19 09:13:44
1658222029170531000,36.55,1,36.55,21,36.6,7,2,2022-07-19 09:13:49
1658222031452674000,36.55,1,36.55,21,36.6,7,2,2022-07-19 09:13:51
1658222032813374000,36.6,7,36.55,20,36.65,12,1,2022-07-19 09:13:52
1658222032813374000,36.65,3,36.55,20,36.65,12,1,2022-07-19 09:13:52
1658222036216163000,36.6,1,36.55,23,36.65,12,2,2022-07-19 09:13:56
1658222040081996000,36.6,4,36.6,7,36.65,12,2,2022-07-19 09:14:00
1658222040336431000,36.65,3,36.6,3,36.65,9,1,2022-07-19 09:14:00
1658222046157758000,36.65,1,36.6,9,36.65,11,1,2022-07-19 09:14:06
1658222046659579000,36.65,1,36.6,9,36.65,10,1,2022-07-19 09:14:06
1658222047747395000,36.6,2,36.6,16,36.65,10,2,2022-07-19 09:14:07
1658222049413810000,36.65,10,36.6,27,36.7,43,1,2022-07-19 09:14:09
1658222052184580000,36.65,2,36.65,7,36.7,44,2,2022-07-19 09:14:12
1658222054972000000,36.7,2,36.65,9,36.7,46,1,2022-07-19 09:14:14
1658222056693827000,36.65,1,36.65,28,36.7,44,2,2022-07-19 09:14:16
1658222057214860000,36.7,20,36.65,28,36.7,24,1,2022-07-19 09:14:17
1658222057251261000,36.7,24,36.65,28,36.75,19,1,2022-07-19 09:14:17
1658222057981507000,36.75,4,36.65,38,36.75,15,1,2022-07-19 09:14:17
1658222058023963000,36.65,1,36.65,38,36.75,19,2,2022-07-19 09:14:18
1658222059464182000,36.65,10,36.65,28,36.75,15,2,2022-07-19 09:14:19
1658222059640531000,36.7,1,36.65,26,36.75,11,1,2022-07-19 09:14:19
1658222059640531000,36.75,4,36.65,26,36.75,11,1,2022-07-19 09:14:19
1658222061757073000,36.65,6,36.65,21,36.75,11,2,2022-07-19 09:14:21
1658222062454156000,36.75,2,36.65,21,36.75,9,1,2022-07-19 09:14:22
1658222063019181000,36.75,1,36.7,9,36.75,9,1,2022-07-19 09:14:23
1658222063438459000,36.7,2,36.7,7,36.75,8,2,2022-07-19 09:14:23
1658222063467711000,36.75,1,36.7,7,36.75,8,1,2022-07-19 09:14:23
1658222064057907000,36.75,1,36.7,7,36.75,6,1,2022-07-19 09:14:24
1658222064133373000,36.75,1,36.7,7,36.75,4,1,2022-07-19 09:14:24
1658222066197314000,36.75,1,36.7,9,36.75,8,1,2022-07-19 09:14:26
1658222066873086000,36.75,1,36.7,13,36.75,7,1,2022-07-19 09:14:26
1658222067017796000,36.75,1,36.7,13,36.75,7,1,2022-07-19 09:14:27
1658222067925406000,36.75,5,36.7,13,36.75,1,1,2022-07-19 09:14:27
1658222067925876000,36.75,1,36.75,4,36.8,80,1,2022-07-19 09:14:27
1658222068820189000,36.8,1,36.75,26,36.8,79,1,2022-07-19 09:14:28
1658222070155399000,36.8,1,36.75,26,36.8,78,1,2022-07-19 09:14:30
1658222071647063000,36.8,1,36.75,28,36.8,78,1,2022-07-19 09:14:31
1658222072901832000,36.8,3,36.75,29,36.8,75,1,2022-07-19 09:14:32
1658222073238644000,36.75,1,36.75,31,36.8,74,2,2022-07-19 09:14:33
1658222074375595000,36.8,1,36.75,31,36.8,73,1,2022-07-19 09:14:34
1658222074439834000,36.8,1,36.75,31,36.8,72,1,2022-07-19 09:14:34
1658222074589181000,36.8,1,36.75,33,36.8,71,1,2022-07-19 09:14:34
1658222074589619000,36.8,1,36.75,33,36.8,72,1,2022-07-19 09:14:34
1658222074796845000,36.75,2,36.75,31,36.8,70,2,2022-07-19 09:14:34
1658222075131092000,36.75,10,36.75,21,36.8,70,2,2022-07-19 09:14:35
1658222075146592000,36.8,1,36.75,21,36.8,69,1,2022-07-19 09:14:35
1658222075323462000,36.8,10,36.75,25,36.8,69,1,2022-07-19 09:14:35
1658222075615515000,36.8,1,36.75,25,36.8,58,1,2022-07-19 09:14:35
1658222076069740000,36.8,1,36.75,25,36.8,57,1,2022-07-19 09:14:36
1658222076285731000,36.8,1,36.75,25,36.8,56,1,2022-07-19 09:14:36
1658222077745284000,36.8,1,36.75,49,36.8,55,1,2022-07-19 09:14:37
1658222077961786000,36.8,1,36.75,49,36.8,54,1,2022-07-19 09:14:37
1658222078108580000,36.8,2,36.75,49,36.8,52,1,2022-07-19 09:14:38
1658222079246432000,36.8,1,36.75,50,36.8,52,1,2022-07-19 09:14:39
1658222079263933000,36.8,1,36.75,50,36.8,51,1,2022-07-19 09:14:39
1658222079524131000,36.75,3,36.75,47,36.8,51,2,2022-07-19 09:14:39
1658222079980285000,36.8,2,36.75,47,36.8,49,1,2022-07-19 09:14:39
1658222080480012000,36.8,1,36.75,49,36.8,48,1,2022-07-19 09:14:40
1658222080849939000,36.8,1,36.75,49,36.8,47,1,2022-07-19 09:14:40
1658222082615882000,36.8,10,36.75,51,36.8,47,1,2022-07-19 09:14:42
1658222084502642000,36.8,5,36.75,56,36.8,47,1,2022-07-19 09:14:44
1658222086362471000,36.8,1,36.75,59,36.8,61,1,2022-07-19 09:14:46
1658222086440784000,36.8,1,36.75,61,36.8,60,1,2022-07-19 09:14:46
1658222086486496000,36.8,3,36.75,61,36.8,61,1,2022-07-19 09:14:46
1658222087023105000,36.8,5,36.75,62,36.8,58,1,2022-07-19 09:14:47
1658222087351355000,36.8,1,36.75,62,36.8,52,1,2022-07-19 09:14:47
1658222087429895000,36.8,2,36.75,62,36.8,53,1,2022-07-19 09:14:47
1658222087894700000,36.8,3,36.75,102,36.8,47,1,2022-07-19 09:14:47
1658222088145464000,36.8,1,36.75,103,36.8,46,1,2022-07-19 09:14:48
1658222088283851000,36.8,1,36.75,103,36.8,45,1,2022-07-19 09:14:48
1658222088357463000,36.8,1,36.75,103,36.8,44,1,2022-07-19 09:14:48
1658222088952821000,36.8,1,36.75,103,36.8,43,1,2022-07-19 09:14:48
1658222089378289000,36.8,1,36.75,110,36.8,42,1,2022-07-19 09:14:49
1658222089398689000,36.8,3,36.75,110,36.8,39,1,2022-07-19 09:14:49
1658222089519975000,36.8,1,36.75,72,36.8,39,1,2022-07-19 09:14:49
1658222089706444000,36.8,1,36.75,72,36.8,37,1,2022-07-19 09:14:49
1658222090135288000,36.8,1,36.75,73,36.8,46,1,2022-07-19 09:14:50
1658222090449361000,36.8,1,36.75,73,36.8,46,1,2022-07-19 09:14:50
1658222090978706000,36.8,1,36.75,75,36.8,45,1,2022-07-19 09:14:50
1658222091129739000,36.8,10,36.75,74,36.8,35,1,2022-07-19 09:14:51
1658222091601633000,36.8,1,36.75,74,36.8,39,1,2022-07-19 09:14:51
1658222091819094000,36.8,2,36.75,74,36.8,36,1,2022-07-19 09:14:51
1658222092403948000,36.8,1,36.75,76,36.8,35,1,2022-07-19 09:14:52
1658222092816216000,36.8,10,36.75,76,36.8,25,1,2022-07-19 09:14:52
1658222093198700000,36.8,1,36.75,76,36.8,24,1,2022-07-19 09:14:53
1658222093405100000,36.8,3,36.75,76,36.8,21,1,2022-07-19 09:14:53
1658222093776906000,36.8,1,36.75,76,36.8,20,1,2022-07-19 09:14:53
1658222093901632000,36.8,1,36.75,76,36.8,19,1,2022-07-19 09:14:53
1658222094126624000,36.8,2,36.75,76,36.8,17,1,2022-07-19 09:14:54
1658222094152217000,36.75,2,36.75,74,36.8,17,2,2022-07-19 09:14:54
1658222094717738000,36.8,15,36.8,5,36.85,38,1,2022-07-19 09:14:54
1658222094757731000,36.85,1,36.8,5,36.85,37,1,2022-07-19 09:14:54
1658222094763573000,36.85,37,36.85,51,36.9,72,1,2022-07-19 09:14:54
1658222094800187000,36.9,4,36.85,76,36.9,68,1,2022-07-19 09:14:54
1658222094830792000,36.9,3,36.85,80,36.9,65,1,2022-07-19 09:14:54
1658222094842201000,36.9,3,36.85,80,36.9,62,1,2022-07-19 09:14:54
1658222094971008000,36.9,1,36.85,80,36.9,61,1,2022-07-19 09:14:54
1658222094987254000,36.9,1,36.85,80,36.9,60,1,2022-07-19 09:14:54
1658222095005672000,36.9,1,36.85,80,36.9,59,1,2022-07-19 09:14:55
1658222095070114000,36.85,2,36.85,78,36.9,59,2,2022-07-19 09:14:55
1658222095565458000,36.85,4,36.85,74,36.9,59,2,2022-07-19 09:14:55
1658222096142498000,36.9,5,36.85,76,36.9,54,1,2022-07-19 09:14:56
1658222096579651000,36.9,1,36.85,76,36.9,53,1,2022-07-19 09:14:56
1658222096840827000,36.85,1,36.85,75,36.9,53,2,2022-07-19 09:14:56
1658222096864107000,36.9,1,36.85,75,36.9,52,1,2022-07-19 09:14:56
1658222097376147000,36.9,1,36.85,75,36.9,51,1,2022-07-19 09:14:57
1658222097690179000,36.85,1,36.85,74,36.9,51,2,2022-07-19 09:14:57
1658222097944483000,36.85,2,36.85,72,36.9,51,2,2022-07-19 09:14:57
1658222098309821000,36.85,1,36.85,72,36.9,51,2,2022-07-19 09:14:58
1658222099190781000,36.9,20,36.85,73,36.9,31,1,2022-07-19 09:14:59
1658222099625212000,36.85,1,36.85,72,36.9,31,2,2022-07-19 09:14:59
1658222099663818000,36.9,2,36.85,72,36.9,29,1,2022-07-19 09:14:59
1658222099824240000,36.9,1,36.85,73,36.9,28,1,2022-07-19 09:14:59
1658222099858717000,36.9,1,36.85,73,36.9,27,1,2022-07-19 09:14:59
1658222100039605000,36.85,3,36.85,70,36.9,27,2,2022-07-19 09:15:00
1658222100597027000,36.9,1,36.85,70,36.9,25,1,2022-07-19 09:15:00
1658222100683315000,36.9,1,36.85,70,36.9,24,1,2022-07-19 09:15:00
1658222101102568000,36.9,1,36.85,70,36.9,25,1,2022-07-19 09:15:01
1658222101127577000,36.9,1,36.85,70,36.9,24,1,2022-07-19 09:15:01
1658222101180815000,36.9,1,36.85,70,36.9,23,1,2022-07-19 09:15:01
1658222101593000000,36.9,1,36.85,70,36.9,22,1,2022-07-19 09:15:01
1658222101657308000,36.9,2,36.85,70,36.9,20,1,2022-07-19 09:15:01
1658222102303110000,36.9,1,36.85,73,36.9,19,1,2022-07-19 09:15:02
1658222102799577000,36.85,1,36.85,74,36.9,19,2,2022-07-19 09:15:02
1658222103695945000,36.9,1,36.85,75,36.9,18,1,2022-07-19 09:15:03
1658222103780248000,36.9,1,36.85,76,36.9,17,1,2022-07-19 09:15:03
1658222103920827000,36.85,77,36.8,11,36.9,27,2,2022-07-19 09:15:03
1658222103958097000,36.85,2,36.8,11,36.9,35,1,2022-07-19 09:15:03
1658222103958097000,36.9,1,36.8,11,36.9,35,1,2022-07-19 09:15:03
1658222104188649000,36.85,1,36.8,20,36.9,30,1,2022-07-19 09:15:04
1658222104188649000,36.9,1,36.8,20,36.9,30,1,2022-07-19 09:15:04
1658222104241839000,36.9,1,36.8,20,36.9,29,1,2022-07-19 09:15:04
1658222105037836000,36.85,5,36.8,20,36.85,7,1,2022-07-19 09:15:05
1658222105073013000,36.8,10,36.8,10,36.85,7,2,2022-07-19 09:15:05
1658222105176390000,36.8,6,36.8,4,36.85,14,2,2022-07-19 09:15:05
1658222105216563000,36.8,1,36.8,3,36.85,14,2,2022-07-19 09:15:05
1658222105224019000,36.8,1,36.8,2,36.85,14,2,2022-07-19 09:15:05
1658222105234504000,36.8,1,36.8,1,36.85,34,2,2022-07-19 09:15:05
1658222105265272000,36.85,5,36.8,1,36.85,29,1,2022-07-19 09:15:05
1658222105270271000,36.85,1,36.8,1,36.85,28,1,2022-07-19 09:15:05
1658222105480235000,36.8,1,36.75,46,36.85,28,2,2022-07-19 09:15:05
1658222105557006000,36.85,1,36.75,52,36.85,28,1,2022-07-19 09:15:05
1658222105636249000,36.85,10,36.75,52,36.85,18,1,2022-07-19 09:15:05
1658222105723756000,36.85,3,36.75,52,36.85,15,1,2022-07-19 09:15:05
1658222105797347000,36.75,1,36.75,51,36.85,15,2,2022-07-19 09:15:05
1658222106127128000,36.8,1,36.75,51,36.8,1,1,2022-07-19 09:15:06
1658222106145333000,36.75,2,36.75,49,36.8,1,2,2022-07-19 09:15:06
1658222106153516000,36.75,2,36.75,47,36.8,1,2,2022-07-19 09:15:06
1658222106306669000,36.75,28,36.75,19,36.8,1,2,2022-07-19 09:15:06
1658222106338843000,36.75,4,36.75,15,36.8,1,2,2022-07-19 09:15:06
1658222106343521000,36.75,1,36.75,14,36.8,6,2,2022-07-19 09:15:06
1658222106344123000,36.75,1,36.75,13,36.8,6,2,2022-07-19 09:15:06
1658222106350662000,36.75,1,36.75,12,36.8,6,2,2022-07-19 09:15:06
1658222106471209000,36.75,8,36.75,4,36.8,6,2,2022-07-19 09:15:06
1658222106534605000,36.75,1,36.75,3,36.8,6,2,2022-07-19 09:15:06
1658222106536935000,36.8,1,36.75,3,36.8,5,1,2022-07-19 09:15:06
1658222106559388000,36.8,1,36.75,3,36.8,10,1,2022-07-19 09:15:06
1658222106572838000,36.75,3,36.7,12,36.8,10,2,2022-07-19 09:15:06
1658222107535878000,36.75,1,36.7,13,36.75,30,1,2022-07-19 09:15:07
1658222107632409000,36.75,1,36.7,13,36.75,28,1,2022-07-19 09:15:07
1658222107871825000,36.7,7,36.7,6,36.75,28,2,2022-07-19 09:15:07
1658222107913599000,36.7,1,36.7,5,36.75,36,2,2022-07-19 09:15:07
1658222107914006000,36.7,1,36.7,4,36.75,36,2,2022-07-19 09:15:07
1658222107940428000,36.7,4,36.65,14,36.75,36,2,2022-07-19 09:15:07
1658222108066245000,36.65,3,36.65,12,36.75,36,2,2022-07-19 09:15:08
1658222108237634000,36.65,8,36.65,4,36.7,1,2,2022-07-19 09:15:08
1658222108280454000,36.65,1,36.65,3,36.7,1,2,2022-07-19 09:15:08
1658222108286656000,36.65,1,36.65,2,36.7,1,2,2022-07-19 09:15:08
1658222108398221000,36.65,1,36.65,1,36.7,1,2,2022-07-19 09:15:08
1658222109909785000,36.65,1,36.6,30,36.65,1,2,2022-07-19 09:15:09
1658222110032888000,36.65,1,36.6,34,36.7,3,1,2022-07-19 09:15:10
1658222113194859000,36.65,3,36.6,34,36.65,19,1,2022-07-19 09:15:13
1658222113522764000,36.6,1,36.6,33,36.65,40,2,2022-07-19 09:15:13
1658222113551070000,36.6,19,36.6,14,36.65,40,2,2022-07-19 09:15:13
1658222113579391000,36.6,14,36.55,22,36.65,40,2,2022-07-19 09:15:13
1658222113671609000,36.55,3,36.55,22,36.6,3,2,2022-07-19 09:15:13
1658222115566099000,36.6,1,36.55,22,36.6,2,1,2022-07-19 09:15:15
1658222118419783000,36.55,1,36.55,21,36.6,15,2,2022-07-19 09:15:18
1658222118466566000,36.55,21,36.5,39,36.6,15,2,2022-07-19 09:15:18
1658222119241527000,36.55,1,36.5,44,36.6,12,1,2022-07-19 09:15:19
1658222120877911000,36.6,10,36.55,11,36.6,10,1,2022-07-19 09:15:20
1658222120912823000,36.55,1,36.55,10,36.6,8,2,2022-07-19 09:15:20
1658222120944029000,36.55,1,36.55,9,36.6,8,2,2022-07-19 09:15:20
1658222121225331000,36.55,2,36.55,8,36.6,9,2,2022-07-19 09:15:21
1658222121547830000,36.6,1,36.55,8,36.65,46,1,2022-07-19 09:15:21
1658222124375018000,36.6,8,36.6,9,36.65,45,2,2022-07-19 09:15:24
1658222124441065000,36.6,1,36.6,8,36.65,45,2,2022-07-19 09:15:24
1658222124642410000,36.65,1,36.6,8,36.65,44,1,2022-07-19 09:15:24
1658222128124557000,36.65,1,36.6,11,36.65,43,1,2022-07-19 09:15:28
1658222130658518000,36.65,1,36.6,13,36.65,47,1,2022-07-19 09:15:30
1658222132370521000,36.6,5,36.6,12,36.65,47,2,2022-07-19 09:15:32
1658222134480187000,36.6,2,36.6,17,36.65,47,2,2022-07-19 09:15:34
1658222135177761000,36.6,1,36.6,14,36.65,47,2,2022-07-19 09:15:35
1658222135842494000,36.6,1,36.6,14,36.65,47,2,2022-07-19 09:15:35
1658222137264873000,36.65,2,36.6,14,36.65,45,1,2022-07-19 09:15:37
1658222137616501000,36.65,2,36.6,15,36.65,43,1,2022-07-19 09:15:37
1658222137640345000,36.6,1,36.6,14,36.65,43,2,2022-07-19 09:15:37
1658222137980687000,36.6,1,36.6,13,36.65,43,2,2022-07-19 09:15:37
1658222138645876000,36.6,1,36.6,12,36.65,43,2,2022-07-19 09:15:38
1658222141008682000,36.6,1,36.6,20,36.65,43,2,2022-07-19 09:15:41
1658222141708012000,36.6,1,36.6,19,36.65,43,2,2022-07-19 09:15:41
1658222141757414000,36.6,1,36.6,18,36.65,43,2,2022-07-19 09:15:41
1658222142234182000,36.65,1,36.6,18,36.65,42,1,2022-07-19 09:15:42
1658222142568536000,36.6,1,36.6,17,36.65,42,2,2022-07-19 09:15:42
1658222143621769000,36.6,1,36.6,16,36.65,43,2,2022-07-19 09:15:43
1658222144809567000,36.6,10,36.6,7,36.65,43,2,2022-07-19 09:15:44
1658222144958762000,36.6,1,36.6,8,36.65,43,2,2022-07-19 09:15:44
1658222146224643000,36.6,7,36.6,3,36.65,43,2,2022-07-19 09:15:46
1658222146300722000,36.6,3,36.55,12,36.6,1,2,2022-07-19 09:15:46
1658222146836924000,36.6,2,36.6,1,36.65,42,1,2022-07-19 09:15:46
1658222146993980000,36.6,1,36.6,2,36.65,42,2,2022-07-19 09:15:46
1658222147763244000,36.65,5,36.6,1,36.65,37,1,2022-07-19 09:15:47
1658222148200963000,36.6,1,36.6,1,36.65,38,2,2022-07-19 09:15:48
1658222149703157000,36.6,1,36.6,2,36.65,38,2,2022-07-19 09:15:49
1658222149781718000,36.6,2,36.55,16,36.65,38,2,2022-07-19 09:15:49
1658222151665782000,36.6,1,36.55,18,36.6,17,1,2022-07-19 09:15:51
1658222152394443000,36.6,1,36.55,19,36.6,16,1,2022-07-19 09:15:52
1658222152932363000,36.6,2,36.55,19,36.6,19,1,2022-07-19 09:15:52
1658222153319938000,36.6,2,36.55,19,36.6,18,1,2022-07-19 09:15:53
1658222157911745000,36.6,1,36.55,20,36.6,20,1,2022-07-19 09:15:57
1658222158439977000,36.55,2,36.55,18,36.6,19,2,2022-07-19 09:15:58
1658222160027448000,36.55,4,36.55,15,36.6,21,2,2022-07-19 09:16:00
1658222160059858000,36.55,15,36.5,43,36.6,21,2,2022-07-19 09:16:00
1658222163901720000,36.5,1,36.5,48,36.55,25,2,2022-07-19 09:16:03
1658222163961780000,36.5,1,36.5,47,36.55,25,2,2022-07-19 09:16:03
1658222163993929000,36.5,21,36.5,26,36.55,25,2,2022-07-19 09:16:03
1658222164022853000,36.5,26,36.45,20,36.55,29,2,2022-07-19 09:16:04
1658222164161827000,36.5,1,36.45,22,36.55,29,1,2022-07-19 09:16:04
1658222164188187000,36.45,3,36.45,19,36.55,29,2,2022-07-19 09:16:04
1658222164205377000,36.45,1,36.45,18,36.55,25,2,2022-07-19 09:16:04
1658222166836788000,36.5,2,36.45,18,36.5,4,1,2022-07-19 09:16:06
1658222177330084000,36.45,1,36.45,19,36.5,18,2,2022-07-19 09:16:17
1658222179198301000,36.45,2,36.45,18,36.5,18,2,2022-07-19 09:16:19
1658222179704275000,36.45,1,36.45,17,36.5,18,2,2022-07-19 09:16:19
1658222181307476000,36.45,1,36.45,27,36.5,18,2,2022-07-19 09:16:21
1658222181599161000,36.45,10,36.45,17,36.5,18,2,2022-07-19 09:16:21
1658222183143194000,36.45,3,36.45,14,36.5,19,2,2022-07-19 09:16:23
1658222183804619000,36.45,10,36.45,4,36.5,19,2,2022-07-19 09:16:23
1658222183964245000,36.45,2,36.45,2,36.5,19,2,2022-07-19 09:16:23
1658222184762851000,36.45,1,36.45,1,36.5,19,2,2022-07-19 09:16:24
1658222184952239000,36.45,1,36.4,33,36.5,19,2,2022-07-19 09:16:24
1658222185110699000,36.4,5,36.4,37,36.5,19,2,2022-07-19 09:16:25
1658222185905527000,36.45,2,36.4,39,36.45,2,1,2022-07-19 09:16:25
1658222186802843000,36.4,1,36.4,38,36.5,18,2,2022-07-19 09:16:26
1658222187002382000,36.45,1,36.4,34,36.5,18,1,2022-07-19 09:16:27
1658222187035455000,36.5,18,36.4,34,36.55,22,1,2022-07-19 09:16:27
1658222188177816000,36.55,18,36.4,32,36.6,13,1,2022-07-19 09:16:28
1658222189359957000,36.55,10,36.4,32,36.6,22,1,2022-07-19 09:16:29
1658222191981526000,36.55,7,36.5,14,36.6,22,1,2022-07-19 09:16:31
1658222192006802000,36.6,11,36.5,14,36.6,7,1,2022-07-19 09:16:32
1658222192069995000,36.6,2,36.5,19,36.65,36,1,2022-07-19 09:16:32
1658222198069887000,36.65,1,36.6,2,36.65,35,1,2022-07-19 09:16:38
1658222205921299000,36.65,1,36.6,2,36.65,37,1,2022-07-19 09:16:45
1658222206782766000,36.6,1,36.6,1,36.65,37,2,2022-07-19 09:16:46
1658222209169654000,36.65,1,36.6,8,36.65,36,1,2022-07-19 09:16:49
1658222215161109000,36.65,1,36.6,18,36.65,55,1,2022-07-19 09:16:55
1658222216408888000,36.6,2,36.6,24,36.65,55,2,2022-07-19 09:16:56
1658222217571196000,36.65,1,36.6,24,36.65,54,1,2022-07-19 09:16:57
1658222219040720000,36.65,1,36.6,27,36.65,53,1,2022-07-19 09:16:59
1658222219523235000,36.6,6,36.6,21,36.65,53,2,2022-07-19 09:16:59
1658222221031462000,36.6,1,36.6,24,36.65,61,2,2022-07-19 09:17:01
1658222221046539000,36.6,1,36.6,23,36.65,61,2,2022-07-19 09:17:01
1658222222387538000,36.65,1,36.6,23,36.65,62,1,2022-07-19 09:17:02
1658222229904936000,36.6,2,36.6,24,36.65,74,2,2022-07-19 09:17:09
1658222232157025000,36.6,5,36.6,25,36.65,74,2,2022-07-19 09:17:12
1658222234248767000,36.65,5,36.6,69,36.65,71,1,2022-07-19 09:17:14
1658222234388791000,36.6,1,36.6,69,36.65,71,2,2022-07-19 09:17:14
1658222238728379000,36.65,1,36.6,71,36.65,70,1,2022-07-19 09:17:18
1658222239202376000,36.65,1,36.6,71,36.65,69,1,2022-07-19 09:17:19
1658222242589094000,36.65,1,36.6,71,36.65,69,1,2022-07-19 09:17:22
1658222243083640000,36.6,1,36.6,70,36.65,68,2,2022-07-19 09:17:23
1658222243975734000,36.65,1,36.6,70,36.65,68,1,2022-07-19 09:17:23
1658222246049895000,36.65,1,36.6,74,36.65,66,1,2022-07-19 09:17:26
1658222250591271000,36.6,3,36.6,75,36.65,89,2,2022-07-19 09:17:30
1658222250618885000,36.6,21,36.6,51,36.65,86,2,2022-07-19 09:17:30
1658222250653038000,36.6,1,36.6,50,36.65,90,2,2022-07-19 09:17:30
1658222250668070000,36.65,1,36.6,50,36.65,89,1,2022-07-19 09:17:30
1658222250964207000,36.6,1,36.6,51,36.65,90,2,2022-07-19 09:17:30
1658222251798643000,36.6,1,36.6,48,36.65,89,2,2022-07-19 09:17:31
1658222251851149000,36.6,2,36.6,46,36.65,89,2,2022-07-19 09:17:31
1658222251881621000,36.6,21,36.6,25,36.65,89,2,2022-07-19 09:17:31
1658222251910475000,36.6,3,36.6,22,36.65,89,2,2022-07-19 09:17:31
1658222251910577000,36.6,22,36.55,7,36.65,89,2,2022-07-19 09:17:31
1658222251923759000,36.65,2,36.55,7,36.65,87,1,2022-07-19 09:17:31
1658222258372665000,36.55,5,36.55,5,36.6,104,2,2022-07-19 09:17:38
1658222258398733000,36.55,5,36.5,23,36.6,104,2,2022-07-19 09:17:38
1658222258934357000,36.5,1,36.5,19,36.55,2,2,2022-07-19 09:17:38
1658222259170121000,36.55,1,36.5,19,36.55,1,1,2022-07-19 09:17:39
1658222270503924000,36.55,1,36.5,23,36.55,26,1,2022-07-19 09:17:50
1658222271128988000,36.55,25,36.5,23,36.55,1,1,2022-07-19 09:17:51
1658222271160998000,36.55,1,36.5,23,36.6,21,1,2022-07-19 09:17:51
1658222271190148000,36.5,1,36.5,22,36.6,21,2,2022-07-19 09:17:51
1658222272748862000,36.55,1,36.5,34,36.6,21,1,2022-07-19 09:17:52
1658222276290828000,36.6,1,36.55,2,36.6,15,1,2022-07-19 09:17:56
1658222276388943000,36.6,1,36.55,2,36.6,14,1,2022-07-19 09:17:56
1658222281527960000,36.6,5,36.55,7,36.6,31,1,2022-07-19 09:18:01
1658222283250349000,36.55,8,36.5,37,36.6,31,2,2022-07-19 09:18:03
1658222283290171000,36.6,1,36.5,37,36.6,30,1,2022-07-19 09:18:03
1658222292168786000,36.55,1,36.5,57,36.55,2,1,2022-07-19 09:18:12
1658222292983524000,36.55,2,36.5,59,36.6,43,1,2022-07-19 09:18:12
1658222292983524000,36.6,1,36.5,59,36.6,43,1,2022-07-19 09:18:12
1658222294252316000,36.55,1,36.5,59,36.6,44,1,2022-07-19 09:18:14
1658222294970734000,36.55,2,36.5,52,36.6,44,2,2022-07-19 09:18:14
1658222298194179000,36.6,1,36.55,15,36.6,47,1,2022-07-19 09:18:18
1658222306704179000,36.6,1,36.55,42,36.6,46,1,2022-07-19 09:18:26
1658222309188922000,36.6,7,36.55,43,36.6,46,1,2022-07-19 09:18:29
1658222310568570000,36.55,4,36.55,45,36.6,40,2,2022-07-19 09:18:30
1658222314535071000,36.55,15,36.55,26,36.6,46,2,2022-07-19 09:18:34
1658222322634412000,36.55,1,36.55,35,36.6,49,2,2022-07-19 09:18:42
1658222322967276000,36.55,1,36.55,34,36.6,49,2,2022-07-19 09:18:42
