ts,close,volume,bid_price,bid_volume,ask_price,ask_volume,tick_type,datetime
1658221201997759000,17.55,214,17.5,6,17.55,38,0,2022-07-19 09:00:01
1658221202027984000,17.5,6,17.45,6,17.55,38,2,2022-07-19 09:00:02
1658221202295755000,17.55,3,17.45,6,17.55,35,1,2022-07-19 09:00:02
1658221203830389000,17.5,1,17.45,6,17.5,1,1,2022-07-19 09:00:03
1658221208806945000,17.5,1,17.45,6,17.55,31,1,2022-07-19 09:00:08
1658221208806945000,17.55,4,17.45,6,17.55,31,1,2022-07-19 09:00:08
1658221211708910000,17.5,1,17.45,6,17.55,31,2,2022-07-19 09:00:11
1658221213197852000,17.55,30,17.45,6,17.55,1,1,2022-07-19 09:00:13
1658221213234682000,17.55,1,17.45,6,17.6,7,1,2022-07-19 09:00:13
1658221213978865000,17.55,1,17.45,6,17.6,7,2,2022-07-19 09:00:13
1658221214045570000,17.45,2,17.45,4,17.6,7,2,2022-07-19 09:00:14
1658221214301408000,17.6,3,17.45,4,17.6,4,1,2022-07-19 09:00:14
1658221216353744000,17.5,1,17.45,5,17.6,4,1,2022-07-19 09:00:16
1658221218870993000,17.5,6,17.45,5,17.6,4,2,2022-07-19 09:00:18
1658221219158136000,17.45,1,17.45,4,17.6,4,2,2022-07-19 09:00:19
1658221219533150000,17.6,2,17.45,4,17.6,2,1,2022-07-19 09:00:19
1658221220446575000,17.6,2,17.6,1,17.65,13,1,2022-07-19 09:00:20
1658221220472485000,17.6,1,17.45,4,17.65,13,2,2022-07-19 09:00:20
1658221222811528000,17.6,1,17.5,3,17.65,13,1,2022-07-19 09:00:22
1658221225095933000,17.65,3,17.5,3,17.65,10,1,2022-07-19 09:00:25
1658221227414404000,17.65,10,17.5,3,17.7,15,1,2022-07-19 09:00:27
1658221228158765000,17.7,2,17.5,4,17.7,13,1,2022-07-19 09:00:28
1658221228882342000,17.5,1,17.5,3,17.7,13,2,2022-07-19 09:00:28
1658221229471693000,17.5,1,17.5,4,17.65,1,2,2022-07-19 09:00:29
1658221230793079000,17.65,1,17.5,3,17.7,13,1,2022-07-19 09:00:30
1658221233017686000,17.65,1,17.5,3,17.7,13,2,2022-07-19 09:00:33
1658221233249557000,17.5,1,17.5,2,17.7,13,2,2022-07-19 09:00:33
1658221234171551000,17.7,10,17.55,1,17.7,3,1,2022-07-19 09:00:34
1658221238416136000,17.7,2,17.6,1,17.7,9,1,2022-07-19 09:00:38
1658221240197306000,17.6,1,17.55,4,17.7,9,2,2022-07-19 09:00:40
1658221240321931000,17.65,1,17.55,4,17.7,9,2,2022-07-19 09:00:40
1658221241173142000,17.6,1,17.6,5,17.7,9,2,2022-07-19 09:00:41
1658221241671546000,17.6,1,17.6,4,17.7,14,2,2022-07-19 09:00:41
1658221242325850000,17.6,1,17.6,3,17.7,14,2,2022-07-19 09:00:42
1658221242797969000,17.6,1,17.6,2,17.7,14,2,2022-07-19 09:00:42
1658221243189914000,17.6,1,17.6,1,17.7,14,2,2022-07-19 09:00:43
1658221243564698000,17.6,1,17.55,4,17.7,14,2,2022-07-19 09:00:43
1658221244004984000,17.55,1,17.55,3,17.7,14,2,2022-07-19 09:00:44
1658221244389751000,17.55,1,17.55,2,17.7,19,2,2022-07-19 09:00:44
1658221244495536000,17.6,1,17.5,6,17.7,19,2,2022-07-19 09:00:44
1658221245525898000,17.55,1,17.55,4,17.7,20,2,2022-07-19 09:00:45
1658221245798187000,17.55,1,17.55,3,17.65,1,2,2022-07-19 09:00:45
1658221245944743000,17.55,1,17.55,2,17.65,10,2,2022-07-19 09:00:45
1658221245978006000,17.55,2,17.5,7,17.65,10,2,2022-07-19 09:00:45
1658221246174238000,17.55,1,17.5,7,17.65,2,1,2022-07-19 09:00:46
1658221246174238000,17.65,9,17.5,7,17.65,2,1,2022-07-19 09:00:46
1658221246336136000,17.55,1,17.5,7,17.55,1,1,2022-07-19 09:00:46
1658221247966028000,17.65,1,17.5,7,17.65,2,1,2022-07-19 09:00:47
1658221249630796000,17.55,10,17.5,7,17.65,8,2,2022-07-19 09:00:49
1658221249778800000,17.5,1,17.5,6,17.65,8,2,2022-07-19 09:00:49
1658221250177402000,17.65,2,17.5,7,17.65,7,1,2022-07-19 09:00:50
1658221251146209000,17.5,1,17.5,6,17.65,7,2,2022-07-19 09:00:51
1658221251707441000,17.65,7,17.5,6,17.7,5,1,2022-07-19 09:00:51
1658221251707441000,17.7,7,17.5,6,17.7,5,1,2022-07-19 09:00:51
1658221253156796000,17.65,1,17.5,6,17.7,5,2,2022-07-19 09:00:53
1658221253349548000,17.7,2,17.5,6,17.7,3,1,2022-07-19 09:00:53
1658221254814125000,17.55,1,17.5,7,17.7,3,1,2022-07-19 09:00:54
1658221255052371000,17.5,5,17.5,2,17.7,3,2,2022-07-19 09:00:55
1658221255568638000,17.65,4,17.65,1,17.7,3,2,2022-07-19 09:00:55
1658221255599397000,17.65,1,17.5,3,17.7,3,2,2022-07-19 09:00:55
1658221255672383000,17.55,1,17.5,3,17.7,3,1,2022-07-19 09:00:55
1658221256360712000,17.55,1,17.5,3,17.7,5,1,2022-07-19 09:00:56
1658221260222002000,17.55,1,17.5,5,17.7,8,1,2022-07-19 09:01:00
1658221261235650000,17.55,1,17.5,5,17.7,8,1,2022-07-19 09:01:01
1658221261724544000,17.6,4,17.55,10,17.6,13,1,2022-07-19 09:01:01
1658221261775770000,17.55,1,17.55,9,17.6,13,2,2022-07-19 09:01:01
1658221262239006000,17.55,1,17.55,8,17.6,13,2,2022-07-19 09:01:02
1658221262544122000,17.55,1,17.55,7,17.6,13,2,2022-07-19 09:01:02
1658221262739560000,17.55,1,17.55,6,17.6,13,2,2022-07-19 09:01:02
1658221262897928000,17.55,1,17.55,5,17.6,13,2,2022-07-19 09:01:02
1658221263057514000,17.55,1,17.55,4,17.6,13,2,2022-07-19 09:01:03
1658221263095229000,17.55,4,17.5,15,17.6,13,2,2022-07-19 09:01:03
1658221266063474000,17.55,1,17.5,14,17.6,15,1,2022-07-19 09:01:06
1658221267123778000,17.55,2,17.55,1,17.6,15,2,2022-07-19 09:01:07
1658221267158729000,17.55,1,17.5,14,17.6,15,2,2022-07-19 09:01:07
1658221268753777000,17.55,1,17.5,14,17.6,14,1,2022-07-19 09:01:08
1658221268753777000,17.6,2,17.5,14,17.6,14,1,2022-07-19 09:01:08
1658221270380780000,17.55,1,17.5,14,17.6,14,1,2022-07-19 09:01:10
1658221272498330000,17.55,1,17.5,18,17.6,14,1,2022-07-19 09:01:12
1658221273741947000,17.55,1,17.55,4,17.6,12,1,2022-07-19 09:01:13
1658221274330860000,17.55,1,17.55,4,17.6,12,2,2022-07-19 09:01:14
1658221275687441000,17.55,1,17.55,3,17.6,12,2,2022-07-19 09:01:15
1658221275898755000,17.55,3,17.5,3,17.6,12,2,2022-07-19 09:01:15
1658221275898755000,17.5,15,17.5,3,17.6,12,2,2022-07-19 09:01:15
1658221275939741000,17.5,3,17.45,9,17.6,12,2,2022-07-19 09:01:15
1658221276452478000,17.5,2,17.45,9,17.5,3,1,2022-07-19 09:01:16
1658221278599859000,17.5,2,17.45,9,17.5,1,1,2022-07-19 09:01:18
1658221279006335000,17.5,1,17.55,2,17.6,12,1,2022-07-19 09:01:19
1658221279006335000,17.55,1,17.55,2,17.6,12,1,2022-07-19 09:01:19
1658221279043258000,17.55,1,17.55,1,17.6,12,2,2022-07-19 09:01:19
1658221279043709000,17.55,1,17.45,9,17.6,12,2,2022-07-19 09:01:19
1658221280714541000,17.6,6,17.5,11,17.6,6,1,2022-07-19 09:01:20
1658221283094603000,17.5,8,17.5,11,17.55,1,2,2022-07-19 09:01:23
1658221288260672000,17.55,1,17.5,4,17.55,2,1,2022-07-19 09:01:28
1658221288310003000,17.55,1,17.5,4,17.55,1,1,2022-07-19 09:01:28
1658221290964160000,17.55,1,17.5,5,17.55,2,1,2022-07-19 09:01:30
1658221291016253000,17.55,2,17.5,5,17.65,3,1,2022-07-19 09:01:31
1658221291016253000,17.6,2,17.5,5,17.65,3,1,2022-07-19 09:01:31
1658221291016253000,17.65,1,17.5,5,17.65,3,1,2022-07-19 09:01:31
1658221293718092000,17.5,3,17.5,2,17.65,12,2,2022-07-19 09:01:33
1658221293749980000,17.5,2,17.45,15,17.65,12,2,2022-07-19 09:01:33
1658221299939620000,17.55,2,17.5,2,17.55,1,1,2022-07-19 09:01:39
1658221301403296000,17.55,2,17.5,2,17.6,5,1,2022-07-19 09:01:41
1658221301561651000,17.5,2,17.5,2,17.55,9,2,2022-07-19 09:01:41
1658221301986024000,17.5,1,17.5,1,17.55,10,2,2022-07-19 09:01:41
1658221304575446000,17.5,1,17.45,15,17.5,1,2,2022-07-19 09:01:44
1658221306161845000,17.45,8,17.45,15,17.5,13,2,2022-07-19 09:01:46
1658221306191936000,17.45,7,17.4,3,17.5,13,2,2022-07-19 09:01:46
1658221309417244000,17.4,4,17.35,4,17.45,8,2,2022-07-19 09:01:49
1658221310253763000,17.4,1,17.35,4,17.4,9,1,2022-07-19 09:01:50
1658221312957755000,17.35,4,17.1,4,17.15,4,2,2022-07-19 09:01:52
1658221312957755000,17.3,12,17.1,4,17.15,4,2,2022-07-19 09:01:52
1658221312957755000,17.25,1,17.1,4,17.15,4,2,2022-07-19 09:01:52
1658221312957755000,17.2,2,17.1,4,17.15,4,2,2022-07-19 09:01:52
1658221312957755000,17.15,4,17.1,4,17.15,4,2,2022-07-19 09:01:52
1658221312994621000,17.15,2,17.1,4,17.15,2,1,2022-07-19 09:01:52
1658221312994892000,17.15,2,17.1,4,17.4,9,1,2022-07-19 09:01:52
1658221315506064000,17.1,1,17.1,3,17.3,1,2,2022-07-19 09:01:55
1658221319490736000,17.1,2,17.1,2,17.3,1,2,2022-07-19 09:01:59
1658221320078089000,17.1,1,17.1,1,17.3,1,2,2022-07-19 09:02:00
1658221327860247000,17.25,2,17.2,3,17.3,6,1,2022-07-19 09:02:07
1658221330526229000,17.2,1,17.2,2,17.3,6,2,2022-07-19 09:02:10
1658221332555713000,17.3,6,17.2,7,17.45,3,1,2022-07-19 09:02:12
1658221333171850000,17.4,2,17.3,1,17.4,6,1,2022-07-19 09:02:13
1658221337187942000,17.35,1,17.2,3,17.4,4,2,2022-07-19 09:02:17
1658221337187942000,17.3,1,17.2,3,17.4,4,2,2022-07-19 09:02:17
1658221339314717000,17.35,3,17.2,2,17.4,4,1,2022-07-19 09:02:19
1658221341289873000,17.4,3,17.3,1,17.4,1,1,2022-07-19 09:02:21
1658221343400068000,17.3,1,17.15,1,17.4,1,2,2022-07-19 09:02:23
1658221343400068000,17.25,3,17.15,1,17.4,1,2,2022-07-19 09:02:23
1658221343400068000,17.2,2,17.15,1,17.4,1,2,2022-07-19 09:02:23
1658221343590064000,17.15,1,17.1,9,17.4,1,2,2022-07-19 09:02:23
1658221346266425000,17.4,1,17.2,2,17.45,3,1,2022-07-19 09:02:26
1658221350139575000,17.25,1,17.2,2,17.25,1,1,2022-07-19 09:02:30
1658221351575714000,17.4,1,17.2,2,17.4,6,1,2022-07-19 09:02:31
1658221355060721000,17.4,1,17.25,6,17.4,5,1,2022-07-19 09:02:35
1658221355950499000,17.25,1,17.25,5,17.4,5,2,2022-07-19 09:02:35
1658221359909639000,17.35,1,17.25,5,17.4,4,1,2022-07-19 09:02:39
1658221359909639000,17.4,1,17.25,5,17.4,4,1,2022-07-19 09:02:39
1658221363839072000,17.35,1,17.3,1,17.35,2,1,2022-07-19 09:02:43
1658221364604332000,17.35,3,17.3,6,17.4,4,1,2022-07-19 09:02:44
1658221367826823000,17.4,3,17.3,6,17.4,1,1,2022-07-19 09:02:47
1658221367959244000,17.4,1,17.35,1,17.4,1,1,2022-07-19 09:02:47
1658221368276436000,17.4,1,17.35,1,17.45,6,1,2022-07-19 09:02:48
1658221368499262000,17.45,1,17.35,1,17.45,5,1,2022-07-19 09:02:48
1658221370550824000,17.45,5,17.4,5,17.5,5,1,2022-07-19 09:02:50
1658221372697218000,17.5,3,17.45,1,17.5,2,1,2022-07-19 09:02:52
1658221372735081000,17.45,1,17.4,5,17.5,2,2,2022-07-19 09:02:52
1658221373849001000,17.4,1,17.35,3,17.5,2,1,2022-07-19 09:02:53
1658221374226885000,17.4,1,17.35,3,17.5,2,1,2022-07-19 09:02:54
1658221375642428000,17.5,1,17.4,2,17.5,1,1,2022-07-19 09:02:55
1658221375858312000,17.5,1,17.4,6,17.55,3,1,2022-07-19 09:02:55
1658221381342272000,17.55,3,17.5,6,17.6,1,1,2022-07-19 09:03:01
1658221381610534000,17.5,6,17.45,2,17.6,1,2,2022-07-19 09:03:01
1658221381610534000,17.45,4,17.45,2,17.6,1,2,2022-07-19 09:03:01
1658221382890627000,17.45,2,17.4,7,17.6,1,2,2022-07-19 09:03:02
1658221382937311000,17.6,1,17.4,7,17.65,19,1,2022-07-19 09:03:02
1658221382937311000,17.65,2,17.4,7,17.65,19,1,2022-07-19 09:03:02
1658221383102863000,17.65,2,17.5,1,17.65,17,1,2022-07-19 09:03:03
1658221385113246000,17.65,4,17.55,1,17.65,13,1,2022-07-19 09:03:05
1658221385152487000,17.55,1,17.5,1,17.65,13,2,2022-07-19 09:03:05
1658221385295982000,17.65,1,17.5,1,17.65,12,1,2022-07-19 09:03:05
1658221385530242000,17.65,10,17.5,1,17.65,2,1,2022-07-19 09:03:05
1658221386063774000,17.55,1,17.5,2,17.65,2,1,2022-07-19 09:03:06
1658221386733735000,17.65,2,17.65,7,17.7,8,1,2022-07-19 09:03:06
1658221386757935000,17.65,7,17.5,2,17.7,8,2,2022-07-19 09:03:06
1658221388662302000,17.55,1,17.5,3,17.7,8,1,2022-07-19 09:03:08
1658221389255800000,17.55,1,17.5,3,17.7,8,1,2022-07-19 09:03:09
1658221389745241000,17.6,1,17.65,3,17.7,8,1,2022-07-19 09:03:09
1658221389751222000,17.65,1,17.65,2,17.7,8,2,2022-07-19 09:03:09
1658221389774544000,17.65,1,17.65,1,17.7,8,2,2022-07-19 09:03:09
1658221389775278000,17.65,1,17.5,5,17.7,8,2,2022-07-19 09:03:09
1658221390126133000,17.6,1,17.5,5,17.7,7,2,2022-07-19 09:03:10
1658221390245287000,17.55,1,17.55,4,17.7,7,2,2022-07-19 09:03:10
1658221390994496000,17.55,1,17.55,4,17.7,7,2,2022-07-19 09:03:10
1658221391522709000,17.55,1,17.55,3,17.7,7,2,2022-07-19 09:03:11
1658221391651779000,17.7,7,17.55,3,17.75,21,1,2022-07-19 09:03:11
1658221391651779000,17.75,3,17.55,3,17.75,21,1,2022-07-19 09:03:11
1658221391681550000,17.55,1,17.55,2,17.75,21,2,2022-07-19 09:03:11
1658221391841641000,17.6,1,17.6,3,17.75,21,2,2022-07-19 09:03:11
1658221392485776000,17.55,1,17.55,5,17.7,4,2,2022-07-19 09:03:12
1658221392641471000,17.55,1,17.55,3,17.7,4,2,2022-07-19 09:03:12
1658221392825870000,17.55,1,17.55,2,17.7,4,2,2022-07-19 09:03:12
1658221392953200000,17.55,1,17.55,1,17.65,1,2,2022-07-19 09:03:12
1658221393089189000,17.55,1,17.5,5,17.65,2,2,2022-07-19 09:03:13
1658221394431661000,17.6,1,17.5,6,17.65,3,2,2022-07-19 09:03:14
1658221394767159000,17.55,1,17.5,6,17.65,3,2,2022-07-19 09:03:14
1658221394966422000,17.55,1,17.5,6,17.65,3,1,2022-07-19 09:03:14
1658221395946350000,17.55,4,17.6,6,17.65,3,1,2022-07-19 09:03:15
1658221395981256000,17.6,6,17.5,6,17.65,3,2,2022-07-19 09:03:15
1658221396050862000,17.6,1,17.5,6,17.65,3,2,2022-07-19 09:03:16
1658221396621286000,17.65,1,17.5,6,17.65,2,1,2022-07-19 09:03:16
1658221397004221000,17.65,1,17.5,6,17.65,1,1,2022-07-19 09:03:17
1658221397053156000,17.55,1,17.5,6,17.65,1,2,2022-07-19 09:03:17
1658221397268908000,17.55,1,17.5,6,17.65,1,1,2022-07-19 09:03:17
1658221397409647000,17.55,1,17.55,1,17.65,1,2,2022-07-19 09:03:17
1658221397547779000,17.55,1,17.55,5,17.65,1,2,2022-07-19 09:03:17
1658221398204828000,17.55,1,17.55,5,17.65,1,2,2022-07-19 09:03:18
1658221398381059000,17.55,1,17.55,4,17.65,1,2,2022-07-19 09:03:18
1658221398547378000,17.55,1,17.55,5,17.65,1,2,2022-07-19 09:03:18
1658221398568000000,17.55,1,17.55,4,17.65,1,2,2022-07-19 09:03:18
1658221399098624000,17.55,1,17.55,3,17.65,1,2,2022-07-19 09:03:19
1658221399509445000,17.55,1,17.55,9,17.65,1,2,2022-07-19 09:03:19
1658221399674799000,17.55,1,17.55,7,17.65,1,2,2022-07-19 09:03:19
1658221399691264000,17.55,1,17.55,6,17.65,1,2,2022-07-19 09:03:19
1658221400025617000,17.6,1,17.6,1,17.65,1,2,2022-07-19 09:03:20
1658221400440170000,17.65,1,17.55,7,17.65,1,1,2022-07-19 09:03:20
1658221400440170000,17.7,3,17.55,7,17.65,1,1,2022-07-19 09:03:20
1658221400569197000,17.55,1,17.55,6,17.7,2,2,2022-07-19 09:03:20
1658221400826456000,17.55,1,17.55,6,17.7,2,2,2022-07-19 09:03:20
1658221401000358000,17.55,1,17.55,7,17.7,2,2,2022-07-19 09:03:21
1658221401024108000,17.7,2,17.55,5,17.75,8,1,2022-07-19 09:03:21
1658221401024108000,17.75,13,17.55,5,17.75,8,1,2022-07-19 09:03:21
1658221401108369000,17.65,3,17.6,1,17.75,8,1,2022-07-19 09:03:21
1658221401176631000,17.6,1,17.6,3,17.75,8,2,2022-07-19 09:03:21
1658221401339815000,17.55,1,17.55,4,17.7,1,2,2022-07-19 09:03:21
1658221401514060000,17.55,1,17.55,5,17.7,1,2,2022-07-19 09:03:21
1658221401947076000,17.55,1,17.55,2,17.7,1,2,2022-07-19 09:03:21
1658221402056160000,17.55,1,17.55,1,17.7,1,2,2022-07-19 09:03:22
1658221402248560000,17.55,1,17.5,10,17.7,1,2,2022-07-19 09:03:22
1658221402501599000,17.55,1,17.5,10,17.55,1,1,2022-07-19 09:03:22
1658221404512177000,17.55,1,17.5,10,17.7,11,1,2022-07-19 09:03:24
1658221405415036000,17.55,1,17.55,11,17.6,1,2,2022-07-19 09:03:25
1658221405702334000,17.55,1,17.55,9,17.6,1,2,2022-07-19 09:03:25
1658221405730344000,17.55,1,17.55,9,17.7,42,2,2022-07-19 09:03:25
1658221405876421000,17.55,1,17.55,10,17.7,42,2,2022-07-19 09:03:25
1658221406037548000,17.55,1,17.55,8,17.7,42,2,2022-07-19 09:03:26
1658221406180797000,17.55,1,17.55,7,17.7,42,2,2022-07-19 09:03:26
1658221406346280000,17.55,1,17.55,7,17.7,47,2,2022-07-19 09:03:26
1658221406553092000,17.55,1,17.55,5,17.7,47,2,2022-07-19 09:03:26
1658221406677424000,17.55,1,17.55,9,17.7,47,2,2022-07-19 09:03:26
1658221406998929000,17.55,1,17.55,8,17.7,47,2,2022-07-19 09:03:26
1658221407172285000,17.55,1,17.55,7,17.7,47,2,2022-07-19 09:03:27
1658221407290903000,17.7,2,17.55,7,17.7,45,1,2022-07-19 09:03:27
1658221407347362000,17.55,1,17.55,6,17.7,45,2,2022-07-19 09:03:27
1658221407496626000,17.55,1,17.55,5,17.7,45,2,2022-07-19 09:03:27
1658221407613332000,17.55,1,17.55,4,17.7,45,2,2022-07-19 09:03:27
1658221407697414000,17.55,1,17.55,3,17.7,45,2,2022-07-19 09:03:27
1658221407728695000,17.65,1,17.55,3,17.7,45,2,2022-07-19 09:03:27
1658221407847447000,17.55,1,17.55,2,17.7,45,2,2022-07-19 09:03:27
1658221408120694000,17.55,1,17.55,7,17.7,45,2,2022-07-19 09:03:28
1658221408293129000,17.55,1,17.55,6,17.7,45,2,2022-07-19 09:03:28
1658221408484854000,17.55,1,17.55,5,17.65,1,2,2022-07-19 09:03:28
1658221408510223000,17.55,5,17.55,6,17.65,1,2,2022-07-19 09:03:28
1658221408543318000,17.55,1,17.5,11,17.65,1,2,2022-07-19 09:03:28
1658221411541715000,17.55,1,17.5,11,17.55,2,1,2022-07-19 09:03:31
1658221411916726000,17.55,2,17.55,2,17.65,12,1,2022-07-19 09:03:31
1658221411947954000,17.55,2,17.5,11,17.65,12,2,2022-07-19 09:03:31
1658221414301071000,17.5,1,17.5,9,17.65,12,2,2022-07-19 09:03:34
1658221416260498000,17.55,1,17.5,12,17.65,12,2,2022-07-19 09:03:36
1658221424373044000,17.55,2,17.5,13,17.55,1,1,2022-07-19 09:03:44
1658221426439834000,17.55,1,17.5,13,17.55,5,1,2022-07-19 09:03:46
1658221426498486000,17.55,5,17.55,3,17.6,3,1,2022-07-19 09:03:46
1658221427256955000,17.55,1,17.55,5,17.6,3,2,2022-07-19 09:03:47
1658221427431785000,17.55,1,17.55,5,17.6,3,2,2022-07-19 09:03:47
1658221427595120000,17.55,1,17.55,3,17.6,3,2,2022-07-19 09:03:47
1658221427842371000,17.55,1,17.55,2,17.6,3,2,2022-07-19 09:03:47
1658221427879388000,17.55,1,17.55,1,17.6,3,2,2022-07-19 09:03:47
1658221427913956000,17.55,1,17.5,13,17.6,3,2,2022-07-19 09:03:47
1658221428252455000,17.5,1,17.5,13,17.55,1,2,2022-07-19 09:03:48
1658221428569493000,17.55,1,17.55,2,17.6,5,1,2022-07-19 09:03:48
1658221428589190000,17.55,2,17.5,12,17.6,5,2,2022-07-19 09:03:48
1658221429536489000,17.5,1,17.5,11,17.55,2,2,2022-07-19 09:03:49
1658221430158145000,17.55,3,17.5,11,17.6,5,1,2022-07-19 09:03:50
1658221432434718000,17.5,1,17.5,16,17.55,1,2,2022-07-19 09:03:52
1658221432686912000,17.5,1,17.5,14,17.55,1,2,2022-07-19 09:03:52
1658221433266233000,17.55,1,17.55,2,17.6,5,1,2022-07-19 09:03:53
1658221433462160000,17.6,5,17.55,72,17.65,13,1,2022-07-19 09:03:53
1658221433745079000,17.55,1,17.55,71,17.65,13,2,2022-07-19 09:03:53
1658221433911833000,17.55,1,17.55,70,17.65,13,2,2022-07-19 09:03:53
1658221434080582000,17.55,1,17.55,69,17.65,13,2,2022-07-19 09:03:54
1658221434213431000,17.55,1,17.55,68,17.65,13,2,2022-07-19 09:03:54
1658221434387625000,17.55,1,17.55,67,17.65,13,2,2022-07-19 09:03:54
1658221434467772000,17.55,1,17.55,66,17.65,13,2,2022-07-19 09:03:54
1658221434532566000,17.55,1,17.55,66,17.65,13,2,2022-07-19 09:03:54
1658221434690865000,17.55,1,17.55,65,17.65,13,2,2022-07-19 09:03:54
1658221434837091000,17.55,1,17.55,64,17.65,3,2,2022-07-19 09:03:54
1658221435033583000,17.6,1,17.55,64,17.65,3,2,2022-07-19 09:03:55
1658221435151538000,17.55,1,17.55,63,17.65,3,2,2022-07-19 09:03:55
1658221435251366000,17.55,1,17.55,62,17.65,3,2,2022-07-19 09:03:55
1658221436228680000,17.6,1,17.6,1,17.65,3,2,2022-07-19 09:03:56
1658221436492435000,17.6,1,17.55,63,17.65,3,2,2022-07-19 09:03:56
1658221443647307000,17.65,4,17.6,13,17.7,40,1,2022-07-19 09:04:03
1658221443969510000,17.6,13,17.55,60,17.7,40,2,2022-07-19 09:04:03
1658221443969510000,17.55,4,17.55,60,17.7,40,2,2022-07-19 09:04:03
1658221444093261000,17.55,17,17.55,43,17.7,40,2,2022-07-19 09:04:04
1658221444118791000,17.6,1,17.55,27,17.7,40,2,2022-07-19 09:04:04
1658221444118791000,17.55,16,17.55,27,17.7,40,2,2022-07-19 09:04:04
1658221444126116000,17.55,17,17.55,10,17.7,40,2,2022-07-19 09:04:04
1658221444159848000,17.55,1,17.55,9,17.7,40,2,2022-07-19 09:04:04
1658221444418226000,17.6,1,17.6,1,17.7,40,2,2022-07-19 09:04:04
1658221445080268000,17.7,10,17.55,9,17.7,30,1,2022-07-19 09:04:05
1658221446600667000,17.65,5,17.6,1,17.65,5,2,2022-07-19 09:04:06
1658221449348346000,17.7,1,17.6,12,17.7,29,1,2022-07-19 09:04:09
1658221449407358000,17.7,5,17.6,12,17.7,24,1,2022-07-19 09:04:09
1658221449448418000,17.7,2,17.6,12,17.7,22,1,2022-07-19 09:04:09
1658221451110411000,17.7,1,17.6,12,17.7,21,1,2022-07-19 09:04:11
1658221451131370000,17.7,6,17.6,12,17.7,15,1,2022-07-19 09:04:11
1658221451153047000,17.7,7,17.6,12,17.7,8,1,2022-07-19 09:04:11
1658221451808499000,17.65,1,17.6,12,17.7,8,2,2022-07-19 09:04:11
1658221451854965000,17.65,2,17.6,12,17.65,3,1,2022-07-19 09:04:11
1658221451857056000,17.65,3,17.6,12,17.7,8,1,2022-07-19 09:04:11
1658221453010021000,17.7,5,17.6,13,17.7,4,1,2022-07-19 09:04:13
1658221453038437000,17.7,4,17.6,13,17.8,23,1,2022-07-19 09:04:13
1658221453667118000,17.7,1,17.7,1,17.8,23,2,2022-07-19 09:04:13
1658221454383852000,17.8,1,17.65,4,17.8,22,1,2022-07-19 09:04:14
1658221455524267000,17.65,1,17.65,4,17.8,22,2,2022-07-19 09:04:15
1658221456215028000,17.7,1,17.65,1,17.75,2,2,2022-07-19 09:04:16
1658221456228909000,17.65,1,17.6,13,17.75,2,2,2022-07-19 09:04:16
1658221456414290000,17.75,2,17.6,13,17.8,14,1,2022-07-19 09:04:16
1658221456414290000,17.8,8,17.6,13,17.8,14,1,2022-07-19 09:04:16
1658221456508223000,17.65,1,17.65,1,17.8,14,2,2022-07-19 09:04:16
1658221456824173000,17.65,1,17.6,13,17.65,1,1,2022-07-19 09:04:16
1658221457153861000,17.65,1,17.6,13,17.75,1,1,2022-07-19 09:04:17
1658221457651116000,17.65,1,17.65,4,17.75,1,1,2022-07-19 09:04:17
1658221458077977000,17.65,1,17.65,3,17.75,1,2,2022-07-19 09:04:18
1658221460590679000,17.7,2,17.65,4,17.8,12,1,2022-07-19 09:04:20
1658221460590679000,17.75,1,17.65,4,17.8,12,1,2022-07-19 09:04:20
1658221460590679000,17.8,2,17.65,4,17.8,12,1,2022-07-19 09:04:20
1658221460629761000,17.7,1,17.65,4,17.8,12,1,2022-07-19 09:04:20
1658221460770270000,17.65,2,17.65,2,17.8,12,2,2022-07-19 09:04:20
1658221462154334000,17.65,3,17.65,2,17.7,1,2,2022-07-19 09:04:22
1658221463685030000,17.7,1,17.65,7,17.7,1,1,2022-07-19 09:04:23
1658221466370901000,17.7,1,17.65,10,17.75,2,1,2022-07-19 09:04:26
1658221466637259000,17.75,2,17.65,11,17.8,14,1,2022-07-19 09:04:26
1658221468688939000,17.7,1,17.7,40,17.8,14,2,2022-07-19 09:04:28
1658221471491065000,17.75,1,17.7,92,17.75,1,1,2022-07-19 09:04:31
1658221471835635000,17.75,1,17.7,93,17.75,1,1,2022-07-19 09:04:31
1658221472224462000,17.75,1,17.7,93,17.8,19,2,2022-07-19 09:04:32
1658221472283955000,17.8,1,17.75,1,17.8,19,1,2022-07-19 09:04:32
1658221473634943000,17.75,2,17.7,92,17.75,4,1,2022-07-19 09:04:33
1658221473656630000,17.75,1,17.7,92,17.75,3,1,2022-07-19 09:04:33
1658221473880336000,17.75,1,17.7,92,17.75,2,1,2022-07-19 09:04:33
1658221473906602000,17.75,2,17.7,92,17.8,19,1,2022-07-19 09:04:33
1658221475265981000,17.75,1,17.7,92,17.8,19,1,2022-07-19 09:04:35
1658221475892899000,17.8,1,17.7,92,17.8,18,1,2022-07-19 09:04:35
1658221477431610000,17.75,3,17.7,94,17.75,3,1,2022-07-19 09:04:37
1658221477431610000,17.8,7,17.7,94,17.75,3,1,2022-07-19 09:04:37
1658221477674698000,17.8,2,17.75,1,17.8,9,1,2022-07-19 09:04:37
1658221478899167000,17.8,1,17.75,2,17.8,8,1,2022-07-19 09:04:38
1658221479886744000,17.75,5,17.75,12,17.8,8,2,2022-07-19 09:04:39
1658221480435065000,17.8,1,17.75,7,17.8,7,1,2022-07-19 09:04:40
1658221480481988000,17.8,6,17.75,47,17.8,1,1,2022-07-19 09:04:40
1658221480482341000,17.8,1,17.75,47,17.8,7,1,2022-07-19 09:04:40
1658221480745663000,17.85,1,17.75,47,17.85,11,1,2022-07-19 09:04:40
1658221482007552000,17.8,2,17.75,44,17.85,11,2,2022-07-19 09:04:42
1658221482007552000,17.75,7,17.75,44,17.85,11,2,2022-07-19 09:04:42
1658221482012984000,17.85,1,17.75,44,17.85,10,1,2022-07-19 09:04:42
1658221482894195000,17.85,10,17.8,1,17.9,13,1,2022-07-19 09:04:42
1658221483695545000,17.9,1,17.8,6,17.9,12,1,2022-07-19 09:04:43
1658221483743297000,17.9,1,17.8,6,17.9,11,1,2022-07-19 09:04:43
1658221484197726000,17.8,1,17.8,5,17.85,1,2,2022-07-19 09:04:44
1658221484445615000,17.85,1,17.85,1,17.9,11,1,2022-07-19 09:04:44
1658221484466323000,17.9,1,17.85,1,17.9,10,1,2022-07-19 09:04:44
1658221484614449000,17.9,3,17.85,1,17.95,16,1,2022-07-19 09:04:44
1658221484614449000,17.95,2,17.85,1,17.95,16,1,2022-07-19 09:04:44
1658221485943340000,17.85,1,17.8,9,17.95,16,2,2022-07-19 09:04:45
1658221487340264000,17.9,1,17.8,19,17.9,3,1,2022-07-19 09:04:47
1658221488226455000,17.8,4,17.8,15,17.9,3,2,2022-07-19 09:04:48
1658221489021396000,17.9,1,17.85,42,17.9,2,1,2022-07-19 09:04:49
1658221489230857000,17.9,2,17.9,1,17.95,19,1,2022-07-19 09:04:49
1658221489424464000,17.95,3,17.9,2,17.95,19,1,2022-07-19 09:04:49
1658221489574637000,17.95,1,17.9,2,17.95,15,1,2022-07-19 09:04:49
1658221489975008000,17.95,10,17.9,7,17.95,5,1,2022-07-19 09:04:49
1658221490004399000,17.95,5,17.9,7,17.95,15,1,2022-07-19 09:04:50
1658221490552264000,17.9,4,17.9,3,18.0,8,2,2022-07-19 09:04:50
1658221491140623000,18.0,4,17.9,3,18.0,4,1,2022-07-19 09:04:51
1658221491335134000,18.0,4,0.0,0,0.0,0,1,2022-07-19 09:04:51
1658221491335134000,18.05,9,0.0,0,0.0,0,1,2022-07-19 09:04:51
1658221491335134000,18.1,1,0.0,0,0.0,0,1,2022-07-19 09:04:51
1658221491335134000,18.15,3,0.0,0,0.0,0,1,2022-07-19 09:04:51
1658221611659854000,18.3,194,18.25,23,18.3,53,1,2022-07-19 09:06:51
1658221612059044000,18.25,20,18.25,3,18.3,56,2,2022-07-19 09:06:52
1658221612059134000,18.25,3,18.2,14,18.3,56,2,2022-07-19 09:06:52
1658221612062779000,18.2,11,18.2,3,18.3,56,2,2022-07-19 09:06:52
1658221612081213000,18.2,3,18.15,16,18.3,56,2,2022-07-19 09:06:52
1658221612081213000,18.15,8,18.15,16,18.3,56,2,2022-07-19 09:06:52
1658221612117348000,18.15,16,18.1,36,18.3,56,2,2022-07-19 09:06:52
1658221612117348000,18.1,19,18.1,36,18.3,56,2,2022-07-19 09:06:52
1658221612118130000,18.1,33,18.1,3,18.3,56,2,2022-07-19 09:06:52
1658221612539837000,18.1,2,18.1,1,18.2,1,2,2022-07-19 09:06:52
1658221612563326000,18.1,1,18.0,41,18.2,1,2,2022-07-19 09:06:52
1658221612779595000,18.0,3,18.0,38,18.15,1,2,2022-07-19 09:06:52
1658221613370898000,18.0,15,18.0,23,18.1,11,2,2022-07-19 09:06:53
1658221613401089000,18.0,20,18.0,3,18.1,11,2,2022-07-19 09:06:53
1658221613401467000,18.0,3,18.0,38,18.1,11,2,2022-07-19 09:06:53
1658221613629939000,18.1,2,17.95,5,18.1,9,1,2022-07-19 09:06:53
1658221614674484000,18.1,1,17.95,5,18.1,16,1,2022-07-19 09:06:54
1658221616386721000,18.0,1,17.95,5,18.0,2,2,2022-07-19 09:06:56
1658221616547522000,18.0,2,17.95,5,18.1,16,1,2022-07-19 09:06:56
1658221616661224000,17.95,3,17.95,2,18.1,16,2,2022-07-19 09:06:56
1658221616702567000,18.1,1,17.95,2,18.1,15,1,2022-07-19 09:06:56
1658221617172286000,17.95,1,17.95,2,18.1,15,2,2022-07-19 09:06:57
1658221617906898000,17.95,1,17.95,1,18.05,1,2,2022-07-19 09:06:57
1658221617921162000,17.95,1,17.95,2,18.05,1,2,2022-07-19 09:06:57
1658221617921162000,17.9,5,17.95,2,18.05,1,2,2022-07-19 09:06:57
1658221618644562000,17.9,5,17.85,4,18.05,3,2,2022-07-19 09:06:58
1658221618671587000,17.85,1,17.85,3,18.05,3,2,2022-07-19 09:06:58
1658221618708667000,18.0,1,17.85,3,18.05,3,1,2022-07-19 09:06:58
1658221620332708000,17.9,1,17.9,1,18.0,1,2,2022-07-19 09:07:00
1658221620734421000,17.9,1,17.85,3,17.95,64,2,2022-07-19 09:07:00
1658221620870308000,17.85,1,17.85,2,17.95,80,2,2022-07-19 09:07:00
1658221620911115000,17.85,2,17.85,3,17.95,80,2,2022-07-19 09:07:00
1658221621180511000,17.95,1,17.8,1,17.95,79,1,2022-07-19 09:07:01
1658221622163480000,17.9,1,17.8,1,17.95,79,1,2022-07-19 09:07:02
1658221622529774000,17.8,1,17.75,4,17.95,79,2,2022-07-19 09:07:02
1658221623497170000,17.75,1,17.75,3,17.9,5,2,2022-07-19 09:07:03
1658221625052484000,17.75,1,17.75,2,17.85,7,2,2022-07-19 09:07:05
1658221625073050000,17.75,1,17.75,1,17.85,7,2,2022-07-19 09:07:05
1658221625803386000,17.85,2,17.8,1,17.85,5,1,2022-07-19 09:07:05
1658221626128391000,17.85,2,17.8,1,17.85,3,1,2022-07-19 09:07:06
1658221626783139000,17.8,2,17.7,2,17.85,3,2,2022-07-19 09:07:06
1658221626783139000,17.75,4,17.7,2,17.85,3,2,2022-07-19 09:07:06
1658221628184730000,17.7,1,17.7,1,17.85,3,2,2022-07-19 09:07:08
1658221629872377000,17.7,6,17.65,2,17.85,4,2,2022-07-19 09:07:09
1658221629981363000,17.8,1,17.65,2,17.8,2,1,2022-07-19 09:07:09
1658221630616309000,17.8,1,17.7,1,17.8,1,1,2022-07-19 09:07:10
1658221635199052000,17.8,4,17.8,16,17.85,7,1,2022-07-19 09:07:15
1658221635919731000,17.8,1,17.8,15,17.85,7,2,2022-07-19 09:07:15
1658221635960141000,17.8,5,17.8,10,17.85,7,2,2022-07-19 09:07:15
1658221635982335000,17.8,10,17.75,4,17.85,7,2,2022-07-19 09:07:15
1658221636906449000,17.85,2,17.75,6,17.85,7,1,2022-07-19 09:07:16
1658221637170773000,17.75,2,17.75,4,17.85,5,2,2022-07-19 09:07:17
1658221638976348000,17.8,1,17.75,4,17.85,5,2,2022-07-19 09:07:18
1658221639846824000,17.85,1,17.75,6,17.85,4,1,2022-07-19 09:07:19
1658221639852920000,17.85,1,17.75,6,17.85,5,1,2022-07-19 09:07:19
1658221641902809000,17.85,1,17.8,2,17.85,2,1,2022-07-19 09:07:21
1658221641925909000,17.85,2,17.8,2,17.85,3,1,2022-07-19 09:07:21
1658221642100457000,17.8,1,17.8,2,17.9,1,2,2022-07-19 09:07:22
1658221642808669000,17.9,1,17.85,2,17.9,1,1,2022-07-19 09:07:22
1658221644342500000,17.85,1,17.85,12,17.95,89,2,2022-07-19 09:07:24
1658221645329007000,17.85,1,17.85,11,17.95,89,2,2022-07-19 09:07:25
1658221646059637000,17.85,1,17.85,10,17.95,89,2,2022-07-19 09:07:26
1658221646079042000,17.85,10,17.8,9,17.95,89,2,2022-07-19 09:07:26
1658221648818689000,17.9,1,17.85,1,17.9,2,1,2022-07-19 09:07:28
1658221649284293000,17.9,1,17.85,1,17.95,89,1,2022-07-19 09:07:29
1658221650589323000,17.85,1,17.85,5,17.9,6,2,2022-07-19 09:07:30
1658221650737260000,17.85,1,17.85,4,17.9,6,2,2022-07-19 09:07:30
1658221651090478000,17.9,1,17.85,4,17.9,5,1,2022-07-19 09:07:31
1658221654368732000,17.9,3,17.85,7,17.9,10,1,2022-07-19 09:07:34
1658221655235711000,17.85,1,17.85,7,17.9,7,2,2022-07-19 09:07:35
1658221656971405000,17.9,5,17.85,7,17.9,2,1,2022-07-19 09:07:36
1658221658281382000,17.9,2,17.85,7,17.95,89,1,2022-07-19 09:07:38
1658221658308050000,17.85,7,17.8,25,17.95,89,2,2022-07-19 09:07:38
1658221658749951000,17.9,1,17.9,1,17.95,89,2,2022-07-19 09:07:38
1658221660956336000,17.95,3,17.9,11,17.95,86,1,2022-07-19 09:07:40
1658221661228027000,17.9,1,17.9,10,17.95,86,2,2022-07-19 09:07:41
1658221661755448000,17.9,1,17.9,10,17.95,86,2,2022-07-19 09:07:41
1658221662055621000,17.9,1,17.9,9,17.95,86,2,2022-07-19 09:07:42
1658221662339290000,17.9,1,17.9,8,17.95,86,2,2022-07-19 09:07:42
1658221662653406000,17.9,1,17.9,7,17.95,86,2,2022-07-19 09:07:42
1658221662938795000,17.95,4,17.9,7,17.95,82,1,2022-07-19 09:07:42
1658221665296546000,17.9,1,17.9,8,17.95,82,2,2022-07-19 09:07:45
1658221665409385000,17.95,1,17.9,8,17.95,81,1,2022-07-19 09:07:45
1658221665450496000,17.9,8,17.9,8,17.95,82,2,2022-07-19 09:07:45
1658221666258976000,17.9,1,17.85,5,17.9,1,1,2022-07-19 09:07:46
1658221666710013000,17.9,1,17.85,5,17.95,81,1,2022-07-19 09:07:46
1658221667537913000,17.85,2,17.85,3,17.9,1,2,2022-07-19 09:07:47
1658221668366308000,17.9,1,17.85,3,17.9,5,1,2022-07-19 09:07:48
1658221669979957000,17.9,1,17.85,3,17.9,4,1,2022-07-19 09:07:49
1658221670032825000,17.9,4,17.9,16,17.95,81,1,2022-07-19 09:07:50
1658221670849281000,17.9,1,17.9,15,17.95,81,2,2022-07-19 09:07:50
1658221671906544000,17.9,1,17.9,15,17.95,81,2,2022-07-19 09:07:51
1658221672132860000,17.9,1,17.9,14,17.95,81,2,2022-07-19 09:07:52
1658221673412155000,17.9,1,17.9,14,17.95,81,2,2022-07-19 09:07:53
1658221673507778000,17.9,1,17.9,13,17.95,81,2,2022-07-19 09:07:53
1658221675645992000,17.9,1,17.9,112,17.95,81,2,2022-07-19 09:07:55
1658221679173470000,17.95,1,17.9,15,17.95,80,1,2022-07-19 09:07:59
1658221679989541000,17.9,1,17.9,17,17.95,80,2,2022-07-19 09:07:59
1658221680253706000,17.9,2,17.9,15,17.95,80,2,2022-07-19 09:08:00
1658221680777250000,17.9,1,17.9,14,17.95,80,2,2022-07-19 09:08:00
1658221681157732000,17.95,5,17.9,14,17.95,75,1,2022-07-19 09:08:01
1658221681387980000,17.9,1,17.9,13,17.95,75,2,2022-07-19 09:08:01
1658221682759783000,17.9,1,17.9,12,17.95,75,2,2022-07-19 09:08:02
1658221683095301000,17.9,5,17.9,7,17.95,70,2,2022-07-19 09:08:03
1658221683564564000,17.9,1,17.9,6,17.95,70,2,2022-07-19 09:08:03
1658221684520490000,17.9,1,17.9,6,17.95,70,2,2022-07-19 09:08:04
1658221684727760000,17.9,1,17.9,5,17.95,70,2,2022-07-19 09:08:04
1658221684823196000,17.9,1,17.9,4,17.95,70,2,2022-07-19 09:08:04
1658221684856612000,17.9,4,17.85,8,17.95,70,2,2022-07-19 09:08:04
1658221685704254000,17.9,1,17.85,8,17.9,3,1,2022-07-19 09:08:05
1658221687522093000,17.9,3,17.9,17,17.95,67,1,2022-07-19 09:08:07
1658221688350783000,17.9,1,17.9,16,17.95,67,2,2022-07-19 09:08:08
1658221689137521000,17.95,1,17.9,16,17.95,66,1,2022-07-19 09:08:09
1658221689173626000,17.9,1,17.9,15,17.95,66,2,2022-07-19 09:08:09
1658221690658153000,17.9,8,17.9,7,17.95,68,2,2022-07-19 09:08:10
1658221692487538000,17.9,3,17.9,7,17.95,68,2,2022-07-19 09:08:12
1658221694608334000,17.95,10,17.9,4,17.95,58,1,2022-07-19 09:08:14
1658221695596152000,17.9,1,17.9,5,17.95,59,2,2022-07-19 09:08:15
1658221698725730000,17.9,2,17.9,25,17.95,59,2,2022-07-19 09:08:18
1658221699013983000,17.9,4,17.9,21,17.95,59,2,2022-07-19 09:08:19
1658221699380299000,17.9,5,17.9,16,17.95,59,2,2022-07-19 09:08:19
1658221700767633000,17.95,3,17.9,19,17.95,56,1,2022-07-19 09:08:20
1658221702776534000,17.95,5,17.9,19,17.95,52,1,2022-07-19 09:08:22
1658221703395152000,17.95,1,17.9,19,17.95,51,1,2022-07-19 09:08:23
1658221703849385000,17.9,1,17.9,18,17.95,51,2,2022-07-19 09:08:23
1658221705404332000,17.9,4,17.9,114,17.95,51,2,2022-07-19 09:08:25
1658221705855481000,17.95,3,17.9,114,17.95,48,1,2022-07-19 09:08:25
1658221705880174000,17.95,4,17.9,114,17.95,44,1,2022-07-19 09:08:25
1658221705899995000,17.95,1,17.9,114,17.95,43,1,2022-07-19 09:08:25
1658221705961683000,17.95,3,17.9,111,17.95,40,1,2022-07-19 09:08:25
1658221705983615000,17.95,4,17.9,111,17.95,36,1,2022-07-19 09:08:25
1658221706050110000,17.95,1,17.9,111,17.95,35,1,2022-07-19 09:08:26
1658221706087162000,17.95,3,17.9,112,17.95,32,1,2022-07-19 09:08:26
1658221706450991000,17.95,5,17.9,112,17.95,27,1,2022-07-19 09:08:26
1658221706480059000,17.95,2,17.9,112,17.95,25,1,2022-07-19 09:08:26
1658221706480540000,17.95,7,17.9,112,17.95,18,1,2022-07-19 09:08:26
1658221706481177000,17.95,18,17.9,112,18.0,3,1,2022-07-19 09:08:26
1658221706994450000,18.0,3,17.95,2,18.05,2,1,2022-07-19 09:08:26
1658221709723759000,18.05,1,17.95,11,18.05,1,1,2022-07-19 09:08:29
1658221711948011000,18.05,1,17.95,16,18.1,11,1,2022-07-19 09:08:31
1658221713377707000,17.95,10,17.95,6,18.1,11,2,2022-07-19 09:08:33
1658221713815299000,18.0,2,18.0,18,18.1,11,2,2022-07-19 09:08:33
1658221713915542000,18.05,2,18.0,18,18.1,11,2,2022-07-19 09:08:33
1658221714403297000,18.05,2,18.0,18,18.1,10,1,2022-07-19 09:08:34
1658221714403297000,18.1,1,18.0,18,18.1,10,1,2022-07-19 09:08:34
1658221714414280000,18.0,18,18.0,18,18.05,2,2,2022-07-19 09:08:34
1658221714675468000,18.1,5,17.95,6,18.1,5,1,2022-07-19 09:08:34
1658221714809950000,18.05,10,17.95,6,18.1,5,2,2022-07-19 09:08:34
1658221717151950000,18.05,1,17.95,7,18.1,3,1,2022-07-19 09:08:37
1658221719867552000,18.05,2,17.95,9,18.1,3,1,2022-07-19 09:08:39
1658221720187791000,18.1,1,17.95,14,18.1,2,1,2022-07-19 09:08:40
1658221721085338000,18.05,1,17.95,13,18.05,1,1,2022-07-19 09:08:41
1658221722746629000,18.05,1,18.1,2,18.15,12,1,2022-07-19 09:08:42
1658221722746629000,18.1,2,18.1,2,18.15,12,1,2022-07-19 09:08:42
1658221722782687000,18.1,2,18.0,2,18.15,12,2,2022-07-19 09:08:42
1658221723820185000,18.05,1,18.0,2,18.1,2,1,2022-07-19 09:08:43
1658221723820185000,18.1,1,18.0,2,18.1,2,1,2022-07-19 09:08:43
1658221725296852000,18.05,1,18.0,5,18.15,10,1,2022-07-19 09:08:45
1658221725296852000,18.1,7,18.0,5,18.15,10,1,2022-07-19 09:08:45
1658221725296852000,18.15,2,18.0,5,18.15,10,1,2022-07-19 09:08:45
1658221725345299000,18.1,2,18.0,5,18.15,10,2,2022-07-19 09:08:45
1658221725553921000,18.05,1,18.1,9,18.15,10,1,2022-07-19 09:08:45
1658221725593319000,18.1,9,18.0,5,18.05,1,2,2022-07-19 09:08:45
1658221727253072000,18.0,7,17.95,15,18.15,10,2,2022-07-19 09:08:47
1658221727253072000,17.95,3,17.95,15,18.15,10,2,2022-07-19 09:08:47
1658221728022001000,18.05,1,18.05,9,18.1,4,1,2022-07-19 09:08:48
1658221728058479000,18.05,6,18.05,3,18.1,4,2,2022-07-19 09:08:48
1658221728089012000,18.05,3,17.95,15,18.1,4,2,2022-07-19 09:08:48
1658221728357861000,18.1,4,17.95,15,18.1,3,1,2022-07-19 09:08:48
1658221729975031000,18.05,2,17.95,15,18.1,4,2,2022-07-19 09:08:49
1658221730450078000,18.05,1,17.95,15,18.05,1,1,2022-07-19 09:08:50
1658221730450078000,18.1,1,17.95,15,18.05,1,1,2022-07-19 09:08:50
1658221734370225000,18.05,3,18.1,3,18.15,10,1,2022-07-19 09:08:54
1658221734370225000,18.1,4,18.1,3,18.15,10,1,2022-07-19 09:08:54
1658221734398930000,18.1,2,18.1,1,18.15,10,2,2022-07-19 09:08:54
1658221734399717000,18.1,1,18.0,1,18.15,10,2,2022-07-19 09:08:54
1658221736568005000,18.05,1,18.0,2,18.05,2,1,2022-07-19 09:08:56
1658221737207711000,18.0,1,18.0,3,18.05,2,2,2022-07-19 09:08:57
1658221738658695000,18.05,1,18.0,3,18.05,2,1,2022-07-19 09:08:58
1658221738701915000,18.05,1,18.0,3,18.05,1,1,2022-07-19 09:08:58
1658221739596042000,18.0,3,17.9,20,18.05,1,2,2022-07-19 09:08:59
1658221739596042000,17.95,20,17.9,20,18.05,1,2,2022-07-19 09:08:59
1658221739596042000,17.9,2,17.9,20,18.05,1,2,2022-07-19 09:08:59
1658221739769881000,18.05,1,17.95,1,18.05,2,1,2022-07-19 09:08:59
1658221739776862000,17.95,1,17.9,20,18.05,2,2,2022-07-19 09:08:59
1658221739884909000,18.05,1,17.9,20,18.05,1,1,2022-07-19 09:08:59
1658221740936466000,18.05,2,17.9,20,18.1,20,1,2022-07-19 09:09:00
1658221741132645000,18.1,1,17.9,20,18.1,19,1,2022-07-19 09:09:01
1658221742541799000,18.1,1,18.0,1,18.1,19,1,2022-07-19 09:09:02
1658221743257879000,18.0,1,18.0,1,18.1,18,2,2022-07-19 09:09:03
1658221746507058000,18.1,1,18.05,10,18.1,11,1,2022-07-19 09:09:06
1658221748304890000,18.1,2,18.05,10,18.1,19,1,2022-07-19 09:09:08
1658221748641890000,18.05,5,18.05,10,18.1,21,2,2022-07-19 09:09:08
1658221748673667000,18.05,5,17.95,4,18.1,19,2,2022-07-19 09:09:08
1658221750143488000,18.0,2,18.0,2,18.05,2,2,2022-07-19 09:09:10
1658221750538413000,18.0,1,17.95,6,18.0,9,1,2022-07-19 09:09:10
1658221750787623000,18.0,7,17.95,6,18.0,1,1,2022-07-19 09:09:10
1658221750819921000,18.0,1,17.95,6,18.05,2,1,2022-07-19 09:09:10
1658221751293605000,18.05,1,17.95,5,18.1,18,1,2022-07-19 09:09:11
1658221751293605000,18.1,1,17.95,5,18.1,18,1,2022-07-19 09:09:11
1658221751900229000,18.0,2,17.95,5,18.0,8,1,2022-07-19 09:09:11
1658221751927852000,18.0,2,17.95,5,18.0,6,1,2022-07-19 09:09:11
1658221753512884000,18.0,1,18.0,1,18.05,15,2,2022-07-19 09:09:13
1658221754647375000,18.05,3,17.95,6,18.05,12,1,2022-07-19 09:09:14
1658221757686763000,18.0,1,18.0,15,18.05,12,2,2022-07-19 09:09:17
1658221759598273000,18.05,1,18.0,17,18.05,12,1,2022-07-19 09:09:19
1658221759813938000,18.0,16,18.0,1,18.05,12,2,2022-07-19 09:09:19
1658221759840492000,18.0,1,17.95,9,18.05,12,2,2022-07-19 09:09:19
1658221760052383000,17.95,8,17.95,11,18.05,12,2,2022-07-19 09:09:20
1658221760643185000,18.0,2,17.95,11,18.05,14,2,2022-07-19 09:09:20
1658221762787443000,17.95,9,17.95,2,18.0,15,2,2022-07-19 09:09:22
1658221762806659000,18.0,1,17.95,2,18.0,14,1,2022-07-19 09:09:22
1658221762807856000,17.95,2,17.9,20,18.0,14,2,2022-07-19 09:09:22
1658221762941833000,18.0,5,17.9,20,18.0,11,1,2022-07-19 09:09:22
1658221763281930000,18.0,3,17.9,20,18.0,6,1,2022-07-19 09:09:23
1658221763517093000,18.0,1,17.9,20,18.0,5,1,2022-07-19 09:09:23
1658221765052334000,17.95,2,18.0,3,18.05,16,1,2022-07-19 09:09:25
1658221765052334000,18.0,5,18.0,3,18.05,16,1,2022-07-19 09:09:25
1658221765648888000,18.0,1,18.0,2,18.05,16,2,2022-07-19 09:09:25
1658221765679553000,18.0,2,17.9,20,18.05,16,2,2022-07-19 09:09:25
1658221765846274000,17.9,2,17.9,18,18.05,16,2,2022-07-19 09:09:25
1658221766902027000,18.0,1,18.0,4,18.05,20,2,2022-07-19 09:09:26
1658221766931582000,18.0,4,18.0,5,18.05,20,2,2022-07-19 09:09:26
1658221767912720000,17.95,1,17.9,18,18.0,5,2,2022-07-19 09:09:27
1658221769278683000,18.0,1,17.9,18,18.0,2,1,2022-07-19 09:09:29
1658221771765093000,18.0,3,17.9,19,18.05,16,1,2022-07-19 09:09:31
1658221771765093000,18.05,2,17.9,19,18.05,16,1,2022-07-19 09:09:31
1658221775707980000,18.0,1,18.0,2,18.05,16,1,2022-07-19 09:09:35
1658221775736262000,18.0,2,17.95,5,18.05,16,2,2022-07-19 09:09:35
1658221776790075000,17.95,1,17.95,4,18.0,1,2,2022-07-19 09:09:36
1658221778539400000,17.95,5,17.9,6,18.0,2,2,2022-07-19 09:09:38
1658221778539400000,17.9,13,17.9,6,18.0,2,2,2022-07-19 09:09:38
1658221778989297000,17.95,1,17.9,6,18.0,4,2,2022-07-19 09:09:38
1658221781873783000,18.0,2,17.95,1,18.0,2,1,2022-07-19 09:09:41
1658221781894611000,17.95,1,17.9,8,18.0,2,2,2022-07-19 09:09:41
1658221782807601000,18.0,1,18.0,1,18.05,16,1,2022-07-19 09:09:42
1658221782841718000,18.0,1,17.9,8,18.05,16,2,2022-07-19 09:09:42
1658221786866395000,17.95,1,17.95,6,18.0,5,2,2022-07-19 09:09:46
1658221787850392000,18.0,5,18.0,3,18.05,16,1,2022-07-19 09:09:47
1658221788649725000,18.0,1,18.0,2,18.05,18,2,2022-07-19 09:09:48
1658221788688485000,18.0,2,17.95,5,18.05,18,2,2022-07-19 09:09:48
1658221789294550000,17.95,1,17.95,4,18.0,1,2,2022-07-19 09:09:49
1658221790053161000,17.95,1,17.95,7,18.0,1,2,2022-07-19 09:09:50
1658221790452256000,17.95,1,17.95,6,18.0,1,2,2022-07-19 09:09:50
1658221790912042000,18.0,1,17.95,7,18.05,16,1,2022-07-19 09:09:50
1658221792197361000,17.95,1,17.95,6,18.0,1,2,2022-07-19 09:09:52
1658221793607791000,18.0,1,17.95,9,18.0,1,1,2022-07-19 09:09:53
1658221794124473000,18.0,1,17.95,9,18.05,16,1,2022-07-19 09:09:54
1658221798749393000,17.95,5,17.95,15,18.0,12,2,2022-07-19 09:09:58
1658221798780015000,17.95,15,17.9,12,18.0,12,2,2022-07-19 09:09:58
1658221803079414000,17.95,1,17.9,14,17.95,1,1,2022-07-19 09:10:03
1658221804324115000,17.95,1,17.95,4,18.0,17,1,2022-07-19 09:10:04
1658221804921905000,17.95,1,17.95,3,18.0,19,2,2022-07-19 09:10:04
1658221806498807000,18.0,19,18.0,11,18.05,17,1,2022-07-19 09:10:06
1658221806791494000,18.0,1,18.0,10,18.05,19,2,2022-07-19 09:10:06
1658221807803581000,18.0,1,18.0,9,18.05,17,2,2022-07-19 09:10:07
1658221808064675000,18.05,1,18.0,9,18.05,16,1,2022-07-19 09:10:08
1658221810119696000,18.0,1,18.0,8,18.05,18,2,2022-07-19 09:10:10
1658221810144728000,18.0,6,18.0,9,18.05,18,2,2022-07-19 09:10:10
1658221810356026000,18.05,5,18.0,2,18.05,13,1,2022-07-19 09:10:10
1658221811146094000,18.0,2,17.95,4,18.0,1,2,2022-07-19 09:10:11
1658221811914801000,18.0,1,17.95,4,18.05,10,1,2022-07-19 09:10:11
1658221811914801000,18.05,2,17.95,4,18.05,10,1,2022-07-19 09:10:11
1658221812861370000,17.95,2,17.95,2,18.0,1,2,2022-07-19 09:10:12
1658221812879922000,18.0,1,17.95,2,18.05,10,1,2022-07-19 09:10:12
1658221813855896000,18.0,1,17.95,1,18.0,1,1,2022-07-19 09:10:13
1658221814938236000,18.0,1,17.95,1,18.05,11,1,2022-07-19 09:10:14
1658221816627716000,17.95,2,17.9,24,18.0,2,2,2022-07-19 09:10:16
1658221819264749000,18.0,3,17.95,1,18.05,4,1,2022-07-19 09:10:19
1658221819264749000,18.05,7,17.95,1,18.05,4,1,2022-07-19 09:10:19
1658221824556903000,18.0,1,17.95,4,18.0,4,1,2022-07-19 09:10:24
1658221825398634000,18.0,2,17.95,4,18.0,2,1,2022-07-19 09:10:25
1658221825426574000,18.0,2,17.95,4,18.05,6,1,2022-07-19 09:10:25
1658221829000347000,18.05,1,17.95,57,18.05,5,1,2022-07-19 09:10:29
1658221829593693000,18.0,2,17.95,57,18.0,2,1,2022-07-19 09:10:29
1658221831220915000,18.0,1,17.95,102,18.0,4,1,2022-07-19 09:10:31
1658221831255613000,18.0,4,17.95,102,18.05,5,1,2022-07-19 09:10:31
1658221834043629000,18.0,2,17.95,102,18.05,5,2,2022-07-19 09:10:34
1658221839079744000,18.0,5,18.0,8,18.05,5,2,2022-07-19 09:10:39
1658221840859618000,18.05,2,18.0,15,18.05,3,1,2022-07-19 09:10:40
1658221843126209000,18.05,3,18.0,15,18.1,28,1,2022-07-19 09:10:43
1658221843126209000,18.1,2,18.0,15,18.1,28,1,2022-07-19 09:10:43
1658221847093549000,18.1,1,18.05,1,18.1,27,1,2022-07-19 09:10:47
1658221847262956000,18.05,1,18.0,17,18.1,27,2,2022-07-19 09:10:47
1658221851473693000,18.1,5,18.0,17,18.1,22,1,2022-07-19 09:10:51
1658221855592838000,18.1,10,18.0,28,18.1,14,1,2022-07-19 09:10:55
1658221857468681000,18.1,1,18.0,28,18.1,13,1,2022-07-19 09:10:57
1658221857499199000,18.1,2,18.0,28,18.1,11,1,2022-07-19 09:10:57
1658221858006466000,18.1,11,18.0,28,18.15,17,1,2022-07-19 09:10:58
1658221858006466000,18.15,4,18.0,28,18.15,17,1,2022-07-19 09:10:58
1658221859386053000,18.1,1,18.0,28,18.1,2,1,2022-07-19 09:10:59
1658221860390574000,18.1,1,18.05,2,18.1,1,1,2022-07-19 09:11:00
1658221860445609000,18.1,1,18.05,2,18.15,7,1,2022-07-19 09:11:00
1658221860445609000,18.15,10,18.05,2,18.15,7,1,2022-07-19 09:11:00
1658221863498181000,18.1,1,18.1,1,18.15,9,2,2022-07-19 09:11:03
1658221863741955000,18.15,1,18.1,3,18.15,10,1,2022-07-19 09:11:03
1658221865366325000,18.15,5,18.1,3,18.15,5,1,2022-07-19 09:11:05
1658221865886841000,18.15,4,18.1,4,18.2,9,1,2022-07-19 09:11:05
1658221865886841000,18.2,6,18.1,4,18.2,9,1,2022-07-19 09:11:05
1658221867780876000,18.15,6,18.1,10,18.2,9,2,2022-07-19 09:11:07
1658221867823324000,18.2,1,18.1,10,18.2,8,1,2022-07-19 09:11:07
1658221868661700000,18.2,2,18.15,5,18.2,6,1,2022-07-19 09:11:08
1658221869093613000,18.2,3,18.15,5,18.2,3,1,2022-07-19 09:11:09
1658221870185669000,18.2,1,18.15,5,18.2,2,1,2022-07-19 09:11:10
1658221870244802000,18.2,2,18.15,5,18.2,2,1,2022-07-19 09:11:10
1658221871294364000,18.25,10,18.2,13,18.25,16,1,2022-07-19 09:11:11
1658221871322714000,18.25,16,18.2,13,18.3,34,1,2022-07-19 09:11:11
1658221871901325000,18.3,10,18.2,13,18.3,24,1,2022-07-19 09:11:11
1658221874266158000,18.25,5,18.2,14,18.3,24,2,2022-07-19 09:11:14
1658221875167568000,18.25,2,18.2,14,18.25,3,2,2022-07-19 09:11:15
1658221875456488000,18.2,1,18.2,13,18.25,3,2,2022-07-19 09:11:15
1658221875581957000,18.2,1,18.2,12,18.25,4,2,2022-07-19 09:11:15
1658221875727907000,18.25,1,18.2,13,18.25,4,1,2022-07-19 09:11:15
1658221875804166000,18.25,1,18.2,12,18.25,2,1,2022-07-19 09:11:15
1658221877483604000,18.25,4,18.25,1,18.3,25,1,2022-07-19 09:11:17
1658221877524166000,18.25,1,18.2,3,18.3,25,2,2022-07-19 09:11:17
1658221878868504000,18.25,2,18.2,3,18.25,3,1,2022-07-19 09:11:18
1658221879695911000,18.25,2,18.2,3,18.25,8,1,2022-07-19 09:11:19
1658221879894010000,18.25,6,18.3,13,18.35,56,1,2022-07-19 09:11:19
1658221879894010000,18.3,11,18.3,13,18.35,56,1,2022-07-19 09:11:19
1658221879934167000,18.3,13,18.2,1,18.25,6,2,2022-07-19 09:11:19
1658221881242537000,18.2,1,18.2,4,18.25,1,2,2022-07-19 09:11:21
1658221881533262000,18.2,1,18.2,6,18.25,1,2,2022-07-19 09:11:21
1658221881816195000,18.25,1,18.2,5,18.3,1,1,2022-07-19 09:11:21
1658221882701190000,18.25,1,18.2,5,18.25,4,2,2022-07-19 09:11:22
1658221882759156000,18.25,2,18.2,5,18.25,4,1,2022-07-19 09:11:22
1658221883014667000,18.25,1,18.2,5,18.25,1,1,2022-07-19 09:11:23
1658221883336681000,18.2,3,18.2,3,18.25,3,2,2022-07-19 09:11:23
1658221883570269000,18.25,1,18.2,3,18.25,2,1,2022-07-19 09:11:23
1658221884191993000,18.25,2,18.25,1,18.3,1,1,2022-07-19 09:11:24
1658221884230198000,18.25,1,18.2,3,18.3,1,2,2022-07-19 09:11:24
1658221885320146000,18.25,1,18.25,5,18.3,1,2,2022-07-19 09:11:25
1658221885353755000,18.25,5,18.25,5,18.3,2,2,2022-07-19 09:11:25
1658221886238738000,18.3,2,18.2,8,18.35,48,1,2022-07-19 09:11:26
1658221886238738000,18.35,8,18.2,8,18.35,48,1,2022-07-19 09:11:26
1658221888385949000,18.35,1,18.25,1,18.35,48,1,2022-07-19 09:11:28
1658221889238194000,18.3,1,18.25,1,18.3,1,1,2022-07-19 09:11:29
1658221891104416000,18.25,1,18.25,7,18.3,4,2,2022-07-19 09:11:31
1658221892436076000,18.3,1,18.25,9,18.3,5,1,2022-07-19 09:11:32
1658221894742384000,18.3,11,18.25,9,18.3,11,1,2022-07-19 09:11:34
1658221894742384000,18.35,4,18.25,9,18.3,11,1,2022-07-19 09:11:34
1658221896968364000,18.35,5,18.3,13,18.35,45,1,2022-07-19 09:11:36
1658221898410897000,18.35,1,18.3,13,18.35,40,1,2022-07-19 09:11:38
1658221898779901000,18.3,1,18.3,12,18.35,41,2,2022-07-19 09:11:38
1658221898818987000,18.3,12,18.25,16,18.35,41,2,2022-07-19 09:11:38
1658221898938660000,18.35,10,18.25,16,18.35,32,1,2022-07-19 09:11:38
1658221899673501000,18.35,6,18.25,16,18.35,36,1,2022-07-19 09:11:39
1658221899920715000,18.25,2,18.25,14,18.35,30,2,2022-07-19 09:11:39
1658221901573971000,18.3,1,18.3,4,18.35,33,2,2022-07-19 09:11:41
1658221901604749000,18.3,4,18.25,14,18.35,33,2,2022-07-19 09:11:41
1658221902224629000,18.25,1,18.25,15,18.35,34,2,2022-07-19 09:11:42
1658221902856365000,18.35,3,18.25,15,18.35,31,1,2022-07-19 09:11:42
1658221903121848000,18.3,1,18.25,15,18.3,1,1,2022-07-19 09:11:43
1658221903249376000,18.3,1,18.25,15,18.3,1,1,2022-07-19 09:11:43
1658221903274127000,18.3,1,18.25,13,18.35,30,2,2022-07-19 09:11:43
1658221907688430000,18.3,2,18.25,15,18.3,11,1,2022-07-19 09:11:47
1658221908066454000,18.3,2,18.25,15,18.3,9,1,2022-07-19 09:11:48
1658221908231250000,18.3,1,18.25,15,18.3,8,1,2022-07-19 09:11:48
1658221909516726000,18.3,1,18.25,15,18.3,10,1,2022-07-19 09:11:49
1658221910007087000,18.3,4,18.25,15,18.3,7,1,2022-07-19 09:11:50
1658221910370167000,18.25,15,18.25,15,18.3,11,2,2022-07-19 09:11:50
1658221910822822000,18.25,1,18.2,24,18.25,4,1,2022-07-19 09:11:50
1658221910883905000,18.25,2,18.2,24,18.25,2,1,2022-07-19 09:11:50
1658221911032802000,18.25,2,18.2,24,18.3,10,1,2022-07-19 09:11:51
1658221911032802000,18.3,1,18.2,24,18.3,10,1,2022-07-19 09:11:51
1658221911061180000,18.2,1,18.2,23,18.3,10,2,2022-07-19 09:11:51
1658221911336719000,18.3,2,18.2,25,18.3,8,1,2022-07-19 09:11:51
1658221912933422000,18.3,3,18.2,25,18.3,9,1,2022-07-19 09:11:52
1658221913831631000,18.25,1,18.2,25,18.3,9,2,2022-07-19 09:11:53
1658221914317009000,18.25,1,18.2,25,18.3,9,2,2022-07-19 09:11:54
1658221917639175000,18.25,1,18.2,26,18.25,3,1,2022-07-19 09:11:57
1658221917711339000,18.25,3,18.2,26,18.3,16,1,2022-07-19 09:11:57
1658221919596088000,18.2,1,18.2,28,18.25,12,2,2022-07-19 09:11:59
1658221920267421000,18.2,2,18.2,25,18.25,12,2,2022-07-19 09:12:00
1658221922437242000,18.2,18,18.2,17,18.25,17,2,2022-07-19 09:12:02
1658221922469296000,18.2,3,18.2,14,18.25,17,2,2022-07-19 09:12:02
1658221922469605000,18.2,2,18.2,12,18.25,17,2,2022-07-19 09:12:02
1658221922500569000,18.2,9,18.2,3,18.25,18,2,2022-07-19 09:12:02
1658221922530421000,18.2,2,18.2,12,18.25,18,2,2022-07-19 09:12:02
1658221923199537000,18.2,1,18.2,5,18.25,19,2,2022-07-19 09:12:03
1658221923224174000,18.2,2,18.2,5,18.25,19,2,2022-07-19 09:12:03
1658221923868110000,18.2,1,18.2,2,18.25,19,2,2022-07-19 09:12:03
1658221925706054000,18.2,3,18.2,4,18.25,22,2,2022-07-19 09:12:05
1658221926186247000,18.2,1,18.15,12,18.2,2,2,2022-07-19 09:12:06
1658221936960825000,18.15,2,18.15,8,18.2,15,2,2022-07-19 09:12:16
1658221937354080000,18.15,1,18.15,8,18.2,17,2,2022-07-19 09:12:17
1658221940566460000,18.15,2,18.15,5,18.2,18,2,2022-07-19 09:12:20
1658221940600055000,18.15,5,18.15,5,18.2,18,2,2022-07-19 09:12:20
1658221946632048000,18.15,4,18.15,1,18.2,17,1,2022-07-19 09:12:26
1658221948125872000,18.15,3,18.15,9,18.2,23,2,2022-07-19 09:12:28
1658221948915207000,18.2,1,18.15,9,18.2,24,1,2022-07-19 09:12:28
1658221949041267000,18.15,3,18.15,6,18.2,24,2,2022-07-19 09:12:29
1658221951818160000,18.15,1,18.15,5,18.2,27,2,2022-07-19 09:12:31
1658221953781936000,18.15,1,18.15,4,18.2,27,2,2022-07-19 09:12:33
1658221955499672000,18.15,1,18.15,4,18.2,27,2,2022-07-19 09:12:35
1658221956162854000,18.15,1,18.15,3,18.2,27,2,2022-07-19 09:12:36
1658221958466999000,18.15,1,18.15,3,18.2,27,2,2022-07-19 09:12:38
1658221961848376000,18.15,2,18.15,27,18.2,27,2,2022-07-19 09:12:41
1658221962559900000,18.15,1,18.15,26,18.2,27,2,2022-07-19 09:12:42
1658221963289571000,18.15,1,18.15,25,18.2,27,2,2022-07-19 09:12:43
1658221971299586000,18.15,1,18.15,27,18.2,21,2,2022-07-19 09:12:51
1658221971815327000,18.2,1,18.15,26,18.2,20,1,2022-07-19 09:12:51
1658221971976374000,18.15,1,18.15,25,18.2,19,2,2022-07-19 09:12:51
1658221972243045000,18.15,2,18.15,23,18.2,19,2,2022-07-19 09:12:52
1658221972250100000,18.2,3,18.15,23,18.2,16,1,2022-07-19 09:12:52
1658221978243461000,18.2,1,18.15,24,18.2,15,1,2022-07-19 09:12:58
1658221980607050000,18.15,22,18.15,2,18.2,15,2,2022-07-19 09:13:00
1658221981366076000,18.15,2,18.1,18,18.2,17,2,2022-07-19 09:13:01
1658221985702746000,18.15,1,18.15,4,18.2,17,2,2022-07-19 09:13:05
1658221985896524000,18.15,2,18.15,2,18.2,17,2,2022-07-19 09:13:05
1658221987159614000,18.15,2,18.1,18,18.2,18,2,2022-07-19 09:13:07
1658221989189556000,18.15,3,18.15,7,18.2,39,1,2022-07-19 09:13:09
1658221989257427000,18.15,2,18.15,5,18.2,39,2,2022-07-19 09:13:09
1658221992066196000,18.15,2,18.15,7,18.2,41,2,2022-07-19 09:13:12
1658221993739382000,18.15,1,18.15,6,18.2,41,2,2022-07-19 09:13:13
1658221994523573000,18.15,3,18.15,3,18.2,41,2,2022-07-19 09:13:14
1658221997847607000,18.15,1,18.15,2,18.2,41,2,2022-07-19 09:13:17
1658221999478523000,18.15,2,18.1,17,18.15,3,2,2022-07-19 09:13:19
1658222003593114000,18.15,2,18.1,20,18.15,11,1,2022-07-19 09:13:23
1658222015254065000,18.15,1,18.1,30,18.15,11,1,2022-07-19 09:13:35
1658222027345329000,18.15,10,18.1,37,18.15,6,1,2022-07-19 09:13:47
1658222027603792000,18.1,1,18.1,36,18.15,6,2,2022-07-19 09:13:47
1658222029177204000,18.15,1,18.1,36,18.15,5,1,2022-07-19 09:13:49
1658222029732424000,18.15,1,18.1,36,18.15,4,1,2022-07-19 09:13:49
1658222031013739000,18.15,1,18.1,36,18.15,5,1,2022-07-19 09:13:51
1658222031241266000,18.1,6,18.1,26,18.15,6,2,2022-07-19 09:13:51
1658222031475715000,18.15,2,18.1,26,18.15,4,1,2022-07-19 09:13:51
1658222032120903000,18.15,3,18.1,26,18.15,5,1,2022-07-19 09:13:52
1658222032277013000,18.15,2,18.15,3,18.2,42,1,2022-07-19 09:13:52
1658222032303567000,18.15,1,18.15,2,18.2,42,2,2022-07-19 09:13:52
1658222032667181000,18.15,1,18.15,1,18.2,43,2,2022-07-19 09:13:52
1658222033372244000,18.15,1,18.1,26,18.2,43,2,2022-07-19 09:13:53
1658222033535878000,18.15,5,18.1,26,18.15,5,2,2022-07-19 09:13:53
1658222034493042000,18.1,5,18.1,21,18.15,5,2,2022-07-19 09:13:54
1658222035045383000,18.1,2,18.1,19,18.15,5,2,2022-07-19 09:13:55
1658222036233476000,18.1,9,18.1,10,18.15,5,2,2022-07-19 09:13:56
1658222043205033000,18.1,1,18.1,9,18.15,16,2,2022-07-19 09:14:03
1658222044740661000,18.1,3,18.1,7,18.15,17,2,2022-07-19 09:14:04
1658222045327814000,18.1,1,18.1,6,18.15,17,2,2022-07-19 09:14:05
1658222046077138000,18.1,1,18.1,6,18.15,17,2,2022-07-19 09:14:06
1658222046154843000,18.1,1,18.1,5,18.15,17,2,2022-07-19 09:14:06
1658222047237695000,18.1,5,18.05,15,18.1,3,2,2022-07-19 09:14:07
1658222047276490000,18.1,3,18.05,15,18.15,19,1,2022-07-19 09:14:07
1658222057485957000,18.05,2,18.05,13,18.1,25,2,2022-07-19 09:14:17
1658222057517560000,18.05,13,18.0,67,18.1,25,2,2022-07-19 09:14:17
1658222057843797000,18.0,5,18.0,62,18.1,26,2,2022-07-19 09:14:17
1658222073541580000,18.05,1,18.0,62,18.1,3,1,2022-07-19 09:14:33
1658222078729641000,18.05,1,18.0,58,18.1,5,2,2022-07-19 09:14:38
1658222078729641000,18.0,4,18.0,58,18.1,5,2,2022-07-19 09:14:38
1658222089640914000,18.05,2,18.0,44,18.1,5,2,2022-07-19 09:14:49
1658222090494183000,18.05,2,18.0,24,18.1,4,2,2022-07-19 09:14:50
1658222090494183000,18.0,22,18.0,24,18.1,4,2,2022-07-19 09:14:50
1658222096264909000,18.05,2,18.0,27,18.05,2,1,2022-07-19 09:14:56
1658222097883689000,18.1,1,18.05,1,18.1,5,1,2022-07-19 09:14:57
1658222105160182000,18.05,2,18.0,27,18.05,2,2,2022-07-19 09:15:05
1658222110072254000,18.05,2,18.0,27,18.1,6,1,2022-07-19 09:15:10
1658222121554822000,18.05,1,18.05,5,18.1,13,2,2022-07-19 09:15:21
1658222134073098000,18.05,2,18.05,8,18.1,15,2,2022-07-19 09:15:34
1658222134100058000,18.05,2,18.05,6,18.1,15,2,2022-07-19 09:15:34
1658222134809469000,18.05,1,18.05,5,18.1,15,2,2022-07-19 09:15:34
1658222134833734000,18.05,2,18.05,3,18.1,15,2,2022-07-19 09:15:34
1658222136215632000,18.1,2,18.05,3,18.1,13,1,2022-07-19 09:15:36
1658222137388763000,18.05,1,18.05,2,18.1,14,2,2022-07-19 09:15:37
1658222148889284000,18.05,3,18.05,1,18.1,14,2,2022-07-19 09:15:48
1658222151635213000,18.05,1,18.0,18,18.1,14,2,2022-07-19 09:15:51
1658222152752098000,18.05,2,18.0,18,18.15,30,1,2022-07-19 09:15:52
1658222152752098000,18.1,13,18.0,18,18.15,30,1,2022-07-19 09:15:52
1658222160994710000,18.05,1,18.0,18,18.05,14,1,2022-07-19 09:16:00
1658222168033172000,18.05,10,18.0,18,18.05,8,1,2022-07-19 09:16:08
1658222174417452000,18.05,2,18.0,18,18.05,5,1,2022-07-19 09:16:14
1658222175174774000,18.05,1,18.0,18,18.05,4,1,2022-07-19 09:16:15
1658222175477666000,18.05,2,18.0,18,18.05,2,1,2022-07-19 09:16:15
1658222176215800000,18.05,1,18.0,18,18.05,1,1,2022-07-19 09:16:16
1658222176397947000,18.0,1,18.0,17,18.05,1,2,2022-07-19 09:16:16
1658222181336059000,18.0,10,18.0,7,18.05,3,2,2022-07-19 09:16:21
1658222183570774000,18.0,1,18.0,6,18.05,3,2,2022-07-19 09:16:23
1658222185697910000,18.0,1,18.0,5,18.05,3,2,2022-07-19 09:16:25
1658222186926141000,18.0,1,18.0,4,18.05,3,2,2022-07-19 09:16:26
1658222187657403000,18.0,2,18.0,2,18.05,4,2,2022-07-19 09:16:27
1658222188597912000,18.0,1,18.0,1,18.05,5,2,2022-07-19 09:16:28
1658222189166558000,18.0,1,17.95,50,18.05,5,2,2022-07-19 09:16:29
1658222192627954000,18.05,4,18.0,5,18.1,20,1,2022-07-19 09:16:32
1658222193480626000,18.0,1,18.0,4,18.1,21,2,2022-07-19 09:16:33
1658222209184600000,18.0,1,18.0,6,18.05,30,2,2022-07-19 09:16:49
1658222212686205000,18.0,5,18.0,1,18.05,33,2,2022-07-19 09:16:52
1658222215104298000,18.0,1,17.95,50,18.05,33,2,2022-07-19 09:16:55
1658222217552062000,17.95,10,17.95,40,18.05,32,2,2022-07-19 09:16:57
1658222230755106000,17.95,1,17.95,38,18.0,1,2,2022-07-19 09:17:10
1658222236811059000,17.95,26,17.95,11,18.0,9,2,2022-07-19 09:17:16
1658222240136573000,17.95,10,17.95,1,18.0,9,2,2022-07-19 09:17:20
1658222240169479000,17.95,1,17.9,21,18.0,9,2,2022-07-19 09:17:20
1658222255063138000,17.95,2,17.9,23,17.95,17,1,2022-07-19 09:17:35
1658222255538737000,17.95,1,17.9,23,17.95,17,1,2022-07-19 09:17:35
1658222262717116000,17.9,1,17.9,22,17.95,18,2,2022-07-19 09:17:42
1658222263008333000,17.95,1,17.9,22,17.95,17,1,2022-07-19 09:17:43
1658222263419156000,17.95,1,17.9,22,17.95,16,1,2022-07-19 09:17:43
1658222278657610000,17.95,1,17.9,23,17.95,17,1,2022-07-19 09:17:58
1658222281332950000,17.9,2,17.9,21,17.95,17,2,2022-07-19 09:18:01
1658222284315231000,17.9,10,17.9,11,17.95,17,2,2022-07-19 09:18:04
1658222287412925000,17.9,1,17.9,20,17.95,17,2,2022-07-19 09:18:07
1658222287920399000,17.9,2,17.9,18,17.95,17,2,2022-07-19 09:18:07
1658222288641941000,17.95,1,17.9,18,17.95,16,1,2022-07-19 09:18:08
1658222290318212000,17.9,3,17.9,16,17.95,16,2,2022-07-19 09:18:10
1658222293488763000,17.9,2,17.9,14,17.95,16,2,2022-07-19 09:18:13
1658222296568959000,17.9,1,17.9,13,17.95,16,2,2022-07-19 09:18:16
1658222299153951000,17.9,4,17.9,9,17.95,13,2,2022-07-19 09:18:19
1658222300154951000,17.9,3,17.9,21,17.95,13,2,2022-07-19 09:18:20
1658222301747956000,17.9,6,17.9,17,17.95,9,2,2022-07-19 09:18:21
1658222301902819000,17.9,1,17.9,16,17.95,9,2,2022-07-19 09:18:21
1658222304508220000,17.95,1,17.9,21,17.95,8,1,2022-07-19 09:18:24
1658222306040892000,17.95,3,17.9,21,17.95,5,1,2022-07-19 09:18:26
1658222306068428000,17.95,5,17.9,21,18.0,8,1,2022-07-19 09:18:26
1658222315208785000,17.95,2,17.95,4,18.0,8,2,2022-07-19 09:18:35
1658222333084630000,17.95,1,17.95,6,18.0,14,2,2022-07-19 09:18:53
1658222342764202000,17.95,1,17.95,6,18.0,16,2,2022-07-19 09:19:02
1658222342828246000,17.95,1,17.95,5,18.0,16,2,2022-07-19 09:19:02
1658222345618749000,17.95,1,17.95,5,18.0,16,2,2022-07-19 09:19:05
1658222354547320000,17.95,5,17.9,22,18.0,17,2,2022-07-19 09:19:14
1658222403438649000,17.95,1,17.9,22,17.95,20,1,2022-07-19 09:20:03
1658222410030630000,17.95,15,17.9,23,17.95,5,1,2022-07-19 09:20:10
1658222410054074000,17.95,5,17.9,23,18.0,17,1,2022-07-19 09:20:10
1658222444953116000,18.0,1,17.95,7,18.0,21,1,2022-07-19 09:20:44
1658222448788034000,18.0,1,17.95,7,18.0,20,1,2022-07-19 09:20:48
1658222455097667000,18.0,2,17.95,12,18.0,19,1,2022-07-19 09:20:55
1658222455501413000,17.95,12,17.9,24,17.95,3,2,2022-07-19 09:20:55
1658222455883147000,17.95,3,17.9,24,18.0,19,1,2022-07-19 09:20:55
1658222459357258000,18.0,1,17.95,1,18.0,19,1,2022-07-19 09:20:59
1658222466443686000,17.95,1,17.95,2,18.0,18,2,2022-07-19 09:21:06
1658222483863054000,18.0,5,17.95,8,18.0,14,1,2022-07-19 09:21:23
1658222496335800000,17.95,1,17.95,18,18.0,14,2,2022-07-19 09:21:36
1658222510938388000,17.95,1,17.95,20,18.0,18,2,2022-07-19 09:21:50
1658222513804443000,18.0,2,17.95,20,18.0,19,1,2022-07-19 09:21:53
1658222520677212000,18.0,1,17.95,20,18.0,18,1,2022-07-19 09:22:00
1658222525750958000,18.0,1,17.95,20,18.0,17,1,2022-07-19 09:22:05
1658222529436441000,18.0,1,17.95,20,18.0,16,1,2022-07-19 09:22:09
1658222530181875000,18.0,3,17.95,20,18.0,13,1,2022-07-19 09:22:10
1658222533083408000,18.0,3,17.95,21,18.0,10,1,2022-07-19 09:22:13
1658222536761246000,18.0,1,17.95,21,18.0,9,1,2022-07-19 09:22:16
1658222536787449000,18.0,5,17.95,21,18.0,4,1,2022-07-19 09:22:16
1658222536819742000,18.0,4,17.95,21,18.05,10,1,2022-07-19 09:22:16
1658222549334118000,18.0,2,18.0,4,18.05,27,2,2022-07-19 09:22:29
1658222550015693000,18.0,3,18.0,1,18.05,27,2,2022-07-19 09:22:30
1658222550043286000,18.0,1,17.95,21,18.05,27,2,2022-07-19 09:22:30
1658222564448235000,18.0,1,17.95,21,18.0,24,1,2022-07-19 09:22:44
1658222592470062000,18.0,1,17.95,20,18.0,28,1,2022-07-19 09:23:12
1658222594219463000,18.0,2,17.95,20,18.0,26,1,2022-07-19 09:23:14
1658222604172898000,18.0,1,17.95,20,18.0,26,1,2022-07-19 09:23:24
1658222615527830000,18.0,1,17.95,20,18.0,25,1,2022-07-19 09:23:35
1658222625006744000,18.0,1,17.95,20,18.0,24,1,2022-07-19 09:23:45
1658222625078319000,17.95,2,17.95,18,18.0,24,2,2022-07-19 09:23:45
1658222634081951000,17.95,5,17.95,13,18.0,11,2,2022-07-19 09:23:54
1658222634659273000,18.0,1,17.95,13,18.0,10,1,2022-07-19 09:23:54
1658222634708164000,17.95,13,17.9,26,17.95,2,2,2022-07-19 09:23:54
1658222635881424000,17.95,2,17.9,26,18.0,10,1,2022-07-19 09:23:55
1658222645183183000,17.9,1,17.9,25,17.95,10,2,2022-07-19 09:24:05
1658222666922701000,17.95,2,17.9,29,17.95,14,1,2022-07-19 09:24:26
1658222680792979000,17.95,1,17.9,29,17.95,15,1,2022-07-19 09:24:40
1658222684000528000,17.9,10,17.9,19,17.95,16,2,2022-07-19 09:24:44
1658222689858821000,17.95,1,17.9,19,17.95,15,1,2022-07-19 09:24:49
1658222691380011000,17.9,1,17.9,19,17.95,15,2,2022-07-19 09:24:51
1658222707172750000,17.9,2,17.9,18,17.95,15,2,2022-07-19 09:25:07
1658222707981905000,17.9,1,17.9,17,17.95,15,2,2022-07-19 09:25:07
1658222719750565000,17.9,5,17.9,12,17.95,16,2,2022-07-19 09:25:19
1658222720753109000,17.9,5,17.9,7,17.95,16,2,2022-07-19 09:25:20
1658222720778570000,17.9,1,17.9,6,17.95,16,2,2022-07-19 09:25:20
1658222720778809000,17.9,2,17.9,4,17.95,16,2,2022-07-19 09:25:20
1658222722264785000,17.95,2,17.9,4,17.95,14,1,2022-07-19 09:25:22
1658222724149188000,17.9,1,17.9,3,17.95,15,2,2022-07-19 09:25:24
1658222725672457000,17.9,1,17.9,2,17.95,15,2,2022-07-19 09:25:25
1658222729512535000,17.9,2,17.85,12,17.95,60,2,2022-07-19 09:25:29
1658222741075781000,17.85,1,17.85,11,17.9,13,2,2022-07-19 09:25:41
1658222742393994000,17.85,2,17.85,9,17.9,13,2,2022-07-19 09:25:42
1658222742882959000,17.85,1,17.85,8,17.9,13,2,2022-07-19 09:25:42
1658222744957606000,17.9,1,17.85,8,17.9,12,1,2022-07-19 09:25:44
1658222746620047000,17.85,5,17.85,4,17.9,13,2,2022-07-19 09:25:46
1658222751659941000,17.85,5,17.8,24,17.85,3,2,2022-07-19 09:25:51
1658222755974161000,17.85,2,17.8,24,17.85,8,1,2022-07-19 09:25:55
1658222757227839000,17.8,1,17.8,23,17.85,9,2,2022-07-19 09:25:57
1658222762327281000,17.8,5,17.8,18,17.85,15,2,2022-07-19 09:26:02
1658222762568649000,17.8,1,17.8,17,17.85,14,2,2022-07-19 09:26:02
1658222762802721000,17.85,1,17.8,17,17.85,13,1,2022-07-19 09:26:02
1658222763616041000,17.8,1,17.8,16,17.85,13,2,2022-07-19 09:26:03
1658222764568991000,17.8,1,17.8,15,17.85,13,2,2022-07-19 09:26:04
1658222767669942000,17.8,10,17.8,4,17.85,18,2,2022-07-19 09:26:07
1658222769944108000,17.8,3,17.8,1,17.85,15,2,2022-07-19 09:26:09
1658222770214063000,17.8,1,17.75,26,17.8,1,2,2022-07-19 09:26:10
1658222770703065000,17.75,1,17.75,25,17.8,3,2,2022-07-19 09:26:10
1658222770884496000,17.75,1,17.75,24,17.8,3,2,2022-07-19 09:26:10
1658222773961802000,17.75,2,17.75,22,17.8,4,2,2022-07-19 09:26:13
1658222774911176000,17.75,1,17.75,21,17.8,4,2,2022-07-19 09:26:14
1658222775935098000,17.75,1,17.75,20,17.8,6,2,2022-07-19 09:26:15
1658222776995474000,17.75,20,17.7,13,17.75,92,2,2022-07-19 09:26:16
1658222777762945000,17.7,1,17.7,13,17.75,101,2,2022-07-19 09:26:17
1658222780616842000,17.7,1,17.7,12,17.75,105,2,2022-07-19 09:26:20
1658222782367980000,17.7,2,17.7,10,17.75,169,2,2022-07-19 09:26:22
1658222782666597000,17.7,10,17.65,18,17.7,20,2,2022-07-19 09:26:22
1658222785807309000,17.65,5,17.65,13,17.7,29,2,2022-07-19 09:26:25
1658222786229139000,17.65,1,17.65,12,17.7,29,2,2022-07-19 09:26:26
1658222787824307000,17.65,12,17.6,25,17.65,38,2,2022-07-19 09:26:27
1658222787964933000,17.65,2,17.6,25,17.65,36,1,2022-07-19 09:26:27
1658222790060446000,17.6,1,17.6,24,17.65,39,2,2022-07-19 09:26:30
1658222792426528000,17.65,1,17.6,24,17.65,48,1,2022-07-19 09:26:32
1658222794198141000,17.6,8,17.6,16,17.65,48,2,2022-07-19 09:26:34
1658222795083572000,17.6,5,17.6,16,17.65,48,2,2022-07-19 09:26:35
1658222797483550000,17.6,2,17.6,10,17.65,47,2,2022-07-19 09:26:37
1658222798052344000,17.6,1,17.6,10,17.65,47,2,2022-07-19 09:26:38
1658222798093162000,17.6,10,17.55,30,17.65,47,2,2022-07-19 09:26:38
1658222798104079000,17.65,2,17.6,11,17.65,47,1,2022-07-19 09:26:38
1658222804107060000,17.6,1,17.55,30,17.6,17,1,2022-07-19 09:26:44
1658222809931084000,17.55,1,17.55,35,17.6,18,2,2022-07-19 09:26:49
1658222812334064000,17.55,1,17.55,34,17.6,19,2,2022-07-19 09:26:52
1658222813021240000,17.6,1,17.55,34,17.6,18,1,2022-07-19 09:26:53
1658222815642704000,17.55,6,17.55,28,17.6,18,2,2022-07-19 09:26:55
1658222816418518000,17.55,38,17.5,29,17.6,18,2,2022-07-19 09:26:56
1658222816418518000,17.5,2,17.5,29,17.6,18,2,2022-07-19 09:26:56
1658222816654335000,17.55,2,17.5,29,17.6,16,1,2022-07-19 09:26:56
1658222818400674000,17.55,5,17.5,29,17.6,11,1,2022-07-19 09:26:58
1658222818914807000,17.55,1,17.5,29,17.6,11,1,2022-07-19 09:26:58
1658222820263055000,17.55,1,17.5,20,17.6,13,2,2022-07-19 09:27:00
1658222820263055000,17.5,9,17.5,20,17.6,13,2,2022-07-19 09:27:00
1658222823854872000,17.55,1,17.55,1,17.6,15,1,2022-07-19 09:27:03
1658222825185394000,17.55,1,17.5,22,17.55,4,2,2022-07-19 09:27:05
1658222826846226000,17.5,1,17.5,21,17.55,4,2,2022-07-19 09:27:06
1658222827187445000,17.5,21,17.4,7,17.55,4,2,2022-07-19 09:27:07
1658222827187445000,17.45,3,17.4,7,17.55,4,2,2022-07-19 09:27:07
1658222827187445000,17.4,1,17.4,7,17.55,4,2,2022-07-19 09:27:07
1658222830418262000,17.5,1,17.45,1,17.55,6,2,2022-07-19 09:27:10
1658222830508786000,17.45,1,17.4,7,17.55,7,2,2022-07-19 09:27:10
1658222834955360000,17.45,1,17.45,1,17.55,8,2,2022-07-19 09:27:14
1658222834955360000,17.4,3,17.45,1,17.55,8,2,2022-07-19 09:27:14
1658222836904309000,17.55,1,17.4,7,17.55,8,1,2022-07-19 09:27:16
1658222845732033000,17.5,1,17.45,2,17.55,8,2,2022-07-19 09:27:25
1658222846159872000,17.45,2,17.45,7,17.55,8,2,2022-07-19 09:27:26
1658222848453809000,17.55,1,17.5,10,17.55,6,1,2022-07-19 09:27:28
1658222848474669000,17.55,6,17.5,10,17.6,12,1,2022-07-19 09:27:28
1658222849988325000,17.55,1,17.5,10,17.6,12,1,2022-07-19 09:27:29
1658222856460420000,17.55,1,17.5,1,17.55,4,1,2022-07-19 09:27:36
1658222857529957000,17.5,1,17.5,1,17.55,4,2,2022-07-19 09:27:37
1658222858500232000,17.55,2,17.5,1,17.55,2,1,2022-07-19 09:27:38
1658222858542719000,17.55,2,17.5,1,17.6,13,1,2022-07-19 09:27:38
1658222863255057000,17.6,5,17.55,2,17.6,8,1,2022-07-19 09:27:43
1658222863290680000,17.6,8,17.55,2,17.65,1,1,2022-07-19 09:27:43
1658222869387898000,17.65,1,17.55,10,17.7,22,1,2022-07-19 09:27:49
1658222878856929000,17.65,3,17.6,8,17.65,2,2,2022-07-19 09:27:58
1658222884097709000,17.65,1,17.6,5,17.65,1,1,2022-07-19 09:28:04
1658222885301959000,17.65,1,17.6,6,17.7,22,1,2022-07-19 09:28:05
1658222894798452000,17.7,4,17.65,3,17.7,18,1,2022-07-19 09:28:14
1658222909655682000,17.65,1,17.65,2,17.7,41,2,2022-07-19 09:28:29
1658222911378659000,17.65,1,17.65,1,17.7,41,2,2022-07-19 09:28:31
1658222911415277000,17.65,1,17.6,6,17.7,41,2,2022-07-19 09:28:31
1658222915212989000,17.65,2,17.6,6,17.7,25,1,2022-07-19 09:28:35
1658222930812331000,17.65,1,17.6,6,17.65,2,1,2022-07-19 09:28:50
1658222935504896000,17.65,2,17.65,1,17.7,25,1,2022-07-19 09:28:55
1658222937723581000,17.65,1,17.6,11,17.65,2,2,2022-07-19 09:28:57
1658222949553200000,17.65,2,17.6,11,17.65,1,1,2022-07-19 09:29:09
1658222955104871000,17.65,1,17.6,11,17.7,25,1,2022-07-19 09:29:15
1658222962279963000,17.6,10,17.6,1,17.7,27,2,2022-07-19 09:29:22
1658222967169141000,17.6,1,17.55,18,17.7,27,2,2022-07-19 09:29:27
1658222967169141000,17.55,1,17.55,18,17.7,27,2,2022-07-19 09:29:27
1658222973128060000,17.7,1,17.6,1,17.7,26,1,2022-07-19 09:29:33
1658222984672984000,17.65,1,17.65,49,17.7,26,1,2022-07-19 09:29:44
1658222986499189000,17.7,11,17.65,49,17.7,15,1,2022-07-19 09:29:46
1658222986523623000,17.7,2,17.65,49,17.7,13,1,2022-07-19 09:29:46
1658222986544596000,17.7,2,17.65,49,17.7,11,1,2022-07-19 09:29:46
1658222987398224000,17.7,2,17.65,49,17.7,9,1,2022-07-19 09:29:47
1658222987435754000,17.7,5,17.65,49,17.7,4,1,2022-07-19 09:29:47
1658222987615574000,17.7,1,17.65,49,17.7,3,1,2022-07-19 09:29:47
1658222987641404000,17.7,3,17.65,49,17.75,70,1,2022-07-19 09:29:47
1658222991805715000,17.7,1,17.7,1,17.75,70,1,2022-07-19 09:29:51
1658222993580867000,17.75,3,17.7,3,17.75,67,1,2022-07-19 09:29:53
1658223001106940000,17.7,6,17.6,8,17.75,67,2,2022-07-19 09:30:01
1658223013456303000,17.7,2,17.65,1,17.75,67,1,2022-07-19 09:30:13
1658223018370862000,17.7,1,17.7,2,17.75,67,1,2022-07-19 09:30:18
1658223027515246000,17.7,1,17.7,1,17.75,67,2,2022-07-19 09:30:27
1658223031377735000,17.7,1,17.65,5,17.75,67,2,2022-07-19 09:30:31
1658223053587763000,17.75,3,17.7,12,17.75,64,1,2022-07-19 09:30:53
1658223056746767000,17.75,1,17.7,13,17.75,63,1,2022-07-19 09:30:56
1658223082110283000,17.7,5,17.7,9,17.75,63,2,2022-07-19 09:31:22
1658223117918775000,17.75,5,17.7,32,17.75,59,1,2022-07-19 09:31:57
1658223136206390000,17.75,2,17.7,38,17.75,57,1,2022-07-19 09:32:16
1658223136600730000,17.75,1,17.7,38,17.75,56,1,2022-07-19 09:32:16
1658223138583954000,17.75,1,17.7,38,17.75,55,1,2022-07-19 09:32:18
1658223149380485000,17.75,20,17.7,38,17.75,36,1,2022-07-19 09:32:29
1658223149414325000,17.75,2,17.7,38,17.75,34,1,2022-07-19 09:32:29
1658223149416136000,17.75,4,17.7,38,17.75,30,1,2022-07-19 09:32:29
1658223150457830000,17.75,15,17.7,38,17.75,15,1,2022-07-19 09:32:30
1658223150485519000,17.75,15,17.7,38,17.8,5,1,2022-07-19 09:32:30
1658223151552626000,17.8,1,17.75,7,17.8,4,1,2022-07-19 09:32:31
1658223155773504000,17.8,4,17.75,9,17.85,4,1,2022-07-19 09:32:35
1658223158246595000,17.8,1,17.8,1,17.85,6,2,2022-07-19 09:32:38
1658223165448566000,17.8,1,17.75,10,17.8,2,1,2022-07-19 09:32:45
1658223168394490000,17.8,1,17.75,10,17.8,3,1,2022-07-19 09:32:48
1658223178664031000,17.75,2,17.75,8,17.8,4,2,2022-07-19 09:32:58
1658223178692068000,17.75,1,17.75,7,17.8,4,2,2022-07-19 09:32:58
1658223178692110000,17.75,7,17.7,37,17.8,4,2,2022-07-19 09:32:58
1658223178763929000,17.8,4,17.8,1,17.85,4,1,2022-07-19 09:32:58
1658223178795963000,17.8,1,17.7,37,17.85,4,2,2022-07-19 09:32:58
1658223179638068000,17.75,1,17.7,36,17.85,4,2,2022-07-19 09:32:59
1658223180814215000,17.8,1,17.7,36,17.85,4,2,2022-07-19 09:33:00
1658223181568173000,17.75,1,17.7,36,17.85,4,2,2022-07-19 09:33:01
1658223184897644000,17.8,1,17.7,34,17.8,2,2,2022-07-19 09:33:04
1658223189321008000,17.75,1,17.7,34,17.8,3,2,2022-07-19 09:33:09
1658223190081780000,17.8,2,17.7,34,17.8,1,1,2022-07-19 09:33:10
1658223201150480000,17.8,1,17.75,3,17.8,1,1,2022-07-19 09:33:21
1658223237618513000,17.75,2,17.75,3,17.8,4,2,2022-07-19 09:33:57
1658223237649904000,17.75,3,17.7,30,17.8,4,2,2022-07-19 09:33:57
1658223257220542000,17.75,1,17.7,9,17.8,7,2,2022-07-19 09:34:17
1658223276586179000,17.75,1,17.7,9,17.75,2,1,2022-07-19 09:34:36
1658223284725298000,17.75,2,17.7,9,17.8,10,1,2022-07-19 09:34:44
1658223318866729000,17.7,1,17.7,8,17.75,7,2,2022-07-19 09:35:18
1658223319159263000,17.75,3,17.7,8,17.75,4,1,2022-07-19 09:35:19
1658223319290053000,17.7,8,17.65,17,17.75,4,2,2022-07-19 09:35:19
1658223319290053000,17.65,8,17.65,17,17.75,4,2,2022-07-19 09:35:19
1658223321810737000,17.65,15,17.65,2,17.7,19,2,2022-07-19 09:35:21
1658223321832880000,17.65,1,17.65,1,17.7,19,2,2022-07-19 09:35:21
1658223331201372000,17.6,5,17.6,3,17.65,1,2,2022-07-19 09:35:31
1658223376574705000,17.6,2,17.6,2,17.65,4,2,2022-07-19 09:36:16
1658223381650191000,17.6,2,17.55,35,17.65,4,2,2022-07-19 09:36:21
1658223392819333000,17.55,1,17.55,35,17.6,5,2,2022-07-19 09:36:32
1658223396779999000,17.55,3,17.55,32,17.6,5,2,2022-07-19 09:36:36
1658223406073568000,17.55,2,17.55,30,17.6,5,2,2022-07-19 09:36:46
1658223420053277000,17.55,2,17.55,26,17.6,6,2,2022-07-19 09:37:00
1658223430181412000,17.55,3,17.55,28,17.6,8,2,2022-07-19 09:37:10
1658223432613991000,17.55,1,17.55,27,17.6,8,2,2022-07-19 09:37:12
1658223433873483000,17.55,1,17.55,26,17.6,7,2,2022-07-19 09:37:13
1658223436277236000,17.55,1,17.55,25,17.6,7,2,2022-07-19 09:37:16
1658223445719456000,17.6,1,17.55,27,17.6,6,1,2022-07-19 09:37:25
1658223457737607000,17.6,1,17.55,28,17.6,9,1,2022-07-19 09:37:37
1658223464172609000,17.55,1,17.55,27,17.6,9,2,2022-07-19 09:37:44
1658223470911406000,17.6,9,17.6,1,17.65,2,1,2022-07-19 09:37:50
1658223517619773000,17.65,1,17.6,7,17.7,17,1,2022-07-19 09:38:37
1658223517619773000,17.7,2,17.6,7,17.7,17,1,2022-07-19 09:38:37
1658223526040422000,17.7,1,17.6,7,17.7,16,1,2022-07-19 09:38:46
1658223529226084000,17.7,1,17.6,8,17.7,15,1,2022-07-19 09:38:49
1658223546937859000,17.6,1,17.6,8,17.7,15,2,2022-07-19 09:39:06
1658223548111293000,17.7,5,17.6,8,17.7,10,1,2022-07-19 09:39:08
1658223556584835000,17.7,7,17.6,9,17.7,3,1,2022-07-19 09:39:16
1658223568790479000,17.7,1,17.65,1,17.7,2,1,2022-07-19 09:39:28
1658223579478663000,17.7,1,17.65,3,17.7,1,1,2022-07-19 09:39:39
1658223587954188000,17.7,1,17.65,4,17.75,2,1,2022-07-19 09:39:47
1658223647971897000,17.75,1,17.7,2,17.75,1,1,2022-07-19 09:40:47
1658223653212943000,17.75,1,17.7,4,17.8,5,1,2022-07-19 09:40:53
1658223688343820000,17.75,1,17.7,6,17.8,5,1,2022-07-19 09:41:28
1658223736835178000,17.7,5,17.7,7,17.75,13,2,2022-07-19 09:42:16
1658223736835219000,17.7,4,17.7,3,17.75,13,2,2022-07-19 09:42:16
1658223736855019000,17.7,3,17.65,3,17.75,13,2,2022-07-19 09:42:16
1658223739881946000,17.75,2,17.65,3,17.75,12,1,2022-07-19 09:42:19
1658223782557973000,17.75,1,17.65,22,17.75,12,1,2022-07-19 09:43:02
1658223788381356000,17.75,2,17.7,1,17.75,10,1,2022-07-19 09:43:08
1658223810782395000,17.75,1,17.7,6,17.75,15,1,2022-07-19 09:43:30
1658223818566210000,17.75,2,17.7,7,17.75,14,1,2022-07-19 09:43:38
1658223819313298000,17.7,3,17.7,4,17.75,14,2,2022-07-19 09:43:39
1658223845694035000,17.75,4,17.7,5,17.75,10,1,2022-07-19 09:44:05
1658223872710332000,17.75,10,17.7,5,17.8,3,1,2022-07-19 09:44:32
1658223881723333000,17.8,2,17.75,3,17.8,1,1,2022-07-19 09:44:41
1658223881766189000,17.8,1,17.75,3,17.85,6,1,2022-07-19 09:44:41
1658223887751498000,17.85,1,17.75,3,17.85,5,1,2022-07-19 09:44:47
1658223893298749000,17.85,1,17.75,3,17.85,4,1,2022-07-19 09:44:53
1658223895363246000,17.85,1,17.75,3,17.85,3,1,2022-07-19 09:44:55
1658223899358809000,17.85,3,17.85,2,17.9,15,1,2022-07-19 09:44:59
1658223899760742000,17.85,2,17.7,10,17.9,15,2,2022-07-19 09:44:59
1658223899760742000,17.75,8,17.7,10,17.9,15,2,2022-07-19 09:44:59
1658223906578194000,17.85,2,17.85,1,17.9,15,2,2022-07-19 09:45:06
1658223906594213000,17.85,1,17.75,6,17.9,15,2,2022-07-19 09:45:06
1658223910444554000,17.85,2,17.75,5,17.85,3,2,2022-07-19 09:45:10
1658223912113190000,17.85,3,17.85,2,17.9,15,1,2022-07-19 09:45:12
1658223912147799000,17.85,2,17.8,1,17.9,15,2,2022-07-19 09:45:12
1658223916311370000,17.85,1,17.8,2,17.85,4,2,2022-07-19 09:45:16
1658223921400637000,17.85,1,17.8,2,17.85,3,1,2022-07-19 09:45:21
1658223923837362000,17.85,2,17.8,3,17.85,1,1,2022-07-19 09:45:23
1658223926069123000,17.85,1,17.8,3,17.9,15,1,2022-07-19 09:45:26
1658223931461951000,17.85,1,17.8,3,17.85,1,2,2022-07-19 09:45:31
1658223938044631000,17.85,1,17.8,3,17.85,2,1,2022-07-19 09:45:38
1658223938149627000,17.85,2,17.8,3,17.9,15,1,2022-07-19 09:45:38
1658223939445541000,17.8,3,17.75,2,17.9,15,2,2022-07-19 09:45:39
1658223950505760000,17.9,1,17.85,13,17.9,14,1,2022-07-19 09:45:50
1658223957208771000,17.9,1,17.85,13,17.9,14,1,2022-07-19 09:45:57
1658223958168701000,17.9,10,17.85,3,17.9,4,1,2022-07-19 09:45:58
1658223965777787000,17.9,2,17.85,3,17.9,2,1,2022-07-19 09:46:05
1658223974786832000,17.9,1,17.85,3,17.9,2,1,2022-07-19 09:46:14
1658223977094686000,17.9,1,17.85,3,17.9,1,1,2022-07-19 09:46:17
1658223984367592000,17.9,1,17.85,1,17.9,2,1,2022-07-19 09:46:24
1658223986525379000,17.9,2,17.9,1,17.95,33,1,2022-07-19 09:46:26
1658223986561752000,17.9,1,17.85,1,17.95,33,2,2022-07-19 09:46:26
1658223993490272000,17.9,1,17.85,1,17.9,6,1,2022-07-19 09:46:33
1658224001252779000,17.9,2,17.85,1,17.9,4,1,2022-07-19 09:46:41
1658224003931945000,17.9,2,17.85,1,17.9,2,1,2022-07-19 09:46:43
1658224008433976000,17.9,2,17.85,1,17.9,3,1,2022-07-19 09:46:48
1658224008540534000,17.9,1,17.85,1,17.9,2,1,2022-07-19 09:46:48
1658224008743915000,17.9,1,17.85,1,17.9,1,1,2022-07-19 09:46:48
1658224015129325000,17.9,1,17.85,1,17.95,33,1,2022-07-19 09:46:55
1658224034263834000,17.85,1,17.8,3,17.9,7,2,2022-07-19 09:47:14
1658224044861947000,17.8,2,17.8,1,17.85,4,2,2022-07-19 09:47:24
1658224045439613000,17.8,1,17.75,4,17.85,4,2,2022-07-19 09:47:25
1658224057686289000,17.8,1,17.75,4,17.8,1,1,2022-07-19 09:47:37
1658224059561475000,17.75,1,17.75,3,17.85,4,2,2022-07-19 09:47:39
1658224072423308000,17.8,1,17.75,4,17.85,4,1,2022-07-19 09:47:52
1658224096611019000,17.8,5,17.75,14,17.85,4,1,2022-07-19 09:48:16
1658224103648362000,17.8,1,17.75,13,17.8,1,1,2022-07-19 09:48:23
1658224137279348000,17.8,1,17.75,18,17.8,2,1,2022-07-19 09:48:57
1658224144356290000,17.75,1,17.75,17,17.8,2,2,2022-07-19 09:49:04
1658224161888093000,17.75,8,17.75,8,17.8,6,2,2022-07-19 09:49:21
1658224168322909000,17.8,1,17.75,8,17.8,5,1,2022-07-19 09:49:28
1658224204001581000,17.8,9,17.75,13,17.85,15,1,2022-07-19 09:50:04
1658224215623070000,17.8,1,17.75,15,17.85,14,2,2022-07-19 09:50:15
1658224274638220000,17.8,2,17.75,15,17.8,3,1,2022-07-19 09:51:14
1658224335690041000,17.8,1,17.75,13,17.8,2,1,2022-07-19 09:52:15
1658224361515918000,17.75,4,17.75,11,17.8,3,2,2022-07-19 09:52:41
1658224399946092000,17.8,1,17.75,10,17.8,3,1,2022-07-19 09:53:19
1658224416758012000,17.8,1,17.75,10,17.8,3,1,2022-07-19 09:53:36
1658224488576298000,17.8,1,17.75,11,17.8,2,1,2022-07-19 09:54:48
1658224508649236000,17.8,1,17.75,11,17.8,1,1,2022-07-19 09:55:08
1658224521756243000,17.8,1,17.8,2,17.85,15,1,2022-07-19 09:55:21
1658224556565716000,17.8,2,17.8,1,17.85,15,2,2022-07-19 09:55:56
1658224556593703000,17.8,1,17.75,11,17.85,15,2,2022-07-19 09:55:56
1658224599448800000,17.75,2,17.75,14,17.8,12,2,2022-07-19 09:56:39
1658224610118474000,17.75,1,17.75,13,17.8,12,2,2022-07-19 09:56:50
1658224613009279000,17.75,4,17.75,9,17.8,8,2,2022-07-19 09:56:53
1658224617596568000,17.8,8,17.8,4,17.85,15,1,2022-07-19 09:56:57
1658224637157686000,17.8,2,17.8,2,17.85,11,2,2022-07-19 09:57:17
1658224637184294000,17.8,2,17.75,14,17.85,11,2,2022-07-19 09:57:17
1658224665618001000,17.8,1,17.75,14,17.85,11,1,2022-07-19 09:57:45
1658224671706546000,17.75,1,17.75,13,17.85,11,2,2022-07-19 09:57:51
1658224740152565000,17.8,2,17.75,22,17.8,4,1,2022-07-19 09:59:00
1658224752415863000,17.8,2,17.75,23,17.8,9,1,2022-07-19 09:59:12
1658224766520225000,17.75,5,17.75,18,17.8,9,2,2022-07-19 09:59:26
1658224767748496000,17.75,12,17.75,6,17.8,9,2,2022-07-19 09:59:27
1658224767775983000,17.75,6,17.7,31,17.8,9,2,2022-07-19 09:59:27
1658224844013368000,17.75,1,17.7,33,17.75,4,1,2022-07-19 10:00:44
1658224861219637000,17.75,16,17.75,4,17.8,16,1,2022-07-19 10:01:01
1658224895566549000,17.8,1,17.75,4,17.8,15,1,2022-07-19 10:01:35
1658224967989527000,17.8,1,17.75,19,17.8,15,1,2022-07-19 10:02:47
1658224977779220000,17.8,1,17.75,19,17.8,14,1,2022-07-19 10:02:57
1658224981158292000,17.8,5,17.75,19,17.8,9,1,2022-07-19 10:03:01
1658224988708522000,17.8,5,17.75,20,17.8,7,1,2022-07-19 10:03:08
1658225011424773000,17.8,1,17.75,5,17.8,6,1,2022-07-19 10:03:31
1658225015317910000,17.8,1,17.75,5,17.8,5,1,2022-07-19 10:03:35
1658225036310630000,17.8,1,17.75,10,17.8,4,1,2022-07-19 10:03:56
1658225048669163000,17.8,3,17.75,10,17.8,1,1,2022-07-19 10:04:08
1658225050301571000,17.75,3,17.75,7,17.8,1,2,2022-07-19 10:04:10
1658225056494101000,17.75,1,17.75,6,17.8,1,2,2022-07-19 10:04:16
1658225056545733000,17.75,3,17.75,3,17.8,1,2,2022-07-19 10:04:16
1658225061950486000,17.75,3,17.7,31,17.8,2,2,2022-07-19 10:04:21
1658225072206308000,17.7,1,17.7,25,17.75,3,2,2022-07-19 10:04:32
1658225074817413000,17.7,1,17.7,24,17.75,3,2,2022-07-19 10:04:34
1658225075420933000,17.75,3,17.7,24,17.8,5,1,2022-07-19 10:04:35
1658225075420933000,17.8,2,17.7,24,17.8,5,1,2022-07-19 10:04:35
1658225097359408000,17.7,1,17.7,23,17.8,21,2,2022-07-19 10:04:57
1658225114308071000,17.7,3,17.7,34,17.8,21,2,2022-07-19 10:05:14
1658225127535771000,17.8,1,17.7,34,17.8,20,1,2022-07-19 10:05:27
1658225137693394000,17.7,3,17.7,31,17.8,20,2,2022-07-19 10:05:37
1658225138111167000,17.7,2,17.7,29,17.8,20,2,2022-07-19 10:05:38
1658225194711230000,17.75,1,17.7,32,17.8,22,1,2022-07-19 10:06:34
1658225236639476000,17.8,1,17.75,1,17.8,23,1,2022-07-19 10:07:16
1658225237360096000,17.75,1,17.7,38,17.75,3,2,2022-07-19 10:07:17
1658225241643441000,17.75,2,17.7,38,17.75,1,1,2022-07-19 10:07:21
1658225242140715000,17.75,1,17.7,38,17.8,23,1,2022-07-19 10:07:22
1658225256667427000,17.8,1,17.75,6,17.8,22,1,2022-07-19 10:07:36
1658225256927179000,17.8,5,17.75,6,17.8,17,1,2022-07-19 10:07:36
1658225258512321000,17.8,1,17.75,6,17.8,16,1,2022-07-19 10:07:38
1658225258986210000,17.8,16,17.8,2,17.85,41,1,2022-07-19 10:07:38
1658225260118799000,17.85,20,17.8,8,17.85,21,1,2022-07-19 10:07:40
1658225260149541000,17.85,21,17.8,8,17.9,61,1,2022-07-19 10:07:40
1658225260172275000,17.9,9,17.8,8,17.85,41,1,2022-07-19 10:07:40
1658225264536957000,17.9,1,17.8,8,17.9,48,1,2022-07-19 10:07:44
1658225274947083000,17.9,5,17.85,2,17.9,43,1,2022-07-19 10:07:54
1658225276262791000,17.9,1,17.85,2,17.9,42,1,2022-07-19 10:07:56
1658225278642794000,17.9,2,17.85,2,17.9,40,1,2022-07-19 10:07:58
1658225279103817000,17.9,1,17.85,2,17.9,39,1,2022-07-19 10:07:59
1658225281178299000,17.9,1,17.85,2,17.9,38,1,2022-07-19 10:08:01
1658225282473474000,17.9,1,17.85,2,17.9,37,1,2022-07-19 10:08:02
1658225288188061000,17.9,1,17.85,2,17.9,36,1,2022-07-19 10:08:08
1658225290100673000,17.9,2,17.85,2,17.9,34,1,2022-07-19 10:08:10
1658225294681297000,17.9,5,17.85,2,17.9,29,1,2022-07-19 10:08:14
1658225295424554000,17.9,10,17.85,2,17.9,19,1,2022-07-19 10:08:15
1658225297735658000,17.9,5,17.85,3,17.9,14,1,2022-07-19 10:08:17
1658225302145020000,17.9,1,17.85,3,17.9,13,1,2022-07-19 10:08:22
1658225307872196000,17.9,1,17.85,5,17.9,12,1,2022-07-19 10:08:27
1658225313159836000,17.9,1,17.85,6,17.9,11,1,2022-07-19 10:08:33
1658225320381960000,17.9,1,17.85,5,17.9,10,1,2022-07-19 10:08:40
1658225320541496000,17.9,1,17.85,5,17.9,9,1,2022-07-19 10:08:40
1658225324119278000,17.9,3,17.85,5,17.9,6,1,2022-07-19 10:08:44
1658225330963858000,17.9,3,17.85,6,17.9,4,1,2022-07-19 10:08:50
1658225332877951000,17.9,1,17.85,6,17.9,3,1,2022-07-19 10:08:52
1658225334930994000,17.9,3,17.85,6,17.95,78,1,2022-07-19 10:08:54
1658225338425321000,17.85,1,17.85,5,17.9,2,2,2022-07-19 10:08:58
1658225338472665000,17.9,2,17.85,5,17.95,73,1,2022-07-19 10:08:58
1658225350238662000,17.95,2,17.9,15,17.95,71,1,2022-07-19 10:09:10
1658225359511549000,17.95,1,17.9,35,17.95,70,1,2022-07-19 10:09:19
1658225359553597000,17.95,2,17.9,35,17.95,68,1,2022-07-19 10:09:19
1658225361732691000,17.95,2,17.9,38,17.95,66,1,2022-07-19 10:09:21
1658225362503893000,17.95,2,17.9,38,17.95,64,1,2022-07-19 10:09:22
1658225364528440000,17.95,2,17.9,38,17.95,62,1,2022-07-19 10:09:24
1658225367098839000,17.95,2,17.9,38,17.95,60,1,2022-07-19 10:09:27
1658225368910544000,17.95,2,17.9,38,17.95,58,1,2022-07-19 10:09:28
1658225370966830000,17.95,2,17.9,38,17.95,56,1,2022-07-19 10:09:30
1658225370993593000,17.95,1,17.9,38,17.95,55,1,2022-07-19 10:09:30
1658225371027087000,17.95,1,17.9,38,17.95,54,1,2022-07-19 10:09:31
1658225372666377000,17.95,1,17.9,38,17.95,53,1,2022-07-19 10:09:32
1658225374967562000,17.95,1,17.9,38,17.95,53,1,2022-07-19 10:09:34
1658225379362979000,17.9,5,17.9,34,17.95,53,2,2022-07-19 10:09:39
1658225392500025000,17.95,2,17.9,43,17.95,51,1,2022-07-19 10:09:52
1658225414937533000,17.95,1,17.9,47,17.95,52,1,2022-07-19 10:10:14
1658225415158385000,17.95,1,17.9,47,17.95,51,1,2022-07-19 10:10:15
1658225415737830000,17.95,1,17.9,47,17.95,50,1,2022-07-19 10:10:15
1658225418104101000,17.95,1,17.9,47,17.95,49,1,2022-07-19 10:10:18
1658225419211615000,17.95,1,17.9,47,17.95,48,1,2022-07-19 10:10:19
1658225420070157000,17.9,20,17.9,27,17.95,48,2,2022-07-19 10:10:20
1658225424418469000,17.95,1,17.9,27,17.95,47,1,2022-07-19 10:10:24
1658225433770011000,17.95,2,17.9,27,17.95,45,1,2022-07-19 10:10:33
1658225435151529000,17.95,10,17.9,27,17.95,35,1,2022-07-19 10:10:35
1658225437667338000,17.95,1,17.9,27,17.95,34,1,2022-07-19 10:10:37
1658225438569479000,17.95,3,17.9,27,17.95,31,1,2022-07-19 10:10:38
1658225440998702000,17.95,1,17.9,27,17.95,30,1,2022-07-19 10:10:40
1658225441199375000,17.95,1,17.9,27,17.95,29,1,2022-07-19 10:10:41
1658225444818139000,17.95,5,17.9,27,17.95,24,1,2022-07-19 10:10:44
1658225445764534000,17.95,1,17.9,27,17.95,23,1,2022-07-19 10:10:45
1658225446423581000,17.95,1,17.9,27,17.95,22,1,2022-07-19 10:10:46
1658225446576511000,17.95,1,17.9,27,17.95,21,1,2022-07-19 10:10:46
1658225447383177000,17.95,1,17.9,27,17.95,20,1,2022-07-19 10:10:47
1658225448266591000,17.95,2,17.9,127,17.95,18,1,2022-07-19 10:10:48
1658225449485967000,17.95,18,18.0,107,18.05,109,1,2022-07-19 10:10:49
1658225449485967000,18.0,75,18.0,107,18.05,109,1,2022-07-19 10:10:49
1658225450955433000,18.05,2,18.0,111,18.05,107,1,2022-07-19 10:10:50
1658225450959186000,18.05,2,18.0,111,18.05,105,1,2022-07-19 10:10:50
1658225451028195000,18.05,2,18.0,111,18.05,103,1,2022-07-19 10:10:51
1658225451121119000,18.0,11,18.0,100,18.05,103,2,2022-07-19 10:10:51
1658225458866930000,18.0,1,18.0,4,18.05,103,2,2022-07-19 10:10:58
1658225459822087000,18.0,4,17.95,3,18.0,1,2,2022-07-19 10:10:59
1658225461124476000,18.0,10,17.95,1,18.0,1,1,2022-07-19 10:11:01
1658225466492501000,18.0,2,17.95,8,18.0,17,1,2022-07-19 10:11:06
1658225466850023000,18.0,1,17.95,8,18.0,17,1,2022-07-19 10:11:06
1658225469973132000,18.0,5,17.95,14,18.0,11,1,2022-07-19 10:11:09
1658225470741178000,18.0,2,17.95,14,18.0,9,1,2022-07-19 10:11:10
1658225472203012000,18.0,5,17.95,14,18.0,4,1,2022-07-19 10:11:12
1658225472993888000,18.0,1,17.95,14,18.0,3,1,2022-07-19 10:11:12
1658225474358975000,18.0,2,17.95,14,18.0,1,1,2022-07-19 10:11:14
1658225474440012000,18.0,1,17.95,14,18.05,103,1,2022-07-19 10:11:14
1658225475730545000,18.05,30,17.95,14,18.05,73,1,2022-07-19 10:11:15
1658225478234479000,18.0,2,17.95,13,18.05,73,2,2022-07-19 10:11:18
1658225483999430000,18.05,1,18.0,3,18.05,76,1,2022-07-19 10:11:23
1658225489025764000,18.05,2,18.0,5,18.05,89,1,2022-07-19 10:11:29
1658225489400621000,18.05,1,18.0,5,18.05,88,1,2022-07-19 10:11:29
1658225489753697000,18.05,1,18.0,5,18.05,87,1,2022-07-19 10:11:29
1658225490169533000,18.0,3,18.0,2,18.05,87,2,2022-07-19 10:11:30
1658225490789996000,18.05,5,18.0,2,18.05,82,1,2022-07-19 10:11:30
1658225496803704000,18.0,1,18.0,12,18.05,70,2,2022-07-19 10:11:36
1658225504258262000,18.0,5,18.0,21,18.05,71,2,2022-07-19 10:11:44
1658225506632081000,18.05,2,18.0,27,18.05,69,1,2022-07-19 10:11:46
1658225512917820000,18.05,1,18.0,37,18.05,69,1,2022-07-19 10:11:52
1658225513594077000,18.05,1,18.0,37,18.05,68,1,2022-07-19 10:11:53
1658225519377643000,18.05,5,18.0,36,18.05,63,1,2022-07-19 10:11:59
1658225519776242000,18.05,1,18.0,37,18.05,62,1,2022-07-19 10:11:59
1658225529228038000,18.05,1,18.0,34,18.05,61,1,2022-07-19 10:12:09
1658225534518717000,18.05,1,18.0,34,18.05,60,1,2022-07-19 10:12:14
1658225535816126000,18.05,9,18.0,34,18.05,51,1,2022-07-19 10:12:15
1658225539652928000,18.05,1,18.0,63,18.05,50,1,2022-07-19 10:12:19
1658225539773398000,18.05,1,18.0,63,18.05,49,1,2022-07-19 10:12:19
1658225541715349000,18.05,3,18.0,63,18.05,46,1,2022-07-19 10:12:21
1658225542223554000,18.05,1,18.0,63,18.05,45,1,2022-07-19 10:12:22
1658225545310836000,18.05,5,18.0,65,18.05,40,1,2022-07-19 10:12:25
1658225546191942000,18.05,1,18.0,66,18.05,39,1,2022-07-19 10:12:26
1658225550348478000,18.05,1,18.0,66,18.05,38,1,2022-07-19 10:12:30
1658225551554513000,18.05,1,18.0,66,18.05,37,1,2022-07-19 10:12:31
1658225553151148000,18.05,10,18.0,58,18.05,27,1,2022-07-19 10:12:33
1658225553270141000,18.05,10,18.0,58,18.05,17,1,2022-07-19 10:12:33
1658225555678697000,18.05,1,18.0,58,18.05,41,1,2022-07-19 10:12:35
1658225556254491000,18.05,10,18.0,48,18.05,31,1,2022-07-19 10:12:36
1658225556890712000,18.05,1,18.0,48,18.05,30,1,2022-07-19 10:12:36
1658225561216464000,18.05,2,18.0,49,18.05,32,1,2022-07-19 10:12:41
1658225566424401000,18.05,1,18.0,53,18.05,32,1,2022-07-19 10:12:46
1658225569880250000,18.05,1,18.0,54,18.05,32,1,2022-07-19 10:12:49
1658225572150947000,18.05,1,18.0,52,18.05,31,1,2022-07-19 10:12:52
1658225575346831000,18.05,2,18.0,52,18.05,34,1,2022-07-19 10:12:55
1658225576185411000,18.05,2,18.0,52,18.05,32,1,2022-07-19 10:12:56
1658225579229152000,18.05,1,18.0,52,18.05,31,1,2022-07-19 10:12:59
1658225581724426000,18.05,1,18.0,52,18.05,32,1,2022-07-19 10:13:01
1658225582718441000,18.05,2,18.0,52,18.05,30,1,2022-07-19 10:13:02
1658225586594725000,18.05,1,18.0,54,18.05,30,1,2022-07-19 10:13:06
1658225586660496000,18.05,2,18.0,54,18.05,28,1,2022-07-19 10:13:06
1658225593769566000,18.05,10,18.0,59,18.05,17,1,2022-07-19 10:13:13
1658225597118772000,18.05,1,18.0,59,18.05,16,1,2022-07-19 10:13:17
1658225597569497000,18.0,1,18.0,58,18.05,16,2,2022-07-19 10:13:17
1658225603370932000,18.05,6,18.0,58,18.05,15,1,2022-07-19 10:13:23
1658225608036483000,18.0,9,18.0,50,18.05,33,2,2022-07-19 10:13:28
1658225608056958000,18.0,21,18.0,29,18.05,33,2,2022-07-19 10:13:28
1658225608077523000,18.0,20,18.0,9,18.05,33,2,2022-07-19 10:13:28
1658225608109026000,18.0,2,18.0,7,18.05,33,2,2022-07-19 10:13:28
1658225608109503000,18.0,7,18.0,59,18.05,33,2,2022-07-19 10:13:28
1658225609112719000,18.0,1,17.95,11,18.0,3,1,2022-07-19 10:13:29
1658225611088947000,17.95,1,17.95,10,18.0,5,2,2022-07-19 10:13:31
1658225622565327000,17.95,10,17.95,3,18.0,17,2,2022-07-19 10:13:42
1658225622582176000,17.95,3,17.9,1,18.0,17,2,2022-07-19 10:13:42
1658225624486679000,17.95,1,17.95,1,18.0,17,2,2022-07-19 10:13:44
1658225624584123000,17.95,1,17.9,1,18.0,17,2,2022-07-19 10:13:44
1658225633860666000,17.9,2,17.85,3,17.95,1,2,2022-07-19 10:13:53
1658225633860666000,17.85,6,17.85,3,17.95,1,2,2022-07-19 10:13:53
1658225634870192000,17.95,3,17.85,3,18.0,9,1,2022-07-19 10:13:54
1658225634870192000,18.0,7,17.85,3,18.0,9,1,2022-07-19 10:13:54
1658225637488413000,17.95,1,17.85,3,17.95,3,1,2022-07-19 10:13:57
1658225640788287000,17.95,1,17.9,1,17.95,4,1,2022-07-19 10:14:00
1658225653246371000,17.95,3,17.9,2,17.95,1,1,2022-07-19 10:14:13
1658225658192732000,17.95,1,17.9,4,18.0,11,1,2022-07-19 10:14:18
1658225664023045000,17.95,1,17.9,4,18.0,27,1,2022-07-19 10:14:24
1658225664023045000,18.0,1,17.9,4,18.0,27,1,2022-07-19 10:14:24
1658225669154283000,18.0,1,17.95,1,18.0,27,1,2022-07-19 10:14:29
1658225679622924000,17.95,2,17.9,4,18.0,30,2,2022-07-19 10:14:39
1658225683892064000,17.95,1,17.9,4,17.95,1,1,2022-07-19 10:14:43
1658225690866237000,17.95,1,17.9,3,18.0,30,1,2022-07-19 10:14:50
1658225693783218000,17.9,3,17.8,3,17.85,1,2,2022-07-19 10:14:53
1658225693783218000,17.85,2,17.8,3,17.85,1,2,2022-07-19 10:14:53
1658225693801561000,17.85,1,17.8,3,18.0,30,1,2022-07-19 10:14:53
1658225749508792000,17.95,1,17.85,1,17.95,5,1,2022-07-19 10:15:49
1658225749562157000,17.85,1,17.8,7,17.95,5,2,2022-07-19 10:15:49
1658225875449902000,17.9,1,17.85,7,17.9,4,1,2022-07-19 10:17:55
1658225876111416000,17.9,1,17.85,7,17.9,3,1,2022-07-19 10:17:56
1658225879507256000,17.9,1,17.85,7,17.9,2,1,2022-07-19 10:17:59
1658225879547125000,17.9,2,17.85,7,17.95,4,1,2022-07-19 10:17:59
1658225908182637000,17.95,2,17.9,1,18.0,12,1,2022-07-19 10:18:28
1658225908182637000,18.0,18,17.9,1,18.0,12,1,2022-07-19 10:18:28
1658225910988096000,17.9,1,17.85,7,17.9,9,2,2022-07-19 10:18:30
1658225911020549000,17.9,1,17.85,7,17.9,8,1,2022-07-19 10:18:31
1658225921835399000,17.9,1,17.85,7,17.9,7,1,2022-07-19 10:18:41
1658225926337903000,17.9,1,17.85,8,17.9,16,1,2022-07-19 10:18:46
1658225934580744000,17.9,16,17.85,13,18.0,6,1,2022-07-19 10:18:54
1658225934580744000,18.0,4,17.85,13,18.0,6,1,2022-07-19 10:18:54
1658226059158398000,17.95,2,17.95,4,18.0,21,2,2022-07-19 10:20:59
1658226059191916000,17.95,4,17.9,3,18.0,24,2,2022-07-19 10:20:59
1658226082768986000,17.95,1,17.9,5,17.95,2,1,2022-07-19 10:21:22
1658226175557170000,17.9,1,17.9,15,17.95,6,2,2022-07-19 10:22:55
1658226217106761000,17.9,1,17.9,14,17.95,16,2,2022-07-19 10:23:37
1658226240010315000,17.9,11,17.9,3,17.95,16,2,2022-07-19 10:24:00
1658226242114183000,17.9,1,17.9,2,17.95,16,2,2022-07-19 10:24:02
1658226242146960000,17.9,2,17.85,8,17.95,16,2,2022-07-19 10:24:02
1658226276532845000,17.9,1,17.85,8,17.9,1,2,2022-07-19 10:24:36
1658226369822662000,17.9,1,17.85,10,17.9,2,1,2022-07-19 10:26:09
1658226437515215000,17.9,1,17.85,12,17.9,22,1,2022-07-19 10:27:17
1658226454363008000,17.9,1,17.85,12,17.9,26,1,2022-07-19 10:27:34
1658226511090291000,17.85,13,17.8,23,17.9,26,2,2022-07-19 10:28:31
1658226518074710000,17.85,2,17.8,21,17.9,29,2,2022-07-19 10:28:38
1658226518074710000,17.8,2,17.8,21,17.9,29,2,2022-07-19 10:28:38
1658226560704440000,17.8,1,17.8,25,17.85,1,2,2022-07-19 10:29:20
1658226572939847000,17.8,1,17.8,24,17.85,3,2,2022-07-19 10:29:32
1658226577669724000,17.8,2,17.8,22,17.85,3,2,2022-07-19 10:29:37
1658226580887246000,17.8,1,17.8,21,17.85,5,2,2022-07-19 10:29:40
1658226600973813000,17.8,10,17.8,9,17.85,7,2,2022-07-19 10:30:00
1658226601003789000,17.8,9,17.75,10,17.85,7,2,2022-07-19 10:30:01
1658226623160736000,17.75,2,17.75,8,17.8,38,2,2022-07-19 10:30:23
1658226636054561000,17.75,3,17.75,5,17.8,28,2,2022-07-19 10:30:36
1658226656709823000,17.8,18,17.75,5,17.8,10,1,2022-07-19 10:30:56
1658226656731580000,17.8,10,17.75,5,17.85,2,1,2022-07-19 10:30:56
1658226680424712000,17.8,2,17.75,6,17.85,2,1,2022-07-19 10:31:20
1658226758019737000,17.85,1,17.8,1,17.85,1,1,2022-07-19 10:32:38
1658226766386204000,17.85,1,17.8,1,17.9,16,1,2022-07-19 10:32:46
1658226783453171000,17.85,3,17.8,3,17.9,16,2,2022-07-19 10:33:03
1658226791671678000,17.8,3,17.8,1,17.9,18,2,2022-07-19 10:33:11
1658226797106237000,17.8,1,17.8,3,17.9,18,2,2022-07-19 10:33:17
1658226802151118000,17.8,3,17.75,23,17.85,2,2,2022-07-19 10:33:22
1658226824371525000,17.8,3,17.8,6,17.85,2,2,2022-07-19 10:33:44
1658226827186726000,17.8,1,17.8,5,17.85,2,2,2022-07-19 10:33:47
1658226862369087000,17.85,2,17.8,6,17.9,21,1,2022-07-19 10:34:22
1658227019739048000,17.85,1,17.8,14,17.9,21,1,2022-07-19 10:36:59
1658227050821419000,17.85,5,17.8,15,17.9,21,1,2022-07-19 10:37:30
1658227063152751000,17.8,1,17.8,16,17.9,21,2,2022-07-19 10:37:43
1658227102340577000,17.8,2,17.8,13,17.85,5,2,2022-07-19 10:38:22
1658227114682796000,17.8,13,17.75,17,17.85,5,2,2022-07-19 10:38:34
1658227114682796000,17.75,6,17.75,17,17.85,5,2,2022-07-19 10:38:34
1658227128782261000,17.75,5,17.75,12,17.85,5,2,2022-07-19 10:38:48
1658227136518503000,17.75,1,17.75,11,17.85,5,2,2022-07-19 10:38:56
1658227148905038000,17.75,2,17.75,9,17.85,5,2,2022-07-19 10:39:08
1658227155478795000,17.75,1,17.75,8,17.85,5,2,2022-07-19 10:39:15
1658227162379081000,17.75,5,17.75,3,17.85,5,2,2022-07-19 10:39:22
1658227180879912000,17.75,3,17.7,17,17.75,2,2,2022-07-19 10:39:40
1658227182843445000,17.75,1,17.7,17,17.75,1,1,2022-07-19 10:39:42
1658227195494228000,17.75,1,17.7,17,17.8,1,1,2022-07-19 10:39:55
1658227202070943000,17.8,1,17.75,1,17.8,5,1,2022-07-19 10:40:02
1658227318584512000,17.8,1,17.75,4,17.8,5,1,2022-07-19 10:41:58
1658227557376177000,17.8,1,17.75,9,17.8,8,1,2022-07-19 10:45:57
1658227597089862000,17.8,5,17.75,12,17.8,6,1,2022-07-19 10:46:37
1658227695923380000,17.8,2,17.75,12,17.8,5,1,2022-07-19 10:48:15
1658227733974923000,17.8,1,17.75,12,17.8,4,1,2022-07-19 10:48:53
1658227766726950000,17.75,1,17.75,12,17.8,5,2,2022-07-19 10:49:26
1658227771341443000,17.75,10,17.75,2,17.8,5,2,2022-07-19 10:49:31
1658227771362846000,17.75,2,17.7,29,17.8,5,2,2022-07-19 10:49:31
1658227775785827000,17.75,1,17.75,2,17.8,5,2,2022-07-19 10:49:35
1658227788254693000,17.75,1,17.75,1,17.8,5,2,2022-07-19 10:49:48
1658227788287241000,17.75,1,17.7,26,17.8,5,2,2022-07-19 10:49:48
1658227903567082000,17.75,1,17.7,24,17.75,6,1,2022-07-19 10:51:43
1658227916935867000,17.75,1,17.7,24,17.75,5,1,2022-07-19 10:51:56
1658227943885799000,17.75,6,17.7,24,17.75,2,1,2022-07-19 10:52:23
1658227955735737000,17.75,6,17.7,24,17.8,10,1,2022-07-19 10:52:35
1658227971416542000,17.7,1,17.7,29,17.8,10,2,2022-07-19 10:52:51
1658227983396343000,17.7,5,17.7,24,17.8,10,2,2022-07-19 10:53:03
1658228005491662000,17.7,5,17.7,20,17.75,1,2,2022-07-19 10:53:25
1658228011792681000,17.7,1,17.7,19,17.75,2,2,2022-07-19 10:53:31
1658228017730484000,17.7,10,17.7,9,17.75,2,2,2022-07-19 10:53:37
1658228020980232000,17.7,3,17.7,6,17.75,8,2,2022-07-19 10:53:40
1658228021013108000,17.7,2,17.7,4,17.75,8,2,2022-07-19 10:53:41
1658228021046567000,17.7,4,17.65,40,17.75,8,2,2022-07-19 10:53:41
1658228052667472000,17.7,3,17.65,40,17.7,5,1,2022-07-19 10:54:12
1658228053834867000,17.65,1,17.65,39,17.7,5,2,2022-07-19 10:54:13
1658228106837870000,17.7,5,17.7,2,17.75,8,1,2022-07-19 10:55:06
1658228114091334000,17.7,2,17.65,44,17.7,3,2,2022-07-19 10:55:14
1658228123675478000,17.7,3,17.7,2,17.75,6,1,2022-07-19 10:55:23
1658228178866904000,17.7,2,17.7,1,17.75,8,2,2022-07-19 10:56:18
1658228203259318000,17.7,1,17.65,50,17.75,9,2,2022-07-19 10:56:43
1658228214141755000,17.7,1,17.65,50,17.75,8,1,2022-07-19 10:56:54
1658228233684788000,17.75,2,17.7,1,17.75,6,1,2022-07-19 10:57:13
1658228276897209000,17.75,2,17.7,14,17.75,4,1,2022-07-19 10:57:56
1658228311644213000,17.75,1,17.7,14,17.75,3,1,2022-07-19 10:58:31
1658228331620656000,17.75,1,17.7,13,17.75,2,1,2022-07-19 10:58:51
1658228334216713000,17.75,2,17.7,13,17.8,9,1,2022-07-19 10:58:54
1658228334642956000,17.8,1,17.7,13,17.8,8,1,2022-07-19 10:58:54
1658228342902010000,17.8,1,17.7,13,17.8,7,1,2022-07-19 10:59:02
1658228430754591000,17.8,1,17.75,16,17.8,6,1,2022-07-19 11:00:30
1658228467296623000,17.75,17,17.7,14,17.75,3,2,2022-07-19 11:01:07
1658228468415399000,17.75,3,17.7,14,17.8,3,1,2022-07-19 11:01:08
1658228468415399000,17.8,3,17.7,14,17.8,3,1,2022-07-19 11:01:08
1658228469263500000,17.7,14,17.65,32,17.7,6,2,2022-07-19 11:01:09
1658228543364149000,17.7,2,17.65,33,17.75,6,2,2022-07-19 11:02:23
1658228589306730000,17.75,1,17.65,33,17.75,7,1,2022-07-19 11:03:09
1658228607466670000,17.7,1,17.65,33,17.75,7,1,2022-07-19 11:03:27
1658228609316063000,17.65,1,17.65,32,17.75,7,2,2022-07-19 11:03:29
1658228615722205000,17.7,1,17.65,32,17.7,1,2,2022-07-19 11:03:35
1658228621841325000,17.7,1,17.65,32,17.75,7,1,2022-07-19 11:03:41
1658228636717578000,17.7,1,17.65,32,17.75,7,1,2022-07-19 11:03:56
1658228642523136000,17.7,1,17.65,32,17.75,7,1,2022-07-19 11:04:02
1658228655436320000,17.7,1,17.65,32,17.75,7,1,2022-07-19 11:04:15
1658228698938341000,17.7,3,17.65,32,17.75,12,2,2022-07-19 11:04:58
1658228734459166000,17.7,1,17.7,1,17.75,12,2,2022-07-19 11:05:34
1658228738129524000,17.7,1,17.65,32,17.75,13,2,2022-07-19 11:05:38
1658228784025869000,17.7,1,17.7,2,17.75,13,2,2022-07-19 11:06:24
1658228787125364000,17.7,2,17.65,24,17.75,13,2,2022-07-19 11:06:27
1658228787125364000,17.65,8,17.65,24,17.75,13,2,2022-07-19 11:06:27
1658228803369918000,17.65,10,17.65,14,17.75,13,2,2022-07-19 11:06:43
1658228823825022000,17.65,15,17.65,3,17.7,2,2,2022-07-19 11:07:03
1658228823861015000,17.65,2,17.65,1,17.7,2,2,2022-07-19 11:07:03
1658228823892296000,17.65,1,17.6,31,17.7,2,2,2022-07-19 11:07:03
1658228827495953000,17.6,1,17.6,30,17.65,2,2,2022-07-19 11:07:07
1658228832141766000,17.65,1,17.6,30,17.65,3,1,2022-07-19 11:07:12
1658228845092068000,17.65,3,17.6,30,17.7,1,1,2022-07-19 11:07:25
1658228936060976000,17.65,1,17.65,2,17.7,3,2,2022-07-19 11:08:56
1658228979264013000,17.65,1,17.65,4,17.7,3,2,2022-07-19 11:09:39
1658229013872701000,17.65,1,17.65,3,17.7,3,2,2022-07-19 11:10:13
1658229040967614000,17.65,1,17.65,2,17.7,3,2,2022-07-19 11:10:40
1658229093680688000,17.65,2,17.6,32,17.65,3,2,2022-07-19 11:11:33
1658229109878342000,17.6,1,17.6,31,17.65,3,2,2022-07-19 11:11:49
1658229117961896000,17.6,10,17.6,21,17.65,3,2,2022-07-19 11:11:57
1658229123465262000,17.6,1,17.6,20,17.65,3,2,2022-07-19 11:12:03
1658229125628663000,17.6,20,17.55,43,17.6,7,2,2022-07-19 11:12:05
1658229142453919000,17.6,1,17.55,43,17.6,6,1,2022-07-19 11:12:22
1658229159059898000,17.6,7,17.6,3,17.65,3,1,2022-07-19 11:12:39
1658229181169499000,17.6,2,17.6,3,17.65,4,2,2022-07-19 11:13:01
