ts,close,volume,bid_price,bid_volume,ask_price,ask_volume,tick_type,datetime
1658221208425884000,645.0,83,645.0,5,646.0,3,2,2022-07-19 09:00:08
1658221208512122000,646.0,1,645.0,7,646.0,2,1,2022-07-19 09:00:08
1658221208513840000,646.0,1,645.0,7,646.0,1,1,2022-07-19 09:00:08
1658221209495094000,645.0,2,645.0,6,646.0,1,2,2022-07-19 09:00:09
1658221209524833000,646.0,1,645.0,6,647.0,8,1,2022-07-19 09:00:09
1658221209606733000,647.0,1,645.0,6,647.0,8,1,2022-07-19 09:00:09
1658221209749633000,647.0,7,645.0,7,648.0,41,1,2022-07-19 09:00:09
1658221209822393000,648.0,1,645.0,7,648.0,42,1,2022-07-19 09:00:09
1658221209823483000,648.0,1,645.0,7,648.0,41,1,2022-07-19 09:00:09
1658221209824035000,648.0,1,645.0,7,648.0,40,1,2022-07-19 09:00:09
1658221211114622000,645.0,3,645.0,4,647.0,1,2,2022-07-19 09:00:11
1658221211154751000,645.0,4,644.0,1,647.0,1,2,2022-07-19 09:00:11
1658221215110105000,644.0,2,644.0,2,646.0,1,2,2022-07-19 09:00:15
1658221215110105000,643.0,1,644.0,2,646.0,1,2,2022-07-19 09:00:15
1658221215110105000,642.0,2,644.0,2,646.0,1,2,2022-07-19 09:00:15
1658221221092829000,645.0,1,642.0,3,645.0,1,1,2022-07-19 09:00:21
1658221221680179000,642.0,1,642.0,2,645.0,1,2,2022-07-19 09:00:21
1658221224255484000,642.0,1,642.0,6,644.0,1,2,2022-07-19 09:00:24
1658221224488714000,644.0,1,642.0,9,645.0,4,1,2022-07-19 09:00:24
1658221225729812000,644.0,1,642.0,11,645.0,4,2,2022-07-19 09:00:25
1658221225885568000,642.0,1,642.0,11,645.0,4,2,2022-07-19 09:00:25
1658221226221216000,642.0,1,642.0,11,645.0,4,2,2022-07-19 09:00:26
1658221229419919000,645.0,1,643.0,7,645.0,4,1,2022-07-19 09:00:29
1658221229721420000,644.0,1,643.0,7,645.0,5,1,2022-07-19 09:00:29
1658221230650349000,645.0,1,643.0,8,645.0,4,1,2022-07-19 09:00:30
1658221230765053000,645.0,1,644.0,1,645.0,3,1,2022-07-19 09:00:30
1658221230797400000,645.0,3,644.0,1,646.0,4,1,2022-07-19 09:00:30
1658221230874051000,644.0,1,644.0,2,646.0,3,2,2022-07-19 09:00:30
1658221230875802000,646.0,1,644.0,2,646.0,2,1,2022-07-19 09:00:30
1658221231121330000,643.0,1,643.0,8,646.0,2,2,2022-07-19 09:00:31
1658221232406611000,646.0,1,645.0,1,646.0,1,1,2022-07-19 09:00:32
1658221232534195000,646.0,1,645.0,1,647.0,8,1,2022-07-19 09:00:32
1658221232983864000,645.0,2,644.0,5,647.0,8,2,2022-07-19 09:00:32
1658221232983864000,644.0,2,644.0,5,647.0,8,2,2022-07-19 09:00:32
1658221233583164000,645.0,1,644.0,7,647.0,8,1,2022-07-19 09:00:33
1658221233659936000,647.0,1,645.0,1,647.0,7,1,2022-07-19 09:00:33
1658221234053024000,645.0,2,644.0,1,646.0,1,2,2022-07-19 09:00:34
1658221234053024000,644.0,5,644.0,1,646.0,1,2,2022-07-19 09:00:34
1658221234073967000,646.0,1,645.0,2,646.0,1,1,2022-07-19 09:00:34
1658221234141193000,647.0,1,644.0,1,647.0,7,1,2022-07-19 09:00:34
1658221235732109000,644.0,5,643.0,7,647.0,7,2,2022-07-19 09:00:35
1658221235732109000,643.0,1,643.0,7,647.0,7,2,2022-07-19 09:00:35
1658221242174025000,646.0,1,645.0,6,647.0,7,1,2022-07-19 09:00:42
1658221244988339000,647.0,1,646.0,11,647.0,9,1,2022-07-19 09:00:44
1658221245322453000,646.0,1,646.0,11,647.0,9,2,2022-07-19 09:00:45
1658221246390114000,646.0,2,646.0,10,647.0,11,2,2022-07-19 09:00:46
1658221246540903000,647.0,1,646.0,9,647.0,10,1,2022-07-19 09:00:46
1658221246616768000,647.0,1,646.0,9,647.0,10,1,2022-07-19 09:00:46
1658221248057293000,646.0,1,646.0,8,647.0,9,2,2022-07-19 09:00:48
1658221248313604000,646.0,1,646.0,7,647.0,9,2,2022-07-19 09:00:48
1658221248784521000,647.0,1,646.0,8,647.0,8,1,2022-07-19 09:00:48
1658221249226319000,647.0,5,646.0,8,647.0,3,1,2022-07-19 09:00:49
1658221249331862000,647.0,1,646.0,8,647.0,2,1,2022-07-19 09:00:49
1658221249418250000,647.0,1,646.0,8,647.0,1,1,2022-07-19 09:00:49
1658221250186256000,646.0,1,646.0,8,647.0,1,2,2022-07-19 09:00:50
1658221250269174000,647.0,1,646.0,8,647.0,1,1,2022-07-19 09:00:50
1658221250754344000,647.0,1,646.0,8,648.0,16,2,2022-07-19 09:00:50
1658221252091746000,648.0,1,646.0,8,648.0,14,1,2022-07-19 09:00:52
1658221252178661000,648.0,1,646.0,8,648.0,13,1,2022-07-19 09:00:52
1658221253656148000,646.0,6,646.0,2,647.0,5,2,2022-07-19 09:00:53
1658221253687171000,646.0,2,645.0,10,647.0,7,2,2022-07-19 09:00:53
1658221254569828000,646.0,1,645.0,10,647.0,9,2,2022-07-19 09:00:54
1658221256172085000,645.0,5,645.0,5,646.0,2,2,2022-07-19 09:00:56
1658221256172149000,645.0,5,644.0,11,646.0,2,2,2022-07-19 09:00:56
1658221256172287000,644.0,10,644.0,1,646.0,2,2,2022-07-19 09:00:56
1658221256172436000,644.0,1,643.0,8,646.0,2,2,2022-07-19 09:00:56
1658221256172436000,643.0,4,643.0,8,646.0,2,2,2022-07-19 09:00:56
1658221256999802000,645.0,1,643.0,9,646.0,4,2,2022-07-19 09:00:56
1658221262131708000,643.0,1,643.0,8,644.0,2,2,2022-07-19 09:01:02
1658221263145753000,643.0,1,643.0,5,644.0,4,2,2022-07-19 09:01:03
1658221263334051000,644.0,4,643.0,5,645.0,17,1,2022-07-19 09:01:03
1658221263418708000,643.0,1,643.0,4,645.0,17,2,2022-07-19 09:01:03
1658221265061285000,643.0,1,643.0,4,645.0,17,2,2022-07-19 09:01:05
1658221265318701000,643.0,4,642.0,17,645.0,18,2,2022-07-19 09:01:05
1658221265318701000,642.0,6,642.0,17,645.0,18,2,2022-07-19 09:01:05
1658221265318863000,642.0,17,641.0,40,645.0,18,2,2022-07-19 09:01:05
1658221265318863000,641.0,3,641.0,40,645.0,18,2,2022-07-19 09:01:05
1658221265318991000,641.0,10,641.0,30,645.0,18,2,2022-07-19 09:01:05
1658221265319194000,641.0,10,641.0,20,645.0,18,2,2022-07-19 09:01:05
1658221265355400000,641.0,2,641.0,18,644.0,1,2,2022-07-19 09:01:05
1658221265432425000,644.0,2,641.0,18,645.0,20,1,2022-07-19 09:01:05
1658221265434084000,645.0,2,642.0,6,645.0,18,1,2022-07-19 09:01:05
1658221265507947000,645.0,1,642.0,7,645.0,17,1,2022-07-19 09:01:05
1658221265509553000,645.0,1,642.0,7,645.0,16,1,2022-07-19 09:01:05
1658221265807525000,645.0,3,642.0,8,645.0,13,1,2022-07-19 09:01:05
1658221265853959000,642.0,1,642.0,7,645.0,11,2,2022-07-19 09:01:05
1658221265887210000,644.0,1,642.0,7,644.0,1,1,2022-07-19 09:01:05
1658221265964962000,644.0,1,642.0,7,645.0,14,1,2022-07-19 09:01:05
1658221266558958000,643.0,1,642.0,7,644.0,1,2,2022-07-19 09:01:06
1658221266846872000,643.0,1,642.0,7,644.0,1,1,2022-07-19 09:01:06
1658221267155608000,642.0,1,642.0,5,644.0,1,2,2022-07-19 09:01:07
1658221267463021000,644.0,1,642.0,5,644.0,3,1,2022-07-19 09:01:07
1658221268419375000,643.0,1,642.0,7,644.0,5,2,2022-07-19 09:01:08
1658221268744862000,642.0,1,642.0,6,644.0,5,2,2022-07-19 09:01:08
1658221270618737000,642.0,1,642.0,6,644.0,9,2,2022-07-19 09:01:10
1658221272348870000,643.0,1,642.0,7,643.0,2,1,2022-07-19 09:01:12
1658221272583979000,643.0,1,642.0,7,643.0,2,1,2022-07-19 09:01:12
1658221273057090000,643.0,1,642.0,7,644.0,13,1,2022-07-19 09:01:13
1658221273143080000,644.0,1,642.0,7,644.0,12,1,2022-07-19 09:01:13
1658221273591015000,643.0,1,642.0,7,643.0,1,1,2022-07-19 09:01:13
1658221273757943000,643.0,1,642.0,7,644.0,12,1,2022-07-19 09:01:13
1658221273926470000,642.0,1,642.0,6,644.0,11,2,2022-07-19 09:01:13
1658221274641467000,642.0,2,642.0,7,644.0,12,2,2022-07-19 09:01:14
1658221274688984000,642.0,1,642.0,4,644.0,12,2,2022-07-19 09:01:14
1658221276142127000,643.0,1,642.0,6,643.0,2,1,2022-07-19 09:01:16
1658221276447077000,642.0,1,642.0,5,643.0,1,2,2022-07-19 09:01:16
1658221276478473000,643.0,1,642.0,5,644.0,11,1,2022-07-19 09:01:16
1658221278017770000,643.0,1,642.0,7,643.0,1,1,2022-07-19 09:01:18
1658221279198042000,643.0,1,641.0,19,644.0,12,2,2022-07-19 09:01:19
1658221279198042000,642.0,8,641.0,19,644.0,12,2,2022-07-19 09:01:19
1658221279198042000,641.0,1,641.0,19,644.0,12,2,2022-07-19 09:01:19
1658221279198186000,641.0,5,641.0,14,644.0,12,2,2022-07-19 09:01:19
1658221279198354000,641.0,5,641.0,9,644.0,12,2,2022-07-19 09:01:19
1658221279198555000,641.0,5,641.0,4,644.0,12,2,2022-07-19 09:01:19
1658221279227535000,641.0,3,640.0,26,644.0,12,2,2022-07-19 09:01:19
1658221279272273000,643.0,1,640.0,26,643.0,2,1,2022-07-19 09:01:19
1658221279273583000,643.0,1,640.0,26,643.0,1,1,2022-07-19 09:01:19
1658221281242417000,641.0,1,640.0,27,642.0,1,2,2022-07-19 09:01:21
1658221281330153000,642.0,1,640.0,27,643.0,1,1,2022-07-19 09:01:21
1658221283079862000,641.0,1,641.0,1,642.0,2,2,2022-07-19 09:01:23
1658221284708861000,642.0,1,641.0,1,642.0,1,1,2022-07-19 09:01:24
1658221284808584000,642.0,1,641.0,1,643.0,5,1,2022-07-19 09:01:24
1658221284811612000,641.0,1,640.0,17,643.0,5,2,2022-07-19 09:01:24
1658221284811612000,640.0,8,640.0,17,643.0,5,2,2022-07-19 09:01:24
1658221286377117000,641.0,2,640.0,17,642.0,5,2,2022-07-19 09:01:26
1658221287504354000,640.0,1,640.0,16,642.0,5,2,2022-07-19 09:01:27
1658221289040152000,640.0,1,640.0,15,641.0,2,2,2022-07-19 09:01:29
1658221289177948000,640.0,10,640.0,5,641.0,2,2,2022-07-19 09:01:29
1658221289200966000,640.0,5,639.0,3,641.0,2,2,2022-07-19 09:01:29
1658221290025082000,640.0,1,639.0,4,641.0,3,1,2022-07-19 09:01:30
1658221290516258000,640.0,1,639.0,4,641.0,3,1,2022-07-19 09:01:30
1658221290790647000,640.0,2,639.0,5,641.0,3,1,2022-07-19 09:01:30
1658221290964663000,640.0,1,639.0,5,641.0,3,2,2022-07-19 09:01:30
1658221291078272000,639.0,1,639.0,6,641.0,3,2,2022-07-19 09:01:31
1658221291164998000,640.0,1,639.0,5,640.0,1,1,2022-07-19 09:01:31
1658221291301862000,641.0,1,639.0,6,641.0,2,1,2022-07-19 09:01:31
1658221291341942000,641.0,1,639.0,6,641.0,1,1,2022-07-19 09:01:31
1658221291525492000,641.0,1,639.0,6,641.0,1,1,2022-07-19 09:01:31
1658221291748438000,640.0,1,639.0,6,642.0,10,1,2022-07-19 09:01:31
1658221291977425000,640.0,1,640.0,2,642.0,10,2,2022-07-19 09:01:31
1658221292009054000,640.0,1,640.0,1,642.0,10,2,2022-07-19 09:01:32
1658221292353426000,641.0,1,639.0,6,642.0,10,1,2022-07-19 09:01:32
1658221294251363000,640.0,1,639.0,6,642.0,11,2,2022-07-19 09:01:34
1658221294662437000,640.0,1,639.0,6,642.0,11,1,2022-07-19 09:01:34
1658221294775606000,639.0,1,639.0,4,642.0,11,2,2022-07-19 09:01:34
1658221294883465000,639.0,1,639.0,4,642.0,11,2,2022-07-19 09:01:34
1658221295613312000,640.0,2,640.0,4,642.0,11,2,2022-07-19 09:01:35
1658221295685702000,640.0,2,639.0,3,642.0,11,2,2022-07-19 09:01:35
1658221296217868000,640.0,2,639.0,4,640.0,1,1,2022-07-19 09:01:36
1658221296265871000,640.0,1,639.0,3,641.0,1,1,2022-07-19 09:01:36
1658221296591737000,639.0,3,638.0,21,641.0,1,2,2022-07-19 09:01:36
1658221297039184000,640.0,1,638.0,21,641.0,5,1,2022-07-19 09:01:37
1658221299657529000,639.0,1,639.0,2,640.0,1,2,2022-07-19 09:01:39
1658221301319859000,640.0,1,639.0,1,640.0,3,1,2022-07-19 09:01:41
1658221301402180000,640.0,1,639.0,1,640.0,2,1,2022-07-19 09:01:41
1658221301432746000,640.0,2,639.0,1,641.0,8,1,2022-07-19 09:01:41
1658221302337276000,640.0,2,639.0,3,640.0,4,2,2022-07-19 09:01:42
1658221302458988000,639.0,1,639.0,2,640.0,4,2,2022-07-19 09:01:42
1658221302662191000,639.0,1,639.0,1,640.0,4,2,2022-07-19 09:01:42
1658221303712312000,640.0,4,639.0,3,641.0,12,1,2022-07-19 09:01:43
1658221303931394000,640.0,1,639.0,5,641.0,13,1,2022-07-19 09:01:43
1658221304156603000,641.0,1,639.0,5,641.0,13,1,2022-07-19 09:01:44
1658221304217640000,641.0,7,639.0,6,641.0,5,1,2022-07-19 09:01:44
1658221304263289000,641.0,5,640.0,1,642.0,8,1,2022-07-19 09:01:44
1658221304295830000,642.0,1,640.0,1,642.0,7,1,2022-07-19 09:01:44
1658221304296940000,640.0,1,639.0,7,642.0,7,2,2022-07-19 09:01:44
1658221304342002000,642.0,1,640.0,1,642.0,6,1,2022-07-19 09:01:44
1658221304372780000,642.0,1,640.0,1,642.0,5,1,2022-07-19 09:01:44
1658221304419906000,642.0,2,640.0,1,642.0,3,1,2022-07-19 09:01:44
1658221304935819000,641.0,5,640.0,2,642.0,3,1,2022-07-19 09:01:44
1658221304952411000,640.0,1,640.0,1,642.0,3,2,2022-07-19 09:01:44
1658221305055110000,640.0,1,640.0,2,642.0,3,2,2022-07-19 09:01:45
1658221306003879000,640.0,1,639.0,7,641.0,1,2,2022-07-19 09:01:46
1658221308037491000,640.0,1,639.0,5,641.0,2,1,2022-07-19 09:01:48
1658221309998855000,640.0,1,640.0,1,641.0,2,2,2022-07-19 09:01:49
1658221310425054000,640.0,2,639.0,6,640.0,5,2,2022-07-19 09:01:50
1658221311720214000,640.0,1,639.0,5,640.0,6,1,2022-07-19 09:01:51
1658221311724473000,640.0,6,640.0,4,641.0,2,1,2022-07-19 09:01:51
1658221311794700000,641.0,1,640.0,5,641.0,1,1,2022-07-19 09:01:51
1658221311795519000,641.0,1,640.0,5,642.0,3,1,2022-07-19 09:01:51
1658221311847648000,641.0,1,640.0,5,642.0,3,1,2022-07-19 09:01:51
1658221311913814000,642.0,3,641.0,1,643.0,2,1,2022-07-19 09:01:51
1658221312800286000,641.0,1,640.0,7,643.0,4,2,2022-07-19 09:01:52
1658221315438321000,641.0,1,640.0,8,643.0,6,1,2022-07-19 09:01:55
1658221315819957000,640.0,1,640.0,9,643.0,6,2,2022-07-19 09:01:55
1658221316942690000,641.0,1,640.0,10,643.0,6,2,2022-07-19 09:01:56
1658221319696317000,641.0,1,641.0,2,642.0,1,2,2022-07-19 09:01:59
1658221320437721000,641.0,2,640.0,11,642.0,1,2,2022-07-19 09:02:00
1658221320439221000,640.0,1,640.0,10,642.0,1,2,2022-07-19 09:02:00
1658221322177848000,640.0,1,640.0,10,641.0,2,2,2022-07-19 09:02:02
1658221322978914000,641.0,1,640.0,11,641.0,1,1,2022-07-19 09:02:02
1658221323291921000,641.0,1,640.0,12,642.0,5,1,2022-07-19 09:02:03
1658221324545529000,642.0,1,641.0,4,642.0,5,1,2022-07-19 09:02:04
1658221329900014000,642.0,1,641.0,10,642.0,5,1,2022-07-19 09:02:09
1658221332358664000,642.0,5,641.0,10,643.0,9,1,2022-07-19 09:02:12
1658221332431109000,643.0,1,641.0,10,643.0,6,1,2022-07-19 09:02:12
1658221332676928000,643.0,3,642.0,1,643.0,6,1,2022-07-19 09:02:12
1658221332828905000,643.0,1,642.0,4,643.0,3,1,2022-07-19 09:02:12
1658221332829899000,643.0,1,642.0,4,643.0,2,1,2022-07-19 09:02:12
1658221332886878000,643.0,1,642.0,3,643.0,1,1,2022-07-19 09:02:12
1658221332964214000,642.0,1,642.0,4,643.0,1,2,2022-07-19 09:02:12
1658221335027994000,643.0,1,642.0,5,644.0,8,1,2022-07-19 09:02:15
1658221340555549000,644.0,4,643.0,3,644.0,3,1,2022-07-19 09:02:20
1658221340700025000,644.0,1,643.0,5,644.0,3,1,2022-07-19 09:02:20
1658221340760859000,644.0,1,643.0,5,644.0,1,1,2022-07-19 09:02:20
1658221342969195000,644.0,2,643.0,7,645.0,16,1,2022-07-19 09:02:22
1658221343041366000,645.0,1,643.0,8,645.0,17,1,2022-07-19 09:02:23
1658221343411004000,643.0,1,643.0,8,645.0,15,2,2022-07-19 09:02:23
1658221343496655000,645.0,1,643.0,8,645.0,16,1,2022-07-19 09:02:23
1658221343834643000,644.0,1,643.0,8,645.0,16,2,2022-07-19 09:02:23
1658221345206980000,643.0,1,643.0,8,645.0,17,2,2022-07-19 09:02:25
1658221347201336000,645.0,1,644.0,3,645.0,15,1,2022-07-19 09:02:27
1658221348009491000,644.0,2,644.0,2,645.0,14,2,2022-07-19 09:02:28
1658221348084961000,645.0,1,644.0,2,645.0,13,1,2022-07-19 09:02:28
1658221350096014000,645.0,1,644.0,4,645.0,12,1,2022-07-19 09:02:30
1658221350585306000,645.0,1,644.0,4,645.0,13,1,2022-07-19 09:02:30
1658221351840675000,645.0,1,644.0,5,645.0,12,1,2022-07-19 09:02:31
1658221354327204000,644.0,7,643.0,11,645.0,14,2,2022-07-19 09:02:34
1658221355846715000,644.0,1,643.0,12,645.0,14,1,2022-07-19 09:02:35
1658221356501628000,645.0,1,643.0,12,645.0,15,1,2022-07-19 09:02:36
1658221357006929000,645.0,1,643.0,12,645.0,12,1,2022-07-19 09:02:37
1658221357617976000,643.0,1,643.0,11,645.0,12,2,2022-07-19 09:02:37
1658221357765608000,645.0,1,643.0,11,645.0,11,1,2022-07-19 09:02:37
1658221357824503000,645.0,2,643.0,11,645.0,10,1,2022-07-19 09:02:37
1658221358598169000,644.0,1,644.0,1,645.0,9,2,2022-07-19 09:02:38
1658221359109076000,644.0,1,644.0,1,645.0,14,2,2022-07-19 09:02:39
1658221359415115000,645.0,1,643.0,11,645.0,13,1,2022-07-19 09:02:39
1658221359977427000,644.0,1,643.0,12,644.0,2,2,2022-07-19 09:02:39
1658221360325272000,643.0,1,643.0,11,644.0,2,2,2022-07-19 09:02:40
1658221360362739000,643.0,7,643.0,4,644.0,2,2,2022-07-19 09:02:40
1658221360724843000,644.0,1,643.0,5,644.0,2,1,2022-07-19 09:02:40
1658221362212014000,644.0,1,643.0,7,644.0,1,1,2022-07-19 09:02:42
1658221364062368000,644.0,1,643.0,7,644.0,3,1,2022-07-19 09:02:44
1658221364666762000,644.0,1,643.0,7,644.0,2,1,2022-07-19 09:02:44
1658221364797793000,643.0,3,643.0,4,644.0,2,2,2022-07-19 09:02:44
1658221365278608000,644.0,2,643.0,4,644.0,2,1,2022-07-19 09:02:45
1658221365823071000,644.0,1,643.0,5,645.0,15,1,2022-07-19 09:02:45
1658221367691096000,644.0,1,643.0,5,645.0,17,2,2022-07-19 09:02:47
1658221367993871000,645.0,1,643.0,5,645.0,16,1,2022-07-19 09:02:47
1658221367994700000,645.0,1,643.0,5,645.0,15,1,2022-07-19 09:02:47
1658221369144124000,644.0,1,644.0,1,645.0,15,2,2022-07-19 09:02:49
1658221373750612000,644.0,1,644.0,1,645.0,18,2,2022-07-19 09:02:53
1658221374014503000,645.0,2,643.0,9,645.0,18,1,2022-07-19 09:02:54
1658221374921709000,644.0,1,644.0,2,645.0,16,2,2022-07-19 09:02:54
1658221377759778000,644.0,1,644.0,6,645.0,17,2,2022-07-19 09:02:57
1658221380182508000,644.0,1,644.0,8,645.0,18,2,2022-07-19 09:03:00
1658221380477528000,644.0,2,644.0,6,645.0,18,2,2022-07-19 09:03:00
1658221380496955000,645.0,1,644.0,6,645.0,17,1,2022-07-19 09:03:00
1658221380518267000,644.0,1,644.0,5,645.0,17,2,2022-07-19 09:03:00
1658221380552492000,645.0,1,644.0,5,645.0,16,1,2022-07-19 09:03:00
1658221380793216000,644.0,1,644.0,4,645.0,16,2,2022-07-19 09:03:00
1658221381400738000,644.0,1,644.0,3,645.0,17,2,2022-07-19 09:03:01
1658221382222025000,644.0,1,644.0,1,645.0,18,2,2022-07-19 09:03:02
1658221382788819000,644.0,1,643.0,20,645.0,19,2,2022-07-19 09:03:02
1658221383780577000,645.0,1,643.0,20,645.0,18,1,2022-07-19 09:03:03
1658221385093901000,644.0,1,643.0,20,644.0,1,1,2022-07-19 09:03:05
1658221385865455000,644.0,1,643.0,21,644.0,1,1,2022-07-19 09:03:05
1658221387067475000,645.0,15,643.0,21,645.0,3,1,2022-07-19 09:03:07
1658221387145980000,645.0,1,643.0,21,645.0,2,1,2022-07-19 09:03:07
1658221387147658000,645.0,1,643.0,21,645.0,1,1,2022-07-19 09:03:07
1658221388248997000,644.0,1,643.0,21,645.0,1,1,2022-07-19 09:03:08
1658221388631645000,644.0,1,643.0,21,645.0,1,1,2022-07-19 09:03:08
1658221388709912000,645.0,1,644.0,1,646.0,9,1,2022-07-19 09:03:08
1658221393509131000,645.0,1,644.0,6,645.0,2,1,2022-07-19 09:03:13
1658221394377543000,645.0,1,644.0,6,646.0,10,1,2022-07-19 09:03:14
1658221394377543000,646.0,1,644.0,6,646.0,10,1,2022-07-19 09:03:14
1658221397416667000,646.0,1,645.0,9,646.0,6,1,2022-07-19 09:03:17
1658221398115606000,646.0,1,645.0,10,646.0,5,1,2022-07-19 09:03:18
1658221400368318000,646.0,1,645.0,13,646.0,4,1,2022-07-19 09:03:20
1658221400577047000,646.0,1,645.0,13,646.0,3,1,2022-07-19 09:03:20
1658221400956290000,646.0,1,645.0,13,646.0,2,1,2022-07-19 09:03:20
1658221400967923000,646.0,2,645.0,11,647.0,13,1,2022-07-19 09:03:20
1658221401046238000,647.0,1,645.0,11,647.0,12,1,2022-07-19 09:03:21
1658221401046732000,647.0,1,645.0,11,647.0,11,1,2022-07-19 09:03:21
1658221401047354000,647.0,1,645.0,11,647.0,10,1,2022-07-19 09:03:21
1658221401995953000,647.0,1,646.0,1,647.0,9,1,2022-07-19 09:03:21
1658221404444376000,646.0,1,646.0,3,647.0,8,2,2022-07-19 09:03:24
1658221405176725000,646.0,1,646.0,3,647.0,8,2,2022-07-19 09:03:25
1658221407053922000,647.0,1,646.0,4,647.0,8,1,2022-07-19 09:03:27
1658221407725817000,646.0,1,646.0,3,647.0,8,2,2022-07-19 09:03:27
1658221407817630000,646.0,1,646.0,2,647.0,8,2,2022-07-19 09:03:27
1658221407842787000,647.0,1,646.0,2,647.0,7,1,2022-07-19 09:03:27
1658221410736267000,647.0,1,646.0,12,647.0,9,1,2022-07-19 09:03:30
1658221410943111000,647.0,1,646.0,13,647.0,9,1,2022-07-19 09:03:30
1658221412556040000,647.0,1,646.0,15,647.0,7,1,2022-07-19 09:03:32
1658221413413584000,647.0,1,646.0,16,647.0,7,1,2022-07-19 09:03:33
1658221413633873000,647.0,1,646.0,16,647.0,6,1,2022-07-19 09:03:33
1658221413718059000,647.0,1,646.0,16,647.0,5,1,2022-07-19 09:03:33
1658221413882322000,647.0,1,646.0,16,647.0,4,1,2022-07-19 09:03:33
1658221413913590000,647.0,2,646.0,16,647.0,2,1,2022-07-19 09:03:33
1658221414451758000,647.0,1,646.0,17,647.0,2,1,2022-07-19 09:03:34
1658221414526436000,647.0,1,646.0,17,647.0,3,1,2022-07-19 09:03:34
1658221415096461000,647.0,1,646.0,17,647.0,2,1,2022-07-19 09:03:35
1658221415197902000,647.0,2,646.0,17,648.0,19,1,2022-07-19 09:03:35
1658221415399323000,647.0,1,647.0,1,648.0,20,2,2022-07-19 09:03:35
1658221416854589000,647.0,1,647.0,4,648.0,20,2,2022-07-19 09:03:36
1658221417299289000,647.0,1,647.0,10,648.0,20,2,2022-07-19 09:03:37
1658221417450673000,648.0,1,647.0,10,648.0,19,1,2022-07-19 09:03:37
1658221418696218000,648.0,2,647.0,17,648.0,17,1,2022-07-19 09:03:38
1658221418776628000,648.0,1,647.0,17,648.0,16,1,2022-07-19 09:03:38
1658221419206734000,647.0,1,647.0,16,648.0,17,2,2022-07-19 09:03:39
1658221424267706000,648.0,1,647.0,29,648.0,16,1,2022-07-19 09:03:44
1658221424669552000,648.0,1,647.0,31,648.0,15,1,2022-07-19 09:03:44
1658221424699915000,648.0,9,647.0,31,648.0,6,1,2022-07-19 09:03:44
1658221424778222000,648.0,1,647.0,30,648.0,5,1,2022-07-19 09:03:44
1658221424858762000,648.0,1,647.0,32,648.0,4,1,2022-07-19 09:03:44
1658221424898826000,648.0,4,647.0,32,649.0,9,1,2022-07-19 09:03:44
1658221424983695000,649.0,1,647.0,32,648.0,5,1,2022-07-19 09:03:44
1658221425307031000,648.0,1,647.0,33,649.0,8,1,2022-07-19 09:03:45
1658221426194756000,648.0,1,648.0,1,649.0,8,2,2022-07-19 09:03:46
1658221431510868000,648.0,1,648.0,6,649.0,10,2,2022-07-19 09:03:51
1658221431546553000,649.0,1,648.0,7,649.0,9,1,2022-07-19 09:03:51
1658221432774331000,648.0,1,648.0,7,649.0,9,2,2022-07-19 09:03:52
1658221434513300000,649.0,1,648.0,8,649.0,9,1,2022-07-19 09:03:54
1658221435710265000,648.0,1,648.0,8,649.0,9,2,2022-07-19 09:03:55
1658221435744513000,648.0,8,647.0,40,649.0,9,2,2022-07-19 09:03:55
1658221436731423000,649.0,1,648.0,6,649.0,10,1,2022-07-19 09:03:56
1658221437623136000,648.0,1,648.0,9,649.0,12,2,2022-07-19 09:03:57
1658221437644731000,648.0,6,648.0,3,649.0,12,2,2022-07-19 09:03:57
1658221437674308000,648.0,1,648.0,2,649.0,12,2,2022-07-19 09:03:57
1658221437694263000,648.0,2,647.0,37,649.0,12,2,2022-07-19 09:03:57
1658221437732189000,649.0,2,647.0,37,649.0,11,1,2022-07-19 09:03:57
1658221437737673000,647.0,1,647.0,36,649.0,11,2,2022-07-19 09:03:57
1658221437865853000,648.0,1,647.0,36,648.0,3,1,2022-07-19 09:03:57
1658221438384718000,648.0,1,647.0,36,648.0,4,1,2022-07-19 09:03:58
1658221439117836000,648.0,2,647.0,34,648.0,2,1,2022-07-19 09:03:59
1658221439236114000,648.0,1,647.0,34,649.0,12,1,2022-07-19 09:03:59
1658221439357278000,648.0,1,647.0,34,648.0,1,1,2022-07-19 09:03:59
1658221439538197000,647.0,1,647.0,33,649.0,12,2,2022-07-19 09:03:59
1658221439574097000,647.0,11,647.0,22,649.0,12,2,2022-07-19 09:03:59
1658221439650594000,648.0,1,647.0,23,648.0,2,1,2022-07-19 09:03:59
1658221439908958000,648.0,1,647.0,23,649.0,12,2,2022-07-19 09:03:59
1658221441405602000,648.0,8,648.0,2,649.0,12,1,2022-07-19 09:04:01
1658221441503845000,648.0,1,648.0,2,649.0,12,2,2022-07-19 09:04:01
1658221441678227000,648.0,1,648.0,1,649.0,12,2,2022-07-19 09:04:01
1658221441714585000,648.0,1,647.0,23,649.0,12,2,2022-07-19 09:04:01
1658221444317249000,648.0,1,647.0,26,648.0,5,1,2022-07-19 09:04:04
1658221444749284000,648.0,2,647.0,26,648.0,3,1,2022-07-19 09:04:04
1658221444915744000,648.0,1,647.0,26,648.0,2,1,2022-07-19 09:04:04
1658221445628724000,648.0,1,647.0,26,648.0,3,1,2022-07-19 09:04:05
1658221446421634000,648.0,1,647.0,26,648.0,4,1,2022-07-19 09:04:06
1658221446464216000,647.0,1,647.0,25,648.0,4,2,2022-07-19 09:04:06
1658221448357103000,648.0,1,647.0,25,648.0,5,1,2022-07-19 09:04:08
1658221448519919000,648.0,1,647.0,25,648.0,6,1,2022-07-19 09:04:08
1658221449359014000,648.0,3,647.0,25,648.0,3,1,2022-07-19 09:04:09
1658221450588080000,648.0,1,648.0,2,649.0,12,2,2022-07-19 09:04:10
1658221450630883000,648.0,2,647.0,25,649.0,12,2,2022-07-19 09:04:10
1658221452842062000,648.0,3,647.0,25,648.0,1,2,2022-07-19 09:04:12
1658221454206665000,648.0,1,648.0,4,649.0,10,1,2022-07-19 09:04:14
1658221454569652000,648.0,1,648.0,3,649.0,9,2,2022-07-19 09:04:14
1658221454964812000,648.0,3,648.0,3,649.0,11,2,2022-07-19 09:04:14
1658221456637963000,648.0,1,647.0,24,648.0,2,1,2022-07-19 09:04:16
1658221456990364000,648.0,1,647.0,24,648.0,2,1,2022-07-19 09:04:16
1658221457557098000,648.0,1,647.0,24,649.0,12,1,2022-07-19 09:04:17
1658221458258769000,648.0,1,647.0,24,648.0,3,1,2022-07-19 09:04:18
1658221458649981000,648.0,1,647.0,24,648.0,2,1,2022-07-19 09:04:18
1658221459934975000,648.0,1,647.0,24,648.0,3,1,2022-07-19 09:04:19
1658221460824658000,648.0,1,647.0,24,648.0,4,1,2022-07-19 09:04:20
1658221461625769000,648.0,1,647.0,24,648.0,4,1,2022-07-19 09:04:21
1658221463524732000,648.0,1,647.0,24,648.0,4,1,2022-07-19 09:04:23
1658221464197082000,648.0,1,647.0,24,648.0,3,1,2022-07-19 09:04:24
1658221464661722000,648.0,1,647.0,24,648.0,6,1,2022-07-19 09:04:24
1658221464751700000,648.0,1,647.0,24,648.0,5,1,2022-07-19 09:04:24
1658221465891491000,648.0,5,647.0,24,649.0,12,1,2022-07-19 09:04:25
1658221465968171000,649.0,1,647.0,24,649.0,11,1,2022-07-19 09:04:25
1658221467597118000,648.0,1,648.0,2,649.0,11,2,2022-07-19 09:04:27
1658221467939567000,649.0,2,648.0,3,649.0,11,1,2022-07-19 09:04:27
1658221471158890000,648.0,1,648.0,10,649.0,10,2,2022-07-19 09:04:31
1658221472303286000,649.0,1,648.0,12,649.0,9,1,2022-07-19 09:04:32
1658221473013002000,648.0,1,648.0,12,649.0,9,2,2022-07-19 09:04:33
1658221475165064000,649.0,1,648.0,17,649.0,9,1,2022-07-19 09:04:35
1658221477946791000,649.0,1,648.0,20,649.0,9,1,2022-07-19 09:04:37
1658221480496499000,649.0,1,648.0,21,649.0,8,1,2022-07-19 09:04:40
1658221481425736000,648.0,1,648.0,21,649.0,9,2,2022-07-19 09:04:41
1658221482945338000,649.0,2,648.0,25,649.0,6,1,2022-07-19 09:04:42
1658221483265790000,649.0,1,648.0,26,649.0,5,1,2022-07-19 09:04:43
1658221483602758000,649.0,1,648.0,26,649.0,4,1,2022-07-19 09:04:43
1658221483609974000,648.0,2,648.0,24,649.0,4,2,2022-07-19 09:04:43
1658221484717727000,649.0,1,648.0,26,649.0,3,1,2022-07-19 09:04:44
1658221486009186000,649.0,1,648.0,27,649.0,3,1,2022-07-19 09:04:46
1658221486102602000,649.0,3,649.0,1,650.0,64,1,2022-07-19 09:04:46
1658221487978533000,649.0,1,649.0,5,650.0,65,2,2022-07-19 09:04:47
1658221499622359000,649.0,1,649.0,10,650.0,65,2,2022-07-19 09:04:59
1658221500213517000,649.0,2,649.0,12,650.0,65,2,2022-07-19 09:05:00
1658221500298147000,649.0,1,649.0,11,650.0,65,2,2022-07-19 09:05:00
1658221500382027000,649.0,1,649.0,10,650.0,65,2,2022-07-19 09:05:00
1658221500621439000,650.0,1,649.0,10,650.0,64,1,2022-07-19 09:05:00
1658221503109047000,650.0,1,649.0,13,650.0,63,1,2022-07-19 09:05:03
1658221503321221000,649.0,1,649.0,14,650.0,63,2,2022-07-19 09:05:03
1658221504422921000,650.0,2,649.0,14,650.0,61,1,2022-07-19 09:05:04
1658221505151699000,650.0,1,649.0,15,650.0,61,1,2022-07-19 09:05:05
1658221505233344000,649.0,1,649.0,14,650.0,61,2,2022-07-19 09:05:05
1658221507211677000,649.0,1,649.0,15,650.0,62,2,2022-07-19 09:05:07
1658221510950568000,649.0,1,649.0,21,650.0,62,2,2022-07-19 09:05:10
1658221513946077000,650.0,1,649.0,22,650.0,62,1,2022-07-19 09:05:13
1658221514020480000,650.0,1,649.0,22,650.0,60,1,2022-07-19 09:05:14
1658221514131720000,650.0,2,649.0,23,650.0,58,1,2022-07-19 09:05:14
1658221514163793000,650.0,4,649.0,23,650.0,54,1,2022-07-19 09:05:14
1658221514163810000,650.0,9,649.0,23,650.0,45,1,2022-07-19 09:05:14
1658221514163827000,650.0,4,649.0,23,650.0,41,1,2022-07-19 09:05:14
1658221514163831000,650.0,9,649.0,23,650.0,32,1,2022-07-19 09:05:14
1658221514163875000,650.0,9,649.0,23,650.0,23,1,2022-07-19 09:05:14
1658221514163891000,650.0,2,649.0,23,650.0,21,1,2022-07-19 09:05:14
1658221514163908000,650.0,4,649.0,23,650.0,17,1,2022-07-19 09:05:14
1658221514198574000,650.0,2,649.0,23,650.0,15,1,2022-07-19 09:05:14
1658221514198702000,650.0,15,649.0,23,651.0,7,1,2022-07-19 09:05:14
1658221514231085000,651.0,2,649.0,23,651.0,5,1,2022-07-19 09:05:14
1658221514231216000,651.0,2,649.0,23,651.0,3,1,2022-07-19 09:05:14
1658221514240250000,651.0,1,650.0,1,651.0,2,1,2022-07-19 09:05:14
1658221514241821000,651.0,2,650.0,1,652.0,15,1,2022-07-19 09:05:14
1658221514241821000,652.0,1,650.0,1,652.0,15,1,2022-07-19 09:05:14
1658221514273566000,652.0,1,650.0,2,652.0,14,1,2022-07-19 09:05:14
1658221514353224000,652.0,1,651.0,6,652.0,13,1,2022-07-19 09:05:14
1658221517718525000,652.0,1,651.0,5,652.0,16,1,2022-07-19 09:05:17
1658221518488913000,652.0,2,651.0,6,652.0,16,1,2022-07-19 09:05:18
1658221519461663000,652.0,1,651.0,6,652.0,12,1,2022-07-19 09:05:19
1658221519533421000,652.0,1,651.0,6,652.0,11,1,2022-07-19 09:05:19
1658221519534421000,652.0,1,651.0,6,652.0,11,1,2022-07-19 09:05:19
1658221519627480000,652.0,2,651.0,8,652.0,8,1,2022-07-19 09:05:19
1658221520018017000,652.0,1,651.0,8,652.0,7,1,2022-07-19 09:05:20
1658221520136032000,652.0,1,651.0,8,652.0,6,1,2022-07-19 09:05:20
1658221520592559000,652.0,1,651.0,8,652.0,5,1,2022-07-19 09:05:20
1658221520859098000,652.0,1,651.0,8,652.0,4,1,2022-07-19 09:05:20
1658221520893866000,652.0,1,651.0,8,652.0,3,1,2022-07-19 09:05:20
1658221520974491000,652.0,1,651.0,8,652.0,2,1,2022-07-19 09:05:20
1658221520977586000,651.0,1,651.0,7,652.0,2,2,2022-07-19 09:05:20
1658221521006955000,652.0,2,651.0,7,653.0,5,1,2022-07-19 09:05:21
1658221521600848000,653.0,1,652.0,13,653.0,4,1,2022-07-19 09:05:21
1658221521633390000,653.0,1,652.0,13,653.0,3,1,2022-07-19 09:05:21
1658221521711841000,653.0,1,652.0,15,653.0,2,1,2022-07-19 09:05:21
1658221521851861000,653.0,1,652.0,16,653.0,1,1,2022-07-19 09:05:21
1658221521935703000,653.0,1,652.0,17,654.0,9,1,2022-07-19 09:05:21
1658221522216906000,654.0,1,652.0,18,654.0,9,1,2022-07-19 09:05:22
1658221523096283000,654.0,1,652.0,23,654.0,8,1,2022-07-19 09:05:23
1658221523603698000,654.0,1,652.0,24,654.0,7,1,2022-07-19 09:05:23
1658221523744550000,652.0,1,652.0,26,654.0,7,2,2022-07-19 09:05:23
1658221525405845000,654.0,1,652.0,28,654.0,6,1,2022-07-19 09:05:25
1658221525538589000,654.0,2,652.0,28,654.0,4,1,2022-07-19 09:05:25
1658221525982146000,654.0,1,653.0,1,654.0,3,1,2022-07-19 09:05:25
1658221526014955000,654.0,2,653.0,1,655.0,18,1,2022-07-19 09:05:26
1658221526602522000,654.0,1,653.0,2,655.0,18,2,2022-07-19 09:05:26
1658221526602522000,653.0,1,653.0,2,655.0,18,2,2022-07-19 09:05:26
1658221526741554000,655.0,1,653.0,3,655.0,17,1,2022-07-19 09:05:26
1658221527720881000,655.0,1,654.0,8,655.0,15,1,2022-07-19 09:05:27
1658221528028812000,655.0,1,654.0,8,655.0,14,1,2022-07-19 09:05:28
1658221528104262000,655.0,1,654.0,8,655.0,13,1,2022-07-19 09:05:28
1658221528156467000,654.0,1,654.0,7,655.0,13,2,2022-07-19 09:05:28
1658221529424278000,655.0,1,654.0,8,655.0,13,1,2022-07-19 09:05:29
1658221530105003000,655.0,1,654.0,8,655.0,10,1,2022-07-19 09:05:30
1658221530216995000,655.0,1,654.0,8,655.0,9,1,2022-07-19 09:05:30
1658221530276293000,655.0,1,654.0,8,655.0,8,1,2022-07-19 09:05:30
1658221530293480000,655.0,1,654.0,8,655.0,7,1,2022-07-19 09:05:30
1658221531165727000,654.0,1,654.0,11,655.0,7,2,2022-07-19 09:05:31
1658221531193463000,655.0,1,654.0,11,655.0,6,1,2022-07-19 09:05:31
1658221531322243000,654.0,1,654.0,11,655.0,7,2,2022-07-19 09:05:31
1658221531665002000,655.0,7,654.0,11,656.0,7,1,2022-07-19 09:05:31
1658221531760097000,655.0,2,654.0,11,656.0,10,2,2022-07-19 09:05:31
1658221531800859000,655.0,3,654.0,11,656.0,10,2,2022-07-19 09:05:31
1658221531864540000,655.0,1,654.0,11,656.0,10,2,2022-07-19 09:05:31
1658221531913412000,655.0,1,654.0,11,655.0,10,1,2022-07-19 09:05:31
1658221532025364000,655.0,1,654.0,11,655.0,11,1,2022-07-19 09:05:32
1658221532296064000,655.0,1,654.0,12,655.0,10,1,2022-07-19 09:05:32
1658221532353161000,655.0,1,654.0,12,655.0,7,1,2022-07-19 09:05:32
1658221532366498000,655.0,1,654.0,12,655.0,6,1,2022-07-19 09:05:32
1658221532380156000,655.0,2,654.0,13,655.0,4,1,2022-07-19 09:05:32
1658221532603630000,655.0,1,654.0,13,655.0,3,1,2022-07-19 09:05:32
1658221532606941000,655.0,1,654.0,13,655.0,2,1,2022-07-19 09:05:32
1658221532812515000,655.0,2,654.0,16,656.0,10,1,2022-07-19 09:05:32
1658221532946710000,655.0,1,655.0,1,656.0,8,2,2022-07-19 09:05:32
1658221533129197000,655.0,1,654.0,16,656.0,8,2,2022-07-19 09:05:33
1658221533137306000,656.0,1,654.0,16,656.0,7,1,2022-07-19 09:05:33
1658221534155943000,656.0,1,655.0,5,656.0,6,1,2022-07-19 09:05:34
1658221535098727000,655.0,1,655.0,8,656.0,6,2,2022-07-19 09:05:35
1658221535359022000,656.0,1,655.0,10,656.0,5,1,2022-07-19 09:05:35
1658221535474175000,656.0,1,655.0,10,656.0,4,1,2022-07-19 09:05:35
1658221535697070000,656.0,1,655.0,10,656.0,2,1,2022-07-19 09:05:35
1658221536322799000,656.0,2,655.0,10,657.0,6,1,2022-07-19 09:05:36
1658221536583654000,656.0,1,655.0,12,656.0,5,1,2022-07-19 09:05:36
1658221536845043000,656.0,5,655.0,13,657.0,10,1,2022-07-19 09:05:36
1658221537216130000,656.0,1,656.0,2,657.0,10,2,2022-07-19 09:05:37
1658221537302667000,656.0,1,656.0,1,657.0,10,2,2022-07-19 09:05:37
1658221537361323000,656.0,1,656.0,2,657.0,10,2,2022-07-19 09:05:37
1658221537562272000,656.0,1,655.0,15,657.0,10,2,2022-07-19 09:05:37
1658221537797758000,657.0,2,655.0,17,657.0,8,1,2022-07-19 09:05:37
1658221538083002000,657.0,3,656.0,1,657.0,5,1,2022-07-19 09:05:38
1658221538374629000,657.0,2,656.0,1,657.0,4,1,2022-07-19 09:05:38
1658221539162856000,657.0,1,656.0,3,657.0,1,1,2022-07-19 09:05:39
1658221539195837000,657.0,1,656.0,3,658.0,10,1,2022-07-19 09:05:39
1658221539411729000,656.0,5,655.0,21,656.0,5,2,2022-07-19 09:05:39
1658221539614827000,656.0,2,655.0,21,656.0,3,1,2022-07-19 09:05:39
1658221539650257000,655.0,2,655.0,19,656.0,3,2,2022-07-19 09:05:39
1658221539736202000,655.0,6,655.0,13,656.0,3,2,2022-07-19 09:05:39
1658221539791564000,655.0,3,655.0,10,656.0,5,2,2022-07-19 09:05:39
1658221539798574000,655.0,6,655.0,4,656.0,5,2,2022-07-19 09:05:39
1658221539832094000,655.0,4,655.0,1,656.0,5,2,2022-07-19 09:05:39
1658221539832495000,655.0,1,654.0,20,656.0,5,2,2022-07-19 09:05:39
1658221539910280000,656.0,1,655.0,1,656.0,6,1,2022-07-19 09:05:39
1658221539934638000,655.0,1,654.0,20,656.0,6,2,2022-07-19 09:05:39
1658221540081864000,656.0,1,654.0,21,656.0,5,1,2022-07-19 09:05:40
1658221540081918000,656.0,2,654.0,21,656.0,3,1,2022-07-19 09:05:40
1658221540635534000,656.0,1,655.0,2,657.0,3,1,2022-07-19 09:05:40
1658221540911078000,655.0,1,655.0,1,656.0,3,2,2022-07-19 09:05:40
1658221540939447000,655.0,1,654.0,21,656.0,3,2,2022-07-19 09:05:40
1658221541081889000,655.0,1,654.0,21,656.0,4,2,2022-07-19 09:05:41
1658221541229915000,656.0,1,654.0,21,656.0,3,1,2022-07-19 09:05:41
1658221541402469000,654.0,6,654.0,15,656.0,5,2,2022-07-19 09:05:41
1658221541475935000,656.0,1,654.0,15,656.0,7,1,2022-07-19 09:05:41
1658221541589220000,656.0,1,654.0,15,656.0,10,1,2022-07-19 09:05:41
1658221541956891000,654.0,6,654.0,10,656.0,15,2,2022-07-19 09:05:41
1658221541980193000,654.0,10,653.0,9,655.0,1,2,2022-07-19 09:05:41
1658221542567795000,655.0,1,653.0,10,655.0,2,1,2022-07-19 09:05:42
1658221542670837000,655.0,1,653.0,10,655.0,2,1,2022-07-19 09:05:42
1658221543340544000,654.0,1,653.0,10,654.0,2,1,2022-07-19 09:05:43
1658221543430913000,654.0,1,653.0,10,655.0,6,1,2022-07-19 09:05:43
1658221543662366000,655.0,1,653.0,10,655.0,5,1,2022-07-19 09:05:43
1658221543765776000,655.0,1,653.0,10,655.0,4,1,2022-07-19 09:05:43
1658221543873245000,654.0,1,653.0,9,655.0,6,1,2022-07-19 09:05:43
1658221543972956000,655.0,1,653.0,10,654.0,1,1,2022-07-19 09:05:43
1658221544007431000,655.0,1,653.0,9,655.0,4,1,2022-07-19 09:05:44
1658221544662093000,654.0,1,653.0,9,655.0,7,2,2022-07-19 09:05:44
1658221545021544000,654.0,1,653.0,9,654.0,2,1,2022-07-19 09:05:45
1658221545363130000,655.0,1,653.0,9,655.0,6,1,2022-07-19 09:05:45
1658221545411923000,655.0,6,653.0,9,656.0,18,1,2022-07-19 09:05:45
1658221545549321000,655.0,1,653.0,9,656.0,18,1,2022-07-19 09:05:45
1658221546639774000,655.0,2,654.0,2,655.0,2,1,2022-07-19 09:05:46
1658221548319088000,655.0,1,654.0,7,655.0,9,1,2022-07-19 09:05:48
1658221549384846000,654.0,1,654.0,8,655.0,10,2,2022-07-19 09:05:49
1658221550267173000,655.0,2,654.0,7,655.0,10,1,2022-07-19 09:05:50
1658221551216489000,654.0,7,653.0,10,655.0,12,2,2022-07-19 09:05:51
1658221551866304000,654.0,2,653.0,11,654.0,1,1,2022-07-19 09:05:51
1658221551935252000,655.0,1,653.0,11,655.0,12,1,2022-07-19 09:05:51
1658221553779669000,654.0,1,653.0,11,654.0,4,1,2022-07-19 09:05:53
1658221553818692000,654.0,1,653.0,11,654.0,3,1,2022-07-19 09:05:53
1658221554355921000,654.0,1,653.0,10,654.0,2,1,2022-07-19 09:05:54
1658221554531969000,655.0,1,653.0,10,655.0,18,1,2022-07-19 09:05:54
1658221554691081000,655.0,2,653.0,10,655.0,17,1,2022-07-19 09:05:54
1658221554972243000,655.0,1,653.0,10,655.0,20,1,2022-07-19 09:05:54
1658221555240344000,655.0,1,653.0,10,655.0,18,1,2022-07-19 09:05:55
1658221555878934000,655.0,1,654.0,2,655.0,23,1,2022-07-19 09:05:55
1658221555909560000,654.0,2,653.0,10,655.0,23,2,2022-07-19 09:05:55
1658221555958265000,654.0,1,653.0,10,655.0,22,2,2022-07-19 09:05:55
1658221556120860000,654.0,1,653.0,12,655.0,22,2,2022-07-19 09:05:56
1658221556188353000,654.0,1,653.0,12,655.0,22,2,2022-07-19 09:05:56
1658221556222696000,655.0,1,653.0,12,655.0,21,1,2022-07-19 09:05:56
1658221556758150000,655.0,1,653.0,12,655.0,19,1,2022-07-19 09:05:56
1658221557121660000,654.0,1,653.0,13,654.0,2,1,2022-07-19 09:05:57
1658221557148998000,654.0,1,653.0,13,654.0,1,1,2022-07-19 09:05:57
1658221557783593000,653.0,1,653.0,12,654.0,2,2,2022-07-19 09:05:57
1658221557836872000,654.0,1,653.0,12,654.0,1,1,2022-07-19 09:05:57
1658221558218209000,654.0,1,653.0,12,655.0,21,1,2022-07-19 09:05:58
1658221558466065000,654.0,1,654.0,1,655.0,21,2,2022-07-19 09:05:58
1658221559617394000,654.0,1,653.0,13,654.0,8,1,2022-07-19 09:05:59
1658221559780819000,654.0,1,653.0,13,654.0,8,1,2022-07-19 09:05:59
1658221560049916000,654.0,1,653.0,13,654.0,7,1,2022-07-19 09:06:00
1658221560109596000,653.0,1,653.0,12,654.0,7,2,2022-07-19 09:06:00
1658221560225604000,653.0,12,652.0,11,654.0,9,2,2022-07-19 09:06:00
1658221561295423000,653.0,1,652.0,12,654.0,17,1,2022-07-19 09:06:01
1658221561869839000,654.0,1,652.0,11,654.0,14,1,2022-07-19 09:06:01
1658221562615476000,653.0,1,652.0,11,654.0,14,1,2022-07-19 09:06:02
1658221562715887000,653.0,1,653.0,1,654.0,14,2,2022-07-19 09:06:02
1658221563606074000,653.0,1,652.0,11,654.0,15,1,2022-07-19 09:06:03
1658221564740107000,652.0,1,652.0,10,654.0,16,2,2022-07-19 09:06:04
1658221564901221000,652.0,1,652.0,11,654.0,17,2,2022-07-19 09:06:04
1658221565022624000,652.0,3,652.0,7,653.0,12,2,2022-07-19 09:06:05
1658221565045464000,652.0,7,651.0,4,653.0,12,2,2022-07-19 09:06:05
1658221566867068000,652.0,1,651.0,4,653.0,16,1,2022-07-19 09:06:06
1658221567027003000,652.0,1,651.0,4,653.0,16,2,2022-07-19 09:06:07
1658221567706324000,652.0,2,651.0,3,653.0,14,1,2022-07-19 09:06:07
1658221567706324000,653.0,3,651.0,3,653.0,14,1,2022-07-19 09:06:07
1658221570115690000,651.0,1,651.0,5,652.0,5,2,2022-07-19 09:06:10
1658221571097246000,651.0,1,651.0,5,652.0,5,2,2022-07-19 09:06:11
1658221571443165000,651.0,1,651.0,5,652.0,5,2,2022-07-19 09:06:11
1658221572234642000,651.0,1,651.0,3,652.0,5,2,2022-07-19 09:06:12
1658221573072391000,651.0,1,651.0,2,652.0,5,2,2022-07-19 09:06:13
1658221573548054000,651.0,1,651.0,1,652.0,6,2,2022-07-19 09:06:13
1658221573577030000,651.0,1,650.0,14,652.0,6,2,2022-07-19 09:06:13
1658221574174014000,651.0,1,650.0,13,652.0,9,1,2022-07-19 09:06:14
1658221574404904000,650.0,1,650.0,12,652.0,9,2,2022-07-19 09:06:14
1658221574579832000,652.0,1,650.0,12,652.0,8,1,2022-07-19 09:06:14
1658221576654429000,650.0,1,650.0,11,651.0,17,2,2022-07-19 09:06:16
1658221580610249000,650.0,1,650.0,11,651.0,19,2,2022-07-19 09:06:20
1658221581312001000,650.0,1,650.0,10,651.0,20,2,2022-07-19 09:06:21
1658221582544927000,651.0,1,650.0,10,651.0,19,1,2022-07-19 09:06:22
1658221583420357000,650.0,1,650.0,11,651.0,19,2,2022-07-19 09:06:23
1658221583781650000,650.0,1,650.0,10,651.0,19,2,2022-07-19 09:06:23
1658221584035988000,650.0,4,650.0,6,651.0,19,2,2022-07-19 09:06:24
1658221584183086000,650.0,1,650.0,7,651.0,19,2,2022-07-19 09:06:24
1658221584475798000,650.0,1,650.0,6,651.0,19,2,2022-07-19 09:06:24
1658221584705698000,650.0,2,650.0,4,651.0,19,2,2022-07-19 09:06:24
1658221584726616000,650.0,1,650.0,3,651.0,19,2,2022-07-19 09:06:24
1658221585067682000,650.0,1,650.0,2,651.0,19,2,2022-07-19 09:06:25
1658221585108476000,650.0,1,650.0,1,651.0,19,2,2022-07-19 09:06:25
1658221585109295000,650.0,1,649.0,13,651.0,19,2,2022-07-19 09:06:25
1658221585339154000,650.0,1,650.0,1,651.0,19,2,2022-07-19 09:06:25
1658221585472269000,650.0,1,650.0,2,651.0,20,2,2022-07-19 09:06:25
1658221585581104000,650.0,1,649.0,13,651.0,20,2,2022-07-19 09:06:25
1658221586118470000,651.0,1,649.0,13,651.0,19,1,2022-07-19 09:06:26
1658221586274544000,650.0,1,649.0,13,651.0,19,1,2022-07-19 09:06:26
1658221586558418000,650.0,1,649.0,14,650.0,1,1,2022-07-19 09:06:26
1658221586803467000,650.0,1,649.0,14,651.0,15,1,2022-07-19 09:06:26
1658221586803467000,651.0,4,649.0,14,651.0,15,1,2022-07-19 09:06:26
1658221589527639000,650.0,1,649.0,14,650.0,5,1,2022-07-19 09:06:29
1658221590184785000,650.0,1,649.0,14,650.0,4,1,2022-07-19 09:06:30
1658221590381670000,650.0,1,649.0,14,650.0,4,1,2022-07-19 09:06:30
1658221590830232000,650.0,1,649.0,14,650.0,4,1,2022-07-19 09:06:30
1658221591008235000,650.0,1,649.0,14,650.0,2,1,2022-07-19 09:06:31
1658221591251320000,650.0,1,649.0,13,650.0,6,1,2022-07-19 09:06:31
1658221591878672000,649.0,1,649.0,12,650.0,6,2,2022-07-19 09:06:31
1658221592910960000,650.0,2,649.0,12,650.0,4,1,2022-07-19 09:06:32
1658221593310320000,650.0,1,649.0,12,650.0,3,1,2022-07-19 09:06:33
1658221594561021000,650.0,1,649.0,12,650.0,2,1,2022-07-19 09:06:34
1658221594647601000,650.0,1,649.0,12,650.0,1,1,2022-07-19 09:06:34
1658221595052134000,650.0,1,649.0,12,651.0,16,1,2022-07-19 09:06:35
1658221595276268000,650.0,1,649.0,12,651.0,16,1,2022-07-19 09:06:35
1658221598767217000,650.0,1,650.0,9,651.0,16,2,2022-07-19 09:06:38
1658221599045502000,650.0,1,650.0,8,651.0,16,2,2022-07-19 09:06:39
1658221600202593000,650.0,1,650.0,8,651.0,16,2,2022-07-19 09:06:40
1658221600391046000,650.0,1,650.0,7,651.0,16,2,2022-07-19 09:06:40
1658221601600308000,650.0,1,650.0,6,651.0,16,2,2022-07-19 09:06:41
1658221604182390000,650.0,1,650.0,7,651.0,15,2,2022-07-19 09:06:44
1658221604446152000,650.0,5,650.0,2,651.0,15,2,2022-07-19 09:06:44
1658221605394426000,650.0,1,650.0,2,651.0,16,2,2022-07-19 09:06:45
1658221605514003000,650.0,2,650.0,1,651.0,16,2,2022-07-19 09:06:45
1658221605555215000,650.0,1,649.0,13,651.0,16,2,2022-07-19 09:06:45
1658221606918858000,650.0,1,650.0,2,651.0,16,2,2022-07-19 09:06:46
1658221607130785000,651.0,2,650.0,3,651.0,16,1,2022-07-19 09:06:47
1658221608150029000,650.0,1,650.0,2,651.0,14,2,2022-07-19 09:06:48
1658221608965223000,650.0,1,650.0,2,651.0,14,2,2022-07-19 09:06:48
1658221610701348000,650.0,1,650.0,2,651.0,14,2,2022-07-19 09:06:50
1658221610958068000,650.0,1,650.0,1,651.0,14,2,2022-07-19 09:06:50
1658221611964599000,651.0,1,650.0,2,651.0,13,1,2022-07-19 09:06:51
1658221612014486000,650.0,1,650.0,1,651.0,13,2,2022-07-19 09:06:52
1658221612096947000,650.0,1,649.0,12,651.0,13,2,2022-07-19 09:06:52
1658221614638695000,650.0,1,650.0,3,651.0,14,2,2022-07-19 09:06:54
1658221614708141000,650.0,2,650.0,1,651.0,14,2,2022-07-19 09:06:54
1658221615118087000,650.0,1,650.0,2,651.0,14,2,2022-07-19 09:06:55
1658221617054353000,650.0,1,650.0,6,651.0,14,2,2022-07-19 09:06:57
1658221617148837000,650.0,2,650.0,4,651.0,14,2,2022-07-19 09:06:57
1658221617184267000,650.0,1,650.0,3,651.0,14,2,2022-07-19 09:06:57
1658221617207446000,650.0,1,650.0,2,651.0,14,2,2022-07-19 09:06:57
1658221620702356000,650.0,1,650.0,2,651.0,14,2,2022-07-19 09:07:00
1658221624265680000,650.0,1,650.0,2,651.0,14,2,2022-07-19 09:07:04
1658221626823193000,650.0,1,650.0,1,651.0,13,2,2022-07-19 09:07:06
1658221627315103000,650.0,1,649.0,14,651.0,13,2,2022-07-19 09:07:07
1658221629066356000,650.0,1,649.0,14,650.0,1,1,2022-07-19 09:07:09
1658221630422592000,650.0,1,649.0,14,651.0,13,1,2022-07-19 09:07:10
1658221640215499000,650.0,1,649.0,17,650.0,9,1,2022-07-19 09:07:20
1658221640697085000,650.0,1,649.0,17,650.0,8,1,2022-07-19 09:07:20
1658221641256559000,650.0,1,649.0,17,650.0,7,1,2022-07-19 09:07:21
1658221641671353000,650.0,1,649.0,17,650.0,6,1,2022-07-19 09:07:21
1658221642641057000,650.0,1,649.0,17,650.0,5,1,2022-07-19 09:07:22
1658221643512098000,650.0,1,649.0,17,650.0,4,1,2022-07-19 09:07:23
1658221643791389000,649.0,1,649.0,16,650.0,4,2,2022-07-19 09:07:23
1658221643925658000,650.0,1,649.0,16,650.0,3,1,2022-07-19 09:07:23
1658221646568426000,650.0,1,649.0,16,650.0,3,1,2022-07-19 09:07:26
1658221647192564000,650.0,1,649.0,17,650.0,2,1,2022-07-19 09:07:27
1658221648410941000,650.0,1,649.0,19,650.0,1,1,2022-07-19 09:07:28
1658221648922822000,650.0,1,649.0,20,651.0,13,1,2022-07-19 09:07:28
1658221649645933000,650.0,1,650.0,1,651.0,13,2,2022-07-19 09:07:29
1658221649802352000,650.0,1,650.0,4,651.0,13,2,2022-07-19 09:07:29
1658221650845650000,650.0,1,650.0,4,651.0,13,2,2022-07-19 09:07:30
1658221651916381000,650.0,1,650.0,3,651.0,12,2,2022-07-19 09:07:31
1658221658356964000,650.0,1,650.0,12,651.0,9,2,2022-07-19 09:07:38
1658221659228996000,651.0,1,650.0,15,651.0,8,1,2022-07-19 09:07:39
1658221660404624000,650.0,2,650.0,14,651.0,8,2,2022-07-19 09:07:40
1658221661943904000,651.0,2,650.0,15,651.0,5,1,2022-07-19 09:07:41
1658221662640382000,651.0,1,650.0,15,651.0,4,1,2022-07-19 09:07:42
1658221662667825000,651.0,2,650.0,15,651.0,2,1,2022-07-19 09:07:42
1658221662700731000,651.0,2,650.0,15,652.0,5,1,2022-07-19 09:07:42
1658221667427201000,651.0,1,651.0,3,652.0,4,2,2022-07-19 09:07:47
1658221667590647000,651.0,3,651.0,3,652.0,4,2,2022-07-19 09:07:47
1658221667590647000,650.0,2,651.0,3,652.0,4,2,2022-07-19 09:07:47
1658221667807206000,652.0,1,650.0,17,652.0,3,1,2022-07-19 09:07:47
1658221679303010000,652.0,1,651.0,4,652.0,5,1,2022-07-19 09:07:59
1658221681727536000,652.0,1,651.0,6,652.0,5,1,2022-07-19 09:08:01
1658221681909994000,652.0,1,651.0,6,652.0,4,1,2022-07-19 09:08:01
1658221685981665000,652.0,1,651.0,6,652.0,5,1,2022-07-19 09:08:05
1658221687341488000,652.0,1,651.0,6,652.0,4,1,2022-07-19 09:08:07
1658221688090356000,652.0,1,651.0,6,652.0,3,1,2022-07-19 09:08:08
1658221689048449000,652.0,1,651.0,6,652.0,2,1,2022-07-19 09:08:09
1658221689417537000,652.0,1,651.0,6,652.0,1,1,2022-07-19 09:08:09
1658221689480804000,652.0,1,651.0,6,653.0,5,1,2022-07-19 09:08:09
1658221693204418000,652.0,1,652.0,1,653.0,5,2,2022-07-19 09:08:13
1658221697489895000,652.0,1,652.0,3,653.0,6,2,2022-07-19 09:08:17
1658221697915934000,653.0,3,652.0,3,653.0,3,1,2022-07-19 09:08:17
1658221700034338000,653.0,2,652.0,5,653.0,1,1,2022-07-19 09:08:20
1658221701099710000,653.0,1,652.0,6,653.0,1,1,2022-07-19 09:08:21
1658221701439403000,653.0,1,653.0,1,654.0,13,2,2022-07-19 09:08:21
1658221701922493000,653.0,1,652.0,6,653.0,1,1,2022-07-19 09:08:21
1658221703545413000,653.0,1,653.0,1,654.0,14,2,2022-07-19 09:08:23
1658221704610100000,653.0,1,653.0,1,654.0,14,2,2022-07-19 09:08:24
1658221704690615000,654.0,1,652.0,7,654.0,13,1,2022-07-19 09:08:24
1658221709601554000,654.0,1,653.0,8,654.0,13,1,2022-07-19 09:08:29
1658221711737769000,654.0,2,653.0,9,654.0,10,1,2022-07-19 09:08:31
1658221712177743000,654.0,1,653.0,10,654.0,9,1,2022-07-19 09:08:32
1658221712304381000,654.0,1,653.0,10,654.0,8,1,2022-07-19 09:08:32
1658221714992147000,654.0,1,653.0,10,654.0,9,1,2022-07-19 09:08:34
1658221715122129000,654.0,1,653.0,10,654.0,10,1,2022-07-19 09:08:35
1658221715382476000,654.0,1,653.0,10,654.0,8,1,2022-07-19 09:08:35
1658221715736455000,654.0,1,653.0,9,654.0,6,1,2022-07-19 09:08:35
1658221716205405000,654.0,1,653.0,11,654.0,5,1,2022-07-19 09:08:36
1658221716782806000,654.0,1,653.0,12,654.0,4,1,2022-07-19 09:08:36
1658221717030540000,654.0,1,653.0,12,654.0,3,1,2022-07-19 09:08:37
1658221718050570000,654.0,1,653.0,12,654.0,2,1,2022-07-19 09:08:38
1658221718070573000,654.0,1,653.0,12,654.0,1,1,2022-07-19 09:08:38
1658221718099816000,654.0,1,653.0,12,655.0,16,1,2022-07-19 09:08:38
1658221718147376000,655.0,1,653.0,12,655.0,15,1,2022-07-19 09:08:38
1658221718216690000,655.0,1,653.0,12,655.0,14,1,2022-07-19 09:08:38
1658221719173375000,654.0,1,653.0,12,655.0,15,2,2022-07-19 09:08:39
1658221719237472000,654.0,1,653.0,12,655.0,15,2,2022-07-19 09:08:39
1658221719895890000,655.0,1,654.0,2,655.0,14,1,2022-07-19 09:08:39
1658221721187552000,654.0,1,654.0,2,655.0,14,2,2022-07-19 09:08:41
1658221721393034000,654.0,2,653.0,11,655.0,15,2,2022-07-19 09:08:41
1658221722486706000,655.0,5,654.0,3,655.0,10,1,2022-07-19 09:08:42
1658221723123833000,654.0,5,654.0,5,655.0,10,2,2022-07-19 09:08:43
1658221723505237000,654.0,1,653.0,13,655.0,10,1,2022-07-19 09:08:43
1658221723677050000,655.0,1,653.0,13,655.0,9,1,2022-07-19 09:08:43
1658221724321048000,654.0,1,653.0,13,655.0,9,1,2022-07-19 09:08:44
1658221725342752000,654.0,1,653.0,14,655.0,10,2,2022-07-19 09:08:45
1658221727035102000,655.0,1,654.0,1,655.0,10,1,2022-07-19 09:08:47
1658221731516868000,655.0,1,654.0,5,655.0,8,1,2022-07-19 09:08:51
1658221732095238000,655.0,2,654.0,6,655.0,8,1,2022-07-19 09:08:52
1658221732658569000,655.0,1,654.0,6,655.0,6,1,2022-07-19 09:08:52
1658221733188860000,655.0,1,654.0,7,655.0,4,1,2022-07-19 09:08:53
1658221733440798000,655.0,1,654.0,7,655.0,4,1,2022-07-19 09:08:53
1658221734194119000,655.0,1,654.0,7,655.0,2,1,2022-07-19 09:08:54
1658221734654407000,655.0,1,654.0,7,655.0,2,1,2022-07-19 09:08:54
1658221734803850000,655.0,1,654.0,7,656.0,16,1,2022-07-19 09:08:54
1658221734916628000,655.0,1,655.0,1,656.0,15,2,2022-07-19 09:08:54
1658221735233860000,654.0,1,654.0,6,656.0,15,2,2022-07-19 09:08:55
1658221737474857000,655.0,1,655.0,4,656.0,16,2,2022-07-19 09:08:57
1658221738232498000,655.0,4,655.0,4,656.0,15,2,2022-07-19 09:08:58
1658221739085487000,654.0,1,654.0,8,656.0,15,2,2022-07-19 09:08:59
1658221739122083000,654.0,8,653.0,12,656.0,15,2,2022-07-19 09:08:59
1658221739838487000,654.0,1,653.0,12,655.0,2,2,2022-07-19 09:08:59
1658221740150443000,655.0,1,653.0,12,655.0,2,1,2022-07-19 09:09:00
1658221740859412000,655.0,1,653.0,12,655.0,1,1,2022-07-19 09:09:00
1658221741770894000,654.0,1,653.0,13,655.0,3,1,2022-07-19 09:09:01
1658221742563657000,655.0,1,653.0,13,655.0,4,1,2022-07-19 09:09:02
1658221743024491000,654.0,2,653.0,14,655.0,6,2,2022-07-19 09:09:03
1658221743641913000,655.0,1,654.0,6,655.0,9,1,2022-07-19 09:09:03
1658221746113965000,654.0,4,654.0,3,655.0,14,2,2022-07-19 09:09:06
1658221746140952000,654.0,3,654.0,7,655.0,14,2,2022-07-19 09:09:06
1658221748354624000,654.0,1,653.0,13,654.0,8,1,2022-07-19 09:09:08
1658221749204385000,654.0,1,653.0,13,654.0,10,1,2022-07-19 09:09:09
1658221749239089000,653.0,1,653.0,12,654.0,10,2,2022-07-19 09:09:09
1658221749285537000,653.0,6,653.0,6,654.0,10,2,2022-07-19 09:09:09
1658221750203884000,653.0,2,653.0,4,654.0,9,2,2022-07-19 09:09:10
1658221750242295000,653.0,1,653.0,3,654.0,9,2,2022-07-19 09:09:10
1658221751703925000,654.0,1,653.0,5,654.0,12,1,2022-07-19 09:09:11
1658221751961924000,653.0,1,653.0,4,654.0,12,2,2022-07-19 09:09:11
1658221752869835000,653.0,1,653.0,4,654.0,13,2,2022-07-19 09:09:12
1658221753096890000,653.0,1,653.0,4,654.0,13,2,2022-07-19 09:09:13
1658221753611602000,653.0,1,653.0,3,654.0,13,2,2022-07-19 09:09:13
1658221753724469000,653.0,1,653.0,1,654.0,12,2,2022-07-19 09:09:13
1658221753761448000,653.0,1,652.0,4,654.0,12,2,2022-07-19 09:09:13
1658221754498594000,653.0,1,652.0,4,653.0,2,2,2022-07-19 09:09:14
1658221761789217000,652.0,1,652.0,3,653.0,8,2,2022-07-19 09:09:21
1658221761865614000,652.0,2,652.0,1,653.0,8,2,2022-07-19 09:09:21
1658221761892106000,652.0,1,651.0,10,653.0,8,2,2022-07-19 09:09:21
1658221763414130000,653.0,1,651.0,10,653.0,8,1,2022-07-19 09:09:23
1658221767322095000,652.0,1,651.0,10,653.0,8,1,2022-07-19 09:09:27
1658221779450399000,652.0,1,652.0,3,653.0,4,2,2022-07-19 09:09:39
1658221780296902000,652.0,1,652.0,2,653.0,4,2,2022-07-19 09:09:40
1658221787560125000,652.0,1,652.0,3,653.0,5,2,2022-07-19 09:09:47
1658221789069013000,652.0,1,652.0,2,653.0,5,2,2022-07-19 09:09:49
1658221789209375000,652.0,1,652.0,1,653.0,6,2,2022-07-19 09:09:49
1658221794969542000,652.0,1,651.0,10,652.0,4,1,2022-07-19 09:09:54
1658221799611774000,652.0,1,651.0,9,652.0,7,1,2022-07-19 09:09:59
1658221799641584000,651.0,1,651.0,8,652.0,7,2,2022-07-19 09:09:59
1658221800713796000,651.0,1,651.0,7,652.0,7,2,2022-07-19 09:10:00
1658221802812997000,652.0,1,651.0,6,652.0,8,1,2022-07-19 09:10:02
1658221803021413000,651.0,1,651.0,5,652.0,8,2,2022-07-19 09:10:03
1658221803448153000,651.0,2,651.0,3,652.0,6,2,2022-07-19 09:10:03
1658221804023963000,651.0,1,651.0,2,652.0,6,2,2022-07-19 09:10:04
1658221804154090000,651.0,1,651.0,1,652.0,6,2,2022-07-19 09:10:04
1658221804192850000,651.0,1,651.0,1,652.0,6,2,2022-07-19 09:10:04
1658221805081642000,650.0,19,650.0,7,651.0,1,2,2022-07-19 09:10:05
1658221805162915000,651.0,1,650.0,7,651.0,3,1,2022-07-19 09:10:05
1658221809156079000,650.0,1,650.0,7,651.0,7,2,2022-07-19 09:10:09
1658221810899693000,650.0,1,650.0,5,651.0,8,2,2022-07-19 09:10:10
1658221811421361000,650.0,1,650.0,4,651.0,8,2,2022-07-19 09:10:11
1658221811928786000,650.0,1,650.0,5,651.0,8,2,2022-07-19 09:10:11
1658221811929633000,650.0,1,650.0,4,651.0,8,2,2022-07-19 09:10:11
1658221812583905000,650.0,3,650.0,1,651.0,8,2,2022-07-19 09:10:12
1658221812632594000,650.0,1,649.0,16,651.0,8,2,2022-07-19 09:10:12
1658221813436812000,650.0,1,649.0,16,650.0,2,1,2022-07-19 09:10:13
1658221813473570000,649.0,1,649.0,15,650.0,2,2,2022-07-19 09:10:13
1658221814398768000,650.0,1,649.0,15,650.0,2,1,2022-07-19 09:10:14
1658221815195745000,650.0,1,649.0,15,650.0,1,1,2022-07-19 09:10:15
1658221815231280000,650.0,1,649.0,15,651.0,9,1,2022-07-19 09:10:15
1658221815357267000,649.0,2,649.0,13,651.0,9,2,2022-07-19 09:10:15
1658221816476263000,649.0,1,649.0,12,650.0,1,2,2022-07-19 09:10:16
1658221817813546000,649.0,10,649.0,2,650.0,3,2,2022-07-19 09:10:17
1658221817837300000,649.0,2,648.0,15,650.0,3,2,2022-07-19 09:10:17
1658221820493194000,648.0,1,648.0,14,649.0,3,2,2022-07-19 09:10:20
1658221820550857000,648.0,1,648.0,13,649.0,3,2,2022-07-19 09:10:20
1658221820613493000,648.0,1,648.0,15,649.0,3,2,2022-07-19 09:10:20
1658221821118509000,649.0,1,648.0,12,649.0,3,1,2022-07-19 09:10:21
1658221821223770000,649.0,1,648.0,13,649.0,2,1,2022-07-19 09:10:21
1658221821255996000,649.0,2,648.0,13,650.0,8,1,2022-07-19 09:10:21
1658221821261364000,648.0,1,648.0,12,650.0,8,2,2022-07-19 09:10:21
1658221822749040000,648.0,1,648.0,11,649.0,1,2,2022-07-19 09:10:22
1658221823816864000,648.0,1,648.0,10,649.0,2,2,2022-07-19 09:10:23
1658221826271988000,648.0,1,648.0,9,649.0,3,2,2022-07-19 09:10:26
1658221826598450000,648.0,1,648.0,8,649.0,3,2,2022-07-19 09:10:26
1658221828722679000,648.0,2,648.0,7,649.0,4,2,2022-07-19 09:10:28
1658221829111282000,649.0,1,648.0,7,649.0,5,1,2022-07-19 09:10:29
1658221830438567000,648.0,3,648.0,4,649.0,4,2,2022-07-19 09:10:30
1658221830799667000,648.0,1,648.0,4,649.0,6,2,2022-07-19 09:10:30
1658221831429230000,648.0,1,648.0,2,649.0,6,2,2022-07-19 09:10:31
1658221831459648000,648.0,1,648.0,1,649.0,6,2,2022-07-19 09:10:31
1658221831487167000,648.0,1,647.0,12,649.0,6,2,2022-07-19 09:10:31
1658221833431585000,648.0,1,647.0,12,649.0,6,2,2022-07-19 09:10:33
1658221835138441000,648.0,1,647.0,12,649.0,5,1,2022-07-19 09:10:35
1658221835636999000,647.0,1,647.0,11,649.0,5,2,2022-07-19 09:10:35
1658221835789879000,647.0,1,647.0,10,649.0,5,2,2022-07-19 09:10:35
1658221837917967000,648.0,2,648.0,2,649.0,6,2,2022-07-19 09:10:37
1658221837918859000,648.0,2,647.0,11,649.0,6,2,2022-07-19 09:10:37
1658221837918859000,647.0,2,647.0,11,649.0,6,2,2022-07-19 09:10:37
1658221837919886000,647.0,1,647.0,10,649.0,6,2,2022-07-19 09:10:37
1658221837921358000,647.0,1,647.0,9,649.0,6,2,2022-07-19 09:10:37
1658221837923055000,647.0,2,647.0,7,649.0,6,2,2022-07-19 09:10:37
1658221837923343000,647.0,1,647.0,6,649.0,6,2,2022-07-19 09:10:37
1658221837924730000,647.0,1,647.0,5,649.0,6,2,2022-07-19 09:10:37
1658221837924974000,647.0,1,647.0,4,649.0,6,2,2022-07-19 09:10:37
1658221839619939000,647.0,1,647.0,2,649.0,9,2,2022-07-19 09:10:39
1658221840299998000,648.0,1,647.0,2,649.0,8,2,2022-07-19 09:10:40
1658221840962188000,647.0,1,647.0,1,648.0,2,2,2022-07-19 09:10:40
1658221841366957000,648.0,1,647.0,1,648.0,1,1,2022-07-19 09:10:41
1658221842499530000,647.0,1,646.0,21,648.0,2,2,2022-07-19 09:10:42
1658221845477072000,647.0,1,647.0,2,648.0,3,2,2022-07-19 09:10:45
1658221849428169000,647.0,2,646.0,20,648.0,4,2,2022-07-19 09:10:49
1658221850695616000,646.0,1,646.0,20,648.0,7,2,2022-07-19 09:10:50
1658221852819868000,647.0,1,647.0,2,648.0,7,2,2022-07-19 09:10:52
1658221854612608000,647.0,1,647.0,1,648.0,9,2,2022-07-19 09:10:54
1658221855971922000,647.0,3,646.0,19,648.0,10,2,2022-07-19 09:10:55
1658221855971922000,646.0,1,646.0,19,648.0,10,2,2022-07-19 09:10:55
1658221856149181000,646.0,1,646.0,19,647.0,2,2,2022-07-19 09:10:56
1658221859477455000,646.0,1,646.0,21,647.0,11,2,2022-07-19 09:10:59
1658221859502671000,646.0,1,646.0,20,647.0,11,2,2022-07-19 09:10:59
1658221864940584000,646.0,1,646.0,26,647.0,15,2,2022-07-19 09:11:04
1658221866266337000,646.0,1,646.0,25,647.0,16,2,2022-07-19 09:11:06
1658221866294607000,646.0,1,646.0,24,647.0,16,2,2022-07-19 09:11:06
1658221870227227000,646.0,1,646.0,23,647.0,16,2,2022-07-19 09:11:10
1658221870345845000,646.0,1,646.0,21,647.0,16,2,2022-07-19 09:11:10
1658221871343870000,646.0,1,646.0,20,647.0,16,2,2022-07-19 09:11:11
1658221872785923000,646.0,1,646.0,21,647.0,16,2,2022-07-19 09:11:12
1658221874134003000,647.0,1,646.0,21,647.0,15,1,2022-07-19 09:11:14
1658221875085507000,646.0,1,646.0,19,647.0,14,2,2022-07-19 09:11:15
1658221876760489000,646.0,3,646.0,16,647.0,16,2,2022-07-19 09:11:16
1658221877876489000,646.0,2,646.0,14,647.0,16,2,2022-07-19 09:11:17
1658221878292181000,646.0,1,646.0,13,647.0,16,2,2022-07-19 09:11:18
1658221881038547000,646.0,1,646.0,15,647.0,16,2,2022-07-19 09:11:21
1658221882682363000,646.0,1,646.0,15,647.0,16,2,2022-07-19 09:11:22
1658221883204905000,646.0,3,646.0,12,647.0,16,2,2022-07-19 09:11:23
1658221883236298000,646.0,1,646.0,15,647.0,16,2,2022-07-19 09:11:23
1658221883868517000,646.0,1,646.0,10,647.0,16,2,2022-07-19 09:11:23
1658221884163865000,646.0,1,646.0,9,647.0,16,2,2022-07-19 09:11:24
1658221884242705000,646.0,1,646.0,8,647.0,16,2,2022-07-19 09:11:24
1658221884724346000,646.0,1,646.0,8,647.0,16,2,2022-07-19 09:11:24
1658221884989454000,646.0,2,646.0,6,647.0,16,2,2022-07-19 09:11:24
1658221885583902000,646.0,1,646.0,8,647.0,16,2,2022-07-19 09:11:25
1658221887027306000,646.0,8,645.0,29,647.0,16,2,2022-07-19 09:11:27
1658221894379364000,646.0,1,645.0,27,646.0,8,1,2022-07-19 09:11:34
1658221894411624000,646.0,1,645.0,27,646.0,7,1,2022-07-19 09:11:34
1658221894442405000,646.0,7,645.0,27,647.0,16,1,2022-07-19 09:11:34
1658221895156396000,646.0,1,645.0,29,647.0,16,2,2022-07-19 09:11:35
1658221896051077000,645.0,1,645.0,29,646.0,1,2,2022-07-19 09:11:36
1658221896062286000,646.0,1,645.0,30,646.0,1,1,2022-07-19 09:11:36
1658221896571542000,646.0,1,646.0,1,647.0,17,2,2022-07-19 09:11:36
1658221896743627000,646.0,1,646.0,2,647.0,17,2,2022-07-19 09:11:36
1658221897265076000,646.0,1,645.0,29,646.0,2,1,2022-07-19 09:11:37
1658221897454948000,645.0,2,645.0,27,646.0,1,2,2022-07-19 09:11:37
1658221898247631000,646.0,1,645.0,27,646.0,1,1,2022-07-19 09:11:38
1658221900838947000,646.0,1,646.0,6,647.0,22,2,2022-07-19 09:11:40
1658221901070586000,647.0,1,646.0,6,647.0,22,1,2022-07-19 09:11:41
1658221901236756000,646.0,1,646.0,6,647.0,22,2,2022-07-19 09:11:41
1658221902319177000,646.0,1,646.0,4,647.0,21,2,2022-07-19 09:11:42
1658221904343607000,646.0,1,646.0,5,647.0,21,2,2022-07-19 09:11:44
1658221905173157000,646.0,1,646.0,5,647.0,21,2,2022-07-19 09:11:45
1658221905240296000,646.0,1,646.0,4,647.0,21,2,2022-07-19 09:11:45
1658221905721811000,646.0,1,646.0,4,647.0,21,2,2022-07-19 09:11:45
1658221906899445000,646.0,1,646.0,3,647.0,21,2,2022-07-19 09:11:46
1658221907215544000,646.0,1,646.0,2,647.0,21,2,2022-07-19 09:11:47
1658221907337197000,646.0,1,646.0,1,647.0,21,2,2022-07-19 09:11:47
1658221908251137000,646.0,1,645.0,27,646.0,4,2,2022-07-19 09:11:48
1658221909411204000,646.0,1,645.0,27,646.0,4,1,2022-07-19 09:11:49
1658221912314589000,645.0,1,645.0,27,646.0,5,2,2022-07-19 09:11:52
1658221914217960000,646.0,1,645.0,26,646.0,4,1,2022-07-19 09:11:54
1658221917918550000,646.0,1,645.0,25,646.0,4,1,2022-07-19 09:11:57
1658221921090925000,646.0,1,645.0,28,646.0,4,1,2022-07-19 09:12:01
1658221921798196000,646.0,1,645.0,28,646.0,4,1,2022-07-19 09:12:01
1658221921805104000,646.0,1,645.0,28,646.0,3,1,2022-07-19 09:12:01
1658221923066467000,646.0,1,645.0,28,646.0,2,1,2022-07-19 09:12:03
1658221923156841000,646.0,1,645.0,28,646.0,2,1,2022-07-19 09:12:03
1658221925148417000,646.0,2,645.0,28,646.0,1,1,2022-07-19 09:12:05
1658221925531266000,646.0,1,645.0,28,647.0,20,1,2022-07-19 09:12:05
1658221925554842000,647.0,2,645.0,28,647.0,18,1,2022-07-19 09:12:05
1658221926902632000,647.0,13,646.0,3,647.0,6,1,2022-07-19 09:12:06
1658221927690587000,647.0,1,646.0,4,647.0,7,1,2022-07-19 09:12:07
1658221927770324000,646.0,1,646.0,4,647.0,8,2,2022-07-19 09:12:07
1658221928294865000,647.0,1,646.0,3,647.0,5,1,2022-07-19 09:12:08
1658221928556095000,647.0,1,646.0,3,647.0,4,1,2022-07-19 09:12:08
1658221929134055000,647.0,1,646.0,6,647.0,3,1,2022-07-19 09:12:09
1658221929940181000,647.0,1,646.0,11,647.0,2,1,2022-07-19 09:12:09
1658221929970222000,647.0,1,646.0,11,647.0,1,1,2022-07-19 09:12:09
1658221931969567000,647.0,1,646.0,12,648.0,6,1,2022-07-19 09:12:11
1658221932841665000,648.0,6,647.0,6,649.0,6,1,2022-07-19 09:12:12
1658221932909840000,649.0,1,647.0,7,649.0,5,1,2022-07-19 09:12:12
1658221937181691000,649.0,1,648.0,2,649.0,1,1,2022-07-19 09:12:17
1658221940073103000,649.0,1,648.0,4,649.0,2,1,2022-07-19 09:12:20
1658221940759329000,649.0,1,648.0,7,649.0,1,1,2022-07-19 09:12:20
1658221944661339000,649.0,1,649.0,2,650.0,1,2,2022-07-19 09:12:24
1658221945218712000,650.0,1,649.0,2,650.0,1,1,2022-07-19 09:12:25
1658221946788528000,649.0,1,649.0,1,651.0,5,2,2022-07-19 09:12:26
1658221947884451000,649.0,1,648.0,8,651.0,7,2,2022-07-19 09:12:27
1658221948649780000,649.0,1,649.0,1,650.0,5,2,2022-07-19 09:12:28
1658221949716931000,650.0,1,648.0,8,650.0,6,1,2022-07-19 09:12:29
1658221950049762000,650.0,1,648.0,8,650.0,3,1,2022-07-19 09:12:30
1658221950853862000,649.0,1,649.0,1,650.0,4,2,2022-07-19 09:12:30
1658221951800897000,650.0,1,648.0,7,650.0,3,1,2022-07-19 09:12:31
1658221953686033000,649.0,1,649.0,1,650.0,4,2,2022-07-19 09:12:33
1658221954144872000,649.0,1,648.0,7,650.0,4,2,2022-07-19 09:12:34
1658221958584563000,649.0,1,648.0,7,650.0,6,2,2022-07-19 09:12:38
1658221959597116000,649.0,1,648.0,7,649.0,1,1,2022-07-19 09:12:39
1658221960757768000,649.0,1,648.0,7,650.0,7,1,2022-07-19 09:12:40
1658221961063795000,649.0,1,649.0,1,650.0,5,2,2022-07-19 09:12:41
1658221962020054000,649.0,1,648.0,7,650.0,5,2,2022-07-19 09:12:42
1658221962102129000,649.0,1,648.0,7,650.0,7,2,2022-07-19 09:12:42
1658221962541212000,649.0,1,648.0,7,649.0,1,1,2022-07-19 09:12:42
1658221965298476000,649.0,1,648.0,7,650.0,7,1,2022-07-19 09:12:45
1658221975606805000,650.0,1,649.0,6,650.0,4,1,2022-07-19 09:12:55
1658221975608871000,649.0,1,649.0,5,650.0,4,2,2022-07-19 09:12:55
1658221994072104000,650.0,1,649.0,13,650.0,5,1,2022-07-19 09:13:14
1658221998901868000,650.0,1,649.0,14,650.0,5,1,2022-07-19 09:13:18
1658222000686001000,650.0,1,649.0,14,650.0,4,1,2022-07-19 09:13:20
1658222001033402000,650.0,1,649.0,14,650.0,3,1,2022-07-19 09:13:21
1658222003317550000,650.0,1,649.0,14,650.0,3,1,2022-07-19 09:13:23
1658222003506572000,649.0,10,649.0,4,650.0,3,2,2022-07-19 09:13:23
1658222003542543000,649.0,4,648.0,7,650.0,3,2,2022-07-19 09:13:23
1658222003573126000,650.0,1,648.0,7,650.0,3,1,2022-07-19 09:13:23
1658222003860978000,650.0,1,648.0,7,650.0,2,1,2022-07-19 09:13:23
1658222004824701000,650.0,1,648.0,7,650.0,1,1,2022-07-19 09:13:24
1658222004828073000,650.0,1,648.0,7,651.0,6,1,2022-07-19 09:13:24
1658222005132255000,648.0,5,648.0,2,650.0,5,2,2022-07-19 09:13:25
1658222005135338000,648.0,2,647.0,9,650.0,5,2,2022-07-19 09:13:25
1658222011108692000,648.0,2,647.0,7,649.0,6,2,2022-07-19 09:13:31
1658222011776735000,648.0,1,647.0,7,649.0,5,2,2022-07-19 09:13:31
1658222014668972000,648.0,1,647.0,7,649.0,4,2,2022-07-19 09:13:34
1658222017733789000,648.0,2,647.0,10,648.0,1,2,2022-07-19 09:13:37
1658222030079988000,648.0,1,647.0,10,648.0,4,1,2022-07-19 09:13:50
1658222061425416000,647.0,1,647.0,9,648.0,4,2,2022-07-19 09:14:21
1658222061804467000,648.0,4,647.0,9,648.0,2,1,2022-07-19 09:14:21
1658222064864543000,647.0,2,647.0,7,648.0,3,2,2022-07-19 09:14:24
1658222064902875000,647.0,1,647.0,6,648.0,3,2,2022-07-19 09:14:24
1658222073561687000,647.0,1,647.0,10,648.0,3,2,2022-07-19 09:14:33
1658222077042335000,647.0,1,647.0,9,648.0,3,2,2022-07-19 09:14:37
1658222077949547000,648.0,3,648.0,2,649.0,4,1,2022-07-19 09:14:37
1658222079577321000,648.0,2,647.0,9,648.0,2,2,2022-07-19 09:14:39
1658222087920424000,648.0,3,647.0,11,649.0,2,1,2022-07-19 09:14:47
1658222100773314000,648.0,1,648.0,1,649.0,3,2,2022-07-19 09:15:00
1658222105657151000,648.0,3,647.0,13,648.0,2,2,2022-07-19 09:15:05
1658222105755977000,648.0,1,647.0,13,648.0,1,1,2022-07-19 09:15:05
1658222114808005000,647.0,5,647.0,7,648.0,1,2,2022-07-19 09:15:14
1658222114844094000,647.0,1,647.0,7,648.0,1,2,2022-07-19 09:15:14
1658222115562567000,648.0,1,647.0,6,649.0,4,1,2022-07-19 09:15:15
1658222116305892000,648.0,1,647.0,7,649.0,5,2,2022-07-19 09:15:16
1658222117576762000,647.0,7,646.0,15,648.0,2,2,2022-07-19 09:15:17
1658222118005500000,646.0,5,646.0,9,648.0,4,2,2022-07-19 09:15:18
1658222118341393000,648.0,1,646.0,9,648.0,4,1,2022-07-19 09:15:18
1658222121775402000,647.0,1,646.0,9,648.0,4,1,2022-07-19 09:15:21
1658222128169104000,647.0,1,646.0,10,647.0,4,1,2022-07-19 09:15:28
1658222132896152000,646.0,1,646.0,9,647.0,5,2,2022-07-19 09:15:32
1658222133587241000,646.0,5,646.0,4,647.0,5,2,2022-07-19 09:15:33
1658222133623256000,646.0,4,645.0,25,647.0,6,2,2022-07-19 09:15:33
1658222137823476000,646.0,1,645.0,26,646.0,4,1,2022-07-19 09:15:37
1658222140168486000,645.0,1,645.0,25,646.0,4,2,2022-07-19 09:15:40
1658222146167368000,645.0,1,645.0,22,646.0,5,2,2022-07-19 09:15:46
1658222146202836000,645.0,22,644.0,15,646.0,6,2,2022-07-19 09:15:46
1658222146315727000,644.0,1,644.0,15,645.0,3,2,2022-07-19 09:15:46
1658222149714420000,644.0,1,644.0,9,645.0,9,2,2022-07-19 09:15:49
1658222149930417000,644.0,1,644.0,8,645.0,9,2,2022-07-19 09:15:49
1658222149963645000,644.0,1,644.0,7,645.0,9,2,2022-07-19 09:15:49
1658222150660209000,644.0,1,644.0,6,645.0,10,2,2022-07-19 09:15:50
1658222150888708000,644.0,1,644.0,5,645.0,10,2,2022-07-19 09:15:50
1658222151063484000,644.0,1,644.0,5,645.0,10,2,2022-07-19 09:15:51
1658222151104590000,644.0,4,643.0,14,644.0,1,2,2022-07-19 09:15:51
1658222151145558000,643.0,1,643.0,13,644.0,2,2,2022-07-19 09:15:51
1658222151160451000,643.0,1,643.0,12,644.0,2,2,2022-07-19 09:15:51
1658222151813697000,643.0,1,643.0,11,644.0,6,2,2022-07-19 09:15:51
1658222152444625000,643.0,1,643.0,10,644.0,6,2,2022-07-19 09:15:52
1658222152519931000,644.0,1,643.0,10,644.0,5,1,2022-07-19 09:15:52
1658222154337613000,643.0,1,643.0,9,644.0,7,2,2022-07-19 09:15:54
1658222155591394000,643.0,5,643.0,7,644.0,7,2,2022-07-19 09:15:55
1658222157721369000,643.0,1,643.0,1,644.0,7,2,2022-07-19 09:15:57
1658222158003711000,643.0,1,642.0,18,644.0,7,2,2022-07-19 09:15:58
1658222159164242000,642.0,1,642.0,15,643.0,6,2,2022-07-19 09:15:59
1658222159202825000,642.0,1,642.0,14,643.0,6,2,2022-07-19 09:15:59
1658222159662624000,643.0,1,642.0,14,643.0,5,1,2022-07-19 09:15:59
1658222159688013000,642.0,5,642.0,9,643.0,5,2,2022-07-19 09:15:59
1658222159854880000,642.0,5,642.0,4,643.0,5,2,2022-07-19 09:15:59
1658222160838091000,642.0,1,642.0,3,643.0,8,2,2022-07-19 09:16:00
1658222160908686000,643.0,6,642.0,3,643.0,2,1,2022-07-19 09:16:00
1658222161139881000,642.0,1,642.0,2,643.0,3,2,2022-07-19 09:16:01
1658222161675143000,642.0,1,642.0,1,643.0,3,2,2022-07-19 09:16:01
1658222162478419000,643.0,2,642.0,1,643.0,1,1,2022-07-19 09:16:02
1658222162632812000,642.0,1,641.0,10,643.0,1,2,2022-07-19 09:16:02
1658222163451654000,642.0,1,641.0,10,642.0,4,2,2022-07-19 09:16:03
1658222163485008000,641.0,10,640.0,42,642.0,4,2,2022-07-19 09:16:03
1658222163524004000,641.0,2,640.0,41,642.0,1,1,2022-07-19 09:16:03
1658222163524004000,642.0,3,640.0,41,642.0,1,1,2022-07-19 09:16:03
1658222163570438000,642.0,1,640.0,42,642.0,1,1,2022-07-19 09:16:03
1658222163671330000,643.0,1,641.0,2,643.0,3,1,2022-07-19 09:16:03
1658222163842691000,642.0,1,641.0,2,643.0,3,1,2022-07-19 09:16:03
1658222165599683000,642.0,3,640.0,40,643.0,11,1,2022-07-19 09:16:05
1658222165673991000,642.0,1,640.0,40,642.0,1,1,2022-07-19 09:16:05
1658222168660310000,641.0,1,641.0,14,642.0,4,2,2022-07-19 09:16:08
1658222168691013000,642.0,4,641.0,14,643.0,12,1,2022-07-19 09:16:08
1658222169220265000,641.0,3,641.0,14,642.0,2,2,2022-07-19 09:16:09
1658222170369400000,642.0,1,641.0,14,642.0,1,1,2022-07-19 09:16:10
1658222170409681000,642.0,1,641.0,14,642.0,1,1,2022-07-19 09:16:10
1658222170627977000,643.0,12,641.0,14,644.0,5,1,2022-07-19 09:16:10
1658222171604475000,644.0,4,642.0,5,644.0,1,1,2022-07-19 09:16:11
1658222171627947000,644.0,1,642.0,5,645.0,4,1,2022-07-19 09:16:11
1658222171661903000,645.0,3,643.0,11,645.0,1,1,2022-07-19 09:16:11
1658222171694474000,645.0,1,643.0,11,646.0,5,1,2022-07-19 09:16:11
1658222172347131000,645.0,1,645.0,10,646.0,5,2,2022-07-19 09:16:12
1658222173434974000,645.0,1,645.0,8,646.0,6,2,2022-07-19 09:16:13
1658222175444320000,645.0,1,645.0,7,646.0,6,2,2022-07-19 09:16:15
1658222180918388000,645.0,5,645.0,3,646.0,4,2,2022-07-19 09:16:20
1658222180947657000,645.0,1,645.0,2,646.0,4,2,2022-07-19 09:16:20
1658222180947951000,645.0,2,643.0,14,645.0,1,2,2022-07-19 09:16:20
1658222180982288000,645.0,1,643.0,13,646.0,4,1,2022-07-19 09:16:20
1658222181661535000,646.0,1,643.0,16,646.0,3,1,2022-07-19 09:16:21
1658222181767208000,646.0,3,643.0,15,647.0,3,1,2022-07-19 09:16:21
1658222191110004000,646.0,1,645.0,1,647.0,2,1,2022-07-19 09:16:31
1658222194776662000,646.0,1,645.0,3,646.0,1,1,2022-07-19 09:16:34
1658222194808837000,646.0,1,645.0,3,647.0,2,1,2022-07-19 09:16:34
1658222194892808000,646.0,1,645.0,3,646.0,1,1,2022-07-19 09:16:34
1658222195725008000,646.0,1,645.0,3,647.0,2,1,2022-07-19 09:16:35
1658222198899913000,647.0,1,646.0,4,647.0,1,1,2022-07-19 09:16:38
1658222201024074000,647.0,1,646.0,4,648.0,7,2,2022-07-19 09:16:41
1658222203754748000,646.0,1,646.0,4,648.0,7,2,2022-07-19 09:16:43
1658222206912106000,647.0,1,647.0,1,648.0,8,2,2022-07-19 09:16:46
1658222211287517000,647.0,1,646.0,5,647.0,2,1,2022-07-19 09:16:51
1658222214606770000,647.0,1,646.0,6,647.0,2,1,2022-07-19 09:16:54
1658222219237456000,647.0,1,646.0,7,647.0,1,1,2022-07-19 09:16:59
1658222219261444000,647.0,1,646.0,7,648.0,8,1,2022-07-19 09:16:59
1658222223305423000,647.0,1,647.0,1,648.0,9,2,2022-07-19 09:17:03
1658222228929045000,647.0,1,646.0,6,648.0,9,2,2022-07-19 09:17:08
1658222240559974000,646.0,1,646.0,4,647.0,8,2,2022-07-19 09:17:20
1658222241202199000,646.0,1,646.0,3,647.0,8,2,2022-07-19 09:17:21
1658222241223867000,646.0,3,645.0,1,647.0,8,2,2022-07-19 09:17:21
1658222255479640000,645.0,1,645.0,1,646.0,7,2,2022-07-19 09:17:35
1658222256422560000,645.0,1,644.0,7,646.0,7,2,2022-07-19 09:17:36
1658222257991234000,645.0,1,644.0,7,645.0,1,1,2022-07-19 09:17:37
1658222257991333000,645.0,1,644.0,7,646.0,7,1,2022-07-19 09:17:37
1658222262940798000,646.0,1,644.0,6,646.0,6,1,2022-07-19 09:17:42
1658222269291448000,645.0,1,644.0,1,646.0,6,2,2022-07-19 09:17:49
1658222269291448000,644.0,4,644.0,1,646.0,6,2,2022-07-19 09:17:49
1658222270965838000,646.0,2,644.0,6,646.0,6,1,2022-07-19 09:17:50
1658222270998914000,646.0,6,644.0,6,647.0,9,1,2022-07-19 09:17:50
1658222271031556000,647.0,2,645.0,1,647.0,7,1,2022-07-19 09:17:51
1658222274278563000,645.0,1,644.0,8,647.0,10,2,2022-07-19 09:17:54
1658222274789160000,646.0,1,645.0,1,647.0,7,1,2022-07-19 09:17:54
1658222274789160000,647.0,2,645.0,1,647.0,7,1,2022-07-19 09:17:54
1658222275806328000,645.0,1,644.0,8,647.0,7,2,2022-07-19 09:17:55
1658222282983422000,647.0,6,645.0,7,647.0,3,1,2022-07-19 09:18:02
1658222283013258000,647.0,3,645.0,7,648.0,6,1,2022-07-19 09:18:03
1658222292737323000,647.0,2,646.0,3,647.0,2,1,2022-07-19 09:18:12
1658222308123039000,647.0,1,647.0,5,648.0,7,2,2022-07-19 09:18:28
1658222309897271000,648.0,1,647.0,5,648.0,6,1,2022-07-19 09:18:29
1658222311205306000,647.0,5,646.0,5,648.0,6,2,2022-07-19 09:18:31
1658222312979660000,646.0,1,646.0,4,647.0,1,2,2022-07-19 09:18:32
1658222313726141000,647.0,1,647.0,2,648.0,6,1,2022-07-19 09:18:33
1658222315582971000,647.0,2,646.0,4,648.0,7,2,2022-07-19 09:18:35
1658222317712700000,648.0,1,646.0,4,648.0,12,1,2022-07-19 09:18:37
1658222320710236000,647.0,1,646.0,4,648.0,10,2,2022-07-19 09:18:40
1658222325446681000,647.0,1,646.0,5,648.0,11,2,2022-07-19 09:18:45
1658222332773056000,647.0,1,646.0,6,648.0,11,2,2022-07-19 09:18:52
1658222346990794000,647.0,1,646.0,5,647.0,2,1,2022-07-19 09:19:06
1658222372147415000,647.0,1,646.0,4,647.0,3,1,2022-07-19 09:19:32
1658222373462547000,647.0,1,646.0,4,647.0,2,1,2022-07-19 09:19:33
1658222382944366000,646.0,1,646.0,3,647.0,2,2,2022-07-19 09:19:42
1658222386101228000,647.0,1,646.0,3,647.0,1,1,2022-07-19 09:19:46
1658222391137474000,647.0,1,646.0,4,648.0,12,1,2022-07-19 09:19:51
1658222433125087000,647.0,1,646.0,5,647.0,2,1,2022-07-19 09:20:33
1658222442402410000,647.0,1,646.0,5,647.0,2,1,2022-07-19 09:20:42
1658222454859457000,647.0,2,646.0,4,647.0,1,1,2022-07-19 09:20:54
1658222458671778000,647.0,1,646.0,4,648.0,12,1,2022-07-19 09:20:58
1658222481269573000,647.0,1,647.0,3,648.0,11,2,2022-07-19 09:21:21
1658222489100471000,647.0,1,647.0,3,648.0,12,2,2022-07-19 09:21:29
1658222494764053000,647.0,1,647.0,5,648.0,12,2,2022-07-19 09:21:34
1658222532793587000,647.0,1,647.0,2,648.0,12,2,2022-07-19 09:22:12
1658222533759034000,647.0,1,647.0,1,648.0,11,2,2022-07-19 09:22:13
1658222535750738000,647.0,1,646.0,8,647.0,1,2,2022-07-19 09:22:15
1658222550682054000,647.0,1,646.0,8,647.0,3,1,2022-07-19 09:22:30
1658222574598656000,647.0,1,646.0,9,647.0,5,1,2022-07-19 09:22:54
1658222595299730000,647.0,1,646.0,10,647.0,4,1,2022-07-19 09:23:15
1658222598063890000,647.0,1,646.0,10,647.0,3,1,2022-07-19 09:23:18
1658222602301305000,647.0,1,646.0,9,647.0,2,1,2022-07-19 09:23:22
1658222603556220000,647.0,1,646.0,9,647.0,1,1,2022-07-19 09:23:23
1658222604220841000,647.0,1,646.0,9,648.0,13,1,2022-07-19 09:23:24
1658222608236318000,648.0,1,647.0,4,648.0,13,1,2022-07-19 09:23:28
1658222615299287000,647.0,1,647.0,7,648.0,13,2,2022-07-19 09:23:35
1658222616809866000,648.0,1,647.0,5,648.0,11,1,2022-07-19 09:23:36
1658222621820378000,648.0,1,647.0,8,648.0,10,1,2022-07-19 09:23:41
1658222622905717000,648.0,1,647.0,8,648.0,9,1,2022-07-19 09:23:42
1658222623733111000,648.0,9,647.0,15,649.0,16,1,2022-07-19 09:23:43
1658222630464777000,649.0,1,648.0,11,649.0,12,1,2022-07-19 09:23:50
1658222632693357000,649.0,3,648.0,12,649.0,9,1,2022-07-19 09:23:52
1658222633708680000,649.0,1,648.0,11,649.0,9,1,2022-07-19 09:23:53
1658222634264244000,649.0,1,648.0,11,649.0,8,1,2022-07-19 09:23:54
1658222635916982000,649.0,1,648.0,10,649.0,7,1,2022-07-19 09:23:55
1658222635938493000,649.0,1,648.0,10,649.0,6,1,2022-07-19 09:23:55
1658222636071937000,649.0,1,648.0,10,649.0,5,1,2022-07-19 09:23:56
1658222636272898000,649.0,1,648.0,10,649.0,4,1,2022-07-19 09:23:56
1658222636337174000,649.0,1,648.0,10,649.0,3,1,2022-07-19 09:23:56
1658222637697934000,649.0,1,648.0,9,649.0,3,1,2022-07-19 09:23:57
1658222637774937000,649.0,2,648.0,9,650.0,30,1,2022-07-19 09:23:57
1658222641332565000,650.0,1,649.0,9,650.0,29,1,2022-07-19 09:24:01
1658222645409654000,650.0,2,649.0,13,650.0,23,1,2022-07-19 09:24:05
1658222646921746000,650.0,2,649.0,13,650.0,21,1,2022-07-19 09:24:06
1658222648186297000,650.0,1,649.0,13,650.0,20,1,2022-07-19 09:24:08
1658222648778303000,650.0,2,649.0,12,650.0,18,1,2022-07-19 09:24:08
1658222648964530000,650.0,1,649.0,12,650.0,17,1,2022-07-19 09:24:08
1658222649508033000,650.0,1,649.0,12,650.0,16,1,2022-07-19 09:24:09
1658222649592900000,650.0,2,649.0,12,650.0,14,1,2022-07-19 09:24:09
1658222649801883000,650.0,2,649.0,12,650.0,12,1,2022-07-19 09:24:09
1658222650005842000,650.0,1,649.0,12,650.0,11,1,2022-07-19 09:24:10
1658222650657737000,650.0,1,649.0,12,650.0,11,1,2022-07-19 09:24:10
1658222650692872000,650.0,1,649.0,12,650.0,10,1,2022-07-19 09:24:10
1658222650769170000,650.0,1,649.0,12,650.0,9,1,2022-07-19 09:24:10
1658222651230632000,650.0,1,649.0,12,650.0,8,1,2022-07-19 09:24:11
1658222652638068000,650.0,1,649.0,12,650.0,7,1,2022-07-19 09:24:12
1658222652849730000,650.0,2,649.0,12,650.0,5,1,2022-07-19 09:24:12
1658222652991918000,650.0,1,649.0,12,650.0,4,1,2022-07-19 09:24:12
1658222653174439000,650.0,1,649.0,12,650.0,3,1,2022-07-19 09:24:13
1658222653416985000,650.0,1,649.0,12,650.0,2,1,2022-07-19 09:24:13
1658222653446877000,650.0,2,649.0,12,651.0,10,1,2022-07-19 09:24:13
1658222659857219000,651.0,1,650.0,31,651.0,6,1,2022-07-19 09:24:19
1658222660224498000,651.0,2,650.0,31,651.0,4,1,2022-07-19 09:24:20
1658222661018808000,651.0,1,650.0,33,651.0,3,1,2022-07-19 09:24:21
1658222661195806000,651.0,1,650.0,33,651.0,2,1,2022-07-19 09:24:21
1658222662325365000,651.0,1,650.0,32,651.0,1,1,2022-07-19 09:24:22
1658222662342323000,651.0,1,650.0,32,652.0,11,1,2022-07-19 09:24:22
1658222664237854000,652.0,10,652.0,10,653.0,11,1,2022-07-19 09:24:24
1658222664287899000,653.0,1,652.0,10,653.0,10,1,2022-07-19 09:24:24
1658222664492411000,653.0,1,652.0,10,653.0,9,1,2022-07-19 09:24:24
1658222664511180000,653.0,9,652.0,10,654.0,14,1,2022-07-19 09:24:24
1658222664562518000,654.0,2,652.0,10,654.0,12,1,2022-07-19 09:24:24
1658222666984584000,654.0,1,652.0,10,654.0,11,1,2022-07-19 09:24:26
1658222667019746000,654.0,11,652.0,10,655.0,47,1,2022-07-19 09:24:27
1658222670737001000,653.0,1,652.0,11,653.0,1,1,2022-07-19 09:24:30
1658222671973584000,653.0,1,652.0,11,654.0,9,1,2022-07-19 09:24:31
1658222673606708000,654.0,1,652.0,12,654.0,12,1,2022-07-19 09:24:33
1658222673920912000,653.0,1,652.0,12,654.0,12,2,2022-07-19 09:24:33
1658222675748718000,653.0,2,652.0,11,654.0,15,1,2022-07-19 09:24:35
1658222675748718000,654.0,1,652.0,11,654.0,15,1,2022-07-19 09:24:35
1658222676490315000,653.0,1,652.0,12,654.0,15,2,2022-07-19 09:24:36
1658222677781761000,654.0,2,652.0,2,654.0,14,1,2022-07-19 09:24:37
1658222680730630000,654.0,1,652.0,3,654.0,14,1,2022-07-19 09:24:40
1658222681342904000,654.0,1,652.0,3,654.0,13,1,2022-07-19 09:24:41
1658222681927683000,653.0,1,652.0,3,654.0,13,2,2022-07-19 09:24:41
1658222682752116000,654.0,2,652.0,4,654.0,11,1,2022-07-19 09:24:42
1658222685461017000,652.0,4,651.0,4,653.0,8,2,2022-07-19 09:24:45
1658222689468219000,652.0,1,652.0,1,653.0,13,2,2022-07-19 09:24:49
1658222690329750000,652.0,1,651.0,3,652.0,1,2,2022-07-19 09:24:50
1658222691152490000,652.0,1,651.0,3,653.0,12,1,2022-07-19 09:24:51
1658222694317312000,652.0,1,651.0,3,653.0,14,2,2022-07-19 09:24:54
1658222694350034000,651.0,3,650.0,7,653.0,14,2,2022-07-19 09:24:54
1658222696238460000,652.0,1,650.0,9,652.0,3,1,2022-07-19 09:24:56
1658222703260868000,651.0,1,650.0,7,651.0,6,1,2022-07-19 09:25:03
1658222712720787000,650.0,1,650.0,7,651.0,7,2,2022-07-19 09:25:12
1658222715434980000,650.0,1,650.0,6,651.0,8,2,2022-07-19 09:25:15
1658222720961842000,651.0,1,650.0,7,651.0,8,1,2022-07-19 09:25:20
1658222722161721000,651.0,2,650.0,7,651.0,7,1,2022-07-19 09:25:22
1658222732367482000,651.0,1,650.0,7,651.0,5,1,2022-07-19 09:25:32
1658222733459957000,651.0,1,650.0,7,651.0,4,1,2022-07-19 09:25:33
1658222733805381000,651.0,1,650.0,7,651.0,3,1,2022-07-19 09:25:33
1658222733840687000,651.0,3,650.0,7,652.0,8,1,2022-07-19 09:25:33
1658222740266925000,652.0,1,651.0,7,652.0,6,1,2022-07-19 09:25:40
1658222744127155000,652.0,1,651.0,11,652.0,3,1,2022-07-19 09:25:44
1658222744542610000,652.0,1,651.0,11,652.0,2,1,2022-07-19 09:25:44
1658222745795708000,652.0,1,651.0,12,653.0,13,1,2022-07-19 09:25:45
1658222746440803000,651.0,1,651.0,11,652.0,2,2,2022-07-19 09:25:46
1658222746879161000,652.0,2,651.0,9,653.0,10,1,2022-07-19 09:25:46
1658222749033301000,652.0,1,652.0,1,653.0,10,2,2022-07-19 09:25:49
1658222758125290000,653.0,1,652.0,10,653.0,7,1,2022-07-19 09:25:58
1658222758278614000,652.0,1,652.0,9,653.0,7,2,2022-07-19 09:25:58
1658222766402186000,652.0,1,652.0,12,653.0,8,2,2022-07-19 09:26:06
1658222767068475000,653.0,1,652.0,10,653.0,13,1,2022-07-19 09:26:07
1658222767917167000,652.0,2,652.0,8,653.0,12,2,2022-07-19 09:26:07
1658222773942690000,652.0,1,652.0,7,653.0,12,2,2022-07-19 09:26:13
1658222776421435000,652.0,1,652.0,7,653.0,13,2,2022-07-19 09:26:16
1658222776541820000,652.0,1,652.0,6,653.0,13,2,2022-07-19 09:26:16
1658222778800543000,652.0,1,652.0,6,653.0,14,2,2022-07-19 09:26:18
1658222784720470000,652.0,1,652.0,8,653.0,16,2,2022-07-19 09:26:24
1658222787047994000,652.0,1,652.0,8,653.0,16,2,2022-07-19 09:26:27
1658222787388089000,652.0,1,652.0,7,653.0,16,2,2022-07-19 09:26:27
1658222787992803000,652.0,1,652.0,8,653.0,16,2,2022-07-19 09:26:27
1658222789888744000,652.0,1,652.0,6,653.0,16,2,2022-07-19 09:26:29
1658222791401459000,652.0,1,652.0,5,653.0,15,2,2022-07-19 09:26:31
1658222794819436000,652.0,1,652.0,4,653.0,15,2,2022-07-19 09:26:34
1658222795145121000,653.0,1,652.0,4,653.0,14,1,2022-07-19 09:26:35
1658222799136548000,652.0,1,652.0,3,653.0,14,2,2022-07-19 09:26:39
1658222810805869000,652.0,1,652.0,9,653.0,15,2,2022-07-19 09:26:50
1658222815497844000,652.0,1,652.0,8,653.0,17,2,2022-07-19 09:26:55
1658222816272525000,652.0,1,652.0,7,653.0,17,2,2022-07-19 09:26:56
1658222818213514000,652.0,1,652.0,6,653.0,17,2,2022-07-19 09:26:58
1658222818241907000,652.0,6,651.0,11,653.0,17,2,2022-07-19 09:26:58
1658222831196858000,652.0,1,651.0,11,652.0,7,1,2022-07-19 09:27:11
1658222838927513000,652.0,1,651.0,11,652.0,8,1,2022-07-19 09:27:18
1658222849907141000,652.0,1,651.0,11,652.0,7,1,2022-07-19 09:27:29
1658222855407491000,652.0,1,651.0,11,652.0,8,1,2022-07-19 09:27:35
1658222858134525000,651.0,5,651.0,6,652.0,9,2,2022-07-19 09:27:38
1658222862278530000,651.0,1,651.0,4,652.0,10,2,2022-07-19 09:27:42
1658222863830766000,651.0,1,651.0,3,652.0,11,2,2022-07-19 09:27:43
1658222864650396000,651.0,1,651.0,2,652.0,11,2,2022-07-19 09:27:44
1658222865167460000,651.0,1,651.0,1,652.0,10,2,2022-07-19 09:27:45
1658222865201922000,651.0,1,650.0,23,652.0,10,2,2022-07-19 09:27:45
1658222866490683000,652.0,1,650.0,23,652.0,10,1,2022-07-19 09:27:46
1658222868704091000,651.0,1,650.0,27,651.0,1,1,2022-07-19 09:27:48
1658222876634321000,651.0,1,651.0,8,652.0,8,2,2022-07-19 09:27:56
1658222880231939000,651.0,1,651.0,8,652.0,7,2,2022-07-19 09:28:00
1658222880336418000,651.0,5,651.0,3,652.0,7,2,2022-07-19 09:28:00
1658222884456607000,651.0,1,650.0,20,652.0,7,2,2022-07-19 09:28:04
1658222888410136000,651.0,1,650.0,19,652.0,17,1,2022-07-19 09:28:08
1658222907710661000,651.0,1,651.0,1,652.0,18,2,2022-07-19 09:28:27
1658222942787573000,651.0,1,650.0,18,651.0,6,1,2022-07-19 09:29:02
1658222943931891000,651.0,1,650.0,18,651.0,5,1,2022-07-19 09:29:03
1658222947453945000,651.0,1,650.0,18,651.0,4,1,2022-07-19 09:29:07
1658222948354009000,651.0,1,650.0,18,651.0,3,1,2022-07-19 09:29:08
1658222949675151000,651.0,1,650.0,18,651.0,2,1,2022-07-19 09:29:09
1658222949997034000,651.0,1,650.0,18,651.0,1,1,2022-07-19 09:29:09
1658222950033618000,651.0,1,650.0,18,652.0,16,1,2022-07-19 09:29:10
1658222953323342000,652.0,4,651.0,7,652.0,12,1,2022-07-19 09:29:13
1658222953349742000,652.0,12,651.0,7,653.0,16,1,2022-07-19 09:29:13
1658222953520708000,653.0,4,652.0,1,653.0,12,1,2022-07-19 09:29:13
1658222953553910000,653.0,12,652.0,1,654.0,15,1,2022-07-19 09:29:13
1658222956001376000,654.0,1,653.0,1,654.0,14,1,2022-07-19 09:29:16
1658222959021376000,654.0,1,653.0,1,654.0,11,1,2022-07-19 09:29:19
1658222959968560000,654.0,1,653.0,1,654.0,10,1,2022-07-19 09:29:19
1658222960336829000,654.0,10,653.0,1,655.0,39,1,2022-07-19 09:29:20
1658222962593806000,655.0,1,654.0,3,655.0,38,1,2022-07-19 09:29:22
1658222963292501000,655.0,11,654.0,4,655.0,27,1,2022-07-19 09:29:23
1658222965024431000,655.0,1,654.0,6,655.0,26,1,2022-07-19 09:29:25
1658222965652136000,655.0,1,654.0,7,655.0,25,1,2022-07-19 09:29:25
1658222965935322000,655.0,1,654.0,7,655.0,24,1,2022-07-19 09:29:25
1658222966752966000,655.0,1,654.0,10,655.0,23,1,2022-07-19 09:29:26
1658222966808220000,655.0,1,654.0,10,655.0,22,1,2022-07-19 09:29:26
1658222966876305000,655.0,1,654.0,10,655.0,24,1,2022-07-19 09:29:26
1658222966907393000,655.0,1,654.0,10,655.0,20,1,2022-07-19 09:29:26
1658222966909111000,655.0,2,654.0,10,655.0,18,1,2022-07-19 09:29:26
1658222967114315000,655.0,1,654.0,10,655.0,17,1,2022-07-19 09:29:27
1658222967152160000,655.0,4,654.0,10,655.0,13,1,2022-07-19 09:29:27
1658222967425468000,655.0,1,654.0,9,655.0,12,1,2022-07-19 09:29:27
1658222967460238000,655.0,2,654.0,9,655.0,10,1,2022-07-19 09:29:27
1658222967834802000,655.0,1,654.0,10,655.0,9,1,2022-07-19 09:29:27
1658222967862666000,655.0,1,654.0,10,655.0,10,1,2022-07-19 09:29:27
1658222968234451000,655.0,1,654.0,10,655.0,7,1,2022-07-19 09:29:28
1658222968336053000,655.0,1,654.0,10,655.0,6,1,2022-07-19 09:29:28
1658222968365159000,655.0,1,654.0,10,655.0,8,1,2022-07-19 09:29:28
1658222968767548000,655.0,1,654.0,11,655.0,5,1,2022-07-19 09:29:28
1658222969225761000,655.0,1,654.0,11,655.0,3,1,2022-07-19 09:29:29
1658222969314523000,655.0,1,654.0,11,655.0,4,1,2022-07-19 09:29:29
1658222969558313000,655.0,1,654.0,11,655.0,1,1,2022-07-19 09:29:29
1658222969591247000,655.0,1,654.0,11,656.0,29,1,2022-07-19 09:29:29
1658222970524476000,656.0,1,655.0,6,656.0,28,1,2022-07-19 09:29:30
1658222972177658000,655.0,1,655.0,8,656.0,28,2,2022-07-19 09:29:32
1658222973991502000,656.0,2,655.0,14,656.0,27,1,2022-07-19 09:29:33
1658222974359339000,656.0,1,655.0,14,656.0,26,1,2022-07-19 09:29:34
1658222974473468000,656.0,1,655.0,14,656.0,25,1,2022-07-19 09:29:34
1658222976228795000,656.0,2,655.0,12,656.0,21,1,2022-07-19 09:29:36
1658222977207108000,655.0,2,655.0,10,656.0,17,2,2022-07-19 09:29:37
1658222977501707000,656.0,1,655.0,11,656.0,16,1,2022-07-19 09:29:37
1658222977988153000,656.0,1,655.0,11,656.0,14,1,2022-07-19 09:29:37
1658222978156511000,656.0,1,655.0,11,656.0,15,1,2022-07-19 09:29:38
1658222978513456000,656.0,2,655.0,11,656.0,11,1,2022-07-19 09:29:38
1658222978623422000,656.0,1,655.0,11,656.0,10,1,2022-07-19 09:29:38
1658222978664688000,656.0,4,655.0,11,656.0,6,1,2022-07-19 09:29:38
1658222979254581000,656.0,1,655.0,11,656.0,9,1,2022-07-19 09:29:39
1658222979425470000,656.0,1,655.0,11,656.0,7,1,2022-07-19 09:29:39
1658222979441142000,656.0,1,655.0,11,656.0,6,1,2022-07-19 09:29:39
1658222979765868000,656.0,1,655.0,11,656.0,6,1,2022-07-19 09:29:39
1658222980015023000,656.0,1,655.0,11,656.0,4,1,2022-07-19 09:29:40
1658222980259258000,656.0,1,655.0,11,656.0,3,1,2022-07-19 09:29:40
1658222980924039000,656.0,1,655.0,12,656.0,2,1,2022-07-19 09:29:40
1658222981234838000,656.0,1,655.0,11,656.0,3,1,2022-07-19 09:29:41
1658222981285991000,656.0,2,655.0,11,656.0,1,1,2022-07-19 09:29:41
1658222981386562000,656.0,1,655.0,11,656.0,4,1,2022-07-19 09:29:41
1658222981738622000,656.0,1,655.0,12,656.0,1,1,2022-07-19 09:29:41
1658222982198732000,656.0,1,655.0,13,657.0,19,2,2022-07-19 09:29:42
1658222982365706000,656.0,1,655.0,13,657.0,19,2,2022-07-19 09:29:42
1658222982527554000,656.0,1,655.0,13,657.0,19,2,2022-07-19 09:29:42
1658222982527617000,655.0,13,654.0,8,657.0,19,2,2022-07-19 09:29:42
1658222982650427000,656.0,1,654.0,8,656.0,4,1,2022-07-19 09:29:42
1658222982670832000,656.0,1,654.0,8,656.0,3,1,2022-07-19 09:29:42
1658222982695399000,656.0,1,654.0,8,656.0,2,1,2022-07-19 09:29:42
1658222982754970000,656.0,1,654.0,8,656.0,3,1,2022-07-19 09:29:42
1658222982814274000,656.0,1,654.0,8,656.0,2,1,2022-07-19 09:29:42
1658222983060420000,656.0,2,654.0,8,657.0,18,2,2022-07-19 09:29:43
1658222983711069000,656.0,1,654.0,8,656.0,7,1,2022-07-19 09:29:43
1658222984307947000,656.0,5,654.0,9,656.0,4,1,2022-07-19 09:29:44
1658222985536880000,656.0,1,655.0,1,656.0,5,1,2022-07-19 09:29:45
1658222986266955000,656.0,1,655.0,1,656.0,2,1,2022-07-19 09:29:46
1658222987003200000,656.0,1,655.0,1,656.0,2,1,2022-07-19 09:29:47
1658222987727035000,656.0,1,655.0,2,656.0,2,1,2022-07-19 09:29:47
1658222988020114000,656.0,1,655.0,3,656.0,3,1,2022-07-19 09:29:48
1658222988077469000,656.0,1,655.0,4,656.0,2,1,2022-07-19 09:29:48
1658222988354137000,656.0,1,655.0,4,656.0,3,1,2022-07-19 09:29:48
1658222988975297000,656.0,1,655.0,4,656.0,1,1,2022-07-19 09:29:48
1658222989222685000,656.0,1,655.0,4,657.0,15,1,2022-07-19 09:29:49
1658222989375407000,656.0,1,656.0,1,657.0,13,2,2022-07-19 09:29:49
1658222989659966000,656.0,1,655.0,8,657.0,12,1,2022-07-19 09:29:49
1658222989833891000,656.0,1,656.0,1,657.0,12,1,2022-07-19 09:29:49
1658222989903225000,657.0,1,655.0,8,656.0,1,1,2022-07-19 09:29:49
1658222991093089000,656.0,1,656.0,4,657.0,12,2,2022-07-19 09:29:51
1658222991100390000,656.0,4,655.0,8,657.0,12,2,2022-07-19 09:29:51
1658222992155574000,657.0,1,656.0,10,657.0,11,1,2022-07-19 09:29:52
1658222993296001000,657.0,1,656.0,15,657.0,9,1,2022-07-19 09:29:53
1658222994293493000,657.0,1,656.0,17,657.0,10,1,2022-07-19 09:29:54
1658222994545915000,657.0,1,656.0,17,657.0,8,1,2022-07-19 09:29:54
1658222995197610000,657.0,1,656.0,17,657.0,7,1,2022-07-19 09:29:55
1658222995487820000,657.0,1,656.0,17,657.0,6,1,2022-07-19 09:29:55
1658222995778895000,657.0,1,656.0,19,657.0,6,1,2022-07-19 09:29:55
1658222995958346000,656.0,1,656.0,18,657.0,5,2,2022-07-19 09:29:55
1658222995974823000,657.0,1,656.0,18,657.0,4,1,2022-07-19 09:29:55
1658222996077848000,657.0,1,656.0,18,657.0,4,1,2022-07-19 09:29:56
1658222996080617000,657.0,1,656.0,18,657.0,3,1,2022-07-19 09:29:56
1658222997177082000,657.0,1,656.0,19,657.0,6,1,2022-07-19 09:29:57
1658222997406815000,657.0,1,656.0,18,657.0,7,1,2022-07-19 09:29:57
1658222997684141000,657.0,1,656.0,18,657.0,6,1,2022-07-19 09:29:57
1658222997781767000,657.0,1,656.0,18,657.0,5,1,2022-07-19 09:29:57
1658222997837724000,657.0,1,656.0,18,657.0,7,1,2022-07-19 09:29:57
1658222998053367000,657.0,2,656.0,19,657.0,2,1,2022-07-19 09:29:58
1658222998633803000,657.0,1,656.0,20,657.0,1,1,2022-07-19 09:29:58
1658222998965208000,657.0,1,656.0,21,658.0,13,1,2022-07-19 09:29:58
1658223000875281000,657.0,5,657.0,5,658.0,12,2,2022-07-19 09:30:00
1658223001619197000,657.0,1,657.0,1,658.0,13,2,2022-07-19 09:30:01
1658223001766798000,657.0,1,656.0,23,658.0,13,2,2022-07-19 09:30:01
1658223001869867000,657.0,1,656.0,23,658.0,15,2,2022-07-19 09:30:01
1658223001900823000,658.0,2,657.0,1,658.0,15,1,2022-07-19 09:30:01
1658223002886811000,658.0,1,657.0,4,658.0,10,1,2022-07-19 09:30:02
1658223004431164000,657.0,1,657.0,3,658.0,9,2,2022-07-19 09:30:04
1658223004573228000,657.0,1,657.0,2,658.0,9,2,2022-07-19 09:30:04
1658223004599211000,658.0,1,657.0,2,658.0,8,1,2022-07-19 09:30:04
1658223005084649000,658.0,8,658.0,2,659.0,20,1,2022-07-19 09:30:05
1658223006094725000,658.0,1,658.0,1,659.0,20,2,2022-07-19 09:30:06
1658223006721314000,658.0,1,658.0,6,659.0,20,2,2022-07-19 09:30:06
1658223008060503000,658.0,1,658.0,5,659.0,19,2,2022-07-19 09:30:08
1658223008198736000,659.0,1,658.0,5,659.0,18,1,2022-07-19 09:30:08
1658223008223198000,658.0,3,658.0,2,659.0,18,2,2022-07-19 09:30:08
1658223008457590000,658.0,2,658.0,2,659.0,18,2,2022-07-19 09:30:08
1658223008676905000,658.0,2,658.0,6,659.0,18,2,2022-07-19 09:30:08
1658223009359694000,658.0,3,658.0,5,659.0,18,2,2022-07-19 09:30:09
1658223009464431000,658.0,1,658.0,1,659.0,18,2,2022-07-19 09:30:09
1658223009701350000,658.0,1,657.0,7,659.0,18,2,2022-07-19 09:30:09
1658223009833958000,658.0,1,658.0,1,659.0,18,2,2022-07-19 09:30:09
1658223010620610000,658.0,1,657.0,7,658.0,3,1,2022-07-19 09:30:10
1658223010722547000,658.0,1,657.0,7,658.0,3,1,2022-07-19 09:30:10
1658223011643031000,657.0,8,656.0,24,658.0,9,2,2022-07-19 09:30:11
1658223011801994000,658.0,1,657.0,1,658.0,12,1,2022-07-19 09:30:11
1658223011824250000,657.0,1,657.0,1,658.0,13,2,2022-07-19 09:30:11
1658223012081885000,657.0,1,657.0,1,658.0,12,2,2022-07-19 09:30:12
1658223012513328000,657.0,1,657.0,1,658.0,12,2,2022-07-19 09:30:12
1658223015439992000,657.0,1,656.0,23,657.0,2,1,2022-07-19 09:30:15
1658223016153698000,657.0,1,656.0,23,657.0,1,1,2022-07-19 09:30:16
1658223016385089000,657.0,1,656.0,23,658.0,17,1,2022-07-19 09:30:16
1658223017044796000,656.0,1,656.0,22,658.0,16,2,2022-07-19 09:30:17
1658223019619557000,657.0,1,656.0,22,657.0,7,1,2022-07-19 09:30:19
1658223020244896000,657.0,1,656.0,22,657.0,6,1,2022-07-19 09:30:20
1658223022241131000,657.0,1,656.0,26,657.0,5,1,2022-07-19 09:30:22
1658223023992261000,657.0,1,656.0,26,657.0,7,1,2022-07-19 09:30:23
1658223024263190000,657.0,1,656.0,25,657.0,6,1,2022-07-19 09:30:24
1658223024457806000,656.0,1,656.0,24,657.0,7,2,2022-07-19 09:30:24
1658223024651442000,656.0,18,655.0,9,657.0,7,2,2022-07-19 09:30:24
1658223025413456000,657.0,1,655.0,8,657.0,10,1,2022-07-19 09:30:25
1658223026710225000,656.0,1,655.0,10,657.0,11,1,2022-07-19 09:30:26
1658223026719478000,657.0,1,655.0,10,656.0,1,1,2022-07-19 09:30:26
1658223027460490000,655.0,1,655.0,9,657.0,10,2,2022-07-19 09:30:27
1658223029695285000,656.0,1,655.0,11,656.0,9,1,2022-07-19 09:30:29
1658223032388785000,655.0,10,655.0,1,656.0,10,2,2022-07-19 09:30:32
1658223032429305000,655.0,1,654.0,5,656.0,10,2,2022-07-19 09:30:32
1658223034040875000,655.0,1,654.0,4,656.0,11,1,2022-07-19 09:30:34
1658223035274118000,655.0,1,654.0,4,656.0,11,2,2022-07-19 09:30:35
1658223036342616000,655.0,1,654.0,4,656.0,11,1,2022-07-19 09:30:36
1658223038722402000,655.0,1,654.0,4,655.0,2,1,2022-07-19 09:30:38
1658223038925304000,655.0,1,654.0,4,655.0,2,1,2022-07-19 09:30:38
1658223039574234000,655.0,1,654.0,4,655.0,7,1,2022-07-19 09:30:39
1658223049460789000,655.0,1,654.0,4,655.0,11,1,2022-07-19 09:30:49
1658223052514019000,655.0,1,654.0,4,655.0,10,1,2022-07-19 09:30:52
1658223065739869000,655.0,2,654.0,7,655.0,10,1,2022-07-19 09:31:05
1658223066439477000,654.0,1,654.0,6,655.0,10,2,2022-07-19 09:31:06
1658223067931557000,655.0,1,654.0,6,655.0,9,1,2022-07-19 09:31:07
1658223068156473000,655.0,1,654.0,6,655.0,8,1,2022-07-19 09:31:08
1658223068896589000,654.0,1,654.0,5,655.0,7,2,2022-07-19 09:31:08
1658223069622216000,655.0,1,654.0,5,655.0,6,1,2022-07-19 09:31:09
1658223073812545000,655.0,1,654.0,8,655.0,5,1,2022-07-19 09:31:13
1658223076798673000,655.0,1,654.0,9,655.0,4,1,2022-07-19 09:31:16
1658223079218840000,655.0,1,654.0,9,655.0,3,1,2022-07-19 09:31:19
1658223087186599000,654.0,1,654.0,10,655.0,5,2,2022-07-19 09:31:27
1658223094184534000,654.0,1,654.0,8,655.0,6,2,2022-07-19 09:31:34
1658223094316317000,654.0,6,654.0,2,655.0,6,2,2022-07-19 09:31:34
1658223094349174000,654.0,2,653.0,5,655.0,6,2,2022-07-19 09:31:34
1658223096227641000,654.0,1,653.0,5,654.0,2,1,2022-07-19 09:31:36
1658223096601208000,654.0,1,653.0,5,654.0,1,1,2022-07-19 09:31:36
1658223104609755000,654.0,1,653.0,6,654.0,6,1,2022-07-19 09:31:44
1658223107150789000,654.0,1,653.0,4,654.0,5,1,2022-07-19 09:31:47
1658223108578601000,654.0,1,653.0,4,654.0,5,1,2022-07-19 09:31:48
1658223108765108000,654.0,3,653.0,4,654.0,2,1,2022-07-19 09:31:48
1658223110640709000,653.0,1,653.0,3,654.0,3,2,2022-07-19 09:31:50
1658223111259340000,654.0,1,653.0,3,654.0,2,1,2022-07-19 09:31:51
1658223115324617000,654.0,1,653.0,4,654.0,4,1,2022-07-19 09:31:55
1658223121506223000,653.0,1,653.0,4,654.0,4,2,2022-07-19 09:32:01
1658223129189076000,653.0,1,653.0,3,654.0,5,2,2022-07-19 09:32:09
1658223129269745000,653.0,1,653.0,2,654.0,5,2,2022-07-19 09:32:09
1658223129740342000,653.0,1,653.0,1,654.0,5,2,2022-07-19 09:32:09
1658223129878091000,653.0,1,652.0,9,654.0,5,2,2022-07-19 09:32:09
1658223137984904000,654.0,1,653.0,5,654.0,4,1,2022-07-19 09:32:17
1658223138026137000,653.0,1,653.0,4,654.0,4,2,2022-07-19 09:32:18
1658223140045053000,653.0,1,653.0,3,654.0,4,2,2022-07-19 09:32:20
1658223151252140000,654.0,1,653.0,5,654.0,3,1,2022-07-19 09:32:31
1658223154196839000,654.0,1,653.0,5,654.0,2,1,2022-07-19 09:32:34
1658223156105680000,654.0,3,653.0,5,655.0,5,1,2022-07-19 09:32:36
1658223170496611000,655.0,1,654.0,6,655.0,3,1,2022-07-19 09:32:50
1658223186645003000,655.0,1,654.0,8,655.0,4,1,2022-07-19 09:33:06
1658223187475987000,655.0,1,654.0,8,655.0,3,1,2022-07-19 09:33:07
1658223187694146000,655.0,3,655.0,1,656.0,9,1,2022-07-19 09:33:07
1658223187847188000,655.0,1,654.0,8,656.0,9,2,2022-07-19 09:33:07
1658223189125746000,656.0,1,654.0,9,656.0,8,1,2022-07-19 09:33:09
1658223192035308000,656.0,1,655.0,3,656.0,7,1,2022-07-19 09:33:12
1658223194639834000,656.0,1,655.0,9,656.0,6,1,2022-07-19 09:33:14
1658223196891470000,656.0,1,655.0,9,656.0,5,1,2022-07-19 09:33:16
1658223198041930000,656.0,1,655.0,10,656.0,4,1,2022-07-19 09:33:18
1658223198338388000,656.0,2,655.0,10,656.0,2,1,2022-07-19 09:33:18
1658223199542033000,656.0,1,655.0,10,656.0,2,1,2022-07-19 09:33:19
1658223199746702000,656.0,1,655.0,10,656.0,1,1,2022-07-19 09:33:19
1658223200284953000,656.0,1,655.0,10,657.0,11,1,2022-07-19 09:33:20
1658223201827872000,657.0,1,656.0,7,657.0,10,1,2022-07-19 09:33:21
1658223205354601000,657.0,1,656.0,12,657.0,8,1,2022-07-19 09:33:25
1658223207306181000,657.0,1,656.0,12,657.0,6,1,2022-07-19 09:33:27
1658223209074942000,657.0,1,656.0,14,657.0,5,1,2022-07-19 09:33:29
1658223210827759000,657.0,1,656.0,16,657.0,4,1,2022-07-19 09:33:30
1658223212145335000,657.0,1,656.0,16,657.0,3,1,2022-07-19 09:33:32
1658223212997373000,657.0,2,656.0,15,657.0,1,1,2022-07-19 09:33:32
1658223213378016000,657.0,1,657.0,4,658.0,15,1,2022-07-19 09:33:33
1658223213558607000,657.0,2,657.0,2,658.0,14,2,2022-07-19 09:33:33
1658223215026819000,657.0,1,657.0,2,658.0,14,2,2022-07-19 09:33:35
1658223218585375000,657.0,1,657.0,3,658.0,14,2,2022-07-19 09:33:38
1658223220780866000,657.0,1,657.0,5,658.0,15,2,2022-07-19 09:33:40
1658223221020928000,657.0,1,657.0,3,658.0,15,2,2022-07-19 09:33:41
1658223223399584000,658.0,1,657.0,6,658.0,14,1,2022-07-19 09:33:43
1658223223549696000,657.0,1,657.0,5,658.0,14,2,2022-07-19 09:33:43
1658223223581005000,657.0,1,657.0,6,658.0,14,2,2022-07-19 09:33:43
1658223226545247000,657.0,1,657.0,4,658.0,14,2,2022-07-19 09:33:46
1658223227265755000,657.0,1,657.0,3,658.0,14,2,2022-07-19 09:33:47
1658223229881874000,657.0,1,657.0,3,658.0,16,2,2022-07-19 09:33:49
1658223231376275000,657.0,1,657.0,2,658.0,16,2,2022-07-19 09:33:51
1658223231766591000,657.0,1,657.0,1,658.0,16,2,2022-07-19 09:33:51
1658223232567925000,657.0,1,656.0,12,657.0,4,2,2022-07-19 09:33:52
1658223234444516000,657.0,1,656.0,12,657.0,8,1,2022-07-19 09:33:54
1658223236092152000,657.0,1,656.0,12,657.0,11,1,2022-07-19 09:33:56
1658223251051187000,656.0,1,656.0,11,657.0,13,2,2022-07-19 09:34:11
1658223251939491000,657.0,1,656.0,11,657.0,12,1,2022-07-19 09:34:11
1658223253087018000,656.0,2,656.0,9,657.0,12,2,2022-07-19 09:34:13
1658223253173433000,657.0,2,656.0,9,657.0,10,1,2022-07-19 09:34:13
1658223256421892000,656.0,1,656.0,8,657.0,11,2,2022-07-19 09:34:16
1658223258709198000,656.0,1,656.0,7,657.0,16,2,2022-07-19 09:34:18
1658223258737884000,656.0,5,656.0,2,657.0,16,2,2022-07-19 09:34:18
1658223258817223000,656.0,2,656.0,2,657.0,18,2,2022-07-19 09:34:18
1658223262791167000,656.0,1,655.0,13,656.0,10,1,2022-07-19 09:34:22
1658223263597051000,656.0,2,655.0,12,656.0,7,1,2022-07-19 09:34:23
1658223264741418000,656.0,1,655.0,12,656.0,6,1,2022-07-19 09:34:24
1658223266777880000,656.0,1,655.0,12,656.0,5,1,2022-07-19 09:34:26
1658223270214805000,656.0,1,655.0,12,656.0,6,1,2022-07-19 09:34:30
1658223270723870000,656.0,1,655.0,12,656.0,5,1,2022-07-19 09:34:30
1658223276516223000,656.0,1,655.0,12,656.0,5,1,2022-07-19 09:34:36
1658223276538320000,656.0,1,655.0,12,656.0,4,1,2022-07-19 09:34:36
1658223279776914000,656.0,1,655.0,13,656.0,3,1,2022-07-19 09:34:39
1658223281399356000,656.0,1,655.0,13,656.0,5,1,2022-07-19 09:34:41
1658223286443293000,655.0,1,655.0,13,656.0,8,2,2022-07-19 09:34:46
1658223298428033000,656.0,1,655.0,14,656.0,10,1,2022-07-19 09:34:58
1658223298756006000,655.0,1,655.0,13,656.0,10,2,2022-07-19 09:34:58
1658223299133821000,655.0,1,655.0,12,656.0,10,2,2022-07-19 09:34:59
1658223299175012000,655.0,1,655.0,11,656.0,10,2,2022-07-19 09:34:59
1658223299200290000,655.0,6,655.0,5,656.0,10,2,2022-07-19 09:34:59
1658223299227890000,655.0,5,654.0,10,656.0,10,2,2022-07-19 09:34:59
1658223300649208000,655.0,1,654.0,9,656.0,11,2,2022-07-19 09:35:00
1658223304800708000,655.0,1,654.0,8,655.0,5,1,2022-07-19 09:35:04
1658223307716490000,654.0,5,654.0,2,655.0,5,2,2022-07-19 09:35:07
1658223307753874000,654.0,1,654.0,2,655.0,6,2,2022-07-19 09:35:07
1658223309497346000,654.0,1,653.0,15,655.0,7,2,2022-07-19 09:35:09
