ts,close,volume,bid_price,bid_volume,ask_price,ask_volume,tick_type,datetime
1645088404330293000,47.85,969,47.8,105,47.85,31,2,2022-02-17 09:00:04
1645088404390021000,47.85,1,47.8,105,47.85,30,1,2022-02-17 09:00:04
1645088404424150000,47.85,1,47.8,105,47.85,29,1,2022-02-17 09:00:04
1645088404485633000,47.85,1,47.8,105,47.85,28,1,2022-02-17 09:00:04
1645088404526171000,47.85,1,47.8,105,47.85,27,1,2022-02-17 09:00:04
1645088404724122000,47.85,1,47.8,105,47.85,26,1,2022-02-17 09:00:04
1645088404726330000,47.85,1,47.8,105,47.85,25,1,2022-02-17 09:00:04
1645088404860552000,47.8,20,47.8,85,47.85,25,2,2022-02-17 09:00:04
1645088404981158000,47.8,6,47.8,79,47.85,25,2,2022-02-17 09:00:04
1645088405347210000,47.85,15,47.8,79,47.85,10,1,2022-02-17 09:00:05
1645088405356512000,47.85,2,47.8,79,47.85,8,1,2022-02-17 09:00:05
1645088405371551000,47.85,4,47.8,79,47.85,4,1,2022-02-17 09:00:05
1645088405609211000,47.85,4,47.85,17,47.9,22,1,2022-02-17 09:00:05
1645088405677676000,47.9,1,47.85,17,47.9,21,1,2022-02-17 09:00:05
1645088405732605000,47.9,1,47.85,17,47.9,20,1,2022-02-17 09:00:05
1645088405877792000,47.85,17,47.8,44,47.9,20,2,2022-02-17 09:00:05
1645088405877792000,47.8,35,47.8,44,47.9,20,2,2022-02-17 09:00:05
1645088405911639000,47.8,44,47.65,14,47.7,7,2,2022-02-17 09:00:05
1645088405911639000,47.75,17,47.65,14,47.7,7,2,2022-02-17 09:00:05
1645088405911639000,47.7,36,47.65,14,47.7,7,2,2022-02-17 09:00:05
1645088405938864000,47.7,7,47.65,14,47.9,20,1,2022-02-17 09:00:05
1645088405946148000,47.9,2,47.65,14,47.9,18,1,2022-02-17 09:00:05
1645088406397267000,47.7,4,47.65,8,47.85,4,2,2022-02-17 09:00:06
1645088406397267000,47.65,6,47.65,8,47.85,4,2,2022-02-17 09:00:06
1645088406554322000,47.85,1,47.65,8,47.85,3,1,2022-02-17 09:00:06
1645088406662689000,47.85,1,47.65,8,47.85,2,1,2022-02-17 09:00:06
1645088406930089000,47.8,1,47.65,8,47.8,1,1,2022-02-17 09:00:06
1645088407242537000,47.8,1,47.65,8,47.85,4,1,2022-02-17 09:00:07
1645088407446577000,47.85,4,47.65,8,47.85,2,1,2022-02-17 09:00:07
1645088407456825000,47.65,5,47.65,3,47.85,2,2,2022-02-17 09:00:07
1645088407488509000,47.85,2,47.65,3,47.9,18,1,2022-02-17 09:00:07
1645088407499678000,47.65,3,47.6,55,47.9,18,2,2022-02-17 09:00:07
1645088407730482000,47.7,1,47.7,2,47.85,3,2,2022-02-17 09:00:07
1645088408638420000,47.85,1,47.75,2,47.85,2,1,2022-02-17 09:00:08
1645088408700574000,47.85,1,47.75,2,47.85,1,1,2022-02-17 09:00:08
1645088408963846000,47.85,1,47.75,2,47.9,18,1,2022-02-17 09:00:08
1645088409334170000,47.8,2,47.75,2,47.9,18,2,2022-02-17 09:00:09
1645088409437147000,47.75,1,47.75,1,47.9,18,2,2022-02-17 09:00:09
1645088409607050000,47.75,1,47.7,4,47.9,18,2,2022-02-17 09:00:09
1645088410384786000,47.85,1,47.75,2,47.9,21,2,2022-02-17 09:00:10
1645088410572994000,47.9,2,47.75,2,47.9,19,1,2022-02-17 09:00:10
1645088410580652000,47.9,11,47.75,2,47.9,8,1,2022-02-17 09:00:10
1645088411058823000,47.9,1,47.8,2,47.9,7,1,2022-02-17 09:00:11
1645088411142559000,47.9,5,47.8,2,47.9,2,1,2022-02-17 09:00:11
1645088411509724000,47.8,1,47.8,1,47.9,2,2,2022-02-17 09:00:11
1645088411595976000,47.8,1,47.75,3,47.9,2,2,2022-02-17 09:00:11
1645088413031569000,47.85,1,47.85,6,47.9,2,2,2022-02-17 09:00:13
1645088413255920000,47.85,1,47.85,5,47.9,2,2,2022-02-17 09:00:13
1645088413443874000,47.85,1,47.85,4,47.9,2,2,2022-02-17 09:00:13
1645088413883295000,47.85,1,47.85,3,47.9,2,2,2022-02-17 09:00:13
1645088413910805000,47.9,2,47.9,3,47.95,59,1,2022-02-17 09:00:13
1645088413944710000,47.9,3,47.85,4,47.95,59,2,2022-02-17 09:00:13
1645088414265756000,47.9,1,47.85,4,47.95,58,1,2022-02-17 09:00:14
1645088414522703000,47.85,2,47.85,2,47.95,58,2,2022-02-17 09:00:14
1645088414691020000,47.9,7,47.9,3,47.95,58,1,2022-02-17 09:00:14
1645088414802421000,47.9,1,47.9,2,47.95,58,2,2022-02-17 09:00:14
1645088415004916000,47.9,1,47.9,1,47.95,58,2,2022-02-17 09:00:15
1645088415868825000,47.9,1,47.9,3,47.95,58,2,2022-02-17 09:00:15
1645088415915889000,47.95,2,47.9,3,47.95,56,1,2022-02-17 09:00:15
1645088416073059000,47.95,3,47.9,11,47.95,53,1,2022-02-17 09:00:16
1645088416107309000,47.95,23,47.9,11,47.95,30,1,2022-02-17 09:00:16
1645088416257168000,47.95,10,47.9,11,47.95,20,1,2022-02-17 09:00:16
1645088416627399000,47.95,3,47.9,12,47.95,18,1,2022-02-17 09:00:16
1645088416915669000,47.95,1,47.9,12,47.95,17,1,2022-02-17 09:00:16
1645088417116359000,47.95,2,47.9,12,47.95,15,1,2022-02-17 09:00:17
1645088417219042000,47.9,1,47.9,11,47.95,15,2,2022-02-17 09:00:17
1645088417291383000,47.95,2,47.9,11,47.95,13,1,2022-02-17 09:00:17
1645088417376946000,47.95,13,47.95,7,48.0,66,1,2022-02-17 09:00:17
1645088417711357000,48.0,5,47.95,13,48.0,61,1,2022-02-17 09:00:17
1645088417736138000,47.95,1,47.95,12,48.0,61,2,2022-02-17 09:00:17
1645088417780277000,48.0,1,47.95,12,48.0,60,1,2022-02-17 09:00:17
1645088417911841000,47.95,1,47.95,11,48.0,60,2,2022-02-17 09:00:17
1645088418167328000,48.0,3,47.95,12,48.0,57,1,2022-02-17 09:00:18
1645088418447644000,48.0,1,47.95,14,48.0,56,1,2022-02-17 09:00:18
1645088418650526000,47.95,1,47.95,13,48.0,56,2,2022-02-17 09:00:18
1645088418795319000,47.95,1,47.95,14,48.0,56,2,2022-02-17 09:00:18
1645088419011659000,48.0,1,47.95,15,48.0,55,1,2022-02-17 09:00:19
1645088419211673000,48.0,5,47.95,17,48.0,50,1,2022-02-17 09:00:19
1645088419284497000,47.95,1,47.95,16,48.0,50,2,2022-02-17 09:00:19
1645088419414448000,48.0,8,47.95,11,48.0,42,1,2022-02-17 09:00:19
1645088419422382000,47.95,1,47.95,10,48.0,42,2,2022-02-17 09:00:19
1645088419635428000,48.0,5,47.95,9,48.0,37,1,2022-02-17 09:00:19
1645088419787970000,47.95,5,47.95,4,48.0,37,2,2022-02-17 09:00:19
1645088419924900000,48.0,2,47.95,4,48.0,35,1,2022-02-17 09:00:19
1645088419957984000,48.0,6,47.95,4,48.0,29,1,2022-02-17 09:00:19
1645088419968518000,48.0,2,47.95,5,48.0,27,1,2022-02-17 09:00:19
1645088420276040000,48.0,4,47.95,7,48.0,23,1,2022-02-17 09:00:20
1645088420331186000,48.0,2,47.95,7,48.0,21,1,2022-02-17 09:00:20
1645088420669845000,48.0,1,47.95,10,48.0,20,1,2022-02-17 09:00:20
1645088420816323000,48.0,1,47.95,12,48.0,19,1,2022-02-17 09:00:20
1645088420817439000,48.0,1,47.95,12,48.0,18,1,2022-02-17 09:00:20
1645088420845888000,47.95,1,47.95,11,48.0,18,2,2022-02-17 09:00:20
1645088420919881000,48.0,1,47.95,11,48.0,17,1,2022-02-17 09:00:20
1645088421096966000,48.0,1,47.95,11,48.0,16,1,2022-02-17 09:00:21
1645088421490013000,48.0,1,47.95,13,48.0,7,1,2022-02-17 09:00:21
1645088421593188000,48.0,2,47.95,13,48.0,5,1,2022-02-17 09:00:21
1645088421719337000,47.95,1,47.95,12,48.0,5,2,2022-02-17 09:00:21
1645088421859993000,48.0,4,47.95,13,48.0,1,1,2022-02-17 09:00:21
1645088421961428000,48.0,1,47.95,13,48.05,6,1,2022-02-17 09:00:21
1645088422809552000,48.0,1,48.0,15,48.05,11,2,2022-02-17 09:00:22
1645088423005308000,48.05,5,48.0,18,48.05,6,1,2022-02-17 09:00:23
1645088423521830000,48.05,3,48.0,18,48.05,3,1,2022-02-17 09:00:23
1645088423580555000,48.0,1,48.0,18,48.05,3,2,2022-02-17 09:00:23
1645088423738894000,48.05,1,48.0,19,48.05,2,1,2022-02-17 09:00:23
1645088424547403000,48.0,1,48.0,53,48.05,3,2,2022-02-17 09:00:24
1645088424683251000,48.05,1,48.0,53,48.05,2,1,2022-02-17 09:00:24
1645088424683958000,48.05,2,48.0,53,48.1,12,1,2022-02-17 09:00:24
1645088425115189000,48.05,1,48.0,56,48.1,12,1,2022-02-17 09:00:25
1645088425301642000,48.1,1,48.05,5,48.1,11,1,2022-02-17 09:00:25
1645088425345073000,48.1,1,48.05,5,48.1,10,1,2022-02-17 09:00:25
1645088426248154000,48.1,2,48.05,11,48.1,8,1,2022-02-17 09:00:26
1645088426778281000,48.1,2,48.05,16,48.1,6,1,2022-02-17 09:00:26
1645088426786306000,48.1,2,48.05,16,48.1,4,1,2022-02-17 09:00:26
1645088427146246000,48.1,1,48.05,32,48.1,3,1,2022-02-17 09:00:27
1645088428058991000,48.1,1,48.05,35,48.1,2,1,2022-02-17 09:00:28
1645088428124936000,48.1,2,48.1,8,48.15,84,1,2022-02-17 09:00:28
1645088428219195000,48.15,1,48.1,8,48.15,83,1,2022-02-17 09:00:28
1645088428588034000,48.15,50,48.1,8,48.15,33,1,2022-02-17 09:00:28
1645088428614899000,48.1,2,48.1,6,48.15,33,2,2022-02-17 09:00:28
1645088428763285000,48.1,1,48.1,5,48.15,33,2,2022-02-17 09:00:28
1645088428863565000,48.15,1,48.1,5,48.15,32,1,2022-02-17 09:00:28
1645088429077413000,48.15,1,48.1,14,48.15,31,1,2022-02-17 09:00:29
1645088429399137000,48.15,1,48.1,22,48.15,30,1,2022-02-17 09:00:29
1645088429602663000,48.1,2,48.1,20,48.15,30,2,2022-02-17 09:00:29
1645088430127559000,48.1,6,48.1,22,48.15,30,2,2022-02-17 09:00:30
1645088430316140000,48.15,10,48.1,24,48.15,20,1,2022-02-17 09:00:30
1645088430510172000,48.15,1,48.1,24,48.15,19,1,2022-02-17 09:00:30
1645088430575204000,48.15,1,48.1,24,48.15,18,1,2022-02-17 09:00:30
1645088430632963000,48.15,1,48.1,24,48.15,17,1,2022-02-17 09:00:30
1645088430636798000,48.15,1,48.1,24,48.15,16,1,2022-02-17 09:00:30
1645088430950628000,48.15,2,48.1,24,48.15,14,1,2022-02-17 09:00:30
1645088430986740000,48.15,10,48.1,24,48.15,4,1,2022-02-17 09:00:30
1645088431182313000,48.15,3,48.1,25,48.15,1,1,2022-02-17 09:00:31
1645088431219118000,48.15,1,48.1,25,48.2,77,1,2022-02-17 09:00:31
1645088431306309000,48.15,1,48.1,25,48.15,4,1,2022-02-17 09:00:31
1645088431315069000,48.15,3,48.1,25,48.15,1,1,2022-02-17 09:00:31
1645088431332748000,48.15,1,48.1,25,48.2,77,1,2022-02-17 09:00:31
1645088431500139000,48.1,1,48.1,24,48.2,77,2,2022-02-17 09:00:31
1645088431713400000,48.15,2,48.1,24,48.2,77,2,2022-02-17 09:00:31
1645088432588442000,48.2,5,48.15,5,48.2,72,1,2022-02-17 09:00:32
1645088432625722000,48.2,2,48.15,5,48.2,70,1,2022-02-17 09:00:32
1645088432725139000,48.2,2,48.15,5,48.2,68,1,2022-02-17 09:00:32
1645088433135470000,48.2,1,48.15,6,48.2,67,1,2022-02-17 09:00:33
1645088433169561000,48.2,4,48.15,6,48.2,63,1,2022-02-17 09:00:33
1645088433246299000,48.2,1,48.15,6,48.2,62,1,2022-02-17 09:00:33
1645088433653833000,48.15,2,48.15,21,48.2,62,2,2022-02-17 09:00:33
1645088433655368000,48.2,8,48.15,21,48.2,54,1,2022-02-17 09:00:33
1645088433784570000,48.2,5,48.15,22,48.2,49,1,2022-02-17 09:00:33
1645088433995583000,48.2,10,48.15,24,48.2,39,1,2022-02-17 09:00:33
1645088434027058000,48.15,2,48.15,22,48.2,39,2,2022-02-17 09:00:34
1645088434323599000,48.2,2,48.15,22,48.2,37,1,2022-02-17 09:00:34
1645088434344722000,48.2,2,48.15,22,48.2,35,1,2022-02-17 09:00:34
1645088434435188000,48.2,5,48.15,22,48.2,30,1,2022-02-17 09:00:34
1645088434470634000,48.2,1,48.15,22,48.2,29,1,2022-02-17 09:00:34
1645088434647293000,48.2,1,48.15,23,48.2,28,1,2022-02-17 09:00:34
1645088434731766000,48.2,1,48.15,25,48.2,27,1,2022-02-17 09:00:34
1645088434887356000,48.2,1,48.15,26,48.2,26,1,2022-02-17 09:00:34
1645088435230902000,48.15,1,48.15,26,48.2,26,2,2022-02-17 09:00:35
1645088435244992000,48.2,3,48.15,26,48.2,23,1,2022-02-17 09:00:35
1645088435558071000,48.2,1,48.15,29,48.2,22,1,2022-02-17 09:00:35
1645088435749416000,48.2,10,48.15,30,48.2,12,1,2022-02-17 09:00:35
1645088435956781000,48.2,1,48.15,30,48.2,11,1,2022-02-17 09:00:35
1645088435978058000,48.15,1,48.15,29,48.2,11,2,2022-02-17 09:00:35
1645088436043918000,48.2,1,48.15,29,48.2,10,1,2022-02-17 09:00:36
1645088436054844000,48.2,10,48.2,10,48.25,20,1,2022-02-17 09:00:36
1645088436086441000,48.2,10,48.15,29,48.2,23,2,2022-02-17 09:00:36
1645088436124552000,48.2,2,48.15,29,48.2,21,1,2022-02-17 09:00:36
1645088436257428000,48.2,2,48.15,29,48.2,19,1,2022-02-17 09:00:36
1645088436524351000,48.2,1,48.15,14,48.2,18,1,2022-02-17 09:00:36
1645088436543597000,48.2,1,48.15,14,48.2,17,1,2022-02-17 09:00:36
1645088436742908000,48.2,1,48.15,14,48.2,16,1,2022-02-17 09:00:36
1645088436772279000,48.2,10,48.15,14,48.2,6,1,2022-02-17 09:00:36
1645088436993995000,48.2,2,48.15,17,48.2,4,1,2022-02-17 09:00:36
1645088437210987000,48.2,1,48.15,17,48.2,3,1,2022-02-17 09:00:37
1645088437246270000,48.15,2,48.15,15,48.2,3,2,2022-02-17 09:00:37
1645088437252566000,48.15,2,48.15,13,48.2,3,2,2022-02-17 09:00:37
1645088437273319000,48.15,1,48.15,12,48.2,7,2,2022-02-17 09:00:37
1645088437295443000,48.2,1,48.15,12,48.2,6,1,2022-02-17 09:00:37
1645088437487356000,48.2,6,48.15,21,48.25,20,1,2022-02-17 09:00:37
1645088437619486000,48.2,1,48.15,21,48.25,20,1,2022-02-17 09:00:37
1645088437768576000,48.2,1,48.2,1,48.25,20,2,2022-02-17 09:00:37
1645088437779986000,48.25,5,48.2,1,48.25,15,1,2022-02-17 09:00:37
1645088437822611000,48.2,1,48.15,22,48.25,15,2,2022-02-17 09:00:37
1645088437972009000,48.2,1,48.2,1,48.25,15,2,2022-02-17 09:00:37
1645088438014387000,48.2,1,48.15,32,48.25,15,2,2022-02-17 09:00:38
1645088438014387000,48.15,1,48.15,32,48.25,15,2,2022-02-17 09:00:38
1645088438101210000,48.25,15,48.2,2,48.3,37,1,2022-02-17 09:00:38
1645088438101210000,48.3,15,48.2,2,48.3,37,1,2022-02-17 09:00:38
1645088438153048000,48.3,1,48.2,5,48.3,36,1,2022-02-17 09:00:38
1645088438320205000,48.2,1,48.2,8,48.3,36,2,2022-02-17 09:00:38
1645088438378192000,48.2,1,48.2,7,48.3,36,2,2022-02-17 09:00:38
1645088438630176000,48.2,20,48.2,1,48.3,36,2,2022-02-17 09:00:38
1645088439264262000,48.3,1,48.2,10,48.3,35,1,2022-02-17 09:00:39
1645088439413329000,48.25,13,48.2,11,48.3,35,2,2022-02-17 09:00:39
1645088439578530000,48.2,11,48.15,42,48.2,4,2,2022-02-17 09:00:39
1645088439587787000,48.15,1,48.15,41,48.2,4,2,2022-02-17 09:00:39
1645088439602796000,48.2,1,48.15,41,48.2,3,1,2022-02-17 09:00:39
1645088439630446000,48.2,3,48.2,7,48.3,35,1,2022-02-17 09:00:39
1645088439719656000,48.3,10,48.2,7,48.3,25,1,2022-02-17 09:00:39
1645088439918296000,48.2,1,48.2,13,48.3,25,2,2022-02-17 09:00:39
1645088440026830000,48.2,2,48.2,11,48.3,25,2,2022-02-17 09:00:40
1645088440043919000,48.3,4,48.2,11,48.3,21,1,2022-02-17 09:00:40
1645088440576124000,48.25,1,48.2,14,48.25,4,2,2022-02-17 09:00:40
1645088440591306000,48.25,4,48.2,14,48.3,20,1,2022-02-17 09:00:40
1645088440591306000,48.3,1,48.2,14,48.3,20,1,2022-02-17 09:00:40
1645088440626071000,48.3,1,48.2,14,48.3,19,1,2022-02-17 09:00:40
1645088440823932000,48.2,5,48.2,19,48.3,19,2,2022-02-17 09:00:40
1645088440893295000,48.2,2,48.2,17,48.3,19,2,2022-02-17 09:00:40
1645088440958419000,48.2,1,48.2,16,48.3,19,2,2022-02-17 09:00:40
1645088441856601000,48.25,1,48.25,2,48.3,19,2,2022-02-17 09:00:41
1645088441962035000,48.25,1,48.25,1,48.3,19,2,2022-02-17 09:00:41
1645088442444783000,48.25,2,48.25,4,48.3,22,2,2022-02-17 09:00:42
1645088442525862000,48.3,2,48.25,4,48.3,20,1,2022-02-17 09:00:42
1645088442730643000,48.25,1,48.25,3,48.3,20,2,2022-02-17 09:00:42
1645088443181013000,48.25,4,48.2,52,48.3,20,2,2022-02-17 09:00:43
1645088443250746000,48.3,3,48.2,52,48.3,17,1,2022-02-17 09:00:43
1645088443306234000,48.3,2,48.2,52,48.3,15,1,2022-02-17 09:00:43
1645088443340396000,48.3,2,48.25,1,48.3,13,1,2022-02-17 09:00:43
1645088443388460000,48.3,2,48.25,6,48.3,11,1,2022-02-17 09:00:43
1645088443529501000,48.25,2,48.25,4,48.3,11,2,2022-02-17 09:00:43
1645088443580447000,48.25,2,48.25,3,48.3,11,2,2022-02-17 09:00:43
1645088443626993000,48.3,3,48.25,3,48.3,8,1,2022-02-17 09:00:43
1645088443668888000,48.3,8,48.3,1,48.35,52,1,2022-02-17 09:00:43
1645088443699596000,48.3,1,48.25,3,48.35,52,2,2022-02-17 09:00:43
1645088443818002000,48.35,10,48.25,3,48.35,42,1,2022-02-17 09:00:43
1645088443894327000,48.35,1,48.3,1,48.35,41,1,2022-02-17 09:00:43
1645088444291673000,48.3,1,48.25,6,48.35,41,2,2022-02-17 09:00:44
1645088444555423000,48.25,6,48.2,57,48.25,14,2,2022-02-17 09:00:44
1645088444705667000,48.25,5,48.2,57,48.25,9,1,2022-02-17 09:00:44
1645088444816453000,48.25,9,48.25,1,48.35,41,1,2022-02-17 09:00:44
1645088445217348000,48.3,1,48.25,1,48.35,41,1,2022-02-17 09:00:45
1645088445366130000,48.35,1,48.25,1,48.35,40,1,2022-02-17 09:00:45
1645088445491585000,48.3,1,48.3,11,48.35,40,2,2022-02-17 09:00:45
1645088445956993000,48.3,10,48.3,2,48.35,40,2,2022-02-17 09:00:45
1645088446068555000,48.3,1,48.3,1,48.35,40,2,2022-02-17 09:00:46
1645088446244756000,48.3,2,48.25,7,48.3,3,2,2022-02-17 09:00:46
1645088446356633000,48.3,1,48.25,7,48.3,2,1,2022-02-17 09:00:46
1645088446368180000,48.3,1,48.25,7,48.3,1,1,2022-02-17 09:00:46
1645088446961336000,48.3,1,48.25,12,48.35,40,1,2022-02-17 09:00:46
1645088446986262000,48.35,2,48.25,12,48.35,38,1,2022-02-17 09:00:46
1645088447017894000,48.35,5,48.25,12,48.35,33,1,2022-02-17 09:00:47
1645088447026057000,48.3,1,48.25,12,48.3,1,1,2022-02-17 09:00:47
1645088447066387000,48.25,2,48.25,10,48.3,1,2,2022-02-17 09:00:47
1645088447287673000,48.3,1,48.25,10,48.35,33,1,2022-02-17 09:00:47
1645088447469640000,48.3,2,48.25,13,48.3,2,1,2022-02-17 09:00:47
1645088447817470000,48.3,1,48.25,16,48.3,2,1,2022-02-17 09:00:47
1645088448222826000,48.3,1,48.25,16,48.3,6,1,2022-02-17 09:00:48
1645088448230598000,48.3,1,48.25,16,48.3,5,1,2022-02-17 09:00:48
1645088448333636000,48.3,4,48.25,16,48.3,1,1,2022-02-17 09:00:48
1645088448398322000,48.3,1,48.25,16,48.35,32,1,2022-02-17 09:00:48
1645088448398322000,48.35,1,48.25,16,48.35,32,1,2022-02-17 09:00:48
1645088448546295000,48.25,5,48.25,11,48.35,32,2,2022-02-17 09:00:48
1645088448726150000,48.3,1,48.25,12,48.3,12,1,2022-02-17 09:00:48
1645088448732149000,48.25,12,48.2,64,48.3,12,2,2022-02-17 09:00:48
1645088448771333000,48.3,2,48.2,64,48.3,11,1,2022-02-17 09:00:48
1645088448784266000,48.3,1,48.2,64,48.3,10,1,2022-02-17 09:00:48
1645088448858650000,48.3,4,48.2,64,48.3,6,1,2022-02-17 09:00:48
1645088448998163000,48.3,5,48.2,64,48.3,1,1,2022-02-17 09:00:48
1645088449158917000,48.25,1,48.25,1,48.3,1,2,2022-02-17 09:00:49
1645088449221422000,48.25,1,48.2,73,48.3,6,2,2022-02-17 09:00:49
1645088449395014000,48.3,10,48.2,73,48.3,22,1,2022-02-17 09:00:49
1645088449502172000,48.25,1,48.2,73,48.3,22,2,2022-02-17 09:00:49
1645088449619424000,48.3,10,48.2,79,48.3,12,1,2022-02-17 09:00:49
1645088449896461000,48.2,55,48.2,26,48.25,5,2,2022-02-17 09:00:49
1645088449897927000,48.2,2,48.2,24,48.25,5,2,2022-02-17 09:00:49
1645088449930367000,48.2,24,48.15,79,48.25,5,2,2022-02-17 09:00:49
1645088450003407000,48.25,1,48.2,12,48.25,5,1,2022-02-17 09:00:50
1645088450007939000,48.2,3,48.2,9,48.25,5,2,2022-02-17 09:00:50
1645088450007964000,48.2,2,48.2,7,48.25,5,2,2022-02-17 09:00:50
1645088450008098000,48.2,7,48.15,65,48.25,5,2,2022-02-17 09:00:50
1645088450091362000,48.15,4,48.15,63,48.25,10,2,2022-02-17 09:00:50
1645088450103206000,48.25,3,48.15,63,48.25,7,1,2022-02-17 09:00:50
1645088450116220000,48.25,5,48.15,63,48.25,2,1,2022-02-17 09:00:50
1645088450173703000,48.25,2,48.15,64,48.3,22,1,2022-02-17 09:00:50
1645088450192754000,48.3,2,48.15,64,48.3,22,1,2022-02-17 09:00:50
1645088450245260000,48.25,2,48.15,64,48.3,22,1,2022-02-17 09:00:50
1645088450245260000,48.3,1,48.15,64,48.3,22,1,2022-02-17 09:00:50
1645088450298189000,48.3,4,48.15,64,48.3,18,1,2022-02-17 09:00:50
1645088450485584000,48.2,1,48.2,1,48.3,18,2,2022-02-17 09:00:50
1645088450490669000,48.3,4,48.2,1,48.3,14,1,2022-02-17 09:00:50
1645088450605240000,48.2,1,48.15,64,48.25,1,2,2022-02-17 09:00:50
1645088450929977000,48.25,1,48.15,64,48.3,24,1,2022-02-17 09:00:50
1645088450930442000,48.3,2,48.15,64,48.3,22,1,2022-02-17 09:00:50
1645088450966478000,48.3,1,48.15,64,48.3,21,1,2022-02-17 09:00:50
1645088451208641000,48.25,2,48.15,64,48.25,9,1,2022-02-17 09:00:51
1645088451296486000,48.2,1,48.15,65,48.25,9,1,2022-02-17 09:00:51
1645088451568527000,48.25,1,48.15,67,48.25,8,1,2022-02-17 09:00:51
1645088451576336000,48.25,1,48.15,67,48.25,7,1,2022-02-17 09:00:51
1645088451958965000,48.25,2,48.2,1,48.25,5,1,2022-02-17 09:00:51
1645088451969122000,48.2,1,48.15,67,48.25,5,2,2022-02-17 09:00:51
1645088452153588000,48.25,5,48.15,67,48.25,10,1,2022-02-17 09:00:52
1645088452222100000,48.2,1,48.15,67,48.25,11,1,2022-02-17 09:00:52
1645088452289804000,48.15,24,48.15,41,48.25,20,2,2022-02-17 09:00:52
1645088452332997000,48.15,41,48.1,55,48.25,21,2,2022-02-17 09:00:52
1645088452411579000,48.15,1,48.1,54,48.25,21,2,2022-02-17 09:00:52
1645088452565005000,48.25,1,48.1,54,48.25,21,1,2022-02-17 09:00:52
1645088452770883000,48.2,1,48.1,56,48.25,29,1,2022-02-17 09:00:52
1645088452960153000,48.25,1,48.2,1,48.25,38,1,2022-02-17 09:00:52
1645088452969900000,48.2,1,48.1,56,48.25,38,2,2022-02-17 09:00:52
1645088452991877000,48.25,2,48.1,56,48.25,36,1,2022-02-17 09:00:52
1645088453022560000,48.25,1,48.1,56,48.25,35,1,2022-02-17 09:00:53
1645088453063350000,48.25,1,48.1,55,48.25,34,1,2022-02-17 09:00:53
1645088453169271000,48.25,1,48.1,55,48.25,33,1,2022-02-17 09:00:53
1645088453173194000,48.1,10,48.1,45,48.25,33,2,2022-02-17 09:00:53
1645088453188167000,48.1,45,48.05,53,48.25,33,2,2022-02-17 09:00:53
1645088453240397000,48.2,1,48.05,53,48.25,29,1,2022-02-17 09:00:53
1645088453240397000,48.25,4,48.05,53,48.25,29,1,2022-02-17 09:00:53
1645088453541204000,48.05,1,48.05,51,48.2,1,2,2022-02-17 09:00:53
1645088453743425000,48.2,1,48.05,51,48.2,1,1,2022-02-17 09:00:53
1645088454059040000,48.15,1,48.05,52,48.15,1,1,2022-02-17 09:00:54
1645088454171423000,48.15,1,48.05,52,48.2,1,1,2022-02-17 09:00:54
1645088454235084000,48.2,2,48.05,52,48.2,1,1,2022-02-17 09:00:54
1645088454330889000,48.15,2,48.15,1,48.2,2,2,2022-02-17 09:00:54
1645088454331106000,48.15,1,48.05,52,48.2,2,2,2022-02-17 09:00:54
1645088454430705000,48.2,2,48.05,52,48.25,44,1,2022-02-17 09:00:54
1645088454430705000,48.25,3,48.05,52,48.25,44,1,2022-02-17 09:00:54
1645088454534843000,48.2,1,48.05,52,48.25,44,2,2022-02-17 09:00:54
1645088454640313000,48.25,5,48.05,52,48.25,40,1,2022-02-17 09:00:54
1645088455009291000,48.2,1,48.05,52,48.25,40,2,2022-02-17 09:00:55
1645088455644001000,48.2,4,48.05,54,48.25,35,1,2022-02-17 09:00:55
1645088455644001000,48.25,6,48.05,54,48.25,35,1,2022-02-17 09:00:55
1645088455679120000,48.25,1,48.05,54,48.25,34,1,2022-02-17 09:00:55
1645088456258778000,48.05,10,48.05,44,48.15,7,2,2022-02-17 09:00:56
1645088456390214000,48.1,1,48.05,44,48.15,7,2,2022-02-17 09:00:56
1645088456604586000,48.15,1,48.05,44,48.15,6,1,2022-02-17 09:00:56
1645088456628138000,48.05,1,48.05,43,48.15,6,2,2022-02-17 09:00:56
1645088457693044000,48.05,24,48.05,18,48.15,8,2,2022-02-17 09:00:57
1645088457738436000,48.05,18,48.0,94,48.15,8,2,2022-02-17 09:00:57
1645088457826754000,48.05,2,48.0,88,48.15,10,2,2022-02-17 09:00:57
1645088457994801000,48.15,1,48.0,89,48.15,9,1,2022-02-17 09:00:57
1645088458475539000,48.15,2,48.05,3,48.15,7,1,2022-02-17 09:00:58
1645088458965733000,48.15,1,48.05,4,48.15,9,1,2022-02-17 09:00:58
1645088458998970000,48.05,4,48.0,89,48.15,9,2,2022-02-17 09:00:58
1645088459288877000,48.15,5,48.0,89,48.15,5,1,2022-02-17 09:00:59
1645088459299001000,48.15,2,48.0,89,48.15,3,1,2022-02-17 09:00:59
1645088459701194000,48.15,2,48.0,90,48.15,11,1,2022-02-17 09:00:59
1645088460458734000,48.0,2,48.0,89,48.15,13,2,2022-02-17 09:01:00
1645088460593270000,48.05,1,48.0,88,48.15,13,2,2022-02-17 09:01:00
1645088461093113000,48.0,1,48.0,88,48.1,1,2,2022-02-17 09:01:01
1645088461191332000,48.05,1,48.0,88,48.1,1,2,2022-02-17 09:01:01
1645088461605987000,48.05,10,48.0,88,48.1,1,2,2022-02-17 09:01:01
1645088461745651000,48.0,4,48.0,85,48.1,6,2,2022-02-17 09:01:01
1645088461747005000,48.0,85,47.95,20,48.1,6,2,2022-02-17 09:01:01
1645088461793074000,48.1,2,47.95,20,48.1,4,1,2022-02-17 09:01:01
1645088461838637000,48.0,1,47.95,20,48.1,5,2,2022-02-17 09:01:01
1645088461933918000,48.1,3,48.0,1,48.1,2,1,2022-02-17 09:01:01
1645088461972810000,48.0,1,47.95,25,48.1,2,2,2022-02-17 09:01:01
1645088462829756000,48.05,1,48.1,17,48.15,30,1,2022-02-17 09:01:02
1645088462829756000,48.1,2,48.1,17,48.15,30,1,2022-02-17 09:01:02
1645088462861136000,48.1,17,48.0,2,48.15,30,2,2022-02-17 09:01:02
1645088462886346000,48.0,1,48.0,1,48.1,19,2,2022-02-17 09:01:02
1645088462893989000,48.0,1,47.95,25,48.1,19,2,2022-02-17 09:01:02
1645088463175154000,48.0,1,47.95,25,48.1,18,1,2022-02-17 09:01:03
1645088463175154000,48.1,1,47.95,25,48.1,18,1,2022-02-17 09:01:03
1645088463248141000,48.0,1,47.95,25,48.1,18,2,2022-02-17 09:01:03
1645088463284242000,48.1,1,47.95,25,48.1,17,1,2022-02-17 09:01:03
1645088463359762000,47.95,5,47.95,20,48.05,1,2,2022-02-17 09:01:03
1645088463451181000,47.95,20,47.9,34,48.0,16,2,2022-02-17 09:01:03
1645088463808590000,48.0,1,47.9,32,48.0,15,1,2022-02-17 09:01:03
1645088463810023000,47.9,3,47.9,29,48.0,15,2,2022-02-17 09:01:03
1645088463894380000,47.9,1,47.9,28,48.0,15,2,2022-02-17 09:01:03
1645088463899947000,48.0,1,47.9,28,48.0,14,1,2022-02-17 09:01:03
1645088463999168000,47.9,5,47.9,23,48.0,14,2,2022-02-17 09:01:03
1645088464563645000,47.9,17,47.9,6,48.0,14,2,2022-02-17 09:01:04
1645088464595478000,47.9,2,47.9,4,48.0,14,2,2022-02-17 09:01:04
1645088464595853000,47.9,4,47.85,14,48.0,14,2,2022-02-17 09:01:04
1645088465267259000,47.9,2,47.8,1,48.0,14,2,2022-02-17 09:01:05
1645088465267259000,47.85,14,47.8,1,48.0,14,2,2022-02-17 09:01:05
1645088465267259000,47.8,14,47.8,1,48.0,14,2,2022-02-17 09:01:05
1645088465470105000,48.0,5,47.8,3,48.0,10,1,2022-02-17 09:01:05
1645088465488490000,47.8,1,47.8,2,48.0,10,2,2022-02-17 09:01:05
1645088465520734000,47.8,1,47.8,1,48.0,10,2,2022-02-17 09:01:05
1645088465570960000,48.0,2,47.8,1,48.0,8,1,2022-02-17 09:01:05
1645088466017089000,47.95,6,47.9,1,48.0,18,1,2022-02-17 09:01:06
1645088466025341000,47.9,1,47.8,20,48.0,18,2,2022-02-17 09:01:06
1645088466025341000,47.8,1,47.8,20,48.0,18,2,2022-02-17 09:01:06
1645088466133878000,47.95,1,47.8,20,48.0,18,1,2022-02-17 09:01:06
1645088466289250000,47.8,1,47.8,19,48.0,18,2,2022-02-17 09:01:06
1645088466490155000,47.95,2,47.85,2,48.0,18,2,2022-02-17 09:01:06
1645088466812942000,48.0,1,47.85,2,48.0,16,1,2022-02-17 09:01:06
1645088467897021000,47.9,2,47.85,2,47.95,6,2,2022-02-17 09:01:07
1645088468532031000,47.95,6,47.85,2,48.0,17,1,2022-02-17 09:01:08
1645088468532031000,48.0,4,47.85,2,48.0,17,1,2022-02-17 09:01:08
1645088468700659000,47.95,1,47.85,2,48.0,17,1,2022-02-17 09:01:08
1645088469662011000,47.9,1,47.85,5,48.0,19,2,2022-02-17 09:01:09
1645088469670907000,48.0,1,47.85,5,48.0,18,1,2022-02-17 09:01:09
1645088469925225000,47.85,1,47.85,4,48.0,18,2,2022-02-17 09:01:09
1645088469927276000,47.85,2,47.85,2,48.0,18,2,2022-02-17 09:01:09
1645088470324439000,47.95,1,47.9,3,48.0,18,1,2022-02-17 09:01:10
1645088470879134000,47.95,1,47.9,5,47.95,2,1,2022-02-17 09:01:10
1645088471086372000,47.9,1,47.9,4,47.95,2,2,2022-02-17 09:01:11
1645088471638689000,47.9,2,47.9,2,47.95,7,2,2022-02-17 09:01:11
1645088471885081000,47.9,2,47.85,3,47.95,7,2,2022-02-17 09:01:11
1645088471885081000,47.85,3,47.85,3,47.95,7,2,2022-02-17 09:01:11
1645088471903748000,47.95,5,47.85,3,47.95,5,1,2022-02-17 09:01:11
1645088471919765000,47.85,3,47.85,1,47.95,5,2,2022-02-17 09:01:11
1645088472866131000,47.9,3,47.8,21,47.85,1,2,2022-02-17 09:01:12
1645088472866131000,47.85,1,47.8,21,47.85,1,2,2022-02-17 09:01:12
1645088473564137000,47.85,1,47.8,21,47.95,9,1,2022-02-17 09:01:13
1645088473564137000,47.95,2,47.8,21,47.95,9,1,2022-02-17 09:01:13
1645088473715885000,47.9,1,47.8,21,47.95,9,2,2022-02-17 09:01:13
1645088473841995000,47.9,1,47.8,21,47.95,9,2,2022-02-17 09:01:13
1645088473951465000,47.95,2,47.9,1,47.95,7,1,2022-02-17 09:01:13
1645088474156743000,47.9,1,47.85,1,47.95,8,2,2022-02-17 09:01:14
1645088474252665000,47.95,5,47.85,1,47.95,3,1,2022-02-17 09:01:14
1645088474253010000,47.95,1,47.85,1,47.95,2,1,2022-02-17 09:01:14
1645088474265239000,47.95,2,47.85,1,48.0,71,1,2022-02-17 09:01:14
1645088474265239000,48.0,8,47.85,1,48.0,71,1,2022-02-17 09:01:14
1645088474549045000,47.85,2,47.85,7,47.9,1,2,2022-02-17 09:01:14
1645088474831630000,47.9,1,47.85,7,47.95,1,1,2022-02-17 09:01:14
1645088474928115000,47.85,1,47.85,6,47.95,1,2,2022-02-17 09:01:14
1645088475573510000,47.9,1,47.85,6,47.95,1,1,2022-02-17 09:01:15
1645088475659579000,47.95,1,47.85,6,47.95,20,1,2022-02-17 09:01:15
1645088475808427000,47.85,2,47.85,5,47.95,20,2,2022-02-17 09:01:15
1645088475931649000,47.9,1,47.85,5,47.95,20,2,2022-02-17 09:01:15
1645088476461875000,47.85,2,47.85,3,47.9,8,2,2022-02-17 09:01:16
1645088476502039000,47.9,1,47.85,3,47.9,7,1,2022-02-17 09:01:16
1645088476598919000,47.85,2,47.85,1,47.9,7,2,2022-02-17 09:01:16
1645088476675260000,47.9,2,47.85,1,47.9,5,1,2022-02-17 09:01:16
1645088477576206000,47.9,1,47.85,3,47.9,6,1,2022-02-17 09:01:17
1645088477608878000,47.85,1,47.85,2,47.9,6,2,2022-02-17 09:01:17
1645088477635782000,47.9,2,47.85,2,47.9,4,1,2022-02-17 09:01:17
1645088478036064000,47.9,1,47.85,2,47.9,4,1,2022-02-17 09:01:18
1645088478091804000,47.9,1,47.85,2,47.9,3,1,2022-02-17 09:01:18
1645088478328929000,47.9,2,47.85,2,47.9,16,1,2022-02-17 09:01:18
1645088478646142000,47.9,3,47.85,4,47.9,20,1,2022-02-17 09:01:18
1645088478673284000,47.9,1,47.85,4,47.9,19,1,2022-02-17 09:01:18
1645088479087184000,47.9,1,47.85,4,47.9,19,1,2022-02-17 09:01:19
1645088479122507000,47.85,1,47.85,3,47.9,19,2,2022-02-17 09:01:19
1645088479304332000,47.9,1,47.85,4,47.9,20,1,2022-02-17 09:01:19
1645088479391208000,47.9,1,47.85,4,47.9,19,1,2022-02-17 09:01:19
1645088479940067000,47.85,5,47.85,9,47.9,40,2,2022-02-17 09:01:19
1645088479966125000,47.9,1,47.85,9,47.9,39,1,2022-02-17 09:01:19
1645088479972209000,47.85,1,47.85,8,47.9,40,2,2022-02-17 09:01:19
1645088480178795000,47.85,1,47.85,8,47.9,40,2,2022-02-17 09:01:20
1645088480189682000,47.85,4,47.85,4,47.9,40,2,2022-02-17 09:01:20
1645088480210437000,47.85,4,47.8,32,47.9,40,2,2022-02-17 09:01:20
1645088480358687000,47.9,1,47.85,4,47.9,39,1,2022-02-17 09:01:20
1645088480499976000,47.9,1,47.85,5,47.9,43,1,2022-02-17 09:01:20
1645088480601533000,47.85,1,47.85,4,47.9,44,2,2022-02-17 09:01:20
1645088480653398000,47.9,1,47.85,4,47.9,43,1,2022-02-17 09:01:20
1645088481229695000,47.85,2,47.85,2,47.9,46,2,2022-02-17 09:01:21
1645088481398963000,47.85,2,47.85,1,47.9,46,2,2022-02-17 09:01:21
1645088481425791000,47.85,1,47.8,34,47.9,46,2,2022-02-17 09:01:21
1645088481603596000,47.85,1,47.8,34,47.9,46,1,2022-02-17 09:01:21
1645088481647601000,47.9,1,47.8,34,47.9,45,1,2022-02-17 09:01:21
1645088482139415000,47.85,1,47.85,13,47.9,46,2,2022-02-17 09:01:22
1645088482262382000,47.9,1,47.85,15,47.9,45,1,2022-02-17 09:01:22
1645088482920240000,47.85,1,47.85,14,47.9,47,2,2022-02-17 09:01:22
1645088483476122000,47.85,5,47.85,18,47.9,49,2,2022-02-17 09:01:23
1645088483534683000,47.85,1,47.85,17,47.9,50,2,2022-02-17 09:01:23
1645088483849587000,47.85,1,47.85,17,47.9,51,2,2022-02-17 09:01:23
1645088483910404000,47.9,1,47.85,17,47.9,51,1,2022-02-17 09:01:23
1645088484329444000,47.85,1,47.85,17,47.9,51,2,2022-02-17 09:01:24
1645088484770723000,47.9,2,47.85,19,47.9,50,1,2022-02-17 09:01:24
1645088485616878000,47.9,3,47.85,21,47.9,50,1,2022-02-17 09:01:25
1645088485685859000,47.85,1,47.85,20,47.9,50,2,2022-02-17 09:01:25
1645088486135774000,47.9,1,47.85,21,47.9,50,1,2022-02-17 09:01:26
1645088486200440000,47.85,2,47.85,19,47.9,50,2,2022-02-17 09:01:26
1645088486339287000,47.85,2,47.85,17,47.9,51,2,2022-02-17 09:01:26
1645088486470176000,47.9,1,47.85,17,47.9,50,1,2022-02-17 09:01:26
1645088487191010000,47.85,1,47.85,19,47.9,50,2,2022-02-17 09:01:27
1645088487510651000,47.85,1,47.85,19,47.9,53,2,2022-02-17 09:01:27
1645088487946018000,47.85,1,47.85,28,47.9,53,2,2022-02-17 09:01:27
1645088489098284000,47.85,10,47.85,20,47.9,61,2,2022-02-17 09:01:29
1645088489128243000,47.85,1,47.85,19,47.9,61,2,2022-02-17 09:01:29
1645088489599435000,47.9,1,47.85,20,47.9,60,1,2022-02-17 09:01:29
1645088489751089000,47.85,10,47.85,10,47.9,60,2,2022-02-17 09:01:29
1645088489803378000,47.85,1,47.85,9,47.9,60,2,2022-02-17 09:01:29
1645088490312113000,47.85,1,47.85,10,47.9,59,2,2022-02-17 09:01:30
1645088490527814000,47.9,1,47.85,10,47.9,58,1,2022-02-17 09:01:30
1645088490670071000,47.9,1,47.85,10,47.9,57,1,2022-02-17 09:01:30
1645088491282403000,47.85,1,47.85,10,47.9,57,2,2022-02-17 09:01:31
1645088491399429000,47.85,1,47.85,9,47.9,57,2,2022-02-17 09:01:31
1645088491427226000,47.85,1,47.85,8,47.9,57,2,2022-02-17 09:01:31
1645088491545043000,47.85,8,47.8,47,47.85,42,2,2022-02-17 09:01:31
1645088491588631000,47.8,1,47.8,46,47.85,42,2,2022-02-17 09:01:31
1645088491999217000,47.8,2,47.8,45,47.85,42,2,2022-02-17 09:01:31
1645088492034375000,47.8,1,47.8,44,47.85,42,2,2022-02-17 09:01:32
1645088492040231000,47.8,1,47.8,43,47.85,42,2,2022-02-17 09:01:32
1645088492169904000,47.8,1,47.8,42,47.85,42,2,2022-02-17 09:01:32
1645088492191587000,47.85,2,47.8,42,47.85,40,1,2022-02-17 09:01:32
1645088492268373000,47.85,1,47.8,42,47.85,39,1,2022-02-17 09:01:32
1645088492340264000,47.8,3,47.8,39,47.85,39,2,2022-02-17 09:01:32
1645088492389183000,47.8,1,47.8,38,47.85,39,2,2022-02-17 09:01:32
1645088492391526000,47.85,2,47.8,38,47.85,37,1,2022-02-17 09:01:32
1645088492400235000,47.85,2,47.8,38,47.85,35,1,2022-02-17 09:01:32
1645088492427297000,47.85,1,47.8,38,47.85,34,1,2022-02-17 09:01:32
1645088492433384000,47.8,1,47.8,37,47.85,34,2,2022-02-17 09:01:32
1645088492806951000,47.85,1,47.8,37,47.85,34,1,2022-02-17 09:01:32
1645088492832529000,47.85,5,47.8,37,47.85,29,1,2022-02-17 09:01:32
1645088493162054000,47.85,3,47.8,35,47.85,30,1,2022-02-17 09:01:33
1645088493437166000,47.8,2,47.8,37,47.85,31,2,2022-02-17 09:01:33
1645088494225939000,47.8,1,47.8,36,47.85,39,2,2022-02-17 09:01:34
1645088494337596000,47.85,1,47.8,36,47.85,38,1,2022-02-17 09:01:34
1645088495600718000,47.85,1,47.8,38,47.85,46,1,2022-02-17 09:01:35
1645088496166076000,47.85,1,47.8,38,47.85,46,1,2022-02-17 09:01:36
1645088496222067000,47.85,1,47.8,37,47.85,45,1,2022-02-17 09:01:36
1645088496257538000,47.8,1,47.8,36,47.85,45,2,2022-02-17 09:01:36
1645088496274087000,47.8,5,47.8,31,47.85,45,2,2022-02-17 09:01:36
1645088496657320000,47.8,1,47.8,30,47.85,45,2,2022-02-17 09:01:36
1645088496720758000,47.8,1,47.8,29,47.85,45,2,2022-02-17 09:01:36
1645088496758056000,47.8,2,47.8,27,47.85,45,2,2022-02-17 09:01:36
1645088497108342000,47.85,4,47.8,27,47.85,41,1,2022-02-17 09:01:37
1645088497254563000,47.85,1,47.8,27,47.85,40,1,2022-02-17 09:01:37
1645088498462325000,47.8,1,47.8,31,47.85,61,2,2022-02-17 09:01:38
1645088498687871000,47.8,1,47.8,31,47.85,91,2,2022-02-17 09:01:38
1645088498923170000,47.8,2,47.8,34,47.85,91,2,2022-02-17 09:01:38
1645088499070588000,47.8,4,47.8,30,47.85,96,2,2022-02-17 09:01:39
1645088499110614000,47.8,1,47.8,29,47.85,96,2,2022-02-17 09:01:39
1645088499110672000,47.8,1,47.8,28,47.85,96,2,2022-02-17 09:01:39
1645088499320064000,47.8,10,47.8,26,47.85,95,2,2022-02-17 09:01:39
1645088499353180000,47.8,1,47.8,25,47.85,95,2,2022-02-17 09:01:39
1645088499516429000,47.8,1,47.8,24,47.85,95,2,2022-02-17 09:01:39
1645088499565861000,47.8,1,47.8,28,47.85,95,2,2022-02-17 09:01:39
1645088500133561000,47.8,1,47.8,29,47.85,99,2,2022-02-17 09:01:40
1645088500343830000,47.8,1,47.8,28,47.85,99,2,2022-02-17 09:01:40
1645088500987966000,47.8,1,47.8,29,47.85,100,2,2022-02-17 09:01:40
1645088501080347000,47.8,3,47.8,27,47.85,100,2,2022-02-17 09:01:41
1645088501101740000,47.8,6,47.8,21,47.85,100,2,2022-02-17 09:01:41
1645088501175754000,47.8,1,47.8,20,47.85,100,2,2022-02-17 09:01:41
1645088501214816000,47.8,1,47.8,19,47.85,100,2,2022-02-17 09:01:41
1645088501654842000,47.8,5,47.8,15,47.85,100,2,2022-02-17 09:01:41
1645088501690795000,47.8,1,47.8,14,47.85,100,2,2022-02-17 09:01:41
1645088501738633000,47.85,1,47.8,14,47.85,99,1,2022-02-17 09:01:41
1645088501813012000,47.8,1,47.8,13,47.85,100,2,2022-02-17 09:01:41
1645088502423392000,47.8,2,47.8,17,47.85,100,2,2022-02-17 09:01:42
1645088502810514000,47.8,1,47.8,18,47.85,100,2,2022-02-17 09:01:42
1645088502854446000,47.8,1,47.8,17,47.85,100,2,2022-02-17 09:01:42
1645088502945106000,47.8,3,47.8,17,47.85,100,2,2022-02-17 09:01:42
1645088502976660000,47.8,1,47.8,16,47.85,100,2,2022-02-17 09:01:42
1645088503212284000,47.8,1,47.8,15,47.85,100,2,2022-02-17 09:01:43
1645088503338414000,47.8,1,47.8,15,47.85,100,2,2022-02-17 09:01:43
1645088503346189000,47.8,1,47.8,14,47.85,100,2,2022-02-17 09:01:43
1645088503429659000,47.8,1,47.8,13,47.85,100,2,2022-02-17 09:01:43
1645088503784071000,47.8,1,47.8,12,47.85,100,2,2022-02-17 09:01:43
1645088503795400000,47.8,3,47.8,11,47.85,100,2,2022-02-17 09:01:43
1645088503844533000,47.8,1,47.8,10,47.85,100,2,2022-02-17 09:01:43
1645088504007464000,47.8,1,47.8,9,47.85,100,2,2022-02-17 09:01:44
1645088504081927000,47.8,1,47.8,8,47.85,100,2,2022-02-17 09:01:44
1645088504137961000,47.8,3,47.8,5,47.85,100,2,2022-02-17 09:01:44
1645088504141927000,47.8,1,47.8,4,47.85,100,2,2022-02-17 09:01:44
1645088504197979000,47.8,1,47.8,3,47.85,100,2,2022-02-17 09:01:44
1645088504363667000,47.8,1,47.8,2,47.85,99,2,2022-02-17 09:01:44
1645088504400928000,47.8,2,47.75,27,47.8,3,2,2022-02-17 09:01:44
1645088504431594000,47.8,1,47.75,27,47.8,2,1,2022-02-17 09:01:44
1645088504798920000,47.8,4,47.75,27,47.85,101,1,2022-02-17 09:01:44
1645088504798920000,47.85,1,47.75,27,47.85,101,1,2022-02-17 09:01:44
1645088505093168000,47.8,3,47.75,27,47.8,17,1,2022-02-17 09:01:45
1645088505211108000,47.8,17,47.75,28,47.85,82,1,2022-02-17 09:01:45
1645088505277270000,47.8,1,47.75,28,47.85,82,1,2022-02-17 09:01:45
1645088505404674000,47.8,1,47.75,19,47.85,82,2,2022-02-17 09:01:45
1645088505404674000,47.75,9,47.75,19,47.85,82,2,2022-02-17 09:01:45
1645088505529115000,47.8,2,47.8,8,47.85,82,1,2022-02-17 09:01:45
1645088505657637000,47.8,2,47.8,7,47.85,82,2,2022-02-17 09:01:45
1645088505753727000,47.8,7,47.75,19,47.8,3,2,2022-02-17 09:01:45
1645088505787667000,47.8,3,47.75,19,47.85,82,1,2022-02-17 09:01:45
1645088505791788000,47.75,1,47.75,18,47.85,82,2,2022-02-17 09:01:45
1645088505793188000,47.75,1,47.75,17,47.85,82,2,2022-02-17 09:01:45
1645088506100608000,47.8,1,47.75,19,47.8,1,1,2022-02-17 09:01:46
1645088506137321000,47.8,1,47.75,19,47.8,10,1,2022-02-17 09:01:46
1645088506284586000,47.75,3,47.75,16,47.8,13,2,2022-02-17 09:01:46
1645088506525144000,47.8,13,47.75,19,47.85,64,1,2022-02-17 09:01:46
1645088507306322000,47.75,1,47.75,18,47.8,14,2,2022-02-17 09:01:47
1645088507606832000,47.75,1,47.75,17,47.8,14,2,2022-02-17 09:01:47
1645088507755517000,47.8,10,47.75,17,47.8,4,1,2022-02-17 09:01:47
1645088508039530000,47.8,4,47.75,17,47.85,64,1,2022-02-17 09:01:48
1645088508230663000,47.8,8,47.75,17,47.85,64,1,2022-02-17 09:01:48
1645088508441232000,47.85,5,47.75,19,47.85,59,1,2022-02-17 09:01:48
1645088508667359000,47.8,1,47.75,19,47.85,60,1,2022-02-17 09:01:48
1645088508854471000,47.8,1,47.8,4,47.85,60,2,2022-02-17 09:01:48
1645088509219083000,47.8,3,47.8,3,47.85,60,2,2022-02-17 09:01:49
1645088509259077000,47.8,1,47.8,2,47.85,60,2,2022-02-17 09:01:49
1645088509307448000,47.85,12,47.8,2,47.85,39,1,2022-02-17 09:01:49
1645088509369052000,47.8,2,47.75,20,47.8,3,2,2022-02-17 09:01:49
1645088509400085000,47.8,3,47.75,20,47.85,39,1,2022-02-17 09:01:49
1645088509502691000,47.8,1,47.8,8,47.85,39,2,2022-02-17 09:01:49
1645088509678598000,47.85,1,47.8,15,47.85,38,1,2022-02-17 09:01:49
1645088509718459000,47.8,3,47.8,12,47.85,38,2,2022-02-17 09:01:49
1645088509981806000,47.8,1,47.8,12,47.85,38,2,2022-02-17 09:01:49
1645088510244354000,47.8,1,47.8,11,47.85,38,2,2022-02-17 09:01:50
1645088510277170000,47.85,38,47.8,11,47.9,72,1,2022-02-17 09:01:50
1645088510779755000,47.8,1,47.8,24,47.9,72,2,2022-02-17 09:01:50
1645088510905454000,47.8,3,47.8,19,47.9,69,2,2022-02-17 09:01:50
1645088511089999000,47.8,1,47.8,19,47.9,69,2,2022-02-17 09:01:51
1645088511114704000,47.8,10,47.8,9,47.9,69,2,2022-02-17 09:01:51
1645088511452954000,47.8,1,47.8,16,47.85,2,2,2022-02-17 09:01:51
1645088512157582000,47.85,1,47.8,24,47.85,3,1,2022-02-17 09:01:52
1645088512755065000,47.8,1,47.8,26,47.85,3,2,2022-02-17 09:01:52
1645088512791295000,47.8,1,47.8,25,47.85,3,2,2022-02-17 09:01:52
1645088512806990000,47.8,7,47.8,18,47.85,3,2,2022-02-17 09:01:52
1645088513143579000,47.8,2,47.8,18,47.85,4,2,2022-02-17 09:01:53
1645088513326663000,47.85,1,47.8,18,47.85,3,1,2022-02-17 09:01:53
1645088513449364000,47.8,1,47.8,19,47.85,3,2,2022-02-17 09:01:53
1645088513524637000,47.85,1,47.8,21,47.85,2,1,2022-02-17 09:01:53
1645088513822248000,47.85,1,47.8,21,47.85,1,1,2022-02-17 09:01:53
1645088514197046000,47.85,1,47.8,21,47.85,1,1,2022-02-17 09:01:54
1645088514337994000,47.8,1,47.8,20,47.85,1,2,2022-02-17 09:01:54
1645088514664175000,47.8,1,47.8,19,47.85,2,2,2022-02-17 09:01:54
1645088514942160000,47.8,4,47.8,16,47.85,2,2,2022-02-17 09:01:54
1645088514977385000,47.85,2,47.8,16,47.9,67,1,2022-02-17 09:01:54
1645088515150675000,47.8,1,47.8,15,47.9,67,2,2022-02-17 09:01:55
1645088515885089000,47.85,1,47.8,17,47.9,67,2,2022-02-17 09:01:55
1645088516082904000,47.85,1,47.8,17,47.9,67,1,2022-02-17 09:01:56
1645088516647026000,47.85,1,47.8,19,47.9,67,2,2022-02-17 09:01:56
1645088517108106000,47.9,2,47.85,1,47.9,65,1,2022-02-17 09:01:57
1645088517241061000,47.9,10,47.85,1,47.9,55,1,2022-02-17 09:01:57
1645088517265233000,47.9,37,47.85,1,47.9,18,1,2022-02-17 09:01:57
1645088517285343000,47.9,18,47.85,1,47.95,8,1,2022-02-17 09:01:57
1645088517499872000,47.85,1,47.85,3,47.9,3,2,2022-02-17 09:01:57
1645088518193220000,47.85,3,47.8,11,47.9,4,2,2022-02-17 09:01:58
1645088518193220000,47.8,12,47.8,11,47.9,4,2,2022-02-17 09:01:58
1645088518199507000,47.8,1,47.8,10,47.9,4,2,2022-02-17 09:01:58
1645088518223565000,47.85,1,47.85,2,47.9,4,2,2022-02-17 09:01:58
1645088518227343000,47.85,1,47.85,1,47.9,4,2,2022-02-17 09:01:58
1645088518493655000,47.85,1,47.85,4,47.9,5,2,2022-02-17 09:01:58
1645088518577752000,47.85,1,47.85,5,47.9,6,2,2022-02-17 09:01:58
1645088518798428000,47.9,1,47.85,6,47.9,5,1,2022-02-17 09:01:58
1645088519243160000,47.85,1,47.85,10,47.9,5,2,2022-02-17 09:01:59
1645088519338814000,47.85,5,47.85,7,47.9,5,2,2022-02-17 09:01:59
1645088520691577000,47.9,1,47.85,8,47.9,4,1,2022-02-17 09:02:00
1645088520710014000,47.85,1,47.85,7,47.9,4,2,2022-02-17 09:02:00
1645088520717061000,47.9,1,47.85,7,47.9,3,1,2022-02-17 09:02:00
1645088520883087000,47.85,4,47.85,4,47.9,3,2,2022-02-17 09:02:00
1645088520915382000,47.9,3,47.85,4,47.95,1,1,2022-02-17 09:02:00
1645088520915382000,47.95,7,47.85,4,47.95,1,1,2022-02-17 09:02:00
1645088520966013000,47.85,1,47.85,3,47.95,1,2,2022-02-17 09:02:00
1645088521171996000,47.9,1,47.9,29,47.95,1,1,2022-02-17 09:02:01
1645088521438163000,47.95,1,47.9,30,48.0,39,1,2022-02-17 09:02:01
1645088521542591000,47.9,10,47.9,20,48.0,39,2,2022-02-17 09:02:01
1645088521613720000,47.9,2,47.9,18,48.0,39,2,2022-02-17 09:02:01
1645088521682208000,47.9,3,47.9,15,48.0,39,2,2022-02-17 09:02:01
1645088521818215000,48.0,5,47.9,15,48.0,34,1,2022-02-17 09:02:01
1645088521841615000,47.9,1,47.9,14,48.0,34,2,2022-02-17 09:02:01
1645088522128549000,47.95,1,47.9,14,48.0,34,2,2022-02-17 09:02:02
1645088522242965000,48.0,4,47.9,14,48.0,30,1,2022-02-17 09:02:02
1645088522515073000,47.9,14,47.85,56,48.0,30,2,2022-02-17 09:02:02
1645088522515073000,47.85,6,47.85,56,48.0,30,2,2022-02-17 09:02:02
1645088522579428000,47.9,2,47.85,56,47.95,1,1,2022-02-17 09:02:02
1645088522938993000,47.9,1,47.85,59,47.95,1,2,2022-02-17 09:02:02
1645088523298662000,47.95,1,47.85,59,48.0,29,1,2022-02-17 09:02:03
1645088523298662000,48.0,1,47.85,59,48.0,29,1,2022-02-17 09:02:03
1645088523587468000,47.85,1,47.85,58,48.0,29,2,2022-02-17 09:02:03
1645088523853674000,48.0,1,47.85,58,48.0,28,1,2022-02-17 09:02:03
1645088524176636000,47.95,1,47.9,1,48.0,28,2,2022-02-17 09:02:04
1645088524284460000,47.9,1,47.85,59,47.9,4,2,2022-02-17 09:02:04
1645088524391550000,47.9,4,47.85,64,48.0,25,1,2022-02-17 09:02:04
1645088524391550000,48.0,4,47.85,64,48.0,25,1,2022-02-17 09:02:04
1645088525105694000,47.9,1,47.9,7,48.0,25,2,2022-02-17 09:02:05
1645088528373259000,47.9,11,47.85,75,47.9,2,2,2022-02-17 09:02:08
1645088528599874000,47.9,1,47.85,75,47.9,1,1,2022-02-17 09:02:08
1645088529146192000,47.9,1,47.85,75,48.0,15,1,2022-02-17 09:02:09
1645088529146192000,47.95,3,47.85,75,48.0,15,1,2022-02-17 09:02:09
1645088529146192000,48.0,1,47.85,75,48.0,15,1,2022-02-17 09:02:09
1645088529883059000,48.0,10,47.9,5,48.0,5,1,2022-02-17 09:02:09
1645088530729881000,47.95,1,47.95,1,48.0,5,2,2022-02-17 09:02:10
1645088531553773000,48.0,5,47.95,1,48.0,1,1,2022-02-17 09:02:11
1645088531679767000,47.95,1,47.9,13,48.0,1,2,2022-02-17 09:02:11
1645088531953477000,48.0,1,47.9,41,48.05,7,1,2022-02-17 09:02:11
1645088532030613000,48.05,5,47.9,42,48.05,2,1,2022-02-17 09:02:12
1645088532404040000,48.0,1,48.0,2,48.05,2,1,2022-02-17 09:02:12
1645088532503326000,48.05,2,48.0,2,48.2,91,1,2022-02-17 09:02:12
1645088532503326000,48.1,7,48.0,2,48.2,91,1,2022-02-17 09:02:12
1645088532503326000,48.15,35,48.0,2,48.2,91,1,2022-02-17 09:02:12
1645088532503326000,48.2,36,48.0,2,48.2,91,1,2022-02-17 09:02:12
1645088533033239000,48.05,1,48.0,9,48.15,5,2,2022-02-17 09:02:13
1645088533810656000,48.0,3,48.0,8,48.15,10,2,2022-02-17 09:02:13
1645088534195377000,48.0,3,48.0,2,48.1,1,2,2022-02-17 09:02:14
1645088534248392000,48.1,1,48.0,2,48.15,10,1,2022-02-17 09:02:14
1645088534321203000,48.15,1,48.0,2,48.15,9,1,2022-02-17 09:02:14
1645088534572852000,48.0,3,48.0,1,48.15,9,2,2022-02-17 09:02:14
1645088534817988000,48.0,1,47.95,55,48.15,9,2,2022-02-17 09:02:14
1645088534817988000,47.95,2,47.95,55,48.15,9,2,2022-02-17 09:02:14
1645088535177352000,47.95,3,47.95,52,48.15,9,2,2022-02-17 09:02:15
1645088536123761000,47.95,3,47.95,49,48.0,1,2,2022-02-17 09:02:16
1645088536170924000,48.0,1,47.95,49,48.15,11,1,2022-02-17 09:02:16
1645088536402731000,48.15,1,48.0,1,48.15,10,1,2022-02-17 09:02:16
1645088536514692000,48.0,1,47.95,47,48.15,10,2,2022-02-17 09:02:16
1645088536514692000,47.95,2,47.95,47,48.15,10,2,2022-02-17 09:02:16
1645088536535352000,48.15,1,47.95,47,48.15,9,1,2022-02-17 09:02:16
1645088536808139000,47.95,3,47.95,49,48.15,10,2,2022-02-17 09:02:16
1645088537163391000,47.95,3,47.95,46,48.1,1,2,2022-02-17 09:02:17
1645088537635399000,48.0,1,47.95,46,48.1,1,2,2022-02-17 09:02:17
1645088537635399000,47.95,2,47.95,46,48.1,1,2,2022-02-17 09:02:17
1645088538077360000,48.0,3,48.0,8,48.1,3,2,2022-02-17 09:02:18
1645088538439715000,48.0,3,48.0,7,48.05,1,2,2022-02-17 09:02:18
1645088538726958000,48.0,3,48.0,5,48.05,1,2,2022-02-17 09:02:18
1645088539233400000,48.0,3,48.0,2,48.05,1,2,2022-02-17 09:02:19
1645088539235174000,48.0,2,47.95,87,48.05,1,2,2022-02-17 09:02:19
1645088539419430000,48.05,1,47.95,88,48.1,6,1,2022-02-17 09:02:19
1645088540145211000,48.0,3,48.0,1,48.1,15,2,2022-02-17 09:02:20
1645088540782745000,48.1,1,48.0,7,48.1,16,1,2022-02-17 09:02:20
1645088541080662000,48.05,1,48.0,7,48.1,14,1,2022-02-17 09:02:21
1645088541080662000,48.1,2,48.0,7,48.1,14,1,2022-02-17 09:02:21
1645088541448865000,48.0,8,47.95,98,48.0,2,2,2022-02-17 09:02:21
1645088541487981000,47.95,1,47.95,97,48.0,2,2,2022-02-17 09:02:21
1645088541636989000,48.0,1,47.95,98,48.0,1,1,2022-02-17 09:02:21
1645088541911117000,48.0,1,47.95,101,48.0,1,1,2022-02-17 09:02:21
1645088542013970000,48.0,1,48.0,1,48.05,2,1,2022-02-17 09:02:22
1645088542391796000,48.0,2,47.95,101,48.05,2,2,2022-02-17 09:02:22
1645088542391796000,47.95,1,47.95,101,48.05,2,2,2022-02-17 09:02:22
1645088542553038000,48.0,1,47.95,101,48.05,2,2,2022-02-17 09:02:22
1645088543116504000,48.05,2,47.95,106,48.05,2,1,2022-02-17 09:02:23
1645088543219587000,48.05,1,47.95,106,48.05,1,1,2022-02-17 09:02:23
1645088543310392000,47.95,3,47.95,103,48.05,2,2,2022-02-17 09:02:23
1645088543475916000,48.0,1,47.95,103,48.05,2,1,2022-02-17 09:02:23
1645088543885650000,48.05,2,47.95,106,48.1,14,1,2022-02-17 09:02:23
1645088545086555000,48.0,4,47.95,109,48.0,6,2,2022-02-17 09:02:25
1645088545127778000,47.95,11,47.95,98,48.0,17,2,2022-02-17 09:02:25
1645088545154090000,47.95,1,47.95,97,48.0,17,2,2022-02-17 09:02:25
1645088545180537000,47.95,1,47.95,96,48.0,17,2,2022-02-17 09:02:25
1645088545226244000,48.0,1,47.95,97,48.0,16,1,2022-02-17 09:02:25
1645088545299748000,47.95,3,47.95,94,48.0,16,2,2022-02-17 09:02:25
1645088545464870000,47.95,1,47.95,93,48.0,25,2,2022-02-17 09:02:25
1645088545560736000,48.0,1,47.95,93,48.0,24,1,2022-02-17 09:02:25
1645088545929844000,48.0,2,47.95,94,48.0,23,1,2022-02-17 09:02:25
1645088546226526000,48.0,1,47.95,95,48.0,22,1,2022-02-17 09:02:26
1645088546465438000,48.0,5,47.95,95,48.0,17,1,2022-02-17 09:02:26
1645088546688050000,48.0,1,47.95,123,48.0,16,1,2022-02-17 09:02:26
1645088546752396000,48.0,2,47.95,123,48.0,14,1,2022-02-17 09:02:26
1645088546790299000,47.95,1,47.95,122,48.0,14,2,2022-02-17 09:02:26
1645088546887890000,47.95,3,47.95,119,48.0,14,2,2022-02-17 09:02:26
1645088546905407000,48.0,1,47.95,119,48.0,13,1,2022-02-17 09:02:26
1645088546960572000,47.95,1,47.95,118,48.0,13,2,2022-02-17 09:02:26
1645088546998629000,48.0,1,47.95,118,48.0,12,1,2022-02-17 09:02:26
1645088547000574000,48.0,12,48.0,16,48.05,10,1,2022-02-17 09:02:27
1645088547011642000,48.0,1,48.0,15,48.05,10,2,2022-02-17 09:02:27
1645088547042679000,48.0,1,48.0,14,48.05,10,2,2022-02-17 09:02:27
1645088547120526000,48.0,1,48.0,15,48.05,10,2,2022-02-17 09:02:27
1645088547487511000,48.0,3,48.0,69,48.05,10,2,2022-02-17 09:02:27
1645088547609313000,48.0,8,48.0,62,48.05,10,2,2022-02-17 09:02:27
1645088547845225000,48.05,10,48.05,18,48.1,6,1,2022-02-17 09:02:27
1645088547993296000,48.05,2,48.05,16,48.1,6,2,2022-02-17 09:02:27
1645088548036588000,48.05,3,48.05,13,48.1,6,2,2022-02-17 09:02:28
1645088548294907000,48.1,6,48.1,22,48.15,15,1,2022-02-17 09:02:28
1645088548499614000,48.1,3,48.1,19,48.15,15,2,2022-02-17 09:02:28
1645088548768010000,48.1,3,48.1,44,48.15,15,2,2022-02-17 09:02:28
1645088548814342000,48.15,15,48.15,13,48.2,93,1,2022-02-17 09:02:28
1645088548870123000,48.15,2,48.15,11,48.2,90,2,2022-02-17 09:02:28
1645088549027544000,48.15,3,48.15,8,48.2,90,2,2022-02-17 09:02:29
1645088549396189000,48.15,3,48.15,6,48.2,90,2,2022-02-17 09:02:29
1645088549980960000,48.2,1,48.15,6,48.2,89,1,2022-02-17 09:02:29
1645088550041724000,48.15,6,48.1,58,48.15,14,2,2022-02-17 09:02:30
1645088550192146000,48.15,1,48.1,58,48.15,13,1,2022-02-17 09:02:30
1645088550725125000,48.1,3,48.1,55,48.15,13,2,2022-02-17 09:02:30
1645088550936275000,48.15,1,48.1,55,48.15,12,1,2022-02-17 09:02:30
1645088550948760000,48.1,3,48.1,52,48.15,12,2,2022-02-17 09:02:30
1645088551715731000,48.1,3,48.1,49,48.15,13,2,2022-02-17 09:02:31
1645088551830428000,48.15,2,48.1,49,48.15,11,1,2022-02-17 09:02:31
1645088552204323000,48.1,3,48.1,94,48.15,11,2,2022-02-17 09:02:32
1645088552393857000,48.15,1,48.1,94,48.15,10,1,2022-02-17 09:02:32
1645088552506208000,48.15,10,48.15,38,48.2,91,1,2022-02-17 09:02:32
1645088552731816000,48.15,3,48.15,35,48.2,91,2,2022-02-17 09:02:32
1645088552980083000,48.15,2,48.15,33,48.2,91,2,2022-02-17 09:02:32
1645088553271811000,48.15,3,48.15,30,48.2,91,2,2022-02-17 09:02:33
1645088553483697000,48.15,5,48.15,25,48.2,91,2,2022-02-17 09:02:33
1645088553544658000,48.15,3,48.15,22,48.2,91,2,2022-02-17 09:02:33
1645088553685585000,48.15,1,48.15,21,48.2,91,2,2022-02-17 09:02:33
1645088553784557000,48.2,1,48.15,21,48.2,90,1,2022-02-17 09:02:33
1645088554011618000,48.15,1,48.15,22,48.2,90,2,2022-02-17 09:02:34
1645088554056911000,48.15,1,48.15,21,48.2,90,2,2022-02-17 09:02:34
1645088554293324000,48.2,1,48.15,21,48.2,89,1,2022-02-17 09:02:34
1645088554511220000,48.2,1,48.15,28,48.2,88,1,2022-02-17 09:02:34
1645088554917291000,48.15,3,48.15,74,48.2,88,2,2022-02-17 09:02:34
1645088556448676000,48.15,1,48.15,78,48.2,82,2,2022-02-17 09:02:36
1645088556477382000,48.2,5,48.15,78,48.2,77,1,2022-02-17 09:02:36
1645088556859352000,48.2,5,48.15,128,48.2,72,1,2022-02-17 09:02:36
1645088556944267000,48.2,2,48.15,128,48.2,71,1,2022-02-17 09:02:36
1645088557118175000,48.2,1,48.15,128,48.2,70,1,2022-02-17 09:02:37
1645088557195389000,48.2,1,48.15,128,48.2,69,1,2022-02-17 09:02:37
1645088557377648000,48.15,3,48.15,125,48.2,69,2,2022-02-17 09:02:37
1645088557953020000,48.15,1,48.15,176,48.2,69,2,2022-02-17 09:02:37
1645088558067135000,48.15,3,48.15,173,48.2,70,2,2022-02-17 09:02:38
1645088558588774000,48.15,3,48.15,184,48.2,70,2,2022-02-17 09:02:38
1645088558823781000,48.2,2,48.15,185,48.2,68,1,2022-02-17 09:02:38
1645088558856413000,48.2,1,48.15,185,48.2,67,1,2022-02-17 09:02:38
1645088558947132000,48.2,2,48.15,185,48.2,65,1,2022-02-17 09:02:38
1645088558975738000,48.2,1,48.15,185,48.2,64,1,2022-02-17 09:02:38
1645088559096648000,48.15,3,48.15,182,48.2,64,2,2022-02-17 09:02:39
1645088559611881000,48.15,3,48.15,181,48.2,65,2,2022-02-17 09:02:39
1645088560027549000,48.15,3,48.15,189,48.2,67,2,2022-02-17 09:02:40
1645088560065109000,48.15,1,48.15,188,48.2,67,2,2022-02-17 09:02:40
1645088560096620000,48.15,2,48.15,186,48.2,67,2,2022-02-17 09:02:40
1645088560344972000,48.2,1,48.15,224,48.2,66,1,2022-02-17 09:02:40
1645088560751156000,48.2,1,48.15,226,48.2,64,1,2022-02-17 09:02:40
1645088560782310000,48.2,3,48.15,226,48.2,61,1,2022-02-17 09:02:40
1645088560921637000,48.2,1,48.15,226,48.2,60,1,2022-02-17 09:02:40
1645088560941450000,48.2,7,48.15,226,48.2,53,1,2022-02-17 09:02:40
1645088561318821000,48.2,6,48.15,229,48.2,47,1,2022-02-17 09:02:41
1645088561777952000,48.2,1,48.15,293,48.2,51,1,2022-02-17 09:02:41
1645088561787729000,48.15,1,48.15,292,48.2,51,2,2022-02-17 09:02:41
1645088562095119000,48.2,1,48.15,294,48.2,50,1,2022-02-17 09:02:42
1645088562434158000,48.2,1,48.15,296,48.2,49,1,2022-02-17 09:02:42
1645088562545457000,48.2,1,48.15,296,48.2,48,1,2022-02-17 09:02:42
1645088562681357000,48.15,3,48.15,293,48.2,48,2,2022-02-17 09:02:42
1645088562779672000,48.2,2,48.15,293,48.2,46,1,2022-02-17 09:02:42
1645088563200676000,48.2,2,48.15,294,48.2,45,1,2022-02-17 09:02:43
1645088563267400000,48.2,2,48.15,294,48.2,43,1,2022-02-17 09:02:43
1645088563645928000,48.2,1,48.15,294,48.2,43,1,2022-02-17 09:02:43
1645088563657328000,48.2,33,48.15,294,48.2,10,1,2022-02-17 09:02:43
1645088563941064000,48.2,1,48.15,294,48.2,10,1,2022-02-17 09:02:43
1645088564154144000,48.15,2,48.15,293,48.2,10,2,2022-02-17 09:02:44
1645088564179843000,48.2,10,48.2,40,48.25,120,1,2022-02-17 09:02:44
1645088564242143000,48.2,10,48.2,30,48.25,120,2,2022-02-17 09:02:44
1645088564335258000,48.2,3,48.2,27,48.25,120,2,2022-02-17 09:02:44
1645088564430409000,48.25,8,48.2,35,48.25,112,1,2022-02-17 09:02:44
1645088564478020000,48.2,1,48.2,34,48.25,112,2,2022-02-17 09:02:44
1645088564723162000,48.2,3,48.2,33,48.25,112,2,2022-02-17 09:02:44
1645088564780386000,48.2,10,48.2,23,48.25,112,2,2022-02-17 09:02:44
1645088565117317000,48.2,1,48.2,28,48.25,112,2,2022-02-17 09:02:45
1645088565155040000,48.2,3,48.2,27,48.25,112,2,2022-02-17 09:02:45
1645088565780180000,48.2,1,48.2,40,48.25,107,2,2022-02-17 09:02:45
1645088565915382000,48.2,4,48.2,38,48.25,107,2,2022-02-17 09:02:45
1645088565976666000,48.25,1,48.2,38,48.25,106,1,2022-02-17 09:02:45
1645088566008089000,48.25,1,48.2,38,48.25,105,1,2022-02-17 09:02:46
1645088567461119000,48.25,3,48.2,55,48.25,102,1,2022-02-17 09:02:47
1645088567472840000,48.2,10,48.2,45,48.25,102,2,2022-02-17 09:02:47
1645088568273373000,48.25,3,48.2,48,48.25,105,1,2022-02-17 09:02:48
1645088568830823000,48.2,2,48.2,50,48.25,105,2,2022-02-17 09:02:48
1645088569864963000,48.25,1,48.2,73,48.25,104,1,2022-02-17 09:02:49
1645088570178735000,48.25,1,48.2,73,48.25,103,1,2022-02-17 09:02:50
1645088571067105000,48.25,1,48.2,73,48.25,102,1,2022-02-17 09:02:51
1645088571165584000,48.25,1,48.2,73,48.25,102,1,2022-02-17 09:02:51
1645088571258482000,48.25,10,48.2,74,48.25,92,1,2022-02-17 09:02:51
1645088571476322000,48.25,8,48.2,73,48.25,84,1,2022-02-17 09:02:51
1645088572073776000,48.25,3,48.2,74,48.25,83,1,2022-02-17 09:02:52
1645088572098672000,48.2,5,48.2,71,48.25,83,2,2022-02-17 09:02:52
1645088572318257000,48.25,1,48.2,71,48.25,82,1,2022-02-17 09:02:52
1645088572328697000,48.25,2,48.2,71,48.25,80,1,2022-02-17 09:02:52
1645088572333919000,48.25,6,48.2,71,48.25,74,1,2022-02-17 09:02:52
1645088572615424000,48.25,1,48.2,71,48.25,73,1,2022-02-17 09:02:52
1645088572993775000,48.25,1,48.2,160,48.25,72,1,2022-02-17 09:02:52
1645088573023297000,48.2,19,48.2,141,48.25,72,2,2022-02-17 09:02:53
1645088573058247000,48.2,1,48.2,140,48.25,72,2,2022-02-17 09:02:53
1645088573087231000,48.2,1,48.2,139,48.25,72,2,2022-02-17 09:02:53
1645088573089427000,48.2,1,48.2,138,48.25,72,2,2022-02-17 09:02:53
1645088573432418000,48.25,1,48.2,138,48.25,71,1,2022-02-17 09:02:53
1645088573792961000,48.25,1,48.2,148,48.25,70,1,2022-02-17 09:02:53
1645088573974974000,48.25,2,48.2,158,48.25,68,1,2022-02-17 09:02:53
1645088574236325000,48.2,5,48.2,243,48.25,68,2,2022-02-17 09:02:54
1645088574652119000,48.2,12,48.2,234,48.25,69,2,2022-02-17 09:02:54
1645088574877217000,48.25,1,48.2,234,48.25,68,1,2022-02-17 09:02:54
1645088575065524000,48.25,10,48.2,240,48.25,58,1,2022-02-17 09:02:55
1645088575074555000,48.2,1,48.2,239,48.25,58,2,2022-02-17 09:02:55
1645088575344624000,48.25,5,48.2,240,48.25,53,1,2022-02-17 09:02:55
1645088575351223000,48.25,2,48.2,240,48.25,51,1,2022-02-17 09:02:55
1645088575481734000,48.2,4,48.2,239,48.25,51,2,2022-02-17 09:02:55
1645088575496869000,48.25,1,48.2,239,48.25,50,1,2022-02-17 09:02:55
1645088575683986000,48.25,15,48.2,240,48.25,35,1,2022-02-17 09:02:55
1645088575752566000,48.25,10,48.2,240,48.25,25,1,2022-02-17 09:02:55
1645088575780673000,48.25,8,48.2,244,48.25,17,1,2022-02-17 09:02:55
1645088576286129000,48.25,1,48.2,244,48.25,17,1,2022-02-17 09:02:56
1645088576516291000,48.25,1,48.2,244,48.25,16,1,2022-02-17 09:02:56
1645088577137225000,48.25,1,48.2,246,48.25,41,1,2022-02-17 09:02:57
1645088577339845000,48.25,1,48.2,251,48.25,42,1,2022-02-17 09:02:57
1645088577627184000,48.25,1,48.2,251,48.25,41,1,2022-02-17 09:02:57
1645088577788061000,48.25,2,48.2,251,48.25,39,1,2022-02-17 09:02:57
1645088577826127000,48.25,1,48.2,251,48.25,38,1,2022-02-17 09:02:57
1645088578175537000,48.25,1,48.2,251,48.25,37,1,2022-02-17 09:02:58
1645088578229725000,48.25,1,48.2,251,48.25,36,1,2022-02-17 09:02:58
1645088578331743000,48.25,1,48.2,261,48.25,35,1,2022-02-17 09:02:58
1645088578453463000,48.25,10,48.2,261,48.25,26,1,2022-02-17 09:02:58
1645088578459346000,48.25,1,48.2,261,48.25,25,1,2022-02-17 09:02:58
1645088578476002000,48.25,1,48.2,261,48.25,24,1,2022-02-17 09:02:58
1645088579152258000,48.25,2,48.2,257,48.25,22,1,2022-02-17 09:02:59
1645088579213823000,48.25,1,48.2,257,48.25,22,1,2022-02-17 09:02:59
1645088579292594000,48.25,10,48.2,257,48.25,12,1,2022-02-17 09:02:59
1645088579327296000,48.25,12,48.25,8,48.3,54,1,2022-02-17 09:02:59
1645088579361112000,48.25,8,48.2,257,48.3,54,2,2022-02-17 09:02:59
1645088579449202000,48.2,10,48.2,247,48.3,54,2,2022-02-17 09:02:59
1645088579526320000,48.25,5,48.25,35,48.3,59,2,2022-02-17 09:02:59
1645088579526353000,48.25,1,48.25,34,48.3,59,2,2022-02-17 09:02:59
1645088579526395000,48.25,34,48.2,259,48.3,59,2,2022-02-17 09:02:59
1645088579567658000,48.2,107,48.2,153,48.3,59,2,2022-02-17 09:02:59
1645088579594978000,48.2,15,48.2,138,48.3,59,2,2022-02-17 09:02:59
1645088579601026000,48.2,13,48.2,125,48.3,59,2,2022-02-17 09:02:59
1645088579601045000,48.2,51,48.2,74,48.3,59,2,2022-02-17 09:02:59
1645088579633715000,48.2,14,48.2,60,48.25,14,2,2022-02-17 09:02:59
1645088579635846000,48.2,60,48.15,330,48.25,16,2,2022-02-17 09:02:59
1645088579662565000,48.2,3,48.2,2,48.25,18,2,2022-02-17 09:02:59
1645088579697207000,48.2,2,48.2,3,48.25,19,2,2022-02-17 09:02:59
1645088579697727000,48.2,2,48.2,1,48.25,19,2,2022-02-17 09:02:59
1645088579740910000,48.2,1,48.15,327,48.25,19,2,2022-02-17 09:02:59
1645088579933556000,48.25,1,48.15,317,48.25,16,1,2022-02-17 09:02:59
1645088580038251000,48.25,2,48.15,317,48.25,16,1,2022-02-17 09:03:00
1645088580130855000,48.2,2,48.15,317,48.25,16,2,2022-02-17 09:03:00
1645088580206565000,48.2,1,48.15,317,48.25,7,1,2022-02-17 09:03:00
1645088580206565000,48.25,9,48.15,317,48.25,7,1,2022-02-17 09:03:00
1645088580219110000,48.25,2,48.15,317,48.25,5,1,2022-02-17 09:03:00
1645088580293438000,48.25,1,48.15,317,48.25,9,1,2022-02-17 09:03:00
1645088580356069000,48.15,14,48.15,303,48.25,12,2,2022-02-17 09:03:00
1645088580372713000,48.15,5,48.15,298,48.25,12,2,2022-02-17 09:03:00
1645088580494197000,48.2,1,48.15,298,48.2,3,1,2022-02-17 09:03:00
1645088580498904000,48.2,2,48.15,298,48.2,1,1,2022-02-17 09:03:00
1645088580575536000,48.15,59,48.15,239,48.2,24,2,2022-02-17 09:03:00
1645088580600173000,48.15,1,48.15,238,48.2,24,2,2022-02-17 09:03:00
1645088580601409000,48.15,1,48.15,237,48.2,24,2,2022-02-17 09:03:00
1645088580615658000,48.15,1,48.15,236,48.2,24,2,2022-02-17 09:03:00
1645088580621373000,48.15,1,48.15,235,48.2,24,2,2022-02-17 09:03:00
1645088580623844000,48.15,1,48.15,234,48.2,24,2,2022-02-17 09:03:00
1645088580626822000,48.15,1,48.15,233,48.2,24,2,2022-02-17 09:03:00
1645088580643354000,48.15,1,48.15,232,48.2,24,2,2022-02-17 09:03:00
1645088580680218000,48.2,10,48.15,232,48.2,22,1,2022-02-17 09:03:00
1645088580686685000,48.15,27,48.15,205,48.2,22,2,2022-02-17 09:03:00
1645088580722605000,48.15,1,48.15,204,48.2,22,2,2022-02-17 09:03:00
1645088580722789000,48.15,1,48.15,203,48.2,22,2,2022-02-17 09:03:00
1645088580734794000,48.15,1,48.15,202,48.2,22,2,2022-02-17 09:03:00
1645088580743909000,48.2,2,48.15,202,48.2,20,1,2022-02-17 09:03:00
1645088580746683000,48.2,5,48.15,202,48.2,15,1,2022-02-17 09:03:00
1645088580780539000,48.15,1,48.15,201,48.2,29,2,2022-02-17 09:03:00
1645088580931870000,48.2,5,48.15,201,48.2,24,1,2022-02-17 09:03:00
1645088581014686000,48.2,1,48.15,72,48.2,23,1,2022-02-17 09:03:01
1645088581039339000,48.15,37,48.15,35,48.2,23,2,2022-02-17 09:03:01
1645088581072037000,48.15,35,48.1,252,48.2,23,2,2022-02-17 09:03:01
1645088581084309000,48.2,1,48.1,252,48.2,22,1,2022-02-17 09:03:01
1645088581097331000,48.2,1,48.1,252,48.2,21,1,2022-02-17 09:03:01
1645088581225024000,48.15,1,48.1,257,48.15,1,1,2022-02-17 09:03:01
1645088581250170000,48.15,1,48.1,257,48.2,21,1,2022-02-17 09:03:01
1645088581461256000,48.2,1,48.1,33,48.2,30,1,2022-02-17 09:03:01
1645088581542756000,48.15,1,48.1,33,48.2,29,1,2022-02-17 09:03:01
1645088581542756000,48.2,1,48.1,33,48.2,29,1,2022-02-17 09:03:01
1645088581648655000,48.1,2,48.1,31,48.2,30,2,2022-02-17 09:03:01
1645088581707285000,48.15,1,48.1,31,48.2,30,1,2022-02-17 09:03:01
1645088581732457000,48.1,2,48.1,29,48.2,33,2,2022-02-17 09:03:01
1645088581754459000,48.1,29,48.05,23,48.2,33,2,2022-02-17 09:03:01
1645088581755771000,48.05,1,48.05,22,48.2,33,2,2022-02-17 09:03:01
1645088581894389000,48.05,1,48.05,21,48.1,1,2,2022-02-17 09:03:01
1645088581908526000,48.05,1,48.05,20,48.1,1,2,2022-02-17 09:03:01
1645088581930579000,48.05,20,47.95,103,48.0,20,2,2022-02-17 09:03:01
1645088581930579000,48.0,60,47.95,103,48.0,20,2,2022-02-17 09:03:01
1645088581953790000,48.0,1,47.95,103,48.0,19,1,2022-02-17 09:03:01
1645088581974058000,47.95,1,47.95,102,48.0,19,2,2022-02-17 09:03:01
1645088581974758000,47.95,1,47.95,101,48.0,19,2,2022-02-17 09:03:01
1645088581974762000,47.95,1,47.95,100,48.0,19,2,2022-02-17 09:03:01
1645088581976068000,47.95,1,47.95,99,48.0,19,2,2022-02-17 09:03:01
1645088581982717000,48.0,1,47.95,99,48.0,18,1,2022-02-17 09:03:01
1645088581983296000,47.95,1,47.95,98,48.0,18,2,2022-02-17 09:03:01
1645088581995691000,47.95,1,47.95,97,48.0,18,2,2022-02-17 09:03:01
1645088581996775000,47.95,1,47.95,96,48.0,18,2,2022-02-17 09:03:01
1645088582003910000,48.0,1,47.95,96,48.0,17,1,2022-02-17 09:03:02
1645088582010835000,47.95,1,47.95,95,48.0,17,2,2022-02-17 09:03:02
1645088582011391000,47.95,1,47.95,94,48.0,17,2,2022-02-17 09:03:02
1645088582012918000,47.95,1,47.95,93,48.0,17,2,2022-02-17 09:03:02
1645088582017062000,47.95,1,47.95,92,48.0,17,2,2022-02-17 09:03:02
1645088582020822000,47.95,1,47.95,91,48.0,17,2,2022-02-17 09:03:02
1645088582036161000,47.95,1,47.95,90,48.0,17,2,2022-02-17 09:03:02
1645088582062395000,47.95,1,47.95,89,48.0,17,2,2022-02-17 09:03:02
1645088582102879000,47.95,1,47.95,88,48.0,17,2,2022-02-17 09:03:02
1645088582210736000,47.95,5,47.95,83,48.0,17,2,2022-02-17 09:03:02
1645088582363733000,47.95,1,47.95,82,48.0,22,2,2022-02-17 09:03:02
1645088582416261000,47.95,48,47.95,34,48.0,22,2,2022-02-17 09:03:02
1645088582418508000,47.95,1,47.95,33,48.0,22,2,2022-02-17 09:03:02
1645088582449069000,47.95,1,47.95,32,48.0,22,2,2022-02-17 09:03:02
1645088582490677000,47.95,1,47.95,31,48.0,22,2,2022-02-17 09:03:02
1645088582784143000,48.0,2,47.95,18,48.0,20,1,2022-02-17 09:03:02
1645088582922957000,48.0,1,47.95,18,48.0,19,1,2022-02-17 09:03:02
1645088583028280000,47.95,18,47.9,121,48.0,19,2,2022-02-17 09:03:03
1645088583168699000,47.9,5,47.9,116,48.0,19,2,2022-02-17 09:03:03
1645088583509990000,47.95,1,47.9,33,48.0,19,1,2022-02-17 09:03:03
1645088583584914000,48.0,1,47.9,33,48.0,13,1,2022-02-17 09:03:03
1645088583746675000,48.0,2,47.9,33,48.0,11,1,2022-02-17 09:03:03
1645088583790041000,48.0,11,47.9,33,48.25,27,1,2022-02-17 09:03:03
1645088583790041000,48.1,4,47.9,33,48.25,27,1,2022-02-17 09:03:03
1645088583790041000,48.15,11,47.9,33,48.25,27,1,2022-02-17 09:03:03
1645088583790041000,48.2,30,47.9,33,48.25,27,1,2022-02-17 09:03:03
1645088584006466000,48.15,1,47.95,12,48.15,3,1,2022-02-17 09:03:04
1645088584305868000,47.95,1,47.95,1,48.1,1,2,2022-02-17 09:03:04
1645088584489852000,48.1,1,47.95,2,48.15,1,1,2022-02-17 09:03:04
1645088584489852000,48.15,3,47.95,2,48.15,1,1,2022-02-17 09:03:04
1645088584626499000,47.95,1,47.95,1,48.1,3,2,2022-02-17 09:03:04
1645088584868242000,48.05,1,47.95,1,48.05,1,1,2022-02-17 09:03:04
1645088584878995000,48.05,1,47.95,1,48.1,2,1,2022-02-17 09:03:04
1645088584878995000,48.1,1,47.95,1,48.1,2,1,2022-02-17 09:03:04
1645088585220374000,47.95,1,47.9,40,47.95,4,2,2022-02-17 09:03:05
1645088585251537000,47.9,18,47.9,18,47.95,4,2,2022-02-17 09:03:05
1645088585344807000,47.95,4,47.95,15,48.1,4,1,2022-02-17 09:03:05
1645088585370948000,47.95,1,47.95,14,48.1,4,2,2022-02-17 09:03:05
1645088585397207000,48.1,1,47.95,14,48.1,4,1,2022-02-17 09:03:05
1645088585492583000,48.1,1,47.95,14,48.1,3,1,2022-02-17 09:03:05
1645088585788564000,48.1,1,47.95,15,48.1,3,1,2022-02-17 09:03:05
1645088585974204000,48.1,2,47.95,15,48.1,1,1,2022-02-17 09:03:05
1645088587366856000,48.0,3,48.0,7,48.1,1,2,2022-02-17 09:03:07
1645088587891298000,48.0,1,48.0,10,48.05,1,2,2022-02-17 09:03:07
1645088587925050000,48.0,1,48.0,9,48.05,1,2,2022-02-17 09:03:07
1645088587941777000,48.0,9,47.95,28,48.05,1,2,2022-02-17 09:03:07
1645088588240690000,48.05,1,48.0,2,48.1,3,1,2022-02-17 09:03:08
1645088588466796000,48.0,2,47.95,28,48.1,3,2,2022-02-17 09:03:08
1645088588634574000,47.95,2,47.95,36,48.1,3,2,2022-02-17 09:03:08
1645088589447722000,48.05,1,48.0,1,48.1,2,1,2022-02-17 09:03:09
1645088589447722000,48.1,1,48.0,1,48.1,2,1,2022-02-17 09:03:09
1645088590875918000,48.0,3,47.95,37,48.05,12,2,2022-02-17 09:03:10
1645088590875918000,47.95,1,47.95,37,48.05,12,2,2022-02-17 09:03:10
1645088590943348000,47.95,37,47.9,17,48.05,22,2,2022-02-17 09:03:10
1645088591201990000,48.0,1,47.95,3,48.0,3,1,2022-02-17 09:03:11
1645088591630947000,48.0,3,47.95,7,48.0,2,1,2022-02-17 09:03:11
1645088593151052000,47.95,1,47.95,4,48.0,4,2,2022-02-17 09:03:13
1645088593213698000,48.0,4,47.95,4,48.05,18,1,2022-02-17 09:03:13
1645088593213698000,48.05,6,47.95,4,48.05,18,1,2022-02-17 09:03:13
1645088593720260000,48.0,1,47.95,4,48.0,5,1,2022-02-17 09:03:13
1645088593874680000,47.95,1,47.95,13,48.0,6,2,2022-02-17 09:03:13
1645088595085297000,48.0,2,47.95,14,48.0,5,1,2022-02-17 09:03:15
1645088595402377000,48.0,1,47.95,17,48.0,5,1,2022-02-17 09:03:15
1645088596106650000,47.95,1,47.95,17,48.0,6,2,2022-02-17 09:03:16
1645088596179947000,47.95,2,47.95,15,48.0,6,2,2022-02-17 09:03:16
1645088598053024000,48.0,1,47.95,25,48.0,9,1,2022-02-17 09:03:18
1645088598791956000,48.0,1,47.95,25,48.0,8,1,2022-02-17 09:03:18
1645088599082011000,48.0,1,47.95,28,48.0,8,1,2022-02-17 09:03:19
1645088599107875000,48.0,3,47.95,28,48.0,5,1,2022-02-17 09:03:19
1645088599736304000,48.0,5,47.95,29,48.0,1,1,2022-02-17 09:03:19
1645088599794450000,48.0,1,47.95,29,48.05,17,1,2022-02-17 09:03:19
1645088599876414000,47.95,15,47.95,14,48.05,16,2,2022-02-17 09:03:19
1645088601054708000,48.0,1,47.95,18,48.0,7,1,2022-02-17 09:03:21
1645088601737868000,48.0,1,47.95,21,48.0,6,1,2022-02-17 09:03:21
1645088601748640000,48.0,3,47.95,21,48.0,3,1,2022-02-17 09:03:21
1645088602721341000,47.95,2,47.95,19,48.0,5,2,2022-02-17 09:03:22
1645088603260811000,48.0,1,47.95,22,48.0,7,1,2022-02-17 09:03:23
1645088603340721000,47.95,1,47.95,24,48.0,7,2,2022-02-17 09:03:23
1645088603385252000,47.95,1,47.95,23,48.0,7,2,2022-02-17 09:03:23
1645088603848260000,47.95,1,47.95,23,48.0,13,2,2022-02-17 09:03:23
1645088605886846000,48.0,2,47.95,43,48.0,11,1,2022-02-17 09:03:25
1645088606318554000,48.0,1,47.95,44,48.0,10,1,2022-02-17 09:03:26
1645088606883443000,47.95,1,47.95,43,48.0,12,2,2022-02-17 09:03:26
1645088606949184000,47.95,11,47.95,32,48.0,12,2,2022-02-17 09:03:26
1645088606950114000,47.95,8,47.95,24,48.0,12,2,2022-02-17 09:03:26
1645088606950431000,47.95,13,47.95,11,48.0,12,2,2022-02-17 09:03:26
1645088606991014000,47.95,2,47.95,9,48.0,12,2,2022-02-17 09:03:26
1645088607470296000,47.95,1,47.95,14,48.0,12,2,2022-02-17 09:03:27
1645088607472063000,47.95,2,47.95,12,48.0,12,2,2022-02-17 09:03:27
1645088607619697000,47.95,1,47.95,11,48.0,12,2,2022-02-17 09:03:27
1645088607955337000,47.95,1,47.95,11,48.0,22,2,2022-02-17 09:03:27
1645088608678860000,47.95,1,47.95,11,48.0,22,2,2022-02-17 09:03:28
1645088609458196000,47.95,3,47.95,9,48.0,22,2,2022-02-17 09:03:29
1645088609569307000,47.95,9,47.9,33,47.95,1,2,2022-02-17 09:03:29
1645088609599578000,47.95,1,47.9,33,48.0,22,1,2022-02-17 09:03:29
1645088610245029000,48.0,2,47.95,1,48.0,21,1,2022-02-17 09:03:30
1645088610384663000,47.95,5,47.95,1,48.0,21,2,2022-02-17 09:03:30
1645088610477689000,47.95,1,47.9,33,48.0,21,2,2022-02-17 09:03:30
1645088610584181000,48.0,2,47.9,33,48.0,19,1,2022-02-17 09:03:30
1645088610844277000,47.95,2,47.9,33,48.0,22,1,2022-02-17 09:03:30
1645088611477295000,47.95,2,47.9,33,47.95,7,1,2022-02-17 09:03:31
1645088612401474000,47.95,1,47.9,34,47.95,6,1,2022-02-17 09:03:32
1645088612496330000,47.95,5,47.9,34,47.95,1,1,2022-02-17 09:03:32
1645088612596137000,47.95,1,47.9,34,48.0,27,1,2022-02-17 09:03:32
1645088612596137000,48.0,4,47.9,34,48.0,27,1,2022-02-17 09:03:32
1645088612698055000,48.0,3,47.9,34,48.0,24,1,2022-02-17 09:03:32
1645088612728420000,48.0,1,47.9,34,48.0,23,1,2022-02-17 09:03:32
1645088613673774000,47.95,1,47.9,34,47.95,5,1,2022-02-17 09:03:33
1645088613827686000,47.95,5,47.9,34,48.0,23,1,2022-02-17 09:03:33
1645088614067700000,48.0,1,47.9,34,48.0,23,1,2022-02-17 09:03:34
1645088615873377000,47.95,1,47.95,11,48.0,24,2,2022-02-17 09:03:35
1645088616310488000,47.95,2,47.95,9,48.0,24,2,2022-02-17 09:03:36
1645088616616261000,47.95,8,47.95,1,48.0,24,2,2022-02-17 09:03:36
1645088616646541000,47.95,1,47.9,34,48.0,24,2,2022-02-17 09:03:36
1645088616983332000,48.0,5,47.9,34,48.0,19,1,2022-02-17 09:03:36
1645088617366868000,47.95,1,47.9,34,48.0,19,1,2022-02-17 09:03:37
1645088618679167000,47.95,3,47.95,4,48.0,19,2,2022-02-17 09:03:38
1645088619858060000,47.95,2,47.95,3,48.0,19,2,2022-02-17 09:03:39
1645088620586042000,48.0,1,47.95,6,48.0,18,1,2022-02-17 09:03:40
1645088622614622000,47.95,1,47.95,7,48.0,20,2,2022-02-17 09:03:42
1645088623041088000,47.95,2,47.95,5,48.0,20,2,2022-02-17 09:03:43
1645088623103617000,47.95,1,47.95,4,48.0,20,2,2022-02-17 09:03:43
1645088623105097000,48.0,1,47.95,4,48.0,19,1,2022-02-17 09:03:43
1645088623195036000,47.95,1,47.95,3,48.0,19,2,2022-02-17 09:03:43
1645088629154348000,47.95,2,47.95,28,48.0,37,2,2022-02-17 09:03:49
1645088632034357000,48.0,2,47.95,28,48.0,46,1,2022-02-17 09:03:52
1645088632229258000,47.95,1,47.95,27,48.0,46,2,2022-02-17 09:03:52
1645088632657724000,47.95,1,47.95,26,48.0,46,2,2022-02-17 09:03:52
1645088632850514000,47.95,1,47.95,26,48.0,46,2,2022-02-17 09:03:52
1645088633084049000,47.95,1,47.95,25,48.0,46,2,2022-02-17 09:03:53
1645088633181273000,47.95,1,47.95,24,48.0,48,2,2022-02-17 09:03:53
1645088633645185000,47.95,1,47.95,23,48.0,48,2,2022-02-17 09:03:53
1645088634198431000,48.0,5,47.95,24,48.0,43,1,2022-02-17 09:03:54
1645088634245227000,47.95,1,47.95,23,48.0,43,2,2022-02-17 09:03:54
1645088635714681000,47.95,4,47.95,57,48.0,47,2,2022-02-17 09:03:55
1645088635889030000,47.95,1,47.95,56,48.0,47,2,2022-02-17 09:03:55
1645088636576256000,48.0,1,47.95,57,48.0,52,1,2022-02-17 09:03:56
1645088636966341000,47.95,1,47.95,56,48.0,52,2,2022-02-17 09:03:56
1645088636991006000,47.95,1,47.95,55,48.0,52,2,2022-02-17 09:03:56
1645088637099591000,47.95,1,47.95,54,48.0,52,2,2022-02-17 09:03:57
1645088637268538000,47.95,1,47.95,53,48.0,52,2,2022-02-17 09:03:57
1645088637270000000,47.95,2,47.95,51,48.0,52,2,2022-02-17 09:03:57
1645088638176768000,47.95,1,47.95,50,48.0,52,2,2022-02-17 09:03:58
1645088639148626000,48.0,1,47.95,61,48.0,52,1,2022-02-17 09:03:59
1645088639224941000,48.0,5,47.95,61,48.0,47,1,2022-02-17 09:03:59
1645088641255937000,47.95,1,47.95,65,48.0,51,2,2022-02-17 09:04:01
1645088643093800000,48.0,3,47.95,65,48.0,50,1,2022-02-17 09:04:03
1645088644508634000,48.0,33,47.95,67,48.0,17,1,2022-02-17 09:04:04
1645088644537485000,48.0,17,47.95,67,48.05,7,1,2022-02-17 09:04:04
1645088644685037000,48.0,1,48.0,2,48.05,7,2,2022-02-17 09:04:04
1645088645603409000,48.05,3,48.0,3,48.05,4,1,2022-02-17 09:04:05
1645088647613398000,48.05,4,48.0,21,48.1,18,1,2022-02-17 09:04:07
1645088649093648000,48.05,1,48.05,4,48.1,18,2,2022-02-17 09:04:09
1645088649123616000,48.05,3,48.05,1,48.1,18,2,2022-02-17 09:04:09
1645088649747625000,48.05,1,48.05,1,48.1,18,2,2022-02-17 09:04:09
1645088650083368000,48.05,1,48.0,42,48.1,18,2,2022-02-17 09:04:10
1645088651657913000,48.05,1,48.05,4,48.1,12,2,2022-02-17 09:04:11
1645088653028794000,48.05,1,48.05,6,48.1,10,2,2022-02-17 09:04:13
1645088653981703000,48.05,1,48.05,9,48.1,10,2,2022-02-17 09:04:13
1645088654422740000,48.05,1,48.05,8,48.1,10,2,2022-02-17 09:04:14
1645088654515346000,48.05,5,48.05,3,48.1,10,2,2022-02-17 09:04:14
1645088654949195000,48.05,1,48.05,3,48.1,10,2,2022-02-17 09:04:14
1645088655274693000,48.1,1,48.05,3,48.1,9,1,2022-02-17 09:04:15
1645088657114176000,48.1,2,48.05,17,48.1,7,1,2022-02-17 09:04:17
1645088658900505000,48.1,1,48.05,18,48.1,6,1,2022-02-17 09:04:18
1645088659344614000,48.1,1,48.05,19,48.1,5,1,2022-02-17 09:04:19
1645088660001982000,48.1,1,48.05,19,48.1,4,1,2022-02-17 09:04:20
1645088660482769000,48.1,2,48.05,19,48.1,2,1,2022-02-17 09:04:20
1645088660512963000,48.1,2,48.05,19,48.15,8,1,2022-02-17 09:04:20
1645088660995793000,48.15,3,48.1,3,48.15,5,1,2022-02-17 09:04:20
1645088661263506000,48.1,1,48.1,13,48.15,5,2,2022-02-17 09:04:21
1645088662195199000,48.15,1,48.1,16,48.15,4,1,2022-02-17 09:04:22
1645088663886219000,48.15,3,48.1,19,48.15,1,1,2022-02-17 09:04:23
1645088664665694000,48.15,1,48.1,22,48.2,53,1,2022-02-17 09:04:24
1645088666381494000,48.2,2,48.15,2,48.2,51,1,2022-02-17 09:04:26
1645088667064817000,48.2,1,48.15,2,48.2,45,1,2022-02-17 09:04:27
1645088667806866000,48.15,3,48.1,26,48.2,45,2,2022-02-17 09:04:27
1645088667806866000,48.1,7,48.1,26,48.2,45,2,2022-02-17 09:04:27
1645088668421148000,48.2,1,48.15,3,48.2,42,1,2022-02-17 09:04:28
1645088668437885000,48.15,3,48.1,28,48.2,42,2,2022-02-17 09:04:28
1645088669380047000,48.2,1,48.15,2,48.2,42,1,2022-02-17 09:04:29
1645088669482737000,48.15,1,48.15,2,48.2,42,2,2022-02-17 09:04:29
1645088670103294000,48.2,1,48.15,3,48.2,43,1,2022-02-17 09:04:30
1645088670380398000,48.2,2,48.15,3,48.2,41,1,2022-02-17 09:04:30
1645088670563190000,48.2,1,48.15,4,48.2,40,1,2022-02-17 09:04:30
1645088670656550000,48.15,1,48.15,3,48.2,40,2,2022-02-17 09:04:30
1645088670688608000,48.15,3,48.1,29,48.2,40,2,2022-02-17 09:04:30
1645088670726340000,48.2,1,48.1,29,48.2,39,1,2022-02-17 09:04:30
1645088671694424000,48.15,1,48.1,31,48.15,1,1,2022-02-17 09:04:31
1645088671887918000,48.15,1,48.15,3,48.2,39,1,2022-02-17 09:04:31
1645088672122556000,48.15,1,48.15,2,48.2,39,2,2022-02-17 09:04:32
1645088672827021000,48.2,1,48.15,4,48.2,38,1,2022-02-17 09:04:32
1645088673164161000,48.15,4,48.15,2,48.2,44,2,2022-02-17 09:04:33
1645088673201246000,48.15,1,48.15,1,48.2,44,2,2022-02-17 09:04:33
1645088673223763000,48.15,1,48.1,30,48.15,2,2,2022-02-17 09:04:33
1645088673252034000,48.1,30,48.05,27,48.15,2,2,2022-02-17 09:04:33
1645088673331759000,48.1,1,48.05,27,48.15,4,1,2022-02-17 09:04:33
1645088673958687000,48.15,1,48.1,1,48.15,4,1,2022-02-17 09:04:33
1645088674223886000,48.15,2,48.1,1,48.15,4,1,2022-02-17 09:04:34
1645088674237066000,48.15,1,48.1,1,48.15,3,1,2022-02-17 09:04:34
1645088674690349000,48.15,1,48.1,1,48.15,2,1,2022-02-17 09:04:34
1645088674710023000,48.15,1,48.1,1,48.15,1,1,2022-02-17 09:04:34
1645088674741171000,48.15,1,48.1,1,48.2,46,1,2022-02-17 09:04:34
1645088674929459000,48.15,1,48.1,1,48.2,47,2,2022-02-17 09:04:34
1645088675715256000,48.15,1,48.1,1,48.15,1,1,2022-02-17 09:04:35
1645088676070092000,48.15,1,48.1,2,48.2,46,1,2022-02-17 09:04:36
1645088676070092000,48.2,4,48.1,2,48.2,46,1,2022-02-17 09:04:36
1645088676293645000,48.15,2,48.15,1,48.2,46,1,2022-02-17 09:04:36
1645088676322220000,48.15,1,48.1,2,48.2,45,2,2022-02-17 09:04:36
1645088676562415000,48.2,1,48.15,1,48.2,44,1,2022-02-17 09:04:36
1645088676903086000,48.15,1,48.15,1,48.2,46,2,2022-02-17 09:04:36
1645088677151308000,48.15,1,48.15,6,48.2,46,2,2022-02-17 09:04:37
1645088677645649000,48.15,1,48.15,6,48.2,47,2,2022-02-17 09:04:37
1645088677685749000,48.15,1,48.15,5,48.2,47,2,2022-02-17 09:04:37
1645088677775452000,48.15,1,48.15,4,48.2,47,2,2022-02-17 09:04:37
1645088677979293000,48.15,1,48.15,6,48.2,47,2,2022-02-17 09:04:37
1645088678490798000,48.15,9,48.1,3,48.15,1,2,2022-02-17 09:04:38
1645088678519759000,48.1,3,48.05,25,48.15,1,2,2022-02-17 09:04:38
1645088681043297000,48.15,2,48.1,4,48.2,50,1,2022-02-17 09:04:41
1645088681085788000,48.2,3,48.15,1,48.2,47,1,2022-02-17 09:04:41
1645088681365805000,48.15,1,48.1,9,48.15,1,2,2022-02-17 09:04:41
1645088683255793000,48.15,1,48.1,12,48.15,2,1,2022-02-17 09:04:43
1645088683487405000,48.15,1,48.1,12,48.15,2,1,2022-02-17 09:04:43
1645088683887475000,48.1,2,48.1,11,48.15,3,2,2022-02-17 09:04:43
1645088684482573000,48.15,2,48.1,12,48.15,1,1,2022-02-17 09:04:44
1645088684814054000,48.1,1,48.1,12,48.15,3,2,2022-02-17 09:04:44
1645088684971587000,48.15,1,48.1,12,48.15,2,1,2022-02-17 09:04:44
1645088685381248000,48.15,1,48.1,14,48.15,2,1,2022-02-17 09:04:45
1645088685935688000,48.15,1,48.1,15,48.15,2,1,2022-02-17 09:04:45
1645088686126288000,48.15,2,48.15,3,48.2,49,1,2022-02-17 09:04:46
1645088686296679000,48.15,1,48.15,2,48.2,49,2,2022-02-17 09:04:46
1645088686712635000,48.15,1,48.15,1,48.2,49,2,2022-02-17 09:04:46
1645088687215949000,48.15,1,48.15,1,48.2,49,2,2022-02-17 09:04:47
1645088688018503000,48.2,3,48.15,2,48.2,46,1,2022-02-17 09:04:48
1645088689395473000,48.15,4,48.15,1,48.2,47,2,2022-02-17 09:04:49
1645088689961443000,48.15,2,48.15,10,48.2,47,2,2022-02-17 09:04:49
1645088690149014000,48.15,5,48.15,5,48.2,47,2,2022-02-17 09:04:50
1645088691081520000,48.15,1,48.15,5,48.2,48,2,2022-02-17 09:04:51
1645088691435436000,48.2,1,48.15,10,48.2,48,1,2022-02-17 09:04:51
1645088691926848000,48.2,2,48.15,13,48.2,46,1,2022-02-17 09:04:51
1645088691996614000,48.15,1,48.15,12,48.2,46,2,2022-02-17 09:04:51
1645088694266882000,48.2,1,48.15,27,48.2,49,1,2022-02-17 09:04:54
1645088694396243000,48.15,1,48.15,26,48.2,50,2,2022-02-17 09:04:54
1645088695347188000,48.2,1,48.15,38,48.2,53,1,2022-02-17 09:04:55
1645088697061072000,48.2,2,48.15,55,48.2,52,1,2022-02-17 09:04:57
1645088697385158000,48.15,1,48.15,55,48.2,52,2,2022-02-17 09:04:57
1645088697688593000,48.15,2,48.15,54,48.2,52,2,2022-02-17 09:04:57
1645088698058378000,48.2,1,48.15,54,48.2,71,1,2022-02-17 09:04:58
1645088698078048000,48.2,1,48.15,54,48.2,70,1,2022-02-17 09:04:58
1645088698468117000,48.2,1,48.15,55,48.2,69,1,2022-02-17 09:04:58
1645088699333882000,48.2,1,48.15,58,48.2,88,1,2022-02-17 09:04:59
1645088699533664000,48.2,1,48.15,58,48.2,87,1,2022-02-17 09:04:59
1645088699800531000,48.15,2,48.15,57,48.2,87,2,2022-02-17 09:04:59
1645088700009072000,48.2,2,48.15,59,48.2,85,1,2022-02-17 09:05:00
1645088700478997000,48.15,12,48.15,47,48.2,87,2,2022-02-17 09:05:00
1645088700500972000,48.15,5,48.15,42,48.2,87,2,2022-02-17 09:05:00
1645088700514076000,48.15,1,48.15,41,48.2,92,2,2022-02-17 09:05:00
1645088700523082000,48.15,3,48.15,38,48.2,92,2,2022-02-17 09:05:00
1645088700524960000,48.15,1,48.15,37,48.2,92,2,2022-02-17 09:05:00
1645088700541607000,48.15,13,48.15,24,48.2,92,2,2022-02-17 09:05:00
1645088700575557000,48.15,6,48.15,18,48.2,92,2,2022-02-17 09:05:00
1645088700596772000,48.15,6,48.15,12,48.2,92,2,2022-02-17 09:05:00
1645088700597357000,48.15,12,48.1,103,48.2,92,2,2022-02-17 09:05:00
1645088700920976000,48.15,1,48.1,104,48.15,1,1,2022-02-17 09:05:00
1645088701046118000,48.15,1,48.1,104,48.2,92,1,2022-02-17 09:05:01
1645088701519548000,48.2,1,48.15,3,48.2,91,1,2022-02-17 09:05:01
1645088701964653000,48.2,5,48.15,5,48.2,82,1,2022-02-17 09:05:01
1645088702086180000,48.15,1,48.15,4,48.2,82,2,2022-02-17 09:05:02
1645088702519956000,48.15,5,48.15,2,48.2,82,2,2022-02-17 09:05:02
1645088702638409000,48.2,1,48.15,3,48.2,81,1,2022-02-17 09:05:02
1645088703141379000,48.15,5,48.15,1,48.2,81,2,2022-02-17 09:05:03
1645088703211455000,48.2,1,48.15,2,48.2,80,1,2022-02-17 09:05:03
1645088703247924000,48.15,1,48.15,1,48.2,80,2,2022-02-17 09:05:03
1645088703356074000,48.15,1,48.1,105,48.2,80,2,2022-02-17 09:05:03
1645088703506546000,48.15,3,48.15,7,48.2,80,2,2022-02-17 09:05:03
1645088704478754000,48.15,10,48.1,95,48.2,85,2,2022-02-17 09:05:04
1645088704880361000,48.15,1,48.15,1,48.2,85,2,2022-02-17 09:05:04
1645088705414038000,48.15,1,48.15,3,48.2,85,2,2022-02-17 09:05:05
1645088705725866000,48.15,1,48.15,2,48.2,85,2,2022-02-17 09:05:05
1645088705784855000,48.15,2,48.1,95,48.2,86,2,2022-02-17 09:05:05
1645088706317019000,48.15,1,48.1,95,48.15,3,1,2022-02-17 09:05:06
1645088706590792000,48.1,7,48.1,88,48.15,13,2,2022-02-17 09:05:06
1645088707150023000,48.15,1,48.1,88,48.15,17,1,2022-02-17 09:05:07
1645088707184883000,48.1,5,48.1,83,48.15,17,2,2022-02-17 09:05:07
1645088707240963000,48.1,50,48.1,33,48.15,38,2,2022-02-17 09:05:07
1645088707273142000,48.1,17,48.1,16,48.15,38,2,2022-02-17 09:05:07
1645088707276966000,48.1,1,48.1,15,48.15,38,2,2022-02-17 09:05:07
1645088707278434000,48.1,1,48.1,14,48.15,38,2,2022-02-17 09:05:07
1645088707278637000,48.1,1,48.1,13,48.15,38,2,2022-02-17 09:05:07
1645088707279195000,48.1,1,48.1,12,48.15,38,2,2022-02-17 09:05:07
1645088707307428000,48.1,12,48.05,72,48.15,38,2,2022-02-17 09:05:07
1645088707855885000,48.1,1,48.05,72,48.15,41,1,2022-02-17 09:05:07
1645088707913583000,48.15,1,48.05,72,48.15,40,1,2022-02-17 09:05:07
1645088708107476000,48.1,1,48.05,72,48.15,41,2,2022-02-17 09:05:08
1645088708241218000,48.1,1,48.05,72,48.15,41,2,2022-02-17 09:05:08
1645088708276638000,48.15,1,48.05,72,48.15,40,1,2022-02-17 09:05:08
1645088709061631000,48.1,1,48.05,35,48.15,43,1,2022-02-17 09:05:09
1645088709061631000,48.15,10,48.05,35,48.15,43,1,2022-02-17 09:05:09
1645088710431538000,48.05,1,48.05,34,48.1,11,2,2022-02-17 09:05:10
1645088711070777000,48.1,1,48.05,34,48.1,10,1,2022-02-17 09:05:11
1645088711098057000,48.1,1,48.05,34,48.1,9,1,2022-02-17 09:05:11
1645088711199724000,48.1,9,48.05,34,48.15,47,1,2022-02-17 09:05:11
1645088711199724000,48.15,1,48.05,34,48.15,47,1,2022-02-17 09:05:11
1645088711461893000,48.1,2,48.05,34,48.1,3,2,2022-02-17 09:05:11
1645088712358900000,48.1,1,48.05,35,48.1,3,1,2022-02-17 09:05:12
1645088713089757000,48.1,2,48.05,35,48.1,1,1,2022-02-17 09:05:13
1645088713462798000,48.1,1,48.05,35,48.15,63,1,2022-02-17 09:05:13
1645088713505706000,48.15,1,48.05,35,48.15,62,1,2022-02-17 09:05:13
1645088713623745000,48.1,1,48.05,35,48.15,61,1,2022-02-17 09:05:13
1645088713623745000,48.15,1,48.05,35,48.15,61,1,2022-02-17 09:05:13
1645088713930359000,48.15,2,48.1,1,48.15,59,1,2022-02-17 09:05:13
1645088714032717000,48.1,2,48.05,34,48.15,59,2,2022-02-17 09:05:14
1645088714169513000,48.15,1,48.05,34,48.15,58,1,2022-02-17 09:05:14
1645088714348891000,48.05,1,48.05,33,48.15,58,2,2022-02-17 09:05:14
1645088715019460000,48.05,1,48.05,34,48.15,58,2,2022-02-17 09:05:15
1645088715564077000,48.1,1,48.1,1,48.15,59,2,2022-02-17 09:05:15
1645088716003212000,48.1,1,48.05,34,48.15,62,2,2022-02-17 09:05:16
1645088716080407000,48.05,2,48.05,32,48.1,1,2,2022-02-17 09:05:16
1645088716145266000,48.05,1,48.05,31,48.1,1,2,2022-02-17 09:05:16
1645088717872194000,48.05,5,48.05,32,48.1,1,2,2022-02-17 09:05:17
1645088718750382000,48.1,1,48.05,33,48.1,5,1,2022-02-17 09:05:18
1645088718914469000,48.1,1,48.05,33,48.1,4,1,2022-02-17 09:05:18
1645088719193043000,48.1,1,48.05,33,48.1,3,1,2022-02-17 09:05:19
1645088719406560000,48.1,1,48.05,34,48.1,2,1,2022-02-17 09:05:19
1645088721020843000,48.05,3,48.05,32,48.1,5,2,2022-02-17 09:05:21
1645088721085892000,48.1,5,48.1,1,48.15,55,1,2022-02-17 09:05:21
1645088721116795000,48.1,1,48.05,32,48.15,55,2,2022-02-17 09:05:21
1645088722280185000,48.1,1,48.05,40,48.1,12,1,2022-02-17 09:05:22
1645088722588089000,48.05,4,48.05,38,48.1,18,2,2022-02-17 09:05:22
1645088722600855000,48.1,2,48.05,38,48.1,16,1,2022-02-17 09:05:22
1645088722625698000,48.05,1,48.05,37,48.1,16,2,2022-02-17 09:05:22
1645088724113834000,48.05,10,48.05,31,48.1,24,2,2022-02-17 09:05:24
1645088724149967000,48.05,1,48.05,30,48.1,24,2,2022-02-17 09:05:24
1645088725329500000,48.05,6,48.05,25,48.1,25,2,2022-02-17 09:05:25
1645088727827388000,48.05,1,48.05,39,48.1,29,2,2022-02-17 09:05:27
1645088729546443000,48.05,2,48.05,40,48.1,31,2,2022-02-17 09:05:29
1645088729583846000,48.05,1,48.05,39,48.1,31,2,2022-02-17 09:05:29
1645088730504953000,48.05,1,48.05,42,48.1,35,2,2022-02-17 09:05:30
1645088732420137000,48.1,30,48.05,44,48.1,7,1,2022-02-17 09:05:32
1645088732497108000,48.1,5,48.05,44,48.1,2,1,2022-02-17 09:05:32
1645088733162384000,48.1,1,48.05,44,48.1,1,1,2022-02-17 09:05:33
1645088734669971000,48.05,1,48.05,41,48.1,2,2,2022-02-17 09:05:34
1645088737451860000,48.1,1,48.05,46,48.1,1,1,2022-02-17 09:05:37
1645088738025774000,48.1,1,48.05,53,48.15,43,1,2022-02-17 09:05:38
1645088738379482000,48.05,3,48.05,51,48.15,43,2,2022-02-17 09:05:38
1645088738647035000,48.15,5,48.1,1,48.15,38,1,2022-02-17 09:05:38
1645088740255511000,48.1,1,48.1,2,48.15,38,2,2022-02-17 09:05:40
1645088743824669000,48.1,2,48.1,3,48.15,38,2,2022-02-17 09:05:43
1645088743912177000,48.1,1,48.1,2,48.15,37,2,2022-02-17 09:05:43
1645088744059746000,48.15,1,48.1,4,48.15,38,1,2022-02-17 09:05:44
1645088747364179000,48.15,1,48.1,6,48.15,48,1,2022-02-17 09:05:47
1645088747604920000,48.1,1,48.1,6,48.15,48,2,2022-02-17 09:05:47
1645088748111979000,48.15,1,48.1,6,48.15,47,1,2022-02-17 09:05:48
1645088749955512000,48.1,2,48.1,5,48.15,70,2,2022-02-17 09:05:49
1645088751654141000,48.1,1,48.1,5,48.15,70,2,2022-02-17 09:05:51
1645088752322146000,48.1,1,48.1,5,48.15,75,2,2022-02-17 09:05:52
1645088753572705000,48.1,2,48.1,6,48.15,75,2,2022-02-17 09:05:53
1645088753946416000,48.15,1,48.1,8,48.15,74,1,2022-02-17 09:05:53
1645088756140286000,48.1,1,48.1,9,48.15,75,2,2022-02-17 09:05:56
1645088757506047000,48.1,2,48.1,8,48.15,75,2,2022-02-17 09:05:57
1645088757946619000,48.15,8,48.1,9,48.15,67,1,2022-02-17 09:05:57
1645088758121317000,48.15,20,48.1,10,48.15,47,1,2022-02-17 09:05:58
1645088758150898000,48.15,2,48.1,10,48.15,45,1,2022-02-17 09:05:58
1645088758367053000,48.1,1,48.1,10,48.15,46,2,2022-02-17 09:05:58
1645088759152980000,48.1,1,48.1,10,48.15,47,2,2022-02-17 09:05:59
1645088759645993000,48.15,2,48.1,18,48.15,46,1,2022-02-17 09:05:59
1645088760903554000,48.1,10,48.1,14,48.15,49,2,2022-02-17 09:06:00
1645088760940328000,48.1,1,48.1,13,48.15,49,2,2022-02-17 09:06:00
1645088760942293000,48.1,1,48.1,12,48.15,49,2,2022-02-17 09:06:00
1645088761036055000,48.15,2,48.1,12,48.15,47,1,2022-02-17 09:06:01
1645088762685957000,48.15,1,48.1,13,48.15,46,1,2022-02-17 09:06:02
1645088762738891000,48.1,1,48.1,12,48.15,46,2,2022-02-17 09:06:02
1645088764058574000,48.15,1,48.1,23,48.15,45,1,2022-02-17 09:06:04
1645088764605707000,48.15,1,48.1,23,48.15,46,1,2022-02-17 09:06:04
1645088765821316000,48.1,2,48.1,25,48.15,46,2,2022-02-17 09:06:05
1645088765893053000,48.15,1,48.1,25,48.15,45,1,2022-02-17 09:06:05
1645088767981188000,48.15,5,48.1,27,48.15,41,1,2022-02-17 09:06:07
1645088770662429000,48.15,1,48.1,32,48.15,45,1,2022-02-17 09:06:10
1645088771506953000,48.1,1,48.1,32,48.15,45,2,2022-02-17 09:06:11
1645088772264692000,48.15,1,48.1,33,48.15,44,1,2022-02-17 09:06:12
1645088772673906000,48.1,1,48.1,32,48.15,44,2,2022-02-17 09:06:12
1645088773445259000,48.15,1,48.1,33,48.15,43,1,2022-02-17 09:06:13
1645088773511649000,48.1,1,48.1,32,48.15,43,2,2022-02-17 09:06:13
1645088773675427000,48.15,2,48.1,37,48.15,41,1,2022-02-17 09:06:13
1645088774510987000,48.15,1,48.1,37,48.15,40,1,2022-02-17 09:06:14
1645088777520429000,48.15,1,48.1,49,48.15,39,1,2022-02-17 09:06:17
1645088778892638000,48.15,1,48.1,53,48.15,83,1,2022-02-17 09:06:18
1645088779558447000,48.15,1,48.1,55,48.15,89,1,2022-02-17 09:06:19
1645088780170237000,48.15,1,48.1,55,48.15,88,1,2022-02-17 09:06:20
1645088780224261000,48.15,3,48.1,55,48.15,85,1,2022-02-17 09:06:20
1645088783516113000,48.1,1,48.1,54,48.15,107,2,2022-02-17 09:06:23
1645088783556205000,48.1,1,48.1,53,48.15,107,2,2022-02-17 09:06:23
1645088784575086000,48.15,1,48.1,53,48.15,106,1,2022-02-17 09:06:24
1645088786057227000,48.15,2,48.1,50,48.15,103,1,2022-02-17 09:06:26
1645088786470977000,48.15,1,48.1,88,48.15,102,1,2022-02-17 09:06:26
1645088786580584000,48.15,2,48.1,88,48.15,100,1,2022-02-17 09:06:26
1645088787937721000,48.1,1,48.1,90,48.15,100,2,2022-02-17 09:06:27
1645088791038285000,48.1,1,48.1,91,48.15,102,2,2022-02-17 09:06:31
1645088791132864000,48.1,5,48.1,86,48.15,102,2,2022-02-17 09:06:31
1645088791183004000,48.1,1,48.1,85,48.15,102,2,2022-02-17 09:06:31
1645088791206318000,48.15,1,48.1,85,48.15,101,1,2022-02-17 09:06:31
1645088791572693000,48.1,1,48.1,86,48.15,101,2,2022-02-17 09:06:31
1645088792634306000,48.15,5,48.1,87,48.15,97,1,2022-02-17 09:06:32
1645088792664499000,48.1,1,48.1,86,48.15,97,2,2022-02-17 09:06:32
1645088793774589000,48.1,5,48.1,81,48.15,97,2,2022-02-17 09:06:33
1645088798115450000,48.1,2,48.1,119,48.15,100,2,2022-02-17 09:06:38
1645088799555790000,48.1,1,48.1,118,48.15,101,2,2022-02-17 09:06:39
1645088800855983000,48.1,5,48.1,37,48.15,103,2,2022-02-17 09:06:40
1645088800856259000,48.1,14,48.1,23,48.15,103,2,2022-02-17 09:06:40
1645088800856478000,48.1,19,48.1,4,48.15,103,2,2022-02-17 09:06:40
1645088800882731000,48.1,4,48.05,74,48.15,103,2,2022-02-17 09:06:40
1645088800915684000,48.05,11,48.05,63,48.1,2,2,2022-02-17 09:06:40
1645088800953306000,48.05,1,48.05,62,48.1,3,2,2022-02-17 09:06:40
1645088800971632000,48.05,1,48.05,61,48.1,3,2,2022-02-17 09:06:40
1645088801151808000,48.1,1,48.05,61,48.1,9,1,2022-02-17 09:06:41
1645088801273712000,48.1,9,48.1,1,48.15,96,1,2022-02-17 09:06:41
1645088802655561000,48.1,1,48.05,66,48.15,100,2,2022-02-17 09:06:42
1645088803242449000,48.1,1,48.05,66,48.1,5,1,2022-02-17 09:06:43
1645088803968398000,48.1,1,48.05,66,48.1,14,1,2022-02-17 09:06:43
1645088804293824000,48.05,1,48.05,65,48.1,35,2,2022-02-17 09:06:44
1645088805974779000,48.05,9,48.05,53,48.1,55,2,2022-02-17 09:06:45
1645088806448406000,48.1,1,48.05,53,48.1,55,1,2022-02-17 09:06:46
1645088806599560000,48.05,1,48.05,52,48.1,55,2,2022-02-17 09:06:46
1645088807415920000,48.05,1,48.05,51,48.1,62,2,2022-02-17 09:06:47
1645088807901748000,48.1,4,48.05,47,48.1,64,1,2022-02-17 09:06:47
1645088808202554000,48.1,1,48.05,47,48.1,65,1,2022-02-17 09:06:48
1645088808458387000,48.1,1,48.05,47,48.1,64,1,2022-02-17 09:06:48
1645088809942338000,48.1,20,48.05,48,48.1,39,1,2022-02-17 09:06:49
1645088810954123000,48.1,1,48.05,50,48.1,58,1,2022-02-17 09:06:50
1645088812966349000,48.1,1,48.05,50,48.1,58,1,2022-02-17 09:06:52
1645088813880334000,48.05,1,48.05,69,48.1,58,2,2022-02-17 09:06:53
1645088814533882000,48.1,17,48.05,70,48.1,41,1,2022-02-17 09:06:54
1645088814637016000,48.1,1,48.05,70,48.1,40,1,2022-02-17 09:06:54
1645088814785839000,48.1,3,48.05,70,48.1,37,1,2022-02-17 09:06:54
1645088815580621000,48.05,50,48.05,28,48.1,38,2,2022-02-17 09:06:55
1645088815615569000,48.05,1,48.05,27,48.1,38,2,2022-02-17 09:06:55
1645088815615574000,48.05,1,48.05,26,48.1,38,2,2022-02-17 09:06:55
1645088815617873000,48.05,1,48.05,25,48.1,38,2,2022-02-17 09:06:55
1645088815618548000,48.05,1,48.05,24,48.1,38,2,2022-02-17 09:06:55
1645088815629006000,48.05,1,48.05,23,48.1,38,2,2022-02-17 09:06:55
1645088815645965000,48.05,1,48.05,22,48.1,38,2,2022-02-17 09:06:55
1645088815679711000,48.05,1,48.05,21,48.1,38,2,2022-02-17 09:06:55
1645088816495283000,48.1,2,48.05,22,48.1,37,1,2022-02-17 09:06:56
1645088817339711000,48.1,2,48.05,22,48.1,36,1,2022-02-17 09:06:57
1645088819164710000,48.05,5,48.05,21,48.1,36,2,2022-02-17 09:06:59
1645088822644626000,48.1,1,48.05,27,48.1,37,1,2022-02-17 09:07:02
1645088823287106000,48.1,5,48.05,38,48.1,32,1,2022-02-17 09:07:03
1645088825217922000,48.1,1,48.05,45,48.1,33,1,2022-02-17 09:07:05
1645088825291642000,48.1,5,48.05,45,48.1,28,1,2022-02-17 09:07:05
1645088825506385000,48.1,28,48.05,45,48.15,131,1,2022-02-17 09:07:05
1645088825507981000,48.15,3,48.05,45,48.15,128,1,2022-02-17 09:07:05
1645088826432323000,48.1,1,48.05,47,48.15,127,1,2022-02-17 09:07:06
1645088827899867000,48.1,1,48.1,6,48.15,128,2,2022-02-17 09:07:07
1645088828038293000,48.1,6,48.05,47,48.1,39,2,2022-02-17 09:07:08
1645088828073664000,48.1,39,48.05,47,48.15,83,1,2022-02-17 09:07:08
1645088833065813000,48.15,1,48.1,16,48.15,83,1,2022-02-17 09:07:13
1645088833086180000,48.15,83,48.1,16,48.2,83,1,2022-02-17 09:07:13
1645088833106576000,48.2,83,48.15,2,48.25,71,1,2022-02-17 09:07:13
1645088833363845000,48.2,1,48.2,5,48.25,71,2,2022-02-17 09:07:13
1645088834357576000,48.25,20,48.2,5,48.25,51,1,2022-02-17 09:07:14
1645088834382196000,48.25,10,48.2,5,48.25,41,1,2022-02-17 09:07:14
1645088834415614000,48.25,41,48.2,5,48.3,276,1,2022-02-17 09:07:14
1645088834449656000,48.3,10,48.25,14,48.3,261,1,2022-02-17 09:07:14
1645088834603536000,48.25,1,48.25,12,48.3,261,2,2022-02-17 09:07:14
1645088834623516000,48.3,1,48.25,12,48.3,260,1,2022-02-17 09:07:14
1645088834750576000,48.3,1,48.25,12,48.3,259,1,2022-02-17 09:07:14
1645088834761130000,48.3,1,48.25,12,48.3,258,1,2022-02-17 09:07:14
1645088835218464000,48.3,2,48.25,12,48.3,256,1,2022-02-17 09:07:15
1645088835761026000,48.3,1,48.25,12,48.3,255,1,2022-02-17 09:07:15
1645088836407234000,48.25,6,48.25,6,48.3,256,2,2022-02-17 09:07:16
1645088836430109000,48.3,1,48.25,6,48.3,255,1,2022-02-17 09:07:16
1645088836524052000,48.3,1,48.25,6,48.3,254,1,2022-02-17 09:07:16
1645088836714158000,48.3,1,48.25,6,48.3,254,1,2022-02-17 09:07:16
1645088838175166000,48.3,1,48.25,6,48.3,254,1,2022-02-17 09:07:18
1645088839328106000,48.3,15,48.25,6,48.3,234,1,2022-02-17 09:07:19
1645088839939739000,48.3,4,48.25,6,48.3,230,1,2022-02-17 09:07:19
1645088841219580000,48.3,1,48.25,7,48.3,229,1,2022-02-17 09:07:21
1645088841263132000,48.3,1,48.25,7,48.3,228,1,2022-02-17 09:07:21
1645088841271191000,48.3,12,48.25,7,48.3,216,1,2022-02-17 09:07:21
1645088841344936000,48.3,1,48.25,7,48.3,215,1,2022-02-17 09:07:21
1645088841483914000,48.3,1,48.25,7,48.3,214,1,2022-02-17 09:07:21
1645088841665468000,48.3,1,48.25,7,48.3,213,1,2022-02-17 09:07:21
1645088841819956000,48.3,1,48.25,7,48.3,211,1,2022-02-17 09:07:21
1645088841963552000,48.3,2,48.25,7,48.3,209,1,2022-02-17 09:07:21
1645088842224494000,48.3,2,48.25,7,48.3,208,1,2022-02-17 09:07:22
1645088842278266000,48.3,1,48.25,7,48.3,207,1,2022-02-17 09:07:22
1645088842596925000,48.3,1,48.25,7,48.3,206,1,2022-02-17 09:07:22
1645088842794288000,48.3,2,48.25,7,48.3,204,1,2022-02-17 09:07:22
1645088842989907000,48.3,1,48.25,7,48.3,204,1,2022-02-17 09:07:22
1645088843321139000,48.3,1,48.25,7,48.3,203,1,2022-02-17 09:07:23
1645088843525609000,48.3,2,48.25,7,48.3,200,1,2022-02-17 09:07:23
1645088844061184000,48.3,1,48.25,9,48.3,199,1,2022-02-17 09:07:24
1645088844340467000,48.3,7,48.25,9,48.3,193,1,2022-02-17 09:07:24
1645088844374611000,48.3,2,48.25,9,48.3,191,1,2022-02-17 09:07:24
1645088844813824000,48.3,1,48.25,9,48.3,190,1,2022-02-17 09:07:24
1645088845705684000,48.3,1,48.25,12,48.3,189,1,2022-02-17 09:07:25
1645088845938036000,48.3,5,48.25,12,48.3,184,1,2022-02-17 09:07:25
1645088845946855000,48.25,2,48.25,10,48.3,184,2,2022-02-17 09:07:25
1645088847122706000,48.25,1,48.25,14,48.3,184,2,2022-02-17 09:07:27
1645088847154385000,48.25,1,48.25,13,48.3,184,2,2022-02-17 09:07:27
1645088847314479000,48.3,2,48.25,13,48.3,184,1,2022-02-17 09:07:27
1645088847395000000,48.3,1,48.25,14,48.3,183,1,2022-02-17 09:07:27
1645088847409390000,48.3,3,48.25,14,48.3,180,1,2022-02-17 09:07:27
1645088847486802000,48.3,1,48.25,14,48.3,179,1,2022-02-17 09:07:27
1645088847858501000,48.25,1,48.25,16,48.3,179,2,2022-02-17 09:07:27
1645088848084726000,48.3,1,48.25,16,48.3,178,1,2022-02-17 09:07:28
1645088848095418000,48.3,1,48.25,16,48.3,177,1,2022-02-17 09:07:28
1645088848100297000,48.3,1,48.25,16,48.3,176,1,2022-02-17 09:07:28
1645088848106118000,48.3,1,48.25,16,48.3,175,1,2022-02-17 09:07:28
1645088848237002000,48.3,2,48.25,16,48.3,173,1,2022-02-17 09:07:28
1645088848246921000,48.3,1,48.25,16,48.3,172,1,2022-02-17 09:07:28
1645088848290714000,48.3,1,48.25,16,48.3,171,1,2022-02-17 09:07:28
1645088848395636000,48.25,1,48.25,15,48.3,171,2,2022-02-17 09:07:28
1645088848539487000,48.3,1,48.25,15,48.3,170,1,2022-02-17 09:07:28
1645088849048469000,48.3,2,48.25,15,48.3,168,1,2022-02-17 09:07:29
1645088849098640000,48.3,1,48.25,15,48.3,167,1,2022-02-17 09:07:29
1645088849122975000,48.25,15,48.2,25,48.25,85,2,2022-02-17 09:07:29
1645088849480899000,48.25,1,48.2,41,48.25,85,1,2022-02-17 09:07:29
1645088849511220000,48.25,2,48.2,37,48.25,83,1,2022-02-17 09:07:29
1645088849563059000,48.2,1,48.2,36,48.25,83,2,2022-02-17 09:07:29
1645088849601919000,48.25,1,48.2,36,48.25,82,1,2022-02-17 09:07:29
1645088849689252000,48.25,2,48.2,36,48.25,80,1,2022-02-17 09:07:29
1645088849736859000,48.2,1,48.2,35,48.25,80,2,2022-02-17 09:07:29
1645088849765002000,48.25,1,48.2,35,48.25,79,1,2022-02-17 09:07:29
1645088849828848000,48.2,1,48.2,34,48.25,79,2,2022-02-17 09:07:29
1645088849908322000,48.25,4,48.2,34,48.25,75,1,2022-02-17 09:07:29
1645088849949853000,48.2,1,48.2,34,48.25,75,2,2022-02-17 09:07:29
1645088850161850000,48.25,18,48.2,34,48.25,57,1,2022-02-17 09:07:30
1645088850192737000,48.25,5,48.2,34,48.25,52,1,2022-02-17 09:07:30
1645088850220548000,48.2,1,48.2,33,48.25,52,2,2022-02-17 09:07:30
1645088850396942000,48.25,2,48.2,35,48.25,50,1,2022-02-17 09:07:30
1645088850417396000,48.25,10,48.2,35,48.25,40,1,2022-02-17 09:07:30
1645088850444292000,48.2,1,48.2,34,48.25,40,2,2022-02-17 09:07:30
1645088850645742000,48.2,5,48.2,29,48.25,40,2,2022-02-17 09:07:30
1645088850680955000,48.2,1,48.2,28,48.25,40,2,2022-02-17 09:07:30
1645088850681748000,48.2,1,48.2,27,48.25,40,2,2022-02-17 09:07:30
1645088850687692000,48.2,1,48.2,26,48.25,40,2,2022-02-17 09:07:30
1645088850701976000,48.2,1,48.2,25,48.25,40,2,2022-02-17 09:07:30
1645088850938297000,48.25,2,48.2,25,48.25,38,1,2022-02-17 09:07:30
1645088851243305000,48.25,5,48.2,25,48.25,33,1,2022-02-17 09:07:31
1645088851244155000,48.2,5,48.2,20,48.25,33,2,2022-02-17 09:07:31
1645088851286189000,48.2,1,48.2,19,48.25,33,2,2022-02-17 09:07:31
1645088851387147000,48.25,1,48.2,3,48.25,32,1,2022-02-17 09:07:31
1645088852353871000,48.25,3,48.2,3,48.25,33,1,2022-02-17 09:07:32
1645088852668298000,48.2,1,48.2,2,48.25,33,2,2022-02-17 09:07:32
1645088852779552000,48.25,1,48.2,2,48.25,32,1,2022-02-17 09:07:32
1645088852786450000,48.2,2,48.15,55,48.25,32,2,2022-02-17 09:07:32
1645088853127214000,48.2,1,48.15,17,48.25,23,1,2022-02-17 09:07:33
1645088853127214000,48.25,9,48.15,17,48.25,23,1,2022-02-17 09:07:33
1645088853397618000,48.2,1,48.2,1,48.25,23,1,2022-02-17 09:07:33
1645088853436311000,48.2,1,48.15,17,48.25,23,2,2022-02-17 09:07:33
1645088853847662000,48.25,1,48.2,1,48.25,22,1,2022-02-17 09:07:33
1645088855015706000,48.25,1,48.2,3,48.25,21,1,2022-02-17 09:07:35
1645088855839095000,48.25,10,48.2,3,48.25,11,1,2022-02-17 09:07:35
1645088856618314000,48.25,1,48.2,4,48.25,11,1,2022-02-17 09:07:36
1645088856813150000,48.2,4,48.2,1,48.25,11,2,2022-02-17 09:07:36
1645088858317685000,48.25,1,48.2,7,48.25,20,1,2022-02-17 09:07:38
1645088858616780000,48.2,2,48.2,7,48.25,22,2,2022-02-17 09:07:38
1645088858714094000,48.25,4,48.2,10,48.25,18,1,2022-02-17 09:07:38
1645088858806526000,48.2,1,48.2,9,48.25,22,2,2022-02-17 09:07:38
1645088859304827000,48.25,2,48.2,11,48.25,21,1,2022-02-17 09:07:39
1645088860042335000,48.25,4,48.2,18,48.25,19,1,2022-02-17 09:07:40
1645088860104799000,48.2,4,48.2,14,48.25,19,2,2022-02-17 09:07:40
1645088860292210000,48.25,2,48.2,14,48.25,17,1,2022-02-17 09:07:40
1645088860578317000,48.25,5,48.2,14,48.25,13,1,2022-02-17 09:07:40
1645088861045234000,48.25,1,48.2,21,48.25,12,1,2022-02-17 09:07:41
1645088861779112000,48.2,2,48.2,25,48.25,12,2,2022-02-17 09:07:41
1645088862258681000,48.25,2,48.2,25,48.25,10,1,2022-02-17 09:07:42
1645088862937185000,48.25,5,48.2,27,48.25,6,1,2022-02-17 09:07:42
