ts,close,volume,bid_price,bid_volume,ask_price,ask_volume,tick_type,datetime
1645088530840192000,92.9,640,92.8,7,92.9,18,1,2022-02-17 09:02:10
1645088530912221000,92.9,1,92.8,7,92.9,20,1,2022-02-17 09:02:10
1645088530935401000,92.8,1,92.8,6,92.9,22,2,2022-02-17 09:02:10
1645088530959725000,92.8,6,92.7,1,92.9,22,2,2022-02-17 09:02:10
1645088531023625000,92.7,1,92.6,4,92.8,1,2,2022-02-17 09:02:11
1645088531087589000,92.6,1,92.6,3,92.8,3,2,2022-02-17 09:02:11
1645088531117445000,92.6,3,92.5,9,92.8,3,2,2022-02-17 09:02:11
1645088531507368000,92.5,3,92.5,6,92.7,1,2,2022-02-17 09:02:11
1645088531527982000,92.5,6,92.4,4,92.7,1,2,2022-02-17 09:02:11
1645088531543545000,92.4,2,92.4,2,92.6,1,2,2022-02-17 09:02:11
1645088532239273000,92.4,2,92.3,3,92.6,71,2,2022-02-17 09:02:12
1645088533044227000,92.3,1,92.3,2,92.5,1,2,2022-02-17 09:02:13
1645088533994189000,92.3,2,92.2,3,92.5,4,2,2022-02-17 09:02:13
1645088533994189000,92.2,8,92.2,3,92.5,4,2,2022-02-17 09:02:13
1645088534438871000,92.4,3,92.2,3,92.5,4,1,2022-02-17 09:02:14
1645088534906573000,92.5,1,92.2,3,92.5,8,1,2022-02-17 09:02:14
1645088536825701000,92.5,5,92.4,1,92.5,6,1,2022-02-17 09:02:16
1645088537339197000,92.5,1,92.4,1,92.5,5,1,2022-02-17 09:02:17
1645088538229745000,92.5,2,92.4,2,92.5,3,1,2022-02-17 09:02:18
1645088538576206000,92.5,1,92.4,2,92.5,5,1,2022-02-17 09:02:18
1645088538604778000,92.4,1,92.4,1,92.5,5,2,2022-02-17 09:02:18
1645088538969587000,92.5,1,92.4,1,92.5,4,1,2022-02-17 09:02:18
1645088539070084000,92.5,4,92.5,1,92.6,71,1,2022-02-17 09:02:19
1645088539209091000,92.5,1,92.5,1,92.6,71,2,2022-02-17 09:02:19
1645088539592577000,92.6,33,92.5,1,92.6,38,1,2022-02-17 09:02:19
1645088539626987000,92.6,12,92.5,1,92.6,26,1,2022-02-17 09:02:19
1645088539627004000,92.6,3,92.5,1,92.6,23,1,2022-02-17 09:02:19
1645088539632945000,92.5,1,92.4,5,92.6,26,2,2022-02-17 09:02:19
1645088539662726000,92.5,1,92.4,5,92.6,26,2,2022-02-17 09:02:19
1645088539726155000,92.4,1,92.4,3,92.6,26,2,2022-02-17 09:02:19
1645088539731211000,92.4,1,92.4,2,92.6,26,2,2022-02-17 09:02:19
1645088540000883000,92.5,1,92.5,1,92.6,26,1,2022-02-17 09:02:20
1645088541061184000,92.5,1,92.4,2,92.6,26,2,2022-02-17 09:02:21
1645088541253856000,92.6,5,92.4,2,92.6,21,1,2022-02-17 09:02:21
1645088541372526000,92.6,1,92.4,2,92.6,20,1,2022-02-17 09:02:21
1645088541595932000,92.4,2,92.3,3,92.5,1,2,2022-02-17 09:02:21
1645088541829650000,92.4,1,92.3,3,92.6,12,1,2022-02-17 09:02:21
1645088541829650000,92.5,1,92.3,3,92.6,12,1,2022-02-17 09:02:21
1645088541829650000,92.6,8,92.3,3,92.6,12,1,2022-02-17 09:02:21
1645088542282643000,92.5,3,92.4,10,92.6,12,2,2022-02-17 09:02:22
1645088542455144000,92.5,1,92.5,4,92.6,12,2,2022-02-17 09:02:22
1645088542515219000,92.5,1,92.5,3,92.6,12,2,2022-02-17 09:02:22
1645088542578620000,92.5,1,92.5,2,92.6,12,2,2022-02-17 09:02:22
1645088543262078000,92.5,1,92.5,1,92.6,12,2,2022-02-17 09:02:23
1645088543331010000,92.6,12,92.5,1,92.7,43,1,2022-02-17 09:02:23
1645088543331010000,92.7,3,92.5,1,92.7,43,1,2022-02-17 09:02:23
1645088543423834000,92.7,3,92.5,1,92.7,43,1,2022-02-17 09:02:23
1645088543557927000,92.7,10,92.5,1,92.7,33,1,2022-02-17 09:02:23
1645088543570579000,92.5,1,92.4,17,92.7,33,2,2022-02-17 09:02:23
1645088543707957000,92.5,1,92.4,17,92.5,2,2,2022-02-17 09:02:23
1645088543719548000,92.5,2,92.5,3,92.7,33,1,2022-02-17 09:02:23
1645088543738895000,92.7,10,92.5,3,92.7,24,1,2022-02-17 09:02:23
1645088543928055000,92.5,1,92.5,3,92.7,24,2,2022-02-17 09:02:23
1645088544014982000,92.6,3,92.5,3,92.7,24,2,2022-02-17 09:02:24
1645088544287375000,92.6,1,92.6,2,92.7,24,2,2022-02-17 09:02:24
1645088544680086000,92.7,1,92.6,5,92.7,23,1,2022-02-17 09:02:24
1645088544821396000,92.6,1,92.6,6,92.7,23,2,2022-02-17 09:02:24
1645088544912223000,92.7,2,92.6,6,92.7,21,1,2022-02-17 09:02:24
1645088545001582000,92.7,1,92.6,6,92.7,20,1,2022-02-17 09:02:25
1645088545167428000,92.6,2,92.6,4,92.7,20,2,2022-02-17 09:02:25
1645088545738938000,92.7,1,92.6,5,92.7,19,1,2022-02-17 09:02:25
1645088545766045000,92.7,4,92.6,5,92.7,15,1,2022-02-17 09:02:25
1645088545971130000,92.7,6,92.6,6,92.7,9,1,2022-02-17 09:02:25
1645088545974435000,92.6,2,92.6,4,92.7,9,2,2022-02-17 09:02:25
1645088546005383000,92.7,9,92.6,4,92.8,4,1,2022-02-17 09:02:26
1645088546064295000,92.8,1,92.7,1,92.8,3,1,2022-02-17 09:02:26
1645088546196484000,92.8,6,92.7,1,92.9,22,1,2022-02-17 09:02:26
1645088546924592000,92.9,10,92.7,1,92.9,12,1,2022-02-17 09:02:26
1645088547180292000,92.9,1,92.7,1,92.9,14,1,2022-02-17 09:02:27
1645088547238347000,92.9,14,92.7,1,93.0,40,1,2022-02-17 09:02:27
1645088547238347000,93.0,26,92.7,1,93.0,40,1,2022-02-17 09:02:27
1645088547302701000,93.0,1,92.7,1,93.0,42,1,2022-02-17 09:02:27
1645088547361528000,93.0,10,92.7,1,93.0,33,1,2022-02-17 09:02:27
1645088547567655000,92.8,3,92.7,1,93.0,35,2,2022-02-17 09:02:27
1645088547688717000,93.0,10,92.7,1,93.0,25,1,2022-02-17 09:02:27
1645088547740047000,93.0,1,92.9,10,93.0,24,1,2022-02-17 09:02:27
1645088547907532000,93.0,20,92.9,10,93.0,4,1,2022-02-17 09:02:27
1645088547946346000,93.0,1,92.9,15,93.0,3,1,2022-02-17 09:02:27
1645088547946797000,93.0,3,93.0,1,93.1,4,1,2022-02-17 09:02:27
1645088547995320000,93.1,4,93.0,1,93.3,2,1,2022-02-17 09:02:27
1645088547995320000,93.2,2,93.0,1,93.3,2,1,2022-02-17 09:02:27
1645088547995320000,93.3,4,93.0,1,93.3,2,1,2022-02-17 09:02:27
1645088548070216000,93.1,3,93.0,1,93.2,3,1,2022-02-17 09:02:28
1645088548193149000,93.0,1,92.9,6,93.2,3,2,2022-02-17 09:02:28
1645088548193149000,92.9,9,92.9,6,93.2,3,2,2022-02-17 09:02:28
1645088548334672000,93.2,1,92.9,6,93.2,2,1,2022-02-17 09:02:28
1645088548384741000,93.2,1,92.9,6,93.2,1,1,2022-02-17 09:02:28
1645088548384810000,93.2,1,92.9,6,93.3,2,1,2022-02-17 09:02:28
1645088548384810000,93.3,3,92.9,6,93.3,2,1,2022-02-17 09:02:28
1645088548760822000,93.3,1,93.0,7,93.3,1,1,2022-02-17 09:02:28
1645088548787054000,93.3,1,93.0,7,93.4,4,1,2022-02-17 09:02:28
1645088548787054000,93.4,1,93.0,7,93.4,4,1,2022-02-17 09:02:28
1645088548849491000,93.4,1,93.0,7,93.4,9,1,2022-02-17 09:02:28
1645088549053178000,93.4,1,93.1,28,93.4,8,1,2022-02-17 09:02:29
1645088549510086000,93.4,4,93.2,1,93.4,4,1,2022-02-17 09:02:29
1645088549542195000,93.4,4,93.2,1,93.5,5,1,2022-02-17 09:02:29
1645088549823519000,93.5,1,93.2,1,93.5,4,1,2022-02-17 09:02:29
1645088549887363000,93.5,1,93.2,1,93.5,6,1,2022-02-17 09:02:29
1645088550025576000,93.2,1,93.1,29,93.5,6,2,2022-02-17 09:02:30
1645088550331031000,93.1,2,93.1,22,93.3,2,2,2022-02-17 09:02:30
1645088550565897000,93.3,1,93.1,22,93.3,2,1,2022-02-17 09:02:30
1645088550606281000,93.3,1,93.1,22,93.3,1,1,2022-02-17 09:02:30
1645088550987310000,93.3,1,93.1,22,93.4,5,1,2022-02-17 09:02:30
1645088551432318000,93.4,2,93.1,22,93.4,7,1,2022-02-17 09:02:31
1645088551874094000,93.2,1,93.1,23,93.4,7,2,2022-02-17 09:02:31
1645088551945111000,93.1,1,93.1,22,93.4,7,2,2022-02-17 09:02:31
1645088551978838000,93.3,1,93.1,22,93.4,7,2,2022-02-17 09:02:31
1645088552031412000,93.4,1,93.1,22,93.4,6,1,2022-02-17 09:02:32
1645088552376234000,93.4,1,93.1,22,93.4,5,1,2022-02-17 09:02:32
1645088552710385000,93.4,5,93.2,5,93.5,17,1,2022-02-17 09:02:32
1645088553422833000,93.5,2,93.4,1,93.5,15,1,2022-02-17 09:02:33
1645088553598513000,93.5,1,93.4,2,93.5,14,1,2022-02-17 09:02:33
1645088553618102000,93.5,5,93.4,2,93.5,9,1,2022-02-17 09:02:33
1645088553749587000,93.5,1,93.4,2,93.5,9,1,2022-02-17 09:02:33
1645088554009437000,93.5,1,93.4,2,93.5,8,1,2022-02-17 09:02:34
1645088554019251000,93.4,2,93.3,9,93.4,1,2,2022-02-17 09:02:34
1645088554047565000,93.4,1,93.3,9,93.5,4,1,2022-02-17 09:02:34
1645088554047565000,93.5,4,93.3,9,93.5,4,1,2022-02-17 09:02:34
1645088554531180000,93.5,1,93.4,1,93.5,9,1,2022-02-17 09:02:34
1645088554865387000,93.5,2,93.4,2,93.5,7,1,2022-02-17 09:02:34
1645088554925681000,93.5,1,93.4,2,93.5,8,1,2022-02-17 09:02:34
1645088554929693000,93.5,1,93.4,2,93.5,7,1,2022-02-17 09:02:34
1645088554993820000,93.4,2,93.3,10,93.5,7,2,2022-02-17 09:02:34
1645088555157046000,93.5,1,93.4,1,93.5,6,1,2022-02-17 09:02:35
1645088555192598000,93.4,1,93.3,9,93.5,6,2,2022-02-17 09:02:35
1645088555192598000,93.3,1,93.3,9,93.5,6,2,2022-02-17 09:02:35
1645088555199979000,93.5,3,93.3,9,93.5,3,1,2022-02-17 09:02:35
1645088555398175000,93.5,1,93.4,1,93.5,2,1,2022-02-17 09:02:35
1645088555474745000,93.5,1,93.4,5,93.5,1,1,2022-02-17 09:02:35
1645088555504219000,93.5,1,93.4,5,93.6,14,1,2022-02-17 09:02:35
1645088556032057000,93.5,1,93.4,8,93.6,14,1,2022-02-17 09:02:36
1645088556038412000,93.6,1,93.4,8,93.6,13,1,2022-02-17 09:02:36
1645088556078039000,93.4,2,93.4,7,93.6,16,2,2022-02-17 09:02:36
1645088556183775000,93.5,1,93.4,7,93.6,16,2,2022-02-17 09:02:36
1645088556282773000,93.5,1,93.5,11,93.6,18,2,2022-02-17 09:02:36
1645088556318901000,93.5,11,93.4,7,93.6,18,2,2022-02-17 09:02:36
1645088556342441000,93.5,1,93.4,8,93.6,18,1,2022-02-17 09:02:36
1645088556380280000,93.6,1,93.4,8,93.6,17,1,2022-02-17 09:02:36
1645088556455321000,93.6,2,93.4,8,93.6,15,1,2022-02-17 09:02:36
1645088556837629000,93.5,1,93.4,9,93.6,15,2,2022-02-17 09:02:36
1645088556859595000,93.6,2,93.5,1,93.6,13,1,2022-02-17 09:02:36
1645088556899053000,93.5,1,93.4,9,93.5,1,2,2022-02-17 09:02:36
1645088556929308000,93.5,1,93.4,9,93.6,13,1,2022-02-17 09:02:36
1645088557163637000,93.6,1,93.5,10,93.6,13,1,2022-02-17 09:02:37
1645088557180293000,93.5,2,93.5,8,93.6,13,2,2022-02-17 09:02:37
1645088557286285000,93.6,1,93.5,9,93.6,12,1,2022-02-17 09:02:37
1645088557771222000,93.5,10,93.5,14,93.6,10,2,2022-02-17 09:02:37
1645088557775766000,93.6,3,93.5,14,93.6,7,1,2022-02-17 09:02:37
1645088557963017000,93.6,1,93.5,15,93.6,7,1,2022-02-17 09:02:37
1645088558166975000,93.6,1,93.5,16,93.6,6,1,2022-02-17 09:02:38
1645088558212774000,93.5,1,93.5,15,93.6,6,2,2022-02-17 09:02:38
1645088558230283000,93.5,12,93.5,3,93.6,6,2,2022-02-17 09:02:38
1645088558271887000,93.5,3,93.5,1,93.6,6,2,2022-02-17 09:02:38
1645088558293036000,93.5,1,93.4,11,93.6,6,2,2022-02-17 09:02:38
1645088558376178000,93.5,1,93.4,11,93.6,5,1,2022-02-17 09:02:38
1645088558376178000,93.6,1,93.4,11,93.6,5,1,2022-02-17 09:02:38
1645088558405054000,93.6,1,93.4,11,93.6,4,1,2022-02-17 09:02:38
1645088558502004000,93.6,1,93.5,2,93.6,3,1,2022-02-17 09:02:38
1645088558753017000,93.6,3,93.5,2,93.7,18,1,2022-02-17 09:02:38
1645088558753017000,93.7,7,93.5,2,93.7,18,1,2022-02-17 09:02:38
1645088558921048000,93.6,1,93.5,7,93.7,21,2,2022-02-17 09:02:38
1645088559043394000,93.7,1,93.5,7,93.7,20,1,2022-02-17 09:02:39
1645088559194723000,93.7,1,93.5,12,93.7,19,1,2022-02-17 09:02:39
1645088559338187000,93.7,1,93.5,13,93.7,8,1,2022-02-17 09:02:39
1645088559376749000,93.7,8,93.5,13,93.8,79,1,2022-02-17 09:02:39
1645088559376749000,93.8,2,93.5,13,93.8,79,1,2022-02-17 09:02:39
1645088559458072000,93.5,2,93.5,12,93.8,82,2,2022-02-17 09:02:39
1645088559586331000,93.6,1,93.5,13,93.6,2,2,2022-02-17 09:02:39
1645088559821683000,93.6,1,93.5,14,93.6,1,1,2022-02-17 09:02:39
1645088559879846000,93.6,1,93.5,14,93.8,82,1,2022-02-17 09:02:39
1645088559898716000,93.8,1,93.5,14,93.8,81,1,2022-02-17 09:02:39
1645088560199813000,93.6,1,93.5,14,93.7,10,1,2022-02-17 09:02:40
1645088560325994000,93.7,1,93.5,16,93.7,14,1,2022-02-17 09:02:40
1645088560360836000,93.6,1,93.5,16,93.7,14,2,2022-02-17 09:02:40
1645088560406452000,93.7,2,93.5,15,93.7,12,1,2022-02-17 09:02:40
1645088560610994000,93.7,2,93.5,15,93.7,22,1,2022-02-17 09:02:40
1645088560861909000,93.7,1,93.6,8,93.7,21,1,2022-02-17 09:02:40
1645088560959583000,93.7,5,93.6,9,93.7,21,1,2022-02-17 09:02:40
1645088561388842000,93.7,5,93.6,11,93.7,16,1,2022-02-17 09:02:41
1645088561669415000,93.7,1,93.6,12,93.7,15,1,2022-02-17 09:02:41
1645088561709299000,93.7,1,93.6,12,93.7,14,1,2022-02-17 09:02:41
1645088561837818000,93.7,1,93.6,12,93.7,13,1,2022-02-17 09:02:41
1645088561932545000,93.7,13,93.6,12,94.0,81,1,2022-02-17 09:02:41
1645088561932545000,93.8,79,93.6,12,94.0,81,1,2022-02-17 09:02:41
1645088561932545000,93.9,17,93.6,12,94.0,81,1,2022-02-17 09:02:41
1645088562112858000,93.9,1,93.7,1,93.9,2,1,2022-02-17 09:02:42
1645088562143755000,93.9,2,93.7,1,94.0,81,1,2022-02-17 09:02:42
1645088562476166000,94.0,1,93.7,2,94.0,80,1,2022-02-17 09:02:42
1645088562479570000,94.0,1,93.7,2,94.0,79,1,2022-02-17 09:02:42
1645088562489368000,93.7,2,93.6,4,94.0,79,2,2022-02-17 09:02:42
1645088562489368000,93.6,13,93.6,4,94.0,79,2,2022-02-17 09:02:42
1645088562800532000,93.9,3,93.6,4,94.0,79,1,2022-02-17 09:02:42
1645088562978913000,94.0,1,93.8,1,94.0,78,1,2022-02-17 09:02:42
1645088563124842000,93.8,1,93.7,1,94.0,83,2,2022-02-17 09:02:43
1645088563124842000,93.7,1,93.7,1,94.0,83,2,2022-02-17 09:02:43
1645088563357168000,94.0,1,93.7,2,94.0,82,1,2022-02-17 09:02:43
1645088563604841000,93.8,1,93.7,10,93.8,1,1,2022-02-17 09:02:43
1645088563824407000,93.8,1,93.7,14,93.9,10,1,2022-02-17 09:02:43
1645088564002386000,93.9,1,93.7,15,93.9,10,1,2022-02-17 09:02:44
1645088564270149000,93.9,1,93.7,16,93.9,9,1,2022-02-17 09:02:44
1645088564406843000,93.7,5,93.7,14,93.9,9,2,2022-02-17 09:02:44
1645088564729556000,93.9,2,93.7,15,93.9,7,1,2022-02-17 09:02:44
1645088565263149000,93.9,1,93.7,16,93.9,6,1,2022-02-17 09:02:45
1645088565316503000,93.9,5,93.7,16,93.9,1,1,2022-02-17 09:02:45
1645088565321370000,93.7,1,93.7,15,93.9,1,2,2022-02-17 09:02:45
1645088565465774000,93.7,1,93.7,14,93.9,1,2,2022-02-17 09:02:45
1645088565555691000,93.9,1,93.7,14,94.0,85,1,2022-02-17 09:02:45
1645088565839314000,94.0,1,93.9,2,94.0,86,1,2022-02-17 09:02:45
1645088565876674000,93.9,2,93.8,1,94.0,88,2,2022-02-17 09:02:45
1645088565923699000,93.8,1,93.5,22,94.0,88,2,2022-02-17 09:02:45
1645088565923699000,93.7,15,93.5,22,94.0,88,2,2022-02-17 09:02:45
1645088565923699000,93.6,20,93.5,22,94.0,88,2,2022-02-17 09:02:45
1645088565923699000,93.5,14,93.5,22,94.0,88,2,2022-02-17 09:02:45
1645088566024398000,93.8,1,93.6,1,93.9,4,2,2022-02-17 09:02:46
1645088566102414000,93.9,3,93.6,1,93.9,1,1,2022-02-17 09:02:46
1645088566144478000,93.9,1,93.6,1,93.9,3,1,2022-02-17 09:02:46
1645088566163460000,93.9,3,93.6,1,94.0,87,1,2022-02-17 09:02:46
1645088566163460000,94.0,1,93.6,1,94.0,87,1,2022-02-17 09:02:46
1645088566242648000,93.9,1,93.7,2,93.9,1,1,2022-02-17 09:02:46
1645088566333715000,93.9,1,93.7,2,94.0,87,1,2022-02-17 09:02:46
1645088566400397000,93.7,1,93.7,2,94.0,87,2,2022-02-17 09:02:46
1645088566420590000,93.7,2,93.6,8,94.0,87,2,2022-02-17 09:02:46
1645088566495677000,93.6,1,93.6,8,93.9,1,2,2022-02-17 09:02:46
1645088566703967000,93.9,2,93.7,3,93.9,2,1,2022-02-17 09:02:46
1645088566801377000,93.9,2,93.7,3,94.0,56,1,2022-02-17 09:02:46
1645088566801377000,94.0,31,93.7,3,94.0,56,1,2022-02-17 09:02:46
1645088566867294000,94.0,1,93.7,4,94.0,55,1,2022-02-17 09:02:46
1645088567012727000,93.9,1,93.7,4,93.9,8,2,2022-02-17 09:02:47
1645088567136914000,93.8,1,93.7,10,93.9,13,2,2022-02-17 09:02:47
1645088567217825000,93.9,1,93.7,10,93.9,12,1,2022-02-17 09:02:47
1645088567299318000,93.9,1,93.7,10,93.9,11,1,2022-02-17 09:02:47
1645088567371674000,93.7,1,93.7,9,93.9,11,2,2022-02-17 09:02:47
1645088567447327000,93.7,1,93.7,8,93.9,13,2,2022-02-17 09:02:47
1645088567587044000,93.7,1,93.7,11,93.9,23,2,2022-02-17 09:02:47
1645088567690845000,93.9,1,93.7,11,93.9,22,1,2022-02-17 09:02:47
1645088567728328000,93.9,4,93.7,11,93.9,22,1,2022-02-17 09:02:47
1645088567734937000,93.9,1,93.7,11,93.9,21,1,2022-02-17 09:02:47
1645088567859880000,93.9,1,93.7,11,93.9,20,1,2022-02-17 09:02:47
1645088567861148000,93.9,10,93.7,11,93.9,10,1,2022-02-17 09:02:47
1645088567909453000,93.7,3,93.7,14,93.9,10,2,2022-02-17 09:02:47
1645088567961553000,93.7,1,93.7,13,93.9,10,2,2022-02-17 09:02:47
1645088568179781000,93.9,2,93.7,13,93.9,8,1,2022-02-17 09:02:48
1645088568319123000,93.7,1,93.7,13,93.9,9,2,2022-02-17 09:02:48
1645088568330968000,93.7,1,93.7,12,93.9,9,2,2022-02-17 09:02:48
1645088568406670000,93.8,1,93.7,13,93.9,9,1,2022-02-17 09:02:48
1645088568464087000,93.7,1,93.7,13,93.8,2,2,2022-02-17 09:02:48
1645088568580300000,93.8,2,93.7,22,94.0,55,1,2022-02-17 09:02:48
1645088568580300000,93.9,12,93.7,22,94.0,55,1,2022-02-17 09:02:48
1645088568580300000,94.0,1,93.7,22,94.0,55,1,2022-02-17 09:02:48
1645088568684478000,93.7,1,93.7,21,94.0,59,2,2022-02-17 09:02:48
1645088568803848000,93.7,20,93.7,1,93.8,5,2,2022-02-17 09:02:48
1645088568845388000,93.7,1,93.6,17,93.8,5,2,2022-02-17 09:02:48
1645088568875460000,93.7,1,93.6,17,93.7,1,1,2022-02-17 09:02:48
1645088568997394000,93.7,1,93.6,17,93.7,1,1,2022-02-17 09:02:48
1645088569021618000,93.7,1,93.6,17,93.8,5,1,2022-02-17 09:02:49
1645088569021618000,93.8,2,93.6,17,93.8,5,1,2022-02-17 09:02:49
1645088569055585000,93.7,1,93.6,17,93.8,5,2,2022-02-17 09:02:49
1645088569269886000,93.8,1,93.7,2,93.8,4,1,2022-02-17 09:02:49
1645088569299709000,93.8,1,93.7,2,93.8,3,1,2022-02-17 09:02:49
1645088569444908000,93.7,1,93.7,1,93.8,3,2,2022-02-17 09:02:49
1645088569725834000,93.8,2,93.7,1,93.8,7,1,2022-02-17 09:02:49
1645088569836939000,93.7,1,93.6,17,93.8,8,2,2022-02-17 09:02:49
1645088570104623000,93.8,5,93.7,1,93.8,3,1,2022-02-17 09:02:50
1645088570147159000,93.7,1,93.7,1,93.8,3,2,2022-02-17 09:02:50
1645088570211759000,93.7,1,93.6,17,93.8,3,2,2022-02-17 09:02:50
1645088570265909000,93.8,2,93.6,17,93.8,2,1,2022-02-17 09:02:50
1645088570312229000,93.6,1,93.6,16,93.8,2,2,2022-02-17 09:02:50
1645088570693314000,93.8,1,93.7,1,93.8,1,1,2022-02-17 09:02:50
1645088570730995000,93.8,1,93.7,2,93.9,20,1,2022-02-17 09:02:50
1645088570772294000,93.7,1,93.7,1,93.9,20,2,2022-02-17 09:02:50
1645088570782959000,93.9,1,93.7,1,93.9,19,1,2022-02-17 09:02:50
1645088571320368000,93.7,1,93.7,13,93.8,8,2,2022-02-17 09:02:51
1645088571459041000,93.8,1,93.7,14,93.8,7,1,2022-02-17 09:02:51
1645088571527895000,93.8,4,93.7,14,93.8,3,1,2022-02-17 09:02:51
1645088571866450000,93.7,1,93.7,14,93.8,3,2,2022-02-17 09:02:51
1645088571976818000,93.7,1,93.7,13,93.8,6,2,2022-02-17 09:02:51
1645088572133109000,93.7,1,93.7,12,93.8,8,2,2022-02-17 09:02:52
1645088572149089000,93.8,1,93.7,12,93.8,7,1,2022-02-17 09:02:52
1645088572181212000,93.8,1,93.7,12,93.8,6,1,2022-02-17 09:02:52
1645088572521284000,93.7,3,93.7,12,93.8,8,2,2022-02-17 09:02:52
1645088572694683000,93.7,1,93.7,11,93.8,8,2,2022-02-17 09:02:52
1645088572875853000,93.8,3,93.7,11,93.8,5,1,2022-02-17 09:02:52
1645088572939486000,93.7,1,93.7,10,93.8,5,2,2022-02-17 09:02:52
1645088573048975000,93.7,1,93.7,10,93.8,5,2,2022-02-17 09:02:53
1645088573067596000,93.8,1,93.7,10,93.8,4,1,2022-02-17 09:02:53
1645088573102484000,93.7,1,93.7,9,93.8,4,2,2022-02-17 09:02:53
1645088573285825000,93.7,2,93.7,8,93.8,4,2,2022-02-17 09:02:53
1645088573415058000,93.7,1,93.7,7,93.8,7,2,2022-02-17 09:02:53
1645088573470420000,93.7,7,93.6,20,93.8,7,2,2022-02-17 09:02:53
1645088573703392000,93.7,2,93.6,20,93.8,7,1,2022-02-17 09:02:53
1645088573893456000,93.8,7,93.8,3,93.9,29,1,2022-02-17 09:02:53
1645088573913264000,93.8,1,93.8,2,93.9,29,2,2022-02-17 09:02:53
1645088574069461000,93.9,1,93.8,2,93.9,28,1,2022-02-17 09:02:54
1645088574354039000,93.8,1,93.8,2,93.9,32,2,2022-02-17 09:02:54
1645088574395565000,93.8,1,93.8,1,93.9,32,2,2022-02-17 09:02:54
1645088574541198000,93.9,2,93.8,1,93.9,30,1,2022-02-17 09:02:54
1645088574663711000,93.8,1,93.7,9,93.9,30,2,2022-02-17 09:02:54
1645088574678441000,93.9,1,93.7,10,93.9,29,1,2022-02-17 09:02:54
1645088574850015000,93.9,2,93.7,10,93.9,27,1,2022-02-17 09:02:54
1645088575150480000,93.9,2,93.8,1,93.9,25,1,2022-02-17 09:02:55
1645088575667455000,93.8,2,93.7,14,93.8,3,2,2022-02-17 09:02:55
1645088575772670000,93.8,1,93.7,14,93.8,2,1,2022-02-17 09:02:55
1645088575804681000,93.7,1,93.7,13,93.8,2,2,2022-02-17 09:02:55
1645088575858994000,93.7,1,93.7,12,93.8,2,2,2022-02-17 09:02:55
1645088576003114000,93.8,1,93.7,13,93.8,1,1,2022-02-17 09:02:56
1645088576014291000,93.7,1,93.7,12,93.8,1,2,2022-02-17 09:02:56
1645088576213665000,93.8,1,93.7,12,93.9,26,1,2022-02-17 09:02:56
1645088576417284000,93.7,1,93.7,11,93.9,26,2,2022-02-17 09:02:56
1645088576770644000,93.8,2,93.7,13,93.8,38,2,2022-02-17 09:02:56
1645088577005623000,93.7,1,93.7,17,93.8,38,2,2022-02-17 09:02:57
1645088577544982000,93.7,15,93.7,3,93.8,38,2,2022-02-17 09:02:57
1645088577579677000,93.7,1,93.7,2,93.8,38,2,2022-02-17 09:02:57
1645088577716202000,93.7,2,93.6,26,93.7,3,2,2022-02-17 09:02:57
1645088577755295000,93.7,1,93.6,26,93.7,3,1,2022-02-17 09:02:57
1645088577833758000,93.7,3,93.6,26,93.8,38,1,2022-02-17 09:02:57
1645088577889755000,93.7,1,93.6,26,93.7,2,2,2022-02-17 09:02:57
1645088577914289000,93.7,1,93.6,26,93.7,1,1,2022-02-17 09:02:57
1645088577935731000,93.7,1,93.6,26,93.8,38,1,2022-02-17 09:02:57
1645088578068679000,93.8,1,93.7,1,93.8,37,1,2022-02-17 09:02:58
1645088578110425000,93.8,3,93.7,1,93.8,34,1,2022-02-17 09:02:58
1645088578152014000,93.8,1,93.7,1,93.8,35,1,2022-02-17 09:02:58
1645088578155470000,93.7,1,93.6,28,93.7,9,2,2022-02-17 09:02:58
1645088578202093000,93.7,1,93.6,28,93.7,8,1,2022-02-17 09:02:58
1645088578276556000,93.7,2,93.6,28,93.7,6,1,2022-02-17 09:02:58
1645088578375919000,93.7,1,93.6,28,93.7,20,1,2022-02-17 09:02:58
1645088578395407000,93.7,1,93.6,28,93.7,19,1,2022-02-17 09:02:58
1645088578455741000,93.7,1,93.6,30,93.7,18,1,2022-02-17 09:02:58
1645088578492949000,93.7,2,93.6,30,93.7,16,1,2022-02-17 09:02:58
1645088578700781000,93.7,1,93.6,30,93.7,15,1,2022-02-17 09:02:58
1645088578935535000,93.6,1,93.6,29,93.7,15,2,2022-02-17 09:02:58
1645088578971087000,93.7,2,93.6,31,93.7,13,1,2022-02-17 09:02:58
1645088579057192000,93.6,1,93.6,30,93.7,20,2,2022-02-17 09:02:59
1645088579061351000,93.7,1,93.6,29,93.7,19,1,2022-02-17 09:02:59
1645088579101478000,93.7,1,93.6,29,93.7,18,1,2022-02-17 09:02:59
1645088579106890000,93.6,5,93.6,24,93.7,18,2,2022-02-17 09:02:59
1645088579107291000,93.7,3,93.6,24,93.7,15,1,2022-02-17 09:02:59
1645088579230686000,93.7,5,93.6,24,93.7,10,1,2022-02-17 09:02:59
1645088579441235000,93.7,2,93.6,24,93.7,8,1,2022-02-17 09:02:59
1645088579449979000,93.7,2,93.6,24,93.7,6,1,2022-02-17 09:02:59
1645088579489455000,93.6,1,93.6,23,93.7,1,2,2022-02-17 09:02:59
1645088579541847000,93.7,1,93.6,23,93.8,38,1,2022-02-17 09:02:59
1645088579566773000,93.8,1,93.6,23,93.8,37,1,2022-02-17 09:02:59
1645088579675537000,93.7,1,93.6,23,93.7,5,1,2022-02-17 09:02:59
1645088579758813000,93.7,1,93.6,23,93.7,4,1,2022-02-17 09:02:59
1645088579767222000,93.6,10,93.6,13,93.7,4,2,2022-02-17 09:02:59
1645088579795923000,93.6,13,93.5,44,93.7,4,2,2022-02-17 09:02:59
1645088579798445000,93.7,1,93.5,44,93.7,3,1,2022-02-17 09:02:59
1645088579846954000,93.7,1,93.5,44,93.7,3,1,2022-02-17 09:02:59
1645088579854389000,93.7,1,93.5,44,93.7,2,1,2022-02-17 09:02:59
1645088580071514000,93.7,1,93.5,44,93.7,1,1,2022-02-17 09:03:00
1645088580089979000,93.7,1,93.5,44,93.8,40,1,2022-02-17 09:03:00
1645088580164130000,93.5,1,93.5,43,93.8,40,2,2022-02-17 09:03:00
1645088580198428000,93.5,1,93.5,42,93.8,40,2,2022-02-17 09:03:00
1645088580230199000,93.7,1,93.5,42,93.7,1,1,2022-02-17 09:03:00
1645088580255234000,93.7,1,93.5,42,93.8,38,1,2022-02-17 09:03:00
1645088580255234000,93.8,2,93.5,42,93.8,38,1,2022-02-17 09:03:00
1645088580293196000,93.7,2,93.5,42,93.8,38,2,2022-02-17 09:03:00
1645088580376519000,93.8,1,93.5,42,93.8,37,1,2022-02-17 09:03:00
1645088580655441000,93.7,1,93.5,42,93.7,2,1,2022-02-17 09:03:00
1645088580724123000,93.5,1,93.5,41,93.7,3,2,2022-02-17 09:03:00
1645088580732947000,93.7,1,93.5,41,93.7,2,1,2022-02-17 09:03:00
1645088580755022000,93.5,2,93.5,39,93.7,2,2,2022-02-17 09:03:00
1645088580842866000,93.5,2,93.5,37,93.6,6,2,2022-02-17 09:03:00
1645088580848134000,93.6,1,93.5,37,93.6,5,1,2022-02-17 09:03:00
1645088580860823000,93.5,6,93.5,31,93.6,5,2,2022-02-17 09:03:00
1645088580893942000,93.5,8,93.5,23,93.6,5,2,2022-02-17 09:03:00
1645088580898379000,93.6,1,93.5,23,93.6,4,1,2022-02-17 09:03:00
1645088580917994000,93.5,1,93.5,22,93.6,4,2,2022-02-17 09:03:00
1645088580924887000,93.5,1,93.5,21,93.6,4,2,2022-02-17 09:03:00
1645088580967798000,93.5,7,93.5,14,93.6,4,2,2022-02-17 09:03:00
1645088580996190000,93.5,1,93.5,13,93.6,4,2,2022-02-17 09:03:00
1645088581006552000,93.6,1,93.5,13,93.6,3,1,2022-02-17 09:03:01
1645088581265709000,93.6,1,93.5,14,93.6,2,1,2022-02-17 09:03:01
1645088581275390000,93.5,3,93.5,11,93.6,2,2,2022-02-17 09:03:01
1645088581277620000,93.6,2,93.5,11,93.7,20,1,2022-02-17 09:03:01
1645088581277620000,93.7,1,93.5,11,93.7,20,1,2022-02-17 09:03:01
1645088581334579000,93.7,5,93.5,11,93.7,15,1,2022-02-17 09:03:01
1645088581363152000,93.7,2,93.5,11,93.7,13,1,2022-02-17 09:03:01
1645088581394852000,93.7,1,93.5,11,93.7,12,1,2022-02-17 09:03:01
1645088581492879000,93.6,1,93.4,22,93.5,7,2,2022-02-17 09:03:01
1645088581492879000,93.5,11,93.4,22,93.5,7,2,2022-02-17 09:03:01
1645088581533938000,93.5,7,93.7,1,93.8,44,1,2022-02-17 09:03:01
1645088581533938000,93.7,12,93.7,1,93.8,44,1,2022-02-17 09:03:01
1645088581561009000,93.7,1,93.4,22,93.8,44,2,2022-02-17 09:03:01
1645088581575540000,93.8,2,93.4,22,93.8,42,1,2022-02-17 09:03:01
1645088581746923000,93.7,2,93.6,48,93.8,42,2,2022-02-17 09:03:01
1645088581949129000,93.8,1,93.6,48,93.8,41,1,2022-02-17 09:03:01
1645088582232090000,93.7,4,93.6,48,93.7,1,2,2022-02-17 09:03:02
1645088582328989000,93.7,1,93.6,48,93.8,42,1,2022-02-17 09:03:02
1645088582330830000,93.6,1,93.6,47,93.8,42,2,2022-02-17 09:03:02
1645088582503487000,93.6,47,93.5,2,93.8,47,2,2022-02-17 09:03:02
1645088582880915000,93.6,1,93.5,2,93.6,36,1,2022-02-17 09:03:02
1645088583350165000,93.6,1,93.5,6,93.6,35,1,2022-02-17 09:03:03
1645088583511810000,93.6,2,93.5,6,93.6,33,1,2022-02-17 09:03:03
1645088583606332000,93.6,1,93.5,6,93.6,32,1,2022-02-17 09:03:03
1645088584035330000,93.6,1,93.5,6,93.6,4,1,2022-02-17 09:03:04
1645088584225638000,93.5,5,93.5,4,93.6,4,2,2022-02-17 09:03:04
1645088584235280000,93.6,2,93.5,4,93.6,2,1,2022-02-17 09:03:04
1645088584282995000,93.6,2,93.5,4,93.7,12,1,2022-02-17 09:03:04
1645088584368869000,93.5,1,93.5,4,93.7,25,2,2022-02-17 09:03:04
1645088584494008000,93.7,1,93.5,4,93.7,24,1,2022-02-17 09:03:04
1645088584697775000,93.7,10,93.5,4,93.7,14,1,2022-02-17 09:03:04
1645088584986436000,93.7,1,93.5,4,93.7,13,1,2022-02-17 09:03:04
1645088585229273000,93.5,1,93.5,4,93.7,13,2,2022-02-17 09:03:05
1645088585254631000,93.7,1,93.5,4,93.7,13,1,2022-02-17 09:03:05
1645088585267187000,93.5,4,93.4,23,93.7,13,2,2022-02-17 09:03:05
1645088585293187000,93.7,2,93.4,23,93.7,11,1,2022-02-17 09:03:05
1645088585936083000,93.5,1,93.5,4,93.7,14,2,2022-02-17 09:03:05
1645088586540443000,93.5,1,93.5,5,93.7,14,2,2022-02-17 09:03:06
1645088587208909000,93.6,1,93.6,1,93.7,19,2,2022-02-17 09:03:07
1645088587244494000,93.6,1,93.5,7,93.7,19,2,2022-02-17 09:03:07
1645088587318741000,93.7,1,93.5,7,93.7,18,1,2022-02-17 09:03:07
1645088587673010000,93.6,1,93.5,11,93.7,18,2,2022-02-17 09:03:07
1645088587986134000,93.5,1,93.5,11,93.6,3,2,2022-02-17 09:03:07
1645088588297629000,93.5,1,93.5,14,93.6,4,2,2022-02-17 09:03:08
1645088589128476000,93.5,5,93.5,10,93.6,9,2,2022-02-17 09:03:09
1645088589508931000,93.6,1,93.5,20,93.6,10,1,2022-02-17 09:03:09
1645088589653243000,93.5,10,93.5,10,93.6,10,2,2022-02-17 09:03:09
1645088589742952000,93.6,3,93.5,10,93.6,8,1,2022-02-17 09:03:09
1645088589759385000,93.5,10,93.4,19,93.6,8,2,2022-02-17 09:03:09
1645088589823955000,93.6,8,93.4,19,93.7,40,1,2022-02-17 09:03:09
1645088589823955000,93.7,101,93.4,19,93.7,40,1,2022-02-17 09:03:09
1645088589971916000,93.5,1,93.4,19,93.5,4,2,2022-02-17 09:03:09
1645088590107937000,93.5,1,93.4,19,93.5,3,1,2022-02-17 09:03:10
1645088590255208000,93.4,5,93.4,26,93.5,3,2,2022-02-17 09:03:10
1645088590304771000,93.4,1,93.4,25,93.5,5,2,2022-02-17 09:03:10
1645088590412772000,93.5,1,93.4,25,93.5,4,1,2022-02-17 09:03:10
1645088590553137000,93.5,2,93.4,25,93.5,2,1,2022-02-17 09:03:10
1645088590802788000,93.5,1,93.4,25,93.5,1,1,2022-02-17 09:03:10
1645088591181016000,93.5,1,93.4,25,93.6,9,1,2022-02-17 09:03:11
1645088591370666000,93.5,1,93.4,25,93.6,9,2,2022-02-17 09:03:11
1645088591465007000,93.5,1,93.4,25,93.6,9,1,2022-02-17 09:03:11
1645088591711986000,93.5,1,93.4,25,93.5,4,1,2022-02-17 09:03:11
1645088591770789000,93.5,4,93.4,25,93.6,7,1,2022-02-17 09:03:11
1645088591770789000,93.6,1,93.4,25,93.6,7,1,2022-02-17 09:03:11
1645088591797126000,93.4,1,93.4,24,93.6,7,2,2022-02-17 09:03:11
1645088592075645000,93.5,1,93.3,16,93.6,7,2,2022-02-17 09:03:12
1645088592075645000,93.4,24,93.3,16,93.6,7,2,2022-02-17 09:03:12
1645088592075645000,93.3,5,93.3,16,93.6,7,2,2022-02-17 09:03:12
1645088592103885000,93.5,1,93.3,16,93.6,7,2,2022-02-17 09:03:12
1645088592136667000,93.3,16,93.2,123,93.6,8,2,2022-02-17 09:03:12
1645088592365669000,93.5,1,93.4,1,93.6,4,1,2022-02-17 09:03:12
1645088592365669000,93.6,4,93.4,1,93.6,4,1,2022-02-17 09:03:12
1645088592418803000,93.5,1,93.4,1,93.6,4,2,2022-02-17 09:03:12
1645088592573264000,93.5,1,93.4,1,93.5,1,1,2022-02-17 09:03:12
1645088592821972000,93.5,1,93.4,9,93.6,4,1,2022-02-17 09:03:12
1645088593072921000,93.5,1,93.4,10,93.5,2,1,2022-02-17 09:03:13
1645088593083322000,93.5,1,93.4,10,93.5,1,1,2022-02-17 09:03:13
1645088593087877000,93.4,3,93.4,7,93.5,1,2,2022-02-17 09:03:13
1645088593430583000,93.5,1,93.4,7,93.5,3,1,2022-02-17 09:03:13
1645088594164423000,93.5,1,93.4,7,93.5,3,1,2022-02-17 09:03:14
1645088594394853000,93.5,2,93.4,7,93.5,1,1,2022-02-17 09:03:14
1645088594954690000,93.4,1,93.3,10,93.5,4,2,2022-02-17 09:03:14
1645088595368870000,93.5,1,93.3,11,93.5,3,1,2022-02-17 09:03:15
1645088595442400000,93.3,1,93.3,10,93.5,3,2,2022-02-17 09:03:15
1645088595634324000,93.4,5,93.3,10,93.5,3,2,2022-02-17 09:03:15
1645088596249626000,93.4,1,93.5,1,93.6,26,1,2022-02-17 09:03:16
1645088596249626000,93.5,3,93.5,1,93.6,26,1,2022-02-17 09:03:16
1645088596279010000,93.5,1,93.3,11,93.6,26,2,2022-02-17 09:03:16
1645088596502370000,93.4,2,93.3,11,93.5,1,2,2022-02-17 09:03:16
1645088596575070000,93.5,1,93.5,2,93.6,25,1,2022-02-17 09:03:16
1645088596613494000,93.5,2,93.3,11,93.6,25,2,2022-02-17 09:03:16
1645088596646292000,93.5,3,93.3,11,93.6,25,2,2022-02-17 09:03:16
1645088596847735000,93.5,1,93.3,11,93.6,25,2,2022-02-17 09:03:16
1645088597899340000,93.6,3,93.5,3,93.6,23,1,2022-02-17 09:03:17
1645088597922910000,93.5,1,93.5,2,93.6,23,2,2022-02-17 09:03:17
1645088598367740000,93.5,1,93.5,1,93.6,11,2,2022-02-17 09:03:18
1645088598393619000,93.5,1,93.4,12,93.5,36,2,2022-02-17 09:03:18
1645088598679002000,93.4,1,93.4,11,93.5,36,2,2022-02-17 09:03:18
1645088598783196000,93.4,1,93.4,11,93.5,36,2,2022-02-17 09:03:18
1645088599916790000,93.4,1,93.4,12,93.5,3,2,2022-02-17 09:03:19
1645088599932254000,93.5,1,93.4,12,93.5,2,1,2022-02-17 09:03:19
1645088600250064000,93.5,1,93.4,13,93.5,1,1,2022-02-17 09:03:20
1645088600292130000,93.4,1,93.4,12,93.5,1,2,2022-02-17 09:03:20
1645088601114372000,93.5,1,93.4,19,93.5,31,1,2022-02-17 09:03:21
1645088601648430000,93.5,1,93.4,20,93.5,30,1,2022-02-17 09:03:21
1645088601794573000,93.5,1,93.4,24,93.5,29,1,2022-02-17 09:03:21
1645088601822299000,93.5,1,93.4,24,93.5,28,1,2022-02-17 09:03:21
1645088603311502000,93.5,20,93.4,29,93.5,9,1,2022-02-17 09:03:23
1645088603346328000,93.5,9,93.4,29,93.6,9,1,2022-02-17 09:03:23
1645088604252337000,93.5,1,93.5,6,93.6,9,2,2022-02-17 09:03:24
1645088604296697000,93.5,2,93.5,4,93.6,9,2,2022-02-17 09:03:24
1645088604324440000,93.5,4,93.4,25,93.6,9,2,2022-02-17 09:03:24
1645088604458898000,93.4,1,93.4,31,93.6,9,2,2022-02-17 09:03:24
1645088605429558000,93.5,1,93.4,33,93.5,1,1,2022-02-17 09:03:25
1645088606121110000,93.5,1,93.4,35,93.5,1,1,2022-02-17 09:03:26
1645088606256146000,93.5,1,93.4,55,93.5,22,1,2022-02-17 09:03:26
1645088606402352000,93.5,1,93.4,55,93.5,21,1,2022-02-17 09:03:26
1645088606656265000,93.5,2,93.4,57,93.5,19,1,2022-02-17 09:03:26
1645088606714492000,93.4,1,93.4,56,93.5,19,2,2022-02-17 09:03:26
1645088606743255000,93.5,4,93.4,56,93.5,15,1,2022-02-17 09:03:26
1645088607068911000,93.4,5,93.4,52,93.5,15,2,2022-02-17 09:03:27
1645088607095710000,93.4,1,93.4,51,93.5,15,2,2022-02-17 09:03:27
1645088607109344000,93.5,13,93.4,52,93.5,2,1,2022-02-17 09:03:27
1645088607134181000,93.5,2,93.4,52,93.6,15,1,2022-02-17 09:03:27
1645088607450344000,93.5,1,93.4,43,93.6,15,2,2022-02-17 09:03:27
1645088607450344000,93.4,9,93.4,43,93.6,15,2,2022-02-17 09:03:27
1645088607726162000,93.6,2,93.4,45,93.6,13,1,2022-02-17 09:03:27
1645088608221111000,93.5,1,93.4,45,93.6,17,2,2022-02-17 09:03:28
1645088608376551000,93.5,1,93.5,8,93.6,17,2,2022-02-17 09:03:28
1645088608693057000,93.5,1,93.5,7,93.6,17,2,2022-02-17 09:03:28
1645088608725473000,93.5,1,93.5,6,93.6,17,2,2022-02-17 09:03:28
1645088609235781000,93.5,1,93.5,11,93.6,17,2,2022-02-17 09:03:29
1645088610480938000,93.6,1,93.5,14,93.6,16,1,2022-02-17 09:03:30
1645088610662651000,93.6,1,93.5,14,93.6,15,1,2022-02-17 09:03:30
1645088610708933000,93.5,2,93.5,12,93.6,15,2,2022-02-17 09:03:30
1645088611061202000,93.6,1,93.5,14,93.6,14,1,2022-02-17 09:03:31
1645088611412646000,93.5,3,93.5,11,93.6,14,2,2022-02-17 09:03:31
1645088611686669000,93.6,1,93.5,11,93.6,13,1,2022-02-17 09:03:31
1645088611937968000,93.5,1,93.5,20,93.6,13,2,2022-02-17 09:03:31
1645088612138024000,93.5,1,93.5,20,93.6,14,2,2022-02-17 09:03:32
1645088612368704000,93.5,1,93.5,22,93.6,14,2,2022-02-17 09:03:32
1645088612658444000,93.6,5,93.5,22,93.6,9,1,2022-02-17 09:03:32
1645088613139956000,93.6,3,93.5,24,93.6,6,1,2022-02-17 09:03:33
1645088613302919000,93.6,2,93.5,24,93.6,4,1,2022-02-17 09:03:33
1645088613321685000,93.6,4,93.5,24,93.7,52,1,2022-02-17 09:03:33
1645088613949961000,93.6,3,93.5,28,93.7,52,1,2022-02-17 09:03:33
1645088614169943000,93.6,1,93.5,28,93.7,52,2,2022-02-17 09:03:34
1645088615443680000,93.7,2,93.6,29,93.7,50,1,2022-02-17 09:03:35
1645088615601760000,93.6,1,93.6,28,93.7,54,2,2022-02-17 09:03:35
1645088615624693000,93.6,1,93.6,27,93.7,54,2,2022-02-17 09:03:35
1645088616056305000,93.6,1,93.6,28,93.7,54,2,2022-02-17 09:03:36
1645088616643087000,93.7,10,93.6,29,93.7,44,1,2022-02-17 09:03:36
1645088616765951000,93.6,2,93.6,28,93.7,47,2,2022-02-17 09:03:36
1645088617186694000,93.6,3,93.6,25,93.7,48,2,2022-02-17 09:03:37
1645088617910753000,93.6,1,93.6,27,93.7,47,2,2022-02-17 09:03:37
1645088618609575000,93.7,11,93.6,23,93.7,36,1,2022-02-17 09:03:38
1645088618970347000,93.7,3,93.6,23,93.7,33,1,2022-02-17 09:03:38
1645088619033501000,93.7,2,93.6,23,93.7,31,1,2022-02-17 09:03:39
1645088619378376000,93.7,2,93.6,25,93.7,29,1,2022-02-17 09:03:39
1645088619510792000,93.7,1,93.6,25,93.7,28,1,2022-02-17 09:03:39
1645088619790798000,93.7,3,93.6,38,93.7,25,1,2022-02-17 09:03:39
1645088619804095000,93.7,1,93.6,38,93.7,24,1,2022-02-17 09:03:39
1645088619899204000,93.7,1,93.6,38,93.7,23,1,2022-02-17 09:03:39
1645088619927673000,93.7,12,93.6,38,93.7,11,1,2022-02-17 09:03:39
1645088619930192000,93.7,11,93.7,9,93.8,77,1,2022-02-17 09:03:39
1645088619962038000,93.8,2,93.7,9,93.8,75,1,2022-02-17 09:03:39
1645088620144343000,93.8,11,93.7,10,93.8,64,1,2022-02-17 09:03:40
1645088620149079000,93.7,5,93.7,5,93.8,64,2,2022-02-17 09:03:40
1645088620175757000,93.8,6,93.7,5,93.8,58,1,2022-02-17 09:03:40
1645088620447112000,93.8,5,93.7,15,93.8,53,1,2022-02-17 09:03:40
1645088620468364000,93.8,4,93.7,15,93.8,49,1,2022-02-17 09:03:40
1645088620547379000,93.8,49,93.9,23,94.0,82,1,2022-02-17 09:03:40
1645088620547379000,93.9,28,93.9,23,94.0,82,1,2022-02-17 09:03:40
1645088620568807000,93.9,2,93.9,24,94.0,82,2,2022-02-17 09:03:40
1645088620569379000,93.9,2,93.9,22,94.0,82,2,2022-02-17 09:03:40
1645088620588735000,94.0,12,93.9,22,94.0,70,1,2022-02-17 09:03:40
1645088620702467000,93.9,1,93.9,21,94.0,70,2,2022-02-17 09:03:40
1645088620834140000,94.0,10,93.9,21,94.0,60,1,2022-02-17 09:03:40
1645088621119980000,94.0,3,93.9,21,94.0,57,1,2022-02-17 09:03:41
1645088621122916000,94.0,10,93.9,21,94.0,47,1,2022-02-17 09:03:41
1645088621187172000,94.0,1,93.9,21,94.0,46,1,2022-02-17 09:03:41
1645088621216685000,94.0,16,93.9,21,94.0,30,1,2022-02-17 09:03:41
1645088621249642000,94.0,19,93.9,21,94.0,11,1,2022-02-17 09:03:41
1645088621250490000,94.0,11,93.9,21,94.1,31,1,2022-02-17 09:03:41
1645088621357971000,94.0,1,94.0,10,94.1,31,2,2022-02-17 09:03:41
1645088621399730000,94.1,1,94.0,10,94.1,30,1,2022-02-17 09:03:41
1645088621455467000,94.1,10,94.0,17,94.1,24,1,2022-02-17 09:03:41
1645088621483194000,94.0,2,94.0,15,94.1,24,2,2022-02-17 09:03:41
1645088621531656000,94.1,1,94.0,15,94.1,23,1,2022-02-17 09:03:41
1645088621618721000,94.1,2,94.0,15,94.1,21,1,2022-02-17 09:03:41
1645088621658622000,94.1,1,94.0,17,94.1,20,1,2022-02-17 09:03:41
1645088621664086000,94.1,20,94.0,17,94.2,15,1,2022-02-17 09:03:41
1645088621688576000,94.2,1,94.1,10,94.2,14,1,2022-02-17 09:03:41
1645088621752907000,94.1,2,94.1,8,94.2,14,2,2022-02-17 09:03:41
1645088622106078000,94.2,14,94.1,9,94.5,12,1,2022-02-17 09:03:42
1645088622106078000,94.3,13,94.1,9,94.5,12,1,2022-02-17 09:03:42
1645088622106078000,94.4,6,94.1,9,94.5,12,1,2022-02-17 09:03:42
1645088622106078000,94.5,7,94.1,9,94.5,12,1,2022-02-17 09:03:42
1645088622507263000,94.5,13,94.5,34,94.6,1,1,2022-02-17 09:03:42
1645088623071726000,94.5,1,94.5,33,94.6,1,2,2022-02-17 09:03:43
1645088623096337000,94.5,18,94.5,15,94.6,1,2,2022-02-17 09:03:43
1645088623136336000,94.5,15,94.3,1,94.6,2,2,2022-02-17 09:03:43
1645088623250207000,94.6,2,94.6,3,94.7,21,1,2022-02-17 09:03:43
1645088623281410000,94.6,3,94.3,1,94.7,21,2,2022-02-17 09:03:43
1645088623359859000,94.3,1,94.2,1,94.6,3,2,2022-02-17 09:03:43
1645088623758889000,94.6,1,94.2,1,94.6,2,1,2022-02-17 09:03:43
1645088624023953000,94.6,2,94.2,8,94.7,18,1,2022-02-17 09:03:44
1645088624023953000,94.7,3,94.2,8,94.7,18,1,2022-02-17 09:03:44
1645088624084028000,94.3,1,94.3,2,94.6,3,2,2022-02-17 09:03:44
1645088624110950000,94.4,1,94.3,1,94.5,2,2,2022-02-17 09:03:44
1645088624110950000,94.3,1,94.3,1,94.5,2,2,2022-02-17 09:03:44
1645088624584371000,94.3,1,94.1,14,94.5,2,2,2022-02-17 09:03:44
1645088624584371000,94.2,1,94.1,14,94.5,2,2,2022-02-17 09:03:44
1645088624584371000,94.1,8,94.1,14,94.5,2,2,2022-02-17 09:03:44
1645088624647077000,94.1,2,94.1,12,94.5,2,2,2022-02-17 09:03:44
1645088624811491000,94.4,1,94.1,12,94.5,2,2,2022-02-17 09:03:44
1645088625198882000,94.5,10,94.1,12,94.6,13,1,2022-02-17 09:03:45
1645088625369728000,94.5,1,94.3,1,94.6,13,2,2022-02-17 09:03:45
1645088626023399000,94.6,2,94.3,2,94.6,11,1,2022-02-17 09:03:46
1645088626199945000,94.3,2,93.7,9,94.6,11,2,2022-02-17 09:03:46
1645088626199945000,94.2,9,93.7,9,94.6,11,2,2022-02-17 09:03:46
1645088626199945000,94.1,12,93.7,9,94.6,11,2,2022-02-17 09:03:46
1645088626199945000,94.0,3,93.7,9,94.6,11,2,2022-02-17 09:03:46
1645088626199945000,93.8,4,93.7,9,94.6,11,2,2022-02-17 09:03:46
1645088626199945000,93.7,20,93.7,9,94.6,11,2,2022-02-17 09:03:46
1645088626342510000,94.5,2,93.8,1,94.5,8,1,2022-02-17 09:03:46
1645088626427864000,93.9,1,93.8,2,94.4,1,2,2022-02-17 09:03:46
1645088626695807000,94.3,1,93.8,2,94.4,1,1,2022-02-17 09:03:46
1645088626896329000,93.9,1,93.8,2,94.3,5,2,2022-02-17 09:03:46
1645088626991330000,94.2,1,93.8,2,94.3,5,1,2022-02-17 09:03:46
1645088627007526000,94.3,2,93.8,2,94.3,3,1,2022-02-17 09:03:47
1645088627177368000,93.9,1,93.8,2,94.3,3,2,2022-02-17 09:03:47
1645088627218322000,94.3,1,93.8,2,94.3,12,1,2022-02-17 09:03:47
1645088627428705000,94.2,1,93.8,3,94.3,13,1,2022-02-17 09:03:47
1645088627439086000,94.3,2,93.8,3,94.3,12,1,2022-02-17 09:03:47
1645088627483036000,94.3,2,93.8,3,94.3,10,1,2022-02-17 09:03:47
1645088627611580000,94.2,1,93.9,1,94.2,9,1,2022-02-17 09:03:47
1645088627886907000,94.2,5,93.9,1,94.2,4,1,2022-02-17 09:03:47
1645088627906683000,94.2,1,93.9,1,94.2,3,1,2022-02-17 09:03:47
1645088628109173000,94.2,1,93.9,1,94.2,2,1,2022-02-17 09:03:48
1645088628332148000,94.2,2,93.9,3,94.3,11,1,2022-02-17 09:03:48
1645088628802158000,94.1,1,93.9,3,94.2,12,2,2022-02-17 09:03:48
1645088628837977000,94.2,1,93.9,3,94.2,11,1,2022-02-17 09:03:48
1645088628948127000,94.2,2,93.9,3,94.2,10,1,2022-02-17 09:03:48
1645088628968116000,94.2,5,93.9,3,94.2,5,1,2022-02-17 09:03:48
1645088629099449000,94.2,1,93.9,3,94.2,9,1,2022-02-17 09:03:49
1645088629163315000,94.2,2,93.9,3,94.2,7,1,2022-02-17 09:03:49
1645088629510635000,94.2,1,94.0,1,94.2,6,1,2022-02-17 09:03:49
1645088629526045000,94.2,1,94.0,1,94.2,5,1,2022-02-17 09:03:49
1645088629790565000,94.2,5,94.0,1,94.3,13,1,2022-02-17 09:03:49
1645088629817588000,94.3,1,94.2,1,94.3,12,1,2022-02-17 09:03:49
1645088629853986000,94.3,2,94.2,1,94.3,10,1,2022-02-17 09:03:49
1645088629880592000,94.3,1,94.2,1,94.3,9,1,2022-02-17 09:03:49
1645088630329312000,94.2,1,93.9,4,94.3,5,2,2022-02-17 09:03:50
1645088630441992000,93.9,1,93.9,4,94.3,5,2,2022-02-17 09:03:50
1645088630477974000,93.9,1,93.9,3,94.3,4,2,2022-02-17 09:03:50
1645088630861031000,94.3,1,94.2,3,94.3,4,1,2022-02-17 09:03:50
1645088630868935000,94.3,2,94.2,3,94.3,2,1,2022-02-17 09:03:50
1645088630892240000,94.2,3,94.0,2,94.3,2,2,2022-02-17 09:03:50
1645088631527759000,94.2,11,94.0,3,94.4,8,1,2022-02-17 09:03:51
1645088631527759000,94.3,8,94.0,3,94.4,8,1,2022-02-17 09:03:51
1645088631527759000,94.4,182,94.0,3,94.4,8,1,2022-02-17 09:03:51
1645088631613554000,94.1,1,94.0,3,94.4,8,2,2022-02-17 09:03:51
1645088631695581000,94.2,1,94.0,5,94.4,8,2,2022-02-17 09:03:51
1645088631695581000,94.1,1,94.0,5,94.4,8,2,2022-02-17 09:03:51
1645088632100119000,94.2,1,94.0,5,94.4,8,1,2022-02-17 09:03:52
1645088632100994000,94.4,2,94.0,5,94.4,6,1,2022-02-17 09:03:52
1645088632324076000,94.2,1,94.0,5,94.4,6,2,2022-02-17 09:03:52
1645088632739517000,94.3,1,94.0,6,94.4,6,1,2022-02-17 09:03:52
1645088632853612000,94.4,1,94.0,6,94.4,5,1,2022-02-17 09:03:52
1645088632900382000,94.0,1,94.0,5,94.4,5,2,2022-02-17 09:03:52
1645088633242195000,94.4,1,94.2,1,94.4,4,1,2022-02-17 09:03:53
1645088633476248000,94.4,1,94.2,2,94.4,5,1,2022-02-17 09:03:53
1645088633545414000,94.2,1,94.2,1,94.4,5,2,2022-02-17 09:03:53
1645088633569239000,94.4,1,94.2,1,94.4,4,1,2022-02-17 09:03:53
1645088633610002000,94.4,4,94.2,1,94.5,27,1,2022-02-17 09:03:53
1645088634044079000,94.5,27,94.2,5,94.6,13,1,2022-02-17 09:03:54
1645088634044079000,94.6,1,94.2,5,94.6,13,1,2022-02-17 09:03:54
1645088634256334000,94.4,2,94.3,1,94.6,13,2,2022-02-17 09:03:54
1645088634329927000,94.3,1,94.2,2,94.6,13,2,2022-02-17 09:03:54
1645088634329927000,94.2,3,94.2,2,94.6,13,2,2022-02-17 09:03:54
1645088634456536000,94.5,1,94.2,2,94.6,13,1,2022-02-17 09:03:54
1645088634647765000,94.6,2,94.2,9,94.6,11,1,2022-02-17 09:03:54
1645088634751770000,94.3,1,94.2,9,94.6,11,2,2022-02-17 09:03:54
1645088635067718000,94.3,5,94.2,3,94.3,5,1,2022-02-17 09:03:55
1645088635099137000,94.3,5,94.2,3,94.6,11,1,2022-02-17 09:03:55
1645088635173677000,94.2,1,94.2,10,94.6,11,2,2022-02-17 09:03:55
1645088635220213000,94.3,1,94.2,10,94.6,11,2,2022-02-17 09:03:55
1645088635442695000,94.4,1,94.2,10,94.6,11,2,2022-02-17 09:03:55
1645088635522004000,94.3,1,94.3,1,94.4,1,2,2022-02-17 09:03:55
1645088635830261000,94.4,1,94.3,1,94.6,11,1,2022-02-17 09:03:55
1645088635915383000,94.5,1,94.5,1,94.6,11,1,2022-02-17 09:03:55
1645088635979694000,94.5,1,94.4,1,94.6,11,2,2022-02-17 09:03:55
1645088636098378000,94.4,1,94.3,2,94.6,11,2,2022-02-17 09:03:56
1645088636376840000,94.3,2,94.2,6,94.5,2,2,2022-02-17 09:03:56
1645088636424263000,94.5,1,94.2,6,94.5,1,1,2022-02-17 09:03:56
1645088636453282000,94.5,1,94.2,6,94.6,7,1,2022-02-17 09:03:56
1645088636453282000,94.6,4,94.2,6,94.6,7,1,2022-02-17 09:03:56
1645088636653623000,94.4,3,94.2,6,94.6,17,1,2022-02-17 09:03:56
1645088636653623000,94.5,2,94.2,6,94.6,17,1,2022-02-17 09:03:56
1645088636703573000,94.2,1,94.2,12,94.6,17,2,2022-02-17 09:03:56
1645088637052890000,94.4,1,94.2,8,94.6,17,2,2022-02-17 09:03:57
1645088637190715000,94.6,5,94.4,1,94.6,12,1,2022-02-17 09:03:57
1645088637555432000,94.4,1,94.3,1,94.5,10,2,2022-02-17 09:03:57
1645088637555432000,94.3,2,94.3,1,94.5,10,2,2022-02-17 09:03:57
1645088637565814000,94.5,1,94.3,1,94.5,9,1,2022-02-17 09:03:57
1645088637932857000,94.4,1,94.3,1,94.5,15,1,2022-02-17 09:03:57
1645088638027005000,94.5,1,94.3,2,94.5,14,1,2022-02-17 09:03:58
1645088638425006000,94.4,2,94.3,3,94.4,1,2,2022-02-17 09:03:58
1645088638717430000,94.4,1,94.3,3,94.5,13,1,2022-02-17 09:03:58
1645088638717430000,94.5,2,94.3,3,94.5,13,1,2022-02-17 09:03:58
1645088638913118000,94.4,1,94.3,4,94.5,16,2,2022-02-17 09:03:58
1645088639219939000,94.5,1,94.3,6,94.5,15,1,2022-02-17 09:03:59
1645088639601319000,94.5,1,94.4,1,94.5,19,1,2022-02-17 09:03:59
1645088639793868000,94.4,1,94.3,6,94.5,21,2,2022-02-17 09:03:59
1645088639986914000,94.5,2,94.3,6,94.5,19,1,2022-02-17 09:03:59
1645088640151172000,94.5,1,94.4,1,94.5,18,1,2022-02-17 09:04:00
1645088640162014000,94.4,1,94.3,6,94.5,18,2,2022-02-17 09:04:00
1645088640416028000,94.4,1,94.3,7,94.4,9,1,2022-02-17 09:04:00
1645088640613009000,94.3,3,94.3,4,94.4,13,2,2022-02-17 09:04:00
1645088640623195000,94.3,2,94.3,2,94.4,13,2,2022-02-17 09:04:00
1645088640799069000,94.4,1,94.3,3,94.4,12,1,2022-02-17 09:04:00
1645088641080884000,94.4,1,94.3,3,94.4,11,1,2022-02-17 09:04:01
1645088641103108000,94.4,1,94.3,3,94.4,10,1,2022-02-17 09:04:01
1645088641137756000,94.4,1,94.3,3,94.4,9,1,2022-02-17 09:04:01
1645088641485598000,94.3,1,94.3,2,94.4,9,2,2022-02-17 09:04:01
1645088641488182000,94.3,1,94.3,1,94.4,9,2,2022-02-17 09:04:01
1645088641494391000,94.4,2,94.3,1,94.4,7,1,2022-02-17 09:04:01
1645088641609489000,94.3,1,94.2,17,94.4,7,2,2022-02-17 09:04:01
1645088641609489000,94.2,4,94.2,17,94.4,7,2,2022-02-17 09:04:01
1645088641624470000,94.3,5,94.2,17,94.4,7,1,2022-02-17 09:04:01
1645088641982919000,94.4,3,94.3,2,94.4,4,1,2022-02-17 09:04:01
1645088642056550000,94.4,1,94.3,2,94.4,3,1,2022-02-17 09:04:02
1645088642060305000,94.4,3,94.3,2,94.5,37,1,2022-02-17 09:04:02
1645088642213166000,94.4,1,94.4,1,94.5,37,2,2022-02-17 09:04:02
1645088642292141000,94.5,1,94.4,1,94.5,31,1,2022-02-17 09:04:02
1645088642422341000,94.4,1,94.3,2,94.5,31,2,2022-02-17 09:04:02
1645088642601420000,94.3,1,94.3,1,94.5,30,2,2022-02-17 09:04:02
1645088642738933000,94.5,2,94.3,6,94.5,28,1,2022-02-17 09:04:02
1645088642816368000,94.3,1,94.3,5,94.4,1,2,2022-02-17 09:04:02
1645088642847646000,94.4,1,94.3,5,94.5,28,1,2022-02-17 09:04:02
1645088643186261000,94.4,1,94.3,5,94.4,12,1,2022-02-17 09:04:03
1645088643294029000,94.4,3,94.3,5,94.4,9,1,2022-02-17 09:04:03
1645088643372921000,94.4,1,94.3,5,94.4,8,1,2022-02-17 09:04:03
1645088643419566000,94.3,1,94.3,4,94.4,8,2,2022-02-17 09:04:03
1645088643525404000,94.4,3,94.3,5,94.4,10,1,2022-02-17 09:04:03
1645088643542988000,94.4,1,94.3,5,94.4,9,1,2022-02-17 09:04:03
1645088643788340000,94.4,1,94.3,6,94.4,9,1,2022-02-17 09:04:03
1645088643788753000,94.4,1,94.3,6,94.4,8,1,2022-02-17 09:04:03
1645088643793057000,94.3,6,94.2,16,94.3,4,2,2022-02-17 09:04:03
1645088643880630000,94.3,2,94.2,16,94.3,2,1,2022-02-17 09:04:03
1645088643968456000,94.3,1,94.2,16,94.3,1,1,2022-02-17 09:04:03
1645088643984294000,94.3,1,94.2,16,94.4,8,1,2022-02-17 09:04:03
1645088644150332000,94.4,3,94.2,14,94.4,5,1,2022-02-17 09:04:04
1645088644290168000,94.3,1,94.2,14,94.3,1,1,2022-02-17 09:04:04
1645088644290171000,94.3,1,94.2,14,94.4,11,1,2022-02-17 09:04:04
1645088644755956000,94.4,1,94.3,2,94.4,11,1,2022-02-17 09:04:04
1645088645109259000,94.4,1,94.3,3,94.4,11,1,2022-02-17 09:04:05
1645088645115199000,94.4,1,94.3,3,94.4,10,1,2022-02-17 09:04:05
1645088645457251000,94.4,1,94.3,4,94.4,11,1,2022-02-17 09:04:05
1645088645570692000,94.4,1,94.3,5,94.4,10,1,2022-02-17 09:04:05
1645088645622723000,94.4,3,94.3,5,94.4,10,1,2022-02-17 09:04:05
1645088645744644000,94.4,3,94.3,5,94.4,7,1,2022-02-17 09:04:05
1645088646081687000,94.4,8,94.3,6,94.6,44,1,2022-02-17 09:04:06
1645088646081687000,94.5,29,94.3,6,94.6,44,1,2022-02-17 09:04:06
1645088646081687000,94.6,273,94.3,6,94.6,44,1,2022-02-17 09:04:06
1645088646206204000,94.3,2,94.3,5,94.6,46,2,2022-02-17 09:04:06
1645088646330441000,94.4,1,94.4,2,94.5,1,2,2022-02-17 09:04:06
1645088646480345000,94.4,1,94.4,1,94.5,1,2,2022-02-17 09:04:06
1645088646489930000,94.5,1,94.4,1,94.6,45,1,2022-02-17 09:04:06
1645088646489930000,94.6,1,94.4,1,94.6,45,1,2022-02-17 09:04:06
1645088646572325000,94.6,1,94.4,2,94.6,44,1,2022-02-17 09:04:06
1645088646576641000,94.6,3,94.4,2,94.6,41,1,2022-02-17 09:04:06
1645088647175272000,94.6,10,94.5,1,94.6,31,1,2022-02-17 09:04:07
1645088647276008000,94.6,2,94.5,1,94.6,29,1,2022-02-17 09:04:07
1645088647295083000,94.5,1,94.4,7,94.6,29,2,2022-02-17 09:04:07
1645088647654054000,94.5,1,94.5,2,94.6,29,2,2022-02-17 09:04:07
1645088647697204000,94.5,1,94.5,1,94.6,29,2,2022-02-17 09:04:07
1645088648123358000,94.6,1,94.5,4,94.6,28,1,2022-02-17 09:04:08
1645088648174262000,94.6,1,94.5,4,94.6,27,1,2022-02-17 09:04:08
1645088648588764000,94.6,2,94.5,4,94.6,25,1,2022-02-17 09:04:08
1645088648652572000,94.5,1,94.5,3,94.6,25,2,2022-02-17 09:04:08
1645088648767730000,94.5,3,94.4,10,94.6,25,2,2022-02-17 09:04:08
1645088648767730000,94.4,2,94.4,10,94.6,25,2,2022-02-17 09:04:08
1645088648851831000,94.4,2,94.4,8,94.6,25,2,2022-02-17 09:04:08
1645088648909123000,94.4,1,94.4,7,94.6,25,2,2022-02-17 09:04:08
1645088649147044000,94.4,1,94.4,6,94.6,25,2,2022-02-17 09:04:09
1645088649299668000,94.4,2,94.4,6,94.6,25,2,2022-02-17 09:04:09
1645088649408429000,94.6,5,94.4,7,94.6,20,1,2022-02-17 09:04:09
1645088649800998000,94.6,20,94.4,8,94.8,48,1,2022-02-17 09:04:09
1645088649800998000,94.7,19,94.4,8,94.8,48,1,2022-02-17 09:04:09
1645088649800998000,94.8,271,94.4,8,94.8,48,1,2022-02-17 09:04:09
1645088649807894000,94.8,3,94.4,8,94.8,45,1,2022-02-17 09:04:09
1645088649994739000,94.7,1,94.6,2,94.7,7,1,2022-02-17 09:04:09
1645088650166302000,94.7,2,94.6,3,94.7,5,1,2022-02-17 09:04:10
1645088650952594000,94.7,1,94.6,6,94.7,10,1,2022-02-17 09:04:10
1645088651009048000,94.7,1,94.6,6,94.7,9,1,2022-02-17 09:04:11
1645088651027954000,94.7,9,94.6,6,94.8,49,1,2022-02-17 09:04:11
1645088651027954000,94.8,1,94.6,6,94.8,49,1,2022-02-17 09:04:11
1645088651433589000,94.6,1,94.6,5,94.8,49,2,2022-02-17 09:04:11
1645088651782552000,94.8,3,94.6,6,94.8,46,1,2022-02-17 09:04:11
1645088651816707000,94.6,3,94.6,8,94.8,46,2,2022-02-17 09:04:11
1645088652285157000,94.8,5,94.7,5,94.8,42,1,2022-02-17 09:04:12
1645088652295901000,94.8,1,94.7,5,94.8,41,1,2022-02-17 09:04:12
1645088652570020000,94.7,1,94.7,5,94.8,41,2,2022-02-17 09:04:12
1645088652645627000,94.8,1,94.7,5,94.8,40,1,2022-02-17 09:04:12
1645088652726788000,94.8,1,94.7,5,94.8,39,1,2022-02-17 09:04:12
1645088652853072000,94.8,2,94.7,5,94.8,37,1,2022-02-17 09:04:12
1645088652896221000,94.8,1,94.7,5,94.8,36,1,2022-02-17 09:04:12
1645088653029307000,94.8,1,94.7,7,94.8,35,1,2022-02-17 09:04:13
1645088653033219000,94.8,9,94.7,7,94.8,26,1,2022-02-17 09:04:13
1645088653033784000,94.8,1,94.7,7,94.8,25,1,2022-02-17 09:04:13
1645088653149760000,94.8,1,94.7,7,94.8,24,1,2022-02-17 09:04:13
1645088653176036000,94.8,2,94.7,7,94.8,22,1,2022-02-17 09:04:13
1645088653236834000,94.8,2,94.7,7,94.8,20,1,2022-02-17 09:04:13
1645088653247301000,94.8,20,94.7,7,95.0,71,1,2022-02-17 09:04:13
1645088653247301000,94.9,11,94.7,7,95.0,71,1,2022-02-17 09:04:13
1645088653247301000,95.0,279,94.7,7,95.0,71,1,2022-02-17 09:04:13
1645088653385737000,94.9,2,94.8,5,95.0,71,1,2022-02-17 09:04:13
1645088653491281000,94.8,1,94.8,4,95.0,76,2,2022-02-17 09:04:13
1645088653510880000,94.8,1,94.8,3,95.0,76,2,2022-02-17 09:04:13
1645088653744160000,95.0,1,94.8,3,95.0,75,1,2022-02-17 09:04:13
1645088653888645000,95.0,20,94.8,28,95.0,55,1,2022-02-17 09:04:13
1645088653995651000,94.8,1,94.8,27,95.0,55,2,2022-02-17 09:04:13
1645088654004513000,95.0,2,94.8,27,95.0,53,1,2022-02-17 09:04:14
1645088654054151000,95.0,1,94.8,27,95.0,52,1,2022-02-17 09:04:14
1645088654115842000,95.0,1,94.8,27,95.0,51,1,2022-02-17 09:04:14
1645088654119988000,95.0,2,94.8,27,95.0,49,1,2022-02-17 09:04:14
1645088654189643000,95.0,1,94.8,27,95.0,48,1,2022-02-17 09:04:14
1645088654192478000,95.0,1,94.8,27,95.0,47,1,2022-02-17 09:04:14
1645088654305519000,95.0,1,94.8,28,95.0,46,1,2022-02-17 09:04:14
1645088654325859000,95.0,1,94.8,28,95.0,45,1,2022-02-17 09:04:14
1645088654392580000,95.0,1,94.8,28,95.0,44,1,2022-02-17 09:04:14
1645088654449072000,94.8,1,94.8,27,95.0,44,2,2022-02-17 09:04:14
1645088654547658000,95.0,5,94.9,1,95.0,39,1,2022-02-17 09:04:14
1645088654644641000,95.0,1,94.9,1,95.0,38,1,2022-02-17 09:04:14
1645088654790143000,95.0,3,94.9,1,95.0,35,1,2022-02-17 09:04:14
1645088654790450000,95.0,1,94.9,1,95.0,34,1,2022-02-17 09:04:14
1645088654947762000,95.0,2,94.9,6,95.0,37,1,2022-02-17 09:04:14
1645088655012607000,95.0,1,94.9,6,95.0,36,1,2022-02-17 09:04:15
1645088655113090000,95.0,5,94.9,6,95.0,31,1,2022-02-17 09:04:15
1645088655157822000,95.0,4,94.9,6,95.0,27,1,2022-02-17 09:04:15
1645088655225452000,95.0,10,94.9,7,95.0,17,1,2022-02-17 09:04:15
1645088655444650000,95.0,1,94.9,7,95.0,17,1,2022-02-17 09:04:15
1645088655484452000,95.0,1,94.9,7,95.0,16,1,2022-02-17 09:04:15
1645088655629482000,94.9,5,94.9,2,95.0,16,2,2022-02-17 09:04:15
1645088656015458000,95.0,1,94.9,2,95.0,15,1,2022-02-17 09:04:16
1645088656019564000,95.0,10,94.9,2,95.0,5,1,2022-02-17 09:04:16
1645088656195238000,95.0,1,94.9,2,95.0,4,1,2022-02-17 09:04:16
1645088656240792000,95.0,1,94.9,2,95.0,3,1,2022-02-17 09:04:16
1645088656260060000,95.0,2,94.9,2,95.0,1,1,2022-02-17 09:04:16
1645088656458076000,95.0,1,94.9,2,95.1,6,1,2022-02-17 09:04:16
1645088656540808000,95.1,1,94.9,2,95.1,5,1,2022-02-17 09:04:16
1645088656690881000,95.1,1,95.0,1,95.1,4,1,2022-02-17 09:04:16
1645088656798982000,95.1,2,95.0,7,95.1,2,1,2022-02-17 09:04:16
1645088656843018000,95.1,1,95.0,7,95.1,1,1,2022-02-17 09:04:16
1645088656854084000,95.1,1,95.0,7,95.2,5,1,2022-02-17 09:04:16
1645088656873924000,95.2,1,95.0,8,95.2,4,1,2022-02-17 09:04:16
1645088657097766000,95.2,1,95.0,16,95.2,5,1,2022-02-17 09:04:17
1645088657260183000,95.0,1,95.0,22,95.2,7,2,2022-02-17 09:04:17
1645088657323857000,95.2,3,95.0,22,95.2,4,1,2022-02-17 09:04:17
1645088657658515000,95.2,1,95.0,30,95.2,3,1,2022-02-17 09:04:17
1645088657671458000,95.2,1,95.0,31,95.2,2,1,2022-02-17 09:04:17
1645088657817645000,95.1,1,95.0,32,95.2,2,2,2022-02-17 09:04:17
1645088657901822000,95.1,1,95.0,32,95.1,1,1,2022-02-17 09:04:17
1645088658135464000,95.1,1,95.0,28,95.2,2,1,2022-02-17 09:04:18
1645088658387285000,95.1,1,95.0,23,95.1,1,1,2022-02-17 09:04:18
1645088658415551000,95.1,1,95.0,25,95.2,1,1,2022-02-17 09:04:18
1645088658415551000,95.2,1,95.0,25,95.2,1,1,2022-02-17 09:04:18
1645088658551064000,95.2,4,95.0,26,95.3,7,1,2022-02-17 09:04:18
1645088658551064000,95.3,1,95.0,26,95.3,7,1,2022-02-17 09:04:18
1645088658579623000,95.3,2,95.0,27,95.3,5,1,2022-02-17 09:04:18
1645088658773571000,95.3,1,95.1,1,95.3,8,1,2022-02-17 09:04:18
1645088658910785000,95.1,1,95.0,28,95.3,10,2,2022-02-17 09:04:18
1645088658922865000,95.3,3,95.0,28,95.3,7,1,2022-02-17 09:04:18
1645088659035969000,95.3,1,95.0,30,95.3,6,1,2022-02-17 09:04:19
1645088659128288000,95.1,1,95.1,2,95.3,8,2,2022-02-17 09:04:19
1645088659238621000,95.3,8,95.1,2,95.4,1,1,2022-02-17 09:04:19
1645088659238621000,95.4,2,95.1,2,95.4,1,1,2022-02-17 09:04:19
1645088659379844000,95.1,1,95.1,1,95.4,1,2,2022-02-17 09:04:19
1645088659587576000,95.4,1,95.1,2,95.7,13,1,2022-02-17 09:04:19
1645088659587576000,95.5,5,95.1,2,95.7,13,1,2022-02-17 09:04:19
1645088659587576000,95.6,4,95.1,2,95.7,13,1,2022-02-17 09:04:19
1645088659589838000,95.7,10,95.1,2,95.7,3,1,2022-02-17 09:04:19
1645088659622435000,95.2,1,95.2,1,95.6,2,1,2022-02-17 09:04:19
1645088659628441000,95.3,1,95.2,2,95.3,1,1,2022-02-17 09:04:19
1645088659645381000,95.2,1,95.1,6,95.3,1,2,2022-02-17 09:04:19
1645088659673975000,95.3,1,95.1,7,95.4,2,1,2022-02-17 09:04:19
1645088659688903000,95.4,1,95.1,7,95.4,1,1,2022-02-17 09:04:19
1645088659702485000,95.3,1,95.1,7,95.4,1,1,2022-02-17 09:04:19
1645088659737472000,95.4,3,95.1,7,95.7,3,1,2022-02-17 09:04:19
1645088659982014000,95.3,2,95.2,3,95.6,3,2,2022-02-17 09:04:19
1645088659982014000,95.2,4,95.2,3,95.6,3,2,2022-02-17 09:04:19
1645088659989884000,95.2,1,95.2,2,95.6,3,2,2022-02-17 09:04:19
1645088660782395000,95.3,6,95.2,2,95.3,3,1,2022-02-17 09:04:20
1645088661034575000,95.3,1,95.2,2,95.3,2,1,2022-02-17 09:04:21
1645088661084264000,95.3,1,95.2,2,95.3,1,1,2022-02-17 09:04:21
1645088661169541000,95.3,1,95.2,2,95.5,2,1,2022-02-17 09:04:21
1645088661169541000,95.5,3,95.2,2,95.5,2,1,2022-02-17 09:04:21
1645088661194754000,95.5,1,95.2,2,95.5,1,1,2022-02-17 09:04:21
1645088661330642000,95.3,1,95.2,2,95.4,2,2,2022-02-17 09:04:21
1645088661409194000,95.2,2,95.0,11,95.4,2,2,2022-02-17 09:04:21
1645088661409194000,95.1,13,95.0,11,95.4,2,2,2022-02-17 09:04:21
1645088661409194000,95.0,25,95.0,11,95.4,2,2,2022-02-17 09:04:21
1645088661433473000,95.2,1,95.0,11,95.4,2,2,2022-02-17 09:04:21
1645088661453539000,95.0,2,95.0,9,95.2,2,2,2022-02-17 09:04:21
1645088661453606000,95.0,2,95.0,7,95.2,2,2,2022-02-17 09:04:21
1645088661461601000,95.2,1,95.0,7,95.2,1,1,2022-02-17 09:04:21
1645088661506913000,95.2,1,95.0,7,95.5,4,1,2022-02-17 09:04:21
1645088661506913000,95.4,2,95.0,7,95.5,4,1,2022-02-17 09:04:21
1645088661506913000,95.5,2,95.0,7,95.5,4,1,2022-02-17 09:04:21
1645088662270723000,95.3,1,95.2,4,95.3,9,2,2022-02-17 09:04:22
1645088662503416000,95.3,1,95.2,5,95.3,8,1,2022-02-17 09:04:22
1645088662857679000,95.3,3,95.2,7,95.3,5,1,2022-02-17 09:04:22
1645088662927591000,95.3,3,95.2,7,95.3,2,1,2022-02-17 09:04:22
1645088663017931000,95.3,1,95.2,7,95.3,1,1,2022-02-17 09:04:23
1645088663062076000,95.3,1,95.2,7,95.4,6,1,2022-02-17 09:04:23
1645088663201861000,95.4,1,95.3,1,95.4,7,1,2022-02-17 09:04:23
1645088663206267000,95.3,1,95.2,6,95.4,7,2,2022-02-17 09:04:23
1645088663206267000,95.2,1,95.2,6,95.4,7,2,2022-02-17 09:04:23
1645088663237001000,95.4,1,95.2,6,95.4,6,1,2022-02-17 09:04:23
1645088663330183000,95.4,1,95.2,7,95.4,5,1,2022-02-17 09:04:23
1645088663545036000,95.4,1,95.3,1,95.4,5,1,2022-02-17 09:04:23
1645088663595911000,95.4,5,95.3,1,95.5,18,1,2022-02-17 09:04:23
1645088663687515000,95.5,1,95.3,1,95.5,17,1,2022-02-17 09:04:23
1645088663715149000,95.3,1,95.2,7,95.3,1,2,2022-02-17 09:04:23
1645088663765672000,95.2,1,95.2,6,95.3,1,2,2022-02-17 09:04:23
1645088663773707000,95.3,1,95.2,6,95.5,18,1,2022-02-17 09:04:23
1645088663773707000,95.5,1,95.2,6,95.5,18,1,2022-02-17 09:04:23
1645088663778700000,95.2,1,95.2,5,95.5,18,2,2022-02-17 09:04:23
1645088663959874000,95.4,1,95.2,6,95.5,17,1,2022-02-17 09:04:23
1645088663959874000,95.5,1,95.2,6,95.5,17,1,2022-02-17 09:04:23
1645088664164806000,95.4,1,95.2,14,95.4,1,1,2022-02-17 09:04:24
1645088664405152000,95.2,1,95.2,14,95.3,10,2,2022-02-17 09:04:24
1645088664422840000,95.3,1,95.2,14,95.3,9,1,2022-02-17 09:04:24
1645088664513377000,95.2,1,95.2,13,95.3,9,2,2022-02-17 09:04:24
1645088664527378000,95.3,1,95.2,13,95.3,8,1,2022-02-17 09:04:24
1645088664588246000,95.3,1,95.2,23,95.3,7,1,2022-02-17 09:04:24
1645088664827343000,95.3,1,95.2,26,95.3,6,1,2022-02-17 09:04:24
1645088665126496000,95.3,1,95.2,29,95.3,6,1,2022-02-17 09:04:25
1645088665183834000,95.2,1,95.2,28,95.3,6,2,2022-02-17 09:04:25
1645088665200514000,95.3,2,95.2,28,95.3,4,1,2022-02-17 09:04:25
1645088665208253000,95.3,3,95.2,28,95.3,1,1,2022-02-17 09:04:25
1645088665219180000,95.2,10,95.2,18,95.3,1,2,2022-02-17 09:04:25
1645088665230937000,95.3,1,95.2,18,95.5,13,1,2022-02-17 09:04:25
1645088665230937000,95.4,6,95.2,18,95.5,13,1,2022-02-17 09:04:25
1645088665230937000,95.5,3,95.2,18,95.5,13,1,2022-02-17 09:04:25
1645088665324966000,95.5,1,95.3,1,95.5,16,1,2022-02-17 09:04:25
1645088665634496000,95.4,1,95.3,2,95.5,16,2,2022-02-17 09:04:25
1645088665713064000,95.5,2,95.3,2,95.5,14,1,2022-02-17 09:04:25
1645088665888984000,95.3,1,95.3,1,95.4,2,2,2022-02-17 09:04:25
1645088665968023000,95.3,1,95.2,20,95.4,2,2,2022-02-17 09:04:25
1645088666011482000,95.4,2,95.2,20,95.4,3,1,2022-02-17 09:04:26
1645088666043375000,95.2,2,95.2,18,95.4,3,2,2022-02-17 09:04:26
1645088666065299000,95.2,2,95.2,16,95.4,3,2,2022-02-17 09:04:26
1645088666370076000,95.4,4,95.3,2,95.5,14,1,2022-02-17 09:04:26
1645088666370076000,95.5,2,95.3,2,95.5,14,1,2022-02-17 09:04:26
1645088666476855000,95.3,1,95.3,1,95.5,16,2,2022-02-17 09:04:26
1645088666496478000,95.3,1,95.2,17,95.5,16,2,2022-02-17 09:04:26
1645088666585934000,95.5,1,95.2,17,95.5,15,1,2022-02-17 09:04:26
1645088666604376000,95.5,1,95.2,21,95.5,14,1,2022-02-17 09:04:26
1645088666654935000,95.5,1,95.2,21,95.5,13,1,2022-02-17 09:04:26
1645088666882685000,95.4,5,95.4,1,95.5,14,2,2022-02-17 09:04:26
1645088666906394000,95.5,1,95.4,1,95.5,13,1,2022-02-17 09:04:26
1645088666927530000,95.4,1,95.2,21,95.5,13,2,2022-02-17 09:04:26
1645088666988934000,95.5,1,95.2,21,95.5,12,1,2022-02-17 09:04:26
1645088666997644000,95.3,1,95.2,21,95.5,13,1,2022-02-17 09:04:26
1645088667263274000,95.3,1,95.2,22,95.5,13,2,2022-02-17 09:04:27
1645088667286717000,95.5,2,95.2,22,95.5,11,1,2022-02-17 09:04:27
1645088667389635000,95.5,1,95.2,22,95.5,10,1,2022-02-17 09:04:27
1645088667494024000,95.5,1,95.4,1,95.5,9,1,2022-02-17 09:04:27
1645088667664343000,95.5,1,95.4,1,95.5,9,1,2022-02-17 09:04:27
1645088667906545000,95.5,2,95.4,1,95.5,8,1,2022-02-17 09:04:27
1645088667952512000,95.4,1,95.3,4,95.5,8,2,2022-02-17 09:04:27
1645088668201344000,95.4,1,95.3,4,95.4,1,1,2022-02-17 09:04:28
1645088668531769000,95.3,2,95.3,14,95.4,1,2,2022-02-17 09:04:28
1645088668599325000,95.4,1,95.3,14,95.5,12,1,2022-02-17 09:04:28
1645088668600321000,95.4,1,95.3,14,95.5,12,2,2022-02-17 09:04:28
1645088668623194000,95.4,1,95.3,14,95.4,4,1,2022-02-17 09:04:28
1645088668918122000,95.4,2,95.3,19,95.4,2,1,2022-02-17 09:04:28
1645088668995350000,95.4,2,95.3,22,95.5,13,1,2022-02-17 09:04:28
1645088668995350000,95.5,3,95.3,22,95.5,13,1,2022-02-17 09:04:28
1645088669242423000,95.4,1,95.3,22,95.4,1,1,2022-02-17 09:04:29
1645088669510489000,95.4,1,95.3,22,95.5,11,1,2022-02-17 09:04:29
1645088669510489000,95.5,2,95.3,22,95.5,11,1,2022-02-17 09:04:29
1645088669635451000,95.3,5,95.3,17,95.5,13,2,2022-02-17 09:04:29
1645088669685433000,95.3,1,95.3,16,95.4,1,2,2022-02-17 09:04:29
1645088669713344000,95.4,1,95.3,16,95.5,13,1,2022-02-17 09:04:29
1645088669772427000,95.5,2,95.3,16,95.5,11,1,2022-02-17 09:04:29
1645088670003968000,95.4,1,95.3,18,95.4,1,1,2022-02-17 09:04:30
1645088670033172000,95.4,1,95.3,18,95.5,11,1,2022-02-17 09:04:30
1645088670038834000,95.3,1,95.3,17,95.5,11,2,2022-02-17 09:04:30
1645088670119600000,95.4,1,95.3,17,95.5,11,1,2022-02-17 09:04:30
1645088670156999000,95.5,1,95.3,17,95.5,10,1,2022-02-17 09:04:30
1645088670443093000,95.4,2,95.3,17,95.5,8,1,2022-02-17 09:04:30
1645088670443093000,95.5,2,95.3,17,95.5,8,1,2022-02-17 09:04:30
1645088670465193000,95.5,1,95.3,17,95.5,7,1,2022-02-17 09:04:30
1645088670798709000,95.4,2,95.4,3,95.5,7,1,2022-02-17 09:04:30
1645088670935173000,95.4,1,95.4,2,95.5,8,2,2022-02-17 09:04:30
1645088671058183000,95.4,1,95.4,2,95.5,8,2,2022-02-17 09:04:31
1645088671150595000,95.4,2,95.2,58,95.5,11,2,2022-02-17 09:04:31
1645088671150595000,95.3,21,95.2,58,95.5,11,2,2022-02-17 09:04:31
1645088671150595000,95.2,17,95.2,58,95.5,11,2,2022-02-17 09:04:31
1645088671207414000,95.5,1,95.2,58,95.5,10,1,2022-02-17 09:04:31
1645088671224321000,95.2,1,95.2,57,95.5,10,2,2022-02-17 09:04:31
1645088671412552000,95.3,1,95.2,59,95.4,3,2,2022-02-17 09:04:31
1645088671454846000,95.4,1,95.2,60,95.4,2,1,2022-02-17 09:04:31
1645088671500303000,95.4,1,95.2,65,95.4,1,1,2022-02-17 09:04:31
1645088671565836000,95.2,3,95.2,62,95.4,1,2,2022-02-17 09:04:31
1645088671590882000,95.4,1,95.2,62,95.5,11,1,2022-02-17 09:04:31
1645088671782013000,95.5,1,95.4,1,95.5,11,1,2022-02-17 09:04:31
1645088671806432000,95.5,3,95.4,1,95.5,8,1,2022-02-17 09:04:31
1645088671835500000,95.5,2,95.4,1,95.5,6,1,2022-02-17 09:04:31
1645088671886903000,95.5,1,95.4,1,95.5,5,1,2022-02-17 09:04:31
1645088671932453000,95.4,1,95.2,18,95.5,5,2,2022-02-17 09:04:31
1645088671932453000,95.3,3,95.2,18,95.5,5,2,2022-02-17 09:04:31
1645088671932453000,95.2,44,95.2,18,95.5,5,2,2022-02-17 09:04:31
1645088672064098000,95.2,1,95.2,17,95.4,1,2,2022-02-17 09:04:32
1645088672341081000,95.4,1,95.3,1,95.5,9,1,2022-02-17 09:04:32
1645088672398198000,95.5,2,95.4,1,95.5,7,1,2022-02-17 09:04:32
1645088672453774000,95.5,2,95.4,1,95.5,6,1,2022-02-17 09:04:32
1645088672467189000,95.5,1,95.4,1,95.5,5,1,2022-02-17 09:04:32
1645088672500766000,95.4,1,95.3,1,95.5,5,2,2022-02-17 09:04:32
1645088672644728000,95.4,1,95.3,3,95.4,4,1,2022-02-17 09:04:32
1645088672691409000,95.3,3,95.0,62,95.1,17,2,2022-02-17 09:04:32
1645088672691409000,95.2,20,95.0,62,95.1,17,2,2022-02-17 09:04:32
1645088672691409000,95.1,8,95.0,62,95.1,17,2,2022-02-17 09:04:32
1645088672861827000,95.1,1,95.0,62,95.1,16,1,2022-02-17 09:04:32
1645088672878462000,95.1,2,95.0,62,95.1,14,1,2022-02-17 09:04:32
1645088672947447000,95.1,1,95.0,62,95.1,13,1,2022-02-17 09:04:32
1645088673003566000,95.1,1,95.0,62,95.1,12,1,2022-02-17 09:04:33
1645088673183004000,95.1,1,95.0,62,95.1,11,1,2022-02-17 09:04:33
1645088673258631000,95.1,1,95.0,62,95.1,10,1,2022-02-17 09:04:33
1645088673261469000,95.1,1,95.0,62,95.1,9,1,2022-02-17 09:04:33
1645088673281330000,95.1,1,95.0,62,95.1,8,1,2022-02-17 09:04:33
1645088673287599000,95.1,1,95.0,62,95.1,7,1,2022-02-17 09:04:33
1645088673676061000,95.1,1,95.0,62,95.1,6,1,2022-02-17 09:04:33
1645088673683219000,95.1,1,95.0,62,95.1,5,1,2022-02-17 09:04:33
1645088673726311000,95.1,1,95.0,62,95.1,4,1,2022-02-17 09:04:33
1645088673796943000,95.1,1,95.0,62,95.1,3,1,2022-02-17 09:04:33
1645088673810528000,95.1,1,95.0,62,95.1,2,1,2022-02-17 09:04:33
1645088673822056000,95.0,22,95.0,40,95.1,2,2,2022-02-17 09:04:33
1645088673832629000,95.1,2,95.0,40,95.2,10,1,2022-02-17 09:04:33
1645088673840041000,95.2,10,95.0,40,95.4,28,1,2022-02-17 09:04:33
1645088673840041000,95.3,12,95.0,40,95.4,28,1,2022-02-17 09:04:33
1645088673840041000,95.4,8,95.0,40,95.4,28,1,2022-02-17 09:04:33
1645088673844675000,95.4,17,95.0,40,95.4,11,1,2022-02-17 09:04:33
1645088673894065000,95.0,4,95.0,36,95.4,11,2,2022-02-17 09:04:33
1645088673944190000,95.4,1,95.0,36,95.4,10,1,2022-02-17 09:04:33
1645088673995865000,95.3,1,95.0,36,95.3,2,1,2022-02-17 09:04:33
1645088674082708000,95.0,1,95.0,35,95.3,2,2,2022-02-17 09:04:34
1645088674122724000,95.3,1,95.2,1,95.3,1,1,2022-02-17 09:04:34
1645088674144240000,95.3,1,95.2,1,95.4,10,1,2022-02-17 09:04:34
1645088674149414000,95.2,1,95.0,35,95.4,10,2,2022-02-17 09:04:34
1645088674330315000,95.2,1,94.9,9,95.0,12,2,2022-02-17 09:04:34
1645088674330315000,95.0,35,94.9,9,95.0,12,2,2022-02-17 09:04:34
1645088674571321000,94.9,1,94.9,8,95.0,12,2,2022-02-17 09:04:34
1645088674587402000,95.0,1,94.9,8,95.0,11,1,2022-02-17 09:04:34
1645088674698028000,95.0,10,94.9,8,95.0,1,1,2022-02-17 09:04:34
1645088675144134000,95.0,1,94.9,8,95.4,10,1,2022-02-17 09:04:35
1645088675215836000,95.3,1,95.0,2,95.4,10,2,2022-02-17 09:04:35
1645088675386434000,95.3,1,95.2,1,95.3,7,1,2022-02-17 09:04:35
1645088675434186000,95.2,1,94.9,6,95.3,7,2,2022-02-17 09:04:35
1645088675434186000,95.0,2,94.9,6,95.3,7,2,2022-02-17 09:04:35
1645088675434186000,94.9,2,94.9,6,95.3,7,2,2022-02-17 09:04:35
1645088675613977000,95.2,1,95.0,6,95.3,8,2,2022-02-17 09:04:35
1645088675792628000,95.0,1,95.0,5,95.3,9,2,2022-02-17 09:04:35
1645088676012423000,95.0,6,94.8,9,95.3,11,2,2022-02-17 09:04:36
1645088676012423000,94.9,2,94.8,9,95.3,11,2,2022-02-17 09:04:36
1645088676012423000,94.8,2,94.8,9,95.3,11,2,2022-02-17 09:04:36
1645088676294613000,95.0,2,95.0,5,95.1,1,2,2022-02-17 09:04:36
1645088676298825000,95.1,1,95.0,5,95.3,16,1,2022-02-17 09:04:36
1645088676426071000,95.0,6,94.9,2,95.0,42,2,2022-02-17 09:04:36
1645088676680309000,95.0,1,94.9,2,95.0,41,1,2022-02-17 09:04:36
1645088677105284000,95.0,1,94.9,2,95.0,40,1,2022-02-17 09:04:37
1645088677159430000,94.9,1,94.9,1,95.0,40,2,2022-02-17 09:04:37
1645088677250067000,95.0,1,94.9,1,95.0,39,1,2022-02-17 09:04:37
1645088677486131000,95.0,1,94.9,1,95.0,38,1,2022-02-17 09:04:37
1645088677513361000,95.0,2,94.9,1,95.0,36,1,2022-02-17 09:04:37
1645088677694853000,95.0,1,94.9,1,95.0,35,1,2022-02-17 09:04:37
1645088678100514000,95.0,2,94.9,3,95.0,33,1,2022-02-17 09:04:38
1645088678136005000,94.9,1,94.9,2,95.0,33,2,2022-02-17 09:04:38
1645088678260543000,95.0,1,94.9,2,95.0,37,1,2022-02-17 09:04:38
1645088678339210000,95.0,1,94.9,3,95.0,36,1,2022-02-17 09:04:38
1645088678475076000,95.0,1,94.9,3,95.0,35,1,2022-02-17 09:04:38
1645088678497427000,95.0,1,94.9,3,95.0,34,1,2022-02-17 09:04:38
1645088678598869000,94.9,1,94.9,2,95.0,34,2,2022-02-17 09:04:38
1645088678634961000,94.9,1,94.9,1,95.0,34,2,2022-02-17 09:04:38
1645088678760689000,94.9,1,94.8,10,95.0,34,2,2022-02-17 09:04:38
1645088678808411000,95.0,1,94.8,10,95.0,33,1,2022-02-17 09:04:38
1645088678892854000,94.8,1,94.8,9,95.0,33,2,2022-02-17 09:04:38
1645088679018585000,95.0,1,94.8,9,95.0,4,1,2022-02-17 09:04:39
1645088679051118000,94.8,1,94.8,8,95.0,4,2,2022-02-17 09:04:39
1645088679187180000,94.8,1,94.8,7,95.0,4,2,2022-02-17 09:04:39
1645088679234094000,95.0,1,94.8,7,95.0,3,1,2022-02-17 09:04:39
1645088679247400000,95.0,1,94.8,7,95.0,2,1,2022-02-17 09:04:39
1645088679345186000,94.8,1,94.8,6,94.9,2,2,2022-02-17 09:04:39
1645088679472831000,94.9,1,94.8,6,94.9,1,1,2022-02-17 09:04:39
1645088679606924000,94.9,1,94.8,6,94.9,4,1,2022-02-17 09:04:39
1645088679901484000,94.9,4,94.9,1,95.0,4,1,2022-02-17 09:04:39
1645088679961992000,94.9,1,94.9,2,95.0,4,2,2022-02-17 09:04:39
1645088680465238000,95.0,5,94.9,2,95.2,10,1,2022-02-17 09:04:40
1645088680465238000,95.1,3,94.9,2,95.2,10,1,2022-02-17 09:04:40
1645088680465238000,95.2,2,94.9,2,95.2,10,1,2022-02-17 09:04:40
1645088680868799000,95.0,1,95.0,1,95.2,10,1,2022-02-17 09:04:40
1645088680920340000,95.0,1,94.9,2,95.2,10,2,2022-02-17 09:04:40
1645088680948652000,94.9,1,94.9,1,95.2,10,2,2022-02-17 09:04:40
1645088680984193000,94.9,1,94.8,16,95.2,10,2,2022-02-17 09:04:40
1645088681199655000,95.1,1,94.8,16,95.2,10,1,2022-02-17 09:04:41
1645088681722231000,94.9,1,94.9,4,95.0,2,1,2022-02-17 09:04:41
1645088682439261000,95.0,2,94.9,9,95.0,2,1,2022-02-17 09:04:42
1645088682482497000,94.9,1,94.9,8,95.0,2,2,2022-02-17 09:04:42
1645088682641641000,95.0,2,94.9,8,95.2,10,1,2022-02-17 09:04:42
1645088682641641000,95.1,1,94.9,8,95.2,10,1,2022-02-17 09:04:42
1645088683003882000,95.0,1,94.9,13,95.2,10,1,2022-02-17 09:04:43
1645088683229574000,94.9,1,94.9,12,95.2,11,2,2022-02-17 09:04:43
1645088683252965000,94.9,12,94.8,14,95.2,11,2,2022-02-17 09:04:43
1645088683777642000,95.0,1,95.0,4,95.2,11,1,2022-02-17 09:04:43
1645088683829293000,95.0,4,94.9,1,95.2,11,2,2022-02-17 09:04:43
1645088684494755000,94.9,1,94.9,3,95.2,12,2,2022-02-17 09:04:44
1645088684883172000,95.0,1,94.9,4,95.2,13,1,2022-02-17 09:04:44
1645088686595589000,95.1,1,95.0,3,95.1,8,1,2022-02-17 09:04:46
1645088686629264000,95.0,3,94.9,11,95.0,2,2,2022-02-17 09:04:46
1645088686659537000,94.9,1,94.9,10,95.0,2,2,2022-02-17 09:04:46
1645088686858135000,95.0,1,94.9,10,95.0,2,1,2022-02-17 09:04:46
1645088686915412000,94.9,10,94.8,21,95.0,2,2,2022-02-17 09:04:46
1645088687113585000,94.9,1,94.9,10,95.0,2,2,2022-02-17 09:04:47
1645088687127076000,95.0,1,94.9,10,95.0,1,1,2022-02-17 09:04:47
1645088687136063000,95.0,1,94.9,10,95.1,10,1,2022-02-17 09:04:47
1645088687195687000,95.0,5,94.9,10,95.1,11,2,2022-02-17 09:04:47
1645088687310534000,95.0,1,94.9,10,95.1,11,1,2022-02-17 09:04:47
1645088687407257000,95.1,1,94.9,13,95.1,10,1,2022-02-17 09:04:47
1645088687410620000,95.1,5,94.9,13,95.1,5,1,2022-02-17 09:04:47
1645088687546738000,95.0,2,94.9,13,95.0,8,2,2022-02-17 09:04:47
1645088687648823000,94.9,1,94.9,12,95.0,8,2,2022-02-17 09:04:47
1645088687654292000,95.0,1,94.9,12,95.0,7,1,2022-02-17 09:04:47
1645088688551135000,95.0,2,94.9,31,95.0,11,1,2022-02-17 09:04:48
1645088689048725000,95.0,1,94.9,35,95.0,13,1,2022-02-17 09:04:49
1645088689493702000,94.9,1,94.9,40,95.0,14,2,2022-02-17 09:04:49
1645088689591827000,94.9,30,94.9,10,95.0,17,2,2022-02-17 09:04:49
1645088689622416000,94.9,10,94.8,24,95.0,17,2,2022-02-17 09:04:49
1645088689787880000,94.8,1,94.8,23,95.0,19,2,2022-02-17 09:04:49
1645088689825495000,95.0,1,94.8,23,95.0,18,1,2022-02-17 09:04:49
1645088690219066000,95.0,1,94.8,23,95.0,20,1,2022-02-17 09:04:50
1645088690552752000,95.0,1,94.8,23,95.0,27,1,2022-02-17 09:04:50
1645088690736467000,95.0,1,94.8,20,95.0,36,1,2022-02-17 09:04:50
1645088690904495000,94.9,1,94.8,21,95.0,36,1,2022-02-17 09:04:50
1645088690904495000,95.0,1,94.8,21,95.0,36,1,2022-02-17 09:04:50
1645088691021063000,95.0,2,94.8,21,95.0,34,1,2022-02-17 09:04:51
1645088691164734000,95.0,1,94.9,2,95.0,33,1,2022-02-17 09:04:51
1645088691326080000,94.9,2,94.8,21,95.0,34,2,2022-02-17 09:04:51
1645088691406172000,94.9,1,94.8,21,95.0,34,2,2022-02-17 09:04:51
1645088691431333000,94.8,2,94.8,19,95.0,34,2,2022-02-17 09:04:51
1645088691454088000,95.0,1,94.8,19,95.0,33,1,2022-02-17 09:04:51
1645088691549168000,94.9,1,94.8,19,95.0,33,1,2022-02-17 09:04:51
1645088691730956000,95.0,1,94.8,19,95.0,32,1,2022-02-17 09:04:51
1645088691884106000,95.0,1,94.9,1,95.0,31,1,2022-02-17 09:04:51
1645088691919421000,95.0,1,94.9,1,95.0,30,1,2022-02-17 09:04:51
1645088692068705000,95.0,1,94.9,2,95.0,29,1,2022-02-17 09:04:52
1645088692379203000,94.9,2,94.8,8,95.0,29,2,2022-02-17 09:04:52
1645088692379203000,94.8,13,94.8,8,95.0,29,2,2022-02-17 09:04:52
1645088692605996000,95.0,1,94.9,1,95.0,29,1,2022-02-17 09:04:52
1645088692759903000,95.0,1,94.9,1,95.0,28,1,2022-02-17 09:04:52
1645088692770916000,95.0,2,94.9,1,95.0,26,1,2022-02-17 09:04:52
1645088692823599000,94.9,1,94.8,8,95.0,40,2,2022-02-17 09:04:52
1645088692972724000,95.0,3,94.8,9,95.0,37,1,2022-02-17 09:04:52
1645088693217644000,94.9,2,94.8,9,94.9,3,1,2022-02-17 09:04:53
1645088693433180000,94.8,5,94.8,4,94.9,3,2,2022-02-17 09:04:53
1645088693770384000,94.9,3,94.8,4,95.0,42,1,2022-02-17 09:04:53
1645088694226799000,94.9,14,94.8,4,95.2,75,1,2022-02-17 09:04:54
1645088694226799000,95.0,29,94.8,4,95.2,75,1,2022-02-17 09:04:54
1645088694226799000,95.1,26,94.8,4,95.2,75,1,2022-02-17 09:04:54
1645088694226799000,95.2,241,94.8,4,95.2,75,1,2022-02-17 09:04:54
1645088694308636000,95.0,1,94.8,5,95.2,79,1,2022-02-17 09:04:54
1645088694371254000,95.0,1,94.9,1,95.0,4,2,2022-02-17 09:04:54
1645088694389584000,94.9,1,94.8,5,94.9,4,2,2022-02-17 09:04:54
1645088694700784000,94.9,1,94.8,6,94.9,3,1,2022-02-17 09:04:54
1645088694800805000,94.9,1,94.8,6,94.9,2,1,2022-02-17 09:04:54
1645088694803965000,94.9,1,94.8,6,94.9,1,1,2022-02-17 09:04:54
1645088694821110000,94.9,1,94.8,6,95.0,9,1,2022-02-17 09:04:54
1645088694922405000,95.0,10,94.8,6,95.2,79,1,2022-02-17 09:04:54
1645088695463611000,95.0,2,94.8,22,94.9,7,2,2022-02-17 09:04:55
1645088695463611000,94.9,1,94.8,22,94.9,7,2,2022-02-17 09:04:55
1645088695495962000,94.9,7,94.8,22,95.2,79,1,2022-02-17 09:04:55
1645088695660140000,95.0,1,94.8,22,95.0,4,1,2022-02-17 09:04:55
1645088695847937000,94.9,1,94.8,22,95.0,4,2,2022-02-17 09:04:55
1645088695847937000,94.8,1,94.8,22,95.0,4,2,2022-02-17 09:04:55
1645088695852506000,94.8,1,94.8,21,95.0,4,2,2022-02-17 09:04:55
1645088695857871000,94.9,1,94.9,9,95.0,4,2,2022-02-17 09:04:55
1645088695949025000,94.9,2,94.9,7,95.0,4,2,2022-02-17 09:04:55
1645088696171789000,95.0,2,94.9,7,95.0,3,1,2022-02-17 09:04:56
1645088696264644000,94.9,1,94.9,6,95.0,3,2,2022-02-17 09:04:56
1645088696464080000,95.0,1,94.9,7,95.0,2,1,2022-02-17 09:04:56
1645088697493898000,95.0,1,94.9,13,95.0,14,1,2022-02-17 09:04:57
1645088697691560000,95.0,2,94.9,13,95.0,12,1,2022-02-17 09:04:57
1645088697710229000,94.9,1,94.9,12,95.0,12,2,2022-02-17 09:04:57
1645088697737100000,94.9,2,94.9,10,95.0,12,2,2022-02-17 09:04:57
1645088697794848000,95.0,1,94.9,10,95.0,11,1,2022-02-17 09:04:57
1645088697961849000,95.0,1,94.9,11,95.0,10,1,2022-02-17 09:04:57
1645088698207546000,95.0,21,94.9,11,95.3,122,1,2022-02-17 09:04:58
1645088698207546000,95.1,2,94.9,11,95.3,122,1,2022-02-17 09:04:58
1645088698207546000,95.2,82,94.9,11,95.3,122,1,2022-02-17 09:04:58
1645088698207546000,95.3,205,94.9,11,95.3,122,1,2022-02-17 09:04:58
1645088698306117000,95.0,2,94.9,11,95.3,128,1,2022-02-17 09:04:58
1645088698583914000,95.3,1,95.0,6,95.3,127,1,2022-02-17 09:04:58
1645088698895734000,95.0,1,95.0,6,95.3,129,2,2022-02-17 09:04:58
1645088699019706000,95.0,1,95.0,5,95.3,129,2,2022-02-17 09:04:59
1645088699177447000,95.0,1,95.0,17,95.3,129,2,2022-02-17 09:04:59
1645088699305135000,95.0,2,95.0,15,95.3,132,2,2022-02-17 09:04:59
1645088699359576000,95.3,10,95.0,15,95.3,122,1,2022-02-17 09:04:59
1645088699399931000,95.0,3,95.0,12,95.3,122,2,2022-02-17 09:04:59
1645088699576691000,95.0,2,95.0,10,95.2,2,2,2022-02-17 09:04:59
1645088699990549000,95.2,1,95.0,10,95.2,1,1,2022-02-17 09:04:59
1645088700015914000,95.0,2,95.0,8,95.2,1,2,2022-02-17 09:05:00
1645088700302398000,95.0,4,95.0,12,95.1,3,2,2022-02-17 09:05:00
1645088700433875000,95.0,5,95.0,7,95.1,6,2,2022-02-17 09:05:00
1645088700518339000,95.0,5,95.0,4,95.1,9,2,2022-02-17 09:05:00
1645088700606652000,95.0,3,95.0,42,95.1,15,2,2022-02-17 09:05:00
1645088700649721000,95.0,2,95.0,40,95.1,30,2,2022-02-17 09:05:00
1645088700804790000,95.0,1,95.0,39,95.1,30,2,2022-02-17 09:05:00
1645088700882962000,95.0,1,95.0,38,95.1,32,2,2022-02-17 09:05:00
1645088701006777000,95.0,5,95.0,33,95.1,32,2,2022-02-17 09:05:01
1645088701070246000,95.0,1,95.0,32,95.1,32,2,2022-02-17 09:05:01
1645088701127133000,95.0,35,94.9,22,95.1,32,2,2022-02-17 09:05:01
1645088701133471000,95.1,1,94.9,22,95.1,31,1,2022-02-17 09:05:01
1645088701292911000,95.0,1,94.9,22,95.0,4,1,2022-02-17 09:05:01
1645088701341465000,94.9,22,94.7,24,95.0,4,2,2022-02-17 09:05:01
1645088701341465000,94.8,20,94.7,24,95.0,4,2,2022-02-17 09:05:01
1645088701341465000,94.7,8,94.7,24,95.0,4,2,2022-02-17 09:05:01
1645088701439808000,95.0,1,94.7,24,95.0,3,1,2022-02-17 09:05:01
1645088701515055000,94.7,3,94.7,21,95.0,3,2,2022-02-17 09:05:01
1645088701702188000,95.0,3,94.7,21,95.4,70,1,2022-02-17 09:05:01
1645088701702188000,95.1,31,94.7,21,95.4,70,1,2022-02-17 09:05:01
1645088701702188000,95.2,1,94.7,21,95.4,70,1,2022-02-17 09:05:01
1645088701702188000,95.3,12,94.7,21,95.4,70,1,2022-02-17 09:05:01
1645088701702188000,95.4,263,94.7,21,95.4,70,1,2022-02-17 09:05:01
1645088701932925000,95.3,1,95.0,3,95.3,2,1,2022-02-17 09:05:01
1645088701975783000,95.0,1,95.0,2,95.3,2,2,2022-02-17 09:05:01
1645088702583088000,95.2,2,95.0,6,95.2,11,1,2022-02-17 09:05:02
1645088702591354000,95.2,2,95.0,6,95.2,9,1,2022-02-17 09:05:02
1645088702668373000,95.0,1,95.0,5,95.2,9,2,2022-02-17 09:05:02
1645088703095060000,95.2,1,95.0,10,95.2,10,1,2022-02-17 09:05:03
1645088703522757000,95.0,1,95.0,13,95.2,10,2,2022-02-17 09:05:03
1645088703613057000,95.0,1,95.0,12,95.2,10,2,2022-02-17 09:05:03
1645088703660258000,95.2,6,95.0,12,95.2,4,1,2022-02-17 09:05:03
1645088703698494000,95.2,1,95.0,12,95.2,3,1,2022-02-17 09:05:03
1645088703729365000,95.2,3,95.0,12,95.3,2,1,2022-02-17 09:05:03
1645088705197905000,95.2,1,95.1,2,95.2,11,1,2022-02-17 09:05:05
1645088705219443000,95.2,1,95.1,2,95.2,10,1,2022-02-17 09:05:05
1645088705286887000,95.2,2,95.1,2,95.2,8,1,2022-02-17 09:05:05
1645088705331204000,95.1,2,95.0,33,95.2,8,2,2022-02-17 09:05:05
1645088705534670000,95.0,1,95.0,32,95.2,8,2,2022-02-17 09:05:05
1645088705752546000,95.2,2,95.0,34,95.2,7,1,2022-02-17 09:05:05
1645088706340897000,95.2,2,95.0,45,95.2,7,1,2022-02-17 09:05:06
1645088706443838000,95.0,1,95.0,44,95.2,10,2,2022-02-17 09:05:06
1645088706901531000,95.2,5,95.0,45,95.2,5,1,2022-02-17 09:05:06
1645088706926611000,95.0,2,95.0,43,95.2,5,2,2022-02-17 09:05:06
1645088706951446000,95.0,1,95.0,42,95.2,5,2,2022-02-17 09:05:06
1645088707080749000,95.0,1,95.0,41,95.2,5,2,2022-02-17 09:05:07
1645088707223874000,95.2,2,95.0,41,95.2,3,1,2022-02-17 09:05:07
1645088707872168000,95.2,3,95.0,58,95.3,15,1,2022-02-17 09:05:07
1645088708126296000,95.2,1,95.0,60,95.2,3,1,2022-02-17 09:05:08
1645088708250059000,95.2,2,95.0,61,95.2,1,1,2022-02-17 09:05:08
1645088708276620000,95.2,1,95.0,62,95.3,15,1,2022-02-17 09:05:08
1645088708462027000,95.0,1,95.0,66,95.3,15,2,2022-02-17 09:05:08
1645088708529382000,95.1,1,95.0,67,95.1,9,1,2022-02-17 09:05:08
1645088708555989000,95.1,5,95.0,67,95.1,4,1,2022-02-17 09:05:08
1645088708583001000,95.1,1,95.0,67,95.1,3,1,2022-02-17 09:05:08
1645088708679830000,95.1,2,95.0,67,95.1,1,1,2022-02-17 09:05:08
1645088708718768000,95.1,1,95.0,67,95.3,15,1,2022-02-17 09:05:08
1645088709662420000,95.1,1,95.1,2,95.3,17,2,2022-02-17 09:05:09
1645088709671902000,95.1,1,95.1,1,95.3,17,2,2022-02-17 09:05:09
1645088710003822000,95.1,1,95.0,8,95.3,19,2,2022-02-17 09:05:10
1645088710003822000,95.0,74,95.0,8,95.3,19,2,2022-02-17 09:05:10
1645088710040850000,95.0,1,95.0,7,95.3,19,2,2022-02-17 09:05:10
1645088710321024000,95.2,2,95.0,8,95.2,1,1,2022-02-17 09:05:10
1645088710456118000,95.2,1,95.0,9,95.3,19,1,2022-02-17 09:05:10
1645088710488976000,95.0,1,95.0,8,95.3,19,2,2022-02-17 09:05:10
1645088711011015000,95.2,2,95.1,2,95.3,19,1,2022-02-17 09:05:11
1645088711140899000,95.1,1,95.1,1,95.2,5,2,2022-02-17 09:05:11
1645088711179707000,95.1,1,95.0,18,95.2,5,2,2022-02-17 09:05:11
1645088711288264000,95.2,1,95.0,18,95.2,4,1,2022-02-17 09:05:11
1645088711452131000,95.1,1,95.1,1,95.2,4,1,2022-02-17 09:05:11
1645088711651888000,95.2,1,95.1,2,95.2,5,1,2022-02-17 09:05:11
1645088711763427000,95.2,3,95.1,2,95.2,3,1,2022-02-17 09:05:11
1645088712044324000,95.2,1,95.1,2,95.2,5,1,2022-02-17 09:05:12
1645088712094727000,95.1,1,95.1,1,95.2,5,2,2022-02-17 09:05:12
1645088712450415000,95.1,1,95.0,21,95.2,5,2,2022-02-17 09:05:12
1645088712450415000,95.0,2,95.0,21,95.2,5,2,2022-02-17 09:05:12
1645088712844616000,95.1,1,95.0,21,95.2,5,2,2022-02-17 09:05:12
1645088713009050000,95.2,1,95.0,21,95.2,4,1,2022-02-17 09:05:13
1645088713018665000,95.0,2,95.0,19,95.2,4,2,2022-02-17 09:05:13
1645088713030661000,95.0,19,94.9,12,95.0,21,2,2022-02-17 09:05:13
1645088713431726000,95.0,1,94.9,11,95.0,27,1,2022-02-17 09:05:13
1645088713478422000,95.0,1,94.9,11,95.0,26,1,2022-02-17 09:05:13
1645088713688273000,95.0,2,94.9,11,95.0,24,1,2022-02-17 09:05:13
1645088713747280000,94.9,2,94.9,9,95.0,24,2,2022-02-17 09:05:13
1645088713825001000,95.0,1,94.9,9,95.0,23,1,2022-02-17 09:05:13
1645088713885562000,95.0,1,94.9,9,95.0,22,1,2022-02-17 09:05:13
1645088713960625000,95.0,1,94.9,9,95.0,24,1,2022-02-17 09:05:13
1645088714268705000,94.9,1,94.9,8,95.0,26,2,2022-02-17 09:05:14
1645088714317572000,95.0,1,94.9,8,95.0,25,1,2022-02-17 09:05:14
1645088714463001000,94.9,1,94.9,7,95.0,25,2,2022-02-17 09:05:14
1645088714615241000,95.0,1,94.9,8,95.0,24,1,2022-02-17 09:05:14
1645088714640975000,95.0,1,94.9,8,95.0,23,1,2022-02-17 09:05:14
1645088714722484000,95.0,2,94.9,8,95.0,27,1,2022-02-17 09:05:14
1645088714794635000,94.9,1,94.9,7,95.0,27,2,2022-02-17 09:05:14
1645088714807953000,94.9,1,94.9,6,95.0,27,2,2022-02-17 09:05:14
1645088714962012000,95.0,1,94.9,6,95.0,26,1,2022-02-17 09:05:14
1645088714974839000,94.9,1,94.9,5,95.0,26,2,2022-02-17 09:05:14
1645088715202966000,95.0,2,94.9,5,95.0,34,1,2022-02-17 09:05:15
1645088715214543000,94.9,1,94.9,4,95.0,34,2,2022-02-17 09:05:15
1645088715257065000,94.9,4,94.8,25,95.0,34,2,2022-02-17 09:05:15
1645088715257065000,94.8,1,94.8,25,95.0,34,2,2022-02-17 09:05:15
1645088715452085000,94.8,20,94.8,5,94.9,5,2,2022-02-17 09:05:15
1645088715581344000,94.8,1,94.8,4,94.9,5,2,2022-02-17 09:05:15
1645088715655623000,94.8,2,94.8,2,94.9,5,2,2022-02-17 09:05:15
1645088715849039000,94.9,1,94.8,2,94.9,17,1,2022-02-17 09:05:15
1645088716122021000,94.9,1,94.8,2,94.9,16,1,2022-02-17 09:05:16
1645088716382387000,94.9,1,94.8,2,94.9,16,1,2022-02-17 09:05:16
1645088716728615000,94.9,1,94.8,2,94.9,20,1,2022-02-17 09:05:16
1645088716864108000,94.9,1,94.8,2,94.9,19,1,2022-02-17 09:05:16
1645088716893364000,94.9,2,94.8,2,94.9,17,1,2022-02-17 09:05:16
1645088717422333000,94.8,1,94.8,6,94.9,15,2,2022-02-17 09:05:17
1645088717486793000,94.9,1,94.8,6,94.9,14,1,2022-02-17 09:05:17
1645088717524955000,94.8,6,94.7,5,94.9,14,2,2022-02-17 09:05:17
1645088717524955000,94.7,69,94.7,5,94.9,14,2,2022-02-17 09:05:17
1645088717545767000,94.9,1,94.7,5,94.9,13,1,2022-02-17 09:05:17
1645088717554438000,94.9,1,94.7,5,94.9,12,1,2022-02-17 09:05:17
1645088718194598000,94.7,1,94.7,6,94.9,15,2,2022-02-17 09:05:18
1645088718342599000,94.7,1,94.7,6,94.9,15,2,2022-02-17 09:05:18
1645088718397433000,94.7,6,94.6,32,94.9,15,2,2022-02-17 09:05:18
1645088718408666000,94.9,1,94.6,32,94.9,14,1,2022-02-17 09:05:18
1645088719331241000,94.7,2,94.7,3,94.8,4,2,2022-02-17 09:05:19
1645088719340744000,94.7,3,94.4,14,94.5,31,2,2022-02-17 09:05:19
1645088719340744000,94.6,20,94.4,14,94.5,31,2,2022-02-17 09:05:19
1645088719340744000,94.5,21,94.4,14,94.5,31,2,2022-02-17 09:05:19
1645088719416242000,94.4,10,94.4,3,94.5,31,2,2022-02-17 09:05:19
1645088719756068000,94.4,2,94.4,1,94.5,31,2,2022-02-17 09:05:19
1645088719812624000,94.5,1,94.4,1,94.5,30,1,2022-02-17 09:05:19
1645088720125194000,94.5,1,94.4,1,94.5,32,1,2022-02-17 09:05:20
1645088720239105000,94.5,1,94.4,1,94.5,31,1,2022-02-17 09:05:20
1645088720438412000,94.5,1,94.4,1,94.5,33,1,2022-02-17 09:05:20
1645088720484904000,94.5,1,94.4,1,94.5,32,1,2022-02-17 09:05:20
1645088720568003000,94.5,1,94.4,1,94.5,31,1,2022-02-17 09:05:20
1645088720736630000,94.5,1,94.4,1,94.5,30,1,2022-02-17 09:05:20
1645088720870600000,94.4,1,94.3,10,94.5,30,2,2022-02-17 09:05:20
1645088720871911000,94.3,3,94.3,7,94.5,30,2,2022-02-17 09:05:20
1645088721636340000,94.3,2,94.3,5,94.4,2,2,2022-02-17 09:05:21
1645088722086755000,94.3,1,94.3,4,94.4,4,2,2022-02-17 09:05:22
1645088722124086000,94.4,1,94.3,4,94.4,3,1,2022-02-17 09:05:22
1645088722380555000,94.3,4,94.2,7,94.4,5,2,2022-02-17 09:05:22
1645088722698638000,94.3,1,94.2,7,94.3,4,1,2022-02-17 09:05:22
1645088722792024000,94.3,4,94.2,7,94.5,30,1,2022-02-17 09:05:22
1645088722792024000,94.4,5,94.2,7,94.5,30,1,2022-02-17 09:05:22
1645088722792024000,94.5,1,94.2,7,94.5,30,1,2022-02-17 09:05:22
1645088723394636000,94.5,3,94.2,9,94.5,27,1,2022-02-17 09:05:23
1645088723457077000,94.2,1,94.2,8,94.5,27,2,2022-02-17 09:05:23
1645088723457572000,94.5,3,94.2,8,94.5,24,1,2022-02-17 09:05:23
1645088723527107000,94.5,1,94.2,8,94.5,23,1,2022-02-17 09:05:23
1645088724017146000,94.3,1,94.2,11,94.5,23,2,2022-02-17 09:05:24
1645088724066974000,94.2,1,94.2,10,94.5,24,2,2022-02-17 09:05:24
1645088724467375000,94.3,5,94.2,10,94.4,1,2,2022-02-17 09:05:24
1645088724910727000,94.4,1,94.2,10,94.5,33,1,2022-02-17 09:05:24
1645088725088991000,94.5,2,94.2,10,94.5,31,1,2022-02-17 09:05:25
1645088725203922000,94.2,6,94.2,4,94.4,1,2,2022-02-17 09:05:25
1645088725523737000,94.3,1,94.3,9,94.4,1,2,2022-02-17 09:05:25
1645088725706019000,94.4,1,94.3,12,94.5,31,1,2022-02-17 09:05:25
1645088726132362000,94.3,3,94.3,9,94.5,31,2,2022-02-17 09:05:26
1645088726326006000,94.3,9,94.1,20,94.5,31,2,2022-02-17 09:05:26
1645088726326006000,94.2,1,94.1,20,94.5,31,2,2022-02-17 09:05:26
1645088726698300000,94.3,1,94.2,5,94.5,32,2,2022-02-17 09:05:26
1645088727189946000,94.3,1,94.3,1,94.5,23,2,2022-02-17 09:05:27
1645088727474958000,94.5,1,94.3,3,94.5,23,1,2022-02-17 09:05:27
1645088729263637000,94.3,5,94.3,11,94.4,3,2,2022-02-17 09:05:29
1645088729861094000,94.3,1,94.3,10,94.4,4,2,2022-02-17 09:05:29
1645088730438282000,94.3,7,94.3,36,94.4,12,2,2022-02-17 09:05:30
1645088731303167000,94.3,1,94.3,34,94.4,17,2,2022-02-17 09:05:31
1645088731806381000,94.3,3,94.3,31,94.4,17,2,2022-02-17 09:05:31
1645088732121624000,94.3,3,94.3,28,94.4,17,2,2022-02-17 09:05:32
1645088732474520000,94.3,1,94.3,27,94.4,17,2,2022-02-17 09:05:32
1645088732738401000,94.4,2,94.3,29,94.4,17,1,2022-02-17 09:05:32
1645088732852588000,94.4,1,94.3,29,94.4,17,1,2022-02-17 09:05:32
1645088733067633000,94.4,1,94.3,29,94.4,16,1,2022-02-17 09:05:33
1645088733228875000,94.3,29,94.1,21,94.2,26,2,2022-02-17 09:05:33
1645088733228875000,94.2,20,94.1,21,94.2,26,2,2022-02-17 09:05:33
1645088733290302000,94.2,2,94.1,21,94.2,24,1,2022-02-17 09:05:33
1645088733498930000,94.2,1,94.1,21,94.2,23,1,2022-02-17 09:05:33
1645088733532045000,94.2,1,94.1,21,94.2,22,1,2022-02-17 09:05:33
1645088733644803000,94.2,1,94.1,21,94.2,21,1,2022-02-17 09:05:33
1645088733932363000,94.4,2,94.1,21,94.4,15,1,2022-02-17 09:05:33
1645088734483781000,94.1,1,94.1,19,94.3,2,2,2022-02-17 09:05:34
1645088735067948000,94.3,1,94.1,19,94.3,1,1,2022-02-17 09:05:35
1645088735833780000,94.3,1,94.1,19,94.3,3,1,2022-02-17 09:05:35
1645088736263601000,94.1,1,94.1,20,94.3,8,2,2022-02-17 09:05:36
1645088736301547000,94.2,1,94.1,20,94.3,9,2,2022-02-17 09:05:36
1645088736446590000,94.1,1,94.1,19,94.3,9,2,2022-02-17 09:05:36
1645088736925677000,94.1,1,94.1,18,94.3,9,2,2022-02-17 09:05:36
1645088737145724000,94.1,3,94.1,15,94.2,1,2,2022-02-17 09:05:37
1645088737211615000,94.2,1,94.1,12,94.3,9,1,2022-02-17 09:05:37
1645088738469156000,94.3,1,94.2,3,94.3,11,1,2022-02-17 09:05:38
1645088738470519000,94.2,3,94.1,10,94.3,11,2,2022-02-17 09:05:38
1645088738470519000,94.1,2,94.1,10,94.3,11,2,2022-02-17 09:05:38
1645088738586798000,94.1,2,94.1,8,94.3,11,2,2022-02-17 09:05:38
1645088738836967000,94.1,2,94.1,6,94.3,11,2,2022-02-17 09:05:38
1645088738983865000,94.2,1,94.1,6,94.2,9,1,2022-02-17 09:05:38
1645088739166796000,94.2,2,94.1,11,94.2,7,1,2022-02-17 09:05:39
1645088739205263000,94.2,1,94.1,11,94.2,6,1,2022-02-17 09:05:39
1645088739217466000,94.2,1,94.1,11,94.2,5,1,2022-02-17 09:05:39
1645088739235023000,94.2,1,94.1,11,94.2,4,1,2022-02-17 09:05:39
1645088739248597000,94.2,4,94.1,11,94.3,14,1,2022-02-17 09:05:39
1645088739497456000,94.2,1,94.1,11,94.3,14,1,2022-02-17 09:05:39
1645088739762671000,94.2,1,94.1,11,94.2,1,1,2022-02-17 09:05:39
1645088740273458000,94.1,1,94.1,10,94.2,1,2,2022-02-17 09:05:40
1645088740379405000,94.1,3,94.1,7,94.2,1,2,2022-02-17 09:05:40
1645088740475362000,94.1,7,93.9,6,94.0,37,2,2022-02-17 09:05:40
1645088740475362000,94.0,31,93.9,6,94.0,37,2,2022-02-17 09:05:40
1645088740477893000,93.9,1,93.9,5,94.0,37,2,2022-02-17 09:05:40
1645088740700769000,94.0,1,93.9,5,94.0,36,1,2022-02-17 09:05:40
1645088740746729000,94.0,1,93.9,5,94.0,35,1,2022-02-17 09:05:40
1645088741268482000,94.2,1,93.9,6,94.2,1,1,2022-02-17 09:05:41
1645088741482994000,93.9,2,93.9,4,94.2,1,2,2022-02-17 09:05:41
1645088741674476000,94.1,1,93.9,5,94.1,1,2,2022-02-17 09:05:41
1645088741804859000,94.1,1,94.1,3,94.2,1,1,2022-02-17 09:05:41
1645088741813131000,94.2,1,94.1,3,94.3,15,1,2022-02-17 09:05:41
1645088742103894000,94.2,1,94.1,3,94.3,19,2,2022-02-17 09:05:42
1645088742199209000,94.1,2,94.1,1,94.3,19,2,2022-02-17 09:05:42
1645088742444280000,94.1,1,93.9,5,94.2,2,2,2022-02-17 09:05:42
1645088742462971000,94.2,2,93.9,5,94.3,16,1,2022-02-17 09:05:42
1645088742462971000,94.3,3,93.9,5,94.3,16,1,2022-02-17 09:05:42
1645088742769999000,94.0,1,94.0,2,94.3,16,2,2022-02-17 09:05:42
1645088743165377000,94.0,1,94.0,1,94.3,16,2,2022-02-17 09:05:43
1645088744334259000,94.1,1,94.1,9,94.3,16,1,2022-02-17 09:05:44
1645088744380312000,94.1,1,94.1,8,94.3,16,2,2022-02-17 09:05:44
1645088745539030000,94.1,1,94.1,8,94.2,2,2,2022-02-17 09:05:45
1645088745973987000,94.1,1,94.1,9,94.2,2,2,2022-02-17 09:05:45
1645088745976899000,94.1,1,94.1,8,94.2,2,2,2022-02-17 09:05:45
1645088746022179000,94.1,1,94.1,7,94.2,2,2,2022-02-17 09:05:46
1645088746291949000,94.1,7,94.0,5,94.2,3,2,2022-02-17 09:05:46
1645088746291949000,94.0,3,94.0,5,94.2,3,2,2022-02-17 09:05:46
1645088746495147000,94.1,3,94.0,5,94.1,2,2,2022-02-17 09:05:46
1645088746500214000,94.0,1,94.0,4,94.1,2,2,2022-02-17 09:05:46
1645088746771415000,94.0,2,94.0,2,94.1,3,2,2022-02-17 09:05:46
1645088747747039000,94.0,1,94.0,7,94.1,3,2,2022-02-17 09:05:47
1645088748005906000,94.0,1,94.0,7,94.1,3,2,2022-02-17 09:05:48
1645088748390256000,94.0,1,94.0,6,94.1,5,2,2022-02-17 09:05:48
1645088748535484000,94.0,1,94.0,5,94.1,5,2,2022-02-17 09:05:48
1645088748580902000,94.1,1,94.0,5,94.1,4,1,2022-02-17 09:05:48
1645088748887428000,94.0,5,94.0,2,94.1,4,2,2022-02-17 09:05:48
1645088749119417000,94.0,1,94.0,1,94.1,12,2,2022-02-17 09:05:49
1645088749146801000,94.0,1,93.9,8,94.1,12,2,2022-02-17 09:05:49
1645088749557775000,94.0,1,93.9,6,94.0,3,1,2022-02-17 09:05:49
1645088749565500000,93.9,2,93.9,4,94.0,3,2,2022-02-17 09:05:49
1645088749715810000,93.9,1,93.9,3,94.0,3,2,2022-02-17 09:05:49
1645088749786814000,94.0,1,93.9,3,94.0,2,1,2022-02-17 09:05:49
1645088749966026000,94.0,1,93.9,3,94.0,2,1,2022-02-17 09:05:49
1645088750143471000,93.9,3,93.8,11,94.0,2,2,2022-02-17 09:05:50
1645088750143471000,93.8,1,93.8,11,94.0,2,2,2022-02-17 09:05:50
1645088750356366000,94.0,1,93.8,11,94.0,1,1,2022-02-17 09:05:50
1645088750357036000,93.8,2,93.8,9,94.0,1,2,2022-02-17 09:05:50
1645088750673611000,94.0,2,93.8,10,94.0,3,1,2022-02-17 09:05:50
1645088750940403000,93.9,1,93.8,11,94.0,3,1,2022-02-17 09:05:50
1645088751316662000,93.8,3,93.8,8,94.0,3,2,2022-02-17 09:05:51
1645088751766323000,94.0,4,93.8,8,94.1,14,1,2022-02-17 09:05:51
1645088751766323000,94.1,1,93.8,8,94.1,14,1,2022-02-17 09:05:51
1645088752093148000,93.8,1,93.8,7,94.1,21,2,2022-02-17 09:05:52
1645088752238642000,93.8,1,93.8,6,94.1,21,2,2022-02-17 09:05:52
1645088752789211000,93.9,1,93.8,6,93.9,4,1,2022-02-17 09:05:52
1645088752969414000,93.9,1,93.8,7,93.9,3,1,2022-02-17 09:05:52
1645088753368431000,93.9,1,93.8,7,93.9,3,1,2022-02-17 09:05:53
1645088753833364000,93.8,2,93.8,6,93.9,3,2,2022-02-17 09:05:53
1645088754277889000,93.9,2,93.8,6,93.9,1,1,2022-02-17 09:05:54
1645088754799108000,93.9,1,93.8,6,93.9,1,1,2022-02-17 09:05:54
1645088754864198000,93.9,1,93.8,6,93.9,1,1,2022-02-17 09:05:54
1645088755059922000,93.8,1,93.8,5,93.9,1,2,2022-02-17 09:05:55
1645088755624764000,93.9,2,93.8,22,93.9,10,1,2022-02-17 09:05:55
1645088755661841000,93.9,10,93.8,22,94.0,15,1,2022-02-17 09:05:55
1645088756972888000,94.0,13,93.9,11,94.0,3,1,2022-02-17 09:05:56
1645088757267647000,94.0,3,93.9,13,94.1,11,1,2022-02-17 09:05:57
1645088757447952000,94.0,1,93.9,13,94.1,12,2,2022-02-17 09:05:57
1645088757447952000,93.9,1,93.9,13,94.1,12,2,2022-02-17 09:05:57
1645088757747731000,94.0,1,94.0,9,94.1,12,2,2022-02-17 09:05:57
1645088757817382000,94.0,1,94.0,8,94.1,12,2,2022-02-17 09:05:57
1645088757974436000,94.0,2,94.0,7,94.1,12,2,2022-02-17 09:05:57
1645088758047610000,94.0,1,94.0,6,94.1,14,2,2022-02-17 09:05:58
1645088758245470000,94.1,1,94.0,8,94.1,13,1,2022-02-17 09:05:58
1645088758547577000,94.1,1,94.0,8,94.1,12,1,2022-02-17 09:05:58
1645088759030090000,94.1,1,94.0,8,94.1,11,1,2022-02-17 09:05:59
1645088759164846000,94.1,1,94.0,8,94.1,10,1,2022-02-17 09:05:59
1645088759169324000,94.0,1,94.0,7,94.1,10,2,2022-02-17 09:05:59
1645088759291730000,94.0,1,94.0,8,94.1,11,2,2022-02-17 09:05:59
1645088759389233000,94.0,2,94.0,6,94.1,11,2,2022-02-17 09:05:59
1645088759404270000,94.0,5,94.0,1,94.1,11,2,2022-02-17 09:05:59
1645088759911212000,94.0,1,94.0,1,94.1,11,2,2022-02-17 09:05:59
1645088760135622000,94.1,1,94.0,3,94.1,10,1,2022-02-17 09:06:00
1645088760569135000,94.1,1,94.0,3,94.1,9,1,2022-02-17 09:06:00
1645088760610057000,94.0,1,94.0,2,94.1,9,2,2022-02-17 09:06:00
1645088760650138000,94.0,2,93.9,18,94.1,9,2,2022-02-17 09:06:00
1645088760757526000,93.9,3,93.9,14,94.1,9,2,2022-02-17 09:06:00
1645088760798938000,93.9,3,93.9,11,94.1,9,2,2022-02-17 09:06:00
1645088761218450000,94.0,1,93.9,11,94.1,11,2,2022-02-17 09:06:01
1645088761667797000,94.0,1,93.9,12,94.1,11,2,2022-02-17 09:06:01
1645088761854226000,94.0,11,93.9,3,94.1,11,2,2022-02-17 09:06:01
1645088761854226000,93.9,9,93.9,3,94.1,11,2,2022-02-17 09:06:01
1645088762015668000,93.9,1,93.9,2,94.1,11,2,2022-02-17 09:06:02
1645088762600626000,94.0,1,93.9,2,94.0,1,1,2022-02-17 09:06:02
1645088762632013000,94.0,1,93.9,2,94.1,11,1,2022-02-17 09:06:02
1645088763004244000,94.0,1,93.9,3,94.1,11,1,2022-02-17 09:06:03
1645088764809469000,94.0,2,93.9,3,94.1,11,1,2022-02-17 09:06:04
1645088765080571000,94.0,1,94.0,29,94.1,11,2,2022-02-17 09:06:05
1645088765132225000,94.0,1,94.0,28,94.1,11,2,2022-02-17 09:06:05
1645088765163199000,94.0,1,94.0,27,94.1,11,2,2022-02-17 09:06:05
1645088766127954000,94.0,10,94.0,17,94.1,12,2,2022-02-17 09:06:06
1645088766289951000,94.0,2,94.0,16,94.1,12,2,2022-02-17 09:06:06
1645088766945934000,94.0,1,94.0,16,94.1,13,2,2022-02-17 09:06:06
1645088767368836000,94.0,1,94.0,17,94.1,14,2,2022-02-17 09:06:07
1645088767407084000,94.0,2,94.0,15,94.1,14,2,2022-02-17 09:06:07
1645088767493019000,94.1,2,94.0,15,94.1,12,1,2022-02-17 09:06:07
1645088767745888000,94.0,10,94.0,5,94.1,14,2,2022-02-17 09:06:07
1645088767857596000,94.1,2,94.0,5,94.1,12,1,2022-02-17 09:06:07
1645088768365214000,94.0,1,94.0,5,94.1,14,2,2022-02-17 09:06:08
1645088768891079000,94.0,2,94.0,5,94.1,14,2,2022-02-17 09:06:08
1645088769072595000,94.1,1,94.0,5,94.1,13,1,2022-02-17 09:06:09
1645088769304903000,94.0,1,94.0,9,94.1,13,2,2022-02-17 09:06:09
1645088769323698000,94.0,1,94.0,8,94.1,13,2,2022-02-17 09:06:09
1645088769474557000,94.0,1,94.0,17,94.1,13,2,2022-02-17 09:06:09
1645088769834486000,94.1,1,94.0,18,94.1,12,1,2022-02-17 09:06:09
1645088770137619000,94.0,2,94.0,17,94.1,12,2,2022-02-17 09:06:10
1645088770726221000,94.0,5,94.0,14,94.1,12,2,2022-02-17 09:06:10
1645088771221658000,94.1,2,94.0,14,94.1,10,1,2022-02-17 09:06:11
1645088771380471000,94.0,1,94.0,16,94.1,10,2,2022-02-17 09:06:11
1645088771502857000,94.0,1,94.0,15,94.1,10,2,2022-02-17 09:06:11
1645088771569187000,94.1,1,94.0,15,94.1,9,1,2022-02-17 09:06:11
1645088771933678000,94.0,1,94.0,14,94.1,10,2,2022-02-17 09:06:11
1645088775013110000,94.0,1,94.0,38,94.1,19,2,2022-02-17 09:06:15
1645088775555329000,94.0,10,94.0,27,94.1,19,2,2022-02-17 09:06:15
1645088775786388000,94.1,1,94.0,28,94.1,18,1,2022-02-17 09:06:15
1645088776005007000,94.1,3,94.0,28,94.1,15,1,2022-02-17 09:06:16
1645088777114246000,94.1,2,94.0,30,94.1,13,1,2022-02-17 09:06:17
1645088777243259000,94.1,5,94.0,31,94.1,8,1,2022-02-17 09:06:17
1645088777271192000,94.1,8,94.0,31,94.2,22,1,2022-02-17 09:06:17
1645088778139813000,94.1,3,94.0,37,94.2,22,1,2022-02-17 09:06:18
1645088779929224000,94.2,1,94.1,2,94.2,21,1,2022-02-17 09:06:19
1645088780295296000,94.2,3,94.1,2,94.2,25,1,2022-02-17 09:06:20
1645088780330155000,94.1,1,94.1,1,94.2,25,2,2022-02-17 09:06:20
1645088781726979000,94.1,2,94.0,36,94.2,27,2,2022-02-17 09:06:21
1645088781726979000,94.0,8,94.0,36,94.2,27,2,2022-02-17 09:06:21
1645088781842870000,94.2,1,94.0,37,94.2,26,1,2022-02-17 09:06:21
1645088782006108000,94.1,1,94.0,37,94.2,26,2,2022-02-17 09:06:22
1645088782349741000,94.2,1,94.1,2,94.2,25,1,2022-02-17 09:06:22
1645088782380441000,94.1,2,94.0,36,94.2,25,2,2022-02-17 09:06:22
1645088783273860000,94.2,2,94.1,1,94.2,23,1,2022-02-17 09:06:23
1645088783440280000,94.2,5,94.1,1,94.2,18,1,2022-02-17 09:06:23
1645088783743408000,94.1,1,94.0,35,94.2,18,2,2022-02-17 09:06:23
1645088783743408000,94.0,4,94.0,35,94.2,18,2,2022-02-17 09:06:23
1645088784042897000,94.2,1,94.0,35,94.2,17,1,2022-02-17 09:06:24
1645088784258019000,94.1,1,94.0,35,94.1,1,1,2022-02-17 09:06:24
1645088784668819000,94.1,1,94.1,1,94.2,17,1,2022-02-17 09:06:24
1645088785352128000,94.1,2,94.0,35,94.2,17,2,2022-02-17 09:06:25
1645088785548647000,94.2,1,94.1,2,94.2,16,1,2022-02-17 09:06:25
1645088786013797000,94.1,1,94.1,1,94.2,16,2,2022-02-17 09:06:26
1645088786340971000,94.1,1,94.0,41,94.1,9,2,2022-02-17 09:06:26
1645088786435825000,94.1,1,94.0,41,94.1,8,1,2022-02-17 09:06:26
1645088786454866000,94.1,1,94.0,41,94.1,7,1,2022-02-17 09:06:26
1645088787143898000,94.1,2,94.0,41,94.1,8,1,2022-02-17 09:06:27
1645088787371384000,94.1,1,94.0,42,94.1,8,1,2022-02-17 09:06:27
1645088787716206000,94.0,20,94.0,23,94.1,8,2,2022-02-17 09:06:27
1645088787748510000,94.0,23,93.9,40,94.1,8,2,2022-02-17 09:06:27
1645088787842285000,94.1,2,93.9,40,94.1,6,1,2022-02-17 09:06:27
1645088787960733000,94.1,1,93.9,40,94.1,5,1,2022-02-17 09:06:27
1645088788249357000,94.0,1,93.9,26,94.1,5,2,2022-02-17 09:06:28
1645088788249357000,93.9,14,93.9,26,94.1,5,2,2022-02-17 09:06:28
1645088788296475000,94.1,3,93.9,26,94.1,3,1,2022-02-17 09:06:28
1645088788737402000,94.0,6,93.9,26,94.0,6,1,2022-02-17 09:06:28
1645088788780279000,94.0,2,93.9,26,94.0,4,1,2022-02-17 09:06:28
1645088789004588000,94.0,2,93.9,26,94.0,3,1,2022-02-17 09:06:29
1645088789650595000,94.0,1,93.9,26,94.0,2,1,2022-02-17 09:06:29
1645088789801246000,94.0,1,93.9,26,94.0,1,1,2022-02-17 09:06:29
1645088790078306000,94.0,1,93.9,26,94.1,5,1,2022-02-17 09:06:30
1645088790338336000,94.0,1,93.9,26,94.1,5,1,2022-02-17 09:06:30
1645088790635088000,94.0,1,93.9,26,94.1,5,2,2022-02-17 09:06:30
1645088791835926000,94.1,1,94.0,3,94.1,7,1,2022-02-17 09:06:31
1645088792544299000,94.0,3,93.9,27,94.1,15,2,2022-02-17 09:06:32
1645088793320828000,94.0,1,93.9,28,94.0,2,1,2022-02-17 09:06:33
1645088793526926000,94.0,1,93.9,28,94.0,11,1,2022-02-17 09:06:33
1645088793950215000,94.0,2,93.9,28,94.0,13,1,2022-02-17 09:06:33
1645088793968563000,94.0,6,93.9,28,94.0,7,1,2022-02-17 09:06:33
