ts,close,volume,bid_price,bid_volume,ask_price,ask_volume,tick_type,datetime
1646730002119341000,25.2,727,25.15,1,25.2,84,1,2022-03-08 09:00:02
1646730002187062000,25.2,9,25.1,6,25.2,75,1,2022-03-08 09:00:02
1646730002321194000,25.1,6,25.0,1,25.2,75,2,2022-03-08 09:00:02
1646730002321194000,25.05,3,25.0,1,25.2,75,2,2022-03-08 09:00:02
1646730002321194000,25.0,11,25.0,1,25.2,75,2,2022-03-08 09:00:02
1646730002352946000,25.0,1,24.9,1,25.2,75,2,2022-03-08 09:00:02
1646730002353742000,25.2,1,25.0,1,25.2,74,1,2022-03-08 09:00:02
1646730002377638000,25.0,1,24.8,3,25.2,74,2,2022-03-08 09:00:02
1646730002377638000,24.9,1,24.8,3,25.2,74,2,2022-03-08 09:00:02
1646730002462519000,24.8,1,24.8,2,25.2,74,2,2022-03-08 09:00:02
1646730002466707000,24.8,2,24.7,1,25.2,74,2,2022-03-08 09:00:02
1646730002466707000,24.7,3,24.7,1,25.2,74,2,2022-03-08 09:00:02
1646730002692099000,24.7,1,24.65,1,24.7,20,2,2022-03-08 09:00:02
1646730002719473000,24.7,20,24.65,1,25.0,2,1,2022-03-08 09:00:02
1646730002831751000,24.65,1,24.6,6,25.0,2,2,2022-03-08 09:00:02
1646730002831751000,24.6,19,24.6,6,25.0,2,2,2022-03-08 09:00:02
1646730003061964000,24.6,3,24.6,3,25.0,2,2,2022-03-08 09:00:03
1646730003328077000,24.6,2,24.6,1,25.0,2,2,2022-03-08 09:00:03
1646730003421652000,24.6,1,24.55,5,25.0,2,2,2022-03-08 09:00:03
1646730003711905000,24.55,1,24.55,4,25.0,2,2,2022-03-08 09:00:03
1646730003914602000,24.6,1,24.5,8,24.95,1,2,2022-03-08 09:00:03
1646730003914602000,24.55,4,24.5,8,24.95,1,2,2022-03-08 09:00:03
1646730004171690000,24.5,1,24.5,7,24.9,21,2,2022-03-08 09:00:04
1646730004536734000,24.5,1,24.5,6,24.9,21,2,2022-03-08 09:00:04
1646730006242781000,24.6,2,24.6,3,24.85,10,2,2022-03-08 09:00:06
1646730006366385000,24.6,1,24.6,2,24.85,10,2,2022-03-08 09:00:06
1646730006518849000,24.8,1,24.6,2,24.85,10,2,2022-03-08 09:00:06
1646730007232894000,24.75,1,24.6,2,24.85,12,1,2022-03-08 09:00:07
1646730007232894000,24.85,1,24.6,2,24.85,12,1,2022-03-08 09:00:07
1646730007268561000,24.6,1,24.6,1,24.85,12,2,2022-03-08 09:00:07
1646730007509528000,24.65,1,24.55,1,24.85,12,2,2022-03-08 09:00:07
1646730007509528000,24.6,1,24.55,1,24.85,12,2,2022-03-08 09:00:07
1646730007573646000,24.7,1,24.55,1,24.8,1,2,2022-03-08 09:00:07
1646730007915478000,24.5,1,24.5,5,24.8,1,2,2022-03-08 09:00:07
1646730008176850000,24.5,1,24.5,5,24.8,1,2,2022-03-08 09:00:08
1646730008761613000,24.8,1,24.5,6,24.85,12,1,2022-03-08 09:00:08
1646730009427965000,24.85,12,24.5,6,24.9,18,1,2022-03-08 09:00:09
1646730009427965000,24.9,2,24.5,6,24.9,18,1,2022-03-08 09:00:09
1646730009506278000,24.9,1,24.55,1,24.9,17,1,2022-03-08 09:00:09
1646730009707921000,24.9,10,24.6,1,24.9,7,1,2022-03-08 09:00:09
1646730011425615000,24.9,3,24.8,5,24.9,9,1,2022-03-08 09:00:11
1646730011454894000,24.8,3,24.8,2,24.9,9,2,2022-03-08 09:00:11
1646730012158826000,24.9,1,24.8,4,24.9,8,1,2022-03-08 09:00:12
1646730012193330000,24.9,4,24.8,4,24.9,4,1,2022-03-08 09:00:12
1646730012224665000,24.9,4,24.8,4,24.95,22,1,2022-03-08 09:00:12
1646730013419687000,24.95,10,24.9,5,24.95,11,1,2022-03-08 09:00:13
1646730013452308000,24.95,11,24.9,5,25.0,23,1,2022-03-08 09:00:13
1646730013595446000,25.0,1,24.9,5,25.0,22,1,2022-03-08 09:00:13
1646730014340602000,25.0,1,24.9,7,25.0,21,1,2022-03-08 09:00:14
1646730014573058000,25.0,1,24.9,10,25.0,20,1,2022-03-08 09:00:14
1646730014683086000,25.0,2,24.95,1,25.0,18,1,2022-03-08 09:00:14
1646730015168446000,25.0,2,24.95,3,25.0,16,1,2022-03-08 09:00:15
1646730015223297000,24.95,1,24.95,2,25.0,16,2,2022-03-08 09:00:15
1646730015305002000,25.0,2,24.95,2,25.0,14,1,2022-03-08 09:00:15
1646730015508281000,24.95,1,24.95,1,25.0,14,2,2022-03-08 09:00:15
1646730015547542000,25.0,1,24.95,3,25.0,13,1,2022-03-08 09:00:15
1646730015800281000,25.0,2,24.95,3,25.0,11,1,2022-03-08 09:00:15
1646730015810501000,24.95,1,24.95,2,25.0,11,2,2022-03-08 09:00:15
1646730015811572000,25.0,4,24.95,2,25.0,7,1,2022-03-08 09:00:15
1646730015817278000,25.0,4,24.95,2,25.0,3,1,2022-03-08 09:00:15
1646730016375885000,25.0,3,25.0,7,25.05,1,1,2022-03-08 09:00:16
1646730016509437000,25.05,1,25.0,7,25.1,27,1,2022-03-08 09:00:16
1646730016616730000,25.0,1,25.0,6,25.1,27,2,2022-03-08 09:00:16
1646730016743263000,25.0,1,25.0,5,25.1,27,2,2022-03-08 09:00:16
1646730016795013000,25.1,10,25.0,5,25.1,17,1,2022-03-08 09:00:16
1646730017195828000,25.0,5,24.95,2,25.0,5,2,2022-03-08 09:00:17
1646730017233765000,25.0,2,24.95,2,25.0,3,1,2022-03-08 09:00:17
1646730017254308000,25.0,3,24.95,3,25.1,17,1,2022-03-08 09:00:17
1646730017618490000,25.0,2,24.95,3,25.0,3,2,2022-03-08 09:00:17
1646730017631145000,24.95,2,24.95,1,25.0,3,2,2022-03-08 09:00:17
1646730017762374000,25.0,1,24.95,1,25.0,2,1,2022-03-08 09:00:17
1646730018039379000,25.0,1,24.95,1,25.0,1,1,2022-03-08 09:00:18
1646730018123811000,25.0,1,24.95,1,25.1,18,1,2022-03-08 09:00:18
1646730018781804000,25.1,10,25.0,2,25.1,8,1,2022-03-08 09:00:18
1646730018899017000,25.0,2,24.85,2,25.1,8,2,2022-03-08 09:00:18
1646730018899017000,24.95,4,24.85,2,25.1,8,2,2022-03-08 09:00:18
1646730018899017000,24.9,19,24.85,2,25.1,8,2,2022-03-08 09:00:18
1646730018915004000,25.1,4,24.85,2,25.1,4,1,2022-03-08 09:00:18
1646730019410507000,25.1,1,25.05,1,25.1,3,1,2022-03-08 09:00:19
1646730020404607000,25.1,1,25.05,1,25.1,22,1,2022-03-08 09:00:20
1646730020413964000,25.05,1,25.0,5,25.1,22,2,2022-03-08 09:00:20
1646730020715932000,25.1,1,25.0,5,25.1,21,1,2022-03-08 09:00:20
1646730021313654000,25.0,6,24.95,1,25.05,20,2,2022-03-08 09:00:21
1646730021611986000,25.05,1,24.95,7,25.05,20,1,2022-03-08 09:00:21
1646730022024598000,25.05,1,24.95,7,25.05,19,1,2022-03-08 09:00:22
1646730022089438000,25.05,5,24.95,7,25.05,14,1,2022-03-08 09:00:22
1646730022355286000,25.0,5,24.95,7,25.0,5,2,2022-03-08 09:00:22
1646730022387186000,25.0,1,24.95,7,25.0,4,1,2022-03-08 09:00:22
1646730022464971000,25.0,4,24.95,7,25.1,20,1,2022-03-08 09:00:22
1646730022464971000,25.05,15,24.95,7,25.1,20,1,2022-03-08 09:00:22
1646730022464971000,25.1,2,24.95,7,25.1,20,1,2022-03-08 09:00:22
1646730022660188000,24.95,1,24.95,6,25.1,20,2,2022-03-08 09:00:22
1646730022712140000,24.95,1,24.95,5,25.0,1,2,2022-03-08 09:00:22
1646730022779856000,25.0,1,24.95,5,25.1,20,1,2022-03-08 09:00:22
1646730023409330000,25.1,1,25.0,10,25.1,19,1,2022-03-08 09:00:23
1646730024085370000,25.05,1,25.05,1,25.1,19,1,2022-03-08 09:00:24
1646730024117530000,25.05,1,25.0,11,25.1,19,2,2022-03-08 09:00:24
1646730024237872000,25.1,2,25.0,15,25.1,17,1,2022-03-08 09:00:24
1646730024364551000,25.1,6,25.0,16,25.1,11,1,2022-03-08 09:00:24
1646730024557514000,25.1,1,25.0,16,25.1,10,1,2022-03-08 09:00:24
1646730025051484000,25.1,1,25.0,19,25.1,9,1,2022-03-08 09:00:25
1646730025087966000,25.1,9,25.0,19,25.15,19,1,2022-03-08 09:00:25
1646730025087966000,25.15,1,25.0,19,25.15,19,1,2022-03-08 09:00:25
1646730025382109000,25.05,1,25.0,19,25.05,9,2,2022-03-08 09:00:25
1646730025408876000,25.05,9,25.0,19,25.15,19,1,2022-03-08 09:00:25
1646730025799898000,25.0,1,25.0,18,25.15,19,2,2022-03-08 09:00:25
1646730025900758000,25.0,17,25.0,1,25.15,19,2,2022-03-08 09:00:25
1646730026153021000,25.0,1,24.95,207,25.15,19,2,2022-03-08 09:00:26
1646730026314235000,25.15,4,25.05,1,25.15,15,1,2022-03-08 09:00:26
1646730026349912000,25.15,1,25.05,1,25.15,14,1,2022-03-08 09:00:26
1646730026734034000,25.1,2,25.1,8,25.15,14,2,2022-03-08 09:00:26
1646730026999532000,25.15,5,25.1,12,25.15,9,1,2022-03-08 09:00:26
1646730028485802000,25.15,1,25.1,13,25.15,11,1,2022-03-08 09:00:28
1646730028588532000,25.1,3,25.1,10,25.15,11,2,2022-03-08 09:00:28
1646730028797771000,25.1,1,25.1,9,25.15,11,2,2022-03-08 09:00:28
1646730029110984000,25.15,2,25.1,9,25.15,6,1,2022-03-08 09:00:29
1646730029304119000,25.15,1,25.1,9,25.15,5,1,2022-03-08 09:00:29
1646730029469522000,25.1,3,25.1,6,25.15,5,2,2022-03-08 09:00:29
1646730029607789000,25.1,5,25.1,2,25.15,5,2,2022-03-08 09:00:29
1646730029614458000,25.1,2,24.95,177,25.15,5,2,2022-03-08 09:00:29
1646730029614458000,25.05,28,24.95,177,25.15,5,2,2022-03-08 09:00:29
1646730029614458000,25.0,15,24.95,177,25.15,5,2,2022-03-08 09:00:29
1646730029614458000,24.95,35,24.95,177,25.15,5,2,2022-03-08 09:00:29
1646730029657373000,25.0,1,24.95,18,25.1,1,2,2022-03-08 09:00:29
1646730029657373000,24.95,19,24.95,18,25.1,1,2,2022-03-08 09:00:29
1646730030020905000,25.1,2,25.1,3,25.15,6,1,2022-03-08 09:00:30
1646730030052655000,25.1,3,24.95,18,25.15,6,2,2022-03-08 09:00:30
1646730030218971000,25.1,1,25.0,2,25.1,2,1,2022-03-08 09:00:30
1646730030408081000,25.1,1,25.0,2,25.1,1,1,2022-03-08 09:00:30
1646730030761717000,25.1,1,25.0,4,25.15,7,1,2022-03-08 09:00:30
1646730032266260000,25.0,5,24.95,18,25.05,3,2,2022-03-08 09:00:32
1646730032570020000,24.95,6,24.95,13,25.05,3,2,2022-03-08 09:00:32
1646730032731142000,24.95,13,24.9,17,25.0,80,2,2022-03-08 09:00:32
1646730032765865000,24.9,5,24.9,12,25.0,80,2,2022-03-08 09:00:32
1646730032822814000,25.0,1,24.9,12,25.0,79,1,2022-03-08 09:00:32
1646730032848430000,25.0,1,24.9,12,25.0,78,1,2022-03-08 09:00:32
1646730033084291000,25.0,1,24.9,12,25.0,77,1,2022-03-08 09:00:33
1646730033142208000,25.0,1,24.9,12,25.0,76,1,2022-03-08 09:00:33
1646730033285308000,24.95,1,24.9,12,25.0,76,2,2022-03-08 09:00:33
1646730033318079000,24.9,2,24.9,10,25.0,76,2,2022-03-08 09:00:33
1646730033511078000,25.0,1,24.9,10,25.0,75,1,2022-03-08 09:00:33
1646730033895127000,25.0,1,24.9,11,25.0,74,1,2022-03-08 09:00:33
1646730033923050000,25.0,2,24.9,11,25.0,72,1,2022-03-08 09:00:33
1646730034405853000,24.95,7,24.9,11,24.95,3,2,2022-03-08 09:00:34
1646730034444118000,24.9,5,24.9,6,24.95,3,2,2022-03-08 09:00:34
1646730034477062000,24.9,6,24.85,2,24.95,3,2,2022-03-08 09:00:34
1646730035091041000,24.95,2,24.85,2,24.95,2,1,2022-03-08 09:00:35
1646730035757282000,24.85,2,24.8,9,24.9,40,2,2022-03-08 09:00:35
1646730035835155000,24.9,2,24.8,9,24.9,38,1,2022-03-08 09:00:35
1646730036907755000,24.85,1,24.8,11,24.9,38,1,2022-03-08 09:00:36
1646730036935544000,24.9,1,24.8,11,24.9,37,1,2022-03-08 09:00:36
1646730037142747000,24.9,2,24.8,11,24.9,35,1,2022-03-08 09:00:37
1646730037663457000,24.8,1,24.8,10,24.85,3,2,2022-03-08 09:00:37
1646730037757767000,24.8,1,24.8,9,24.85,3,2,2022-03-08 09:00:37
1646730038389232000,24.8,1,24.8,9,24.85,7,2,2022-03-08 09:00:38
1646730038699654000,24.8,1,24.8,8,24.85,7,2,2022-03-08 09:00:38
1646730038818266000,24.85,1,24.8,8,24.85,6,1,2022-03-08 09:00:38
1646730038828231000,24.8,5,24.8,3,24.85,6,2,2022-03-08 09:00:38
1646730038888449000,24.85,1,24.8,3,24.85,5,1,2022-03-08 09:00:38
1646730038946341000,24.85,1,24.8,3,24.85,4,1,2022-03-08 09:00:38
1646730039140324000,24.85,1,24.8,3,24.85,3,1,2022-03-08 09:00:39
1646730039450857000,24.85,1,24.8,3,24.85,2,1,2022-03-08 09:00:39
1646730039603518000,24.85,2,24.8,3,24.9,28,1,2022-03-08 09:00:39
1646730039603518000,24.9,8,24.8,3,24.9,28,1,2022-03-08 09:00:39
1646730039794936000,24.8,1,24.8,2,24.9,28,2,2022-03-08 09:00:39
1646730040462657000,24.85,1,24.8,2,24.9,27,1,2022-03-08 09:00:40
1646730040462657000,24.9,1,24.8,2,24.9,27,1,2022-03-08 09:00:40
1646730040536738000,24.85,1,24.8,2,24.9,27,1,2022-03-08 09:00:40
1646730040737180000,24.8,1,24.8,1,24.9,27,2,2022-03-08 09:00:40
1646730040986409000,24.9,1,24.8,1,24.9,26,1,2022-03-08 09:00:40
1646730041043861000,24.9,1,24.8,1,24.9,25,1,2022-03-08 09:00:41
1646730041659591000,24.85,1,24.8,1,24.9,25,2,2022-03-08 09:00:41
1646730041829913000,24.85,1,24.8,1,24.85,2,1,2022-03-08 09:00:41
1646730042465487000,24.85,1,24.8,1,24.85,1,1,2022-03-08 09:00:42
1646730042499383000,24.85,1,24.8,1,24.9,25,1,2022-03-08 09:00:42
1646730042578539000,24.8,1,24.65,18,24.9,25,2,2022-03-08 09:00:42
1646730042578539000,24.75,1,24.65,18,24.9,25,2,2022-03-08 09:00:42
1646730043255903000,24.8,1,24.65,20,24.85,1,1,2022-03-08 09:00:43
1646730043354844000,24.7,2,24.65,15,24.8,2,2,2022-03-08 09:00:43
1646730043354844000,24.65,3,24.65,15,24.8,2,2,2022-03-08 09:00:43
1646730043620240000,24.8,1,24.65,15,24.8,2,1,2022-03-08 09:00:43
1646730043717973000,24.8,2,24.65,15,24.9,29,1,2022-03-08 09:00:43
1646730043717973000,24.85,1,24.65,15,24.9,29,1,2022-03-08 09:00:43
1646730043717973000,24.9,2,24.65,15,24.9,29,1,2022-03-08 09:00:43
1646730044563308000,24.9,2,24.8,1,24.9,27,1,2022-03-08 09:00:44
1646730044659635000,24.8,1,24.65,15,24.9,27,2,2022-03-08 09:00:44
1646730044659635000,24.75,1,24.65,15,24.9,27,2,2022-03-08 09:00:44
1646730044659635000,24.7,3,24.65,15,24.9,27,2,2022-03-08 09:00:44
1646730045188586000,24.85,2,24.7,2,24.85,8,1,2022-03-08 09:00:45
1646730045620471000,24.85,2,24.7,2,24.85,6,1,2022-03-08 09:00:45
1646730045794728000,24.7,2,24.65,9,24.85,8,2,2022-03-08 09:00:45
1646730045794728000,24.65,6,24.65,9,24.85,8,2,2022-03-08 09:00:45
1646730045954535000,24.8,2,24.8,3,24.85,8,1,2022-03-08 09:00:45
1646730046158046000,24.8,1,24.8,2,24.85,8,2,2022-03-08 09:00:46
1646730046166338000,24.8,2,24.7,2,24.85,8,2,2022-03-08 09:00:46
1646730046311817000,24.7,1,24.7,1,24.85,8,2,2022-03-08 09:00:46
1646730046794459000,24.8,2,24.75,11,24.8,1,2,2022-03-08 09:00:46
1646730046810578000,24.8,1,24.75,16,24.85,6,1,2022-03-08 09:00:46
1646730046810578000,24.85,3,24.75,16,24.85,6,1,2022-03-08 09:00:46
1646730047336806000,24.85,1,24.75,16,24.85,5,1,2022-03-08 09:00:47
1646730048457380000,24.85,1,24.75,17,24.85,19,1,2022-03-08 09:00:48
1646730048931202000,24.85,1,24.75,17,24.85,18,1,2022-03-08 09:00:48
1646730049568091000,24.75,1,24.75,21,24.85,19,2,2022-03-08 09:00:49
1646730049805650000,24.75,1,24.75,11,24.85,19,2,2022-03-08 09:00:49
1646730050622005000,24.75,11,24.7,15,24.75,9,2,2022-03-08 09:00:50
1646730051017197000,24.75,1,24.7,20,24.75,8,1,2022-03-08 09:00:51
1646730051049617000,24.75,3,24.7,20,24.75,5,1,2022-03-08 09:00:51
1646730051228842000,24.75,1,24.7,20,24.75,4,1,2022-03-08 09:00:51
1646730051317907000,24.75,4,24.7,20,24.8,20,1,2022-03-08 09:00:51
1646730052244999000,24.8,2,24.75,1,24.8,18,1,2022-03-08 09:00:52
1646730052845673000,24.75,1,24.7,20,24.8,18,2,2022-03-08 09:00:52
1646730052956508000,24.75,1,24.75,1,24.8,28,2,2022-03-08 09:00:52
1646730056191652000,24.75,1,24.75,11,24.8,28,2,2022-03-08 09:00:56
1646730056349143000,24.75,1,24.75,10,24.8,28,2,2022-03-08 09:00:56
1646730058197882000,24.75,4,24.75,16,24.8,30,2,2022-03-08 09:00:58
1646730058228977000,24.75,10,24.75,6,24.8,30,2,2022-03-08 09:00:58
1646730058920223000,24.75,1,24.75,16,24.8,31,2,2022-03-08 09:00:58
1646730059024291000,24.8,1,24.75,20,24.8,30,1,2022-03-08 09:00:59
1646730059948182000,24.75,29,24.7,21,24.75,41,2,2022-03-08 09:00:59
1646730060132705000,24.75,1,24.7,21,24.75,40,1,2022-03-08 09:01:00
1646730060546270000,24.75,1,24.7,21,24.75,40,1,2022-03-08 09:01:00
1646730060619427000,24.75,1,24.7,21,24.75,40,1,2022-03-08 09:01:00
1646730060655544000,24.75,1,24.7,21,24.75,39,1,2022-03-08 09:01:00
1646730060799519000,24.7,2,24.7,19,24.75,42,2,2022-03-08 09:01:00
1646730061436397000,24.75,9,24.7,19,24.75,36,1,2022-03-08 09:01:01
1646730061586786000,24.75,1,24.7,19,24.75,36,1,2022-03-08 09:01:01
1646730061671257000,24.75,1,24.7,19,24.75,35,1,2022-03-08 09:01:01
1646730061749428000,24.7,15,24.7,4,24.75,35,2,2022-03-08 09:01:01
1646730061929812000,24.7,4,24.65,14,24.75,35,2,2022-03-08 09:01:01
1646730062188982000,24.75,1,24.65,14,24.75,34,1,2022-03-08 09:01:02
1646730062679735000,24.75,1,24.65,14,24.75,33,1,2022-03-08 09:01:02
1646730062713112000,24.75,1,24.65,14,24.75,32,1,2022-03-08 09:01:02
1646730062833702000,24.75,2,24.7,1,24.75,31,1,2022-03-08 09:01:02
1646730062969484000,24.75,1,24.7,1,24.75,30,1,2022-03-08 09:01:02
1646730062997907000,24.7,1,24.65,14,24.7,2,2,2022-03-08 09:01:02
1646730063034301000,24.7,2,24.65,14,24.75,30,1,2022-03-08 09:01:03
1646730063119315000,24.75,5,24.65,14,24.75,25,1,2022-03-08 09:01:03
1646730063122306000,24.75,23,24.65,14,24.75,2,1,2022-03-08 09:01:03
1646730063149467000,24.75,2,24.65,14,24.8,23,1,2022-03-08 09:01:03
1646730063221677000,24.7,1,24.65,14,24.7,2,1,2022-03-08 09:01:03
1646730063237051000,24.7,1,24.65,14,24.7,1,1,2022-03-08 09:01:03
1646730063254603000,24.7,1,24.65,14,24.8,23,1,2022-03-08 09:01:03
1646730063663591000,24.75,1,24.75,9,24.8,23,2,2022-03-08 09:01:03
1646730063756714000,24.75,2,24.75,7,24.8,23,2,2022-03-08 09:01:03
1646730064130672000,24.8,1,24.75,17,24.8,22,1,2022-03-08 09:01:04
1646730064281895000,24.75,10,24.75,7,24.8,22,2,2022-03-08 09:01:04
1646730064356643000,24.75,1,24.75,6,24.8,22,2,2022-03-08 09:01:04
1646730065333279000,24.75,2,24.75,4,24.8,22,2,2022-03-08 09:01:05
1646730065581012000,24.75,2,24.75,17,24.8,22,2,2022-03-08 09:01:05
1646730066118806000,24.8,1,24.75,29,24.8,21,1,2022-03-08 09:01:06
1646730067005083000,24.8,3,24.75,41,24.8,18,1,2022-03-08 09:01:07
1646730067231863000,24.8,19,24.8,1,24.85,41,1,2022-03-08 09:01:07
1646730067271095000,24.8,1,24.75,45,24.85,40,2,2022-03-08 09:01:07
1646730067620397000,24.8,3,24.75,44,24.8,1,1,2022-03-08 09:01:07
1646730067646729000,24.8,1,24.75,44,24.85,40,1,2022-03-08 09:01:07
1646730067683804000,24.85,10,24.75,44,24.85,30,1,2022-03-08 09:01:07
1646730068414343000,24.8,8,24.75,46,24.8,2,1,2022-03-08 09:01:08
1646730068449188000,24.8,2,24.75,46,24.85,30,1,2022-03-08 09:01:08
1646730069177914000,24.85,4,24.8,1,24.85,26,1,2022-03-08 09:01:09
1646730070097914000,24.85,2,24.8,2,24.85,24,1,2022-03-08 09:01:10
1646730070275585000,24.85,2,24.8,2,24.85,22,1,2022-03-08 09:01:10
1646730070362827000,24.8,2,24.75,46,24.8,3,2,2022-03-08 09:01:10
1646730070397678000,24.8,3,24.75,46,24.85,22,1,2022-03-08 09:01:10
1646730070537126000,24.85,3,24.8,1,24.85,19,1,2022-03-08 09:01:10
1646730071518426000,24.85,2,24.8,1,24.85,17,1,2022-03-08 09:01:11
1646730072308285000,24.85,1,24.8,13,24.85,16,1,2022-03-08 09:01:12
1646730072323842000,24.85,10,24.8,13,24.85,6,1,2022-03-08 09:01:12
1646730072355672000,24.85,6,24.8,13,24.9,45,1,2022-03-08 09:01:12
1646730072532067000,24.9,1,24.85,6,24.9,44,1,2022-03-08 09:01:12
1646730072598045000,24.9,2,24.85,6,24.9,42,1,2022-03-08 09:01:12
1646730073795289000,24.9,10,24.85,22,24.9,31,1,2022-03-08 09:01:13
1646730073817313000,24.9,3,24.85,22,24.9,28,1,2022-03-08 09:01:13
1646730074312009000,24.9,2,24.85,25,24.9,26,1,2022-03-08 09:01:14
1646730074485214000,24.9,1,24.85,25,24.9,25,1,2022-03-08 09:01:14
1646730074501606000,24.9,9,24.85,25,24.9,16,1,2022-03-08 09:01:14
1646730074519496000,24.9,3,24.85,25,24.9,13,1,2022-03-08 09:01:14
1646730074541831000,24.9,13,24.85,25,24.95,23,1,2022-03-08 09:01:14
1646730074869690000,24.95,1,24.9,7,24.95,22,1,2022-03-08 09:01:14
1646730074918468000,24.95,1,24.9,7,24.95,21,1,2022-03-08 09:01:14
1646730075045026000,24.9,2,24.9,5,24.95,21,2,2022-03-08 09:01:15
1646730075954232000,24.9,2,24.9,3,24.95,21,2,2022-03-08 09:01:15
1646730076172230000,24.95,5,24.9,4,24.95,16,1,2022-03-08 09:01:16
1646730077153091000,24.95,2,24.9,5,24.95,14,1,2022-03-08 09:01:17
1646730077593806000,24.95,3,24.9,5,24.95,11,1,2022-03-08 09:01:17
1646730078403127000,24.95,10,24.9,7,24.95,1,1,2022-03-08 09:01:18
1646730078717202000,24.95,1,24.95,1,25.0,41,1,2022-03-08 09:01:18
1646730079223861000,24.95,3,24.9,23,24.95,7,2,2022-03-08 09:01:19
1646730079490594000,24.95,7,24.95,3,25.0,81,1,2022-03-08 09:01:19
1646730080192849000,24.95,2,24.95,21,25.0,81,2,2022-03-08 09:01:20
1646730081369469000,25.0,3,24.95,27,25.0,78,1,2022-03-08 09:01:21
1646730081397545000,25.0,10,24.95,27,25.0,68,1,2022-03-08 09:01:21
1646730081459380000,25.0,1,24.95,27,25.0,67,1,2022-03-08 09:01:21
1646730081508400000,25.0,2,24.95,27,25.0,65,1,2022-03-08 09:01:21
1646730081734326000,24.95,3,24.95,24,25.0,65,2,2022-03-08 09:01:21
1646730081861835000,25.0,1,24.95,24,25.0,64,1,2022-03-08 09:01:21
1646730082135353000,25.0,5,24.95,24,25.0,59,1,2022-03-08 09:01:22
1646730082239041000,25.0,3,24.95,24,25.0,56,1,2022-03-08 09:01:22
1646730082259984000,25.0,3,24.95,24,25.0,53,1,2022-03-08 09:01:22
1646730082950232000,25.0,6,24.95,24,25.0,47,1,2022-03-08 09:01:22
1646730083142529000,25.0,3,24.95,24,25.0,44,1,2022-03-08 09:01:23
1646730083433934000,25.0,2,24.95,24,25.0,50,1,2022-03-08 09:01:23
1646730083824034000,25.0,10,24.95,24,25.0,41,1,2022-03-08 09:01:23
1646730083859399000,25.0,5,24.95,24,25.0,36,1,2022-03-08 09:01:23
1646730083967655000,25.0,5,24.95,24,25.0,31,1,2022-03-08 09:01:23
1646730084105131000,25.0,1,24.95,24,25.0,30,1,2022-03-08 09:01:24
1646730084448929000,25.0,1,24.95,24,25.0,29,1,2022-03-08 09:01:24
1646730084834513000,25.0,5,24.95,29,25.0,24,1,2022-03-08 09:01:24
1646730084902107000,25.0,1,24.95,29,25.0,23,1,2022-03-08 09:01:24
1646730084937637000,25.0,1,24.95,29,25.0,22,1,2022-03-08 09:01:24
1646730085118555000,25.0,10,24.95,29,25.0,12,1,2022-03-08 09:01:25
1646730085151405000,25.0,1,24.95,29,25.0,11,1,2022-03-08 09:01:25
1646730085323269000,25.0,1,24.95,29,25.0,10,1,2022-03-08 09:01:25
1646730085357561000,25.0,10,24.95,29,25.05,1,1,2022-03-08 09:01:25
1646730086071193000,25.0,1,25.0,19,25.05,1,2,2022-03-08 09:01:26
1646730086082803000,25.05,1,25.0,19,25.1,8,1,2022-03-08 09:01:26
1646730086082803000,25.1,1,25.0,19,25.1,8,1,2022-03-08 09:01:26
1646730086209390000,25.1,6,25.0,19,25.1,2,1,2022-03-08 09:01:26
1646730086698667000,25.1,2,25.1,2,25.15,86,1,2022-03-08 09:01:26
1646730086725717000,25.1,2,25.0,19,25.15,86,2,2022-03-08 09:01:26
1646730086918482000,25.1,2,25.0,20,25.1,3,1,2022-03-08 09:01:26
1646730087557840000,25.1,2,25.0,33,25.1,1,1,2022-03-08 09:01:27
1646730087668335000,25.0,2,25.0,31,25.1,1,2,2022-03-08 09:01:27
1646730088067953000,25.1,1,25.0,31,25.15,86,1,2022-03-08 09:01:28
1646730088847040000,25.15,1,25.0,33,25.15,85,1,2022-03-08 09:01:28
1646730088848681000,25.0,1,25.0,32,25.15,85,2,2022-03-08 09:01:28
1646730088909624000,25.1,1,25.0,32,25.15,85,2,2022-03-08 09:01:28
1646730089152161000,25.15,1,25.0,35,25.15,84,1,2022-03-08 09:01:29
1646730089411755000,25.0,2,25.0,33,25.15,84,2,2022-03-08 09:01:29
1646730089497147000,25.1,1,25.0,33,25.15,84,2,2022-03-08 09:01:29
1646730089849914000,25.1,2,25.0,34,25.1,8,1,2022-03-08 09:01:29
1646730089954463000,25.1,1,25.0,39,25.1,7,1,2022-03-08 09:01:29
1646730090047426000,25.1,1,25.0,39,25.1,6,1,2022-03-08 09:01:30
1646730090430544000,25.1,2,25.0,39,25.1,4,1,2022-03-08 09:01:30
1646730090672548000,25.1,1,25.0,39,25.1,11,1,2022-03-08 09:01:30
1646730090918333000,25.1,2,25.0,45,25.1,19,1,2022-03-08 09:01:30
1646730091025325000,25.1,3,25.0,45,25.1,16,1,2022-03-08 09:01:31
1646730091262889000,25.1,2,25.0,46,25.1,15,1,2022-03-08 09:01:31
1646730092085727000,25.05,2,25.0,47,25.05,18,1,2022-03-08 09:01:32
1646730092503752000,25.05,1,25.0,47,25.05,17,1,2022-03-08 09:01:32
1646730092761106000,25.05,1,25.0,47,25.05,16,1,2022-03-08 09:01:32
1646730092813331000,25.05,1,25.0,47,25.05,15,1,2022-03-08 09:01:32
1646730092873681000,25.0,1,25.0,46,25.05,15,2,2022-03-08 09:01:32
1646730093044899000,25.05,1,25.0,46,25.05,14,1,2022-03-08 09:01:33
1646730093339230000,25.05,5,25.0,47,25.05,9,1,2022-03-08 09:01:33
1646730093356608000,25.0,10,25.0,37,25.05,9,2,2022-03-08 09:01:33
1646730093438814000,25.05,5,25.0,37,25.05,4,1,2022-03-08 09:01:33
1646730093643412000,25.05,1,25.0,37,25.05,3,1,2022-03-08 09:01:33
1646730093731515000,25.0,3,25.0,34,25.05,3,2,2022-03-08 09:01:33
1646730093766537000,25.0,10,25.0,24,25.05,3,2,2022-03-08 09:01:33
1646730093799196000,25.0,6,25.0,19,25.05,3,2,2022-03-08 09:01:33
1646730093920853000,25.05,1,25.0,20,25.05,12,1,2022-03-08 09:01:33
1646730093937740000,25.05,12,25.0,20,25.1,104,1,2022-03-08 09:01:33
1646730093937740000,25.1,18,25.0,20,25.1,104,1,2022-03-08 09:01:33
1646730094206409000,25.05,1,25.0,20,25.1,103,1,2022-03-08 09:01:34
1646730094206409000,25.1,1,25.0,20,25.1,103,1,2022-03-08 09:01:34
1646730094471401000,25.1,5,25.0,21,25.1,98,1,2022-03-08 09:01:34
1646730095544433000,25.1,5,25.0,22,25.1,95,1,2022-03-08 09:01:35
1646730095568686000,25.1,1,25.0,22,25.1,94,1,2022-03-08 09:01:35
1646730095612277000,25.1,1,25.0,22,25.1,93,1,2022-03-08 09:01:35
1646730095879570000,25.1,1,25.05,1,25.1,92,1,2022-03-08 09:01:35
1646730095886684000,25.1,5,25.05,1,25.1,87,1,2022-03-08 09:01:35
1646730096139749000,25.1,1,25.05,1,25.1,86,1,2022-03-08 09:01:36
1646730096190297000,25.1,1,25.05,1,25.1,85,1,2022-03-08 09:01:36
1646730096878022000,25.1,5,25.05,2,25.1,80,1,2022-03-08 09:01:36
1646730096952239000,25.05,2,25.0,22,25.1,80,2,2022-03-08 09:01:36
1646730097279165000,25.1,2,25.05,1,25.1,80,1,2022-03-08 09:01:37
1646730097642412000,25.05,2,25.0,24,25.05,18,2,2022-03-08 09:01:37
1646730098708713000,25.05,2,25.0,27,25.05,36,1,2022-03-08 09:01:38
1646730098742383000,25.05,1,25.0,27,25.05,35,1,2022-03-08 09:01:38
1646730099041316000,25.05,1,25.0,28,25.05,34,1,2022-03-08 09:01:39
1646730099087239000,25.05,5,25.0,28,25.05,29,1,2022-03-08 09:01:39
1646730099449680000,25.0,27,24.95,22,25.05,40,2,2022-03-08 09:01:39
1646730099449680000,24.95,10,24.95,22,25.05,40,2,2022-03-08 09:01:39
1646730099463798000,25.05,4,24.95,22,25.05,36,1,2022-03-08 09:01:39
1646730099574150000,24.95,2,24.95,20,25.05,36,2,2022-03-08 09:01:39
1646730099852938000,25.05,2,24.95,20,25.05,34,1,2022-03-08 09:01:39
1646730099972262000,25.05,10,24.95,20,25.05,26,1,2022-03-08 09:01:39
1646730100001519000,25.05,4,24.95,20,25.05,22,1,2022-03-08 09:01:40
1646730100292856000,25.0,1,24.95,20,25.0,1,1,2022-03-08 09:01:40
1646730100695233000,25.0,3,24.95,20,25.0,8,1,2022-03-08 09:01:40
1646730101298906000,25.0,1,24.95,20,25.0,17,1,2022-03-08 09:01:41
1646730101406672000,25.0,2,24.95,22,25.0,15,1,2022-03-08 09:01:41
1646730101835199000,24.95,10,24.95,12,25.0,15,2,2022-03-08 09:01:41
1646730102013029000,24.95,2,24.95,10,25.0,15,2,2022-03-08 09:01:42
1646730102023090000,24.95,2,24.95,8,25.0,15,2,2022-03-08 09:01:42
1646730102191196000,25.0,10,24.95,8,25.0,5,1,2022-03-08 09:01:42
1646730102364283000,25.0,1,24.95,8,25.0,4,1,2022-03-08 09:01:42
1646730102446522000,25.0,1,24.95,8,25.0,3,1,2022-03-08 09:01:42
1646730102641985000,24.95,5,24.95,3,25.0,5,2,2022-03-08 09:01:42
1646730102680291000,24.95,3,24.9,170,24.95,2,2,2022-03-08 09:01:42
1646730102788649000,24.95,1,24.9,170,24.95,2,1,2022-03-08 09:01:42
1646730102990592000,24.95,1,24.9,171,24.95,1,1,2022-03-08 09:01:42
1646730103146564000,24.95,1,24.9,171,25.0,15,1,2022-03-08 09:01:43
1646730103472546000,25.0,2,24.9,172,25.0,13,1,2022-03-08 09:01:43
1646730103646170000,25.0,1,24.9,172,25.0,17,1,2022-03-08 09:01:43
1646730103713635000,25.0,19,24.9,172,25.05,22,1,2022-03-08 09:01:43
1646730103713635000,25.05,1,24.9,172,25.05,22,1,2022-03-08 09:01:43
1646730103775437000,24.9,3,24.9,169,25.05,22,2,2022-03-08 09:01:43
1646730103776308000,25.05,2,24.9,169,25.05,20,1,2022-03-08 09:01:43
1646730103991563000,25.05,1,24.9,179,25.05,19,1,2022-03-08 09:01:43
1646730104144438000,25.05,10,24.9,193,25.05,9,1,2022-03-08 09:01:44
1646730104310719000,25.0,1,24.9,193,25.05,9,2,2022-03-08 09:01:44
1646730104910541000,24.95,4,24.9,193,24.95,1,1,2022-03-08 09:01:44
1646730104962537000,24.9,5,24.9,188,24.95,1,2,2022-03-08 09:01:44
1646730105146257000,24.95,1,24.9,188,25.0,10,1,2022-03-08 09:01:45
1646730105180621000,24.9,20,24.9,48,25.0,10,2,2022-03-08 09:01:45
1646730105181973000,24.9,20,24.9,28,25.0,10,2,2022-03-08 09:01:45
1646730105183079000,24.9,20,24.9,8,25.0,10,2,2022-03-08 09:01:45
1646730105202273000,25.0,1,24.9,8,25.0,9,1,2022-03-08 09:01:45
1646730105217495000,24.9,8,24.85,38,25.0,9,2,2022-03-08 09:01:45
1646730105306427000,24.95,1,24.85,39,25.0,9,2,2022-03-08 09:01:45
1646730105485541000,24.95,1,24.85,39,25.0,11,2,2022-03-08 09:01:45
1646730106110846000,25.0,3,24.9,1,25.0,8,1,2022-03-08 09:01:46
1646730106751146000,24.95,3,24.9,4,25.0,8,1,2022-03-08 09:01:46
1646730106751146000,25.0,1,24.9,4,25.0,8,1,2022-03-08 09:01:46
1646730106805216000,25.0,1,24.9,4,25.0,12,1,2022-03-08 09:01:46
1646730106981252000,24.95,1,24.9,4,25.0,12,2,2022-03-08 09:01:46
1646730107247516000,24.95,1,24.9,5,24.95,5,1,2022-03-08 09:01:47
1646730107367312000,24.95,1,24.9,5,24.95,4,1,2022-03-08 09:01:47
1646730109204459000,24.95,1,24.9,6,24.95,10,1,2022-03-08 09:01:49
1646730109375378000,24.95,2,24.9,6,24.95,8,1,2022-03-08 09:01:49
1646730110158498000,24.95,1,24.9,5,24.95,8,1,2022-03-08 09:01:50
1646730110263620000,24.95,1,24.9,5,24.95,7,1,2022-03-08 09:01:50
1646730110276021000,24.95,1,24.9,5,24.95,6,1,2022-03-08 09:01:50
1646730110680356000,24.95,7,24.95,3,25.0,107,1,2022-03-08 09:01:50
1646730110703656000,24.95,3,24.9,5,25.0,107,2,2022-03-08 09:01:50
1646730111543201000,25.0,1,24.95,1,25.0,106,1,2022-03-08 09:01:51
1646730111680524000,24.95,1,24.9,5,25.0,106,2,2022-03-08 09:01:51
1646730111806223000,24.95,3,24.9,5,24.95,7,1,2022-03-08 09:01:51
1646730112697009000,24.95,1,24.9,5,24.95,9,1,2022-03-08 09:01:52
1646730112889062000,24.95,2,24.9,5,24.95,7,1,2022-03-08 09:01:52
1646730113323752000,24.95,1,24.9,5,24.95,9,1,2022-03-08 09:01:53
1646730113570071000,24.95,10,24.9,5,25.0,105,1,2022-03-08 09:01:53
1646730113761969000,24.95,1,24.9,5,24.95,9,1,2022-03-08 09:01:53
1646730113894826000,24.95,5,24.9,6,24.95,4,1,2022-03-08 09:01:53
1646730113989554000,24.95,4,24.95,6,25.0,96,1,2022-03-08 09:01:53
1646730114023830000,24.95,6,24.9,6,25.0,96,2,2022-03-08 09:01:54
1646730114239658000,24.95,1,24.9,6,25.0,96,1,2022-03-08 09:01:54
1646730114289484000,25.0,1,24.9,6,25.0,95,1,2022-03-08 09:01:54
1646730114296471000,24.9,1,24.9,5,25.0,95,2,2022-03-08 09:01:54
1646730115359460000,25.0,3,24.95,6,25.0,92,1,2022-03-08 09:01:55
1646730115625165000,25.0,5,24.95,17,25.0,87,1,2022-03-08 09:01:55
1646730115777209000,24.95,1,24.95,16,25.0,87,2,2022-03-08 09:01:55
1646730116119621000,24.95,1,24.95,15,25.0,87,2,2022-03-08 09:01:56
1646730116925612000,24.95,1,24.95,14,25.0,88,2,2022-03-08 09:01:56
1646730117123976000,24.95,14,24.9,10,25.0,88,2,2022-03-08 09:01:57
1646730117123976000,24.9,1,24.9,10,25.0,88,2,2022-03-08 09:01:57
1646730117616046000,25.0,1,24.9,10,25.0,95,1,2022-03-08 09:01:57
1646730118443925000,24.95,4,24.9,14,25.0,96,2,2022-03-08 09:01:58
1646730119064927000,24.9,10,24.9,6,25.0,96,2,2022-03-08 09:01:59
1646730119618304000,24.95,4,24.9,7,25.0,95,1,2022-03-08 09:01:59
1646730119618304000,25.0,1,24.9,7,25.0,95,1,2022-03-08 09:01:59
1646730119870967000,24.95,1,24.95,4,25.0,105,2,2022-03-08 09:01:59
1646730119986825000,24.95,4,24.9,5,25.0,105,2,2022-03-08 09:01:59
1646730119986825000,24.9,2,24.9,5,25.0,105,2,2022-03-08 09:01:59
1646730120861369000,24.9,1,24.9,5,24.95,12,2,2022-03-08 09:02:00
1646730121162727000,24.9,1,24.9,6,24.95,13,2,2022-03-08 09:02:01
1646730121239643000,24.9,6,24.85,29,24.95,13,2,2022-03-08 09:02:01
1646730121239643000,24.85,6,24.85,29,24.95,13,2,2022-03-08 09:02:01
1646730121263930000,24.95,1,24.85,29,24.95,12,1,2022-03-08 09:02:01
1646730121510495000,24.85,20,24.85,9,24.95,12,2,2022-03-08 09:02:01
1646730121512165000,24.85,9,24.8,28,24.85,11,2,2022-03-08 09:02:01
1646730121557823000,24.85,1,24.8,28,24.85,10,1,2022-03-08 09:02:01
1646730121675694000,24.85,5,24.8,29,24.85,5,1,2022-03-08 09:02:01
1646730122008483000,24.85,3,24.8,29,24.85,2,1,2022-03-08 09:02:02
1646730122029882000,24.85,2,24.8,29,24.9,1,1,2022-03-08 09:02:02
1646730122335757000,24.9,1,24.8,29,24.95,14,1,2022-03-08 09:02:02
1646730122611028000,24.9,1,24.8,29,24.95,19,2,2022-03-08 09:02:02
1646730124146209000,24.9,1,24.85,1,24.9,10,1,2022-03-08 09:02:04
1646730124527518000,24.9,1,24.85,1,24.9,16,1,2022-03-08 09:02:04
1646730124609236000,24.9,16,24.85,1,24.95,18,1,2022-03-08 09:02:04
1646730124609236000,24.95,4,24.85,1,24.95,18,1,2022-03-08 09:02:04
1646730125264008000,24.85,1,24.8,26,24.95,18,2,2022-03-08 09:02:05
1646730125264008000,24.8,4,24.8,26,24.95,18,2,2022-03-08 09:02:05
1646730125866423000,24.8,1,24.8,24,24.95,18,2,2022-03-08 09:02:05
1646730126488102000,24.9,1,24.8,24,24.95,20,2,2022-03-08 09:02:06
1646730126736335000,24.95,1,24.8,24,24.95,19,1,2022-03-08 09:02:06
1646730126898000000,24.95,10,24.8,24,24.95,9,1,2022-03-08 09:02:06
1646730127005298000,24.8,4,24.8,20,24.95,9,2,2022-03-08 09:02:07
1646730127066538000,24.8,1,24.8,19,24.95,9,2,2022-03-08 09:02:07
1646730128213174000,24.95,1,24.8,59,24.95,12,1,2022-03-08 09:02:08
1646730128625124000,24.8,1,24.8,68,24.9,10,2,2022-03-08 09:02:08
1646730128770074000,24.85,5,24.85,15,24.9,10,2,2022-03-08 09:02:08
1646730129079726000,24.85,1,24.85,14,24.9,10,2,2022-03-08 09:02:09
1646730129172287000,24.9,1,24.85,14,24.9,9,1,2022-03-08 09:02:09
1646730129663262000,24.9,10,24.85,14,24.9,1,1,2022-03-08 09:02:09
1646730129689187000,24.9,1,24.85,14,24.95,33,1,2022-03-08 09:02:09
1646730129689187000,24.95,1,24.85,14,24.95,33,1,2022-03-08 09:02:09
1646730131706199000,24.9,1,24.85,14,24.9,19,1,2022-03-08 09:02:11
1646730131910610000,24.9,2,24.85,14,24.9,17,1,2022-03-08 09:02:11
1646730132067017000,24.9,1,24.85,14,24.9,16,1,2022-03-08 09:02:12
1646730132222457000,24.9,1,24.85,15,24.9,15,1,2022-03-08 09:02:12
1646730132543486000,24.85,15,24.8,80,24.85,5,2,2022-03-08 09:02:12
1646730132783214000,24.85,2,24.8,80,24.85,3,1,2022-03-08 09:02:12
1646730133838046000,24.85,1,24.8,80,24.85,3,1,2022-03-08 09:02:13
1646730133895908000,24.85,3,24.8,80,24.9,8,1,2022-03-08 09:02:13
1646730133895908000,24.9,7,24.8,80,24.9,8,1,2022-03-08 09:02:13
1646730134985450000,24.85,1,24.8,80,24.9,9,1,2022-03-08 09:02:14
1646730135108801000,24.9,5,24.8,80,24.9,5,1,2022-03-08 09:02:15
1646730135497532000,24.8,4,24.8,86,24.9,5,2,2022-03-08 09:02:15
1646730135527097000,24.8,20,24.8,66,24.9,5,2,2022-03-08 09:02:15
1646730135528084000,24.8,20,24.8,46,24.9,5,2,2022-03-08 09:02:15
1646730135529285000,24.8,20,24.8,26,24.9,5,2,2022-03-08 09:02:15
1646730135530656000,24.8,20,24.8,6,24.9,5,2,2022-03-08 09:02:15
1646730135531956000,24.8,6,24.75,27,24.8,14,2,2022-03-08 09:02:15
1646730135566790000,24.8,2,24.75,27,24.8,12,1,2022-03-08 09:02:15
1646730135639830000,24.8,1,24.75,27,24.8,11,1,2022-03-08 09:02:15
1646730136181369000,24.8,1,24.75,27,24.8,10,1,2022-03-08 09:02:16
1646730137032520000,24.8,1,24.75,27,24.8,9,1,2022-03-08 09:02:17
1646730137290851000,24.8,1,24.75,27,24.8,8,1,2022-03-08 09:02:17
1646730137450004000,24.75,1,24.75,26,24.8,8,2,2022-03-08 09:02:17
1646730137521995000,24.8,2,24.75,26,24.8,6,1,2022-03-08 09:02:17
1646730137919407000,24.8,6,24.85,9,24.9,7,1,2022-03-08 09:02:17
1646730137919407000,24.85,5,24.85,9,24.9,7,1,2022-03-08 09:02:17
1646730138517255000,24.85,9,24.8,3,24.85,1,2,2022-03-08 09:02:18
1646730139019622000,24.85,1,24.8,3,24.9,5,1,2022-03-08 09:02:19
1646730139019622000,24.9,1,24.8,3,24.9,5,1,2022-03-08 09:02:19
1646730139038093000,24.8,1,24.8,2,24.9,5,2,2022-03-08 09:02:19
1646730139067789000,24.8,2,24.75,26,24.9,5,2,2022-03-08 09:02:19
1646730139313662000,24.85,1,24.75,26,24.9,5,1,2022-03-08 09:02:19
1646730139757636000,24.9,1,24.75,25,24.9,26,1,2022-03-08 09:02:19
1646730139826170000,24.9,1,24.75,25,24.9,25,1,2022-03-08 09:02:19
1646730139987527000,24.9,1,24.75,26,24.9,24,1,2022-03-08 09:02:19
1646730140519454000,24.9,1,24.75,26,24.9,23,1,2022-03-08 09:02:20
1646730140727741000,24.75,10,24.75,16,24.9,27,2,2022-03-08 09:02:20
1646730140758456000,24.75,16,24.7,37,24.9,27,2,2022-03-08 09:02:20
1646730141114815000,24.85,1,24.75,4,24.85,3,1,2022-03-08 09:02:21
1646730141341506000,24.85,1,24.8,10,24.85,2,1,2022-03-08 09:02:21
1646730142133074000,24.8,3,24.8,7,24.85,9,2,2022-03-08 09:02:22
1646730142163495000,24.8,3,24.8,4,24.85,7,2,2022-03-08 09:02:22
1646730142262457000,24.85,1,24.8,4,24.85,6,1,2022-03-08 09:02:22
1646730142683624000,24.85,5,24.8,4,24.85,1,1,2022-03-08 09:02:22
1646730143952750000,24.85,3,24.85,1,24.9,27,1,2022-03-08 09:02:23
1646730144075040000,24.85,1,24.8,16,24.9,27,2,2022-03-08 09:02:24
1646730144821462000,24.9,1,24.85,5,24.9,26,1,2022-03-08 09:02:24
1646730145153922000,24.85,9,24.8,22,24.85,21,2,2022-03-08 09:02:25
1646730145175401000,24.85,1,24.8,22,24.85,20,1,2022-03-08 09:02:25
1646730145204677000,24.85,5,24.8,22,24.85,15,1,2022-03-08 09:02:25
1646730145229160000,24.85,3,24.8,22,24.85,12,1,2022-03-08 09:02:25
1646730145995408000,24.85,1,24.8,37,24.85,11,1,2022-03-08 09:02:25
1646730145996733000,24.85,11,24.8,37,24.9,26,1,2022-03-08 09:02:25
1646730146420303000,24.9,1,24.85,1,24.9,25,1,2022-03-08 09:02:26
1646730146567947000,24.85,1,24.8,38,24.85,4,2,2022-03-08 09:02:26
1646730146588066000,24.85,4,24.8,38,24.9,25,1,2022-03-08 09:02:26
1646730148448666000,24.9,1,24.85,5,24.9,24,1,2022-03-08 09:02:28
1646730148551174000,24.85,1,24.85,4,24.9,24,2,2022-03-08 09:02:28
1646730149067315000,24.9,10,24.85,4,24.9,14,1,2022-03-08 09:02:29
1646730149097457000,24.9,8,24.85,4,24.9,6,1,2022-03-08 09:02:29
1646730149130633000,24.9,6,24.85,4,24.95,26,1,2022-03-08 09:02:29
1646730150344956000,24.9,1,24.85,11,24.95,24,1,2022-03-08 09:02:30
1646730150344956000,24.95,2,24.85,11,24.95,24,1,2022-03-08 09:02:30
1646730150512992000,24.95,3,24.85,16,24.95,21,1,2022-03-08 09:02:30
1646730150539013000,24.95,1,24.85,16,24.95,20,1,2022-03-08 09:02:30
1646730151222678000,24.95,1,24.85,27,24.95,19,1,2022-03-08 09:02:31
1646730151242019000,24.95,3,24.85,27,24.95,16,1,2022-03-08 09:02:31
1646730151997154000,24.9,1,24.9,4,24.95,16,2,2022-03-08 09:02:31
1646730152291229000,24.95,1,24.9,4,24.95,15,1,2022-03-08 09:02:32
1646730152525153000,24.95,15,24.9,4,25.0,113,1,2022-03-08 09:02:32
1646730152889420000,24.9,4,24.85,29,25.0,113,2,2022-03-08 09:02:32
1646730153243086000,24.85,1,24.85,28,24.95,1,2,2022-03-08 09:02:33
1646730153895052000,24.95,1,24.9,1,25.0,103,1,2022-03-08 09:02:33
1646730154032244000,24.9,1,24.85,19,25.0,103,2,2022-03-08 09:02:34
1646730154032244000,24.85,19,24.85,19,25.0,103,2,2022-03-08 09:02:34
1646730156046573000,25.0,1,24.95,16,25.0,102,1,2022-03-08 09:02:36
1646730156084383000,24.95,1,24.95,15,25.0,102,2,2022-03-08 09:02:36
1646730156090015000,24.95,5,24.95,10,25.0,102,2,2022-03-08 09:02:36
1646730156507805000,24.95,4,24.95,6,25.0,102,2,2022-03-08 09:02:36
1646730156637744000,24.95,1,24.95,5,25.0,102,2,2022-03-08 09:02:36
1646730157253794000,25.0,2,24.9,46,25.0,101,1,2022-03-08 09:02:37
1646730157537110000,24.95,1,24.9,46,25.0,102,1,2022-03-08 09:02:37
1646730158530488000,24.9,10,24.9,36,24.95,1,2,2022-03-08 09:02:38
1646730159651521000,24.9,1,24.9,25,24.95,7,2,2022-03-08 09:02:39
1646730160409677000,24.95,1,24.9,25,24.95,6,1,2022-03-08 09:02:40
1646730160492492000,24.95,1,24.9,25,24.95,5,1,2022-03-08 09:02:40
1646730160516709000,24.9,3,24.9,22,24.95,5,2,2022-03-08 09:02:40
1646730161074376000,24.9,1,24.9,22,24.95,6,2,2022-03-08 09:02:41
1646730161231594000,24.95,6,24.9,22,25.0,103,1,2022-03-08 09:02:41
1646730161759812000,25.0,20,24.9,22,25.0,83,1,2022-03-08 09:02:41
1646730162314509000,25.0,50,24.9,22,25.0,33,1,2022-03-08 09:02:42
1646730162593982000,24.9,10,24.9,12,25.0,33,2,2022-03-08 09:02:42
1646730162998668000,25.0,5,24.9,12,25.0,28,1,2022-03-08 09:02:42
1646730163166864000,25.0,5,24.9,13,25.0,22,1,2022-03-08 09:02:43
1646730163935523000,25.0,22,25.0,18,25.05,11,1,2022-03-08 09:02:43
1646730164019610000,25.05,1,25.0,18,25.05,10,1,2022-03-08 09:02:44
1646730164208810000,25.05,1,25.0,18,25.05,9,1,2022-03-08 09:02:44
1646730164780183000,25.05,9,25.0,18,25.1,20,1,2022-03-08 09:02:44
1646730164780183000,25.1,1,25.0,18,25.1,20,1,2022-03-08 09:02:44
1646730164818284000,25.1,1,25.0,18,25.1,19,1,2022-03-08 09:02:44
1646730164836253000,25.1,4,25.0,18,25.1,15,1,2022-03-08 09:02:44
1646730164866138000,25.0,1,25.0,17,25.1,15,2,2022-03-08 09:02:44
1646730165353723000,25.1,10,25.05,6,25.1,5,1,2022-03-08 09:02:45
1646730165558590000,25.1,1,25.05,6,25.1,4,1,2022-03-08 09:02:45
1646730165881830000,25.05,16,25.0,23,25.05,4,2,2022-03-08 09:02:45
1646730165905164000,25.05,4,25.0,23,25.15,61,1,2022-03-08 09:02:45
1646730165905164000,25.1,4,25.0,23,25.15,61,1,2022-03-08 09:02:45
1646730165905164000,25.15,2,25.0,23,25.15,61,1,2022-03-08 09:02:45
1646730166422994000,25.1,20,25.1,30,25.15,61,2,2022-03-08 09:02:46
1646730166712560000,25.1,5,25.1,25,25.15,61,2,2022-03-08 09:02:46
1646730166722148000,25.15,5,25.1,25,25.15,56,1,2022-03-08 09:02:46
1646730166738674000,25.1,16,25.1,9,25.15,56,2,2022-03-08 09:02:46
1646730167224690000,25.15,30,25.1,10,25.15,26,1,2022-03-08 09:02:47
1646730167512226000,25.1,1,25.1,11,25.15,26,2,2022-03-08 09:02:47
1646730168014269000,25.15,4,25.1,3,25.15,22,1,2022-03-08 09:02:48
1646730168156528000,25.15,1,25.1,3,25.15,21,1,2022-03-08 09:02:48
1646730168224268000,25.15,1,25.1,3,25.15,20,1,2022-03-08 09:02:48
1646730168323562000,25.15,3,25.1,3,25.15,17,1,2022-03-08 09:02:48
1646730168535571000,25.15,1,25.1,3,25.15,26,1,2022-03-08 09:02:48
1646730168604236000,25.1,1,25.1,2,25.15,26,2,2022-03-08 09:02:48
1646730170522051000,25.1,1,25.1,3,25.15,26,2,2022-03-08 09:02:50
1646730171544464000,25.1,4,25.05,1,25.1,6,2,2022-03-08 09:02:51
1646730171550585000,25.1,2,25.05,1,25.1,4,1,2022-03-08 09:02:51
1646730171783133000,25.05,1,25.0,57,25.1,4,2,2022-03-08 09:02:51
1646730171783133000,25.0,1,25.0,57,25.1,4,2,2022-03-08 09:02:51
1646730172660762000,25.1,4,25.05,1,25.1,11,1,2022-03-08 09:02:52
1646730172737195000,25.1,1,25.05,1,25.1,10,1,2022-03-08 09:02:52
1646730172902386000,25.1,1,25.05,1,25.1,9,1,2022-03-08 09:02:52
1646730173071565000,25.1,1,25.05,1,25.1,13,1,2022-03-08 09:02:53
1646730173162274000,25.1,10,25.05,1,25.1,3,1,2022-03-08 09:02:53
1646730173179022000,25.1,3,25.05,1,25.15,41,1,2022-03-08 09:02:53
1646730173214215000,25.15,2,25.05,1,25.15,39,1,2022-03-08 09:02:53
1646730173376695000,25.15,2,25.05,1,25.15,37,1,2022-03-08 09:02:53
1646730173413951000,25.15,1,25.05,1,25.15,36,1,2022-03-08 09:02:53
1646730173766042000,25.1,1,25.05,1,25.1,2,1,2022-03-08 09:02:53
1646730174834143000,25.1,1,25.05,2,25.1,7,1,2022-03-08 09:02:54
1646730174991229000,25.1,5,25.05,2,25.1,7,1,2022-03-08 09:02:54
1646730175108403000,25.05,2,25.0,50,25.1,7,2,2022-03-08 09:02:55
1646730175108403000,25.0,1,25.0,50,25.1,7,2,2022-03-08 09:02:55
1646730176562170000,25.1,1,25.05,5,25.1,24,1,2022-03-08 09:02:56
1646730178268414000,25.1,1,25.05,3,25.1,26,1,2022-03-08 09:02:58
1646730178360669000,25.05,2,25.05,1,25.1,26,2,2022-03-08 09:02:58
1646730178466972000,25.1,1,25.05,1,25.1,25,1,2022-03-08 09:02:58
1646730178811399000,25.05,1,25.0,54,25.1,25,2,2022-03-08 09:02:58
1646730178822070000,25.1,1,25.0,54,25.1,24,1,2022-03-08 09:02:58
1646730178991429000,25.1,1,25.0,54,25.1,23,1,2022-03-08 09:02:58
1646730179104088000,25.1,5,25.0,54,25.1,20,1,2022-03-08 09:02:59
1646730180115213000,25.1,1,25.0,54,25.1,23,1,2022-03-08 09:03:00
1646730180237582000,25.05,4,25.0,54,25.05,6,1,2022-03-08 09:03:00
1646730180574186000,25.05,1,25.0,53,25.05,24,1,2022-03-08 09:03:00
1646730180610850000,25.05,1,25.0,53,25.05,23,1,2022-03-08 09:03:00
1646730180724839000,25.05,1,25.0,53,25.05,22,1,2022-03-08 09:03:00
1646730181005571000,25.05,1,25.0,53,25.05,21,1,2022-03-08 09:03:01
1646730181685520000,25.05,1,25.0,53,25.05,20,1,2022-03-08 09:03:01
1646730181706534000,25.0,1,25.0,52,25.05,20,2,2022-03-08 09:03:01
1646730181863142000,25.05,2,25.0,52,25.05,18,1,2022-03-08 09:03:01
1646730181936216000,25.0,1,25.0,51,25.05,18,2,2022-03-08 09:03:01
1646730182148362000,25.05,10,25.0,52,25.05,10,1,2022-03-08 09:03:02
1646730182397970000,25.05,1,25.0,52,25.05,9,1,2022-03-08 09:03:02
1646730182909735000,25.0,6,25.0,48,25.05,9,2,2022-03-08 09:03:02
1646730183422754000,25.05,1,25.0,48,25.05,14,1,2022-03-08 09:03:03
1646730183835747000,25.05,1,25.0,48,25.05,19,1,2022-03-08 09:03:03
1646730184884390000,25.0,1,25.0,51,25.05,22,2,2022-03-08 09:03:04
1646730185105428000,25.05,3,25.0,51,25.05,13,1,2022-03-08 09:03:05
1646730185719040000,25.0,5,25.0,51,25.05,16,2,2022-03-08 09:03:05
1646730185906703000,25.0,6,25.0,45,25.05,33,2,2022-03-08 09:03:05
1646730186050144000,25.0,17,25.0,30,25.05,17,2,2022-03-08 09:03:06
1646730186354743000,25.05,1,25.0,30,25.05,26,1,2022-03-08 09:03:06
1646730186732274000,25.0,1,25.0,29,25.05,26,2,2022-03-08 09:03:06
1646730187035298000,25.0,4,25.0,25,25.05,26,2,2022-03-08 09:03:07
1646730187046293000,25.0,2,25.0,23,25.05,26,2,2022-03-08 09:03:07
1646730187062036000,25.0,8,25.0,15,25.05,26,2,2022-03-08 09:03:07
1646730187062878000,25.0,10,25.0,5,25.05,26,2,2022-03-08 09:03:07
1646730187082763000,25.0,3,25.0,2,25.05,26,2,2022-03-08 09:03:07
1646730187102848000,25.0,2,24.95,8,25.05,26,2,2022-03-08 09:03:07
1646730187195717000,25.0,1,24.95,8,25.0,9,1,2022-03-08 09:03:07
1646730187337718000,25.0,1,24.95,8,25.0,18,1,2022-03-08 09:03:07
1646730187490615000,25.0,5,24.95,8,25.0,23,1,2022-03-08 09:03:07
1646730188397477000,25.0,1,24.95,8,25.0,111,1,2022-03-08 09:03:08
1646730188420432000,25.0,2,24.95,8,25.0,109,1,2022-03-08 09:03:08
1646730188918436000,24.95,1,24.95,7,25.0,109,2,2022-03-08 09:03:08
1646730189012494000,25.0,2,24.95,7,25.0,37,1,2022-03-08 09:03:09
1646730189488459000,25.0,1,24.95,7,25.0,65,1,2022-03-08 09:03:09
1646730189591472000,25.0,4,24.95,7,25.0,61,1,2022-03-08 09:03:09
1646730189688922000,24.95,1,24.95,6,25.0,61,2,2022-03-08 09:03:09
1646730189846494000,24.95,3,24.9,15,24.95,17,2,2022-03-08 09:03:09
1646730190510254000,24.95,1,24.9,14,24.95,20,1,2022-03-08 09:03:10
1646730190795718000,24.95,1,24.9,14,24.95,19,1,2022-03-08 09:03:10
1646730191104999000,24.95,1,24.9,14,24.95,18,1,2022-03-08 09:03:11
1646730191243833000,24.95,2,24.9,14,24.95,16,1,2022-03-08 09:03:11
1646730191813516000,24.9,5,24.9,9,24.95,37,2,2022-03-08 09:03:11
1646730192339475000,24.9,1,24.9,8,24.95,42,2,2022-03-08 09:03:12
1646730192650739000,24.9,1,24.9,7,24.95,42,2,2022-03-08 09:03:12
1646730193006562000,24.9,1,24.9,6,24.95,42,2,2022-03-08 09:03:13
1646730193947689000,24.9,1,24.9,6,24.95,42,2,2022-03-08 09:03:13
1646730194273830000,24.95,1,24.9,6,24.95,41,1,2022-03-08 09:03:14
1646730194929093000,24.9,2,24.9,4,24.95,41,2,2022-03-08 09:03:14
1646730195914882000,24.95,5,24.9,9,24.95,35,1,2022-03-08 09:03:15
1646730196419590000,24.95,1,24.9,9,24.95,34,1,2022-03-08 09:03:16
1646730197095561000,24.9,11,24.85,26,24.9,19,2,2022-03-08 09:03:17
1646730197121799000,24.9,7,24.85,26,24.9,12,1,2022-03-08 09:03:17
1646730197245035000,24.9,3,24.85,26,24.9,9,1,2022-03-08 09:03:17
1646730197334475000,24.9,2,24.85,26,24.9,7,1,2022-03-08 09:03:17
1646730197369645000,24.9,7,24.85,26,24.95,34,1,2022-03-08 09:03:17
1646730197708007000,24.95,2,24.85,26,24.95,32,1,2022-03-08 09:03:17
1646730198179522000,24.9,2,24.85,26,24.9,8,1,2022-03-08 09:03:18
1646730198195477000,24.9,1,24.85,26,24.9,7,1,2022-03-08 09:03:18
1646730198222751000,24.9,7,24.85,26,24.95,32,1,2022-03-08 09:03:18
1646730198532956000,24.95,2,24.85,26,24.95,30,1,2022-03-08 09:03:18
1646730198629418000,24.9,4,24.85,26,24.9,1,1,2022-03-08 09:03:18
1646730200340957000,24.9,1,24.85,81,24.9,11,1,2022-03-08 09:03:20
1646730242125329000,25.15,951,25.15,10,25.2,24,1,2022-03-08 09:04:02
1646730242149839000,25.15,10,25.1,4,25.2,24,2,2022-03-08 09:04:02
1646730242155545000,25.1,2,25.1,2,25.15,20,2,2022-03-08 09:04:02
1646730242185439000,25.1,2,25.05,15,25.1,18,2,2022-03-08 09:04:02
1646730243505622000,25.05,15,25.0,24,25.1,18,2,2022-03-08 09:04:03
1646730243505622000,25.0,10,25.0,24,25.1,18,2,2022-03-08 09:04:03
1646730243820000000,25.0,10,25.0,14,25.1,18,2,2022-03-08 09:04:03
1646730245683384000,25.05,2,25.0,15,25.1,17,1,2022-03-08 09:04:05
1646730245683384000,25.1,1,25.0,15,25.1,17,1,2022-03-08 09:04:05
1646730246081040000,25.05,5,25.0,15,25.05,4,1,2022-03-08 09:04:06
1646730246112857000,25.05,2,25.0,15,25.05,2,1,2022-03-08 09:04:06
1646730246252617000,25.0,10,25.0,5,25.05,2,2,2022-03-08 09:04:06
1646730246639015000,25.05,1,25.0,5,25.05,1,1,2022-03-08 09:04:06
1646730246702416000,25.0,5,24.95,9,25.0,5,2,2022-03-08 09:04:06
1646730246733492000,25.0,1,24.95,9,25.0,4,1,2022-03-08 09:04:06
1646730246795298000,25.0,1,24.95,9,25.0,3,1,2022-03-08 09:04:06
1646730246821234000,25.0,3,24.95,9,25.05,1,1,2022-03-08 09:04:06
1646730248669723000,25.0,1,24.95,9,25.0,3,1,2022-03-08 09:04:08
1646730249313582000,25.0,2,24.95,9,25.0,1,1,2022-03-08 09:04:09
1646730249347541000,25.0,1,24.95,9,25.05,12,1,2022-03-08 09:04:09
1646730251165555000,25.0,1,24.95,9,25.05,12,2,2022-03-08 09:04:11
1646730251246422000,24.95,2,24.95,7,25.0,5,2,2022-03-08 09:04:11
1646730251673614000,25.0,7,24.95,7,25.05,10,1,2022-03-08 09:04:11
1646730251673614000,25.05,2,24.95,7,25.05,10,1,2022-03-08 09:04:11
1646730251887411000,25.0,1,24.95,7,25.05,10,1,2022-03-08 09:04:11
1646730253500905000,25.0,1,24.95,8,25.0,1,2,2022-03-08 09:04:13
1646730254650885000,25.0,1,24.95,10,25.05,11,1,2022-03-08 09:04:14
1646730255064619000,25.05,10,25.0,1,25.05,1,1,2022-03-08 09:04:15
1646730255088271000,25.05,1,25.0,1,25.1,18,1,2022-03-08 09:04:15
1646730256185027000,25.0,1,24.95,15,25.0,9,2,2022-03-08 09:04:16
1646730256297728000,25.0,2,24.95,15,25.0,7,1,2022-03-08 09:04:16
1646730256328196000,25.0,3,24.95,15,25.0,4,1,2022-03-08 09:04:16
1646730256437169000,25.0,2,24.95,15,25.0,2,1,2022-03-08 09:04:16
1646730256464909000,25.0,2,24.95,15,25.1,18,1,2022-03-08 09:04:16
1646730256488120000,25.1,5,24.95,15,25.1,13,1,2022-03-08 09:04:16
1646730257315625000,25.0,2,25.0,8,25.1,13,2,2022-03-08 09:04:17
1646730257521789000,25.1,1,25.0,8,25.1,12,1,2022-03-08 09:04:17
1646730260443895000,25.05,1,25.0,7,25.1,22,2,2022-03-08 09:04:20
1646730260443895000,25.0,9,25.0,7,25.1,22,2,2022-03-08 09:04:20
1646730260784715000,25.0,1,25.0,7,25.1,22,2,2022-03-08 09:04:20
1646730260883001000,25.1,1,25.0,7,25.1,21,1,2022-03-08 09:04:20
1646730261141760000,25.05,1,25.0,7,25.05,5,1,2022-03-08 09:04:21
1646730262340207000,25.05,1,25.0,8,25.05,4,1,2022-03-08 09:04:22
1646730263371111000,25.0,1,25.0,10,25.05,6,2,2022-03-08 09:04:23
1646730264903523000,25.05,1,25.0,13,25.05,5,1,2022-03-08 09:04:24
1646730265031093000,25.0,1,25.0,13,25.05,5,2,2022-03-08 09:04:25
1646730265623105000,25.0,4,25.0,9,25.05,5,2,2022-03-08 09:04:25
1646730265764928000,25.05,1,25.0,9,25.05,4,1,2022-03-08 09:04:25
1646730265909675000,25.05,1,25.0,10,25.05,3,1,2022-03-08 09:04:25
1646730266574612000,25.0,3,25.0,57,25.05,3,2,2022-03-08 09:04:26
1646730267469728000,25.05,1,25.0,58,25.05,2,1,2022-03-08 09:04:27
1646730267505778000,25.05,1,25.0,58,25.05,1,1,2022-03-08 09:04:27
1646730267894343000,25.05,1,25.0,58,25.1,22,1,2022-03-08 09:04:27
1646730267958004000,25.1,1,25.0,58,25.1,21,1,2022-03-08 09:04:27
1646730270315820000,25.1,1,25.05,4,25.1,20,1,2022-03-08 09:04:30
1646730270505605000,25.05,4,25.0,62,25.1,20,2,2022-03-08 09:04:30
1646730270505605000,25.0,1,25.0,62,25.1,20,2,2022-03-08 09:04:30
1646730270840054000,25.0,1,25.0,71,25.1,20,2,2022-03-08 09:04:30
1646730270899479000,25.1,1,25.0,71,25.1,19,1,2022-03-08 09:04:30
1646730272286878000,25.1,1,25.05,2,25.1,18,1,2022-03-08 09:04:32
1646730272866105000,25.05,1,25.05,1,25.1,20,2,2022-03-08 09:04:32
1646730273618034000,25.05,1,25.0,71,25.1,20,2,2022-03-08 09:04:33
1646730274040118000,25.05,3,25.0,73,25.05,8,1,2022-03-08 09:04:34
1646730274115615000,25.05,1,25.0,75,25.05,7,1,2022-03-08 09:04:34
1646730275143133000,25.05,2,25.0,91,25.05,5,1,2022-03-08 09:04:35
1646730275177774000,25.05,1,25.0,91,25.05,4,1,2022-03-08 09:04:35
1646730275734565000,25.05,1,25.0,92,25.05,3,1,2022-03-08 09:04:35
1646730275751824000,25.05,1,25.0,92,25.05,2,1,2022-03-08 09:04:35
1646730275775053000,25.05,2,25.0,92,25.1,20,1,2022-03-08 09:04:35
1646730276178371000,25.1,3,25.0,92,25.1,17,1,2022-03-08 09:04:36
1646730276574334000,25.05,1,25.0,92,25.1,16,1,2022-03-08 09:04:36
1646730276574334000,25.1,1,25.0,92,25.1,16,1,2022-03-08 09:04:36
1646730277496769000,25.1,1,25.0,92,25.1,15,1,2022-03-08 09:04:37
1646730278602773000,25.05,1,25.05,2,25.1,15,2,2022-03-08 09:04:38
1646730278916909000,25.05,2,25.0,94,25.1,25,2,2022-03-08 09:04:38
1646730279223207000,25.0,37,25.0,42,25.1,25,2,2022-03-08 09:04:39
1646730279258957000,25.0,5,25.0,37,25.1,25,2,2022-03-08 09:04:39
1646730279299853000,25.0,1,25.0,36,25.1,25,2,2022-03-08 09:04:39
1646730279670404000,25.05,1,25.05,14,25.1,25,2,2022-03-08 09:04:39
1646730279789762000,25.05,1,25.05,13,25.1,25,2,2022-03-08 09:04:39
1646730280071821000,25.05,1,25.05,12,25.1,25,2,2022-03-08 09:04:40
1646730280219158000,25.05,12,25.0,42,25.05,3,2,2022-03-08 09:04:40
1646730280254016000,25.0,2,25.0,40,25.05,3,2,2022-03-08 09:04:40
1646730280411516000,25.05,1,25.0,40,25.05,2,1,2022-03-08 09:04:40
1646730280456716000,25.0,10,25.0,30,25.05,2,2,2022-03-08 09:04:40
1646730280490511000,25.0,2,25.0,28,25.05,2,2,2022-03-08 09:04:40
1646730280655632000,25.05,2,25.05,1,25.1,27,1,2022-03-08 09:04:40
1646730280693437000,25.05,1,25.0,28,25.1,27,2,2022-03-08 09:04:40
1646730280911116000,25.05,1,25.0,33,25.05,1,1,2022-03-08 09:04:40
1646730281152350000,25.0,1,25.0,33,25.05,11,2,2022-03-08 09:04:41
1646730281186506000,25.0,16,25.0,17,25.05,11,2,2022-03-08 09:04:41
1646730281218016000,25.0,3,25.0,14,25.05,11,2,2022-03-08 09:04:41
1646730281222127000,25.0,4,25.0,10,25.05,11,2,2022-03-08 09:04:41
1646730281718802000,25.0,10,24.95,19,25.0,5,2,2022-03-08 09:04:41
1646730281994359000,25.0,1,24.95,19,25.0,27,1,2022-03-08 09:04:41
1646730282829222000,24.95,1,24.95,18,25.0,35,2,2022-03-08 09:04:42
1646730282925191000,25.0,10,24.95,18,25.0,25,1,2022-03-08 09:04:42
1646730282959654000,24.95,1,24.95,17,25.0,25,2,2022-03-08 09:04:42
1646730283396326000,25.0,1,24.95,17,25.0,22,1,2022-03-08 09:04:43
1646730283404716000,24.95,2,24.95,15,25.0,22,2,2022-03-08 09:04:43
1646730284312428000,24.95,15,24.9,13,24.95,5,2,2022-03-08 09:04:44
1646730284566286000,24.95,1,24.9,13,24.95,4,1,2022-03-08 09:04:44
1646730285551479000,24.95,7,24.9,13,25.0,43,1,2022-03-08 09:04:45
1646730285551479000,25.0,3,24.9,13,25.0,43,1,2022-03-08 09:04:45
1646730287846072000,24.95,1,24.9,13,25.0,53,1,2022-03-08 09:04:47
1646730287909150000,24.9,13,24.85,73,24.9,7,2,2022-03-08 09:04:47
1646730288665845000,24.9,1,24.85,73,24.9,6,1,2022-03-08 09:04:48
1646730290762840000,24.9,2,24.85,72,24.9,6,1,2022-03-08 09:04:50
1646730291574932000,24.9,4,24.85,74,24.9,6,1,2022-03-08 09:04:51
1646730291876992000,24.9,1,24.85,74,24.9,5,1,2022-03-08 09:04:51
1646730292210429000,24.9,2,24.85,76,24.9,32,1,2022-03-08 09:04:52
1646730292834958000,24.9,2,24.85,76,24.9,40,1,2022-03-08 09:04:52
1646730293180647000,24.85,5,24.85,71,24.9,40,2,2022-03-08 09:04:53
1646730293233533000,24.85,4,24.85,67,24.9,40,2,2022-03-08 09:04:53
1646730293477414000,24.9,2,24.85,67,24.9,38,1,2022-03-08 09:04:53
1646730293598139000,24.9,3,24.85,54,24.9,35,1,2022-03-08 09:04:53
1646730293920920000,24.9,10,24.85,54,24.9,25,1,2022-03-08 09:04:53
1646730296069132000,24.9,1,24.85,55,24.9,29,1,2022-03-08 09:04:56
1646730296204017000,24.9,29,24.9,51,24.95,26,1,2022-03-08 09:04:56
1646730296380959000,24.9,1,24.9,51,24.95,26,2,2022-03-08 09:04:56
1646730296822793000,24.9,2,24.9,49,24.95,26,2,2022-03-08 09:04:56
1646730298281227000,24.95,2,24.9,54,24.95,29,1,2022-03-08 09:04:58
1646730298387282000,24.95,5,24.9,54,24.95,24,1,2022-03-08 09:04:58
1646730299327959000,24.95,3,24.9,54,24.95,21,1,2022-03-08 09:04:59
1646730300464598000,24.95,1,24.9,56,24.95,20,1,2022-03-08 09:05:00
1646730300497438000,24.95,1,24.9,56,24.95,19,1,2022-03-08 09:05:00
1646730300731837000,24.9,24,24.9,33,24.95,22,2,2022-03-08 09:05:00
1646730300737149000,24.9,26,24.9,7,24.95,22,2,2022-03-08 09:05:00
1646730300743844000,24.9,7,24.85,70,24.9,5,2,2022-03-08 09:05:00
1646730300763903000,24.9,5,24.9,5,24.95,22,1,2022-03-08 09:05:00
1646730389647852000,24.7,1108,24.7,10,24.75,249,2,2022-03-08 09:06:29
1646730389926968000,24.75,10,24.7,10,24.75,239,1,2022-03-08 09:06:29
1646730390097297000,24.7,4,24.7,6,24.75,239,2,2022-03-08 09:06:30
1646730390979674000,24.75,1,24.7,6,24.75,241,1,2022-03-08 09:06:30
1646730391303116000,24.7,2,24.7,14,24.75,241,2,2022-03-08 09:06:31
1646730392356429000,24.75,1,24.7,56,24.75,236,1,2022-03-08 09:06:32
1646730392710850000,24.75,1,24.7,56,24.75,235,1,2022-03-08 09:06:32
1646730393313482000,24.75,5,24.7,57,24.75,230,1,2022-03-08 09:06:33
1646730393350385000,24.75,5,24.7,57,24.75,225,1,2022-03-08 09:06:33
1646730393562549000,24.7,1,24.7,56,24.75,225,2,2022-03-08 09:06:33
1646730394017231000,24.75,5,24.7,57,24.75,220,1,2022-03-08 09:06:34
1646730394052840000,24.75,1,24.7,57,24.75,219,1,2022-03-08 09:06:34
1646730394219161000,24.75,5,24.7,57,24.75,214,1,2022-03-08 09:06:34
1646730394342262000,24.75,5,24.7,57,24.75,209,1,2022-03-08 09:06:34
1646730394366973000,24.75,1,24.7,57,24.75,208,1,2022-03-08 09:06:34
1646730395014108000,24.7,3,24.7,54,24.75,208,2,2022-03-08 09:06:35
1646730395504421000,24.7,1,24.7,53,24.75,208,2,2022-03-08 09:06:35
1646730397346692000,24.75,10,24.7,55,24.75,198,1,2022-03-08 09:06:37
1646730397440029000,24.75,2,24.7,55,24.75,196,1,2022-03-08 09:06:37
1646730397441903000,24.7,1,24.7,54,24.75,196,2,2022-03-08 09:06:37
1646730399537362000,24.75,10,24.7,60,24.75,187,1,2022-03-08 09:06:39
1646730400252586000,24.7,5,24.7,56,24.75,187,2,2022-03-08 09:06:40
1646730400981221000,24.7,3,24.7,54,24.75,188,2,2022-03-08 09:06:40
1646730401574096000,24.7,2,24.7,52,24.75,188,2,2022-03-08 09:06:41
1646730402253232000,24.7,50,24.7,2,24.75,188,2,2022-03-08 09:06:42
1646730402550789000,24.7,1,24.7,1,24.75,188,2,2022-03-08 09:06:42
1646730402723717000,24.75,8,24.7,1,24.75,180,1,2022-03-08 09:06:42
1646730403296152000,24.75,1,24.7,2,24.75,179,1,2022-03-08 09:06:43
1646730403585349000,24.7,2,24.65,88,24.7,8,2,2022-03-08 09:06:43
1646730403596746000,24.7,8,24.7,2,24.75,179,1,2022-03-08 09:06:43
1646730403955621000,24.7,1,24.7,1,24.75,179,2,2022-03-08 09:06:43
1646730405655243000,24.75,5,24.7,2,24.75,174,1,2022-03-08 09:06:45
1646730407030127000,24.7,3,24.7,6,24.75,171,2,2022-03-08 09:06:47
1646730407127235000,24.7,6,24.65,89,24.7,1,2,2022-03-08 09:06:47
1646730408878981000,24.7,1,24.65,89,24.7,2,1,2022-03-08 09:06:48
1646730410199923000,24.7,1,24.65,100,24.7,14,1,2022-03-08 09:06:50
1646730412639224000,24.65,1,24.65,106,24.7,18,2,2022-03-08 09:06:52
1646730412687315000,24.7,6,24.65,106,24.7,12,1,2022-03-08 09:06:52
1646730412867884000,24.7,1,24.65,106,24.7,11,1,2022-03-08 09:06:52
1646730412964158000,24.7,1,24.65,106,24.7,10,1,2022-03-08 09:06:52
1646730413333537000,24.7,1,24.65,106,24.7,9,1,2022-03-08 09:06:53
1646730413783638000,24.7,1,24.65,106,24.7,8,1,2022-03-08 09:06:53
1646730415059370000,24.7,1,24.65,106,24.7,48,1,2022-03-08 09:06:55
1646730415127519000,24.7,1,24.65,106,24.7,47,1,2022-03-08 09:06:55
1646730415485651000,24.7,1,24.65,106,24.7,46,1,2022-03-08 09:06:55
1646730416681285000,24.7,2,24.65,106,24.7,44,1,2022-03-08 09:06:56
1646730416754040000,24.7,2,24.65,106,24.7,43,1,2022-03-08 09:06:56
1646730417122047000,24.7,1,24.65,106,24.7,42,1,2022-03-08 09:06:57
1646730419345340000,24.65,20,24.65,86,24.7,42,2,2022-03-08 09:06:59
1646730420660346000,24.7,1,24.65,86,24.7,42,1,2022-03-08 09:07:00
1646730421945135000,24.65,3,24.65,82,24.7,52,2,2022-03-08 09:07:01
1646730422832671000,24.65,20,24.65,62,24.7,52,2,2022-03-08 09:07:02
1646730422834328000,24.65,20,24.65,42,24.7,52,2,2022-03-08 09:07:02
1646730422835641000,24.65,20,24.65,22,24.7,52,2,2022-03-08 09:07:02
1646730422836847000,24.65,20,24.65,2,24.7,52,2,2022-03-08 09:07:02
1646730422838105000,24.65,2,24.6,56,24.65,18,2,2022-03-08 09:07:02
1646730423715106000,24.65,6,24.6,56,24.65,12,1,2022-03-08 09:07:03
1646730424059590000,24.65,1,24.6,56,24.65,11,1,2022-03-08 09:07:04
1646730424660323000,24.6,1,24.6,55,24.65,21,2,2022-03-08 09:07:04
1646730424689162000,24.6,20,24.6,35,24.65,21,2,2022-03-08 09:07:04
1646730424691088000,24.6,20,24.6,15,24.65,21,2,2022-03-08 09:07:04
1646730424692798000,24.6,15,24.55,100,24.6,5,2,2022-03-08 09:07:04
1646730425120347000,24.6,1,24.55,101,24.6,29,1,2022-03-08 09:07:05
1646730425257454000,24.6,1,24.55,101,24.6,28,1,2022-03-08 09:07:05
1646730425615267000,24.55,10,24.55,91,24.6,33,2,2022-03-08 09:07:05
1646730425809013000,24.55,5,24.55,86,24.6,39,2,2022-03-08 09:07:05
1646730425845935000,24.55,1,24.55,85,24.6,39,2,2022-03-08 09:07:05
1646730425987360000,24.55,5,24.55,80,24.6,40,2,2022-03-08 09:07:05
1646730426018044000,24.55,11,24.55,69,24.6,40,2,2022-03-08 09:07:06
1646730426037252000,24.55,2,24.55,67,24.6,40,2,2022-03-08 09:07:06
1646730426294325000,24.6,1,24.55,67,24.6,39,1,2022-03-08 09:07:06
1646730426428525000,24.6,10,24.55,67,24.6,29,1,2022-03-08 09:07:06
1646730426439796000,24.55,4,24.55,63,24.6,29,2,2022-03-08 09:07:06
1646730426465814000,24.55,10,24.55,53,24.6,29,2,2022-03-08 09:07:06
1646730426474702000,24.55,4,24.55,49,24.6,29,2,2022-03-08 09:07:06
1646730426486369000,24.55,1,24.55,48,24.6,29,2,2022-03-08 09:07:06
1646730426498202000,24.55,40,24.55,8,24.6,29,2,2022-03-08 09:07:06
1646730426550936000,24.55,8,24.5,83,24.6,29,2,2022-03-08 09:07:06
1646730426550936000,24.5,9,24.5,83,24.6,29,2,2022-03-08 09:07:06
1646730426596004000,24.5,20,24.5,63,24.6,29,2,2022-03-08 09:07:06
1646730426601105000,24.5,2,24.5,61,24.6,29,2,2022-03-08 09:07:06
1646730426601404000,24.5,3,24.5,58,24.6,29,2,2022-03-08 09:07:06
1646730426619336000,24.5,8,24.5,50,24.6,29,2,2022-03-08 09:07:06
1646730426648151000,24.6,1,24.5,50,24.6,28,1,2022-03-08 09:07:06
1646730426731814000,24.5,2,24.5,48,24.6,29,2,2022-03-08 09:07:06
1646730426759661000,24.5,2,24.5,46,24.6,29,2,2022-03-08 09:07:06
1646730426821188000,24.6,5,24.5,46,24.6,24,1,2022-03-08 09:07:06
1646730427060725000,24.5,2,24.5,44,24.55,10,2,2022-03-08 09:07:07
1646730427141040000,24.5,5,24.5,39,24.55,10,2,2022-03-08 09:07:07
1646730427151144000,24.5,4,24.5,35,24.55,10,2,2022-03-08 09:07:07
1646730427174803000,24.5,5,24.5,30,24.55,10,2,2022-03-08 09:07:07
1646730427274953000,24.5,1,24.5,29,24.55,10,2,2022-03-08 09:07:07
1646730427385739000,24.5,5,24.5,24,24.55,10,2,2022-03-08 09:07:07
1646730427589666000,24.5,5,24.5,19,24.55,10,2,2022-03-08 09:07:07
1646730427774610000,24.5,2,24.5,17,24.55,10,2,2022-03-08 09:07:07
1646730428033853000,24.5,4,24.5,13,24.55,10,2,2022-03-08 09:07:08
1646730428379118000,24.5,5,24.5,9,24.55,10,2,2022-03-08 09:07:08
1646730428644425000,24.5,1,24.5,8,24.55,10,2,2022-03-08 09:07:08
1646730428818374000,24.5,8,24.45,7,24.5,2,2,2022-03-08 09:07:08
1646730429004769000,24.45,1,24.45,6,24.5,2,2,2022-03-08 09:07:09
1646730429137731000,24.45,3,24.45,3,24.5,2,2,2022-03-08 09:07:09
1646730429278879000,24.45,3,24.4,49,24.45,7,2,2022-03-08 09:07:09
1646730429309948000,24.45,7,24.4,49,24.5,2,1,2022-03-08 09:07:09
1646730429695889000,24.4,2,24.4,47,24.5,7,2,2022-03-08 09:07:09
1646730429863938000,24.4,10,24.4,37,24.5,7,2,2022-03-08 09:07:09
1646730430516343000,24.5,1,24.4,37,24.5,6,1,2022-03-08 09:07:10
1646730430784524000,24.4,1,24.4,36,24.5,6,2,2022-03-08 09:07:10
1646730431146112000,24.4,7,24.4,29,24.5,6,2,2022-03-08 09:07:11
1646730431186061000,24.4,2,24.4,27,24.5,6,2,2022-03-08 09:07:11
1646730432642584000,24.45,1,24.45,2,24.5,2,2,2022-03-08 09:07:12
1646730433491621000,24.45,1,24.45,3,24.5,3,2,2022-03-08 09:07:13
1646730433745854000,24.5,3,24.45,3,24.75,168,1,2022-03-08 09:07:13
1646730433745854000,24.55,1,24.45,3,24.75,168,1,2022-03-08 09:07:13
1646730433745854000,24.6,9,24.45,3,24.75,168,1,2022-03-08 09:07:13
1646730433745854000,24.65,13,24.45,3,24.75,168,1,2022-03-08 09:07:13
1646730433745854000,24.7,52,24.45,3,24.75,168,1,2022-03-08 09:07:13
1646730433745854000,24.75,2,24.45,3,24.75,168,1,2022-03-08 09:07:13
1646730435472545000,24.55,1,24.55,1,24.65,4,2,2022-03-08 09:07:15
1646730435892538000,24.55,4,24.5,13,24.65,4,2,2022-03-08 09:07:15
1646730435892538000,24.5,1,24.5,13,24.65,4,2,2022-03-08 09:07:15
1646730436513107000,24.55,3,24.55,1,24.65,4,2,2022-03-08 09:07:16
1646730436564728000,24.55,1,24.5,9,24.65,4,2,2022-03-08 09:07:16
1646730436564728000,24.5,7,24.5,9,24.65,4,2,2022-03-08 09:07:16
1646730437424802000,24.65,1,24.6,1,24.65,3,1,2022-03-08 09:07:17
1646730438097255000,24.6,1,24.55,1,24.65,3,2,2022-03-08 09:07:18
1646730438097255000,24.55,1,24.55,1,24.65,3,2,2022-03-08 09:07:18
1646730439373239000,24.6,1,24.6,1,24.65,4,2,2022-03-08 09:07:19
1646730441230110000,24.6,1,24.55,2,24.65,4,2,2022-03-08 09:07:21
1646730441230110000,24.55,14,24.55,2,24.65,4,2,2022-03-08 09:07:21
1646730441237248000,24.65,2,24.55,2,24.65,2,1,2022-03-08 09:07:21
1646730441262238000,24.65,2,24.55,2,24.7,30,1,2022-03-08 09:07:21
1646730442537722000,24.6,1,24.55,2,24.7,30,2,2022-03-08 09:07:22
1646730443404194000,24.55,2,24.5,16,24.65,2,2,2022-03-08 09:07:23
1646730443404194000,24.5,1,24.5,16,24.65,2,2,2022-03-08 09:07:23
1646730445544456000,24.65,1,24.6,2,24.65,1,1,2022-03-08 09:07:25
1646730446504945000,24.65,1,24.6,2,24.65,2,1,2022-03-08 09:07:26
1646730446973144000,24.65,2,24.6,2,24.7,24,1,2022-03-08 09:07:26
1646730446973144000,24.7,8,24.6,2,24.7,24,1,2022-03-08 09:07:26
1646730447575563000,24.65,1,24.6,2,24.65,2,1,2022-03-08 09:07:27
1646730448104370000,24.6,1,24.6,2,24.65,2,2,2022-03-08 09:07:28
1646730448189364000,24.65,1,24.6,2,24.65,1,1,2022-03-08 09:07:28
1646730829548597000,24.25,1979,24.25,30,24.3,31,2,2022-03-08 09:13:49
1646730829632612000,24.3,3,24.25,30,24.3,28,1,2022-03-08 09:13:49
1646730832142217000,24.25,1,24.25,29,24.3,28,2,2022-03-08 09:13:52
1646730832443980000,24.25,1,24.25,28,24.3,28,2,2022-03-08 09:13:52
1646730836219715000,24.25,1,24.25,32,24.3,34,2,2022-03-08 09:13:56
1646730837627405000,24.3,1,24.25,42,24.3,33,1,2022-03-08 09:13:57
1646730839995748000,24.25,2,24.25,41,24.3,33,2,2022-03-08 09:13:59
1646730840732460000,24.25,2,24.25,39,24.3,33,2,2022-03-08 09:14:00
1646730846673664000,24.25,2,24.25,40,24.3,36,2,2022-03-08 09:14:06
1646730846727344000,24.25,1,24.25,39,24.3,36,2,2022-03-08 09:14:06
1646730849287139000,24.3,1,24.25,39,24.3,36,1,2022-03-08 09:14:09
1646730859466691000,24.3,1,24.25,40,24.3,37,1,2022-03-08 09:14:19
1646730860247816000,24.25,2,24.25,38,24.3,37,2,2022-03-08 09:14:20
1646730860899471000,24.25,5,24.25,33,24.3,38,2,2022-03-08 09:14:20
1646730863450051000,24.25,2,24.25,32,24.3,43,2,2022-03-08 09:14:23
1646730863477844000,24.25,1,24.25,31,24.3,43,2,2022-03-08 09:14:23
1646730864796775000,24.25,1,24.25,30,24.3,43,2,2022-03-08 09:14:24
1646730866914089000,24.25,1,24.25,31,24.3,43,2,2022-03-08 09:14:26
1646730867238033000,24.25,20,24.25,16,24.3,43,2,2022-03-08 09:14:27
1646730867285468000,24.25,1,24.25,15,24.3,43,2,2022-03-08 09:14:27
1646730867312060000,24.25,1,24.25,14,24.3,43,2,2022-03-08 09:14:27
1646730867312092000,24.25,1,24.25,13,24.3,43,2,2022-03-08 09:14:27
1646730868112751000,24.25,5,24.25,18,24.3,44,2,2022-03-08 09:14:28
1646730869203149000,24.25,5,24.25,13,24.3,44,2,2022-03-08 09:14:29
1646730869229487000,24.25,1,24.25,12,24.3,44,2,2022-03-08 09:14:29
1646730869230447000,24.25,1,24.25,11,24.3,44,2,2022-03-08 09:14:29
1646730869433782000,24.25,1,24.25,50,24.3,44,2,2022-03-08 09:14:29
1646730869745948000,24.25,10,24.25,40,24.3,44,2,2022-03-08 09:14:29
1646730869910421000,24.25,1,24.25,39,24.3,44,2,2022-03-08 09:14:29
1646730870349758000,24.25,1,24.25,39,24.3,44,2,2022-03-08 09:14:30
1646730870962980000,24.25,1,24.25,38,24.3,43,2,2022-03-08 09:14:30
1646730872293499000,24.25,1,24.25,37,24.3,43,2,2022-03-08 09:14:32
1646730873250318000,24.25,5,24.25,32,24.3,38,2,2022-03-08 09:14:33
1646730874639329000,24.25,1,24.25,31,24.3,38,2,2022-03-08 09:14:34
1646730879747116000,24.3,1,24.25,54,24.3,39,1,2022-03-08 09:14:39
1646730881084732000,24.3,2,24.25,54,24.3,36,1,2022-03-08 09:14:41
1646730883038598000,24.3,20,24.25,58,24.3,16,1,2022-03-08 09:14:43
1646730883058822000,24.3,10,24.25,58,24.3,6,1,2022-03-08 09:14:43
1646730883228353000,24.3,6,24.3,4,24.35,24,1,2022-03-08 09:14:43
1646730884888827000,24.3,1,24.3,14,24.35,24,2,2022-03-08 09:14:44
1646730889462986000,24.3,10,24.3,14,24.35,24,2,2022-03-08 09:14:49
1646730889608877000,24.3,1,24.3,13,24.35,25,2,2022-03-08 09:14:49
1646730893383365000,24.35,10,24.3,115,24.35,15,1,2022-03-08 09:14:53
1646730893390297000,24.35,2,24.3,115,24.35,13,1,2022-03-08 09:14:53
1646730893478631000,24.35,2,24.3,115,24.35,11,1,2022-03-08 09:14:53
1646730894397190000,24.35,1,24.3,165,24.35,10,1,2022-03-08 09:14:54
1646730894677763000,24.35,3,24.3,165,24.35,7,1,2022-03-08 09:14:54
1646730894926394000,24.3,1,24.3,14,24.35,7,2,2022-03-08 09:14:54
1646730895350549000,24.35,1,24.3,14,24.35,6,1,2022-03-08 09:14:55
1646730895959654000,24.35,4,24.3,14,24.35,2,1,2022-03-08 09:14:55
1646730897243666000,24.35,1,24.3,15,24.35,1,1,2022-03-08 09:14:57
1646730897481221000,24.35,1,24.3,15,24.4,23,1,2022-03-08 09:14:57
1646730898482298000,24.35,1,24.3,15,24.4,23,2,2022-03-08 09:14:58
1646730901205129000,24.35,1,24.3,18,24.4,23,2,2022-03-08 09:15:01
1646730901895052000,24.4,10,24.3,18,24.4,13,1,2022-03-08 09:15:01
1646730901973312000,24.4,2,24.3,18,24.4,11,1,2022-03-08 09:15:01
1646730903649897000,24.35,1,24.3,18,24.4,11,1,2022-03-08 09:15:03
1646730904530784000,24.35,1,24.3,18,24.4,12,2,2022-03-08 09:15:04
1646730907765151000,24.35,1,24.3,18,24.4,12,2,2022-03-08 09:15:07
1646730909150507000,24.3,3,24.3,17,24.35,10,2,2022-03-08 09:15:09
1646730909781506000,24.35,1,24.3,17,24.35,9,1,2022-03-08 09:15:09
1646730909961602000,24.3,1,24.3,16,24.35,9,2,2022-03-08 09:15:09
1646730910208963000,24.35,3,24.3,17,24.35,6,1,2022-03-08 09:15:10
1646730910216407000,24.35,3,24.3,17,24.35,3,1,2022-03-08 09:15:10
1646730910237793000,24.3,2,24.3,15,24.35,3,2,2022-03-08 09:15:10
1646730910270304000,24.3,1,24.3,14,24.35,3,2,2022-03-08 09:15:10
1646730910313407000,24.35,3,24.35,2,24.4,22,1,2022-03-08 09:15:10
1646730910344074000,24.35,2,24.3,14,24.4,22,2,2022-03-08 09:15:10
1646730913922741000,24.35,3,24.3,15,24.4,23,2,2022-03-08 09:15:13
1646730916411066000,24.3,2,24.3,7,24.35,10,2,2022-03-08 09:15:16
1646730916599000000,24.3,2,24.3,5,24.35,10,2,2022-03-08 09:15:16
1646730917583155000,24.3,2,24.3,3,24.35,11,2,2022-03-08 09:15:17
1646730918122520000,24.35,1,24.3,4,24.35,10,1,2022-03-08 09:15:18
1646730918640111000,24.35,3,24.3,4,24.35,7,1,2022-03-08 09:15:18
1646730920308801000,24.3,1,24.3,5,24.35,9,2,2022-03-08 09:15:20
1646730920313996000,24.35,1,24.3,5,24.35,8,1,2022-03-08 09:15:20
1646730923578119000,24.35,12,24.35,26,24.4,23,1,2022-03-08 09:15:23
1646730923640707000,24.35,3,24.35,24,24.4,23,2,2022-03-08 09:15:23
1646730923800067000,24.35,1,24.35,23,24.4,23,2,2022-03-08 09:15:23
1646730924531229000,24.4,10,24.35,23,24.4,13,1,2022-03-08 09:15:24
1646730926700586000,24.4,1,24.35,33,24.4,17,1,2022-03-08 09:15:26
1646730928800038000,24.4,1,24.35,35,24.4,17,1,2022-03-08 09:15:28
1646730928915416000,24.35,10,24.35,25,24.4,17,2,2022-03-08 09:15:28
1646730933096817000,24.35,1,24.35,24,24.4,19,2,2022-03-08 09:15:33
1646730933908950000,24.35,6,24.35,19,24.4,19,2,2022-03-08 09:15:33
1646730935030679000,24.35,6,24.35,13,24.4,19,2,2022-03-08 09:15:35
1646730935064954000,24.35,13,24.3,55,24.4,19,2,2022-03-08 09:15:35
1646730936292316000,24.35,1,24.3,55,24.35,15,1,2022-03-08 09:15:36
1646730939023833000,24.3,1,24.3,54,24.35,16,2,2022-03-08 09:15:39
1646730939079623000,24.3,10,24.3,44,24.35,16,2,2022-03-08 09:15:39
1646730939081610000,24.3,10,24.3,34,24.35,16,2,2022-03-08 09:15:39
1646730939083068000,24.3,10,24.3,24,24.35,16,2,2022-03-08 09:15:39
1646730939102736000,24.3,24,24.25,37,24.35,16,2,2022-03-08 09:15:39
1646730939405709000,24.3,2,24.25,37,24.3,12,1,2022-03-08 09:15:39
1646730939671250000,24.3,3,24.25,37,24.3,19,1,2022-03-08 09:15:39
1646730940323710000,24.25,1,24.25,36,24.3,25,2,2022-03-08 09:15:40
1646730940434042000,24.25,5,24.25,31,24.3,25,2,2022-03-08 09:15:40
1646730940479149000,24.25,1,24.25,30,24.3,25,2,2022-03-08 09:15:40
1646730940490923000,24.25,1,24.25,29,24.3,25,2,2022-03-08 09:15:40
1646730940593306000,24.25,5,24.25,24,24.3,25,2,2022-03-08 09:15:40
1646730940739091000,24.25,5,24.25,19,24.3,31,2,2022-03-08 09:15:40
1646730940755677000,24.25,5,24.25,15,24.3,31,2,2022-03-08 09:15:40
1646730940772687000,24.25,3,24.25,12,24.3,31,2,2022-03-08 09:15:40
1646730940904926000,24.25,5,24.25,7,24.3,31,2,2022-03-08 09:15:40
1646730941436743000,24.25,1,24.25,6,24.3,31,2,2022-03-08 09:15:41
1646730941844686000,24.25,4,24.25,2,24.3,25,2,2022-03-08 09:15:41
1646730941970504000,24.25,2,24.2,79,24.25,4,2,2022-03-08 09:15:41
1646730941993820000,24.25,4,24.2,79,24.3,25,1,2022-03-08 09:15:41
1646730942046044000,24.3,1,24.2,81,24.3,24,1,2022-03-08 09:15:42
1646730943460815000,24.2,15,24.2,66,24.25,1,2,2022-03-08 09:15:43
1646730943489858000,24.2,1,24.2,65,24.25,1,2,2022-03-08 09:15:43
1646730943490979000,24.2,1,24.2,64,24.25,1,2,2022-03-08 09:15:43
1646730943491123000,24.2,1,24.2,63,24.25,1,2,2022-03-08 09:15:43
1646730943508216000,24.2,1,24.2,62,24.25,1,2,2022-03-08 09:15:43
1646730943509024000,24.2,1,24.2,61,24.25,1,2,2022-03-08 09:15:43
1646730943922535000,24.2,20,24.2,41,24.25,1,2,2022-03-08 09:15:43
1646730943924461000,24.2,20,24.2,21,24.25,1,2,2022-03-08 09:15:43
1646730943926117000,24.2,20,24.2,1,24.25,1,2,2022-03-08 09:15:43
1646730943927802000,24.2,1,24.15,14,24.2,19,2,2022-03-08 09:15:43
1646730943954016000,24.15,1,24.15,23,24.2,19,2,2022-03-08 09:15:43
1646730943955658000,24.15,1,24.15,22,24.2,19,2,2022-03-08 09:15:43
1646730943962877000,24.15,1,24.15,21,24.2,19,2,2022-03-08 09:15:43
1646730943978114000,24.15,1,24.15,20,24.2,19,2,2022-03-08 09:15:43
1646730943978170000,24.15,1,24.15,19,24.2,19,2,2022-03-08 09:15:43
1646730943981897000,24.15,1,24.15,18,24.2,19,2,2022-03-08 09:15:43
1646730943982043000,24.15,17,24.15,1,24.2,19,2,2022-03-08 09:15:43
1646730943984778000,24.15,1,24.05,23,24.2,19,2,2022-03-08 09:15:43
1646730943984778000,24.1,23,24.05,23,24.2,19,2,2022-03-08 09:15:43
1646730943984778000,24.05,2,24.05,23,24.2,19,2,2022-03-08 09:15:43
1646730944085423000,24.05,1,24.05,22,24.15,3,2,2022-03-08 09:15:44
1646730944113815000,24.15,3,24.15,7,24.2,19,1,2022-03-08 09:15:44
1646730944115426000,24.15,3,24.15,4,24.2,19,2,2022-03-08 09:15:44
1646730944152578000,24.15,1,24.15,3,24.2,19,2,2022-03-08 09:15:44
1646730944169382000,24.15,3,24.05,22,24.2,19,2,2022-03-08 09:15:44
1646730944259911000,24.15,3,24.15,7,24.2,19,1,2022-03-08 09:15:44
1646730944391557000,24.15,4,24.15,3,24.2,19,2,2022-03-08 09:15:44
1646730944431178000,24.15,1,24.15,2,24.2,19,2,2022-03-08 09:15:44
1646730944437437000,24.15,4,24.15,8,24.2,19,2,2022-03-08 09:15:44
1646730944494444000,24.15,1,24.15,7,24.2,19,2,2022-03-08 09:15:44
1646730944607885000,24.15,1,24.15,6,24.2,19,2,2022-03-08 09:15:44
1646730944800231000,24.15,1,24.15,15,24.2,19,2,2022-03-08 09:15:44
1646730944888706000,24.15,10,24.15,5,24.2,19,2,2022-03-08 09:15:44
1646730947797528000,24.05,1,24.05,22,24.15,40,2,2022-03-08 09:15:47
1646730948209856000,24.15,2,24.05,22,24.15,38,1,2022-03-08 09:15:48
1646730950125328000,24.05,20,24.05,2,24.15,38,2,2022-03-08 09:15:50
1646730950644296000,24.05,2,24.0,150,24.1,1,2,2022-03-08 09:15:50
1646730950644296000,24.0,18,24.0,150,24.1,1,2,2022-03-08 09:15:50
1646730950731097000,24.05,1,24.0,152,24.05,2,1,2022-03-08 09:15:50
1646730950768417000,24.0,1,24.0,151,24.05,2,2,2022-03-08 09:15:50
1646730950768792000,24.0,1,24.0,150,24.05,2,2,2022-03-08 09:15:50
1646730950835864000,24.0,6,24.0,144,24.05,2,2,2022-03-08 09:15:50
1646730952331136000,24.05,1,24.0,141,24.05,2,1,2022-03-08 09:15:52
1646730952362886000,24.05,2,24.0,141,24.1,1,1,2022-03-08 09:15:52
1646730953316029000,24.0,2,24.0,139,24.1,1,2,2022-03-08 09:15:53
1646730953766096000,24.0,1,24.0,138,24.1,1,2,2022-03-08 09:15:53
1646730953912257000,24.0,30,24.0,108,24.1,1,2,2022-03-08 09:15:53
1646730954436964000,24.0,10,24.0,98,24.05,2,2,2022-03-08 09:15:54
1646730954471830000,24.0,1,24.0,96,24.05,2,2,2022-03-08 09:15:54
1646730955145392000,24.0,3,24.0,93,24.05,2,2,2022-03-08 09:15:55
1646730955337669000,24.0,6,24.0,87,24.05,2,2,2022-03-08 09:15:55
1646730955363099000,24.0,1,24.0,86,24.05,2,2,2022-03-08 09:15:55
1646730955386120000,24.0,1,24.0,85,24.05,2,2,2022-03-08 09:15:55
1646730955443727000,24.05,1,24.0,85,24.05,1,1,2022-03-08 09:15:55
1646730955457398000,24.0,10,24.0,75,24.05,1,2,2022-03-08 09:15:55
1646730955494988000,24.0,1,24.0,74,24.05,1,2,2022-03-08 09:15:55
1646730955496483000,24.0,1,24.0,73,24.05,1,2,2022-03-08 09:15:55
1646730955791199000,24.0,28,24.0,45,24.05,1,2,2022-03-08 09:15:55
1646730955873738000,24.0,20,24.0,25,24.05,1,2,2022-03-08 09:15:55
1646730955964890000,24.0,2,24.0,23,24.05,1,2,2022-03-08 09:15:55
1646730956222145000,24.05,1,24.0,23,24.15,34,1,2022-03-08 09:15:56
1646730956222145000,24.1,7,24.0,23,24.15,34,1,2022-03-08 09:15:56
1646730956222145000,24.15,2,24.0,23,24.15,34,1,2022-03-08 09:15:56
1646730956377103000,24.0,13,23.95,30,24.0,2,2,2022-03-08 09:15:56
1646730956959462000,23.95,15,23.95,15,24.0,18,2,2022-03-08 09:15:56
1646730957841994000,24.0,1,23.95,15,24.0,58,1,2022-03-08 09:15:57
1646730958220400000,23.95,1,23.95,16,24.0,58,2,2022-03-08 09:15:58
1646730958945746000,23.95,10,23.95,6,24.0,48,2,2022-03-08 09:15:58
1646730959079939000,24.0,1,23.95,6,24.0,46,1,2022-03-08 09:15:59
1646730959320164000,24.0,2,23.95,6,24.0,44,1,2022-03-08 09:15:59
1646730959471389000,24.0,1,23.95,6,24.0,43,1,2022-03-08 09:15:59
1646730959714414000,23.95,4,23.95,2,24.0,43,2,2022-03-08 09:15:59
1646730960145823000,23.95,2,23.9,59,23.95,2,2,2022-03-08 09:16:00
1646730960589961000,23.95,1,23.9,59,23.95,2,1,2022-03-08 09:16:00
1646730961540934000,23.95,1,23.9,60,23.95,2,1,2022-03-08 09:16:01
1646730961670136000,23.9,2,23.9,58,23.95,2,2,2022-03-08 09:16:01
1646730962853899000,23.9,4,23.9,54,23.95,2,2,2022-03-08 09:16:02
1646730962870754000,23.9,1,23.9,53,23.95,2,2,2022-03-08 09:16:02
1646730964258728000,23.95,2,23.9,54,24.0,48,1,2022-03-08 09:16:04
1646730964809907000,23.95,1,23.9,53,23.95,9,2,2022-03-08 09:16:04
1646730964894078000,23.95,6,23.9,53,23.95,3,1,2022-03-08 09:16:04
1646730964927174000,23.95,3,23.9,53,24.0,49,1,2022-03-08 09:16:04
1646730964930073000,23.9,1,23.9,52,24.0,49,2,2022-03-08 09:16:04
1646730964931205000,23.9,1,23.9,51,24.0,49,2,2022-03-08 09:16:04
1646730966041316000,23.95,2,23.95,12,24.0,49,2,2022-03-08 09:16:06
1646730966761171000,23.95,1,23.95,19,24.0,54,2,2022-03-08 09:16:06
1646730966869339000,24.0,1,23.95,19,24.0,53,1,2022-03-08 09:16:06
1646730967042673000,24.0,9,23.95,40,24.0,44,1,2022-03-08 09:16:07
1646730967077129000,24.0,13,23.95,40,24.0,31,1,2022-03-08 09:16:07
1646730967112299000,24.0,19,23.95,40,24.0,12,1,2022-03-08 09:16:07
1646730967141854000,23.95,1,23.95,39,24.0,12,2,2022-03-08 09:16:07
1646730967530840000,23.95,1,23.95,38,24.0,12,2,2022-03-08 09:16:07
1646730967553375000,24.0,1,23.95,38,24.0,11,1,2022-03-08 09:16:07
1646730967577349000,24.0,8,23.95,38,24.0,3,1,2022-03-08 09:16:07
1646730967611953000,23.95,1,23.95,37,24.0,3,2,2022-03-08 09:16:07
1646730967828147000,24.0,1,23.95,37,24.0,2,1,2022-03-08 09:16:07
1646730967857384000,24.0,2,23.95,37,24.05,1,1,2022-03-08 09:16:07
1646730967878109000,24.0,1,24.0,1,24.05,1,2,2022-03-08 09:16:07
1646730969088016000,24.05,1,24.05,1,24.1,1,2,2022-03-08 09:16:09
1646730970925325000,24.05,6,24.05,3,24.1,1,2,2022-03-08 09:16:10
1646730972207333000,24.05,1,24.05,10,24.1,1,2,2022-03-08 09:16:12
1646730973128258000,24.1,1,24.05,10,24.15,3,1,2022-03-08 09:16:13
1646730975089658000,24.1,4,24.1,1,24.15,3,2,2022-03-08 09:16:15
1646730975797865000,24.15,1,24.1,1,24.15,2,1,2022-03-08 09:16:15
1646730976610666000,24.1,2,24.1,4,24.15,2,2,2022-03-08 09:16:16
1646730978315075000,24.15,1,24.1,4,24.15,1,1,2022-03-08 09:16:18
1646730978347217000,24.1,1,24.1,3,24.15,1,2,2022-03-08 09:16:18
1646730980281458000,24.1,3,24.05,7,24.15,1,2,2022-03-08 09:16:20
1646730980281458000,24.05,7,24.05,7,24.15,1,2,2022-03-08 09:16:20
1646730980408866000,24.05,1,24.05,6,24.15,1,2,2022-03-08 09:16:20
1646730980417240000,24.05,1,24.05,5,24.15,1,2,2022-03-08 09:16:20
1646730983713614000,24.1,1,24.05,5,24.15,1,1,2022-03-08 09:16:23
1646730984227667000,24.1,2,24.05,5,24.1,1,1,2022-03-08 09:16:24
1646730984361813000,24.05,1,24.05,4,24.1,1,2,2022-03-08 09:16:24
1646730984727512000,24.1,1,24.05,4,24.15,1,1,2022-03-08 09:16:24
1646730986068000000,24.1,1,24.1,4,24.15,1,2,2022-03-08 09:16:26
1646730987286023000,24.1,1,24.1,3,24.15,1,2,2022-03-08 09:16:27
1646730988844519000,24.15,1,24.1,3,24.2,25,1,2022-03-08 09:16:28
1646730989507868000,24.1,3,24.05,3,24.2,27,2,2022-03-08 09:16:29
1646730989507868000,24.05,1,24.05,3,24.2,27,2,2022-03-08 09:16:29
1646730989650696000,24.05,1,24.05,3,24.1,3,2,2022-03-08 09:16:29
1646730993906188000,24.05,1,24.05,6,24.1,20,2,2022-03-08 09:16:33
1646730994008004000,24.1,1,24.05,6,24.1,19,1,2022-03-08 09:16:34
1646730994585890000,24.1,1,24.05,7,24.1,18,1,2022-03-08 09:16:34
1646730994808115000,24.05,7,24.0,23,24.05,3,2,2022-03-08 09:16:34
1646730995643997000,24.05,1,24.0,24,24.05,8,1,2022-03-08 09:16:35
1646730995813801000,24.05,4,24.0,24,24.05,4,1,2022-03-08 09:16:35
1646730995838755000,24.05,1,24.0,24,24.05,3,1,2022-03-08 09:16:35
1646730997345998000,24.05,1,24.0,24,24.05,2,1,2022-03-08 09:16:37
1646730997492375000,24.05,1,24.0,24,24.05,1,1,2022-03-08 09:16:37
1646730998623210000,24.05,1,24.0,24,24.1,18,1,2022-03-08 09:16:38
1646730998815010000,24.0,15,24.0,9,24.1,19,2,2022-03-08 09:16:38
1646730999319144000,24.05,1,24.05,3,24.1,19,1,2022-03-08 09:16:39
1646731001450787000,24.1,2,24.05,4,24.1,57,1,2022-03-08 09:16:41
1646731002185736000,24.1,3,24.05,4,24.1,54,1,2022-03-08 09:16:42
1646731002439306000,24.05,1,24.05,3,24.1,54,2,2022-03-08 09:16:42
1646731003274238000,24.1,3,24.05,3,24.1,54,1,2022-03-08 09:16:43
1646731003382321000,24.05,1,24.05,2,24.1,54,2,2022-03-08 09:16:43
1646731003834238000,24.05,3,24.0,13,24.1,54,2,2022-03-08 09:16:43
1646731003834238000,24.0,1,24.0,13,24.1,54,2,2022-03-08 09:16:43
1646731003964023000,24.0,3,24.0,10,24.1,54,2,2022-03-08 09:16:43
1646731005906824000,24.05,1,24.0,16,24.05,8,1,2022-03-08 09:16:45
1646731006128255000,24.05,1,24.0,16,24.05,8,1,2022-03-08 09:16:46
1646731006280964000,24.05,1,24.0,16,24.05,7,1,2022-03-08 09:16:46
1646731006694830000,24.0,1,24.0,15,24.05,7,2,2022-03-08 09:16:46
1646731007424982000,24.0,10,24.0,18,24.05,7,2,2022-03-08 09:16:47
1646731007452592000,24.0,1,24.0,17,24.05,7,2,2022-03-08 09:16:47
1646731007696057000,24.0,2,24.0,15,24.05,7,2,2022-03-08 09:16:47
1646731007833886000,24.0,2,24.0,13,24.05,7,2,2022-03-08 09:16:47
1646731008119499000,24.05,7,24.05,1,24.1,50,1,2022-03-08 09:16:48
1646731008800673000,24.05,1,24.0,4,24.1,55,2,2022-03-08 09:16:48
1646731008800673000,24.0,9,24.0,4,24.1,55,2,2022-03-08 09:16:48
1646731009094565000,24.0,4,23.95,74,24.1,55,2,2022-03-08 09:16:49
1646731010614813000,24.0,1,23.95,71,24.05,3,2,2022-03-08 09:16:50
1646731010614813000,23.95,3,23.95,71,24.05,3,2,2022-03-08 09:16:50
1646731012595019000,24.05,1,23.95,71,24.05,3,1,2022-03-08 09:16:52
1646731014619012000,24.05,2,24.0,2,24.05,4,1,2022-03-08 09:16:54
1646731014846718000,24.05,1,24.0,2,24.05,3,1,2022-03-08 09:16:54
1646731015293203000,24.05,1,24.0,2,24.05,2,1,2022-03-08 09:16:55
1646731016756791000,24.0,1,24.0,1,24.05,3,2,2022-03-08 09:16:56
1646731016812639000,24.0,1,24.0,2,24.05,3,2,2022-03-08 09:16:56
1646731017054385000,24.05,1,24.0,2,24.05,2,1,2022-03-08 09:16:57
1646731018001588000,24.05,2,24.05,8,24.1,58,1,2022-03-08 09:16:58
1646731018082899000,24.1,1,24.05,8,24.1,57,1,2022-03-08 09:16:58
1646731019637411000,24.05,2,24.05,6,24.1,57,2,2022-03-08 09:16:59
1646731019888505000,24.05,1,24.05,5,24.1,57,2,2022-03-08 09:16:59
1646731020409505000,24.05,5,24.0,13,24.05,15,2,2022-03-08 09:17:00
1646731021851117000,24.05,1,24.0,13,24.05,25,1,2022-03-08 09:17:01
1646731021930461000,24.05,25,24.0,13,24.1,59,1,2022-03-08 09:17:01
1646731023852572000,24.05,1,24.05,5,24.1,60,1,2022-03-08 09:17:03
1646731024646503000,24.05,5,24.0,18,24.05,5,2,2022-03-08 09:17:04
1646731025121127000,24.0,2,24.0,16,24.05,5,2,2022-03-08 09:17:05
1646731025366887000,24.05,2,24.0,17,24.05,3,1,2022-03-08 09:17:05
1646731026823888000,24.05,2,24.0,18,24.05,1,1,2022-03-08 09:17:06
1646731029248965000,24.05,5,24.0,19,24.05,2,1,2022-03-08 09:17:09
1646731029545049000,24.05,1,24.0,20,24.05,1,1,2022-03-08 09:17:09
1646731030395141000,24.05,1,24.0,26,24.1,61,1,2022-03-08 09:17:10
1646731030849769000,24.0,2,24.0,24,24.1,61,2,2022-03-08 09:17:10
1646731032600763000,24.05,1,24.05,20,24.1,61,1,2022-03-08 09:17:12
1646731033442018000,24.05,1,24.05,20,24.1,61,2,2022-03-08 09:17:13
1646731036416368000,24.1,4,24.05,20,24.1,57,1,2022-03-08 09:17:16
1646731036850639000,24.05,10,24.05,10,24.1,57,2,2022-03-08 09:17:16
1646731038780651000,24.05,10,24.0,36,24.1,57,2,2022-03-08 09:17:18
1646731040385662000,24.05,3,24.05,7,24.1,68,2,2022-03-08 09:17:20
1646731041097893000,24.05,2,24.05,7,24.1,68,2,2022-03-08 09:17:21
1646731043060485000,24.05,2,24.05,5,24.1,68,2,2022-03-08 09:17:23
1646731045523160000,24.05,1,24.05,6,24.1,68,2,2022-03-08 09:17:25
1646731047460693000,24.05,1,24.05,5,24.1,68,2,2022-03-08 09:17:27
1646731047961087000,24.1,10,24.05,5,24.1,68,1,2022-03-08 09:17:27
1646731049930824000,24.05,1,24.05,4,24.1,68,2,2022-03-08 09:17:29
1646731052491967000,24.05,2,24.05,2,24.1,68,2,2022-03-08 09:17:32
1646731054640017000,24.1,2,24.05,4,24.1,68,1,2022-03-08 09:17:34
1646731055303689000,24.05,4,24.0,43,24.05,6,2,2022-03-08 09:17:35
1646731058339208000,24.05,6,24.0,42,24.1,59,1,2022-03-08 09:17:38
1646731058772625000,24.0,1,24.0,41,24.1,59,2,2022-03-08 09:17:38
1646731062225667000,24.0,2,24.0,40,24.05,2,2,2022-03-08 09:17:42
1646731062258918000,24.0,1,24.0,39,24.05,2,2,2022-03-08 09:17:42
1646731063827501000,24.0,4,24.0,35,24.05,2,2,2022-03-08 09:17:43
1646731065899995000,24.05,1,24.0,35,24.05,2,1,2022-03-08 09:17:45
1646731066417297000,24.0,1,24.0,34,24.05,2,2,2022-03-08 09:17:46
1646731067783503000,24.05,1,24.0,44,24.05,1,1,2022-03-08 09:17:47
1646731068482930000,24.0,1,24.0,44,24.05,1,2,2022-03-08 09:17:48
1646731069461386000,24.05,1,24.05,1,24.1,58,1,2022-03-08 09:17:49
1646731071057282000,24.05,1,24.0,54,24.05,3,2,2022-03-08 09:17:51
1646731071091984000,24.0,1,24.0,53,24.05,3,2,2022-03-08 09:17:51
1646731074801416000,24.0,1,24.0,56,24.05,4,2,2022-03-08 09:17:54
1646731076139722000,24.0,1,24.0,55,24.05,4,2,2022-03-08 09:17:56
1646731076410973000,24.05,1,24.0,55,24.05,3,1,2022-03-08 09:17:56
1646731076619403000,24.0,2,24.0,53,24.05,3,2,2022-03-08 09:17:56
1646731077971907000,24.0,1,24.0,52,24.05,3,2,2022-03-08 09:17:57
1646731082296499000,24.0,5,24.0,50,24.05,3,2,2022-03-08 09:18:02
1646731089016130000,24.0,1,24.0,55,24.05,14,2,2022-03-08 09:18:09
1646731090032271000,24.05,5,24.0,55,24.05,9,1,2022-03-08 09:18:10
1646731098230211000,24.05,1,24.0,59,24.05,7,1,2022-03-08 09:18:18
1646731099375188000,24.05,1,24.0,59,24.05,7,1,2022-03-08 09:18:19
1646731100291430000,24.05,1,24.0,60,24.05,6,1,2022-03-08 09:18:20
1646731100733276000,24.05,1,24.0,45,24.05,5,1,2022-03-08 09:18:20
1646731101181591000,24.05,1,24.0,45,24.05,4,1,2022-03-08 09:18:21
1646731101688853000,24.05,4,24.05,1,24.1,58,1,2022-03-08 09:18:21
1646731103734197000,24.05,1,24.05,9,24.1,68,2,2022-03-08 09:18:23
1646731106576224000,24.05,1,24.05,19,24.1,68,2,2022-03-08 09:18:26
1646731114559955000,24.1,7,24.05,24,24.1,64,1,2022-03-08 09:18:34
1646731114993109000,24.05,1,24.05,23,24.1,64,2,2022-03-08 09:18:34
1646731119295001000,24.1,1,24.05,24,24.1,54,1,2022-03-08 09:18:39
1646731121009152000,24.05,4,24.05,20,24.1,59,2,2022-03-08 09:18:41
1646731124917971000,24.1,3,24.05,20,24.1,56,1,2022-03-08 09:18:44
1646731126231085000,24.1,1,24.05,20,24.1,52,1,2022-03-08 09:18:46
1646731128399486000,24.05,1,24.05,20,24.1,52,2,2022-03-08 09:18:48
1646731129537399000,24.05,5,24.05,15,24.1,52,2,2022-03-08 09:18:49
1646731130033980000,24.1,5,24.05,16,24.1,47,1,2022-03-08 09:18:50
1646731134885598000,24.1,1,24.05,18,24.1,45,1,2022-03-08 09:18:54
1646731136685776000,24.1,1,24.05,18,24.1,44,1,2022-03-08 09:18:56
1646731137432061000,24.1,1,24.05,19,24.1,42,1,2022-03-08 09:18:57
1646731137584725000,24.1,10,24.05,19,24.1,32,1,2022-03-08 09:18:57
1646731137893352000,24.1,1,24.05,20,24.1,31,1,2022-03-08 09:18:57
1646731138085429000,24.1,8,24.05,20,24.1,23,1,2022-03-08 09:18:58
1646731138112416000,24.1,6,24.05,20,24.1,17,1,2022-03-08 09:18:58
1646731138477125000,24.1,1,24.05,24,24.1,16,1,2022-03-08 09:18:58
1646731138586372000,24.1,14,24.05,24,24.1,2,1,2022-03-08 09:18:58
1646731138621018000,24.1,2,24.05,24,24.15,12,1,2022-03-08 09:18:58
1646731141253842000,24.15,1,24.1,19,24.15,11,1,2022-03-08 09:19:01
1646731143070609000,24.15,3,24.1,24,24.15,8,1,2022-03-08 09:19:03
1646731143255687000,24.15,5,24.1,24,24.15,3,1,2022-03-08 09:19:03
1646731144138181000,24.15,1,24.1,18,24.15,2,1,2022-03-08 09:19:04
1646731144539526000,24.15,2,24.1,23,24.2,35,1,2022-03-08 09:19:04
1646731144539526000,24.2,1,24.1,23,24.2,35,1,2022-03-08 09:19:04
1646731145164550000,24.2,2,24.1,23,24.2,33,1,2022-03-08 09:19:05
1646731146194532000,24.1,1,24.1,22,24.2,33,2,2022-03-08 09:19:06
1646731151960640000,24.2,2,24.15,12,24.2,31,1,2022-03-08 09:19:11
1646731155391994000,24.15,1,24.15,11,24.2,31,2,2022-03-08 09:19:15
1646731156896773000,24.2,1,24.15,11,24.2,30,1,2022-03-08 09:19:16
1646731159862442000,24.2,1,24.15,11,24.2,26,1,2022-03-08 09:19:19
1646731162715027000,24.15,1,24.15,9,24.2,26,2,2022-03-08 09:19:22
1646731163308670000,24.2,2,24.15,9,24.2,30,1,2022-03-08 09:19:23
1646731165367617000,24.2,1,24.15,15,24.2,29,1,2022-03-08 09:19:25
1646731166227163000,24.15,1,24.15,14,24.2,29,2,2022-03-08 09:19:26
1646731166662787000,24.2,1,24.15,17,24.2,28,1,2022-03-08 09:19:26
1646731168443850000,24.2,2,24.15,21,24.2,26,1,2022-03-08 09:19:28
1646731168508832000,24.2,10,24.15,21,24.2,16,1,2022-03-08 09:19:28
1646731169599974000,24.2,1,24.15,21,24.2,15,1,2022-03-08 09:19:29
1646731169679800000,24.2,2,24.15,22,24.2,13,1,2022-03-08 09:19:29
1646731170212500000,24.2,1,24.15,22,24.2,12,1,2022-03-08 09:19:30
1646731170412511000,24.2,1,24.15,23,24.2,11,1,2022-03-08 09:19:30
1646731170651596000,24.2,2,24.15,23,24.2,9,1,2022-03-08 09:19:30
1646731171095915000,24.2,9,24.2,1,24.25,13,1,2022-03-08 09:19:31
1646731171704030000,24.25,10,24.2,1,24.25,3,1,2022-03-08 09:19:31
1646731174148142000,24.25,1,24.2,6,24.25,2,1,2022-03-08 09:19:34
1646731174480967000,24.2,2,24.2,5,24.25,2,2,2022-03-08 09:19:34
1646731176401043000,24.25,1,24.2,27,24.25,1,1,2022-03-08 09:19:36
1646731177316060000,24.25,1,24.2,30,24.3,21,1,2022-03-08 09:19:37
1646731177896621000,24.3,2,24.2,31,24.3,19,1,2022-03-08 09:19:37
1646731178369109000,24.2,7,24.2,26,24.3,19,2,2022-03-08 09:19:38
1646731179205741000,24.25,2,24.2,26,24.3,19,2,2022-03-08 09:19:39
1646731180338546000,24.3,1,24.2,26,24.3,18,1,2022-03-08 09:19:40
1646731181290218000,24.25,1,24.25,1,24.3,18,1,2022-03-08 09:19:41
1646731181310394000,24.25,1,24.2,27,24.3,18,2,2022-03-08 09:19:41
1646731182884777000,24.3,2,24.2,27,24.3,26,1,2022-03-08 09:19:42
1646731184618421000,24.25,1,24.2,30,24.25,1,1,2022-03-08 09:19:44
1646731184759324000,24.25,10,24.2,30,24.25,1,1,2022-03-08 09:19:44
1646731184779984000,24.25,1,24.2,30,24.3,26,1,2022-03-08 09:19:44
1646731185096849000,24.25,1,24.2,30,24.3,26,1,2022-03-08 09:19:45
1646731185394931000,24.25,1,24.2,29,24.3,26,2,2022-03-08 09:19:45
1646731187773842000,24.3,2,24.25,3,24.3,26,1,2022-03-08 09:19:47
1646731187928688000,24.25,1,24.25,2,24.3,26,2,2022-03-08 09:19:47
1646731189132162000,24.25,1,24.25,2,24.3,27,2,2022-03-08 09:19:49
1646731190091314000,24.25,5,24.2,30,24.25,1,2,2022-03-08 09:19:50
1646731191313463000,24.25,1,24.2,32,24.3,27,1,2022-03-08 09:19:51
1646731192524783000,24.25,1,24.2,32,24.3,28,2,2022-03-08 09:19:52
1646731194584046000,24.25,1,24.25,7,24.3,27,1,2022-03-08 09:19:54
1646731194597801000,24.3,1,24.25,7,24.3,26,1,2022-03-08 09:19:54
1646731194780396000,24.25,1,24.25,6,24.3,26,2,2022-03-08 09:19:54
1646731202982914000,24.25,1,24.25,12,24.3,29,2,2022-03-08 09:20:02
1646731203058411000,24.25,1,24.25,11,24.3,29,2,2022-03-08 09:20:03
1646731203093430000,24.25,2,24.25,9,24.3,29,2,2022-03-08 09:20:03
1646731204155742000,24.25,1,24.25,8,24.3,29,2,2022-03-08 09:20:04
1646731204629062000,24.25,2,24.25,6,24.3,29,2,2022-03-08 09:20:04
1646731204679408000,24.3,3,24.25,6,24.3,26,1,2022-03-08 09:20:04
1646731205038229000,24.25,1,24.25,5,24.3,26,2,2022-03-08 09:20:05
1646731206108595000,24.25,2,24.25,3,24.3,26,2,2022-03-08 09:20:06
1646731206271380000,24.25,1,24.25,2,24.3,26,2,2022-03-08 09:20:06
1646731206411517000,24.25,2,24.2,33,24.25,1,2,2022-03-08 09:20:06
1646731206691666000,24.25,1,24.2,33,24.3,25,1,2022-03-08 09:20:06
1646731206691666000,24.3,1,24.2,33,24.3,25,1,2022-03-08 09:20:06
1646731207180650000,24.25,10,24.2,35,24.3,25,2,2022-03-08 09:20:07
1646731208247945000,24.25,2,24.2,34,24.25,2,1,2022-03-08 09:20:08
1646731210326033000,24.2,6,24.2,28,24.25,14,2,2022-03-08 09:20:10
1646731210515894000,24.25,1,24.2,28,24.25,13,1,2022-03-08 09:20:10
1646731211387413000,24.2,2,24.2,24,24.25,17,2,2022-03-08 09:20:11
1646731214034775000,24.2,5,24.2,39,24.25,17,2,2022-03-08 09:20:14
1646731216505377000,24.2,1,24.2,38,24.25,15,2,2022-03-08 09:20:16
1646731219100293000,24.2,1,24.2,37,24.25,15,2,2022-03-08 09:20:19
1646731219918462000,24.2,1,24.2,36,24.25,15,2,2022-03-08 09:20:19
1646731220955917000,24.2,36,24.15,36,24.25,115,2,2022-03-08 09:20:20
1646731221969576000,24.2,1,24.15,37,24.2,2,1,2022-03-08 09:20:21
1646731222065685000,24.15,1,24.15,36,24.2,2,2,2022-03-08 09:20:22
1646731224611329000,24.15,2,24.15,34,24.2,16,2,2022-03-08 09:20:24
1646731224643254000,24.15,1,24.15,33,24.2,16,2,2022-03-08 09:20:24
1646731224670111000,24.15,1,24.15,32,24.2,16,2,2022-03-08 09:20:24
1646731224683413000,24.15,12,24.15,20,24.2,16,2,2022-03-08 09:20:24
1646731224687700000,24.15,1,24.15,19,24.2,16,2,2022-03-08 09:20:24
1646731225037730000,24.2,3,24.15,19,24.2,18,1,2022-03-08 09:20:25
1646731225084934000,24.15,1,24.15,18,24.2,18,2,2022-03-08 09:20:25
1646731225102486000,24.15,1,24.15,17,24.2,18,2,2022-03-08 09:20:25
1646731225647802000,24.2,1,24.15,17,24.2,17,1,2022-03-08 09:20:25
1646731225706860000,24.15,5,24.15,12,24.2,17,2,2022-03-08 09:20:25
1646731225734768000,24.15,3,24.15,9,24.2,17,2,2022-03-08 09:20:25
1646731225945589000,24.15,5,24.15,4,24.2,17,2,2022-03-08 09:20:25
1646731226223040000,24.15,4,24.1,170,24.15,1,2,2022-03-08 09:20:26
1646731226406992000,24.15,1,24.1,170,24.15,5,1,2022-03-08 09:20:26
1646731227003000000,24.1,5,24.1,165,24.15,6,2,2022-03-08 09:20:27
1646731227037613000,24.1,1,24.1,164,24.15,8,2,2022-03-08 09:20:27
1646731227046349000,24.1,1,24.1,53,24.15,8,2,2022-03-08 09:20:27
1646731227051332000,24.1,10,24.1,43,24.15,8,2,2022-03-08 09:20:27
1646731227052964000,24.1,10,24.1,33,24.15,8,2,2022-03-08 09:20:27
1646731227054503000,24.1,10,24.1,23,24.15,8,2,2022-03-08 09:20:27
1646731227056175000,24.1,10,24.1,13,24.15,8,2,2022-03-08 09:20:27
1646731227069555000,24.1,5,24.1,8,24.15,8,2,2022-03-08 09:20:27
1646731227092712000,24.1,1,24.1,7,24.15,8,2,2022-03-08 09:20:27
1646731227102384000,24.1,1,24.1,6,24.15,8,2,2022-03-08 09:20:27
1646731227112809000,24.1,1,24.1,5,24.15,8,2,2022-03-08 09:20:27
1646731227121989000,24.1,1,24.1,4,24.15,8,2,2022-03-08 09:20:27
1646731227136912000,24.1,1,24.1,3,24.15,8,2,2022-03-08 09:20:27
1646731227333429000,24.1,3,24.05,24,24.1,2,2,2022-03-08 09:20:27
1646731228653658000,24.05,1,24.05,24,24.1,17,2,2022-03-08 09:20:28
1646731228681460000,24.05,10,24.05,14,24.1,17,2,2022-03-08 09:20:28
1646731228683463000,24.05,10,24.05,4,24.1,17,2,2022-03-08 09:20:28
1646731228704339000,24.05,1,24.05,3,24.1,17,2,2022-03-08 09:20:28
1646731228709007000,24.05,1,24.05,2,24.1,17,2,2022-03-08 09:20:28
1646731228728146000,24.05,1,24.05,1,24.1,17,2,2022-03-08 09:20:28
1646731229003952000,24.05,1,24.0,35,24.05,4,2,2022-03-08 09:20:29
1646731229499654000,24.0,5,24.0,30,24.05,9,2,2022-03-08 09:20:29
1646731229897080000,24.0,5,24.0,25,24.05,9,2,2022-03-08 09:20:29
1646731229930224000,24.0,1,24.0,24,24.05,9,2,2022-03-08 09:20:29
1646731229960644000,24.0,1,24.0,23,24.05,9,2,2022-03-08 09:20:29
1646731231468619000,24.05,1,24.0,23,24.1,17,1,2022-03-08 09:20:31
1646731235610990000,24.1,1,24.05,3,24.1,11,1,2022-03-08 09:20:35
1646731236156252000,24.05,1,24.05,2,24.1,11,2,2022-03-08 09:20:36
1646731238588139000,24.1,2,24.05,3,24.1,9,1,2022-03-08 09:20:38
1646731238939275000,24.05,3,24.0,33,24.05,5,2,2022-03-08 09:20:38
1646731243147344000,24.05,1,24.0,32,24.05,5,1,2022-03-08 09:20:43
1646731243899037000,24.05,5,24.0,32,24.05,100,1,2022-03-08 09:20:43
1646731247603360000,24.0,1,24.0,53,24.05,100,2,2022-03-08 09:20:47
1646731248583311000,24.0,2,24.0,51,24.05,100,2,2022-03-08 09:20:48
1646731248623715000,24.0,1,24.0,50,24.05,100,2,2022-03-08 09:20:48
1646731248843189000,24.05,1,24.0,50,24.05,99,1,2022-03-08 09:20:48
1646731251159055000,24.0,5,24.0,50,24.05,104,2,2022-03-08 09:20:51
1646731251200704000,24.0,1,24.0,49,24.05,104,2,2022-03-08 09:20:51
1646731251229117000,24.0,1,24.0,48,24.05,104,2,2022-03-08 09:20:51
1646731251845958000,24.0,1,24.0,47,24.05,109,2,2022-03-08 09:20:51
1646731252770361000,24.0,1,24.0,86,24.05,109,2,2022-03-08 09:20:52
1646731254912813000,24.0,2,24.0,100,24.05,111,2,2022-03-08 09:20:54
1646731255752764000,24.05,1,24.0,100,24.05,110,1,2022-03-08 09:20:55
1646731256072777000,24.0,1,24.0,99,24.05,110,2,2022-03-08 09:20:56
1646731256131656000,24.0,1,24.0,109,24.05,110,2,2022-03-08 09:20:56
1646731258155939000,24.0,1,24.0,108,24.05,110,2,2022-03-08 09:20:58
1646731258200934000,24.05,10,24.0,108,24.05,100,1,2022-03-08 09:20:58
1646731258254682000,24.0,1,24.0,107,24.05,100,2,2022-03-08 09:20:58
1646731262103640000,24.0,1,24.0,107,24.05,100,2,2022-03-08 09:21:02
1646731266167973000,24.0,1,24.0,114,24.05,100,2,2022-03-08 09:21:06
1646731269558088000,24.0,5,24.0,103,24.05,95,2,2022-03-08 09:21:09
1646731269585053000,24.0,1,24.0,102,24.05,95,2,2022-03-08 09:21:09
1646731273347926000,24.0,4,24.0,101,24.05,95,2,2022-03-08 09:21:13
1646731276495485000,24.05,1,24.0,102,24.05,94,1,2022-03-08 09:21:16
1646731277477322000,24.0,1,24.0,101,24.05,89,2,2022-03-08 09:21:17
1646731283966770000,24.0,100,24.0,6,24.05,89,2,2022-03-08 09:21:23
1646731283997624000,24.0,1,24.0,6,24.05,89,2,2022-03-08 09:21:23
1646731283998388000,24.0,1,24.0,5,24.05,89,2,2022-03-08 09:21:23
1646731284010783000,24.0,1,24.0,4,24.05,89,2,2022-03-08 09:21:24
1646731284017505000,24.0,1,24.0,3,24.05,89,2,2022-03-08 09:21:24
1646731284019077000,24.0,1,24.0,2,24.05,89,2,2022-03-08 09:21:24
1646731284957135000,24.0,3,23.95,30,24.0,1,2,2022-03-08 09:21:24
1646731285035359000,24.0,1,24.0,2,24.05,89,1,2022-03-08 09:21:25
1646731285952542000,24.0,2,24.0,3,24.05,89,2,2022-03-08 09:21:25
1646731286214069000,24.0,1,24.0,2,24.05,89,2,2022-03-08 09:21:26
1646731286283696000,24.0,1,24.0,1,24.05,89,2,2022-03-08 09:21:26
1646731286782608000,24.0,1,23.95,26,24.05,89,2,2022-03-08 09:21:26
1646731286782608000,23.95,9,23.95,26,24.05,89,2,2022-03-08 09:21:26
1646731286886654000,24.0,1,23.95,26,24.0,2,1,2022-03-08 09:21:26
1646731289975434000,24.0,1,23.95,26,24.0,12,1,2022-03-08 09:21:29
1646731290656514000,24.0,1,23.95,26,24.0,11,1,2022-03-08 09:21:30
1646731292764055000,24.0,2,23.95,26,24.0,96,1,2022-03-08 09:21:32
1646731294347733000,23.95,4,23.95,22,24.0,96,2,2022-03-08 09:21:34
1646731296074261000,23.95,1,23.95,26,24.0,98,2,2022-03-08 09:21:36
1646731298452712000,24.0,2,23.95,27,24.0,97,1,2022-03-08 09:21:38
1646731298698647000,23.95,1,23.95,26,24.0,97,2,2022-03-08 09:21:38
1646731303367457000,23.95,1,23.95,37,24.0,100,2,2022-03-08 09:21:43
1646731304836702000,24.0,10,23.95,37,24.0,90,1,2022-03-08 09:21:44
1646731304870773000,24.0,6,23.95,38,24.0,84,1,2022-03-08 09:21:44
1646731304876309000,24.0,11,23.95,38,24.0,73,1,2022-03-08 09:21:44
1646731304893325000,24.0,18,23.95,38,24.0,55,1,2022-03-08 09:21:44
1646731304913954000,24.0,3,23.95,38,24.0,52,1,2022-03-08 09:21:44
1646731304937835000,24.0,15,23.95,38,24.0,37,1,2022-03-08 09:21:44
1646731305199577000,23.95,1,23.95,37,24.0,37,2,2022-03-08 09:21:45
1646731305229384000,23.95,1,23.95,36,24.0,37,2,2022-03-08 09:21:45
1646731305321383000,24.0,3,23.95,36,24.0,34,1,2022-03-08 09:21:45
1646731305344720000,24.0,3,23.95,36,24.0,31,1,2022-03-08 09:21:45
1646731305514396000,24.0,3,23.95,36,24.0,28,1,2022-03-08 09:21:45
1646731305549398000,24.0,1,23.95,36,24.0,27,1,2022-03-08 09:21:45
1646731305638230000,24.0,6,23.95,36,24.0,21,1,2022-03-08 09:21:45
1646731305669175000,24.0,1,23.95,36,24.0,20,1,2022-03-08 09:21:45
1646731306032330000,24.0,7,23.95,36,24.0,13,1,2022-03-08 09:21:46
1646731306060573000,24.0,3,23.95,36,24.0,10,1,2022-03-08 09:21:46
1646731306202097000,24.0,4,23.95,36,24.0,6,1,2022-03-08 09:21:46
1646731306222796000,24.0,2,23.95,36,24.0,4,1,2022-03-08 09:21:46
1646731306535574000,24.0,1,23.95,36,24.0,3,1,2022-03-08 09:21:46
1646731306562969000,24.0,1,23.95,36,24.0,2,1,2022-03-08 09:21:46
1646731306570070000,24.0,1,23.95,36,24.0,1,1,2022-03-08 09:21:46
1646731306822567000,24.0,1,24.0,3,24.05,2,1,2022-03-08 09:21:46
1646731306895236000,24.0,1,24.0,2,24.05,2,2,2022-03-08 09:21:46
1646731307328470000,24.0,5,24.0,18,24.05,2,2,2022-03-08 09:21:47
1646731308505098000,24.05,2,24.05,1,24.1,7,1,2022-03-08 09:21:48
1646731311368962000,24.05,1,24.05,1,24.1,7,2,2022-03-08 09:21:51
1646731312877280000,24.1,1,24.05,6,24.1,6,1,2022-03-08 09:21:52
1646731313148805000,24.1,1,24.05,6,24.1,5,1,2022-03-08 09:21:53
1646731315931078000,24.1,5,24.1,18,24.15,2,1,2022-03-08 09:21:55
1646731317257498000,24.1,6,24.1,12,24.15,2,2,2022-03-08 09:21:57
1646731321125980000,24.15,1,24.1,12,24.15,4,1,2022-03-08 09:22:01
