ts,close,volume,bid_price,bid_volume,ask_price,ask_volume,tick_type,datetime
1646730002721170000,24.5,330,24.4,19,24.5,56,0,2022-03-08 09:00:02
1646730002912704000,24.5,1,24.4,19,24.5,55,1,2022-03-08 09:00:02
1646730003341498000,24.4,19,24.2,2,24.5,55,2,2022-03-08 09:00:03
1646730003341498000,24.35,1,24.2,2,24.5,55,2,2022-03-08 09:00:03
1646730003341498000,24.2,1,24.2,2,24.5,55,2,2022-03-08 09:00:03
1646730015109432000,24.2,2,24.1,1,24.4,5,2,2022-03-08 09:00:15
1646730019120099000,24.1,1,24.0,6,24.25,1,2,2022-03-08 09:00:19
1646730019120099000,24.0,2,24.0,6,24.25,1,2,2022-03-08 09:00:19
1646730019303526000,24.2,1,24.0,6,24.25,6,2,2022-03-08 09:00:19
1646730021864016000,24.2,1,24.0,6,24.25,1,2,2022-03-08 09:00:21
1646730023888180000,24.1,1,24.0,4,24.25,11,2,2022-03-08 09:00:23
1646730023888180000,24.0,2,24.0,4,24.25,11,2,2022-03-08 09:00:23
1646730025276444000,24.0,2,24.0,2,24.2,4,2,2022-03-08 09:00:25
1646730025991750000,24.15,1,24.0,2,24.25,1,1,2022-03-08 09:00:25
1646730025991750000,24.2,4,24.0,2,24.25,1,1,2022-03-08 09:00:25
1646730026885134000,24.05,2,24.0,2,24.1,1,1,2022-03-08 09:00:26
1646730028511363000,24.1,10,24.0,2,24.1,1,1,2022-03-08 09:00:28
1646730028538615000,24.1,1,24.0,2,24.25,1,1,2022-03-08 09:00:28
1646730030796950000,24.2,1,23.9,1,23.95,1,2,2022-03-08 09:00:30
1646730030796950000,24.05,1,23.9,1,23.95,1,2,2022-03-08 09:00:30
1646730030796950000,24.0,2,23.9,1,23.95,1,2,2022-03-08 09:00:30
1646730030828138000,23.95,1,23.9,1,24.25,1,1,2022-03-08 09:00:30
1646730032043632000,24.05,1,23.9,1,24.4,2,1,2022-03-08 09:00:32
1646730032388305000,23.9,1,23.8,2,24.4,2,2,2022-03-08 09:00:32
1646730032388305000,23.8,2,23.8,2,24.4,2,2,2022-03-08 09:00:32
1646730032891329000,24.4,2,23.8,2,24.45,12,1,2022-03-08 09:00:32
1646730032891329000,24.45,1,23.8,2,24.45,12,1,2022-03-08 09:00:32
1646730037141777000,23.9,1,23.8,2,24.4,2,2,2022-03-08 09:00:37
1646730043931424000,23.9,1,23.8,2,24.4,4,2,2022-03-08 09:00:43
1646730048651960000,24.4,4,24.0,1,24.4,1,1,2022-03-08 09:00:48
1646730062017422000,24.2,2,24.1,1,24.3,2,1,2022-03-08 09:01:02
1646730062017422000,24.3,4,24.1,1,24.3,2,1,2022-03-08 09:01:02
1646730066686183000,24.3,1,24.1,1,24.3,2,1,2022-03-08 09:01:06
1646730067655047000,24.3,1,24.1,3,24.3,1,1,2022-03-08 09:01:07
1646730067657963000,24.3,1,24.1,3,24.35,2,1,2022-03-08 09:01:07
1646730072611825000,24.1,3,24.05,3,24.1,12,2,2022-03-08 09:01:12
1646730076368504000,24.1,1,24.05,4,24.1,11,1,2022-03-08 09:01:16
1646730077346429000,24.1,1,24.05,4,24.1,10,1,2022-03-08 09:01:17
1646730080304183000,24.05,1,24.05,3,24.1,10,2,2022-03-08 09:01:20
1646730082832947000,24.1,3,24.05,3,24.1,7,1,2022-03-08 09:01:22
1646730082856276000,24.1,1,24.05,3,24.1,6,1,2022-03-08 09:01:22
1646730090071416000,24.1,5,24.05,4,24.1,4,1,2022-03-08 09:01:30
1646730090111426000,24.1,3,24.05,4,24.1,1,1,2022-03-08 09:01:30
1646730090752801000,24.1,1,24.05,4,24.25,2,1,2022-03-08 09:01:30
1646730093554217000,24.05,3,24.05,2,24.25,2,2,2022-03-08 09:01:33
1646730101193333000,24.2,1,24.15,1,24.25,2,1,2022-03-08 09:01:41
1646730102567770000,24.2,1,24.15,1,24.3,10,1,2022-03-08 09:01:42
1646730102567770000,24.25,2,24.15,1,24.3,10,1,2022-03-08 09:01:42
1646730102567770000,24.3,1,24.15,1,24.3,10,1,2022-03-08 09:01:42
1646730104414121000,24.15,1,24.1,20,24.3,10,2,2022-03-08 09:01:44
1646730111668375000,24.2,1,24.2,3,24.3,12,1,2022-03-08 09:01:51
1646730114313789000,24.25,1,24.2,13,24.25,7,1,2022-03-08 09:01:54
1646730116480370000,24.25,1,24.2,13,24.25,6,1,2022-03-08 09:01:56
1646730119877344000,24.25,1,24.2,13,24.25,5,1,2022-03-08 09:01:59
1646730124490031000,24.25,1,24.2,14,24.25,4,1,2022-03-08 09:02:04
1646730125735223000,24.25,1,24.2,14,24.25,3,1,2022-03-08 09:02:05
1646730130279592000,24.25,3,24.25,17,24.3,10,1,2022-03-08 09:02:10
1646730135609899000,24.3,1,24.25,17,24.3,9,1,2022-03-08 09:02:15
1646730141631432000,24.3,1,24.25,19,24.3,8,1,2022-03-08 09:02:21
1646730149748711000,24.25,21,24.2,14,24.25,9,2,2022-03-08 09:02:29
1646730149862257000,24.25,1,24.2,14,24.25,8,1,2022-03-08 09:02:29
1646730150206268000,24.25,1,24.2,14,24.25,7,1,2022-03-08 09:02:30
1646730150718470000,24.2,4,24.2,10,24.25,7,2,2022-03-08 09:02:30
1646730150742584000,24.2,1,24.2,9,24.25,7,2,2022-03-08 09:02:30
1646730152220222000,24.2,9,24.15,1,24.25,8,2,2022-03-08 09:02:32
1646730152220222000,24.15,1,24.15,1,24.25,8,2,2022-03-08 09:02:32
1646730152247521000,24.15,1,24.1,1,24.25,8,2,2022-03-08 09:02:32
1646730160385581000,24.25,10,24.1,1,24.25,9,1,2022-03-08 09:02:40
1646730170507792000,24.15,1,24.1,2,24.2,3,1,2022-03-08 09:02:50
1646730172213640000,24.2,1,24.1,2,24.2,2,1,2022-03-08 09:02:52
1646730180161572000,24.15,2,24.1,4,24.2,3,2,2022-03-08 09:03:00
1646730182623920000,24.1,4,24.05,1,24.2,3,2,2022-03-08 09:03:02
1646730182623920000,24.05,4,24.05,1,24.2,3,2,2022-03-08 09:03:02
1646730187497180000,24.05,2,24.05,4,24.2,3,2,2022-03-08 09:03:07
1646730194002831000,24.05,1,24.05,5,24.15,1,2,2022-03-08 09:03:14
1646730194883505000,24.05,5,24.0,13,24.1,2,2,2022-03-08 09:03:14
1646730198403992000,24.1,2,24.0,13,24.1,1,1,2022-03-08 09:03:18
1646730199110855000,24.1,1,24.0,13,24.15,1,1,2022-03-08 09:03:19
1646730200166328000,24.05,1,24.0,13,24.05,7,2,2022-03-08 09:03:20
1646730389494192000,23.1,147,23.05,5,23.45,7,2,2022-03-08 09:06:29
1646730390488070000,23.1,1,23.05,5,23.45,9,1,2022-03-08 09:06:30
1646730391141770000,23.05,1,23.05,4,23.45,1,2,2022-03-08 09:06:31
1646730394372154000,23.05,1,23.05,3,23.45,7,2,2022-03-08 09:06:34
1646730400368120000,23.15,2,23.1,4,23.45,10,2,2022-03-08 09:06:40
1646730400844188000,23.45,1,23.1,4,23.45,9,1,2022-03-08 09:06:40
1646730405164593000,23.15,2,23.1,1,23.45,11,2,2022-03-08 09:06:45
1646730405164593000,23.1,3,23.1,1,23.45,11,2,2022-03-08 09:06:45
1646730406433546000,23.15,1,23.05,9,23.45,11,2,2022-03-08 09:06:46
1646730406433546000,23.1,1,23.05,9,23.45,11,2,2022-03-08 09:06:46
1646730406690157000,23.05,3,23.05,6,23.45,11,2,2022-03-08 09:06:46
1646730414135455000,23.05,6,23.0,24,23.3,7,2,2022-03-08 09:06:54
1646730414135455000,23.0,11,23.0,24,23.3,7,2,2022-03-08 09:06:54
1646730415650211000,23.0,3,23.0,21,23.25,1,2,2022-03-08 09:06:55
1646730419239975000,23.1,1,23.0,13,23.25,7,2,2022-03-08 09:06:59
1646730419239975000,23.05,4,23.0,13,23.25,7,2,2022-03-08 09:06:59
1646730419239975000,23.0,8,23.0,13,23.25,7,2,2022-03-08 09:06:59
1646730419261432000,23.0,2,23.0,11,23.25,7,2,2022-03-08 09:06:59
1646730419442149000,23.05,6,23.0,11,23.25,7,1,2022-03-08 09:06:59
1646730424784915000,23.0,1,23.0,10,23.25,8,2,2022-03-08 09:07:04
1646730425114034000,23.1,1,23.1,2,23.25,8,2,2022-03-08 09:07:05
1646730426436470000,23.1,2,22.85,8,23.0,2,2,2022-03-08 09:07:06
1646730426436470000,23.05,1,22.85,8,23.0,2,2,2022-03-08 09:07:06
1646730426436470000,23.0,10,22.85,8,23.0,2,2,2022-03-08 09:07:06
1646730426464496000,23.0,2,22.85,8,23.25,8,1,2022-03-08 09:07:06
1646730428643373000,23.05,1,23.05,1,23.1,1,2,2022-03-08 09:07:08
1646730430233802000,23.05,1,22.85,8,23.1,3,2,2022-03-08 09:07:10
1646730431951558000,23.0,5,22.85,4,23.05,4,2,2022-03-08 09:07:11
1646730431951558000,22.9,1,22.85,4,23.05,4,2,2022-03-08 09:07:11
1646730431951558000,22.85,4,22.85,4,23.05,4,2,2022-03-08 09:07:11
1646730432948930000,22.85,1,22.85,3,23.05,4,2,2022-03-08 09:07:12
1646730436356806000,23.0,5,22.9,1,23.05,5,1,2022-03-08 09:07:16
1646730436930040000,22.9,2,0.0,0,0.0,0,2,2022-03-08 09:07:16
1646730436930040000,22.85,3,0.0,0,0.0,0,2,2022-03-08 09:07:16
1646730436930040000,22.8,5,0.0,0,0.0,0,2,2022-03-08 09:07:16
1646730436930040000,22.8,0,0.0,0,0.0,0,2,2022-03-08 09:07:16
1646730828591424000,23.25,282,23.2,3,23.3,2,1,2022-03-08 09:13:48
1646730841221720000,23.2,1,23.2,2,23.25,4,2,2022-03-08 09:14:01
1646730841263434000,23.2,1,23.2,1,23.25,4,2,2022-03-08 09:14:01
1646730841339513000,23.2,1,23.15,7,23.25,4,2,2022-03-08 09:14:01
1646730848364598000,23.25,2,23.2,1,23.25,23,1,2022-03-08 09:14:08
1646730856614094000,23.15,7,23.1,10,23.2,5,2,2022-03-08 09:14:16
1646730856614094000,23.1,3,23.1,10,23.2,5,2,2022-03-08 09:14:16
1646730867148983000,23.1,3,23.1,7,23.15,1,2,2022-03-08 09:14:27
1646730876676630000,23.1,1,23.1,7,23.15,3,2,2022-03-08 09:14:36
1646730892804020000,23.1,2,23.1,4,23.15,5,2,2022-03-08 09:14:52
1646730902685227000,23.15,4,23.15,3,23.2,5,1,2022-03-08 09:15:02
1646730903090535000,23.15,3,23.1,4,23.2,5,2,2022-03-08 09:15:03
1646730903563186000,23.1,4,23.05,4,23.2,5,2,2022-03-08 09:15:03
1646730909192942000,23.1,1,23.05,4,23.2,5,2,2022-03-08 09:15:09
1646730926119260000,23.05,1,23.05,8,23.1,1,2,2022-03-08 09:15:26
1646730926324301000,23.05,3,23.05,5,23.1,1,2,2022-03-08 09:15:26
1646730926995508000,23.1,1,23.05,5,23.15,5,1,2022-03-08 09:15:26
1646730931725172000,23.15,5,23.15,1,23.2,6,1,2022-03-08 09:15:31
1646730937881743000,23.15,1,23.1,1,23.2,6,2,2022-03-08 09:15:37
1646730993786993000,23.15,1,23.15,1,23.2,11,2,2022-03-08 09:16:33
1646731014405161000,23.15,1,23.1,7,23.2,11,2,2022-03-08 09:16:54
1646731037149134000,23.15,5,23.1,7,23.2,11,1,2022-03-08 09:17:17
1646731049219374000,23.15,1,23.1,9,23.2,11,2,2022-03-08 09:17:29
1646731056725821000,23.15,1,23.1,9,23.2,11,1,2022-03-08 09:17:36
1646731077940535000,23.2,10,23.15,2,23.2,2,1,2022-03-08 09:17:57
1646731078614794000,23.2,2,23.15,2,23.25,28,1,2022-03-08 09:17:58
1646731078614794000,23.25,1,23.15,2,23.25,28,1,2022-03-08 09:17:58
1646731092519839000,23.25,5,23.15,8,23.25,23,1,2022-03-08 09:18:12
1646731096375031000,23.25,5,23.15,8,23.25,18,1,2022-03-08 09:18:16
1646731103582282000,23.25,18,23.25,2,23.35,1,1,2022-03-08 09:18:23
1646731103607330000,23.35,1,23.25,2,23.4,13,1,2022-03-08 09:18:23
1646731110241442000,23.25,3,23.15,9,23.25,2,2,2022-03-08 09:18:30
1646731110399870000,23.25,2,23.15,9,23.4,1,1,2022-03-08 09:18:30
1646731110399870000,23.4,12,23.15,9,23.4,1,1,2022-03-08 09:18:30
1646731118929406000,23.4,1,23.3,3,23.45,1,1,2022-03-08 09:18:38
1646731118929406000,23.45,2,23.3,3,23.45,1,1,2022-03-08 09:18:38
1646731121644671000,23.45,1,23.3,3,23.5,2,1,2022-03-08 09:18:41
1646731121644671000,23.5,9,23.3,3,23.5,2,1,2022-03-08 09:18:41
1646731124714381000,23.4,1,23.3,3,23.4,1,1,2022-03-08 09:18:44
1646731124744030000,23.4,1,23.3,3,23.5,2,1,2022-03-08 09:18:44
1646731133929620000,23.4,1,23.4,1,23.45,1,1,2022-03-08 09:18:53
1646731137488807000,23.45,1,23.4,32,23.5,8,1,2022-03-08 09:18:57
1646731151899161000,23.5,1,23.45,1,23.5,7,1,2022-03-08 09:19:11
1646731155330291000,23.5,7,23.5,22,23.6,3,1,2022-03-08 09:19:15
1646731159650125000,23.6,3,23.5,22,23.65,4,1,2022-03-08 09:19:19
1646731159650125000,23.65,2,23.5,22,23.65,4,1,2022-03-08 09:19:19
1646731162095169000,23.65,1,23.5,22,23.65,3,1,2022-03-08 09:19:22
1646731162129490000,23.65,3,23.5,22,23.7,5,1,2022-03-08 09:19:22
1646731164748382000,23.7,1,23.5,22,23.7,4,1,2022-03-08 09:19:24
1646731164883702000,23.7,2,23.5,22,23.7,2,1,2022-03-08 09:19:24
1646731165981791000,23.7,2,23.7,20,23.75,1,1,2022-03-08 09:19:25
1646731170635868000,23.7,2,23.7,19,23.75,1,2,2022-03-08 09:19:30
1646731171234013000,23.75,1,23.7,19,23.8,1,1,2022-03-08 09:19:31
1646731171761657000,23.8,1,23.7,19,23.95,6,1,2022-03-08 09:19:31
1646731171761657000,23.9,1,23.7,19,23.95,6,1,2022-03-08 09:19:31
1646731171761657000,23.95,1,23.7,19,23.95,6,1,2022-03-08 09:19:31
1646731172655880000,23.75,1,23.7,15,23.95,6,2,2022-03-08 09:19:32
1646731172655880000,23.7,4,23.7,15,23.95,6,2,2022-03-08 09:19:32
1646731175930610000,23.8,2,23.7,15,23.95,6,2,2022-03-08 09:19:35
1646731181123962000,23.75,1,23.7,15,23.85,1,2,2022-03-08 09:19:41
1646731182788382000,23.8,1,23.85,10,23.9,3,1,2022-03-08 09:19:42
1646731182788382000,23.85,3,23.85,10,23.9,3,1,2022-03-08 09:19:42
1646731184183466000,23.85,10,23.75,6,23.9,1,2,2022-03-08 09:19:44
1646731187741741000,23.85,1,23.75,6,23.9,1,1,2022-03-08 09:19:47
1646731191337289000,23.8,1,23.75,6,23.8,2,1,2022-03-08 09:19:51
1646731192165864000,23.8,1,23.75,6,23.8,1,1,2022-03-08 09:19:52
1646731193606067000,23.8,1,23.8,3,23.9,1,1,2022-03-08 09:19:53
1646731198698231000,23.8,2,23.8,1,23.85,2,2,2022-03-08 09:19:58
1646731198737071000,23.8,1,23.75,6,23.85,2,2,2022-03-08 09:19:58
1646731200453968000,23.85,1,23.75,6,23.85,1,1,2022-03-08 09:20:00
1646731202332562000,23.75,1,23.75,5,23.8,1,2,2022-03-08 09:20:02
1646731202362643000,23.75,5,23.7,5,23.8,1,2,2022-03-08 09:20:02
1646731203340019000,23.7,1,23.7,4,23.8,1,2,2022-03-08 09:20:03
1646731203375098000,23.7,4,23.55,1,23.8,1,2,2022-03-08 09:20:03
1646731204541169000,23.8,1,23.55,1,23.9,3,1,2022-03-08 09:20:04
1646731204541169000,23.85,1,23.55,1,23.9,3,1,2022-03-08 09:20:04
1646731204541169000,23.9,3,23.55,1,23.9,3,1,2022-03-08 09:20:04
1646731209962268000,23.8,2,23.6,1,23.8,2,1,2022-03-08 09:20:09
1646731213047210000,23.8,2,23.8,2,23.85,2,1,2022-03-08 09:20:13
1646731213068522000,23.8,1,23.8,1,23.85,2,2,2022-03-08 09:20:13
1646731213068912000,23.8,1,23.6,1,23.85,2,2,2022-03-08 09:20:13
1646731218656300000,23.75,1,23.6,2,23.75,2,1,2022-03-08 09:20:18
1646731228900835000,23.75,4,23.6,2,23.8,13,1,2022-03-08 09:20:28
1646731243059114000,23.7,1,23.6,2,23.8,13,1,2022-03-08 09:20:43
1646731244043730000,23.65,2,23.6,2,23.75,2,2,2022-03-08 09:20:44
1646731247280590000,23.7,2,23.6,2,23.7,1,2,2022-03-08 09:20:47
1646731258676636000,23.7,1,23.6,2,23.75,1,1,2022-03-08 09:20:58
1646731258676636000,23.75,4,23.6,2,23.75,1,1,2022-03-08 09:20:58
1646731265893834000,23.75,1,23.65,1,23.8,13,1,2022-03-08 09:21:05
1646731277730618000,23.75,2,23.6,2,23.75,1,1,2022-03-08 09:21:17
1646731309166574000,23.6,1,23.6,1,23.75,6,2,2022-03-08 09:21:49
1646731327342861000,23.6,1,23.6,2,23.75,6,2,2022-03-08 09:22:07
1646731328602481000,23.7,1,23.6,2,23.75,4,1,2022-03-08 09:22:08
1646731328602481000,23.75,1,23.6,2,23.75,4,1,2022-03-08 09:22:08
1646731338950179000,23.6,1,23.6,1,23.7,1,2,2022-03-08 09:22:18
1646731349756139000,23.6,1,23.55,1,23.7,2,2,2022-03-08 09:22:29
1646731373587597000,23.65,2,23.55,1,23.65,2,1,2022-03-08 09:22:53
1646731396846311000,23.65,1,23.6,6,23.65,1,1,2022-03-08 09:23:16
1646731453445788000,23.65,1,23.6,8,23.65,1,1,2022-03-08 09:24:13
1646731453468997000,23.65,1,23.6,8,23.7,2,1,2022-03-08 09:24:13
1646731461514483000,23.6,1,23.6,7,23.7,2,2,2022-03-08 09:24:21
1646731482053914000,23.6,3,23.6,4,23.65,3,2,2022-03-08 09:24:42
1646731487454836000,23.6,1,23.6,3,23.65,3,2,2022-03-08 09:24:47
1646731489893886000,23.6,1,23.6,2,23.65,3,2,2022-03-08 09:24:49
1646731491513554000,23.6,2,23.55,3,23.65,3,2,2022-03-08 09:24:51
1646731492034067000,23.55,2,23.55,1,23.6,3,2,2022-03-08 09:24:52
1646731503591758000,23.55,2,23.55,1,23.6,6,2,2022-03-08 09:25:03
1646731509366389000,23.55,1,23.5,6,23.6,6,2,2022-03-08 09:25:09
1646731509843064000,23.5,1,23.5,5,23.6,6,2,2022-03-08 09:25:09
1646731519359838000,23.5,1,23.5,4,23.6,4,2,2022-03-08 09:25:19
1646731529978872000,23.55,1,23.5,4,23.55,3,1,2022-03-08 09:25:29
1646731532958061000,23.5,2,23.5,2,23.55,3,2,2022-03-08 09:25:32
1646731540545324000,23.5,1,23.5,1,23.55,3,2,2022-03-08 09:25:40
1646731542499759000,23.5,1,23.45,1,23.5,1,2,2022-03-08 09:25:42
1646731548075592000,23.5,2,23.45,1,23.5,2,1,2022-03-08 09:25:48
1646731550131268000,23.5,3,23.5,1,23.55,3,1,2022-03-08 09:25:50
1646731552512183000,23.55,3,23.5,8,23.6,5,1,2022-03-08 09:25:52
1646731568319282000,23.55,1,23.5,9,23.55,5,1,2022-03-08 09:26:08
1646731573752482000,23.55,1,23.5,9,23.55,4,1,2022-03-08 09:26:13
1646731577126127000,23.5,6,23.5,3,23.55,4,2,2022-03-08 09:26:17
1646731578827783000,23.5,2,23.5,1,23.55,4,2,2022-03-08 09:26:18
1646731580582016000,23.5,1,23.45,3,23.5,9,2,2022-03-08 09:26:20
1646731588598984000,23.45,1,23.45,2,23.5,9,2,2022-03-08 09:26:28
1646731588961457000,23.5,2,23.45,2,23.5,7,1,2022-03-08 09:26:28
1646731591180460000,23.45,2,23.4,5,23.5,7,2,2022-03-08 09:26:31
1646731592496787000,23.4,1,23.4,4,23.5,7,2,2022-03-08 09:26:32
1646731596562524000,23.45,1,23.4,4,23.45,1,1,2022-03-08 09:26:36
1646731612880584000,23.4,2,23.4,2,23.45,3,2,2022-03-08 09:26:52
1646731616045599000,23.4,2,23.35,1,23.45,7,2,2022-03-08 09:26:56
1646731634417836000,23.35,2,23.3,1,23.45,7,2,2022-03-08 09:27:14
1646731635401586000,23.35,4,23.3,1,23.45,2,1,2022-03-08 09:27:15
1646731640885339000,23.45,1,23.3,1,23.45,1,1,2022-03-08 09:27:20
1646731689216036000,23.35,1,23.25,2,23.45,4,2,2022-03-08 09:28:09
1646731689216036000,23.3,2,23.25,2,23.45,4,2,2022-03-08 09:28:09
1646731715157947000,23.4,1,23.35,1,23.45,3,1,2022-03-08 09:28:35
1646731717907184000,23.45,3,23.45,1,23.5,7,1,2022-03-08 09:28:37
1646731724909558000,23.45,1,23.35,1,23.5,7,2,2022-03-08 09:28:44
1646731754330285000,23.45,1,23.4,1,23.5,7,1,2022-03-08 09:29:14
1646731772435802000,23.5,1,23.4,1,23.5,6,1,2022-03-08 09:29:32
1646731799281442000,23.45,1,23.4,3,23.5,6,1,2022-03-08 09:29:59
1646731854048898000,23.4,5,23.35,1,23.4,3,2,2022-03-08 09:30:54
1646731854088360000,23.4,3,23.35,1,23.55,4,1,2022-03-08 09:30:54
1646731891445629000,23.35,2,23.3,5,23.5,1,2,2022-03-08 09:31:31
1646731911615069000,23.5,1,23.35,1,23.55,4,1,2022-03-08 09:31:51
1646731933275426000,23.4,1,23.4,10,23.55,4,2,2022-03-08 09:32:13
1646731948919638000,23.5,2,23.4,10,23.5,4,1,2022-03-08 09:32:28
1646731959945273000,23.4,1,23.4,9,23.5,4,2,2022-03-08 09:32:39
1646731960640674000,23.5,3,23.4,9,23.5,1,1,2022-03-08 09:32:40
1646731960659384000,23.5,1,23.4,9,23.55,4,1,2022-03-08 09:32:40
1646731979651705000,23.4,2,23.4,7,23.5,2,2,2022-03-08 09:32:59
1646731981608515000,23.4,1,23.4,6,23.5,2,2,2022-03-08 09:33:01
1646732061211108000,23.45,2,23.4,5,23.5,2,2,2022-03-08 09:34:21
1646732061211108000,23.4,1,23.4,5,23.5,2,2,2022-03-08 09:34:21
1646732074190369000,23.4,1,23.4,4,23.5,2,2,2022-03-08 09:34:34
1646732097813332000,23.4,1,23.4,3,23.5,7,2,2022-03-08 09:34:57
1646732200897683000,23.4,3,23.35,3,23.4,7,2,2022-03-08 09:36:40
1646732204105833000,23.4,6,23.35,3,23.4,1,1,2022-03-08 09:36:44
1646732222011374000,23.4,1,23.35,3,23.45,2,1,2022-03-08 09:37:02
1646732250108845000,23.4,2,23.35,5,23.45,3,2,2022-03-08 09:37:30
1646732322232628000,23.45,1,23.35,6,23.45,1,1,2022-03-08 09:38:42
1646732384200750000,23.45,1,23.4,3,23.5,7,1,2022-03-08 09:39:44
1646732422614474000,23.4,4,23.4,1,23.5,7,2,2022-03-08 09:40:22
1646732422643784000,23.4,1,23.35,6,23.5,7,2,2022-03-08 09:40:22
1646732447572795000,23.5,7,23.35,4,23.55,4,1,2022-03-08 09:40:47
1646732455504039000,23.35,1,23.35,3,23.55,4,2,2022-03-08 09:40:55
1646732632994735000,23.35,2,23.35,29,23.5,6,2,2022-03-08 09:43:52
1646732701011206000,23.45,1,23.4,20,23.5,6,2,2022-03-08 09:45:01
1646732717525100000,23.45,1,23.4,20,23.5,7,1,2022-03-08 09:45:17
1646732774763377000,23.5,7,23.45,7,23.55,14,1,2022-03-08 09:46:14
1646732785301496000,23.55,1,23.45,7,23.55,13,1,2022-03-08 09:46:25
1646732806204236000,23.55,1,23.45,7,23.55,12,1,2022-03-08 09:46:46
1646732813352196000,23.55,5,23.5,4,23.55,7,1,2022-03-08 09:46:53
1646732813393857000,23.55,7,23.5,4,23.6,4,1,2022-03-08 09:46:53
1646732821762403000,23.55,1,23.5,4,23.55,2,2,2022-03-08 09:47:01
1646732848384745000,23.55,4,23.45,8,23.55,4,1,2022-03-08 09:47:28
1646732863393652000,23.55,2,23.5,1,23.55,5,1,2022-03-08 09:47:43
1646732864794906000,23.55,5,23.55,5,23.6,4,1,2022-03-08 09:47:44
1646732871521947000,23.6,4,23.55,6,23.65,2,1,2022-03-08 09:47:51
1646732871521947000,23.65,1,23.55,6,23.65,2,1,2022-03-08 09:47:51
1646732880314280000,23.65,2,23.55,6,23.7,3,1,2022-03-08 09:48:00
1646732897730907000,23.7,1,23.65,1,23.7,2,1,2022-03-08 09:48:17
1646732902253542000,23.65,1,23.65,1,23.7,2,2,2022-03-08 09:48:22
1646732912919916000,23.7,1,23.65,2,23.7,1,1,2022-03-08 09:48:32
1646732918158285000,23.7,1,23.65,2,23.75,10,1,2022-03-08 09:48:38
1646732927462012000,23.75,1,23.7,2,23.75,9,1,2022-03-08 09:48:47
1646732930623699000,23.7,2,23.65,2,23.75,9,2,2022-03-08 09:48:50
1646732931301090000,23.75,1,23.65,2,23.75,8,1,2022-03-08 09:48:51
1646732936815431000,23.75,8,23.7,6,23.95,2,1,2022-03-08 09:48:56
1646732936815431000,23.8,1,23.7,6,23.95,2,1,2022-03-08 09:48:56
1646732936815431000,23.95,1,23.7,6,23.95,2,1,2022-03-08 09:48:56
1646732953278716000,23.95,4,23.85,1,23.95,3,1,2022-03-08 09:49:13
1646732954631409000,23.95,1,23.9,1,23.95,2,1,2022-03-08 09:49:14
1646732955623835000,23.95,1,23.9,1,23.95,1,1,2022-03-08 09:49:15
1646732956951759000,23.95,1,23.9,1,24.0,17,1,2022-03-08 09:49:16
1646732962027873000,23.95,1,23.95,2,24.0,16,2,2022-03-08 09:49:22
1646732964485840000,23.95,2,23.9,1,23.95,8,2,2022-03-08 09:49:24
1646732967391355000,23.9,1,23.85,1,23.95,11,2,2022-03-08 09:49:27
1646732974577187000,23.9,1,23.85,1,23.95,2,1,2022-03-08 09:49:34
1646732980725651000,23.9,1,23.85,1,23.9,1,2,2022-03-08 09:49:40
1646733028947741000,23.75,6,23.55,7,23.9,3,2,2022-03-08 09:50:28
1646733028947741000,23.7,9,23.55,7,23.9,3,2,2022-03-08 09:50:28
1646733110239791000,23.7,2,23.6,1,23.8,3,2,2022-03-08 09:51:50
1646733134794044000,23.7,3,23.7,4,23.9,2,2,2022-03-08 09:52:14
1646733290803216000,23.85,1,23.75,4,23.9,2,1,2022-03-08 09:54:50
1646733347482133000,23.8,1,23.75,4,23.9,2,1,2022-03-08 09:55:47
1646733405266335000,23.75,2,23.75,2,23.85,2,2,2022-03-08 09:56:45
1646733405300923000,23.75,2,23.7,4,23.85,2,2,2022-03-08 09:56:45
1646733436963833000,23.8,1,23.7,4,23.8,2,1,2022-03-08 09:57:16
1646733467443748000,23.8,2,23.7,4,23.85,2,1,2022-03-08 09:57:47
1646733561522394000,23.85,2,23.8,2,23.85,2,1,2022-03-08 09:59:21
1646733568261547000,23.85,1,23.8,2,23.85,1,1,2022-03-08 09:59:28
1646733616596456000,23.8,2,23.7,6,23.85,17,2,2022-03-08 10:00:16
1646733638748590000,23.85,1,23.7,5,23.85,16,1,2022-03-08 10:00:38
1646733674940577000,23.8,1,23.7,4,23.8,2,1,2022-03-08 10:01:14
1646733683313237000,23.8,2,23.8,3,23.85,27,1,2022-03-08 10:01:23
1646733704647092000,23.85,2,23.8,3,23.85,25,1,2022-03-08 10:01:44
1646733728689642000,23.8,1,23.8,3,23.85,26,2,2022-03-08 10:02:08
1646733760887704000,23.8,2,23.75,1,23.8,8,2,2022-03-08 10:02:40
1646733761560330000,23.8,9,23.75,1,23.85,6,1,2022-03-08 10:02:41
1646733761560330000,23.85,21,23.75,1,23.85,6,1,2022-03-08 10:02:41
1646733774957282000,23.85,4,23.75,1,23.85,2,1,2022-03-08 10:02:54
1646733774978513000,23.85,2,23.75,1,23.9,2,1,2022-03-08 10:02:54
1646733775000583000,23.9,1,23.75,1,23.9,1,1,2022-03-08 10:02:55
1646733785918621000,23.9,1,23.8,1,23.9,1,1,2022-03-08 10:03:05
1646733826913218000,23.9,1,23.85,1,23.95,3,1,2022-03-08 10:03:46
1646733882432800000,23.9,1,23.9,1,23.95,3,2,2022-03-08 10:04:42
1646733882466713000,23.9,1,23.85,1,23.95,3,2,2022-03-08 10:04:42
1646733895280936000,23.9,1,23.8,1,23.9,1,2,2022-03-08 10:04:55
1646733909736315000,23.9,1,23.8,1,23.9,1,1,2022-03-08 10:05:09
1646733942256186000,23.9,1,23.8,1,23.9,1,1,2022-03-08 10:05:42
1646733976873674000,23.9,1,23.9,4,23.95,3,1,2022-03-08 10:06:16
1646733988584628000,23.9,4,23.8,1,23.95,5,2,2022-03-08 10:06:28
1646734035572400000,23.9,1,23.8,1,23.95,6,1,2022-03-08 10:07:15
1646734035572400000,23.95,1,23.8,1,23.95,6,1,2022-03-08 10:07:15
1646734047899499000,23.95,1,23.8,1,23.95,5,1,2022-03-08 10:07:27
1646734061384752000,23.8,1,23.7,3,23.9,5,2,2022-03-08 10:07:41
1646734110721020000,23.7,2,23.65,3,23.8,1,2,2022-03-08 10:08:30
1646734114728169000,23.8,1,23.65,3,23.8,1,1,2022-03-08 10:08:34
1646734140515985000,23.8,1,23.7,6,23.85,2,1,2022-03-08 10:09:00
1646734155837693000,23.8,2,23.7,6,23.85,2,1,2022-03-08 10:09:15
1646734171064016000,23.8,1,23.8,1,23.85,2,1,2022-03-08 10:09:31
1646734186403843000,23.85,2,23.8,1,23.9,5,1,2022-03-08 10:09:46
1646734212343278000,23.85,1,23.85,1,23.9,5,2,2022-03-08 10:10:12
1646734224141139000,23.9,1,23.85,1,23.9,4,1,2022-03-08 10:10:24
1646734225389817000,23.85,1,23.8,1,23.9,4,2,2022-03-08 10:10:25
1646734275129433000,23.8,1,23.7,6,23.9,5,2,2022-03-08 10:11:15
1646734275129433000,23.75,1,23.7,6,23.9,5,2,2022-03-08 10:11:15
1646734297446306000,23.7,1,23.7,5,23.85,1,2,2022-03-08 10:11:37
1646734301559418000,23.7,1,23.7,4,23.85,1,2,2022-03-08 10:11:41
1646734327837700000,23.8,2,23.8,3,23.9,4,2,2022-03-08 10:12:07
1646734327862462000,23.8,1,23.8,2,23.9,4,2,2022-03-08 10:12:07
1646734339753484000,23.85,1,23.8,1,23.9,4,2,2022-03-08 10:12:19
1646734339753484000,23.8,1,23.8,1,23.9,4,2,2022-03-08 10:12:19
1646734373901233000,23.85,1,23.8,1,23.9,4,1,2022-03-08 10:12:53
1646734375199269000,23.9,1,23.8,1,23.9,3,1,2022-03-08 10:12:55
1646734376461561000,23.9,1,23.8,1,23.9,2,1,2022-03-08 10:12:56
1646734506501076000,23.85,1,23.8,1,23.9,5,1,2022-03-08 10:15:06
1646734596708840000,23.8,1,23.8,9,23.85,2,2,2022-03-08 10:16:36
1646734629797018000,23.85,1,23.8,9,23.85,6,1,2022-03-08 10:17:09
1646734789210303000,23.8,1,23.8,8,23.85,6,2,2022-03-08 10:19:49
1646734818251337000,23.8,8,23.75,2,23.85,8,2,2022-03-08 10:20:18
1646734860881551000,23.75,2,23.7,4,23.8,1,2,2022-03-08 10:21:00
1646734870597595000,23.7,4,23.65,4,23.8,1,2,2022-03-08 10:21:10
1646734873161593000,23.65,4,23.55,5,23.8,1,2,2022-03-08 10:21:13
1646734873161593000,23.6,4,23.55,5,23.8,1,2,2022-03-08 10:21:13
1646734873161593000,23.55,6,23.55,5,23.8,1,2,2022-03-08 10:21:13
1646734880442107000,23.55,1,23.55,4,23.8,1,2,2022-03-08 10:21:20
1646734940748932000,23.6,1,23.6,4,23.8,3,2,2022-03-08 10:22:20
1646734950100875000,23.6,4,23.55,7,23.8,3,2,2022-03-08 10:22:30
1646734975406908000,23.55,8,23.5,13,23.75,1,2,2022-03-08 10:22:55
1646734995509494000,23.5,6,23.5,7,23.75,2,2,2022-03-08 10:23:15
1646735013647212000,23.5,2,23.5,5,23.7,1,2,2022-03-08 10:23:33
1646735016820734000,23.5,1,23.5,3,23.7,2,2,2022-03-08 10:23:36
1646735017555348000,23.5,1,23.5,2,23.7,2,2,2022-03-08 10:23:37
1646735029813367000,23.5,1,23.5,1,23.7,2,2,2022-03-08 10:23:49
1646735029839112000,23.5,1,23.4,28,23.7,2,2,2022-03-08 10:23:49
1646735045253835000,23.4,16,23.4,12,23.65,1,2,2022-03-08 10:24:05
1646735045413227000,23.4,3,23.4,9,23.65,1,2,2022-03-08 10:24:05
1646735045441992000,23.4,3,23.4,6,23.65,1,2,2022-03-08 10:24:05
1646735049016809000,23.4,2,23.4,4,23.65,1,2,2022-03-08 10:24:09
1646735049046962000,23.4,4,23.35,1,23.65,1,2,2022-03-08 10:24:09
1646735051053695000,23.4,1,23.35,1,23.65,1,2,2022-03-08 10:24:11
1646735068473905000,23.35,1,23.35,2,23.4,2,2,2022-03-08 10:24:28
1646735105647864000,23.4,2,23.35,3,23.65,1,2,2022-03-08 10:25:05
1646735124360702000,23.35,1,23.35,4,23.6,1,2,2022-03-08 10:25:24
1646735166601388000,23.45,1,23.45,1,23.55,2,2,2022-03-08 10:26:06
1646735167866159000,23.45,1,23.35,4,23.55,2,2,2022-03-08 10:26:07
1646735171617461000,23.35,1,23.35,3,23.55,2,2,2022-03-08 10:26:11
1646735366618977000,23.45,1,23.4,4,23.6,1,2,2022-03-08 10:29:26
1646735464753567000,23.45,2,23.45,4,23.6,6,2,2022-03-08 10:31:04
1646735589454001000,23.45,3,23.4,10,23.6,5,2,2022-03-08 10:33:09
1646735619234798000,23.6,1,23.4,10,23.6,4,1,2022-03-08 10:33:39
1646735777850535000,23.45,1,23.4,10,23.6,6,2,2022-03-08 10:36:17
1646736266538768000,23.45,1,23.45,2,23.55,2,2,2022-03-08 10:44:26
1646736266568003000,23.45,2,23.4,12,23.55,2,2,2022-03-08 10:44:26
1646736266598801000,23.4,6,23.4,6,23.55,2,2,2022-03-08 10:44:26
1646736266629737000,23.4,4,23.4,2,23.55,2,2,2022-03-08 10:44:26
1646736282988601000,23.4,1,23.4,1,23.55,2,2,2022-03-08 10:44:42
1646736283086549000,23.55,1,23.4,1,23.55,1,1,2022-03-08 10:44:43
1646736294852173000,23.45,1,23.4,2,23.55,5,1,2022-03-08 10:44:54
1646736357424461000,23.5,1,23.45,1,23.55,5,1,2022-03-08 10:45:57
1646736420050479000,23.5,1,23.45,1,23.55,5,2,2022-03-08 10:47:00
1646736610450220000,23.45,1,23.4,2,23.5,1,2,2022-03-08 10:50:10
1646736615448927000,23.4,2,23.35,19,23.5,1,2,2022-03-08 10:50:15
1646736624369947000,23.35,3,23.35,16,23.5,6,2,2022-03-08 10:50:24
1646736624394907000,23.35,4,23.35,12,23.5,6,2,2022-03-08 10:50:24
1646736637669035000,23.35,2,23.35,10,23.4,1,2,2022-03-08 10:50:37
1646736640114145000,23.35,6,23.35,4,23.4,1,2,2022-03-08 10:50:40
1646736640140858000,23.35,4,23.3,16,23.4,1,2,2022-03-08 10:50:40
1646736667401133000,23.35,3,23.35,1,23.5,6,1,2022-03-08 10:51:07
1646736669620298000,23.35,1,23.3,16,23.5,6,2,2022-03-08 10:51:09
1646736670314956000,23.3,10,23.3,6,23.5,6,2,2022-03-08 10:51:10
1646736670468785000,23.3,3,23.3,3,23.5,6,2,2022-03-08 10:51:10
1646736670497457000,23.3,3,23.25,8,23.5,6,2,2022-03-08 10:51:10
1646736734437082000,23.3,2,23.3,1,23.45,6,2,2022-03-08 10:52:14
1646736737023066000,23.3,1,23.25,5,23.45,6,2,2022-03-08 10:52:17
1646736737023066000,23.25,3,23.25,5,23.45,6,2,2022-03-08 10:52:17
1646736765961701000,23.25,1,23.25,4,23.45,6,2,2022-03-08 10:52:45
1646736775771158000,23.25,4,23.2,7,23.25,1,2,2022-03-08 10:52:55
1646736783576934000,23.2,1,23.2,6,23.25,2,2,2022-03-08 10:53:03
1646736784243933000,23.25,2,23.25,1,23.45,5,1,2022-03-08 10:53:04
1646736853924102000,23.3,1,23.3,4,23.5,6,2,2022-03-08 10:54:13
1646736952743168000,23.4,1,23.3,4,23.5,6,1,2022-03-08 10:55:52
1646736990779205000,23.35,1,23.35,2,23.5,6,2,2022-03-08 10:56:30
1646737085712409000,23.35,1,23.35,2,23.45,5,2,2022-03-08 10:58:05
1646737114077582000,23.35,1,23.35,1,23.45,5,2,2022-03-08 10:58:34
1646737136391922000,23.35,1,23.3,4,23.35,3,2,2022-03-08 10:58:56
1646737175019126000,23.3,4,23.25,2,23.35,3,2,2022-03-08 10:59:35
1646737175955172000,23.35,1,23.25,2,23.35,2,1,2022-03-08 10:59:35
1646737185624969000,23.35,2,23.35,1,23.45,5,1,2022-03-08 10:59:45
1646737294979459000,23.4,5,23.35,1,23.4,4,1,2022-03-08 11:01:34
1646737314314898000,23.35,1,23.25,2,23.4,4,2,2022-03-08 11:01:54
1646737352749598000,23.25,2,23.2,6,23.4,4,2,2022-03-08 11:02:32
1646737352749598000,23.2,1,23.2,6,23.4,4,2,2022-03-08 11:02:32
1646737357501244000,23.2,1,23.2,5,23.35,1,2,2022-03-08 11:02:37
1646737414141464000,23.25,1,23.25,1,23.3,1,2,2022-03-08 11:03:34
1646737424808589000,23.25,1,23.25,2,23.35,6,2,2022-03-08 11:03:44
1646737441144680000,23.35,3,23.25,4,23.35,3,1,2022-03-08 11:04:01
1646737448848376000,23.35,3,23.25,4,23.4,4,1,2022-03-08 11:04:08
1646737479249626000,23.35,1,23.35,3,23.4,4,2,2022-03-08 11:04:39
1646737482217429000,23.4,3,23.35,3,23.4,1,1,2022-03-08 11:04:42
1646737482240782000,23.4,1,23.35,3,23.45,4,1,2022-03-08 11:04:42
1646737845438611000,23.35,1,23.35,3,23.5,12,2,2022-03-08 11:10:45
1646737880231679000,23.35,1,23.35,2,23.5,12,2,2022-03-08 11:11:20
1646737885928528000,23.35,1,23.35,1,23.5,12,2,2022-03-08 11:11:25
1646737916572572000,23.35,1,23.3,2,23.5,12,2,2022-03-08 11:11:56
1646737960153144000,23.45,5,23.35,1,23.5,7,1,2022-03-08 11:12:40
1646738009866528000,23.45,1,23.35,5,23.5,3,1,2022-03-08 11:13:29
1646738009866528000,23.5,4,23.35,5,23.5,3,1,2022-03-08 11:13:29
1646738111140431000,23.5,3,23.4,6,23.5,2,1,2022-03-08 11:15:11
1646738210034361000,23.4,4,23.4,2,23.5,8,2,2022-03-08 11:16:50
1646738210065752000,23.4,2,23.35,1,23.5,8,2,2022-03-08 11:16:50
1646738563138458000,23.5,2,23.4,2,23.5,4,1,2022-03-08 11:22:43
1646738635990813000,23.5,2,23.35,2,23.5,2,1,2022-03-08 11:23:55
1646738643028070000,23.5,2,23.5,1,23.55,3,1,2022-03-08 11:24:03
1646739106211833000,23.5,1,23.45,2,23.5,2,1,2022-03-08 11:31:46
1646739106403181000,23.5,1,23.45,2,23.5,1,1,2022-03-08 11:31:46
1646739140771387000,23.45,1,23.45,1,23.5,1,2,2022-03-08 11:32:20
1646739166310425000,23.45,1,23.4,2,23.5,1,2,2022-03-08 11:32:46
1646739243122894000,23.4,1,23.35,2,23.5,3,2,2022-03-08 11:34:03
1646739325703606000,23.3,2,23.25,1,23.4,1,2,2022-03-08 11:35:25
1646739325703606000,23.25,3,23.25,1,23.4,1,2,2022-03-08 11:35:25
1646739330891675000,23.25,1,23.2,5,23.4,1,2,2022-03-08 11:35:30
1646739432832197000,23.2,2,23.2,3,23.4,1,2,2022-03-08 11:37:12
1646739442892488000,23.25,1,23.2,1,23.4,1,2,2022-03-08 11:37:22
1646739442892488000,23.2,2,23.2,1,23.4,1,2,2022-03-08 11:37:22
1646739446500635000,23.2,1,23.15,4,23.2,14,2,2022-03-08 11:37:26
1646739451412985000,23.2,5,23.15,4,23.2,10,1,2022-03-08 11:37:31
1646739451442121000,23.2,10,23.15,4,23.4,2,1,2022-03-08 11:37:31
1646739492860620000,23.2,2,23.2,3,23.4,1,2,2022-03-08 11:38:12
1646739498289429000,23.2,3,23.1,4,23.4,1,2,2022-03-08 11:38:18
1646739498289429000,23.15,5,23.1,4,23.4,1,2,2022-03-08 11:38:18
1646739498289429000,23.1,2,23.1,4,23.4,1,2,2022-03-08 11:38:18
1646739508839844000,23.1,2,23.1,2,23.4,1,2,2022-03-08 11:38:28
1646739510860918000,23.1,2,23.05,8,23.4,1,2,2022-03-08 11:38:30
1646739513307162000,23.15,1,23.05,8,23.4,1,2,2022-03-08 11:38:33
1646739556223778000,23.15,4,23.1,6,23.15,10,2,2022-03-08 11:39:16
1646739615847923000,23.15,4,23.1,7,23.15,6,2,2022-03-08 11:40:15
1646739624762959000,23.1,1,23.1,6,23.15,6,2,2022-03-08 11:40:24
1646739628829975000,23.1,6,23.05,9,23.25,2,2,2022-03-08 11:40:28
1646739656733696000,23.05,7,23.05,2,23.2,1,2,2022-03-08 11:40:56
1646739671189073000,23.05,2,23.0,14,23.2,1,2,2022-03-08 11:41:11
1646739671189073000,23.0,48,23.0,14,23.2,1,2,2022-03-08 11:41:11
1646739691412530000,23.0,3,23.0,10,23.2,1,2,2022-03-08 11:41:31
1646739695073588000,23.0,2,23.0,8,23.15,1,2,2022-03-08 11:41:35
1646739695200754000,23.0,1,23.0,7,23.15,1,2,2022-03-08 11:41:35
1646739696223955000,23.0,1,23.0,6,23.15,1,2,2022-03-08 11:41:36
1646739696825107000,23.0,1,23.0,5,23.15,1,2,2022-03-08 11:41:36
1646739699047676000,23.0,1,23.0,4,23.2,1,2,2022-03-08 11:41:39
1646739701128191000,23.0,4,22.9,9,23.2,1,2,2022-03-08 11:41:41
1646739722503430000,23.0,1,22.95,2,23.2,1,1,2022-03-08 11:42:02
1646739748674925000,23.0,1,23.0,2,23.2,1,2,2022-03-08 11:42:28
1646739827471779000,23.0,3,22.9,10,23.0,6,2,2022-03-08 11:43:47
1646739865573056000,22.95,1,22.95,1,23.0,8,2,2022-03-08 11:44:25
1646739889731138000,22.95,1,22.95,1,23.0,8,2,2022-03-08 11:44:49
1646739892811055000,22.95,1,22.9,10,23.0,8,2,2022-03-08 11:44:52
1646739911226642000,22.9,1,22.9,10,22.95,2,2,2022-03-08 11:45:11
1646739912770032000,22.95,2,23.0,10,23.2,1,1,2022-03-08 11:45:12
1646739912770032000,23.0,8,23.0,10,23.2,1,1,2022-03-08 11:45:12
1646739932138017000,23.05,1,23.05,3,23.2,1,2,2022-03-08 11:45:32
1646739959217974000,23.05,3,23.0,10,23.2,1,2,2022-03-08 11:45:59
1646740183729602000,23.05,1,23.05,9,23.2,1,2,2022-03-08 11:49:43
1646740218726083000,23.05,2,23.05,7,23.25,2,2,2022-03-08 11:50:18
1646740317207837000,23.05,1,23.05,6,23.2,1,2,2022-03-08 11:51:57
1646740395900791000,23.05,1,23.05,6,23.2,6,2,2022-03-08 11:53:15
1646740416697636000,23.05,2,23.05,4,23.2,6,2,2022-03-08 11:53:36
1646740430842249000,23.05,1,23.05,3,23.2,5,2,2022-03-08 11:53:50
1646740430876534000,23.05,2,23.05,1,23.2,5,2,2022-03-08 11:53:50
1646740584872577000,23.15,2,23.1,11,23.2,5,2,2022-03-08 11:56:24
1646740677952539000,23.15,1,23.1,1,23.2,5,1,2022-03-08 11:57:57
1646740680111609000,23.2,5,23.1,1,23.35,1,1,2022-03-08 11:58:00
1646740680111609000,23.25,2,23.1,1,23.35,1,1,2022-03-08 11:58:00
1646740680111609000,23.35,3,23.1,1,23.35,1,1,2022-03-08 11:58:00
1646740910580785000,23.35,2,23.15,3,23.35,6,1,2022-03-08 12:01:50
1646740922392218000,23.35,3,23.15,3,23.35,3,1,2022-03-08 12:02:02
1646740923626047000,23.35,1,23.15,3,23.35,2,1,2022-03-08 12:02:03
1646740928745726000,23.35,1,23.15,3,23.35,1,1,2022-03-08 12:02:08
1646741114439003000,23.35,1,23.35,1,23.4,1,1,2022-03-08 12:05:14
1646741114466461000,23.35,1,23.15,3,23.4,1,2,2022-03-08 12:05:14
1646741306748407000,23.2,1,23.15,3,23.4,1,2,2022-03-08 12:08:26
1646741490986825000,23.2,3,23.15,2,23.3,1,2,2022-03-08 12:11:30
1646741570713876000,23.15,1,23.15,1,23.2,2,2,2022-03-08 12:12:50
1646741585786066000,23.1,1,23.05,5,23.15,2,2,2022-03-08 12:13:05
1646741737974109000,23.1,1,23.05,5,23.15,8,2,2022-03-08 12:15:37
1646741791165527000,23.1,1,23.05,6,23.1,1,1,2022-03-08 12:16:31
1646741808690991000,23.1,3,23.05,6,23.15,6,1,2022-03-08 12:16:48
1646741808749147000,23.05,5,23.05,1,23.15,1,2,2022-03-08 12:16:48
1646741831025684000,23.05,1,23.0,11,23.15,2,2,2022-03-08 12:17:11
1646741873350855000,23.05,1,23.0,11,23.1,5,2,2022-03-08 12:17:53
1646741909549927000,23.05,1,23.0,10,23.05,2,1,2022-03-08 12:18:29
1646741918123253000,23.0,10,22.95,1,23.05,2,2,2022-03-08 12:18:38
1646741918123253000,22.95,20,22.95,1,23.05,2,2,2022-03-08 12:18:38
1646741929933941000,22.95,1,22.9,3,22.95,10,2,2022-03-08 12:18:49
1646741934108294000,22.9,1,22.9,2,22.95,12,2,2022-03-08 12:18:54
1646741934132514000,22.9,2,22.85,1,22.95,12,2,2022-03-08 12:18:54
1646741948585032000,22.9,1,22.85,1,22.9,10,1,2022-03-08 12:19:08
1646741952122034000,22.85,1,22.8,16,22.85,3,2,2022-03-08 12:19:12
1646741955861846000,22.8,1,22.8,15,22.85,4,2,2022-03-08 12:19:15
1646741956079418000,22.8,3,22.8,12,22.85,4,2,2022-03-08 12:19:16
1646741958160987000,22.8,1,22.8,11,22.85,4,2,2022-03-08 12:19:18
1646741968968351000,22.8,1,22.8,10,22.85,4,2,2022-03-08 12:19:28
1646741983399578000,22.8,5,22.8,6,22.85,4,2,2022-03-08 12:19:43
1646741986560877000,22.8,1,22.8,5,22.85,13,2,2022-03-08 12:19:46
1646741988862923000,22.8,2,22.8,3,22.85,13,2,2022-03-08 12:19:48
1646741991856926000,22.8,1,22.8,2,22.85,13,2,2022-03-08 12:19:51
1646741996526319000,22.8,1,22.8,2,22.85,13,2,2022-03-08 12:19:56
1646742006719153000,22.8,2,22.75,4,22.8,3,2,2022-03-08 12:20:06
1646742011604211000,22.75,3,22.75,1,22.8,3,2,2022-03-08 12:20:11
1646742019737420000,22.75,2,22.7,10,22.8,3,2,2022-03-08 12:20:19
1646742019737420000,22.7,2,22.7,10,22.8,3,2,2022-03-08 12:20:19
1646742021866610000,22.7,1,22.7,9,22.8,3,2,2022-03-08 12:20:21
1646742021871455000,22.7,1,22.7,8,22.8,3,2,2022-03-08 12:20:21
1646742021875629000,22.7,1,22.7,7,22.8,3,2,2022-03-08 12:20:21
1646742023785961000,22.7,7,22.55,1,22.7,3,2,2022-03-08 12:20:23
1646742036441814000,22.7,1,22.55,4,22.7,2,1,2022-03-08 12:20:36
1646742077578647000,22.6,1,22.55,5,22.7,6,2,2022-03-08 12:21:17
1646742092483959000,22.55,2,22.55,3,22.7,15,2,2022-03-08 12:21:32
1646742103049706000,22.55,3,22.5,13,22.55,2,2,2022-03-08 12:21:43
1646742104718580000,22.5,1,22.5,12,22.55,2,2,2022-03-08 12:21:44
1646742112141056000,22.5,1,22.5,11,22.55,2,2,2022-03-08 12:21:52
1646742114107227000,22.5,1,22.5,10,22.55,2,2,2022-03-08 12:21:54
1646742115064742000,22.5,8,22.5,2,22.55,2,2,2022-03-08 12:21:55
1646742119068779000,22.55,1,22.5,2,22.55,1,1,2022-03-08 12:21:59
1646742120371187000,22.5,1,22.5,1,22.55,1,2,2022-03-08 12:22:00
1646742123573297000,22.5,1,22.4,7,22.5,4,2,2022-03-08 12:22:03
1646742127021090000,22.4,5,22.4,2,22.5,4,2,2022-03-08 12:22:07
1646742127232089000,22.4,4,22.35,8,22.5,4,2,2022-03-08 12:22:07
1646742127232089000,22.35,5,22.35,8,22.5,4,2,2022-03-08 12:22:07
1646742140130137000,22.35,8,22.3,16,22.35,1,2,2022-03-08 12:22:20
1646742140162757000,22.35,1,22.3,16,22.45,9,1,2022-03-08 12:22:20
1646742144706560000,22.3,4,22.3,12,22.45,9,2,2022-03-08 12:22:24
1646742152020745000,22.3,9,22.3,3,22.5,4,2,2022-03-08 12:22:32
1646742153770805000,22.3,3,22.15,4,22.2,10,2,2022-03-08 12:22:33
1646742153770805000,22.25,2,22.15,4,22.2,10,2,2022-03-08 12:22:33
1646742153770805000,22.2,15,22.15,4,22.2,10,2,2022-03-08 12:22:33
1646742153804628000,22.2,10,22.15,4,22.5,4,1,2022-03-08 12:22:33
1646742153806015000,22.5,4,22.15,4,22.8,2,1,2022-03-08 12:22:33
1646742153806015000,22.55,1,22.15,4,22.8,2,1,2022-03-08 12:22:33
1646742153806015000,22.7,6,22.15,4,22.8,2,1,2022-03-08 12:22:33
1646742153806015000,22.8,2,22.15,4,22.8,2,1,2022-03-08 12:22:33
1646742153806173000,22.8,2,22.15,4,23.25,5,1,2022-03-08 12:22:33
1646742153806173000,23.0,2,22.15,4,23.25,5,1,2022-03-08 12:22:33
1646742153806173000,23.1,4,22.15,4,23.25,5,1,2022-03-08 12:22:33
1646742153806173000,23.15,1,22.15,4,23.25,5,1,2022-03-08 12:22:33
1646742153806173000,23.2,2,22.15,4,23.25,5,1,2022-03-08 12:22:33
1646742153806173000,23.25,2,22.15,4,23.25,5,1,2022-03-08 12:22:33
1646742161906958000,22.15,1,22.15,3,23.25,5,2,2022-03-08 12:22:41
1646742166373111000,22.2,1,22.15,1,23.25,6,2,2022-03-08 12:22:46
1646742166373111000,22.15,2,22.15,1,23.25,6,2,2022-03-08 12:22:46
1646742170207323000,22.15,1,22.15,2,22.9,1,2,2022-03-08 12:22:50
1646742177129083000,22.15,12,22.15,11,22.9,1,2,2022-03-08 12:22:57
1646742177852215000,22.2,1,22.15,11,22.9,1,2,2022-03-08 12:22:57
1646742183878983000,22.15,1,22.15,10,22.8,1,2,2022-03-08 12:23:03
1646742189705289000,22.15,1,22.15,9,22.8,1,2,2022-03-08 12:23:09
1646742195874091000,22.15,3,22.15,6,22.75,1,2,2022-03-08 12:23:15
1646742197131220000,22.4,5,22.15,6,22.75,1,1,2022-03-08 12:23:17
1646742224168195000,22.35,2,22.2,3,22.35,1,1,2022-03-08 12:23:44
1646742224203957000,22.35,1,22.2,5,22.4,1,1,2022-03-08 12:23:44
1646742229907673000,22.4,1,22.2,5,22.45,12,1,2022-03-08 12:23:49
1646742233645223000,22.45,12,22.35,1,22.5,1,1,2022-03-08 12:23:53
1646742233667650000,22.5,1,22.35,1,22.75,1,1,2022-03-08 12:23:53
1646742312561580000,22.55,1,22.35,1,22.5,1,2,2022-03-08 12:25:12
1646742312561580000,22.5,1,22.35,1,22.5,1,2,2022-03-08 12:25:12
1646742312593491000,22.5,1,22.35,1,22.7,2,1,2022-03-08 12:25:12
1646742367310603000,22.45,1,22.35,1,22.7,2,2,2022-03-08 12:26:07
1646742406793097000,22.5,2,22.5,1,22.7,3,2,2022-03-08 12:26:46
1646742408415952000,22.5,1,22.35,1,22.5,2,2,2022-03-08 12:26:48
1646742428043549000,22.5,2,22.35,1,22.7,3,1,2022-03-08 12:27:08
1646742483587335000,22.6,2,22.5,2,22.65,3,1,2022-03-08 12:28:03
1646742500326816000,22.65,1,22.6,1,22.65,2,1,2022-03-08 12:28:20
1646742500423537000,22.65,2,22.6,1,22.7,3,1,2022-03-08 12:28:20
1646742501181269000,22.6,1,22.5,2,22.7,2,2,2022-03-08 12:28:21
1646742523909442000,22.5,2,22.4,2,22.5,10,2,2022-03-08 12:28:43
1646742540352927000,22.5,9,22.4,8,22.5,1,1,2022-03-08 12:29:00
1646742540386801000,22.5,1,22.4,8,22.7,2,1,2022-03-08 12:29:00
1646742550277460000,22.7,2,22.4,8,22.75,2,1,2022-03-08 12:29:10
1646742568594839000,22.75,2,22.45,1,22.9,1,1,2022-03-08 12:29:28
1646742746281479000,22.6,2,22.5,1,22.8,10,2,2022-03-08 12:32:26
1646742827012822000,22.75,1,22.5,1,22.8,10,1,2022-03-08 12:33:47
1646742829064038000,22.75,1,22.5,1,22.8,10,2,2022-03-08 12:33:49
1646742833056237000,22.75,1,22.5,1,22.8,10,1,2022-03-08 12:33:53
1646742901011294000,22.65,1,22.6,4,22.75,4,2,2022-03-08 12:35:01
1646742901043612000,22.6,4,22.55,1,22.75,4,2,2022-03-08 12:35:01
1646742912686622000,22.55,1,22.55,1,22.6,1,2,2022-03-08 12:35:12
1646742912719514000,22.55,1,22.5,1,22.6,1,2,2022-03-08 12:35:12
1646742913235912000,22.6,1,22.5,1,22.6,1,1,2022-03-08 12:35:13
1646742917895466000,22.6,1,22.5,1,22.7,2,1,2022-03-08 12:35:17
1646742918040885000,22.6,2,22.5,1,22.7,2,2,2022-03-08 12:35:18
1646742958943012000,22.55,1,22.55,1,22.6,1,2,2022-03-08 12:35:58
1646742958984535000,22.55,1,22.5,1,22.6,1,2,2022-03-08 12:35:58
1646742959450786000,22.5,1,22.45,1,22.6,1,2,2022-03-08 12:35:59
1646743074142206000,22.5,3,22.45,1,22.6,5,2,2022-03-08 12:37:54
1646743074171150000,22.45,1,22.4,2,22.6,5,2,2022-03-08 12:37:54
1646743090239696000,22.5,1,22.4,3,22.6,5,1,2022-03-08 12:38:10
1646743137037645000,22.6,1,22.45,5,22.6,4,1,2022-03-08 12:38:57
1646743162674530000,22.55,1,22.45,4,22.6,4,1,2022-03-08 12:39:22
1646743180799549000,22.45,1,22.45,3,22.55,1,2,2022-03-08 12:39:40
1646743219016708000,22.45,1,22.45,2,22.55,1,2,2022-03-08 12:40:19
1646743223740118000,22.45,1,22.45,1,22.55,1,2,2022-03-08 12:40:23
1646743223770083000,22.45,1,22.4,4,22.55,1,2,2022-03-08 12:40:23
1646743247045539000,22.4,1,22.4,3,22.45,1,2,2022-03-08 12:40:47
1646743274646834000,22.45,2,22.45,1,22.55,1,1,2022-03-08 12:41:14
1646743288645344000,22.45,1,22.4,3,22.55,1,2,2022-03-08 12:41:28
1646743389072608000,22.4,1,22.4,2,22.45,6,2,2022-03-08 12:43:09
1646743389100911000,22.4,2,22.35,1,22.45,6,2,2022-03-08 12:43:09
1646743423821444000,22.35,1,22.3,2,22.4,2,2,2022-03-08 12:43:43
1646743430360579000,22.4,2,22.3,2,22.45,7,1,2022-03-08 12:43:50
1646743445398937000,22.45,1,22.3,2,22.45,6,1,2022-03-08 12:44:05
1646743445424387000,22.45,6,22.3,2,22.55,1,1,2022-03-08 12:44:05
1646743476575454000,22.55,1,22.3,4,22.6,6,1,2022-03-08 12:44:36
1646743498762529000,22.55,1,22.3,4,22.55,1,1,2022-03-08 12:44:58
1646743619486814000,22.55,1,22.4,6,22.55,3,1,2022-03-08 12:46:59
1646743667297538000,22.55,1,22.4,6,22.55,4,1,2022-03-08 12:47:47
1646743743864793000,22.55,8,22.4,6,22.55,2,1,2022-03-08 12:49:03
1646743758639377000,22.55,2,22.55,1,22.6,6,1,2022-03-08 12:49:18
1646743758664536000,22.55,1,22.4,6,22.6,6,2,2022-03-08 12:49:18
1646743938192098000,22.45,2,22.45,2,22.5,2,2,2022-03-08 12:52:18
1646743938218206000,22.45,2,22.4,7,22.5,2,2,2022-03-08 12:52:18
1646743938559856000,22.5,1,22.4,7,22.5,1,1,2022-03-08 12:52:18
1646743942431819000,22.5,1,22.4,7,22.55,13,1,2022-03-08 12:52:22
1646744038786427000,22.5,1,22.4,8,22.55,13,1,2022-03-08 12:53:58
1646744057881974000,22.4,1,22.4,7,22.5,2,2,2022-03-08 12:54:17
1646744057914641000,22.4,3,22.4,4,22.5,2,2,2022-03-08 12:54:17
1646744061935240000,22.4,4,22.35,1,22.5,2,2,2022-03-08 12:54:21
1646744114928592000,22.35,1,22.3,3,22.4,5,2,2022-03-08 12:55:14
1646744134678655000,22.3,1,22.3,2,22.4,5,2,2022-03-08 12:55:34
1646744145200546000,22.3,2,22.25,5,22.4,5,2,2022-03-08 12:55:45
1646744158492349000,22.25,6,22.2,19,22.4,5,2,2022-03-08 12:55:58
1646744158492349000,22.2,3,22.2,19,22.4,5,2,2022-03-08 12:55:58
1646744198812838000,22.3,1,22.3,3,22.4,5,2,2022-03-08 12:56:38
1646744208334739000,22.3,2,22.3,1,22.4,5,2,2022-03-08 12:56:48
1646744214070631000,22.3,1,22.2,20,22.4,5,2,2022-03-08 12:56:54
1646744232618204000,22.3,2,22.2,21,22.4,5,1,2022-03-08 12:57:12
1646744394224900000,22.35,1,22.25,49,22.3,2,2,2022-03-08 12:59:54
1646744394224900000,22.3,2,22.25,49,22.3,2,2,2022-03-08 12:59:54
1646744394252053000,22.3,2,22.25,49,22.4,7,1,2022-03-08 12:59:54
1646744394719323000,22.4,1,22.25,49,22.4,6,1,2022-03-08 12:59:54
1646744459713580000,22.25,1,22.25,49,22.35,1,2,2022-03-08 13:00:59
1646744460459973000,22.35,1,22.25,49,22.6,3,1,2022-03-08 13:01:00
1646744460459973000,22.4,2,22.25,49,22.6,3,1,2022-03-08 13:01:00
1646744460459973000,22.5,4,22.25,49,22.6,3,1,2022-03-08 13:01:00
1646744460459973000,22.55,8,22.25,49,22.6,3,1,2022-03-08 13:01:00
1646744460459973000,22.6,3,22.25,49,22.6,3,1,2022-03-08 13:01:00
1646744474799690000,22.55,2,22.5,1,22.6,3,1,2022-03-08 13:01:14
1646744476534173000,22.5,1,22.3,1,22.5,1,2,2022-03-08 13:01:16
1646744557256646000,22.55,1,22.55,2,22.6,3,1,2022-03-08 13:02:37
1646744557325316000,22.6,1,22.55,2,22.6,2,1,2022-03-08 13:02:37
1646744568312184000,22.6,2,22.6,1,22.65,1,1,2022-03-08 13:02:48
1646744571104069000,22.6,2,22.55,2,22.65,1,2,2022-03-08 13:02:51
1646744608802161000,22.6,1,22.6,1,22.65,3,2,2022-03-08 13:03:28
1646744609349831000,22.6,1,22.5,4,22.65,3,2,2022-03-08 13:03:29
1646744630564068000,22.5,1,22.5,3,22.6,1,2,2022-03-08 13:03:50
1646744669494695000,22.6,1,22.5,3,22.6,1,1,2022-03-08 13:04:29
1646744671374862000,22.5,3,22.35,4,22.5,1,2,2022-03-08 13:04:31
1646744700580002000,22.5,1,22.4,1,22.6,2,1,2022-03-08 13:05:00
1646744727980656000,22.6,2,22.4,1,22.65,3,1,2022-03-08 13:05:27
1646744738405283000,22.6,2,22.6,1,22.65,3,1,2022-03-08 13:05:38
1646744743618029000,22.6,1,22.35,4,22.65,3,2,2022-03-08 13:05:43
1646744743618029000,22.4,1,22.35,4,22.65,3,2,2022-03-08 13:05:43
1646744774270164000,22.4,1,22.35,5,22.65,3,1,2022-03-08 13:06:14
1646744833806815000,22.45,1,22.4,1,22.5,2,2,2022-03-08 13:07:13
1646745072045131000,22.45,7,22.35,6,22.4,2,2,2022-03-08 13:11:12
1646745072045131000,22.4,11,22.35,6,22.4,2,2,2022-03-08 13:11:12
1646745072090865000,22.4,2,22.35,6,22.5,10,1,2022-03-08 13:11:12
1646745156166112000,22.4,1,22.4,8,22.5,10,2,2022-03-08 13:12:36
1646745165177319000,22.45,1,22.4,8,22.5,2,1,2022-03-08 13:12:45
1646745165177319000,22.5,8,22.4,8,22.5,2,1,2022-03-08 13:12:45
1646745176496141000,22.5,2,22.4,18,22.65,3,1,2022-03-08 13:12:56
1646745257754652000,22.55,1,22.5,2,22.65,3,2,2022-03-08 13:14:17
1646745294354871000,22.55,1,22.7,3,22.75,3,1,2022-03-08 13:14:54
1646745294354871000,22.65,3,22.7,3,22.75,3,1,2022-03-08 13:14:54
1646745294354871000,22.7,2,22.7,3,22.75,3,1,2022-03-08 13:14:54
1646745305194835000,22.7,3,22.5,3,22.7,3,2,2022-03-08 13:15:05
1646745409690616000,22.6,2,22.55,1,22.65,3,2,2022-03-08 13:16:49
1646745409690616000,22.55,1,22.55,1,22.65,3,2,2022-03-08 13:16:49
1646745418349106000,22.6,1,22.5,5,22.65,3,2,2022-03-08 13:16:58
1646745431652205000,22.6,1,22.6,6,22.65,3,2,2022-03-08 13:17:11
1646745442555984000,22.6,6,22.5,6,22.65,3,2,2022-03-08 13:17:22
1646745498035436000,22.6,1,22.5,8,22.6,9,1,2022-03-08 13:18:18
1646745524049730000,22.5,3,22.5,5,22.6,9,2,2022-03-08 13:18:44
1646745613062758000,22.5,3,22.5,13,22.6,9,2,2022-03-08 13:20:13
1646745690780678000,22.55,1,22.5,13,22.6,8,2,2022-03-08 13:21:30
1646745697869315000,22.5,10,22.5,3,22.6,8,2,2022-03-08 13:21:37
1646745712600983000,22.5,1,22.5,2,22.6,8,2,2022-03-08 13:21:52
1646745714372467000,22.5,2,22.45,4,22.5,1,2,2022-03-08 13:21:54
1646745762379908000,22.5,1,22.5,3,22.6,9,2,2022-03-08 13:22:42
1646745810702954000,22.55,2,22.45,3,22.6,2,2,2022-03-08 13:23:30
1646745810702954000,22.5,4,22.45,3,22.6,2,2,2022-03-08 13:23:30
1646745810702954000,22.45,1,22.45,3,22.6,2,2,2022-03-08 13:23:30
1646745822682219000,22.45,2,22.45,1,22.6,2,2,2022-03-08 13:23:42
1646745847510843000,22.45,1,22.4,11,22.6,2,2,2022-03-08 13:24:07
1646745874019244000,22.6,2,22.4,14,22.65,2,1,2022-03-08 13:24:34
1646745874019244000,22.65,1,22.4,14,22.65,2,1,2022-03-08 13:24:34
1646745875580117000,22.4,3,22.4,11,22.65,2,2,2022-03-08 13:24:35
1646745898196528000,22.4,3,22.4,8,22.65,5,2,2022-03-08 13:24:58
1646746200000000000,22.4,114,22.35,10,22.4,10,2,2022-03-08 13:30:00
