ts,close,volume,bid_price,bid_volume,ask_price,ask_volume,tick_type,datetime
1646730009291161000,44.0,677,44.0,9,44.1,20,1,2022-03-08 09:00:09
1646730009757167000,44.0,1,44.0,8,44.1,20,2,2022-03-08 09:00:09
1646730009943075000,44.0,8,43.6,1,44.1,20,2,2022-03-08 09:00:09
1646730009943075000,43.7,2,43.6,1,44.1,20,2,2022-03-08 09:00:09
1646730009943075000,43.6,1,43.6,1,44.1,20,2,2022-03-08 09:00:09
1646730010040608000,44.05,1,43.55,1,44.1,20,1,2022-03-08 09:00:10
1646730010301080000,44.1,4,43.55,1,44.1,16,1,2022-03-08 09:00:10
1646730010321667000,44.1,1,43.55,1,44.1,15,1,2022-03-08 09:00:10
1646730010852940000,44.1,1,43.55,1,44.1,14,1,2022-03-08 09:00:10
1646730011317779000,43.55,1,43.0,4,44.1,14,2,2022-03-08 09:00:11
1646730011317779000,43.5,1,43.0,4,44.1,14,2,2022-03-08 09:00:11
1646730011317779000,43.1,5,43.0,4,44.1,14,2,2022-03-08 09:00:11
1646730011317779000,43.0,3,43.0,4,44.1,14,2,2022-03-08 09:00:11
1646730011751491000,44.1,2,43.0,4,44.1,12,1,2022-03-08 09:00:11
1646730012119409000,43.0,1,43.0,3,44.1,12,2,2022-03-08 09:00:12
1646730012197138000,44.1,2,43.0,3,44.1,10,1,2022-03-08 09:00:12
1646730012641776000,44.1,1,43.0,3,44.1,9,1,2022-03-08 09:00:12
1646730013451243000,44.1,9,43.0,3,44.2,4,1,2022-03-08 09:00:13
1646730013451243000,44.2,1,43.0,3,44.2,4,1,2022-03-08 09:00:13
1646730014299984000,44.2,2,43.05,2,44.2,2,1,2022-03-08 09:00:14
1646730014558877000,44.2,3,43.05,2,44.3,2,1,2022-03-08 09:00:14
1646730014558877000,44.3,2,43.05,2,44.3,2,1,2022-03-08 09:00:14
1646730014949572000,43.0,3,42.8,10,44.3,2,2,2022-03-08 09:00:14
1646730014949572000,42.95,2,42.8,10,44.3,2,2,2022-03-08 09:00:14
1646730014949572000,42.9,1,42.8,10,44.3,2,2,2022-03-08 09:00:14
1646730014949572000,42.8,1,42.8,10,44.3,2,2,2022-03-08 09:00:14
1646730015428037000,44.3,2,42.8,10,44.35,1,1,2022-03-08 09:00:15
1646730015464155000,44.35,1,42.8,10,44.45,6,1,2022-03-08 09:00:15
1646730015464155000,44.45,1,42.8,10,44.45,6,1,2022-03-08 09:00:15
1646730015614009000,44.45,6,43.0,1,44.5,26,1,2022-03-08 09:00:15
1646730015614009000,44.5,3,43.0,1,44.5,26,1,2022-03-08 09:00:15
1646730016056260000,44.5,1,43.0,1,44.5,25,1,2022-03-08 09:00:16
1646730016125418000,44.5,3,43.0,1,44.5,22,1,2022-03-08 09:00:16
1646730016758479000,43.0,1,42.45,1,44.5,22,2,2022-03-08 09:00:16
1646730016758479000,42.85,2,42.45,1,44.5,22,2,2022-03-08 09:00:16
1646730016758479000,42.8,10,42.45,1,44.5,22,2,2022-03-08 09:00:16
1646730016758479000,42.75,4,42.45,1,44.5,22,2,2022-03-08 09:00:16
1646730016758479000,42.7,6,42.45,1,44.5,22,2,2022-03-08 09:00:16
1646730016758479000,42.65,1,42.45,1,44.5,22,2,2022-03-08 09:00:16
1646730016758479000,42.6,1,42.45,1,44.5,22,2,2022-03-08 09:00:16
1646730016758479000,42.55,1,42.45,1,44.5,22,2,2022-03-08 09:00:16
1646730016758479000,42.5,26,42.45,1,44.5,22,2,2022-03-08 09:00:16
1646730017017088000,44.1,1,42.45,27,44.45,2,2,2022-03-08 09:00:17
1646730017119064000,43.8,3,43.8,2,44.45,2,2,2022-03-08 09:00:17
1646730017157201000,43.8,2,42.45,27,44.45,2,2,2022-03-08 09:00:17
1646730017286723000,44.45,1,44.1,3,44.45,1,1,2022-03-08 09:00:17
1646730017404652000,44.1,1,44.1,2,44.45,1,2,2022-03-08 09:00:17
1646730017684866000,44.45,1,44.2,1,44.5,22,1,2022-03-08 09:00:17
1646730017709581000,44.2,1,44.1,32,44.5,22,2,2022-03-08 09:00:17
1646730018001045000,44.15,4,44.15,3,44.5,22,2,2022-03-08 09:00:18
1646730018857709000,44.35,4,44.15,3,44.5,22,1,2022-03-08 09:00:18
1646730018857709000,44.4,1,44.15,3,44.5,22,1,2022-03-08 09:00:18
1646730018936860000,44.5,1,44.2,2,44.5,21,1,2022-03-08 09:00:18
1646730018943161000,44.5,3,44.2,2,44.5,18,1,2022-03-08 09:00:18
1646730019033679000,44.2,2,42.45,1,44.5,18,2,2022-03-08 09:00:19
1646730019033679000,44.15,3,42.45,1,44.5,18,2,2022-03-08 09:00:19
1646730019033679000,44.1,32,42.45,1,44.5,18,2,2022-03-08 09:00:19
1646730019401670000,44.45,1,44.2,1,44.45,4,1,2022-03-08 09:00:19
1646730019532238000,44.2,1,43.0,1,44.1,1,2,2022-03-08 09:00:19
1646730019704809000,43.0,1,42.45,1,44.1,1,2,2022-03-08 09:00:19
1646730019719012000,43.0,0,0.0,0,0.0,0,2,2022-03-08 09:00:19
1646730140045176000,43.0,668,43.0,156,43.05,15,2,2022-03-08 09:02:20
1646730140257755000,43.0,1,43.0,170,43.05,15,2,2022-03-08 09:02:20
1646730141214840000,43.05,1,43.0,172,43.05,14,1,2022-03-08 09:02:21
1646730142019777000,43.05,1,43.0,172,43.05,13,1,2022-03-08 09:02:22
1646730143303412000,43.05,10,43.0,175,43.05,3,1,2022-03-08 09:02:23
1646730143612105000,43.0,2,43.0,173,43.05,3,2,2022-03-08 09:02:23
1646730144006805000,43.05,1,43.0,173,43.05,2,1,2022-03-08 09:02:24
1646730144238676000,43.0,3,43.0,170,43.05,2,2,2022-03-08 09:02:24
1646730144279115000,43.0,1,43.0,169,43.05,2,2,2022-03-08 09:02:24
1646730144489362000,43.05,2,43.05,3,43.1,2,1,2022-03-08 09:02:24
1646730144921257000,43.1,1,43.05,3,43.1,1,1,2022-03-08 09:02:24
1646730145025645000,43.1,1,43.05,3,43.15,11,1,2022-03-08 09:02:25
1646730145139872000,43.05,2,43.05,1,43.15,11,2,2022-03-08 09:02:25
1646730145183311000,43.05,1,43.05,3,43.15,11,2,2022-03-08 09:02:25
1646730145233163000,43.15,1,43.05,4,43.15,10,1,2022-03-08 09:02:25
1646730145240134000,43.15,1,43.05,4,43.15,9,1,2022-03-08 09:02:25
1646730145746825000,43.05,1,43.05,4,43.15,9,2,2022-03-08 09:02:25
1646730145766891000,43.05,1,43.05,3,43.15,9,2,2022-03-08 09:02:25
1646730146747853000,43.15,5,43.05,4,43.15,4,1,2022-03-08 09:02:26
1646730147204757000,43.15,4,43.05,31,43.2,169,1,2022-03-08 09:02:27
1646730147204757000,43.2,4,43.05,31,43.2,169,1,2022-03-08 09:02:27
1646730147223592000,43.2,15,43.05,31,43.2,154,1,2022-03-08 09:02:27
1646730148218872000,43.15,1,43.05,40,43.2,154,2,2022-03-08 09:02:28
1646730148959627000,43.15,1,43.15,12,43.2,154,2,2022-03-08 09:02:28
1646730149249068000,43.15,1,43.15,13,43.2,155,2,2022-03-08 09:02:29
1646730149292766000,43.2,10,43.15,13,43.2,145,1,2022-03-08 09:02:29
1646730149356145000,43.2,2,43.15,13,43.2,143,1,2022-03-08 09:02:29
1646730149764945000,43.2,1,43.15,13,43.2,142,1,2022-03-08 09:02:29
1646730149987875000,43.2,1,43.15,15,43.2,141,1,2022-03-08 09:02:29
1646730150151572000,43.15,2,43.15,13,43.2,141,2,2022-03-08 09:02:30
1646730150199608000,43.2,15,43.15,28,43.2,126,1,2022-03-08 09:02:30
1646730150407486000,43.2,1,43.15,28,43.2,125,1,2022-03-08 09:02:30
1646730150492952000,43.2,1,43.15,28,43.2,124,1,2022-03-08 09:02:30
1646730150525616000,43.2,124,43.15,28,43.25,10,1,2022-03-08 09:02:30
1646730150695092000,43.25,1,43.15,28,43.25,9,1,2022-03-08 09:02:30
1646730150717956000,43.15,10,43.15,18,43.25,9,2,2022-03-08 09:02:30
1646730151095997000,43.25,1,43.2,7,43.25,8,1,2022-03-08 09:02:31
1646730151127535000,43.25,8,43.2,7,43.3,11,1,2022-03-08 09:02:31
1646730151236009000,43.3,1,43.25,5,43.3,10,1,2022-03-08 09:02:31
1646730151366555000,43.3,5,43.25,5,43.3,5,1,2022-03-08 09:02:31
1646730151579914000,43.25,5,43.2,25,43.3,5,2,2022-03-08 09:02:31
1646730151579914000,43.2,5,43.2,25,43.3,5,2,2022-03-08 09:02:31
1646730151800493000,43.3,1,43.25,1,43.3,4,1,2022-03-08 09:02:31
1646730152010504000,43.25,1,43.2,24,43.3,4,2,2022-03-08 09:02:32
1646730152010504000,43.2,1,43.2,24,43.3,4,2,2022-03-08 09:02:32
1646730152014283000,43.3,4,43.2,24,43.5,14,1,2022-03-08 09:02:32
1646730152014283000,43.35,2,43.2,24,43.5,14,1,2022-03-08 09:02:32
1646730152014283000,43.4,2,43.2,24,43.5,14,1,2022-03-08 09:02:32
1646730152014283000,43.5,2,43.2,24,43.5,14,1,2022-03-08 09:02:32
1646730153029941000,43.5,2,43.3,8,43.5,12,1,2022-03-08 09:02:33
1646730153052677000,43.5,1,43.3,8,43.5,11,1,2022-03-08 09:02:33
1646730153141826000,43.5,1,43.4,8,43.5,10,1,2022-03-08 09:02:33
1646730153161613000,43.5,3,43.4,8,43.5,7,1,2022-03-08 09:02:33
1646730153298515000,43.5,2,43.4,8,43.5,5,1,2022-03-08 09:02:33
1646730153321520000,43.5,1,43.4,8,43.5,4,1,2022-03-08 09:02:33
1646730153711973000,43.5,1,43.4,8,43.5,3,1,2022-03-08 09:02:33
1646730153726843000,43.5,2,43.4,8,43.5,1,1,2022-03-08 09:02:33
1646730153864792000,43.5,1,43.4,8,43.6,5,1,2022-03-08 09:02:33
1646730153864792000,43.6,1,43.4,8,43.6,5,1,2022-03-08 09:02:33
1646730154180126000,43.6,1,43.55,1,43.6,4,1,2022-03-08 09:02:34
1646730154196371000,43.6,2,43.55,1,43.6,2,1,2022-03-08 09:02:34
1646730154435699000,43.6,2,43.55,1,43.9,8,1,2022-03-08 09:02:34
1646730154435699000,43.9,1,43.55,1,43.9,8,1,2022-03-08 09:02:34
1646730154721837000,43.9,1,43.6,2,43.9,3,1,2022-03-08 09:02:34
1646730154745878000,43.9,1,43.6,2,43.9,2,1,2022-03-08 09:02:34
1646730155214237000,43.85,1,43.6,2,43.85,4,1,2022-03-08 09:02:35
1646730155500207000,43.8,1,43.55,1,43.8,4,1,2022-03-08 09:02:35
1646730155524887000,43.8,2,43.55,1,43.8,2,1,2022-03-08 09:02:35
1646730155674075000,43.8,1,43.55,1,43.8,1,1,2022-03-08 09:02:35
1646730155849401000,43.8,1,43.55,1,43.85,4,1,2022-03-08 09:02:35
1646730156114117000,43.85,1,43.55,1,43.85,3,1,2022-03-08 09:02:36
1646730156273356000,43.6,1,43.6,1,43.85,3,2,2022-03-08 09:02:36
1646730156303650000,43.6,1,43.55,1,43.85,3,2,2022-03-08 09:02:36
1646730157339210000,43.8,1,43.55,1,43.8,14,1,2022-03-08 09:02:37
1646730157492351000,43.8,10,43.55,1,43.8,4,1,2022-03-08 09:02:37
1646730157596632000,43.55,1,43.5,10,43.8,4,2,2022-03-08 09:02:37
1646730157601667000,43.8,3,43.5,10,43.8,1,1,2022-03-08 09:02:37
1646730157639380000,43.8,1,43.5,10,43.85,3,1,2022-03-08 09:02:37
1646730157639380000,43.85,1,43.5,10,43.85,3,1,2022-03-08 09:02:37
1646730157805711000,43.85,1,43.55,2,43.85,2,1,2022-03-08 09:02:37
1646730157964519000,43.85,2,43.55,2,43.9,2,1,2022-03-08 09:02:37
1646730158226783000,43.9,1,43.55,2,43.9,1,1,2022-03-08 09:02:38
1646730158269497000,43.95,1,43.55,2,44.0,24,1,2022-03-08 09:02:38
1646730158269497000,44.0,9,43.55,2,44.0,24,1,2022-03-08 09:02:38
1646730158487274000,44.0,1,43.85,1,44.0,23,1,2022-03-08 09:02:38
1646730158708554000,44.0,5,43.85,3,44.0,18,1,2022-03-08 09:02:38
1646730158799534000,44.0,2,43.85,3,44.0,16,1,2022-03-08 09:02:38
1646730158873415000,44.0,16,43.85,6,44.1,14,1,2022-03-08 09:02:38
1646730158873415000,44.05,1,43.85,6,44.1,14,1,2022-03-08 09:02:38
1646730158933297000,43.95,1,43.85,6,44.1,14,2,2022-03-08 09:02:38
1646730159491275000,43.85,1,43.85,5,44.1,14,2,2022-03-08 09:02:39
1646730160013923000,44.1,2,43.85,8,44.1,12,1,2022-03-08 09:02:40
1646730160394554000,44.1,2,43.85,8,44.1,10,1,2022-03-08 09:02:40
1646730160426848000,44.1,2,43.85,8,44.1,8,1,2022-03-08 09:02:40
1646730160473611000,44.1,1,43.85,8,44.1,7,1,2022-03-08 09:02:40
1646730160475842000,44.1,5,43.85,8,44.1,2,1,2022-03-08 09:02:40
1646730161381080000,44.1,1,43.85,8,44.1,6,1,2022-03-08 09:02:41
1646730161911563000,44.1,2,43.95,1,44.1,4,1,2022-03-08 09:02:41
1646730162118897000,44.1,1,43.95,2,44.1,3,1,2022-03-08 09:02:42
1646730162170436000,43.95,2,43.85,6,44.1,3,2,2022-03-08 09:02:42
1646730162170436000,43.9,1,43.85,6,44.1,3,2,2022-03-08 09:02:42
1646730162170436000,43.85,3,43.85,6,44.1,3,2,2022-03-08 09:02:42
1646730162746160000,44.1,1,43.85,8,44.1,2,1,2022-03-08 09:02:42
1646730162862857000,44.1,1,43.85,9,44.1,1,1,2022-03-08 09:02:42
1646730162889613000,44.1,1,43.85,9,44.15,1,1,2022-03-08 09:02:42
1646730163134733000,44.15,1,44.05,1,44.2,13,1,2022-03-08 09:02:43
1646730163134733000,44.2,9,44.05,1,44.2,13,1,2022-03-08 09:02:43
1646730163190269000,44.2,4,44.05,1,44.2,9,1,2022-03-08 09:02:43
1646730163675774000,44.2,2,44.1,4,44.2,7,1,2022-03-08 09:02:43
1646730163799196000,44.1,4,44.05,1,44.1,16,2,2022-03-08 09:02:43
1646730163841924000,44.1,10,44.05,1,44.1,6,1,2022-03-08 09:02:43
1646730164293014000,44.1,2,44.05,1,44.1,4,1,2022-03-08 09:02:44
1646730164625189000,44.1,1,44.05,1,44.1,3,1,2022-03-08 09:02:44
1646730165253603000,44.1,1,44.05,1,44.1,5,1,2022-03-08 09:02:45
1646730165298791000,44.1,1,44.05,1,44.1,4,1,2022-03-08 09:02:45
1646730165509240000,44.05,1,43.85,4,44.1,4,2,2022-03-08 09:02:45
1646730165509240000,43.9,1,43.85,4,44.1,4,2,2022-03-08 09:02:45
1646730165509240000,43.85,8,43.85,4,44.1,4,2,2022-03-08 09:02:45
1646730165581739000,44.1,1,43.85,4,44.1,3,1,2022-03-08 09:02:45
1646730165835798000,43.95,1,44.0,1,44.1,4,1,2022-03-08 09:02:45
1646730165835798000,44.0,1,44.0,1,44.1,4,1,2022-03-08 09:02:45
1646730166129866000,44.1,4,44.0,1,44.1,2,1,2022-03-08 09:02:46
1646730166147762000,44.1,2,44.0,1,44.2,7,1,2022-03-08 09:02:46
1646730166307277000,44.2,1,44.0,1,44.2,21,1,2022-03-08 09:02:46
1646730166673015000,44.1,1,44.0,1,44.15,2,2,2022-03-08 09:02:46
1646730166708332000,44.1,2,44.0,1,44.1,8,1,2022-03-08 09:02:46
1646730166730719000,44.1,1,44.0,1,44.1,7,1,2022-03-08 09:02:46
1646730167078268000,44.1,6,44.0,1,44.1,1,1,2022-03-08 09:02:47
1646730167345694000,44.05,1,44.0,1,44.1,1,1,2022-03-08 09:02:47
1646730167359110000,44.0,1,43.9,1,44.1,1,2,2022-03-08 09:02:47
1646730167558231000,44.0,2,43.9,1,44.0,8,1,2022-03-08 09:02:47
1646730167757541000,44.0,8,44.15,19,44.2,21,1,2022-03-08 09:02:47
1646730167757541000,44.1,1,44.15,19,44.2,21,1,2022-03-08 09:02:47
1646730167757541000,44.15,2,44.15,19,44.2,21,1,2022-03-08 09:02:47
1646730167907908000,44.15,1,44.15,18,44.2,21,2,2022-03-08 09:02:47
1646730167979708000,44.15,1,44.15,17,44.2,21,2,2022-03-08 09:02:47
1646730168184238000,44.15,3,44.15,14,44.2,21,2,2022-03-08 09:02:48
1646730168342476000,44.2,1,44.15,14,44.2,20,1,2022-03-08 09:02:48
1646730168418143000,44.15,2,44.15,12,44.2,20,2,2022-03-08 09:02:48
1646730168446594000,44.15,12,44.1,1,44.2,20,2,2022-03-08 09:02:48
1646730168552457000,44.2,2,44.1,1,44.2,18,1,2022-03-08 09:02:48
1646730168746803000,44.1,1,43.9,1,44.2,18,2,2022-03-08 09:02:48
1646730168746803000,44.0,2,43.9,1,44.2,18,2,2022-03-08 09:02:48
1646730168746803000,43.9,1,43.9,1,44.2,18,2,2022-03-08 09:02:48
1646730168809202000,44.2,2,43.9,1,44.2,16,1,2022-03-08 09:02:48
1646730170482908000,44.15,1,44.15,1,44.2,16,2,2022-03-08 09:02:50
1646730171156197000,44.2,2,44.15,4,44.2,14,1,2022-03-08 09:02:51
1646730171454517000,44.2,14,44.2,31,44.4,1,1,2022-03-08 09:02:51
1646730171487488000,44.4,1,44.2,31,44.45,3,1,2022-03-08 09:02:51
1646730171918312000,44.2,2,44.2,31,44.45,3,2,2022-03-08 09:02:51
1646730171926813000,44.2,5,44.2,26,44.45,3,2,2022-03-08 09:02:51
1646730171941895000,44.2,1,44.2,25,44.45,3,2,2022-03-08 09:02:51
1646730174192958000,44.45,1,44.4,1,44.45,3,1,2022-03-08 09:02:54
1646730174223560000,44.4,1,44.25,1,44.45,3,2,2022-03-08 09:02:54
1646730174676234000,44.25,3,44.2,29,44.45,3,2,2022-03-08 09:02:54
1646730174676234000,44.2,42,44.2,29,44.45,3,2,2022-03-08 09:02:54
1646730175208728000,44.45,3,44.2,38,44.5,22,1,2022-03-08 09:02:55
1646730176180095000,44.25,1,44.25,6,44.5,22,2,2022-03-08 09:02:56
1646730177094151000,44.4,1,44.2,43,44.45,2,2,2022-03-08 09:02:57
1646730177094151000,44.3,1,44.2,43,44.45,2,2,2022-03-08 09:02:57
1646730177094151000,44.25,1,44.2,43,44.45,2,2,2022-03-08 09:02:57
1646730177094151000,44.2,2,44.2,43,44.45,2,2,2022-03-08 09:02:57
1646730177161066000,44.25,10,44.2,44,44.5,14,1,2022-03-08 09:02:57
1646730177161066000,44.45,2,44.2,44,44.5,14,1,2022-03-08 09:02:57
1646730177161066000,44.5,8,44.2,44,44.5,14,1,2022-03-08 09:02:57
1646730177485946000,44.2,3,44.2,46,44.5,14,2,2022-03-08 09:02:57
1646730177815772000,44.2,10,44.2,32,44.45,1,2,2022-03-08 09:02:57
1646730178416552000,44.4,1,44.25,1,44.45,1,2,2022-03-08 09:02:58
1646730178551809000,44.45,1,44.25,1,44.5,15,1,2022-03-08 09:02:58
1646730178961054000,44.5,1,44.25,2,44.5,14,1,2022-03-08 09:02:58
1646730179316051000,44.25,1,44.25,1,44.45,1,2,2022-03-08 09:02:59
1646730179375717000,44.45,1,44.25,1,44.5,14,1,2022-03-08 09:02:59
1646730179418845000,44.5,2,44.25,2,44.5,12,1,2022-03-08 09:02:59
1646730180290464000,44.25,1,44.25,11,44.45,1,2,2022-03-08 09:03:00
1646730180743330000,44.45,2,44.25,11,44.45,17,1,2022-03-08 09:03:00
1646730180745335000,44.25,11,44.2,41,44.45,17,2,2022-03-08 09:03:00
1646730180745335000,44.2,7,44.2,41,44.45,17,2,2022-03-08 09:03:00
1646730181045849000,44.45,1,44.2,41,44.45,16,1,2022-03-08 09:03:01
1646730181596236000,44.35,1,44.2,41,44.45,16,2,2022-03-08 09:03:01
1646730182765959000,44.2,14,44.2,28,44.35,5,2,2022-03-08 09:03:02
1646730182803268000,44.2,28,44.15,12,44.35,5,2,2022-03-08 09:03:02
1646730183348648000,44.3,1,44.2,2,44.35,5,2,2022-03-08 09:03:03
1646730184492839000,44.35,2,44.25,1,44.35,3,1,2022-03-08 09:03:04
1646730184993105000,44.35,3,44.25,1,44.4,5,1,2022-03-08 09:03:04
1646730185085380000,44.25,1,44.2,10,44.4,5,2,2022-03-08 09:03:05
1646730185182458000,44.35,2,44.2,10,44.35,10,1,2022-03-08 09:03:05
1646730185572599000,44.35,1,44.25,2,44.35,9,1,2022-03-08 09:03:05
1646730185901141000,44.35,9,44.35,1,44.4,5,1,2022-03-08 09:03:05
1646730186029326000,44.35,1,44.2,8,44.4,5,2,2022-03-08 09:03:06
1646730186029326000,44.3,1,44.2,8,44.4,5,2,2022-03-08 09:03:06
1646730186029326000,44.25,2,44.2,8,44.4,5,2,2022-03-08 09:03:06
1646730186029326000,44.2,2,44.2,8,44.4,5,2,2022-03-08 09:03:06
1646730186352737000,44.3,1,44.2,8,44.3,9,1,2022-03-08 09:03:06
1646730186367523000,44.3,9,44.2,8,44.4,4,1,2022-03-08 09:03:06
1646730186367523000,44.4,1,44.2,8,44.4,4,1,2022-03-08 09:03:06
1646730186819465000,44.25,1,44.2,6,44.4,4,2,2022-03-08 09:03:06
1646730186819465000,44.2,2,44.2,6,44.4,4,2,2022-03-08 09:03:06
1646730188924120000,44.35,1,44.25,3,44.4,13,1,2022-03-08 09:03:08
1646730189479814000,44.35,1,44.25,3,44.4,13,1,2022-03-08 09:03:09
1646730190210177000,44.4,1,44.35,1,44.4,15,1,2022-03-08 09:03:10
1646730190496870000,44.4,2,44.35,1,44.4,15,1,2022-03-08 09:03:10
1646730190529504000,44.35,1,44.3,3,44.35,5,2,2022-03-08 09:03:10
1646730191265247000,44.35,1,44.3,5,44.35,9,1,2022-03-08 09:03:11
1646730191411714000,44.35,1,44.3,5,44.35,8,1,2022-03-08 09:03:11
1646730192043861000,44.35,2,44.3,5,44.35,6,1,2022-03-08 09:03:12
1646730192075259000,44.35,1,44.3,7,44.35,5,1,2022-03-08 09:03:12
1646730192214766000,44.3,5,44.3,2,44.35,5,2,2022-03-08 09:03:12
1646730192434689000,44.35,5,44.3,2,44.4,19,1,2022-03-08 09:03:12
1646730192463027000,44.3,1,44.3,1,44.4,19,2,2022-03-08 09:03:12
1646730192860194000,44.3,1,44.25,5,44.4,29,2,2022-03-08 09:03:12
1646730193577512000,44.25,1,44.25,4,44.35,6,2,2022-03-08 09:03:13
1646730194285379000,44.3,1,44.3,1,44.35,7,2,2022-03-08 09:03:14
1646730195106637000,44.35,1,44.3,1,44.35,6,1,2022-03-08 09:03:15
1646730195521229000,44.3,1,44.3,5,44.35,7,2,2022-03-08 09:03:15
1646730195534344000,44.3,2,44.3,3,44.35,7,2,2022-03-08 09:03:15
1646730195737415000,44.3,3,44.25,4,44.3,2,2,2022-03-08 09:03:15
1646730195798141000,44.3,1,44.25,4,44.3,1,1,2022-03-08 09:03:15
1646730196331135000,44.3,1,44.25,4,44.35,10,1,2022-03-08 09:03:16
1646730196417711000,44.35,1,44.25,5,44.35,9,1,2022-03-08 09:03:16
1646730196916134000,44.3,1,44.25,5,44.35,9,1,2022-03-08 09:03:16
1646730197140028000,44.35,1,44.25,5,44.35,8,1,2022-03-08 09:03:17
1646730197287831000,44.25,5,44.2,45,44.25,4,2,2022-03-08 09:03:17
1646730197829044000,44.25,1,44.2,45,44.25,3,1,2022-03-08 09:03:17
1646730198025205000,44.25,3,44.2,45,44.35,8,1,2022-03-08 09:03:18
1646730198909035000,44.35,1,44.3,1,44.35,9,1,2022-03-08 09:03:18
1646730198992756000,44.35,1,44.3,1,44.35,8,1,2022-03-08 09:03:18
1646730199738058000,44.35,2,44.3,2,44.35,6,1,2022-03-08 09:03:19
1646730199849645000,44.35,1,44.3,2,44.35,5,1,2022-03-08 09:03:19
1646730199962879000,44.3,2,44.25,1,44.35,7,2,2022-03-08 09:03:19
1646730200113245000,44.35,2,44.25,1,44.35,6,1,2022-03-08 09:03:20
1646730200181548000,44.35,2,44.25,1,44.35,4,1,2022-03-08 09:03:20
1646730200265403000,44.25,1,44.2,47,44.35,4,2,2022-03-08 09:03:20
1646730200489970000,44.35,1,44.2,47,44.35,3,1,2022-03-08 09:03:20
1646730201862992000,44.3,1,44.25,1,44.3,3,1,2022-03-08 09:03:21
1646730201986829000,44.25,1,44.2,56,44.3,3,2,2022-03-08 09:03:21
1646730201986829000,44.2,2,44.2,56,44.3,3,2,2022-03-08 09:03:21
1646730202652591000,44.3,1,44.25,2,44.3,5,1,2022-03-08 09:03:22
1646730202909722000,44.3,1,44.25,2,44.3,4,1,2022-03-08 09:03:22
1646730203383375000,44.25,1,44.25,1,44.3,4,2,2022-03-08 09:03:23
1646730203865138000,44.25,1,44.25,1,44.3,4,2,2022-03-08 09:03:23
1646730203902825000,44.3,2,44.25,1,44.3,2,1,2022-03-08 09:03:23
1646730203920696000,44.3,1,44.25,1,44.3,1,1,2022-03-08 09:03:23
1646730204305597000,44.25,1,44.2,56,44.3,1,2,2022-03-08 09:03:24
1646730204359743000,44.2,40,44.2,16,44.3,1,2,2022-03-08 09:03:24
1646730205524183000,44.25,10,44.25,7,44.3,1,2,2022-03-08 09:03:25
1646730205627762000,44.3,1,44.25,7,44.35,5,1,2022-03-08 09:03:25
1646730206649217000,44.35,2,44.3,2,44.35,4,1,2022-03-08 09:03:26
1646730206852591000,44.3,1,44.3,1,44.35,4,2,2022-03-08 09:03:26
1646730207019449000,44.35,1,44.3,1,44.35,3,1,2022-03-08 09:03:27
1646730207277096000,44.35,1,44.3,1,44.35,3,1,2022-03-08 09:03:27
1646730208276209000,44.35,1,44.3,2,44.35,2,1,2022-03-08 09:03:28
1646730208677598000,44.35,2,44.35,7,44.4,33,1,2022-03-08 09:03:28
1646730208800057000,44.35,2,44.35,5,44.4,31,2,2022-03-08 09:03:28
1646730208831409000,44.35,5,44.3,3,44.4,31,2,2022-03-08 09:03:28
1646730209254983000,44.3,1,44.3,2,44.35,3,2,2022-03-08 09:03:29
1646730209810452000,44.35,2,44.3,2,44.35,1,1,2022-03-08 09:03:29
1646730209898635000,44.3,2,44.25,16,44.3,3,2,2022-03-08 09:03:29
1646730210600976000,44.25,2,44.25,14,44.3,4,2,2022-03-08 09:03:30
1646730211038533000,44.3,1,44.25,14,44.3,3,1,2022-03-08 09:03:31
1646730211326697000,44.25,1,44.25,13,44.3,3,2,2022-03-08 09:03:31
1646730211901737000,44.25,1,44.25,12,44.3,3,2,2022-03-08 09:03:31
1646730212292455000,44.25,12,44.2,32,44.3,4,2,2022-03-08 09:03:32
1646730212292455000,44.2,8,44.2,32,44.3,4,2,2022-03-08 09:03:32
1646730212415662000,44.3,4,44.3,2,44.35,2,1,2022-03-08 09:03:32
1646730212982913000,44.35,2,44.3,2,44.4,34,1,2022-03-08 09:03:32
1646730213291397000,44.3,2,44.25,1,44.4,34,2,2022-03-08 09:03:33
1646730213291397000,44.25,9,44.25,1,44.4,34,2,2022-03-08 09:03:33
1646730213390265000,44.4,1,44.25,1,44.4,33,1,2022-03-08 09:03:33
1646730215170786000,44.3,4,44.2,19,44.35,1,2,2022-03-08 09:03:35
1646730215170786000,44.25,2,44.2,19,44.35,1,2,2022-03-08 09:03:35
1646730215170786000,44.2,14,44.2,19,44.35,1,2,2022-03-08 09:03:35
1646730215582929000,44.3,1,44.2,17,44.35,1,2,2022-03-08 09:03:35
1646730215582929000,44.25,2,44.2,17,44.35,1,2,2022-03-08 09:03:35
1646730215582929000,44.2,2,44.2,17,44.35,1,2,2022-03-08 09:03:35
1646730216013333000,44.25,1,44.25,1,44.35,1,2,2022-03-08 09:03:36
1646730216424710000,44.25,1,44.2,16,44.35,4,2,2022-03-08 09:03:36
1646730216424710000,44.2,1,44.2,16,44.35,4,2,2022-03-08 09:03:36
1646730216583065000,44.35,4,44.35,1,44.4,33,1,2022-03-08 09:03:36
1646730216618831000,44.35,1,44.2,16,44.4,33,2,2022-03-08 09:03:36
1646730216675667000,44.2,15,44.2,1,44.4,33,2,2022-03-08 09:03:36
1646730216708227000,44.2,1,44.15,21,44.4,33,2,2022-03-08 09:03:36
1646730218015942000,44.3,1,44.25,1,44.4,34,1,2022-03-08 09:03:38
1646730218232943000,44.4,10,44.25,1,44.4,24,1,2022-03-08 09:03:38
1646730218583147000,44.25,1,44.2,1,44.4,24,2,2022-03-08 09:03:38
1646730218583147000,44.2,9,44.2,1,44.4,24,2,2022-03-08 09:03:38
1646730219549878000,44.4,1,44.2,3,44.4,24,1,2022-03-08 09:03:39
1646730219763769000,44.2,1,44.2,2,44.3,30,2,2022-03-08 09:03:39
1646730222768659000,44.25,1,44.2,11,44.3,35,1,2022-03-08 09:03:42
1646730222817907000,44.3,3,44.2,11,44.3,32,1,2022-03-08 09:03:42
1646730223689312000,44.3,1,44.25,1,44.3,31,1,2022-03-08 09:03:43
1646730223919221000,44.3,1,44.25,1,44.3,30,1,2022-03-08 09:03:43
1646730224058844000,44.25,1,44.2,11,44.3,30,2,2022-03-08 09:03:44
1646730224586901000,44.25,1,44.25,4,44.3,30,2,2022-03-08 09:03:44
1646730224825019000,44.25,4,44.2,12,44.3,30,2,2022-03-08 09:03:44
1646730224829197000,44.3,1,44.2,12,44.3,29,1,2022-03-08 09:03:44
1646730226518376000,44.3,1,44.2,14,44.3,28,1,2022-03-08 09:03:46
1646730226666725000,44.3,1,44.2,14,44.3,27,1,2022-03-08 09:03:46
1646730226709462000,44.3,5,44.2,14,44.3,22,1,2022-03-08 09:03:46
1646730226743735000,44.3,22,44.2,14,44.35,3,1,2022-03-08 09:03:46
1646730227511549000,44.3,2,44.2,15,44.4,29,1,2022-03-08 09:03:47
1646730227511549000,44.35,3,44.2,15,44.4,29,1,2022-03-08 09:03:47
1646730227871305000,44.2,5,44.2,10,44.4,29,2,2022-03-08 09:03:47
1646730228060042000,44.4,2,44.2,10,44.4,27,1,2022-03-08 09:03:48
1646730228721265000,44.4,1,44.25,6,44.4,26,1,2022-03-08 09:03:48
1646730228833244000,44.3,1,44.25,6,44.4,26,2,2022-03-08 09:03:48
1646730229349634000,44.25,6,44.15,18,44.4,26,2,2022-03-08 09:03:49
1646730229349634000,44.2,11,44.15,18,44.4,26,2,2022-03-08 09:03:49
1646730229349634000,44.15,3,44.15,18,44.4,26,2,2022-03-08 09:03:49
1646730229849967000,44.35,1,44.2,1,44.4,27,1,2022-03-08 09:03:49
1646730230309555000,44.2,1,44.2,4,44.4,27,2,2022-03-08 09:03:50
1646730230780024000,44.2,1,44.2,3,44.4,27,2,2022-03-08 09:03:50
1646730230850399000,44.4,4,44.2,3,44.4,23,1,2022-03-08 09:03:50
1646730231314930000,44.4,5,44.35,1,44.4,22,1,2022-03-08 09:03:51
1646730231594725000,44.35,1,44.3,1,44.4,23,2,2022-03-08 09:03:51
1646730231596625000,44.4,5,44.3,1,44.4,18,1,2022-03-08 09:03:51
1646730231631048000,44.4,10,44.3,1,44.4,8,1,2022-03-08 09:03:51
1646730232437275000,44.4,1,44.35,1,44.4,8,1,2022-03-08 09:03:52
1646730232980253000,44.35,1,44.2,5,44.25,3,2,2022-03-08 09:03:52
1646730232980253000,44.3,1,44.2,5,44.25,3,2,2022-03-08 09:03:52
1646730234302268000,44.25,3,44.2,6,44.4,10,1,2022-03-08 09:03:54
1646730235557405000,44.4,1,44.2,16,44.4,13,1,2022-03-08 09:03:55
1646730236025753000,44.4,5,44.2,18,44.4,8,1,2022-03-08 09:03:56
1646730236216516000,44.4,1,44.35,2,44.4,7,1,2022-03-08 09:03:56
1646730236987036000,44.35,2,44.35,1,44.4,7,2,2022-03-08 09:03:56
1646730237120103000,44.35,1,44.25,1,44.4,7,2,2022-03-08 09:03:57
1646730237411665000,44.25,1,44.2,18,44.4,11,2,2022-03-08 09:03:57
1646730238579261000,44.4,1,44.2,29,44.4,10,1,2022-03-08 09:03:58
1646730240106545000,44.3,1,44.25,5,44.4,11,1,2022-03-08 09:04:00
1646730240106545000,44.4,1,44.25,5,44.4,11,1,2022-03-08 09:04:00
1646730241728738000,44.3,1,44.25,8,44.35,15,2,2022-03-08 09:04:01
1646730242538271000,44.35,1,44.25,10,44.35,14,1,2022-03-08 09:04:02
1646730242798862000,44.35,1,44.25,10,44.35,13,1,2022-03-08 09:04:02
1646730243004879000,44.35,1,44.25,10,44.35,12,1,2022-03-08 09:04:03
1646730243445384000,44.25,1,44.25,19,44.35,12,2,2022-03-08 09:04:03
1646730244603101000,44.25,1,44.25,18,44.3,1,2,2022-03-08 09:04:04
1646730244956310000,44.3,1,44.3,2,44.35,15,1,2022-03-08 09:04:04
1646730245510700000,44.3,1,44.3,1,44.35,15,2,2022-03-08 09:04:05
1646730245815549000,44.35,3,44.3,1,44.35,12,1,2022-03-08 09:04:05
1646730246786510000,44.35,1,44.3,6,44.35,11,1,2022-03-08 09:04:06
1646730247097748000,44.3,1,44.3,5,44.35,11,2,2022-03-08 09:04:07
1646730247441647000,44.35,13,44.35,37,44.4,26,1,2022-03-08 09:04:07
1646730248252792000,44.35,3,44.35,34,44.4,26,2,2022-03-08 09:04:08
1646730248595416000,44.35,1,44.35,33,44.4,27,2,2022-03-08 09:04:08
1646730250118263000,44.35,1,44.35,33,44.4,27,2,2022-03-08 09:04:10
1646730250830410000,44.35,33,44.15,9,44.2,373,2,2022-03-08 09:04:10
1646730250830410000,44.3,12,44.15,9,44.2,373,2,2022-03-08 09:04:10
1646730250830410000,44.25,24,44.15,9,44.2,373,2,2022-03-08 09:04:10
1646730250830410000,44.2,57,44.15,9,44.2,373,2,2022-03-08 09:04:10
1646730250868336000,44.15,9,44.1,18,44.2,373,2,2022-03-08 09:04:10
1646730250918216000,44.2,2,44.1,18,44.2,371,1,2022-03-08 09:04:10
1646730250952975000,44.1,18,44.05,8,44.2,371,2,2022-03-08 09:04:10
1646730250961478000,44.2,1,44.05,8,44.2,370,1,2022-03-08 09:04:10
1646730251081500000,44.2,1,44.05,8,44.2,369,1,2022-03-08 09:04:11
1646730251461416000,44.2,1,44.05,8,44.2,368,1,2022-03-08 09:04:11
1646730251536752000,44.2,1,44.05,8,44.2,367,1,2022-03-08 09:04:11
1646730252043389000,44.05,8,44.0,62,44.2,367,2,2022-03-08 09:04:12
1646730252319629000,44.2,2,44.0,62,44.2,365,1,2022-03-08 09:04:12
1646730252451930000,44.0,39,44.0,23,44.15,1,2,2022-03-08 09:04:12
1646730253054050000,44.0,7,44.0,16,44.15,4,2,2022-03-08 09:04:13
1646730253833340000,44.15,5,44.0,16,44.2,365,1,2022-03-08 09:04:13
1646730254586755000,44.2,1,44.0,16,44.2,364,1,2022-03-08 09:04:14
1646730255143350000,44.05,1,44.0,16,44.15,1,2,2022-03-08 09:04:15
1646730255261579000,44.0,15,44.0,1,44.15,1,2,2022-03-08 09:04:15
1646730255295755000,44.0,1,43.95,2,44.15,1,2,2022-03-08 09:04:15
1646730256211538000,44.0,5,43.95,13,44.15,3,2,2022-03-08 09:04:16
1646730257806439000,44.0,1,43.95,13,44.15,4,2,2022-03-08 09:04:17
1646730258172323000,43.95,10,43.95,3,44.15,4,2,2022-03-08 09:04:18
1646730258677280000,44.15,2,43.95,4,44.15,2,1,2022-03-08 09:04:18
1646730259004547000,44.15,1,43.95,4,44.15,1,1,2022-03-08 09:04:19
1646730260402118000,43.95,1,43.95,6,44.0,2,2,2022-03-08 09:04:20
1646730260498056000,44.0,1,43.95,4,44.0,1,1,2022-03-08 09:04:20
1646730261360244000,43.95,2,43.95,2,44.0,2,2,2022-03-08 09:04:21
1646730262416138000,44.0,1,43.95,2,44.0,1,1,2022-03-08 09:04:22
1646730262590201000,44.0,1,43.95,2,44.15,10,1,2022-03-08 09:04:22
1646730262590201000,44.15,1,43.95,2,44.15,10,1,2022-03-08 09:04:22
1646730264750874000,44.0,1,44.0,1,44.15,6,2,2022-03-08 09:04:24
1646730265292931000,44.0,1,43.95,4,44.15,11,2,2022-03-08 09:04:25
1646730268461919000,44.1,1,44.0,3,44.1,3,1,2022-03-08 09:04:28
1646730268492066000,44.1,3,44.0,3,44.15,16,1,2022-03-08 09:04:28
1646730268604444000,44.0,1,44.0,2,44.15,16,2,2022-03-08 09:04:28
1646730268673589000,44.0,2,43.95,15,44.15,16,2,2022-03-08 09:04:28
1646730268673589000,43.95,1,43.95,15,44.15,16,2,2022-03-08 09:04:28
1646730268849236000,44.0,1,43.95,15,44.0,1,1,2022-03-08 09:04:28
1646730268872761000,44.0,1,43.95,15,44.15,16,1,2022-03-08 09:04:28
1646730271488209000,44.0,2,44.0,3,44.05,1,2,2022-03-08 09:04:31
1646730271653703000,44.05,1,44.0,3,44.1,9,1,2022-03-08 09:04:31
1646730271875897000,44.0,1,44.0,2,44.1,9,2,2022-03-08 09:04:31
1646730274017444000,44.1,10,44.05,1,44.15,20,1,2022-03-08 09:04:34
1646730274393661000,44.05,1,44.0,17,44.15,20,2,2022-03-08 09:04:34
1646730275611762000,44.05,1,44.0,18,44.1,2,1,2022-03-08 09:04:35
1646730275913860000,44.0,18,43.95,19,44.1,2,2,2022-03-08 09:04:35
1646730275913860000,43.95,2,43.95,19,44.1,2,2,2022-03-08 09:04:35
1646730276694293000,44.1,2,44.0,6,44.15,18,1,2022-03-08 09:04:36
1646730276694293000,44.15,3,44.0,6,44.15,18,1,2022-03-08 09:04:36
1646730277363472000,44.0,1,44.0,5,44.15,18,2,2022-03-08 09:04:37
1646730279160799000,44.15,2,44.05,1,44.15,18,1,2022-03-08 09:04:39
1646730280080331000,44.15,1,44.05,1,44.15,18,1,2022-03-08 09:04:40
1646730281141005000,44.1,1,44.05,1,44.15,19,1,2022-03-08 09:04:41
1646730281949458000,44.05,1,44.0,20,44.15,20,2,2022-03-08 09:04:41
1646730282855494000,44.0,1,44.0,21,44.05,1,2,2022-03-08 09:04:42
1646730284126535000,44.0,4,44.0,23,44.05,1,2,2022-03-08 09:04:44
1646730285024151000,44.05,1,44.0,27,44.05,3,1,2022-03-08 09:04:45
1646730285892844000,44.05,1,44.0,27,44.05,2,1,2022-03-08 09:04:45
1646730286136287000,44.05,2,44.0,30,44.2,375,1,2022-03-08 09:04:46
1646730286136287000,44.1,1,44.0,30,44.2,375,1,2022-03-08 09:04:46
1646730286136287000,44.15,22,44.0,30,44.2,375,1,2022-03-08 09:04:46
1646730286136287000,44.2,5,44.0,30,44.2,375,1,2022-03-08 09:04:46
1646730286735784000,44.05,1,44.0,31,44.2,375,2,2022-03-08 09:04:46
1646730287179389000,44.2,5,44.05,2,44.2,370,1,2022-03-08 09:04:47
1646730287413217000,44.2,1,44.05,2,44.2,369,1,2022-03-08 09:04:47
1646730287478147000,44.05,1,44.05,1,44.2,369,2,2022-03-08 09:04:47
1646730288549641000,44.05,1,44.0,34,44.15,1,2,2022-03-08 09:04:48
1646730288770944000,44.05,1,44.0,20,44.15,1,2,2022-03-08 09:04:48
1646730288770944000,44.0,14,44.0,20,44.15,1,2,2022-03-08 09:04:48
1646730288843505000,44.0,1,44.0,19,44.15,1,2,2022-03-08 09:04:48
1646730290801416000,44.1,3,44.05,1,44.1,1,1,2022-03-08 09:04:50
1646730290835946000,44.1,1,44.05,1,44.15,1,1,2022-03-08 09:04:50
1646730291018750000,44.05,1,44.0,23,44.15,1,2,2022-03-08 09:04:51
1646730292208622000,44.15,1,44.0,24,44.15,3,1,2022-03-08 09:04:52
1646730292906006000,44.1,1,44.05,7,44.15,9,2,2022-03-08 09:04:52
1646730293043842000,44.05,7,44.0,11,44.15,9,2,2022-03-08 09:04:53
1646730293043842000,44.0,13,44.0,11,44.15,9,2,2022-03-08 09:04:53
1646730293888490000,44.15,9,44.0,12,44.2,368,1,2022-03-08 09:04:53
1646730293888490000,44.2,1,44.0,12,44.2,368,1,2022-03-08 09:04:53
1646730294363591000,44.0,1,44.0,12,44.1,10,2,2022-03-08 09:04:54
1646730294569321000,44.0,2,44.0,10,44.1,10,2,2022-03-08 09:04:54
1646730294774345000,44.1,1,44.0,10,44.1,9,1,2022-03-08 09:04:54
1646730295329190000,44.05,2,44.0,10,44.1,10,2,2022-03-08 09:04:55
1646730295620216000,44.0,2,44.0,8,44.1,10,2,2022-03-08 09:04:55
1646730295682868000,44.1,3,44.0,8,44.1,7,1,2022-03-08 09:04:55
1646730298295567000,44.05,2,44.0,24,44.05,3,2,2022-03-08 09:04:58
1646730298592654000,44.05,1,44.0,24,44.05,2,1,2022-03-08 09:04:58
1646730301191226000,44.0,2,44.0,29,44.05,7,2,2022-03-08 09:05:01
1646730301405055000,44.0,1,44.0,28,44.05,7,2,2022-03-08 09:05:01
1646730301458675000,44.0,6,44.0,22,44.05,7,2,2022-03-08 09:05:01
1646730301522788000,44.0,14,44.0,8,44.05,7,2,2022-03-08 09:05:01
1646730301528010000,44.0,8,43.95,37,44.0,5,2,2022-03-08 09:05:01
1646730301536458000,43.95,6,43.95,31,44.0,5,2,2022-03-08 09:05:01
1646730302967353000,44.0,5,43.95,32,44.05,3,1,2022-03-08 09:05:02
1646730302967353000,44.05,4,43.95,32,44.05,3,1,2022-03-08 09:05:02
1646730303784038000,44.05,3,43.95,32,44.1,23,1,2022-03-08 09:05:03
1646730304829956000,43.95,1,43.95,31,44.0,10,2,2022-03-08 09:05:04
1646730304879653000,44.0,2,43.95,31,44.0,8,1,2022-03-08 09:05:04
1646730305701444000,44.0,2,43.95,31,44.0,6,1,2022-03-08 09:05:05
1646730306274336000,43.95,17,43.95,14,44.0,6,2,2022-03-08 09:05:06
1646730306299064000,43.95,4,43.95,10,44.0,6,2,2022-03-08 09:05:06
1646730306424324000,44.0,4,43.95,10,44.0,2,1,2022-03-08 09:05:06
1646730306955555000,44.0,2,43.95,12,44.1,23,1,2022-03-08 09:05:06
1646730308070691000,44.0,1,43.95,15,44.0,2,1,2022-03-08 09:05:08
1646730308552159000,43.95,10,43.95,5,44.0,2,2,2022-03-08 09:05:08
1646730308582185000,43.95,1,43.95,4,44.0,2,2,2022-03-08 09:05:08
1646730308759593000,44.0,2,44.0,8,44.05,4,1,2022-03-08 09:05:08
1646730308916262000,44.0,1,44.0,7,44.05,4,2,2022-03-08 09:05:08
1646730309244819000,44.0,7,43.95,46,44.05,5,2,2022-03-08 09:05:09
1646730309244819000,43.95,3,43.95,46,44.05,5,2,2022-03-08 09:05:09
1646730309559017000,44.0,1,43.95,46,44.0,2,2,2022-03-08 09:05:09
1646730309999780000,43.95,10,43.95,36,44.0,2,2,2022-03-08 09:05:09
1646730310480172000,43.95,10,43.95,29,44.0,5,2,2022-03-08 09:05:10
1646730310851425000,44.0,1,43.95,29,44.0,5,1,2022-03-08 09:05:10
1646730311013917000,43.95,10,43.95,19,44.0,5,2,2022-03-08 09:05:11
1646730312175459000,43.95,2,43.95,17,44.0,5,2,2022-03-08 09:05:12
1646730312670763000,44.0,2,43.95,23,44.0,3,1,2022-03-08 09:05:12
1646730313191176000,43.95,10,43.95,13,44.0,5,2,2022-03-08 09:05:13
1646730313575588000,43.95,11,43.95,2,44.0,7,2,2022-03-08 09:05:13
1646730313891477000,43.95,1,43.95,1,44.0,13,2,2022-03-08 09:05:13
1646730314015089000,43.95,1,43.9,27,44.0,13,2,2022-03-08 09:05:14
1646730314379744000,43.9,5,43.9,22,43.95,5,2,2022-03-08 09:05:14
1646730314412610000,43.9,22,43.85,7,43.95,5,2,2022-03-08 09:05:14
1646730314482603000,43.95,1,43.85,7,43.95,4,1,2022-03-08 09:05:14
1646730314767827000,43.85,10,43.85,2,43.95,4,2,2022-03-08 09:05:14
1646730315398324000,43.85,4,43.8,10,43.95,4,2,2022-03-08 09:05:15
1646730315398324000,43.8,6,43.8,10,43.95,4,2,2022-03-08 09:05:15
1646730315454107000,43.8,5,43.8,5,43.95,4,2,2022-03-08 09:05:15
1646730315938072000,43.95,4,43.8,5,44.0,20,1,2022-03-08 09:05:15
1646730315938072000,44.0,1,43.8,5,44.0,20,1,2022-03-08 09:05:15
1646730316284937000,43.8,5,43.8,2,43.9,2,2,2022-03-08 09:05:16
1646730316805118000,43.8,2,43.75,14,43.8,8,2,2022-03-08 09:05:16
1646730317872869000,43.75,10,43.75,4,43.8,8,2,2022-03-08 09:05:17
1646730318124039000,43.75,4,43.7,4,43.8,8,2,2022-03-08 09:05:18
1646730318655448000,43.75,3,43.7,4,43.75,7,1,2022-03-08 09:05:18
1646730319713117000,43.7,4,43.55,3,43.75,11,2,2022-03-08 09:05:19
1646730319713117000,43.65,5,43.55,3,43.75,11,2,2022-03-08 09:05:19
1646730319713117000,43.6,6,43.55,3,43.75,11,2,2022-03-08 09:05:19
1646730320047526000,43.7,4,43.55,3,43.7,1,1,2022-03-08 09:05:20
1646730320477565000,43.55,1,43.55,2,43.7,3,2,2022-03-08 09:05:20
1646730320924260000,43.55,2,43.5,8,43.7,3,2,2022-03-08 09:05:20
1646730320924260000,43.5,3,43.5,8,43.7,3,2,2022-03-08 09:05:20
1646730323209946000,43.5,9,43.3,4,43.6,1,2,2022-03-08 09:05:23
1646730323209946000,43.45,1,43.3,4,43.6,1,2,2022-03-08 09:05:23
1646730323209946000,43.4,2,43.3,4,43.6,1,2,2022-03-08 09:05:23
1646730323209946000,43.3,3,43.3,4,43.6,1,2,2022-03-08 09:05:23
1646730324034393000,43.55,2,43.3,6,43.6,1,2,2022-03-08 09:05:24
1646730324228222000,43.6,1,43.3,6,43.75,3,1,2022-03-08 09:05:24
1646730324228222000,43.65,1,43.3,6,43.75,3,1,2022-03-08 09:05:24
1646730324228222000,43.75,8,43.3,6,43.75,3,1,2022-03-08 09:05:24
1646730326679129000,43.5,1,43.3,6,43.5,10,1,2022-03-08 09:05:26
1646730326931938000,43.3,1,43.3,5,43.5,10,2,2022-03-08 09:05:26
1646730327275737000,43.5,1,43.3,5,43.5,9,1,2022-03-08 09:05:27
1646730328434068000,43.5,5,43.4,5,43.5,18,1,2022-03-08 09:05:28
1646730328529875000,43.4,1,43.4,4,43.5,18,2,2022-03-08 09:05:28
1646730330035780000,43.5,1,43.45,3,43.5,17,1,2022-03-08 09:05:30
1646730330195738000,43.45,3,43.4,2,43.5,17,2,2022-03-08 09:05:30
1646730330195738000,43.4,2,43.4,2,43.5,17,2,2022-03-08 09:05:30
1646730330763804000,43.45,1,43.4,4,43.5,18,1,2022-03-08 09:05:30
1646730330809655000,43.4,4,43.2,19,43.5,18,2,2022-03-08 09:05:30
1646730330809655000,43.35,3,43.2,19,43.5,18,2,2022-03-08 09:05:30
1646730330809655000,43.3,8,43.2,19,43.5,18,2,2022-03-08 09:05:30
1646730330809655000,43.25,2,43.2,19,43.5,18,2,2022-03-08 09:05:30
1646730330809655000,43.2,3,43.2,19,43.5,18,2,2022-03-08 09:05:30
1646730332302572000,43.4,1,43.25,1,43.45,2,2,2022-03-08 09:05:32
1646730332302572000,43.25,9,43.25,1,43.45,2,2,2022-03-08 09:05:32
1646730332553861000,43.25,1,43.2,15,43.45,2,2,2022-03-08 09:05:32
1646730332553861000,43.2,4,43.2,15,43.45,2,2,2022-03-08 09:05:32
1646730333125121000,43.2,1,43.2,14,43.45,2,2,2022-03-08 09:05:33
1646730333315022000,43.45,2,43.2,18,43.5,18,1,2022-03-08 09:05:33
1646730333376522000,43.5,1,43.2,18,43.5,17,1,2022-03-08 09:05:33
1646730333575774000,43.5,7,43.2,20,43.5,10,1,2022-03-08 09:05:33
1646730333866168000,43.5,10,43.2,25,43.55,2,1,2022-03-08 09:05:33
1646730333995846000,43.2,1,43.2,24,43.55,2,2,2022-03-08 09:05:33
1646730334882714000,43.2,2,43.2,24,43.55,2,2,2022-03-08 09:05:34
1646730335218427000,43.55,1,43.45,1,43.55,3,1,2022-03-08 09:05:35
1646730335401962000,43.45,1,43.3,5,43.55,3,2,2022-03-08 09:05:35
1646730336014223000,43.5,1,43.3,6,43.5,4,2,2022-03-08 09:05:36
1646730336955360000,43.3,1,43.3,7,43.5,4,2,2022-03-08 09:05:36
1646730338059233000,43.35,1,43.3,8,43.5,4,2,2022-03-08 09:05:38
1646730338059233000,43.3,1,43.3,8,43.5,4,2,2022-03-08 09:05:38
1646730338594203000,43.3,1,43.3,7,43.5,2,2,2022-03-08 09:05:38
1646730340280453000,43.5,1,43.4,1,43.5,2,1,2022-03-08 09:05:40
1646730340326154000,43.5,1,43.4,1,43.5,1,1,2022-03-08 09:05:40
1646730340366034000,43.5,1,43.4,1,43.55,7,1,2022-03-08 09:05:40
1646730341198106000,43.4,1,43.4,1,43.5,2,2,2022-03-08 09:05:41
1646730341603244000,43.5,1,43.4,1,43.5,1,1,2022-03-08 09:05:41
1646730341715353000,43.4,1,43.3,4,43.5,1,2,2022-03-08 09:05:41
1646730341715353000,43.35,1,43.3,4,43.5,1,2,2022-03-08 09:05:41
1646730341715353000,43.3,6,43.3,4,43.5,1,2,2022-03-08 09:05:41
1646730341828305000,43.3,1,43.3,3,43.5,1,2,2022-03-08 09:05:41
1646730342415329000,43.5,3,43.3,3,43.55,6,1,2022-03-08 09:05:42
1646730344106066000,43.55,1,43.45,1,43.55,5,1,2022-03-08 09:05:44
1646730344666960000,43.45,1,43.3,10,43.55,5,2,2022-03-08 09:05:44
1646730344666960000,43.4,1,43.3,10,43.55,5,2,2022-03-08 09:05:44
1646730344666960000,43.3,2,43.3,10,43.55,5,2,2022-03-08 09:05:44
1646730345474396000,43.4,2,43.3,13,43.5,1,1,2022-03-08 09:05:45
1646730345719296000,43.5,1,43.3,31,43.5,5,1,2022-03-08 09:05:45
1646730345745000000,43.5,5,43.3,31,43.55,5,1,2022-03-08 09:05:45
1646730345897916000,43.3,1,43.3,34,43.55,5,2,2022-03-08 09:05:45
1646730346049642000,43.3,1,43.3,36,43.55,5,2,2022-03-08 09:05:46
1646730346658831000,43.35,5,43.35,3,43.5,3,2,2022-03-08 09:05:46
1646730346760558000,43.5,1,43.35,3,43.5,12,1,2022-03-08 09:05:46
1646730347355427000,43.5,1,43.35,3,43.5,11,1,2022-03-08 09:05:47
1646730348639228000,43.5,2,43.35,7,43.5,14,1,2022-03-08 09:05:48
1646730348777427000,43.35,4,43.35,3,43.5,14,2,2022-03-08 09:05:48
1646730349086922000,43.35,1,43.35,2,43.5,14,2,2022-03-08 09:05:49
1646730350043314000,43.5,10,43.35,4,43.5,4,1,2022-03-08 09:05:50
1646730350078960000,43.5,4,43.35,4,43.55,5,1,2022-03-08 09:05:50
1646730351969850000,43.35,1,43.35,12,43.5,5,2,2022-03-08 09:05:51
1646730352049958000,43.35,1,43.35,11,43.5,5,2,2022-03-08 09:05:52
1646730352827143000,43.5,1,43.35,6,43.5,5,1,2022-03-08 09:05:52
1646730354078972000,43.35,1,43.35,6,43.5,5,2,2022-03-08 09:05:54
1646730354542843000,43.5,1,43.35,8,43.5,4,1,2022-03-08 09:05:54
1646730354687001000,43.45,1,43.35,10,43.5,4,1,2022-03-08 09:05:54
1646730355877161000,43.35,1,43.35,11,43.5,5,2,2022-03-08 09:05:55
1646730356058499000,43.35,11,43.3,64,43.5,5,2,2022-03-08 09:05:56
1646730356058499000,43.3,5,43.3,64,43.5,5,2,2022-03-08 09:05:56
1646730357012934000,43.4,1,43.35,2,43.5,5,2,2022-03-08 09:05:57
1646730357173462000,43.45,1,43.35,2,43.45,1,1,2022-03-08 09:05:57
1646730357211957000,43.45,1,43.35,2,43.5,5,1,2022-03-08 09:05:57
1646730358931805000,43.45,1,43.4,5,43.45,1,1,2022-03-08 09:05:58
1646730359004510000,43.45,1,43.4,5,43.5,8,1,2022-03-08 09:05:59
1646730360894319000,43.45,1,43.4,6,43.45,1,1,2022-03-08 09:06:00
1646730360918151000,43.45,1,43.4,6,43.45,1,1,2022-03-08 09:06:00
1646730361376565000,43.4,6,43.35,20,43.45,1,2,2022-03-08 09:06:01
1646730361376565000,43.35,4,43.35,20,43.45,1,2,2022-03-08 09:06:01
1646730361483566000,43.45,1,43.35,20,43.5,14,1,2022-03-08 09:06:01
1646730363812336000,43.4,2,43.35,22,43.45,5,2,2022-03-08 09:06:03
1646730367177110000,43.4,1,43.4,5,43.45,4,2,2022-03-08 09:06:07
1646730367389160000,43.4,2,43.4,4,43.45,4,2,2022-03-08 09:06:07
1646730367597234000,43.45,1,43.4,4,43.45,3,1,2022-03-08 09:06:07
1646730368634373000,43.45,1,43.4,5,43.45,2,1,2022-03-08 09:06:08
1646730368672020000,43.45,2,43.4,5,43.5,22,1,2022-03-08 09:06:08
1646730368795257000,43.4,3,43.4,2,43.5,22,2,2022-03-08 09:06:08
1646730369383835000,43.5,3,43.4,5,43.5,19,1,2022-03-08 09:06:09
1646730369414143000,43.5,10,43.4,5,43.5,9,1,2022-03-08 09:06:09
1646730369754968000,43.45,2,43.4,10,43.5,9,1,2022-03-08 09:06:09
1646730370193279000,43.4,10,43.35,32,43.5,9,2,2022-03-08 09:06:10
1646730370242622000,43.35,3,43.35,29,43.5,9,2,2022-03-08 09:06:10
1646730372193036000,43.5,1,43.45,10,43.5,8,1,2022-03-08 09:06:12
1646730372318026000,43.45,4,43.45,6,43.5,8,2,2022-03-08 09:06:12
1646730373787188000,43.45,1,43.45,5,43.5,9,2,2022-03-08 09:06:13
1646730373921302000,43.45,5,43.4,4,43.45,3,2,2022-03-08 09:06:13
1646730374595118000,43.45,1,43.4,5,43.45,2,1,2022-03-08 09:06:14
1646730374633841000,43.45,2,43.4,5,43.5,8,1,2022-03-08 09:06:14
1646730375216623000,43.4,6,43.35,38,43.5,8,2,2022-03-08 09:06:15
1646730375216623000,43.35,4,43.35,38,43.5,8,2,2022-03-08 09:06:15
1646730376460109000,43.45,1,43.45,1,43.5,8,2,2022-03-08 09:06:16
1646730376623684000,43.45,1,43.35,35,43.45,1,2,2022-03-08 09:06:16
1646730377257994000,43.45,1,43.4,5,43.45,1,1,2022-03-08 09:06:17
1646730377285451000,43.45,1,43.4,5,43.45,1,1,2022-03-08 09:06:17
1646730377994458000,43.45,1,43.4,10,43.5,9,1,2022-03-08 09:06:17
1646730378588542000,43.45,1,43.4,11,43.5,9,1,2022-03-08 09:06:18
1646730380415615000,43.4,1,43.4,13,43.45,1,2,2022-03-08 09:06:20
1646730381645786000,43.45,1,43.4,14,43.45,5,1,2022-03-08 09:06:21
1646730381972462000,43.45,4,43.4,14,43.45,1,1,2022-03-08 09:06:21
1646730383009736000,43.4,1,43.4,14,43.45,1,2,2022-03-08 09:06:23
1646730383318216000,43.45,1,43.45,4,43.5,11,1,2022-03-08 09:06:23
1646730383959065000,43.5,2,43.45,7,43.5,9,1,2022-03-08 09:06:23
1646730385219070000,43.45,1,43.45,15,43.5,9,2,2022-03-08 09:06:25
1646730385959140000,43.5,1,43.45,15,43.5,8,1,2022-03-08 09:06:25
1646730387580757000,43.45,1,43.45,19,43.5,8,2,2022-03-08 09:06:27
1646730387663751000,43.5,5,43.45,19,43.5,3,1,2022-03-08 09:06:27
1646730387698133000,43.5,3,43.45,19,43.55,13,1,2022-03-08 09:06:27
1646730388934359000,43.55,1,43.5,12,43.55,12,1,2022-03-08 09:06:28
1646730389431590000,43.55,12,43.5,11,43.65,1,1,2022-03-08 09:06:29
1646730389431590000,43.6,2,43.5,11,43.65,1,1,2022-03-08 09:06:29
1646730389431590000,43.65,1,43.5,11,43.65,1,1,2022-03-08 09:06:29
1646730389580105000,43.65,1,43.5,11,43.7,2,1,2022-03-08 09:06:29
1646730389891904000,43.7,1,43.5,11,43.7,1,1,2022-03-08 09:06:29
1646730390126738000,43.7,1,43.9,6,43.95,2,1,2022-03-08 09:06:30
1646730390126738000,43.75,5,43.9,6,43.95,2,1,2022-03-08 09:06:30
1646730390126738000,43.8,15,43.9,6,43.95,2,1,2022-03-08 09:06:30
1646730390126738000,43.85,3,43.9,6,43.95,2,1,2022-03-08 09:06:30
1646730390126738000,43.9,10,43.9,6,43.95,2,1,2022-03-08 09:06:30
1646730390245981000,43.9,1,43.9,5,43.95,2,2,2022-03-08 09:06:30
1646730390447802000,43.9,4,43.9,1,43.95,2,2,2022-03-08 09:06:30
1646730390586921000,43.95,1,43.9,1,43.95,1,1,2022-03-08 09:06:30
1646730392056015000,43.95,1,43.9,1,44.0,8,1,2022-03-08 09:06:32
1646730392056015000,44.0,4,43.9,1,44.0,8,1,2022-03-08 09:06:32
1646730392366998000,43.9,1,43.6,3,43.9,3,2,2022-03-08 09:06:32
1646730392461930000,43.9,3,43.6,3,44.0,9,1,2022-03-08 09:06:32
1646730392461930000,44.0,2,43.6,3,44.0,9,1,2022-03-08 09:06:32
1646730392956103000,43.65,1,43.65,2,44.0,9,2,2022-03-08 09:06:32
1646730393569131000,43.95,1,43.65,7,44.0,6,2,2022-03-08 09:06:33
1646730395417077000,44.0,1,43.7,6,44.0,5,1,2022-03-08 09:06:35
1646730396894642000,44.0,3,43.95,1,44.0,2,1,2022-03-08 09:06:36
1646730396959817000,44.0,2,43.95,1,44.0,20,1,2022-03-08 09:06:36
1646730397035366000,44.0,1,43.95,1,44.0,19,1,2022-03-08 09:06:37
1646730397675174000,44.0,2,43.95,3,44.0,17,1,2022-03-08 09:06:37
1646730399190286000,44.0,1,43.95,3,44.0,16,1,2022-03-08 09:06:39
1646730399994410000,44.0,1,43.95,4,44.0,15,1,2022-03-08 09:06:39
1646730400372512000,43.95,1,43.95,3,44.0,15,2,2022-03-08 09:06:40
1646730400877713000,44.0,2,43.95,3,44.0,13,1,2022-03-08 09:06:40
1646730401403090000,43.95,3,43.9,1,44.0,13,2,2022-03-08 09:06:41
1646730401869016000,43.9,1,43.7,7,44.0,13,2,2022-03-08 09:06:41
1646730402432104000,43.95,1,43.7,7,43.95,1,1,2022-03-08 09:06:42
1646730402755655000,43.95,2,43.7,7,43.95,4,1,2022-03-08 09:06:42
1646730403964050000,43.9,5,43.7,4,43.9,3,1,2022-03-08 09:06:43
1646730404733573000,43.9,3,43.75,1,43.9,3,1,2022-03-08 09:06:44
1646730405485501000,43.75,1,43.7,2,43.95,10,2,2022-03-08 09:06:45
1646730406078000000,43.95,1,43.7,2,43.95,9,1,2022-03-08 09:06:46
1646730406812691000,43.9,1,43.7,2,43.9,5,1,2022-03-08 09:06:46
1646730407421235000,43.95,1,43.7,2,43.95,10,1,2022-03-08 09:06:47
1646730407448546000,43.7,1,43.7,1,43.95,10,2,2022-03-08 09:06:47
1646730409882442000,43.95,1,43.9,4,43.95,18,1,2022-03-08 09:06:49
1646730410037115000,43.9,4,43.75,4,43.95,18,2,2022-03-08 09:06:50
1646730412313465000,43.9,1,43.65,24,43.7,10,2,2022-03-08 09:06:52
1646730412313465000,43.75,4,43.65,24,43.7,10,2,2022-03-08 09:06:52
1646730412313465000,43.7,2,43.65,24,43.7,10,2,2022-03-08 09:06:52
1646730413109830000,43.7,1,43.65,25,43.7,9,1,2022-03-08 09:06:53
1646730413164388000,43.7,5,43.65,25,43.7,4,1,2022-03-08 09:06:53
1646730413782003000,43.7,1,43.65,25,43.7,3,1,2022-03-08 09:06:53
1646730413953851000,43.65,1,43.65,24,43.7,3,2,2022-03-08 09:06:53
1646730414001099000,43.7,3,43.65,24,43.9,1,1,2022-03-08 09:06:54
1646730415457770000,43.7,2,43.65,21,43.85,8,2,2022-03-08 09:06:55
1646730415457770000,43.65,3,43.65,21,43.85,8,2,2022-03-08 09:06:55
1646730418543629000,43.85,1,43.7,9,43.9,4,1,2022-03-08 09:06:58
1646730419974648000,43.7,9,43.65,22,43.7,6,2,2022-03-08 09:06:59
1646730419985525000,43.7,1,43.65,22,43.7,5,1,2022-03-08 09:06:59
1646730420006912000,43.65,21,43.65,1,43.7,5,2,2022-03-08 09:07:00
1646730420360536000,43.7,1,43.65,1,43.7,8,1,2022-03-08 09:07:00
1646730421648780000,43.7,1,43.65,1,43.7,3,1,2022-03-08 09:07:01
1646730422749682000,43.7,3,43.65,2,43.75,2,1,2022-03-08 09:07:02
1646730422749682000,43.75,1,43.65,2,43.75,2,1,2022-03-08 09:07:02
1646730423872279000,43.65,1,43.65,4,43.7,2,2,2022-03-08 09:07:03
1646730424116362000,43.65,4,43.6,8,43.7,2,2,2022-03-08 09:07:04
1646730424517321000,43.7,2,43.6,8,43.8,11,1,2022-03-08 09:07:04
1646730424517321000,43.75,2,43.6,8,43.8,11,1,2022-03-08 09:07:04
1646730424517321000,43.8,1,43.6,8,43.8,11,1,2022-03-08 09:07:04
1646730426721206000,43.7,1,43.65,4,43.7,1,1,2022-03-08 09:07:06
1646730426768470000,43.7,1,43.7,1,43.75,1,1,2022-03-08 09:07:06
1646730427962231000,43.75,1,43.7,1,43.8,9,1,2022-03-08 09:07:07
1646730427962231000,43.8,2,43.7,1,43.8,9,1,2022-03-08 09:07:07
1646730428731587000,43.7,1,43.65,4,43.8,9,2,2022-03-08 09:07:08
1646730428953926000,43.8,1,43.65,4,43.8,8,1,2022-03-08 09:07:08
1646730429230436000,43.8,1,43.65,4,43.8,7,1,2022-03-08 09:07:09
1646730429460216000,43.8,1,43.65,4,43.8,6,1,2022-03-08 09:07:09
1646730430621208000,43.75,3,43.7,1,43.8,8,1,2022-03-08 09:07:10
1646730430621208000,43.8,3,43.7,1,43.8,8,1,2022-03-08 09:07:10
1646730434357861000,43.7,2,43.65,5,43.8,10,2,2022-03-08 09:07:14
1646730434793254000,43.8,2,43.7,1,43.8,8,1,2022-03-08 09:07:14
1646730435151177000,43.75,1,43.75,3,43.8,8,2,2022-03-08 09:07:15
1646730438741221000,43.75,4,43.7,7,43.75,1,2,2022-03-08 09:07:18
1646730439105214000,43.75,1,43.7,7,43.95,16,1,2022-03-08 09:07:19
1646730439105214000,43.8,8,43.7,7,43.95,16,1,2022-03-08 09:07:19
1646730439105214000,43.85,2,43.7,7,43.95,16,1,2022-03-08 09:07:19
1646730439105214000,43.9,8,43.7,7,43.95,16,1,2022-03-08 09:07:19
1646730439105214000,43.95,3,43.7,7,43.95,16,1,2022-03-08 09:07:19
1646730440308245000,43.95,2,43.7,7,43.95,16,1,2022-03-08 09:07:20
1646730441392576000,43.75,1,43.7,5,43.8,1,2,2022-03-08 09:07:21
1646730441392576000,43.7,2,43.7,5,43.8,1,2,2022-03-08 09:07:21
1646730442549179000,43.8,1,43.7,5,43.95,14,1,2022-03-08 09:07:22
1646730442549179000,43.95,2,43.7,5,43.95,14,1,2022-03-08 09:07:22
1646730442691291000,43.95,3,43.7,5,43.95,11,1,2022-03-08 09:07:22
1646730444027644000,43.95,1,43.75,3,43.95,11,1,2022-03-08 09:07:24
1646730444657949000,43.75,3,43.5,43,43.95,11,2,2022-03-08 09:07:24
1646730444657949000,43.7,11,43.5,43,43.95,11,2,2022-03-08 09:07:24
1646730444657949000,43.65,10,43.5,43,43.95,11,2,2022-03-08 09:07:24
1646730444657949000,43.6,16,43.5,43,43.95,11,2,2022-03-08 09:07:24
1646730444657949000,43.55,11,43.5,43,43.95,11,2,2022-03-08 09:07:24
1646730444657949000,43.5,9,43.5,43,43.95,11,2,2022-03-08 09:07:24
1646730444870909000,43.8,3,43.5,43,43.7,2,2,2022-03-08 09:07:24
1646730445295163000,43.7,1,43.6,2,43.7,5,1,2022-03-08 09:07:25
1646730446290040000,43.7,1,43.75,2,43.8,1,1,2022-03-08 09:07:26
1646730446302422000,43.75,2,43.65,1,43.8,1,2,2022-03-08 09:07:26
1646730446555009000,43.75,4,43.7,2,43.8,1,2,2022-03-08 09:07:26
1646730447002778000,43.8,1,43.7,2,43.85,1,1,2022-03-08 09:07:27
1646730449659502000,43.8,1,43.8,1,43.85,2,2,2022-03-08 09:07:29
1646730449696832000,43.8,1,43.75,2,43.85,2,2,2022-03-08 09:07:29
1646730453926114000,43.8,1,43.75,2,43.85,2,2,2022-03-08 09:07:33
1646730454417801000,43.8,1,43.75,2,43.85,2,2,2022-03-08 09:07:34
1646730455401839000,43.75,1,43.75,1,43.8,2,2,2022-03-08 09:07:35
1646730455583997000,43.8,1,43.75,1,43.8,1,1,2022-03-08 09:07:35
1646730455692455000,43.75,1,43.7,6,43.8,5,2,2022-03-08 09:07:35
1646730462782060000,43.75,1,43.7,8,43.75,2,1,2022-03-08 09:07:42
1646730463706928000,43.75,3,43.7,8,43.8,6,1,2022-03-08 09:07:43
1646730465560012000,43.8,2,43.75,4,43.8,4,1,2022-03-08 09:07:45
1646730466354413000,43.75,2,43.75,4,43.8,5,2,2022-03-08 09:07:46
1646730467669991000,43.8,5,43.75,5,43.95,14,1,2022-03-08 09:07:47
1646730468327070000,43.75,5,43.5,48,43.95,14,2,2022-03-08 09:07:48
1646730468327070000,43.7,31,43.5,48,43.95,14,2,2022-03-08 09:07:48
1646730468327070000,43.65,2,43.5,48,43.95,14,2,2022-03-08 09:07:48
1646730468327070000,43.6,11,43.5,48,43.95,14,2,2022-03-08 09:07:48
1646730468327070000,43.55,5,43.5,48,43.95,14,2,2022-03-08 09:07:48
1646730468327070000,43.5,6,43.5,48,43.95,14,2,2022-03-08 09:07:48
1646730469090830000,43.9,6,43.9,4,43.95,14,1,2022-03-08 09:07:49
1646730469329231000,43.9,4,43.5,50,43.95,12,2,2022-03-08 09:07:49
1646730469623013000,43.9,1,43.5,50,43.9,3,1,2022-03-08 09:07:49
1646730470416444000,43.9,1,43.55,5,43.9,1,1,2022-03-08 09:07:50
1646730471293877000,43.9,1,43.8,1,43.95,11,1,2022-03-08 09:07:51
1646730471293877000,43.95,1,43.8,1,43.95,11,1,2022-03-08 09:07:51
1646730474399773000,43.8,1,43.75,3,43.9,1,2,2022-03-08 09:07:54
1646730474590858000,43.9,3,43.75,3,43.95,11,1,2022-03-08 09:07:54
1646730475206088000,43.95,1,43.75,3,43.95,10,1,2022-03-08 09:07:55
1646730476037714000,43.75,1,43.75,2,43.95,10,2,2022-03-08 09:07:56
1646730476071517000,43.75,2,43.7,1,43.95,10,2,2022-03-08 09:07:56
1646730477215675000,43.9,1,43.7,1,43.95,20,1,2022-03-08 09:07:57
1646730477648618000,43.95,10,43.7,1,43.95,10,1,2022-03-08 09:07:57
1646730477737220000,43.7,1,43.6,5,43.7,14,2,2022-03-08 09:07:57
1646730478674736000,43.7,1,43.6,5,43.7,13,1,2022-03-08 09:07:58
1646730478802066000,43.7,1,43.6,5,43.7,12,1,2022-03-08 09:07:58
1646730478935441000,43.7,1,43.6,5,43.7,11,1,2022-03-08 09:07:58
1646730481333576000,43.6,5,43.6,10,43.7,11,2,2022-03-08 09:08:01
1646730482354403000,43.7,1,43.6,10,43.7,10,1,2022-03-08 09:08:02
1646730482652147000,43.7,2,43.6,10,43.7,8,1,2022-03-08 09:08:02
1646730482933241000,43.7,1,43.6,10,43.7,7,1,2022-03-08 09:08:02
1646730483005057000,43.7,1,43.6,10,43.7,6,1,2022-03-08 09:08:03
1646730483160499000,43.7,1,43.6,10,43.7,5,1,2022-03-08 09:08:03
1646730485291073000,43.7,1,43.6,12,43.7,4,1,2022-03-08 09:08:05
1646730486310225000,43.7,1,43.6,12,43.7,3,1,2022-03-08 09:08:06
1646730486807380000,43.7,1,43.6,12,43.7,3,1,2022-03-08 09:08:06
1646730489024450000,43.7,2,43.6,13,43.7,1,1,2022-03-08 09:08:09
1646730489685851000,43.7,1,43.6,13,43.9,4,1,2022-03-08 09:08:09
1646730495998513000,43.7,1,43.7,6,43.85,2,2,2022-03-08 09:08:15
1646730496184897000,43.7,1,43.7,5,43.85,2,2,2022-03-08 09:08:16
1646730501081365000,43.7,1,43.7,4,43.8,4,2,2022-03-08 09:08:21
1646730503339978000,43.7,7,43.6,18,43.8,6,2,2022-03-08 09:08:23
1646730503339978000,43.6,3,43.6,18,43.8,6,2,2022-03-08 09:08:23
1646730504243391000,43.7,1,43.65,4,43.75,2,2,2022-03-08 09:08:24
1646730504505016000,43.7,1,43.65,4,43.75,2,1,2022-03-08 09:08:24
1646730504619787000,43.75,1,43.65,4,43.75,5,1,2022-03-08 09:08:24
1646730505428529000,43.65,2,43.65,2,43.75,1,2,2022-03-08 09:08:25
1646730506119091000,43.7,1,43.7,4,43.75,2,1,2022-03-08 09:08:26
1646730508617220000,43.75,2,43.7,4,43.85,5,1,2022-03-08 09:08:28
1646730508617220000,43.8,6,43.7,4,43.85,5,1,2022-03-08 09:08:28
1646730508617220000,43.85,1,43.7,4,43.85,5,1,2022-03-08 09:08:28
1646730509031858000,43.7,4,43.65,1,43.85,5,2,2022-03-08 09:08:29
1646730509031858000,43.65,1,43.65,1,43.85,5,2,2022-03-08 09:08:29
1646730509800049000,43.7,1,43.3,99,43.85,5,2,2022-03-08 09:08:29
1646730509800049000,43.65,1,43.3,99,43.85,5,2,2022-03-08 09:08:29
1646730509800049000,43.6,26,43.3,99,43.85,5,2,2022-03-08 09:08:29
1646730509800049000,43.55,15,43.3,99,43.85,5,2,2022-03-08 09:08:29
1646730509800049000,43.5,61,43.3,99,43.85,5,2,2022-03-08 09:08:29
1646730509800049000,43.45,19,43.3,99,43.85,5,2,2022-03-08 09:08:29
1646730509800049000,43.4,14,43.3,99,43.85,5,2,2022-03-08 09:08:29
1646730509800049000,43.35,46,43.3,99,43.85,5,2,2022-03-08 09:08:29
1646730509800049000,43.3,14,43.3,99,43.85,5,2,2022-03-08 09:08:29
1646730511264863000,43.7,2,43.7,1,43.8,4,2,2022-03-08 09:08:31
1646730511299125000,43.7,1,43.6,1,43.8,4,2,2022-03-08 09:08:31
1646730513511302000,43.7,1,43.6,1,43.7,3,1,2022-03-08 09:08:33
1646730513709587000,43.7,1,43.6,1,43.7,2,1,2022-03-08 09:08:33
1646730513739191000,43.7,1,43.6,1,43.7,1,1,2022-03-08 09:08:33
1646730514842111000,43.6,1,43.35,8,43.65,1,2,2022-03-08 09:08:34
1646730515213876000,43.4,2,43.3,61,43.65,5,2,2022-03-08 09:08:35
1646730515213876000,43.35,10,43.3,61,43.65,5,2,2022-03-08 09:08:35
1646730515213876000,43.3,38,43.3,61,43.65,5,2,2022-03-08 09:08:35
1646730515896555000,43.4,1,43.3,58,43.6,4,2,2022-03-08 09:08:35
1646730515896555000,43.35,1,43.3,58,43.6,4,2,2022-03-08 09:08:35
1646730515896555000,43.3,3,43.3,58,43.6,4,2,2022-03-08 09:08:35
1646730516841349000,43.55,8,43.3,63,43.6,4,1,2022-03-08 09:08:36
1646730516841349000,43.6,2,43.3,63,43.6,4,1,2022-03-08 09:08:36
1646730520456780000,43.55,1,43.35,3,43.6,21,1,2022-03-08 09:08:40
1646730520456780000,43.6,1,43.35,3,43.6,21,1,2022-03-08 09:08:40
1646730521741675000,43.35,1,43.35,3,43.55,5,2,2022-03-08 09:08:41
1646730521811135000,43.35,3,43.3,65,43.55,5,2,2022-03-08 09:08:41
1646730521811135000,43.3,2,43.3,65,43.55,5,2,2022-03-08 09:08:41
1646730521900736000,43.3,1,43.3,64,43.55,5,2,2022-03-08 09:08:41
1646730527714851000,43.35,1,43.35,1,43.45,2,2,2022-03-08 09:08:47
1646730527969754000,43.35,1,43.3,59,43.45,2,2,2022-03-08 09:08:47
1646730527969754000,43.3,9,43.3,59,43.45,2,2,2022-03-08 09:08:47
1646730529834452000,43.45,1,43.35,3,43.45,3,1,2022-03-08 09:08:49
1646730530581877000,43.35,3,43.3,63,43.35,37,2,2022-03-08 09:08:50
1646730530826454000,43.3,2,43.3,62,43.35,37,2,2022-03-08 09:08:50
1646730530909121000,43.35,1,43.3,62,43.35,36,1,2022-03-08 09:08:50
1646730531498224000,43.3,2,43.3,60,43.35,36,2,2022-03-08 09:08:51
1646730531968669000,43.35,1,43.3,65,43.35,35,1,2022-03-08 09:08:51
1646730532050842000,43.3,1,43.3,64,43.35,36,2,2022-03-08 09:08:52
1646730532460537000,43.3,1,43.3,61,43.35,36,2,2022-03-08 09:08:52
1646730532765948000,43.35,2,43.3,61,43.35,34,1,2022-03-08 09:08:52
1646730533200338000,43.3,1,43.3,60,43.35,34,2,2022-03-08 09:08:53
1646730534479523000,43.35,1,43.3,62,43.35,33,1,2022-03-08 09:08:54
1646730534487706000,43.35,1,43.3,62,43.35,32,1,2022-03-08 09:08:54
1646730535405552000,43.35,1,43.3,64,43.35,31,1,2022-03-08 09:08:55
1646730536078807000,43.35,5,43.3,67,43.35,26,1,2022-03-08 09:08:56
1646730536527231000,43.35,10,43.3,67,43.35,16,1,2022-03-08 09:08:56
1646730537732121000,43.3,18,43.3,50,43.35,16,2,2022-03-08 09:08:57
1646730538417989000,43.35,1,43.3,50,43.35,25,1,2022-03-08 09:08:58
1646730538435378000,43.35,1,43.3,50,43.35,24,1,2022-03-08 09:08:58
1646730538695242000,43.35,4,43.3,50,43.35,20,1,2022-03-08 09:08:58
1646730538728486000,43.35,1,43.3,50,43.35,19,1,2022-03-08 09:08:58
1646730538761958000,43.3,1,43.3,49,43.35,19,2,2022-03-08 09:08:58
1646730538795244000,43.3,1,43.3,48,43.35,19,2,2022-03-08 09:08:58
1646730538911658000,43.35,3,43.3,48,43.35,16,1,2022-03-08 09:08:58
1646730539960081000,43.35,2,43.3,48,43.35,15,1,2022-03-08 09:08:59
1646730540202071000,43.35,1,43.3,48,43.35,14,1,2022-03-08 09:09:00
1646730541245770000,43.35,5,43.3,50,43.35,9,1,2022-03-08 09:09:01
1646730541424968000,43.3,2,43.3,48,43.35,9,2,2022-03-08 09:09:01
1646730541864164000,43.35,1,43.3,48,43.35,8,1,2022-03-08 09:09:01
1646730541884381000,43.3,5,43.3,43,43.35,8,2,2022-03-08 09:09:01
1646730542252049000,43.35,1,43.3,43,43.35,7,1,2022-03-08 09:09:02
1646730542425381000,43.35,1,43.3,43,43.35,6,1,2022-03-08 09:09:02
1646730542960689000,43.35,3,43.3,43,43.35,3,1,2022-03-08 09:09:02
1646730543009296000,43.35,3,43.35,2,43.4,12,1,2022-03-08 09:09:03
1646730543291841000,43.35,1,43.35,2,43.4,12,2,2022-03-08 09:09:03
1646730543485159000,43.35,2,43.3,43,43.4,12,2,2022-03-08 09:09:03
1646730544150008000,43.4,1,43.35,3,43.4,11,1,2022-03-08 09:09:04
1646730544786413000,43.35,1,43.2,37,43.4,1,2,2022-03-08 09:09:04
1646730544786413000,43.3,43,43.2,37,43.4,1,2,2022-03-08 09:09:04
1646730544786413000,43.25,2,43.2,37,43.4,1,2,2022-03-08 09:09:04
1646730544786413000,43.2,4,43.2,37,43.4,1,2,2022-03-08 09:09:04
1646730544853750000,43.2,2,43.2,35,43.4,1,2,2022-03-08 09:09:04
1646730545339465000,43.2,1,43.2,34,43.4,1,2,2022-03-08 09:09:05
1646730545625344000,43.35,1,43.2,30,43.4,1,2,2022-03-08 09:09:05
1646730545625344000,43.2,4,43.2,30,43.4,1,2,2022-03-08 09:09:05
1646730546412713000,43.3,2,43.2,30,43.3,1,1,2022-03-08 09:09:06
1646730546446165000,43.3,1,43.2,30,43.4,1,1,2022-03-08 09:09:06
1646730547438201000,43.35,4,43.2,30,43.3,16,2,2022-03-08 09:09:07
1646730547466640000,43.3,1,43.2,30,43.3,15,1,2022-03-08 09:09:07
1646730547978078000,43.3,2,43.2,30,43.3,13,1,2022-03-08 09:09:07
1646730550821954000,43.3,1,43.25,2,43.3,14,1,2022-03-08 09:09:10
1646730553415268000,43.25,2,43.2,57,43.25,1,2,2022-03-08 09:09:13
1646730553885598000,43.25,1,43.2,57,43.3,12,1,2022-03-08 09:09:13
1646730553885598000,43.3,2,43.2,57,43.3,12,1,2022-03-08 09:09:13
1646730554087023000,43.3,5,43.2,57,43.3,7,1,2022-03-08 09:09:14
1646730555809964000,43.3,1,43.2,64,43.3,6,1,2022-03-08 09:09:15
1646730555914403000,43.3,2,43.2,62,43.3,6,1,2022-03-08 09:09:15
1646730556872336000,43.25,1,43.25,2,43.3,6,2,2022-03-08 09:09:16
1646730556905265000,43.25,1,43.25,1,43.3,6,2,2022-03-08 09:09:16
1646730557071277000,43.3,1,43.25,1,43.3,5,1,2022-03-08 09:09:17
1646730558232732000,43.3,1,43.25,2,43.3,7,1,2022-03-08 09:09:18
1646730558465181000,43.3,1,43.25,2,43.3,6,1,2022-03-08 09:09:18
1646730558773895000,43.3,3,43.25,4,43.3,3,1,2022-03-08 09:09:18
1646730558831691000,43.3,1,43.25,4,43.3,2,1,2022-03-08 09:09:18
1646730559396642000,43.25,1,43.25,3,43.3,12,2,2022-03-08 09:09:19
1646730559674301000,43.25,1,43.25,2,43.3,12,2,2022-03-08 09:09:19
1646730560785044000,43.25,1,43.25,5,43.3,17,2,2022-03-08 09:09:20
1646730561064830000,43.3,1,43.25,5,43.3,16,1,2022-03-08 09:09:21
1646730561180674000,43.25,1,43.25,4,43.3,16,2,2022-03-08 09:09:21
1646730562189770000,43.3,9,43.25,14,43.3,8,1,2022-03-08 09:09:22
1646730562236207000,43.3,1,43.25,14,43.3,7,1,2022-03-08 09:09:22
1646730563162198000,43.25,5,43.25,9,43.3,7,2,2022-03-08 09:09:23
1646730563279873000,43.3,7,43.25,11,43.35,11,1,2022-03-08 09:09:23
1646730563279873000,43.35,2,43.25,11,43.35,11,1,2022-03-08 09:09:23
1646730563752601000,43.3,1,43.3,2,43.35,11,1,2022-03-08 09:09:23
1646730564025057000,43.3,2,43.25,12,43.3,9,2,2022-03-08 09:09:24
1646730565334354000,43.3,1,43.25,19,43.3,9,1,2022-03-08 09:09:25
1646730565524813000,43.3,1,43.25,20,43.3,8,1,2022-03-08 09:09:25
1646730566324209000,43.3,1,43.25,20,43.3,7,1,2022-03-08 09:09:26
1646730566497123000,43.3,3,43.25,20,43.3,4,1,2022-03-08 09:09:26
1646730567293741000,43.3,4,43.25,20,43.35,1,1,2022-03-08 09:09:27
1646730569567060000,43.35,1,43.3,1,43.4,6,1,2022-03-08 09:09:29
1646730569567060000,43.4,1,43.3,1,43.4,6,1,2022-03-08 09:09:29
1646730570341568000,43.3,2,43.25,20,43.4,6,2,2022-03-08 09:09:30
1646730570341568000,43.25,2,43.25,20,43.4,6,2,2022-03-08 09:09:30
1646730570565032000,43.4,1,43.25,20,43.4,5,1,2022-03-08 09:09:30
1646730572306846000,43.3,1,43.25,22,43.3,1,2,2022-03-08 09:09:32
1646730573038246000,43.3,1,43.25,20,43.4,5,1,2022-03-08 09:09:33
1646730580306268000,43.4,1,43.3,9,43.4,4,1,2022-03-08 09:09:40
1646730581050615000,43.4,1,43.3,9,43.4,4,1,2022-03-08 09:09:41
1646730581530515000,43.3,3,43.3,6,43.4,4,2,2022-03-08 09:09:41
1646730585859559000,43.3,14,43.2,57,43.35,5,2,2022-03-08 09:09:45
1646730585859559000,43.25,26,43.2,57,43.35,5,2,2022-03-08 09:09:45
1646730585859559000,43.2,10,43.2,57,43.35,5,2,2022-03-08 09:09:45
1646730586226289000,43.2,2,43.2,55,43.35,5,2,2022-03-08 09:09:46
1646730586729347000,43.3,1,43.25,2,43.35,5,2,2022-03-08 09:09:46
1646730586744524000,43.35,5,43.35,7,43.4,4,1,2022-03-08 09:09:46
1646730586780196000,43.35,3,43.35,4,43.4,4,2,2022-03-08 09:09:46
1646730587262442000,43.4,1,43.35,4,43.4,3,1,2022-03-08 09:09:47
1646730587451206000,43.35,1,43.35,3,43.4,3,2,2022-03-08 09:09:47
1646730587602068000,43.35,1,43.35,2,43.4,3,2,2022-03-08 09:09:47
1646730588376563000,43.35,2,43.25,2,43.4,3,2,2022-03-08 09:09:48
1646730588472076000,43.25,2,43.2,53,43.4,3,2,2022-03-08 09:09:48
1646730588472076000,43.2,3,43.2,53,43.4,3,2,2022-03-08 09:09:48
1646730590221157000,43.2,12,43.2,46,43.35,3,2,2022-03-08 09:09:50
1646730591245673000,43.2,5,43.2,41,43.3,1,2,2022-03-08 09:09:51
1646730592586704000,43.3,1,43.2,42,43.3,5,1,2022-03-08 09:09:52
1646730592777112000,43.3,1,43.2,42,43.3,4,1,2022-03-08 09:09:52
1646730593113692000,43.3,1,43.2,42,43.3,3,1,2022-03-08 09:09:53
1646730593414955000,43.2,15,43.2,28,43.3,3,2,2022-03-08 09:09:53
1646730593815506000,43.3,3,43.2,27,43.35,11,1,2022-03-08 09:09:53
1646730595382671000,43.25,1,43.2,27,43.35,11,2,2022-03-08 09:09:55
1646730595706864000,43.2,1,43.2,26,43.35,11,2,2022-03-08 09:09:55
1646730597017400000,43.3,1,43.3,1,43.35,11,2,2022-03-08 09:09:57
1646730598143212000,43.3,11,43.2,24,43.35,8,2,2022-03-08 09:09:58
1646730598143212000,43.2,4,43.2,24,43.35,8,2,2022-03-08 09:09:58
1646730601061791000,43.2,3,43.2,21,43.25,1,2,2022-03-08 09:10:01
1646730604798386000,43.2,20,43.2,4,43.25,2,2,2022-03-08 09:10:04
1646730605393810000,43.25,2,43.25,8,43.3,13,1,2022-03-08 09:10:05
1646730605511432000,43.25,1,43.25,7,43.3,13,2,2022-03-08 09:10:05
1646730605542487000,43.25,3,43.25,4,43.3,13,2,2022-03-08 09:10:05
1646730605716650000,43.25,1,43.25,3,43.3,13,2,2022-03-08 09:10:05
1646730606779387000,43.25,2,43.25,1,43.3,11,2,2022-03-08 09:10:06
1646730607314212000,43.25,1,43.15,6,43.3,11,2,2022-03-08 09:10:07
1646730607314212000,43.2,4,43.15,6,43.3,11,2,2022-03-08 09:10:07
1646730607343644000,43.15,1,43.15,5,43.3,11,2,2022-03-08 09:10:07
1646730608851332000,43.2,1,43.15,5,43.2,15,2,2022-03-08 09:10:08
1646730609501190000,43.2,10,43.15,5,43.2,6,1,2022-03-08 09:10:09
1646730611836205000,43.15,2,43.15,13,43.2,7,2,2022-03-08 09:10:11
1646730612029365000,43.15,1,43.15,12,43.2,7,2,2022-03-08 09:10:12
1646730613787608000,43.2,3,43.15,12,43.2,8,1,2022-03-08 09:10:13
1646730614841415000,43.2,8,43.2,4,43.25,3,1,2022-03-08 09:10:14
1646730615308521000,43.2,4,43.15,12,43.2,1,2,2022-03-08 09:10:15
1646730615625139000,43.2,1,43.15,12,43.25,3,1,2022-03-08 09:10:15
1646730619126121000,43.2,1,43.15,17,43.25,2,1,2022-03-08 09:10:19
1646730619126121000,43.25,1,43.15,17,43.25,2,1,2022-03-08 09:10:19
1646730619385678000,43.2,1,43.15,17,43.25,2,1,2022-03-08 09:10:19
1646730619709265000,43.25,1,43.15,17,43.25,1,1,2022-03-08 09:10:19
1646730620039939000,43.2,1,43.15,17,43.25,1,2,2022-03-08 09:10:20
1646730622209960000,43.25,1,43.25,2,43.3,13,1,2022-03-08 09:10:22
1646730623065371000,43.25,1,43.25,1,43.3,13,2,2022-03-08 09:10:23
1646730623472084000,43.25,1,43.2,2,43.3,14,2,2022-03-08 09:10:23
1646730623472084000,43.2,1,43.2,2,43.3,14,2,2022-03-08 09:10:23
1646730623835709000,43.2,1,43.2,1,43.3,14,2,2022-03-08 09:10:23
1646730624221506000,43.3,1,43.2,4,43.3,13,1,2022-03-08 09:10:24
1646730625324707000,43.25,1,43.2,7,43.3,14,2,2022-03-08 09:10:25
1646730627034253000,43.3,1,43.2,9,43.3,13,1,2022-03-08 09:10:27
1646730627747472000,43.3,5,43.2,9,43.3,8,1,2022-03-08 09:10:27
1646730627895947000,43.3,2,43.2,9,43.3,6,1,2022-03-08 09:10:27
1646730631006263000,43.3,1,43.25,3,43.3,4,1,2022-03-08 09:10:31
1646730631798401000,43.3,1,43.25,6,43.3,3,1,2022-03-08 09:10:31
1646730632352589000,43.25,1,43.25,5,43.3,3,2,2022-03-08 09:10:32
1646730632719975000,43.3,1,43.25,5,43.3,2,1,2022-03-08 09:10:32
1646730634829316000,43.3,1,43.25,5,43.3,1,1,2022-03-08 09:10:34
1646730634830297000,43.3,1,43.3,4,43.35,3,1,2022-03-08 09:10:34
1646730638213729000,43.3,4,43.25,7,43.3,15,2,2022-03-08 09:10:38
1646730639225483000,43.3,1,43.25,5,43.3,14,1,2022-03-08 09:10:39
1646730640786840000,43.3,2,43.25,6,43.3,12,1,2022-03-08 09:10:40
1646730641388622000,43.3,1,43.25,6,43.3,11,1,2022-03-08 09:10:41
1646730643129808000,43.3,2,43.25,6,43.3,9,1,2022-03-08 09:10:43
1646730644515774000,43.3,1,43.25,6,43.3,8,1,2022-03-08 09:10:44
1646730645024745000,43.3,1,43.25,6,43.3,7,1,2022-03-08 09:10:45
1646730647369412000,43.3,1,43.25,7,43.3,6,1,2022-03-08 09:10:47
1646730648060266000,43.3,1,43.25,7,43.3,5,1,2022-03-08 09:10:48
1646730649364775000,43.3,1,43.25,7,43.3,4,1,2022-03-08 09:10:49
1646730649833612000,43.3,3,43.25,7,43.3,1,1,2022-03-08 09:10:49
1646730651737874000,43.25,5,43.25,2,43.3,1,2,2022-03-08 09:10:51
1646730654308031000,43.25,1,43.25,1,43.3,1,2,2022-03-08 09:10:54
1646730657552798000,43.3,1,43.25,2,43.35,4,1,2022-03-08 09:10:57
1646730657948735000,43.25,2,43.2,2,43.35,4,2,2022-03-08 09:10:57
1646730657948735000,43.2,13,43.2,2,43.35,4,2,2022-03-08 09:10:57
1646730660806226000,43.35,1,43.3,1,43.35,3,1,2022-03-08 09:11:00
1646730663609274000,43.3,1,43.3,1,43.35,5,2,2022-03-08 09:11:03
1646730669052520000,43.3,1,43.3,1,43.35,6,2,2022-03-08 09:11:09
1646730670058530000,43.35,1,43.3,1,43.35,5,1,2022-03-08 09:11:10
1646730670283230000,43.35,1,43.3,1,43.35,4,1,2022-03-08 09:11:10
1646730672150667000,43.35,1,43.3,1,43.35,3,1,2022-03-08 09:11:12
1646730672545564000,43.35,1,43.3,1,43.35,2,1,2022-03-08 09:11:12
1646730673975075000,43.3,1,43.25,6,43.3,15,2,2022-03-08 09:11:13
1646730674326831000,43.3,1,43.25,6,43.3,14,1,2022-03-08 09:11:14
1646730674787352000,43.3,1,43.25,6,43.3,13,1,2022-03-08 09:11:14
1646730674855474000,43.3,2,43.25,6,43.3,11,1,2022-03-08 09:11:14
1646730676486288000,43.3,1,43.25,6,43.3,10,1,2022-03-08 09:11:16
1646730679400364000,43.3,1,43.25,6,43.3,9,1,2022-03-08 09:11:19
1646730679696539000,43.3,1,43.25,6,43.3,8,1,2022-03-08 09:11:19
1646730680079432000,43.3,3,43.25,6,43.3,5,1,2022-03-08 09:11:20
1646730680116102000,43.25,5,43.25,1,43.3,5,2,2022-03-08 09:11:20
1646730680785935000,43.3,2,43.25,1,43.3,3,1,2022-03-08 09:11:20
1646730682714362000,43.3,1,43.25,2,43.3,2,1,2022-03-08 09:11:22
1646730683437226000,43.3,1,43.25,2,43.3,1,1,2022-03-08 09:11:23
1646730684940334000,43.3,1,43.25,2,43.35,4,1,2022-03-08 09:11:24
1646730689225164000,43.3,3,43.25,6,43.3,2,1,2022-03-08 09:11:29
1646730692480247000,43.3,3,43.3,7,43.35,9,1,2022-03-08 09:11:32
1646730693648367000,43.35,3,43.3,7,43.35,6,1,2022-03-08 09:11:33
1646730694810862000,43.3,5,43.3,2,43.35,6,2,2022-03-08 09:11:34
1646730698801581000,43.35,2,43.3,17,43.35,7,1,2022-03-08 09:11:38
1646730698943892000,43.3,1,43.3,16,43.35,7,2,2022-03-08 09:11:38
1646730704004117000,43.35,2,43.3,20,43.35,5,1,2022-03-08 09:11:44
1646730704945294000,43.3,5,43.3,16,43.35,5,2,2022-03-08 09:11:44
1646730707416892000,43.3,20,43.3,1,43.35,5,2,2022-03-08 09:11:47
1646730707598637000,43.3,1,43.25,4,43.35,5,2,2022-03-08 09:11:47
1646730708367847000,43.25,4,43.2,10,43.35,5,2,2022-03-08 09:11:48
1646730708367847000,43.2,1,43.2,10,43.35,5,2,2022-03-08 09:11:48
1646730709356514000,43.3,1,43.3,2,43.35,5,2,2022-03-08 09:11:49
1646730710067882000,43.3,2,43.15,21,43.35,2,2,2022-03-08 09:11:50
1646730710067882000,43.2,13,43.15,21,43.35,2,2,2022-03-08 09:11:50
1646730710067882000,43.15,10,43.15,21,43.35,2,2,2022-03-08 09:11:50
1646730712303020000,43.3,1,43.15,22,43.35,2,2,2022-03-08 09:11:52
1646730721038115000,43.3,5,43.25,2,43.3,2,1,2022-03-08 09:12:01
1646730721977197000,43.3,1,43.25,2,43.3,1,1,2022-03-08 09:12:01
1646730723209261000,43.3,1,43.3,2,43.35,2,1,2022-03-08 09:12:03
1646730723972238000,43.35,3,43.3,3,43.35,2,1,2022-03-08 09:12:03
1646730724629193000,43.35,1,43.3,4,43.35,1,1,2022-03-08 09:12:04
1646730724727358000,43.3,4,43.25,2,43.3,1,2,2022-03-08 09:12:04
1646730729650703000,43.3,1,43.25,3,43.3,2,1,2022-03-08 09:12:09
1646730730278586000,43.3,1,43.25,3,43.3,1,1,2022-03-08 09:12:10
1646730735347174000,43.3,1,43.25,5,43.3,4,1,2022-03-08 09:12:15
1646730735593901000,43.3,1,43.25,5,43.3,3,1,2022-03-08 09:12:15
1646730740099471000,43.25,6,43.25,5,43.3,3,2,2022-03-08 09:12:20
1646730740928475000,43.25,3,43.25,2,43.3,3,2,2022-03-08 09:12:20
1646730740972858000,43.25,2,43.2,2,43.3,3,2,2022-03-08 09:12:20
1646730741448323000,43.3,2,43.15,24,43.3,1,1,2022-03-08 09:12:21
1646730746272726000,43.25,1,43.15,24,43.3,13,2,2022-03-08 09:12:26
1646730748289836000,43.25,1,43.15,24,43.3,13,2,2022-03-08 09:12:28
1646730752506358000,43.15,6,43.15,18,43.3,13,2,2022-03-08 09:12:32
1646730753348981000,43.15,1,43.15,15,43.25,3,2,2022-03-08 09:12:33
1646730753732125000,43.25,1,43.15,15,43.25,2,1,2022-03-08 09:12:33
1646730757699475000,43.2,4,43.15,15,43.2,16,2,2022-03-08 09:12:37
1646730758816174000,43.2,1,43.15,16,43.2,15,1,2022-03-08 09:12:38
1646730759876967000,43.2,1,43.15,16,43.2,14,1,2022-03-08 09:12:39
1646730760055987000,43.15,3,43.15,13,43.2,14,2,2022-03-08 09:12:40
1646730760793138000,43.15,4,43.15,9,43.2,14,2,2022-03-08 09:12:40
1646730760902003000,43.2,2,43.15,9,43.2,12,1,2022-03-08 09:12:40
1646730763195839000,43.15,1,43.15,9,43.2,12,2,2022-03-08 09:12:43
1646730765600896000,43.2,1,43.15,24,43.2,4,2,2022-03-08 09:12:45
1646730771048478000,43.2,2,43.15,26,43.2,2,1,2022-03-08 09:12:51
1646730774721314000,43.2,1,43.15,27,43.2,3,1,2022-03-08 09:12:54
1646730776482450000,43.2,1,43.15,29,43.2,2,1,2022-03-08 09:12:56
1646730776559802000,43.2,2,43.15,29,43.2,1,1,2022-03-08 09:12:56
1646730777140250000,43.2,1,43.15,29,43.25,7,1,2022-03-08 09:12:57
1646730778891189000,43.2,1,43.2,1,43.25,7,1,2022-03-08 09:12:58
1646730780169563000,43.2,1,43.15,29,43.25,7,2,2022-03-08 09:13:00
1646730780483263000,43.2,1,43.15,29,43.25,7,1,2022-03-08 09:13:00
1646730782617742000,43.15,1,43.15,30,43.2,1,2,2022-03-08 09:13:02
1646730783064434000,43.2,1,43.2,2,43.25,7,1,2022-03-08 09:13:03
1646730788785872000,43.2,2,43.2,9,43.25,8,2,2022-03-08 09:13:08
1646730788916935000,43.25,2,43.2,9,43.25,6,1,2022-03-08 09:13:08
1646730788940212000,43.2,2,43.2,7,43.25,6,2,2022-03-08 09:13:08
1646730790306302000,43.25,1,43.2,8,43.25,5,1,2022-03-08 09:13:10
1646730791909173000,43.2,2,43.2,7,43.25,5,2,2022-03-08 09:13:11
1646730792498897000,43.25,2,43.2,8,43.25,4,1,2022-03-08 09:13:12
1646730794228501000,43.25,1,43.2,8,43.25,5,1,2022-03-08 09:13:14
1646730794847138000,43.2,8,43.15,24,43.25,5,2,2022-03-08 09:13:14
1646730794847138000,43.15,7,43.15,24,43.25,5,2,2022-03-08 09:13:14
1646730796148448000,43.25,5,43.15,28,43.3,7,1,2022-03-08 09:13:16
1646730796409361000,43.15,10,43.15,18,43.3,7,2,2022-03-08 09:13:16
1646730799137894000,43.15,3,43.15,17,43.3,7,2,2022-03-08 09:13:19
1646730800789942000,43.15,5,43.15,12,43.3,7,2,2022-03-08 09:13:20
1646730809302805000,43.2,5,43.2,1,43.25,6,2,2022-03-08 09:13:29
1646730809326607000,43.2,1,43.15,40,43.25,6,2,2022-03-08 09:13:29
1646730816423357000,43.2,1,43.15,48,43.2,6,1,2022-03-08 09:13:36
1646730817023567000,43.2,1,43.15,48,43.2,5,1,2022-03-08 09:13:37
1646730821655192000,43.2,2,43.15,50,43.2,14,1,2022-03-08 09:13:41
1646730835645122000,43.15,3,43.15,48,43.2,15,2,2022-03-08 09:13:55
1646730836112911000,43.2,1,43.15,49,43.2,14,1,2022-03-08 09:13:56
1646730839882504000,43.15,1,43.15,48,43.2,14,2,2022-03-08 09:13:59
1646730845923930000,43.2,10,43.15,49,43.2,10,1,2022-03-08 09:14:05
1646730846661319000,43.15,1,43.15,48,43.2,10,2,2022-03-08 09:14:06
1646730847147178000,43.15,1,43.15,47,43.2,10,2,2022-03-08 09:14:07
1646730847608452000,43.2,1,43.15,47,43.2,9,1,2022-03-08 09:14:07
1646730848181533000,43.15,28,43.15,19,43.2,9,2,2022-03-08 09:14:08
1646730848200994000,43.15,5,43.15,14,43.2,9,2,2022-03-08 09:14:08
1646730848202207000,43.2,1,43.15,14,43.2,8,1,2022-03-08 09:14:08
1646730848488408000,43.2,1,43.15,14,43.2,7,1,2022-03-08 09:14:08
1646730849321016000,43.15,14,43.1,45,43.2,7,2,2022-03-08 09:14:09
1646730849688673000,43.2,2,43.1,45,43.2,5,1,2022-03-08 09:14:09
1646730849950050000,43.2,5,43.2,5,43.25,24,1,2022-03-08 09:14:09
1646730852026509000,43.2,8,43.15,2,43.2,2,2,2022-03-08 09:14:12
1646730852055310000,43.15,2,43.1,43,43.15,1,2,2022-03-08 09:14:12
1646730854650513000,43.15,1,43.1,44,43.2,2,1,2022-03-08 09:14:14
1646730855013906000,43.2,1,43.1,44,43.2,1,1,2022-03-08 09:14:15
1646730855586262000,43.1,3,43.1,41,43.15,1,2,2022-03-08 09:14:15
1646730856032989000,43.15,1,43.1,41,43.15,2,1,2022-03-08 09:14:16
1646730856060967000,43.1,10,43.1,31,43.15,2,2,2022-03-08 09:14:16
1646730856088897000,43.1,31,43.05,36,43.15,2,2,2022-03-08 09:14:16
1646730856786826000,43.05,7,43.05,29,43.15,3,2,2022-03-08 09:14:16
1646730858555442000,43.05,10,43.05,19,43.1,8,2,2022-03-08 09:14:18
1646730858585189000,43.05,1,43.05,18,43.1,8,2,2022-03-08 09:14:18
1646730859781491000,43.05,5,43.05,15,43.1,8,2,2022-03-08 09:14:19
1646730861002574000,43.05,6,43.05,9,43.1,8,2,2022-03-08 09:14:21
1646730861043347000,43.05,9,43.0,208,43.1,10,2,2022-03-08 09:14:21
1646730862600799000,43.05,2,43.0,208,43.05,14,1,2022-03-08 09:14:22
1646730862653994000,43.0,1,43.0,207,43.05,14,2,2022-03-08 09:14:22
1646730862914736000,43.0,1,43.0,206,43.05,14,2,2022-03-08 09:14:22
1646730864231319000,43.0,1,43.0,203,43.05,14,2,2022-03-08 09:14:24
1646730864262950000,43.0,108,43.0,95,43.05,14,2,2022-03-08 09:14:24
1646730864274050000,43.0,1,43.0,94,43.05,14,2,2022-03-08 09:14:24
1646730865002285000,43.0,5,43.0,89,43.05,14,2,2022-03-08 09:14:25
1646730865113265000,43.0,5,43.0,84,43.05,14,2,2022-03-08 09:14:25
1646730865223554000,43.0,1,43.0,83,43.05,14,2,2022-03-08 09:14:25
1646730865249941000,43.0,20,43.0,63,43.05,15,2,2022-03-08 09:14:25
1646730865252066000,43.0,5,43.0,58,43.05,15,2,2022-03-08 09:14:25
1646730865468242000,43.0,1,43.0,57,43.05,15,2,2022-03-08 09:14:25
1646730865497733000,43.0,2,43.0,55,43.05,15,2,2022-03-08 09:14:25
1646730865757187000,43.0,5,43.0,50,43.05,15,2,2022-03-08 09:14:25
1646730865836013000,43.0,1,43.0,49,43.05,15,2,2022-03-08 09:14:25
1646730865923199000,43.0,2,43.0,47,43.05,14,2,2022-03-08 09:14:25
1646730865966964000,43.0,5,43.0,42,43.05,14,2,2022-03-08 09:14:25
1646730865999265000,43.0,5,43.0,37,43.05,14,2,2022-03-08 09:14:25
1646730866130666000,43.0,1,43.0,36,43.05,34,2,2022-03-08 09:14:26
1646730866149880000,43.0,2,43.0,34,43.05,34,2,2022-03-08 09:14:26
1646730866178872000,43.0,1,43.0,33,43.05,34,2,2022-03-08 09:14:26
1646730866333565000,43.0,1,43.0,32,43.05,34,2,2022-03-08 09:14:26
1646730866591062000,43.0,3,43.0,28,43.05,14,2,2022-03-08 09:14:26
1646730866672899000,43.0,10,43.0,18,43.05,14,2,2022-03-08 09:14:26
1646730866816808000,43.0,10,43.0,8,43.05,14,2,2022-03-08 09:14:26
1646730867149089000,43.0,1,43.0,7,43.05,14,2,2022-03-08 09:14:27
1646730867522382000,43.0,1,43.0,6,43.05,14,2,2022-03-08 09:14:27
1646730867699999000,43.0,2,43.0,4,43.05,14,2,2022-03-08 09:14:27
1646730867707056000,43.0,4,42.95,24,43.0,1,2,2022-03-08 09:14:27
1646730867902802000,42.95,1,42.95,23,43.0,6,2,2022-03-08 09:14:27
1646730868115753000,43.0,1,42.95,23,43.0,5,1,2022-03-08 09:14:28
1646730868412391000,42.95,1,42.95,22,43.0,5,2,2022-03-08 09:14:28
1646730868443327000,42.95,2,42.95,20,43.0,5,2,2022-03-08 09:14:28
1646730868495876000,42.95,1,42.95,19,43.0,5,2,2022-03-08 09:14:28
1646730868542036000,42.95,1,42.95,18,43.0,5,2,2022-03-08 09:14:28
1646730868675122000,42.95,1,42.95,17,43.0,5,2,2022-03-08 09:14:28
1646730869045993000,42.95,2,42.95,15,43.0,6,2,2022-03-08 09:14:29
1646730869063861000,42.95,1,42.95,14,43.0,6,2,2022-03-08 09:14:29
1646730869266620000,42.95,10,42.95,4,43.0,6,2,2022-03-08 09:14:29
1646730869313232000,42.95,1,42.95,3,43.0,6,2,2022-03-08 09:14:29
1646730869330439000,42.95,1,42.95,2,43.0,6,2,2022-03-08 09:14:29
1646730869521295000,42.95,2,42.9,7,43.0,6,2,2022-03-08 09:14:29
1646730870109086000,42.9,2,42.9,5,43.0,11,2,2022-03-08 09:14:30
1646730870405853000,42.95,1,42.9,3,43.0,11,2,2022-03-08 09:14:30
1646730870405853000,42.9,2,42.9,3,43.0,11,2,2022-03-08 09:14:30
1646730870442292000,42.9,1,42.9,2,43.0,11,2,2022-03-08 09:14:30
1646730871038356000,42.9,1,42.9,1,43.0,11,2,2022-03-08 09:14:31
1646730871973287000,42.9,1,42.85,6,43.0,14,2,2022-03-08 09:14:31
1646730873205497000,42.85,3,42.85,3,42.9,1,2,2022-03-08 09:14:33
1646730873374971000,42.85,3,42.8,42,42.9,1,2,2022-03-08 09:14:33
1646730873374971000,42.8,2,42.8,42,42.9,1,2,2022-03-08 09:14:33
1646730873377039000,42.8,5,42.8,37,42.9,1,2,2022-03-08 09:14:33
1646730873553961000,42.8,5,42.8,32,42.9,1,2,2022-03-08 09:14:33
1646730873894443000,42.8,5,42.8,27,42.9,1,2,2022-03-08 09:14:33
1646730873928419000,42.8,5,42.8,22,42.9,1,2,2022-03-08 09:14:33
1646730874032131000,42.8,5,42.8,17,42.9,1,2,2022-03-08 09:14:34
1646730874342020000,42.8,5,42.8,12,42.9,2,2,2022-03-08 09:14:34
1646730874375300000,42.8,5,42.8,7,42.9,2,2,2022-03-08 09:14:34
1646730874471813000,42.8,5,42.8,2,42.9,2,2,2022-03-08 09:14:34
1646730874571254000,42.9,1,42.8,2,42.9,1,1,2022-03-08 09:14:34
1646730876036218000,42.8,2,42.75,2,42.85,3,2,2022-03-08 09:14:36
1646730876036218000,42.75,1,42.75,2,42.85,3,2,2022-03-08 09:14:36
1646730876438008000,42.75,2,42.7,18,42.85,3,2,2022-03-08 09:14:36
1646730876450610000,42.7,1,42.7,17,42.85,3,2,2022-03-08 09:14:36
1646730876681421000,42.7,1,42.7,16,42.85,3,2,2022-03-08 09:14:36
1646730877263535000,42.7,2,42.7,13,42.85,3,2,2022-03-08 09:14:37
1646730877604525000,42.8,2,42.8,4,42.85,3,2,2022-03-08 09:14:37
1646730877699791000,42.8,1,42.8,3,42.85,3,2,2022-03-08 09:14:37
1646730878155968000,42.8,2,42.8,1,42.85,3,2,2022-03-08 09:14:38
1646730878300530000,42.8,1,42.75,1,42.8,16,2,2022-03-08 09:14:38
1646730878526343000,42.75,1,42.7,13,42.8,20,2,2022-03-08 09:14:38
1646730878808999000,42.7,1,42.7,12,42.8,20,2,2022-03-08 09:14:38
1646730879367519000,42.8,1,42.75,5,42.8,19,1,2022-03-08 09:14:39
1646730880433843000,42.75,3,42.75,7,42.8,19,2,2022-03-08 09:14:40
1646730881280417000,42.75,1,42.75,6,42.8,20,2,2022-03-08 09:14:41
1646730882204915000,42.75,1,42.75,5,42.8,21,2,2022-03-08 09:14:42
1646730882407037000,42.75,3,42.75,2,42.8,31,2,2022-03-08 09:14:42
1646730882695672000,42.75,2,42.7,12,42.8,32,2,2022-03-08 09:14:42
1646730882998418000,42.7,3,42.7,9,42.8,40,2,2022-03-08 09:14:42
1646730885485418000,42.7,1,42.7,15,42.75,4,2,2022-03-08 09:14:45
1646730885549325000,42.75,3,42.7,15,42.75,1,1,2022-03-08 09:14:45
1646730885554556000,42.7,5,42.7,10,42.75,1,2,2022-03-08 09:14:45
1646730885583593000,42.75,1,42.7,10,42.8,50,1,2022-03-08 09:14:45
1646730886342348000,42.7,1,42.7,4,42.8,50,2,2022-03-08 09:14:46
1646730886669628000,42.7,4,42.5,60,42.75,5,2,2022-03-08 09:14:46
1646730886669628000,42.65,4,42.5,60,42.75,5,2,2022-03-08 09:14:46
1646730886669628000,42.6,14,42.5,60,42.75,5,2,2022-03-08 09:14:46
1646730886669628000,42.55,11,42.5,60,42.75,5,2,2022-03-08 09:14:46
1646730886669628000,42.5,17,42.5,60,42.75,5,2,2022-03-08 09:14:46
1646730886676382000,42.75,3,42.5,60,42.75,2,1,2022-03-08 09:14:46
1646730886730239000,42.7,1,42.5,60,42.75,4,2,2022-03-08 09:14:46
1646730886731635000,42.5,1,42.5,59,42.75,4,2,2022-03-08 09:14:46
1646730886733037000,42.75,2,42.5,59,42.75,2,1,2022-03-08 09:14:46
1646730886816916000,42.5,2,42.5,57,42.75,2,2,2022-03-08 09:14:46
1646730887985880000,42.7,1,42.5,57,42.7,3,1,2022-03-08 09:14:47
1646730889608518000,42.55,1,42.55,6,42.6,2,2,2022-03-08 09:14:49
1646730889696672000,42.6,2,42.55,6,42.7,7,1,2022-03-08 09:14:49
1646730889696672000,42.7,1,42.55,6,42.7,7,1,2022-03-08 09:14:49
1646730889837582000,42.55,3,42.55,3,42.7,12,2,2022-03-08 09:14:49
1646730891384383000,42.6,1,42.6,4,42.65,2,2,2022-03-08 09:14:51
1646730895218265000,42.6,10,42.55,5,42.65,2,2,2022-03-08 09:14:55
1646730895343341000,42.65,1,42.55,5,42.65,1,1,2022-03-08 09:14:55
1646730895669874000,42.55,2,42.55,3,42.65,1,2,2022-03-08 09:14:55
1646730896668800000,42.65,5,42.55,4,42.65,18,1,2022-03-08 09:14:56
1646730896686363000,42.65,5,42.55,4,42.65,13,1,2022-03-08 09:14:56
1646730897257819000,42.55,6,42.5,42,42.65,15,2,2022-03-08 09:14:57
1646730897257819000,42.5,14,42.5,42,42.65,15,2,2022-03-08 09:14:57
1646730897363716000,42.5,2,42.5,40,42.65,15,2,2022-03-08 09:14:57
1646730897693579000,42.5,2,42.5,38,42.65,16,2,2022-03-08 09:14:57
1646730899719561000,42.55,5,42.55,1,42.6,3,2,2022-03-08 09:14:59
1646730899834301000,42.6,1,42.55,1,42.6,2,1,2022-03-08 09:14:59
1646730902135770000,42.6,1,42.55,2,42.6,13,1,2022-03-08 09:15:02
1646730902940775000,42.6,3,42.55,2,42.6,56,1,2022-03-08 09:15:02
1646730903087672000,42.55,2,42.5,49,42.55,3,2,2022-03-08 09:15:03
1646730903359220000,42.5,1,42.5,50,42.55,3,2,2022-03-08 09:15:03
1646730903564048000,42.5,20,42.5,32,42.55,3,2,2022-03-08 09:15:03
1646730903752295000,42.5,1,42.5,31,42.55,3,2,2022-03-08 09:15:03
1646730904204272000,42.55,15,42.55,5,42.6,57,1,2022-03-08 09:15:04
1646730904743132000,42.6,1,42.55,5,42.6,56,1,2022-03-08 09:15:04
1646730904975008000,42.55,1,42.55,4,42.6,56,2,2022-03-08 09:15:04
1646730906204339000,42.55,5,42.5,28,42.6,58,2,2022-03-08 09:15:06
1646730906204339000,42.5,10,42.5,28,42.6,58,2,2022-03-08 09:15:06
1646730906492611000,42.6,1,42.5,28,42.6,57,1,2022-03-08 09:15:06
1646730906782433000,42.55,10,42.5,28,42.55,6,1,2022-03-08 09:15:06
1646730907002798000,42.5,15,42.5,13,42.55,6,2,2022-03-08 09:15:07
1646730907876477000,42.55,3,42.5,14,42.55,3,1,2022-03-08 09:15:07
1646730908003831000,42.55,3,42.5,14,42.6,56,1,2022-03-08 09:15:08
1646730908003831000,42.6,2,42.5,14,42.6,56,1,2022-03-08 09:15:08
1646730908808870000,42.55,3,42.55,9,42.6,56,1,2022-03-08 09:15:08
1646730908909533000,42.55,1,42.55,8,42.6,56,2,2022-03-08 09:15:08
1646730908934413000,42.55,1,42.55,7,42.6,56,2,2022-03-08 09:15:08
1646730909488337000,42.55,7,42.5,18,42.55,1,2,2022-03-08 09:15:09
1646730909663726000,42.55,1,42.5,18,42.6,55,1,2022-03-08 09:15:09
1646730909663726000,42.6,1,42.5,18,42.6,55,1,2022-03-08 09:15:09
1646730910039039000,42.5,2,42.5,17,42.6,55,2,2022-03-08 09:15:10
1646730910378665000,42.6,1,42.5,17,42.6,64,1,2022-03-08 09:15:10
1646730910587935000,42.6,1,42.5,18,42.6,63,1,2022-03-08 09:15:10
1646730911094511000,42.5,1,42.5,18,42.6,64,2,2022-03-08 09:15:11
1646730911284560000,42.5,5,42.5,13,42.6,64,2,2022-03-08 09:15:11
1646730911723892000,42.55,1,42.5,16,42.6,63,1,2022-03-08 09:15:11
1646730911723892000,42.6,1,42.5,16,42.6,63,1,2022-03-08 09:15:11
1646730913174522000,42.6,34,42.55,21,42.6,29,1,2022-03-08 09:15:13
1646730913619206000,42.6,29,42.55,22,42.65,19,1,2022-03-08 09:15:13
1646730913861574000,42.55,2,42.55,20,42.65,19,2,2022-03-08 09:15:13
1646730914027098000,42.6,2,42.6,3,42.65,19,2,2022-03-08 09:15:14
1646730914130833000,42.65,5,42.6,3,42.65,14,1,2022-03-08 09:15:14
1646730914287404000,42.65,1,42.6,8,42.65,13,1,2022-03-08 09:15:14
1646730914472982000,42.65,5,42.6,8,42.65,8,1,2022-03-08 09:15:14
1646730914504587000,42.65,5,42.6,8,42.65,3,1,2022-03-08 09:15:14
1646730914542548000,42.6,1,42.6,7,42.65,3,2,2022-03-08 09:15:14
1646730914563956000,42.65,3,42.6,7,42.7,12,1,2022-03-08 09:15:14
1646730914567766000,42.6,1,42.6,6,42.7,12,2,2022-03-08 09:15:14
1646730914584931000,42.7,5,42.6,6,42.7,7,1,2022-03-08 09:15:14
1646730915562789000,42.7,7,42.65,1,42.8,13,1,2022-03-08 09:15:15
1646730915562789000,42.75,7,42.65,1,42.8,13,1,2022-03-08 09:15:15
1646730915562789000,42.8,6,42.65,1,42.8,13,1,2022-03-08 09:15:15
1646730918453574000,42.8,3,42.65,7,42.8,12,1,2022-03-08 09:15:18
1646730919207133000,42.65,3,42.65,6,42.8,12,2,2022-03-08 09:15:19
1646730919369540000,42.8,2,42.65,6,42.8,10,1,2022-03-08 09:15:19
1646730919421341000,42.8,1,42.65,6,42.8,9,1,2022-03-08 09:15:19
1646730920366052000,42.7,1,42.65,6,42.8,10,1,2022-03-08 09:15:20
1646730921047635000,42.8,1,42.7,4,42.8,9,1,2022-03-08 09:15:21
1646730921410150000,42.8,1,42.7,5,42.8,8,1,2022-03-08 09:15:21
1646730922844887000,42.8,1,42.7,28,42.8,10,1,2022-03-08 09:15:22
1646730922961866000,42.8,3,42.7,28,42.8,7,1,2022-03-08 09:15:22
1646730923524562000,42.8,1,42.7,28,42.8,7,1,2022-03-08 09:15:23
1646730924250074000,42.8,5,42.7,28,42.8,2,1,2022-03-08 09:15:24
1646730924746102000,42.75,1,42.7,28,42.75,6,2,2022-03-08 09:15:24
1646730925118211000,42.75,1,42.7,28,42.75,5,1,2022-03-08 09:15:25
1646730925417790000,42.75,1,42.7,29,42.75,4,1,2022-03-08 09:15:25
1646730925888352000,42.75,1,42.7,29,42.75,3,1,2022-03-08 09:15:25
1646730926095489000,42.7,2,42.7,27,42.75,3,2,2022-03-08 09:15:26
1646730926586101000,42.75,3,42.75,47,42.8,7,1,2022-03-08 09:15:26
1646730926914288000,42.75,5,42.75,47,42.8,7,2,2022-03-08 09:15:26
1646730927243596000,42.8,2,42.75,48,42.8,5,1,2022-03-08 09:15:27
1646730927396214000,42.8,5,42.75,48,42.85,1,1,2022-03-08 09:15:27
1646730927573081000,42.75,1,42.75,47,42.85,1,2,2022-03-08 09:15:27
1646730928569592000,42.85,1,42.75,48,42.9,19,1,2022-03-08 09:15:28
1646730928569592000,42.9,5,42.75,48,42.9,19,1,2022-03-08 09:15:28
1646730929839193000,42.8,1,42.75,49,42.95,1,1,2022-03-08 09:15:29
1646730929839193000,42.85,6,42.75,49,42.95,1,1,2022-03-08 09:15:29
1646730929839193000,42.9,19,42.75,49,42.95,1,1,2022-03-08 09:15:29
1646730929839193000,42.95,14,42.75,49,42.95,1,1,2022-03-08 09:15:29
1646730930874445000,42.8,1,42.8,2,42.95,1,2,2022-03-08 09:15:30
1646730933510040000,42.9,1,42.8,51,42.95,2,1,2022-03-08 09:15:33
1646730935839999000,42.8,3,42.8,53,42.9,5,2,2022-03-08 09:15:35
1646730937330660000,42.9,2,42.85,2,42.9,3,1,2022-03-08 09:15:37
1646730937881396000,42.9,1,42.85,2,42.9,2,1,2022-03-08 09:15:37
1646730939450872000,42.9,3,42.85,3,43.0,40,1,2022-03-08 09:15:39
1646730939450872000,42.95,3,42.85,3,43.0,40,1,2022-03-08 09:15:39
1646730939450872000,43.0,14,42.85,3,43.0,40,1,2022-03-08 09:15:39
1646730940257501000,42.85,3,42.8,58,42.95,1,2,2022-03-08 09:15:40
1646730940257501000,42.8,14,42.8,58,42.95,1,2,2022-03-08 09:15:40
1646730940870223000,42.9,1,42.8,58,42.9,4,1,2022-03-08 09:15:40
1646730941084321000,42.9,1,42.8,58,42.9,3,1,2022-03-08 09:15:41
1646730941390197000,42.9,3,42.8,59,42.95,1,1,2022-03-08 09:15:41
1646730942051479000,42.9,1,42.85,3,42.95,3,2,2022-03-08 09:15:42
1646730942051479000,42.85,4,42.85,3,42.95,3,2,2022-03-08 09:15:42
1646730942491038000,42.85,3,42.8,56,42.95,3,2,2022-03-08 09:15:42
1646730942491038000,42.8,2,42.8,56,42.95,3,2,2022-03-08 09:15:42
1646730945021549000,42.9,2,42.85,7,42.95,1,2,2022-03-08 09:15:45
1646730946037118000,42.95,2,42.9,2,43.0,42,1,2022-03-08 09:15:46
1646730946037118000,43.0,3,42.9,2,43.0,42,1,2022-03-08 09:15:46
1646730946253898000,42.9,1,42.9,3,43.0,42,2,2022-03-08 09:15:46
1646730949632910000,42.95,1,42.9,5,43.0,42,1,2022-03-08 09:15:49
1646730949951020000,43.0,2,42.9,11,43.0,40,1,2022-03-08 09:15:49
1646730950027285000,42.9,4,42.9,7,43.0,40,2,2022-03-08 09:15:50
1646730950542831000,42.95,1,42.9,7,42.95,2,1,2022-03-08 09:15:50
1646730951278063000,42.9,1,42.9,6,42.95,2,2,2022-03-08 09:15:51
1646730951889776000,42.95,1,42.9,9,42.95,1,1,2022-03-08 09:15:51
1646730952511833000,42.9,1,42.9,8,42.95,1,2,2022-03-08 09:15:52
1646730952604848000,42.9,8,42.85,6,42.9,2,2,2022-03-08 09:15:52
1646730953996063000,42.85,2,42.85,6,42.9,2,2,2022-03-08 09:15:53
1646730954092821000,42.9,1,42.85,6,42.9,1,1,2022-03-08 09:15:54
1646730955025786000,42.9,1,42.85,6,42.95,1,1,2022-03-08 09:15:55
1646730955946079000,42.9,1,42.9,9,42.95,4,1,2022-03-08 09:15:55
1646730956432018000,42.9,5,42.9,5,42.95,2,2,2022-03-08 09:15:56
1646730957851340000,42.9,3,42.9,3,42.95,2,2,2022-03-08 09:15:57
1646730959559098000,42.9,2,42.9,7,42.95,7,2,2022-03-08 09:15:59
1646730959626249000,42.9,3,42.9,4,42.95,7,2,2022-03-08 09:15:59
1646730960937519000,42.95,2,42.9,11,42.95,5,1,2022-03-08 09:16:00
1646730961227581000,42.9,7,42.9,4,42.95,5,2,2022-03-08 09:16:01
1646730961368398000,42.9,4,42.85,8,42.95,6,2,2022-03-08 09:16:01
1646730961368398000,42.85,3,42.85,8,42.95,6,2,2022-03-08 09:16:01
1646730961372488000,42.85,7,42.85,1,42.95,6,2,2022-03-08 09:16:01
1646730961396461000,42.85,1,42.8,80,42.95,8,2,2022-03-08 09:16:01
1646730963963534000,42.95,1,42.9,1,42.95,10,1,2022-03-08 09:16:03
1646730964652336000,42.9,1,42.85,9,42.9,4,2,2022-03-08 09:16:04
1646730965943105000,42.9,1,42.85,9,42.9,4,1,2022-03-08 09:16:05
1646730966859128000,42.9,1,42.85,9,42.9,3,1,2022-03-08 09:16:06
1646730967727030000,42.9,3,42.85,9,42.95,13,1,2022-03-08 09:16:07
1646730968413414000,42.95,1,42.85,9,42.95,12,1,2022-03-08 09:16:08
1646730969037326000,42.85,5,42.85,6,42.95,12,2,2022-03-08 09:16:09
1646730970624505000,42.9,1,42.85,3,42.95,7,2,2022-03-08 09:16:10
1646730970624505000,42.85,4,42.85,3,42.95,7,2,2022-03-08 09:16:10
1646730972949976000,42.95,1,42.85,11,42.95,9,1,2022-03-08 09:16:12
1646730973730411000,42.85,1,42.85,10,42.9,1,2,2022-03-08 09:16:13
1646730973835080000,42.9,1,42.85,10,42.95,9,1,2022-03-08 09:16:13
1646730979747147000,42.9,1,42.85,23,42.95,10,2,2022-03-08 09:16:19
1646730984528901000,42.9,1,42.85,35,42.95,14,2,2022-03-08 09:16:24
1646730984909747000,42.9,1,42.85,40,42.9,4,2,2022-03-08 09:16:24
1646730985094243000,42.9,2,42.85,40,42.9,2,1,2022-03-08 09:16:25
1646730985253908000,42.9,1,42.85,40,42.9,1,1,2022-03-08 09:16:25
1646730985885218000,42.9,2,42.85,40,42.95,11,1,2022-03-08 09:16:25
1646730985885218000,42.95,3,42.85,40,42.95,11,1,2022-03-08 09:16:25
1646730986869884000,42.9,2,42.9,8,42.95,11,1,2022-03-08 09:16:26
1646730988437214000,42.9,1,42.9,7,42.95,11,2,2022-03-08 09:16:28
1646730988672718000,42.9,5,42.9,2,42.95,11,2,2022-03-08 09:16:28
1646730988716696000,42.9,2,42.85,41,42.95,11,2,2022-03-08 09:16:28
1646730989172597000,42.85,2,42.85,39,42.95,11,2,2022-03-08 09:16:29
1646730991955517000,42.85,39,42.8,55,42.9,1,2,2022-03-08 09:16:31
1646730991955517000,42.8,5,42.8,55,42.9,1,2,2022-03-08 09:16:31
1646730992072743000,42.9,1,42.9,4,42.95,11,1,2022-03-08 09:16:32
1646730993405688000,42.9,5,42.8,50,42.95,12,2,2022-03-08 09:16:33
1646730995507300000,42.8,30,42.8,20,42.9,2,2,2022-03-08 09:16:35
1646730995540920000,42.8,20,42.75,57,42.9,2,2,2022-03-08 09:16:35
1646730997253340000,42.8,1,42.75,53,42.9,2,2,2022-03-08 09:16:37
1646730997253340000,42.75,4,42.75,53,42.9,2,2,2022-03-08 09:16:37
1646730997291741000,42.75,1,42.75,52,42.9,2,2,2022-03-08 09:16:37
1646730997401615000,42.9,1,42.75,52,42.9,1,1,2022-03-08 09:16:37
1646730998430285000,42.8,2,42.75,52,42.85,2,1,2022-03-08 09:16:38
1646731001570902000,42.8,6,42.8,3,42.85,2,2,2022-03-08 09:16:41
1646731001604242000,42.8,3,42.75,53,42.85,2,2,2022-03-08 09:16:41
1646731001771313000,42.85,1,42.75,53,42.85,1,1,2022-03-08 09:16:41
1646731004929805000,42.85,1,42.8,11,42.9,9,1,2022-03-08 09:16:44
1646731004929805000,42.9,2,42.8,11,42.9,9,1,2022-03-08 09:16:44
1646731009030177000,42.9,1,42.85,2,42.9,10,1,2022-03-08 09:16:49
1646731010589834000,42.85,2,42.8,14,42.9,9,2,2022-03-08 09:16:50
1646731011635136000,42.8,5,42.8,9,42.9,9,2,2022-03-08 09:16:51
1646731012433112000,42.9,10,42.8,14,42.9,1,1,2022-03-08 09:16:52
1646731012897777000,42.9,1,42.8,14,42.95,15,1,2022-03-08 09:16:52
1646731016557093000,42.9,1,42.85,1,42.95,13,2,2022-03-08 09:16:56
1646731018437793000,42.95,1,42.9,1,42.95,12,1,2022-03-08 09:16:58
1646731018696027000,42.9,1,42.85,1,42.9,2,2,2022-03-08 09:16:58
1646731020716486000,42.9,1,42.85,1,42.9,1,1,2022-03-08 09:17:00
1646731021114784000,42.85,2,42.8,19,42.85,5,2,2022-03-08 09:17:01
1646731021304930000,42.85,1,42.8,19,42.85,4,1,2022-03-08 09:17:01
1646731022397545000,42.8,10,42.8,9,42.85,4,2,2022-03-08 09:17:02
1646731023714289000,42.85,1,42.8,9,42.85,6,1,2022-03-08 09:17:03
1646731024062442000,42.85,1,42.8,9,42.85,5,1,2022-03-08 09:17:04
1646731024157038000,42.85,2,42.8,9,42.85,3,1,2022-03-08 09:17:04
1646731026325825000,42.8,1,42.8,10,42.85,3,2,2022-03-08 09:17:06
1646731028660378000,42.85,1,42.8,15,42.85,4,1,2022-03-08 09:17:08
1646731030863148000,42.85,3,42.8,15,42.85,1,1,2022-03-08 09:17:10
1646731031693190000,42.8,1,42.8,14,42.85,1,2,2022-03-08 09:17:11
1646731032254411000,42.8,2,42.8,12,42.85,1,2,2022-03-08 09:17:12
1646731032497973000,42.85,1,42.8,22,42.9,3,1,2022-03-08 09:17:12
1646731032684097000,42.8,10,42.8,12,42.9,3,2,2022-03-08 09:17:12
1646731034831442000,42.9,3,42.85,1,42.95,25,1,2022-03-08 09:17:14
1646731035073322000,42.85,1,42.8,11,42.95,25,2,2022-03-08 09:17:15
1646731035073322000,42.8,1,42.8,11,42.95,25,2,2022-03-08 09:17:15
1646731038005778000,42.85,2,42.8,13,42.85,5,1,2022-03-08 09:17:18
1646731038887081000,42.85,1,42.8,13,42.85,4,1,2022-03-08 09:17:18
1646731039867418000,42.8,1,42.8,17,42.85,4,2,2022-03-08 09:17:19
1646731044782797000,42.85,1,42.8,25,42.85,5,1,2022-03-08 09:17:24
1646731045525917000,42.85,5,42.8,25,42.95,25,1,2022-03-08 09:17:25
1646731046491622000,42.8,1,42.8,25,42.95,25,2,2022-03-08 09:17:26
1646731048990525000,42.85,1,42.85,1,42.95,25,2,2022-03-08 09:17:28
1646731049452877000,42.85,1,42.85,1,42.95,25,2,2022-03-08 09:17:29
1646731049500646000,42.85,1,42.8,27,42.95,25,2,2022-03-08 09:17:29
1646731051370158000,42.95,1,42.8,37,42.95,25,1,2022-03-08 09:17:31
1646731053159438000,42.85,3,42.8,40,42.9,10,2,2022-03-08 09:17:33
1646731053159438000,42.8,2,42.8,40,42.9,10,2,2022-03-08 09:17:33
1646731055676701000,42.9,1,42.85,4,42.9,9,1,2022-03-08 09:17:35
1646731060234495000,42.9,1,42.85,11,42.9,9,1,2022-03-08 09:17:40
1646731060375461000,42.9,1,42.85,11,42.9,8,1,2022-03-08 09:17:40
1646731061597218000,42.9,1,42.85,11,42.9,7,1,2022-03-08 09:17:41
1646731064050348000,42.9,6,42.85,11,42.9,1,1,2022-03-08 09:17:44
1646731065082271000,42.9,1,42.85,11,42.95,26,1,2022-03-08 09:17:45
1646731065189297000,42.95,2,42.85,11,42.95,24,1,2022-03-08 09:17:45
1646731065989312000,42.95,1,42.85,12,42.95,23,1,2022-03-08 09:17:45
1646731067404083000,42.9,1,42.9,1,42.95,23,2,2022-03-08 09:17:47
1646731067456777000,42.95,1,42.9,1,42.95,22,1,2022-03-08 09:17:47
1646731068639169000,42.95,1,42.9,1,42.95,21,1,2022-03-08 09:17:48
1646731070993274000,42.95,1,42.9,2,42.95,20,1,2022-03-08 09:17:50
1646731073867398000,42.95,1,42.9,3,42.95,19,1,2022-03-08 09:17:53
1646731074574442000,42.95,1,42.9,4,42.95,18,1,2022-03-08 09:17:54
1646731075626597000,42.95,1,42.9,4,42.95,17,1,2022-03-08 09:17:55
1646731076581882000,42.9,1,42.9,3,42.95,16,2,2022-03-08 09:17:56
1646731076818109000,42.95,2,42.9,3,42.95,14,1,2022-03-08 09:17:56
1646731077651033000,42.9,2,42.9,1,42.95,14,2,2022-03-08 09:17:57
1646731079647866000,42.95,1,42.9,2,42.95,13,1,2022-03-08 09:17:59
1646731082719179000,42.9,1,42.9,2,42.95,13,2,2022-03-08 09:18:02
1646731083531776000,42.9,3,42.9,1,42.95,13,2,2022-03-08 09:18:03
1646731086301501000,42.9,1,42.85,11,42.9,1,2,2022-03-08 09:18:06
1646731086580003000,42.9,1,42.85,11,42.95,13,1,2022-03-08 09:18:06
1646731087751485000,42.9,2,42.9,1,42.95,13,2,2022-03-08 09:18:07
1646731088947327000,42.95,1,42.9,1,42.95,12,1,2022-03-08 09:18:08
1646731094644482000,42.95,2,42.9,12,42.95,11,1,2022-03-08 09:18:14
1646731097882768000,42.95,5,42.9,12,42.95,6,1,2022-03-08 09:18:17
1646731100029448000,42.95,1,42.9,17,42.95,5,1,2022-03-08 09:18:20
1646731100446483000,42.95,2,42.9,17,42.95,3,1,2022-03-08 09:18:20
1646731100682651000,42.95,1,42.9,17,42.95,2,1,2022-03-08 09:18:20
1646731102076034000,42.95,2,42.9,17,42.95,4,1,2022-03-08 09:18:22
1646731102346478000,42.95,1,42.9,17,42.95,3,1,2022-03-08 09:18:22
1646731102506408000,42.95,1,42.9,17,42.95,2,1,2022-03-08 09:18:22
1646731103062632000,42.95,2,42.95,9,43.0,59,1,2022-03-08 09:18:23
1646731109007512000,43.0,1,42.95,12,43.0,57,1,2022-03-08 09:18:29
1646731111210556000,43.0,2,42.95,13,43.0,58,1,2022-03-08 09:18:31
1646731112190766000,42.95,1,42.95,12,43.0,58,2,2022-03-08 09:18:32
1646731112651857000,42.95,5,42.95,7,43.0,58,2,2022-03-08 09:18:32
1646731114178408000,42.95,1,42.95,8,43.0,58,2,2022-03-08 09:18:34
1646731114640115000,42.95,1,42.95,7,43.0,58,2,2022-03-08 09:18:34
1646731125329933000,42.95,2,42.95,20,43.0,45,2,2022-03-08 09:18:45
1646731126392971000,42.95,1,42.95,20,43.0,44,2,2022-03-08 09:18:46
1646731128304036000,43.0,2,42.95,30,43.0,42,1,2022-03-08 09:18:48
1646731128720480000,42.95,3,42.95,27,43.0,42,2,2022-03-08 09:18:48
1646731131793977000,42.95,2,42.95,26,43.0,42,2,2022-03-08 09:18:51
1646731131974993000,43.0,5,42.95,26,43.0,37,1,2022-03-08 09:18:51
1646731133340240000,43.0,10,42.95,28,43.0,27,1,2022-03-08 09:18:53
1646731133516304000,43.0,2,42.95,28,43.0,25,1,2022-03-08 09:18:53
1646731134125970000,43.0,3,42.95,28,43.0,22,1,2022-03-08 09:18:54
1646731134330276000,43.0,3,42.95,28,43.0,19,1,2022-03-08 09:18:54
1646731134730788000,43.0,1,42.95,28,43.0,18,1,2022-03-08 09:18:54
1646731134993235000,43.0,3,42.95,28,43.0,15,1,2022-03-08 09:18:54
1646731135031570000,43.0,1,42.95,28,43.0,14,1,2022-03-08 09:18:55
1646731135045430000,43.0,1,42.95,28,43.0,13,1,2022-03-08 09:18:55
1646731135112123000,43.0,10,42.95,28,43.0,3,1,2022-03-08 09:18:55
1646731135230307000,43.0,1,42.95,28,43.0,2,1,2022-03-08 09:18:55
1646731135328504000,43.0,2,43.0,2,43.05,16,1,2022-03-08 09:18:55
1646731136171679000,43.05,7,43.0,5,43.05,9,1,2022-03-08 09:18:56
1646731136401011000,43.05,2,43.0,5,43.05,7,1,2022-03-08 09:18:56
1646731136404106000,43.05,3,43.0,5,43.05,4,1,2022-03-08 09:18:56
1646731136408898000,43.05,1,43.0,5,43.05,3,1,2022-03-08 09:18:56
1646731140514709000,43.05,1,43.0,4,43.05,2,1,2022-03-08 09:19:00
1646731143760294000,43.05,1,43.0,16,43.05,1,1,2022-03-08 09:19:03
1646731144009320000,43.05,1,43.0,17,43.1,13,1,2022-03-08 09:19:04
1646731144626607000,43.1,5,43.05,8,43.1,8,1,2022-03-08 09:19:04
1646731148100769000,43.1,1,43.05,21,43.1,10,1,2022-03-08 09:19:08
1646731149054225000,43.1,2,43.05,21,43.1,8,1,2022-03-08 09:19:09
1646731149897743000,43.1,1,43.05,24,43.1,7,1,2022-03-08 09:19:09
1646731150629566000,43.1,1,43.05,24,43.1,6,1,2022-03-08 09:19:10
1646731150885948000,43.1,5,43.05,24,43.1,1,1,2022-03-08 09:19:10
