ts,close,volume,bid_price,bid_volume,ask_price,ask_volume,tick_type,datetime
1643101326293598000,162.5,301,162.0,30,162.5,23,1,2022-01-25 09:02:06
1643101326346098000,162.5,2,162.0,30,162.5,21,1,2022-01-25 09:02:06
1643101326348602000,162.0,1,162.0,29,162.5,21,2,2022-01-25 09:02:06
1643101326899167000,162.0,3,162.0,26,162.5,23,2,2022-01-25 09:02:06
1643101326955118000,162.0,4,162.0,22,162.5,23,2,2022-01-25 09:02:06
1643101326956898000,162.0,3,162.0,19,162.5,23,2,2022-01-25 09:02:06
1643101327070573000,162.0,1,162.0,18,162.5,23,2,2022-01-25 09:02:07
1643101327106195000,162.5,3,162.0,18,162.5,20,1,2022-01-25 09:02:07
1643101327169036000,162.5,1,162.0,18,162.5,19,1,2022-01-25 09:02:07
1643101327206921000,162.5,4,162.0,18,162.5,15,1,2022-01-25 09:02:07
1643101327266966000,162.0,1,162.0,17,162.5,15,2,2022-01-25 09:02:07
1643101327970816000,162.5,1,162.0,17,162.5,15,1,2022-01-25 09:02:07
1643101328048970000,162.0,3,162.0,14,162.5,15,2,2022-01-25 09:02:08
1643101328200938000,162.5,1,162.0,14,162.5,14,1,2022-01-25 09:02:08
1643101328241256000,162.5,1,162.0,14,162.5,13,1,2022-01-25 09:02:08
1643101328241967000,162.5,2,162.0,14,162.5,11,1,2022-01-25 09:02:08
1643101328662710000,162.0,14,161.5,9,162.0,8,2,2022-01-25 09:02:08
1643101328875004000,162.0,1,161.5,9,162.0,10,1,2022-01-25 09:02:08
1643101329418343000,161.5,1,161.5,8,162.0,10,2,2022-01-25 09:02:09
1643101329567179000,162.0,1,161.5,8,162.0,9,1,2022-01-25 09:02:09
1643101329583293000,162.0,3,161.5,8,162.0,6,1,2022-01-25 09:02:09
1643101329613682000,162.0,2,161.5,8,162.0,4,1,2022-01-25 09:02:09
1643101329742656000,161.5,1,161.5,7,162.0,4,2,2022-01-25 09:02:09
1643101329794749000,161.5,3,161.5,4,162.0,4,2,2022-01-25 09:02:09
1643101329893278000,162.0,1,161.5,4,162.0,3,1,2022-01-25 09:02:09
1643101330138302000,161.5,3,161.5,1,162.0,4,2,2022-01-25 09:02:10
1643101330173585000,162.0,4,161.5,1,162.5,9,1,2022-01-25 09:02:10
1643101330346959000,162.5,3,161.5,1,162.5,6,1,2022-01-25 09:02:10
1643101330379474000,162.5,6,161.5,1,163.0,7,1,2022-01-25 09:02:10
1643101330678132000,161.5,1,161.0,10,163.0,7,2,2022-01-25 09:02:10
1643101330778185000,162.0,2,161.5,3,162.0,3,1,2022-01-25 09:02:10
1643101330931706000,162.0,1,161.5,3,162.0,2,1,2022-01-25 09:02:10
1643101331052976000,162.0,1,161.5,3,162.0,1,1,2022-01-25 09:02:11
1643101331154026000,161.5,2,161.5,1,162.0,1,2,2022-01-25 09:02:11
1643101331261458000,162.0,1,162.0,2,163.0,7,1,2022-01-25 09:02:11
1643101331296733000,162.5,1,162.5,1,163.0,7,2,2022-01-25 09:02:11
1643101331327498000,162.5,1,162.0,2,163.0,10,2,2022-01-25 09:02:11
1643101331387659000,162.0,1,162.0,1,163.0,10,2,2022-01-25 09:02:11
1643101331400592000,163.0,1,162.0,1,163.0,9,1,2022-01-25 09:02:11
1643101331633040000,163.0,1,162.0,1,163.0,8,1,2022-01-25 09:02:11
1643101331758038000,163.0,1,162.0,1,163.0,7,1,2022-01-25 09:02:11
1643101332060378000,162.0,1,161.5,2,162.0,1,2,2022-01-25 09:02:12
1643101332294221000,162.0,1,161.5,2,162.0,3,1,2022-01-25 09:02:12
1643101332499146000,162.0,1,161.5,2,162.0,2,1,2022-01-25 09:02:12
1643101332543597000,162.0,1,161.5,2,162.0,1,1,2022-01-25 09:02:12
1643101332572514000,161.5,1,161.5,1,162.0,1,2,2022-01-25 09:02:12
1643101332671245000,162.0,1,161.5,1,162.0,2,1,2022-01-25 09:02:12
1643101333013507000,162.0,1,161.5,1,162.0,1,1,2022-01-25 09:02:13
1643101333029977000,161.5,1,161.0,10,162.0,1,2,2022-01-25 09:02:13
1643101333061304000,162.0,1,161.0,10,162.5,2,1,2022-01-25 09:02:13
1643101333061304000,162.5,4,161.0,10,162.5,2,1,2022-01-25 09:02:13
1643101333421444000,162.5,1,161.0,10,162.5,2,1,2022-01-25 09:02:13
1643101333433277000,162.5,2,161.0,10,163.0,6,1,2022-01-25 09:02:13
1643101333433277000,163.0,4,161.0,10,163.0,6,1,2022-01-25 09:02:13
1643101333620057000,162.0,1,161.0,10,162.5,1,2,2022-01-25 09:02:13
1643101333713890000,162.5,1,161.5,4,164.5,8,1,2022-01-25 09:02:13
1643101333713890000,163.0,6,161.5,4,164.5,8,1,2022-01-25 09:02:13
1643101333713890000,163.5,1,161.5,4,164.5,8,1,2022-01-25 09:02:13
1643101333713890000,164.0,3,161.5,4,164.5,8,1,2022-01-25 09:02:13
1643101333770587000,161.5,1,161.5,3,164.5,8,2,2022-01-25 09:02:13
1643101334121005000,162.5,2,161.5,4,164.5,10,1,2022-01-25 09:02:14
1643101334391966000,161.5,1,161.5,3,164.5,8,2,2022-01-25 09:02:14
1643101334848750000,162.5,1,162.0,10,162.5,5,1,2022-01-25 09:02:14
1643101335404226000,162.0,1,162.0,14,162.5,5,2,2022-01-25 09:02:15
1643101335735783000,162.5,1,162.0,17,162.5,4,1,2022-01-25 09:02:15
1643101336044730000,162.5,2,162.0,17,162.5,2,1,2022-01-25 09:02:16
1643101336189743000,162.5,1,162.0,17,162.5,1,1,2022-01-25 09:02:16
1643101337044211000,162.5,1,162.5,1,163.0,1,1,2022-01-25 09:02:17
1643101337966223000,163.0,1,162.5,2,163.5,6,1,2022-01-25 09:02:17
1643101338416427000,162.5,1,162.5,4,163.5,8,2,2022-01-25 09:02:18
1643101338761704000,163.0,1,162.5,4,163.0,1,1,2022-01-25 09:02:18
1643101339236438000,163.0,1,162.5,4,163.5,5,1,2022-01-25 09:02:19
1643101339236438000,163.5,3,162.5,4,163.5,5,1,2022-01-25 09:02:19
1643101339376205000,162.5,4,162.0,17,162.5,6,2,2022-01-25 09:02:19
1643101339398788000,162.5,1,162.0,17,162.5,5,1,2022-01-25 09:02:19
1643101339536126000,162.0,1,162.0,16,162.5,5,2,2022-01-25 09:02:19
1643101340984592000,162.0,2,162.0,13,162.5,7,2,2022-01-25 09:02:20
1643101341005522000,162.5,2,162.0,13,162.5,5,1,2022-01-25 09:02:21
1643101341013791000,162.0,1,162.0,12,162.5,5,2,2022-01-25 09:02:21
1643101341206084000,162.5,1,162.0,12,162.5,4,1,2022-01-25 09:02:21
1643101341522602000,162.5,1,162.0,12,162.5,3,1,2022-01-25 09:02:21
1643101341776389000,162.5,1,162.0,13,162.5,2,1,2022-01-25 09:02:21
1643101341828529000,162.5,1,162.0,13,162.5,1,1,2022-01-25 09:02:21
1643101341861873000,162.5,1,162.0,13,163.0,11,1,2022-01-25 09:02:21
1643101341861873000,163.0,1,162.0,13,163.0,11,1,2022-01-25 09:02:21
1643101342028031000,162.0,3,162.0,10,163.0,12,2,2022-01-25 09:02:22
1643101343074527000,162.5,1,162.0,22,162.5,3,1,2022-01-25 09:02:23
1643101343779887000,162.5,1,162.0,24,162.5,6,1,2022-01-25 09:02:23
1643101344103619000,162.5,1,162.0,24,162.5,6,1,2022-01-25 09:02:24
1643101344274996000,162.5,1,162.0,25,162.5,5,1,2022-01-25 09:02:24
1643101344340348000,162.0,1,162.0,24,162.5,10,2,2022-01-25 09:02:24
1643101344740765000,162.5,1,162.0,27,162.5,10,1,2022-01-25 09:02:24
1643101344941305000,162.5,1,162.0,27,162.5,9,1,2022-01-25 09:02:24
1643101345258366000,162.5,4,162.0,30,162.5,5,1,2022-01-25 09:02:25
1643101345413348000,162.0,1,162.0,29,162.5,5,2,2022-01-25 09:02:25
1643101345415811000,162.5,1,162.0,29,162.5,4,1,2022-01-25 09:02:25
1643101345482027000,162.5,1,162.0,29,162.5,3,1,2022-01-25 09:02:25
1643101345594020000,162.5,4,162.0,31,163.0,12,1,2022-01-25 09:02:25
1643101345843153000,162.5,1,162.0,31,163.0,12,2,2022-01-25 09:02:25
1643101345995156000,162.0,1,162.0,30,163.0,12,2,2022-01-25 09:02:25
1643101346311556000,162.5,1,162.0,32,162.5,1,2,2022-01-25 09:02:26
1643101346436871000,162.5,1,162.0,32,163.0,9,1,2022-01-25 09:02:26
1643101346689840000,163.0,1,162.0,39,163.0,8,1,2022-01-25 09:02:26
1643101347034149000,162.0,1,162.0,38,163.0,8,2,2022-01-25 09:02:27
1643101347272281000,162.5,2,162.0,38,163.0,8,1,2022-01-25 09:02:27
1643101347353545000,163.0,1,162.5,1,163.0,7,1,2022-01-25 09:02:27
1643101347460531000,162.5,1,162.0,38,163.0,7,2,2022-01-25 09:02:27
1643101348169345000,163.0,1,162.5,5,163.0,4,1,2022-01-25 09:02:28
1643101349106290000,163.0,5,162.5,7,163.0,1,1,2022-01-25 09:02:29
1643101349408277000,162.5,3,162.5,6,163.0,1,2,2022-01-25 09:02:29
1643101349421060000,163.0,1,162.5,6,163.5,6,1,2022-01-25 09:02:29
1643101349421060000,163.5,1,162.5,6,163.5,6,1,2022-01-25 09:02:29
1643101349619147000,162.5,2,162.5,9,163.5,6,2,2022-01-25 09:02:29
1643101350424852000,163.0,3,163.0,4,163.5,8,2,2022-01-25 09:02:30
1643101350612370000,163.0,1,163.0,3,163.5,7,2,2022-01-25 09:02:30
1643101350655769000,163.5,7,163.0,3,164.0,6,1,2022-01-25 09:02:30
1643101350655769000,164.0,4,163.0,3,164.0,6,1,2022-01-25 09:02:30
1643101351067900000,163.5,1,163.0,5,163.5,1,1,2022-01-25 09:02:31
1643101351517203000,163.5,1,163.0,10,164.0,5,1,2022-01-25 09:02:31
1643101351527181000,164.0,2,163.0,10,164.0,3,1,2022-01-25 09:02:31
1643101351742068000,163.0,3,163.0,7,164.0,3,2,2022-01-25 09:02:31
1643101352299787000,164.0,1,163.0,5,164.0,4,1,2022-01-25 09:02:32
1643101353424425000,163.5,5,163.5,1,164.0,4,2,2022-01-25 09:02:33
1643101353455847000,163.5,1,163.5,1,164.0,4,2,2022-01-25 09:02:33
1643101353681155000,163.5,1,163.0,6,164.0,4,2,2022-01-25 09:02:33
1643101353941381000,164.0,1,163.0,6,164.0,3,1,2022-01-25 09:02:33
1643101354977787000,164.0,1,163.0,13,164.0,21,1,2022-01-25 09:02:34
1643101355025080000,164.0,1,163.0,13,164.0,21,1,2022-01-25 09:02:35
1643101355063754000,163.0,1,163.0,12,164.0,21,2,2022-01-25 09:02:35
1643101355225755000,163.5,1,163.5,1,164.0,21,1,2022-01-25 09:02:35
1643101355410387000,163.5,1,163.0,12,163.5,2,2,2022-01-25 09:02:35
1643101355531834000,163.5,1,163.0,14,163.5,1,1,2022-01-25 09:02:35
1643101355749519000,163.5,1,163.0,14,163.5,5,1,2022-01-25 09:02:35
1643101356937581000,163.0,3,163.0,12,163.5,18,2,2022-01-25 09:02:36
1643101356976117000,163.5,1,163.0,12,163.5,19,1,2022-01-25 09:02:36
1643101356978376000,163.0,1,163.0,11,163.5,19,2,2022-01-25 09:02:36
1643101357507839000,163.0,10,163.0,3,163.5,21,2,2022-01-25 09:02:37
1643101357541029000,163.0,3,162.5,33,163.5,21,2,2022-01-25 09:02:37
1643101357578452000,163.5,1,162.5,33,163.5,21,1,2022-01-25 09:02:37
1643101357657337000,163.0,1,162.5,33,163.5,21,1,2022-01-25 09:02:37
1643101357738779000,163.5,10,162.5,33,163.5,8,1,2022-01-25 09:02:37
1643101358512337000,163.0,1,162.5,33,163.0,12,1,2022-01-25 09:02:38
1643101358594132000,163.0,1,162.5,33,163.0,11,1,2022-01-25 09:02:38
1643101358708991000,163.0,1,162.5,33,163.0,10,1,2022-01-25 09:02:38
1643101358711764000,163.0,1,162.5,33,163.0,9,1,2022-01-25 09:02:38
1643101358742265000,162.5,1,162.5,32,163.0,9,2,2022-01-25 09:02:38
1643101359004187000,163.0,1,162.5,32,163.0,18,1,2022-01-25 09:02:39
1643101359070387000,162.5,1,162.5,31,163.0,18,2,2022-01-25 09:02:39
1643101359104008000,162.5,1,162.5,30,163.0,19,2,2022-01-25 09:02:39
1643101359126723000,162.5,7,162.5,24,163.0,19,2,2022-01-25 09:02:39
1643101359508472000,163.0,2,162.5,26,163.0,17,1,2022-01-25 09:02:39
1643101359569719000,162.5,3,162.5,23,163.0,17,2,2022-01-25 09:02:39
1643101359781809000,163.0,1,162.5,23,163.0,17,1,2022-01-25 09:02:39
1643101359850343000,163.0,1,162.5,23,163.0,16,1,2022-01-25 09:02:39
1643101359949567000,162.5,1,162.5,22,163.0,16,2,2022-01-25 09:02:39
1643101360022663000,163.0,1,162.5,22,163.0,15,1,2022-01-25 09:02:40
1643101360318405000,162.5,5,162.5,18,163.0,15,2,2022-01-25 09:02:40
1643101360740894000,163.0,1,162.5,19,163.0,14,1,2022-01-25 09:02:40
1643101361017877000,163.0,2,162.5,19,163.0,12,1,2022-01-25 09:02:41
1643101361548223000,163.0,1,162.5,20,163.0,11,1,2022-01-25 09:02:41
1643101361553317000,162.5,1,162.5,19,163.0,11,2,2022-01-25 09:02:41
1643101361767028000,163.0,1,162.5,18,163.0,13,1,2022-01-25 09:02:41
1643101361882068000,163.0,2,162.5,18,163.0,11,1,2022-01-25 09:02:41
1643101362545780000,162.5,1,162.5,16,163.0,14,2,2022-01-25 09:02:42
1643101362812921000,163.0,1,162.5,17,163.0,18,1,2022-01-25 09:02:42
1643101363106175000,162.5,1,162.5,19,163.0,18,2,2022-01-25 09:02:43
1643101363133285000,162.5,1,162.5,18,163.0,18,2,2022-01-25 09:02:43
1643101363310770000,162.5,1,162.5,17,163.0,18,2,2022-01-25 09:02:43
1643101363460518000,162.5,1,162.5,16,163.0,20,2,2022-01-25 09:02:43
1643101363818234000,163.0,1,162.5,17,163.0,19,1,2022-01-25 09:02:43
1643101364493027000,162.5,1,162.5,20,163.0,19,2,2022-01-25 09:02:44
1643101364496995000,163.0,1,162.5,20,163.0,18,1,2022-01-25 09:02:44
1643101364499739000,163.0,1,162.5,20,163.0,17,1,2022-01-25 09:02:44
1643101364526767000,163.0,1,162.5,20,163.0,17,1,2022-01-25 09:02:44
1643101365854211000,162.5,1,162.5,21,163.0,18,2,2022-01-25 09:02:45
1643101365910664000,163.0,1,162.5,21,163.0,18,1,2022-01-25 09:02:45
1643101367464470000,162.5,2,162.5,20,163.0,18,2,2022-01-25 09:02:47
1643101368017828000,163.0,1,162.5,20,163.0,18,1,2022-01-25 09:02:48
1643101368933558000,163.0,1,162.5,23,163.0,27,1,2022-01-25 09:02:48
1643101369090937000,163.0,1,162.5,23,163.0,16,1,2022-01-25 09:02:49
1643101369227828000,163.0,1,162.5,23,163.0,15,1,2022-01-25 09:02:49
1643101369557628000,162.5,10,162.5,14,163.0,15,2,2022-01-25 09:02:49
1643101369570563000,162.5,10,162.5,4,163.0,15,2,2022-01-25 09:02:49
1643101370134097000,162.5,2,162.5,2,163.0,20,2,2022-01-25 09:02:50
1643101370176206000,162.5,2,162.0,45,163.0,20,2,2022-01-25 09:02:50
1643101370344342000,163.0,1,162.5,1,163.0,20,1,2022-01-25 09:02:50
1643101370460936000,162.5,1,162.5,1,163.0,22,2,2022-01-25 09:02:50
1643101370621736000,162.5,1,162.0,45,163.0,22,2,2022-01-25 09:02:50
1643101370838540000,163.0,1,162.0,44,163.0,22,1,2022-01-25 09:02:50
1643101370916017000,163.0,1,162.0,44,163.0,21,1,2022-01-25 09:02:50
1643101370921383000,163.0,10,162.0,44,163.0,11,1,2022-01-25 09:02:50
1643101371167471000,162.0,1,162.0,43,162.5,6,2,2022-01-25 09:02:51
1643101371357583000,162.5,1,162.0,43,162.5,9,1,2022-01-25 09:02:51
1643101371395232000,162.0,1,162.0,42,162.5,9,2,2022-01-25 09:02:51
1643101371612862000,162.5,2,162.0,43,162.5,7,1,2022-01-25 09:02:51
1643101372189490000,162.5,1,162.0,43,162.5,8,1,2022-01-25 09:02:52
1643101372483866000,162.0,10,162.0,33,162.5,8,2,2022-01-25 09:02:52
1643101372515990000,162.0,1,162.0,32,162.5,8,2,2022-01-25 09:02:52
1643101372580740000,162.5,3,162.0,33,162.5,5,1,2022-01-25 09:02:52
1643101372834672000,162.0,2,162.0,31,162.5,6,2,2022-01-25 09:02:52
1643101372857781000,162.5,6,162.0,31,163.0,9,1,2022-01-25 09:02:52
1643101373879271000,162.0,6,162.0,27,162.5,1,2,2022-01-25 09:02:53
1643101374143054000,162.5,1,162.0,28,163.0,10,1,2022-01-25 09:02:54
1643101374194399000,162.5,1,162.0,28,163.0,10,1,2022-01-25 09:02:54
1643101374721414000,162.5,1,162.0,27,162.5,2,1,2022-01-25 09:02:54
1643101375839961000,162.5,1,162.0,29,162.5,3,1,2022-01-25 09:02:55
1643101376591101000,162.5,1,162.0,31,162.5,6,1,2022-01-25 09:02:56
1643101376647813000,162.0,2,162.0,29,162.5,6,2,2022-01-25 09:02:56
1643101376812458000,162.0,1,162.0,28,162.5,7,2,2022-01-25 09:02:56
1643101376939347000,162.0,1,162.0,27,162.5,7,2,2022-01-25 09:02:56
1643101377566130000,162.0,1,162.0,26,162.5,12,2,2022-01-25 09:02:57
1643101377850179000,162.5,1,162.0,26,162.5,14,1,2022-01-25 09:02:57
1643101378021632000,162.5,1,162.0,29,162.5,13,1,2022-01-25 09:02:58
1643101378227071000,162.0,15,162.0,14,162.5,13,2,2022-01-25 09:02:58
1643101378255808000,162.0,14,161.5,27,162.5,14,2,2022-01-25 09:02:58
1643101378470142000,162.0,1,161.5,27,162.5,14,2,2022-01-25 09:02:58
1643101378622822000,161.5,1,161.5,26,162.5,14,2,2022-01-25 09:02:58
1643101378871396000,162.0,1,162.0,1,162.5,14,2,2022-01-25 09:02:58
1643101379234441000,162.0,1,161.5,24,162.5,14,2,2022-01-25 09:02:59
1643101379234441000,161.5,2,161.5,24,162.5,14,2,2022-01-25 09:02:59
1643101379366665000,162.0,1,161.5,20,162.5,14,2,2022-01-25 09:02:59
1643101379366665000,161.5,4,161.5,20,162.5,14,2,2022-01-25 09:02:59
1643101379396191000,162.5,1,161.5,20,162.5,13,1,2022-01-25 09:02:59
1643101379667101000,162.0,2,161.5,20,162.0,4,1,2022-01-25 09:02:59
1643101380139602000,161.5,3,161.5,17,162.0,16,2,2022-01-25 09:03:00
1643101380173549000,161.5,6,161.5,11,162.0,16,2,2022-01-25 09:03:00
1643101380203822000,161.5,1,161.5,10,162.0,16,2,2022-01-25 09:03:00
1643101380235444000,161.5,5,161.5,5,162.0,16,2,2022-01-25 09:03:00
1643101380265372000,161.5,1,161.5,4,162.0,16,2,2022-01-25 09:03:00
1643101380827558000,161.5,1,161.5,3,162.0,17,2,2022-01-25 09:03:00
1643101380915032000,161.5,1,161.5,2,162.0,18,2,2022-01-25 09:03:00
1643101381070664000,161.5,2,161.0,29,162.0,18,2,2022-01-25 09:03:01
1643101381070664000,161.0,1,161.0,29,162.0,18,2,2022-01-25 09:03:01
1643101381199564000,161.0,1,161.0,28,162.0,18,2,2022-01-25 09:03:01
1643101381705055000,161.5,1,161.0,28,161.5,2,1,2022-01-25 09:03:01
1643101382369888000,161.0,3,161.0,25,161.5,2,2,2022-01-25 09:03:02
1643101382379581000,161.5,1,161.0,25,161.5,1,1,2022-01-25 09:03:02
1643101382501578000,161.0,3,161.0,22,161.5,1,2,2022-01-25 09:03:02
1643101382530616000,161.0,1,161.0,21,161.5,1,2,2022-01-25 09:03:02
1643101382675009000,161.5,1,161.0,21,162.0,13,1,2022-01-25 09:03:02
1643101382688367000,161.0,3,161.0,18,162.0,13,2,2022-01-25 09:03:02
1643101383216671000,161.0,1,161.0,16,162.0,14,2,2022-01-25 09:03:03
1643101383312122000,162.0,1,161.0,15,162.0,23,1,2022-01-25 09:03:03
1643101384293500000,161.5,1,161.0,14,162.0,23,2,2022-01-25 09:03:04
1643101384293500000,161.0,1,161.0,14,162.0,23,2,2022-01-25 09:03:04
1643101385329427000,161.0,7,161.0,8,162.0,25,2,2022-01-25 09:03:05
1643101385362936000,161.0,1,161.0,7,162.0,25,2,2022-01-25 09:03:05
1643101385441851000,161.0,5,161.0,2,161.5,1,2,2022-01-25 09:03:05
1643101385480267000,161.0,1,161.0,1,161.5,4,2,2022-01-25 09:03:05
1643101385918594000,161.5,1,161.0,1,161.5,3,1,2022-01-25 09:03:05
1643101389350400000,161.0,1,161.0,2,161.5,21,2,2022-01-25 09:03:09
1643101389702064000,161.5,1,161.0,2,161.5,18,1,2022-01-25 09:03:09
1643101390134016000,161.0,1,161.0,1,161.5,18,2,2022-01-25 09:03:10
1643101390318929000,161.0,1,160.5,9,161.5,18,2,2022-01-25 09:03:10
1643101390474573000,160.5,3,160.5,6,161.5,18,2,2022-01-25 09:03:10
1643101390744967000,160.5,5,160.5,1,161.5,18,2,2022-01-25 09:03:10
1643101391662158000,160.5,1,160.5,1,161.0,4,2,2022-01-25 09:03:11
1643101392964072000,161.0,1,160.5,1,161.0,4,1,2022-01-25 09:03:12
1643101393805911000,160.5,1,160.5,5,161.0,15,2,2022-01-25 09:03:13
1643101395831171000,160.5,1,160.5,10,161.0,15,2,2022-01-25 09:03:15
1643101396292386000,160.5,3,160.5,7,161.0,15,2,2022-01-25 09:03:16
1643101397074721000,160.5,1,160.5,6,161.0,15,2,2022-01-25 09:03:17
1643101397675990000,160.5,5,160.5,7,161.0,15,2,2022-01-25 09:03:17
1643101397962329000,160.5,3,160.5,6,161.0,15,2,2022-01-25 09:03:17
1643101398164666000,161.0,1,160.5,6,161.0,14,1,2022-01-25 09:03:18
1643101398413440000,160.5,1,160.5,5,161.0,14,2,2022-01-25 09:03:18
1643101398675717000,160.5,2,160.5,3,161.0,14,2,2022-01-25 09:03:18
1643101398852587000,161.0,2,160.5,3,161.0,12,1,2022-01-25 09:03:18
1643101398892250000,160.5,1,160.5,2,161.0,12,2,2022-01-25 09:03:18
1643101398956330000,161.0,12,160.5,3,161.5,35,1,2022-01-25 09:03:18
1643101399383205000,160.5,1,160.5,2,161.5,35,2,2022-01-25 09:03:19
1643101399916059000,161.0,1,161.0,2,161.5,34,2,2022-01-25 09:03:19
1643101400357582000,161.0,1,161.0,1,161.5,33,2,2022-01-25 09:03:20
1643101400720061000,161.0,2,160.5,4,161.5,33,2,2022-01-25 09:03:20
1643101400720061000,160.5,2,160.5,4,161.5,33,2,2022-01-25 09:03:20
1643101401282106000,160.5,1,160.5,5,161.0,2,2,2022-01-25 09:03:21
1643101401649306000,160.5,1,160.5,6,161.0,3,2,2022-01-25 09:03:21
1643101401725072000,160.5,1,160.5,5,161.0,3,2,2022-01-25 09:03:21
1643101402190684000,160.5,6,160.5,2,161.0,3,2,2022-01-25 09:03:22
1643101402396540000,160.5,1,160.5,1,161.0,3,2,2022-01-25 09:03:22
1643101402447439000,160.5,1,160.0,18,161.0,3,2,2022-01-25 09:03:22
1643101402733610000,161.0,2,160.0,18,161.0,1,1,2022-01-25 09:03:22
1643101402761531000,161.0,1,160.0,18,161.5,33,1,2022-01-25 09:03:22
1643101403123660000,160.5,2,160.0,17,161.0,7,2,2022-01-25 09:03:23
1643101403123660000,160.0,1,160.0,17,161.0,7,2,2022-01-25 09:03:23
1643101403442439000,160.5,1,160.0,17,161.0,7,2,2022-01-25 09:03:23
1643101404286106000,161.0,1,160.0,17,161.0,8,1,2022-01-25 09:03:24
1643101405028501000,160.5,1,160.0,17,160.5,2,2,2022-01-25 09:03:25
1643101405202125000,160.5,1,160.0,17,160.5,1,1,2022-01-25 09:03:25
1643101405857981000,160.5,1,160.0,17,160.5,1,1,2022-01-25 09:03:25
1643101406253069000,160.5,1,160.0,17,161.0,11,1,2022-01-25 09:03:26
1643101406513904000,160.5,1,160.0,13,161.0,11,2,2022-01-25 09:03:26
1643101406513904000,160.0,5,160.0,13,161.0,11,2,2022-01-25 09:03:26
1643101407062877000,160.5,1,160.5,2,161.0,12,2,2022-01-25 09:03:27
1643101407138776000,160.5,1,160.5,1,161.0,12,2,2022-01-25 09:03:27
1643101407728665000,160.5,1,160.5,4,161.0,11,2,2022-01-25 09:03:27
1643101408094704000,160.5,1,160.5,3,161.0,11,2,2022-01-25 09:03:28
1643101408334736000,161.0,1,160.5,5,161.0,10,1,2022-01-25 09:03:28
1643101408596209000,160.5,5,160.0,6,161.0,11,2,2022-01-25 09:03:28
1643101408596209000,160.0,8,160.0,6,161.0,11,2,2022-01-25 09:03:28
1643101409530099000,160.5,1,160.5,1,161.0,13,2,2022-01-25 09:03:29
1643101409672456000,160.5,1,160.0,6,161.0,13,2,2022-01-25 09:03:29
1643101409984251000,160.5,1,160.5,4,161.0,13,2,2022-01-25 09:03:29
1643101410754945000,160.5,1,160.5,3,161.0,14,2,2022-01-25 09:03:30
1643101411176871000,160.5,1,160.5,2,161.0,14,2,2022-01-25 09:03:31
1643101411781046000,160.5,1,160.5,1,161.0,15,2,2022-01-25 09:03:31
1643101412255063000,160.5,1,160.0,7,160.5,1,2,2022-01-25 09:03:32
1643101412523633000,160.0,1,160.0,7,160.5,1,2,2022-01-25 09:03:32
1643101412619782000,160.0,5,160.0,3,160.5,1,2,2022-01-25 09:03:32
1643101412806988000,160.5,1,160.0,9,161.0,17,1,2022-01-25 09:03:32
1643101413911820000,160.5,1,160.0,10,161.0,19,1,2022-01-25 09:03:33
1643101414263548000,160.0,7,160.0,3,161.0,19,2,2022-01-25 09:03:34
1643101415117459000,160.0,4,159.0,40,160.5,2,2,2022-01-25 09:03:35
1643101415117459000,159.5,5,159.0,40,160.5,2,2,2022-01-25 09:03:35
1643101415117459000,159.0,1,159.0,40,160.5,2,2,2022-01-25 09:03:35
1643101416201643000,159.5,1,159.5,2,160.0,4,2,2022-01-25 09:03:36
1643101416271988000,160.0,1,159.5,2,160.0,3,1,2022-01-25 09:03:36
1643101416619606000,160.0,1,159.5,1,160.0,2,1,2022-01-25 09:03:36
1643101417171954000,160.0,2,159.5,6,160.0,1,1,2022-01-25 09:03:37
1643101417201937000,160.0,1,159.5,6,160.5,15,1,2022-01-25 09:03:37
1643101417376012000,159.5,1,159.5,5,160.0,4,2,2022-01-25 09:03:37
1643101419043554000,159.5,5,159.5,2,160.0,8,2,2022-01-25 09:03:39
1643101419591744000,159.5,1,159.5,1,160.0,8,2,2022-01-25 09:03:39
1643101419893983000,159.5,1,159.0,42,160.0,8,2,2022-01-25 09:03:39
1643101420081999000,160.0,1,159.5,2,160.0,12,1,2022-01-25 09:03:40
1643101420429956000,159.5,1,159.5,1,160.0,12,2,2022-01-25 09:03:40
1643101420801671000,160.0,1,159.5,1,160.0,11,1,2022-01-25 09:03:40
1643101421571644000,159.5,1,159.0,39,160.0,11,2,2022-01-25 09:03:41
1643101421571644000,159.0,1,159.0,39,160.0,11,2,2022-01-25 09:03:41
1643101422188135000,159.5,1,159.5,2,160.0,11,2,2022-01-25 09:03:42
1643101423538181000,159.5,1,159.5,1,160.0,14,2,2022-01-25 09:03:43
1643101423626284000,159.5,1,159.5,1,160.0,14,2,2022-01-25 09:03:43
1643101424018981000,160.0,1,159.5,3,160.0,13,1,2022-01-25 09:03:44
1643101424684172000,160.0,2,159.5,11,160.0,12,1,2022-01-25 09:03:44
1643101424706567000,160.0,12,159.5,11,160.5,16,1,2022-01-25 09:03:44
1643101425324921000,160.5,4,159.5,13,161.0,10,1,2022-01-25 09:03:45
1643101425432210000,160.0,1,160.0,1,160.5,2,2,2022-01-25 09:03:45
1643101425493580000,160.0,1,159.5,12,160.5,2,2,2022-01-25 09:03:45
1643101425493580000,159.5,1,159.5,12,160.5,2,2,2022-01-25 09:03:45
1643101426035076000,160.0,1,160.0,1,160.5,2,2,2022-01-25 09:03:46
1643101426185085000,160.0,1,159.5,16,160.0,1,2,2022-01-25 09:03:46
1643101426194872000,160.0,1,159.5,16,160.5,2,1,2022-01-25 09:03:46
1643101426288941000,160.0,1,159.5,16,160.5,2,1,2022-01-25 09:03:46
1643101426679461000,160.0,1,159.5,17,160.5,2,1,2022-01-25 09:03:46
1643101426783523000,160.0,2,160.0,1,160.5,2,2,2022-01-25 09:03:46
1643101426925656000,160.5,2,160.0,11,161.0,10,1,2022-01-25 09:03:46
1643101428739045000,160.5,1,160.0,16,160.5,3,1,2022-01-25 09:03:48
1643101428775826000,160.5,3,160.0,16,161.0,9,1,2022-01-25 09:03:48
1643101429724176000,160.5,2,160.0,15,161.0,11,2,2022-01-25 09:03:49
1643101429724176000,160.0,1,160.0,15,161.0,11,2,2022-01-25 09:03:49
1643101431028866000,161.0,1,160.5,10,161.0,10,1,2022-01-25 09:03:51
1643101431443130000,161.0,1,160.5,10,161.0,9,1,2022-01-25 09:03:51
1643101432576236000,161.0,1,160.5,10,161.0,8,1,2022-01-25 09:03:52
1643101433733903000,161.0,2,160.5,20,161.0,7,1,2022-01-25 09:03:53
1643101435864553000,161.0,2,160.5,10,161.0,15,1,2022-01-25 09:03:55
1643101437261792000,161.0,1,160.5,11,161.0,15,1,2022-01-25 09:03:57
1643101437341221000,160.5,2,160.5,9,161.0,15,2,2022-01-25 09:03:57
1643101437981020000,161.0,2,160.5,10,161.0,13,1,2022-01-25 09:03:57
1643101438820612000,161.0,1,160.5,11,161.0,13,1,2022-01-25 09:03:58
1643101438838014000,160.5,8,160.5,3,161.0,13,2,2022-01-25 09:03:58
1643101438891542000,160.5,1,160.5,2,161.0,13,2,2022-01-25 09:03:58
1643101439471310000,160.5,1,160.5,1,161.0,12,2,2022-01-25 09:03:59
1643101439933219000,160.5,2,160.0,24,160.5,3,2,2022-01-25 09:03:59
1643101440114623000,160.5,1,160.0,14,160.5,2,1,2022-01-25 09:04:00
1643101440612516000,160.0,1,160.0,13,160.5,3,2,2022-01-25 09:04:00
1643101442353577000,160.5,3,160.0,4,160.5,4,1,2022-01-25 09:04:02
1643101444712607000,160.0,2,160.0,3,160.5,9,2,2022-01-25 09:04:04
1643101446037122000,160.5,1,160.0,4,160.5,8,1,2022-01-25 09:04:06
1643101446835188000,160.0,1,160.0,3,160.5,9,2,2022-01-25 09:04:06
1643101448347678000,160.0,2,160.0,10,160.5,10,2,2022-01-25 09:04:08
1643101448730597000,160.5,1,160.0,10,160.5,9,1,2022-01-25 09:04:08
1643101449765789000,160.5,1,160.0,12,160.5,9,1,2022-01-25 09:04:09
1643101451331391000,160.5,2,160.0,17,160.5,8,1,2022-01-25 09:04:11
1643101451609332000,160.0,1,160.0,16,160.5,8,2,2022-01-25 09:04:11
1643101452332375000,160.0,3,160.0,16,160.5,8,2,2022-01-25 09:04:12
1643101454667189000,160.0,1,160.0,18,160.5,12,2,2022-01-25 09:04:14
1643101454757762000,160.0,1,160.0,17,160.5,12,2,2022-01-25 09:04:14
1643101454817885000,160.0,1,160.0,16,160.5,12,2,2022-01-25 09:04:14
1643101456159837000,160.5,1,160.0,17,160.5,11,1,2022-01-25 09:04:16
1643101462296094000,160.5,1,160.0,23,160.5,12,1,2022-01-25 09:04:22
1643101462660652000,160.5,1,160.0,23,160.5,11,1,2022-01-25 09:04:22
1643101463338159000,160.5,1,160.0,24,160.5,10,1,2022-01-25 09:04:23
1643101464018353000,160.5,1,160.0,24,160.5,8,1,2022-01-25 09:04:24
1643101465291084000,160.0,2,160.0,22,160.5,11,2,2022-01-25 09:04:25
1643101465488413000,160.0,20,160.0,2,160.5,11,2,2022-01-25 09:04:25
1643101465515232000,160.0,1,160.0,1,160.5,11,2,2022-01-25 09:04:25
1643101465515248000,160.0,1,159.5,15,160.5,11,2,2022-01-25 09:04:25
1643101466721746000,160.0,1,159.5,15,160.0,6,1,2022-01-25 09:04:26
1643101467699259000,160.0,1,159.5,15,160.0,7,1,2022-01-25 09:04:27
1643101468318389000,159.5,1,159.5,12,160.0,8,2,2022-01-25 09:04:28
1643101468359374000,160.0,1,159.5,12,160.0,7,1,2022-01-25 09:04:28
1643101468429846000,160.0,1,159.5,12,160.0,6,1,2022-01-25 09:04:28
1643101469884561000,160.0,1,159.5,4,160.0,7,1,2022-01-25 09:04:29
1643101470456699000,160.0,1,159.5,5,160.0,12,1,2022-01-25 09:04:30
1643101470609194000,160.0,2,159.5,5,160.0,11,1,2022-01-25 09:04:30
1643101473668591000,160.0,1,159.5,5,160.0,18,1,2022-01-25 09:04:33
1643101474469272000,159.5,1,159.5,4,160.0,18,2,2022-01-25 09:04:34
1643101474752890000,160.0,1,159.5,5,160.0,17,1,2022-01-25 09:04:34
1643101474901234000,159.5,1,159.5,4,160.0,17,2,2022-01-25 09:04:34
1643101474930813000,159.5,1,159.5,3,160.0,17,2,2022-01-25 09:04:34
1643101475475112000,160.0,1,159.5,3,160.0,13,1,2022-01-25 09:04:35
1643101475612659000,160.0,1,159.5,3,160.0,12,1,2022-01-25 09:04:35
1643101476264675000,160.0,1,159.5,3,160.0,11,1,2022-01-25 09:04:36
1643101476629694000,159.5,1,159.5,2,160.0,11,2,2022-01-25 09:04:36
1643101476637802000,159.5,2,159.0,21,160.0,11,2,2022-01-25 09:04:36
1643101476637802000,159.0,4,159.0,21,160.0,11,2,2022-01-25 09:04:36
1643101479685461000,159.0,1,159.0,20,160.0,17,2,2022-01-25 09:04:39
1643101482862033000,159.5,1,159.0,20,160.0,21,1,2022-01-25 09:04:42
1643101483654402000,159.5,5,159.5,5,160.0,21,1,2022-01-25 09:04:43
1643101483856235000,159.5,2,159.5,3,160.0,21,2,2022-01-25 09:04:43
1643101484001325000,159.5,2,159.5,1,160.0,21,2,2022-01-25 09:04:44
1643101484233716000,159.5,1,159.0,22,159.5,9,2,2022-01-25 09:04:44
1643101484360145000,159.5,2,159.0,22,159.5,11,1,2022-01-25 09:04:44
1643101484894709000,159.0,1,159.0,22,159.5,15,2,2022-01-25 09:04:44
1643101484928502000,159.5,1,159.0,22,159.5,14,1,2022-01-25 09:04:44
1643101487969580000,159.5,1,159.0,23,159.5,17,1,2022-01-25 09:04:47
1643101489938123000,159.0,5,159.0,21,159.5,20,2,2022-01-25 09:04:49
1643101490655704000,159.0,10,159.0,12,159.5,20,2,2022-01-25 09:04:50
1643101490856012000,159.5,1,159.0,12,159.5,19,1,2022-01-25 09:04:50
1643101491462420000,159.0,1,159.0,11,159.5,19,2,2022-01-25 09:04:51
1643101491949431000,159.0,5,159.0,6,159.5,19,2,2022-01-25 09:04:51
1643101492570557000,159.0,1,159.0,5,159.5,19,2,2022-01-25 09:04:52
1643101492617456000,159.0,1,159.0,4,159.5,19,2,2022-01-25 09:04:52
1643101492650620000,159.0,4,158.5,13,159.5,19,2,2022-01-25 09:04:52
1643101494008157000,159.0,1,158.5,14,159.0,17,1,2022-01-25 09:04:54
1643101494676688000,159.0,1,158.5,14,159.0,17,1,2022-01-25 09:04:54
1643101494690749000,159.0,1,158.5,14,159.0,16,1,2022-01-25 09:04:54
1643101494834453000,158.5,1,158.5,13,159.0,16,2,2022-01-25 09:04:54
1643101496919505000,158.5,1,158.5,12,159.0,16,2,2022-01-25 09:04:56
1643101496949525000,159.0,1,158.5,12,159.0,15,1,2022-01-25 09:04:56
1643101497269034000,158.5,1,158.5,11,159.0,15,2,2022-01-25 09:04:57
1643101499909942000,158.5,1,158.5,11,159.0,15,2,2022-01-25 09:04:59
1643101500595874000,158.5,1,158.5,11,159.0,15,2,2022-01-25 09:05:00
1643101500694312000,158.5,2,158.5,9,159.0,16,2,2022-01-25 09:05:00
1643101500904059000,158.5,1,158.5,8,159.0,16,2,2022-01-25 09:05:00
1643101501087996000,158.5,1,158.5,7,159.0,17,2,2022-01-25 09:05:01
1643101501438594000,158.5,5,158.5,8,159.0,18,2,2022-01-25 09:05:01
1643101501663523000,158.5,1,158.5,7,159.0,18,2,2022-01-25 09:05:01
1643101503295442000,158.5,1,158.5,11,159.0,17,2,2022-01-25 09:05:03
1643101503338816000,158.5,1,158.5,10,159.0,17,2,2022-01-25 09:05:03
1643101503418877000,158.5,1,158.5,9,159.0,17,2,2022-01-25 09:05:03
1643101506197569000,158.5,1,158.5,17,159.0,18,2,2022-01-25 09:05:06
1643101507744077000,158.5,1,158.5,17,159.0,18,2,2022-01-25 09:05:07
1643101509487936000,158.5,5,158.5,13,159.0,18,2,2022-01-25 09:05:09
1643101510130521000,158.5,2,158.5,12,159.0,25,2,2022-01-25 09:05:10
1643101511699651000,158.5,1,158.5,13,159.0,28,2,2022-01-25 09:05:11
1643101512300056000,158.5,2,158.5,11,159.0,28,2,2022-01-25 09:05:12
1643101512332971000,158.5,5,158.5,6,159.0,28,2,2022-01-25 09:05:12
1643101512621725000,158.5,1,158.5,6,159.0,32,2,2022-01-25 09:05:12
1643101512660279000,158.5,4,158.5,3,159.0,32,2,2022-01-25 09:05:12
1643101513299079000,158.5,4,158.0,66,158.5,6,2,2022-01-25 09:05:13
1643101513338871000,158.0,3,158.0,63,158.5,6,2,2022-01-25 09:05:13
1643101513393881000,158.5,1,158.0,63,158.5,5,1,2022-01-25 09:05:13
1643101513430842000,158.0,2,158.0,61,158.5,5,2,2022-01-25 09:05:13
1643101513539054000,158.0,3,158.0,58,158.5,5,2,2022-01-25 09:05:13
1643101514058007000,158.0,1,158.0,57,158.5,11,2,2022-01-25 09:05:14
1643101514152143000,158.0,2,158.0,55,158.5,12,2,2022-01-25 09:05:14
1643101514786690000,158.0,1,158.0,54,158.5,13,2,2022-01-25 09:05:14
1643101514968734000,158.0,2,158.0,52,158.5,13,2,2022-01-25 09:05:14
1643101516198410000,158.0,2,158.0,50,158.5,21,2,2022-01-25 09:05:16
1643101516325653000,158.0,2,158.0,48,158.5,21,2,2022-01-25 09:05:16
1643101516669647000,158.0,1,158.0,47,158.5,21,2,2022-01-25 09:05:16
1643101517337723000,158.0,1,158.0,46,158.5,21,2,2022-01-25 09:05:17
1643101517605531000,158.0,1,158.0,45,158.5,20,2,2022-01-25 09:05:17
1643101517611520000,158.0,2,158.0,43,158.5,20,2,2022-01-25 09:05:17
1643101517829552000,158.0,1,158.0,42,158.5,20,2,2022-01-25 09:05:17
1643101518092560000,158.0,1,158.0,40,158.5,20,2,2022-01-25 09:05:18
1643101518130192000,158.0,1,158.0,39,158.5,20,2,2022-01-25 09:05:18
1643101518517839000,158.0,1,158.0,38,158.5,21,2,2022-01-25 09:05:18
1643101518629337000,158.0,5,158.0,33,158.5,21,2,2022-01-25 09:05:18
1643101518814184000,158.0,15,158.0,18,158.5,21,2,2022-01-25 09:05:18
1643101518834699000,158.0,3,158.0,15,158.5,21,2,2022-01-25 09:05:18
1643101518835430000,158.0,15,157.5,4,158.5,21,2,2022-01-25 09:05:18
1643101518879889000,158.0,1,157.5,4,158.5,21,1,2022-01-25 09:05:18
1643101519192330000,157.5,4,157.0,12,158.0,24,2,2022-01-25 09:05:19
1643101520391442000,157.5,1,157.0,12,157.5,7,1,2022-01-25 09:05:20
1643101522480514000,157.5,1,157.0,12,157.5,11,1,2022-01-25 09:05:22
1643101522495701000,157.0,2,157.0,10,157.5,11,2,2022-01-25 09:05:22
1643101522589094000,157.0,1,157.0,9,157.5,11,2,2022-01-25 09:05:22
1643101522845510000,157.5,1,157.0,9,157.5,10,1,2022-01-25 09:05:22
1643101523700423000,157.0,2,157.0,8,157.5,10,2,2022-01-25 09:05:23
1643101523848460000,157.0,2,157.0,6,157.5,10,2,2022-01-25 09:05:23
1643101524077133000,157.5,1,157.0,6,157.5,9,1,2022-01-25 09:05:24
1643101524231117000,157.0,5,157.0,1,157.5,9,2,2022-01-25 09:05:24
1643101525400892000,157.5,1,157.0,3,157.5,6,1,2022-01-25 09:05:25
1643101525601243000,157.0,2,157.0,1,157.5,6,2,2022-01-25 09:05:25
1643101525735010000,157.0,1,156.5,9,157.0,4,2,2022-01-25 09:05:25
1643101525971915000,157.0,1,156.5,9,157.0,3,1,2022-01-25 09:05:25
1643101526000822000,157.0,1,156.5,9,157.0,2,1,2022-01-25 09:05:26
1643101526022816000,157.0,2,156.5,9,157.5,7,1,2022-01-25 09:05:26
1643101527443831000,157.5,10,157.0,11,157.5,5,1,2022-01-25 09:05:27
1643101527478710000,157.5,4,157.0,11,157.5,1,1,2022-01-25 09:05:27
1643101527478831000,157.5,1,157.0,11,158.0,27,1,2022-01-25 09:05:27
1643101527534299000,157.0,1,157.0,12,158.0,26,2,2022-01-25 09:05:27
1643101528020261000,158.0,1,157.5,7,158.0,25,1,2022-01-25 09:05:28
1643101528053603000,157.5,2,157.5,6,158.0,25,2,2022-01-25 09:05:28
1643101528056654000,157.5,5,157.5,1,158.0,25,2,2022-01-25 09:05:28
1643101528113884000,158.0,4,157.5,1,158.0,21,1,2022-01-25 09:05:28
1643101528135490000,157.5,1,157.5,2,158.0,21,2,2022-01-25 09:05:28
1643101528258540000,158.0,10,157.5,3,158.0,11,1,2022-01-25 09:05:28
1643101528290739000,157.5,1,157.5,2,158.0,11,2,2022-01-25 09:05:28
1643101528294172000,158.0,11,157.5,2,158.5,13,1,2022-01-25 09:05:28
1643101528389540000,157.5,1,157.5,3,158.5,13,2,2022-01-25 09:05:28
1643101528902886000,157.5,2,157.5,3,158.5,13,2,2022-01-25 09:05:28
1643101529225506000,158.5,2,158.0,6,158.5,11,1,2022-01-25 09:05:29
1643101529280560000,158.0,1,158.0,6,158.5,11,2,2022-01-25 09:05:29
1643101529327928000,158.5,2,158.0,7,158.5,9,1,2022-01-25 09:05:29
1643101529336367000,158.0,1,158.0,6,158.5,9,2,2022-01-25 09:05:29
1643101529429730000,158.5,4,158.0,8,158.5,5,1,2022-01-25 09:05:29
1643101529564810000,158.5,4,158.0,8,159.0,9,1,2022-01-25 09:05:29
1643101529675616000,158.0,1,158.0,7,159.0,9,2,2022-01-25 09:05:29
1643101529940223000,158.0,1,158.0,6,159.0,9,2,2022-01-25 09:05:29
1643101531125644000,159.0,1,158.5,2,159.0,8,1,2022-01-25 09:05:31
1643101531225871000,158.5,1,158.5,1,159.0,8,2,2022-01-25 09:05:31
1643101531578026000,158.5,3,158.0,15,159.0,8,2,2022-01-25 09:05:31
1643101531986497000,159.0,1,158.0,16,159.0,7,1,2022-01-25 09:05:31
1643101532358743000,159.0,1,158.0,16,159.0,6,1,2022-01-25 09:05:32
1643101532815747000,158.0,1,158.0,15,159.0,6,2,2022-01-25 09:05:32
1643101532869977000,158.0,1,158.0,14,159.0,6,2,2022-01-25 09:05:32
1643101534945734000,158.0,2,158.0,12,159.0,8,2,2022-01-25 09:05:34
1643101535468948000,159.0,1,158.0,13,159.0,7,1,2022-01-25 09:05:35
1643101538508170000,158.0,2,158.0,20,158.5,2,2,2022-01-25 09:05:38
1643101541925642000,158.0,1,158.0,24,158.5,4,2,2022-01-25 09:05:41
1643101542809194000,158.5,4,158.5,2,159.0,10,1,2022-01-25 09:05:42
1643101543554352000,159.0,1,158.5,3,159.0,13,1,2022-01-25 09:05:43
1643101544031332000,158.5,1,158.5,2,159.0,12,2,2022-01-25 09:05:44
1643101545107503000,159.0,3,158.5,4,159.0,9,1,2022-01-25 09:05:45
1643101545684263000,159.0,1,158.5,6,159.0,8,1,2022-01-25 09:05:45
1643101545869029000,159.0,1,158.5,6,159.0,7,1,2022-01-25 09:05:45
1643101546118030000,158.5,3,158.5,3,159.0,7,2,2022-01-25 09:05:46
1643101547342634000,158.5,1,158.5,2,159.0,7,2,2022-01-25 09:05:47
1643101549704573000,158.5,1,158.0,28,159.0,7,2,2022-01-25 09:05:49
1643101551330719000,159.0,2,158.5,4,159.0,5,1,2022-01-25 09:05:51
1643101553117893000,158.5,8,158.5,5,159.0,5,2,2022-01-25 09:05:53
1643101553630942000,159.0,2,158.5,3,159.0,3,1,2022-01-25 09:05:53
1643101553903092000,159.0,1,158.5,5,159.0,2,1,2022-01-25 09:05:53
1643101554892997000,159.0,1,158.5,3,159.0,4,1,2022-01-25 09:05:54
1643101555339285000,159.0,1,158.5,5,159.0,3,1,2022-01-25 09:05:55
1643101556217328000,159.0,1,158.5,5,159.0,2,1,2022-01-25 09:05:56
1643101558496148000,159.0,1,158.5,6,159.5,14,2,2022-01-25 09:05:58
1643101559565370000,159.0,1,158.5,9,159.5,14,2,2022-01-25 09:05:59
1643101562909618000,159.0,1,158.5,10,159.0,1,1,2022-01-25 09:06:02
1643101562987931000,159.0,1,158.5,10,159.5,13,1,2022-01-25 09:06:02
1643101563260849000,158.5,1,158.5,9,159.5,13,2,2022-01-25 09:06:03
1643101563826341000,159.0,1,158.5,9,159.0,2,2,2022-01-25 09:06:03
1643101564188981000,159.0,1,158.5,10,159.0,1,1,2022-01-25 09:06:04
1643101564295208000,159.0,1,158.5,10,159.5,14,1,2022-01-25 09:06:04
1643101565506865000,159.0,1,159.0,1,159.5,12,2,2022-01-25 09:06:05
1643101566206085000,159.0,2,159.0,4,159.5,13,2,2022-01-25 09:06:06
1643101567843439000,159.5,1,159.0,4,159.5,12,1,2022-01-25 09:06:07
1643101567855594000,159.0,1,159.0,3,159.5,12,2,2022-01-25 09:06:07
1643101567934334000,159.5,2,159.0,3,159.5,10,1,2022-01-25 09:06:07
1643101568641559000,159.0,1,159.0,2,159.5,12,2,2022-01-25 09:06:08
1643101568834436000,159.0,1,159.0,1,159.5,13,2,2022-01-25 09:06:08
1643101570533429000,159.5,1,159.0,1,159.5,12,1,2022-01-25 09:06:10
1643101570796486000,159.0,1,158.5,14,159.0,2,2,2022-01-25 09:06:10
1643101571038656000,159.0,1,158.5,14,159.0,1,1,2022-01-25 09:06:11
1643101571550313000,159.0,2,158.5,14,159.5,12,1,2022-01-25 09:06:11
1643101572356227000,159.0,2,158.5,14,159.5,12,2,2022-01-25 09:06:12
1643101572356227000,158.5,3,158.5,14,159.5,12,2,2022-01-25 09:06:12
1643101572500409000,159.5,2,158.5,14,159.5,10,1,2022-01-25 09:06:12
1643101572766043000,159.0,1,158.5,14,159.5,10,2,2022-01-25 09:06:12
1643101575244268000,159.0,1,158.5,14,159.0,9,1,2022-01-25 09:06:15
1643101575531726000,158.5,5,158.5,9,159.0,9,2,2022-01-25 09:06:15
1643101576972908000,159.0,1,158.5,9,159.0,9,1,2022-01-25 09:06:16
1643101577677949000,159.0,1,158.5,9,159.0,19,1,2022-01-25 09:06:17
1643101577788543000,159.0,1,158.5,9,159.0,18,1,2022-01-25 09:06:17
1643101578353955000,159.0,1,158.5,9,159.0,17,1,2022-01-25 09:06:18
1643101579279519000,158.5,1,158.5,8,159.0,17,2,2022-01-25 09:06:19
1643101579547938000,159.0,1,158.5,8,159.0,16,1,2022-01-25 09:06:19
1643101579993080000,158.5,2,158.5,6,159.0,17,2,2022-01-25 09:06:19
1643101580898852000,159.0,2,158.5,6,159.0,16,1,2022-01-25 09:06:20
1643101581011711000,158.5,1,158.5,5,159.0,16,2,2022-01-25 09:06:21
1643101584462575000,158.5,1,158.5,6,159.0,20,2,2022-01-25 09:06:24
1643101584796839000,158.5,5,158.5,1,159.0,20,2,2022-01-25 09:06:24
1643101585030186000,158.5,1,158.0,27,159.0,20,2,2022-01-25 09:06:25
1643101585884495000,158.5,1,158.0,28,158.5,4,1,2022-01-25 09:06:25
1643101586348972000,158.5,1,158.0,28,158.5,3,1,2022-01-25 09:06:26
1643101586357807000,158.5,1,158.0,28,158.5,2,1,2022-01-25 09:06:26
1643101586651512000,158.5,1,158.0,27,158.5,1,1,2022-01-25 09:06:26
1643101587100332000,158.5,1,158.0,28,159.0,26,1,2022-01-25 09:06:27
1643101591032226000,158.5,1,158.0,31,158.5,16,1,2022-01-25 09:06:31
1643101593369071000,158.5,2,158.0,33,158.5,17,1,2022-01-25 09:06:33
1643101594044279000,158.0,3,158.0,30,158.5,17,2,2022-01-25 09:06:34
1643101594551900000,158.5,1,158.0,30,158.5,16,1,2022-01-25 09:06:34
1643101594759511000,158.0,5,158.0,27,158.5,16,2,2022-01-25 09:06:34
1643101594877003000,158.5,16,158.5,4,159.0,25,1,2022-01-25 09:06:34
1643101595188367000,158.5,1,158.5,3,159.0,24,2,2022-01-25 09:06:35
1643101596002076000,158.5,3,158.0,26,159.0,24,2,2022-01-25 09:06:36
1643101596002076000,158.0,2,158.0,26,159.0,24,2,2022-01-25 09:06:36
1643101598183160000,158.5,1,158.0,26,158.5,2,1,2022-01-25 09:06:38
1643101598457715000,158.5,2,158.0,28,159.0,24,1,2022-01-25 09:06:38
1643101599247206000,159.0,1,158.0,28,159.0,23,1,2022-01-25 09:06:39
1643101602331147000,158.0,5,158.0,26,158.5,10,2,2022-01-25 09:06:42
1643101602353506000,158.0,10,158.0,16,158.5,10,2,2022-01-25 09:06:42
1643101602408448000,158.0,1,158.0,15,158.5,10,2,2022-01-25 09:06:42
1643101603013981000,158.0,5,158.0,10,158.5,10,2,2022-01-25 09:06:43
1643101603046545000,158.0,1,158.0,10,158.5,10,2,2022-01-25 09:06:43
1643101603646411000,158.0,2,158.0,8,158.5,10,2,2022-01-25 09:06:43
1643101603892356000,158.0,1,158.0,12,158.5,15,2,2022-01-25 09:06:43
1643101603922556000,158.0,12,157.5,27,158.5,15,2,2022-01-25 09:06:43
1643101604879925000,158.0,1,157.5,27,158.0,2,1,2022-01-25 09:06:44
1643101604941450000,157.5,1,157.5,26,158.0,2,2,2022-01-25 09:06:44
1643101605029541000,157.5,1,157.5,25,158.0,2,2,2022-01-25 09:06:45
1643101605161824000,158.0,1,157.5,25,158.0,1,1,2022-01-25 09:06:45
1643101606347998000,158.0,1,157.5,25,158.5,17,1,2022-01-25 09:06:46
1643101607872266000,158.0,1,157.5,25,158.5,11,2,2022-01-25 09:06:47
1643101608337818000,158.0,1,157.5,26,158.5,11,2,2022-01-25 09:06:48
1643101611995642000,158.0,1,157.5,29,158.0,16,1,2022-01-25 09:06:51
1643101612429369000,158.0,5,157.5,29,158.0,6,1,2022-01-25 09:06:52
1643101612647170000,158.0,1,157.5,29,158.0,5,1,2022-01-25 09:06:52
1643101613031452000,158.0,1,157.5,29,158.0,9,1,2022-01-25 09:06:53
1643101617258859000,158.0,1,157.5,27,158.0,19,1,2022-01-25 09:06:57
1643101619255254000,158.0,1,157.5,28,158.0,11,1,2022-01-25 09:06:59
1643101621050647000,157.5,1,157.5,27,158.0,10,2,2022-01-25 09:07:01
1643101622749884000,158.0,1,157.5,27,158.0,10,1,2022-01-25 09:07:02
1643101626158362000,157.5,25,157.5,5,158.0,10,2,2022-01-25 09:07:06
1643101626191884000,157.5,5,157.0,27,158.0,10,2,2022-01-25 09:07:06
1643101626527053000,157.5,1,157.0,27,157.5,3,1,2022-01-25 09:07:06
1643101627499679000,157.0,1,157.0,26,157.5,3,2,2022-01-25 09:07:07
1643101628027253000,157.5,1,157.0,26,157.5,6,1,2022-01-25 09:07:08
1643101630290844000,157.0,3,157.0,23,157.5,6,2,2022-01-25 09:07:10
1643101630752221000,157.0,2,157.0,21,157.5,16,2,2022-01-25 09:07:10
1643101630780098000,157.0,8,157.0,13,157.5,16,2,2022-01-25 09:07:10
1643101630818122000,157.0,1,157.0,12,157.5,16,2,2022-01-25 09:07:10
1643101630841874000,157.0,6,157.0,7,157.5,16,2,2022-01-25 09:07:10
1643101630880161000,157.0,1,157.0,6,157.5,16,2,2022-01-25 09:07:10
1643101631497689000,157.0,2,157.0,5,157.5,6,2,2022-01-25 09:07:11
1643101631574780000,157.0,2,157.0,3,157.5,6,2,2022-01-25 09:07:11
1643101631581433000,157.0,3,156.5,16,157.0,17,2,2022-01-25 09:07:11
1643101631911600000,157.0,1,156.5,16,157.0,16,1,2022-01-25 09:07:11
1643101637260450000,156.5,5,156.5,8,157.0,12,2,2022-01-25 09:07:17
1643101637324575000,156.5,1,156.5,7,157.0,12,2,2022-01-25 09:07:17
1643101637548628000,156.5,5,156.5,2,157.0,12,2,2022-01-25 09:07:17
1643101638132947000,156.5,1,156.5,1,157.0,12,2,2022-01-25 09:07:18
1643101638539326000,156.5,1,156.0,15,156.5,9,2,2022-01-25 09:07:18
1643101638656795000,156.5,5,156.0,15,156.5,4,1,2022-01-25 09:07:18
1643101639671225000,156.0,2,156.0,12,156.5,5,2,2022-01-25 09:07:19
1643101640932920000,156.0,1,156.0,13,156.5,6,2,2022-01-25 09:07:20
1643101641289281000,156.5,2,156.0,10,156.5,4,1,2022-01-25 09:07:21
1643101641524415000,156.0,1,156.0,9,156.5,4,2,2022-01-25 09:07:21
1643101641758938000,156.0,1,156.0,8,156.5,4,2,2022-01-25 09:07:21
1643101642562432000,156.0,1,156.0,9,156.5,4,2,2022-01-25 09:07:22
1643101642977791000,156.0,1,156.0,8,156.5,15,2,2022-01-25 09:07:22
1643101643171856000,156.0,1,156.0,7,156.5,5,2,2022-01-25 09:07:23
1643101645173152000,156.5,1,156.0,14,156.5,4,1,2022-01-25 09:07:25
1643101645858296000,156.0,1,156.0,14,156.5,7,2,2022-01-25 09:07:25
1643101646021481000,156.5,1,156.0,14,156.5,6,1,2022-01-25 09:07:26
1643101646152247000,156.5,2,156.0,15,156.5,4,1,2022-01-25 09:07:26
1643101646273785000,156.0,3,156.0,12,156.5,4,2,2022-01-25 09:07:26
1643101646604594000,156.0,1,156.0,11,156.5,4,2,2022-01-25 09:07:26
1643101646625190000,156.0,1,156.0,10,156.5,4,2,2022-01-25 09:07:26
1643101646812568000,156.0,1,156.0,11,156.5,4,2,2022-01-25 09:07:26
1643101647556526000,156.0,1,156.0,11,156.5,6,2,2022-01-25 09:07:27
1643101647592419000,156.0,1,156.0,10,156.5,6,2,2022-01-25 09:07:27
1643101648816693000,156.5,3,156.0,10,156.5,14,1,2022-01-25 09:07:28
1643101649987597000,156.0,1,156.0,12,156.5,14,2,2022-01-25 09:07:29
1643101650805212000,156.0,1,156.0,10,156.5,17,2,2022-01-25 09:07:30
1643101653174143000,156.0,1,156.0,11,156.5,17,2,2022-01-25 09:07:33
1643101658496738000,156.0,1,156.0,18,156.5,18,2,2022-01-25 09:07:38
1643101659788943000,156.5,10,156.0,17,156.5,10,1,2022-01-25 09:07:39
1643101659825142000,156.5,10,156.0,17,157.0,9,1,2022-01-25 09:07:39
1643101660348930000,157.0,1,156.0,18,157.0,8,1,2022-01-25 09:07:40
1643101661040556000,157.0,1,156.5,14,157.0,7,1,2022-01-25 09:07:41
1643101661070624000,157.0,1,156.5,14,157.0,6,1,2022-01-25 09:07:41
1643101661095886000,156.5,1,156.5,14,157.0,6,2,2022-01-25 09:07:41
1643101661097590000,157.0,2,156.5,14,157.0,4,1,2022-01-25 09:07:41
1643101661282636000,156.5,1,156.5,15,157.0,4,2,2022-01-25 09:07:41
1643101661703779000,157.0,2,156.5,17,157.0,2,1,2022-01-25 09:07:41
1643101661732456000,157.0,2,156.5,19,157.5,9,1,2022-01-25 09:07:41
1643101662199897000,156.5,1,156.5,18,157.5,9,2,2022-01-25 09:07:42
1643101662649367000,157.0,1,157.0,1,157.5,9,2,2022-01-25 09:07:42
1643101663061807000,157.0,2,156.5,14,157.5,9,2,2022-01-25 09:07:43
1643101663061807000,156.5,3,156.5,14,157.5,9,2,2022-01-25 09:07:43
1643101663401311000,157.0,1,156.5,13,157.5,9,1,2022-01-25 09:07:43
1643101664185090000,157.0,1,157.0,1,157.5,9,1,2022-01-25 09:07:44
1643101667133639000,157.0,1,157.0,15,157.5,9,2,2022-01-25 09:07:47
1643101671907129000,157.5,1,157.0,24,157.5,9,1,2022-01-25 09:07:51
1643101674066194000,157.5,9,157.5,1,158.0,13,1,2022-01-25 09:07:54
1643101690608600000,158.0,1,157.5,20,158.0,21,1,2022-01-25 09:08:10
1643101692727221000,158.0,1,157.5,21,158.0,20,1,2022-01-25 09:08:12
1643101694108491000,158.0,1,157.5,21,158.0,19,1,2022-01-25 09:08:14
1643101694429971000,158.0,10,157.5,21,158.0,9,1,2022-01-25 09:08:14
1643101695018725000,157.5,1,157.5,20,158.0,8,2,2022-01-25 09:08:15
1643101695227906000,158.0,1,157.5,20,158.0,6,1,2022-01-25 09:08:15
1643101697261649000,158.0,1,157.5,50,158.0,5,1,2022-01-25 09:08:17
1643101697376563000,158.0,5,158.0,5,158.5,21,1,2022-01-25 09:08:17
1643101698478627000,158.0,1,158.0,5,158.5,25,2,2022-01-25 09:08:18
1643101703932983000,158.5,1,158.0,25,158.5,23,1,2022-01-25 09:08:23
1643101704165520000,158.5,1,158.0,25,158.5,22,1,2022-01-25 09:08:24
1643101704535167000,158.5,1,158.0,25,158.5,21,1,2022-01-25 09:08:24
1643101710900749000,158.5,1,158.0,41,158.5,21,1,2022-01-25 09:08:30
1643101711903329000,158.5,1,158.0,41,158.5,20,1,2022-01-25 09:08:31
1643101713177429000,158.5,1,158.0,42,158.5,18,1,2022-01-25 09:08:33
1643101713473060000,158.5,1,158.0,44,158.5,17,1,2022-01-25 09:08:33
1643101713599692000,158.5,1,158.0,44,158.5,16,1,2022-01-25 09:08:33
1643101713624555000,158.5,1,158.0,44,158.5,15,1,2022-01-25 09:08:33
1643101716336442000,158.0,6,158.0,40,158.5,15,2,2022-01-25 09:08:36
1643101716344649000,158.5,1,158.0,40,158.5,14,1,2022-01-25 09:08:36
1643101716987339000,158.5,3,158.0,40,158.5,11,1,2022-01-25 09:08:36
1643101717691614000,158.5,1,158.0,40,158.5,10,1,2022-01-25 09:08:37
1643101717696550000,158.5,1,158.0,39,158.5,9,1,2022-01-25 09:08:37
1643101717861897000,158.5,1,158.0,39,158.5,8,1,2022-01-25 09:08:37
1643101718052156000,158.5,1,158.0,39,158.5,7,1,2022-01-25 09:08:38
1643101718960312000,158.5,1,158.0,39,158.5,6,1,2022-01-25 09:08:38
1643101719223699000,158.5,1,158.0,39,158.5,5,1,2022-01-25 09:08:39
1643101719753929000,158.5,1,158.0,39,158.5,4,1,2022-01-25 09:08:39
1643101719966234000,158.5,1,158.0,29,158.5,3,1,2022-01-25 09:08:39
1643101720376179000,158.5,1,158.0,29,158.5,2,1,2022-01-25 09:08:40
1643101720573387000,158.5,2,158.0,27,159.0,28,1,2022-01-25 09:08:40
1643101721823551000,159.0,1,158.5,11,159.0,27,1,2022-01-25 09:08:41
1643101726828766000,159.0,1,158.5,16,159.0,26,1,2022-01-25 09:08:46
1643101727148209000,159.0,1,158.5,16,159.0,25,1,2022-01-25 09:08:47
1643101727574764000,158.5,1,158.5,15,159.0,25,2,2022-01-25 09:08:47
1643101729690299000,159.0,1,158.5,16,159.0,23,1,2022-01-25 09:08:49
1643101733505838000,159.0,2,158.5,16,159.0,22,1,2022-01-25 09:08:53
1643101734055908000,159.0,1,158.5,15,159.0,21,1,2022-01-25 09:08:54
1643101734746509000,159.0,1,158.5,15,159.0,21,1,2022-01-25 09:08:54
1643101735037349000,159.0,1,158.5,15,159.0,20,1,2022-01-25 09:08:55
1643101737698455000,159.0,1,158.5,18,159.0,19,1,2022-01-25 09:08:57
1643101737984850000,159.0,1,158.5,18,159.0,18,1,2022-01-25 09:08:57
1643101738291491000,159.0,2,158.5,18,159.0,16,1,2022-01-25 09:08:58
1643101738574013000,158.5,2,158.5,16,159.0,16,2,2022-01-25 09:08:58
1643101739229367000,159.0,2,158.5,16,159.0,14,1,2022-01-25 09:08:59
1643101739631866000,159.0,2,158.5,16,159.0,12,1,2022-01-25 09:08:59
1643101741616047000,159.0,2,158.5,17,159.0,7,1,2022-01-25 09:09:01
1643101742175914000,159.0,1,158.5,18,159.0,6,1,2022-01-25 09:09:02
1643101742690955000,159.0,1,158.5,18,159.0,4,1,2022-01-25 09:09:02
1643101742809899000,159.0,1,158.5,18,159.0,4,1,2022-01-25 09:09:02
1643101742932237000,159.0,1,158.5,18,159.0,3,1,2022-01-25 09:09:02
1643101743144089000,159.0,1,158.5,18,159.0,2,1,2022-01-25 09:09:03
1643101743157089000,159.0,2,158.5,18,159.5,18,1,2022-01-25 09:09:03
1643101745118792000,159.0,1,159.0,5,159.5,18,2,2022-01-25 09:09:05
1643101746523981000,159.0,1,159.0,8,159.5,18,2,2022-01-25 09:09:06
1643101752192254000,159.0,1,159.0,13,159.5,18,2,2022-01-25 09:09:12
1643101754815043000,159.5,2,159.0,15,159.5,19,1,2022-01-25 09:09:14
1643101754968727000,159.5,1,159.0,15,159.5,18,1,2022-01-25 09:09:14
1643101755900950000,159.5,1,159.0,15,159.5,17,1,2022-01-25 09:09:15
1643101756387284000,159.0,6,159.0,9,159.5,17,2,2022-01-25 09:09:16
1643101758047934000,159.0,1,159.0,14,159.5,24,2,2022-01-25 09:09:18
1643101758482100000,159.0,1,159.0,13,159.5,24,2,2022-01-25 09:09:18
1643101758751439000,159.0,10,159.0,3,159.5,24,2,2022-01-25 09:09:18
1643101758783872000,159.0,2,159.0,1,159.5,24,2,2022-01-25 09:09:18
1643101758783875000,159.0,1,158.5,20,159.5,24,2,2022-01-25 09:09:18
1643101758819528000,158.5,1,158.5,19,159.5,24,2,2022-01-25 09:09:18
1643101759946148000,159.0,1,158.5,20,159.0,11,1,2022-01-25 09:09:19
1643101760230566000,159.0,1,158.5,20,159.0,10,1,2022-01-25 09:09:20
1643101760507368000,158.5,1,158.5,19,159.0,11,2,2022-01-25 09:09:20
1643101761066698000,158.5,2,158.5,17,159.0,14,2,2022-01-25 09:09:21
1643101762610655000,159.0,1,158.5,17,159.0,17,1,2022-01-25 09:09:22
1643101762648688000,158.5,2,158.5,15,159.0,18,2,2022-01-25 09:09:22
1643101762672149000,158.5,13,158.5,2,159.0,18,2,2022-01-25 09:09:22
1643101762685212000,159.0,1,158.5,2,159.0,17,1,2022-01-25 09:09:22
1643101763561374000,158.5,1,158.5,1,159.0,17,2,2022-01-25 09:09:23
1643101763727714000,158.5,1,158.0,27,159.0,17,2,2022-01-25 09:09:23
1643101765718894000,158.5,1,158.0,27,158.5,1,1,2022-01-25 09:09:25
1643101768084023000,158.5,1,158.0,27,158.5,4,1,2022-01-25 09:09:28
1643101768402634000,158.0,5,158.0,23,158.5,4,2,2022-01-25 09:09:28
1643101768643203000,158.0,2,158.0,21,158.5,7,2,2022-01-25 09:09:28
1643101772027565000,158.5,1,158.0,21,158.5,14,1,2022-01-25 09:09:32
1643101772931965000,158.0,2,158.0,19,158.5,14,2,2022-01-25 09:09:32
1643101773942773000,158.0,1,158.0,19,158.5,14,2,2022-01-25 09:09:33
1643101775602210000,158.0,5,158.0,15,158.5,15,2,2022-01-25 09:09:35
1643101775826562000,158.0,2,158.0,13,158.5,15,2,2022-01-25 09:09:35
1643101777309723000,158.0,1,158.0,15,158.5,20,2,2022-01-25 09:09:37
1643101777380063000,158.0,1,158.0,14,158.5,20,2,2022-01-25 09:09:37
1643101777438296000,158.0,1,158.0,13,158.5,20,2,2022-01-25 09:09:37
1643101777586866000,158.0,1,158.0,12,158.5,19,2,2022-01-25 09:09:37
1643101777642887000,158.0,1,158.0,11,158.5,19,2,2022-01-25 09:09:37
1643101777690412000,158.0,2,158.0,9,158.5,19,2,2022-01-25 09:09:37
1643101778388716000,158.0,8,157.5,10,158.0,6,2,2022-01-25 09:09:38
1643101778505320000,157.5,1,157.5,9,158.0,8,2,2022-01-25 09:09:38
1643101778804697000,158.0,1,157.5,9,158.0,7,1,2022-01-25 09:09:38
1643101779920997000,158.0,10,157.5,8,158.5,19,1,2022-01-25 09:09:39
1643101783862523000,158.0,1,157.5,8,158.0,3,1,2022-01-25 09:09:43
1643101786299481000,158.0,1,157.5,9,158.0,2,1,2022-01-25 09:09:46
1643101787316775000,158.0,1,157.5,9,158.0,2,1,2022-01-25 09:09:47
1643101793588970000,158.0,1,157.5,8,158.0,9,1,2022-01-25 09:09:53
1643101793625686000,158.0,1,157.5,8,158.0,8,1,2022-01-25 09:09:53
1643101797601868000,157.5,8,157.0,26,158.0,13,2,2022-01-25 09:09:57
1643101806950394000,157.5,1,157.5,6,158.0,17,2,2022-01-25 09:10:06
1643101807488658000,157.5,1,157.5,5,158.0,17,2,2022-01-25 09:10:07
1643101809860335000,157.5,1,157.5,4,158.0,17,2,2022-01-25 09:10:09
1643101810966429000,157.5,1,157.5,3,158.0,17,2,2022-01-25 09:10:10
1643101811120179000,157.5,1,157.5,2,158.0,17,2,2022-01-25 09:10:11
1643101812216128000,157.5,1,157.5,1,158.0,17,2,2022-01-25 09:10:12
1643101813078823000,157.5,1,157.5,1,158.0,18,2,2022-01-25 09:10:13
1643101815605788000,157.5,2,157.5,2,158.0,23,2,2022-01-25 09:10:15
1643101823698949000,157.5,2,157.5,9,158.0,24,2,2022-01-25 09:10:23
1643101833967746000,157.5,3,157.5,10,158.0,25,2,2022-01-25 09:10:33
1643101836356898000,157.5,5,157.5,5,158.0,25,2,2022-01-25 09:10:36
1643101836670278000,157.5,1,157.5,4,158.0,25,2,2022-01-25 09:10:36
1643101838079759000,157.5,1,157.5,3,158.0,25,2,2022-01-25 09:10:38
1643101838133421000,157.5,1,157.5,2,158.0,25,2,2022-01-25 09:10:38
1643101838602988000,157.5,1,157.5,1,158.0,25,2,2022-01-25 09:10:38
1643101839089593000,157.5,1,157.0,31,158.0,25,2,2022-01-25 09:10:39
1643101841149823000,157.5,1,157.0,31,157.5,9,1,2022-01-25 09:10:41
1643101841686502000,157.0,1,157.0,31,157.5,10,2,2022-01-25 09:10:41
1643101846689498000,157.0,1,157.0,28,157.5,11,2,2022-01-25 09:10:46
1643101847897968000,157.0,1,157.0,30,157.5,11,2,2022-01-25 09:10:47
1643101852543921000,157.0,1,157.0,29,157.5,11,2,2022-01-25 09:10:52
1643101870807126000,157.0,1,157.0,31,157.5,17,2,2022-01-25 09:11:10
1643101879401807000,157.5,8,157.0,32,157.5,5,1,2022-01-25 09:11:19
1643101879443424000,157.5,3,157.0,32,157.5,2,1,2022-01-25 09:11:19
1643101879443721000,157.5,2,157.0,32,158.0,31,1,2022-01-25 09:11:19
1643101882954699000,158.0,30,157.5,10,158.5,10,1,2022-01-25 09:11:22
1643101883353937000,158.5,10,157.5,11,159.0,15,1,2022-01-25 09:11:23
1643101883445826000,159.0,2,158.0,1,159.0,13,1,2022-01-25 09:11:23
1643101883928242000,158.0,1,158.0,3,159.0,13,2,2022-01-25 09:11:23
1643101884133390000,158.0,1,157.5,11,158.5,1,2,2022-01-25 09:11:24
1643101884446546000,158.5,1,158.0,2,159.0,13,1,2022-01-25 09:11:24
1643101890110574000,158.5,1,158.0,8,158.5,1,1,2022-01-25 09:11:30
1643101891009036000,158.5,1,158.0,8,159.0,8,1,2022-01-25 09:11:31
1643101891126024000,159.0,1,158.0,8,159.0,7,1,2022-01-25 09:11:31
1643101891417452000,159.0,1,158.0,8,159.0,6,1,2022-01-25 09:11:31
1643101895526126000,159.0,1,158.0,6,159.0,4,1,2022-01-25 09:11:35
1643101895596641000,159.0,1,158.0,6,159.0,3,1,2022-01-25 09:11:35
1643101896455456000,159.0,2,158.0,6,159.0,1,1,2022-01-25 09:11:36
1643101896476353000,159.0,1,158.0,6,159.5,28,1,2022-01-25 09:11:36
1643101898552314000,159.0,1,158.0,7,159.5,26,1,2022-01-25 09:11:38
1643101904254933000,159.0,1,159.0,3,159.5,28,2,2022-01-25 09:11:44
1643101904608314000,159.5,1,159.0,3,159.5,27,1,2022-01-25 09:11:44
1643101904689695000,159.5,2,159.0,3,159.5,25,1,2022-01-25 09:11:44
1643101904780519000,159.5,1,159.0,3,159.5,24,1,2022-01-25 09:11:44
1643101904793579000,159.5,1,159.0,3,159.5,23,1,2022-01-25 09:11:44
1643101909373071000,159.5,20,159.0,4,159.5,4,1,2022-01-25 09:11:49
1643101909401162000,159.5,4,159.0,4,160.0,28,1,2022-01-25 09:11:49
1643101910979737000,160.0,1,159.5,1,160.0,23,1,2022-01-25 09:11:50
1643101911028469000,160.0,1,159.5,1,160.0,22,1,2022-01-25 09:11:51
1643101911121853000,159.5,1,159.0,5,160.0,22,2,2022-01-25 09:11:51
1643101911148722000,160.0,1,159.0,5,160.0,21,1,2022-01-25 09:11:51
1643101912530792000,159.5,2,159.0,6,159.5,1,2,2022-01-25 09:11:52
1643101913074059000,159.5,1,159.0,6,160.0,19,1,2022-01-25 09:11:53
1643101914859331000,159.5,1,159.0,7,159.5,9,2,2022-01-25 09:11:54
1643101916477254000,159.0,1,159.0,7,159.5,11,2,2022-01-25 09:11:56
1643101916528576000,159.5,1,159.0,7,159.5,10,1,2022-01-25 09:11:56
1643101916564972000,159.5,1,159.0,7,159.5,9,1,2022-01-25 09:11:56
1643101916916884000,159.5,1,159.0,7,159.5,9,1,2022-01-25 09:11:56
1643101917382421000,159.5,2,159.0,8,159.5,10,1,2022-01-25 09:11:57
1643101918283149000,159.5,1,159.0,9,159.5,10,1,2022-01-25 09:11:58
1643101919261222000,159.5,1,159.0,9,159.5,11,1,2022-01-25 09:11:59
1643101919282824000,159.5,1,159.0,9,159.5,10,1,2022-01-25 09:11:59
1643101919730073000,159.5,1,159.0,9,159.5,11,1,2022-01-25 09:11:59
1643101920494058000,159.5,1,159.0,9,159.5,10,1,2022-01-25 09:12:00
1643101920536499000,159.5,1,159.0,9,159.5,9,1,2022-01-25 09:12:00
1643101921053537000,159.5,1,159.0,10,159.5,8,1,2022-01-25 09:12:01
1643101921638470000,159.5,1,159.0,10,159.5,7,1,2022-01-25 09:12:01
1643101921941411000,159.5,2,159.0,10,159.5,5,1,2022-01-25 09:12:01
1643101922451848000,159.5,5,159.0,12,160.0,21,1,2022-01-25 09:12:02
1643101922629660000,159.5,1,159.5,1,160.0,21,2,2022-01-25 09:12:02
1643101924680201000,159.5,1,159.5,1,160.0,20,2,2022-01-25 09:12:04
1643101925627069000,159.5,1,159.0,12,159.5,1,2,2022-01-25 09:12:05
1643101925738431000,159.5,1,159.5,2,160.0,20,1,2022-01-25 09:12:05
1643101925944202000,159.5,1,159.5,1,160.0,20,2,2022-01-25 09:12:05
1643101925998344000,159.5,1,159.0,12,160.0,20,2,2022-01-25 09:12:05
1643101927157415000,159.5,1,159.5,13,160.0,20,2,2022-01-25 09:12:07
1643101936751347000,159.5,1,159.5,15,160.0,26,2,2022-01-25 09:12:16
1643101937507954000,159.5,1,159.5,14,160.0,21,2,2022-01-25 09:12:17
1643101944613209000,160.0,1,159.5,17,160.0,23,1,2022-01-25 09:12:24
1643101944857437000,159.5,1,159.5,16,160.0,24,2,2022-01-25 09:12:24
1643101946421424000,159.5,16,159.0,18,159.5,4,2,2022-01-25 09:12:26
1643101949753583000,159.0,2,159.0,16,159.5,29,2,2022-01-25 09:12:29
1643101950021953000,159.5,5,159.0,16,159.5,25,1,2022-01-25 09:12:30
1643101950099899000,159.0,1,159.0,15,159.5,25,2,2022-01-25 09:12:30
1643101950339825000,159.0,2,159.0,13,159.5,26,2,2022-01-25 09:12:30
1643101950523177000,159.0,1,159.0,12,159.5,26,2,2022-01-25 09:12:30
1643101950722207000,159.0,7,159.0,5,159.5,26,2,2022-01-25 09:12:30
1643101950798216000,159.0,2,159.0,3,159.5,26,2,2022-01-25 09:12:30
1643101950970477000,159.0,1,159.0,2,159.5,26,2,2022-01-25 09:12:30
1643101951018305000,159.0,1,159.0,1,159.5,26,2,2022-01-25 09:12:31
1643101951077759000,159.0,1,158.5,7,159.0,2,2,2022-01-25 09:12:31
1643101951153185000,158.5,1,158.5,6,159.0,2,2,2022-01-25 09:12:31
1643101951560937000,158.5,1,158.5,5,159.0,2,2,2022-01-25 09:12:31
1643101953483523000,159.0,1,158.5,5,159.0,16,1,2022-01-25 09:12:33
1643101954806412000,159.0,1,158.5,5,159.0,14,1,2022-01-25 09:12:34
1643101959984386000,158.5,5,158.5,1,159.0,19,2,2022-01-25 09:12:39
1643101961590561000,158.5,1,158.0,12,159.0,19,2,2022-01-25 09:12:41
1643101967363285000,158.5,1,158.0,11,159.0,19,1,2022-01-25 09:12:47
1643101969828311000,158.0,2,158.0,12,159.0,19,2,2022-01-25 09:12:49
1643101973119880000,158.0,1,158.0,13,159.0,21,2,2022-01-25 09:12:53
1643101976087323000,158.5,1,158.0,12,158.5,1,1,2022-01-25 09:12:56
1643101983473890000,158.5,1,158.0,12,158.5,11,1,2022-01-25 09:13:03
1643101993082372000,158.5,5,158.0,14,158.5,8,1,2022-01-25 09:13:13
1643101993128401000,158.0,1,158.0,13,158.5,8,2,2022-01-25 09:13:13
1643101994440676000,158.5,2,158.0,13,158.5,6,1,2022-01-25 09:13:14
1643101994605848000,158.5,5,158.0,13,158.5,1,1,2022-01-25 09:13:14
1643101994634771000,158.5,1,158.0,13,159.0,20,1,2022-01-25 09:13:14
1643101994642521000,158.0,1,158.0,12,159.0,20,2,2022-01-25 09:13:14
1643101996452893000,158.5,1,158.5,1,159.0,20,2,2022-01-25 09:13:16
1643101999240172000,159.0,1,158.5,5,159.0,17,1,2022-01-25 09:13:19
1643102004781529000,159.0,1,158.5,9,159.0,15,1,2022-01-25 09:13:24
1643102009095933000,159.0,1,158.5,10,159.0,14,1,2022-01-25 09:13:29
1643102009338481000,159.0,2,158.5,10,159.0,12,1,2022-01-25 09:13:29
1643102012160667000,159.0,2,158.5,10,159.0,10,1,2022-01-25 09:13:32
1643102012431343000,159.0,1,158.5,10,159.0,9,1,2022-01-25 09:13:32
1643102012473062000,159.0,1,158.5,10,159.0,8,1,2022-01-25 09:13:32
1643102012741390000,159.0,2,158.5,10,159.0,5,1,2022-01-25 09:13:32
1643102012767169000,159.0,5,158.5,10,159.5,10,1,2022-01-25 09:13:32
1643102013899723000,159.5,2,159.0,7,159.5,8,1,2022-01-25 09:13:33
1643102019982780000,159.5,1,159.0,9,159.5,8,1,2022-01-25 09:13:39
1643102020928439000,159.5,1,159.0,10,159.5,9,1,2022-01-25 09:13:40
1643102021956153000,159.5,3,159.0,10,159.5,6,1,2022-01-25 09:13:41
1643102022797115000,159.5,1,159.0,10,159.5,6,1,2022-01-25 09:13:42
1643102022907428000,159.5,1,159.0,9,159.5,5,1,2022-01-25 09:13:42
1643102023235659000,159.5,1,159.0,8,159.5,4,1,2022-01-25 09:13:43
1643102023967171000,159.5,1,159.0,7,159.5,3,1,2022-01-25 09:13:43
1643102023985118000,159.5,1,159.0,7,159.5,2,1,2022-01-25 09:13:43
1643102023985638000,159.5,1,159.0,7,159.5,1,1,2022-01-25 09:13:43
1643102024082020000,159.5,1,159.0,7,160.0,27,1,2022-01-25 09:13:44
1643102035581240000,159.5,2,159.0,7,159.5,6,1,2022-01-25 09:13:55
1643102038215759000,159.5,2,159.0,4,159.5,5,1,2022-01-25 09:13:58
1643102040834805000,159.5,1,159.0,4,159.5,4,1,2022-01-25 09:14:00
1643102041860339000,159.5,2,159.0,4,159.5,2,1,2022-01-25 09:14:01
1643102041984193000,159.5,1,159.0,4,159.5,1,1,2022-01-25 09:14:01
1643102042023687000,159.5,1,159.0,4,160.0,33,1,2022-01-25 09:14:02
1643102042196891000,159.5,1,159.5,1,160.0,33,2,2022-01-25 09:14:02
1643102042197110000,159.5,1,159.0,4,160.0,33,2,2022-01-25 09:14:02
1643102042618461000,159.5,1,159.0,4,160.0,33,2,2022-01-25 09:14:02
1643102044516901000,159.5,1,159.5,1,160.0,28,2,2022-01-25 09:14:04
1643102044551966000,159.5,1,159.0,4,160.0,28,2,2022-01-25 09:14:04
1643102050721392000,159.5,1,159.0,4,160.0,27,1,2022-01-25 09:14:10
1643102054596942000,159.5,1,159.0,7,159.5,4,1,2022-01-25 09:14:14
1643102056427465000,159.5,1,159.0,7,159.5,5,1,2022-01-25 09:14:16
1643102058298210000,159.5,1,159.0,8,159.5,4,1,2022-01-25 09:14:18
1643102058365575000,159.5,1,159.0,8,159.5,3,1,2022-01-25 09:14:18
1643102058684403000,159.5,1,159.0,8,159.5,2,1,2022-01-25 09:14:18
1643102060617613000,159.5,1,159.0,8,160.0,26,1,2022-01-25 09:14:20
1643102065299789000,159.5,2,159.0,8,159.5,1,1,2022-01-25 09:14:25
1643102075384079000,160.0,1,159.5,3,160.0,26,1,2022-01-25 09:14:35
1643102082739014000,160.0,5,159.5,6,160.0,21,1,2022-01-25 09:14:42
1643102084146509000,160.0,1,159.5,6,160.0,20,1,2022-01-25 09:14:44
1643102084238254000,160.0,1,159.5,6,160.0,19,1,2022-01-25 09:14:44
1643102084802761000,159.5,2,159.5,4,160.0,19,2,2022-01-25 09:14:44
1643102085011234000,160.0,1,159.5,4,160.0,18,1,2022-01-25 09:14:45
1643102085130827000,160.0,3,159.5,4,160.0,15,1,2022-01-25 09:14:45
1643102085348377000,160.0,3,159.5,6,160.0,12,1,2022-01-25 09:14:45
1643102085451486000,160.0,2,159.5,6,160.0,10,1,2022-01-25 09:14:45
1643102085846220000,160.0,3,159.5,6,160.0,7,1,2022-01-25 09:14:45
1643102085878794000,160.0,3,159.5,6,160.0,4,1,2022-01-25 09:14:45
1643102085879431000,160.0,1,159.5,6,160.0,3,1,2022-01-25 09:14:45
1643102086289150000,160.0,1,159.5,6,160.0,2,1,2022-01-25 09:14:46
1643102086313771000,160.0,2,159.5,6,160.5,14,1,2022-01-25 09:14:46
1643102088457889000,160.0,8,159.5,9,160.0,7,2,2022-01-25 09:14:48
1643102089413903000,160.0,2,159.5,9,160.0,5,1,2022-01-25 09:14:49
1643102091901963000,160.0,1,159.5,10,160.0,4,1,2022-01-25 09:14:51
1643102092948586000,160.0,2,159.5,10,160.0,3,1,2022-01-25 09:14:52
1643102093168087000,160.0,1,159.5,11,160.0,2,1,2022-01-25 09:14:53
1643102093610860000,160.0,1,159.5,11,160.0,1,1,2022-01-25 09:14:53
1643102094351934000,160.0,1,159.5,10,160.5,13,1,2022-01-25 09:14:54
1643102095559628000,160.0,3,159.5,12,160.0,7,2,2022-01-25 09:14:55
1643102095916353000,160.0,1,159.5,12,160.0,7,1,2022-01-25 09:14:55
1643102096512332000,160.0,1,159.5,13,160.0,7,1,2022-01-25 09:14:56
1643102096687290000,160.0,1,159.5,13,160.0,6,1,2022-01-25 09:14:56
1643102097215789000,160.0,1,159.5,13,160.0,6,1,2022-01-25 09:14:57
1643102097376284000,160.0,1,159.5,13,160.0,6,1,2022-01-25 09:14:57
1643102099365286000,160.0,2,159.5,13,160.0,7,1,2022-01-25 09:14:59
1643102100207574000,160.0,7,160.0,1,160.5,13,1,2022-01-25 09:15:00
1643102102892648000,160.0,1,160.0,3,160.5,13,2,2022-01-25 09:15:02
1643102103913653000,160.0,1,160.0,5,160.5,13,2,2022-01-25 09:15:03
1643102105160287000,160.5,1,160.0,6,160.5,13,1,2022-01-25 09:15:05
1643102105200198000,160.5,1,160.0,6,160.5,12,1,2022-01-25 09:15:05
1643102105266751000,160.5,1,160.0,6,160.5,11,1,2022-01-25 09:15:05
1643102105983887000,160.5,5,160.0,9,160.5,7,1,2022-01-25 09:15:05
1643102106367786000,160.5,2,160.0,9,160.5,5,1,2022-01-25 09:15:06
1643102108265203000,160.5,1,160.0,12,160.5,2,1,2022-01-25 09:15:08
1643102108540910000,160.5,1,160.0,12,160.5,1,1,2022-01-25 09:15:08
1643102109967765000,160.5,1,160.5,1,161.0,36,1,2022-01-25 09:15:09
1643102110505820000,160.5,1,160.0,12,161.0,36,2,2022-01-25 09:15:10
1643102110966534000,160.5,1,160.5,3,161.0,36,2,2022-01-25 09:15:10
1643102113718274000,160.5,1,160.5,5,161.0,36,2,2022-01-25 09:15:13
1643102114161768000,160.5,1,160.5,4,161.0,36,2,2022-01-25 09:15:14
1643102114265603000,161.0,1,160.5,5,161.0,35,1,2022-01-25 09:15:14
1643102114310343000,161.0,1,160.5,5,161.0,34,1,2022-01-25 09:15:14
1643102114311493000,161.0,3,160.5,5,161.0,31,1,2022-01-25 09:15:14
1643102114319143000,161.0,1,160.5,5,161.0,30,1,2022-01-25 09:15:14
1643102114877924000,160.5,5,160.5,1,161.0,29,2,2022-01-25 09:15:14
1643102116798396000,160.5,1,160.5,2,161.0,29,2,2022-01-25 09:15:16
1643102117285460000,160.5,1,160.5,1,161.0,29,2,2022-01-25 09:15:17
1643102117360564000,160.5,1,160.0,15,160.5,4,2,2022-01-25 09:15:17
1643102117622721000,160.5,4,160.0,15,161.0,28,1,2022-01-25 09:15:17
1643102117622721000,161.0,1,160.0,15,161.0,28,1,2022-01-25 09:15:17
1643102118258097000,160.5,2,160.0,16,161.0,28,2,2022-01-25 09:15:18
1643102118716853000,160.5,1,160.0,16,161.0,19,1,2022-01-25 09:15:18
1643102118716853000,161.0,9,160.0,16,161.0,19,1,2022-01-25 09:15:18
1643102119188850000,160.5,1,160.5,1,161.0,19,2,2022-01-25 09:15:19
1643102119222095000,160.5,1,160.0,16,161.0,19,2,2022-01-25 09:15:19
1643102119752591000,160.5,1,160.0,16,160.5,4,2,2022-01-25 09:15:19
1643102120343058000,160.5,1,160.0,16,160.5,3,1,2022-01-25 09:15:20
1643102121465796000,160.5,1,160.0,16,160.5,9,1,2022-01-25 09:15:21
1643102121555393000,160.5,1,160.0,16,160.5,8,1,2022-01-25 09:15:21
1643102121925799000,160.5,1,160.0,15,160.5,8,1,2022-01-25 09:15:21
1643102122378308000,160.5,1,160.0,15,160.5,7,1,2022-01-25 09:15:22
1643102122440681000,160.5,1,160.0,15,160.5,6,1,2022-01-25 09:15:22
1643102122506825000,160.5,1,160.0,15,160.5,5,1,2022-01-25 09:15:22
1643102122540093000,160.5,1,160.0,15,160.5,5,1,2022-01-25 09:15:22
1643102122839759000,160.5,2,160.0,15,160.5,4,1,2022-01-25 09:15:22
1643102123775582000,160.5,1,160.0,15,160.5,4,1,2022-01-25 09:15:23
1643102123873262000,160.5,1,160.0,15,160.5,3,1,2022-01-25 09:15:23
1643102124829530000,160.5,1,160.0,18,160.5,5,1,2022-01-25 09:15:24
1643102125090659000,160.5,1,160.0,19,160.5,4,1,2022-01-25 09:15:25
1643102125168348000,160.5,1,160.0,19,160.5,3,1,2022-01-25 09:15:25
1643102125376383000,160.5,1,160.0,19,160.5,2,1,2022-01-25 09:15:25
1643102125414067000,160.5,2,160.0,19,161.0,21,1,2022-01-25 09:15:25
1643102125656683000,160.5,3,160.0,19,160.5,7,2,2022-01-25 09:15:25
1643102125728724000,160.5,2,160.0,19,160.5,5,1,2022-01-25 09:15:25
1643102126203553000,160.5,1,160.0,19,160.5,5,1,2022-01-25 09:15:26
1643102126592935000,160.5,2,160.0,20,160.5,3,1,2022-01-25 09:15:26
1643102126974816000,160.5,1,160.0,21,160.5,8,1,2022-01-25 09:15:26
1643102127090862000,160.0,1,160.0,20,160.5,8,2,2022-01-25 09:15:27
1643102127486407000,160.5,1,160.0,22,160.5,7,1,2022-01-25 09:15:27
1643102128927951000,160.5,1,160.0,24,160.5,11,1,2022-01-25 09:15:28
1643102129337985000,160.5,2,160.0,23,160.5,10,1,2022-01-25 09:15:29
1643102129390945000,160.0,1,160.0,22,160.5,10,2,2022-01-25 09:15:29
1643102130715246000,160.5,1,160.0,29,160.5,10,1,2022-01-25 09:15:30
1643102135546358000,160.0,1,160.0,33,160.5,27,2,2022-01-25 09:15:35
1643102136846516000,160.5,1,160.0,34,160.5,26,1,2022-01-25 09:15:36
1643102137466476000,160.0,1,160.0,33,160.5,26,2,2022-01-25 09:15:37
1643102137749752000,160.5,1,160.0,33,160.5,25,1,2022-01-25 09:15:37
1643102138062956000,160.5,1,160.0,32,160.5,24,1,2022-01-25 09:15:38
1643102145306003000,160.5,1,160.0,39,160.5,29,1,2022-01-25 09:15:45
1643102145436017000,160.5,1,160.0,39,160.5,28,1,2022-01-25 09:15:45
1643102148286520000,160.0,1,160.0,38,160.5,29,2,2022-01-25 09:15:48
1643102148466403000,160.5,3,160.0,38,160.5,26,1,2022-01-25 09:15:48
1643102148527420000,160.0,2,160.0,36,160.5,26,2,2022-01-25 09:15:48
1643102149228992000,160.5,1,160.0,36,160.5,25,1,2022-01-25 09:15:49
1643102151116987000,160.5,1,160.0,37,160.5,24,1,2022-01-25 09:15:51
1643102151435526000,160.5,1,160.0,37,160.5,23,1,2022-01-25 09:15:51
1643102151799473000,160.5,1,160.0,37,160.5,21,1,2022-01-25 09:15:51
1643102151831627000,160.0,1,160.0,36,160.5,21,2,2022-01-25 09:15:51
1643102152542849000,160.5,1,160.0,37,160.5,20,1,2022-01-25 09:15:52
1643102154041982000,160.5,1,160.0,38,160.5,19,1,2022-01-25 09:15:54
1643102156999487000,160.5,10,160.0,43,160.5,9,1,2022-01-25 09:15:56
1643102157134931000,160.5,9,160.5,1,161.0,21,1,2022-01-25 09:15:57
1643102159530632000,160.5,1,160.5,5,161.0,21,2,2022-01-25 09:15:59
1643102159720587000,160.5,1,160.5,5,161.0,21,2,2022-01-25 09:15:59
1643102160019058000,160.5,3,160.5,2,161.0,21,2,2022-01-25 09:16:00
1643102160693783000,160.5,1,160.5,2,161.0,21,2,2022-01-25 09:16:00
1643102161692676000,160.5,1,160.5,2,161.0,21,2,2022-01-25 09:16:01
1643102161701818000,160.5,1,160.5,1,161.0,21,2,2022-01-25 09:16:01
1643102163184927000,161.0,2,160.5,3,161.0,19,1,2022-01-25 09:16:03
1643102163843851000,161.0,1,160.5,3,161.0,19,1,2022-01-25 09:16:03
1643102166491698000,160.5,2,160.5,13,161.0,17,2,2022-01-25 09:16:06
1643102166662637000,161.0,2,160.5,14,161.0,17,1,2022-01-25 09:16:06
1643102166909934000,161.0,1,160.5,14,161.0,16,1,2022-01-25 09:16:06
1643102170494938000,161.0,1,160.5,18,161.0,15,1,2022-01-25 09:16:10
1643102172854289000,161.0,2,160.5,17,161.0,14,1,2022-01-25 09:16:12
1643102173483726000,161.0,1,160.5,17,161.0,13,1,2022-01-25 09:16:13
1643102173674959000,161.0,1,160.5,17,161.0,12,1,2022-01-25 09:16:13
1643102174455684000,161.0,2,160.5,20,161.0,10,1,2022-01-25 09:16:14
1643102175384968000,161.0,1,160.5,21,161.0,10,1,2022-01-25 09:16:15
1643102175443998000,161.0,1,160.5,21,161.0,9,1,2022-01-25 09:16:15
1643102175618386000,161.0,1,160.5,21,161.0,8,1,2022-01-25 09:16:15
1643102175915469000,161.0,1,160.5,21,161.0,7,1,2022-01-25 09:16:15
1643102176214420000,161.0,1,160.5,21,161.0,6,1,2022-01-25 09:16:16
1643102176432492000,161.0,1,160.5,21,161.0,5,1,2022-01-25 09:16:16
1643102176475143000,161.0,1,160.5,21,161.0,4,1,2022-01-25 09:16:16
1643102176494436000,161.0,2,160.5,21,161.0,2,1,2022-01-25 09:16:16
1643102176544736000,161.0,1,160.5,21,161.0,1,1,2022-01-25 09:16:16
1643102176717267000,161.0,1,160.5,21,161.5,21,1,2022-01-25 09:16:16
1643102176812759000,161.5,3,160.5,21,161.5,18,1,2022-01-25 09:16:16
1643102176870889000,161.5,1,161.0,1,161.5,17,1,2022-01-25 09:16:16
1643102176877304000,161.5,1,161.0,1,161.5,16,1,2022-01-25 09:16:16
1643102177515219000,161.5,1,161.0,6,161.5,15,1,2022-01-25 09:16:17
1643102177602114000,161.5,15,161.0,8,162.0,15,1,2022-01-25 09:16:17
1643102178768562000,161.5,1,161.0,23,162.0,15,1,2022-01-25 09:16:18
1643102180374949000,161.5,1,161.5,2,162.0,15,2,2022-01-25 09:16:20
1643102180596568000,161.5,1,161.5,1,162.0,15,2,2022-01-25 09:16:20
1643102180752933000,161.5,1,161.5,3,162.0,15,2,2022-01-25 09:16:20
1643102181642377000,162.0,2,161.5,3,162.0,14,1,2022-01-25 09:16:21
1643102182356357000,162.0,1,161.5,7,162.0,13,1,2022-01-25 09:16:22
1643102182627823000,162.0,2,161.5,7,162.0,11,1,2022-01-25 09:16:22
1643102182913739000,161.5,1,161.5,7,162.0,11,2,2022-01-25 09:16:22
1643102184454877000,162.0,1,161.5,10,162.0,15,1,2022-01-25 09:16:24
1643102186313071000,162.0,1,161.5,20,162.0,17,1,2022-01-25 09:16:26
1643102187125666000,162.0,2,161.5,21,162.0,15,1,2022-01-25 09:16:27
1643102188413774000,162.0,1,161.5,24,162.0,14,1,2022-01-25 09:16:28
1643102188731123000,162.0,1,161.5,26,162.0,13,1,2022-01-25 09:16:28
1643102189419419000,162.0,1,161.5,27,162.0,13,1,2022-01-25 09:16:29
1643102189468001000,162.0,1,161.5,27,162.0,12,1,2022-01-25 09:16:29
1643102189977548000,162.0,1,161.5,27,162.0,11,1,2022-01-25 09:16:29
1643102189978028000,161.5,1,161.5,26,162.0,11,2,2022-01-25 09:16:29
1643102190177122000,162.0,2,161.5,26,162.0,9,1,2022-01-25 09:16:30
1643102190203377000,162.0,1,161.5,26,162.0,8,1,2022-01-25 09:16:30
1643102190561709000,162.0,2,161.5,26,162.0,6,1,2022-01-25 09:16:30
1643102190709481000,162.0,1,161.5,26,162.0,5,1,2022-01-25 09:16:30
1643102190806172000,162.0,3,161.5,26,162.0,2,1,2022-01-25 09:16:30
1643102190829961000,162.0,2,161.5,26,162.5,12,1,2022-01-25 09:16:30
1643102191305043000,162.5,1,162.0,6,162.5,12,1,2022-01-25 09:16:31
1643102191367729000,162.5,3,162.0,12,162.5,9,1,2022-01-25 09:16:31
1643102191552118000,162.5,5,162.0,15,162.5,4,1,2022-01-25 09:16:31
1643102191589022000,162.5,2,162.0,15,162.5,2,1,2022-01-25 09:16:31
1643102191724269000,162.0,10,162.0,5,162.5,2,2,2022-01-25 09:16:31
1643102191772558000,162.5,1,162.0,5,162.5,1,1,2022-01-25 09:16:31
1643102192246886000,162.0,1,162.0,16,162.5,2,2,2022-01-25 09:16:32
1643102192401544000,162.5,2,162.0,16,163.0,26,1,2022-01-25 09:16:32
1643102193587874000,162.5,1,162.5,2,163.0,26,2,2022-01-25 09:16:33
1643102193802289000,163.0,1,162.5,2,163.0,25,1,2022-01-25 09:16:33
1643102195187403000,162.5,1,162.5,7,163.0,25,2,2022-01-25 09:16:35
1643102195718515000,163.0,5,162.5,7,163.0,20,1,2022-01-25 09:16:35
1643102196404029000,163.0,1,162.5,7,163.0,19,1,2022-01-25 09:16:36
1643102196407219000,162.5,1,162.5,6,163.0,19,2,2022-01-25 09:16:36
1643102196844461000,162.5,1,162.5,5,163.0,19,2,2022-01-25 09:16:36
1643102197004739000,162.5,1,162.5,4,163.0,19,2,2022-01-25 09:16:37
1643102197448465000,163.0,5,162.5,4,163.0,15,1,2022-01-25 09:16:37
1643102197530033000,163.0,1,162.5,4,163.0,14,1,2022-01-25 09:16:37
1643102197793690000,163.0,1,162.5,4,163.0,13,1,2022-01-25 09:16:37
1643102198437401000,162.5,1,162.5,3,163.0,13,2,2022-01-25 09:16:38
1643102198447961000,163.0,1,162.5,4,163.0,12,1,2022-01-25 09:16:38
1643102198592906000,163.0,3,162.5,4,163.0,9,1,2022-01-25 09:16:38
1643102198881899000,163.0,1,162.5,8,163.0,10,1,2022-01-25 09:16:38
1643102199032172000,163.0,1,162.5,8,163.0,11,1,2022-01-25 09:16:39
1643102199046583000,163.0,1,162.5,8,163.0,10,1,2022-01-25 09:16:39
1643102199434259000,163.0,1,162.5,9,163.0,10,1,2022-01-25 09:16:39
1643102199475920000,163.0,1,162.5,9,163.0,9,1,2022-01-25 09:16:39
1643102199601827000,163.0,1,162.5,11,163.0,8,1,2022-01-25 09:16:39
1643102200011828000,163.0,5,162.5,11,163.0,3,1,2022-01-25 09:16:40
1643102200117418000,163.0,3,162.5,12,163.5,14,1,2022-01-25 09:16:40
1643102200353126000,163.0,1,163.0,2,163.5,14,2,2022-01-25 09:16:40
1643102200561499000,163.0,4,163.0,9,163.5,14,2,2022-01-25 09:16:40
1643102200804371000,163.0,1,163.0,13,163.5,14,2,2022-01-25 09:16:40
1643102200858301000,163.5,2,163.0,18,163.5,12,1,2022-01-25 09:16:40
1643102200919344000,163.5,1,163.0,19,163.5,11,1,2022-01-25 09:16:40
1643102200928257000,163.5,1,163.0,19,163.5,10,1,2022-01-25 09:16:40
1643102201125093000,163.5,1,163.0,21,163.5,9,1,2022-01-25 09:16:41
1643102201248346000,163.5,1,163.0,21,163.5,8,1,2022-01-25 09:16:41
1643102201660662000,163.5,2,163.0,21,163.5,6,1,2022-01-25 09:16:41
1643102202014201000,163.5,2,163.0,21,163.5,5,1,2022-01-25 09:16:42
1643102202910394000,163.0,1,163.0,23,163.5,6,2,2022-01-25 09:16:42
1643102203120775000,163.5,5,163.0,25,163.5,1,1,2022-01-25 09:16:43
1643102203550658000,163.0,1,163.0,36,163.5,1,2,2022-01-25 09:16:43
1643102204013467000,163.5,1,163.0,41,163.5,1,1,2022-01-25 09:16:44
1643102204456918000,163.5,1,163.5,1,164.0,24,1,2022-01-25 09:16:44
1643102204688757000,163.5,3,163.0,43,163.5,7,2,2022-01-25 09:16:44
1643102204914142000,163.5,4,163.0,45,163.5,3,1,2022-01-25 09:16:44
1643102204959185000,163.5,1,163.0,45,163.5,2,1,2022-01-25 09:16:44
1643102205108574000,163.5,1,163.0,46,163.5,1,1,2022-01-25 09:16:45
1643102205132432000,163.5,1,163.0,46,164.0,22,1,2022-01-25 09:16:45
1643102205914213000,163.5,2,163.0,45,164.0,22,2,2022-01-25 09:16:45
1643102205914213000,163.0,3,163.0,45,164.0,22,2,2022-01-25 09:16:45
1643102206278761000,163.5,1,163.0,45,164.0,22,1,2022-01-25 09:16:46
1643102206487236000,163.5,1,163.0,51,163.5,1,1,2022-01-25 09:16:46
1643102206510813000,163.5,1,163.0,51,164.0,22,1,2022-01-25 09:16:46
1643102207108779000,163.0,2,163.0,49,163.5,2,2,2022-01-25 09:16:47
1643102207259009000,163.5,1,163.0,49,163.5,1,1,2022-01-25 09:16:47
1643102207457810000,163.0,1,163.0,48,163.5,1,2,2022-01-25 09:16:47
1643102207498141000,163.5,1,163.5,1,164.0,22,1,2022-01-25 09:16:47
1643102207594751000,163.5,1,163.0,48,164.0,22,2,2022-01-25 09:16:47
1643102207646360000,164.0,12,163.0,47,164.0,10,1,2022-01-25 09:16:47
1643102207765045000,163.5,1,163.5,1,164.0,10,2,2022-01-25 09:16:47
1643102207902030000,163.5,1,163.0,47,164.0,13,2,2022-01-25 09:16:47
1643102208010579000,163.5,1,163.5,1,164.0,14,2,2022-01-25 09:16:48
1643102208025225000,163.5,1,163.0,47,163.5,1,2,2022-01-25 09:16:48
1643102208098761000,163.0,1,163.0,46,163.5,2,2,2022-01-25 09:16:48
1643102208354842000,163.5,2,163.0,46,163.5,4,1,2022-01-25 09:16:48
1643102208433900000,163.5,1,163.0,46,163.5,3,1,2022-01-25 09:16:48
1643102208596270000,163.5,2,163.0,46,163.5,3,1,2022-01-25 09:16:48
1643102208762576000,163.5,3,163.0,48,163.5,1,1,2022-01-25 09:16:48
1643102208937145000,163.5,1,163.0,48,164.0,14,1,2022-01-25 09:16:48
1643102209293414000,164.0,1,163.0,48,164.0,14,1,2022-01-25 09:16:49
1643102209564025000,163.0,1,163.0,48,163.5,1,2,2022-01-25 09:16:49
1643102209594837000,163.5,1,163.5,1,164.0,14,1,2022-01-25 09:16:49
1643102210202352000,164.0,7,163.5,2,164.0,8,1,2022-01-25 09:16:50
1643102210417346000,163.5,3,163.0,55,163.5,7,2,2022-01-25 09:16:50
1643102210472187000,163.0,1,163.0,54,163.5,7,2,2022-01-25 09:16:50
1643102210997737000,163.5,1,163.0,54,163.5,6,1,2022-01-25 09:16:50
1643102211021100000,163.5,1,163.0,54,163.5,5,1,2022-01-25 09:16:51
1643102211903207000,163.5,1,163.0,54,164.0,7,1,2022-01-25 09:16:51
1643102211903207000,164.0,1,163.0,54,164.0,7,1,2022-01-25 09:16:51
1643102212111981000,163.5,1,163.0,57,164.0,10,2,2022-01-25 09:16:52
1643102212600403000,163.5,1,163.0,57,164.0,12,2,2022-01-25 09:16:52
1643102212655991000,163.5,1,163.0,57,163.5,1,1,2022-01-25 09:16:52
1643102213108085000,163.5,1,163.0,57,163.5,6,1,2022-01-25 09:16:53
1643102213422507000,163.5,1,163.0,57,163.5,5,1,2022-01-25 09:16:53
1643102213529192000,163.5,2,163.0,57,163.5,3,1,2022-01-25 09:16:53
1643102213661788000,163.5,1,163.0,57,163.5,3,1,2022-01-25 09:16:53
1643102213737818000,163.5,1,163.0,57,163.5,2,1,2022-01-25 09:16:53
1643102214026678000,163.5,1,163.0,57,163.5,14,1,2022-01-25 09:16:54
1643102214569825000,163.5,1,163.0,56,163.5,18,1,2022-01-25 09:16:54
1643102214763799000,163.5,2,163.0,56,163.5,17,1,2022-01-25 09:16:54
1643102215126742000,163.5,1,163.0,57,163.5,24,1,2022-01-25 09:16:55
1643102215147333000,163.5,1,163.0,57,163.5,23,1,2022-01-25 09:16:55
1643102215280136000,163.5,1,163.0,57,163.5,22,1,2022-01-25 09:16:55
1643102215384523000,163.5,1,163.0,57,163.5,21,1,2022-01-25 09:16:55
1643102215473860000,163.5,1,163.0,57,163.5,20,1,2022-01-25 09:16:55
1643102215680457000,163.5,1,163.0,57,163.5,19,1,2022-01-25 09:16:55
1643102215691814000,163.5,1,163.0,57,163.5,18,1,2022-01-25 09:16:55
1643102215697242000,163.5,1,163.0,57,163.5,17,1,2022-01-25 09:16:55
1643102216101062000,163.5,2,163.0,57,163.5,16,1,2022-01-25 09:16:56
1643102216106335000,163.5,1,163.0,57,163.5,15,1,2022-01-25 09:16:56
1643102216780363000,163.5,1,163.0,57,163.5,16,1,2022-01-25 09:16:56
1643102217111577000,163.5,1,163.0,57,163.5,15,1,2022-01-25 09:16:57
1643102217422874000,163.5,4,163.0,58,163.5,11,1,2022-01-25 09:16:57
1643102217648529000,163.5,1,163.0,58,163.5,10,1,2022-01-25 09:16:57
1643102218254302000,163.5,10,163.0,55,164.0,19,1,2022-01-25 09:16:58
1643102218608168000,163.5,1,163.5,1,164.0,20,2,2022-01-25 09:16:58
1643102221121372000,163.5,1,163.5,16,164.0,20,2,2022-01-25 09:17:01
1643102222056181000,164.0,1,163.5,18,164.0,21,1,2022-01-25 09:17:02
1643102223001655000,163.5,1,163.5,30,164.0,21,2,2022-01-25 09:17:03
1643102223012881000,164.0,1,163.5,30,164.0,20,1,2022-01-25 09:17:03
1643102224365340000,164.0,3,163.5,33,164.0,17,1,2022-01-25 09:17:04
1643102225071239000,164.0,1,163.5,33,164.0,17,1,2022-01-25 09:17:05
1643102225087042000,163.5,1,163.5,32,164.0,17,2,2022-01-25 09:17:05
1643102225752075000,164.0,1,163.5,31,164.0,16,1,2022-01-25 09:17:05
1643102226333316000,164.0,1,163.5,31,164.0,15,1,2022-01-25 09:17:06
1643102226431504000,164.0,1,163.5,31,164.0,14,1,2022-01-25 09:17:06
1643102226454278000,164.0,1,163.5,31,164.0,13,1,2022-01-25 09:17:06
1643102226572582000,164.0,13,164.0,7,164.5,23,1,2022-01-25 09:17:06
1643102227105630000,164.0,1,164.0,8,164.5,23,2,2022-01-25 09:17:07
1643102227330484000,164.5,1,164.0,12,164.5,22,1,2022-01-25 09:17:07
1643102227364191000,164.5,1,164.0,12,164.5,21,1,2022-01-25 09:17:07
1643102227364356000,164.5,1,164.0,12,164.5,20,1,2022-01-25 09:17:07
1643102227375650000,164.5,1,164.0,12,164.5,19,1,2022-01-25 09:17:07
1643102227405640000,164.5,3,164.0,13,164.5,16,1,2022-01-25 09:17:07
1643102227433918000,164.5,1,164.0,13,164.5,15,1,2022-01-25 09:17:07
1643102227474233000,164.5,2,164.0,16,164.5,13,1,2022-01-25 09:17:07
1643102227539732000,164.5,1,164.0,16,164.5,12,1,2022-01-25 09:17:07
1643102227550903000,164.5,1,164.0,17,164.5,11,1,2022-01-25 09:17:07
1643102227587312000,164.5,2,164.0,17,164.5,9,1,2022-01-25 09:17:07
1643102227716050000,164.0,4,164.0,13,164.5,9,2,2022-01-25 09:17:07
1643102227985403000,164.0,2,164.0,12,164.5,9,2,2022-01-25 09:17:07
1643102228015712000,164.0,1,164.0,11,164.5,9,2,2022-01-25 09:17:08
1643102228138104000,164.5,1,164.0,11,164.5,8,1,2022-01-25 09:17:08
1643102228187302000,164.5,1,164.0,11,164.5,7,1,2022-01-25 09:17:08
1643102228255439000,164.5,1,164.0,10,164.5,6,1,2022-01-25 09:17:08
1643102228262791000,164.5,1,164.0,10,164.5,5,1,2022-01-25 09:17:08
1643102228407129000,164.5,2,164.0,10,164.5,3,1,2022-01-25 09:17:08
1643102228490793000,164.5,2,164.0,10,164.5,1,1,2022-01-25 09:17:08
1643102228530057000,164.0,1,164.0,9,164.5,1,2,2022-01-25 09:17:08
1643102229167327000,164.0,1,164.0,12,164.5,3,2,2022-01-25 09:17:09
1643102229171221000,164.5,1,164.0,12,164.5,2,1,2022-01-25 09:17:09
1643102229313023000,164.5,1,164.0,12,164.5,1,1,2022-01-25 09:17:09
1643102229447029000,164.5,1,164.0,12,165.0,32,1,2022-01-25 09:17:09
1643102229459922000,165.0,1,164.0,12,165.0,31,1,2022-01-25 09:17:09
1643102229464519000,165.0,2,164.0,13,165.0,29,1,2022-01-25 09:17:09
1643102229624969000,165.0,1,164.5,1,165.0,26,1,2022-01-25 09:17:09
1643102229763717000,165.0,2,164.5,1,165.0,24,1,2022-01-25 09:17:09
1643102229839057000,164.5,1,164.0,14,164.5,4,2,2022-01-25 09:17:09
1643102230082800000,164.5,2,164.0,15,164.5,2,1,2022-01-25 09:17:10
1643102230958931000,164.5,1,164.5,3,165.0,24,2,2022-01-25 09:17:10
1643102231101223000,164.5,1,164.5,2,165.0,24,2,2022-01-25 09:17:11
1643102231404205000,165.0,1,164.5,8,165.0,23,1,2022-01-25 09:17:11
1643102231752039000,164.5,2,164.5,7,165.0,25,2,2022-01-25 09:17:11
1643102231822536000,164.5,1,164.5,6,165.0,25,2,2022-01-25 09:17:11
1643102231936712000,165.0,3,164.5,6,165.0,22,1,2022-01-25 09:17:11
1643102231952045000,164.5,1,164.5,5,165.0,22,2,2022-01-25 09:17:11
1643102232185510000,165.0,1,164.5,5,165.0,21,1,2022-01-25 09:17:12
1643102232219677000,165.0,1,164.5,5,165.0,20,1,2022-01-25 09:17:12
1643102233126681000,165.0,1,164.5,7,165.0,20,1,2022-01-25 09:17:13
1643102233682359000,165.0,1,164.5,8,165.0,18,1,2022-01-25 09:17:13
1643102233854792000,165.0,1,164.5,8,165.0,18,1,2022-01-25 09:17:13
1643102233983953000,165.0,2,164.5,8,165.0,16,1,2022-01-25 09:17:13
1643102234078327000,165.0,1,164.5,8,165.0,14,1,2022-01-25 09:17:14
1643102234301447000,165.0,3,164.5,10,165.0,11,1,2022-01-25 09:17:14
1643102234547534000,165.0,1,164.5,12,165.0,11,1,2022-01-25 09:17:14
1643102234702283000,165.0,2,164.5,12,165.0,5,1,2022-01-25 09:17:14
1643102234906465000,165.0,5,164.5,14,165.5,23,1,2022-01-25 09:17:14
1643102234953836000,165.0,2,164.5,14,165.5,23,2,2022-01-25 09:17:14
1643102235412584000,165.5,8,165.0,6,165.5,15,1,2022-01-25 09:17:15
1643102235495750000,165.0,1,165.0,5,165.5,15,2,2022-01-25 09:17:15
1643102235682944000,165.0,1,165.0,8,165.5,15,2,2022-01-25 09:17:15
1643102235751461000,165.5,1,165.0,8,165.5,14,1,2022-01-25 09:17:15
1643102235904610000,165.0,1,165.0,7,165.5,14,2,2022-01-25 09:17:15
1643102236017206000,165.0,1,165.0,6,165.5,14,2,2022-01-25 09:17:16
1643102236522791000,165.5,1,165.0,14,165.5,13,1,2022-01-25 09:17:16
1643102236558677000,165.5,2,165.0,14,165.5,11,1,2022-01-25 09:17:16
1643102237124078000,165.0,1,165.0,18,165.5,8,2,2022-01-25 09:17:17
1643102237432377000,165.5,2,165.0,25,165.5,6,1,2022-01-25 09:17:17
1643102237778974000,165.5,1,165.0,25,165.5,5,1,2022-01-25 09:17:17
1643102237981339000,165.5,1,165.0,25,165.5,1,1,2022-01-25 09:17:17
1643102238267282000,165.5,1,165.0,25,166.0,15,1,2022-01-25 09:17:18
1643102238376854000,165.5,2,165.0,25,166.0,16,2,2022-01-25 09:17:18
1643102238960638000,166.0,1,165.5,4,166.0,16,1,2022-01-25 09:17:18
1643102238979718000,166.0,1,165.5,4,166.0,15,1,2022-01-25 09:17:18
1643102238983220000,166.0,1,165.5,4,166.0,14,1,2022-01-25 09:17:18
1643102239020568000,165.5,2,165.5,3,166.0,14,2,2022-01-25 09:17:19
1643102239160323000,166.0,1,165.5,4,166.0,13,1,2022-01-25 09:17:19
1643102239531774000,166.0,1,165.5,10,166.0,12,1,2022-01-25 09:17:19
1643102239947226000,166.0,1,165.5,17,166.0,11,1,2022-01-25 09:17:19
1643102239948892000,166.0,1,165.5,17,166.0,10,1,2022-01-25 09:17:19
1643102240460603000,166.0,1,165.5,17,166.0,9,1,2022-01-25 09:17:20
1643102240483416000,166.0,1,165.5,17,166.0,8,1,2022-01-25 09:17:20
1643102240951908000,166.0,1,165.5,18,166.0,7,1,2022-01-25 09:17:20
1643102241103495000,166.0,1,165.5,18,166.0,6,1,2022-01-25 09:17:21
1643102241136806000,165.5,5,165.5,13,166.0,6,2,2022-01-25 09:17:21
1643102241220357000,166.0,1,165.5,13,166.0,5,1,2022-01-25 09:17:21
1643102241222432000,166.0,1,165.5,13,166.0,4,1,2022-01-25 09:17:21
1643102241263713000,166.0,1,165.5,13,166.0,3,1,2022-01-25 09:17:21
1643102241721292000,166.0,3,165.5,19,166.5,6,1,2022-01-25 09:17:21
1643102241809300000,166.5,1,165.5,21,166.5,5,1,2022-01-25 09:17:21
1643102242059374000,166.5,2,166.0,5,166.5,4,1,2022-01-25 09:17:22
1643102242473051000,166.0,1,166.0,7,166.5,5,2,2022-01-25 09:17:22
1643102242515730000,166.0,7,165.5,19,166.5,6,2,2022-01-25 09:17:22
1643102242515730000,165.5,4,165.5,19,166.5,6,2,2022-01-25 09:17:22
1643102242630146000,166.5,1,166.0,2,166.5,5,1,2022-01-25 09:17:22
1643102242665782000,166.5,1,166.0,2,166.5,4,1,2022-01-25 09:17:22
1643102242942803000,166.5,1,166.0,2,166.5,4,1,2022-01-25 09:17:22
1643102243355130000,166.0,1,166.0,2,166.5,6,2,2022-01-25 09:17:23
1643102243951723000,166.5,4,166.0,7,166.5,4,1,2022-01-25 09:17:23
1643102243957909000,166.0,2,166.0,5,166.5,4,2,2022-01-25 09:17:23
1643102243963434000,166.0,5,165.5,22,166.5,4,2,2022-01-25 09:17:23
1643102244174948000,166.5,4,165.5,22,167.0,13,1,2022-01-25 09:17:24
1643102244627186000,166.5,1,166.0,2,167.0,13,1,2022-01-25 09:17:24
1643102244727821000,166.0,2,165.5,23,166.0,8,2,2022-01-25 09:17:24
1643102244805854000,165.5,1,165.5,22,166.0,8,2,2022-01-25 09:17:24
1643102244865359000,165.5,1,165.5,21,166.0,8,2,2022-01-25 09:17:24
1643102244988398000,166.0,1,165.5,21,166.0,17,1,2022-01-25 09:17:24
1643102245066687000,166.0,1,165.5,21,166.0,16,1,2022-01-25 09:17:25
1643102245199298000,166.0,1,165.5,21,166.0,15,1,2022-01-25 09:17:25
1643102245203002000,166.0,1,165.5,21,166.0,14,1,2022-01-25 09:17:25
1643102245246152000,166.0,10,165.5,21,166.0,4,1,2022-01-25 09:17:25
1643102245259685000,166.0,1,165.5,21,166.0,3,1,2022-01-25 09:17:25
1643102245277052000,166.0,1,165.5,21,166.0,2,1,2022-01-25 09:17:25
1643102245324385000,166.0,1,165.5,21,166.0,1,1,2022-01-25 09:17:25
1643102245356038000,166.0,1,165.5,21,166.5,7,1,2022-01-25 09:17:25
1643102245800349000,166.0,1,165.5,20,166.0,1,2,2022-01-25 09:17:25
1643102245800434000,165.5,1,165.5,19,166.0,1,2,2022-01-25 09:17:25
1643102245904765000,166.0,2,165.5,19,166.5,14,1,2022-01-25 09:17:25
1643102245904765000,166.5,1,165.5,19,166.5,14,1,2022-01-25 09:17:25
1643102245935315000,166.5,2,165.5,19,166.5,14,1,2022-01-25 09:17:25
1643102245945288000,166.0,1,165.5,19,166.0,1,1,2022-01-25 09:17:25
1643102246035183000,166.0,1,165.5,19,166.5,11,1,2022-01-25 09:17:26
1643102246466449000,166.0,1,165.5,20,166.5,14,1,2022-01-25 09:17:26
1643102246544778000,166.5,3,166.0,2,166.5,11,1,2022-01-25 09:17:26
1643102246552114000,166.0,1,166.0,1,166.5,11,2,2022-01-25 09:17:26
1643102246659380000,166.0,2,165.5,20,166.0,3,2,2022-01-25 09:17:26
1643102246766455000,166.0,1,165.5,20,166.0,4,1,2022-01-25 09:17:26
1643102247025179000,166.0,1,165.5,21,166.0,5,1,2022-01-25 09:17:27
1643102247030160000,166.0,3,165.5,21,166.0,2,1,2022-01-25 09:17:27
1643102247050892000,166.0,2,165.5,21,166.5,12,1,2022-01-25 09:17:27
1643102247295385000,166.0,1,165.5,26,166.5,14,1,2022-01-25 09:17:27
1643102247696326000,166.0,2,165.5,28,166.0,1,1,2022-01-25 09:17:27
1643102247719506000,165.5,5,165.5,23,166.0,1,2,2022-01-25 09:17:27
1643102247743821000,165.5,2,165.5,21,166.0,6,2,2022-01-25 09:17:27
1643102247974907000,166.0,1,165.5,21,166.0,9,1,2022-01-25 09:17:27
1643102247982134000,166.0,1,165.5,21,166.0,8,1,2022-01-25 09:17:27
1643102248017138000,165.5,1,165.5,20,166.0,8,2,2022-01-25 09:17:28
1643102248049648000,166.0,1,165.5,20,166.0,7,1,2022-01-25 09:17:28
1643102248175875000,166.0,1,165.5,20,166.0,6,1,2022-01-25 09:17:28
1643102248362538000,166.0,1,165.5,20,166.0,7,1,2022-01-25 09:17:28
1643102248594101000,165.5,1,165.5,20,166.0,16,2,2022-01-25 09:17:28
1643102248712532000,166.0,2,165.5,20,166.0,15,1,2022-01-25 09:17:28
1643102248927078000,166.0,1,165.5,20,166.0,19,1,2022-01-25 09:17:28
1643102249312943000,165.5,10,165.5,10,166.0,25,2,2022-01-25 09:17:29
1643102249316059000,165.5,2,165.5,8,166.0,25,2,2022-01-25 09:17:29
1643102249336492000,165.5,4,165.5,4,166.0,25,2,2022-01-25 09:17:29
1643102249336831000,165.5,4,165.0,20,166.0,25,2,2022-01-25 09:17:29
1643102249497568000,165.5,1,165.0,19,165.5,9,1,2022-01-25 09:17:29
1643102249589236000,165.5,1,165.0,19,165.5,8,1,2022-01-25 09:17:29
1643102249661454000,165.5,1,165.0,19,165.5,7,1,2022-01-25 09:17:29
1643102249708380000,165.5,7,165.0,19,166.0,23,1,2022-01-25 09:17:29
1643102249708380000,166.0,3,165.0,19,166.0,23,1,2022-01-25 09:17:29
1643102249728284000,166.0,5,165.0,19,166.0,18,1,2022-01-25 09:17:29
1643102250378308000,165.5,1,165.0,19,165.5,1,1,2022-01-25 09:17:30
1643102250762833000,165.5,2,165.0,19,166.0,22,1,2022-01-25 09:17:30
1643102250762833000,166.0,2,165.0,19,166.0,22,1,2022-01-25 09:17:30
1643102251064181000,165.0,5,165.0,15,165.5,1,2,2022-01-25 09:17:31
1643102251155764000,165.0,2,165.0,13,165.5,1,2,2022-01-25 09:17:31
1643102251699225000,165.5,1,165.0,14,165.5,4,1,2022-01-25 09:17:31
1643102251938930000,165.5,1,165.0,14,165.5,3,1,2022-01-25 09:17:31
1643102252080809000,165.5,2,165.0,14,165.5,1,1,2022-01-25 09:17:32
1643102252735118000,165.5,2,165.0,15,165.5,6,1,2022-01-25 09:17:32
1643102252761071000,165.5,2,165.0,15,165.5,4,1,2022-01-25 09:17:32
1643102253461860000,165.0,8,165.0,7,165.5,5,2,2022-01-25 09:17:33
1643102253774415000,165.0,1,165.0,6,165.5,11,2,2022-01-25 09:17:33
1643102253806665000,165.0,6,164.5,23,165.5,11,2,2022-01-25 09:17:33
1643102253885154000,165.5,1,164.5,23,165.5,12,1,2022-01-25 09:17:33
1643102254405853000,165.5,2,165.0,1,165.5,14,1,2022-01-25 09:17:34
1643102254499193000,165.0,1,164.5,21,165.5,15,2,2022-01-25 09:17:34
1643102254647776000,165.5,2,164.5,21,165.5,13,1,2022-01-25 09:17:34
1643102254892415000,165.0,1,164.5,21,165.0,2,1,2022-01-25 09:17:34
1643102255088420000,165.0,1,164.5,21,165.0,1,1,2022-01-25 09:17:35
1643102255280418000,164.5,1,164.5,20,165.0,2,2,2022-01-25 09:17:35
1643102255528749000,165.0,1,164.5,20,165.0,1,1,2022-01-25 09:17:35
1643102255788558000,164.5,3,164.5,16,165.0,2,2,2022-01-25 09:17:35
1643102256074641000,165.0,1,164.5,16,165.0,4,1,2022-01-25 09:17:36
1643102256831076000,165.0,5,164.5,16,165.0,1,1,2022-01-25 09:17:36
1643102257126779000,165.5,2,165.0,1,165.5,21,1,2022-01-25 09:17:37
1643102257282385000,165.0,1,164.5,16,165.5,21,2,2022-01-25 09:17:37
1643102257307307000,164.5,1,164.5,15,165.5,21,2,2022-01-25 09:17:37
1643102257697666000,164.5,2,164.5,13,165.0,1,2,2022-01-25 09:17:37
1643102257856541000,165.0,1,164.5,13,165.5,20,1,2022-01-25 09:17:37
1643102258015263000,165.0,1,165.0,1,165.5,20,2,2022-01-25 09:17:38
1643102258047841000,165.0,1,164.5,13,165.0,1,2,2022-01-25 09:17:38
1643102258515687000,165.0,1,164.5,16,165.0,3,1,2022-01-25 09:17:38
1643102259150357000,165.0,1,164.5,16,165.0,6,1,2022-01-25 09:17:39
1643102260377665000,165.0,1,164.5,18,165.0,8,1,2022-01-25 09:17:40
1643102261369400000,164.5,2,164.5,17,165.0,8,2,2022-01-25 09:17:41
1643102261384516000,165.0,1,164.5,17,165.0,7,1,2022-01-25 09:17:41
1643102261444333000,165.0,1,164.5,17,165.0,6,1,2022-01-25 09:17:41
1643102262977359000,164.5,1,164.5,14,165.0,12,2,2022-01-25 09:17:42
1643102263280063000,164.5,2,164.5,12,165.0,12,2,2022-01-25 09:17:43
1643102263496396000,165.0,1,164.5,12,165.0,16,1,2022-01-25 09:17:43
1643102263979708000,165.0,2,164.5,12,165.0,18,1,2022-01-25 09:17:43
1643102264225287000,164.5,1,164.5,13,165.0,19,2,2022-01-25 09:17:44
1643102264976788000,165.0,5,164.5,12,165.0,17,1,2022-01-25 09:17:44
1643102265038052000,164.5,2,164.5,10,165.0,17,2,2022-01-25 09:17:45
1643102265261162000,164.5,1,164.5,11,165.0,17,2,2022-01-25 09:17:45
1643102265356773000,164.5,3,164.5,8,165.0,17,2,2022-01-25 09:17:45
1643102265361479000,165.0,1,164.5,8,165.0,16,1,2022-01-25 09:17:45
1643102265440759000,164.5,2,164.5,6,165.0,16,2,2022-01-25 09:17:45
1643102265467782000,164.5,2,164.5,4,165.0,16,2,2022-01-25 09:17:45
1643102265495120000,164.5,4,164.0,15,165.0,18,2,2022-01-25 09:17:45
1643102266063096000,165.0,1,164.5,4,165.0,19,1,2022-01-25 09:17:46
1643102266096902000,164.5,4,164.0,9,165.0,19,2,2022-01-25 09:17:46
1643102266096902000,164.0,6,164.0,9,165.0,19,2,2022-01-25 09:17:46
1643102266156485000,164.0,2,164.0,7,165.0,19,2,2022-01-25 09:17:46
1643102266624118000,165.0,1,164.0,7,165.0,19,1,2022-01-25 09:17:46
1643102266789328000,164.5,1,164.0,7,165.0,18,1,2022-01-25 09:17:46
1643102266789328000,165.0,1,164.0,7,165.0,18,1,2022-01-25 09:17:46
1643102267751784000,164.0,2,164.0,16,164.5,4,2,2022-01-25 09:17:47
1643102267964596000,164.0,3,164.0,15,164.5,6,2,2022-01-25 09:17:47
1643102267998009000,164.0,1,164.0,14,164.5,6,2,2022-01-25 09:17:47
1643102268030235000,164.0,1,164.0,13,164.5,6,2,2022-01-25 09:17:48
1643102268032364000,164.0,5,164.0,8,164.5,6,2,2022-01-25 09:17:48
1643102268306866000,164.0,2,164.0,8,164.5,6,2,2022-01-25 09:17:48
1643102268728241000,164.5,1,164.0,9,164.5,6,1,2022-01-25 09:17:48
1643102268993644000,164.5,1,164.0,9,164.5,6,1,2022-01-25 09:17:48
1643102269275480000,164.5,1,164.0,10,164.5,5,1,2022-01-25 09:17:49
1643102270366871000,164.5,1,164.0,12,164.5,7,1,2022-01-25 09:17:50
1643102270452183000,164.5,1,164.0,12,164.5,6,1,2022-01-25 09:17:50
1643102270452281000,164.5,1,164.0,12,164.5,5,1,2022-01-25 09:17:50
1643102270452622000,164.5,1,164.0,12,164.5,4,1,2022-01-25 09:17:50
1643102271160013000,164.5,1,164.0,14,164.5,8,1,2022-01-25 09:17:51
1643102271421489000,164.0,1,164.0,13,164.5,8,2,2022-01-25 09:17:51
1643102272285879000,164.0,1,164.0,13,164.5,10,2,2022-01-25 09:17:52
1643102272709861000,164.0,1,164.0,14,164.5,11,2,2022-01-25 09:17:52
1643102273213778000,164.0,1,164.0,13,164.5,10,2,2022-01-25 09:17:53
1643102274187724000,164.0,1,164.0,13,164.5,10,2,2022-01-25 09:17:54
1643102274788633000,164.0,1,164.0,12,164.5,10,2,2022-01-25 09:17:54
1643102276261355000,164.0,1,164.0,11,164.5,14,2,2022-01-25 09:17:56
1643102276305473000,164.0,1,164.0,10,164.5,14,2,2022-01-25 09:17:56
1643102276716694000,164.0,1,164.0,10,164.5,15,2,2022-01-25 09:17:56
1643102276772492000,164.0,2,164.0,8,164.5,15,2,2022-01-25 09:17:56
1643102277425904000,164.0,1,164.0,8,164.5,17,2,2022-01-25 09:17:57
1643102277453120000,164.0,4,164.0,4,164.5,17,2,2022-01-25 09:17:57
1643102277481152000,164.0,4,163.5,23,164.5,17,2,2022-01-25 09:17:57
1643102278265043000,163.5,1,163.5,22,164.0,1,2,2022-01-25 09:17:58
1643102278538376000,164.0,1,163.5,23,164.0,1,1,2022-01-25 09:17:58
1643102278576921000,163.5,1,163.5,22,164.0,1,2,2022-01-25 09:17:58
1643102278622539000,163.5,1,163.5,21,164.0,1,2,2022-01-25 09:17:58
1643102278932292000,163.5,3,163.5,18,164.0,2,2,2022-01-25 09:17:58
1643102278980381000,164.0,1,163.5,18,164.0,2,1,2022-01-25 09:17:58
1643102279507554000,164.0,1,163.5,19,164.0,2,1,2022-01-25 09:17:59
1643102279709009000,163.5,5,163.5,14,164.0,2,2,2022-01-25 09:17:59
1643102279769139000,164.0,1,163.5,14,164.0,1,1,2022-01-25 09:17:59
1643102282153235000,163.5,1,163.5,16,164.0,13,2,2022-01-25 09:18:02
1643102282725842000,164.0,1,163.5,16,164.0,14,1,2022-01-25 09:18:02
1643102283447597000,164.0,1,163.5,16,164.0,14,1,2022-01-25 09:18:03
1643102283632531000,164.0,1,163.5,16,164.0,13,1,2022-01-25 09:18:03
1643102284271429000,163.5,2,163.5,14,164.0,14,2,2022-01-25 09:18:04
1643102284489699000,164.0,3,163.5,14,164.0,11,1,2022-01-25 09:18:04
1643102284852187000,163.5,2,163.5,12,164.0,11,2,2022-01-25 09:18:04
1643102284884449000,163.5,1,163.5,11,164.0,11,2,2022-01-25 09:18:04
1643102285512911000,163.5,1,163.5,11,164.0,11,2,2022-01-25 09:18:05
1643102285517908000,163.5,3,163.5,8,164.0,11,2,2022-01-25 09:18:05
1643102285524581000,164.0,2,163.5,8,164.0,9,1,2022-01-25 09:18:05
1643102285735284000,164.0,1,163.5,8,164.0,8,1,2022-01-25 09:18:05
1643102286085403000,164.0,2,163.5,9,164.0,8,1,2022-01-25 09:18:06
1643102286120547000,164.0,4,163.5,9,164.0,4,1,2022-01-25 09:18:06
1643102286151274000,164.0,1,163.5,9,164.0,3,1,2022-01-25 09:18:06
1643102286926874000,164.0,5,164.0,5,164.5,16,1,2022-01-25 09:18:06
1643102287072638000,164.0,1,164.0,4,164.5,16,2,2022-01-25 09:18:07
1643102287474026000,164.0,1,164.0,3,164.5,16,2,2022-01-25 09:18:07
1643102287578839000,164.5,1,164.0,3,164.5,15,1,2022-01-25 09:18:07
1643102287618054000,164.0,1,164.0,2,164.5,15,2,2022-01-25 09:18:07
1643102288327597000,164.5,1,164.0,11,164.5,14,1,2022-01-25 09:18:08
1643102288514817000,164.0,1,164.0,14,164.5,14,2,2022-01-25 09:18:08
1643102288543143000,164.5,2,164.0,14,164.5,12,1,2022-01-25 09:18:08
1643102288565989000,164.0,1,164.0,13,164.5,12,2,2022-01-25 09:18:08
1643102289181845000,164.5,2,164.0,30,164.5,10,1,2022-01-25 09:18:09
1643102289220062000,164.5,4,164.0,30,164.5,6,1,2022-01-25 09:18:09
1643102289220681000,164.5,5,164.0,30,164.5,1,1,2022-01-25 09:18:09
1643102289375822000,164.5,1,164.0,30,165.0,17,1,2022-01-25 09:18:09
1643102291129545000,164.5,2,164.5,2,165.0,17,2,2022-01-25 09:18:11
1643102291202738000,164.5,1,164.5,1,165.0,16,2,2022-01-25 09:18:11
1643102291356128000,164.5,1,164.0,34,165.0,16,2,2022-01-25 09:18:11
1643102294325076000,164.5,1,164.5,7,165.0,19,2,2022-01-25 09:18:14
1643102295831881000,164.5,1,164.5,11,165.0,19,2,2022-01-25 09:18:15
1643102296435736000,164.5,5,164.5,6,165.0,19,2,2022-01-25 09:18:16
1643102297030908000,164.5,7,164.0,26,164.5,3,2,2022-01-25 09:18:17
1643102298708599000,164.5,1,164.0,24,164.5,8,1,2022-01-25 09:18:18
1643102298774327000,164.5,1,164.0,24,164.5,7,1,2022-01-25 09:18:18
1643102298930279000,164.5,2,164.0,24,164.5,5,1,2022-01-25 09:18:18
1643102299173294000,164.5,6,164.0,23,165.0,19,1,2022-01-25 09:18:19
1643102301809638000,164.5,1,164.0,26,164.5,1,1,2022-01-25 09:18:21
1643102301910140000,164.5,1,164.0,26,164.5,1,1,2022-01-25 09:18:21
