ts,close,volume,bid_price,bid_volume,ask_price,ask_volume,tick_type,datetime
1649322000682965000,19.5,1145,19.45,22,19.5,77,1,2022-04-07 09:00:00
1649322000719656000,19.5,77,19.45,22,19.6,105,1,2022-04-07 09:00:00
1649322000734700000,19.6,3,19.45,22,19.6,102,1,2022-04-07 09:00:00
1649322001081691000,19.6,10,19.45,22,19.6,92,1,2022-04-07 09:00:01
1649322001237398000,19.45,15,19.45,7,19.6,92,2,2022-04-07 09:00:01
1649322001313819000,19.5,1,19.45,7,19.6,92,1,2022-04-07 09:00:01
1649322001394416000,19.6,2,19.45,7,19.6,90,1,2022-04-07 09:00:01
1649322001754725000,19.45,7,19.3,63,19.6,90,2,2022-04-07 09:00:01
1649322001754725000,19.4,9,19.3,63,19.6,90,2,2022-04-07 09:00:01
1649322001754725000,19.35,3,19.3,63,19.6,90,2,2022-04-07 09:00:01
1649322001754725000,19.3,6,19.3,63,19.6,90,2,2022-04-07 09:00:01
1649322001778405000,19.3,1,19.3,62,19.6,90,2,2022-04-07 09:00:01
1649322001901232000,19.3,5,19.3,57,19.55,1,2,2022-04-07 09:00:01
1649322001923584000,19.3,10,19.3,47,19.55,1,2,2022-04-07 09:00:01
1649322001989476000,19.55,1,19.3,47,19.6,76,1,2022-04-07 09:00:01
1649322001989476000,19.6,14,19.3,47,19.6,76,1,2022-04-07 09:00:01
1649322002211694000,19.6,10,19.35,1,19.6,66,1,2022-04-07 09:00:02
1649322002564322000,19.6,1,19.35,1,19.6,65,1,2022-04-07 09:00:02
1649322002591926000,19.35,1,19.3,47,19.6,65,2,2022-04-07 09:00:02
1649322002843828000,19.3,1,19.3,46,19.6,65,2,2022-04-07 09:00:02
1649322003336961000,19.3,1,19.3,46,19.55,1,2,2022-04-07 09:00:03
1649322003530353000,19.55,1,19.3,46,19.6,65,1,2022-04-07 09:00:03
1649322003562218000,19.6,3,19.3,46,19.6,62,1,2022-04-07 09:00:03
1649322004029878000,19.5,10,19.35,1,19.5,40,1,2022-04-07 09:00:04
1649322004070798000,19.5,1,19.35,12,19.5,39,1,2022-04-07 09:00:04
1649322004613351000,19.5,1,19.35,12,19.5,38,1,2022-04-07 09:00:04
1649322004701071000,19.5,1,19.35,12,19.5,37,1,2022-04-07 09:00:04
1649322005024670000,19.45,2,19.35,12,19.5,37,1,2022-04-07 09:00:05
1649322005954657000,19.45,3,19.35,13,19.45,2,1,2022-04-07 09:00:05
1649322005984244000,19.45,2,19.35,13,19.5,38,1,2022-04-07 09:00:05
1649322007185392000,19.5,10,19.4,1,19.5,28,1,2022-04-07 09:00:07
1649322007231514000,19.5,4,19.45,1,19.5,24,1,2022-04-07 09:00:07
1649322007272866000,19.5,24,19.45,1,19.55,6,1,2022-04-07 09:00:07
1649322007382707000,19.45,1,19.35,2,19.55,6,2,2022-04-07 09:00:07
1649322007587370000,19.5,1,19.4,1,19.5,4,2,2022-04-07 09:00:07
1649322007909936000,19.4,1,19.3,15,19.5,4,2,2022-04-07 09:00:07
1649322007909936000,19.35,16,19.3,15,19.5,4,2,2022-04-07 09:00:07
1649322007909936000,19.3,23,19.3,15,19.5,4,2,2022-04-07 09:00:07
1649322008108201000,19.45,1,19.3,17,19.5,4,1,2022-04-07 09:00:08
1649322008254591000,19.5,4,19.35,1,19.55,4,1,2022-04-07 09:00:08
1649322008254591000,19.55,6,19.35,1,19.55,4,1,2022-04-07 09:00:08
1649322008588226000,19.6,3,19.45,1,19.6,68,1,2022-04-07 09:00:08
1649322009248367000,19.55,5,19.45,3,19.6,68,1,2022-04-07 09:00:09
1649322009248367000,19.6,5,19.45,3,19.6,68,1,2022-04-07 09:00:09
1649322009868612000,19.6,2,19.45,8,19.6,66,1,2022-04-07 09:00:09
1649322009950704000,19.6,5,19.55,20,19.6,61,1,2022-04-07 09:00:09
1649322010075734000,19.6,6,19.55,20,19.6,55,1,2022-04-07 09:00:10
1649322010227017000,19.6,1,19.55,20,19.6,54,1,2022-04-07 09:00:10
1649322010371034000,19.55,5,19.55,15,19.6,54,2,2022-04-07 09:00:10
1649322010599261000,19.55,2,19.55,13,19.6,52,2,2022-04-07 09:00:10
1649322010706210000,19.55,1,19.55,12,19.6,52,2,2022-04-07 09:00:10
1649322010847351000,19.55,1,19.55,11,19.6,52,2,2022-04-07 09:00:10
1649322011185941000,19.6,2,19.55,12,19.6,51,1,2022-04-07 09:00:11
1649322011211482000,19.6,1,19.55,12,19.6,50,1,2022-04-07 09:00:11
1649322011259530000,19.6,2,19.55,12,19.6,48,1,2022-04-07 09:00:11
1649322011436255000,19.6,1,19.55,12,19.6,47,1,2022-04-07 09:00:11
1649322011456394000,19.6,1,19.55,12,19.6,46,1,2022-04-07 09:00:11
1649322011689245000,19.6,10,19.55,12,19.6,36,1,2022-04-07 09:00:11
1649322011721785000,19.6,5,19.55,12,19.6,31,1,2022-04-07 09:00:11
1649322011721945000,19.6,31,19.55,12,19.65,139,1,2022-04-07 09:00:11
1649322012684244000,19.65,1,19.6,7,19.65,138,1,2022-04-07 09:00:12
1649322012797527000,19.65,10,19.6,7,19.65,178,1,2022-04-07 09:00:12
1649322012879444000,19.6,5,19.6,2,19.65,178,2,2022-04-07 09:00:12
1649322013667535000,19.65,1,19.6,6,19.65,178,1,2022-04-07 09:00:13
1649322014475331000,19.65,7,19.6,9,19.65,171,1,2022-04-07 09:00:14
1649322014512309000,19.65,3,19.6,8,19.65,168,1,2022-04-07 09:00:14
1649322014613693000,19.65,1,19.6,9,19.65,167,1,2022-04-07 09:00:14
1649322014656122000,19.65,10,19.6,9,19.65,157,1,2022-04-07 09:00:14
1649322014953794000,19.6,5,19.6,13,19.65,157,2,2022-04-07 09:00:14
1649322015085455000,19.65,2,19.6,13,19.65,155,1,2022-04-07 09:00:15
1649322015381572000,19.65,7,19.6,13,19.65,148,1,2022-04-07 09:00:15
1649322015412755000,19.65,2,19.6,13,19.65,146,1,2022-04-07 09:00:15
1649322015471145000,19.65,20,19.6,13,19.65,126,1,2022-04-07 09:00:15
1649322015494405000,19.65,2,19.6,13,19.65,124,1,2022-04-07 09:00:15
1649322015495007000,19.65,28,19.6,13,19.65,96,1,2022-04-07 09:00:15
1649322015515585000,19.65,11,19.6,13,19.65,85,1,2022-04-07 09:00:15
1649322015566087000,19.65,20,19.6,13,19.65,65,1,2022-04-07 09:00:15
1649322015596429000,19.6,2,19.6,11,19.65,65,2,2022-04-07 09:00:15
1649322015625297000,19.6,5,19.6,6,19.65,65,2,2022-04-07 09:00:15
1649322015830479000,19.65,1,19.6,6,19.65,64,1,2022-04-07 09:00:15
1649322015852675000,19.65,20,19.6,6,19.65,44,1,2022-04-07 09:00:15
1649322016019386000,19.65,2,19.6,7,19.65,42,1,2022-04-07 09:00:16
1649322016140086000,19.65,10,19.6,9,19.65,32,1,2022-04-07 09:00:16
1649322016152905000,19.65,32,19.6,9,19.7,3,1,2022-04-07 09:00:16
1649322016277687000,19.7,1,19.6,9,19.7,2,1,2022-04-07 09:00:16
1649322016287882000,19.7,1,19.6,9,19.7,1,1,2022-04-07 09:00:16
1649322016311956000,19.7,1,19.6,9,19.75,26,1,2022-04-07 09:00:16
1649322016714874000,19.75,10,19.65,3,19.75,16,1,2022-04-07 09:00:16
1649322016890382000,19.75,1,19.65,8,19.75,15,1,2022-04-07 09:00:16
1649322017193121000,19.65,6,19.65,9,19.75,15,2,2022-04-07 09:00:17
1649322017392265000,19.65,15,19.45,29,19.75,15,2,2022-04-07 09:00:17
1649322017392265000,19.6,18,19.45,29,19.75,15,2,2022-04-07 09:00:17
1649322017392265000,19.55,11,19.45,29,19.75,15,2,2022-04-07 09:00:17
1649322017392265000,19.5,24,19.45,29,19.75,15,2,2022-04-07 09:00:17
1649322017392265000,19.45,12,19.45,29,19.75,15,2,2022-04-07 09:00:17
1649322017539914000,19.55,3,19.45,29,19.55,2,1,2022-04-07 09:00:17
1649322017540932000,19.55,2,19.45,29,19.7,6,1,2022-04-07 09:00:17
1649322017793499000,19.7,2,19.65,11,19.7,1,1,2022-04-07 09:00:17
1649322018190755000,19.7,1,19.65,11,19.7,10,1,2022-04-07 09:00:18
1649322018282804000,19.7,1,19.65,11,19.7,9,1,2022-04-07 09:00:18
1649322018381653000,19.65,10,19.65,1,19.7,9,2,2022-04-07 09:00:18
1649322018399522000,19.65,1,19.6,9,19.7,9,2,2022-04-07 09:00:18
1649322018489015000,19.7,1,19.6,13,19.7,8,1,2022-04-07 09:00:18
1649322018910326000,19.7,3,19.65,1,19.7,10,1,2022-04-07 09:00:18
1649322019056411000,19.65,1,19.6,15,19.7,20,2,2022-04-07 09:00:19
1649322019106263000,19.7,10,19.65,1,19.7,10,1,2022-04-07 09:00:19
1649322019460193000,19.65,2,19.6,18,19.65,3,2,2022-04-07 09:00:19
1649322019663071000,19.6,5,19.6,13,19.65,8,2,2022-04-07 09:00:19
1649322019701877000,19.6,13,19.5,1,19.65,8,2,2022-04-07 09:00:19
1649322019872454000,19.65,1,19.55,1,19.65,12,1,2022-04-07 09:00:19
1649322019949158000,19.65,3,19.6,3,19.65,9,1,2022-04-07 09:00:19
1649322020196277000,19.65,1,19.6,3,19.65,13,1,2022-04-07 09:00:20
1649322020425410000,19.6,3,19.55,1,19.65,23,2,2022-04-07 09:00:20
1649322020602611000,19.6,3,19.55,1,19.6,2,1,2022-04-07 09:00:20
1649322020718268000,19.6,1,19.55,1,19.6,1,1,2022-04-07 09:00:20
1649322020815695000,19.6,1,19.55,1,19.65,37,1,2022-04-07 09:00:20
1649322020815695000,19.65,11,19.55,1,19.65,37,1,2022-04-07 09:00:20
1649322020837177000,19.65,1,19.55,1,19.65,36,1,2022-04-07 09:00:20
1649322020873452000,19.65,3,19.55,1,19.65,33,1,2022-04-07 09:00:20
1649322020885245000,19.65,1,19.55,1,19.65,32,1,2022-04-07 09:00:20
1649322020908209000,19.6,3,19.55,1,19.6,2,1,2022-04-07 09:00:20
1649322020940444000,19.6,1,19.55,1,19.6,1,1,2022-04-07 09:00:20
1649322021069281000,19.6,1,19.55,1,19.65,32,1,2022-04-07 09:00:21
1649322021168229000,19.65,10,19.6,5,19.65,33,1,2022-04-07 09:00:21
1649322021174187000,19.6,5,19.55,1,19.65,33,2,2022-04-07 09:00:21
1649322021286567000,19.6,1,19.55,1,19.65,33,2,2022-04-07 09:00:21
1649322021381072000,19.6,1,19.55,1,19.6,39,1,2022-04-07 09:00:21
1649322021382638000,19.6,20,19.55,1,19.6,19,1,2022-04-07 09:00:21
1649322021399026000,19.55,1,19.5,3,19.6,19,2,2022-04-07 09:00:21
1649322021596043000,19.6,1,19.5,3,19.6,28,1,2022-04-07 09:00:21
1649322021683361000,19.55,3,19.5,3,19.55,2,1,2022-04-07 09:00:21
1649322021749260000,19.55,1,19.5,3,19.55,1,1,2022-04-07 09:00:21
1649322021823653000,19.55,1,19.5,3,19.55,5,1,2022-04-07 09:00:21
1649322021971448000,19.55,1,19.5,3,19.55,4,1,2022-04-07 09:00:21
1649322022188113000,19.55,1,19.5,3,19.55,3,1,2022-04-07 09:00:22
1649322022249114000,19.5,2,19.5,1,19.55,11,2,2022-04-07 09:00:22
1649322022313264000,19.55,11,19.5,1,19.6,36,1,2022-04-07 09:00:22
1649322022313264000,19.6,39,19.5,1,19.6,36,1,2022-04-07 09:00:22
1649322022371240000,19.6,10,19.5,1,19.6,26,1,2022-04-07 09:00:22
1649322022371488000,19.6,1,19.5,1,19.6,25,1,2022-04-07 09:00:22
1649322022409225000,19.6,1,19.5,1,19.6,24,1,2022-04-07 09:00:22
1649322022610087000,19.6,2,19.55,2,19.6,22,1,2022-04-07 09:00:22
1649322022617094000,19.55,2,19.5,1,19.6,22,2,2022-04-07 09:00:22
1649322023013504000,19.6,1,19.5,1,19.6,21,1,2022-04-07 09:00:23
1649322023417080000,19.55,1,19.5,11,19.55,1,1,2022-04-07 09:00:23
1649322023420756000,19.55,1,19.5,11,19.6,11,1,2022-04-07 09:00:23
1649322023420756000,19.6,2,19.5,11,19.6,11,1,2022-04-07 09:00:23
1649322023435719000,19.6,1,19.5,11,19.6,10,1,2022-04-07 09:00:23
1649322023445719000,19.5,1,19.5,10,19.6,10,2,2022-04-07 09:00:23
1649322023977587000,19.6,1,19.5,10,19.6,9,1,2022-04-07 09:00:23
1649322024168976000,19.55,1,19.55,1,19.6,9,2,2022-04-07 09:00:24
1649322024507019000,19.55,1,19.5,10,19.6,10,2,2022-04-07 09:00:24
1649322024544857000,19.6,1,19.5,10,19.6,9,1,2022-04-07 09:00:24
1649322024880496000,19.6,1,19.55,3,19.6,6,1,2022-04-07 09:00:24
1649322025388001000,19.6,3,19.55,3,19.6,5,1,2022-04-07 09:00:25
1649322025388348000,19.6,1,19.55,3,19.6,4,1,2022-04-07 09:00:25
1649322025462088000,19.6,1,19.55,3,19.6,3,1,2022-04-07 09:00:25
1649322025676179000,19.6,3,19.6,7,19.65,38,1,2022-04-07 09:00:25
1649322025902465000,19.6,7,19.55,3,19.6,2,2,2022-04-07 09:00:25
1649322025908589000,19.6,1,19.55,3,19.6,1,1,2022-04-07 09:00:25
1649322026265037000,19.6,2,19.55,3,19.6,9,1,2022-04-07 09:00:26
1649322026379891000,19.6,1,19.55,4,19.6,8,1,2022-04-07 09:00:26
1649322026407274000,19.6,1,19.55,4,19.6,9,1,2022-04-07 09:00:26
1649322026433715000,19.6,1,19.55,4,19.6,8,1,2022-04-07 09:00:26
1649322026842796000,19.6,3,19.55,4,19.6,5,1,2022-04-07 09:00:26
1649322026851121000,19.55,1,19.55,3,19.6,5,2,2022-04-07 09:00:26
1649322027201295000,19.6,7,19.6,43,19.65,27,1,2022-04-07 09:00:27
1649322027633996000,19.65,5,19.6,43,19.65,22,1,2022-04-07 09:00:27
1649322027759640000,19.65,4,19.6,44,19.65,18,1,2022-04-07 09:00:27
1649322027845558000,19.6,3,19.6,44,19.65,18,2,2022-04-07 09:00:27
1649322028217542000,19.6,2,19.6,46,19.65,18,2,2022-04-07 09:00:28
1649322028649836000,19.6,3,19.6,45,19.65,18,2,2022-04-07 09:00:28
1649322029203738000,19.6,1,19.6,45,19.65,18,2,2022-04-07 09:00:29
1649322030331016000,19.65,2,19.6,51,19.65,16,1,2022-04-07 09:00:30
1649322030557703000,19.6,2,19.6,49,19.65,16,2,2022-04-07 09:00:30
1649322030729867000,19.65,14,19.6,59,19.65,2,1,2022-04-07 09:00:30
1649322030759581000,19.65,2,19.6,59,19.7,29,1,2022-04-07 09:00:30
1649322030767882000,19.6,1,19.6,58,19.7,29,2,2022-04-07 09:00:30
1649322031693284000,19.65,2,19.6,63,19.7,29,1,2022-04-07 09:00:31
1649322031785927000,19.7,12,19.65,1,19.7,17,1,2022-04-07 09:00:31
1649322031815874000,19.7,5,19.65,1,19.7,12,1,2022-04-07 09:00:31
1649322032050745000,19.65,2,19.6,63,19.65,13,2,2022-04-07 09:00:32
1649322032084034000,19.65,3,19.6,63,19.65,10,1,2022-04-07 09:00:32
1649322032084098000,19.65,3,19.6,63,19.65,7,1,2022-04-07 09:00:32
1649322032084114000,19.65,3,19.6,63,19.65,4,1,2022-04-07 09:00:32
1649322032084146000,19.65,3,19.6,63,19.65,1,1,2022-04-07 09:00:32
1649322032085116000,19.65,1,19.6,63,19.7,12,1,2022-04-07 09:00:32
1649322032646236000,19.7,6,19.65,1,19.7,6,1,2022-04-07 09:00:32
1649322032677197000,19.7,4,19.65,1,19.7,2,1,2022-04-07 09:00:32
1649322032751276000,19.65,1,19.6,67,19.7,2,2,2022-04-07 09:00:32
1649322033404874000,19.7,2,19.7,8,19.75,9,1,2022-04-07 09:00:33
1649322033453407000,19.7,6,19.7,2,19.75,9,2,2022-04-07 09:00:33
1649322033842873000,19.7,1,19.7,1,19.75,10,2,2022-04-07 09:00:33
1649322034000831000,19.75,2,19.7,1,19.75,8,1,2022-04-07 09:00:34
1649322034919870000,19.75,1,19.7,3,19.75,7,1,2022-04-07 09:00:34
1649322035307953000,19.75,2,19.7,3,19.75,5,1,2022-04-07 09:00:35
1649322035332189000,19.75,5,19.7,3,19.8,70,1,2022-04-07 09:00:35
1649322035332189000,19.8,5,19.7,3,19.8,70,1,2022-04-07 09:00:35
1649322035587686000,19.75,1,19.65,49,19.7,1,2,2022-04-07 09:00:35
1649322035587686000,19.7,3,19.65,49,19.7,1,2,2022-04-07 09:00:35
1649322035613263000,19.7,1,19.65,49,19.8,70,1,2022-04-07 09:00:35
1649322036667532000,19.8,50,19.75,6,19.8,20,1,2022-04-07 09:00:36
1649322036706743000,19.8,2,19.75,6,19.8,18,1,2022-04-07 09:00:36
1649322036731269000,19.8,8,19.75,6,19.8,10,1,2022-04-07 09:00:36
1649322037235398000,19.75,1,19.75,10,19.8,10,2,2022-04-07 09:00:37
1649322037315812000,19.75,10,19.7,4,19.8,10,2,2022-04-07 09:00:37
1649322038186796000,19.8,1,19.7,4,19.8,19,1,2022-04-07 09:00:38
1649322038200257000,19.8,10,19.7,4,19.8,9,1,2022-04-07 09:00:38
1649322039069789000,19.75,1,19.7,5,19.8,14,2,2022-04-07 09:00:39
1649322039069789000,19.7,1,19.7,5,19.8,14,2,2022-04-07 09:00:39
1649322039085922000,19.8,2,19.7,5,19.8,12,1,2022-04-07 09:00:39
1649322039153293000,19.7,5,19.65,38,19.8,15,2,2022-04-07 09:00:39
1649322039388481000,19.8,1,19.75,12,19.8,14,1,2022-04-07 09:00:39
1649322039415952000,19.8,3,19.75,12,19.8,11,1,2022-04-07 09:00:39
1649322039697621000,19.75,10,19.75,2,19.8,11,2,2022-04-07 09:00:39
1649322039704864000,19.75,2,19.7,1,19.75,8,2,2022-04-07 09:00:39
1649322039840663000,19.75,2,19.7,4,19.75,6,1,2022-04-07 09:00:39
1649322040177848000,19.75,3,19.7,7,19.75,8,1,2022-04-07 09:00:40
1649322040309697000,19.75,5,19.7,8,19.75,11,1,2022-04-07 09:00:40
1649322040483006000,19.75,2,19.7,8,19.75,9,1,2022-04-07 09:00:40
1649322040717887000,19.75,2,19.7,8,19.75,12,1,2022-04-07 09:00:40
1649322040728702000,19.75,1,19.7,8,19.75,11,1,2022-04-07 09:00:40
1649322040775597000,19.7,8,19.65,33,19.75,11,2,2022-04-07 09:00:40
1649322041093065000,19.75,1,19.7,1,19.75,10,1,2022-04-07 09:00:41
1649322041197041000,19.75,2,19.7,1,19.75,8,1,2022-04-07 09:00:41
1649322041345176000,19.75,1,19.7,1,19.75,7,1,2022-04-07 09:00:41
1649322041355658000,19.7,1,19.65,34,19.7,4,2,2022-04-07 09:00:41
1649322041389995000,19.7,3,19.65,34,19.7,1,1,2022-04-07 09:00:41
1649322041390931000,19.7,1,19.65,34,19.75,7,1,2022-04-07 09:00:41
1649322041503171000,19.75,1,19.65,34,19.75,16,1,2022-04-07 09:00:41
1649322041709154000,19.75,1,19.65,35,19.75,15,1,2022-04-07 09:00:41
1649322041840373000,19.75,1,19.65,35,19.75,14,1,2022-04-07 09:00:41
1649322041879392000,19.75,2,19.7,2,19.75,14,1,2022-04-07 09:00:41
1649322041941300000,19.75,1,19.7,2,19.75,13,1,2022-04-07 09:00:41
1649322042162301000,19.75,1,19.7,2,19.75,12,1,2022-04-07 09:00:42
1649322042238444000,19.75,1,19.7,2,19.75,11,1,2022-04-07 09:00:42
1649322042239487000,19.75,1,19.7,2,19.75,10,1,2022-04-07 09:00:42
1649322042479716000,19.75,2,19.7,2,19.75,8,1,2022-04-07 09:00:42
1649322042537633000,19.75,1,19.7,2,19.75,7,1,2022-04-07 09:00:42
1649322042739014000,19.75,3,19.7,3,19.75,34,1,2022-04-07 09:00:42
1649322042796241000,19.7,3,19.65,41,19.75,34,2,2022-04-07 09:00:42
1649322043024605000,19.75,1,19.7,1,19.75,34,1,2022-04-07 09:00:43
1649322043217956000,19.7,5,19.7,1,19.75,39,2,2022-04-07 09:00:43
1649322043284188000,19.75,6,19.7,1,19.75,33,1,2022-04-07 09:00:43
1649322043577723000,19.75,1,19.7,1,19.75,32,1,2022-04-07 09:00:43
1649322043623203000,19.7,1,19.65,41,19.75,32,2,2022-04-07 09:00:43
1649322044050250000,19.75,5,19.65,41,19.75,32,1,2022-04-07 09:00:44
1649322044246764000,19.7,2,19.65,42,19.7,9,1,2022-04-07 09:00:44
1649322044414988000,19.7,5,19.65,42,19.7,9,1,2022-04-07 09:00:44
1649322044482123000,19.7,1,19.65,42,19.7,8,1,2022-04-07 09:00:44
1649322044756087000,19.7,1,19.65,42,19.7,7,1,2022-04-07 09:00:44
1649322044758407000,19.7,7,19.7,4,19.75,34,1,2022-04-07 09:00:44
1649322044932349000,19.75,5,19.7,4,19.75,32,1,2022-04-07 09:00:44
1649322045059981000,19.75,5,19.7,4,19.75,27,1,2022-04-07 09:00:45
1649322045189145000,19.7,2,19.7,2,19.75,27,2,2022-04-07 09:00:45
1649322045193716000,19.7,1,19.7,1,19.75,27,2,2022-04-07 09:00:45
1649322045289898000,19.7,2,19.7,9,19.75,27,2,2022-04-07 09:00:45
1649322045501149000,19.75,1,19.7,19,19.75,27,1,2022-04-07 09:00:45
1649322045540852000,19.7,4,19.7,15,19.75,27,2,2022-04-07 09:00:45
1649322046194399000,19.75,5,19.7,29,19.75,18,1,2022-04-07 09:00:46
1649322046278681000,19.75,7,19.7,39,19.75,11,1,2022-04-07 09:00:46
1649322046601085000,19.75,1,19.7,41,19.75,10,1,2022-04-07 09:00:46
1649322046715074000,19.7,5,19.7,36,19.75,10,2,2022-04-07 09:00:46
1649322046936578000,19.75,2,19.7,41,19.75,8,1,2022-04-07 09:00:46
1649322047022754000,19.75,3,19.7,41,19.75,5,1,2022-04-07 09:00:47
1649322047256874000,19.75,1,19.7,41,19.75,4,1,2022-04-07 09:00:47
1649322047373088000,19.7,10,19.7,31,19.75,5,2,2022-04-07 09:00:47
1649322047424435000,19.75,5,19.75,20,19.8,21,1,2022-04-07 09:00:47
1649322047711305000,19.75,1,19.75,19,19.8,21,2,2022-04-07 09:00:47
1649322048114130000,19.8,2,19.75,21,19.8,19,1,2022-04-07 09:00:48
1649322048281094000,19.8,1,19.75,21,19.8,18,1,2022-04-07 09:00:48
1649322048565103000,19.75,1,19.75,21,19.8,18,2,2022-04-07 09:00:48
1649322048652952000,19.8,5,19.75,21,19.8,13,1,2022-04-07 09:00:48
1649322049573448000,19.75,1,19.75,23,19.8,23,2,2022-04-07 09:00:49
1649322049605527000,19.8,1,19.75,24,19.8,22,1,2022-04-07 09:00:49
1649322049859507000,19.75,3,19.75,22,19.8,22,2,2022-04-07 09:00:49
1649322050132243000,19.75,23,19.7,51,19.75,12,2,2022-04-07 09:00:50
1649322050359771000,19.75,2,19.7,51,19.75,10,1,2022-04-07 09:00:50
1649322050686080000,19.75,1,19.7,51,19.75,9,1,2022-04-07 09:00:50
1649322050705796000,19.7,2,19.7,49,19.75,9,2,2022-04-07 09:00:50
1649322050859859000,19.75,3,19.7,51,19.75,6,1,2022-04-07 09:00:50
1649322051182947000,19.75,6,19.75,34,19.8,22,1,2022-04-07 09:00:51
1649322051502763000,19.8,6,19.75,38,19.8,66,1,2022-04-07 09:00:51
1649322051651072000,19.75,4,19.75,34,19.8,66,2,2022-04-07 09:00:51
1649322052240206000,19.8,20,19.75,34,19.8,46,1,2022-04-07 09:00:52
1649322052807575000,19.75,2,19.75,32,19.8,52,2,2022-04-07 09:00:52
1649322053475413000,19.8,2,19.75,33,19.8,56,1,2022-04-07 09:00:53
1649322053730604000,19.75,1,19.75,32,19.8,56,2,2022-04-07 09:00:53
1649322053855175000,19.75,1,19.75,31,19.8,56,2,2022-04-07 09:00:53
1649322053922947000,19.8,20,19.75,31,19.8,36,1,2022-04-07 09:00:53
1649322053981468000,19.75,1,19.75,31,19.8,36,2,2022-04-07 09:00:53
1649322054056508000,19.8,2,19.75,31,19.8,34,1,2022-04-07 09:00:54
1649322054347924000,19.75,1,19.75,57,19.8,34,2,2022-04-07 09:00:54
1649322054455741000,19.8,1,19.75,61,19.8,33,1,2022-04-07 09:00:54
1649322055408849000,19.8,2,19.75,99,19.8,33,1,2022-04-07 09:00:55
1649322055474890000,19.8,1,19.75,99,19.8,32,1,2022-04-07 09:00:55
1649322055714635000,19.75,1,19.75,100,19.8,32,2,2022-04-07 09:00:55
1649322056156312000,19.8,12,19.75,100,19.8,20,1,2022-04-07 09:00:56
1649322056421930000,19.8,1,19.75,101,19.8,19,1,2022-04-07 09:00:56
1649322056423573000,19.75,1,19.75,100,19.8,19,2,2022-04-07 09:00:56
1649322056850978000,19.8,1,19.75,100,19.8,19,1,2022-04-07 09:00:56
1649322056891535000,19.75,1,19.75,99,19.8,19,2,2022-04-07 09:00:56
1649322057217246000,19.8,1,19.75,110,19.8,18,1,2022-04-07 09:00:57
1649322057297461000,19.8,5,19.75,110,19.8,13,1,2022-04-07 09:00:57
1649322057424168000,19.8,3,19.75,110,19.8,10,1,2022-04-07 09:00:57
1649322057556397000,19.8,1,19.75,110,19.8,9,1,2022-04-07 09:00:57
1649322057694941000,19.8,5,19.75,111,19.8,4,1,2022-04-07 09:00:57
1649322057808352000,19.8,4,19.75,111,19.85,16,1,2022-04-07 09:00:57
1649322057959380000,19.85,4,19.75,111,19.85,12,1,2022-04-07 09:00:57
1649322057995505000,19.85,5,19.8,2,19.85,7,1,2022-04-07 09:00:57
1649322058239173000,19.85,1,19.8,13,19.85,6,1,2022-04-07 09:00:58
1649322058638003000,19.8,3,19.8,51,19.85,6,2,2022-04-07 09:00:58
1649322058806580000,19.8,1,19.8,73,19.85,6,2,2022-04-07 09:00:58
1649322058978337000,19.8,1,19.8,73,19.85,9,2,2022-04-07 09:00:58
1649322059210853000,19.8,1,19.8,72,19.85,9,2,2022-04-07 09:00:59
1649322059328547000,19.8,10,19.8,62,19.85,9,2,2022-04-07 09:00:59
1649322059604274000,19.85,1,19.8,79,19.85,8,1,2022-04-07 09:00:59
1649322059770284000,19.85,1,19.8,99,19.85,7,1,2022-04-07 09:00:59
1649322059829945000,19.85,1,19.8,100,19.85,6,1,2022-04-07 09:00:59
1649322060122933000,19.85,1,19.8,100,19.85,5,1,2022-04-07 09:01:00
1649322060166479000,19.85,5,19.85,15,19.9,80,1,2022-04-07 09:01:00
1649322060689624000,19.85,8,19.85,11,19.9,80,2,2022-04-07 09:01:00
1649322060936400000,19.9,1,19.85,11,19.9,79,1,2022-04-07 09:01:00
1649322061077991000,19.9,10,19.85,11,19.9,69,1,2022-04-07 09:01:01
1649322061136788000,19.85,1,19.85,10,19.9,69,2,2022-04-07 09:01:01
1649322061866476000,19.9,1,19.85,10,19.9,68,1,2022-04-07 09:01:01
1649322061976679000,19.9,2,19.85,10,19.9,66,1,2022-04-07 09:01:01
1649322062132785000,19.9,5,19.85,10,19.9,61,1,2022-04-07 09:01:02
1649322062202405000,19.9,1,19.85,11,19.9,60,1,2022-04-07 09:01:02
1649322062380962000,19.85,1,19.85,10,19.9,60,2,2022-04-07 09:01:02
1649322062889050000,19.85,1,19.85,16,19.9,60,2,2022-04-07 09:01:02
1649322062965626000,19.85,3,19.85,13,19.9,60,2,2022-04-07 09:01:02
1649322063428506000,19.9,3,19.85,14,19.9,57,1,2022-04-07 09:01:03
1649322063679107000,19.85,10,19.85,4,19.9,57,2,2022-04-07 09:01:03
1649322063728268000,19.9,1,19.85,4,19.9,56,1,2022-04-07 09:01:03
1649322063923448000,19.9,1,19.85,4,19.9,55,1,2022-04-07 09:01:03
1649322064032948000,19.9,1,19.85,4,19.9,54,1,2022-04-07 09:01:04
1649322064161914000,19.9,1,19.85,4,19.9,53,1,2022-04-07 09:01:04
1649322064569178000,19.9,4,19.85,5,19.9,49,1,2022-04-07 09:01:04
1649322064834201000,19.9,10,19.85,5,19.9,39,1,2022-04-07 09:01:04
1649322064841386000,19.9,3,19.85,5,19.9,36,1,2022-04-07 09:01:04
1649322065058473000,19.85,1,19.85,4,19.9,36,2,2022-04-07 09:01:05
1649322065154724000,19.9,2,19.85,4,19.9,34,1,2022-04-07 09:01:05
1649322065195022000,19.85,4,19.8,138,19.9,34,2,2022-04-07 09:01:05
1649322065195022000,19.8,1,19.8,138,19.9,34,2,2022-04-07 09:01:05
1649322065693016000,19.9,20,19.85,2,19.9,14,1,2022-04-07 09:01:05
1649322065822169000,19.9,1,19.85,4,19.9,13,1,2022-04-07 09:01:05
1649322066565472000,19.9,1,19.85,7,19.9,12,1,2022-04-07 09:01:06
1649322067029502000,19.9,1,19.85,7,19.9,13,1,2022-04-07 09:01:07
1649322067184339000,19.9,1,19.85,7,19.9,12,1,2022-04-07 09:01:07
1649322067235998000,19.85,1,19.85,6,19.9,12,2,2022-04-07 09:01:07
1649322067307091000,19.9,12,19.9,8,19.95,53,1,2022-04-07 09:01:07
1649322067453153000,19.95,15,19.9,8,19.95,38,1,2022-04-07 09:01:07
1649322067857438000,19.9,2,19.9,15,19.95,38,2,2022-04-07 09:01:07
1649322067906544000,19.9,15,19.85,8,19.95,38,2,2022-04-07 09:01:07
1649322067906544000,19.85,1,19.85,8,19.95,38,2,2022-04-07 09:01:07
1649322067993838000,19.9,1,19.9,5,19.95,38,2,2022-04-07 09:01:07
1649322068387788000,19.9,5,19.9,4,19.95,38,2,2022-04-07 09:01:08
1649322068485357000,19.95,1,19.9,5,19.95,37,1,2022-04-07 09:01:08
1649322068634482000,19.9,1,19.9,4,19.95,37,2,2022-04-07 09:01:08
1649322068727799000,19.9,5,19.85,25,19.9,5,2,2022-04-07 09:01:08
1649322068736715000,19.9,1,19.85,25,19.9,4,1,2022-04-07 09:01:08
1649322068756844000,19.9,1,19.85,25,19.9,3,1,2022-04-07 09:01:08
1649322069526008000,19.9,3,19.85,28,19.95,35,1,2022-04-07 09:01:09
1649322069526008000,19.95,2,19.85,28,19.95,35,1,2022-04-07 09:01:09
1649322069625733000,19.95,1,19.85,32,19.95,34,1,2022-04-07 09:01:09
1649322069940019000,19.95,1,19.85,32,19.95,33,1,2022-04-07 09:01:09
1649322070036572000,19.85,32,19.8,134,19.95,34,2,2022-04-07 09:01:10
1649322070036572000,19.8,18,19.8,134,19.95,34,2,2022-04-07 09:01:10
1649322070284677000,19.9,1,19.8,134,19.95,34,2,2022-04-07 09:01:10
1649322070449254000,19.9,1,19.9,1,19.95,35,1,2022-04-07 09:01:10
1649322070468308000,19.9,1,19.8,134,19.95,35,2,2022-04-07 09:01:10
1649322070503094000,19.9,1,19.8,134,19.95,34,1,2022-04-07 09:01:10
1649322070503094000,19.95,1,19.8,134,19.95,34,1,2022-04-07 09:01:10
1649322070523233000,19.95,5,19.8,134,19.95,29,1,2022-04-07 09:01:10
1649322070708436000,19.9,1,19.8,134,19.95,29,2,2022-04-07 09:01:10
1649322070971426000,19.95,4,19.8,134,19.95,25,1,2022-04-07 09:01:10
1649322071144027000,19.95,1,19.85,5,19.95,24,1,2022-04-07 09:01:11
1649322071163050000,19.85,5,19.8,134,19.95,24,2,2022-04-07 09:01:11
1649322071289927000,19.9,1,19.8,134,19.95,24,1,2022-04-07 09:01:11
1649322071582689000,19.9,1,19.9,1,19.95,24,2,2022-04-07 09:01:11
1649322071601029000,19.95,1,19.9,1,19.95,23,1,2022-04-07 09:01:11
1649322071603975000,19.95,1,19.9,1,19.95,22,1,2022-04-07 09:01:11
1649322071727648000,19.9,1,19.85,11,19.95,22,2,2022-04-07 09:01:11
1649322071731061000,19.85,1,19.85,10,19.95,22,2,2022-04-07 09:01:11
1649322071955705000,19.95,20,19.85,10,19.95,2,1,2022-04-07 09:01:11
1649322072321746000,19.9,2,19.85,10,19.95,2,1,2022-04-07 09:01:12
1649322072338678000,19.95,2,19.85,10,20.0,280,1,2022-04-07 09:01:12
1649322072338678000,20.0,1,19.85,10,20.0,280,1,2022-04-07 09:01:12
1649322072426233000,19.95,1,19.85,10,20.0,273,1,2022-04-07 09:01:12
1649322072426233000,20.0,7,19.85,10,20.0,273,1,2022-04-07 09:01:12
1649322072557305000,19.95,1,19.9,10,20.0,269,1,2022-04-07 09:01:12
1649322072557305000,20.0,4,19.9,10,20.0,269,1,2022-04-07 09:01:12
1649322072602732000,19.9,5,19.9,5,20.0,269,2,2022-04-07 09:01:12
1649322072644473000,19.9,5,19.85,15,20.0,269,2,2022-04-07 09:01:12
1649322072964423000,19.9,2,19.85,20,19.95,1,1,2022-04-07 09:01:12
1649322073237049000,19.85,2,19.85,18,19.95,1,2,2022-04-07 09:01:13
1649322073344779000,19.95,1,19.95,1,20.0,269,1,2022-04-07 09:01:13
1649322073617637000,19.95,1,19.9,8,19.95,1,2,2022-04-07 09:01:13
1649322073682305000,19.95,1,19.9,8,20.0,269,1,2022-04-07 09:01:13
1649322075017194000,20.0,1,19.95,3,20.0,271,1,2022-04-07 09:01:15
1649322075482835000,20.0,12,19.95,7,20.0,259,1,2022-04-07 09:01:15
1649322075834164000,20.0,1,19.95,7,20.0,258,1,2022-04-07 09:01:15
1649322075940083000,20.0,1,19.95,8,20.0,256,1,2022-04-07 09:01:15
1649322076089076000,20.0,3,19.95,9,20.0,253,1,2022-04-07 09:01:16
1649322076262395000,20.0,10,19.95,9,20.0,243,1,2022-04-07 09:01:16
1649322076284207000,19.95,3,19.95,6,20.0,243,2,2022-04-07 09:01:16
1649322076391553000,20.0,10,19.95,6,20.0,233,1,2022-04-07 09:01:16
1649322076524972000,20.0,10,19.95,6,20.0,223,1,2022-04-07 09:01:16
1649322076660411000,20.0,10,19.95,7,20.0,213,1,2022-04-07 09:01:16
1649322076713580000,20.0,1,19.95,7,20.0,212,1,2022-04-07 09:01:16
1649322076789069000,20.0,10,19.95,7,20.0,202,1,2022-04-07 09:01:16
1649322076881353000,19.95,1,19.95,6,20.0,202,2,2022-04-07 09:01:16
1649322076930718000,19.95,1,19.95,6,20.0,202,2,2022-04-07 09:01:16
1649322077029740000,19.95,1,19.95,5,20.0,202,2,2022-04-07 09:01:17
1649322077193891000,20.0,1,19.95,5,20.0,201,1,2022-04-07 09:01:17
1649322077536867000,20.0,10,19.95,5,20.0,191,1,2022-04-07 09:01:17
1649322077695071000,19.95,6,19.9,107,19.95,4,2,2022-04-07 09:01:17
1649322077909782000,19.95,4,19.95,6,20.0,191,1,2022-04-07 09:01:17
1649322077975405000,20.0,2,19.95,6,20.0,189,1,2022-04-07 09:01:17
1649322078226643000,20.0,3,19.95,12,20.0,186,1,2022-04-07 09:01:18
1649322078504261000,20.0,1,19.95,12,20.0,185,1,2022-04-07 09:01:18
1649322078597702000,20.0,1,19.95,12,20.0,184,1,2022-04-07 09:01:18
1649322078710490000,20.0,1,19.95,12,20.0,183,1,2022-04-07 09:01:18
1649322078749248000,20.0,1,19.95,13,20.0,182,1,2022-04-07 09:01:18
1649322078995717000,19.95,1,19.95,17,20.0,184,2,2022-04-07 09:01:18
1649322079042321000,20.0,11,19.95,17,20.0,173,1,2022-04-07 09:01:19
1649322079183287000,20.0,1,19.95,17,20.0,172,1,2022-04-07 09:01:19
1649322079553696000,20.0,5,19.95,17,20.0,167,1,2022-04-07 09:01:19
1649322079699769000,20.0,5,19.95,17,20.0,162,1,2022-04-07 09:01:19
1649322080225354000,19.95,1,19.95,17,20.0,163,2,2022-04-07 09:01:20
1649322080304408000,20.0,5,19.95,17,20.0,158,1,2022-04-07 09:01:20
1649322080355174000,20.0,4,19.95,18,20.0,154,1,2022-04-07 09:01:20
1649322080622592000,19.95,18,19.9,33,20.0,154,2,2022-04-07 09:01:20
1649322080622592000,19.9,82,19.9,33,20.0,154,2,2022-04-07 09:01:20
1649322080713730000,20.0,1,19.9,34,20.0,153,1,2022-04-07 09:01:20
1649322080980163000,19.9,4,19.9,30,20.0,153,2,2022-04-07 09:01:20
1649322081069007000,19.95,1,19.9,30,20.0,153,2,2022-04-07 09:01:21
1649322081244123000,20.0,1,19.9,30,20.0,153,1,2022-04-07 09:01:21
1649322081282038000,20.0,2,19.9,30,20.0,151,1,2022-04-07 09:01:21
1649322081488621000,20.0,5,19.95,6,20.0,146,1,2022-04-07 09:01:21
1649322081522858000,19.95,6,19.9,27,20.0,146,2,2022-04-07 09:01:21
1649322081522858000,19.9,3,19.9,27,20.0,146,2,2022-04-07 09:01:21
1649322081622309000,20.0,1,19.9,30,20.0,145,1,2022-04-07 09:01:21
1649322081802643000,20.0,5,19.9,30,20.0,140,1,2022-04-07 09:01:21
1649322081898939000,20.0,10,19.9,32,20.0,130,1,2022-04-07 09:01:21
1649322082347822000,19.95,2,19.9,32,20.0,130,1,2022-04-07 09:01:22
1649322082427366000,19.95,1,19.9,32,19.95,14,1,2022-04-07 09:01:22
1649322082482803000,19.95,10,19.9,32,19.95,4,1,2022-04-07 09:01:22
1649322082498210000,19.95,1,19.9,32,19.95,3,1,2022-04-07 09:01:22
1649322082599640000,19.9,9,19.9,23,19.95,13,2,2022-04-07 09:01:22
1649322082601059000,19.95,10,19.9,23,19.95,3,1,2022-04-07 09:01:22
1649322082666669000,19.95,3,19.9,24,20.0,134,1,2022-04-07 09:01:22
1649322082666669000,20.0,2,19.9,24,20.0,134,1,2022-04-07 09:01:22
1649322082689609000,19.95,1,19.9,24,20.0,134,1,2022-04-07 09:01:22
1649322082689609000,20.0,1,19.9,24,20.0,134,1,2022-04-07 09:01:22
1649322082828585000,19.95,1,19.9,24,19.95,5,1,2022-04-07 09:01:22
1649322082977284000,19.95,1,19.9,24,19.95,13,1,2022-04-07 09:01:22
1649322083022494000,19.95,1,19.9,24,19.95,12,1,2022-04-07 09:01:23
1649322083051737000,19.95,4,19.9,24,19.95,8,1,2022-04-07 09:01:23
1649322083168050000,19.95,2,19.9,24,19.95,6,1,2022-04-07 09:01:23
1649322083516653000,19.95,1,19.9,24,19.95,14,1,2022-04-07 09:01:23
1649322083565313000,19.95,1,19.9,24,19.95,13,1,2022-04-07 09:01:23
1649322083626701000,19.95,2,19.9,24,19.95,11,1,2022-04-07 09:01:23
1649322083799446000,19.95,5,19.9,24,19.95,6,1,2022-04-07 09:01:23
1649322084048776000,19.95,3,19.9,25,19.95,25,1,2022-04-07 09:01:24
1649322084292221000,19.95,2,19.9,26,19.95,30,1,2022-04-07 09:01:24
1649322084428351000,19.95,1,19.9,26,19.95,36,1,2022-04-07 09:01:24
1649322084606728000,19.95,1,19.9,26,19.95,35,1,2022-04-07 09:01:24
1649322084619692000,19.95,3,19.9,26,19.95,32,1,2022-04-07 09:01:24
1649322084708062000,19.9,20,19.9,6,19.95,33,2,2022-04-07 09:01:24
1649322084737205000,19.9,6,19.85,17,19.95,33,2,2022-04-07 09:01:24
1649322084848521000,19.85,1,19.85,16,19.95,33,2,2022-04-07 09:01:24
1649322085109906000,19.95,1,19.9,2,19.95,52,1,2022-04-07 09:01:25
1649322085213634000,19.9,2,19.85,16,19.9,18,2,2022-04-07 09:01:25
1649322085628796000,19.9,1,19.85,16,19.9,141,1,2022-04-07 09:01:25
1649322085762655000,19.9,2,19.85,16,19.9,144,1,2022-04-07 09:01:25
1649322085782180000,19.85,16,19.8,251,19.9,144,2,2022-04-07 09:01:25
1649322085848577000,19.9,1,19.8,251,19.9,163,1,2022-04-07 09:01:25
1649322085975447000,19.85,1,19.8,251,19.85,52,1,2022-04-07 09:01:25
1649322086012358000,19.85,2,19.8,251,19.85,50,1,2022-04-07 09:01:26
1649322086085661000,19.85,1,19.8,251,19.85,55,1,2022-04-07 09:01:26
1649322086405008000,19.85,1,19.8,251,19.85,69,1,2022-04-07 09:01:26
1649322086434033000,19.85,1,19.8,251,19.85,84,1,2022-04-07 09:01:26
1649322086452505000,19.85,2,19.8,251,19.85,82,1,2022-04-07 09:01:26
1649322086846474000,19.85,1,19.8,251,19.85,132,1,2022-04-07 09:01:26
1649322086927862000,19.85,5,19.8,251,19.85,127,1,2022-04-07 09:01:26
1649322087059060000,19.8,3,19.8,248,19.85,127,2,2022-04-07 09:01:27
1649322087086119000,19.8,14,19.8,234,19.85,127,2,2022-04-07 09:01:27
1649322087159774000,19.8,16,19.8,218,19.85,127,2,2022-04-07 09:01:27
1649322087225532000,19.8,20,19.8,198,19.85,129,2,2022-04-07 09:01:27
1649322087274193000,19.85,1,19.8,198,19.85,133,1,2022-04-07 09:01:27
1649322087416605000,19.8,53,19.8,145,19.85,128,2,2022-04-07 09:01:27
1649322087435757000,19.8,5,19.8,140,19.85,128,2,2022-04-07 09:01:27
1649322087564330000,19.8,2,19.8,138,19.85,128,2,2022-04-07 09:01:27
1649322087599452000,19.8,1,19.8,142,19.85,128,2,2022-04-07 09:01:27
1649322087631492000,19.8,5,19.8,137,19.85,128,2,2022-04-07 09:01:27
1649322087802148000,19.8,5,19.8,132,19.85,92,2,2022-04-07 09:01:27
1649322087815705000,19.8,1,19.8,136,19.85,92,2,2022-04-07 09:01:27
1649322087817412000,19.8,10,19.8,126,19.85,94,2,2022-04-07 09:01:27
1649322087857172000,19.85,1,19.8,126,19.85,93,1,2022-04-07 09:01:27
1649322087944616000,19.8,5,19.8,121,19.85,88,2,2022-04-07 09:01:27
1649322088209310000,19.8,2,19.8,119,19.85,51,2,2022-04-07 09:01:28
1649322088212462000,19.85,5,19.8,119,19.85,46,1,2022-04-07 09:01:28
1649322088276064000,19.8,20,19.8,99,19.85,46,2,2022-04-07 09:01:28
1649322088314865000,19.85,4,19.8,99,19.85,42,1,2022-04-07 09:01:28
1649322088405276000,19.8,2,19.8,97,19.85,42,2,2022-04-07 09:01:28
1649322088406195000,19.85,3,19.8,97,19.85,39,1,2022-04-07 09:01:28
1649322088540162000,19.8,5,19.8,92,19.85,44,2,2022-04-07 09:01:28
1649322088544110000,19.8,1,19.8,91,19.85,44,2,2022-04-07 09:01:28
1649322088571676000,19.8,1,19.8,90,19.85,44,2,2022-04-07 09:01:28
1649322088600815000,19.8,5,19.8,85,19.85,44,2,2022-04-07 09:01:28
1649322088607286000,19.8,10,19.8,75,19.85,44,2,2022-04-07 09:01:28
1649322088628385000,19.8,1,19.8,74,19.85,44,2,2022-04-07 09:01:28
1649322088694121000,19.8,10,19.8,64,19.85,44,2,2022-04-07 09:01:28
1649322088841387000,19.8,5,19.8,59,19.85,44,2,2022-04-07 09:01:28
1649322088923356000,19.8,1,19.8,58,19.85,44,2,2022-04-07 09:01:28
1649322089015224000,19.85,1,19.8,58,19.85,43,1,2022-04-07 09:01:29
1649322089021979000,19.85,1,19.8,58,19.85,42,1,2022-04-07 09:01:29
1649322089044775000,19.8,5,19.8,53,19.85,42,2,2022-04-07 09:01:29
1649322089066379000,19.8,53,19.75,16,19.85,42,2,2022-04-07 09:01:29
1649322089066379000,19.75,47,19.75,16,19.85,42,2,2022-04-07 09:01:29
1649322089129663000,19.75,8,19.75,8,19.85,44,2,2022-04-07 09:01:29
1649322089158500000,19.75,8,19.7,76,19.85,44,2,2022-04-07 09:01:29
1649322089498819000,19.8,5,19.7,76,19.8,10,1,2022-04-07 09:01:29
1649322090108704000,19.7,1,19.7,76,19.8,33,2,2022-04-07 09:01:30
1649322091057448000,19.75,1,19.7,1074,19.75,19,1,2022-04-07 09:01:31
1649322091180626000,19.75,15,19.7,1074,19.75,5,1,2022-04-07 09:01:31
1649322091435421000,19.7,1,19.7,1073,19.75,5,2,2022-04-07 09:01:31
1649322091587809000,19.75,5,19.75,5,19.8,65,1,2022-04-07 09:01:31
1649322091887070000,19.8,1,19.75,5,19.8,64,1,2022-04-07 09:01:31
1649322091893073000,19.8,2,19.75,5,19.8,62,1,2022-04-07 09:01:31
1649322092192616000,19.8,1,19.75,21,19.8,60,1,2022-04-07 09:01:32
1649322092282325000,19.8,6,19.75,21,19.8,54,1,2022-04-07 09:01:32
1649322092300959000,19.8,1,19.75,21,19.8,53,1,2022-04-07 09:01:32
1649322092348188000,19.75,6,19.75,15,19.8,53,2,2022-04-07 09:01:32
1649322092458728000,19.75,5,19.75,10,19.8,53,2,2022-04-07 09:01:32
1649322092850274000,19.8,2,19.75,19,19.8,51,1,2022-04-07 09:01:32
1649322092904395000,19.8,1,19.75,19,19.8,50,1,2022-04-07 09:01:32
1649322092982766000,19.75,1,19.75,18,19.8,50,2,2022-04-07 09:01:32
1649322093308177000,19.8,1,19.75,18,19.8,49,1,2022-04-07 09:01:33
1649322093710955000,19.8,5,19.75,19,19.8,44,1,2022-04-07 09:01:33
1649322094742799000,19.75,1,19.75,43,19.8,57,2,2022-04-07 09:01:34
1649322094805401000,19.75,1,19.75,42,19.8,57,2,2022-04-07 09:01:34
1649322095213543000,19.75,1,19.75,41,19.8,61,2,2022-04-07 09:01:35
1649322095244917000,19.75,1,19.75,40,19.8,61,2,2022-04-07 09:01:35
1649322095283637000,19.75,10,19.75,30,19.8,61,2,2022-04-07 09:01:35
1649322095320322000,19.75,3,19.75,28,19.8,61,2,2022-04-07 09:01:35
1649322095490536000,19.8,2,19.75,29,19.8,59,1,2022-04-07 09:01:35
1649322095514047000,19.75,29,19.7,67,19.8,59,2,2022-04-07 09:01:35
1649322095514047000,19.7,1,19.7,67,19.8,59,2,2022-04-07 09:01:35
1649322095560523000,19.8,1,19.7,67,19.8,58,1,2022-04-07 09:01:35
1649322095615729000,19.7,1,19.7,67,19.8,58,2,2022-04-07 09:01:35
1649322095740200000,19.8,1,19.7,67,19.8,57,1,2022-04-07 09:01:35
1649322095877294000,19.8,1,19.7,68,19.8,56,1,2022-04-07 09:01:35
1649322096068165000,19.8,3,19.7,73,19.8,53,1,2022-04-07 09:01:36
1649322096551873000,19.75,1,19.7,73,19.8,53,2,2022-04-07 09:01:36
1649322096821489000,19.7,5,19.7,73,19.75,1,2,2022-04-07 09:01:36
1649322096951949000,19.75,1,19.75,15,19.8,53,1,2022-04-07 09:01:36
1649322097180896000,19.8,1,19.75,15,19.8,54,1,2022-04-07 09:01:37
1649322097288703000,19.8,1,19.75,15,19.8,53,1,2022-04-07 09:01:37
1649322097451131000,19.75,1,19.75,14,19.8,54,2,2022-04-07 09:01:37
1649322097875349000,19.75,10,19.75,14,19.8,91,2,2022-04-07 09:01:37
1649322098415202000,19.75,1,19.75,13,19.8,97,2,2022-04-07 09:01:38
1649322098457183000,19.75,13,19.7,64,19.8,97,2,2022-04-07 09:01:38
1649322098457183000,19.7,7,19.7,64,19.8,97,2,2022-04-07 09:01:38
1649322098655989000,19.75,1,19.7,64,19.8,93,1,2022-04-07 09:01:38
1649322098655989000,19.8,4,19.7,64,19.8,93,1,2022-04-07 09:01:38
1649322099184625000,19.75,4,19.7,64,19.8,88,2,2022-04-07 09:01:39
1649322099423104000,19.75,1,19.7,64,19.8,88,2,2022-04-07 09:01:39
1649322099463401000,19.8,20,19.7,64,19.8,68,1,2022-04-07 09:01:39
1649322099822133000,19.7,1,19.7,63,19.75,5,2,2022-04-07 09:01:39
1649322100186001000,19.75,3,19.7,63,19.75,2,1,2022-04-07 09:01:40
1649322100224612000,19.7,5,19.7,58,19.75,2,2,2022-04-07 09:01:40
1649322100657492000,19.75,1,19.7,58,19.75,2,1,2022-04-07 09:01:40
1649322100719753000,19.75,1,19.7,58,19.75,1,1,2022-04-07 09:01:40
1649322100898734000,19.75,1,19.7,59,19.8,72,1,2022-04-07 09:01:40
1649322101086096000,19.7,1,19.7,57,19.8,72,2,2022-04-07 09:01:41
1649322101269172000,19.75,2,19.7,57,19.75,8,1,2022-04-07 09:01:41
1649322101788956000,19.75,1,19.7,57,19.75,7,1,2022-04-07 09:01:41
1649322102424327000,19.75,5,19.7,57,19.75,2,1,2022-04-07 09:01:42
1649322102430116000,19.75,2,19.7,57,19.8,74,1,2022-04-07 09:01:42
1649322102593663000,19.75,1,19.7,57,19.75,9,1,2022-04-07 09:01:42
1649322102764817000,19.75,1,19.7,57,19.75,8,1,2022-04-07 09:01:42
1649322102936690000,19.7,25,19.7,32,19.75,8,2,2022-04-07 09:01:42
1649322102985972000,19.75,1,19.7,32,19.75,7,1,2022-04-07 09:01:42
1649322103241551000,19.75,7,19.7,34,19.8,74,1,2022-04-07 09:01:43
1649322103949215000,19.7,39,19.65,26,19.75,2,2,2022-04-07 09:01:43
1649322103949215000,19.65,11,19.65,26,19.75,2,2,2022-04-07 09:01:43
1649322104360295000,19.75,2,19.7,11,19.8,73,1,2022-04-07 09:01:44
1649322104360295000,19.8,1,19.7,11,19.8,73,1,2022-04-07 09:01:44
1649322104437830000,19.7,1,19.7,10,19.8,78,2,2022-04-07 09:01:44
1649322104773612000,19.75,1,19.7,10,19.75,4,1,2022-04-07 09:01:44
1649322104998361000,19.75,1,19.7,10,19.75,3,1,2022-04-07 09:01:44
1649322105054868000,19.7,1,19.7,9,19.75,3,2,2022-04-07 09:01:45
1649322105715327000,19.75,1,19.7,15,19.75,3,1,2022-04-07 09:01:45
1649322105836441000,19.75,3,19.75,2,19.8,78,1,2022-04-07 09:01:45
1649322105921369000,19.75,1,19.75,1,19.8,78,2,2022-04-07 09:01:45
1649322105931288000,19.75,1,19.7,20,19.75,9,2,2022-04-07 09:01:45
1649322106366266000,19.7,10,19.7,10,19.75,10,2,2022-04-07 09:01:46
1649322106475512000,19.7,5,19.7,10,19.75,10,2,2022-04-07 09:01:46
1649322106486459000,19.75,10,19.7,10,19.8,68,1,2022-04-07 09:01:46
1649322106486459000,19.8,10,19.7,10,19.8,68,1,2022-04-07 09:01:46
1649322106621040000,19.75,1,19.7,10,19.8,67,1,2022-04-07 09:01:46
1649322106621040000,19.8,1,19.7,10,19.8,67,1,2022-04-07 09:01:46
1649322106639965000,19.7,5,19.7,10,19.8,67,2,2022-04-07 09:01:46
1649322106932007000,19.75,2,19.75,8,19.8,67,2,2022-04-07 09:01:46
1649322107023187000,19.75,1,19.75,7,19.8,67,2,2022-04-07 09:01:47
1649322107512382000,19.75,7,19.7,7,19.8,67,2,2022-04-07 09:01:47
1649322107512382000,19.7,3,19.7,7,19.8,67,2,2022-04-07 09:01:47
1649322108683388000,19.75,1,19.7,14,19.8,74,1,2022-04-07 09:01:48
1649322111996703000,19.75,2,19.7,22,19.75,2,1,2022-04-07 09:01:51
1649322112032869000,19.75,2,19.7,22,19.8,78,1,2022-04-07 09:01:52
1649322112119881000,19.8,1,19.7,22,19.8,77,1,2022-04-07 09:01:52
1649322113749914000,19.75,2,19.7,33,19.75,3,1,2022-04-07 09:01:53
1649322113783037000,19.75,3,19.7,33,19.8,77,1,2022-04-07 09:01:53
1649322114099200000,19.75,2,19.7,31,19.8,77,2,2022-04-07 09:01:54
1649322114099200000,19.7,2,19.7,31,19.8,77,2,2022-04-07 09:01:54
1649322114856391000,19.75,3,19.7,33,19.75,2,2,2022-04-07 09:01:54
1649322114870372000,19.75,2,19.7,33,19.8,77,1,2022-04-07 09:01:54
1649322115815795000,19.8,1,19.7,35,19.8,77,1,2022-04-07 09:01:55
1649322116400791000,19.8,5,19.7,35,19.8,72,1,2022-04-07 09:01:56
1649322117146503000,19.7,1,19.7,29,19.8,79,2,2022-04-07 09:01:57
1649322117250560000,19.7,5,19.7,25,19.8,79,2,2022-04-07 09:01:57
1649322117279441000,19.75,5,19.7,25,19.8,79,1,2022-04-07 09:01:57
1649322118197788000,19.75,5,19.7,33,19.75,5,1,2022-04-07 09:01:58
1649322118225089000,19.75,5,19.7,33,19.8,77,1,2022-04-07 09:01:58
1649322118931732000,19.8,2,19.75,1,19.8,80,1,2022-04-07 09:01:58
1649322119006163000,19.75,1,19.7,33,19.75,9,2,2022-04-07 09:01:59
1649322119006852000,19.75,1,19.7,33,19.75,8,1,2022-04-07 09:01:59
1649322120530461000,19.75,3,19.7,35,19.75,8,1,2022-04-07 09:02:00
1649322120539007000,19.75,8,19.7,35,19.8,83,1,2022-04-07 09:02:00
1649322120762328000,19.75,1,19.7,34,19.8,83,1,2022-04-07 09:02:00
1649322121107462000,19.75,1,19.75,3,19.8,83,2,2022-04-07 09:02:01
1649322121712458000,19.75,1,19.75,6,19.8,88,2,2022-04-07 09:02:01
1649322121779311000,19.8,1,19.75,10,19.8,87,1,2022-04-07 09:02:01
1649322121796323000,19.8,10,19.75,10,19.8,77,1,2022-04-07 09:02:01
1649322122242384000,19.8,2,19.75,15,19.8,75,1,2022-04-07 09:02:02
1649322122463648000,19.75,5,19.75,10,19.8,75,2,2022-04-07 09:02:02
1649322123470992000,19.75,2,19.75,15,19.8,81,2,2022-04-07 09:02:03
1649322123614235000,19.75,1,19.75,14,19.8,81,2,2022-04-07 09:02:03
1649322124570028000,19.75,15,19.7,51,19.75,15,2,2022-04-07 09:02:04
1649322124588203000,19.75,14,19.7,51,19.75,1,1,2022-04-07 09:02:04
1649322124599883000,19.75,1,19.7,51,19.8,81,1,2022-04-07 09:02:04
1649322124613548000,19.8,10,19.7,51,19.8,71,1,2022-04-07 09:02:04
1649322124851703000,19.75,1,19.7,51,19.8,71,1,2022-04-07 09:02:04
1649322126307656000,19.75,5,19.75,1,19.8,72,2,2022-04-07 09:02:06
1649322127025575000,19.75,1,19.75,3,19.8,72,2,2022-04-07 09:02:07
1649322127426178000,19.75,3,19.7,58,19.75,2,2,2022-04-07 09:02:07
1649322127451218000,19.75,2,19.7,58,19.8,72,1,2022-04-07 09:02:07
1649322127824011000,19.75,1,19.7,58,19.75,19,2,2022-04-07 09:02:07
1649322127966023000,19.75,1,19.7,58,19.75,18,1,2022-04-07 09:02:07
1649322127969684000,19.75,4,19.7,58,19.75,14,1,2022-04-07 09:02:07
1649322128073451000,19.75,2,19.7,58,19.75,12,1,2022-04-07 09:02:08
1649322128110212000,19.75,2,19.7,58,19.75,11,1,2022-04-07 09:02:08
1649322128349943000,19.75,1,19.7,58,19.75,10,1,2022-04-07 09:02:08
1649322128729230000,19.75,1,19.7,58,19.75,9,1,2022-04-07 09:02:08
1649322128736433000,19.75,9,19.75,1,19.8,74,1,2022-04-07 09:02:08
1649322128785105000,19.75,1,19.7,58,19.75,1,2,2022-04-07 09:02:08
1649322128956449000,19.75,1,19.7,58,19.8,74,1,2022-04-07 09:02:08
1649322129820746000,19.75,2,19.7,66,19.75,10,1,2022-04-07 09:02:09
1649322129917155000,19.75,5,19.7,66,19.75,5,1,2022-04-07 09:02:09
1649322130080616000,19.75,5,19.7,66,19.75,1,1,2022-04-07 09:02:10
1649322130336362000,19.75,3,19.7,67,19.75,8,1,2022-04-07 09:02:10
1649322130975388000,19.75,1,19.7,67,19.75,9,1,2022-04-07 09:02:10
1649322131605711000,19.75,1,19.7,67,19.75,8,1,2022-04-07 09:02:11
1649322131744391000,19.75,2,19.7,67,19.75,6,1,2022-04-07 09:02:11
1649322131892121000,19.75,1,19.7,67,19.75,5,1,2022-04-07 09:02:11
1649322132016686000,19.75,5,19.75,15,19.8,79,1,2022-04-07 09:02:12
1649322132062835000,19.75,11,19.75,4,19.8,79,2,2022-04-07 09:02:12
1649322132472751000,19.8,1,19.75,4,19.8,78,1,2022-04-07 09:02:12
1649322132557432000,19.75,1,19.75,3,19.8,78,2,2022-04-07 09:02:12
1649322132821501000,19.8,5,19.75,4,19.8,73,1,2022-04-07 09:02:12
1649322133977332000,19.8,1,19.75,9,19.8,72,1,2022-04-07 09:02:13
1649322134185054000,19.75,1,19.75,8,19.8,72,2,2022-04-07 09:02:14
1649322134425818000,19.75,3,19.75,9,19.8,72,2,2022-04-07 09:02:14
1649322135631866000,19.75,2,19.75,19,19.8,74,2,2022-04-07 09:02:15
1649322135991452000,19.75,3,19.75,18,19.8,74,2,2022-04-07 09:02:15
1649322136017043000,19.75,11,19.75,7,19.8,74,2,2022-04-07 09:02:16
1649322136233267000,19.75,1,19.75,6,19.8,75,2,2022-04-07 09:02:16
1649322136656485000,19.75,5,19.75,4,19.8,75,2,2022-04-07 09:02:16
1649322137050211000,19.75,4,19.7,109,19.75,11,2,2022-04-07 09:02:17
1649322137133459000,19.75,1,19.7,109,19.75,10,1,2022-04-07 09:02:17
1649322137740472000,19.75,1,19.7,109,19.75,9,1,2022-04-07 09:02:17
1649322137761219000,19.75,1,19.7,109,19.75,8,1,2022-04-07 09:02:17
1649322137960123000,19.75,3,19.7,109,19.75,5,1,2022-04-07 09:02:17
1649322138459371000,19.75,1,19.7,109,19.75,4,1,2022-04-07 09:02:18
1649322138562293000,19.7,2,19.7,107,19.75,14,2,2022-04-07 09:02:18
1649322138653084000,19.75,5,19.7,107,19.75,9,1,2022-04-07 09:02:18
1649322139026278000,19.75,5,19.7,107,19.75,13,1,2022-04-07 09:02:19
1649322139717923000,19.75,1,19.7,107,19.75,32,1,2022-04-07 09:02:19
1649322139920234000,19.75,1,19.7,109,19.75,31,1,2022-04-07 09:02:19
1649322140458265000,19.75,1,19.7,109,19.75,30,1,2022-04-07 09:02:20
1649322141587408000,19.75,2,19.7,112,19.75,46,1,2022-04-07 09:02:21
1649322143025399000,19.75,2,19.7,112,19.75,48,1,2022-04-07 09:02:23
1649322143739657000,19.75,1,19.7,137,19.75,47,1,2022-04-07 09:02:23
1649322143783035000,19.75,1,19.7,137,19.75,46,1,2022-04-07 09:02:23
1649322144372352000,19.75,5,19.7,138,19.75,41,1,2022-04-07 09:02:24
1649322144503442000,19.75,1,19.7,138,19.75,40,1,2022-04-07 09:02:24
1649322144838894000,19.75,1,19.7,138,19.75,40,1,2022-04-07 09:02:24
1649322144968105000,19.75,1,19.7,138,19.75,39,1,2022-04-07 09:02:24
1649322144977731000,19.7,2,19.7,136,19.75,39,2,2022-04-07 09:02:24
1649322145109354000,19.75,2,19.7,136,19.75,37,1,2022-04-07 09:02:25
1649322145838934000,19.75,2,19.7,136,19.75,35,1,2022-04-07 09:02:25
1649322145855920000,19.75,1,19.7,136,19.75,34,1,2022-04-07 09:02:25
1649322145895377000,19.75,34,19.7,136,19.75,8,1,2022-04-07 09:02:25
1649322145926671000,19.75,3,19.7,136,19.75,5,1,2022-04-07 09:02:25
1649322146016850000,19.7,5,19.7,131,19.75,5,2,2022-04-07 09:02:26
1649322146500360000,19.75,5,19.75,16,19.8,82,1,2022-04-07 09:02:26
1649322147610870000,19.75,5,19.75,31,19.8,82,2,2022-04-07 09:02:27
1649322148663923000,19.75,1,19.75,38,19.8,82,2,2022-04-07 09:02:28
1649322148709244000,19.75,2,19.75,36,19.8,82,2,2022-04-07 09:02:28
1649322149297847000,19.8,20,19.75,36,19.8,70,1,2022-04-07 09:02:29
1649322149422766000,19.75,5,19.75,31,19.8,70,2,2022-04-07 09:02:29
1649322149884274000,19.75,4,19.75,28,19.8,70,2,2022-04-07 09:02:29
1649322150212024000,19.8,30,19.75,28,19.8,40,1,2022-04-07 09:02:30
1649322150408363000,19.75,2,19.75,30,19.8,40,2,2022-04-07 09:02:30
1649322150685059000,19.8,30,19.75,30,19.8,10,1,2022-04-07 09:02:30
1649322151377098000,19.8,10,19.8,5,19.85,61,1,2022-04-07 09:02:31
1649322152169400000,19.8,10,19.8,32,19.85,61,2,2022-04-07 09:02:32
1649322153401335000,19.85,20,19.8,33,19.85,41,1,2022-04-07 09:02:33
1649322153542525000,19.85,5,19.8,33,19.85,36,1,2022-04-07 09:02:33
1649322153712468000,19.8,1,19.8,32,19.85,36,2,2022-04-07 09:02:33
1649322153836998000,19.85,1,19.8,32,19.85,35,1,2022-04-07 09:02:33
1649322154270107000,19.85,10,19.8,33,19.85,25,1,2022-04-07 09:02:34
1649322154293705000,19.85,12,19.8,33,19.85,13,1,2022-04-07 09:02:34
1649322154390535000,19.85,10,19.8,37,19.85,3,1,2022-04-07 09:02:34
1649322154416841000,19.85,3,19.8,37,19.9,17,1,2022-04-07 09:02:34
1649322154565101000,19.9,1,19.8,37,19.9,16,1,2022-04-07 09:02:34
1649322154811753000,19.8,1,19.8,36,19.9,16,2,2022-04-07 09:02:34
1649322154826150000,19.9,5,19.8,36,19.9,11,1,2022-04-07 09:02:34
1649322155286159000,19.85,1,19.85,1,19.9,11,2,2022-04-07 09:02:35
1649322156803425000,19.9,11,19.85,2,20.0,163,1,2022-04-07 09:02:36
1649322156803425000,19.95,76,19.85,2,20.0,163,1,2022-04-07 09:02:36
1649322156803425000,20.0,13,19.85,2,20.0,163,1,2022-04-07 09:02:36
1649322156843554000,20.0,5,19.85,14,20.0,158,1,2022-04-07 09:02:36
1649322157015273000,20.0,1,19.85,14,20.0,157,1,2022-04-07 09:02:37
1649322157069083000,20.0,5,19.85,14,20.0,152,1,2022-04-07 09:02:37
1649322157426146000,19.85,5,19.85,9,20.0,152,2,2022-04-07 09:02:37
1649322157760479000,19.9,1,19.9,1,19.95,10,2,2022-04-07 09:02:37
1649322157805731000,19.95,1,19.9,1,19.95,9,1,2022-04-07 09:02:37
1649322157940232000,19.95,1,19.9,1,19.95,8,1,2022-04-07 09:02:37
1649322158657932000,19.95,3,19.9,1,19.95,5,1,2022-04-07 09:02:38
1649322158854630000,19.9,1,19.85,10,19.95,5,2,2022-04-07 09:02:38
1649322158867051000,19.85,5,19.85,5,19.95,5,2,2022-04-07 09:02:38
1649322158962031000,19.95,2,19.85,1,19.95,8,1,2022-04-07 09:02:38
1649322159618820000,19.9,1,19.85,1,19.9,9,1,2022-04-07 09:02:39
1649322161385174000,19.9,1,19.85,1,19.9,14,1,2022-04-07 09:02:41
1649322161598446000,19.9,1,19.85,1,19.9,13,1,2022-04-07 09:02:41
1649322162180765000,19.9,1,19.85,2,19.9,12,1,2022-04-07 09:02:42
1649322162317024000,19.9,1,19.85,2,19.9,11,1,2022-04-07 09:02:42
1649322163574487000,19.9,1,19.85,4,19.9,10,1,2022-04-07 09:02:43
1649322165003925000,19.9,1,19.85,12,19.9,10,1,2022-04-07 09:02:45
1649322165415829000,19.9,2,19.85,13,19.9,8,1,2022-04-07 09:02:45
1649322166143934000,19.9,1,19.85,16,19.9,7,1,2022-04-07 09:02:46
1649322166147924000,19.9,6,19.85,16,19.9,1,1,2022-04-07 09:02:46
1649322166617961000,19.9,1,19.85,16,19.9,3,1,2022-04-07 09:02:46
1649322166977706000,19.9,2,19.85,16,19.9,1,1,2022-04-07 09:02:46
1649322167406431000,19.9,3,19.9,14,19.95,25,1,2022-04-07 09:02:47
1649322167458255000,19.95,5,19.9,14,19.95,20,1,2022-04-07 09:02:47
1649322168159087000,19.9,2,19.9,13,19.95,34,2,2022-04-07 09:02:48
1649322168466904000,19.95,20,19.9,18,19.95,14,1,2022-04-07 09:02:48
1649322168674585000,19.95,1,19.9,18,19.95,13,1,2022-04-07 09:02:48
1649322168679331000,19.95,5,19.9,18,19.95,8,1,2022-04-07 09:02:48
1649322169524823000,19.95,1,19.9,37,19.95,7,1,2022-04-07 09:02:49
1649322170172410000,19.95,2,19.9,37,19.95,5,1,2022-04-07 09:02:50
1649322170312867000,19.95,5,19.95,8,20.0,151,1,2022-04-07 09:02:50
1649322171424432000,19.95,1,19.95,10,20.0,151,2,2022-04-07 09:02:51
1649322171699382000,19.95,2,19.95,9,20.0,151,2,2022-04-07 09:02:51
1649322171722992000,20.0,1,19.95,9,20.0,150,1,2022-04-07 09:02:51
1649322172067271000,20.0,20,19.95,9,20.0,133,1,2022-04-07 09:02:52
1649322172493087000,19.95,1,19.95,8,20.0,133,2,2022-04-07 09:02:52
1649322172526510000,19.95,8,19.9,29,20.0,133,2,2022-04-07 09:02:52
1649322172526510000,19.9,12,19.9,29,20.0,133,2,2022-04-07 09:02:52
1649322173422134000,19.95,1,19.9,30,19.95,19,2,2022-04-07 09:02:53
1649322173477897000,19.95,5,19.9,30,19.95,14,1,2022-04-07 09:02:53
1649322173613460000,19.95,1,19.9,30,19.95,13,1,2022-04-07 09:02:53
1649322174051608000,19.95,1,19.9,30,19.95,12,1,2022-04-07 09:02:54
1649322174243609000,19.95,1,19.9,50,19.95,11,1,2022-04-07 09:02:54
1649322174408992000,19.9,20,19.9,30,19.95,11,2,2022-04-07 09:02:54
1649322175074299000,19.9,2,19.9,28,19.95,30,2,2022-04-07 09:02:55
1649322175340276000,19.9,5,19.9,26,19.95,32,2,2022-04-07 09:02:55
1649322176547652000,19.9,10,19.9,18,19.95,32,2,2022-04-07 09:02:56
1649322177184333000,19.9,10,19.9,9,19.95,34,2,2022-04-07 09:02:57
1649322177224544000,19.9,9,19.85,40,19.95,34,2,2022-04-07 09:02:57
1649322177285348000,19.95,1,19.85,40,19.95,33,1,2022-04-07 09:02:57
1649322177597740000,19.95,3,19.85,40,19.95,30,1,2022-04-07 09:02:57
1649322177917901000,19.9,1,19.85,41,19.9,19,2,2022-04-07 09:02:57
1649322177976326000,19.9,1,19.85,41,19.9,18,1,2022-04-07 09:02:57
1649322178030386000,19.9,1,19.85,41,19.9,17,1,2022-04-07 09:02:58
1649322178055985000,19.9,2,19.85,41,19.9,15,1,2022-04-07 09:02:58
1649322178493361000,19.9,10,19.85,41,19.9,10,1,2022-04-07 09:02:58
1649322178517916000,19.9,2,19.85,41,19.9,8,1,2022-04-07 09:02:58
1649322178625078000,19.9,2,19.85,41,19.9,15,1,2022-04-07 09:02:58
1649322178666624000,19.9,2,19.85,41,19.9,14,1,2022-04-07 09:02:58
1649322178755163000,19.9,3,19.85,41,19.9,11,1,2022-04-07 09:02:58
1649322179258546000,19.9,5,19.85,41,19.9,20,1,2022-04-07 09:02:59
1649322179583002000,19.9,10,19.85,41,19.9,22,1,2022-04-07 09:02:59
1649322179820221000,19.9,1,19.85,41,19.9,21,1,2022-04-07 09:02:59
1649322180485919000,19.85,5,19.85,38,19.9,22,2,2022-04-07 09:03:00
1649322180819035000,19.85,9,19.85,29,19.9,52,2,2022-04-07 09:03:00
1649322180849668000,19.85,29,19.8,19,19.9,52,2,2022-04-07 09:03:00
1649322180985126000,19.9,2,19.8,19,19.9,50,1,2022-04-07 09:03:00
1649322181145827000,19.9,3,19.8,19,19.9,47,1,2022-04-07 09:03:01
1649322181170169000,19.9,5,19.8,19,19.9,42,1,2022-04-07 09:03:01
1649322181474129000,19.85,1,19.8,20,19.9,42,2,2022-04-07 09:03:01
1649322182189249000,19.85,10,19.8,20,19.85,30,1,2022-04-07 09:03:02
1649322182667336000,19.85,2,19.8,20,19.85,43,1,2022-04-07 09:03:02
1649322182671680000,19.8,1,19.8,19,19.85,43,2,2022-04-07 09:03:02
1649322182692099000,19.8,4,19.8,15,19.85,43,2,2022-04-07 09:03:02
1649322182953739000,19.8,8,19.8,7,19.85,43,2,2022-04-07 09:03:02
1649322182988887000,19.8,7,19.75,90,19.85,38,2,2022-04-07 09:03:02
1649322183109206000,19.85,1,19.75,90,19.85,37,1,2022-04-07 09:03:03
1649322183198542000,19.8,2,19.75,90,19.85,34,1,2022-04-07 09:03:03
1649322183198542000,19.85,3,19.75,90,19.85,34,1,2022-04-07 09:03:03
1649322183390792000,19.75,7,19.75,83,19.85,34,2,2022-04-07 09:03:03
1649322183690571000,19.8,1,19.75,82,19.8,1,1,2022-04-07 09:03:03
1649322183733161000,19.8,1,19.75,82,19.85,23,1,2022-04-07 09:03:03
1649322183733161000,19.85,1,19.75,82,19.85,23,1,2022-04-07 09:03:03
1649322184549117000,19.75,1,19.75,71,19.8,11,2,2022-04-07 09:03:04
1649322184753300000,19.8,3,19.75,71,19.8,8,1,2022-04-07 09:03:04
1649322185302091000,19.8,1,19.75,71,19.8,10,1,2022-04-07 09:03:05
1649322185380494000,19.8,1,19.75,71,19.8,9,1,2022-04-07 09:03:05
1649322186544856000,19.8,3,19.75,72,19.8,16,1,2022-04-07 09:03:06
1649322186592639000,19.8,1,19.75,72,19.8,15,1,2022-04-07 09:03:06
1649322187087789000,19.8,2,19.75,72,19.8,13,1,2022-04-07 09:03:07
1649322188168435000,19.8,2,19.75,71,19.8,11,1,2022-04-07 09:03:08
1649322189454933000,19.8,1,19.75,72,19.8,16,1,2022-04-07 09:03:09
1649322189494309000,19.8,1,19.75,72,19.8,15,1,2022-04-07 09:03:09
1649322189853360000,19.8,10,19.75,73,19.8,5,1,2022-04-07 09:03:09
1649322190684406000,19.75,1,19.75,92,19.8,5,2,2022-04-07 09:03:10
1649322190870213000,19.8,3,19.75,82,19.8,2,1,2022-04-07 09:03:10
1649322191195328000,19.75,1,19.75,81,19.8,2,2,2022-04-07 09:03:11
1649322191302919000,19.8,1,19.75,81,19.8,1,1,2022-04-07 09:03:11
1649322191699339000,19.8,1,19.75,81,19.8,1,1,2022-04-07 09:03:11
1649322192184810000,19.8,1,19.75,81,19.85,37,1,2022-04-07 09:03:12
1649322192842330000,19.85,3,19.8,6,19.85,34,1,2022-04-07 09:03:12
1649322193981058000,19.85,3,19.8,7,19.85,31,1,2022-04-07 09:03:13
1649322195411949000,19.85,1,19.8,9,19.85,30,1,2022-04-07 09:03:15
1649322195612640000,19.8,1,19.8,8,19.85,30,2,2022-04-07 09:03:15
1649322196284642000,19.85,4,19.8,8,19.85,26,1,2022-04-07 09:03:16
1649322196482618000,19.85,1,19.8,8,19.85,25,1,2022-04-07 09:03:16
1649322196971042000,19.85,1,19.8,9,19.85,32,1,2022-04-07 09:03:16
1649322197964572000,19.8,5,19.8,14,19.85,31,2,2022-04-07 09:03:17
1649322198352998000,19.85,31,19.85,6,19.9,64,1,2022-04-07 09:03:18
1649322198363183000,19.85,2,19.85,4,19.9,64,2,2022-04-07 09:03:18
1649322198374272000,19.85,3,19.85,1,19.9,64,2,2022-04-07 09:03:18
1649322198672737000,19.85,1,19.85,2,19.9,64,2,2022-04-07 09:03:18
1649322198785621000,19.85,2,19.8,6,19.9,64,2,2022-04-07 09:03:18
1649322198785621000,19.8,8,19.8,6,19.9,64,2,2022-04-07 09:03:18
1649322200992083000,19.85,2,19.8,41,19.85,10,1,2022-04-07 09:03:20
1649322203628199000,19.8,15,19.8,35,19.85,20,2,2022-04-07 09:03:23
1649322203874777000,19.85,1,19.8,35,19.85,19,1,2022-04-07 09:03:23
1649322204002212000,19.8,3,19.8,32,19.85,19,2,2022-04-07 09:03:24
1649322204164061000,19.85,1,19.8,32,19.85,18,1,2022-04-07 09:03:24
1649322205368667000,19.8,3,19.8,34,19.85,26,2,2022-04-07 09:03:25
1649322205531275000,19.8,3,19.8,31,19.85,26,2,2022-04-07 09:03:25
1649322205725408000,19.8,1,19.8,30,19.85,26,2,2022-04-07 09:03:25
1649322205934752000,19.85,5,19.8,30,19.85,21,1,2022-04-07 09:03:25
1649322206252694000,19.8,1,19.8,29,19.85,61,2,2022-04-07 09:03:26
1649322206286386000,19.85,1,19.8,29,19.85,60,1,2022-04-07 09:03:26
1649322207010310000,19.85,1,19.8,29,19.85,139,1,2022-04-07 09:03:27
1649322207323518000,19.8,5,19.8,24,19.85,181,2,2022-04-07 09:03:27
1649322208649925000,19.8,5,19.8,20,19.85,25,2,2022-04-07 09:03:28
1649322208926722000,19.8,4,19.8,17,19.85,25,2,2022-04-07 09:03:28
1649322209526137000,19.8,5,19.8,12,19.85,25,2,2022-04-07 09:03:29
1649322209723883000,19.8,1,19.8,11,19.85,25,2,2022-04-07 09:03:29
1649322209742856000,19.8,3,19.8,8,19.85,25,2,2022-04-07 09:03:29
1649322210159311000,19.8,1,19.8,9,19.85,25,2,2022-04-07 09:03:30
1649322210479985000,19.85,10,19.8,19,19.85,15,1,2022-04-07 09:03:30
1649322210505348000,19.8,5,19.8,14,19.85,15,2,2022-04-07 09:03:30
1649322210560579000,19.8,1,19.8,13,19.85,15,2,2022-04-07 09:03:30
1649322210854555000,19.8,1,19.8,27,19.85,15,2,2022-04-07 09:03:30
1649322210989729000,19.8,2,19.8,25,19.85,15,2,2022-04-07 09:03:30
1649322211014833000,19.8,1,19.8,24,19.85,15,2,2022-04-07 09:03:31
1649322211150838000,19.85,2,19.8,24,19.85,13,1,2022-04-07 09:03:31
1649322211684468000,19.8,5,19.8,27,19.85,13,2,2022-04-07 09:03:31
1649322212003920000,19.8,3,19.8,25,19.85,13,2,2022-04-07 09:03:32
1649322212169865000,19.85,13,19.85,7,19.9,31,1,2022-04-07 09:03:32
1649322212271114000,19.85,3,19.85,4,19.9,31,2,2022-04-07 09:03:32
1649322212342744000,19.85,1,19.85,3,19.9,31,2,2022-04-07 09:03:32
1649322213524940000,19.85,3,19.8,10,19.9,31,2,2022-04-07 09:03:33
1649322213524940000,19.8,17,19.8,10,19.9,31,2,2022-04-07 09:03:33
1649322215873920000,19.85,2,19.8,12,19.9,31,2,2022-04-07 09:03:35
1649322217253590000,19.8,13,19.75,105,19.85,5,2,2022-04-07 09:03:37
1649322217253590000,19.75,27,19.75,105,19.85,5,2,2022-04-07 09:03:37
1649322218726244000,19.8,1,19.8,2,19.85,31,2,2022-04-07 09:03:38
1649322218849723000,19.8,4,19.75,105,19.8,5,2,2022-04-07 09:03:38
1649322219228274000,19.8,1,19.75,105,19.8,4,1,2022-04-07 09:03:39
1649322219408928000,19.8,2,19.75,105,19.8,2,1,2022-04-07 09:03:39
1649322220352647000,19.8,1,19.75,105,19.8,1,1,2022-04-07 09:03:40
1649322220962642000,19.75,3,19.75,102,19.8,1,2,2022-04-07 09:03:40
1649322222986282000,19.8,1,19.75,102,19.8,3,1,2022-04-07 09:03:42
1649322223270842000,19.75,1,19.75,101,19.8,3,2,2022-04-07 09:03:43
1649322223727516000,19.75,1,19.75,100,19.8,3,2,2022-04-07 09:03:43
1649322224061402000,19.75,3,19.75,92,19.8,3,2,2022-04-07 09:03:44
1649322224574934000,19.8,2,19.75,91,19.8,1,1,2022-04-07 09:03:44
1649322225010021000,19.8,1,19.75,91,19.8,1,1,2022-04-07 09:03:45
1649322225678170000,19.8,1,19.75,90,19.8,1,1,2022-04-07 09:03:45
1649322225729471000,19.75,1,19.75,89,19.8,1,2,2022-04-07 09:03:45
1649322226192537000,19.75,10,19.75,79,19.8,8,2,2022-04-07 09:03:46
1649322226565129000,19.8,2,19.75,81,19.8,8,1,2022-04-07 09:03:46
1649322226650264000,19.75,20,19.75,61,19.8,8,2,2022-04-07 09:03:46
1649322226815201000,19.8,1,19.75,61,19.8,7,1,2022-04-07 09:03:46
1649322227755627000,19.75,1,19.75,60,19.8,7,2,2022-04-07 09:03:47
1649322228023794000,19.75,1,19.75,59,19.8,7,2,2022-04-07 09:03:48
1649322228468341000,19.8,1,19.75,59,19.8,6,1,2022-04-07 09:03:48
1649322228502631000,19.8,2,19.75,59,19.8,4,1,2022-04-07 09:03:48
1649322228905919000,19.75,5,19.75,54,19.8,15,2,2022-04-07 09:03:48
1649322229884004000,19.8,5,19.75,56,19.8,45,1,2022-04-07 09:03:49
1649322229890364000,19.75,10,19.75,46,19.8,45,2,2022-04-07 09:03:49
1649322229972951000,19.75,1,19.75,45,19.8,45,2,2022-04-07 09:03:49
1649322230199361000,19.75,4,19.75,41,19.8,45,2,2022-04-07 09:03:50
1649322230458663000,19.75,5,19.75,36,19.8,45,2,2022-04-07 09:03:50
1649322230479382000,19.75,5,19.75,31,19.8,45,2,2022-04-07 09:03:50
1649322230752718000,19.8,1,19.75,31,19.8,45,1,2022-04-07 09:03:50
1649322231880314000,19.8,1,19.75,32,19.8,44,1,2022-04-07 09:03:51
1649322232358810000,19.8,5,19.75,33,19.8,41,1,2022-04-07 09:03:52
1649322232452044000,19.75,2,19.75,31,19.8,41,2,2022-04-07 09:03:52
1649322234214168000,19.75,1,19.75,30,19.8,41,2,2022-04-07 09:03:54
1649322235172101000,19.8,3,19.75,25,19.8,39,1,2022-04-07 09:03:55
1649322235200058000,19.8,5,19.75,25,19.8,34,1,2022-04-07 09:03:55
1649322235219607000,19.8,10,19.75,25,19.8,24,1,2022-04-07 09:03:55
1649322238016595000,19.75,2,19.75,28,19.8,20,2,2022-04-07 09:03:58
1649322240587090000,19.75,5,19.75,26,19.8,22,2,2022-04-07 09:04:00
1649322243040151000,19.8,1,19.75,32,19.8,21,1,2022-04-07 09:04:03
1649322243254449000,19.8,2,19.75,32,19.8,18,1,2022-04-07 09:04:03
1649322243373105000,19.75,1,19.75,31,19.8,18,2,2022-04-07 09:04:03
1649322243675699000,19.8,1,19.75,32,19.8,17,1,2022-04-07 09:04:03
1649322245511548000,19.8,1,19.75,36,19.8,26,1,2022-04-07 09:04:05
1649322245716096000,19.8,3,19.75,36,19.8,18,1,2022-04-07 09:04:05
1649322245789704000,19.75,1,19.75,35,19.8,18,2,2022-04-07 09:04:05
1649322249069072000,19.8,17,19.75,58,19.85,41,1,2022-04-07 09:04:09
1649322250131392000,19.8,1,19.8,1,19.85,41,2,2022-04-07 09:04:10
1649322250418075000,19.8,1,19.75,61,19.8,2,2,2022-04-07 09:04:10
1649322252290603000,19.8,5,19.75,66,19.8,2,1,2022-04-07 09:04:12
1649322253351382000,19.8,1,19.75,67,19.8,11,1,2022-04-07 09:04:13
1649322253692090000,19.75,1,19.75,66,19.8,11,2,2022-04-07 09:04:13
1649322253757938000,19.8,3,19.75,66,19.8,8,1,2022-04-07 09:04:13
1649322253854025000,19.8,1,19.75,66,19.8,7,1,2022-04-07 09:04:13
1649322253971779000,19.8,1,19.75,66,19.8,6,1,2022-04-07 09:04:13
1649322254741743000,19.8,2,19.75,66,19.8,7,1,2022-04-07 09:04:14
1649322254774533000,19.8,5,19.75,66,19.8,2,1,2022-04-07 09:04:14
1649322254810053000,19.8,2,19.75,66,19.85,41,1,2022-04-07 09:04:14
1649322254931933000,19.85,3,19.75,66,19.85,38,1,2022-04-07 09:04:14
1649322256048180000,19.85,1,19.8,2,19.85,37,1,2022-04-07 09:04:16
1649322256660663000,19.8,1,19.8,4,19.85,37,2,2022-04-07 09:04:16
1649322258252904000,19.85,16,19.8,14,19.85,22,1,2022-04-07 09:04:18
1649322258279669000,19.85,12,19.8,14,19.85,10,1,2022-04-07 09:04:18
1649322258279672000,19.85,10,19.8,14,19.9,60,1,2022-04-07 09:04:18
1649322258501874000,19.8,1,19.8,14,19.9,60,2,2022-04-07 09:04:18
1649322259364793000,19.85,2,19.8,19,19.9,42,1,2022-04-07 09:04:19
1649322259364793000,19.9,18,19.8,19,19.9,42,1,2022-04-07 09:04:19
1649322259969487000,19.9,2,19.85,46,19.9,40,1,2022-04-07 09:04:19
1649322260508611000,19.9,30,19.85,48,19.9,10,1,2022-04-07 09:04:20
1649322260538620000,19.9,10,19.85,48,19.95,68,1,2022-04-07 09:04:20
1649322260816252000,19.95,10,19.9,20,19.95,58,1,2022-04-07 09:04:20
1649322260984759000,19.95,5,19.9,40,19.95,53,1,2022-04-07 09:04:20
1649322261067235000,19.95,1,19.9,40,19.95,52,1,2022-04-07 09:04:21
1649322261330162000,19.95,5,19.9,41,19.95,47,1,2022-04-07 09:04:21
1649322261361270000,19.95,20,19.9,41,19.95,27,1,2022-04-07 09:04:21
1649322261381365000,19.95,1,19.9,43,19.95,26,1,2022-04-07 09:04:21
1649322261491673000,19.95,20,19.9,45,19.95,7,1,2022-04-07 09:04:21
1649322261556271000,19.95,7,19.95,13,20.0,163,1,2022-04-07 09:04:21
1649322261564726000,20.0,5,19.95,13,20.0,158,1,2022-04-07 09:04:21
1649322261652359000,20.0,8,19.95,13,20.0,150,1,2022-04-07 09:04:21
1649322261710044000,20.0,2,19.95,13,20.0,148,1,2022-04-07 09:04:21
1649322261787721000,20.0,50,19.95,13,20.0,98,1,2022-04-07 09:04:21
1649322261814722000,20.0,2,19.95,13,20.0,96,1,2022-04-07 09:04:21
1649322262034716000,20.0,1,19.95,16,20.0,95,1,2022-04-07 09:04:22
1649322262489855000,20.0,1,19.95,16,20.0,94,1,2022-04-07 09:04:22
1649322262605911000,20.0,5,19.95,16,20.0,89,1,2022-04-07 09:04:22
1649322262773470000,20.0,1,19.95,16,20.0,88,1,2022-04-07 09:04:22
1649322263069962000,20.0,10,19.95,18,20.0,74,1,2022-04-07 09:04:23
1649322263155904000,19.95,2,19.95,16,20.0,74,2,2022-04-07 09:04:23
1649322263258765000,20.0,5,19.95,16,20.0,69,1,2022-04-07 09:04:23
1649322263354426000,20.0,15,19.95,16,20.0,54,1,2022-04-07 09:04:23
1649322263750842000,20.0,1,19.95,13,20.0,53,1,2022-04-07 09:04:23
1649322263779868000,20.0,1,19.95,13,20.0,52,1,2022-04-07 09:04:23
1649322263897411000,20.0,1,19.95,13,20.0,51,1,2022-04-07 09:04:23
1649322263936702000,20.0,5,19.95,13,20.0,46,1,2022-04-07 09:04:23
1649322263964583000,20.0,1,19.95,13,20.0,45,1,2022-04-07 09:04:23
1649322264184188000,20.0,1,19.95,13,20.0,44,1,2022-04-07 09:04:24
1649322264266634000,20.0,20,19.95,15,20.0,24,1,2022-04-07 09:04:24
1649322264533402000,20.0,2,19.95,15,20.0,22,1,2022-04-07 09:04:24
1649322264587343000,20.0,1,19.95,15,20.0,21,1,2022-04-07 09:04:24
1649322264810657000,20.0,2,19.95,15,20.0,19,1,2022-04-07 09:04:24
1649322264819991000,20.0,1,19.95,15,20.0,18,1,2022-04-07 09:04:24
1649322264937711000,20.0,18,20.0,2,20.05,18,1,2022-04-07 09:04:24
1649322265028241000,20.05,1,20.0,3,20.05,17,1,2022-04-07 09:04:25
1649322265063937000,20.05,1,20.0,3,20.05,16,1,2022-04-07 09:04:25
1649322265064763000,20.05,2,20.0,3,20.05,14,1,2022-04-07 09:04:25
1649322265065502000,20.05,1,20.0,3,20.05,13,1,2022-04-07 09:04:25
1649322265071751000,20.05,8,20.0,3,20.05,5,1,2022-04-07 09:04:25
1649322265116640000,20.05,5,20.0,3,20.1,15,1,2022-04-07 09:04:25
1649322265116640000,20.1,5,20.0,3,20.1,15,1,2022-04-07 09:04:25
1649322265159088000,20.0,1,20.0,12,20.1,15,2,2022-04-07 09:04:25
1649322265160421000,20.1,2,20.0,12,20.1,13,1,2022-04-07 09:04:25
1649322265160979000,20.0,2,20.0,10,20.1,13,2,2022-04-07 09:04:25
1649322265161261000,20.1,3,20.0,10,20.1,10,1,2022-04-07 09:04:25
1649322265242629000,20.1,5,20.0,10,20.1,5,1,2022-04-07 09:04:25
1649322265254340000,20.1,4,20.0,10,20.1,1,1,2022-04-07 09:04:25
1649322265283576000,20.1,1,20.1,1,20.15,1,1,2022-04-07 09:04:25
1649322266009467000,20.1,3,20.0,6,20.15,1,2,2022-04-07 09:04:26
1649322266009467000,20.0,7,20.0,6,20.15,1,2,2022-04-07 09:04:26
1649322266734642000,20.15,1,20.15,6,20.2,41,1,2022-04-07 09:04:26
1649322266760576000,20.15,3,20.15,3,20.2,41,2,2022-04-07 09:04:26
1649322266760592000,20.15,3,20.0,3,20.2,41,2,2022-04-07 09:04:26
1649322266808568000,20.0,1,20.0,2,20.15,3,2,2022-04-07 09:04:26
1649322266860725000,20.15,3,20.0,2,20.2,41,1,2022-04-07 09:04:26
1649322266954303000,20.15,0,0.0,0,0.0,0,1,2022-04-07 09:04:26
1649322387674713000,20.0,287,19.95,11,20.0,11,2,2022-04-07 09:06:27
1649322388283193000,19.95,11,19.8,34,20.0,11,2,2022-04-07 09:06:28
1649322388283193000,19.9,8,19.8,34,20.0,11,2,2022-04-07 09:06:28
1649322388283193000,19.8,9,19.8,34,20.0,11,2,2022-04-07 09:06:28
1649322388293680000,19.8,8,19.8,26,20.0,11,2,2022-04-07 09:06:28
1649322388867281000,20.0,1,19.8,26,20.0,10,1,2022-04-07 09:06:28
1649322389700049000,19.85,1,19.85,4,19.95,6,2,2022-04-07 09:06:29
1649322389986691000,19.85,1,19.85,3,19.95,6,2,2022-04-07 09:06:29
1649322391452239000,19.9,1,19.85,5,19.9,17,1,2022-04-07 09:06:31
1649322391649832000,19.9,1,19.85,5,19.9,16,1,2022-04-07 09:06:31
1649322392055403000,19.9,1,19.85,5,19.9,13,1,2022-04-07 09:06:32
1649322392117298000,19.9,3,19.85,5,19.9,10,1,2022-04-07 09:06:32
1649322392442213000,19.85,5,19.8,26,19.9,10,2,2022-04-07 09:06:32
1649322392754628000,19.9,3,19.85,1,19.9,7,1,2022-04-07 09:06:32
1649322392892737000,19.9,1,19.85,1,19.9,6,1,2022-04-07 09:06:32
1649322393260305000,19.9,1,19.85,1,19.9,5,1,2022-04-07 09:06:33
1649322394163654000,19.85,1,19.8,25,19.9,18,2,2022-04-07 09:06:34
1649322394163654000,19.8,1,19.8,25,19.9,18,2,2022-04-07 09:06:34
1649322394366387000,19.9,1,19.8,25,19.9,17,1,2022-04-07 09:06:34
1649322394763173000,19.9,1,19.8,25,19.9,17,1,2022-04-07 09:06:34
1649322395175123000,19.85,1,19.8,25,19.9,17,2,2022-04-07 09:06:35
1649322395944441000,19.85,1,19.85,15,19.9,18,2,2022-04-07 09:06:35
1649322396740567000,19.85,2,19.85,18,19.9,18,2,2022-04-07 09:06:36
1649322396794499000,19.9,10,19.85,18,19.9,8,1,2022-04-07 09:06:36
1649322397035914000,19.85,3,19.85,15,19.9,8,2,2022-04-07 09:06:37
1649322397661281000,19.9,1,19.85,15,19.9,7,1,2022-04-07 09:06:37
1649322397805843000,19.9,1,19.85,15,19.9,6,1,2022-04-07 09:06:37
1649322398387182000,19.9,2,19.85,15,19.9,4,1,2022-04-07 09:06:38
1649322398508732000,19.85,1,19.85,14,19.9,4,2,2022-04-07 09:06:38
1649322398815927000,19.9,3,19.85,14,19.9,1,1,2022-04-07 09:06:38
1649322400257621000,19.9,1,19.85,15,19.9,1,1,2022-04-07 09:06:40
1649322400805689000,19.9,1,19.85,21,19.95,21,1,2022-04-07 09:06:40
1649322401714963000,19.85,1,19.85,22,19.9,2,2,2022-04-07 09:06:41
1649322402227987000,19.85,1,19.85,21,19.9,12,2,2022-04-07 09:06:42
1649322402356917000,19.9,1,19.85,21,19.9,11,1,2022-04-07 09:06:42
1649322402823865000,19.9,1,19.85,23,19.9,10,1,2022-04-07 09:06:42
1649322403003179000,19.9,1,19.85,23,19.9,9,1,2022-04-07 09:06:43
1649322403121444000,19.85,3,19.85,20,19.9,9,2,2022-04-07 09:06:43
1649322403450784000,19.9,10,19.85,20,20.0,42,1,2022-04-07 09:06:43
1649322403450784000,19.95,27,19.85,20,20.0,42,1,2022-04-07 09:06:43
1649322403450784000,20.0,13,19.85,20,20.0,42,1,2022-04-07 09:06:43
1649322403617848000,19.9,3,19.85,20,19.9,15,1,2022-04-07 09:06:43
1649322403949626000,19.9,10,19.85,20,19.9,5,1,2022-04-07 09:06:43
1649322404339514000,19.85,10,19.85,10,19.9,5,2,2022-04-07 09:06:44
1649322404751096000,19.9,4,19.85,10,19.9,1,1,2022-04-07 09:06:44
1649322404776032000,19.9,1,19.9,15,19.95,10,1,2022-04-07 09:06:44
1649322405352467000,19.9,1,19.9,15,19.95,12,2,2022-04-07 09:06:45
1649322405978966000,19.9,18,19.85,10,19.95,17,2,2022-04-07 09:06:45
1649322406417493000,19.95,1,19.9,5,19.95,16,1,2022-04-07 09:06:46
1649322406595380000,19.95,4,19.9,6,19.95,12,1,2022-04-07 09:06:46
1649322407462365000,19.9,1,19.9,11,19.95,22,2,2022-04-07 09:06:47
1649322407672898000,19.95,1,19.9,11,19.95,21,1,2022-04-07 09:06:47
1649322407692625000,19.95,5,19.9,11,19.95,16,1,2022-04-07 09:06:47
1649322408295528000,19.9,10,19.9,1,19.95,26,2,2022-04-07 09:06:48
1649322409045973000,19.9,1,19.9,3,19.95,26,2,2022-04-07 09:06:49
1649322409270966000,19.9,3,19.9,2,19.95,27,2,2022-04-07 09:06:49
1649322409527248000,19.9,1,19.9,3,19.95,27,2,2022-04-07 09:06:49
1649322409553796000,19.95,1,19.9,3,19.95,26,1,2022-04-07 09:06:49
1649322409727842000,19.9,3,19.85,30,19.95,26,2,2022-04-07 09:06:49
1649322409727842000,19.85,1,19.85,30,19.95,26,2,2022-04-07 09:06:49
1649322409948117000,19.95,1,19.9,1,19.95,25,1,2022-04-07 09:06:49
1649322410022709000,19.9,1,19.85,30,19.95,25,2,2022-04-07 09:06:50
1649322410186498000,19.95,1,19.85,30,19.95,24,1,2022-04-07 09:06:50
1649322410460893000,19.9,1,19.85,30,19.95,23,1,2022-04-07 09:06:50
1649322410460893000,19.95,1,19.85,30,19.95,23,1,2022-04-07 09:06:50
1649322411003835000,19.9,2,19.85,30,19.95,24,2,2022-04-07 09:06:51
1649322411200122000,19.9,1,19.85,30,19.9,1,2,2022-04-07 09:06:51
1649322411506982000,19.85,10,19.85,20,19.9,1,2,2022-04-07 09:06:51
1649322411920841000,19.9,1,19.9,9,19.95,24,1,2022-04-07 09:06:51
1649322412578710000,19.9,5,19.9,13,19.95,24,2,2022-04-07 09:06:52
1649322412636061000,19.9,2,19.9,11,19.95,24,2,2022-04-07 09:06:52
1649322413284143000,19.9,3,19.9,8,19.95,24,2,2022-04-07 09:06:53
1649322414014208000,19.95,1,19.9,22,19.95,23,1,2022-04-07 09:06:54
1649322414131664000,19.9,10,19.9,15,19.95,23,2,2022-04-07 09:06:54
1649322414263342000,19.9,2,19.9,13,19.95,23,2,2022-04-07 09:06:54
1649322414677273000,19.9,1,19.9,13,19.95,24,2,2022-04-07 09:06:54
1649322414851963000,19.9,1,19.9,12,19.95,34,2,2022-04-07 09:06:54
1649322415577732000,19.95,1,19.9,12,19.95,33,1,2022-04-07 09:06:55
1649322415580404000,19.95,1,19.9,12,19.95,32,1,2022-04-07 09:06:55
1649322415788455000,19.95,2,19.9,12,19.95,40,1,2022-04-07 09:06:55
1649322415788522000,19.95,20,19.9,12,19.95,20,1,2022-04-07 09:06:55
1649322416100920000,19.95,1,19.9,12,19.95,19,1,2022-04-07 09:06:56
1649322416574858000,19.9,1,19.9,11,19.95,19,2,2022-04-07 09:06:56
1649322416936446000,19.95,1,19.9,11,19.95,18,1,2022-04-07 09:06:56
1649322417118147000,19.95,1,19.9,11,19.95,17,1,2022-04-07 09:06:57
1649322417414788000,19.9,1,19.9,10,19.95,17,2,2022-04-07 09:06:57
1649322417985574000,19.9,1,19.9,10,19.95,17,2,2022-04-07 09:06:57
1649322418756790000,19.9,3,19.9,11,19.95,18,2,2022-04-07 09:06:58
1649322419018595000,19.95,5,19.9,11,19.95,13,1,2022-04-07 09:06:59
1649322419412847000,19.95,1,19.9,12,19.95,13,1,2022-04-07 09:06:59
1649322419503049000,19.9,1,19.9,11,19.95,13,2,2022-04-07 09:06:59
1649322419823524000,19.95,2,19.9,11,19.95,11,1,2022-04-07 09:06:59
1649322420274427000,19.95,1,19.9,12,19.95,10,1,2022-04-07 09:07:00
1649322420726460000,19.95,5,19.9,12,19.95,7,1,2022-04-07 09:07:00
1649322420758208000,19.95,3,19.9,12,19.95,4,1,2022-04-07 09:07:00
1649322421531333000,19.9,4,19.9,12,19.95,4,2,2022-04-07 09:07:01
1649322421576026000,19.95,1,19.9,12,19.95,3,1,2022-04-07 09:07:01
1649322421944653000,19.95,1,19.9,22,19.95,2,1,2022-04-07 09:07:01
1649322422517696000,19.95,1,19.9,28,19.95,1,1,2022-04-07 09:07:02
1649322423044381000,19.9,3,19.9,25,19.95,1,2,2022-04-07 09:07:03
1649322423849151000,19.95,2,19.9,27,19.95,7,1,2022-04-07 09:07:03
1649322424149123000,19.95,2,19.9,27,19.95,5,1,2022-04-07 09:07:04
1649322424170582000,19.95,1,19.9,27,19.95,4,1,2022-04-07 09:07:04
1649322424451206000,19.9,1,19.9,27,19.95,4,2,2022-04-07 09:07:04
1649322424956056000,19.9,5,19.9,25,19.95,4,2,2022-04-07 09:07:04
1649322426417829000,19.9,5,19.9,28,19.95,9,2,2022-04-07 09:07:06
1649322426828731000,19.9,1,19.9,28,19.95,9,2,2022-04-07 09:07:06
1649322426881380000,19.9,3,19.9,25,19.95,9,2,2022-04-07 09:07:06
1649322427673820000,19.95,2,19.9,28,19.95,7,1,2022-04-07 09:07:07
1649322428273609000,19.95,7,19.95,3,20.0,47,1,2022-04-07 09:07:08
1649322428465124000,19.95,2,19.95,1,20.0,47,2,2022-04-07 09:07:08
1649322428686007000,19.95,1,19.9,29,20.0,47,2,2022-04-07 09:07:08
1649322428751757000,19.9,2,19.9,27,20.0,47,2,2022-04-07 09:07:08
1649322429141723000,19.95,1,19.95,49,20.0,47,1,2022-04-07 09:07:09
1649322429998181000,19.95,2,19.95,47,20.0,47,2,2022-04-07 09:07:09
1649322430433393000,19.95,1,19.95,46,20.0,47,2,2022-04-07 09:07:10
1649322430895426000,20.0,1,19.95,47,20.0,46,1,2022-04-07 09:07:10
1649322431449053000,20.0,3,19.95,47,20.0,43,1,2022-04-07 09:07:11
1649322432452207000,19.95,5,19.95,44,20.0,43,2,2022-04-07 09:07:12
1649322433494201000,20.0,1,19.95,45,20.0,42,1,2022-04-07 09:07:13
1649322433654364000,19.95,10,19.95,35,20.0,42,2,2022-04-07 09:07:13
1649322434003096000,19.95,4,19.95,31,20.0,42,2,2022-04-07 09:07:14
1649322434338740000,20.0,1,19.95,31,20.0,41,1,2022-04-07 09:07:14
1649322434597620000,19.95,1,19.95,30,20.0,41,2,2022-04-07 09:07:14
1649322434668373000,19.95,1,19.95,29,20.0,41,2,2022-04-07 09:07:14
1649322435034409000,19.95,2,19.95,30,20.0,41,2,2022-04-07 09:07:15
1649322435680576000,19.95,4,19.95,27,20.0,41,2,2022-04-07 09:07:15
1649322435759641000,19.95,2,19.95,25,20.0,41,2,2022-04-07 09:07:15
1649322436532583000,20.0,1,19.95,25,20.0,40,1,2022-04-07 09:07:16
1649322436569322000,19.95,10,19.95,15,20.0,40,2,2022-04-07 09:07:16
1649322436872820000,19.95,4,19.95,11,20.0,40,2,2022-04-07 09:07:16
1649322436995402000,19.95,5,19.95,7,20.0,40,2,2022-04-07 09:07:16
1649322437334739000,19.95,5,19.95,2,20.0,40,2,2022-04-07 09:07:17
1649322437346150000,19.95,2,19.9,66,19.95,48,2,2022-04-07 09:07:17
1649322437622638000,19.95,1,19.9,65,19.95,83,1,2022-04-07 09:07:17
1649322437962856000,19.95,5,19.9,65,19.95,88,1,2022-04-07 09:07:17
1649322437969575000,19.95,1,19.9,65,19.95,87,1,2022-04-07 09:07:17
1649322438054048000,19.95,2,19.9,65,19.95,85,1,2022-04-07 09:07:18
1649322438117711000,19.9,20,19.9,45,19.95,100,2,2022-04-07 09:07:18
1649322438154367000,19.9,31,19.9,14,19.95,100,2,2022-04-07 09:07:18
1649322438154444000,19.9,14,19.85,91,19.95,100,2,2022-04-07 09:07:18
1649322438186317000,19.9,2,19.85,91,19.95,100,2,2022-04-07 09:07:18
1649322438311117000,19.9,1,19.85,91,19.9,19,1,2022-04-07 09:07:18
1649322438328957000,19.9,1,19.85,91,19.9,18,1,2022-04-07 09:07:18
1649322438478093000,19.9,5,19.85,91,19.9,13,1,2022-04-07 09:07:18
1649322438762653000,19.9,1,19.85,91,19.9,49,1,2022-04-07 09:07:18
1649322438816623000,19.9,1,19.85,91,19.9,48,1,2022-04-07 09:07:18
1649322439024058000,19.85,2,19.85,89,19.9,48,2,2022-04-07 09:07:19
1649322439261384000,19.85,20,19.85,69,19.9,78,2,2022-04-07 09:07:19
1649322439297243000,19.85,19,19.85,50,19.9,78,2,2022-04-07 09:07:19
1649322439501316000,19.85,1,19.85,49,19.9,78,2,2022-04-07 09:07:19
1649322439563430000,19.85,30,19.85,19,19.9,78,2,2022-04-07 09:07:19
1649322439593981000,19.85,3,19.85,16,19.9,78,2,2022-04-07 09:07:19
1649322439593998000,19.85,3,19.85,13,19.9,78,2,2022-04-07 09:07:19
1649322439594013000,19.85,3,19.85,10,19.9,78,2,2022-04-07 09:07:19
1649322439594029000,19.85,3,19.85,7,19.9,78,2,2022-04-07 09:07:19
1649322439594092000,19.85,3,19.85,4,19.9,78,2,2022-04-07 09:07:19
1649322439594096000,19.85,3,19.85,1,19.9,78,2,2022-04-07 09:07:19
1649322439594262000,19.85,1,19.8,83,19.9,78,2,2022-04-07 09:07:19
1649322439659199000,19.85,1,19.8,83,19.85,9,1,2022-04-07 09:07:19
1649322439746324000,19.85,3,19.8,83,19.85,6,1,2022-04-07 09:07:19
1649322439833439000,19.85,1,19.8,83,19.85,5,1,2022-04-07 09:07:19
1649322439899912000,19.8,5,19.8,78,19.85,5,2,2022-04-07 09:07:19
1649322440090865000,19.85,1,19.8,78,19.85,5,1,2022-04-07 09:07:20
1649322440111669000,19.8,1,19.8,77,19.85,5,2,2022-04-07 09:07:20
1649322440172174000,19.8,5,19.8,72,19.85,5,2,2022-04-07 09:07:20
1649322440321172000,19.85,2,19.8,72,19.85,3,1,2022-04-07 09:07:20
1649322440799926000,19.8,5,19.8,67,19.85,25,2,2022-04-07 09:07:20
1649322441086630000,19.8,1,19.8,66,19.85,36,2,2022-04-07 09:07:21
1649322441150008000,19.85,1,19.8,66,19.85,35,1,2022-04-07 09:07:21
1649322441573188000,19.85,5,19.8,71,19.85,30,1,2022-04-07 09:07:21
1649322442744614000,19.8,71,19.75,56,19.8,40,2,2022-04-07 09:07:22
1649322443732745000,19.8,5,19.75,55,19.8,35,1,2022-04-07 09:07:23
1649322443928095000,19.8,10,19.75,55,19.8,25,1,2022-04-07 09:07:23
1649322444542863000,19.8,1,19.75,55,19.85,50,1,2022-04-07 09:07:24
1649322444542863000,19.85,1,19.75,55,19.85,50,1,2022-04-07 09:07:24
1649322445373481000,19.75,1,19.75,54,19.85,50,2,2022-04-07 09:07:25
1649322445616961000,19.8,1,19.75,54,19.85,50,2,2022-04-07 09:07:25
1649322446408515000,19.8,1,19.75,54,19.85,50,2,2022-04-07 09:07:26
1649322447134697000,19.8,2,19.8,1,19.85,50,2,2022-04-07 09:07:27
1649322448535050000,19.8,1,19.8,2,19.85,50,2,2022-04-07 09:07:28
1649322449428728000,19.8,1,19.8,1,19.85,50,2,2022-04-07 09:07:29
1649322450295783000,19.8,2,19.8,1,19.85,50,2,2022-04-07 09:07:30
1649322451700815000,19.8,1,19.75,60,19.8,4,2,2022-04-07 09:07:31
1649322451827881000,19.8,1,19.75,60,19.8,3,1,2022-04-07 09:07:31
1649322451846511000,19.8,1,19.75,60,19.8,2,1,2022-04-07 09:07:31
1649322451862906000,19.8,1,19.75,60,19.8,1,1,2022-04-07 09:07:31
1649322451894952000,19.8,1,19.75,60,19.85,45,1,2022-04-07 09:07:31
1649322452217487000,19.8,1,19.75,60,19.85,45,1,2022-04-07 09:07:32
1649322452390615000,19.75,5,19.75,55,19.85,45,2,2022-04-07 09:07:32
1649322453686821000,19.8,1,19.8,1,19.85,45,1,2022-04-07 09:07:33
1649322453902906000,19.8,2,19.75,55,19.8,1,2,2022-04-07 09:07:33
1649322453914898000,19.8,1,19.75,55,19.85,45,1,2022-04-07 09:07:33
1649322454285877000,19.85,5,19.75,61,19.85,40,1,2022-04-07 09:07:34
1649322454343147000,19.75,40,19.75,21,19.85,40,2,2022-04-07 09:07:34
1649322454357709000,19.75,2,19.75,19,19.85,40,2,2022-04-07 09:07:34
1649322454402033000,19.75,19,19.7,92,19.85,40,2,2022-04-07 09:07:34
1649322454402033000,19.7,16,19.7,92,19.85,40,2,2022-04-07 09:07:34
1649322454453478000,19.7,3,19.7,89,19.85,40,2,2022-04-07 09:07:34
1649322454592920000,19.7,1,19.7,88,19.85,40,2,2022-04-07 09:07:34
1649322454603726000,19.7,1,19.7,87,19.85,40,2,2022-04-07 09:07:34
1649322454609382000,19.7,1,19.7,86,19.85,40,2,2022-04-07 09:07:34
1649322455091252000,19.7,2,19.7,84,19.75,4,2,2022-04-07 09:07:35
1649322455457698000,19.7,10,19.7,74,19.75,4,2,2022-04-07 09:07:35
1649322455808043000,19.7,15,19.7,59,19.75,4,2,2022-04-07 09:07:35
1649322456025174000,19.75,1,19.7,60,19.75,3,1,2022-04-07 09:07:36
1649322456526706000,19.75,3,19.7,60,19.8,18,1,2022-04-07 09:07:36
1649322456526706000,19.8,2,19.7,60,19.8,18,1,2022-04-07 09:07:36
1649322456604422000,19.8,1,19.7,60,19.8,17,1,2022-04-07 09:07:36
1649322457375144000,19.7,2,19.7,59,19.8,17,2,2022-04-07 09:07:37
1649322457706753000,19.7,3,19.7,55,19.8,20,2,2022-04-07 09:07:37
1649322458178270000,19.75,1,19.75,2,19.8,21,1,2022-04-07 09:07:38
1649322458305320000,19.8,2,19.75,2,19.8,19,1,2022-04-07 09:07:38
1649322458956309000,19.75,1,19.75,1,19.8,8,2,2022-04-07 09:07:38
1649322459267500000,19.75,1,19.7,70,19.75,1,2,2022-04-07 09:07:39
1649322459303475000,19.75,1,19.7,70,19.8,9,1,2022-04-07 09:07:39
1649322459742273000,19.8,1,19.75,1,19.8,11,1,2022-04-07 09:07:39
1649322459892078000,19.75,1,19.7,70,19.8,11,2,2022-04-07 09:07:39
1649322459909931000,19.7,7,19.7,63,19.8,14,2,2022-04-07 09:07:39
1649322460146170000,19.7,4,19.7,61,19.8,14,2,2022-04-07 09:07:40
1649322461398055000,19.75,1,19.75,24,19.8,14,2,2022-04-07 09:07:41
1649322461446122000,19.75,1,19.75,38,19.8,14,2,2022-04-07 09:07:41
1649322461796488000,19.75,1,19.75,37,19.8,15,2,2022-04-07 09:07:41
1649322462513177000,19.75,5,19.75,33,19.8,15,2,2022-04-07 09:07:42
1649322462738374000,19.75,1,19.75,32,19.8,15,2,2022-04-07 09:07:42
1649322463123369000,19.75,1,19.75,31,19.8,15,2,2022-04-07 09:07:43
1649322463512050000,19.8,2,19.75,31,19.8,13,1,2022-04-07 09:07:43
1649322465732797000,19.75,5,19.75,26,19.8,14,2,2022-04-07 09:07:45
1649322465932640000,19.8,14,19.8,1,19.85,39,1,2022-04-07 09:07:45
1649322467013276000,19.85,1,19.8,1,19.85,41,1,2022-04-07 09:07:47
1649322467083192000,19.8,1,19.7,80,19.75,6,2,2022-04-07 09:07:47
1649322467083192000,19.75,13,19.7,80,19.75,6,2,2022-04-07 09:07:47
1649322467119372000,19.75,3,19.7,80,19.75,3,1,2022-04-07 09:07:47
1649322467120254000,19.75,3,19.7,80,19.85,41,1,2022-04-07 09:07:47
1649322468104035000,19.75,1,19.7,81,19.8,2,1,2022-04-07 09:07:48
1649322468364923000,19.75,1,19.7,81,19.75,9,2,2022-04-07 09:07:48
1649322468399201000,19.75,9,19.7,81,19.8,3,1,2022-04-07 09:07:48
1649322468955377000,19.75,1,19.7,81,19.8,3,2,2022-04-07 09:07:48
1649322470614170000,19.8,1,19.75,33,19.8,8,1,2022-04-07 09:07:50
1649322470633039000,19.75,20,19.75,13,19.8,8,2,2022-04-07 09:07:50
1649322470895478000,19.8,1,19.75,13,19.8,7,1,2022-04-07 09:07:50
1649322472721326000,19.75,16,19.7,90,19.8,7,2,2022-04-07 09:07:52
1649322474364971000,19.75,1,19.75,11,19.8,10,2,2022-04-07 09:07:54
1649322474401253000,19.75,1,19.75,10,19.8,10,2,2022-04-07 09:07:54
1649322474848242000,19.8,1,19.75,15,19.8,12,1,2022-04-07 09:07:54
1649322475369896000,19.75,1,19.75,24,19.8,12,2,2022-04-07 09:07:55
1649322475784649000,19.75,1,19.75,24,19.8,18,2,2022-04-07 09:07:55
1649322477321076000,19.75,3,19.75,26,19.8,28,2,2022-04-07 09:07:57
1649322477431731000,19.75,1,19.75,25,19.8,28,2,2022-04-07 09:07:57
1649322477716965000,19.75,1,19.75,24,19.8,28,2,2022-04-07 09:07:57
1649322479508528000,19.75,1,19.75,26,19.8,45,2,2022-04-07 09:07:59
1649322479690774000,19.75,2,19.75,26,19.8,45,2,2022-04-07 09:07:59
1649322480894389000,19.8,9,19.75,17,19.8,37,1,2022-04-07 09:08:00
1649322481576693000,19.75,1,19.75,16,19.8,39,2,2022-04-07 09:08:01
1649322482120959000,19.75,1,19.75,15,19.8,39,2,2022-04-07 09:08:02
1649322482250886000,19.75,5,19.75,10,19.8,39,2,2022-04-07 09:08:02
1649322483031533000,19.75,13,19.7,98,19.75,17,2,2022-04-07 09:08:03
1649322483193147000,19.7,2,19.7,96,19.75,20,2,2022-04-07 09:08:03
1649322483334351000,19.75,1,19.7,96,19.75,19,1,2022-04-07 09:08:03
1649322483674891000,19.75,10,19.7,95,19.75,9,1,2022-04-07 09:08:03
1649322484099914000,19.75,5,19.7,95,19.75,7,1,2022-04-07 09:08:04
1649322484869558000,19.75,1,19.7,95,19.75,6,1,2022-04-07 09:08:04
1649322486263028000,19.7,1,19.7,98,19.75,7,2,2022-04-07 09:08:06
1649322486302714000,19.75,1,19.7,98,19.75,6,1,2022-04-07 09:08:06
1649322486699163000,19.75,2,19.7,98,19.75,5,1,2022-04-07 09:08:06
1649322486713075000,19.75,5,19.75,5,19.8,39,1,2022-04-07 09:08:06
1649322487757154000,19.75,1,19.75,4,19.8,39,2,2022-04-07 09:08:07
1649322488879848000,19.8,1,19.75,16,19.8,55,1,2022-04-07 09:08:08
1649322489755864000,19.8,1,19.75,17,19.8,54,1,2022-04-07 09:08:09
1649322491816184000,19.75,1,19.75,18,19.8,54,2,2022-04-07 09:08:11
1649322492182183000,19.75,1,19.75,22,19.8,55,2,2022-04-07 09:08:12
1649322494072084000,19.8,7,19.75,83,19.8,51,1,2022-04-07 09:08:14
1649322494104821000,19.8,26,19.75,83,19.8,25,1,2022-04-07 09:08:14
1649322494137736000,19.8,17,19.75,83,19.8,8,1,2022-04-07 09:08:14
1649322494207928000,19.8,8,19.8,67,19.85,39,1,2022-04-07 09:08:14
1649322495547374000,19.85,5,19.8,104,19.85,34,1,2022-04-07 09:08:15
1649322496260981000,19.85,20,19.8,104,19.85,14,1,2022-04-07 09:08:16
1649322496285947000,19.85,1,19.8,104,19.85,13,1,2022-04-07 09:08:16
1649322496535254000,19.85,1,19.8,104,19.85,12,1,2022-04-07 09:08:16
1649322497102631000,19.85,2,19.8,104,19.85,5,1,2022-04-07 09:08:17
1649322497416282000,19.85,1,19.8,104,19.85,4,1,2022-04-07 09:08:17
1649322497609891000,19.8,2,19.8,102,19.85,4,2,2022-04-07 09:08:17
1649322497771533000,19.85,4,19.85,1,19.9,25,1,2022-04-07 09:08:17
1649322498060393000,19.85,1,19.85,4,19.9,15,2,2022-04-07 09:08:18
1649322499127507000,19.85,3,19.85,14,19.9,15,2,2022-04-07 09:08:19
1649322500629845000,19.9,1,19.85,35,19.9,14,1,2022-04-07 09:08:20
1649322501094220000,19.85,5,19.85,31,19.9,14,2,2022-04-07 09:08:21
1649322502042495000,19.85,3,19.85,47,19.9,13,2,2022-04-07 09:08:22
1649322502309857000,19.9,1,19.85,47,19.9,13,1,2022-04-07 09:08:22
1649322504502351000,19.85,1,19.85,47,19.9,12,2,2022-04-07 09:08:24
1649322504527011000,19.85,3,19.85,44,19.9,12,2,2022-04-07 09:08:24
1649322506381701000,19.9,10,19.85,46,19.9,4,1,2022-04-07 09:08:26
1649322506843674000,19.85,1,19.85,45,19.9,4,2,2022-04-07 09:08:26
1649322508079979000,19.9,1,19.85,45,19.9,4,1,2022-04-07 09:08:28
1649322508397919000,19.85,1,19.85,44,19.9,4,2,2022-04-07 09:08:28
1649322508927527000,19.9,4,19.9,1,19.95,13,1,2022-04-07 09:08:28
1649322509075913000,19.9,2,19.85,44,19.95,13,2,2022-04-07 09:08:29
1649322510596366000,19.9,1,19.85,24,19.9,20,1,2022-04-07 09:08:30
1649322510832074000,19.85,1,19.85,23,19.9,20,2,2022-04-07 09:08:30
1649322510861938000,19.9,2,19.85,23,19.9,18,1,2022-04-07 09:08:30
1649322512256605000,19.9,10,19.85,25,19.9,13,1,2022-04-07 09:08:32
1649322513404818000,19.9,3,19.85,26,19.9,12,1,2022-04-07 09:08:33
1649322513502016000,19.85,1,19.85,25,19.9,12,2,2022-04-07 09:08:33
1649322513540572000,19.9,2,19.85,25,19.9,10,1,2022-04-07 09:08:33
1649322513752940000,19.9,11,19.9,9,19.95,16,1,2022-04-07 09:08:33
1649322515124410000,19.9,2,19.9,7,19.95,13,2,2022-04-07 09:08:35
1649322516360646000,19.9,5,19.9,3,19.95,19,2,2022-04-07 09:08:36
1649322516980351000,19.95,1,19.9,5,19.95,19,1,2022-04-07 09:08:36
1649322518055260000,19.9,1,19.9,4,19.95,19,2,2022-04-07 09:08:38
1649322518368121000,19.9,1,19.9,4,19.95,19,2,2022-04-07 09:08:38
1649322519451976000,19.9,1,19.9,6,19.95,22,2,2022-04-07 09:08:39
1649322521844690000,19.9,1,19.9,10,19.95,22,2,2022-04-07 09:08:41
1649322521861233000,19.9,1,19.9,9,19.95,22,2,2022-04-07 09:08:41
1649322521896547000,19.95,1,19.9,9,19.95,21,1,2022-04-07 09:08:41
1649322524576616000,19.9,1,19.9,11,19.95,23,2,2022-04-07 09:08:44
1649322524838648000,19.95,10,19.9,11,19.95,13,1,2022-04-07 09:08:44
1649322525507630000,19.95,1,19.9,12,19.95,12,1,2022-04-07 09:08:45
1649322528650735000,19.95,2,19.9,15,19.95,23,1,2022-04-07 09:08:48
1649322528840888000,19.95,1,19.9,15,19.95,23,1,2022-04-07 09:08:48
1649322529362582000,19.95,1,19.9,15,19.95,22,1,2022-04-07 09:08:49
1649322530469092000,19.95,1,19.9,18,19.95,37,1,2022-04-07 09:08:50
1649322530616882000,19.9,18,19.85,36,19.9,4,2,2022-04-07 09:08:50
1649322530817100000,19.9,1,19.85,36,19.9,3,1,2022-04-07 09:08:50
1649322530855272000,19.9,3,19.9,2,19.95,37,1,2022-04-07 09:08:50
1649322530929512000,19.95,1,19.9,2,19.95,36,1,2022-04-07 09:08:50
1649322531435128000,19.95,1,19.9,2,19.95,39,1,2022-04-07 09:08:51
1649322531906071000,19.95,1,19.9,5,19.95,38,1,2022-04-07 09:08:51
1649322531961314000,19.9,1,19.9,5,19.95,38,2,2022-04-07 09:08:51
1649322532326259000,19.95,1,19.9,5,19.95,38,1,2022-04-07 09:08:52
1649322532866559000,19.95,3,19.9,5,19.95,36,1,2022-04-07 09:08:52
1649322533840715000,19.95,2,19.9,5,19.95,34,1,2022-04-07 09:08:53
1649322536195400000,19.95,1,19.9,6,19.95,51,1,2022-04-07 09:08:56
1649322537147827000,19.9,6,19.85,39,19.95,74,2,2022-04-07 09:08:57
1649322537226526000,19.95,20,19.85,39,19.95,55,1,2022-04-07 09:08:57
1649322537515248000,19.95,10,19.85,40,19.95,46,1,2022-04-07 09:08:57
1649322537655992000,19.85,1,19.85,39,19.95,46,2,2022-04-07 09:08:57
1649322538825936000,19.9,2,19.85,42,19.9,14,1,2022-04-07 09:08:58
1649322539119516000,19.9,10,19.85,43,19.9,13,1,2022-04-07 09:08:59
1649322539445482000,19.9,1,19.85,43,19.9,38,1,2022-04-07 09:08:59
1649322539458136000,19.85,43,19.8,64,19.9,38,2,2022-04-07 09:08:59
1649322540967253000,19.8,64,19.75,101,19.8,38,2,2022-04-07 09:09:00
1649322541565928000,19.8,2,19.75,101,19.8,36,1,2022-04-07 09:09:01
1649322541715270000,19.8,5,19.75,101,19.8,31,1,2022-04-07 09:09:01
1649322541825285000,19.75,2,19.75,99,19.8,31,2,2022-04-07 09:09:01
1649322542503284000,19.8,10,19.75,100,19.8,21,1,2022-04-07 09:09:02
1649322543485751000,19.8,2,19.75,120,19.8,24,1,2022-04-07 09:09:03
1649322545422378000,19.75,10,19.75,110,19.8,24,2,2022-04-07 09:09:05
1649322546525847000,19.8,5,19.75,111,19.8,26,1,2022-04-07 09:09:06
1649322550846659000,19.8,5,19.75,121,19.8,27,1,2022-04-07 09:09:10
1649322551195432000,19.75,1,19.75,120,19.8,27,2,2022-04-07 09:09:11
1649322551799826000,19.8,1,19.75,123,19.8,26,1,2022-04-07 09:09:11
1649322552122329000,19.8,2,19.75,124,19.8,24,1,2022-04-07 09:09:12
1649322553663874000,19.8,1,19.75,130,19.8,23,1,2022-04-07 09:09:13
1649322554695615000,19.8,2,19.75,131,19.8,21,1,2022-04-07 09:09:14
1649322555002483000,19.8,5,19.75,131,19.8,16,1,2022-04-07 09:09:15
1649322555335417000,19.8,10,19.75,131,19.8,6,1,2022-04-07 09:09:15
1649322556059970000,19.75,5,19.75,126,19.8,21,2,2022-04-07 09:09:16
1649322556205641000,19.8,4,19.75,126,19.8,17,1,2022-04-07 09:09:16
1649322556277832000,19.8,1,19.75,126,19.8,21,1,2022-04-07 09:09:16
1649322556296588000,19.8,4,19.75,126,19.8,17,1,2022-04-07 09:09:16
1649322556617385000,19.8,3,19.75,126,19.8,14,1,2022-04-07 09:09:16
1649322557024434000,19.8,1,19.75,126,19.8,13,1,2022-04-07 09:09:17
1649322557547895000,19.8,2,19.75,126,19.8,11,1,2022-04-07 09:09:17
1649322557798558000,19.8,10,19.75,126,19.8,1,1,2022-04-07 09:09:17
1649322557853752000,19.75,4,19.75,122,19.8,1,2,2022-04-07 09:09:17
1649322558903169000,19.8,1,19.8,1,19.85,18,1,2022-04-07 09:09:18
1649322559402863000,19.85,2,19.8,3,19.85,16,1,2022-04-07 09:09:19
1649322560128310000,19.8,1,19.8,3,19.85,16,2,2022-04-07 09:09:20
1649322560771860000,19.8,1,19.8,12,19.85,16,2,2022-04-07 09:09:20
1649322561267693000,19.8,4,19.8,25,19.85,16,2,2022-04-07 09:09:21
1649322561477818000,19.8,1,19.8,27,19.85,7,2,2022-04-07 09:09:21
1649322567143971000,19.8,3,19.8,54,19.85,9,2,2022-04-07 09:09:27
1649322567737719000,19.8,1,19.8,53,19.85,13,2,2022-04-07 09:09:27
1649322569198938000,19.85,1,19.8,55,19.85,14,1,2022-04-07 09:09:29
1649322571093787000,19.85,1,19.8,59,19.85,16,1,2022-04-07 09:09:31
1649322571545895000,19.85,2,19.8,59,19.85,14,1,2022-04-07 09:09:31
1649322572820592000,19.85,17,19.8,65,19.9,27,1,2022-04-07 09:09:32
1649322572820592000,19.9,3,19.8,65,19.9,27,1,2022-04-07 09:09:32
1649322572904998000,19.8,1,19.8,64,19.9,27,2,2022-04-07 09:09:32
1649322574813763000,19.85,1,19.8,63,19.9,27,2,2022-04-07 09:09:34
1649322575457981000,19.85,1,19.85,2,19.9,27,1,2022-04-07 09:09:35
1649322576601100000,19.85,1,19.85,2,19.9,27,2,2022-04-07 09:09:36
1649322580563457000,19.85,3,19.85,10,19.9,28,2,2022-04-07 09:09:40
1649322580757399000,19.9,3,19.85,10,19.9,25,1,2022-04-07 09:09:40
1649322581140972000,19.85,2,19.85,8,19.9,25,2,2022-04-07 09:09:41
1649322585222534000,19.85,1,19.85,7,19.9,27,2,2022-04-07 09:09:45
1649322586708264000,19.9,1,19.85,7,19.9,26,1,2022-04-07 09:09:46
1649322586827883000,19.85,1,19.85,6,19.9,26,2,2022-04-07 09:09:46
1649322586989962000,19.85,6,19.8,77,19.85,4,2,2022-04-07 09:09:46
1649322587804226000,19.85,2,19.8,75,19.85,2,1,2022-04-07 09:09:47
1649322588472835000,19.85,3,19.8,75,19.9,27,1,2022-04-07 09:09:48
1649322589905009000,19.85,1,19.8,75,19.85,28,2,2022-04-07 09:09:49
1649322590036969000,19.85,1,19.8,65,19.85,27,1,2022-04-07 09:09:50
1649322590982401000,19.8,2,19.8,63,19.85,27,2,2022-04-07 09:09:50
1649322592463185000,19.85,3,19.8,63,19.85,27,1,2022-04-07 09:09:52
1649322592759877000,19.85,5,19.8,63,19.85,22,1,2022-04-07 09:09:52
1649322593360938000,19.85,1,19.8,63,19.85,24,1,2022-04-07 09:09:53
1649322593449008000,19.85,1,19.8,63,19.85,23,1,2022-04-07 09:09:53
1649322593724998000,19.8,1,19.8,63,19.85,23,2,2022-04-07 09:09:53
1649322595319601000,19.8,1,19.8,62,19.85,28,2,2022-04-07 09:09:55
1649322596338422000,19.85,1,19.8,66,19.85,30,1,2022-04-07 09:09:56
1649322597560334000,19.85,3,19.8,66,19.85,36,1,2022-04-07 09:09:57
1649322600034091000,19.85,3,19.8,71,19.85,34,1,2022-04-07 09:10:00
1649322601952107000,19.85,2,19.8,69,19.85,33,1,2022-04-07 09:10:01
1649322602647990000,19.85,2,19.8,71,19.85,47,1,2022-04-07 09:10:02
1649322602725382000,19.85,2,19.8,71,19.85,45,1,2022-04-07 09:10:02
1649322603158571000,19.8,1,19.8,70,19.85,45,2,2022-04-07 09:10:03
1649322604509309000,19.8,1,19.8,69,19.85,45,2,2022-04-07 09:10:04
1649322605254942000,19.8,1,19.8,69,19.85,45,2,2022-04-07 09:10:05
1649322605351995000,19.85,1,19.8,69,19.85,44,1,2022-04-07 09:10:05
1649322605741701000,19.85,1,19.8,71,19.85,43,1,2022-04-07 09:10:05
1649322606360910000,19.8,25,19.8,48,19.85,42,2,2022-04-07 09:10:06
1649322606362606000,19.8,1,19.8,47,19.85,42,2,2022-04-07 09:10:06
1649322606390980000,19.8,26,19.8,21,19.85,42,2,2022-04-07 09:10:06
1649322606393966000,19.8,1,19.8,20,19.85,42,2,2022-04-07 09:10:06
1649322606421542000,19.8,20,19.75,144,19.85,42,2,2022-04-07 09:10:06
1649322606635754000,19.8,1,19.75,144,19.85,35,1,2022-04-07 09:10:06
1649322606635754000,19.85,7,19.75,144,19.85,35,1,2022-04-07 09:10:06
1649322607302745000,19.8,1,19.75,143,19.8,19,1,2022-04-07 09:10:07
1649322608386041000,19.75,5,19.75,138,19.8,32,2,2022-04-07 09:10:08
1649322609002332000,19.75,2,19.75,136,19.8,32,2,2022-04-07 09:10:09
1649322609522691000,19.75,5,19.75,131,19.8,32,2,2022-04-07 09:10:09
1649322610167796000,19.8,5,19.75,131,19.8,27,1,2022-04-07 09:10:10
1649322611158483000,19.75,50,19.75,81,19.8,27,2,2022-04-07 09:10:11
1649322611185336000,19.75,1,19.75,80,19.8,27,2,2022-04-07 09:10:11
1649322611789327000,19.75,1,19.75,79,19.8,43,2,2022-04-07 09:10:11
1649322611931882000,19.75,20,19.75,59,19.8,43,2,2022-04-07 09:10:11
1649322611960947000,19.75,3,19.75,56,19.8,43,2,2022-04-07 09:10:11
1649322612090359000,19.75,5,19.75,51,19.8,43,2,2022-04-07 09:10:12
1649322612364971000,19.75,1,19.75,50,19.8,43,2,2022-04-07 09:10:12
1649322612522242000,19.75,50,19.7,113,19.75,100,2,2022-04-07 09:10:12
1649322612720849000,19.7,1,19.7,112,19.75,120,2,2022-04-07 09:10:12
1649322613391971000,19.7,1,19.7,111,19.75,121,2,2022-04-07 09:10:13
1649322613637381000,19.75,5,19.7,111,19.75,118,1,2022-04-07 09:10:13
1649322613703057000,19.7,111,19.65,56,19.7,39,2,2022-04-07 09:10:13
1649322613747344000,19.65,2,19.65,54,19.7,39,2,2022-04-07 09:10:13
1649322613781846000,19.65,54,19.6,176,19.7,39,2,2022-04-07 09:10:13
1649322613781846000,19.6,209,19.6,176,19.7,39,2,2022-04-07 09:10:13
1649322613831962000,19.6,3,19.6,173,19.7,39,2,2022-04-07 09:10:13
1649322613935103000,19.6,1,19.6,173,19.7,39,2,2022-04-07 09:10:13
1649322613955344000,19.6,3,19.6,170,19.7,39,2,2022-04-07 09:10:13
1649322614030303000,19.6,101,19.6,69,19.7,44,2,2022-04-07 09:10:14
1649322614031931000,19.6,3,19.6,66,19.7,44,2,2022-04-07 09:10:14
1649322614052026000,19.6,66,19.55,82,19.7,44,2,2022-04-07 09:10:14
1649322614190401000,19.7,1,19.55,82,19.7,45,1,2022-04-07 09:10:14
1649322615941093000,19.55,5,19.55,77,19.6,1,2,2022-04-07 09:10:15
1649322615991697000,19.55,1,19.55,76,19.6,1,2,2022-04-07 09:10:15
1649322616090720000,19.55,3,19.55,73,19.6,1,2,2022-04-07 09:10:16
1649322616131810000,19.55,1,19.55,72,19.6,1,2,2022-04-07 09:10:16
1649322616327759000,19.55,1,19.55,71,19.6,6,2,2022-04-07 09:10:16
1649322616845317000,19.6,1,19.55,71,19.6,5,1,2022-04-07 09:10:16
1649322617128819000,19.6,5,19.55,71,19.65,10,1,2022-04-07 09:10:17
1649322617445492000,19.65,1,19.55,71,19.65,9,1,2022-04-07 09:10:17
1649322617847824000,19.6,1,19.55,71,19.6,2,1,2022-04-07 09:10:17
1649322617907786000,19.55,2,19.55,69,19.6,2,2,2022-04-07 09:10:17
1649322618182893000,19.55,2,19.55,67,19.6,2,2,2022-04-07 09:10:18
1649322618719214000,19.6,1,19.55,67,19.6,1,1,2022-04-07 09:10:18
1649322619412750000,19.6,1,19.6,2,19.65,9,1,2022-04-07 09:10:19
1649322619832849000,19.6,3,19.55,72,19.6,12,2,2022-04-07 09:10:19
1649322620287650000,19.6,12,19.6,8,19.65,14,1,2022-04-07 09:10:20
1649322620298128000,19.6,1,19.6,7,19.65,14,2,2022-04-07 09:10:20
1649322620383904000,19.6,1,19.6,11,19.65,14,2,2022-04-07 09:10:20
1649322620701682000,19.6,10,19.6,13,19.65,14,2,2022-04-07 09:10:20
1649322621199686000,19.6,2,19.6,19,19.65,14,2,2022-04-07 09:10:21
1649322621772254000,19.6,5,19.6,14,19.65,14,2,2022-04-07 09:10:21
1649322622088366000,19.6,1,19.6,14,19.65,14,2,2022-04-07 09:10:22
1649322622152293000,19.6,1,19.6,13,19.65,14,2,2022-04-07 09:10:22
1649322622632684000,19.6,5,19.6,11,19.65,14,2,2022-04-07 09:10:22
1649322622817323000,19.6,1,19.6,10,19.65,14,2,2022-04-07 09:10:22
1649322623202528000,19.6,5,19.6,5,19.65,14,2,2022-04-07 09:10:23
1649322623433141000,19.6,1,19.6,4,19.65,14,2,2022-04-07 09:10:23
1649322623552344000,19.6,2,19.6,4,19.65,14,2,2022-04-07 09:10:23
1649322623994763000,19.6,3,19.55,74,19.6,7,2,2022-04-07 09:10:23
1649322624295590000,19.55,2,19.55,72,19.6,13,2,2022-04-07 09:10:24
1649322624363651000,19.55,1,19.55,71,19.6,13,2,2022-04-07 09:10:24
1649322624401879000,19.6,1,19.55,71,19.6,12,1,2022-04-07 09:10:24
1649322624650210000,19.6,1,19.55,71,19.6,11,1,2022-04-07 09:10:24
1649322625016066000,19.55,5,19.55,66,19.6,12,2,2022-04-07 09:10:25
1649322625643909000,19.6,5,19.55,67,19.6,7,1,2022-04-07 09:10:25
1649322626178718000,19.6,9,19.6,21,19.65,14,1,2022-04-07 09:10:26
1649322626332246000,19.6,1,19.6,20,19.65,14,2,2022-04-07 09:10:26
1649322626458501000,19.6,10,19.6,10,19.65,14,2,2022-04-07 09:10:26
1649322626553395000,19.6,1,19.6,9,19.65,14,2,2022-04-07 09:10:26
1649322627148893000,19.6,14,19.55,72,19.6,6,2,2022-04-07 09:10:27
1649322627582296000,19.55,5,19.55,67,19.6,6,2,2022-04-07 09:10:27
1649322628220270000,19.55,1,19.55,66,19.6,6,2,2022-04-07 09:10:28
1649322628263287000,19.55,10,19.55,56,19.6,6,2,2022-04-07 09:10:28
1649322628673761000,19.6,3,19.55,56,19.6,3,1,2022-04-07 09:10:28
1649322629284814000,19.55,1,19.55,55,19.6,7,2,2022-04-07 09:10:29
1649322629354692000,19.55,1,19.55,54,19.6,9,2,2022-04-07 09:10:29
1649322629801925000,19.6,1,19.55,56,19.6,9,1,2022-04-07 09:10:29
1649322629969024000,19.55,6,19.55,52,19.6,9,2,2022-04-07 09:10:29
1649322630094359000,19.6,5,19.55,54,19.6,4,1,2022-04-07 09:10:30
1649322631358225000,19.55,2,19.55,54,19.6,8,2,2022-04-07 09:10:31
1649322631367694000,19.55,10,19.55,44,19.6,8,2,2022-04-07 09:10:31
1649322631838473000,19.6,3,19.55,74,19.6,5,1,2022-04-07 09:10:31
