ts,close,volume,bid_price,bid_volume,ask_price,ask_volume,tick_type,datetime
1640250007120782000,29.95,279,29.85,5,29.95,3,2,2021-12-23 09:00:07
1640250007153540000,29.85,5,29.8,3,29.95,3,2,2021-12-23 09:00:07
1640250007164321000,29.8,3,29.75,2,29.95,3,2,2021-12-23 09:00:07
1640250007645305000,29.9,3,29.75,2,29.95,1,1,2021-12-23 09:00:07
1640250007645305000,29.95,2,29.75,2,29.95,1,1,2021-12-23 09:00:07
1640250012402104000,29.95,2,29.9,5,29.95,2,1,2021-12-23 09:00:12
1640250012419128000,29.9,1,29.9,4,29.95,2,2,2021-12-23 09:00:12
1640250012738399000,29.95,1,29.9,4,29.95,1,1,2021-12-23 09:00:12
1640250013420645000,29.95,1,29.95,19,30.0,43,1,2021-12-23 09:00:13
1640250013685417000,29.95,1,29.95,18,30.0,43,2,2021-12-23 09:00:13
1640250014441676000,29.95,1,29.95,17,30.0,43,2,2021-12-23 09:00:14
1640250014476309000,29.95,8,29.95,9,30.0,43,2,2021-12-23 09:00:14
1640250014496483000,29.95,9,29.9,4,30.0,43,2,2021-12-23 09:00:14
1640250019386200000,30.0,1,29.95,3,30.0,42,1,2021-12-23 09:00:19
1640250019751955000,30.0,1,29.95,3,30.0,41,1,2021-12-23 09:00:19
1640250020747917000,30.0,5,29.95,3,30.0,36,1,2021-12-23 09:00:20
1640250022585078000,30.0,3,29.95,3,30.0,33,1,2021-12-23 09:00:22
1640250023561288000,30.0,2,29.95,3,30.0,31,1,2021-12-23 09:00:23
1640250025644359000,30.0,1,29.95,5,30.0,30,1,2021-12-23 09:00:25
1640250028097713000,30.0,1,29.95,11,30.0,30,1,2021-12-23 09:00:28
1640250029322766000,30.0,3,29.95,11,30.0,27,1,2021-12-23 09:00:29
1640250029356426000,30.0,2,29.95,11,30.0,25,1,2021-12-23 09:00:29
1640250029389160000,30.0,25,29.95,11,30.05,1,1,2021-12-23 09:00:29
1640250030946598000,29.95,1,29.95,10,30.05,1,2,2021-12-23 09:00:30
1640250034761930000,30.0,1,29.95,10,30.05,1,2,2021-12-23 09:00:34
1640250038046175000,30.05,1,30.05,2,30.1,1,1,2021-12-23 09:00:38
1640250041218557000,30.1,1,30.05,2,30.2,1,1,2021-12-23 09:00:41
1640250049725298000,30.1,4,30.05,1,30.2,1,2,2021-12-23 09:00:49
1640250049725298000,30.05,6,30.05,1,30.2,1,2,2021-12-23 09:00:49
1640250050969895000,30.2,1,30.1,1,30.25,3,1,2021-12-23 09:00:50
1640250057313118000,30.15,1,30.1,1,30.25,3,2,2021-12-23 09:00:57
1640250058620655000,30.1,1,30.05,1,30.2,2,2,2021-12-23 09:00:58
1640250061056051000,30.15,1,30.05,2,30.2,10,1,2021-12-23 09:01:01
1640250062155337000,30.2,1,30.05,5,30.2,9,1,2021-12-23 09:01:02
1640250066162510000,30.2,1,30.05,2,30.2,8,1,2021-12-23 09:01:06
1640250066195600000,30.05,2,30.05,3,30.2,8,2,2021-12-23 09:01:06
1640250067193007000,30.2,2,30.05,3,30.2,6,1,2021-12-23 09:01:07
1640250071575487000,30.0,1,30.0,9,30.2,9,2,2021-12-23 09:01:11
1640250073324921000,30.0,9,29.85,11,30.1,3,2,2021-12-23 09:01:13
1640250073324921000,29.95,10,29.85,11,30.1,3,2,2021-12-23 09:01:13
1640250073324921000,29.9,6,29.85,11,30.1,3,2,2021-12-23 09:01:13
1640250073324921000,29.85,5,29.85,11,30.1,3,2,2021-12-23 09:01:13
1640250074079113000,29.85,11,29.8,5,30.0,10,2,2021-12-23 09:01:14
1640250074113382000,29.8,5,29.75,2,30.0,10,2,2021-12-23 09:01:14
1640250075000568000,29.75,1,29.75,1,29.95,2,2,2021-12-23 09:01:15
1640250075733871000,29.75,1,29.7,1,29.95,2,2,2021-12-23 09:01:15
1640250078267719000,29.95,1,29.7,1,29.95,1,1,2021-12-23 09:01:18
1640250081655646000,29.7,1,29.55,9,29.95,1,2,2021-12-23 09:01:21
1640250094936060000,29.65,1,29.6,1,29.7,5,2,2021-12-23 09:01:34
1640250097371708000,29.6,1,29.55,7,29.7,7,2,2021-12-23 09:01:37
1640250099572106000,29.7,5,29.55,7,29.7,1,1,2021-12-23 09:01:39
1640250106333234000,29.6,1,29.55,7,29.6,2,1,2021-12-23 09:01:46
1640250106540758000,29.55,1,29.55,8,29.6,2,2,2021-12-23 09:01:46
1640250107386522000,29.55,3,29.5,5,29.6,2,2,2021-12-23 09:01:47
1640250108706568000,29.5,1,29.5,4,29.6,2,2,2021-12-23 09:01:48
1640250113590501000,29.6,1,29.5,4,29.6,2,1,2021-12-23 09:01:53
1640250117522572000,29.6,2,29.6,3,29.7,1,1,2021-12-23 09:01:57
1640250119468031000,29.6,1,29.6,5,29.7,1,2,2021-12-23 09:01:59
1640250120627201000,29.7,1,29.7,4,29.75,3,1,2021-12-23 09:02:00
1640250121312606000,29.7,1,29.7,3,29.75,1,2,2021-12-23 09:02:01
1640250121518177000,29.7,2,29.6,5,29.75,3,2,2021-12-23 09:02:01
1640250121518364000,29.7,1,29.6,5,29.75,3,2,2021-12-23 09:02:01
1640250123871704000,29.6,1,29.6,5,29.75,3,2,2021-12-23 09:02:03
1640250124290734000,29.7,1,29.6,5,29.75,5,2,2021-12-23 09:02:04
1640250130209705000,29.75,1,29.7,2,29.75,2,1,2021-12-23 09:02:10
1640250131752938000,29.75,2,29.75,3,29.8,1,1,2021-12-23 09:02:11
1640250138090168000,29.8,3,29.8,2,29.95,10,1,2021-12-23 09:02:18
1640250138692698000,29.8,2,29.6,5,29.95,10,2,2021-12-23 09:02:18
1640250138692698000,29.75,3,29.6,5,29.95,10,2,2021-12-23 09:02:18
1640250138692698000,29.7,3,29.6,5,29.95,10,2,2021-12-23 09:02:18
1640250138692698000,29.65,5,29.6,5,29.95,10,2,2021-12-23 09:02:18
1640250138692698000,29.6,1,29.6,5,29.95,10,2,2021-12-23 09:02:18
1640250139061719000,29.75,2,29.6,4,29.8,2,1,2021-12-23 09:02:19
1640250139663737000,29.8,2,29.8,1,29.85,3,1,2021-12-23 09:02:19
1640250139698700000,29.8,1,29.6,1,29.85,3,2,2021-12-23 09:02:19
1640250140984594000,29.75,1,29.6,1,29.75,2,1,2021-12-23 09:02:20
1640250141833296000,29.75,5,29.65,1,29.75,2,1,2021-12-23 09:02:21
1640250143630208000,29.75,2,29.65,1,29.75,10,1,2021-12-23 09:02:23
1640250145015918000,29.75,1,29.65,1,29.75,9,1,2021-12-23 09:02:25
1640250146120202000,29.75,1,29.65,1,29.75,6,1,2021-12-23 09:02:26
1640250146378096000,29.75,6,29.65,1,29.9,6,1,2021-12-23 09:02:26
1640250146378096000,29.8,3,29.65,1,29.9,6,1,2021-12-23 09:02:26
1640250146378096000,29.9,1,29.65,1,29.9,6,1,2021-12-23 09:02:26
1640250149393727000,29.85,1,30.0,2,30.05,2,1,2021-12-23 09:02:29
1640250149393727000,29.9,6,30.0,2,30.05,2,1,2021-12-23 09:02:29
1640250149393727000,29.95,10,30.0,2,30.05,2,1,2021-12-23 09:02:29
1640250149393727000,30.0,11,30.0,2,30.05,2,1,2021-12-23 09:02:29
1640250149422110000,30.0,2,29.75,1,30.05,1,2,2021-12-23 09:02:29
1640250153914003000,30.0,2,29.8,5,30.0,1,1,2021-12-23 09:02:33
1640250165007934000,29.95,1,29.8,6,29.95,4,1,2021-12-23 09:02:45
1640250166333731000,29.8,1,29.8,5,29.95,4,2,2021-12-23 09:02:46
1640250174300401000,29.95,4,29.95,1,30.0,3,1,2021-12-23 09:02:54
1640250174435553000,29.95,1,29.9,5,30.0,3,2,2021-12-23 09:02:54
1640250179488849000,30.0,3,29.9,5,30.35,6,1,2021-12-23 09:02:59
1640250179488849000,30.05,1,29.9,5,30.35,6,1,2021-12-23 09:02:59
1640250179488849000,30.1,1,29.9,5,30.35,6,1,2021-12-23 09:02:59
1640250179488849000,30.15,1,29.9,5,30.35,6,1,2021-12-23 09:02:59
1640250179488849000,30.2,10,29.9,5,30.35,6,1,2021-12-23 09:02:59
1640250179488849000,30.3,7,29.9,5,30.35,6,1,2021-12-23 09:02:59
1640250179488849000,30.35,2,29.9,5,30.35,6,1,2021-12-23 09:02:59
1640250184964081000,30.05,2,30.0,4,30.25,2,2,2021-12-23 09:03:04
1640250185770011000,30.25,2,30.05,2,30.35,14,1,2021-12-23 09:03:05
1640250185770011000,30.35,1,30.05,2,30.35,14,1,2021-12-23 09:03:05
1640250191340849000,30.25,2,30.05,1,30.45,26,1,2021-12-23 09:03:11
1640250191340849000,30.3,2,30.05,1,30.45,26,1,2021-12-23 09:03:11
1640250191340849000,30.35,14,30.05,1,30.45,26,1,2021-12-23 09:03:11
1640250191340849000,30.4,10,30.05,1,30.45,26,1,2021-12-23 09:03:11
1640250191340849000,30.45,2,30.05,1,30.45,26,1,2021-12-23 09:03:11
1640250193916039000,30.35,1,30.1,2,30.45,26,1,2021-12-23 09:03:13
1640250198606985000,30.3,1,30.1,2,30.3,1,1,2021-12-23 09:03:18
1640250201970800000,30.25,1,30.1,2,30.3,2,1,2021-12-23 09:03:21
1640250201970800000,30.3,1,30.1,2,30.3,2,1,2021-12-23 09:03:21
1640250202350722000,30.35,3,30.1,5,30.5,4,1,2021-12-23 09:03:22
1640250202350722000,30.45,26,30.1,5,30.5,4,1,2021-12-23 09:03:22
1640250202350722000,30.5,1,30.1,5,30.5,4,1,2021-12-23 09:03:22
1640250202479657000,30.45,2,30.15,5,30.5,1,1,2021-12-23 09:03:22
1640250202479657000,30.5,3,30.15,5,30.5,1,1,2021-12-23 09:03:22
1640250203030699000,30.35,2,30.35,1,30.5,1,2,2021-12-23 09:03:23
1640250203059896000,30.35,1,30.25,3,30.5,1,2,2021-12-23 09:03:23
1640250204654347000,30.5,1,30.2,1,30.55,6,1,2021-12-23 09:03:24
1640250204654347000,30.55,1,30.2,1,30.55,6,1,2021-12-23 09:03:24
1640250210575797000,30.55,1,30.35,3,30.55,6,1,2021-12-23 09:03:30
1640250212460396000,30.5,1,30.35,3,30.5,2,1,2021-12-23 09:03:32
1640250213616615000,30.5,2,30.35,3,30.55,3,1,2021-12-23 09:03:33
1640250213616615000,30.55,3,30.35,3,30.55,3,1,2021-12-23 09:03:33
1640250215590925000,30.55,3,30.4,3,30.6,5,1,2021-12-23 09:03:35
1640250215590925000,30.6,1,30.4,3,30.6,5,1,2021-12-23 09:03:35
1640250216443346000,30.45,1,30.45,1,30.6,5,2,2021-12-23 09:03:36
1640250218084369000,30.5,2,30.35,6,30.5,13,2,2021-12-23 09:03:38
1640250223059631000,30.5,1,30.35,4,30.5,12,1,2021-12-23 09:03:43
1640250225776692000,30.4,1,30.4,2,30.5,13,2,2021-12-23 09:03:45
1640250225807371000,30.4,2,30.35,4,30.5,13,2,2021-12-23 09:03:45
1640250225855648000,30.5,11,30.35,4,30.5,2,1,2021-12-23 09:03:45
1640250227665621000,30.5,1,30.4,1,30.5,1,1,2021-12-23 09:03:47
1640250230127111000,30.4,1,30.35,4,30.45,8,2,2021-12-23 09:03:50
1640250231271278000,30.45,1,30.35,4,30.45,7,1,2021-12-23 09:03:51
1640250231544364000,30.35,4,30.1,2,30.45,7,2,2021-12-23 09:03:51
1640250231544364000,30.3,5,30.1,2,30.45,7,2,2021-12-23 09:03:51
1640250231544364000,30.2,1,30.1,2,30.45,7,2,2021-12-23 09:03:51
1640250245593001000,30.2,5,30.1,5,30.3,1,2,2021-12-23 09:04:05
1640250246708274000,30.15,2,30.1,3,30.25,3,2,2021-12-23 09:04:06
1640250251158722000,30.25,3,30.1,9,30.3,3,1,2021-12-23 09:04:11
1640250251895167000,30.15,2,30.15,1,30.3,3,2,2021-12-23 09:04:11
1640250252265380000,30.2,1,30.2,19,30.25,3,2,2021-12-23 09:04:12
1640250254370244000,30.2,1,30.2,18,30.25,3,2,2021-12-23 09:04:14
1640250259032877000,30.2,2,30.2,16,30.25,1,2,2021-12-23 09:04:19
1640250259093730000,30.2,1,30.2,15,30.25,1,2,2021-12-23 09:04:19
1640250264828468000,30.25,1,30.2,15,30.3,1,1,2021-12-23 09:04:24
1640250270742374000,30.25,2,30.2,19,30.25,2,1,2021-12-23 09:04:30
1640250279482522000,30.25,2,30.2,19,30.3,1,1,2021-12-23 09:04:39
1640250279770970000,30.2,2,30.2,17,30.25,1,2,2021-12-23 09:04:39
1640250286174997000,30.25,1,30.25,1,30.3,2,1,2021-12-23 09:04:46
1640250286198254000,30.25,1,30.2,17,30.3,2,2,2021-12-23 09:04:46
1640250290073178000,30.25,1,30.15,11,30.2,7,2,2021-12-23 09:04:50
1640250290073178000,30.2,17,30.15,11,30.2,7,2,2021-12-23 09:04:50
1640250290117588000,30.15,11,30.1,9,30.2,7,2,2021-12-23 09:04:50
1640250292436088000,30.15,1,30.1,9,30.15,3,1,2021-12-23 09:04:52
1640250293134701000,30.1,7,30.1,2,30.15,3,2,2021-12-23 09:04:53
1640250294745225000,30.1,2,30.05,1,30.15,3,2,2021-12-23 09:04:54
1640250305580521000,30.1,1,30.05,2,30.1,2,1,2021-12-23 09:05:05
1640250305940991000,30.05,2,30.0,13,30.05,7,2,2021-12-23 09:05:05
1640250305962426000,30.05,5,30.0,13,30.05,32,1,2021-12-23 09:05:05
1640250306007669000,30.0,1,30.0,12,30.05,32,2,2021-12-23 09:05:06
1640250306039091000,30.0,1,30.0,11,30.05,32,2,2021-12-23 09:05:06
1640250306078121000,30.0,1,30.0,10,30.05,41,2,2021-12-23 09:05:06
1640250306110655000,30.0,4,30.0,6,30.05,41,2,2021-12-23 09:05:06
1640250306122414000,30.0,2,30.0,4,30.05,41,2,2021-12-23 09:05:06
1640250306146187000,30.0,1,30.0,3,30.05,41,2,2021-12-23 09:05:06
1640250306243571000,30.0,3,29.95,5,30.05,41,2,2021-12-23 09:05:06
1640250309282485000,29.95,5,29.9,10,30.0,1,2,2021-12-23 09:05:09
1640250313861438000,29.9,5,29.9,5,29.95,1,2,2021-12-23 09:05:13
1640250314029546000,29.9,3,29.9,2,29.95,1,2,2021-12-23 09:05:14
1640250316444437000,29.9,2,29.8,28,29.95,1,2,2021-12-23 09:05:16
1640250331458823000,29.8,1,29.8,22,29.9,5,2,2021-12-23 09:05:31
1640250353296144000,29.8,3,29.8,20,29.85,1,2,2021-12-23 09:05:53
1640250353352335000,29.8,1,29.8,19,29.85,1,2,2021-12-23 09:05:53
1640250356023114000,29.85,1,29.85,4,29.9,3,1,2021-12-23 09:05:56
1640250372442621000,29.9,2,29.85,14,29.9,1,1,2021-12-23 09:06:12
1640250372478076000,29.9,1,29.85,14,29.95,1,1,2021-12-23 09:06:12
1640250374028151000,29.85,1,29.85,13,29.95,1,2,2021-12-23 09:06:14
1640250389204637000,29.95,1,29.9,4,30.0,2,1,2021-12-23 09:06:29
1640250393569564000,29.9,3,29.9,2,29.95,1,2,2021-12-23 09:06:33
1640250398887351000,29.95,1,29.9,12,30.0,2,1,2021-12-23 09:06:38
1640250405428906000,30.0,2,29.9,26,30.05,41,1,2021-12-23 09:06:45
1640250411548954000,30.05,1,29.95,1,30.05,40,1,2021-12-23 09:06:51
1640250412709985000,30.0,1,29.95,1,30.0,1,2,2021-12-23 09:06:52
1640250414352995000,30.0,1,29.95,1,30.0,2,1,2021-12-23 09:06:54
1640250423000733000,30.0,2,29.95,1,30.05,40,1,2021-12-23 09:07:03
1640250440927799000,30.05,2,30.0,15,30.05,38,1,2021-12-23 09:07:20
1640250447342409000,30.05,3,30.0,15,30.05,37,1,2021-12-23 09:07:27
1640250448445433000,30.05,10,30.0,15,30.05,27,1,2021-12-23 09:07:28
1640250450498016000,30.05,1,30.0,15,30.05,26,1,2021-12-23 09:07:30
1640250455506716000,30.05,1,30.0,15,30.05,25,1,2021-12-23 09:07:35
1640250457947592000,30.0,15,29.95,2,30.05,25,2,2021-12-23 09:07:37
1640250459251439000,30.05,1,29.95,2,30.05,24,1,2021-12-23 09:07:39
1640250473808084000,29.95,2,29.9,8,30.0,5,2,2021-12-23 09:07:53
1640250474783597000,29.9,7,29.9,1,30.0,5,2,2021-12-23 09:07:54
1640250474814080000,29.9,1,29.85,19,30.0,5,2,2021-12-23 09:07:54
1640250480346677000,29.95,2,29.85,19,30.0,5,1,2021-12-23 09:08:00
1640250481248273000,30.0,1,29.85,19,30.0,4,1,2021-12-23 09:08:01
1640250494966199000,29.9,1,29.85,20,30.0,2,1,2021-12-23 09:08:14
1640250494966199000,30.0,2,29.85,20,30.0,2,1,2021-12-23 09:08:14
1640250497084988000,29.9,10,29.85,12,30.0,1,2,2021-12-23 09:08:17
1640250497084988000,29.85,8,29.85,12,30.0,1,2,2021-12-23 09:08:17
1640250497579038000,30.0,1,29.85,12,30.0,2,1,2021-12-23 09:08:17
1640250505336589000,30.0,3,29.9,3,30.0,1,1,2021-12-23 09:08:25
1640250517930238000,30.0,1,29.9,3,30.0,2,1,2021-12-23 09:08:37
1640250566694590000,29.9,10,29.9,3,30.0,5,2,2021-12-23 09:09:26
1640250566727863000,29.9,3,29.85,13,30.0,5,2,2021-12-23 09:09:26
1640250566814668000,29.85,3,29.85,10,29.95,1,2,2021-12-23 09:09:26
1640250566922746000,29.85,2,29.85,8,29.95,1,2,2021-12-23 09:09:26
1640250567012539000,29.85,2,29.85,6,29.95,1,2,2021-12-23 09:09:27
1640250567118098000,29.85,2,29.85,4,29.95,1,2,2021-12-23 09:09:27
1640250567581538000,29.85,2,29.85,2,29.95,5,2,2021-12-23 09:09:27
1640250567603847000,29.85,2,29.8,15,29.95,5,2,2021-12-23 09:09:27
1640250586536198000,29.8,5,29.8,10,29.9,4,2,2021-12-23 09:09:46
1640250586632063000,29.8,2,29.8,8,29.9,2,2,2021-12-23 09:09:46
1640250586801603000,29.8,2,29.8,6,29.9,2,2,2021-12-23 09:09:46
1640250586997996000,29.8,2,29.8,4,29.9,2,2,2021-12-23 09:09:46
1640250588255798000,29.8,1,29.8,3,29.9,4,2,2021-12-23 09:09:48
1640250591526157000,29.9,1,29.8,3,29.9,3,1,2021-12-23 09:09:51
1640250594869734000,29.85,1,29.8,3,29.85,2,1,2021-12-23 09:09:54
1640250595224905000,29.8,1,29.8,2,29.9,3,2,2021-12-23 09:09:55
1640250595878515000,29.8,1,29.8,1,29.9,3,2,2021-12-23 09:09:55
1640250595907239000,29.8,1,29.75,5,29.9,3,2,2021-12-23 09:09:55
1640250596837028000,29.75,5,29.7,8,29.9,3,2,2021-12-23 09:09:56
1640250596887793000,29.7,1,29.7,7,29.85,1,2,2021-12-23 09:09:56
1640250624527100000,29.7,2,29.7,13,29.85,6,2,2021-12-23 09:10:24
1640250639464404000,29.7,14,29.7,1,29.85,8,2,2021-12-23 09:10:39
1640250639486459000,29.7,1,29.65,2,29.85,8,2,2021-12-23 09:10:39
1640250655511876000,29.65,2,29.6,9,29.7,6,2,2021-12-23 09:10:55
1640250658040358000,29.6,2,29.6,7,29.7,8,2,2021-12-23 09:10:58
1640250659894254000,29.6,2,29.6,5,29.65,3,2,2021-12-23 09:10:59
1640250659923431000,29.6,1,29.6,4,29.65,3,2,2021-12-23 09:10:59
1640250663444076000,29.6,4,29.55,7,29.65,7,2,2021-12-23 09:11:03
1640250665705806000,29.55,2,29.55,5,29.6,1,2,2021-12-23 09:11:05
1640250671350605000,29.6,3,29.55,5,29.65,7,1,2021-12-23 09:11:11
1640250671918928000,29.55,1,29.55,4,29.6,1,2,2021-12-23 09:11:11
1640250671957471000,29.55,1,29.55,3,29.6,1,2,2021-12-23 09:11:11
1640250671985367000,29.55,3,29.5,12,29.6,1,2,2021-12-23 09:11:11
1640250681177579000,29.55,1,29.5,12,29.6,4,2,2021-12-23 09:11:21
1640250683905049000,29.55,1,29.5,12,29.55,7,1,2021-12-23 09:11:23
1640250691218962000,29.5,1,29.5,11,29.55,11,2,2021-12-23 09:11:31
1640250694599383000,29.5,7,29.5,4,29.55,11,2,2021-12-23 09:11:34
1640250703420920000,29.55,1,29.5,5,29.55,11,1,2021-12-23 09:11:43
1640250705428375000,29.5,1,29.5,4,29.55,11,2,2021-12-23 09:11:45
1640250707766239000,29.55,5,29.5,5,29.55,6,1,2021-12-23 09:11:47
1640250707805900000,29.55,6,29.5,5,29.6,6,1,2021-12-23 09:11:47
1640250707864725000,29.5,1,29.5,4,29.6,6,2,2021-12-23 09:11:47
1640250716145425000,29.55,1,29.5,4,29.6,6,1,2021-12-23 09:11:56
1640250716178269000,29.6,6,29.5,4,29.8,13,1,2021-12-23 09:11:56
1640250718463990000,29.5,4,29.35,9,29.75,2,2,2021-12-23 09:11:58
1640250718463990000,29.45,7,29.35,9,29.75,2,2,2021-12-23 09:11:58
1640250718463990000,29.4,3,29.35,9,29.75,2,2,2021-12-23 09:11:58
1640250718493383000,29.4,1,29.4,1,29.7,1,1,2021-12-23 09:11:58
1640250722995245000,29.5,1,29.4,1,29.7,4,2,2021-12-23 09:12:02
1640250727218457000,29.45,1,29.45,1,29.65,4,2,2021-12-23 09:12:07
1640250730608694000,29.45,1,29.4,7,29.65,4,2,2021-12-23 09:12:10
1640250731047768000,29.45,1,29.4,7,29.55,1,1,2021-12-23 09:12:11
1640250732463071000,29.5,2,29.35,4,29.7,4,2,2021-12-23 09:12:12
1640250732463071000,29.4,7,29.35,4,29.7,4,2,2021-12-23 09:12:12
1640250732463071000,29.35,6,29.35,4,29.7,4,2,2021-12-23 09:12:12
1640250734726768000,29.4,1,29.45,1,29.6,2,1,2021-12-23 09:12:14
1640250751608339000,29.6,2,29.5,2,29.6,4,1,2021-12-23 09:12:31
1640250756604197000,29.6,1,29.5,2,29.6,1,1,2021-12-23 09:12:36
1640250757631776000,29.5,1,29.5,1,29.6,1,2,2021-12-23 09:12:37
1640250758599255000,29.6,1,29.5,1,29.6,2,1,2021-12-23 09:12:38
1640250765661824000,29.65,1,29.55,1,29.65,4,1,2021-12-23 09:12:45
1640250766739933000,29.55,1,29.5,8,29.65,4,2,2021-12-23 09:12:46
1640250802459458000,29.6,4,29.55,11,29.65,4,1,2021-12-23 09:13:22
1640250837464061000,29.6,1,29.55,12,29.7,6,2,2021-12-23 09:13:57
1640250851676060000,29.6,2,29.55,17,29.7,6,2,2021-12-23 09:14:11
1640250855451776000,29.6,1,29.55,17,29.7,6,2,2021-12-23 09:14:15
1640250863111524000,29.55,5,29.55,12,29.65,2,2,2021-12-23 09:14:23
1640250880392991000,29.6,1,29.55,14,29.65,7,2,2021-12-23 09:14:40
1640250903726408000,29.55,4,29.55,12,29.6,8,2,2021-12-23 09:15:03
1640250903762726000,29.55,11,29.55,1,29.6,8,2,2021-12-23 09:15:03
1640250903794546000,29.55,1,29.5,9,29.6,8,2,2021-12-23 09:15:03
1640250924848456000,29.55,1,29.5,10,29.6,8,1,2021-12-23 09:15:24
1640250928379732000,29.55,3,29.5,10,29.6,2,1,2021-12-23 09:15:28
1640250928379732000,29.6,2,29.5,10,29.6,2,1,2021-12-23 09:15:28
1640250937152719000,29.55,1,29.5,10,29.6,4,1,2021-12-23 09:15:37
1640250937251043000,29.6,2,29.5,10,29.6,2,1,2021-12-23 09:15:37
1640250940413581000,29.6,2,29.55,17,29.65,5,1,2021-12-23 09:15:40
1640250968470283000,29.65,5,29.6,1,29.7,2,1,2021-12-23 09:16:08
1640250997792467000,29.65,3,29.6,1,29.65,1,1,2021-12-23 09:16:37
1640251009125590000,29.65,1,29.6,2,29.65,2,1,2021-12-23 09:16:49
1640251023565075000,29.65,2,29.6,2,29.65,2,1,2021-12-23 09:17:03
1640251075824825000,29.65,4,29.6,18,29.7,6,1,2021-12-23 09:17:55
1640251088119233000,29.7,3,29.6,21,29.7,3,1,2021-12-23 09:18:08
1640251104361587000,29.7,1,29.6,21,29.7,4,1,2021-12-23 09:18:24
1640251123301555000,29.65,1,29.65,11,29.7,4,2,2021-12-23 09:18:43
1640251131159097000,29.75,1,29.65,11,29.75,4,1,2021-12-23 09:18:51
1640251150747290000,29.75,2,29.65,13,29.75,2,1,2021-12-23 09:19:10
1640251171166017000,29.75,2,29.7,1,29.75,2,1,2021-12-23 09:19:31
1640251176246091000,29.7,1,29.65,13,29.75,2,2,2021-12-23 09:19:36
1640251184890844000,29.75,2,29.65,14,29.75,2,1,2021-12-23 09:19:44
1640251190196667000,29.75,1,29.65,14,29.75,2,1,2021-12-23 09:19:50
1640251211995933000,29.75,1,29.7,13,29.75,1,1,2021-12-23 09:20:11
1640251219032376000,29.75,1,29.7,13,29.8,13,1,2021-12-23 09:20:19
1640251236602740000,29.8,1,29.75,5,29.8,12,1,2021-12-23 09:20:36
1640251244149224000,29.8,1,29.75,5,29.8,11,1,2021-12-23 09:20:44
1640251258202268000,29.75,1,29.75,4,29.8,11,2,2021-12-23 09:20:58
1640251258235927000,29.75,2,29.75,2,29.8,11,2,2021-12-23 09:20:58
1640251258236424000,29.75,2,29.7,3,29.8,11,2,2021-12-23 09:20:58
1640251259500999000,29.75,2,29.75,1,29.8,11,1,2021-12-23 09:20:59
1640251267656842000,29.75,2,29.7,3,29.8,11,2,2021-12-23 09:21:07
1640251275295271000,29.75,2,29.7,3,29.8,11,2,2021-12-23 09:21:15
1640251278542611000,29.75,2,29.7,3,29.8,8,1,2021-12-23 09:21:18
1640251278542611000,29.8,3,29.7,3,29.8,8,1,2021-12-23 09:21:18
1640251288781898000,29.75,2,29.7,3,29.8,8,2,2021-12-23 09:21:28
1640251308525363000,29.8,1,29.75,10,29.8,7,1,2021-12-23 09:21:48
1640251318405078000,29.8,1,29.75,10,29.8,6,1,2021-12-23 09:21:58
1640251321596650000,29.8,1,29.75,10,29.8,5,1,2021-12-23 09:22:01
1640251324393840000,29.8,1,29.75,10,29.8,4,1,2021-12-23 09:22:04
1640251326754702000,29.8,1,29.75,10,29.8,3,1,2021-12-23 09:22:06
1640251356294437000,29.8,1,29.75,10,29.8,2,1,2021-12-23 09:22:36
1640251364299334000,29.8,1,29.75,10,29.8,1,1,2021-12-23 09:22:44
1640251370015355000,29.8,1,29.8,1,29.85,1,1,2021-12-23 09:22:50
1640251408804793000,29.8,2,29.75,10,29.8,1,2,2021-12-23 09:23:28
1640251411190278000,29.8,1,29.75,10,29.85,1,1,2021-12-23 09:23:31
1640251420933608000,29.85,1,29.75,10,29.9,5,1,2021-12-23 09:23:40
1640251481093971000,29.9,3,29.75,10,29.9,2,1,2021-12-23 09:24:41
1640251487519941000,29.9,1,29.75,10,29.9,1,1,2021-12-23 09:24:47
1640251489841687000,29.9,1,29.9,4,29.95,1,1,2021-12-23 09:24:49
1640251492079579000,29.95,1,29.95,9,30.0,6,1,2021-12-23 09:24:52
1640251492995867000,30.0,6,30.0,4,30.05,22,1,2021-12-23 09:24:52
1640251495202800000,30.05,1,30.0,34,30.05,21,1,2021-12-23 09:24:55
1640251496202191000,30.05,3,30.0,34,30.05,18,1,2021-12-23 09:24:56
1640251496234667000,30.05,2,30.0,34,30.05,16,1,2021-12-23 09:24:56
1640251499922170000,30.05,2,30.0,8,30.05,14,1,2021-12-23 09:24:59
1640251500417137000,30.05,5,30.0,8,30.05,9,1,2021-12-23 09:25:00
1640251503227873000,30.05,1,30.0,4,30.05,8,1,2021-12-23 09:25:03
1640251504164411000,30.05,1,30.0,4,30.05,7,1,2021-12-23 09:25:04
1640251504673770000,30.05,5,30.0,4,30.05,2,1,2021-12-23 09:25:04
1640251505109926000,30.05,2,30.05,1,30.1,2,1,2021-12-23 09:25:05
1640251512623959000,30.1,1,30.05,11,30.1,1,1,2021-12-23 09:25:12
1640251512874229000,30.1,1,30.05,11,30.15,9,1,2021-12-23 09:25:12
1640251512927923000,30.15,1,30.05,11,30.15,8,1,2021-12-23 09:25:12
1640251513321028000,30.1,1,30.1,9,30.15,8,1,2021-12-23 09:25:13
1640251515679773000,30.15,3,30.1,9,30.15,5,1,2021-12-23 09:25:15
1640251517629367000,30.15,1,30.1,9,30.15,4,1,2021-12-23 09:25:17
1640251518886786000,30.15,2,30.1,9,30.15,2,1,2021-12-23 09:25:18
1640251519960877000,30.15,1,30.1,9,30.15,1,1,2021-12-23 09:25:19
1640251521061376000,30.15,1,30.15,4,30.2,11,1,2021-12-23 09:25:21
1640251521847021000,30.15,1,30.15,3,30.2,11,2,2021-12-23 09:25:21
1640251523571644000,30.15,3,30.1,9,30.15,3,2,2021-12-23 09:25:23
1640251524595455000,30.15,3,30.1,9,30.2,11,1,2021-12-23 09:25:24
1640251528782654000,30.15,2,30.1,9,30.15,1,1,2021-12-23 09:25:28
1640251529600061000,30.15,1,30.15,8,30.2,8,1,2021-12-23 09:25:29
1640251529625884000,30.15,8,30.05,7,30.2,8,2,2021-12-23 09:25:29
1640251530413293000,30.15,1,30.1,1,30.2,8,2,2021-12-23 09:25:30
1640251534993345000,30.15,1,30.1,2,30.2,8,2,2021-12-23 09:25:34
1640251536463014000,30.2,5,30.1,2,30.2,3,1,2021-12-23 09:25:36
1640251537953260000,30.15,1,30.15,1,30.2,3,1,2021-12-23 09:25:37
1640251541444509000,30.2,3,30.15,1,30.25,7,1,2021-12-23 09:25:41
1640251541972130000,30.15,1,30.1,2,30.15,1,2,2021-12-23 09:25:41
1640251543101532000,30.15,1,30.1,2,30.25,8,1,2021-12-23 09:25:43
1640251546172710000,30.25,5,30.2,1,30.25,3,1,2021-12-23 09:25:46
1640251547664185000,30.25,2,30.2,1,30.25,1,1,2021-12-23 09:25:47
1640251548422668000,30.2,1,30.15,5,30.2,14,2,2021-12-23 09:25:48
1640251549068704000,30.2,2,30.15,5,30.2,12,1,2021-12-23 09:25:49
1640251549098649000,30.2,1,30.15,5,30.2,11,1,2021-12-23 09:25:49
1640251550016188000,30.2,1,30.15,5,30.2,13,1,2021-12-23 09:25:50
1640251552748199000,30.2,5,30.15,5,30.2,8,1,2021-12-23 09:25:52
1640251552910728000,30.2,2,30.15,5,30.2,6,1,2021-12-23 09:25:52
1640251553195617000,30.2,1,30.15,5,30.2,5,1,2021-12-23 09:25:53
1640251553293795000,30.15,5,30.1,3,30.15,5,2,2021-12-23 09:25:53
1640251553376910000,30.15,2,30.1,3,30.15,3,1,2021-12-23 09:25:53
1640251553785524000,30.15,1,30.1,3,30.15,2,1,2021-12-23 09:25:53
1640251553913711000,30.15,2,30.1,3,30.2,6,1,2021-12-23 09:25:53
1640251554100866000,30.2,1,30.1,3,30.2,5,1,2021-12-23 09:25:54
1640251555124178000,30.2,1,30.1,3,30.2,11,1,2021-12-23 09:25:55
1640251556883790000,30.15,1,30.1,4,30.2,11,2,2021-12-23 09:25:56
1640251557771382000,30.2,1,30.15,1,30.2,10,1,2021-12-23 09:25:57
1640251557862620000,30.15,1,30.1,4,30.15,4,2,2021-12-23 09:25:57
1640251558242762000,30.15,4,30.1,4,30.2,4,1,2021-12-23 09:25:58
1640251558242762000,30.2,6,30.1,4,30.2,4,1,2021-12-23 09:25:58
1640251558990895000,30.15,2,30.1,4,30.2,4,1,2021-12-23 09:25:58
1640251559758610000,30.2,1,30.15,1,30.2,8,1,2021-12-23 09:25:59
1640251563524797000,30.2,2,30.15,2,30.2,11,1,2021-12-23 09:26:03
1640251566307983000,30.15,2,30.1,5,30.15,8,2,2021-12-23 09:26:06
1640251566344771000,30.1,5,30.05,1,30.15,8,2,2021-12-23 09:26:06
1640251566426524000,30.05,1,30.0,2,30.1,2,2,2021-12-23 09:26:06
1640251566625656000,30.1,1,30.0,2,30.1,1,1,2021-12-23 09:26:06
1640251567870500000,30.1,1,30.0,2,30.2,15,1,2021-12-23 09:26:07
1640251567870500000,30.15,8,30.0,2,30.2,15,1,2021-12-23 09:26:07
1640251567870500000,30.2,1,30.0,2,30.2,15,1,2021-12-23 09:26:07
1640251577600234000,30.15,1,30.0,5,30.15,1,1,2021-12-23 09:26:17
1640251577663726000,30.15,1,30.0,5,30.2,4,1,2021-12-23 09:26:17
1640251577663726000,30.2,6,30.0,5,30.2,4,1,2021-12-23 09:26:17
1640251586596292000,30.1,6,30.1,4,30.15,11,1,2021-12-23 09:26:26
1640251589925093000,30.1,1,30.1,3,30.15,11,2,2021-12-23 09:26:29
1640251592356768000,30.15,5,30.1,6,30.15,6,1,2021-12-23 09:26:32
1640251594188677000,30.15,3,30.1,6,30.15,3,1,2021-12-23 09:26:34
1640251594873594000,30.15,3,30.15,2,30.2,6,1,2021-12-23 09:26:34
1640251595092536000,30.2,2,30.15,2,30.2,4,1,2021-12-23 09:26:35
1640251599335333000,30.2,1,30.15,10,30.2,8,1,2021-12-23 09:26:39
1640251600966420000,30.2,3,30.15,10,30.2,5,1,2021-12-23 09:26:40
1640251602767745000,30.2,2,30.15,10,30.2,3,1,2021-12-23 09:26:42
1640251602806505000,30.2,3,30.15,10,30.25,15,1,2021-12-23 09:26:42
1640251606587789000,30.25,1,30.2,3,30.25,14,1,2021-12-23 09:26:46
1640251606639811000,30.2,1,30.2,2,30.25,14,2,2021-12-23 09:26:46
1640251610343572000,30.2,1,30.2,1,30.25,14,2,2021-12-23 09:26:50
1640251612857416000,30.2,1,30.2,12,30.25,14,2,2021-12-23 09:26:52
1640251615149016000,30.2,10,30.2,3,30.25,14,2,2021-12-23 09:26:55
1640251616655632000,30.2,1,30.2,2,30.25,14,2,2021-12-23 09:26:56
1640251617869523000,30.2,2,30.15,11,30.2,1,2,2021-12-23 09:26:57
1640251621282403000,30.2,3,30.15,10,30.25,7,1,2021-12-23 09:27:01
1640251621282403000,30.25,7,30.15,10,30.25,7,1,2021-12-23 09:27:01
1640251622380030000,30.15,10,30.1,7,30.15,5,2,2021-12-23 09:27:02
1640251623341735000,30.15,5,30.1,6,30.25,3,1,2021-12-23 09:27:03
1640251623341735000,30.2,1,30.1,6,30.25,3,1,2021-12-23 09:27:03
1640251623341735000,30.25,4,30.1,6,30.25,3,1,2021-12-23 09:27:03
1640251634731634000,30.2,1,30.1,6,30.2,11,1,2021-12-23 09:27:14
1640251638158229000,30.2,5,30.1,5,30.2,6,1,2021-12-23 09:27:18
1640251638491629000,30.15,1,30.1,5,30.2,8,2,2021-12-23 09:27:18
1640251640712087000,30.15,2,30.25,8,30.3,16,1,2021-12-23 09:27:20
1640251640712087000,30.2,8,30.25,8,30.3,16,1,2021-12-23 09:27:20
1640251640712087000,30.25,12,30.25,8,30.3,16,1,2021-12-23 09:27:20
1640251640751876000,30.25,5,30.25,3,30.3,16,2,2021-12-23 09:27:20
1640251640795862000,30.25,3,30.15,1,30.3,16,2,2021-12-23 09:27:20
1640251643685397000,30.1,5,30.05,2,30.15,5,2,2021-12-23 09:27:23
1640251644165944000,30.15,1,30.05,1,30.15,6,1,2021-12-23 09:27:24
1640251647597046000,30.15,3,30.1,1,30.15,3,1,2021-12-23 09:27:27
1640251652102953000,30.15,1,30.15,4,30.25,6,1,2021-12-23 09:27:32
1640251656410214000,30.2,2,30.15,5,30.2,4,1,2021-12-23 09:27:36
1640251657295446000,30.2,3,30.15,5,30.2,1,1,2021-12-23 09:27:37
1640251661098977000,30.2,1,30.15,5,30.2,2,1,2021-12-23 09:27:41
1640251663775151000,30.2,2,30.2,8,30.25,7,1,2021-12-23 09:27:43
1640251666308786000,30.2,2,30.2,9,30.25,7,2,2021-12-23 09:27:46
1640251669271527000,30.25,4,30.2,9,30.25,3,1,2021-12-23 09:27:49
1640251672787646000,30.25,1,30.2,9,30.25,4,1,2021-12-23 09:27:52
1640251673848789000,30.25,1,30.2,9,30.25,3,1,2021-12-23 09:27:53
1640251680617605000,30.25,3,30.2,19,30.3,16,1,2021-12-23 09:28:00
1640251686963644000,30.3,1,30.25,13,30.3,15,1,2021-12-23 09:28:06
1640251687471246000,30.25,2,30.25,11,30.3,15,2,2021-12-23 09:28:07
1640251691133066000,30.25,10,30.25,1,30.3,16,2,2021-12-23 09:28:11
1640251694269626000,30.25,1,30.2,19,30.3,16,2,2021-12-23 09:28:14
1640251696178327000,30.2,9,30.15,6,30.25,16,2,2021-12-23 09:28:16
1640251701205479000,30.15,3,30.15,2,30.2,7,2,2021-12-23 09:28:21
1640251701233098000,30.15,2,30.1,11,30.2,7,2,2021-12-23 09:28:21
1640251706487956000,30.1,10,30.05,5,30.1,5,2,2021-12-23 09:28:26
1640251706518755000,30.05,4,30.0,10,30.1,5,2,2021-12-23 09:28:26
1640251706978001000,30.1,1,30.0,9,30.1,6,1,2021-12-23 09:28:26
1640251707485390000,30.1,1,30.05,1,30.1,5,1,2021-12-23 09:28:27
1640251729603150000,30.05,1,30.05,1,30.1,7,2,2021-12-23 09:28:49
1640251729636446000,30.05,1,30.0,9,30.1,7,2,2021-12-23 09:28:49
1640251735527182000,30.0,9,29.95,1,30.0,1,2,2021-12-23 09:28:55
1640251750875855000,30.0,1,30.0,1,30.1,7,1,2021-12-23 09:29:10
1640251757213060000,30.0,1,29.95,1,30.1,7,2,2021-12-23 09:29:17
1640251759184318000,30.0,2,29.9,2,30.1,4,1,2021-12-23 09:29:19
1640251759184318000,30.1,3,29.9,2,30.1,4,1,2021-12-23 09:29:19
1640251777323556000,30.05,3,30.0,2,30.1,7,1,2021-12-23 09:29:37
1640251802624416000,30.05,1,30.0,12,30.05,4,1,2021-12-23 09:30:02
1640251804733747000,30.0,5,30.0,7,30.05,4,2,2021-12-23 09:30:04
1640251804765188000,30.0,7,29.9,3,30.05,4,2,2021-12-23 09:30:04
1640251854860559000,29.95,1,29.95,9,30.0,3,1,2021-12-23 09:30:54
1640251882865653000,29.95,2,29.95,7,30.0,4,2,2021-12-23 09:31:22
1640251884563645000,29.95,3,29.95,4,30.0,4,2,2021-12-23 09:31:24
1640251886118125000,29.95,2,29.95,2,30.0,2,2,2021-12-23 09:31:26
1640251901434587000,29.95,2,29.9,10,30.0,3,2,2021-12-23 09:31:41
1640251901434587000,29.9,12,29.9,10,30.0,3,2,2021-12-23 09:31:41
1640251908697328000,29.9,2,29.9,8,30.0,3,2,2021-12-23 09:31:48
1640251910091759000,29.9,1,29.9,7,30.0,3,2,2021-12-23 09:31:50
1640251924336688000,29.9,1,29.9,6,30.0,3,2,2021-12-23 09:32:04
1640251938865796000,29.9,5,29.9,1,30.0,3,2,2021-12-23 09:32:18
1640251938894242000,29.9,1,29.85,2,30.0,3,2,2021-12-23 09:32:18
1640251997601540000,29.85,1,29.8,14,29.9,1,2,2021-12-23 09:33:17
1640252014157856000,29.85,1,29.8,15,29.9,2,2,2021-12-23 09:33:34
1640252031776323000,29.85,1,29.85,1,29.9,2,2,2021-12-23 09:33:51
1640252040717665000,29.85,1,29.8,15,29.9,2,2,2021-12-23 09:34:00
1640252096807177000,29.85,1,29.85,9,29.9,2,2,2021-12-23 09:34:56
1640252104420370000,29.85,5,29.85,4,29.9,2,2,2021-12-23 09:35:04
1640252104449073000,29.85,4,29.8,17,29.9,2,2,2021-12-23 09:35:04
1640252133218592000,29.8,2,29.8,14,29.85,3,2,2021-12-23 09:35:33
1640252146564560000,29.8,1,29.8,13,29.85,3,2,2021-12-23 09:35:46
1640252148666970000,29.85,3,29.8,13,29.9,2,1,2021-12-23 09:35:48
1640252157280808000,29.85,1,29.8,13,29.9,4,2,2021-12-23 09:35:57
1640252175733661000,29.85,1,29.85,12,29.9,2,2,2021-12-23 09:36:15
1640252177392718000,29.85,3,29.85,9,29.9,2,2,2021-12-23 09:36:17
1640252190202633000,29.85,2,29.85,7,29.9,2,2,2021-12-23 09:36:30
1640252242265919000,29.85,9,29.8,14,29.85,1,2,2021-12-23 09:37:22
1640252254940882000,29.85,1,29.8,14,29.85,1,1,2021-12-23 09:37:34
1640252292560146000,29.8,1,29.8,13,29.85,4,2,2021-12-23 09:38:12
1640252295372194000,29.8,2,29.8,11,29.85,4,2,2021-12-23 09:38:15
1640252339326673000,29.8,1,29.8,10,29.85,2,2,2021-12-23 09:38:59
1640252339429068000,29.8,1,29.8,9,29.85,2,2,2021-12-23 09:38:59
1640252342141925000,29.8,6,29.8,3,29.85,2,2,2021-12-23 09:39:02
1640252368398811000,29.8,3,29.75,10,29.85,3,2,2021-12-23 09:39:28
1640252416906129000,29.75,4,29.7,22,29.85,12,2,2021-12-23 09:40:16
1640252425887461000,29.7,10,29.7,12,29.8,6,2,2021-12-23 09:40:25
1640252425922999000,29.7,11,29.7,1,29.8,6,2,2021-12-23 09:40:25
1640252426265497000,29.7,1,29.65,3,29.8,6,2,2021-12-23 09:40:26
1640252437132950000,29.65,3,29.6,8,29.65,7,2,2021-12-23 09:40:37
1640252447242625000,29.65,3,29.6,8,29.65,4,1,2021-12-23 09:40:47
1640252464553361000,29.6,1,29.6,7,29.65,5,2,2021-12-23 09:41:04
1640252465916182000,29.6,5,29.6,2,29.65,5,2,2021-12-23 09:41:05
1640252465948127000,29.6,2,29.55,16,29.65,5,2,2021-12-23 09:41:05
1640252466857315000,29.65,5,29.55,16,29.7,15,1,2021-12-23 09:41:06
1640252505231583000,29.65,1,29.6,17,29.7,15,1,2021-12-23 09:41:45
1640252551801732000,29.65,1,29.6,23,29.75,1,1,2021-12-23 09:42:31
1640252567123853000,29.75,1,29.65,3,29.8,7,1,2021-12-23 09:42:47
1640252653700900000,29.75,1,29.7,15,29.8,7,1,2021-12-23 09:44:13
1640252664852827000,29.75,1,29.7,14,29.8,7,2,2021-12-23 09:44:24
1640252774752048000,29.75,1,29.75,5,29.8,3,2,2021-12-23 09:46:14
1640252779863834000,29.75,2,29.75,3,29.8,3,2,2021-12-23 09:46:19
1640252785067918000,29.8,1,29.75,3,29.8,2,1,2021-12-23 09:46:25
1640252842852160000,29.75,8,29.7,11,29.85,12,2,2021-12-23 09:47:22
1640252890307621000,29.75,1,29.7,11,29.8,13,2,2021-12-23 09:48:10
1640252893604112000,29.75,2,29.7,11,29.8,13,2,2021-12-23 09:48:13
1640252905682251000,29.75,2,29.7,11,29.8,13,2,2021-12-23 09:48:25
1640252929122595000,29.75,2,29.7,10,29.8,14,2,2021-12-23 09:48:49
1640252955679918000,29.75,1,29.75,1,29.8,14,2,2021-12-23 09:49:15
1640252955712536000,29.75,1,29.7,10,29.8,14,2,2021-12-23 09:49:15
1640252964279657000,29.75,1,29.7,10,29.8,14,2,2021-12-23 09:49:24
1640253009206518000,29.7,3,29.7,7,29.75,6,2,2021-12-23 09:50:09
1640253009235134000,29.7,2,29.7,5,29.75,6,2,2021-12-23 09:50:09
1640253014464527000,29.7,2,29.7,3,29.75,6,2,2021-12-23 09:50:14
1640253017469249000,29.7,1,29.7,2,29.75,6,2,2021-12-23 09:50:17
1640253089561336000,29.75,2,29.7,2,29.8,13,1,2021-12-23 09:51:29
1640253136520937000,29.8,1,29.7,7,29.8,13,1,2021-12-23 09:52:16
1640253157644493000,29.8,1,29.75,1,29.8,11,1,2021-12-23 09:52:37
1640253161374395000,29.8,1,29.7,7,29.8,10,1,2021-12-23 09:52:41
1640253173328507000,29.8,10,29.7,7,29.85,12,1,2021-12-23 09:52:53
1640253191777224000,29.85,5,29.75,1,29.85,9,1,2021-12-23 09:53:11
1640253204114258000,29.8,1,29.75,1,29.85,7,2,2021-12-23 09:53:24
1640253279930961000,29.85,4,29.8,13,29.85,3,1,2021-12-23 09:54:39
1640253279962616000,29.85,1,29.8,13,29.9,11,1,2021-12-23 09:54:39
1640253301037222000,29.85,1,29.8,13,29.9,11,2,2021-12-23 09:55:01
1640253326285698000,29.85,1,29.8,13,29.9,13,2,2021-12-23 09:55:26
1640253334138479000,29.9,12,29.8,13,29.9,1,1,2021-12-23 09:55:34
1640253334166758000,29.9,1,29.8,13,29.95,1,1,2021-12-23 09:55:34
1640253382240307000,29.9,1,29.8,4,29.95,3,2,2021-12-23 09:56:22
1640253385798286000,29.95,1,29.8,3,29.95,2,1,2021-12-23 09:56:25
1640253470453877000,29.9,1,29.8,12,29.95,22,2,2021-12-23 09:57:50
1640253470486659000,29.8,12,29.75,2,29.95,22,2,2021-12-23 09:57:50
1640253479915474000,29.9,1,29.8,1,29.9,2,1,2021-12-23 09:57:59
1640253482463621000,29.8,1,29.75,2,29.9,2,2,2021-12-23 09:58:02
1640253564373303000,29.8,3,29.8,7,29.85,4,1,2021-12-23 09:59:24
1640253588950210000,29.85,1,29.8,7,29.85,1,1,2021-12-23 09:59:48
1640253657359318000,29.85,1,29.8,17,29.85,1,1,2021-12-23 10:00:57
1640253698692069000,29.8,3,29.8,14,29.85,4,2,2021-12-23 10:01:38
1640253709146107000,29.8,1,29.8,13,29.85,6,2,2021-12-23 10:01:49
1640253709170746000,29.8,1,29.8,12,29.85,6,2,2021-12-23 10:01:49
1640253716064889000,29.8,5,29.8,7,29.85,4,2,2021-12-23 10:01:56
1640253716103807000,29.8,2,29.8,5,29.85,4,2,2021-12-23 10:01:56
1640253720293805000,29.8,5,29.75,11,29.85,4,2,2021-12-23 10:02:00
1640253721627047000,29.85,1,29.75,11,29.85,3,1,2021-12-23 10:02:01
1640253732558921000,29.85,1,29.75,11,29.85,7,1,2021-12-23 10:02:12
1640253796017654000,29.8,1,29.8,1,29.85,8,1,2021-12-23 10:03:16
1640253798552159000,29.8,1,29.75,6,29.85,8,2,2021-12-23 10:03:18
1640253809220838000,29.8,1,29.75,16,29.85,7,1,2021-12-23 10:03:29
1640253828098263000,29.8,1,29.75,16,29.85,3,2,2021-12-23 10:03:48
1640253898834271000,29.75,1,29.75,15,29.8,5,2,2021-12-23 10:04:58
1640253921788936000,29.75,3,29.75,12,29.8,5,2,2021-12-23 10:05:21
1640253921830756000,29.75,8,29.75,4,29.8,5,2,2021-12-23 10:05:21
1640253930302490000,29.75,1,29.75,3,29.8,6,2,2021-12-23 10:05:30
1640253944547383000,29.8,1,29.75,3,29.8,5,1,2021-12-23 10:05:44
1640254100598709000,29.75,3,29.7,19,29.75,1,2,2021-12-23 10:08:20
1640254131424453000,29.7,14,29.7,5,29.75,1,2,2021-12-23 10:08:51
1640254150681556000,29.7,3,29.7,2,29.75,1,2,2021-12-23 10:09:10
1640254159507850000,29.75,1,29.7,2,29.8,4,1,2021-12-23 10:09:19
1640254159658197000,29.7,2,29.65,6,29.8,4,2,2021-12-23 10:09:19
1640254233024465000,29.7,1,29.65,15,29.75,2,1,2021-12-23 10:10:33
1640254266616851000,29.65,1,29.65,14,29.75,2,2,2021-12-23 10:11:06
1640254271915340000,29.75,1,29.65,14,29.75,1,1,2021-12-23 10:11:11
1640254323443051000,29.7,1,29.65,14,29.75,4,1,2021-12-23 10:12:03
1640254339538737000,29.7,2,29.7,8,29.75,4,1,2021-12-23 10:12:19
1640254340433704000,29.7,2,29.7,6,29.75,4,2,2021-12-23 10:12:20
1640254419193768000,29.7,2,29.7,5,29.75,4,2,2021-12-23 10:13:39
1640254419337166000,29.7,2,29.7,3,29.75,4,2,2021-12-23 10:13:39
1640254431347179000,29.7,2,29.7,3,29.75,4,2,2021-12-23 10:13:51
1640254449800488000,29.7,3,29.65,19,29.7,1,2,2021-12-23 10:14:09
1640254450728133000,29.65,1,29.65,18,29.7,1,2,2021-12-23 10:14:10
1640254452741139000,29.65,4,29.65,14,29.7,1,2,2021-12-23 10:14:12
1640254492983688000,29.65,5,29.65,9,29.7,5,2,2021-12-23 10:14:52
1640254498052057000,29.65,8,29.65,1,29.7,5,2,2021-12-23 10:14:58
1640254498080024000,29.65,1,29.6,9,29.7,5,2,2021-12-23 10:14:58
1640254503881472000,29.6,6,29.6,3,29.65,1,2,2021-12-23 10:15:03
1640254503933094000,29.6,1,29.6,2,29.65,1,2,2021-12-23 10:15:03
1640254530803822000,29.6,2,29.55,19,29.65,1,2,2021-12-23 10:15:30
1640254557283633000,29.6,2,29.55,19,29.6,1,1,2021-12-23 10:15:57
1640254557492888000,29.6,1,29.6,1,29.65,1,1,2021-12-23 10:15:57
1640254569654542000,29.6,1,29.55,19,29.6,3,2,2021-12-23 10:16:09
1640254573078626000,29.6,3,29.6,7,29.65,1,1,2021-12-23 10:16:13
1640254612323310000,29.6,3,29.6,9,29.7,5,2,2021-12-23 10:16:52
1640254620493979000,29.6,1,29.6,8,29.7,5,2,2021-12-23 10:17:00
1640254624365006000,29.7,1,29.6,8,29.7,4,1,2021-12-23 10:17:04
1640254634525195000,29.6,1,29.6,7,29.65,1,2,2021-12-23 10:17:14
1640254651597386000,29.7,1,29.6,7,29.7,7,1,2021-12-23 10:17:31
1640254724330384000,29.7,1,29.6,18,29.7,12,1,2021-12-23 10:18:44
1640254883954003000,29.65,2,29.6,22,29.65,8,2,2021-12-23 10:21:23
1640254905566409000,29.6,2,29.6,20,29.65,8,2,2021-12-23 10:21:45
1640254965060471000,29.65,1,29.6,20,29.65,7,1,2021-12-23 10:22:45
1640254975636756000,29.65,1,29.6,20,29.65,6,1,2021-12-23 10:22:55
1640255043346471000,29.65,2,29.6,21,29.65,5,1,2021-12-23 10:24:03
1640255058082742000,29.65,5,29.6,21,29.7,12,1,2021-12-23 10:24:18
1640255083538413000,29.7,3,29.65,1,29.7,9,1,2021-12-23 10:24:43
1640255093304912000,29.7,3,29.65,1,29.7,6,1,2021-12-23 10:24:53
1640255098315514000,29.7,1,29.65,1,29.7,5,1,2021-12-23 10:24:58
1640255197626839000,29.7,1,29.65,1,29.7,6,1,2021-12-23 10:26:37
1640255231918133000,29.7,1,29.65,1,29.7,5,1,2021-12-23 10:27:11
1640255236508572000,29.7,1,29.65,1,29.7,4,1,2021-12-23 10:27:16
1640255298184488000,29.7,10,29.65,4,29.75,4,1,2021-12-23 10:28:18
1640255400770063000,29.75,1,29.7,1,29.75,5,1,2021-12-23 10:30:00
1640255459988904000,29.7,1,29.65,4,29.75,4,2,2021-12-23 10:30:59
1640255498315042000,29.7,1,29.65,4,29.75,4,2,2021-12-23 10:31:38
1640255595188524000,29.75,2,29.7,3,29.75,2,1,2021-12-23 10:33:15
1640255598304315000,29.75,1,29.7,5,29.75,1,1,2021-12-23 10:33:18
1640255602417137000,29.75,1,29.75,1,29.8,1,1,2021-12-23 10:33:22
1640255700158053000,29.8,1,29.75,11,29.85,2,1,2021-12-23 10:35:00
1640255812907500000,29.8,1,29.75,11,29.8,1,2,2021-12-23 10:36:52
1640255855257483000,29.8,1,29.75,12,29.85,2,1,2021-12-23 10:37:35
1640256313046774000,29.8,1,29.8,14,29.85,2,2,2021-12-23 10:45:13
1640256335250767000,29.85,3,29.85,7,29.9,4,1,2021-12-23 10:45:35
1640256351970504000,29.9,1,29.85,9,29.9,3,1,2021-12-23 10:45:51
1640256358834939000,29.9,1,29.85,9,29.9,2,1,2021-12-23 10:45:58
1640256371230931000,29.9,2,29.85,9,30.0,14,1,2021-12-23 10:46:11
1640256371230931000,29.95,2,29.85,9,30.0,14,1,2021-12-23 10:46:11
1640256371230931000,30.0,1,29.85,9,30.0,14,1,2021-12-23 10:46:11
1640256376420426000,29.9,1,29.85,9,29.9,5,1,2021-12-23 10:46:16
1640256447340095000,29.9,1,29.85,14,29.9,6,1,2021-12-23 10:47:27
1640256456510269000,29.9,1,29.85,14,29.9,3,1,2021-12-23 10:47:36
1640256461463770000,29.9,3,30.0,2,30.05,2,1,2021-12-23 10:47:41
1640256461463770000,29.95,1,30.0,2,30.05,2,1,2021-12-23 10:47:41
1640256461463770000,30.0,14,30.0,2,30.05,2,1,2021-12-23 10:47:41
1640256464362401000,30.0,2,29.9,1,30.05,4,2,2021-12-23 10:47:44
1640256564934584000,30.0,3,29.9,11,30.0,3,1,2021-12-23 10:49:24
1640256580573774000,30.0,3,29.9,11,30.05,4,1,2021-12-23 10:49:40
1640256625172504000,30.0,2,29.9,10,30.05,5,1,2021-12-23 10:50:25
1640256636214404000,30.0,1,30.0,8,30.05,6,2,2021-12-23 10:50:36
1640256636255984000,30.0,8,29.9,11,30.05,6,2,2021-12-23 10:50:36
1640256711346699000,30.0,1,29.9,8,30.0,3,1,2021-12-23 10:51:51
1640256723950057000,30.0,2,29.9,6,30.0,1,1,2021-12-23 10:52:03
1640256799509568000,30.0,2,30.0,4,30.05,2,1,2021-12-23 10:53:19
1640256839559875000,30.0,1,30.0,15,30.05,2,2,2021-12-23 10:53:59
1640256872717093000,30.05,2,30.05,6,30.1,4,1,2021-12-23 10:54:32
1640256879116471000,30.1,1,30.05,6,30.1,3,1,2021-12-23 10:54:39
1640256885794718000,30.1,1,30.05,6,30.1,2,1,2021-12-23 10:54:45
1640256888777823000,30.1,1,30.05,7,30.1,1,1,2021-12-23 10:54:48
1640256893156591000,30.1,1,30.05,7,30.15,9,1,2021-12-23 10:54:53
1640256908632125000,30.1,3,30.05,9,30.1,1,1,2021-12-23 10:55:08
1640256930261200000,30.1,1,30.05,8,30.15,5,1,2021-12-23 10:55:30
1640256930261200000,30.15,4,30.05,8,30.15,5,1,2021-12-23 10:55:30
1640256974344968000,30.1,2,30.05,8,30.1,1,1,2021-12-23 10:56:14
1640256999821126000,30.1,1,30.05,9,30.1,3,1,2021-12-23 10:56:39
1640257031330792000,30.05,5,30.05,6,30.1,5,2,2021-12-23 10:57:11
1640257039739852000,30.05,3,30.05,2,30.1,8,2,2021-12-23 10:57:19
1640257041815605000,30.05,2,30.0,10,30.1,8,2,2021-12-23 10:57:21
1640257064515336000,30.0,9,29.95,1,30.05,4,2,2021-12-23 10:57:44
1640257072523603000,29.95,1,29.9,6,30.0,2,2,2021-12-23 10:57:52
1640257088353861000,29.9,2,29.9,6,30.0,3,2,2021-12-23 10:58:08
1640257113165796000,29.9,1,29.9,17,30.0,2,2,2021-12-23 10:58:33
1640257123294893000,29.9,2,29.9,15,30.0,2,2,2021-12-23 10:58:43
1640257160357911000,29.9,4,29.9,16,30.0,2,2,2021-12-23 10:59:20
1640257335800205000,30.0,1,29.95,14,30.0,6,1,2021-12-23 11:02:15
1640257519787212000,29.95,2,29.95,12,30.0,8,2,2021-12-23 11:05:19
1640257624449514000,29.95,3,29.95,10,30.0,8,2,2021-12-23 11:07:04
1640257674919035000,30.0,1,29.95,12,30.0,7,1,2021-12-23 11:07:54
1640257711082671000,30.0,5,29.95,16,30.0,2,1,2021-12-23 11:08:31
1640257721102138000,30.0,2,29.95,16,30.05,2,1,2021-12-23 11:08:41
1640257730138329000,30.0,1,29.95,16,30.05,2,2,2021-12-23 11:08:50
1640257776619744000,30.05,1,30.0,10,30.05,1,1,2021-12-23 11:09:36
1640257780178479000,30.0,1,30.0,9,30.05,1,2,2021-12-23 11:09:40
1640257817767430000,30.05,1,30.0,11,30.1,2,1,2021-12-23 11:10:17
1640257817767430000,30.1,1,30.0,11,30.1,2,1,2021-12-23 11:10:17
1640257827226299000,30.1,1,30.0,12,30.1,1,1,2021-12-23 11:10:27
1640257831462736000,30.1,1,30.0,12,30.15,11,1,2021-12-23 11:10:31
1640257859151910000,30.15,1,30.05,2,30.15,11,1,2021-12-23 11:10:59
1640257875857250000,30.1,1,30.05,13,30.1,5,2,2021-12-23 11:11:15
1640257877408243000,30.1,1,30.05,13,30.1,4,1,2021-12-23 11:11:17
1640257885134579000,30.1,4,30.1,1,30.15,10,1,2021-12-23 11:11:25
1640257931837728000,30.15,1,30.1,12,30.15,9,1,2021-12-23 11:12:11
1640257948233116000,30.15,1,30.1,12,30.15,8,1,2021-12-23 11:12:28
1640257961542498000,30.15,8,30.15,1,30.2,15,1,2021-12-23 11:12:41
1640258006394772000,30.15,7,30.15,1,30.2,15,2,2021-12-23 11:13:26
1640258009117323000,30.15,1,30.1,3,30.2,15,2,2021-12-23 11:13:29
1640258026434535000,30.1,1,30.1,2,30.15,3,2,2021-12-23 11:13:46
1640258026494492000,30.15,1,30.1,2,30.15,2,1,2021-12-23 11:13:46
1640258047985836000,30.15,5,30.05,3,30.15,1,1,2021-12-23 11:14:07
1640258063474175000,30.05,3,29.95,10,30.15,2,2,2021-12-23 11:14:23
1640258063474175000,30.0,6,29.95,10,30.15,2,2,2021-12-23 11:14:23
1640258063474175000,29.95,2,29.95,10,30.15,2,2,2021-12-23 11:14:23
1640258214059149000,30.0,1,30.0,14,30.1,6,2,2021-12-23 11:16:54
1640258285253247000,30.05,1,30.0,18,30.05,1,1,2021-12-23 11:18:05
1640258331317939000,30.05,1,30.0,17,30.1,5,1,2021-12-23 11:18:51
1640258406123526000,30.1,1,30.0,17,30.1,4,1,2021-12-23 11:20:06
1640258415214568000,30.0,4,30.0,13,30.1,4,2,2021-12-23 11:20:15
1640258422842955000,30.0,13,29.95,8,30.0,7,2,2021-12-23 11:20:22
1640258511043043000,29.95,2,29.95,16,30.0,11,2,2021-12-23 11:21:51
1640258516047725000,29.95,16,29.9,3,29.95,14,2,2021-12-23 11:21:56
1640258516076015000,29.9,3,29.85,3,29.95,14,2,2021-12-23 11:21:56
1640258558353567000,29.85,1,29.85,1,29.9,3,2,2021-12-23 11:22:38
1640258570949312000,29.85,1,29.8,18,29.9,3,2,2021-12-23 11:22:50
1640258669389889000,29.85,1,29.8,15,29.9,3,2,2021-12-23 11:24:29
1640258676151540000,29.8,14,29.8,2,29.9,3,2,2021-12-23 11:24:36
1640258702526730000,29.8,2,29.75,11,29.85,2,2,2021-12-23 11:25:02
1640258710816931000,29.85,1,29.75,11,29.85,1,1,2021-12-23 11:25:10
1640258751578183000,29.85,1,29.8,2,29.85,1,1,2021-12-23 11:25:51
1640258834466162000,29.85,1,29.8,1,29.9,3,1,2021-12-23 11:27:14
1640258965278082000,29.9,1,29.8,12,29.9,2,1,2021-12-23 11:29:25
1640259181276231000,29.85,1,29.8,13,29.9,13,2,2021-12-23 11:33:01
1640259446372737000,29.8,10,29.8,4,29.85,10,2,2021-12-23 11:37:26
1640259446392342000,29.8,4,29.75,21,29.85,10,2,2021-12-23 11:37:26
1640259456996363000,29.75,21,29.7,6,29.85,10,2,2021-12-23 11:37:36
1640259475991883000,29.8,1,29.7,5,29.8,2,1,2021-12-23 11:37:55
1640259478634851000,29.7,2,29.7,3,29.8,12,2,2021-12-23 11:37:58
1640259485092329000,29.7,1,29.7,2,29.8,12,2,2021-12-23 11:38:05
1640259497748667000,29.7,2,29.65,3,29.75,2,2,2021-12-23 11:38:17
1640259509891060000,29.65,3,29.6,15,29.7,3,2,2021-12-23 11:38:29
1640259509891060000,29.6,7,29.6,15,29.7,3,2,2021-12-23 11:38:29
1640259509935840000,29.6,1,29.6,14,29.7,3,2,2021-12-23 11:38:29
1640259518300080000,29.6,2,29.6,12,29.7,3,2,2021-12-23 11:38:38
1640259541486599000,29.6,10,29.6,2,29.65,2,2,2021-12-23 11:39:01
1640259543630554000,29.6,2,29.55,13,29.65,2,2,2021-12-23 11:39:03
1640259550204160000,29.55,13,29.5,14,29.6,1,2,2021-12-23 11:39:10
1640259550204160000,29.5,1,29.5,14,29.6,1,2,2021-12-23 11:39:10
1640259555465934000,29.5,13,29.45,28,29.5,2,2,2021-12-23 11:39:15
1640259555495733000,29.5,2,29.45,28,29.6,1,1,2021-12-23 11:39:15
1640259558628723000,29.5,2,29.45,34,29.6,1,2,2021-12-23 11:39:18
1640259582925698000,29.5,1,29.45,34,29.6,2,2,2021-12-23 11:39:42
1640259583965878000,29.6,1,29.45,34,29.6,1,1,2021-12-23 11:39:43
1640259594274216000,29.65,1,29.5,20,29.65,3,1,2021-12-23 11:39:54
1640259608800027000,29.6,5,29.55,10,29.65,2,1,2021-12-23 11:40:08
1640259608829917000,29.65,2,29.55,10,29.7,3,1,2021-12-23 11:40:08
1640259622737910000,29.7,1,29.55,10,29.7,2,1,2021-12-23 11:40:22
1640259670289334000,29.7,1,29.55,10,29.7,6,1,2021-12-23 11:41:10
1640259696431736000,29.55,1,29.55,9,29.65,1,2,2021-12-23 11:41:36
1640259722490332000,29.55,1,29.55,9,29.65,1,2,2021-12-23 11:42:02
1640259774484787000,29.65,1,29.55,10,29.65,1,1,2021-12-23 11:42:54
1640259786873264000,29.65,1,29.65,2,29.7,6,1,2021-12-23 11:43:06
1640259791831076000,29.65,1,29.65,1,29.7,6,2,2021-12-23 11:43:11
1640259825866126000,29.65,1,29.6,1,29.65,1,2,2021-12-23 11:43:45
1640259852114557000,29.65,1,29.6,13,29.7,6,1,2021-12-23 11:44:12
1640259896198599000,29.65,1,29.6,12,29.65,1,2,2021-12-23 11:44:56
1640260010873134000,29.6,1,29.6,11,29.65,1,2,2021-12-23 11:46:50
1640260062516187000,29.6,10,29.6,1,29.65,1,2,2021-12-23 11:47:42
1640260070835722000,29.6,1,29.55,9,29.6,4,2,2021-12-23 11:47:50
1640260073540404000,29.6,1,29.55,9,29.6,3,1,2021-12-23 11:47:53
1640260077492666000,29.6,2,29.55,9,29.6,1,1,2021-12-23 11:47:57
1640260098834166000,29.6,1,29.55,9,29.6,2,1,2021-12-23 11:48:18
1640260207664409000,29.6,1,29.55,10,29.6,1,1,2021-12-23 11:50:07
1640260210778181000,29.6,1,29.55,10,29.7,6,1,2021-12-23 11:50:10
1640260243220348000,29.6,1,29.55,10,29.65,1,1,2021-12-23 11:50:43
1640260262842969000,29.55,4,29.55,6,29.65,3,2,2021-12-23 11:51:02
1640260278489275000,29.55,6,29.5,20,29.65,3,2,2021-12-23 11:51:18
1640260283134536000,29.5,1,29.5,19,29.65,3,2,2021-12-23 11:51:23
1640260311518573000,29.5,4,29.5,20,29.65,5,2,2021-12-23 11:51:51
1640260325169194000,29.5,5,29.5,16,29.6,2,2,2021-12-23 11:52:05
1640260372762640000,29.5,1,29.5,15,29.6,5,2,2021-12-23 11:52:52
1640260408332137000,29.55,1,29.5,16,29.6,5,1,2021-12-23 11:53:28
1640260444379990000,29.5,1,29.5,17,29.6,12,2,2021-12-23 11:54:04
1640260464296584000,29.5,1,29.5,16,29.6,12,2,2021-12-23 11:54:24
1640260480721315000,29.5,2,29.5,15,29.6,12,2,2021-12-23 11:54:40
1640260481135253000,29.5,2,29.5,13,29.6,12,2,2021-12-23 11:54:41
1640260541187507000,29.5,1,29.5,12,29.6,12,2,2021-12-23 11:55:41
1640260542545727000,29.5,2,29.5,10,29.6,12,2,2021-12-23 11:55:42
1640260550627574000,29.5,2,29.5,8,29.6,12,2,2021-12-23 11:55:50
1640260570145760000,29.55,1,29.5,19,29.55,1,1,2021-12-23 11:56:10
1640260660204503000,29.6,1,29.5,23,29.6,11,1,2021-12-23 11:57:40
1640260864489860000,29.6,1,29.55,13,29.6,9,1,2021-12-23 12:01:04
1640260960646358000,29.6,5,29.55,13,29.6,5,1,2021-12-23 12:02:40
1640260963823912000,29.6,1,29.55,13,29.6,4,1,2021-12-23 12:02:43
1640260976012934000,29.6,3,29.55,13,29.6,1,1,2021-12-23 12:02:56
1640260978103908000,29.6,1,29.6,1,29.65,2,1,2021-12-23 12:02:58
1640261063469286000,29.65,2,29.6,14,29.7,8,1,2021-12-23 12:04:23
1640261109272933000,29.65,1,29.6,14,29.7,10,2,2021-12-23 12:05:09
1640261173049531000,29.6,3,29.6,11,29.7,10,2,2021-12-23 12:06:13
1640261357327993000,29.6,5,29.6,7,29.65,28,2,2021-12-23 12:09:17
1640261360922212000,29.6,5,29.6,2,29.65,28,2,2021-12-23 12:09:20
1640261360933521000,29.6,2,29.55,12,29.6,4,2,2021-12-23 12:09:20
1640261492140983000,29.55,2,29.55,10,29.6,7,2,2021-12-23 12:11:32
1640261643123527000,29.6,4,29.55,10,29.6,4,1,2021-12-23 12:14:03
1640261677488431000,29.6,4,29.6,1,29.65,26,1,2021-12-23 12:14:37
1640261729345715000,29.6,1,29.55,10,29.65,26,2,2021-12-23 12:15:29
1640261874924813000,29.55,1,29.55,9,29.65,26,2,2021-12-23 12:17:54
1640262111566709000,29.65,1,29.55,9,29.65,25,1,2021-12-23 12:21:51
1640262238513509000,29.6,2,29.55,10,29.65,25,2,2021-12-23 12:23:58
1640262292379017000,29.55,1,29.55,8,29.65,25,2,2021-12-23 12:24:52
1640262474144939000,29.55,5,29.55,4,29.6,1,2,2021-12-23 12:27:54
1640262474931133000,29.55,1,29.55,3,29.6,3,2,2021-12-23 12:27:54
1640262497088297000,29.55,3,29.5,17,29.6,3,2,2021-12-23 12:28:17
1640262529420636000,29.55,1,29.5,18,29.6,3,2,2021-12-23 12:28:49
1640262567504084000,29.5,7,29.5,6,29.55,3,2,2021-12-23 12:29:27
1640262601352935000,29.5,1,29.5,4,29.55,4,2,2021-12-23 12:30:01
1640262613953473000,29.5,1,29.5,3,29.55,4,2,2021-12-23 12:30:13
1640262614772645000,29.5,2,29.5,1,29.55,4,2,2021-12-23 12:30:14
1640262667469504000,29.5,2,29.5,4,29.6,3,2,2021-12-23 12:31:07
1640262798799000000,29.5,2,29.5,7,29.55,2,2,2021-12-23 12:33:18
1640262823746991000,29.5,1,29.5,6,29.55,3,2,2021-12-23 12:33:43
1640262852226939000,29.5,5,29.5,1,29.55,5,2,2021-12-23 12:34:12
1640262935366010000,29.5,2,29.5,1,29.55,1,2,2021-12-23 12:35:35
1640262964406887000,29.5,1,29.45,33,29.55,1,2,2021-12-23 12:36:04
1640262968455754000,29.45,5,29.45,28,29.55,3,2,2021-12-23 12:36:08
1640262978439034000,29.45,5,29.45,23,29.55,3,2,2021-12-23 12:36:18
1640262987485992000,29.45,4,29.45,19,29.55,3,2,2021-12-23 12:36:27
1640262993473497000,29.45,12,29.45,7,29.55,3,2,2021-12-23 12:36:33
1640263022702614000,29.45,1,29.45,5,29.55,30,2,2021-12-23 12:37:02
1640263044898053000,29.45,1,29.4,72,29.45,3,2,2021-12-23 12:37:24
1640263070758767000,29.45,2,29.4,62,29.45,2,1,2021-12-23 12:37:50
1640263071312143000,29.45,2,29.45,1,29.5,1,1,2021-12-23 12:37:51
1640263128048434000,29.5,1,29.45,3,29.55,30,1,2021-12-23 12:38:48
1640263158807215000,29.45,8,29.4,25,29.5,6,2,2021-12-23 12:39:18
1640263158807215000,29.4,42,29.4,25,29.5,6,2,2021-12-23 12:39:18
1640263176687386000,29.4,1,29.4,23,29.5,8,2,2021-12-23 12:39:36
1640263177453909000,29.4,6,29.4,17,29.5,2,2,2021-12-23 12:39:37
1640263193389868000,29.45,2,29.4,22,29.55,28,1,2021-12-23 12:39:53
1640263193965854000,29.4,5,29.4,17,29.55,28,2,2021-12-23 12:39:53
1640263201333712000,29.4,1,29.4,16,29.55,29,2,2021-12-23 12:40:01
1640263227282837000,29.4,1,29.4,15,29.45,3,2,2021-12-23 12:40:27
1640263231107062000,29.4,7,29.4,8,29.45,5,2,2021-12-23 12:40:31
1640263234738352000,29.4,3,29.4,5,29.45,5,2,2021-12-23 12:40:34
1640263254530472000,29.4,5,29.35,7,29.45,5,2,2021-12-23 12:40:54
1640263254530472000,29.35,7,29.35,7,29.45,5,2,2021-12-23 12:40:54
1640263275242254000,29.35,5,29.35,2,29.45,5,2,2021-12-23 12:41:15
1640263328135699000,29.4,1,29.35,6,29.4,3,1,2021-12-23 12:42:08
1640263331947934000,29.35,6,29.3,12,29.35,4,2,2021-12-23 12:42:11
1640263351166588000,29.3,1,29.3,11,29.35,4,2,2021-12-23 12:42:31
1640263355799448000,29.3,10,29.3,3,29.35,4,2,2021-12-23 12:42:35
1640263373796527000,29.3,2,29.3,1,29.35,4,2,2021-12-23 12:42:53
1640263375049027000,29.3,1,29.25,7,29.3,1,2,2021-12-23 12:42:55
1640263376920579000,29.25,7,29.15,5,29.3,1,2,2021-12-23 12:42:56
1640263376920579000,29.2,17,29.15,5,29.3,1,2,2021-12-23 12:42:56
1640263376920579000,29.15,6,29.15,5,29.3,1,2,2021-12-23 12:42:56
1640263380380545000,29.3,1,29.2,2,29.35,4,1,2021-12-23 12:43:00
1640263413490475000,29.2,3,29.2,9,29.3,4,2,2021-12-23 12:43:33
1640263421695525000,29.3,1,29.2,9,29.3,3,1,2021-12-23 12:43:41
1640263462829465000,29.2,10,29.15,4,29.3,2,2,2021-12-23 12:44:22
1640263462829465000,29.15,2,29.15,4,29.3,2,2,2021-12-23 12:44:22
1640263469037365000,29.3,2,29.15,4,29.35,4,1,2021-12-23 12:44:29
1640263470228722000,29.15,7,29.1,3,29.35,4,2,2021-12-23 12:44:30
1640263470228722000,29.1,5,29.1,3,29.35,4,2,2021-12-23 12:44:30
1640263479990462000,29.15,1,29.1,3,29.3,2,2,2021-12-23 12:44:39
1640263498457315000,29.15,2,29.15,2,29.3,2,1,2021-12-23 12:44:58
1640263505100565000,29.15,2,29.1,10,29.3,2,2,2021-12-23 12:45:05
1640263505100565000,29.1,3,29.1,10,29.3,2,2,2021-12-23 12:45:05
1640263522303012000,29.1,1,29.1,10,29.3,2,2,2021-12-23 12:45:22
1640263532879767000,29.3,1,29.1,8,29.3,1,1,2021-12-23 12:45:32
1640263581097666000,29.25,1,29.2,2,29.3,6,1,2021-12-23 12:46:21
1640263585749843000,29.2,2,29.1,8,29.3,4,2,2021-12-23 12:46:25
1640263585749843000,29.15,3,29.1,8,29.3,4,2,2021-12-23 12:46:25
1640263585749843000,29.1,5,29.1,8,29.3,4,2,2021-12-23 12:46:25
1640263639901429000,29.2,1,29.2,1,29.3,4,2,2021-12-23 12:47:19
1640263669324414000,29.2,1,29.2,1,29.3,4,2,2021-12-23 12:47:49
1640263692663134000,29.25,3,29.2,6,29.25,22,1,2021-12-23 12:48:12
1640263704173114000,29.25,3,29.2,7,29.25,19,1,2021-12-23 12:48:24
1640263709716150000,29.25,3,29.2,6,29.25,16,1,2021-12-23 12:48:29
1640263715452904000,29.25,3,29.2,6,29.25,13,1,2021-12-23 12:48:35
1640263721187985000,29.25,1,29.2,6,29.25,12,1,2021-12-23 12:48:41
1640263731584644000,29.25,1,29.2,6,29.25,11,1,2021-12-23 12:48:51
1640263811756553000,29.25,1,29.2,6,29.25,10,1,2021-12-23 12:50:11
1640263858998370000,29.25,7,29.2,6,29.25,3,1,2021-12-23 12:50:58
1640263883344083000,29.2,5,29.2,1,29.25,3,2,2021-12-23 12:51:23
1640263885597641000,29.25,1,29.2,1,29.25,2,1,2021-12-23 12:51:25
1640263929246221000,29.2,1,29.15,13,29.25,3,2,2021-12-23 12:52:09
1640263935762482000,29.25,2,29.15,13,29.25,1,1,2021-12-23 12:52:15
1640263998652708000,29.25,1,29.2,1,29.25,1,1,2021-12-23 12:53:18
1640264112049728000,29.25,1,29.2,3,29.3,4,1,2021-12-23 12:55:12
1640264137110066000,29.2,2,29.15,8,29.3,4,2,2021-12-23 12:55:37
1640264137110066000,29.15,3,29.15,8,29.3,4,2,2021-12-23 12:55:37
1640264171754963000,29.15,1,29.15,8,29.25,2,2,2021-12-23 12:56:11
1640264219831379000,29.15,1,29.15,7,29.25,2,2,2021-12-23 12:56:59
1640264318673019000,29.15,1,29.15,7,29.25,4,2,2021-12-23 12:58:38
1640264371520396000,29.25,2,29.15,11,29.3,6,1,2021-12-23 12:59:31
1640264404867245000,29.25,1,29.2,3,29.3,6,1,2021-12-23 13:00:04
1640264479253982000,29.3,2,29.25,1,29.3,2,1,2021-12-23 13:01:19
1640264575192425000,29.3,1,29.25,6,29.3,2,1,2021-12-23 13:02:55
1640264588088408000,29.25,5,29.25,1,29.3,4,2,2021-12-23 13:03:08
1640264634844887000,29.3,2,29.25,1,29.3,2,1,2021-12-23 13:03:54
1640264756058434000,29.35,5,29.3,6,29.35,1,1,2021-12-23 13:05:56
1640264827475199000,29.4,2,29.35,1,29.4,2,1,2021-12-23 13:07:07
1640264838963856000,29.4,1,29.35,2,29.45,5,2,2021-12-23 13:07:18
1640264854382010000,29.45,5,29.4,1,29.5,3,1,2021-12-23 13:07:34
1640264926425157000,29.45,1,29.4,4,29.45,3,1,2021-12-23 13:08:46
1640264961347095000,29.45,1,29.4,4,29.45,4,1,2021-12-23 13:09:21
1640264993354041000,29.45,1,29.4,4,29.45,4,1,2021-12-23 13:09:53
1640265006363522000,29.45,1,29.4,4,29.45,4,1,2021-12-23 13:10:06
1640265006852708000,29.45,1,29.4,4,29.45,5,1,2021-12-23 13:10:06
1640265027930148000,29.45,1,29.4,5,29.45,4,1,2021-12-23 13:10:27
1640265036710674000,29.45,1,29.4,5,29.45,3,1,2021-12-23 13:10:36
1640265045705464000,29.45,1,29.4,5,29.45,2,1,2021-12-23 13:10:45
1640265070121045000,29.45,1,29.4,5,29.5,6,2,2021-12-23 13:11:10
1640265070613436000,29.5,6,29.5,3,29.6,3,1,2021-12-23 13:11:10
1640265081510209000,29.5,3,29.4,6,29.5,27,2,2021-12-23 13:11:21
1640265094117440000,29.45,2,29.4,5,29.5,27,1,2021-12-23 13:11:34
1640265109694443000,29.45,1,29.4,5,29.45,1,1,2021-12-23 13:11:49
1640265123980721000,29.45,1,29.4,6,29.5,27,1,2021-12-23 13:12:03
1640265129145336000,29.4,1,29.4,5,29.5,27,2,2021-12-23 13:12:09
1640265193076672000,29.4,2,29.4,5,29.45,2,2,2021-12-23 13:13:13
1640265193426658000,29.45,2,29.45,16,29.5,27,1,2021-12-23 13:13:13
1640265193821033000,29.5,1,29.45,16,29.5,27,1,2021-12-23 13:13:13
1640265201769903000,29.45,2,29.45,14,29.5,27,2,2021-12-23 13:13:21
1640265204754648000,29.45,1,29.45,13,29.5,27,2,2021-12-23 13:13:24
1640265205534320000,29.5,1,29.45,13,29.5,26,1,2021-12-23 13:13:25
1640265206915426000,29.45,5,29.45,8,29.5,26,2,2021-12-23 13:13:26
1640265231594026000,29.45,1,29.45,9,29.5,26,2,2021-12-23 13:13:51
1640265237457474000,29.45,1,29.45,8,29.5,26,2,2021-12-23 13:13:57
1640265243242723000,29.45,2,29.45,7,29.5,26,2,2021-12-23 13:14:03
1640265246306213000,29.45,2,29.45,5,29.5,26,2,2021-12-23 13:14:06
1640265246325319000,29.45,3,29.45,2,29.5,26,2,2021-12-23 13:14:06
1640265246349795000,29.45,2,29.4,2,29.5,26,2,2021-12-23 13:14:06
1640265274936285000,29.45,1,29.4,3,29.45,1,1,2021-12-23 13:14:34
1640265288343142000,29.45,1,29.4,3,29.45,3,1,2021-12-23 13:14:48
1640265290128586000,29.4,1,29.4,2,29.45,3,2,2021-12-23 13:14:50
1640265303908477000,29.4,1,29.4,2,29.45,3,2,2021-12-23 13:15:03
1640265307926006000,29.4,2,29.35,5,29.4,1,2,2021-12-23 13:15:07
1640265330536301000,29.4,1,29.45,24,29.5,25,1,2021-12-23 13:15:30
1640265332208790000,29.45,10,29.45,14,29.5,25,2,2021-12-23 13:15:32
1640265357618362000,29.5,1,29.45,14,29.5,24,1,2021-12-23 13:15:57
1640265396851175000,29.5,2,29.45,15,29.55,1,1,2021-12-23 13:16:36
1640265411573400000,29.55,1,29.5,1,29.6,3,1,2021-12-23 13:16:51
1640265411629027000,29.6,2,29.5,1,29.6,1,1,2021-12-23 13:16:51
1640265430692398000,29.6,1,29.5,2,29.6,2,1,2021-12-23 13:17:10
1640265440760771000,29.5,4,29.45,15,29.5,20,2,2021-12-23 13:17:20
1640265495083093000,29.5,1,29.45,16,29.5,20,1,2021-12-23 13:18:15
1640265523032219000,29.5,1,29.45,17,29.5,19,1,2021-12-23 13:18:43
1640265530234516000,29.45,2,29.45,15,29.5,19,2,2021-12-23 13:18:50
1640265537957116000,29.5,1,29.45,15,29.5,18,1,2021-12-23 13:18:57
1640265548472314000,29.5,1,29.45,15,29.5,17,1,2021-12-23 13:19:08
1640265556171139000,29.5,17,29.5,8,29.6,1,1,2021-12-23 13:19:16
1640265563293600000,29.6,1,29.5,8,29.7,1,1,2021-12-23 13:19:23
1640265563293600000,29.65,1,29.5,8,29.7,1,1,2021-12-23 13:19:23
1640265563293600000,29.7,1,29.5,8,29.7,1,1,2021-12-23 13:19:23
1640265570026926000,29.7,1,29.55,2,29.75,2,1,2021-12-23 13:19:30
1640265597173978000,29.55,2,29.5,9,29.7,3,2,2021-12-23 13:19:57
1640265597173978000,29.5,3,29.5,9,29.7,3,2,2021-12-23 13:19:57
1640265605762053000,29.65,1,29.5,8,29.65,2,1,2021-12-23 13:20:05
1640265624609003000,29.65,1,29.55,2,29.7,5,1,2021-12-23 13:20:24
1640265625301080000,29.55,2,29.5,18,29.55,1,2,2021-12-23 13:20:25
1640265643627483000,29.7,1,29.55,1,29.7,7,1,2021-12-23 13:20:43
1640265654167895000,29.55,1,29.5,18,29.7,7,2,2021-12-23 13:20:54
1640265662195257000,29.65,1,29.55,1,29.7,7,2,2021-12-23 13:21:02
1640265662581248000,29.7,1,29.5,17,29.7,6,1,2021-12-23 13:21:02
1640265681644278000,29.7,1,29.5,17,29.7,5,1,2021-12-23 13:21:21
1640265700327975000,29.55,1,29.5,18,29.65,5,2,2021-12-23 13:21:40
1640265700603227000,29.65,1,29.5,17,29.65,4,1,2021-12-23 13:21:40
1640265717509633000,29.5,1,29.5,17,29.65,6,2,2021-12-23 13:21:57
1640265719638505000,29.65,1,29.5,17,29.65,5,1,2021-12-23 13:21:59
1640265738478052000,29.6,1,29.5,17,29.6,2,1,2021-12-23 13:22:18
1640265753450775000,29.55,1,29.5,5,29.65,14,2,2021-12-23 13:22:33
1640265753450775000,29.5,13,29.5,5,29.65,14,2,2021-12-23 13:22:33
1640265757809296000,29.65,1,29.5,7,29.65,13,1,2021-12-23 13:22:37
1640265766254051000,29.6,3,29.55,10,29.6,2,1,2021-12-23 13:22:46
1640265776589326000,29.65,1,29.55,17,29.65,7,1,2021-12-23 13:22:56
1640265783519645000,29.65,3,29.55,17,29.65,6,1,2021-12-23 13:23:03
1640265795546639000,29.65,1,29.6,1,29.65,6,1,2021-12-23 13:23:15
1640265808117687000,29.6,1,29.55,17,29.65,7,2,2021-12-23 13:23:28
1640265814456966000,29.65,1,29.55,17,29.65,7,1,2021-12-23 13:23:34
1640265833630668000,29.65,1,29.55,17,29.65,8,1,2021-12-23 13:23:53
1640265842958945000,29.55,9,29.55,8,29.6,6,2,2021-12-23 13:24:02
1640265843242285000,29.6,8,29.55,8,29.65,6,1,2021-12-23 13:24:03
1640265843242285000,29.65,1,29.55,8,29.65,6,1,2021-12-23 13:24:03
1640265852584847000,29.6,1,29.55,8,29.65,6,1,2021-12-23 13:24:12
1640265873381614000,29.6,1,29.55,8,29.65,4,2,2021-12-23 13:24:33
1640265873381614000,29.55,1,29.55,8,29.65,4,2,2021-12-23 13:24:33
1640265881008290000,29.65,4,29.55,8,29.7,21,1,2021-12-23 13:24:41
1640265881008290000,29.7,1,29.55,8,29.7,21,1,2021-12-23 13:24:41
1640265882930698000,29.55,2,29.55,6,29.7,21,2,2021-12-23 13:24:42
1640265886780477000,29.55,2,29.55,4,29.7,22,2,2021-12-23 13:24:46
1640266200000000000,29.45,135,29.45,9,29.5,7,2,2021-12-23 13:30:00
