ts,close,volume,bid_price,bid_volume,ask_price,ask_volume,tick_type,datetime
1640250011532332000,126.0,288,125.5,17,126.0,187,2,2021-12-23 09:00:11
1640250011601049000,126.0,10,125.5,17,126.0,177,1,2021-12-23 09:00:11
1640250012333641000,125.5,1,125.5,16,126.0,179,2,2021-12-23 09:00:12
1640250012384865000,125.5,1,125.5,16,126.0,180,2,2021-12-23 09:00:12
1640250013005073000,126.0,1,125.5,16,126.0,179,1,2021-12-23 09:00:13
1640250013411797000,125.5,3,125.5,13,126.0,124,2,2021-12-23 09:00:13
1640250013425913000,125.5,1,125.5,12,126.0,124,2,2021-12-23 09:00:13
1640250013740025000,126.0,2,125.5,12,126.0,122,1,2021-12-23 09:00:13
1640250015163319000,125.5,5,125.5,7,126.0,127,2,2021-12-23 09:00:15
1640250015840529000,125.5,1,125.5,6,126.0,127,2,2021-12-23 09:00:15
1640250015918277000,125.5,5,125.5,1,126.0,127,2,2021-12-23 09:00:15
1640250016023056000,125.5,1,125.0,39,126.0,127,2,2021-12-23 09:00:16
1640250016886169000,125.5,1,125.0,37,126.0,132,2,2021-12-23 09:00:16
1640250016886169000,125.0,2,125.0,37,126.0,132,2,2021-12-23 09:00:16
1640250016919621000,125.0,1,125.0,36,126.0,132,2,2021-12-23 09:00:16
1640250016951130000,126.0,1,125.0,36,126.0,131,1,2021-12-23 09:00:16
1640250017266890000,125.0,2,125.0,33,126.0,131,2,2021-12-23 09:00:17
1640250017888293000,125.5,1,125.0,33,125.5,9,1,2021-12-23 09:00:17
1640250018348944000,125.0,1,125.0,32,125.5,9,2,2021-12-23 09:00:18
1640250018446321000,125.5,1,125.0,32,125.5,9,1,2021-12-23 09:00:18
1640250018549543000,125.0,6,125.0,26,125.5,9,2,2021-12-23 09:00:18
1640250018730936000,125.5,1,125.0,26,125.5,8,1,2021-12-23 09:00:18
1640250018852258000,125.0,5,125.0,20,125.5,8,2,2021-12-23 09:00:18
1640250021417567000,125.0,1,125.0,19,125.5,12,2,2021-12-23 09:00:21
1640250022125982000,125.5,1,125.0,19,125.5,16,1,2021-12-23 09:00:22
1640250022550903000,125.5,3,125.0,20,125.5,13,1,2021-12-23 09:00:22
1640250024095192000,125.5,1,125.0,23,125.5,13,1,2021-12-23 09:00:24
1640250024378506000,125.0,1,125.0,22,125.5,13,2,2021-12-23 09:00:24
1640250024491489000,125.5,5,125.0,22,125.5,8,1,2021-12-23 09:00:24
1640250024874663000,125.5,3,125.0,26,125.5,5,1,2021-12-23 09:00:24
1640250025206499000,125.5,1,125.0,26,125.5,4,1,2021-12-23 09:00:25
1640250025626905000,125.5,5,125.5,15,126.0,124,1,2021-12-23 09:00:25
1640250025820792000,126.0,1,125.5,15,126.0,123,1,2021-12-23 09:00:25
1640250026003486000,125.5,1,125.5,14,126.0,123,2,2021-12-23 09:00:26
1640250026599904000,126.0,1,125.5,17,126.0,122,1,2021-12-23 09:00:26
1640250027411361000,126.0,1,125.5,21,126.0,121,1,2021-12-23 09:00:27
1640250028805169000,126.0,2,125.5,24,126.0,119,1,2021-12-23 09:00:28
1640250030228564000,126.0,2,125.5,28,126.0,117,1,2021-12-23 09:00:30
1640250030391785000,125.5,3,125.5,26,126.0,117,2,2021-12-23 09:00:30
1640250031179304000,126.0,2,125.5,27,126.0,115,1,2021-12-23 09:00:31
1640250033116751000,126.0,1,125.5,27,126.0,114,1,2021-12-23 09:00:33
1640250033507278000,125.5,2,125.5,25,126.0,114,2,2021-12-23 09:00:33
1640250034591371000,126.0,1,125.5,25,126.0,114,1,2021-12-23 09:00:34
1640250034973112000,125.5,1,125.5,24,126.0,114,2,2021-12-23 09:00:34
1640250035732202000,125.5,1,125.5,24,126.0,114,2,2021-12-23 09:00:35
1640250037065094000,125.5,4,125.5,22,126.0,114,2,2021-12-23 09:00:37
1640250037138941000,126.0,1,125.5,22,126.0,113,1,2021-12-23 09:00:37
1640250039274767000,125.5,1,125.5,23,126.0,113,2,2021-12-23 09:00:39
1640250039669971000,126.0,1,125.5,23,126.0,112,1,2021-12-23 09:00:39
1640250039884939000,125.5,1,125.5,22,126.0,114,2,2021-12-23 09:00:39
1640250041315109000,126.0,1,125.5,30,126.0,138,1,2021-12-23 09:00:41
1640250043093557000,126.0,1,125.5,31,126.0,137,1,2021-12-23 09:00:43
1640250044246052000,125.5,1,125.5,31,126.0,137,2,2021-12-23 09:00:44
1640250044814495000,125.5,1,125.5,31,126.0,137,2,2021-12-23 09:00:44
1640250045572216000,126.0,1,125.5,31,126.0,135,1,2021-12-23 09:00:45
1640250046242858000,126.0,1,125.5,32,126.0,134,1,2021-12-23 09:00:46
1640250048780367000,126.0,1,125.5,55,126.0,137,1,2021-12-23 09:00:48
1640250051822143000,126.0,1,125.5,60,126.0,137,1,2021-12-23 09:00:51
1640250055346317000,126.0,1,125.5,73,126.0,137,1,2021-12-23 09:00:55
1640250056480789000,126.0,3,125.5,73,126.0,134,1,2021-12-23 09:00:56
1640250058496535000,126.0,1,125.5,74,126.0,133,1,2021-12-23 09:00:58
1640250058941044000,126.0,1,125.5,74,126.0,132,1,2021-12-23 09:00:58
1640250059408756000,126.0,5,125.5,74,126.0,127,1,2021-12-23 09:00:59
1640250059799765000,126.0,1,125.5,74,126.0,126,1,2021-12-23 09:00:59
1640250059961741000,126.0,11,125.5,74,126.0,115,1,2021-12-23 09:00:59
1640250059994409000,126.0,1,125.5,74,126.0,114,1,2021-12-23 09:00:59
1640250059996056000,126.0,10,125.5,74,126.0,104,1,2021-12-23 09:00:59
1640250060023396000,126.0,1,125.5,74,126.0,103,1,2021-12-23 09:01:00
1640250060031022000,126.0,1,125.5,74,126.0,101,1,2021-12-23 09:01:00
1640250060031037000,126.0,1,125.5,74,126.0,101,1,2021-12-23 09:01:00
1640250060511395000,126.0,1,125.5,74,126.0,103,1,2021-12-23 09:01:00
1640250060623035000,126.0,1,125.5,74,126.0,102,1,2021-12-23 09:01:00
1640250060701005000,126.0,1,125.5,74,126.0,101,1,2021-12-23 09:01:00
1640250060755178000,126.0,11,125.5,74,126.0,90,1,2021-12-23 09:01:00
1640250060763784000,126.0,5,125.5,74,126.0,85,1,2021-12-23 09:01:00
1640250060827628000,126.0,2,125.5,74,126.0,83,1,2021-12-23 09:01:00
1640250060843563000,126.0,1,125.5,74,126.0,81,1,2021-12-23 09:01:00
1640250060843579000,126.0,1,125.5,74,126.0,81,1,2021-12-23 09:01:00
1640250061247411000,126.0,2,125.5,74,126.0,79,1,2021-12-23 09:01:01
1640250061335162000,126.0,1,125.5,74,126.0,78,1,2021-12-23 09:01:01
1640250061412117000,126.0,1,125.5,73,126.0,77,1,2021-12-23 09:01:01
1640250061570334000,126.0,5,125.5,73,126.0,72,1,2021-12-23 09:01:01
1640250061720392000,126.0,1,125.5,73,126.0,71,1,2021-12-23 09:01:01
1640250061726177000,126.0,1,125.5,73,126.0,70,1,2021-12-23 09:01:01
1640250061747505000,126.0,4,125.5,73,126.0,66,1,2021-12-23 09:01:01
1640250061769977000,126.0,1,125.5,73,126.0,64,1,2021-12-23 09:01:01
1640250061769999000,126.0,1,125.5,73,126.0,64,1,2021-12-23 09:01:01
1640250061770047000,126.0,1,125.5,79,126.0,58,1,2021-12-23 09:01:01
1640250061770061000,126.0,1,125.5,79,126.0,58,1,2021-12-23 09:01:01
1640250061770075000,126.0,1,125.5,79,126.0,58,1,2021-12-23 09:01:01
1640250061770096000,126.0,1,125.5,79,126.0,58,1,2021-12-23 09:01:01
1640250061770099000,126.0,1,125.5,79,126.0,58,1,2021-12-23 09:01:01
1640250061770116000,126.0,1,125.5,79,126.0,58,1,2021-12-23 09:01:01
1640250061792313000,126.0,1,125.5,79,126.0,56,1,2021-12-23 09:01:01
1640250061792317000,126.0,1,125.5,79,126.0,56,1,2021-12-23 09:01:01
1640250061837061000,126.0,10,125.5,79,126.0,46,1,2021-12-23 09:01:01
1640250062115321000,126.0,2,125.5,79,126.0,44,1,2021-12-23 09:01:02
1640250062831678000,126.0,5,125.5,79,126.0,39,1,2021-12-23 09:01:02
1640250062847304000,126.0,5,125.5,79,126.0,34,1,2021-12-23 09:01:02
1640250062947720000,126.0,1,125.5,80,126.0,33,1,2021-12-23 09:01:02
1640250062996178000,126.0,3,125.5,80,126.0,30,1,2021-12-23 09:01:02
1640250063037908000,126.0,2,125.5,80,126.0,28,1,2021-12-23 09:01:03
1640250063122309000,126.0,1,125.5,80,126.0,27,1,2021-12-23 09:01:03
1640250063148685000,126.0,3,125.5,80,126.0,24,1,2021-12-23 09:01:03
1640250063265539000,126.0,3,125.5,80,126.0,21,1,2021-12-23 09:01:03
1640250063343817000,126.0,1,125.5,80,126.0,20,1,2021-12-23 09:01:03
1640250063545280000,126.0,3,125.5,80,126.0,17,1,2021-12-23 09:01:03
1640250063627463000,126.0,2,125.5,80,126.0,15,1,2021-12-23 09:01:03
1640250063808814000,126.0,1,125.5,80,126.0,14,1,2021-12-23 09:01:03
1640250063840813000,126.0,1,125.5,80,126.0,13,1,2021-12-23 09:01:03
1640250063876850000,126.0,2,125.5,80,126.0,11,1,2021-12-23 09:01:03
1640250063992551000,126.0,3,125.5,80,126.0,8,1,2021-12-23 09:01:03
1640250064112554000,126.0,6,125.5,79,126.0,2,1,2021-12-23 09:01:04
1640250064352325000,126.0,1,125.5,80,126.0,2,1,2021-12-23 09:01:04
1640250064487711000,126.0,2,126.0,3,126.5,18,1,2021-12-23 09:01:04
1640250064672068000,126.0,10,126.0,1,126.5,19,2,2021-12-23 09:01:04
1640250065318635000,126.5,1,126.0,7,126.5,18,1,2021-12-23 09:01:05
1640250065572764000,126.5,6,126.0,8,126.5,12,1,2021-12-23 09:01:05
1640250066472251000,126.5,5,126.0,11,126.5,7,1,2021-12-23 09:01:06
1640250066678093000,126.0,1,126.0,12,126.5,7,2,2021-12-23 09:01:06
1640250068806134000,126.5,1,126.0,18,127.0,14,1,2021-12-23 09:01:08
1640250073897931000,127.0,1,126.5,3,127.0,18,1,2021-12-23 09:01:13
1640250073933754000,126.5,3,126.0,36,127.0,18,2,2021-12-23 09:01:13
1640250074926940000,127.0,1,126.0,37,127.0,17,1,2021-12-23 09:01:14
1640250076020935000,126.5,1,126.0,32,126.5,8,1,2021-12-23 09:01:16
1640250076317542000,126.5,1,126.0,32,126.5,7,1,2021-12-23 09:01:16
1640250076431846000,126.5,1,126.0,33,126.5,7,1,2021-12-23 09:01:16
1640250077341279000,126.5,1,126.0,34,126.5,6,1,2021-12-23 09:01:17
1640250077840243000,126.5,3,126.0,34,126.5,4,1,2021-12-23 09:01:17
1640250078071934000,126.5,1,126.0,35,126.5,6,1,2021-12-23 09:01:18
1640250078995316000,126.5,1,126.0,36,126.5,6,1,2021-12-23 09:01:18
1640250079676930000,126.5,1,126.0,35,126.5,5,1,2021-12-23 09:01:19
1640250079816623000,126.5,1,126.0,35,126.5,4,1,2021-12-23 09:01:19
1640250080218088000,126.5,1,126.0,36,126.5,3,1,2021-12-23 09:01:20
1640250080429726000,126.5,1,126.0,36,126.5,2,1,2021-12-23 09:01:20
1640250080562797000,126.5,1,126.0,36,126.5,1,1,2021-12-23 09:01:20
1640250080964239000,126.5,1,126.0,39,127.0,34,1,2021-12-23 09:01:20
1640250081654622000,126.0,25,126.0,19,126.5,16,2,2021-12-23 09:01:21
1640250081687091000,126.0,3,125.5,62,126.5,18,2,2021-12-23 09:01:21
1640250081687581000,126.0,16,125.5,62,126.5,18,2,2021-12-23 09:01:21
1640250081976937000,126.0,1,125.5,62,126.5,14,1,2021-12-23 09:01:21
1640250081976937000,126.5,2,125.5,62,126.5,14,1,2021-12-23 09:01:21
1640250082769418000,125.5,10,125.0,28,126.0,3,2,2021-12-23 09:01:22
1640250082769492000,125.5,52,125.0,28,126.0,3,2,2021-12-23 09:01:22
1640250082906134000,125.5,1,125.0,28,125.5,6,1,2021-12-23 09:01:22
1640250083334930000,125.5,1,125.0,28,125.5,7,1,2021-12-23 09:01:23
1640250083412040000,125.5,1,125.0,28,125.5,6,1,2021-12-23 09:01:23
1640250083704251000,125.5,1,125.0,28,125.5,5,1,2021-12-23 09:01:23
1640250084171435000,125.5,5,125.0,28,126.0,10,1,2021-12-23 09:01:24
1640250084276781000,125.5,1,125.0,28,125.5,2,1,2021-12-23 09:01:24
1640250085180295000,125.5,1,125.0,28,125.5,1,1,2021-12-23 09:01:25
1640250085187228000,125.5,1,125.0,27,126.0,9,1,2021-12-23 09:01:25
1640250085619917000,125.5,1,125.0,27,126.0,7,1,2021-12-23 09:01:25
1640250085619917000,126.0,2,125.0,27,126.0,7,1,2021-12-23 09:01:25
1640250085904543000,126.0,1,125.0,27,126.0,6,1,2021-12-23 09:01:25
1640250088491835000,125.5,1,125.0,31,126.0,26,2,2021-12-23 09:01:28
1640250089488702000,126.0,1,125.0,31,126.0,26,1,2021-12-23 09:01:29
1640250090341682000,126.0,1,125.0,31,126.0,25,1,2021-12-23 09:01:30
1640250091379717000,126.0,1,125.0,31,126.0,26,1,2021-12-23 09:01:31
1640250091718973000,126.0,5,125.0,31,126.0,22,1,2021-12-23 09:01:31
1640250091842235000,125.5,1,125.0,31,126.0,22,2,2021-12-23 09:01:31
1640250091842877000,125.5,2,125.0,31,126.0,22,2,2021-12-23 09:01:31
1640250091956458000,125.5,1,125.0,31,126.0,30,2,2021-12-23 09:01:31
1640250093062972000,126.0,1,125.0,31,126.0,31,1,2021-12-23 09:01:33
1640250093208949000,125.5,1,125.0,31,126.0,31,2,2021-12-23 09:01:33
1640250094396355000,125.5,2,125.5,1,126.0,32,2,2021-12-23 09:01:34
1640250094436846000,125.5,1,125.0,32,126.0,32,2,2021-12-23 09:01:34
1640250095773657000,125.0,27,124.5,21,125.0,5,2,2021-12-23 09:01:35
1640250095946789000,125.0,1,124.5,21,125.0,6,1,2021-12-23 09:01:35
1640250096006832000,125.0,1,124.5,21,125.0,5,1,2021-12-23 09:01:36
1640250096281240000,125.0,1,124.5,21,125.0,4,1,2021-12-23 09:01:36
1640250096295981000,125.0,1,124.5,21,125.0,3,1,2021-12-23 09:01:36
1640250096350168000,125.0,3,125.5,5,126.0,33,1,2021-12-23 09:01:36
1640250096350168000,125.5,2,125.5,5,126.0,33,1,2021-12-23 09:01:36
1640250096385769000,125.5,1,125.5,1,126.0,33,2,2021-12-23 09:01:36
1640250096385792000,125.5,1,125.5,1,126.0,33,2,2021-12-23 09:01:36
1640250096385809000,125.5,1,125.5,1,126.0,33,2,2021-12-23 09:01:36
1640250096385812000,125.5,1,125.5,1,126.0,33,2,2021-12-23 09:01:36
1640250096386069000,125.5,1,124.5,21,126.0,33,2,2021-12-23 09:01:36
1640250096990586000,125.5,1,125.0,8,125.5,13,1,2021-12-23 09:01:36
1640250097267481000,125.0,5,125.0,4,125.5,13,2,2021-12-23 09:01:37
1640250097872093000,125.0,2,125.0,2,125.5,13,2,2021-12-23 09:01:37
1640250097931144000,125.0,1,125.0,1,125.5,13,2,2021-12-23 09:01:37
1640250098393365000,125.5,5,125.0,1,125.5,8,1,2021-12-23 09:01:38
1640250098757666000,125.5,1,125.0,1,125.5,7,1,2021-12-23 09:01:38
1640250099666278000,125.0,1,125.0,1,125.5,17,2,2021-12-23 09:01:39
1640250100145669000,125.0,1,125.0,1,125.5,18,2,2021-12-23 09:01:40
1640250101230217000,125.5,5,125.0,2,125.5,17,1,2021-12-23 09:01:41
1640250101455740000,125.0,2,125.0,1,125.5,17,2,2021-12-23 09:01:41
1640250101491366000,125.0,1,124.5,20,125.5,17,2,2021-12-23 09:01:41
1640250101972998000,125.0,1,124.5,26,125.5,17,1,2021-12-23 09:01:41
1640250103202124000,125.0,1,124.5,26,125.5,18,2,2021-12-23 09:01:43
1640250104753353000,124.5,1,124.5,25,125.5,20,2,2021-12-23 09:01:44
1640250106284203000,125.0,1,124.5,25,125.5,25,2,2021-12-23 09:01:46
1640250106672296000,124.5,2,124.5,22,125.0,10,2,2021-12-23 09:01:46
1640250106703606000,124.5,1,124.5,21,125.0,10,2,2021-12-23 09:01:46
1640250106721033000,124.5,1,124.5,20,125.0,10,2,2021-12-23 09:01:46
1640250106783494000,124.5,1,124.5,19,125.0,10,2,2021-12-23 09:01:46
1640250107611483000,125.0,1,124.5,19,125.0,9,1,2021-12-23 09:01:47
1640250108123071000,125.0,3,124.5,19,125.0,6,1,2021-12-23 09:01:48
1640250108154421000,124.5,1,124.5,18,125.0,6,2,2021-12-23 09:01:48
1640250108276420000,124.5,2,124.5,17,125.0,6,2,2021-12-23 09:01:48
1640250112206178000,124.5,5,124.5,18,125.0,14,2,2021-12-23 09:01:52
1640250112394262000,124.5,1,124.5,17,125.0,14,2,2021-12-23 09:01:52
1640250114500041000,124.5,1,124.5,11,125.0,17,2,2021-12-23 09:01:54
1640250114686029000,124.5,5,124.5,7,125.0,17,2,2021-12-23 09:01:54
1640250116068239000,124.5,2,124.5,6,125.0,17,2,2021-12-23 09:01:56
1640250117079005000,124.5,1,124.5,8,125.0,20,2,2021-12-23 09:01:57
1640250118087788000,124.5,1,124.5,8,125.0,20,2,2021-12-23 09:01:58
1640250119525928000,124.5,1,124.5,8,125.0,20,2,2021-12-23 09:01:59
1640250120279595000,124.5,1,124.5,13,125.0,21,2,2021-12-23 09:02:00
1640250120553079000,124.5,14,124.0,31,125.0,21,2,2021-12-23 09:02:00
1640250120771317000,124.0,2,124.0,35,124.5,4,2,2021-12-23 09:02:00
1640250120781252000,124.0,2,124.0,33,124.5,4,2,2021-12-23 09:02:00
1640250120816387000,124.0,1,124.0,32,124.5,4,2,2021-12-23 09:02:00
1640250122417052000,124.5,1,124.0,33,124.5,11,1,2021-12-23 09:02:02
1640250122574411000,124.5,1,124.0,33,124.5,10,1,2021-12-23 09:02:02
1640250126499534000,124.5,1,124.0,42,124.5,11,1,2021-12-23 09:02:06
1640250127456153000,124.5,1,124.0,42,124.5,10,1,2021-12-23 09:02:07
1640250127666415000,124.5,1,124.0,42,124.5,9,1,2021-12-23 09:02:07
1640250129141890000,124.5,1,124.0,42,124.5,12,1,2021-12-23 09:02:09
1640250131846378000,124.5,1,124.0,45,124.5,11,1,2021-12-23 09:02:11
1640250132530381000,124.5,5,124.0,45,124.5,6,1,2021-12-23 09:02:12
1640250132763276000,124.5,1,124.0,45,124.5,5,1,2021-12-23 09:02:12
1640250133861406000,124.5,4,124.5,6,125.0,31,1,2021-12-23 09:02:13
1640250134630018000,125.0,1,124.5,13,125.0,31,1,2021-12-23 09:02:14
1640250134844734000,124.5,1,124.5,16,125.0,31,2,2021-12-23 09:02:14
1640250139128739000,125.0,3,124.5,23,125.0,30,1,2021-12-23 09:02:19
1640250139831085000,124.5,1,124.5,23,125.0,30,2,2021-12-23 09:02:19
1640250140062604000,125.0,1,124.5,23,125.0,29,1,2021-12-23 09:02:20
1640250141066727000,124.5,3,124.5,20,125.0,25,2,2021-12-23 09:02:21
1640250141544212000,125.0,1,124.5,20,125.0,24,1,2021-12-23 09:02:21
1640250142227812000,125.0,1,124.5,22,125.0,23,1,2021-12-23 09:02:22
1640250144245827000,125.0,1,124.5,24,125.0,22,1,2021-12-23 09:02:24
1640250145777338000,125.0,1,124.5,25,125.0,21,1,2021-12-23 09:02:25
1640250145853262000,125.0,1,124.5,25,125.0,20,1,2021-12-23 09:02:25
1640250148415091000,125.0,1,124.5,28,125.0,19,1,2021-12-23 09:02:28
1640250148446109000,125.0,4,124.5,28,125.0,15,1,2021-12-23 09:02:28
1640250148487145000,125.0,1,124.5,28,125.0,5,1,2021-12-23 09:02:28
1640250148487165000,125.0,1,124.5,28,125.0,5,1,2021-12-23 09:02:28
1640250148487168000,125.0,1,124.5,28,125.0,5,1,2021-12-23 09:02:28
1640250148487184000,125.0,1,124.5,28,125.0,5,1,2021-12-23 09:02:28
1640250148487200000,125.0,1,124.5,28,125.0,5,1,2021-12-23 09:02:28
1640250148487215000,125.0,1,124.5,28,125.0,5,1,2021-12-23 09:02:28
1640250148487230000,125.0,1,124.5,28,125.0,5,1,2021-12-23 09:02:28
1640250148487242000,125.0,1,124.5,28,125.0,5,1,2021-12-23 09:02:28
1640250148487244000,125.0,1,124.5,28,125.0,5,1,2021-12-23 09:02:28
1640250148487261000,125.0,1,124.5,28,125.0,5,1,2021-12-23 09:02:28
1640250148520759000,125.0,2,124.5,28,125.0,3,1,2021-12-23 09:02:28
1640250148525105000,125.0,1,124.5,28,125.5,14,1,2021-12-23 09:02:28
1640250148525123000,125.0,1,124.5,28,125.5,14,1,2021-12-23 09:02:28
1640250148525138000,125.0,1,124.5,28,125.5,14,1,2021-12-23 09:02:28
1640250152752836000,125.5,1,125.0,18,125.5,16,1,2021-12-23 09:02:32
1640250154607153000,125.5,5,125.0,29,125.5,11,1,2021-12-23 09:02:34
1640250155618811000,125.0,1,125.0,28,125.5,11,2,2021-12-23 09:02:35
1640250155664634000,125.5,4,125.0,28,125.5,2,1,2021-12-23 09:02:35
1640250155979359000,125.5,1,125.0,29,125.5,1,1,2021-12-23 09:02:35
1640250156013643000,125.5,1,125.0,29,126.0,12,1,2021-12-23 09:02:36
1640250157307957000,125.5,1,125.5,1,126.0,13,2,2021-12-23 09:02:37
1640250157342171000,125.5,1,125.0,27,126.0,13,2,2021-12-23 09:02:37
1640250158772004000,125.5,1,125.0,27,126.0,19,2,2021-12-23 09:02:38
1640250159196410000,126.0,1,125.0,27,126.0,19,1,2021-12-23 09:02:39
1640250161032288000,125.5,5,125.0,30,126.0,19,2,2021-12-23 09:02:41
1640250163931030000,125.5,2,125.0,30,126.0,22,2,2021-12-23 09:02:43
1640250165832689000,125.5,2,125.0,31,125.5,1,2,2021-12-23 09:02:45
1640250165917125000,125.5,1,125.0,31,126.0,23,1,2021-12-23 09:02:45
1640250167304418000,125.5,2,125.5,4,126.0,24,2,2021-12-23 09:02:47
1640250167446254000,125.5,3,125.5,1,126.0,24,2,2021-12-23 09:02:47
1640250170896571000,125.5,2,125.0,32,126.0,26,2,2021-12-23 09:02:50
1640250171686632000,125.5,1,125.0,32,126.0,26,2,2021-12-23 09:02:51
1640250172208446000,125.5,1,125.0,32,125.5,9,1,2021-12-23 09:02:52
1640250172971601000,125.5,1,125.0,32,125.5,9,1,2021-12-23 09:02:52
1640250173005275000,125.0,7,125.0,25,125.5,9,2,2021-12-23 09:02:53
1640250173372941000,125.5,1,125.0,25,125.5,8,1,2021-12-23 09:02:53
1640250174043581000,125.5,1,125.0,25,125.5,9,1,2021-12-23 09:02:54
1640250174431108000,125.5,3,125.0,25,125.5,6,1,2021-12-23 09:02:54
1640250176329550000,125.5,1,125.0,26,125.5,22,1,2021-12-23 09:02:56
1640250176746241000,125.5,1,125.0,26,125.5,22,1,2021-12-23 09:02:56
1640250176841380000,125.5,1,125.0,26,125.5,22,1,2021-12-23 09:02:56
1640250178303411000,125.5,1,125.0,34,125.5,26,1,2021-12-23 09:02:58
1640250180797498000,125.5,1,125.0,41,125.5,26,1,2021-12-23 09:03:00
1640250181211173000,125.0,3,125.0,38,125.5,27,2,2021-12-23 09:03:01
1640250181246367000,125.0,3,125.0,35,125.5,27,2,2021-12-23 09:03:01
1640250181579162000,125.5,10,125.0,37,125.5,17,1,2021-12-23 09:03:01
1640250183496991000,125.0,1,125.0,36,125.5,17,2,2021-12-23 09:03:03
1640250185504785000,125.0,1,125.0,36,125.5,24,2,2021-12-23 09:03:05
1640250186153508000,125.0,1,125.0,35,125.5,24,2,2021-12-23 09:03:06
1640250186228694000,125.5,1,125.0,35,125.5,23,1,2021-12-23 09:03:06
1640250193490399000,125.5,1,125.0,40,125.5,25,1,2021-12-23 09:03:13
1640250195136514000,125.5,1,125.0,40,125.5,24,1,2021-12-23 09:03:15
1640250198123383000,125.5,1,125.0,40,125.5,23,1,2021-12-23 09:03:18
1640250200646161000,125.5,1,125.0,46,125.5,22,1,2021-12-23 09:03:20
1640250201785116000,125.5,5,125.0,46,125.5,17,1,2021-12-23 09:03:21
1640250201790581000,125.5,1,125.0,46,125.5,16,1,2021-12-23 09:03:21
1640250202115041000,125.5,1,125.0,46,125.5,15,1,2021-12-23 09:03:22
1640250202742454000,125.5,1,125.0,46,125.5,15,1,2021-12-23 09:03:22
1640250204081277000,125.5,1,125.0,46,125.5,14,1,2021-12-23 09:03:24
1640250204265014000,125.5,2,125.0,46,125.5,12,1,2021-12-23 09:03:24
1640250204734768000,125.5,1,125.0,46,125.5,11,1,2021-12-23 09:03:24
1640250205678081000,125.5,1,125.0,47,125.5,10,1,2021-12-23 09:03:25
1640250205936310000,125.5,3,125.0,48,125.5,7,1,2021-12-23 09:03:25
1640250206246425000,125.5,3,125.0,48,125.5,4,1,2021-12-23 09:03:26
1640250206999446000,125.0,1,125.0,47,125.5,4,2,2021-12-23 09:03:26
1640250207062635000,125.5,1,125.0,47,125.5,3,1,2021-12-23 09:03:27
1640250207147659000,125.5,2,125.0,47,125.5,1,1,2021-12-23 09:03:27
1640250207177978000,125.5,1,125.0,47,126.0,27,1,2021-12-23 09:03:27
1640250215876486000,126.0,1,125.5,21,126.0,26,1,2021-12-23 09:03:35
1640250216516299000,125.5,2,125.5,19,126.0,26,2,2021-12-23 09:03:36
1640250221378403000,126.0,1,125.5,21,126.0,25,1,2021-12-23 09:03:41
1640250222652440000,126.0,1,125.5,22,126.0,24,1,2021-12-23 09:03:42
1640250222827608000,125.5,2,125.5,20,126.0,24,2,2021-12-23 09:03:42
1640250223544342000,126.0,2,125.5,22,126.0,22,1,2021-12-23 09:03:43
1640250225333897000,126.0,1,125.5,23,126.0,21,1,2021-12-23 09:03:45
1640250226930041000,126.0,5,125.5,23,126.0,15,1,2021-12-23 09:03:46
1640250229021125000,126.0,1,125.5,24,126.0,14,1,2021-12-23 09:03:49
1640250231288701000,126.0,2,125.5,25,126.0,18,1,2021-12-23 09:03:51
1640250231755825000,126.0,1,125.5,26,126.0,17,1,2021-12-23 09:03:51
1640250234291816000,126.0,1,125.5,27,126.0,18,1,2021-12-23 09:03:54
1640250237876891000,126.0,2,125.5,28,126.0,17,1,2021-12-23 09:03:57
1640250238687369000,126.0,1,125.5,29,126.0,16,1,2021-12-23 09:03:58
1640250238858207000,126.0,5,125.5,29,126.0,11,1,2021-12-23 09:03:58
1640250239768694000,126.0,1,125.5,29,126.0,10,1,2021-12-23 09:03:59
1640250240205740000,126.0,2,125.5,29,126.0,8,1,2021-12-23 09:04:00
1640250241760985000,126.0,1,125.5,29,126.0,9,1,2021-12-23 09:04:01
1640250243366120000,126.0,1,125.5,29,126.0,8,1,2021-12-23 09:04:03
1640250244330692000,126.0,1,125.5,28,126.0,7,1,2021-12-23 09:04:04
1640250245107928000,126.0,1,125.5,29,126.0,6,1,2021-12-23 09:04:05
1640250245797503000,126.0,1,125.5,29,126.0,5,1,2021-12-23 09:04:05
1640250246715877000,126.0,1,125.5,29,126.0,4,1,2021-12-23 09:04:06
1640250247920620000,126.0,4,125.5,29,126.5,41,1,2021-12-23 09:04:07
1640250248077910000,126.0,1,125.5,29,126.5,45,2,2021-12-23 09:04:08
1640250248318595000,126.0,1,125.5,31,126.5,45,2,2021-12-23 09:04:08
1640250248706331000,126.0,1,126.0,1,126.5,46,2,2021-12-23 09:04:08
1640250248707270000,126.0,1,125.5,31,126.5,46,2,2021-12-23 09:04:08
1640250250200508000,126.0,4,125.5,31,126.5,46,2,2021-12-23 09:04:10
1640250250939061000,126.0,1,125.5,31,126.0,2,2,2021-12-23 09:04:10
1640250251719919000,126.0,1,125.5,31,126.0,2,1,2021-12-23 09:04:11
1640250255632366000,125.5,21,125.5,12,126.0,16,2,2021-12-23 09:04:15
1640250255667157000,125.5,12,125.0,52,126.0,20,2,2021-12-23 09:04:15
1640250258227643000,126.0,2,125.5,1,126.0,26,1,2021-12-23 09:04:18
1640250259019408000,125.5,1,125.0,51,126.0,33,2,2021-12-23 09:04:19
1640250262457744000,125.5,2,125.0,50,125.5,5,1,2021-12-23 09:04:22
1640250263465785000,125.5,1,125.0,50,125.5,4,1,2021-12-23 09:04:23
1640250263562683000,125.5,1,125.0,50,125.5,3,1,2021-12-23 09:04:23
1640250266883253000,125.0,1,125.0,51,125.5,7,2,2021-12-23 09:04:26
1640250270761132000,125.5,1,125.0,52,125.5,7,1,2021-12-23 09:04:30
1640250278973535000,125.0,1,125.0,51,125.5,22,2,2021-12-23 09:04:38
1640250278988657000,125.0,51,124.5,43,125.5,22,2,2021-12-23 09:04:38
1640250280095548000,125.0,1,124.5,38,125.0,3,1,2021-12-23 09:04:40
1640250281323935000,124.5,1,124.5,37,125.0,15,2,2021-12-23 09:04:41
1640250281986496000,125.0,1,124.5,37,125.0,14,1,2021-12-23 09:04:41
1640250283650096000,125.0,1,124.5,37,125.0,14,1,2021-12-23 09:04:43
1640250285697098000,125.0,2,124.5,37,125.0,21,1,2021-12-23 09:04:45
1640250289625395000,124.5,1,124.5,39,125.0,13,2,2021-12-23 09:04:49
1640250291704112000,125.0,1,124.5,39,125.0,34,1,2021-12-23 09:04:51
1640250292680351000,124.5,30,124.5,9,125.0,34,2,2021-12-23 09:04:52
1640250292706063000,124.5,1,124.0,79,125.0,38,2,2021-12-23 09:04:52
1640250292706080000,124.5,1,124.0,79,125.0,38,2,2021-12-23 09:04:52
1640250292706083000,124.5,1,124.0,79,125.0,38,2,2021-12-23 09:04:52
1640250292706085000,124.5,1,124.0,79,125.0,38,2,2021-12-23 09:04:52
1640250292706087000,124.5,1,124.0,79,125.0,38,2,2021-12-23 09:04:52
1640250292706104000,124.5,1,124.0,79,125.0,38,2,2021-12-23 09:04:52
1640250292706120000,124.5,1,124.0,79,125.0,38,2,2021-12-23 09:04:52
1640250292706150000,124.5,1,124.0,79,125.0,38,2,2021-12-23 09:04:52
1640250292706595000,124.5,1,124.0,79,125.0,38,2,2021-12-23 09:04:52
1640250298478857000,124.0,1,124.0,72,124.5,14,2,2021-12-23 09:04:58
1640250298983603000,124.5,1,124.0,72,124.5,13,1,2021-12-23 09:04:58
1640250299423196000,124.5,1,124.0,72,124.5,12,1,2021-12-23 09:04:59
1640250302876750000,124.5,10,124.0,74,124.5,20,1,2021-12-23 09:05:02
1640250302915819000,124.0,1,124.0,73,124.5,20,2,2021-12-23 09:05:02
1640250303577212000,124.0,3,124.0,70,124.5,22,2,2021-12-23 09:05:03
1640250303606248000,124.0,1,124.0,69,124.5,22,2,2021-12-23 09:05:03
1640250303914211000,124.0,1,124.0,68,124.5,22,2,2021-12-23 09:05:03
1640250304712445000,124.0,1,124.0,68,124.5,22,2,2021-12-23 09:05:04
1640250306127795000,124.5,2,124.0,69,124.5,20,1,2021-12-23 09:05:06
1640250306129223000,124.0,2,124.0,67,124.5,20,2,2021-12-23 09:05:06
1640250309411508000,124.0,10,124.0,62,124.5,40,2,2021-12-23 09:05:09
1640250309444634000,124.0,1,124.0,61,124.5,40,2,2021-12-23 09:05:09
1640250309464409000,124.0,2,124.0,59,124.5,40,2,2021-12-23 09:05:09
1640250310887337000,124.0,10,124.0,51,124.5,40,2,2021-12-23 09:05:10
1640250310947863000,124.0,1,124.0,50,124.5,40,2,2021-12-23 09:05:10
1640250311151768000,124.0,1,124.0,49,124.5,40,2,2021-12-23 09:05:11
1640250312563366000,124.0,1,124.0,48,124.5,40,2,2021-12-23 09:05:12
1640250312842941000,124.0,9,124.0,40,124.5,40,2,2021-12-23 09:05:12
1640250313256335000,124.0,2,124.0,37,124.5,40,2,2021-12-23 09:05:13
1640250313848448000,124.0,1,124.0,36,124.5,40,2,2021-12-23 09:05:13
1640250313936776000,124.0,2,124.0,34,124.5,40,2,2021-12-23 09:05:13
1640250314477936000,124.0,1,124.0,32,124.5,40,2,2021-12-23 09:05:14
1640250315172868000,124.0,1,124.0,32,124.5,38,2,2021-12-23 09:05:15
1640250315338847000,124.0,2,124.0,30,124.5,38,2,2021-12-23 09:05:15
1640250315845173000,124.0,1,124.0,29,124.5,38,2,2021-12-23 09:05:15
1640250315991777000,124.0,3,124.0,26,124.5,38,2,2021-12-23 09:05:15
1640250316022641000,124.0,3,124.0,23,124.5,38,2,2021-12-23 09:05:16
1640250316550327000,124.0,1,124.0,22,124.5,38,2,2021-12-23 09:05:16
1640250316929769000,124.0,3,124.0,20,124.5,38,2,2021-12-23 09:05:16
1640250317137631000,124.0,2,124.0,18,124.5,38,2,2021-12-23 09:05:17
1640250317482462000,124.0,1,124.0,17,124.5,38,2,2021-12-23 09:05:17
1640250317980275000,124.0,7,124.0,10,124.5,38,2,2021-12-23 09:05:17
1640250318122668000,124.0,2,124.0,8,124.5,38,2,2021-12-23 09:05:18
1640250318379421000,124.0,2,124.0,6,124.5,38,2,2021-12-23 09:05:18
1640250318399864000,124.0,5,124.0,1,124.5,38,2,2021-12-23 09:05:18
1640250318755852000,124.0,1,123.5,77,124.0,5,2,2021-12-23 09:05:18
1640250318791128000,124.0,5,123.5,76,124.5,38,1,2021-12-23 09:05:18
1640250319332752000,124.0,1,123.5,77,124.0,1,1,2021-12-23 09:05:19
1640250319519935000,124.0,1,123.5,77,124.5,38,1,2021-12-23 09:05:19
1640250322541343000,123.5,1,123.5,77,124.0,9,2,2021-12-23 09:05:22
1640250323107833000,124.0,1,123.5,78,124.0,8,1,2021-12-23 09:05:23
1640250323139055000,124.0,8,123.5,78,124.0,1,1,2021-12-23 09:05:23
1640250323472240000,124.0,1,123.5,78,124.0,19,1,2021-12-23 09:05:23
1640250325325828000,124.0,1,123.5,80,124.0,18,1,2021-12-23 09:05:25
1640250325889097000,124.0,1,123.5,80,124.0,17,1,2021-12-23 09:05:25
1640250325892731000,124.0,1,123.5,80,124.0,17,1,2021-12-23 09:05:25
1640250326213525000,124.0,1,123.5,80,124.0,16,1,2021-12-23 09:05:26
1640250327547698000,124.0,1,123.5,81,124.0,15,1,2021-12-23 09:05:27
1640250327774929000,124.0,1,123.5,81,124.0,15,1,2021-12-23 09:05:27
1640250328292748000,124.0,1,123.5,81,124.0,14,1,2021-12-23 09:05:28
1640250328877381000,124.0,1,123.5,81,124.0,14,1,2021-12-23 09:05:28
1640250331230028000,124.0,1,123.5,78,124.0,5,1,2021-12-23 09:05:31
1640250332063803000,124.0,1,123.5,79,124.0,4,1,2021-12-23 09:05:32
1640250332096283000,124.0,4,123.5,79,124.5,20,1,2021-12-23 09:05:32
1640250333197074000,124.0,1,123.5,80,124.5,24,2,2021-12-23 09:05:33
1640250335624313000,124.0,5,124.0,8,124.5,5,2,2021-12-23 09:05:35
1640250336994313000,124.0,1,124.0,14,124.5,13,2,2021-12-23 09:05:36
1640250338229741000,124.0,1,124.0,14,124.5,13,2,2021-12-23 09:05:38
1640250338824779000,124.0,2,124.0,13,124.5,13,2,2021-12-23 09:05:38
1640250339279112000,124.0,1,124.0,13,124.5,13,2,2021-12-23 09:05:39
1640250339348021000,124.0,4,124.0,9,124.5,13,2,2021-12-23 09:05:39
1640250344997585000,124.0,1,124.0,49,124.5,14,2,2021-12-23 09:05:44
1640250345359806000,124.0,1,124.0,48,124.5,13,2,2021-12-23 09:05:45
1640250348590651000,124.0,18,124.0,33,124.5,15,2,2021-12-23 09:05:48
1640250349377844000,124.5,1,124.0,34,124.5,14,1,2021-12-23 09:05:49
1640250350770873000,124.0,1,124.0,29,124.5,14,2,2021-12-23 09:05:50
1640250351380865000,124.0,1,124.0,28,124.5,14,2,2021-12-23 09:05:51
1640250353400698000,124.0,3,124.0,25,124.5,19,2,2021-12-23 09:05:53
1640250354345011000,124.0,1,124.0,24,124.5,19,2,2021-12-23 09:05:54
1640250354974815000,124.0,2,124.0,22,124.5,19,2,2021-12-23 09:05:54
1640250355592315000,124.0,5,124.0,17,124.5,19,2,2021-12-23 09:05:55
1640250355712787000,124.0,1,124.0,16,124.5,19,2,2021-12-23 09:05:55
1640250355801282000,124.0,16,123.5,82,124.5,19,2,2021-12-23 09:05:55
1640250356583131000,124.0,1,123.5,81,124.0,1,1,2021-12-23 09:05:56
1640250358218171000,124.0,1,123.5,80,124.0,1,1,2021-12-23 09:05:58
1640250359032794000,123.5,1,123.5,79,124.0,1,2,2021-12-23 09:05:59
1640250359599901000,124.0,1,123.5,79,124.5,23,1,2021-12-23 09:05:59
1640250360110792000,124.0,1,124.0,4,124.5,23,1,2021-12-23 09:06:00
1640250360281127000,124.0,2,124.0,2,124.5,22,2,2021-12-23 09:06:00
1640250360679393000,124.0,1,124.0,2,124.5,22,2,2021-12-23 09:06:00
1640250364125099000,124.0,1,124.0,2,124.5,24,2,2021-12-23 09:06:04
1640250365673318000,124.0,1,124.0,9,124.5,15,2,2021-12-23 09:06:05
1640250367773822000,124.0,1,124.0,9,124.5,16,2,2021-12-23 09:06:07
1640250379401271000,124.0,1,124.0,25,124.5,16,2,2021-12-23 09:06:19
1640250384518269000,124.0,1,124.0,31,124.5,19,2,2021-12-23 09:06:24
1640250385048076000,124.0,1,124.0,30,124.5,19,2,2021-12-23 09:06:25
1640250392658528000,124.5,5,124.0,32,124.5,4,1,2021-12-23 09:06:32
1640250395077425000,124.5,1,124.0,41,124.5,3,1,2021-12-23 09:06:35
1640250395103639000,124.5,1,124.0,41,124.5,1,1,2021-12-23 09:06:35
1640250395103670000,124.5,1,124.0,41,124.5,1,1,2021-12-23 09:06:35
1640250395104517000,124.5,1,124.0,41,125.0,16,1,2021-12-23 09:06:35
1640250397854957000,124.5,1,124.5,6,125.0,12,2,2021-12-23 09:06:37
1640250398863229000,124.5,2,124.5,4,125.0,12,2,2021-12-23 09:06:38
1640250399706880000,124.5,1,124.5,4,125.0,12,2,2021-12-23 09:06:39
1640250439475051000,124.5,3,124.5,23,125.0,26,2,2021-12-23 09:07:19
1640250444006648000,124.5,1,124.5,24,125.0,25,2,2021-12-23 09:07:24
1640250453831296000,125.0,1,124.5,26,125.0,24,1,2021-12-23 09:07:33
1640250459836374000,125.0,1,124.5,35,125.0,19,1,2021-12-23 09:07:39
1640250461169915000,125.0,1,124.5,35,125.0,18,1,2021-12-23 09:07:41
1640250462561501000,125.0,2,124.5,35,125.0,21,1,2021-12-23 09:07:42
1640250464159477000,125.0,1,124.5,35,125.0,20,1,2021-12-23 09:07:44
1640250469168790000,125.0,1,124.5,38,125.0,18,1,2021-12-23 09:07:49
1640250469370819000,125.0,1,124.5,38,125.0,17,1,2021-12-23 09:07:49
1640250470241530000,125.0,1,124.5,38,125.0,16,1,2021-12-23 09:07:50
1640250477367106000,125.0,1,124.5,38,125.0,19,1,2021-12-23 09:07:57
1640250478709446000,125.0,1,124.5,38,125.0,18,1,2021-12-23 09:07:58
1640250484048583000,125.0,10,124.5,38,125.0,8,1,2021-12-23 09:08:04
1640250485951433000,125.0,1,124.5,38,125.0,7,1,2021-12-23 09:08:05
1640250487630406000,125.0,1,124.5,38,125.0,6,1,2021-12-23 09:08:07
1640250488099038000,125.0,1,124.5,38,125.0,5,1,2021-12-23 09:08:08
1640250489775773000,125.0,1,124.5,38,125.0,4,1,2021-12-23 09:08:09
1640250490158105000,125.0,1,124.5,38,125.0,3,1,2021-12-23 09:08:10
1640250491108880000,125.0,1,124.5,37,125.0,2,1,2021-12-23 09:08:11
1640250491386663000,125.0,1,124.5,37,125.0,1,1,2021-12-23 09:08:11
1640250492058109000,125.0,1,124.5,37,125.5,17,1,2021-12-23 09:08:12
1640250495200065000,125.0,1,124.5,39,125.5,25,2,2021-12-23 09:08:15
1640250498583960000,125.0,1,124.5,37,125.0,2,1,2021-12-23 09:08:18
1640250502722359000,125.0,1,124.5,36,125.0,6,1,2021-12-23 09:08:22
1640250507829785000,125.0,1,124.5,36,125.0,8,1,2021-12-23 09:08:27
1640250508042309000,125.0,2,124.5,36,125.0,6,1,2021-12-23 09:08:28
1640250508127326000,125.0,3,124.5,36,125.0,3,1,2021-12-23 09:08:28
1640250508263496000,124.5,6,124.5,30,125.0,3,2,2021-12-23 09:08:28
1640250509618043000,125.0,1,124.5,30,125.0,2,1,2021-12-23 09:08:29
1640250515114148000,125.0,1,124.5,30,125.0,8,1,2021-12-23 09:08:35
1640250523141015000,125.0,3,124.5,41,125.0,8,1,2021-12-23 09:08:43
1640250525488996000,125.0,1,124.5,41,125.0,7,1,2021-12-23 09:08:45
1640250525803139000,125.0,3,124.5,41,125.0,1,1,2021-12-23 09:08:45
1640250526316748000,125.0,1,124.5,41,125.5,17,1,2021-12-23 09:08:46
1640250526849937000,125.0,1,124.5,42,125.5,21,2,2021-12-23 09:08:46
1640250527787131000,125.0,1,124.5,42,125.5,28,2,2021-12-23 09:08:47
1640250535093430000,125.0,1,124.5,41,125.0,8,1,2021-12-23 09:08:55
1640250541928283000,124.5,11,124.5,31,125.0,19,2,2021-12-23 09:09:01
1640250541969026000,124.5,29,124.5,2,125.0,23,2,2021-12-23 09:09:01
1640250542003586000,124.5,1,124.0,61,125.0,23,2,2021-12-23 09:09:02
1640250542003607000,124.5,1,124.0,61,125.0,23,2,2021-12-23 09:09:02
1640250547471827000,124.0,8,124.0,46,124.5,4,2,2021-12-23 09:09:07
1640250547654161000,124.0,2,124.0,44,124.5,6,2,2021-12-23 09:09:07
1640250547781290000,124.0,2,124.0,42,124.5,8,2,2021-12-23 09:09:07
1640250547858049000,124.0,2,124.0,40,124.5,8,2,2021-12-23 09:09:07
1640250550738921000,124.5,1,124.0,42,124.5,11,1,2021-12-23 09:09:10
1640250553506414000,124.0,2,124.0,40,124.5,12,2,2021-12-23 09:09:13
1640250554400967000,124.0,11,124.0,29,124.5,20,2,2021-12-23 09:09:14
1640250556227527000,124.0,1,124.0,28,124.5,20,2,2021-12-23 09:09:16
1640250564244932000,124.5,10,124.0,28,124.5,12,1,2021-12-23 09:09:24
1640250568005588000,124.5,13,124.0,28,125.0,18,1,2021-12-23 09:09:28
1640250570400221000,124.5,2,124.0,29,125.0,18,1,2021-12-23 09:09:30
1640250587411355000,125.0,1,124.5,9,125.0,14,1,2021-12-23 09:09:47
1640250590578056000,124.5,1,124.5,8,125.0,14,2,2021-12-23 09:09:50
1640250592772617000,125.0,1,124.5,8,125.0,13,1,2021-12-23 09:09:52
1640250593392249000,125.0,1,124.5,10,125.0,12,1,2021-12-23 09:09:53
1640250595547468000,125.0,1,124.5,10,125.0,11,1,2021-12-23 09:09:55
1640250596315073000,125.0,1,124.5,10,125.0,11,1,2021-12-23 09:09:56
1640250597582826000,124.5,1,124.5,9,125.0,11,2,2021-12-23 09:09:57
1640250597806513000,125.0,1,124.5,9,125.0,10,1,2021-12-23 09:09:57
1640250600177035000,125.0,1,124.5,16,125.0,6,1,2021-12-23 09:10:00
1640250604412433000,124.5,1,124.5,16,125.0,6,2,2021-12-23 09:10:04
1640250605256088000,125.0,1,124.5,18,125.0,5,1,2021-12-23 09:10:05
1640250605678585000,125.0,5,125.0,5,125.5,17,1,2021-12-23 09:10:05
1640250609420813000,125.0,5,125.0,3,125.5,17,2,2021-12-23 09:10:09
1640250612249024000,125.0,1,125.0,3,125.5,17,2,2021-12-23 09:10:12
1640250621667944000,125.0,1,125.0,3,125.5,17,2,2021-12-23 09:10:21
1640250623051087000,125.0,1,125.0,2,125.5,17,2,2021-12-23 09:10:23
1640250626340881000,125.0,1,125.0,2,125.5,17,2,2021-12-23 09:10:26
1640250627636666000,125.0,2,124.5,19,125.5,17,2,2021-12-23 09:10:27
1640250669440351000,125.0,1,124.5,18,125.0,14,1,2021-12-23 09:11:09
1640250679521195000,124.5,3,124.5,16,125.0,14,2,2021-12-23 09:11:19
1640250680172583000,125.0,1,124.5,17,125.0,13,1,2021-12-23 09:11:20
1640250682277555000,125.0,1,124.5,16,125.0,12,1,2021-12-23 09:11:22
1640250694337647000,124.5,1,124.5,17,125.0,18,2,2021-12-23 09:11:34
1640250710349365000,124.5,1,124.5,15,125.0,18,2,2021-12-23 09:11:50
1640250711750101000,124.5,1,124.5,14,125.0,18,2,2021-12-23 09:11:51
1640250718964340000,124.5,1,124.5,13,125.0,20,2,2021-12-23 09:11:58
1640250721160259000,124.5,3,124.5,10,125.0,22,2,2021-12-23 09:12:01
1640250722182366000,125.0,1,124.5,10,125.0,21,1,2021-12-23 09:12:02
1640250723546218000,124.5,1,124.5,9,125.0,21,2,2021-12-23 09:12:03
1640250723575088000,124.5,1,124.5,8,125.0,21,2,2021-12-23 09:12:03
1640250727371871000,124.5,1,124.5,8,125.0,21,2,2021-12-23 09:12:07
1640250729012485000,124.5,9,124.0,54,124.5,1,2,2021-12-23 09:12:09
1640250731028041000,124.5,1,124.0,53,124.5,1,1,2021-12-23 09:12:11
1640250731087767000,124.5,2,124.5,2,125.0,21,1,2021-12-23 09:12:11
1640250732134216000,124.5,1,124.5,1,125.0,24,2,2021-12-23 09:12:12
1640250741976296000,124.5,1,124.5,1,125.0,22,2,2021-12-23 09:12:21
1640250742298118000,124.5,1,124.0,57,125.0,22,2,2021-12-23 09:12:22
1640250744011665000,124.5,1,124.0,56,124.5,4,1,2021-12-23 09:12:24
1640250744106135000,124.5,1,124.0,56,124.5,3,1,2021-12-23 09:12:24
1640250759878340000,124.5,3,124.0,56,125.0,24,1,2021-12-23 09:12:39
1640250768259982000,124.5,2,124.5,4,125.0,24,1,2021-12-23 09:12:48
1640250769518997000,124.5,1,124.5,3,125.0,24,2,2021-12-23 09:12:49
1640250773349592000,124.5,3,124.0,55,125.0,23,2,2021-12-23 09:12:53
1640250784375607000,124.5,1,124.5,1,125.0,23,2,2021-12-23 09:13:04
1640250807014492000,124.5,1,124.5,1,125.0,18,2,2021-12-23 09:13:27
1640250820750079000,124.5,1,124.5,2,125.0,17,2,2021-12-23 09:13:40
1640250831265822000,124.5,1,124.5,3,125.0,17,2,2021-12-23 09:13:51
1640250831349085000,124.5,1,124.5,2,125.0,17,2,2021-12-23 09:13:51
1640250840840018000,124.5,4,124.0,58,125.0,22,2,2021-12-23 09:14:00
1640250840840018000,124.0,1,124.0,58,125.0,22,2,2021-12-23 09:14:00
1640250847495305000,125.0,1,124.5,1,125.0,23,1,2021-12-23 09:14:07
1640250857063709000,124.5,1,124.5,1,125.0,25,2,2021-12-23 09:14:17
1640250862910767000,124.5,1,124.0,58,125.0,25,2,2021-12-23 09:14:22
1640250869509172000,124.5,1,124.0,60,125.0,25,2,2021-12-23 09:14:29
1640250872500465000,124.0,1,124.0,59,125.0,25,2,2021-12-23 09:14:32
1640250887619742000,124.0,2,124.0,57,124.5,1,2,2021-12-23 09:14:47
1640250887687410000,124.5,1,124.0,57,125.0,24,1,2021-12-23 09:14:47
1640250889161039000,124.0,3,124.0,55,125.0,25,2,2021-12-23 09:14:49
1640250895737388000,124.0,1,124.0,54,125.0,26,2,2021-12-23 09:14:55
1640250900752546000,124.5,1,124.0,53,125.0,26,2,2021-12-23 09:15:00
1640250906674015000,124.5,1,124.0,54,125.0,26,2,2021-12-23 09:15:06
1640250908235518000,124.5,1,124.0,54,124.5,29,2,2021-12-23 09:15:08
1640250909953458000,124.5,2,124.0,53,124.5,28,1,2021-12-23 09:15:09
1640250912140108000,124.5,5,124.0,52,124.5,23,1,2021-12-23 09:15:12
1640250912671844000,124.0,1,124.0,51,124.5,23,2,2021-12-23 09:15:12
1640250924020563000,124.0,10,124.0,42,124.5,23,2,2021-12-23 09:15:24
1640250926088751000,124.0,1,124.0,44,124.5,23,2,2021-12-23 09:15:26
1640250926999375000,124.0,10,124.0,35,125.0,28,2,2021-12-23 09:15:26
1640250927470687000,124.0,3,124.0,32,125.0,28,2,2021-12-23 09:15:27
1640250929766794000,124.0,1,124.0,32,125.0,28,2,2021-12-23 09:15:29
1640250947735438000,124.5,1,124.0,32,124.5,5,1,2021-12-23 09:15:47
1640250949011500000,124.0,1,124.0,31,124.5,6,2,2021-12-23 09:15:49
1640250963986459000,124.0,6,124.0,32,124.5,15,2,2021-12-23 09:16:03
1640250964873450000,124.0,1,124.0,31,124.5,15,2,2021-12-23 09:16:04
1640250965330495000,124.0,7,124.0,26,124.5,15,2,2021-12-23 09:16:05
1640250967776627000,124.0,1,124.0,26,124.5,15,2,2021-12-23 09:16:07
1640250971775727000,124.5,1,124.0,25,124.5,15,1,2021-12-23 09:16:11
1640250987045742000,124.5,1,124.0,24,124.5,16,1,2021-12-23 09:16:27
1640250989498835000,124.0,1,124.0,23,124.5,16,2,2021-12-23 09:16:29
1640250996564739000,124.0,1,124.0,23,124.5,17,2,2021-12-23 09:16:36
1640250997606293000,124.0,1,124.0,22,124.5,17,2,2021-12-23 09:16:37
1640251007656649000,124.0,1,124.0,25,124.5,17,2,2021-12-23 09:16:47
1640251009835772000,124.5,10,124.0,25,124.5,11,1,2021-12-23 09:16:49
1640251018703713000,124.5,1,124.0,24,124.5,10,1,2021-12-23 09:16:58
1640251018736738000,124.5,10,124.0,24,125.0,23,1,2021-12-23 09:16:58
1640251023152462000,124.5,2,124.0,33,124.5,5,2,2021-12-23 09:17:03
1640251023184607000,124.5,5,124.0,29,125.0,20,1,2021-12-23 09:17:03
1640251049012215000,124.5,1,124.5,13,125.0,19,2,2021-12-23 09:17:29
1640251056174117000,124.5,1,124.5,11,125.0,19,2,2021-12-23 09:17:36
1640251067189461000,125.0,2,124.5,13,125.0,16,1,2021-12-23 09:17:47
1640251071291530000,125.0,1,124.5,13,125.0,15,1,2021-12-23 09:17:51
1640251074435481000,125.0,3,124.5,14,125.0,12,1,2021-12-23 09:17:54
1640251074467052000,125.0,12,124.5,14,125.5,22,1,2021-12-23 09:17:54
1640251084149691000,125.0,2,125.0,7,125.5,22,2,2021-12-23 09:18:04
1640251084537634000,125.0,3,125.0,4,125.5,22,2,2021-12-23 09:18:04
1640251087268034000,125.0,1,125.0,5,125.5,23,2,2021-12-23 09:18:07
1640251091058465000,125.5,2,125.0,9,125.5,21,1,2021-12-23 09:18:11
1640251094609286000,125.5,1,125.0,10,125.5,20,1,2021-12-23 09:18:14
1640251094638725000,125.5,4,125.0,10,125.5,12,1,2021-12-23 09:18:14
1640251096049546000,125.5,4,125.0,10,125.5,8,1,2021-12-23 09:18:16
1640251096074455000,125.5,8,125.0,10,126.0,31,1,2021-12-23 09:18:16
1640251104900306000,126.0,1,125.5,6,126.0,31,1,2021-12-23 09:18:24
1640251105145569000,126.0,1,125.5,6,126.0,30,1,2021-12-23 09:18:25
1640251106760474000,126.0,1,125.5,6,126.0,29,1,2021-12-23 09:18:26
1640251108153297000,125.5,5,125.5,1,126.0,29,2,2021-12-23 09:18:28
1640251108417430000,125.5,4,125.0,26,125.5,1,2,2021-12-23 09:18:28
1640251108449944000,125.5,1,125.0,25,126.0,29,1,2021-12-23 09:18:28
1640251108793208000,126.0,1,125.0,25,126.0,28,1,2021-12-23 09:18:28
1640251110533765000,126.0,1,125.5,6,126.0,24,1,2021-12-23 09:18:30
1640251117357058000,126.0,5,125.5,7,126.0,20,1,2021-12-23 09:18:37
1640251117665194000,125.5,1,125.5,7,126.0,20,2,2021-12-23 09:18:37
1640251124360705000,125.5,1,125.5,10,126.0,27,2,2021-12-23 09:18:44
1640251125370436000,125.5,1,125.5,9,126.0,27,2,2021-12-23 09:18:45
1640251125662266000,125.5,1,125.5,8,126.0,27,2,2021-12-23 09:18:45
1640251130033962000,125.5,10,125.0,26,126.0,28,2,2021-12-23 09:18:50
1640251133692683000,125.5,1,125.0,21,125.5,1,1,2021-12-23 09:18:53
1640251134631285000,125.5,1,125.0,20,125.5,2,1,2021-12-23 09:18:54
1640251151225490000,125.5,1,125.0,23,125.5,9,1,2021-12-23 09:19:11
1640251163453664000,125.5,2,125.0,22,125.5,9,1,2021-12-23 09:19:23
1640251164772078000,125.5,1,125.0,22,125.5,8,1,2021-12-23 09:19:24
1640251172312583000,125.5,1,125.0,22,125.5,30,1,2021-12-23 09:19:32
1640251175243417000,125.0,3,125.0,19,125.5,30,2,2021-12-23 09:19:35
1640251176268845000,125.5,1,125.0,19,125.5,29,1,2021-12-23 09:19:36
1640251180287082000,125.5,1,125.0,17,125.5,30,1,2021-12-23 09:19:40
1640251183654351000,125.5,1,125.0,17,125.5,29,1,2021-12-23 09:19:43
1640251188739961000,125.5,1,125.0,17,125.5,28,1,2021-12-23 09:19:48
1640251196212996000,125.5,2,125.0,5,125.5,26,1,2021-12-23 09:19:56
1640251202113379000,125.0,5,125.0,1,125.5,28,2,2021-12-23 09:20:02
1640251202142381000,125.0,1,124.5,25,125.5,28,2,2021-12-23 09:20:02
1640251202310214000,125.5,10,124.5,22,125.5,21,1,2021-12-23 09:20:02
1640251210432807000,125.5,1,124.5,23,125.5,29,1,2021-12-23 09:20:10
1640251212737982000,125.5,1,124.5,23,125.5,26,1,2021-12-23 09:20:12
1640251215706720000,125.5,1,124.5,23,125.5,26,1,2021-12-23 09:20:15
1640251217629196000,125.5,1,124.5,23,125.5,26,1,2021-12-23 09:20:17
1640251234286112000,125.5,1,125.0,6,125.5,15,1,2021-12-23 09:20:34
1640251245237078000,125.5,2,125.0,11,125.5,8,1,2021-12-23 09:20:45
1640251246782010000,125.5,1,125.0,11,125.5,7,1,2021-12-23 09:20:46
1640251248267827000,125.5,1,125.0,11,125.5,6,1,2021-12-23 09:20:48
1640251249983077000,125.5,2,125.0,11,125.5,4,1,2021-12-23 09:20:49
1640251252227242000,125.5,1,125.0,11,125.5,5,1,2021-12-23 09:20:52
1640251257058511000,125.5,1,125.0,11,125.5,4,1,2021-12-23 09:20:57
1640251258824294000,125.5,1,125.0,11,125.5,3,1,2021-12-23 09:20:58
1640251258883983000,125.5,1,125.0,11,125.5,2,1,2021-12-23 09:20:58
1640251258895852000,125.5,1,125.0,11,125.5,1,1,2021-12-23 09:20:58
1640251260117302000,125.5,1,125.5,1,126.0,39,1,2021-12-23 09:21:00
1640251261766116000,126.0,1,125.5,1,126.0,38,1,2021-12-23 09:21:01
1640251278611053000,126.0,1,125.5,7,126.0,35,1,2021-12-23 09:21:18
1640251284495480000,125.5,2,125.5,4,126.0,36,2,2021-12-23 09:21:24
1640251285313904000,126.0,5,125.5,4,126.0,31,1,2021-12-23 09:21:25
1640251296597258000,126.0,1,125.5,7,126.0,31,1,2021-12-23 09:21:36
1640251300213715000,125.5,1,125.5,6,126.0,33,2,2021-12-23 09:21:40
1640251302075517000,126.0,1,125.5,6,126.0,33,1,2021-12-23 09:21:42
1640251310148693000,126.0,1,125.5,9,126.0,34,1,2021-12-23 09:21:50
1640251322766440000,126.0,34,126.0,1,126.5,47,1,2021-12-23 09:22:02
1640251323979458000,126.0,1,126.0,1,126.5,47,2,2021-12-23 09:22:03
1640251329633392000,126.0,1,126.0,5,126.5,47,2,2021-12-23 09:22:09
1640251339908774000,126.0,1,126.0,13,126.5,55,2,2021-12-23 09:22:19
1640251346336752000,126.0,1,126.0,11,126.5,57,2,2021-12-23 09:22:26
1640251347344130000,126.5,1,126.0,11,126.5,56,1,2021-12-23 09:22:27
1640251347612690000,126.0,1,126.0,10,126.5,56,2,2021-12-23 09:22:27
1640251347853594000,126.0,1,126.0,9,126.5,56,2,2021-12-23 09:22:27
1640251352964015000,126.0,1,126.0,7,126.5,57,2,2021-12-23 09:22:32
1640251353454622000,126.0,7,125.5,41,126.0,8,2,2021-12-23 09:22:33
1640251354966128000,126.0,1,125.5,40,126.0,7,1,2021-12-23 09:22:34
1640251358498757000,126.0,1,125.5,40,126.0,10,1,2021-12-23 09:22:38
1640251364744388000,126.0,1,125.5,51,126.0,16,1,2021-12-23 09:22:44
1640251364779067000,126.0,10,125.5,51,126.0,6,1,2021-12-23 09:22:44
1640251365111450000,126.0,2,125.5,51,126.0,5,1,2021-12-23 09:22:45
1640251367157452000,126.0,1,125.5,61,126.0,4,1,2021-12-23 09:22:47
1640251368875790000,126.0,1,125.5,60,126.0,3,1,2021-12-23 09:22:48
1640251369618663000,126.0,1,125.5,60,126.0,2,1,2021-12-23 09:22:49
1640251370220431000,126.0,2,125.5,60,126.0,1,1,2021-12-23 09:22:50
1640251370662088000,126.0,1,125.5,60,126.5,57,1,2021-12-23 09:22:50
1640251373940417000,126.0,5,125.5,61,126.0,10,2,2021-12-23 09:22:53
1640251375160823000,126.0,1,125.5,60,126.0,9,1,2021-12-23 09:22:55
1640251377985455000,126.0,1,125.5,59,126.0,12,1,2021-12-23 09:22:57
1640251378049684000,126.0,1,125.5,58,126.0,11,1,2021-12-23 09:22:58
1640251379707742000,126.0,1,125.5,58,126.0,14,1,2021-12-23 09:22:59
1640251385895172000,126.0,1,125.5,57,126.0,16,1,2021-12-23 09:23:05
1640251392321445000,126.0,3,125.5,57,126.0,20,1,2021-12-23 09:23:12
1640251397206875000,126.0,1,125.5,67,126.0,27,1,2021-12-23 09:23:17
1640251397977897000,126.0,2,125.5,67,126.0,25,1,2021-12-23 09:23:17
1640251399877427000,126.0,1,125.5,68,126.0,24,1,2021-12-23 09:23:19
1640251400449940000,126.0,1,125.5,68,126.0,23,1,2021-12-23 09:23:20
1640251401857721000,126.0,2,125.5,68,126.0,21,1,2021-12-23 09:23:21
1640251404807822000,126.0,1,125.5,68,126.0,19,1,2021-12-23 09:23:24
1640251409663085000,126.0,1,125.5,73,126.0,20,1,2021-12-23 09:23:29
1640251411377393000,126.0,1,125.5,61,126.0,15,1,2021-12-23 09:23:31
1640251411742978000,126.0,1,125.5,61,126.0,7,1,2021-12-23 09:23:31
1640251414021226000,126.0,1,125.5,62,126.0,6,1,2021-12-23 09:23:34
1640251416208693000,126.0,1,125.5,62,126.0,5,1,2021-12-23 09:23:36
1640251417884112000,126.0,1,125.5,62,126.0,19,1,2021-12-23 09:23:37
1640251419552838000,126.0,1,125.5,63,126.0,18,1,2021-12-23 09:23:39
1640251420529011000,126.0,1,125.5,64,126.0,18,1,2021-12-23 09:23:40
1640251422973402000,126.0,2,125.5,65,126.0,22,1,2021-12-23 09:23:42
1640251428572530000,126.0,1,125.5,62,126.0,23,1,2021-12-23 09:23:48
1640251428811350000,126.0,3,125.5,62,126.0,20,1,2021-12-23 09:23:48
1640251429176667000,126.0,7,125.5,62,126.0,13,1,2021-12-23 09:23:49
1640251431517771000,126.0,10,125.5,62,126.0,3,1,2021-12-23 09:23:51
1640251433603389000,126.0,2,125.5,62,126.0,1,1,2021-12-23 09:23:53
1640251433610152000,126.0,1,126.0,3,126.5,60,1,2021-12-23 09:23:53
1640251433647806000,126.5,1,126.0,3,126.5,59,1,2021-12-23 09:23:53
1640251435689989000,126.0,7,125.5,63,126.0,8,2,2021-12-23 09:23:55
1640251437200122000,126.0,1,125.5,62,126.0,8,1,2021-12-23 09:23:57
1640251438766075000,126.0,1,125.5,62,126.0,7,1,2021-12-23 09:23:58
1640251439462272000,126.0,1,125.5,62,126.0,6,1,2021-12-23 09:23:59
1640251439867213000,126.0,1,125.5,62,126.0,5,1,2021-12-23 09:23:59
1640251445154248000,126.0,1,125.5,62,126.0,9,1,2021-12-23 09:24:05
1640251447644192000,126.0,1,125.5,62,126.0,8,1,2021-12-23 09:24:07
1640251447792737000,126.0,1,125.5,63,126.0,7,1,2021-12-23 09:24:07
1640251449090678000,126.0,1,125.5,64,126.0,6,1,2021-12-23 09:24:09
1640251450221557000,126.0,1,125.5,64,126.0,5,1,2021-12-23 09:24:10
1640251450758563000,126.0,1,125.5,64,126.0,4,1,2021-12-23 09:24:10
1640251452982613000,126.0,1,125.5,64,126.0,4,1,2021-12-23 09:24:12
1640251453857597000,126.0,1,125.5,64,126.0,3,1,2021-12-23 09:24:13
1640251471439913000,126.0,2,125.5,65,126.0,2,1,2021-12-23 09:24:31
1640251473969429000,126.0,1,125.5,65,126.0,1,1,2021-12-23 09:24:33
1640251474812823000,126.0,1,126.0,2,126.5,62,1,2021-12-23 09:24:34
1640251477064735000,126.0,1,126.0,3,126.5,62,2,2021-12-23 09:24:37
1640251478015438000,126.0,3,125.5,66,126.5,62,2,2021-12-23 09:24:38
1640251491500229000,125.5,11,125.5,54,126.0,19,2,2021-12-23 09:24:51
1640251491551856000,125.5,11,125.5,43,126.0,22,2,2021-12-23 09:24:51
1640251491582591000,125.5,1,125.5,38,126.0,22,2,2021-12-23 09:24:51
1640251491582608000,125.5,1,125.5,38,126.0,22,2,2021-12-23 09:24:51
1640251491582625000,125.5,1,125.5,38,126.0,22,2,2021-12-23 09:24:51
1640251491582628000,125.5,1,125.5,38,126.0,22,2,2021-12-23 09:24:51
1640251491582657000,125.5,1,125.5,38,126.0,22,2,2021-12-23 09:24:51
1640251491612561000,125.5,1,125.5,37,126.0,22,2,2021-12-23 09:24:51
1640251491613991000,125.5,15,125.5,22,126.0,22,2,2021-12-23 09:24:51
1640251491617018000,125.5,11,125.5,11,126.0,22,2,2021-12-23 09:24:51
1640251491665761000,125.5,11,125.0,48,126.0,22,2,2021-12-23 09:24:51
1640251539277526000,125.0,1,125.0,47,125.5,19,2,2021-12-23 09:25:39
1640251543675018000,125.0,1,125.0,46,125.5,19,2,2021-12-23 09:25:43
1640251549160720000,125.0,2,125.0,44,125.5,20,2,2021-12-23 09:25:49
1640251549620289000,125.0,1,125.0,43,125.5,19,2,2021-12-23 09:25:49
1640251552611295000,125.0,1,125.0,43,125.5,19,2,2021-12-23 09:25:52
1640251552834126000,125.0,2,125.0,41,125.5,19,2,2021-12-23 09:25:52
1640251553378886000,125.0,1,125.0,40,125.5,19,2,2021-12-23 09:25:53
1640251555845105000,125.0,1,125.0,38,125.5,22,2,2021-12-23 09:25:55
1640251556966249000,125.0,3,125.0,35,125.5,22,2,2021-12-23 09:25:56
1640251557600438000,125.0,1,125.0,34,125.5,22,2,2021-12-23 09:25:57
1640251584142090000,125.0,1,125.0,33,125.5,25,2,2021-12-23 09:26:24
1640251597904951000,125.0,1,125.0,33,125.5,24,2,2021-12-23 09:26:37
1640251614358298000,125.0,1,125.0,36,125.5,12,2,2021-12-23 09:26:54
1640251618615362000,125.5,1,125.0,36,125.5,11,1,2021-12-23 09:26:58
1640251620666169000,125.5,1,125.0,35,125.5,10,1,2021-12-23 09:27:00
1640251622758160000,125.5,2,125.0,35,125.5,8,1,2021-12-23 09:27:02
1640251622793659000,125.5,1,125.0,35,125.5,1,1,2021-12-23 09:27:02
1640251622793686000,125.5,1,125.0,35,125.5,1,1,2021-12-23 09:27:02
1640251622793702000,125.5,1,125.0,35,125.5,1,1,2021-12-23 09:27:02
1640251622793717000,125.5,1,125.0,35,125.5,1,1,2021-12-23 09:27:02
1640251622793733000,125.5,1,125.0,35,125.5,1,1,2021-12-23 09:27:02
1640251622793793000,125.5,1,125.0,35,125.5,1,1,2021-12-23 09:27:02
1640251622793810000,125.5,1,125.0,35,125.5,1,1,2021-12-23 09:27:02
1640251622794586000,125.5,1,125.0,35,126.0,42,1,2021-12-23 09:27:02
1640251657762775000,125.5,1,125.5,5,126.0,26,2,2021-12-23 09:27:37
1640251661302753000,125.5,1,125.5,4,126.0,26,2,2021-12-23 09:27:41
1640251673849420000,125.5,1,125.5,6,126.0,26,2,2021-12-23 09:27:53
1640251737094067000,125.5,1,125.5,7,126.0,40,2,2021-12-23 09:28:57
1640251737118076000,125.5,3,125.5,4,126.0,40,2,2021-12-23 09:28:57
1640251741565821000,125.5,4,125.0,56,125.5,6,2,2021-12-23 09:29:01
1640251748786045000,125.5,5,125.0,52,125.5,1,1,2021-12-23 09:29:08
1640251811288082000,125.5,1,125.0,56,125.5,14,1,2021-12-23 09:30:11
1640251839620592000,125.5,10,125.0,57,125.5,8,1,2021-12-23 09:30:39
1640251841338198000,125.5,2,125.0,58,125.5,6,1,2021-12-23 09:30:41
1640251848004488000,125.5,1,125.0,59,125.5,5,1,2021-12-23 09:30:48
1640251860295225000,125.5,1,125.0,59,125.5,4,1,2021-12-23 09:31:00
1640251882375061000,125.0,1,125.0,59,125.5,5,2,2021-12-23 09:31:22
1640251900659898000,125.5,1,125.0,58,125.5,5,1,2021-12-23 09:31:40
1640251907957898000,125.5,1,125.0,59,125.5,4,1,2021-12-23 09:31:47
1640251911340637000,125.5,6,125.5,94,126.0,40,1,2021-12-23 09:31:51
1640251928393856000,126.0,3,125.5,98,126.0,37,1,2021-12-23 09:32:08
1640251934628176000,126.0,1,125.5,99,126.0,27,1,2021-12-23 09:32:14
1640251935837808000,126.0,2,125.5,99,126.0,25,1,2021-12-23 09:32:15
1640251936777138000,126.0,1,125.5,99,126.0,24,1,2021-12-23 09:32:16
1640251936865368000,126.0,1,125.5,99,126.0,23,1,2021-12-23 09:32:16
1640251938436470000,126.0,1,125.5,99,126.0,22,1,2021-12-23 09:32:18
1640251938600878000,126.0,1,125.5,99,126.0,21,1,2021-12-23 09:32:18
1640251940036849000,125.5,1,125.5,98,126.0,21,2,2021-12-23 09:32:20
1640251940672496000,125.5,1,125.5,97,126.0,21,2,2021-12-23 09:32:20
1640251940877520000,126.0,1,125.5,96,126.0,20,1,2021-12-23 09:32:20
1640251941934684000,126.0,4,125.5,97,126.0,16,1,2021-12-23 09:32:21
1640251944524554000,126.0,1,125.5,99,126.0,15,1,2021-12-23 09:32:24
1640251953456851000,126.0,10,125.5,100,126.0,5,1,2021-12-23 09:32:33
1640251954247158000,126.0,1,125.5,100,126.0,4,1,2021-12-23 09:32:34
1640251955412413000,126.0,1,125.5,100,126.0,3,1,2021-12-23 09:32:35
1640251956643672000,126.0,1,125.5,100,126.0,2,1,2021-12-23 09:32:36
1640251958162084000,126.0,1,125.5,99,126.0,1,1,2021-12-23 09:32:38
1640251958417378000,126.0,1,125.5,97,126.5,83,1,2021-12-23 09:32:38
1640251958417378000,126.5,1,125.5,97,126.5,83,1,2021-12-23 09:32:38
1640251962217664000,126.5,5,126.0,1,126.5,70,1,2021-12-23 09:32:42
1640251967039840000,126.0,1,126.0,22,126.5,67,2,2021-12-23 09:32:47
1640251975993127000,126.0,1,126.0,25,126.5,67,2,2021-12-23 09:32:55
1640251977241121000,126.5,35,126.0,24,126.5,32,1,2021-12-23 09:32:57
1640251977283303000,126.5,1,126.0,28,127.0,85,1,2021-12-23 09:32:57
1640251977283335000,126.5,1,126.0,28,127.0,85,1,2021-12-23 09:32:57
1640251977283371000,126.5,1,126.0,28,127.0,85,1,2021-12-23 09:32:57
1640251977283970000,126.5,29,126.0,28,127.0,85,1,2021-12-23 09:32:57
1640251981662270000,126.5,1,126.0,33,127.0,85,1,2021-12-23 09:33:01
1640251983017803000,127.0,2,126.5,8,127.0,83,1,2021-12-23 09:33:03
1640251983231446000,127.0,1,126.5,8,127.0,82,1,2021-12-23 09:33:03
1640251988698415000,127.0,10,126.5,10,127.0,72,1,2021-12-23 09:33:08
1640251988740009000,127.0,11,126.5,10,127.0,62,1,2021-12-23 09:33:08
1640251989410072000,127.0,1,126.5,15,127.0,61,1,2021-12-23 09:33:09
1640251989438209000,127.0,11,126.5,15,127.0,50,1,2021-12-23 09:33:09
1640251989912392000,127.0,50,127.0,42,127.5,43,1,2021-12-23 09:33:09
1640251990960706000,127.0,1,127.0,44,127.5,43,2,2021-12-23 09:33:10
1640251991004796000,127.5,6,127.0,44,127.5,37,1,2021-12-23 09:33:11
1640251991036767000,127.5,37,127.0,44,128.0,62,1,2021-12-23 09:33:11
1640251991049186000,128.0,1,127.0,44,128.0,61,1,2021-12-23 09:33:11
1640251991066447000,128.0,1,127.0,48,128.0,60,1,2021-12-23 09:33:11
1640251991169651000,128.0,1,127.5,4,128.0,59,1,2021-12-23 09:33:11
1640251991171680000,128.0,1,127.5,4,128.0,58,1,2021-12-23 09:33:11
1640251991213454000,128.0,1,127.5,8,128.0,57,1,2021-12-23 09:33:11
1640251991231032000,128.0,1,127.5,8,128.0,56,1,2021-12-23 09:33:11
1640251991245518000,128.0,1,127.5,8,128.0,55,1,2021-12-23 09:33:11
1640251991259052000,128.0,4,127.5,8,128.0,51,1,2021-12-23 09:33:11
1640251991418613000,128.0,1,127.5,4,128.0,52,1,2021-12-23 09:33:11
1640251992165511000,128.0,15,127.5,4,128.0,38,1,2021-12-23 09:33:12
1640251992182311000,128.0,1,127.5,4,128.0,37,1,2021-12-23 09:33:12
1640251993147113000,127.5,1,127.5,7,128.0,37,2,2021-12-23 09:33:13
1640251996004973000,128.0,2,127.5,10,128.0,35,1,2021-12-23 09:33:16
1640251996056678000,128.0,1,127.5,10,128.0,34,1,2021-12-23 09:33:16
1640251996968731000,128.0,1,127.5,12,128.0,33,1,2021-12-23 09:33:16
1640251997527083000,128.0,3,127.5,13,128.0,26,1,2021-12-23 09:33:17
1640251997867961000,128.0,1,127.5,13,128.0,26,1,2021-12-23 09:33:17
1640251997990054000,128.0,3,127.5,13,128.0,23,1,2021-12-23 09:33:17
1640251998549482000,128.0,1,127.5,13,128.0,23,1,2021-12-23 09:33:18
1640251999533886000,128.0,3,127.5,13,128.0,20,1,2021-12-23 09:33:19
1640251999554943000,128.0,1,127.5,13,128.0,19,1,2021-12-23 09:33:19
1640251999769953000,128.0,3,127.5,13,128.0,16,1,2021-12-23 09:33:19
1640252000477959000,128.0,1,127.5,13,128.0,15,1,2021-12-23 09:33:20
1640252000980550000,128.0,1,127.5,14,128.0,19,1,2021-12-23 09:33:20
1640252000986590000,128.0,2,127.5,12,128.0,17,1,2021-12-23 09:33:20
1640252000987807000,128.0,1,127.5,12,128.0,16,1,2021-12-23 09:33:20
1640252001149796000,127.5,1,127.5,11,128.0,16,2,2021-12-23 09:33:21
1640252001196751000,127.5,1,127.5,6,128.0,16,2,2021-12-23 09:33:21
1640252001244178000,128.0,2,127.5,6,128.0,14,1,2021-12-23 09:33:21
1640252001432003000,128.0,1,127.5,6,128.0,13,1,2021-12-23 09:33:21
1640252001674121000,128.0,1,127.5,6,128.0,12,1,2021-12-23 09:33:21
1640252001798761000,128.0,1,127.5,6,128.0,11,1,2021-12-23 09:33:21
1640252001946440000,128.0,2,127.5,6,128.0,9,1,2021-12-23 09:33:21
1640252002010961000,128.0,1,127.5,7,128.0,9,1,2021-12-23 09:33:22
1640252002576500000,128.0,3,127.5,7,128.0,12,1,2021-12-23 09:33:22
1640252002842747000,128.0,3,127.5,7,128.0,9,1,2021-12-23 09:33:22
1640252003164927000,128.0,1,127.5,7,128.0,9,1,2021-12-23 09:33:23
1640252003231230000,128.0,1,127.5,7,128.0,9,1,2021-12-23 09:33:23
1640252003389909000,128.0,1,127.5,7,128.0,9,1,2021-12-23 09:33:23
1640252003577988000,128.0,1,127.5,7,128.0,11,1,2021-12-23 09:33:23
1640252003644544000,128.0,1,127.5,7,128.0,10,1,2021-12-23 09:33:23
1640252003663496000,128.0,5,127.5,7,128.0,5,1,2021-12-23 09:33:23
1640252003816241000,128.0,5,128.0,5,128.5,72,1,2021-12-23 09:33:23
1640252003843221000,128.0,1,128.0,2,128.5,72,2,2021-12-23 09:33:23
1640252003843242000,128.0,1,128.0,2,128.5,72,2,2021-12-23 09:33:23
1640252003843260000,128.0,1,128.0,2,128.5,72,2,2021-12-23 09:33:23
1640252003843264000,128.0,1,128.0,2,128.5,72,2,2021-12-23 09:33:23
1640252003844138000,128.0,1,128.0,1,128.5,72,2,2021-12-23 09:33:23
1640252003853691000,128.0,1,127.5,9,128.5,72,2,2021-12-23 09:33:23
1640252004655789000,128.5,1,128.0,6,128.5,75,1,2021-12-23 09:33:24
1640252004830856000,128.5,1,128.0,13,128.5,74,1,2021-12-23 09:33:24
1640252004840939000,128.5,1,128.0,13,128.5,73,1,2021-12-23 09:33:24
1640252005147041000,128.0,14,127.5,9,128.0,6,2,2021-12-23 09:33:25
1640252005175975000,128.0,1,127.5,9,128.0,5,1,2021-12-23 09:33:25
1640252006026099000,128.0,1,127.5,14,128.0,10,1,2021-12-23 09:33:26
1640252006620454000,128.0,6,127.5,14,128.0,8,1,2021-12-23 09:33:26
1640252006659431000,128.0,1,127.5,12,128.0,7,1,2021-12-23 09:33:26
1640252006778324000,127.5,2,127.5,11,128.0,8,2,2021-12-23 09:33:26
1640252006796928000,128.0,1,127.5,11,128.0,7,1,2021-12-23 09:33:26
1640252006871631000,128.0,1,127.5,11,128.0,8,1,2021-12-23 09:33:26
1640252007164356000,128.0,2,127.5,11,128.0,7,1,2021-12-23 09:33:27
1640252007813272000,128.0,1,127.5,11,128.0,8,1,2021-12-23 09:33:27
1640252008051538000,128.0,2,127.5,11,128.0,27,1,2021-12-23 09:33:28
1640252008176354000,128.0,1,127.5,11,128.0,26,1,2021-12-23 09:33:28
1640252009547216000,128.0,1,127.5,14,128.0,33,1,2021-12-23 09:33:29
1640252010173965000,128.0,1,127.5,16,128.0,33,1,2021-12-23 09:33:30
1640252010246333000,128.0,1,127.5,16,128.0,32,1,2021-12-23 09:33:30
1640252011006079000,128.0,1,127.5,17,128.0,37,1,2021-12-23 09:33:31
1640252011015197000,128.0,1,127.5,17,128.0,36,1,2021-12-23 09:33:31
1640252013725991000,127.5,17,127.0,55,127.5,3,2,2021-12-23 09:33:33
1640252013756422000,127.5,3,127.0,54,128.0,44,1,2021-12-23 09:33:33
1640252015460614000,128.0,5,127.0,51,128.0,48,1,2021-12-23 09:33:35
1640252017927303000,127.5,2,127.0,55,128.0,46,2,2021-12-23 09:33:37
1640252019185975000,128.0,1,127.5,1,128.0,49,1,2021-12-23 09:33:39
1640252020381785000,127.5,2,127.0,54,127.5,8,2,2021-12-23 09:33:40
1640252021264886000,127.5,1,127.0,55,127.5,8,1,2021-12-23 09:33:41
1640252021947476000,127.5,1,127.0,55,127.5,9,1,2021-12-23 09:33:41
1640252025450476000,127.0,10,127.0,43,127.5,14,2,2021-12-23 09:33:45
1640252025771952000,127.5,1,127.0,43,127.5,13,1,2021-12-23 09:33:45
1640252026549547000,127.5,1,127.0,43,127.5,14,1,2021-12-23 09:33:46
1640252026639713000,127.5,1,127.0,43,127.5,13,1,2021-12-23 09:33:46
1640252027385114000,127.5,1,127.0,43,127.5,13,1,2021-12-23 09:33:47
1640252027843065000,127.5,1,127.0,43,127.5,12,1,2021-12-23 09:33:47
1640252027943228000,127.5,1,127.0,43,127.5,11,1,2021-12-23 09:33:47
1640252028557356000,127.5,9,127.0,41,127.5,2,1,2021-12-23 09:33:48
1640252030430951000,127.5,1,127.0,41,127.5,2,1,2021-12-23 09:33:50
1640252031160356000,127.5,1,127.0,41,127.5,1,1,2021-12-23 09:33:51
1640252031502634000,127.5,1,127.0,41,128.0,47,1,2021-12-23 09:33:51
1640252038807060000,127.5,1,127.0,51,127.5,11,1,2021-12-23 09:33:58
1640252046102054000,127.5,1,127.0,52,127.5,14,1,2021-12-23 09:34:06
1640252048049330000,127.5,1,127.0,52,127.5,14,1,2021-12-23 09:34:08
1640252053711113000,127.0,1,127.0,48,127.5,19,2,2021-12-23 09:34:13
1640252053901521000,127.0,1,127.0,47,127.5,19,2,2021-12-23 09:34:13
1640252054229507000,127.5,15,127.0,47,127.5,5,1,2021-12-23 09:34:14
1640252054289942000,127.5,1,127.0,47,127.5,4,1,2021-12-23 09:34:14
1640252055322803000,127.5,1,127.0,47,127.5,3,1,2021-12-23 09:34:15
1640252056961596000,127.5,1,127.0,47,127.5,5,1,2021-12-23 09:34:16
1640252057074558000,127.5,1,127.0,47,127.5,4,1,2021-12-23 09:34:17
1640252057946655000,127.5,1,127.0,57,127.5,3,1,2021-12-23 09:34:17
1640252060773155000,127.5,1,127.0,58,127.5,7,1,2021-12-23 09:34:20
1640252063547448000,127.5,1,127.0,59,127.5,9,1,2021-12-23 09:34:23
1640252064341100000,127.5,5,127.0,59,127.5,4,1,2021-12-23 09:34:24
1640252064603074000,127.5,4,127.0,59,128.0,75,1,2021-12-23 09:34:24
1640252064603074000,128.0,1,127.0,59,128.0,75,1,2021-12-23 09:34:24
1640252065225811000,127.5,1,127.5,1,128.0,75,1,2021-12-23 09:34:25
1640252068575320000,127.5,2,127.5,10,128.0,76,2,2021-12-23 09:34:28
1640252069483668000,128.0,10,127.5,12,128.0,68,1,2021-12-23 09:34:29
1640252070404831000,128.0,1,127.5,12,128.0,64,1,2021-12-23 09:34:30
1640252071518151000,127.5,4,127.5,18,128.0,64,2,2021-12-23 09:34:31
1640252071544512000,128.0,1,127.5,18,128.0,63,1,2021-12-23 09:34:31
1640252071546726000,127.5,1,127.5,17,128.0,63,2,2021-12-23 09:34:31
1640252075180836000,127.5,1,127.5,25,128.0,76,2,2021-12-23 09:34:35
1640252077350472000,127.5,26,127.0,51,127.5,24,2,2021-12-23 09:34:37
1640252078099718000,127.5,2,127.0,49,127.5,26,1,2021-12-23 09:34:38
1640252080197874000,127.5,1,127.0,49,127.5,28,1,2021-12-23 09:34:40
1640252080874427000,127.5,20,127.0,49,127.5,8,1,2021-12-23 09:34:40
1640252081617101000,127.0,1,127.0,48,127.5,11,2,2021-12-23 09:34:41
1640252083718514000,127.0,1,127.0,47,127.5,13,2,2021-12-23 09:34:43
1640252085589904000,127.5,1,127.0,49,127.5,14,1,2021-12-23 09:34:45
1640252088505125000,127.5,1,127.0,49,127.5,21,1,2021-12-23 09:34:48
1640252092038849000,127.5,5,127.0,52,127.5,22,1,2021-12-23 09:34:52
1640252096382178000,127.5,10,127.0,56,127.5,14,1,2021-12-23 09:34:56
1640252096449124000,127.5,1,127.0,56,127.5,9,1,2021-12-23 09:34:56
1640252098868897000,127.5,2,127.0,56,127.5,14,1,2021-12-23 09:34:58
1640252098908687000,127.5,1,127.0,56,127.5,13,1,2021-12-23 09:34:58
1640252099120341000,127.5,2,127.0,56,127.5,11,1,2021-12-23 09:34:59
1640252100217123000,127.5,2,127.0,54,127.5,11,1,2021-12-23 09:35:00
1640252101968958000,127.5,1,127.0,54,127.5,11,1,2021-12-23 09:35:01
1640252105245970000,127.5,2,127.0,56,127.5,9,1,2021-12-23 09:35:05
1640252107274368000,127.5,1,127.0,56,127.5,29,1,2021-12-23 09:35:07
1640252107310924000,127.5,1,127.0,56,127.5,28,1,2021-12-23 09:35:07
1640252108450503000,127.5,2,127.0,55,127.5,26,1,2021-12-23 09:35:08
1640252109002008000,127.5,1,127.0,55,127.5,27,1,2021-12-23 09:35:09
1640252115460281000,127.5,1,127.0,52,127.5,30,1,2021-12-23 09:35:15
1640252118262115000,127.0,4,127.0,48,127.5,32,2,2021-12-23 09:35:18
1640252118286873000,127.0,11,127.0,37,127.5,32,2,2021-12-23 09:35:18
1640252118314550000,127.0,1,127.0,18,127.5,32,2,2021-12-23 09:35:18
1640252118314567000,127.0,1,127.0,18,127.5,32,2,2021-12-23 09:35:18
1640252118314587000,127.0,1,127.0,18,127.5,32,2,2021-12-23 09:35:18
1640252118314590000,127.0,1,127.0,18,127.5,32,2,2021-12-23 09:35:18
1640252118314592000,127.0,1,127.0,18,127.5,32,2,2021-12-23 09:35:18
1640252118314649000,127.0,1,127.0,18,127.5,32,2,2021-12-23 09:35:18
1640252118314666000,127.0,1,127.0,18,127.5,32,2,2021-12-23 09:35:18
1640252118314681000,127.0,1,127.0,18,127.5,32,2,2021-12-23 09:35:18
1640252118314696000,127.0,1,127.0,18,127.5,32,2,2021-12-23 09:35:18
1640252118314711000,127.0,1,127.0,18,127.5,32,2,2021-12-23 09:35:18
1640252118314990000,127.0,9,127.0,18,127.5,32,2,2021-12-23 09:35:18
1640252118347761000,127.0,11,127.0,7,127.5,36,2,2021-12-23 09:35:18
1640252118356418000,127.0,1,127.0,5,127.5,36,2,2021-12-23 09:35:18
1640252118356435000,127.0,1,127.0,5,127.5,36,2,2021-12-23 09:35:18
1640252118376292000,127.0,2,127.0,3,127.5,36,2,2021-12-23 09:35:18
1640252120061253000,127.0,1,127.0,2,127.5,37,2,2021-12-23 09:35:20
1640252120637639000,127.0,1,127.0,1,127.5,37,2,2021-12-23 09:35:20
1640252120706474000,127.0,1,126.5,16,127.0,2,2,2021-12-23 09:35:20
1640252120734897000,127.0,2,126.5,13,127.0,1,1,2021-12-23 09:35:20
1640252120735197000,126.5,9,126.5,4,127.0,1,2,2021-12-23 09:35:20
1640252126711731000,126.5,1,126.0,20,127.0,15,2,2021-12-23 09:35:26
1640252129162744000,126.5,1,126.0,20,127.0,19,2,2021-12-23 09:35:29
1640252135312977000,126.5,2,126.5,1,127.0,30,2,2021-12-23 09:35:35
1640252135600229000,126.5,1,126.0,17,127.0,30,2,2021-12-23 09:35:35
1640252136835266000,126.5,1,126.0,20,127.0,30,1,2021-12-23 09:35:36
1640252138365896000,126.5,1,126.0,16,126.5,1,1,2021-12-23 09:35:38
1640252139735015000,126.0,5,126.0,11,126.5,3,2,2021-12-23 09:35:39
1640252142084563000,126.5,1,126.0,11,126.5,2,1,2021-12-23 09:35:42
1640252142121944000,126.5,2,126.0,11,127.0,27,1,2021-12-23 09:35:42
1640252142958791000,126.5,1,126.0,19,126.5,1,1,2021-12-23 09:35:42
1640252146941740000,126.5,1,126.0,20,127.0,10,1,2021-12-23 09:35:46
1640252146941740000,127.0,4,126.0,20,127.0,10,1,2021-12-23 09:35:46
1640252147663527000,126.5,1,126.0,20,127.0,10,1,2021-12-23 09:35:47
1640252147663779000,126.5,1,126.0,20,127.0,10,1,2021-12-23 09:35:47
1640252156645274000,126.5,1,126.5,1,127.0,11,2,2021-12-23 09:35:56
1640252162616642000,126.5,1,126.5,2,127.0,14,2,2021-12-23 09:36:02
1640252168202688000,126.5,2,126.5,5,127.0,14,2,2021-12-23 09:36:08
1640252175398056000,126.5,1,126.5,7,127.0,13,2,2021-12-23 09:36:15
1640252200304288000,126.5,7,126.0,29,127.0,94,2,2021-12-23 09:36:40
1640252226970296000,126.5,1,126.0,22,126.5,6,1,2021-12-23 09:37:06
1640252228195667000,126.5,1,126.0,22,126.5,6,1,2021-12-23 09:37:08
1640252230532055000,126.5,1,126.0,22,126.5,5,1,2021-12-23 09:37:10
1640252231331416000,126.5,1,126.0,22,126.5,3,1,2021-12-23 09:37:11
1640252233539918000,126.5,3,126.0,22,127.0,89,1,2021-12-23 09:37:13
1640252250496190000,126.5,1,126.5,4,127.0,97,2,2021-12-23 09:37:30
1640252250529815000,126.5,1,126.0,22,127.0,97,2,2021-12-23 09:37:30
1640252250529889000,126.5,3,126.0,22,127.0,97,2,2021-12-23 09:37:30
1640252255563078000,126.5,1,126.5,3,127.0,90,1,2021-12-23 09:37:35
1640252257352056000,126.5,3,126.0,24,127.0,90,2,2021-12-23 09:37:37
1640252257698935000,126.0,5,126.0,19,127.0,90,2,2021-12-23 09:37:37
1640252273055732000,126.0,5,126.0,25,126.5,2,2,2021-12-23 09:37:53
1640252279333810000,126.0,2,126.0,26,126.5,6,2,2021-12-23 09:37:59
1640252281544239000,126.5,1,126.0,26,126.5,8,1,2021-12-23 09:38:01
1640252292784577000,126.5,1,126.0,26,126.5,10,1,2021-12-23 09:38:12
1640252302146891000,126.5,1,126.0,27,126.5,10,1,2021-12-23 09:38:22
1640252307644809000,126.5,1,126.0,33,126.5,9,1,2021-12-23 09:38:27
1640252317698374000,126.5,1,126.0,34,126.5,9,1,2021-12-23 09:38:37
1640252317897638000,126.5,1,126.0,34,126.5,8,1,2021-12-23 09:38:37
1640252367860195000,126.5,3,126.0,36,126.5,18,1,2021-12-23 09:39:27
1640252376358500000,126.5,1,126.0,49,126.5,12,1,2021-12-23 09:39:36
1640252387718501000,126.5,1,126.0,50,126.5,11,1,2021-12-23 09:39:47
1640252387964567000,126.0,1,126.0,49,126.5,10,2,2021-12-23 09:39:47
1640252420955230000,126.0,1,126.0,55,126.5,14,2,2021-12-23 09:40:20
1640252422925677000,126.0,1,126.0,54,126.5,14,2,2021-12-23 09:40:22
1640252447699337000,126.0,1,126.0,61,126.5,26,2,2021-12-23 09:40:47
1640252453890809000,126.0,1,126.0,57,126.5,26,2,2021-12-23 09:40:53
1640252453920770000,126.0,11,126.0,46,126.5,26,2,2021-12-23 09:40:53
1640252461022262000,126.0,2,126.0,39,126.5,26,2,2021-12-23 09:41:01
1640252461049792000,126.0,11,126.0,28,126.5,26,2,2021-12-23 09:41:01
1640252461089008000,126.0,2,126.0,26,126.5,26,2,2021-12-23 09:41:01
1640252461225153000,126.0,1,126.0,25,126.5,26,2,2021-12-23 09:41:01
1640252463177251000,126.0,1,126.0,24,126.5,26,2,2021-12-23 09:41:03
1640252471662033000,126.0,1,126.0,23,126.5,16,2,2021-12-23 09:41:11
1640252482081793000,126.0,13,126.0,6,126.5,16,2,2021-12-23 09:41:22
1640252484048974000,126.0,1,126.0,6,126.5,16,2,2021-12-23 09:41:24
1640252484186684000,126.0,1,126.0,5,126.5,16,2,2021-12-23 09:41:24
1640252484401523000,126.0,1,126.0,4,126.5,16,2,2021-12-23 09:41:24
1640252484864928000,126.0,1,126.0,4,126.5,16,2,2021-12-23 09:41:24
1640252484873798000,126.0,2,126.0,2,126.5,16,2,2021-12-23 09:41:24
1640252485572910000,126.0,1,126.0,1,126.5,20,2,2021-12-23 09:41:25
1640252486684713000,126.0,1,125.5,25,126.0,1,2,2021-12-23 09:41:26
1640252488033792000,126.0,1,126.0,1,126.5,20,1,2021-12-23 09:41:28
1640252488285086000,126.0,1,125.5,23,126.5,20,2,2021-12-23 09:41:28
1640252507593449000,126.0,1,125.5,28,126.0,10,1,2021-12-23 09:41:47
1640252510510830000,126.0,1,125.5,28,126.0,10,1,2021-12-23 09:41:50
1640252520145406000,126.0,2,125.5,29,126.0,8,1,2021-12-23 09:42:00
1640252524892079000,126.0,1,125.5,29,126.0,7,1,2021-12-23 09:42:04
1640252525597529000,126.0,1,125.5,29,126.0,6,1,2021-12-23 09:42:05
1640252527715742000,126.0,1,125.5,29,126.0,4,1,2021-12-23 09:42:07
1640252537151430000,125.5,1,125.5,26,126.0,1,2,2021-12-23 09:42:17
1640252537226182000,126.0,1,125.5,26,126.5,22,1,2021-12-23 09:42:17
1640252570801937000,126.0,1,126.0,5,126.5,19,2,2021-12-23 09:42:50
1640252590700186000,126.0,1,126.0,7,126.5,18,2,2021-12-23 09:43:10
1640252591441874000,126.5,2,126.0,8,126.5,16,1,2021-12-23 09:43:11
1640252614635384000,126.5,2,126.0,11,126.5,10,1,2021-12-23 09:43:34
1640252637343151000,126.5,1,126.0,10,126.5,9,1,2021-12-23 09:43:57
1640252637449951000,126.5,1,126.0,10,126.5,8,1,2021-12-23 09:43:57
1640252640769479000,126.5,1,126.0,10,126.5,7,1,2021-12-23 09:44:00
1640252644431529000,126.5,1,126.0,11,126.5,5,1,2021-12-23 09:44:04
1640252656477747000,126.5,1,126.0,13,126.5,4,1,2021-12-23 09:44:16
1640252660768454000,126.5,1,126.0,13,126.5,3,1,2021-12-23 09:44:20
1640252662008741000,126.5,1,126.0,13,126.5,2,1,2021-12-23 09:44:22
1640252662032448000,126.5,1,126.0,13,126.5,1,1,2021-12-23 09:44:22
1640252662033336000,126.5,1,126.0,13,127.0,22,1,2021-12-23 09:44:22
1640252706137223000,126.5,2,126.5,6,127.0,23,2,2021-12-23 09:45:06
1640252719166183000,126.5,1,126.5,5,127.0,23,2,2021-12-23 09:45:19
1640252719194046000,126.5,2,126.5,3,127.0,23,2,2021-12-23 09:45:19
1640252724885318000,126.5,1,126.5,2,127.0,23,2,2021-12-23 09:45:24
1640252764447800000,126.5,1,126.5,2,127.0,22,2,2021-12-23 09:46:04
1640252772221441000,126.5,1,126.5,2,127.0,25,2,2021-12-23 09:46:12
1640252853064260000,126.5,1,126.5,8,127.0,23,2,2021-12-23 09:47:33
1640252872997526000,126.5,1,126.5,7,127.0,23,2,2021-12-23 09:47:52
1640252901471004000,126.5,1,126.5,5,127.0,23,2,2021-12-23 09:48:21
1640252910767493000,126.5,1,126.5,5,127.0,23,2,2021-12-23 09:48:30
1640252919392044000,126.5,1,126.5,2,127.0,23,2,2021-12-23 09:48:39
1640252927309985000,126.5,3,126.0,26,127.0,23,2,2021-12-23 09:48:47
1640252940847898000,126.5,1,126.0,29,127.0,24,2,2021-12-23 09:49:00
1640252953721500000,126.0,1,126.0,25,126.5,1,2,2021-12-23 09:49:13
1640253022434392000,126.0,1,126.0,25,126.5,7,2,2021-12-23 09:50:22
1640253025711856000,126.0,1,126.0,24,126.5,7,2,2021-12-23 09:50:25
1640253133521855000,126.0,1,126.0,22,126.5,11,2,2021-12-23 09:52:13
1640253134633156000,126.0,1,126.0,21,126.5,11,2,2021-12-23 09:52:14
1640253135741062000,126.0,4,126.0,17,126.5,13,2,2021-12-23 09:52:15
1640253142157268000,126.0,1,126.0,16,126.5,19,2,2021-12-23 09:52:22
1640253142190410000,126.0,4,126.0,12,126.5,19,2,2021-12-23 09:52:22
1640253152277447000,126.0,1,126.0,11,126.5,20,2,2021-12-23 09:52:32
1640253155968171000,126.0,1,126.0,10,126.5,22,2,2021-12-23 09:52:35
1640253161912650000,126.0,5,126.0,5,126.5,22,2,2021-12-23 09:52:41
1640253161934734000,126.0,5,125.5,30,126.5,22,2,2021-12-23 09:52:41
1640253236166976000,126.0,1,125.5,29,126.5,36,1,2021-12-23 09:53:56
1640253241436550000,126.0,1,125.5,30,126.5,36,2,2021-12-23 09:54:01
1640253250523530000,126.0,1,125.5,30,126.5,36,1,2021-12-23 09:54:10
1640253311400072000,126.0,2,125.5,29,126.0,3,1,2021-12-23 09:55:11
1640253334504891000,126.0,1,125.5,29,126.0,2,1,2021-12-23 09:55:34
1640253358473055000,126.0,2,125.5,30,126.5,35,1,2021-12-23 09:55:58
1640253372567405000,126.5,1,125.5,30,126.5,33,1,2021-12-23 09:56:12
1640253380558720000,126.0,7,125.5,30,126.5,33,2,2021-12-23 09:56:20
1640253430393738000,126.0,9,125.5,30,126.0,1,2,2021-12-23 09:57:10
1640253439892574000,126.0,1,125.5,30,126.0,2,1,2021-12-23 09:57:19
1640253453428688000,126.0,1,125.5,31,126.0,1,1,2021-12-23 09:57:33
1640253470842780000,126.0,1,125.5,30,126.0,2,1,2021-12-23 09:57:50
1640253472062049000,126.0,1,125.5,30,126.0,1,1,2021-12-23 09:57:52
1640253480352136000,126.0,1,125.5,30,126.5,31,1,2021-12-23 09:58:00
1640253567866888000,125.5,1,125.5,31,126.0,1,2,2021-12-23 09:59:27
1640253579247078000,125.5,2,125.5,29,126.0,6,2,2021-12-23 09:59:39
1640253582016160000,125.5,2,125.5,27,126.0,6,2,2021-12-23 09:59:42
1640253582032328000,125.5,4,125.5,23,126.0,6,2,2021-12-23 09:59:42
1640253582052762000,125.5,23,125.0,52,126.0,2,2,2021-12-23 09:59:42
1640253584856643000,125.0,12,125.0,40,125.5,1,2,2021-12-23 09:59:44
1640253589636526000,125.5,1,125.0,40,125.5,11,1,2021-12-23 09:59:49
1640253593598552000,125.0,3,125.0,37,125.5,14,2,2021-12-23 09:59:53
1640253610692529000,125.0,1,125.0,37,125.5,17,2,2021-12-23 10:00:10
1640253612934788000,125.0,1,125.0,37,125.5,18,2,2021-12-23 10:00:12
1640253613392519000,125.0,1,125.0,36,125.5,19,2,2021-12-23 10:00:13
1640253617299904000,125.0,1,125.0,35,125.5,19,2,2021-12-23 10:00:17
1640253623555995000,125.0,1,125.0,34,125.5,19,2,2021-12-23 10:00:23
1640253630904017000,125.0,1,125.0,37,125.5,18,2,2021-12-23 10:00:30
1640253638834410000,125.0,1,125.0,36,125.5,17,2,2021-12-23 10:00:38
1640253646190010000,125.5,1,125.0,36,125.5,17,1,2021-12-23 10:00:46
1640253646915945000,125.0,3,125.0,33,125.5,17,2,2021-12-23 10:00:46
1640253656301369000,125.0,1,125.0,33,125.5,19,2,2021-12-23 10:00:56
1640253673989242000,125.0,13,125.0,19,125.5,6,2,2021-12-23 10:01:13
1640253677221767000,125.0,1,125.0,18,125.5,6,2,2021-12-23 10:01:17
1640253677861813000,125.0,1,125.0,17,125.5,6,2,2021-12-23 10:01:17
1640253680286374000,125.0,3,125.0,14,125.5,9,2,2021-12-23 10:01:20
1640253681202220000,125.0,1,125.0,13,125.5,9,2,2021-12-23 10:01:21
1640253682257253000,125.0,1,125.0,12,125.5,9,2,2021-12-23 10:01:22
1640253682673626000,125.0,2,125.0,10,125.5,9,2,2021-12-23 10:01:22
1640253683606363000,125.0,1,125.0,9,125.5,9,2,2021-12-23 10:01:23
1640253684843639000,125.0,2,125.0,7,125.5,9,2,2021-12-23 10:01:24
1640253693418021000,125.0,1,125.0,8,125.5,9,2,2021-12-23 10:01:33
1640253699079963000,125.0,1,125.0,8,125.5,9,2,2021-12-23 10:01:39
1640253702541674000,125.0,2,125.0,6,125.5,9,2,2021-12-23 10:01:42
1640253703605231000,125.0,1,125.0,5,125.5,9,2,2021-12-23 10:01:43
1640253706183474000,125.0,4,125.0,1,125.5,10,2,2021-12-23 10:01:46
1640253708045739000,125.0,1,124.5,40,125.5,10,2,2021-12-23 10:01:48
1640253722277310000,125.0,1,124.5,41,125.0,3,1,2021-12-23 10:02:02
1640253725709442000,125.0,1,124.5,39,125.0,2,1,2021-12-23 10:02:05
1640253726130788000,125.0,1,124.5,39,125.0,1,1,2021-12-23 10:02:06
1640253726131739000,125.0,1,124.5,39,125.5,9,1,2021-12-23 10:02:06
1640253750785396000,125.0,6,124.5,45,125.5,12,2,2021-12-23 10:02:30
1640253766673223000,125.0,2,124.5,39,125.0,5,1,2021-12-23 10:02:46
1640253774084640000,124.5,1,124.5,36,125.0,5,2,2021-12-23 10:02:54
1640253785275456000,125.0,4,124.5,36,125.0,7,1,2021-12-23 10:03:05
1640253793554989000,125.0,1,124.5,36,125.0,8,1,2021-12-23 10:03:13
1640253798931194000,124.5,1,124.5,35,125.0,10,2,2021-12-23 10:03:18
1640253805208210000,125.0,4,124.5,39,125.0,6,1,2021-12-23 10:03:25
1640253813017746000,125.0,1,124.5,40,125.0,5,1,2021-12-23 10:03:33
1640253817867656000,125.0,1,124.5,41,125.0,4,1,2021-12-23 10:03:37
1640253820960808000,125.0,1,124.5,45,125.0,3,1,2021-12-23 10:03:40
1640253829252298000,125.0,1,124.5,50,125.0,3,1,2021-12-23 10:03:49
1640253843034260000,125.0,1,124.5,51,125.0,3,1,2021-12-23 10:04:03
1640253849749402000,125.0,1,124.5,51,125.0,2,1,2021-12-23 10:04:09
1640253859295798000,125.0,1,124.5,51,125.0,7,1,2021-12-23 10:04:19
1640253869688770000,125.0,3,124.5,51,125.0,4,1,2021-12-23 10:04:29
1640253875178880000,125.0,4,124.5,51,125.5,25,1,2021-12-23 10:04:35
1640253876529496000,125.5,1,124.5,50,125.5,24,1,2021-12-23 10:04:36
1640253877371936000,125.0,1,125.0,2,125.5,20,2,2021-12-23 10:04:37
1640253881993042000,125.0,3,124.5,51,125.5,23,2,2021-12-23 10:04:41
1640253882234473000,125.0,3,125.0,1,125.5,27,2,2021-12-23 10:04:42
1640253882411734000,125.0,1,124.5,47,125.5,23,2,2021-12-23 10:04:42
1640253895828504000,125.0,1,125.0,1,125.5,24,2,2021-12-23 10:04:55
1640253895863560000,125.0,1,124.5,50,125.5,24,2,2021-12-23 10:04:55
1640253899964709000,124.5,1,124.5,50,125.5,28,2,2021-12-23 10:04:59
1640253919726159000,125.0,1,125.0,6,125.5,24,2,2021-12-23 10:05:19
1640253923799407000,125.0,1,125.0,7,125.5,21,2,2021-12-23 10:05:23
1640253950712602000,125.0,2,125.0,9,125.5,21,2,2021-12-23 10:05:50
1640253953313139000,125.0,1,125.0,8,125.5,21,2,2021-12-23 10:05:53
1640253960177994000,125.0,2,125.0,6,125.5,21,2,2021-12-23 10:06:00
1640253960243969000,125.0,6,124.5,55,125.5,25,2,2021-12-23 10:06:00
1640253961358244000,125.0,1,124.5,55,125.5,35,2,2021-12-23 10:06:01
1640253966830029000,125.0,1,124.5,56,125.5,35,2,2021-12-23 10:06:06
1640253967465660000,124.5,1,124.5,55,125.5,35,2,2021-12-23 10:06:07
1640254003988317000,124.5,2,124.5,49,125.0,10,2,2021-12-23 10:06:43
1640254037764669000,124.5,2,124.5,43,125.0,12,2,2021-12-23 10:07:17
1640254037799027000,124.5,1,124.5,42,125.0,12,2,2021-12-23 10:07:17
1640254045515947000,125.0,10,124.5,43,125.0,4,1,2021-12-23 10:07:25
1640254053738711000,125.0,4,125.0,1,125.5,29,1,2021-12-23 10:07:33
1640254053758627000,125.0,1,124.5,44,125.5,29,2,2021-12-23 10:07:33
1640254084591647000,125.0,1,124.5,52,125.5,31,2,2021-12-23 10:08:04
1640254105797948000,124.5,3,124.5,49,125.0,7,2,2021-12-23 10:08:25
1640254118364015000,124.5,2,124.5,49,125.0,12,2,2021-12-23 10:08:38
1640254121726475000,125.0,1,124.5,49,125.0,11,1,2021-12-23 10:08:41
1640254127981607000,124.5,4,124.5,44,125.0,8,2,2021-12-23 10:08:47
1640254138633232000,124.5,1,124.5,45,125.0,14,2,2021-12-23 10:08:58
1640254141247978000,124.5,2,124.5,43,125.0,14,2,2021-12-23 10:09:01
1640254143076170000,125.0,1,124.5,44,125.0,13,1,2021-12-23 10:09:03
1640254148294395000,124.5,1,124.5,43,125.0,13,2,2021-12-23 10:09:08
1640254184262182000,125.0,1,124.5,39,125.0,19,1,2021-12-23 10:09:44
1640254215950245000,125.0,3,124.5,42,125.0,6,1,2021-12-23 10:10:15
1640254216410374000,125.0,1,124.5,41,125.0,5,1,2021-12-23 10:10:16
1640254227584508000,125.0,1,124.5,44,125.0,4,1,2021-12-23 10:10:27
1640254228760593000,125.0,1,124.5,44,125.0,3,1,2021-12-23 10:10:28
1640254239954160000,125.0,2,124.5,45,125.0,1,1,2021-12-23 10:10:39
1640254246217974000,125.0,1,124.5,45,125.5,32,1,2021-12-23 10:10:46
1640254249449714000,125.0,1,124.5,45,125.5,32,2,2021-12-23 10:10:49
1640254256636934000,125.0,1,124.5,48,125.5,28,2,2021-12-23 10:10:56
1640254263236604000,125.5,1,124.5,48,125.5,45,1,2021-12-23 10:11:03
1640254276592778000,125.0,1,124.5,49,125.5,45,2,2021-12-23 10:11:16
1640254288821843000,125.0,2,125.0,1,125.5,45,2,2021-12-23 10:11:28
1640254288852556000,125.0,1,124.5,57,125.5,45,2,2021-12-23 10:11:28
1640254341064228000,125.0,2,124.5,61,125.0,9,1,2021-12-23 10:12:21
1640254356654865000,125.0,1,124.5,61,125.0,9,1,2021-12-23 10:12:36
1640254360819406000,124.5,3,124.5,58,125.0,9,2,2021-12-23 10:12:40
1640254372346494000,124.5,2,124.5,58,125.0,10,2,2021-12-23 10:12:52
1640254380402400000,124.5,2,124.5,57,125.0,11,2,2021-12-23 10:13:00
1640254381807035000,124.5,1,124.5,57,125.0,11,2,2021-12-23 10:13:01
1640254404824540000,124.5,1,124.5,55,125.0,13,2,2021-12-23 10:13:24
1640254494732581000,125.0,1,124.5,62,125.0,17,1,2021-12-23 10:14:54
1640254510329183000,125.0,1,124.5,64,125.0,15,1,2021-12-23 10:15:10
1640254535521964000,125.0,4,124.5,64,125.0,10,1,2021-12-23 10:15:35
1640254556771122000,125.0,1,124.5,66,125.0,9,1,2021-12-23 10:15:56
1640254561313511000,125.0,1,124.5,66,125.0,7,1,2021-12-23 10:16:01
1640254561313955000,125.0,1,124.5,66,125.0,7,1,2021-12-23 10:16:01
1640254584103292000,125.0,1,124.5,66,125.0,4,1,2021-12-23 10:16:24
1640254588433416000,125.0,1,124.5,66,125.0,3,1,2021-12-23 10:16:28
1640254590007158000,125.0,3,124.5,67,125.5,36,1,2021-12-23 10:16:30
1640254593267326000,125.0,3,124.5,67,125.5,36,2,2021-12-23 10:16:33
1640254599506234000,125.5,1,124.5,69,125.5,47,1,2021-12-23 10:16:39
1640254638677272000,125.0,2,124.5,73,125.5,47,2,2021-12-23 10:17:18
1640254641958001000,125.0,2,124.5,73,125.5,47,2,2021-12-23 10:17:21
1640254710203996000,125.0,5,124.5,73,125.5,43,2,2021-12-23 10:18:30
1640254710286993000,124.5,1,124.5,72,125.5,47,2,2021-12-23 10:18:30
1640254730718562000,124.5,1,124.5,71,125.5,47,2,2021-12-23 10:18:50
1640254754694771000,125.0,5,124.5,71,125.0,3,1,2021-12-23 10:19:14
1640254773504340000,125.0,1,124.5,66,125.0,14,1,2021-12-23 10:19:33
1640254788179996000,124.5,1,124.5,66,125.0,18,2,2021-12-23 10:19:48
1640254788218792000,124.5,4,124.5,62,125.0,14,2,2021-12-23 10:19:48
1640254830953846000,124.5,1,124.5,63,125.0,15,2,2021-12-23 10:20:30
1640254847291673000,124.5,2,124.5,61,125.0,18,2,2021-12-23 10:20:47
1640254854075817000,124.5,1,124.5,60,125.0,19,2,2021-12-23 10:20:54
1640254918105309000,124.5,1,124.5,63,125.0,17,2,2021-12-23 10:21:58
1640254961229025000,124.5,1,124.5,68,125.0,22,2,2021-12-23 10:22:41
1640254985921717000,124.5,1,124.5,65,125.0,22,2,2021-12-23 10:23:05
1640255036372877000,125.0,1,124.5,69,125.0,20,1,2021-12-23 10:23:56
1640255075883874000,125.0,4,124.5,69,125.0,16,1,2021-12-23 10:24:35
1640255094305260000,124.5,1,124.5,72,125.0,12,2,2021-12-23 10:24:54
1640255206053369000,125.0,3,124.5,74,125.0,13,1,2021-12-23 10:26:46
1640255218772079000,125.0,1,124.5,74,125.0,12,1,2021-12-23 10:26:58
1640255226355754000,125.0,2,124.5,74,125.0,10,1,2021-12-23 10:27:06
1640255229514427000,125.0,1,124.5,74,125.0,10,1,2021-12-23 10:27:09
1640255237415358000,125.0,4,124.5,70,125.0,6,1,2021-12-23 10:27:17
1640255237488472000,125.0,1,124.5,70,125.0,5,1,2021-12-23 10:27:17
1640255238576203000,125.0,2,124.5,70,125.0,3,1,2021-12-23 10:27:18
1640255239931161000,125.0,2,124.5,70,125.0,1,1,2021-12-23 10:27:19
1640255241344449000,125.0,1,124.5,74,125.5,28,1,2021-12-23 10:27:21
1640255245350742000,125.0,3,124.5,72,125.5,50,2,2021-12-23 10:27:25
1640255245422137000,125.0,1,124.5,72,125.5,53,2,2021-12-23 10:27:25
1640255273499288000,125.0,1,124.5,73,125.5,50,2,2021-12-23 10:27:53
1640255282325355000,125.0,1,125.0,1,125.5,50,2,2021-12-23 10:28:02
1640255300809141000,125.0,3,125.0,2,125.5,49,2,2021-12-23 10:28:20
1640255305352089000,125.0,2,124.5,70,125.5,49,2,2021-12-23 10:28:25
1640255329016033000,124.5,5,124.5,65,125.0,15,2,2021-12-23 10:28:49
1640255332289316000,124.5,4,124.5,61,125.0,15,2,2021-12-23 10:28:52
1640255476614757000,124.5,5,124.5,54,125.0,23,2,2021-12-23 10:31:16
1640255520235422000,124.5,1,124.5,53,125.0,23,2,2021-12-23 10:32:00
1640255521996060000,125.0,1,124.5,53,125.0,22,1,2021-12-23 10:32:01
1640255537877079000,125.0,1,124.5,53,125.0,6,1,2021-12-23 10:32:17
1640255554421462000,125.0,3,124.5,53,125.0,3,1,2021-12-23 10:32:34
1640255567430605000,125.0,1,124.5,53,125.0,7,1,2021-12-23 10:32:47
1640255612875051000,125.0,1,124.5,68,125.0,6,1,2021-12-23 10:33:32
1640255613471814000,125.0,1,124.5,68,125.0,5,1,2021-12-23 10:33:33
1640255619961939000,125.0,1,124.5,68,125.0,4,1,2021-12-23 10:33:39
1640255631494657000,125.0,2,124.5,68,125.0,2,1,2021-12-23 10:33:51
1640255632929106000,125.0,1,124.5,68,125.0,1,1,2021-12-23 10:33:52
1640255639054167000,125.0,1,124.5,68,125.5,22,1,2021-12-23 10:33:59
1640255661727294000,125.0,2,124.5,67,125.5,36,2,2021-12-23 10:34:21
1640255680508180000,125.0,1,124.5,66,125.0,4,1,2021-12-23 10:34:40
1640255777571930000,125.0,1,124.5,80,125.0,2,1,2021-12-23 10:36:17
1640255789769860000,125.0,1,124.5,80,125.0,20,1,2021-12-23 10:36:29
1640255840591250000,125.0,1,124.5,82,125.0,19,1,2021-12-23 10:37:20
1640255884259497000,125.0,1,124.5,82,125.0,18,1,2021-12-23 10:38:04
1640255925344823000,125.0,1,124.5,82,125.0,17,1,2021-12-23 10:38:45
1640255932934094000,125.0,1,124.5,82,125.0,16,1,2021-12-23 10:38:52
1640255939516085000,125.0,1,124.5,82,125.0,15,1,2021-12-23 10:38:59
1640255946903848000,125.0,1,124.5,82,125.0,14,1,2021-12-23 10:39:06
1640255950365898000,125.0,1,124.5,82,125.5,23,1,2021-12-23 10:39:10
1640255958037570000,125.0,1,124.5,82,125.5,59,2,2021-12-23 10:39:18
1640255959164576000,125.0,2,124.5,82,125.5,59,2,2021-12-23 10:39:19
1640255978645780000,125.0,1,124.5,82,125.5,59,2,2021-12-23 10:39:38
1640256051435155000,125.0,1,124.5,84,125.0,23,1,2021-12-23 10:40:51
1640256097459726000,125.0,5,124.5,88,125.0,18,1,2021-12-23 10:41:37
1640256142377480000,125.0,1,124.5,89,125.0,17,1,2021-12-23 10:42:22
1640256143412369000,125.0,4,124.5,89,125.0,13,1,2021-12-23 10:42:23
1640256160283493000,125.0,3,124.5,89,125.0,10,1,2021-12-23 10:42:40
1640256160345256000,125.0,1,124.5,89,125.0,9,1,2021-12-23 10:42:40
1640256161485041000,125.0,9,125.0,1,125.5,30,1,2021-12-23 10:42:41
1640256161519003000,125.0,1,124.5,89,125.5,30,2,2021-12-23 10:42:41
1640256166541416000,125.0,1,124.5,91,125.5,57,2,2021-12-23 10:42:46
1640256168534943000,125.0,1,124.5,91,125.5,57,2,2021-12-23 10:42:48
1640256172006366000,125.0,1,124.5,91,125.5,57,2,2021-12-23 10:42:52
1640256172035944000,124.5,6,124.5,85,125.5,57,2,2021-12-23 10:42:52
1640256173030414000,125.0,2,124.5,85,125.5,57,2,2021-12-23 10:42:53
1640256180347952000,125.0,1,124.5,85,125.0,31,1,2021-12-23 10:43:00
1640256196104907000,125.0,1,124.5,85,125.0,31,1,2021-12-23 10:43:16
1640256218408357000,125.0,5,124.5,85,125.0,25,1,2021-12-23 10:43:38
1640256241598239000,125.0,5,124.5,89,125.0,20,1,2021-12-23 10:44:01
1640256250374278000,125.0,1,124.5,91,125.0,10,1,2021-12-23 10:44:10
1640256250632364000,125.0,5,124.5,91,125.0,5,1,2021-12-23 10:44:10
1640256253454869000,125.0,1,124.5,91,125.0,1,1,2021-12-23 10:44:13
1640256254428858000,125.0,1,124.5,91,125.5,28,1,2021-12-23 10:44:14
1640256255373480000,125.0,1,124.5,91,125.5,47,2,2021-12-23 10:44:15
1640256264246426000,125.0,1,125.0,1,125.5,47,2,2021-12-23 10:44:24
1640256264276514000,125.0,1,124.5,91,125.5,42,2,2021-12-23 10:44:24
1640256279490311000,125.0,2,124.5,91,125.5,47,2,2021-12-23 10:44:39
1640256313250660000,125.0,1,124.5,91,125.5,42,2,2021-12-23 10:45:13
1640256340266962000,125.0,1,124.5,91,125.5,42,2,2021-12-23 10:45:40
1640256389290736000,125.0,1,124.5,90,125.5,42,2,2021-12-23 10:46:29
1640256404793119000,125.0,1,124.5,89,125.0,5,1,2021-12-23 10:46:44
1640256521106848000,125.0,1,125.0,5,125.5,37,2,2021-12-23 10:48:41
1640256569242727000,125.5,1,125.0,5,125.5,36,1,2021-12-23 10:49:29
1640256594197050000,125.0,8,124.5,90,125.5,39,2,2021-12-23 10:49:54
1640256609233297000,125.0,1,124.5,90,125.5,38,2,2021-12-23 10:50:09
1640256617823939000,125.0,2,125.0,1,125.5,39,2,2021-12-23 10:50:17
1640256619225365000,125.0,1,124.5,90,125.5,39,2,2021-12-23 10:50:19
1640256619252262000,124.5,1,124.5,89,125.5,39,2,2021-12-23 10:50:19
1640256642343519000,124.5,1,124.5,87,125.0,36,2,2021-12-23 10:50:42
1640256642377485000,124.5,11,124.5,76,125.0,36,2,2021-12-23 10:50:42
1640256649173990000,124.5,14,124.5,62,125.0,36,2,2021-12-23 10:50:49
1640256649197664000,124.5,3,124.5,59,125.0,36,2,2021-12-23 10:50:49
1640256649205292000,124.5,11,124.5,48,125.0,36,2,2021-12-23 10:50:49
1640256654613813000,124.5,1,124.5,50,125.0,35,2,2021-12-23 10:50:54
1640256661375926000,124.5,1,124.5,49,125.0,35,2,2021-12-23 10:51:01
1640256663316167000,124.5,15,124.5,34,125.0,35,2,2021-12-23 10:51:03
1640256663344250000,124.5,11,124.5,23,125.0,35,2,2021-12-23 10:51:03
1640256663372581000,124.5,1,124.5,21,125.0,35,2,2021-12-23 10:51:03
1640256663372635000,124.5,1,124.5,21,125.0,35,2,2021-12-23 10:51:03
1640256663392071000,124.5,1,124.5,20,125.0,35,2,2021-12-23 10:51:03
1640256663655378000,124.5,3,124.5,17,125.0,41,2,2021-12-23 10:51:03
1640256663682629000,124.5,11,124.5,6,125.0,41,2,2021-12-23 10:51:03
1640256665020824000,124.5,6,124.0,120,124.5,3,2,2021-12-23 10:51:05
1640256693955490000,124.0,2,124.0,87,124.5,22,2,2021-12-23 10:51:33
1640256701001953000,124.0,1,124.0,85,124.5,22,2,2021-12-23 10:51:41
1640256708961961000,124.0,2,124.0,85,124.5,24,2,2021-12-23 10:51:48
1640256719704021000,124.0,1,124.0,84,124.5,22,2,2021-12-23 10:51:59
1640256725942567000,124.0,6,124.0,78,124.5,25,2,2021-12-23 10:52:05
1640256738378855000,124.0,2,124.0,78,124.5,27,2,2021-12-23 10:52:18
1640256741965794000,124.0,1,124.0,77,124.5,26,2,2021-12-23 10:52:21
1640256752408381000,124.0,2,124.0,77,124.5,27,2,2021-12-23 10:52:32
1640256759510236000,124.0,1,124.0,78,124.5,27,2,2021-12-23 10:52:39
1640256780969680000,124.0,3,124.0,74,124.5,30,2,2021-12-23 10:53:00
1640256850523078000,124.0,1,124.0,85,124.5,29,2,2021-12-23 10:54:10
1640256858906658000,124.0,1,124.0,84,124.5,28,2,2021-12-23 10:54:18
1640256888394335000,124.5,5,124.0,91,124.5,19,1,2021-12-23 10:54:48
1640256894408167000,124.5,1,124.0,91,124.5,14,1,2021-12-23 10:54:54
1640256901694418000,124.5,1,124.0,88,124.5,9,1,2021-12-23 10:55:01
1640256905428339000,124.5,4,124.0,84,124.5,6,1,2021-12-23 10:55:05
1640256905449471000,124.5,1,124.0,84,124.5,1,1,2021-12-23 10:55:05
1640256905449502000,124.5,1,124.0,84,124.5,1,1,2021-12-23 10:55:05
1640256905449532000,124.5,1,124.0,84,124.5,1,1,2021-12-23 10:55:05
1640256905449536000,124.5,1,124.0,84,124.5,1,1,2021-12-23 10:55:05
1640256905449537000,124.5,1,124.0,84,124.5,1,1,2021-12-23 10:55:05
1640256905450393000,124.5,1,124.0,84,125.0,47,1,2021-12-23 10:55:05
1640256913227662000,124.5,1,124.0,88,124.5,10,1,2021-12-23 10:55:13
1640256934177978000,124.5,4,124.0,91,124.5,6,1,2021-12-23 10:55:34
1640256936648958000,124.5,2,124.0,91,124.5,4,1,2021-12-23 10:55:36
1640256956978315000,124.5,1,124.0,92,124.5,5,1,2021-12-23 10:55:56
1640256957546180000,124.5,1,124.0,92,124.5,4,1,2021-12-23 10:55:57
1640256958384423000,124.5,1,124.0,91,124.5,3,1,2021-12-23 10:55:58
1640256963493255000,124.5,1,124.0,91,124.5,2,1,2021-12-23 10:56:03
1640256967075810000,124.5,1,124.0,91,124.5,1,1,2021-12-23 10:56:07
1640256967448754000,124.5,1,124.5,1,125.0,47,1,2021-12-23 10:56:07
1640256967621975000,124.5,1,124.0,91,125.0,42,2,2021-12-23 10:56:07
1640257156018298000,125.0,6,124.5,26,125.0,25,1,2021-12-23 10:59:16
1640257170171416000,125.0,3,124.5,28,125.0,22,1,2021-12-23 10:59:30
1640257192977244000,124.5,1,124.5,28,125.0,22,2,2021-12-23 10:59:52
1640257246475575000,124.5,2,124.5,26,125.0,23,2,2021-12-23 11:00:46
1640257279445223000,125.0,1,124.5,26,125.0,13,1,2021-12-23 11:01:19
1640257395609448000,125.0,1,124.5,45,125.0,12,1,2021-12-23 11:03:15
1640257409708567000,125.0,1,124.5,46,125.0,11,1,2021-12-23 11:03:29
1640257419495228000,125.0,1,124.5,46,125.0,10,1,2021-12-23 11:03:39
1640257420529166000,125.0,2,124.5,46,125.0,8,1,2021-12-23 11:03:40
1640257424363245000,125.0,1,124.5,46,125.0,7,1,2021-12-23 11:03:44
1640257428159644000,125.0,2,124.5,46,125.0,5,1,2021-12-23 11:03:48
1640257431371472000,125.0,1,124.5,44,125.0,4,1,2021-12-23 11:03:51
1640257432115485000,125.0,1,124.5,44,125.0,3,1,2021-12-23 11:03:52
1640257434715276000,125.0,1,124.5,44,125.0,2,1,2021-12-23 11:03:54
1640257439083914000,125.0,2,125.0,1,125.5,27,1,2021-12-23 11:03:59
1640257439175221000,125.0,1,124.5,40,125.5,27,2,2021-12-23 11:03:59
1640257441397888000,125.0,1,124.5,40,125.5,27,2,2021-12-23 11:04:01
1640257453589213000,125.0,1,124.5,40,125.5,31,2,2021-12-23 11:04:13
1640257568853714000,125.0,1,124.5,43,125.0,5,1,2021-12-23 11:06:08
1640257605452587000,125.0,1,124.5,47,125.0,7,1,2021-12-23 11:06:45
1640257634217329000,125.0,1,124.5,57,125.0,6,1,2021-12-23 11:07:14
1640257656438729000,125.0,4,125.0,2,125.5,19,1,2021-12-23 11:07:36
1640257665327558000,125.0,2,124.5,57,125.5,18,2,2021-12-23 11:07:45
1640257757405381000,125.0,1,124.5,63,125.0,8,1,2021-12-23 11:09:17
1640257773882483000,125.0,8,125.0,2,125.5,19,1,2021-12-23 11:09:33
1640257774052108000,125.0,2,124.5,53,125.5,19,2,2021-12-23 11:09:34
1640257860062985000,125.0,1,124.5,49,125.5,44,2,2021-12-23 11:11:00
1640257880371143000,125.5,2,124.5,48,125.5,42,1,2021-12-23 11:11:20
1640257898829161000,125.0,5,125.0,7,125.5,18,1,2021-12-23 11:11:38
1640257901311311000,125.0,2,125.0,6,125.5,33,2,2021-12-23 11:11:41
1640258053412121000,125.0,1,125.0,26,125.5,32,2,2021-12-23 11:14:13
1640258193186031000,125.0,2,125.0,23,125.5,33,2,2021-12-23 11:16:33
1640258234426843000,125.0,1,125.0,22,125.5,33,2,2021-12-23 11:17:14
1640258779770029000,125.5,2,125.0,31,125.5,30,1,2021-12-23 11:26:19
1640258786224749000,125.5,27,125.0,32,125.5,3,1,2021-12-23 11:26:26
1640258786259626000,125.5,1,125.0,32,125.5,1,1,2021-12-23 11:26:26
1640258786259671000,125.5,1,125.0,32,125.5,1,1,2021-12-23 11:26:26
1640258786260036000,125.5,1,125.0,32,126.0,43,1,2021-12-23 11:26:26
1640258835325485000,125.5,3,125.5,5,126.0,44,2,2021-12-23 11:27:15
1640258836064217000,125.5,5,125.0,43,126.0,44,2,2021-12-23 11:27:16
1640258844068223000,125.5,1,125.0,44,125.5,1,2,2021-12-23 11:27:24
1640258848226814000,125.5,1,125.0,38,126.0,41,1,2021-12-23 11:27:28
1640258867057395000,125.5,1,125.0,33,125.5,7,1,2021-12-23 11:27:47
1640258886921719000,125.5,2,125.0,33,125.5,5,1,2021-12-23 11:28:06
1640258890418049000,125.5,1,125.0,31,125.5,4,1,2021-12-23 11:28:10
1640258897174890000,125.5,4,125.0,31,126.0,39,1,2021-12-23 11:28:17
1640258941985016000,125.5,3,125.5,14,126.0,49,2,2021-12-23 11:29:01
1640259004278784000,125.5,1,125.5,12,126.0,45,2,2021-12-23 11:30:04
1640259009945352000,125.5,1,125.5,11,126.0,45,2,2021-12-23 11:30:09
1640259064570581000,125.5,1,125.5,12,126.0,46,2,2021-12-23 11:31:04
1640259086470927000,125.5,2,125.5,13,126.0,46,2,2021-12-23 11:31:26
1640259135453538000,125.5,1,125.5,13,126.0,46,2,2021-12-23 11:32:15
1640259167229411000,125.5,2,125.5,12,126.0,46,2,2021-12-23 11:32:47
1640259212294295000,125.5,1,125.5,13,126.0,46,2,2021-12-23 11:33:32
1640259215633966000,125.5,3,125.5,10,126.0,46,2,2021-12-23 11:33:35
1640259224075006000,125.5,2,125.5,8,126.0,45,2,2021-12-23 11:33:44
1640259280788641000,125.5,4,125.5,6,126.0,44,2,2021-12-23 11:34:40
1640259288183691000,125.5,1,125.5,4,126.0,41,2,2021-12-23 11:34:48
1640259289227140000,125.5,4,125.0,31,126.0,41,2,2021-12-23 11:34:49
1640259359582877000,125.5,1,125.0,32,125.5,10,1,2021-12-23 11:35:59
1640259501407058000,125.5,2,125.0,33,125.5,8,1,2021-12-23 11:38:21
1640259598526749000,125.5,1,125.0,35,125.5,10,1,2021-12-23 11:39:58
1640259601666414000,125.5,1,125.0,35,125.5,9,1,2021-12-23 11:40:01
1640259629162631000,125.0,1,125.0,34,125.5,9,2,2021-12-23 11:40:29
1640259708586424000,125.0,1,125.0,34,125.5,14,2,2021-12-23 11:41:48
1640259717068591000,125.0,10,125.0,24,125.5,14,2,2021-12-23 11:41:57
1640259781251386000,125.0,1,125.0,24,125.5,27,2,2021-12-23 11:43:01
1640259818076409000,125.0,1,125.0,24,125.5,32,2,2021-12-23 11:43:38
1640259900911652000,125.5,1,125.0,23,125.5,26,1,2021-12-23 11:45:00
1640259986472120000,125.0,1,125.0,25,125.5,21,2,2021-12-23 11:46:26
1640260049382938000,125.0,5,125.0,20,125.5,22,2,2021-12-23 11:47:29
1640260075834035000,125.0,1,125.0,19,125.5,22,2,2021-12-23 11:47:55
1640260102045958000,125.0,11,125.0,8,125.5,22,2,2021-12-23 11:48:22
1640260102075958000,125.0,1,125.0,7,125.5,22,2,2021-12-23 11:48:22
1640260106594120000,125.0,1,125.0,6,125.5,22,2,2021-12-23 11:48:26
1640260108590414000,125.0,1,125.0,5,125.5,22,2,2021-12-23 11:48:28
1640260145863879000,125.0,2,125.0,6,125.5,23,2,2021-12-23 11:49:05
1640260147882828000,125.0,1,125.0,5,125.5,23,2,2021-12-23 11:49:07
1640260151617318000,125.0,1,125.0,4,125.5,25,2,2021-12-23 11:49:11
1640260154131029000,125.0,2,125.0,2,125.5,25,2,2021-12-23 11:49:14
1640260154986079000,125.0,2,124.5,75,125.5,25,2,2021-12-23 11:49:14
1640260204793857000,125.0,1,125.0,1,125.5,35,2,2021-12-23 11:50:04
1640260211093081000,125.0,1,124.5,77,125.5,35,2,2021-12-23 11:50:11
1640260251874035000,125.0,1,125.0,4,125.5,31,2,2021-12-23 11:50:51
1640260278272175000,125.0,1,125.0,6,125.5,31,2,2021-12-23 11:51:18
1640260280189849000,125.5,24,125.0,6,125.5,7,1,2021-12-23 11:51:20
1640260280210559000,125.5,7,125.0,10,126.0,40,1,2021-12-23 11:51:20
1640260328918741000,125.5,1,125.5,4,126.0,35,1,2021-12-23 11:52:08
1640260335817389000,125.5,1,125.5,8,126.0,45,2,2021-12-23 11:52:15
1640260343517710000,126.0,1,125.5,5,126.0,44,1,2021-12-23 11:52:23
1640260343568042000,126.0,1,125.5,9,126.0,43,1,2021-12-23 11:52:23
1640260343791866000,126.0,1,125.5,9,126.0,42,1,2021-12-23 11:52:23
1640260353095862000,126.0,1,125.5,10,126.0,41,1,2021-12-23 11:52:33
1640260361043414000,126.0,3,125.5,10,126.0,38,1,2021-12-23 11:52:41
1640260366453520000,126.0,4,125.5,11,126.0,25,1,2021-12-23 11:52:46
1640260366495374000,126.0,11,125.5,11,126.0,14,1,2021-12-23 11:52:46
1640260368931271000,126.0,1,125.5,11,126.0,13,1,2021-12-23 11:52:48
1640260368981529000,126.0,11,125.5,11,126.0,2,1,2021-12-23 11:52:48
1640260369007095000,126.0,1,125.5,11,126.5,34,1,2021-12-23 11:52:49
1640260369007546000,126.0,1,125.5,11,126.5,34,1,2021-12-23 11:52:49
1640260371147375000,126.0,2,125.5,12,126.5,31,2,2021-12-23 11:52:51
1640260387345286000,126.0,4,125.5,12,126.5,47,2,2021-12-23 11:53:07
1640260389726030000,126.0,1,125.5,8,126.5,47,2,2021-12-23 11:53:09
1640260401656030000,126.0,2,125.5,8,126.0,4,1,2021-12-23 11:53:21
1640260492546008000,126.0,10,125.5,10,126.0,1,1,2021-12-23 11:54:52
1640260492570726000,126.0,1,125.5,10,126.5,28,1,2021-12-23 11:54:52
1640260513318287000,126.0,6,126.0,4,126.5,39,2,2021-12-23 11:55:13
1640260516560667000,126.0,2,126.0,2,126.5,40,2,2021-12-23 11:55:16
1640260517189109000,126.0,1,126.0,1,126.5,40,2,2021-12-23 11:55:17
1640260519832884000,126.0,1,125.5,10,126.5,40,2,2021-12-23 11:55:19
1640260521877292000,126.0,1,125.5,9,126.5,40,1,2021-12-23 11:55:21
1640260555636962000,126.0,1,125.5,9,126.0,2,1,2021-12-23 11:55:55
1640260569205264000,126.0,1,125.5,9,126.0,1,1,2021-12-23 11:56:09
1640260607961260000,126.0,1,125.5,10,126.0,1,1,2021-12-23 11:56:47
1640260611307821000,126.0,1,125.5,10,126.5,42,1,2021-12-23 11:56:51
1640260653632880000,126.0,1,125.5,10,126.5,41,1,2021-12-23 11:57:33
