ts,close,volume,bid_price,bid_volume,ask_price,ask_volume,tick_type,datetime
1640250000327238000,23.8,835,23.75,12,23.8,16,1,2021-12-23 09:00:00
1640250000368253000,23.75,3,23.75,9,23.8,16,2,2021-12-23 09:00:00
1640250000382990000,23.8,2,23.75,9,23.8,14,1,2021-12-23 09:00:00
1640250000413387000,23.75,9,23.7,22,23.8,14,2,2021-12-23 09:00:00
1640250000877459000,23.8,1,23.75,1,23.8,13,1,2021-12-23 09:00:00
1640250000978178000,23.75,1,23.7,24,23.8,13,2,2021-12-23 09:00:00
1640250001446474000,23.7,25,23.65,10,23.7,101,2,2021-12-23 09:00:01
1640250002373463000,23.7,4,23.65,10,23.7,97,1,2021-12-23 09:00:02
1640250002868946000,23.7,1,23.65,10,23.7,96,1,2021-12-23 09:00:02
1640250003190896000,23.65,1,23.65,9,23.7,96,2,2021-12-23 09:00:03
1640250003394824000,23.65,4,23.65,5,23.7,96,2,2021-12-23 09:00:03
1640250003425674000,23.65,1,23.65,4,23.7,96,2,2021-12-23 09:00:03
1640250003497513000,23.65,1,23.65,3,23.7,96,2,2021-12-23 09:00:03
1640250003837125000,23.65,1,23.65,2,23.7,96,2,2021-12-23 09:00:03
1640250004085335000,23.65,2,23.6,11,23.65,1,2,2021-12-23 09:00:04
1640250004192774000,23.6,4,23.6,7,23.65,1,2,2021-12-23 09:00:04
1640250004303456000,23.6,5,23.6,2,23.65,1,2,2021-12-23 09:00:04
1640250004530313000,23.6,2,23.55,11,23.65,1,2,2021-12-23 09:00:04
1640250004530313000,23.55,4,23.55,11,23.65,1,2,2021-12-23 09:00:04
1640250006313293000,23.55,10,23.55,1,23.65,1,2,2021-12-23 09:00:06
1640250006852794000,23.55,1,23.5,44,23.65,1,2,2021-12-23 09:00:06
1640250007105633000,23.5,10,23.5,34,23.65,10,2,2021-12-23 09:00:07
1640250007843089000,23.5,5,23.5,29,23.65,10,2,2021-12-23 09:00:07
1640250008527178000,23.5,1,23.5,28,23.6,19,2,2021-12-23 09:00:08
1640250008674307000,23.5,4,23.5,24,23.6,19,2,2021-12-23 09:00:08
1640250009028556000,23.6,2,23.5,24,23.6,17,1,2021-12-23 09:00:09
1640250009105807000,23.5,20,23.5,4,23.6,17,2,2021-12-23 09:00:09
1640250009469980000,23.5,2,23.5,2,23.55,5,2,2021-12-23 09:00:09
1640250010369627000,23.5,2,23.45,238,23.55,20,2,2021-12-23 09:00:10
1640250010369627000,23.45,2,23.45,238,23.55,20,2,2021-12-23 09:00:10
1640250010610802000,23.45,4,23.45,234,23.5,7,2,2021-12-23 09:00:10
1640250010706040000,23.45,5,23.45,229,23.5,7,2,2021-12-23 09:00:10
1640250011136654000,23.45,10,23.45,219,23.5,8,2,2021-12-23 09:00:11
1640250011189813000,23.45,10,23.45,209,23.5,8,2,2021-12-23 09:00:11
1640250011335798000,23.45,4,23.45,205,23.5,8,2,2021-12-23 09:00:11
1640250011466826000,23.45,1,23.45,204,23.5,18,2,2021-12-23 09:00:11
1640250011527745000,23.45,1,23.45,203,23.5,19,2,2021-12-23 09:00:11
1640250011577720000,23.5,1,23.45,203,23.5,18,1,2021-12-23 09:00:11
1640250012123377000,23.5,5,23.45,203,23.5,14,1,2021-12-23 09:00:12
1640250012163347000,23.5,5,23.45,199,23.5,9,1,2021-12-23 09:00:12
1640250012163686000,23.45,4,23.45,199,23.5,9,2,2021-12-23 09:00:12
1640250012192210000,23.5,9,23.45,199,23.5,10,1,2021-12-23 09:00:12
1640250012414892000,23.45,1,23.45,198,23.5,10,2,2021-12-23 09:00:12
1640250012658579000,23.5,2,23.45,198,23.5,8,1,2021-12-23 09:00:12
1640250012882684000,23.45,7,23.45,191,23.5,8,2,2021-12-23 09:00:12
1640250013393364000,23.45,4,23.45,187,23.5,8,2,2021-12-23 09:00:13
1640250014404092000,23.5,1,23.45,187,23.5,17,1,2021-12-23 09:00:14
1640250014593038000,23.5,3,23.45,187,23.5,14,1,2021-12-23 09:00:14
1640250014822539000,23.45,4,23.45,182,23.5,14,2,2021-12-23 09:00:14
1640250015407696000,23.45,1,23.45,181,23.5,14,2,2021-12-23 09:00:15
1640250015637099000,23.5,1,23.45,181,23.5,13,1,2021-12-23 09:00:15
1640250016616063000,23.5,5,23.45,182,23.5,30,1,2021-12-23 09:00:16
1640250017045591000,23.5,5,23.45,183,23.5,25,1,2021-12-23 09:00:17
1640250017282313000,23.5,2,23.45,183,23.5,24,1,2021-12-23 09:00:17
1640250017594257000,23.5,2,23.45,183,23.5,22,1,2021-12-23 09:00:17
1640250017714805000,23.5,6,23.45,183,23.5,16,1,2021-12-23 09:00:17
1640250018550841000,23.45,4,23.45,188,23.5,16,2,2021-12-23 09:00:18
1640250018680825000,23.45,2,23.45,186,23.5,16,2,2021-12-23 09:00:18
1640250018689234000,23.45,1,23.45,185,23.5,16,2,2021-12-23 09:00:18
1640250019279734000,23.5,5,23.45,188,23.5,12,1,2021-12-23 09:00:19
1640250019540490000,23.5,2,23.45,188,23.5,10,1,2021-12-23 09:00:19
1640250019806974000,23.5,1,23.45,188,23.5,9,1,2021-12-23 09:00:19
1640250019859779000,23.5,2,23.45,188,23.5,9,1,2021-12-23 09:00:19
1640250019944109000,23.5,3,23.45,188,23.5,6,1,2021-12-23 09:00:19
1640250019966580000,23.5,1,23.45,188,23.5,5,1,2021-12-23 09:00:19
1640250020015386000,23.5,1,23.45,188,23.5,4,1,2021-12-23 09:00:20
1640250020040381000,23.5,3,23.45,188,23.5,1,1,2021-12-23 09:00:20
1640250020065719000,23.5,1,23.45,188,23.55,10,1,2021-12-23 09:00:20
1640250020985672000,23.5,2,23.45,189,23.5,8,1,2021-12-23 09:00:20
1640250021498466000,23.5,4,23.45,189,23.5,4,1,2021-12-23 09:00:21
1640250021612735000,23.5,1,23.45,189,23.5,3,1,2021-12-23 09:00:21
1640250022017354000,23.5,1,23.45,190,23.5,2,1,2021-12-23 09:00:22
1640250023002610000,23.5,1,23.45,192,23.5,4,1,2021-12-23 09:00:23
1640250023454025000,23.5,1,23.45,192,23.5,3,1,2021-12-23 09:00:23
1640250023519939000,23.5,1,23.45,192,23.5,2,1,2021-12-23 09:00:23
1640250023698909000,23.5,1,23.45,192,23.5,31,1,2021-12-23 09:00:23
1640250024300874000,23.5,1,23.45,192,23.5,32,1,2021-12-23 09:00:24
1640250024539390000,23.5,3,23.45,192,23.5,29,1,2021-12-23 09:00:24
1640250024744133000,23.5,1,23.45,196,23.5,28,1,2021-12-23 09:00:24
1640250025169081000,23.5,1,23.45,196,23.5,27,1,2021-12-23 09:00:25
1640250025188588000,23.5,5,23.45,196,23.5,22,1,2021-12-23 09:00:25
1640250025349093000,23.5,2,23.45,197,23.5,20,1,2021-12-23 09:00:25
1640250025408918000,23.5,1,23.45,197,23.5,19,1,2021-12-23 09:00:25
1640250026188260000,23.5,2,23.45,197,23.5,17,1,2021-12-23 09:00:26
1640250026500471000,23.45,1,23.45,196,23.5,17,2,2021-12-23 09:00:26
1640250026768992000,23.5,1,23.45,196,23.5,17,1,2021-12-23 09:00:26
1640250026840617000,23.5,2,23.45,196,23.5,15,1,2021-12-23 09:00:26
1640250027203255000,23.45,10,23.45,186,23.5,15,2,2021-12-23 09:00:27
1640250027383256000,23.5,3,23.45,186,23.5,14,1,2021-12-23 09:00:27
1640250027480021000,23.45,4,23.45,182,23.5,14,2,2021-12-23 09:00:27
1640250027862606000,23.5,16,23.5,26,23.55,17,1,2021-12-23 09:00:27
1640250028124859000,23.55,17,23.5,27,23.6,13,1,2021-12-23 09:00:28
1640250028365691000,23.5,2,23.5,25,23.6,13,2,2021-12-23 09:00:28
1640250028407071000,23.5,3,23.5,22,23.6,13,2,2021-12-23 09:00:28
1640250029690756000,23.5,1,23.5,23,23.6,13,2,2021-12-23 09:00:29
1640250031913016000,23.5,1,23.5,28,23.6,13,2,2021-12-23 09:00:31
1640250032605027000,23.5,1,23.5,27,23.55,2,2,2021-12-23 09:00:32
1640250033491306000,23.55,2,23.5,52,23.7,96,1,2021-12-23 09:00:33
1640250033491306000,23.6,13,23.5,52,23.7,96,1,2021-12-23 09:00:33
1640250033491306000,23.65,4,23.5,52,23.7,96,1,2021-12-23 09:00:33
1640250033491306000,23.7,1,23.5,52,23.7,96,1,2021-12-23 09:00:33
1640250034565402000,23.7,5,23.5,62,23.7,91,1,2021-12-23 09:00:34
1640250035603007000,23.55,3,23.55,2,23.7,91,2,2021-12-23 09:00:35
1640250036220453000,23.65,1,23.55,3,23.65,4,1,2021-12-23 09:00:36
1640250036468587000,23.6,10,23.55,5,23.6,20,1,2021-12-23 09:00:36
1640250037310259000,23.6,2,23.55,8,23.6,18,1,2021-12-23 09:00:37
1640250040043108000,23.6,1,23.55,5,23.6,17,1,2021-12-23 09:00:40
1640250040164786000,23.6,10,23.55,6,23.6,7,1,2021-12-23 09:00:40
1640250040185647000,23.6,7,23.55,6,23.65,4,1,2021-12-23 09:00:40
1640250040467541000,23.65,2,23.6,6,23.65,2,1,2021-12-23 09:00:40
1640250041635742000,23.65,1,23.6,7,23.65,12,1,2021-12-23 09:00:41
1640250041678113000,23.65,1,23.6,7,23.65,11,1,2021-12-23 09:00:41
1640250042405080000,23.6,1,23.6,7,23.65,11,2,2021-12-23 09:00:42
1640250042638693000,23.65,5,23.6,8,23.65,6,1,2021-12-23 09:00:42
1640250043630083000,23.65,1,23.6,17,23.65,5,1,2021-12-23 09:00:43
1640250044165517000,23.65,1,23.6,17,23.65,4,1,2021-12-23 09:00:44
1640250044311117000,23.65,1,23.6,17,23.65,3,1,2021-12-23 09:00:44
1640250044912570000,23.65,2,23.6,17,23.65,4,1,2021-12-23 09:00:44
1640250046285300000,23.65,1,23.6,17,23.65,4,1,2021-12-23 09:00:46
1640250047009195000,23.65,1,23.6,19,23.65,3,1,2021-12-23 09:00:47
1640250047367160000,23.6,1,23.6,18,23.65,23,2,2021-12-23 09:00:47
1640250047615653000,23.6,12,23.6,6,23.65,23,2,2021-12-23 09:00:47
1640250048125895000,23.65,3,23.6,24,23.65,20,1,2021-12-23 09:00:48
1640250048317223000,23.65,1,23.6,24,23.65,19,1,2021-12-23 09:00:48
1640250049657141000,23.65,1,23.6,57,23.65,19,1,2021-12-23 09:00:49
1640250049972745000,23.65,5,23.6,57,23.65,14,1,2021-12-23 09:00:49
1640250050172970000,23.65,1,23.6,57,23.65,13,1,2021-12-23 09:00:50
1640250050549730000,23.65,3,23.6,67,23.65,10,1,2021-12-23 09:00:50
1640250050794674000,23.65,1,23.6,67,23.65,9,1,2021-12-23 09:00:50
1640250050817283000,23.65,1,23.6,67,23.65,9,1,2021-12-23 09:00:50
1640250050829234000,23.65,5,23.6,67,23.65,4,1,2021-12-23 09:00:50
1640250050871971000,23.6,2,23.6,65,23.65,4,2,2021-12-23 09:00:50
1640250051039616000,23.65,1,23.6,65,23.65,3,1,2021-12-23 09:00:51
1640250051117116000,23.65,2,23.6,65,23.65,1,1,2021-12-23 09:00:51
1640250051457780000,23.65,1,23.6,66,23.7,100,1,2021-12-23 09:00:51
1640250052777137000,23.65,5,23.65,5,23.7,100,2,2021-12-23 09:00:52
1640250053017637000,23.7,1,23.65,5,23.7,99,1,2021-12-23 09:00:53
1640250053043450000,23.65,5,23.6,66,23.7,99,2,2021-12-23 09:00:53
1640250053726586000,23.65,3,23.6,66,23.65,7,2,2021-12-23 09:00:53
1640250054074439000,23.65,2,23.6,66,23.65,5,1,2021-12-23 09:00:54
1640250054082060000,23.65,5,23.6,66,23.7,95,1,2021-12-23 09:00:54
1640250054082060000,23.7,5,23.6,66,23.7,95,1,2021-12-23 09:00:54
1640250054348344000,23.65,1,23.65,4,23.7,95,2,2021-12-23 09:00:54
1640250054816892000,23.65,2,23.65,2,23.7,95,2,2021-12-23 09:00:54
1640250054845506000,23.65,1,23.65,1,23.7,95,2,2021-12-23 09:00:54
1640250054846420000,23.65,1,23.6,67,23.65,2,2,2021-12-23 09:00:54
1640250055418592000,23.65,1,23.6,67,23.65,1,1,2021-12-23 09:00:55
1640250055504165000,23.65,1,23.6,67,23.7,47,1,2021-12-23 09:00:55
1640250055504165000,23.7,49,23.6,67,23.7,47,1,2021-12-23 09:00:55
1640250055661111000,23.65,1,23.65,2,23.7,47,2,2021-12-23 09:00:55
1640250055824340000,23.7,6,23.65,7,23.7,41,1,2021-12-23 09:00:55
1640250055970947000,23.65,1,23.65,6,23.7,41,2,2021-12-23 09:00:55
1640250056871878000,23.7,2,23.65,15,23.7,39,1,2021-12-23 09:00:56
1640250057132020000,23.7,1,23.65,15,23.7,38,1,2021-12-23 09:00:57
1640250057262873000,23.65,9,23.65,6,23.7,38,2,2021-12-23 09:00:57
1640250057951813000,23.7,1,23.65,6,23.7,37,1,2021-12-23 09:00:57
1640250058173926000,23.7,5,23.65,13,23.7,32,1,2021-12-23 09:00:58
1640250058187974000,23.65,1,23.65,12,23.7,32,2,2021-12-23 09:00:58
1640250058717782000,23.7,5,23.65,15,23.7,27,1,2021-12-23 09:00:58
1640250059245147000,23.7,13,23.65,15,23.7,14,1,2021-12-23 09:00:59
1640250059508143000,23.65,2,23.65,15,23.7,14,2,2021-12-23 09:00:59
1640250059535159000,23.7,2,23.65,15,23.7,12,1,2021-12-23 09:00:59
1640250059669563000,23.7,10,23.65,15,23.7,2,1,2021-12-23 09:00:59
1640250059894388000,23.65,11,23.65,5,23.7,2,2,2021-12-23 09:00:59
1640250060068832000,23.7,2,23.65,6,23.8,105,1,2021-12-23 09:01:00
1640250060068832000,23.75,8,23.65,6,23.8,105,1,2021-12-23 09:01:00
1640250060068832000,23.8,7,23.65,6,23.8,105,1,2021-12-23 09:01:00
1640250060377325000,23.7,1,23.65,17,23.7,9,2,2021-12-23 09:01:00
1640250060500383000,23.7,1,23.65,17,23.7,8,1,2021-12-23 09:01:00
1640250060569968000,23.65,8,23.65,10,23.7,8,2,2021-12-23 09:01:00
1640250060603515000,23.65,4,23.65,6,23.7,8,2,2021-12-23 09:01:00
1640250060757919000,23.7,2,23.65,6,23.7,6,1,2021-12-23 09:01:00
1640250061190753000,23.7,2,23.65,7,23.7,4,1,2021-12-23 09:01:01
1640250061657153000,23.7,1,23.65,8,23.7,3,1,2021-12-23 09:01:01
1640250063973129000,23.7,1,23.65,15,23.7,2,1,2021-12-23 09:01:03
1640250064583626000,23.7,1,23.65,15,23.7,6,1,2021-12-23 09:01:04
1640250064841478000,23.7,1,23.65,30,23.7,5,1,2021-12-23 09:01:04
1640250064949223000,23.7,4,23.65,30,23.7,1,1,2021-12-23 09:01:04
1640250064965839000,23.7,1,23.65,30,23.8,104,1,2021-12-23 09:01:04
1640250064965839000,23.75,8,23.65,30,23.8,104,1,2021-12-23 09:01:04
1640250064965839000,23.8,1,23.65,30,23.8,104,1,2021-12-23 09:01:04
1640250065335367000,23.7,1,23.7,1,23.8,104,1,2021-12-23 09:01:05
1640250066008607000,23.7,1,23.7,15,23.8,104,2,2021-12-23 09:01:06
1640250066476566000,23.8,1,23.7,16,23.8,103,1,2021-12-23 09:01:06
1640250066504105000,23.7,8,23.7,8,23.8,103,2,2021-12-23 09:01:06
1640250068792847000,23.7,1,23.7,33,23.75,5,2,2021-12-23 09:01:08
1640250073590971000,23.75,1,23.7,61,23.75,25,1,2021-12-23 09:01:13
1640250075577910000,23.75,10,23.7,93,23.75,15,1,2021-12-23 09:01:15
1640250075820648000,23.75,1,23.7,93,23.75,19,1,2021-12-23 09:01:15
1640250076637142000,23.75,1,23.7,93,23.75,18,1,2021-12-23 09:01:16
1640250077263816000,23.7,1,23.7,93,23.75,18,2,2021-12-23 09:01:17
1640250077599518000,23.75,5,23.7,93,23.75,23,1,2021-12-23 09:01:17
1640250077628040000,23.75,2,23.7,93,23.75,21,1,2021-12-23 09:01:17
1640250077849803000,23.75,4,23.7,93,23.75,17,1,2021-12-23 09:01:17
1640250079341536000,23.75,1,23.7,116,23.75,16,1,2021-12-23 09:01:19
1640250079566372000,23.75,1,23.7,116,23.75,15,1,2021-12-23 09:01:19
1640250079567746000,23.75,2,23.7,116,23.75,13,1,2021-12-23 09:01:19
1640250079707704000,23.7,1,23.7,115,23.75,13,2,2021-12-23 09:01:19
1640250079750136000,23.7,1,23.7,114,23.75,13,2,2021-12-23 09:01:19
1640250080863197000,23.75,1,23.7,114,23.75,12,1,2021-12-23 09:01:20
1640250081439037000,23.75,5,23.7,114,23.75,7,1,2021-12-23 09:01:21
1640250082529738000,23.7,1,23.7,113,23.75,17,2,2021-12-23 09:01:22
1640250082613940000,23.75,1,23.7,113,23.75,16,1,2021-12-23 09:01:22
1640250083173220000,23.7,100,23.7,13,23.75,16,2,2021-12-23 09:01:23
1640250083209893000,23.7,10,23.65,44,23.75,16,2,2021-12-23 09:01:23
1640250083209933000,23.7,3,23.65,44,23.75,16,2,2021-12-23 09:01:23
1640250084291186000,23.7,2,23.65,44,23.7,1,1,2021-12-23 09:01:24
1640250084459293000,23.7,1,23.65,44,23.75,16,1,2021-12-23 09:01:24
1640250084835337000,23.75,1,23.7,10,23.75,15,1,2021-12-23 09:01:24
1640250085029122000,23.7,10,23.65,43,23.75,15,2,2021-12-23 09:01:25
1640250085054842000,23.65,1,23.65,42,23.75,15,2,2021-12-23 09:01:25
1640250085210894000,23.75,10,23.65,42,23.75,5,1,2021-12-23 09:01:25
1640250085540051000,23.7,1,23.65,42,23.7,3,2,2021-12-23 09:01:25
1640250085633786000,23.65,10,23.65,32,23.7,4,2,2021-12-23 09:01:25
1640250085667290000,23.65,1,23.65,31,23.7,4,2,2021-12-23 09:01:25
1640250085788007000,23.65,1,23.65,30,23.7,4,2,2021-12-23 09:01:25
1640250085838995000,23.7,1,23.65,30,23.7,3,1,2021-12-23 09:01:25
1640250085888037000,23.7,2,23.65,30,23.7,1,1,2021-12-23 09:01:25
1640250085893919000,23.65,2,23.65,28,23.7,1,2,2021-12-23 09:01:25
1640250085935141000,23.65,5,23.65,23,23.7,1,2,2021-12-23 09:01:25
1640250085950558000,23.65,23,23.6,8,23.7,1,2,2021-12-23 09:01:25
1640250085950558000,23.6,19,23.6,8,23.7,1,2,2021-12-23 09:01:25
1640250086025618000,23.6,5,23.6,3,23.65,5,2,2021-12-23 09:01:26
1640250086057641000,23.6,3,23.55,15,23.6,2,2,2021-12-23 09:01:26
1640250086247670000,23.6,2,23.55,15,23.75,1,1,2021-12-23 09:01:26
1640250086247670000,23.65,5,23.55,15,23.75,1,1,2021-12-23 09:01:26
1640250086247670000,23.7,1,23.55,15,23.75,1,1,2021-12-23 09:01:26
1640250086247670000,23.75,8,23.55,15,23.75,1,1,2021-12-23 09:01:26
1640250087362251000,23.65,1,23.6,1,23.65,2,1,2021-12-23 09:01:27
1640250088340656000,23.65,1,23.6,3,23.65,4,1,2021-12-23 09:01:28
1640250088442020000,23.65,1,23.6,3,23.65,3,1,2021-12-23 09:01:28
1640250089565528000,23.65,1,23.6,3,23.65,2,1,2021-12-23 09:01:29
1640250090149276000,23.65,2,23.6,3,23.7,22,1,2021-12-23 09:01:30
1640250090149276000,23.7,3,23.6,3,23.7,22,1,2021-12-23 09:01:30
1640250090149802000,23.7,1,23.6,3,23.7,22,1,2021-12-23 09:01:30
1640250090392574000,23.6,2,23.6,1,23.7,22,2,2021-12-23 09:01:30
1640250090705885000,23.6,1,23.55,13,23.6,1,2,2021-12-23 09:01:30
1640250090788748000,23.6,1,23.55,13,23.65,1,1,2021-12-23 09:01:30
1640250091191902000,23.65,1,23.55,13,23.7,22,1,2021-12-23 09:01:31
1640250091197708000,23.55,5,23.55,8,23.7,22,2,2021-12-23 09:01:31
1640250091523808000,23.55,6,23.55,2,23.7,23,2,2021-12-23 09:01:31
1640250092967787000,23.65,1,23.5,69,23.65,2,1,2021-12-23 09:01:32
1640250093817515000,23.55,1,23.5,69,23.55,4,2,2021-12-23 09:01:33
1640250094127064000,23.5,69,23.45,117,23.55,4,2,2021-12-23 09:01:34
1640250094127064000,23.45,51,23.45,117,23.55,4,2,2021-12-23 09:01:34
1640250094639295000,23.5,2,23.45,117,23.5,6,1,2021-12-23 09:01:34
1640250095825552000,23.5,1,23.45,117,23.5,6,1,2021-12-23 09:01:35
1640250097331138000,23.45,5,23.45,114,23.5,6,2,2021-12-23 09:01:37
1640250097568737000,23.45,1,23.45,113,23.5,6,2,2021-12-23 09:01:37
1640250098594356000,23.5,1,23.45,113,23.5,6,1,2021-12-23 09:01:38
1640250098832051000,23.5,5,23.45,113,23.5,1,1,2021-12-23 09:01:38
1640250098949242000,23.45,3,23.45,110,23.5,1,2,2021-12-23 09:01:38
1640250099434687000,23.45,2,23.45,110,23.5,1,2,2021-12-23 09:01:39
1640250099468270000,23.45,1,23.45,109,23.5,1,2,2021-12-23 09:01:39
1640250100296452000,23.45,1,23.45,108,23.5,1,2,2021-12-23 09:01:40
1640250100700834000,23.5,1,23.45,108,23.55,6,1,2021-12-23 09:01:40
1640250102247048000,23.5,1,23.45,104,23.55,7,2,2021-12-23 09:01:42
1640250102247048000,23.45,4,23.45,104,23.55,7,2,2021-12-23 09:01:42
1640250105606960000,23.5,5,23.45,107,23.5,1,1,2021-12-23 09:01:45
1640250105789413000,23.45,5,23.45,104,23.5,1,2,2021-12-23 09:01:45
1640250105820461000,23.45,1,23.45,103,23.5,1,2,2021-12-23 09:01:45
1640250106356162000,23.45,40,23.45,63,23.5,1,2,2021-12-23 09:01:46
1640250106385950000,23.45,1,23.45,62,23.5,1,2,2021-12-23 09:01:46
1640250106391437000,23.45,1,23.45,61,23.5,1,2,2021-12-23 09:01:46
1640250106396555000,23.45,1,23.45,60,23.5,1,2,2021-12-23 09:01:46
1640250106402527000,23.45,1,23.45,59,23.5,1,2,2021-12-23 09:01:46
1640250106828880000,23.45,20,23.45,39,23.5,1,2,2021-12-23 09:01:46
1640250106853976000,23.45,5,23.45,34,23.5,1,2,2021-12-23 09:01:46
1640250106892511000,23.5,1,23.45,34,23.55,7,1,2021-12-23 09:01:46
1640250107287880000,23.45,1,23.45,33,23.55,7,2,2021-12-23 09:01:47
1640250107431667000,23.45,6,23.45,37,23.55,7,2,2021-12-23 09:01:47
1640250107437229000,23.55,2,23.45,37,23.55,5,1,2021-12-23 09:01:47
1640250108263107000,23.45,10,23.45,32,23.5,1,2,2021-12-23 09:01:48
1640250108821034000,23.45,2,23.45,30,23.5,16,2,2021-12-23 09:01:48
1640250109145464000,23.45,2,23.45,28,23.5,16,2,2021-12-23 09:01:49
1640250109219609000,23.45,10,23.45,18,23.5,16,2,2021-12-23 09:01:49
1640250109258204000,23.45,2,23.45,16,23.5,16,2,2021-12-23 09:01:49
1640250109755752000,23.45,1,23.45,15,23.5,16,2,2021-12-23 09:01:49
1640250110064187000,23.45,1,23.45,14,23.5,16,2,2021-12-23 09:01:50
1640250110301687000,23.45,1,23.45,13,23.5,16,2,2021-12-23 09:01:50
1640250110650597000,23.45,2,23.45,12,23.5,16,2,2021-12-23 09:01:50
1640250110977846000,23.45,5,23.45,7,23.5,19,2,2021-12-23 09:01:50
1640250111011308000,23.45,7,23.4,13,23.5,19,2,2021-12-23 09:01:51
1640250111236246000,23.4,5,23.4,8,23.45,2,2,2021-12-23 09:01:51
1640250111268327000,23.4,1,23.4,7,23.45,2,2,2021-12-23 09:01:51
1640250111355073000,23.4,3,23.4,4,23.45,4,2,2021-12-23 09:01:51
1640250111420243000,23.4,1,23.4,3,23.45,4,2,2021-12-23 09:01:51
1640250111547299000,23.4,1,23.4,2,23.45,6,2,2021-12-23 09:01:51
1640250111575257000,23.4,2,23.35,6,23.45,6,2,2021-12-23 09:01:51
1640250111583913000,23.45,6,23.35,6,23.5,15,1,2021-12-23 09:01:51
1640250111583913000,23.5,4,23.35,6,23.5,15,1,2021-12-23 09:01:51
1640250111982419000,23.45,1,23.35,5,23.45,4,1,2021-12-23 09:01:51
1640250112252478000,23.45,1,23.35,5,23.45,13,1,2021-12-23 09:01:52
1640250113122665000,23.45,2,23.35,6,23.45,15,1,2021-12-23 09:01:53
1640250116398149000,23.35,3,23.35,3,23.4,3,2,2021-12-23 09:01:56
1640250116647119000,23.4,2,23.35,3,23.4,1,1,2021-12-23 09:01:56
1640250116861553000,23.4,1,23.35,3,23.45,20,1,2021-12-23 09:01:56
1640250116861553000,23.45,1,23.35,3,23.45,20,1,2021-12-23 09:01:56
1640250116901334000,23.35,3,23.3,24,23.45,20,2,2021-12-23 09:01:56
1640250116901334000,23.3,2,23.3,24,23.45,20,2,2021-12-23 09:01:56
1640250117278838000,23.3,1,23.3,21,23.4,1,2,2021-12-23 09:01:57
1640250117788625000,23.3,5,23.3,16,23.4,1,2,2021-12-23 09:01:57
1640250117834726000,23.35,1,23.4,1,23.45,21,1,2021-12-23 09:01:57
1640250117834726000,23.4,1,23.4,1,23.45,21,1,2021-12-23 09:01:57
1640250117868004000,23.4,1,23.3,16,23.45,21,2,2021-12-23 09:01:57
1640250118024043000,23.4,1,23.3,16,23.45,51,1,2021-12-23 09:01:58
1640250118483599000,23.3,10,23.3,6,23.45,51,2,2021-12-23 09:01:58
1640250118642543000,23.4,1,23.3,6,23.45,51,1,2021-12-23 09:01:58
1640250118857852000,23.3,1,23.3,5,23.45,51,2,2021-12-23 09:01:58
1640250119668516000,23.45,1,23.3,5,23.45,50,1,2021-12-23 09:01:59
1640250120897210000,23.35,1,23.3,5,23.4,1,2,2021-12-23 09:02:00
1640250123092821000,23.3,5,23.25,4,23.3,5,2,2021-12-23 09:02:03
1640250124169978000,23.3,1,23.25,3,23.3,4,1,2021-12-23 09:02:04
1640250124318587000,23.3,2,23.25,3,23.3,2,1,2021-12-23 09:02:04
1640250124347338000,23.3,2,23.25,3,23.35,2,1,2021-12-23 09:02:04
1640250124616219000,23.35,2,23.25,4,23.4,6,1,2021-12-23 09:02:04
1640250124947424000,23.25,1,23.25,3,23.4,6,2,2021-12-23 09:02:04
1640250125413342000,23.4,5,23.25,3,23.4,10,1,2021-12-23 09:02:05
1640250126159112000,23.25,3,23.2,69,23.4,10,2,2021-12-23 09:02:06
1640250126159112000,23.2,5,23.2,69,23.4,10,2,2021-12-23 09:02:06
1640250126710520000,23.3,1,23.2,69,23.25,1,2,2021-12-23 09:02:06
1640250126735851000,23.25,1,23.2,69,23.35,1,1,2021-12-23 09:02:06
1640250127550065000,23.3,1,23.2,69,23.35,1,2,2021-12-23 09:02:07
1640250127813691000,23.2,2,23.2,67,23.3,10,2,2021-12-23 09:02:07
1640250129499209000,23.3,10,23.2,70,23.35,1,1,2021-12-23 09:02:09
1640250129639767000,23.3,1,23.3,4,23.35,2,1,2021-12-23 09:02:09
1640250131848404000,23.3,1,23.3,4,23.35,2,2,2021-12-23 09:02:11
1640250132093069000,23.3,1,23.3,3,23.35,2,2,2021-12-23 09:02:12
1640250133298824000,23.35,1,23.3,3,23.35,1,1,2021-12-23 09:02:13
1640250133356198000,23.3,1,23.3,2,23.35,1,2,2021-12-23 09:02:13
1640250134303567000,23.3,2,23.25,12,23.35,1,2,2021-12-23 09:02:14
1640250134882763000,23.25,14,23.2,68,23.35,1,2,2021-12-23 09:02:14
1640250134882763000,23.2,6,23.2,68,23.35,1,2,2021-12-23 09:02:14
1640250135052966000,23.3,2,23.2,68,23.3,1,1,2021-12-23 09:02:15
1640250135733075000,23.2,1,23.2,67,23.3,1,2,2021-12-23 09:02:15
1640250135825810000,23.2,10,23.2,57,23.3,1,2,2021-12-23 09:02:15
1640250136075846000,23.25,1,23.25,2,23.3,1,1,2021-12-23 09:02:16
1640250136409908000,23.25,2,23.2,4,23.3,1,2,2021-12-23 09:02:16
1640250136409908000,23.2,53,23.2,4,23.3,1,2,2021-12-23 09:02:16
1640250137442241000,23.25,3,23.2,4,23.25,2,1,2021-12-23 09:02:17
1640250137481518000,23.25,1,23.2,4,23.25,1,1,2021-12-23 09:02:17
1640250137485692000,23.25,1,23.2,4,23.4,10,1,2021-12-23 09:02:17
1640250137485692000,23.3,2,23.2,4,23.4,10,1,2021-12-23 09:02:17
1640250137485692000,23.35,1,23.2,4,23.4,10,1,2021-12-23 09:02:17
1640250137485692000,23.4,1,23.2,4,23.4,10,1,2021-12-23 09:02:17
1640250138372537000,23.3,5,23.3,3,23.4,1,2,2021-12-23 09:02:18
1640250139052700000,23.3,1,23.3,2,23.4,1,2,2021-12-23 09:02:19
1640250139082915000,23.3,2,23.2,38,23.35,3,2,2021-12-23 09:02:19
1640250140076152000,23.3,1,23.2,39,23.35,3,2,2021-12-23 09:02:20
1640250140076152000,23.2,1,23.2,39,23.35,3,2,2021-12-23 09:02:20
1640250142867862000,23.25,1,23.25,3,23.35,5,2,2021-12-23 09:02:22
1640250144085308000,23.25,9,23.2,45,23.35,6,2,2021-12-23 09:02:24
1640250144085308000,23.2,1,23.2,45,23.35,6,2,2021-12-23 09:02:24
1640250144194818000,23.2,1,23.2,44,23.3,1,2,2021-12-23 09:02:24
1640250146371908000,23.25,1,23.25,3,23.3,2,2,2021-12-23 09:02:26
1640250147637822000,23.3,2,23.25,3,23.35,11,1,2021-12-23 09:02:27
1640250149058585000,23.25,7,23.2,78,23.35,11,2,2021-12-23 09:02:29
1640250149058585000,23.2,3,23.2,78,23.35,11,2,2021-12-23 09:02:29
1640250149109738000,23.25,1,23.2,78,23.35,11,2,2021-12-23 09:02:29
1640250149936450000,23.35,1,23.25,10,23.35,10,1,2021-12-23 09:02:29
1640250150069093000,23.25,5,23.25,5,23.3,1,2,2021-12-23 09:02:30
1640250152277747000,23.3,1,23.25,5,23.35,9,1,2021-12-23 09:02:32
1640250152277747000,23.35,1,23.25,5,23.35,9,1,2021-12-23 09:02:32
1640250153703017000,23.35,1,23.25,5,23.35,8,1,2021-12-23 09:02:33
1640250154057695000,23.25,1,23.25,8,23.35,8,2,2021-12-23 09:02:34
1640250155696994000,23.3,1,23.25,15,23.3,2,1,2021-12-23 09:02:35
1640250155732522000,23.3,2,23.25,15,23.35,8,1,2021-12-23 09:02:35
1640250158447430000,23.35,8,23.3,10,23.4,20,1,2021-12-23 09:02:38
1640250158469523000,23.3,7,23.3,3,23.4,20,2,2021-12-23 09:02:38
1640250158638495000,23.3,1,23.3,2,23.4,20,2,2021-12-23 09:02:38
1640250158763335000,23.4,1,23.3,2,23.4,19,1,2021-12-23 09:02:38
1640250165179477000,23.3,2,23.3,7,23.35,23,2,2021-12-23 09:02:45
1640250165488841000,23.35,1,23.3,9,23.35,22,1,2021-12-23 09:02:45
1640250166501565000,23.3,1,23.3,14,23.35,23,2,2021-12-23 09:02:46
1640250167815962000,23.35,1,23.3,14,23.35,22,1,2021-12-23 09:02:47
1640250168755160000,23.3,2,23.3,17,23.35,23,2,2021-12-23 09:02:48
1640250171420178000,23.3,24,23.25,31,23.3,6,2,2021-12-23 09:02:51
1640250171561337000,23.3,1,23.25,31,23.3,5,1,2021-12-23 09:02:51
1640250171683315000,23.3,5,23.25,31,23.35,20,1,2021-12-23 09:02:51
1640250171683315000,23.35,5,23.25,31,23.35,20,1,2021-12-23 09:02:51
1640250171765989000,23.3,1,23.3,4,23.35,20,1,2021-12-23 09:02:51
1640250172595026000,23.3,6,23.25,31,23.3,24,2,2021-12-23 09:02:52
1640250172623925000,23.25,1,23.25,30,23.3,24,2,2021-12-23 09:02:52
1640250172936269000,23.3,2,23.25,30,23.3,22,1,2021-12-23 09:02:52
1640250173863858000,23.3,5,23.25,30,23.3,18,1,2021-12-23 09:02:53
1640250174009817000,23.3,1,23.25,30,23.3,22,1,2021-12-23 09:02:54
1640250174673938000,23.3,1,23.25,30,23.3,21,1,2021-12-23 09:02:54
1640250174706907000,23.3,1,23.25,30,23.3,20,1,2021-12-23 09:02:54
1640250174747307000,23.3,2,23.25,30,23.3,18,1,2021-12-23 09:02:54
1640250176284698000,23.25,1,23.25,29,23.3,19,2,2021-12-23 09:02:56
1640250176329616000,23.25,2,23.25,27,23.3,19,2,2021-12-23 09:02:56
1640250177678035000,23.25,27,23.2,87,23.25,3,2,2021-12-23 09:02:57
1640250177704535000,23.2,1,23.2,86,23.25,3,2,2021-12-23 09:02:57
1640250177972353000,23.25,3,23.2,86,23.3,25,1,2021-12-23 09:02:57
1640250178672061000,23.25,3,23.2,86,23.3,25,2,2021-12-23 09:02:58
1640250178750866000,23.25,1,23.2,86,23.3,25,2,2021-12-23 09:02:58
1640250180105809000,23.25,3,23.2,59,23.25,27,1,2021-12-23 09:03:00
1640250180200692000,23.2,1,23.2,58,23.25,27,2,2021-12-23 09:03:00
1640250180302380000,23.25,1,23.2,58,23.25,26,1,2021-12-23 09:03:00
1640250180839277000,23.25,2,23.2,58,23.25,24,1,2021-12-23 09:03:00
1640250181961961000,23.25,3,23.2,63,23.25,21,1,2021-12-23 09:03:01
1640250181988020000,23.25,2,23.2,63,23.25,19,1,2021-12-23 09:03:01
1640250182142285000,23.25,2,23.2,63,23.25,17,1,2021-12-23 09:03:02
1640250182298193000,23.25,2,23.2,63,23.25,15,1,2021-12-23 09:03:02
1640250182489118000,23.25,2,23.2,63,23.25,13,1,2021-12-23 09:03:02
1640250182513651000,23.2,1,23.2,62,23.25,13,2,2021-12-23 09:03:02
1640250185502478000,23.25,1,23.2,64,23.25,14,1,2021-12-23 09:03:05
1640250186214207000,23.2,1,23.2,63,23.25,14,2,2021-12-23 09:03:06
1640250186644453000,23.2,1,23.2,62,23.25,15,2,2021-12-23 09:03:06
1640250186680434000,23.2,1,23.2,61,23.25,15,2,2021-12-23 09:03:06
1640250186867824000,23.25,10,23.2,61,23.25,5,1,2021-12-23 09:03:06
1640250186944813000,23.2,1,23.2,60,23.25,5,2,2021-12-23 09:03:06
1640250187238616000,23.25,1,23.2,60,23.25,4,1,2021-12-23 09:03:07
1640250187616705000,23.25,2,23.2,61,23.25,2,1,2021-12-23 09:03:07
1640250187652555000,23.25,1,23.2,61,23.25,1,1,2021-12-23 09:03:07
1640250187896645000,23.2,1,23.2,60,23.25,1,2,2021-12-23 09:03:07
1640250188303493000,23.25,1,23.2,60,23.3,20,1,2021-12-23 09:03:08
1640250190694858000,23.25,1,23.25,3,23.3,20,2,2021-12-23 09:03:10
1640250190733546000,23.25,1,23.25,2,23.3,20,2,2021-12-23 09:03:10
1640250192110288000,23.25,4,23.2,68,23.3,20,2,2021-12-23 09:03:12
1640250192765265000,23.25,1,23.25,3,23.3,21,2,2021-12-23 09:03:12
1640250195942802000,23.25,1,23.25,3,23.3,22,2,2021-12-23 09:03:15
1640250196032876000,23.25,2,23.25,1,23.3,22,2,2021-12-23 09:03:16
1640250201829368000,23.25,5,23.25,43,23.3,29,2,2021-12-23 09:03:21
1640250204035362000,23.25,1,23.25,48,23.3,34,2,2021-12-23 09:03:24
1640250205318471000,23.25,5,23.25,43,23.3,29,2,2021-12-23 09:03:25
1640250205343972000,23.25,1,23.25,42,23.3,29,2,2021-12-23 09:03:25
1640250205863299000,23.3,1,23.25,43,23.3,29,1,2021-12-23 09:03:25
1640250206441335000,23.25,1,23.25,42,23.3,29,2,2021-12-23 09:03:26
1640250209104196000,23.25,1,23.25,53,23.3,28,2,2021-12-23 09:03:29
1640250210899402000,23.25,1,23.25,53,23.3,28,2,2021-12-23 09:03:30
1640250211396374000,23.3,10,23.25,58,23.3,18,1,2021-12-23 09:03:31
1640250212733185000,23.25,8,23.25,50,23.3,18,2,2021-12-23 09:03:32
1640250212747945000,23.3,1,23.25,50,23.3,17,1,2021-12-23 09:03:32
1640250212758153000,23.25,1,23.25,49,23.3,17,2,2021-12-23 09:03:32
1640250212780031000,23.3,2,23.25,49,23.3,15,1,2021-12-23 09:03:32
1640250213114145000,23.3,3,23.25,49,23.3,12,1,2021-12-23 09:03:33
1640250215747289000,23.3,1,23.25,53,23.3,11,1,2021-12-23 09:03:35
1640250215773475000,23.3,11,23.25,53,23.35,9,1,2021-12-23 09:03:35
1640250216627160000,23.3,1,23.25,53,23.35,9,1,2021-12-23 09:03:36
1640250217173482000,23.25,1,23.25,52,23.35,9,2,2021-12-23 09:03:37
1640250219492802000,23.35,9,23.3,1,23.4,28,1,2021-12-23 09:03:39
1640250219492802000,23.4,1,23.3,1,23.4,28,1,2021-12-23 09:03:39
1640250219882130000,23.4,2,23.3,1,23.4,26,1,2021-12-23 09:03:39
1640250228085694000,23.35,4,23.3,15,23.4,25,1,2021-12-23 09:03:48
1640250228085694000,23.4,1,23.3,15,23.4,25,1,2021-12-23 09:03:48
1640250228601044000,23.3,2,23.3,13,23.4,25,2,2021-12-23 09:03:48
1640250235958122000,23.35,3,23.35,6,23.4,28,2,2021-12-23 09:03:55
1640250236872803000,23.35,2,23.35,4,23.4,28,2,2021-12-23 09:03:56
1640250240187507000,23.4,5,23.35,5,23.4,34,1,2021-12-23 09:04:00
1640250241264753000,23.4,20,23.35,6,23.4,14,1,2021-12-23 09:04:01
1640250243682597000,23.4,1,23.35,11,23.4,13,1,2021-12-23 09:04:03
1640250244657191000,23.4,5,23.35,12,23.4,8,1,2021-12-23 09:04:04
1640250244685916000,23.4,1,23.35,12,23.4,7,1,2021-12-23 09:04:04
1640250245403390000,23.35,1,23.35,11,23.4,7,2,2021-12-23 09:04:05
1640250249536873000,23.4,1,23.35,13,23.4,7,1,2021-12-23 09:04:09
1640250250160316000,23.4,1,23.35,13,23.4,6,1,2021-12-23 09:04:10
1640250250583363000,23.4,1,23.35,14,23.4,5,1,2021-12-23 09:04:10
1640250251042838000,23.4,1,23.35,17,23.4,4,1,2021-12-23 09:04:11
1640250252220323000,23.4,2,23.35,18,23.4,2,1,2021-12-23 09:04:12
1640250252258359000,23.4,2,23.35,18,23.45,16,1,2021-12-23 09:04:12
1640250252340581000,23.45,7,23.35,18,23.45,9,1,2021-12-23 09:04:12
1640250258221993000,23.45,5,23.4,5,23.45,4,1,2021-12-23 09:04:18
1640250259227022000,23.45,3,23.4,5,23.45,1,1,2021-12-23 09:04:19
1640250259269131000,23.45,1,23.4,5,23.5,81,1,2021-12-23 09:04:19
1640250260594501000,23.5,1,23.4,7,23.5,80,1,2021-12-23 09:04:20
1640250260640123000,23.5,1,23.4,7,23.5,79,1,2021-12-23 09:04:20
1640250262094849000,23.5,1,23.45,3,23.5,78,1,2021-12-23 09:04:22
1640250263748555000,23.5,1,23.45,3,23.5,77,1,2021-12-23 09:04:23
1640250265717688000,23.45,1,23.45,2,23.5,78,2,2021-12-23 09:04:25
1640250265752155000,23.45,2,23.4,19,23.5,78,2,2021-12-23 09:04:25
1640250266817066000,23.45,1,23.4,19,23.45,2,1,2021-12-23 09:04:26
1640250266963878000,23.4,15,23.4,4,23.45,2,2,2021-12-23 09:04:26
1640250267888557000,23.45,1,23.4,4,23.45,1,1,2021-12-23 09:04:27
1640250268871170000,23.45,1,23.4,4,23.5,77,1,2021-12-23 09:04:28
1640250268871170000,23.5,3,23.4,4,23.5,77,1,2021-12-23 09:04:28
1640250270901519000,23.45,1,23.4,6,23.45,11,1,2021-12-23 09:04:30
1640250272814740000,23.45,6,23.4,9,23.45,5,1,2021-12-23 09:04:32
1640250272926522000,23.45,3,23.4,9,23.45,2,1,2021-12-23 09:04:32
1640250273967204000,23.45,5,23.4,9,23.45,2,1,2021-12-23 09:04:33
1640250274463032000,23.4,1,23.4,9,23.45,2,2,2021-12-23 09:04:34
1640250274841349000,23.45,1,23.4,9,23.45,1,1,2021-12-23 09:04:34
1640250275069377000,23.45,1,23.4,9,23.5,84,1,2021-12-23 09:04:35
1640250276707072000,23.45,2,23.4,16,23.45,5,1,2021-12-23 09:04:36
1640250277113207000,23.45,5,23.4,16,23.5,78,1,2021-12-23 09:04:37
1640250277113207000,23.5,5,23.4,16,23.5,78,1,2021-12-23 09:04:37
1640250277745920000,23.45,1,23.4,16,23.5,78,2,2021-12-23 09:04:37
1640250279491242000,23.45,1,23.45,2,23.5,83,2,2021-12-23 09:04:39
1640250279520436000,23.45,2,23.4,16,23.5,83,2,2021-12-23 09:04:39
1640250280351438000,23.5,5,23.45,1,23.5,78,1,2021-12-23 09:04:40
1640250280734751000,23.5,10,23.45,1,23.5,68,1,2021-12-23 09:04:40
1640250285786628000,23.5,1,23.45,3,23.5,69,1,2021-12-23 09:04:45
1640250289030241000,23.5,10,23.45,15,23.5,58,1,2021-12-23 09:04:49
1640250290042069000,23.45,2,23.45,16,23.5,58,2,2021-12-23 09:04:50
1640250292372152000,23.45,5,23.45,12,23.5,58,2,2021-12-23 09:04:52
1640250293909993000,23.5,1,23.45,14,23.5,57,1,2021-12-23 09:04:53
1640250295057321000,23.5,4,23.45,16,23.5,53,1,2021-12-23 09:04:55
1640250295128568000,23.5,4,23.45,16,23.5,49,1,2021-12-23 09:04:55
1640250297875565000,23.45,5,23.45,11,23.5,49,2,2021-12-23 09:04:57
1640250298671578000,23.5,1,23.45,16,23.5,48,1,2021-12-23 09:04:58
1640250299254194000,23.45,1,23.45,15,23.5,49,2,2021-12-23 09:04:59
1640250300189543000,23.45,2,23.45,23,23.5,49,2,2021-12-23 09:05:00
1640250306079050000,23.5,4,23.45,26,23.5,48,1,2021-12-23 09:05:06
1640250310358370000,23.45,5,23.45,22,23.5,48,2,2021-12-23 09:05:10
1640250311927057000,23.45,2,23.45,20,23.5,48,2,2021-12-23 09:05:11
1640250312207872000,23.5,1,23.45,20,23.5,47,1,2021-12-23 09:05:12
1640250316525379000,23.5,3,23.45,26,23.5,45,1,2021-12-23 09:05:16
1640250318836433000,23.5,1,23.45,28,23.5,44,1,2021-12-23 09:05:18
1640250319693226000,23.5,1,23.45,28,23.5,43,1,2021-12-23 09:05:19
1640250320104543000,23.5,1,23.45,29,23.5,42,1,2021-12-23 09:05:20
1640250321339146000,23.5,1,23.45,29,23.5,41,1,2021-12-23 09:05:21
1640250323063523000,23.5,10,23.45,29,23.5,31,1,2021-12-23 09:05:23
1640250324823698000,23.5,1,23.45,29,23.5,30,1,2021-12-23 09:05:24
1640250326138431000,23.5,1,23.45,30,23.5,29,1,2021-12-23 09:05:26
1640250326357528000,23.5,1,23.45,30,23.5,28,1,2021-12-23 09:05:26
1640250326670802000,23.5,1,23.45,30,23.5,27,1,2021-12-23 09:05:26
1640250326883391000,23.5,16,23.45,30,23.5,11,1,2021-12-23 09:05:26
1640250327105292000,23.5,2,23.45,30,23.5,9,1,2021-12-23 09:05:27
1640250328397938000,23.5,5,23.45,30,23.5,4,1,2021-12-23 09:05:28
1640250328428258000,23.5,2,23.45,30,23.5,2,1,2021-12-23 09:05:28
1640250328533484000,23.5,1,23.45,30,23.5,1,1,2021-12-23 09:05:28
1640250328552957000,23.5,1,23.5,9,23.55,5,1,2021-12-23 09:05:28
1640250334343615000,23.5,1,23.5,22,23.55,5,2,2021-12-23 09:05:34
1640250334626562000,23.55,1,23.5,22,23.55,4,1,2021-12-23 09:05:34
1640250334764862000,23.55,3,23.5,22,23.55,1,1,2021-12-23 09:05:34
1640250339279427000,23.55,2,23.55,1,23.6,13,1,2021-12-23 09:05:39
1640250339920647000,23.55,2,23.55,2,23.6,13,2,2021-12-23 09:05:39
1640250340998166000,23.55,1,23.55,4,23.6,13,2,2021-12-23 09:05:40
1640250341268972000,23.55,2,23.55,2,23.6,13,2,2021-12-23 09:05:41
1640250348576839000,23.55,1,23.55,11,23.6,9,2,2021-12-23 09:05:48
1640250350460974000,23.6,1,23.55,14,23.6,8,1,2021-12-23 09:05:50
1640250353923634000,23.6,2,23.55,14,23.6,19,1,2021-12-23 09:05:53
1640250354029756000,23.6,1,23.55,14,23.6,18,1,2021-12-23 09:05:54
1640250354850109000,23.55,2,23.55,12,23.6,19,2,2021-12-23 09:05:54
1640250356203086000,23.6,2,23.55,12,23.6,16,1,2021-12-23 09:05:56
1640250362344709000,23.6,4,23.55,17,23.6,17,1,2021-12-23 09:06:02
1640250362615246000,23.55,12,23.55,5,23.6,17,2,2021-12-23 09:06:02
1640250362645574000,23.55,5,23.5,26,23.6,17,2,2021-12-23 09:06:02
1640250362931258000,23.55,1,23.5,26,23.55,35,1,2021-12-23 09:06:02
1640250365121059000,23.55,1,23.5,26,23.55,36,1,2021-12-23 09:06:05
1640250365601646000,23.5,1,23.5,25,23.55,40,2,2021-12-23 09:06:05
1640250366533270000,23.5,2,23.5,23,23.55,40,2,2021-12-23 09:06:06
1640250366551401000,23.5,9,23.5,14,23.55,40,2,2021-12-23 09:06:06
1640250366616580000,23.5,14,23.45,31,23.55,40,2,2021-12-23 09:06:06
1640250368975453000,23.5,1,23.45,33,23.5,7,1,2021-12-23 09:06:08
1640250369403676000,23.5,1,23.45,33,23.5,6,1,2021-12-23 09:06:09
1640250369430094000,23.45,1,23.45,32,23.5,6,2,2021-12-23 09:06:09
1640250370417557000,23.45,1,23.45,30,23.5,6,2,2021-12-23 09:06:10
1640250370464036000,23.45,1,23.45,29,23.5,6,2,2021-12-23 09:06:10
1640250370804910000,23.45,5,23.45,24,23.5,6,2,2021-12-23 09:06:10
1640250370902017000,23.45,1,23.45,23,23.5,6,2,2021-12-23 09:06:10
1640250372983570000,23.45,5,23.45,18,23.5,11,2,2021-12-23 09:06:12
1640250373322616000,23.5,11,23.45,18,23.55,34,1,2021-12-23 09:06:13
1640250373322616000,23.55,4,23.45,18,23.55,34,1,2021-12-23 09:06:13
1640250374153789000,23.5,4,23.45,18,23.55,31,1,2021-12-23 09:06:14
1640250374153789000,23.55,1,23.45,18,23.55,31,1,2021-12-23 09:06:14
1640250374865912000,23.45,10,23.45,10,23.55,31,2,2021-12-23 09:06:14
1640250376454859000,23.5,1,23.45,11,23.55,31,1,2021-12-23 09:06:16
1640250377953599000,23.5,1,23.45,11,23.5,10,1,2021-12-23 09:06:17
1640250378683077000,23.5,5,23.45,11,23.5,5,1,2021-12-23 09:06:18
1640250378740060000,23.45,1,23.45,10,23.5,5,2,2021-12-23 09:06:18
1640250379782365000,23.5,1,23.45,11,23.5,4,1,2021-12-23 09:06:19
1640250381238227000,23.45,1,23.45,13,23.5,5,2,2021-12-23 09:06:21
1640250381924415000,23.45,1,23.45,12,23.5,6,2,2021-12-23 09:06:21
1640250382939553000,23.45,1,23.45,17,23.5,6,2,2021-12-23 09:06:22
1640250385208246000,23.5,16,23.45,19,23.55,25,1,2021-12-23 09:06:25
1640250385208246000,23.55,4,23.45,19,23.55,25,1,2021-12-23 09:06:25
1640250387184742000,23.5,1,23.45,19,23.55,19,1,2021-12-23 09:06:27
1640250387184742000,23.55,9,23.45,19,23.55,19,1,2021-12-23 09:06:27
1640250393656887000,23.55,1,23.5,2,23.55,31,1,2021-12-23 09:06:33
1640250395272846000,23.5,2,23.5,68,23.55,31,2,2021-12-23 09:06:35
1640250395329455000,23.5,2,23.5,66,23.55,31,2,2021-12-23 09:06:35
1640250395621825000,23.55,5,23.5,66,23.55,26,1,2021-12-23 09:06:35
1640250396570855000,23.55,1,23.5,66,23.55,27,1,2021-12-23 09:06:36
1640250400013258000,23.5,1,23.5,65,23.55,31,2,2021-12-23 09:06:40
1640250411704231000,23.5,7,23.5,65,23.55,32,2,2021-12-23 09:06:51
1640250414554444000,23.55,2,23.5,65,23.55,31,1,2021-12-23 09:06:54
1640250419691384000,23.5,3,23.5,64,23.55,31,2,2021-12-23 09:06:59
1640250420098341000,23.5,4,23.5,60,23.55,33,2,2021-12-23 09:07:00
1640250420761261000,23.5,3,23.5,57,23.55,33,2,2021-12-23 09:07:00
1640250421903749000,23.5,2,23.5,55,23.55,33,2,2021-12-23 09:07:01
1640250422736006000,23.5,3,23.5,54,23.55,33,2,2021-12-23 09:07:02
1640250424762085000,23.55,1,23.5,56,23.55,32,1,2021-12-23 09:07:04
1640250425445708000,23.5,1,23.5,55,23.55,32,2,2021-12-23 09:07:05
1640250428371495000,23.55,1,23.5,55,23.55,34,1,2021-12-23 09:07:08
1640250431690695000,23.5,5,23.5,51,23.55,29,2,2021-12-23 09:07:11
1640250432716973000,23.55,1,23.5,51,23.55,28,1,2021-12-23 09:07:12
1640250433242500000,23.55,1,23.5,51,23.55,27,1,2021-12-23 09:07:13
1640250434770256000,23.5,50,23.5,1,23.55,27,2,2021-12-23 09:07:14
1640250434800558000,23.5,1,23.45,32,23.55,27,2,2021-12-23 09:07:14
1640250437127688000,23.5,1,23.45,32,23.5,55,1,2021-12-23 09:07:17
1640250437352234000,23.5,1,23.45,32,23.5,54,1,2021-12-23 09:07:17
1640250438620066000,23.5,4,23.45,32,23.5,51,1,2021-12-23 09:07:18
1640250439459708000,23.5,3,23.45,32,23.5,48,1,2021-12-23 09:07:19
1640250440675236000,23.45,5,23.45,29,23.5,48,2,2021-12-23 09:07:20
1640250441053484000,23.45,5,23.45,24,23.5,48,2,2021-12-23 09:07:21
1640250441114242000,23.45,1,23.45,22,23.5,48,2,2021-12-23 09:07:21
1640250441114853000,23.45,1,23.45,22,23.5,48,2,2021-12-23 09:07:21
1640250442965116000,23.5,2,23.45,23,23.5,52,1,2021-12-23 09:07:22
1640250443003718000,23.45,23,23.4,57,23.45,7,2,2021-12-23 09:07:23
1640250443035531000,23.4,1,23.4,56,23.45,7,2,2021-12-23 09:07:23
1640250443042609000,23.4,1,23.4,55,23.45,7,2,2021-12-23 09:07:23
1640250443070376000,23.4,1,23.4,54,23.45,7,2,2021-12-23 09:07:23
1640250443081383000,23.4,7,23.4,47,23.45,7,2,2021-12-23 09:07:23
1640250443148358000,23.4,1,23.4,46,23.45,7,2,2021-12-23 09:07:23
1640250444440558000,23.4,10,23.4,36,23.45,12,2,2021-12-23 09:07:24
1640250445211918000,23.4,5,23.4,31,23.45,42,2,2021-12-23 09:07:25
1640250445650300000,23.45,1,23.4,31,23.45,41,1,2021-12-23 09:07:25
1640250445827214000,23.45,1,23.4,30,23.45,40,1,2021-12-23 09:07:25
1640250446517069000,23.4,3,23.4,27,23.45,45,2,2021-12-23 09:07:26
1640250446809102000,23.4,1,23.4,26,23.45,45,2,2021-12-23 09:07:26
1640250447642166000,23.4,5,23.4,21,23.45,45,2,2021-12-23 09:07:27
1640250447738443000,23.4,1,23.4,20,23.45,45,2,2021-12-23 09:07:27
1640250448455939000,23.4,10,23.4,9,23.45,45,2,2021-12-23 09:07:28
1640250448483681000,23.4,9,23.35,35,23.45,45,2,2021-12-23 09:07:28
1640250450379625000,23.4,1,23.35,35,23.4,3,1,2021-12-23 09:07:30
1640250450865776000,23.35,2,23.35,33,23.4,5,2,2021-12-23 09:07:30
1640250452322688000,23.4,4,23.35,33,23.4,1,1,2021-12-23 09:07:32
1640250457639234000,23.4,2,23.35,35,23.4,12,1,2021-12-23 09:07:37
1640250457673937000,23.35,1,23.35,34,23.4,12,2,2021-12-23 09:07:37
1640250458212217000,23.4,1,23.35,34,23.4,11,1,2021-12-23 09:07:38
1640250458304871000,23.35,7,23.35,27,23.4,11,2,2021-12-23 09:07:38
1640250458355868000,23.35,1,23.35,26,23.4,11,2,2021-12-23 09:07:38
1640250459296682000,23.35,2,23.35,24,23.4,11,2,2021-12-23 09:07:39
1640250459358289000,23.35,1,23.35,23,23.4,11,2,2021-12-23 09:07:39
1640250459384282000,23.35,10,23.35,13,23.4,11,2,2021-12-23 09:07:39
1640250459412188000,23.35,1,23.35,12,23.4,11,2,2021-12-23 09:07:39
1640250459784824000,23.35,2,23.35,10,23.4,11,2,2021-12-23 09:07:39
1640250460739358000,23.35,2,23.35,8,23.4,12,2,2021-12-23 09:07:40
1640250461687311000,23.35,1,23.35,7,23.4,12,2,2021-12-23 09:07:41
1640250462088895000,23.35,8,23.3,61,23.35,2,2,2021-12-23 09:07:42
1640250462136361000,23.3,1,23.3,59,23.35,3,2,2021-12-23 09:07:42
1640250462136613000,23.3,1,23.3,59,23.35,3,2,2021-12-23 09:07:42
1640250464429188000,23.3,4,23.3,55,23.35,13,2,2021-12-23 09:07:44
1640250465799683000,23.3,3,23.3,52,23.35,13,2,2021-12-23 09:07:45
1640250466293414000,23.3,1,23.3,50,23.35,3,2,2021-12-23 09:07:46
1640250468154593000,23.3,1,23.3,49,23.35,3,2,2021-12-23 09:07:48
1640250473558736000,23.3,1,23.3,48,23.35,6,2,2021-12-23 09:07:53
1640250473844232000,23.35,1,23.3,48,23.35,5,1,2021-12-23 09:07:53
1640250473887412000,23.3,1,23.3,47,23.35,5,2,2021-12-23 09:07:53
1640250474028178000,23.3,12,23.3,35,23.35,5,2,2021-12-23 09:07:54
1640250474051352000,23.3,1,23.3,34,23.35,5,2,2021-12-23 09:07:54
1640250474078352000,23.3,1,23.3,33,23.35,5,2,2021-12-23 09:07:54
1640250474169617000,23.3,5,23.3,28,23.35,5,2,2021-12-23 09:07:54
1640250474774558000,23.3,1,23.3,28,23.35,5,2,2021-12-23 09:07:54
1640250477108288000,23.3,1,23.3,34,23.35,6,2,2021-12-23 09:07:57
1640250477809520000,23.3,17,23.3,17,23.35,6,2,2021-12-23 09:07:57
1640250479263038000,23.3,2,23.3,16,23.35,6,2,2021-12-23 09:07:59
1640250481024347000,23.3,1,23.3,16,23.35,6,2,2021-12-23 09:08:01
1640250483652170000,23.3,1,23.3,16,23.35,6,2,2021-12-23 09:08:03
1640250483880580000,23.3,2,23.3,14,23.35,6,2,2021-12-23 09:08:03
1640250484299162000,23.35,1,23.3,14,23.35,5,1,2021-12-23 09:08:04
1640250484348469000,23.3,10,23.3,5,23.35,5,2,2021-12-23 09:08:04
1640250484411557000,23.3,1,23.3,4,23.35,5,2,2021-12-23 09:08:04
1640250484472430000,23.3,1,23.3,3,23.35,5,2,2021-12-23 09:08:04
1640250487375067000,23.3,2,23.3,2,23.35,5,2,2021-12-23 09:08:07
1640250487531480000,23.3,2,23.25,94,23.35,5,2,2021-12-23 09:08:07
1640250491156727000,23.3,1,23.25,94,23.3,1,2,2021-12-23 09:08:11
1640250491188848000,23.3,1,23.25,94,23.35,5,1,2021-12-23 09:08:11
1640250493936172000,23.3,3,23.3,15,23.35,5,2,2021-12-23 09:08:13
1640250494254082000,23.3,15,23.25,73,23.35,5,2,2021-12-23 09:08:14
1640250494254082000,23.25,5,23.25,73,23.35,5,2,2021-12-23 09:08:14
1640250494353724000,23.3,1,23.25,73,23.3,2,1,2021-12-23 09:08:14
1640250494933778000,23.25,3,23.25,70,23.3,2,2,2021-12-23 09:08:14
1640250495645620000,23.3,1,23.25,70,23.3,1,1,2021-12-23 09:08:15
1640250499444123000,23.3,1,23.25,69,23.35,5,1,2021-12-23 09:08:19
1640250499606419000,23.25,1,23.25,68,23.35,5,2,2021-12-23 09:08:19
1640250504303069000,23.3,3,23.25,69,23.3,5,1,2021-12-23 09:08:24
1640250506623516000,23.25,1,23.25,68,23.3,5,2,2021-12-23 09:08:26
1640250507684193000,23.25,1,23.25,68,23.3,5,2,2021-12-23 09:08:27
1640250509064249000,23.25,17,23.25,52,23.3,8,2,2021-12-23 09:08:29
1640250509096711000,23.25,1,23.25,51,23.3,8,2,2021-12-23 09:08:29
1640250509123377000,23.25,1,23.25,50,23.3,8,2,2021-12-23 09:08:29
1640250509124356000,23.25,1,23.25,49,23.3,8,2,2021-12-23 09:08:29
1640250510827155000,23.3,1,23.25,50,23.3,7,1,2021-12-23 09:08:30
1640250514791637000,23.25,7,23.25,46,23.3,11,2,2021-12-23 09:08:34
1640250516198813000,23.25,1,23.25,45,23.3,11,2,2021-12-23 09:08:36
1640250518313831000,23.25,1,23.25,44,23.3,11,2,2021-12-23 09:08:38
1640250523004514000,23.25,2,23.25,47,23.3,13,2,2021-12-23 09:08:43
1640250523874638000,23.25,1,23.25,46,23.3,13,2,2021-12-23 09:08:43
1640250529815990000,23.25,1,23.25,51,23.3,12,2,2021-12-23 09:08:49
1640250532006455000,23.25,30,23.25,23,23.3,12,2,2021-12-23 09:08:52
1640250532041540000,23.25,1,23.25,22,23.3,12,2,2021-12-23 09:08:52
1640250532049139000,23.25,1,23.25,21,23.3,12,2,2021-12-23 09:08:52
1640250532065577000,23.25,1,23.25,20,23.3,12,2,2021-12-23 09:08:52
1640250532066349000,23.25,1,23.25,19,23.3,12,2,2021-12-23 09:08:52
1640250532517317000,23.3,2,23.25,19,23.3,10,1,2021-12-23 09:08:52
1640250538158913000,23.25,1,23.25,30,23.3,10,2,2021-12-23 09:08:58
1640250538180080000,23.25,2,23.25,28,23.3,8,2,2021-12-23 09:08:58
1640250539140990000,23.3,2,23.25,28,23.3,7,1,2021-12-23 09:08:59
1640250540823476000,23.25,1,23.25,28,23.3,12,2,2021-12-23 09:09:00
1640250541802018000,23.3,1,23.25,28,23.3,11,1,2021-12-23 09:09:01
1640250542070230000,23.3,1,23.25,28,23.3,10,1,2021-12-23 09:09:02
1640250543809604000,23.25,1,23.25,27,23.3,10,2,2021-12-23 09:09:03
1640250544941168000,23.25,20,23.25,8,23.3,10,2,2021-12-23 09:09:04
1640250545754388000,23.25,1,23.25,9,23.3,10,2,2021-12-23 09:09:05
1640250546719563000,23.25,3,23.25,6,23.3,27,2,2021-12-23 09:09:06
1640250549022437000,23.25,1,23.25,7,23.3,27,2,2021-12-23 09:09:09
1640250549695442000,23.25,2,23.25,6,23.3,27,2,2021-12-23 09:09:09
1640250552570491000,23.25,15,23.25,3,23.3,27,2,2021-12-23 09:09:12
1640250554436057000,23.25,2,23.25,1,23.3,27,2,2021-12-23 09:09:14
1640250557136786000,23.25,4,23.2,91,23.25,1,2,2021-12-23 09:09:17
1640250557174627000,23.25,1,23.2,91,23.3,27,1,2021-12-23 09:09:17
1640250560871425000,23.2,6,23.2,86,23.25,6,2,2021-12-23 09:09:20
1640250560901546000,23.25,1,23.2,86,23.25,5,1,2021-12-23 09:09:20
1640250560933794000,23.2,1,23.2,85,23.25,5,2,2021-12-23 09:09:20
1640250562926916000,23.25,1,23.2,85,23.25,5,1,2021-12-23 09:09:22
1640250564778758000,23.25,1,23.2,85,23.25,15,1,2021-12-23 09:09:24
1640250565647692000,23.25,1,23.2,85,23.25,14,1,2021-12-23 09:09:25
1640250566206510000,23.2,1,23.2,84,23.25,14,2,2021-12-23 09:09:26
1640250566938377000,23.25,1,23.2,84,23.25,13,1,2021-12-23 09:09:26
1640250567850381000,23.25,5,23.2,92,23.25,8,1,2021-12-23 09:09:27
1640250572855883000,23.25,1,23.2,93,23.25,7,1,2021-12-23 09:09:32
1640250574495188000,23.2,2,23.2,91,23.25,9,2,2021-12-23 09:09:34
1640250575898763000,23.2,2,23.2,90,23.25,9,2,2021-12-23 09:09:35
1640250578391155000,23.25,9,23.25,1,23.3,24,1,2021-12-23 09:09:38
1640250580166999000,23.25,1,23.25,5,23.3,24,2,2021-12-23 09:09:40
1640250583567649000,23.25,1,23.25,5,23.3,24,2,2021-12-23 09:09:43
1640250586903111000,23.25,1,23.25,6,23.3,24,2,2021-12-23 09:09:46
1640250591641483000,23.25,1,23.25,28,23.3,24,2,2021-12-23 09:09:51
1640250592034834000,23.3,5,23.25,29,23.3,19,1,2021-12-23 09:09:52
1640250592063666000,23.3,5,23.25,29,23.3,14,1,2021-12-23 09:09:52
1640250592112040000,23.3,14,23.25,29,23.35,11,1,2021-12-23 09:09:52
1640250594899237000,23.3,2,23.25,32,23.35,11,2,2021-12-23 09:09:54
1640250594899237000,23.25,1,23.25,32,23.35,11,2,2021-12-23 09:09:54
1640250598007729000,23.35,1,23.3,2,23.35,10,1,2021-12-23 09:09:58
1640250601266590000,23.3,7,23.25,32,23.3,3,2,2021-12-23 09:10:01
1640250604285808000,23.3,1,23.25,33,23.3,2,1,2021-12-23 09:10:04
1640250604321192000,23.3,2,23.25,33,23.35,5,1,2021-12-23 09:10:04
1640250606480996000,23.25,4,23.25,33,23.35,7,2,2021-12-23 09:10:06
1640250607357329000,23.25,9,23.25,24,23.35,7,2,2021-12-23 09:10:07
1640250608403729000,23.35,5,23.25,25,23.35,2,1,2021-12-23 09:10:08
1640250609722308000,23.35,1,23.25,25,23.35,1,1,2021-12-23 09:10:09
1640250624092644000,23.35,2,23.3,5,23.4,16,1,2021-12-23 09:10:24
1640250630159804000,23.3,1,23.3,5,23.4,18,2,2021-12-23 09:10:30
1640250633176098000,23.3,1,23.3,5,23.4,13,2,2021-12-23 09:10:33
1640250635031077000,23.3,1,23.3,5,23.4,13,2,2021-12-23 09:10:35
1640250647978737000,23.35,2,23.3,21,23.35,1,1,2021-12-23 09:10:47
1640250651011065000,23.35,3,23.35,2,23.4,11,1,2021-12-23 09:10:51
1640250655152832000,23.35,2,23.3,21,23.35,8,2,2021-12-23 09:10:55
1640250655196582000,23.35,1,23.3,20,23.35,7,1,2021-12-23 09:10:55
1640250655590536000,23.35,1,23.3,20,23.35,6,1,2021-12-23 09:10:55
1640250657888881000,23.3,3,23.3,19,23.35,6,2,2021-12-23 09:10:57
1640250660312608000,23.35,1,23.3,21,23.35,6,1,2021-12-23 09:11:00
1640250665522024000,23.35,3,23.3,25,23.35,3,1,2021-12-23 09:11:05
1640250670997800000,23.35,1,23.3,30,23.35,2,1,2021-12-23 09:11:10
1640250673480348000,23.35,1,23.3,36,23.35,1,1,2021-12-23 09:11:13
1640250676750229000,23.35,1,23.3,35,23.4,11,1,2021-12-23 09:11:16
1640250681930133000,23.35,1,23.3,35,23.4,11,2,2021-12-23 09:11:21
1640250693131012000,23.3,6,23.3,33,23.35,1,2,2021-12-23 09:11:33
1640250694285308000,23.35,1,23.3,33,23.4,11,1,2021-12-23 09:11:34
1640250697249958000,23.35,2,23.3,34,23.35,3,1,2021-12-23 09:11:37
1640250700134893000,23.35,1,23.3,34,23.35,2,1,2021-12-23 09:11:40
1640250701188154000,23.35,1,23.3,34,23.35,1,1,2021-12-23 09:11:41
1640250701607155000,23.35,1,23.3,34,23.4,11,1,2021-12-23 09:11:41
1640250702420148000,23.35,1,23.35,1,23.4,11,2,2021-12-23 09:11:42
1640250705068752000,23.35,1,23.35,1,23.4,11,2,2021-12-23 09:11:45
1640250705754466000,23.35,1,23.3,35,23.4,11,2,2021-12-23 09:11:45
1640250710222636000,23.35,1,23.3,35,23.4,11,2,2021-12-23 09:11:50
1640250711753883000,23.3,5,23.3,30,23.35,1,2,2021-12-23 09:11:51
1640250716041311000,23.35,1,23.3,30,23.4,11,1,2021-12-23 09:11:56
1640250718784393000,23.3,10,23.3,20,23.4,11,2,2021-12-23 09:11:58
1640250719374916000,23.3,1,23.3,19,23.4,11,2,2021-12-23 09:11:59
1640250732760003000,23.3,10,23.3,13,23.35,1,2,2021-12-23 09:12:12
1640250741933330000,23.3,2,23.3,13,23.35,1,2,2021-12-23 09:12:21
1640250742620597000,23.35,1,23.35,1,23.4,13,1,2021-12-23 09:12:22
1640250742648917000,23.35,1,23.3,11,23.4,13,2,2021-12-23 09:12:22
1640250744885723000,23.3,1,23.3,10,23.4,13,2,2021-12-23 09:12:24
1640250745273639000,23.3,5,23.3,5,23.4,13,2,2021-12-23 09:12:25
1640250754098433000,23.3,2,23.3,13,23.35,1,2,2021-12-23 09:12:34
1640250761428603000,23.3,2,23.3,16,23.35,1,2,2021-12-23 09:12:41
1640250768696405000,23.3,2,23.3,15,23.35,3,2,2021-12-23 09:12:48
1640250768855405000,23.3,10,23.3,5,23.35,3,2,2021-12-23 09:12:48
1640250768888401000,23.3,1,23.3,4,23.35,3,2,2021-12-23 09:12:48
1640250769480016000,23.3,4,23.25,53,23.3,11,2,2021-12-23 09:12:49
1640250774748401000,23.3,1,23.25,53,23.3,10,1,2021-12-23 09:12:54
1640250780993117000,23.3,10,23.25,63,23.35,3,1,2021-12-23 09:13:00
1640250788016985000,23.3,1,23.25,46,23.35,3,2,2021-12-23 09:13:08
1640250788016985000,23.25,19,23.25,46,23.35,3,2,2021-12-23 09:13:08
1640250789707771000,23.25,1,23.25,46,23.35,3,2,2021-12-23 09:13:09
1640250805171747000,23.25,7,23.25,41,23.3,1,2,2021-12-23 09:13:25
1640250814108375000,23.25,15,23.25,26,23.3,1,2,2021-12-23 09:13:34
1640250817660763000,23.3,1,23.25,26,23.35,2,1,2021-12-23 09:13:37
1640250818653880000,23.25,1,23.25,25,23.35,2,2,2021-12-23 09:13:38
1640250819410844000,23.25,20,23.25,5,23.35,2,2,2021-12-23 09:13:39
1640250821061540000,23.25,2,23.25,3,23.3,4,2,2021-12-23 09:13:41
1640250822184154000,23.25,3,23.2,122,23.25,2,2,2021-12-23 09:13:42
1640250825714657000,23.25,1,23.2,122,23.25,1,1,2021-12-23 09:13:45
1640250828604624000,23.25,1,23.2,121,23.3,6,1,2021-12-23 09:13:48
1640250845216812000,23.25,20,23.25,4,23.3,13,2,2021-12-23 09:14:05
1640250845249587000,23.25,4,23.2,123,23.3,13,2,2021-12-23 09:14:05
1640250848851335000,23.25,1,23.25,9,23.3,13,2,2021-12-23 09:14:08
1640250861530466000,23.25,1,23.25,14,23.3,13,2,2021-12-23 09:14:21
1640250866731394000,23.25,10,23.25,5,23.3,15,2,2021-12-23 09:14:26
1640250870357356000,23.25,3,23.25,2,23.3,15,2,2021-12-23 09:14:30
1640250872469939000,23.25,1,23.25,1,23.3,15,2,2021-12-23 09:14:32
1640250875640093000,23.25,1,23.2,134,23.3,16,2,2021-12-23 09:14:35
1640250881074059000,23.25,2,23.2,145,23.25,1,1,2021-12-23 09:14:41
1640250881102687000,23.25,1,23.2,145,23.3,14,1,2021-12-23 09:14:41
1640250887550118000,23.25,1,23.2,146,23.25,4,1,2021-12-23 09:14:47
1640250889117840000,23.25,1,23.2,146,23.25,3,1,2021-12-23 09:14:49
1640250889149519000,23.25,3,23.2,146,23.3,14,1,2021-12-23 09:14:49
1640250891282900000,23.25,1,23.2,146,23.3,14,2,2021-12-23 09:14:51
1640250907500956000,23.25,32,23.2,74,23.3,15,2,2021-12-23 09:15:07
1640250907500956000,23.2,68,23.2,74,23.3,15,2,2021-12-23 09:15:07
1640250907655119000,23.25,1,23.25,1,23.3,15,1,2021-12-23 09:15:07
1640250910366467000,23.25,1,23.25,7,23.3,15,2,2021-12-23 09:15:10
1640250912237614000,23.25,1,23.25,6,23.3,15,2,2021-12-23 09:15:12
1640250914209157000,23.25,1,23.25,5,23.3,15,2,2021-12-23 09:15:14
1640250916359216000,23.25,2,23.25,3,23.3,15,2,2021-12-23 09:15:16
1640250918968387000,23.25,1,23.25,5,23.3,15,2,2021-12-23 09:15:18
1640250919518911000,23.25,5,23.2,77,23.3,15,2,2021-12-23 09:15:19
1640250926301539000,23.2,43,23.2,33,23.25,7,2,2021-12-23 09:15:26
1640250926362194000,23.2,1,23.2,32,23.25,7,2,2021-12-23 09:15:26
1640250927984643000,23.2,1,23.2,31,23.25,7,2,2021-12-23 09:15:27
1640250928049270000,23.2,4,23.2,27,23.25,7,2,2021-12-23 09:15:28
1640250928955618000,23.2,5,23.2,23,23.25,12,2,2021-12-23 09:15:28
1640250929469320000,23.2,1,23.2,22,23.25,12,2,2021-12-23 09:15:29
1640250929900152000,23.2,5,23.2,27,23.25,12,2,2021-12-23 09:15:29
1640250930546126000,23.25,2,23.2,27,23.25,10,1,2021-12-23 09:15:30
1640250930813039000,23.2,4,23.2,23,23.25,10,2,2021-12-23 09:15:30
1640250931304766000,23.2,4,23.2,19,23.25,10,2,2021-12-23 09:15:31
1640250933414236000,23.2,1,23.2,18,23.25,10,2,2021-12-23 09:15:33
1640250934504857000,23.2,5,23.2,16,23.25,10,2,2021-12-23 09:15:34
1640250935488001000,23.2,10,23.2,6,23.25,10,2,2021-12-23 09:15:35
1640250936925542000,23.2,3,23.2,4,23.25,10,2,2021-12-23 09:15:36
1640250938458894000,23.2,3,23.2,1,23.25,10,2,2021-12-23 09:15:38
1640250940752050000,23.2,1,23.15,30,23.2,9,2,2021-12-23 09:15:40
1640250944965556000,23.2,1,23.15,30,23.2,18,1,2021-12-23 09:15:44
1640250947108888000,23.15,4,23.15,27,23.2,18,2,2021-12-23 09:15:47
1640250947171650000,23.15,1,23.15,26,23.2,18,2,2021-12-23 09:15:47
1640250947260664000,23.15,6,23.15,20,23.2,18,2,2021-12-23 09:15:47
1640250947287806000,23.15,13,23.15,7,23.2,18,2,2021-12-23 09:15:47
1640250947310856000,23.15,6,23.15,1,23.2,18,2,2021-12-23 09:15:47
1640250947368865000,23.15,1,23.1,65,23.2,18,2,2021-12-23 09:15:47
1640250947375962000,23.1,10,23.1,55,23.2,18,2,2021-12-23 09:15:47
1640250948003245000,23.2,1,23.1,55,23.2,17,1,2021-12-23 09:15:48
1640250950090024000,23.1,3,23.1,50,23.2,17,2,2021-12-23 09:15:50
1640250953241520000,23.15,1,23.1,50,23.15,2,1,2021-12-23 09:15:53
1640250957042867000,23.1,2,23.1,68,23.15,2,2,2021-12-23 09:15:57
1640250959479770000,23.15,2,23.1,68,23.2,19,1,2021-12-23 09:15:59
1640250959898034000,23.1,32,23.1,36,23.15,1,2,2021-12-23 09:15:59
1640250960222581000,23.15,1,23.1,36,23.2,19,1,2021-12-23 09:16:00
1640250961425751000,23.1,4,23.1,32,23.15,5,2,2021-12-23 09:16:01
1640250964977404000,23.1,1,23.1,34,23.15,5,2,2021-12-23 09:16:04
1640250965693720000,23.1,20,23.1,14,23.15,5,2,2021-12-23 09:16:05
1640250965748309000,23.1,1,23.1,13,23.15,5,2,2021-12-23 09:16:05
1640250966405950000,23.15,1,23.1,13,23.15,4,1,2021-12-23 09:16:06
1640250968262997000,23.1,10,23.1,6,23.15,9,2,2021-12-23 09:16:08
1640250969680755000,23.1,3,23.1,4,23.15,12,2,2021-12-23 09:16:09
1640250971125248000,23.1,1,23.1,3,23.15,12,2,2021-12-23 09:16:11
1640250972152965000,23.1,5,23.05,30,23.15,13,2,2021-12-23 09:16:12
1640250972254337000,23.1,1,23.05,31,23.15,13,1,2021-12-23 09:16:12
1640250975524080000,23.1,1,23.05,31,23.15,13,1,2021-12-23 09:16:15
1640250976889250000,23.1,1,23.05,31,23.1,1,2,2021-12-23 09:16:16
1640250976910146000,23.05,3,23.05,28,23.1,1,2,2021-12-23 09:16:16
1640250977000857000,23.1,1,23.05,28,23.15,13,1,2021-12-23 09:16:17
1640250977036893000,23.05,1,23.05,27,23.15,13,2,2021-12-23 09:16:17
1640250977048224000,23.05,10,23.05,17,23.15,13,2,2021-12-23 09:16:17
1640250978103600000,23.05,1,23.05,17,23.1,5,2,2021-12-23 09:16:18
1640250978202086000,23.1,1,23.05,17,23.1,4,1,2021-12-23 09:16:18
1640250978431718000,23.1,1,23.05,15,23.1,3,1,2021-12-23 09:16:18
1640250978930243000,23.1,1,23.05,16,23.1,3,1,2021-12-23 09:16:18
1640250979059298000,23.05,10,23.05,6,23.1,3,2,2021-12-23 09:16:19
1640250979138475000,23.1,1,23.05,6,23.1,2,1,2021-12-23 09:16:19
1640250979168010000,23.1,2,23.05,6,23.15,13,1,2021-12-23 09:16:19
1640250980069381000,23.05,2,23.05,5,23.1,11,2,2021-12-23 09:16:20
1640250983132194000,23.05,5,23.05,3,23.1,13,2,2021-12-23 09:16:23
1640250985326117000,23.1,10,23.05,8,23.1,19,1,2021-12-23 09:16:25
1640250986292263000,23.05,1,23.05,12,23.1,19,2,2021-12-23 09:16:26
1640250986353092000,23.05,1,23.05,11,23.1,19,2,2021-12-23 09:16:26
1640250989297020000,23.1,3,23.05,12,23.1,16,1,2021-12-23 09:16:29
1640250989324341000,23.1,16,23.05,12,23.15,6,1,2021-12-23 09:16:29
1640250989509621000,23.05,5,23.05,7,23.15,6,2,2021-12-23 09:16:29
1640250994261441000,23.1,1,23.1,1,23.15,6,2,2021-12-23 09:16:34
1640250994885664000,23.1,1,23.05,8,23.15,6,2,2021-12-23 09:16:34
1640250995512604000,23.05,2,23.05,16,23.15,6,2,2021-12-23 09:16:35
1640250999221055000,23.1,5,23.05,29,23.15,6,1,2021-12-23 09:16:39
1640251000297161000,23.05,5,23.05,25,23.15,6,2,2021-12-23 09:16:40
1640251003717571000,23.1,1,23.05,27,23.15,6,1,2021-12-23 09:16:43
1640251003988169000,23.05,10,23.05,18,23.15,6,2,2021-12-23 09:16:43
1640251006689601000,23.05,8,23.05,16,23.1,4,2,2021-12-23 09:16:46
1640251006998609000,23.1,2,23.05,16,23.1,2,1,2021-12-23 09:16:46
1640251007840666000,23.05,1,23.05,23,23.1,2,2,2021-12-23 09:16:47
1640251009260921000,23.1,2,23.05,24,23.15,19,1,2021-12-23 09:16:49
1640251009646636000,23.05,1,23.05,23,23.15,19,2,2021-12-23 09:16:49
1640251009938945000,23.05,8,23.05,17,23.1,1,2,2021-12-23 09:16:49
1640251010843102000,23.05,1,23.05,16,23.1,1,2,2021-12-23 09:16:50
1640251011335389000,23.05,2,23.05,19,23.1,1,2,2021-12-23 09:16:51
1640251011685808000,23.05,1,23.05,19,23.1,3,2,2021-12-23 09:16:51
1640251012763317000,23.05,8,23.05,11,23.1,7,2,2021-12-23 09:16:52
1640251015469039000,23.1,6,23.05,50,23.1,1,1,2021-12-23 09:16:55
1640251016215169000,23.05,1,23.05,49,23.1,1,2,2021-12-23 09:16:56
1640251016737778000,23.1,1,23.1,3,23.15,18,1,2021-12-23 09:16:56
1640251018727399000,23.1,5,23.05,51,23.1,3,2,2021-12-23 09:16:58
1640251018983082000,23.1,3,23.05,51,23.15,16,1,2021-12-23 09:16:58
1640251018983082000,23.15,2,23.05,51,23.15,16,1,2021-12-23 09:16:58
1640251019850315000,23.15,10,23.1,5,23.15,6,1,2021-12-23 09:16:59
1640251020854596000,23.1,2,23.1,10,23.15,6,2,2021-12-23 09:17:00
1640251022502483000,23.1,8,23.1,3,23.15,6,2,2021-12-23 09:17:02
1640251023727176000,23.1,1,23.1,2,23.15,6,2,2021-12-23 09:17:03
1640251028071716000,23.1,3,23.05,60,23.1,2,2,2021-12-23 09:17:08
1640251028435153000,23.1,1,23.05,60,23.1,1,1,2021-12-23 09:17:08
1640251029046090000,23.1,1,23.05,60,23.15,7,1,2021-12-23 09:17:09
1640251029657710000,23.1,1,23.05,60,23.15,7,1,2021-12-23 09:17:09
1640251037004651000,23.1,1,23.1,2,23.15,7,1,2021-12-23 09:17:17
1640251037236140000,23.1,2,23.05,54,23.15,7,2,2021-12-23 09:17:17
1640251037236140000,23.05,6,23.05,54,23.15,7,2,2021-12-23 09:17:17
1640251039293678000,23.1,2,23.05,64,23.15,8,1,2021-12-23 09:17:19
1640251043066522000,23.1,4,23.05,65,23.1,6,2,2021-12-23 09:17:23
1640251043287164000,23.1,1,23.05,65,23.1,5,1,2021-12-23 09:17:23
1640251044641552000,23.05,1,23.05,65,23.1,5,2,2021-12-23 09:17:24
1640251045489440000,23.1,2,23.05,65,23.1,9,1,2021-12-23 09:17:25
1640251045860476000,23.05,12,23.05,53,23.1,9,2,2021-12-23 09:17:25
1640251048960141000,23.1,1,23.05,58,23.1,8,1,2021-12-23 09:17:28
1640251049330906000,23.1,3,23.05,58,23.1,5,1,2021-12-23 09:17:29
1640251049360858000,23.1,5,23.05,58,23.15,9,1,2021-12-23 09:17:29
1640251049410543000,23.05,12,23.05,46,23.15,9,2,2021-12-23 09:17:29
1640251051871260000,23.1,2,23.05,47,23.1,1,1,2021-12-23 09:17:31
1640251053768475000,23.05,2,23.05,45,23.1,1,2,2021-12-23 09:17:33
1640251056956312000,23.05,2,23.05,56,23.1,11,2,2021-12-23 09:17:36
1640251057069590000,23.1,1,23.05,56,23.1,10,1,2021-12-23 09:17:37
1640251059132044000,23.05,2,23.05,54,23.1,11,2,2021-12-23 09:17:39
1640251059743576000,23.05,1,23.05,53,23.1,11,2,2021-12-23 09:17:39
1640251067511870000,23.05,1,23.05,56,23.1,17,2,2021-12-23 09:17:47
1640251068434432000,23.1,1,23.05,56,23.1,16,1,2021-12-23 09:17:48
1640251073165897000,23.05,4,23.05,76,23.1,18,2,2021-12-23 09:17:53
1640251074578799000,23.1,1,23.05,76,23.1,18,1,2021-12-23 09:17:54
1640251082985698000,23.05,1,23.05,76,23.1,19,2,2021-12-23 09:18:02
1640251084105328000,23.1,4,23.05,76,23.1,15,1,2021-12-23 09:18:04
1640251084307297000,23.1,2,23.05,76,23.1,13,1,2021-12-23 09:18:04
1640251085653168000,23.1,1,23.05,76,23.1,15,1,2021-12-23 09:18:05
1640251086420378000,23.1,5,23.05,76,23.1,10,1,2021-12-23 09:18:06
1640251086456252000,23.1,10,23.05,76,23.15,10,1,2021-12-23 09:18:06
1640251088774394000,23.1,3,23.1,7,23.15,10,1,2021-12-23 09:18:08
1640251094317733000,23.1,1,23.1,8,23.15,10,2,2021-12-23 09:18:14
1640251096610751000,23.15,1,23.1,10,23.15,9,1,2021-12-23 09:18:16
1640251101889096000,23.15,1,23.1,11,23.15,8,1,2021-12-23 09:18:21
1640251103842691000,23.15,1,23.1,12,23.15,7,1,2021-12-23 09:18:23
1640251104743746000,23.1,5,23.1,8,23.15,7,2,2021-12-23 09:18:24
1640251111059685000,23.1,2,23.1,7,23.15,6,2,2021-12-23 09:18:31
1640251112083583000,23.1,1,23.1,7,23.15,6,2,2021-12-23 09:18:32
1640251114540603000,23.1,1,23.1,9,23.15,6,2,2021-12-23 09:18:34
1640251120285695000,23.15,2,23.1,16,23.15,4,1,2021-12-23 09:18:40
1640251125379127000,23.1,3,23.1,34,23.15,4,2,2021-12-23 09:18:45
1640251133198722000,23.15,10,23.1,34,23.15,5,1,2021-12-23 09:18:53
1640251137715552000,23.15,1,23.1,37,23.15,4,1,2021-12-23 09:18:57
1640251139279453000,23.15,2,23.1,37,23.15,2,1,2021-12-23 09:18:59
1640251140807105000,23.15,2,23.15,3,23.2,37,1,2021-12-23 09:19:00
1640251144931983000,23.2,10,23.15,13,23.2,27,1,2021-12-23 09:19:04
1640251145242551000,23.15,5,23.15,9,23.2,27,2,2021-12-23 09:19:05
1640251147392514000,23.15,9,23.1,38,23.15,21,2,2021-12-23 09:19:07
1640251153806445000,23.1,10,23.1,28,23.15,22,2,2021-12-23 09:19:13
1640251158208048000,23.15,3,23.1,28,23.15,20,1,2021-12-23 09:19:18
1640251158627885000,23.1,4,23.1,24,23.15,20,2,2021-12-23 09:19:18
1640251163259206000,23.1,20,23.1,8,23.15,23,2,2021-12-23 09:19:23
1640251163592828000,23.15,10,23.1,10,23.15,13,1,2021-12-23 09:19:23
1640251173249293000,23.15,1,23.1,13,23.15,10,1,2021-12-23 09:19:33
1640251183132285000,23.15,1,23.1,28,23.15,12,1,2021-12-23 09:19:43
1640251190003527000,23.1,5,23.1,25,23.15,12,2,2021-12-23 09:19:50
1640251190832373000,23.15,12,23.1,26,23.2,22,1,2021-12-23 09:19:50
1640251190832373000,23.2,8,23.1,26,23.2,22,1,2021-12-23 09:19:50
1640251191501289000,23.15,1,23.15,1,23.2,22,2,2021-12-23 09:19:51
1640251191551417000,23.15,1,23.1,26,23.2,22,2,2021-12-23 09:19:51
1640251212557423000,23.15,1,23.15,8,23.2,19,2,2021-12-23 09:20:12
1640251214585390000,23.15,4,23.15,4,23.2,19,2,2021-12-23 09:20:14
1640251214765063000,23.15,1,23.15,3,23.2,19,2,2021-12-23 09:20:14
1640251214796741000,23.15,3,23.1,37,23.15,1,2,2021-12-23 09:20:14
1640251216824375000,23.15,1,23.15,1,23.2,19,1,2021-12-23 09:20:16
1640251217596184000,23.15,1,23.1,40,23.15,1,2,2021-12-23 09:20:17
1640251223085399000,23.15,1,23.1,42,23.2,19,1,2021-12-23 09:20:23
1640251226405324000,23.1,17,23.1,23,23.15,2,2,2021-12-23 09:20:26
1640251226845270000,23.15,1,23.1,23,23.15,1,1,2021-12-23 09:20:26
1640251228981497000,23.15,1,23.15,1,23.2,19,1,2021-12-23 09:20:28
1640251229302304000,23.15,1,23.1,23,23.15,2,2,2021-12-23 09:20:29
1640251234714483000,23.15,5,23.1,28,23.15,1,1,2021-12-23 09:20:34
1640251236970155000,23.15,1,23.1,28,23.2,19,1,2021-12-23 09:20:36
1640251251538960000,23.2,3,23.1,28,23.2,16,1,2021-12-23 09:20:51
1640251287243920000,23.2,1,23.15,11,23.2,17,1,2021-12-23 09:21:27
1640251290743415000,23.2,1,23.15,16,23.2,16,1,2021-12-23 09:21:30
1640251291946911000,23.2,1,23.15,16,23.2,15,1,2021-12-23 09:21:31
1640251301538185000,23.15,10,23.15,6,23.2,15,2,2021-12-23 09:21:41
1640251303492277000,23.2,1,23.15,6,23.2,14,1,2021-12-23 09:21:43
1640251304320356000,23.15,1,23.15,5,23.2,14,2,2021-12-23 09:21:44
1640251305125095000,23.2,1,23.15,5,23.2,13,1,2021-12-23 09:21:45
1640251305694063000,23.15,3,23.15,2,23.2,13,2,2021-12-23 09:21:45
1640251306072786000,23.15,2,23.1,40,23.15,1,2,2021-12-23 09:21:46
1640251306405510000,23.15,1,23.1,40,23.2,13,1,2021-12-23 09:21:46
1640251308442230000,23.15,1,23.15,3,23.2,15,2,2021-12-23 09:21:48
1640251318986122000,23.2,1,23.15,5,23.2,15,1,2021-12-23 09:21:58
1640251322582534000,23.15,5,23.1,46,23.15,15,2,2021-12-23 09:22:02
1640251324839747000,23.15,1,23.1,46,23.15,17,1,2021-12-23 09:22:04
1640251338581715000,23.1,12,23.1,35,23.15,17,2,2021-12-23 09:22:18
1640251344323586000,23.15,1,23.1,34,23.15,28,1,2021-12-23 09:22:24
1640251345352279000,23.1,34,23.05,140,23.1,6,2,2021-12-23 09:22:25
1640251346775833000,23.1,10,23.05,140,23.1,1,1,2021-12-23 09:22:26
1640251349960161000,23.1,1,23.05,140,23.15,29,1,2021-12-23 09:22:29
1640251356833265000,23.05,1,23.05,139,23.1,11,2,2021-12-23 09:22:36
1640251356869676000,23.1,1,23.05,139,23.1,10,1,2021-12-23 09:22:36
1640251360521721000,23.1,2,23.05,139,23.1,8,1,2021-12-23 09:22:40
1640251360868727000,23.05,5,23.05,134,23.1,8,2,2021-12-23 09:22:40
1640251361016896000,23.1,8,23.05,134,23.15,28,1,2021-12-23 09:22:41
1640251375759790000,23.15,4,23.1,11,23.15,24,1,2021-12-23 09:22:55
1640251380335438000,23.1,11,23.05,135,23.1,9,2,2021-12-23 09:23:00
1640251380848288000,23.1,1,23.05,135,23.1,8,1,2021-12-23 09:23:00
1640251381247840000,23.1,1,23.05,135,23.1,7,1,2021-12-23 09:23:01
1640251381488315000,23.1,1,23.05,135,23.1,6,1,2021-12-23 09:23:01
1640251383398280000,23.1,1,23.05,136,23.1,5,1,2021-12-23 09:23:03
1640251385348227000,23.1,1,23.05,138,23.1,4,1,2021-12-23 09:23:05
1640251385418911000,23.1,1,23.05,138,23.1,3,1,2021-12-23 09:23:05
1640251389760689000,23.05,1,23.05,138,23.1,3,2,2021-12-23 09:23:09
1640251391027160000,23.1,1,23.05,138,23.1,3,1,2021-12-23 09:23:11
1640251391144371000,23.1,3,23.05,138,23.15,35,1,2021-12-23 09:23:11
1640251404625067000,23.15,35,23.1,6,23.2,31,1,2021-12-23 09:23:24
1640251409816244000,23.1,1,23.1,7,23.2,31,2,2021-12-23 09:23:29
1640251415928363000,23.15,2,23.1,10,23.2,31,2,2021-12-23 09:23:35
1640251415928363000,23.1,2,23.1,10,23.2,31,2,2021-12-23 09:23:35
1640251434787347000,23.1,1,23.1,23,23.2,31,2,2021-12-23 09:23:54
1640251435037692000,23.1,1,23.1,22,23.2,31,2,2021-12-23 09:23:55
1640251446539049000,23.1,5,23.1,32,23.2,36,2,2021-12-23 09:24:06
1640251460532040000,23.1,1,23.1,34,23.15,1,2,2021-12-23 09:24:20
1640251493058903000,23.1,1,23.1,42,23.15,5,2,2021-12-23 09:24:53
1640251497253830000,23.1,2,23.1,39,23.15,5,2,2021-12-23 09:24:57
1640251503496657000,23.1,1,23.1,38,23.15,9,2,2021-12-23 09:25:03
1640251509746643000,23.1,2,23.1,36,23.15,9,2,2021-12-23 09:25:09
1640251514596680000,23.1,2,23.1,34,23.15,10,2,2021-12-23 09:25:14
1640251544136447000,23.1,5,23.1,38,23.15,5,2,2021-12-23 09:25:44
1640251571368755000,23.1,10,23.1,40,23.15,9,2,2021-12-23 09:26:11
1640251571444169000,23.15,9,23.1,40,23.2,19,1,2021-12-23 09:26:11
1640251571444169000,23.2,21,23.1,40,23.2,19,1,2021-12-23 09:26:11
1640251587938643000,23.15,4,23.15,6,23.2,19,2,2021-12-23 09:26:27
1640251588611383000,23.2,1,23.15,6,23.2,18,1,2021-12-23 09:26:28
1640251596326744000,23.2,1,23.15,7,23.2,16,1,2021-12-23 09:26:36
1640251598285458000,23.2,1,23.15,10,23.2,15,1,2021-12-23 09:26:38
1640251601092404000,23.2,3,23.15,11,23.2,12,1,2021-12-23 09:26:41
1640251601111993000,23.2,10,23.15,11,23.2,2,1,2021-12-23 09:26:41
1640251601142408000,23.2,2,23.15,11,23.25,4,1,2021-12-23 09:26:41
1640251607765495000,23.2,1,23.15,9,23.25,4,2,2021-12-23 09:26:47
1640251607765495000,23.15,2,23.15,9,23.25,4,2,2021-12-23 09:26:47
1640251608284451000,23.25,1,23.15,9,23.25,3,1,2021-12-23 09:26:48
1640251613228797000,23.25,2,23.2,1,23.25,1,1,2021-12-23 09:26:53
1640251620090892000,23.25,1,23.2,2,23.25,2,1,2021-12-23 09:27:00
1640251621917574000,23.25,1,23.2,2,23.25,1,1,2021-12-23 09:27:01
1640251626055403000,23.25,1,23.25,4,23.3,12,1,2021-12-23 09:27:06
1640251649818944000,23.25,1,23.25,5,23.3,13,2,2021-12-23 09:27:29
1640251668289775000,23.3,2,23.25,16,23.3,9,1,2021-12-23 09:27:48
1640251671587252000,23.3,3,23.25,16,23.3,6,1,2021-12-23 09:27:51
1640251672585132000,23.3,1,23.25,16,23.3,5,1,2021-12-23 09:27:52
1640251673260034000,23.3,2,23.25,16,23.3,3,1,2021-12-23 09:27:53
1640251674510416000,23.25,1,23.25,15,23.3,3,2,2021-12-23 09:27:54
1640251675245588000,23.3,3,23.25,15,23.35,6,1,2021-12-23 09:27:55
1640251682854976000,23.3,2,23.3,3,23.35,1,2,2021-12-23 09:28:02
1640251688899385000,23.3,1,23.3,6,23.35,1,2,2021-12-23 09:28:08
1640251693223478000,23.35,1,23.35,1,23.4,7,1,2021-12-23 09:28:13
1640251697378278000,23.35,1,23.35,2,23.4,7,2,2021-12-23 09:28:17
1640251703278009000,23.35,2,23.3,12,23.35,8,2,2021-12-23 09:28:23
1640251704962667000,23.35,1,23.3,12,23.35,7,1,2021-12-23 09:28:24
1640251705312183000,23.35,1,23.3,12,23.35,6,1,2021-12-23 09:28:25
1640251706458155000,23.35,2,23.3,12,23.35,4,1,2021-12-23 09:28:26
1640251707844268000,23.35,1,23.3,12,23.35,5,1,2021-12-23 09:28:27
1640251712404723000,23.35,1,23.3,12,23.35,5,1,2021-12-23 09:28:32
1640251715039451000,23.35,1,23.3,11,23.35,4,1,2021-12-23 09:28:35
1640251717816538000,23.35,2,23.3,14,23.35,2,1,2021-12-23 09:28:37
1640251730731457000,23.35,1,23.3,21,23.35,6,1,2021-12-23 09:28:50
1640251732224865000,23.35,1,23.3,21,23.35,5,1,2021-12-23 09:28:52
1640251733047597000,23.35,1,23.3,21,23.4,11,1,2021-12-23 09:28:53
1640251733047597000,23.4,1,23.3,21,23.4,11,1,2021-12-23 09:28:53
1640251733348769000,23.4,1,23.3,21,23.4,10,1,2021-12-23 09:28:53
1640251741401789000,23.4,1,23.35,10,23.4,9,1,2021-12-23 09:29:01
1640251743058896000,23.4,4,23.35,10,23.4,5,1,2021-12-23 09:29:03
1640251750403599000,23.4,1,23.35,30,23.4,10,1,2021-12-23 09:29:10
1640251756142634000,23.4,1,23.35,32,23.4,9,1,2021-12-23 09:29:16
1640251759723535000,23.4,4,23.35,38,23.4,5,1,2021-12-23 09:29:19
1640251766444887000,23.4,2,23.35,38,23.4,3,1,2021-12-23 09:29:26
1640251769157711000,23.4,2,23.35,40,23.4,1,1,2021-12-23 09:29:29
1640251774171983000,23.4,1,23.35,49,23.4,1,1,2021-12-23 09:29:34
1640251776164231000,23.4,1,23.35,49,23.45,38,1,2021-12-23 09:29:36
1640251780228723000,23.45,2,23.35,49,23.45,36,1,2021-12-23 09:29:40
1640251780415851000,23.45,5,23.35,49,23.45,31,1,2021-12-23 09:29:40
1640251782209504000,23.45,7,23.35,49,23.45,24,1,2021-12-23 09:29:42
1640251783508701000,23.45,1,23.4,4,23.45,23,1,2021-12-23 09:29:43
1640251785839401000,23.45,1,23.4,4,23.45,22,1,2021-12-23 09:29:45
1640251789223644000,23.45,20,23.4,8,23.45,2,1,2021-12-23 09:29:49
1640251791022585000,23.45,1,23.4,8,23.45,1,1,2021-12-23 09:29:51
1640251792030055000,23.45,1,23.4,8,23.5,55,1,2021-12-23 09:29:52
1640251792089557000,23.5,1,23.4,8,23.5,54,1,2021-12-23 09:29:52
1640251793480284000,23.5,3,23.45,3,23.5,51,1,2021-12-23 09:29:53
1640251796798644000,23.45,6,23.35,38,23.4,14,2,2021-12-23 09:29:56
1640251796798644000,23.4,10,23.35,38,23.4,14,2,2021-12-23 09:29:56
1640251797594156000,23.4,8,23.35,38,23.4,6,1,2021-12-23 09:29:57
1640251797946541000,23.4,1,23.35,38,23.4,5,1,2021-12-23 09:29:57
1640251801390847000,23.4,1,23.35,36,23.4,5,1,2021-12-23 09:30:01
1640251802125424000,23.4,3,23.35,36,23.4,2,1,2021-12-23 09:30:02
1640251802390977000,23.4,2,23.35,36,23.45,4,1,2021-12-23 09:30:02
1640251804064890000,23.4,5,23.35,36,23.5,45,1,2021-12-23 09:30:04
1640251804064890000,23.45,5,23.35,36,23.5,45,1,2021-12-23 09:30:04
1640251804860683000,23.45,3,23.45,2,23.5,45,2,2021-12-23 09:30:04
1640251810052367000,23.5,1,23.45,7,23.5,43,1,2021-12-23 09:30:10
1640251812321087000,23.5,10,23.45,8,23.5,33,1,2021-12-23 09:30:12
1640251815457301000,23.5,2,23.45,8,23.5,29,1,2021-12-23 09:30:15
1640251816112477000,23.5,10,23.45,13,23.5,19,1,2021-12-23 09:30:16
1640251816517973000,23.45,5,23.45,9,23.5,19,2,2021-12-23 09:30:16
1640251816841589000,23.5,1,23.45,9,23.5,18,1,2021-12-23 09:30:16
1640251817313644000,23.5,1,23.45,9,23.5,17,1,2021-12-23 09:30:17
1640251819784841000,23.5,3,23.45,9,23.5,14,1,2021-12-23 09:30:19
1640251819810825000,23.5,5,23.45,9,23.5,9,1,2021-12-23 09:30:19
1640251820193133000,23.5,2,23.45,9,23.5,7,1,2021-12-23 09:30:20
1640251820270433000,23.45,3,23.45,6,23.5,7,2,2021-12-23 09:30:20
1640251822303664000,23.5,2,23.45,7,23.5,5,1,2021-12-23 09:30:22
1640251824029864000,23.45,2,23.45,5,23.5,5,2,2021-12-23 09:30:24
1640251829268774000,23.45,9,23.4,16,23.45,3,2,2021-12-23 09:30:29
1640251831468786000,23.45,1,23.4,16,23.45,14,1,2021-12-23 09:30:31
1640251832359697000,23.45,1,23.4,100,23.45,13,1,2021-12-23 09:30:32
1640251832658804000,23.45,1,23.4,124,23.45,12,1,2021-12-23 09:30:32
1640251835233013000,23.45,1,23.4,16,23.45,25,1,2021-12-23 09:30:35
1640251836471915000,23.45,1,23.4,87,23.45,24,1,2021-12-23 09:30:36
1640251836572905000,23.4,4,23.4,95,23.45,24,2,2021-12-23 09:30:36
1640251838799231000,23.45,3,23.4,11,23.45,21,1,2021-12-23 09:30:38
1640251840450316000,23.4,2,23.4,9,23.45,21,2,2021-12-23 09:30:40
1640251842974920000,23.4,9,23.35,40,23.4,24,2,2021-12-23 09:30:42
1640251843856438000,23.35,1,23.35,39,23.4,24,2,2021-12-23 09:30:43
1640251855110613000,23.4,6,23.4,4,23.45,21,1,2021-12-23 09:30:55
1640251857016369000,23.45,7,23.4,4,23.45,13,1,2021-12-23 09:30:57
1640251858068531000,23.45,5,23.4,4,23.45,8,1,2021-12-23 09:30:58
1640251864818829000,23.45,1,23.4,10,23.45,8,1,2021-12-23 09:31:04
1640251866943358000,23.4,5,23.4,5,23.45,12,2,2021-12-23 09:31:06
1640251867056173000,23.45,10,23.4,5,23.45,2,1,2021-12-23 09:31:07
1640251874391842000,23.45,1,23.4,10,23.45,14,1,2021-12-23 09:31:14
1640251883786106000,23.45,1,23.4,12,23.45,12,1,2021-12-23 09:31:23
1640251886755379000,23.4,1,23.4,12,23.45,12,2,2021-12-23 09:31:26
1640251896481243000,23.4,5,23.4,7,23.45,13,2,2021-12-23 09:31:36
1640251898978875000,23.4,1,23.4,6,23.45,15,2,2021-12-23 09:31:38
1640251904748442000,23.4,1,23.4,9,23.45,18,2,2021-12-23 09:31:44
1640251905666592000,23.4,1,23.4,8,23.45,18,2,2021-12-23 09:31:45
1640251909144990000,23.4,5,23.4,3,23.45,21,2,2021-12-23 09:31:49
1640251909614946000,23.4,1,23.4,2,23.45,21,2,2021-12-23 09:31:49
1640251910037518000,23.4,1,23.4,1,23.45,21,2,2021-12-23 09:31:50
1640251910068386000,23.4,1,23.35,49,23.45,21,2,2021-12-23 09:31:50
1640251920385308000,23.4,1,23.35,50,23.4,4,1,2021-12-23 09:32:00
1640251920717371000,23.35,4,23.35,46,23.4,4,2,2021-12-23 09:32:00
1640251924340871000,23.35,10,23.35,36,23.4,3,2,2021-12-23 09:32:04
1640251932027188000,23.35,3,23.35,34,23.4,8,2,2021-12-23 09:32:12
1640251934004971000,23.35,3,23.35,30,23.4,8,2,2021-12-23 09:32:14
1640251934194719000,23.35,10,23.35,20,23.4,8,2,2021-12-23 09:32:14
1640251935733095000,23.35,3,23.35,17,23.4,8,2,2021-12-23 09:32:15
1640251936020821000,23.35,1,23.35,16,23.4,10,2,2021-12-23 09:32:16
1640251936051961000,23.35,9,23.35,7,23.4,10,2,2021-12-23 09:32:16
1640251936473866000,23.35,3,23.35,4,23.4,14,2,2021-12-23 09:32:16
1640251938259349000,23.35,2,23.35,2,23.4,12,2,2021-12-23 09:32:18
1640251938281390000,23.35,2,23.3,30,23.4,12,2,2021-12-23 09:32:18
1640251950392210000,23.3,5,23.3,25,23.35,1,2,2021-12-23 09:32:30
1640251961321705000,23.3,1,23.3,26,23.35,2,2,2021-12-23 09:32:41
1640251966340238000,23.3,7,23.3,18,23.35,2,2,2021-12-23 09:32:46
1640251966891888000,23.3,1,23.3,17,23.35,2,2,2021-12-23 09:32:46
1640251969147989000,23.3,1,23.3,16,23.35,6,2,2021-12-23 09:32:49
1640251972466432000,23.3,6,23.3,10,23.35,6,2,2021-12-23 09:32:52
1640251985610398000,23.3,1,23.3,9,23.35,8,2,2021-12-23 09:33:05
1640251993026279000,23.3,2,23.3,8,23.35,8,2,2021-12-23 09:33:13
1640251994230974000,23.3,1,23.3,7,23.35,8,2,2021-12-23 09:33:14
1640251994264262000,23.3,7,23.25,18,23.3,3,2,2021-12-23 09:33:14
1640251995721491000,23.3,1,23.25,18,23.3,2,1,2021-12-23 09:33:15
1640251996778332000,23.3,1,23.25,18,23.3,1,1,2021-12-23 09:33:16
1640252001243389000,23.3,1,23.25,20,23.35,8,1,2021-12-23 09:33:21
1640252008858708000,23.3,1,23.25,20,23.35,8,1,2021-12-23 09:33:28
1640252023053219000,23.35,5,23.3,3,23.35,3,1,2021-12-23 09:33:43
1640252037453536000,23.3,1,23.3,2,23.35,3,2,2021-12-23 09:33:57
1640252050311629000,23.3,2,23.25,39,23.35,7,2,2021-12-23 09:34:10
1640252066086352000,23.25,2,23.25,37,23.3,14,2,2021-12-23 09:34:26
1640252087210507000,23.25,10,23.25,28,23.3,14,2,2021-12-23 09:34:47
1640252100531705000,23.25,5,23.25,26,23.3,13,2,2021-12-23 09:35:00
1640252106496834000,23.3,2,23.25,26,23.3,11,1,2021-12-23 09:35:06
1640252113981888000,23.3,4,23.25,26,23.3,7,1,2021-12-23 09:35:13
1640252115935593000,23.25,8,23.25,18,23.3,7,2,2021-12-23 09:35:15
1640252118144018000,23.3,1,23.25,18,23.3,6,1,2021-12-23 09:35:18
1640252120109845000,23.3,2,23.25,18,23.3,4,1,2021-12-23 09:35:20
1640252122095679000,23.25,1,23.25,17,23.3,4,2,2021-12-23 09:35:22
1640252165547905000,23.25,1,23.25,18,23.3,16,2,2021-12-23 09:36:05
1640252168595246000,23.25,3,23.25,16,23.3,16,2,2021-12-23 09:36:08
1640252180087669000,23.3,1,23.25,16,23.3,15,1,2021-12-23 09:36:20
1640252199138465000,23.3,1,23.25,20,23.3,14,1,2021-12-23 09:36:39
1640252206619880000,23.3,5,23.25,23,23.3,9,1,2021-12-23 09:36:46
1640252214565695000,23.3,3,23.25,26,23.3,6,1,2021-12-23 09:36:54
1640252214589799000,23.3,6,23.25,26,23.35,10,1,2021-12-23 09:36:54
1640252233684930000,23.3,2,23.3,6,23.35,10,2,2021-12-23 09:37:13
1640252242113016000,23.3,1,23.3,10,23.35,10,2,2021-12-23 09:37:22
1640252249054098000,23.35,3,23.3,23,23.35,7,1,2021-12-23 09:37:29
1640252253975858000,23.35,5,23.3,23,23.35,2,1,2021-12-23 09:37:33
1640252256094100000,23.35,2,23.35,8,23.4,13,1,2021-12-23 09:37:36
1640252265775876000,23.4,3,23.35,8,23.4,10,1,2021-12-23 09:37:45
1640252269609529000,23.4,1,23.35,10,23.4,9,1,2021-12-23 09:37:49
1640252279681761000,23.4,8,23.35,11,23.45,15,1,2021-12-23 09:37:59
1640252279681761000,23.45,7,23.35,11,23.45,15,1,2021-12-23 09:37:59
1640252293860164000,23.45,1,23.4,3,23.45,14,1,2021-12-23 09:38:13
1640252298976859000,23.45,2,23.4,5,23.45,12,1,2021-12-23 09:38:18
1640252299182178000,23.45,5,23.4,5,23.45,7,1,2021-12-23 09:38:19
1640252299872578000,23.45,5,23.4,5,23.45,2,1,2021-12-23 09:38:19
1640252302575295000,23.45,2,23.45,3,23.5,41,1,2021-12-23 09:38:22
1640252305990759000,23.45,1,23.45,2,23.5,41,2,2021-12-23 09:38:25
1640252306039164000,23.45,2,23.4,9,23.45,8,2,2021-12-23 09:38:26
1640252307386116000,23.45,1,23.4,9,23.45,7,1,2021-12-23 09:38:27
1640252308679304000,23.45,2,23.4,9,23.45,5,1,2021-12-23 09:38:28
1640252309757864000,23.4,1,23.4,8,23.45,5,2,2021-12-23 09:38:29
1640252318483498000,23.4,1,23.4,6,23.45,7,2,2021-12-23 09:38:38
1640252318955041000,23.4,6,23.35,13,23.4,6,2,2021-12-23 09:38:38
1640252325317876000,23.4,3,23.35,12,23.4,5,1,2021-12-23 09:38:45
1640252326003605000,23.4,5,23.35,12,23.45,7,1,2021-12-23 09:38:46
1640252336364400000,23.4,1,23.35,15,23.45,7,2,2021-12-23 09:38:56
1640252336378439000,23.45,2,23.35,15,23.45,5,1,2021-12-23 09:38:56
1640252337787782000,23.4,1,23.35,15,23.45,14,1,2021-12-23 09:38:57
1640252337787782000,23.45,1,23.35,15,23.45,14,1,2021-12-23 09:38:57
1640252349553989000,23.45,1,23.4,4,23.45,15,1,2021-12-23 09:39:09
1640252360790049000,23.45,10,23.4,7,23.45,4,1,2021-12-23 09:39:20
1640252363056930000,23.45,5,23.4,7,23.5,43,1,2021-12-23 09:39:23
1640252367005651000,23.45,1,23.4,11,23.5,43,2,2021-12-23 09:39:27
1640252369104159000,23.5,3,23.45,10,23.5,40,1,2021-12-23 09:39:29
1640252375009913000,23.5,1,23.45,15,23.5,39,1,2021-12-23 09:39:35
1640252375846932000,23.5,1,23.45,18,23.5,38,1,2021-12-23 09:39:35
1640252377863021000,23.5,1,23.45,18,23.5,37,1,2021-12-23 09:39:37
1640252380769135000,23.5,1,23.45,28,23.5,36,1,2021-12-23 09:39:40
1640252381361194000,23.5,1,23.45,28,23.5,35,1,2021-12-23 09:39:41
1640252390062456000,23.5,1,23.45,31,23.5,41,1,2021-12-23 09:39:50
1640252390353938000,23.5,2,23.45,31,23.5,39,1,2021-12-23 09:39:50
1640252392482287000,23.5,11,23.45,32,23.5,33,1,2021-12-23 09:39:52
1640252397334200000,23.5,1,23.45,48,23.5,32,1,2021-12-23 09:39:57
1640252405653954000,23.5,2,23.45,49,23.5,30,1,2021-12-23 09:40:05
1640252405713140000,23.5,1,23.45,49,23.5,32,1,2021-12-23 09:40:05
1640252407800319000,23.45,10,23.45,39,23.5,32,2,2021-12-23 09:40:07
1640252408041580000,23.5,1,23.45,39,23.5,31,1,2021-12-23 09:40:08
1640252410333721000,23.45,10,23.45,29,23.5,31,2,2021-12-23 09:40:10
1640252411914503000,23.5,2,23.45,31,23.5,29,1,2021-12-23 09:40:11
1640252413192175000,23.45,1,23.45,30,23.5,29,2,2021-12-23 09:40:13
1640252426604373000,23.45,1,23.45,59,23.5,36,2,2021-12-23 09:40:26
1640252435564898000,23.45,1,23.45,63,23.5,39,2,2021-12-23 09:40:35
1640252437577616000,23.5,2,23.45,73,23.5,37,1,2021-12-23 09:40:37
1640252446555286000,23.5,1,23.45,75,23.5,37,1,2021-12-23 09:40:46
1640252451017802000,23.5,2,23.45,75,23.5,33,1,2021-12-23 09:40:51
1640252452319079000,23.5,2,23.45,75,23.5,31,1,2021-12-23 09:40:52
1640252454669166000,23.5,1,23.45,76,23.5,31,1,2021-12-23 09:40:54
1640252455999637000,23.5,2,23.45,81,23.5,26,1,2021-12-23 09:40:55
1640252457479152000,23.5,1,23.45,81,23.5,25,1,2021-12-23 09:40:57
1640252458193374000,23.5,1,23.45,81,23.5,24,1,2021-12-23 09:40:58
1640252464762122000,23.5,5,23.45,82,23.5,21,1,2021-12-23 09:41:04
1640252465020414000,23.5,1,23.45,82,23.5,20,1,2021-12-23 09:41:05
1640252469145317000,23.5,5,23.45,82,23.5,16,1,2021-12-23 09:41:09
1640252470076700000,23.5,1,23.45,82,23.5,15,1,2021-12-23 09:41:10
1640252470618574000,23.5,9,23.45,82,23.5,6,1,2021-12-23 09:41:10
1640252470887892000,23.5,5,23.45,82,23.5,1,1,2021-12-23 09:41:10
1640252470962951000,23.5,1,23.45,82,23.55,57,1,2021-12-23 09:41:10
1640252474067612000,23.5,5,23.5,12,23.55,57,2,2021-12-23 09:41:14
1640252476315390000,23.5,1,23.5,15,23.55,57,2,2021-12-23 09:41:16
1640252479746162000,23.5,8,23.5,17,23.55,57,2,2021-12-23 09:41:19
1640252482915628000,23.5,1,23.5,16,23.55,57,2,2021-12-23 09:41:22
1640252483399966000,23.5,1,23.5,15,23.55,57,2,2021-12-23 09:41:23
1640252486156775000,23.5,1,23.5,14,23.55,57,2,2021-12-23 09:41:26
1640252495687950000,23.55,1,23.5,16,23.55,56,1,2021-12-23 09:41:35
1640252499777615000,23.5,1,23.5,49,23.55,56,2,2021-12-23 09:41:39
1640252501840860000,23.55,10,23.5,54,23.55,46,1,2021-12-23 09:41:41
1640252502093055000,23.55,10,23.5,54,23.55,36,1,2021-12-23 09:41:42
1640252503294944000,23.55,2,23.5,54,23.55,34,1,2021-12-23 09:41:43
1640252504831643000,23.55,1,23.5,54,23.55,33,1,2021-12-23 09:41:44
1640252504856236000,23.55,2,23.5,54,23.55,31,1,2021-12-23 09:41:44
1640252509785786000,23.55,1,23.5,54,23.55,29,1,2021-12-23 09:41:49
1640252512618367000,23.55,1,23.5,54,23.55,38,1,2021-12-23 09:41:52
1640252513159859000,23.55,30,23.5,24,23.55,8,1,2021-12-23 09:41:53
1640252514392181000,23.55,4,23.5,24,23.55,4,1,2021-12-23 09:41:54
1640252514798775000,23.55,4,23.5,24,23.6,69,1,2021-12-23 09:41:54
1640252514798775000,23.6,1,23.5,24,23.6,69,1,2021-12-23 09:41:54
1640252515855348000,23.55,4,23.5,18,23.6,69,2,2021-12-23 09:41:55
1640252515855348000,23.5,6,23.5,18,23.6,69,2,2021-12-23 09:41:55
1640252520297722000,23.55,1,23.55,9,23.6,68,2,2021-12-23 09:42:00
1640252520330900000,23.6,2,23.55,9,23.6,66,1,2021-12-23 09:42:00
1640252524088220000,23.6,1,23.55,10,23.6,65,1,2021-12-23 09:42:04
1640252527252976000,23.6,1,23.55,13,23.6,64,1,2021-12-23 09:42:07
1640252532791107000,23.6,10,23.55,15,23.6,51,1,2021-12-23 09:42:12
1640252536008922000,23.6,1,23.55,15,23.6,50,1,2021-12-23 09:42:16
1640252537807055000,23.6,1,23.55,37,23.6,49,1,2021-12-23 09:42:17
1640252541586049000,23.6,1,23.55,37,23.6,66,1,2021-12-23 09:42:21
1640252542928229000,23.6,2,23.55,38,23.6,64,1,2021-12-23 09:42:22
1640252544769176000,23.6,50,23.55,40,23.6,14,1,2021-12-23 09:42:24
1640252545471946000,23.6,1,23.55,41,23.6,13,1,2021-12-23 09:42:25
1640252546213109000,23.6,1,23.55,41,23.6,12,1,2021-12-23 09:42:26
1640252546909185000,23.6,12,23.55,45,23.65,31,1,2021-12-23 09:42:26
1640252546909185000,23.65,21,23.55,45,23.65,31,1,2021-12-23 09:42:26
1640252546952561000,23.65,2,23.55,45,23.65,29,1,2021-12-23 09:42:26
1640252548594509000,23.6,1,23.6,29,23.65,29,2,2021-12-23 09:42:28
1640252549891173000,23.65,15,23.6,54,23.65,14,1,2021-12-23 09:42:29
1640252550853134000,23.65,3,23.6,54,23.65,11,1,2021-12-23 09:42:30
1640252552079502000,23.65,5,23.6,54,23.65,6,1,2021-12-23 09:42:32
1640252552149280000,23.65,2,23.6,54,23.65,4,1,2021-12-23 09:42:32
1640252552493607000,23.65,4,23.6,54,23.7,24,1,2021-12-23 09:42:32
1640252552493607000,23.7,26,23.6,54,23.7,24,1,2021-12-23 09:42:32
1640252552702011000,23.7,1,23.6,54,23.7,23,1,2021-12-23 09:42:32
1640252552716065000,23.7,1,23.6,54,23.7,22,1,2021-12-23 09:42:32
1640252553461670000,23.7,1,23.6,51,23.7,21,1,2021-12-23 09:42:33
1640252553847798000,23.7,1,23.65,3,23.7,20,1,2021-12-23 09:42:33
1640252555082444000,23.7,2,23.65,5,23.7,18,1,2021-12-23 09:42:35
1640252557310049000,23.7,1,23.65,45,23.7,17,1,2021-12-23 09:42:37
1640252558560952000,23.7,3,23.65,46,23.7,14,1,2021-12-23 09:42:38
1640252558949189000,23.7,5,23.65,46,23.7,9,1,2021-12-23 09:42:38
1640252559962489000,23.7,2,23.65,46,23.7,7,1,2021-12-23 09:42:39
1640252560786878000,23.7,1,23.65,49,23.7,7,1,2021-12-23 09:42:40
1640252560918930000,23.7,7,23.7,6,23.75,50,1,2021-12-23 09:42:40
1640252562105702000,23.7,10,23.7,3,23.75,50,2,2021-12-23 09:42:42
1640252562650904000,23.75,20,23.7,3,23.75,30,1,2021-12-23 09:42:42
1640252562702500000,23.75,2,23.7,3,23.75,28,1,2021-12-23 09:42:42
1640252565074761000,23.7,5,23.7,1,23.75,37,2,2021-12-23 09:42:45
1640252565890686000,23.75,10,23.7,1,23.75,27,1,2021-12-23 09:42:45
1640252566857372000,23.7,1,23.7,7,23.75,27,2,2021-12-23 09:42:46
1640252568329122000,23.75,5,23.7,9,23.75,32,1,2021-12-23 09:42:48
1640252569132961000,23.75,32,23.75,18,23.8,59,1,2021-12-23 09:42:49
1640252569560786000,23.8,1,23.75,18,23.8,58,1,2021-12-23 09:42:49
1640252569679501000,23.8,1,23.75,18,23.8,57,1,2021-12-23 09:42:49
1640252569805422000,23.8,4,23.75,18,23.8,53,1,2021-12-23 09:42:49
1640252572039358000,23.8,2,23.75,19,23.8,51,1,2021-12-23 09:42:52
1640252572732582000,23.8,10,23.75,19,23.8,41,1,2021-12-23 09:42:52
1640252572834149000,23.8,10,23.75,19,23.8,31,1,2021-12-23 09:42:52
1640252573322192000,23.8,1,23.75,19,23.8,30,1,2021-12-23 09:42:53
1640252573432038000,23.8,2,23.75,19,23.8,28,1,2021-12-23 09:42:53
1640252573456095000,23.75,10,23.75,9,23.8,28,2,2021-12-23 09:42:53
1640252573556537000,23.8,1,23.75,9,23.8,27,1,2021-12-23 09:42:53
1640252574263876000,23.8,1,23.75,9,23.8,26,1,2021-12-23 09:42:54
1640252574598121000,23.75,10,23.75,9,23.8,26,2,2021-12-23 09:42:54
1640252574630023000,23.8,10,23.75,9,23.8,16,1,2021-12-23 09:42:54
1640252575195214000,23.8,12,23.75,10,23.8,4,1,2021-12-23 09:42:55
1640252575208599000,23.8,1,23.75,10,23.8,3,1,2021-12-23 09:42:55
1640252575432863000,23.8,1,23.75,10,23.8,2,1,2021-12-23 09:42:55
1640252575564410000,23.8,2,23.8,3,23.85,18,1,2021-12-23 09:42:55
1640252576080721000,23.85,5,23.8,3,23.85,13,1,2021-12-23 09:42:56
1640252576137907000,23.85,4,23.8,3,23.85,9,1,2021-12-23 09:42:56
1640252576138551000,23.85,2,23.8,3,23.85,7,1,2021-12-23 09:42:56
1640252576151584000,23.85,2,23.8,3,23.85,5,1,2021-12-23 09:42:56
1640252576185222000,23.85,2,23.8,3,23.85,3,1,2021-12-23 09:42:56
1640252577203555000,23.85,4,23.8,21,23.85,9,1,2021-12-23 09:42:57
1640252577600233000,23.8,22,23.75,21,23.8,11,2,2021-12-23 09:42:57
1640252577977715000,23.8,2,23.75,21,23.8,9,1,2021-12-23 09:42:57
1640252577987580000,23.8,1,23.75,21,23.8,8,1,2021-12-23 09:42:57
1640252578497693000,23.8,1,23.75,21,23.8,7,1,2021-12-23 09:42:58
1640252578631022000,23.8,2,23.75,23,23.8,5,1,2021-12-23 09:42:58
1640252579785284000,23.8,5,23.8,5,23.85,9,1,2021-12-23 09:42:59
1640252579825666000,23.85,1,23.8,5,23.85,8,1,2021-12-23 09:42:59
1640252579867324000,23.85,2,23.8,5,23.85,6,1,2021-12-23 09:42:59
1640252580518534000,23.8,1,23.8,4,23.85,16,2,2021-12-23 09:43:00
1640252580941718000,23.8,1,23.8,3,23.85,16,2,2021-12-23 09:43:00
1640252581259935000,23.8,1,23.8,2,23.85,16,2,2021-12-23 09:43:01
1640252581361722000,23.8,2,23.75,25,23.8,3,2,2021-12-23 09:43:01
1640252582350105000,23.8,1,23.75,25,23.8,2,1,2021-12-23 09:43:02
1640252583067698000,23.8,10,23.75,26,23.8,2,1,2021-12-23 09:43:03
1640252583911654000,23.8,5,23.75,38,23.8,3,1,2021-12-23 09:43:03
1640252584292906000,23.8,3,23.75,41,23.85,11,1,2021-12-23 09:43:04
1640252584292906000,23.85,16,23.75,41,23.85,11,1,2021-12-23 09:43:04
1640252584462728000,23.8,1,23.8,2,23.85,11,2,2021-12-23 09:43:04
1640252585917347000,23.8,2,23.8,5,23.85,11,2,2021-12-23 09:43:05
1640252586473724000,23.85,10,23.8,5,23.85,1,1,2021-12-23 09:43:06
1640252587669651000,23.85,1,23.85,2,23.9,26,1,2021-12-23 09:43:07
1640252588043420000,23.85,2,23.8,15,23.9,26,2,2021-12-23 09:43:08
1640252588043420000,23.8,1,23.8,15,23.9,26,2,2021-12-23 09:43:08
1640252589185484000,23.85,6,23.8,15,23.9,33,1,2021-12-23 09:43:09
1640252589185484000,23.9,13,23.8,15,23.9,33,1,2021-12-23 09:43:09
1640252589227203000,23.9,4,23.8,15,23.9,29,1,2021-12-23 09:43:09
1640252589532046000,23.9,4,23.85,1,23.9,25,1,2021-12-23 09:43:09
1640252591838669000,23.85,1,23.8,19,23.9,35,2,2021-12-23 09:43:11
1640252593453662000,23.85,2,23.8,30,23.85,12,1,2021-12-23 09:43:13
1640252593729849000,23.85,1,23.8,30,23.85,11,1,2021-12-23 09:43:13
1640252593993922000,23.85,1,23.8,30,23.85,10,1,2021-12-23 09:43:13
1640252594726276000,23.85,1,23.8,30,23.85,14,1,2021-12-23 09:43:14
1640252595600675000,23.85,5,23.8,31,23.85,9,1,2021-12-23 09:43:15
1640252595632970000,23.85,2,23.8,31,23.85,7,1,2021-12-23 09:43:15
1640252596077997000,23.85,1,23.8,31,23.85,16,1,2021-12-23 09:43:16
1640252597523345000,23.85,1,23.8,41,23.85,15,1,2021-12-23 09:43:17
1640252597705027000,23.85,1,23.8,41,23.85,14,1,2021-12-23 09:43:17
1640252597771377000,23.85,5,23.8,41,23.85,9,1,2021-12-23 09:43:17
1640252597872876000,23.8,1,23.8,40,23.85,9,2,2021-12-23 09:43:17
1640252598094470000,23.85,3,23.8,40,23.85,6,1,2021-12-23 09:43:18
1640252598123375000,23.85,1,23.8,40,23.85,5,1,2021-12-23 09:43:18
1640252598240981000,23.85,5,23.8,40,23.9,35,1,2021-12-23 09:43:18
1640252599718567000,23.85,5,23.85,1,23.9,35,2,2021-12-23 09:43:19
1640252601046972000,23.85,1,23.8,49,23.9,35,2,2021-12-23 09:43:21
1640252602067183000,23.8,3,23.8,48,23.85,4,2,2021-12-23 09:43:22
1640252602210934000,23.85,3,23.8,48,23.85,1,1,2021-12-23 09:43:22
1640252602417228000,23.85,1,23.85,2,23.9,35,1,2021-12-23 09:43:22
1640252602571542000,23.85,1,23.85,1,23.9,35,2,2021-12-23 09:43:22
1640252603618916000,23.9,10,23.85,11,23.9,26,1,2021-12-23 09:43:23
1640252604955533000,23.85,3,23.85,8,23.9,26,2,2021-12-23 09:43:24
1640252608358726000,23.85,5,23.85,8,23.9,26,2,2021-12-23 09:43:28
1640252608393083000,23.85,1,23.85,7,23.9,26,2,2021-12-23 09:43:28
1640252608397263000,23.85,1,23.85,6,23.9,26,2,2021-12-23 09:43:28
1640252609053107000,23.85,1,23.85,7,23.9,26,2,2021-12-23 09:43:29
1640252609213746000,23.9,1,23.85,7,23.9,25,1,2021-12-23 09:43:29
1640252609735840000,23.85,1,23.85,6,23.9,25,2,2021-12-23 09:43:29
1640252611137290000,23.9,2,23.85,14,23.9,23,1,2021-12-23 09:43:31
1640252611250080000,23.9,1,23.85,14,23.9,22,1,2021-12-23 09:43:31
1640252612479214000,23.85,3,23.85,13,23.9,22,2,2021-12-23 09:43:32
1640252612833076000,23.85,1,23.85,12,23.9,22,2,2021-12-23 09:43:32
1640252614487159000,23.85,10,23.85,4,23.9,22,2,2021-12-23 09:43:34
1640252614491570000,23.9,1,23.85,4,23.9,21,1,2021-12-23 09:43:34
1640252614635837000,23.9,5,23.85,4,23.9,16,1,2021-12-23 09:43:34
1640252617458974000,23.85,7,23.8,72,23.85,3,2,2021-12-23 09:43:37
1640252618176572000,23.85,1,23.8,72,23.85,2,1,2021-12-23 09:43:38
1640252618508117000,23.85,1,23.8,72,23.85,2,1,2021-12-23 09:43:38
1640252618762276000,23.85,3,23.85,2,23.9,33,1,2021-12-23 09:43:38
1640252619983601000,23.85,1,23.85,21,23.9,33,2,2021-12-23 09:43:39
1640252620778959000,23.85,1,23.85,21,23.9,34,2,2021-12-23 09:43:40
1640252621631224000,23.85,5,23.85,16,23.9,34,2,2021-12-23 09:43:41
1640252621668884000,23.85,16,23.8,67,23.9,34,2,2021-12-23 09:43:41
1640252621720420000,23.9,6,23.8,67,23.9,28,1,2021-12-23 09:43:41
1640252623094193000,23.85,1,23.8,67,23.9,28,2,2021-12-23 09:43:43
1640252623623038000,23.85,2,23.8,67,23.85,8,2,2021-12-23 09:43:43
1640252623785588000,23.85,1,23.8,67,23.85,7,1,2021-12-23 09:43:43
1640252625713555000,23.85,5,23.8,67,23.85,2,1,2021-12-23 09:43:45
1640252626138081000,23.85,1,23.8,67,23.85,1,1,2021-12-23 09:43:46
1640252626339440000,23.85,1,23.8,67,23.9,45,1,2021-12-23 09:43:46
1640252626673880000,23.8,16,23.8,51,23.9,45,2,2021-12-23 09:43:46
1640252627520673000,23.85,1,23.8,51,23.9,36,1,2021-12-23 09:43:47
1640252627520673000,23.9,9,23.8,51,23.9,36,1,2021-12-23 09:43:47
1640252628034384000,23.85,1,23.8,51,23.85,1,2,2021-12-23 09:43:48
1640252628059872000,23.8,7,23.8,44,23.85,1,2,2021-12-23 09:43:48
1640252628163086000,23.85,1,23.8,44,23.9,36,1,2021-12-23 09:43:48
1640252629089946000,23.85,1,23.8,49,23.85,1,1,2021-12-23 09:43:49
1640252629721194000,23.85,2,23.85,8,23.9,36,1,2021-12-23 09:43:49
1640252629925014000,23.85,8,23.8,49,23.85,2,2,2021-12-23 09:43:49
1640252630461398000,23.8,2,23.8,47,23.85,2,2,2021-12-23 09:43:50
1640252631393867000,23.8,2,23.8,45,23.85,3,2,2021-12-23 09:43:51
1640252631733325000,23.8,5,23.8,41,23.85,5,2,2021-12-23 09:43:51
1640252632525960000,23.85,1,23.8,41,23.85,4,1,2021-12-23 09:43:52
1640252632825878000,23.85,3,23.8,41,23.85,1,1,2021-12-23 09:43:52
1640252632858870000,23.85,1,23.8,41,23.9,36,1,2021-12-23 09:43:52
1640252634413167000,23.85,10,23.85,10,23.9,36,1,2021-12-23 09:43:54
1640252636693467000,23.85,1,23.85,13,23.9,46,2,2021-12-23 09:43:56
1640252639740163000,23.85,1,23.85,12,23.9,46,2,2021-12-23 09:43:59
1640252640353970000,23.85,16,23.85,1,23.9,49,2,2021-12-23 09:44:00
1640252640385280000,23.85,1,23.8,43,23.9,49,2,2021-12-23 09:44:00
1640252640622019000,23.85,5,23.8,43,23.85,20,1,2021-12-23 09:44:00
1640252641985400000,23.85,10,23.8,44,23.85,11,1,2021-12-23 09:44:01
1640252643294525000,23.85,3,23.8,43,23.85,10,1,2021-12-23 09:44:03
1640252643422030000,23.85,5,23.8,43,23.85,5,1,2021-12-23 09:44:03
1640252643644704000,23.8,10,23.8,33,23.85,13,2,2021-12-23 09:44:03
1640252645064811000,23.85,1,23.8,43,23.85,18,1,2021-12-23 09:44:05
1640252647549083000,23.8,2,23.8,41,23.85,18,2,2021-12-23 09:44:07
1640252652489245000,23.8,10,23.8,39,23.85,33,2,2021-12-23 09:44:12
1640252654355667000,23.8,1,23.8,44,23.85,37,2,2021-12-23 09:44:14
1640252655529895000,23.85,1,23.8,44,23.85,41,1,2021-12-23 09:44:15
1640252656765984000,23.8,1,23.8,43,23.85,40,2,2021-12-23 09:44:16
1640252657545353000,23.8,2,23.8,41,23.85,50,2,2021-12-23 09:44:17
1640252659646172000,23.85,5,23.8,46,23.85,45,1,2021-12-23 09:44:19
1640252661595407000,23.8,1,23.8,45,23.85,46,2,2021-12-23 09:44:21
1640252664725819000,23.8,2,23.8,45,23.85,46,2,2021-12-23 09:44:24
1640252665902295000,23.8,1,23.8,45,23.85,47,2,2021-12-23 09:44:25
1640252670007863000,23.8,15,23.8,30,23.85,49,2,2021-12-23 09:44:30
1640252670965985000,23.8,5,23.8,27,23.85,49,2,2021-12-23 09:44:30
1640252671803288000,23.8,1,23.8,27,23.85,49,2,2021-12-23 09:44:31
1640252672015243000,23.8,1,23.8,26,23.85,49,2,2021-12-23 09:44:32
1640252672133687000,23.8,3,23.8,23,23.85,49,2,2021-12-23 09:44:32
1640252672204019000,23.8,5,23.8,18,23.85,49,2,2021-12-23 09:44:32
1640252672250994000,23.8,10,23.8,8,23.85,49,2,2021-12-23 09:44:32
1640252672597776000,23.8,5,23.8,3,23.85,49,2,2021-12-23 09:44:32
1640252673131407000,23.8,1,23.8,2,23.85,49,2,2021-12-23 09:44:33
1640252673805251000,23.8,2,23.75,19,23.8,11,2,2021-12-23 09:44:33
1640252674452298000,23.8,3,23.75,19,23.8,14,1,2021-12-23 09:44:34
1640252679294851000,23.8,1,23.75,19,23.8,16,1,2021-12-23 09:44:39
1640252679475850000,23.75,10,23.75,9,23.8,17,2,2021-12-23 09:44:39
1640252679505786000,23.75,1,23.75,8,23.8,17,2,2021-12-23 09:44:39
1640252681011874000,23.75,5,23.75,3,23.8,17,2,2021-12-23 09:44:41
1640252681043345000,23.75,3,23.7,17,23.8,17,2,2021-12-23 09:44:41
1640252682176203000,23.7,3,23.7,14,23.8,20,2,2021-12-23 09:44:42
1640252687043401000,23.7,10,23.7,3,23.75,6,2,2021-12-23 09:44:47
1640252687364347000,23.7,1,23.7,2,23.75,6,2,2021-12-23 09:44:47
1640252687841770000,23.7,2,23.65,30,23.7,1,2,2021-12-23 09:44:47
1640252688042453000,23.65,2,23.65,28,23.7,1,2,2021-12-23 09:44:48
1640252688115115000,23.7,1,23.65,28,23.75,5,1,2021-12-23 09:44:48
1640252688115115000,23.75,1,23.65,28,23.75,5,1,2021-12-23 09:44:48
1640252688307632000,23.65,5,23.65,23,23.75,5,2,2021-12-23 09:44:48
1640252691066970000,23.7,1,23.65,23,23.7,1,2,2021-12-23 09:44:51
1640252693313842000,23.65,10,23.65,12,23.7,4,2,2021-12-23 09:44:53
1640252694339711000,23.65,5,23.65,7,23.7,4,2,2021-12-23 09:44:54
1640252695095709000,23.65,7,23.6,22,23.65,3,2,2021-12-23 09:44:55
1640252695109307000,23.65,3,23.6,22,23.7,4,1,2021-12-23 09:44:55
1640252697319117000,23.65,2,23.6,22,23.65,8,1,2021-12-23 09:44:57
1640252701332203000,23.65,1,23.6,21,23.65,7,1,2021-12-23 09:45:01
1640252702286640000,23.65,1,23.6,21,23.65,6,1,2021-12-23 09:45:02
1640252702696429000,23.65,1,23.6,21,23.65,5,1,2021-12-23 09:45:02
1640252703674983000,23.65,2,23.6,12,23.65,3,1,2021-12-23 09:45:03
1640252704285500000,23.65,2,23.6,11,23.65,1,1,2021-12-23 09:45:04
1640252704509077000,23.65,1,23.6,11,23.7,6,1,2021-12-23 09:45:04
1640252706374718000,23.65,1,23.6,11,23.65,1,2,2021-12-23 09:45:06
1640252706907261000,23.65,1,23.6,11,23.7,11,1,2021-12-23 09:45:06
1640252709846595000,23.6,1,23.6,10,23.7,11,2,2021-12-23 09:45:09
1640252714150069000,23.65,1,23.6,10,23.7,11,1,2021-12-23 09:45:14
1640252722830180000,23.65,3,23.6,10,23.65,26,1,2021-12-23 09:45:22
1640252729846204000,23.6,1,23.6,11,23.65,27,2,2021-12-23 09:45:29
1640252734424788000,23.6,1,23.6,20,23.65,27,2,2021-12-23 09:45:34
1640252738887034000,23.6,1,23.6,19,23.65,34,2,2021-12-23 09:45:38
1640252739063956000,23.6,1,23.6,18,23.65,34,2,2021-12-23 09:45:39
1640252741426480000,23.65,2,23.6,18,23.65,32,1,2021-12-23 09:45:41
1640252743188702000,23.65,1,23.6,18,23.65,31,1,2021-12-23 09:45:43
1640252743304566000,23.6,1,23.6,17,23.65,31,2,2021-12-23 09:45:43
1640252745220480000,23.6,6,23.6,11,23.65,31,2,2021-12-23 09:45:45
1640252746114573000,23.6,7,23.6,4,23.65,31,2,2021-12-23 09:45:46
1640252746610576000,23.6,1,23.6,3,23.65,31,2,2021-12-23 09:45:46
1640252746915722000,23.6,1,23.6,2,23.65,31,2,2021-12-23 09:45:46
1640252747940605000,23.6,2,23.55,8,23.65,31,2,2021-12-23 09:45:47
1640252750433382000,23.6,2,23.55,8,23.65,23,1,2021-12-23 09:45:50
1640252750433382000,23.65,8,23.55,8,23.65,23,1,2021-12-23 09:45:50
1640252754266183000,23.6,1,23.55,8,23.65,24,1,2021-12-23 09:45:54
1640252759645984000,23.55,1,23.55,7,23.6,10,2,2021-12-23 09:45:59
1640252759781507000,23.6,1,23.55,7,23.6,9,1,2021-12-23 09:45:59
1640252759857981000,23.55,4,23.55,3,23.6,9,2,2021-12-23 09:45:59
1640252760294147000,23.6,1,23.55,3,23.6,8,1,2021-12-23 09:46:00
1640252760652113000,23.6,1,23.55,3,23.6,7,1,2021-12-23 09:46:00
1640252762239188000,23.6,1,23.55,3,23.6,6,1,2021-12-23 09:46:02
1640252765694867000,23.55,1,23.55,3,23.6,7,2,2021-12-23 09:46:05
1640252765870487000,23.55,2,23.55,1,23.6,7,2,2021-12-23 09:46:05
1640252765909415000,23.55,1,23.5,22,23.6,7,2,2021-12-23 09:46:05
1640252773469524000,23.55,1,23.55,1,23.6,7,2,2021-12-23 09:46:13
1640252780599842000,23.6,5,23.55,5,23.6,3,1,2021-12-23 09:46:20
