ts,close,volume,bid_price,bid_volume,ask_price,ask_volume,tick_type,datetime
1648458014887275000,143.0,105,143.0,1,143.5,4,2,2022-03-28 09:00:14
1648458015492555000,143.0,1,142.5,4,143.5,5,2,2022-03-28 09:00:15
1648458022852245000,143.5,4,143.0,3,144.0,1,1,2022-03-28 09:00:22
1648458025512257000,143.0,1,143.0,2,144.0,1,2,2022-03-28 09:00:25
1648458027489063000,143.5,1,143.0,3,144.0,1,1,2022-03-28 09:00:27
1648458041065142000,143.5,1,143.5,3,144.0,2,2,2022-03-28 09:00:41
1648458047792162000,144.0,2,143.5,8,144.5,17,1,2022-03-28 09:00:47
1648458047792162000,144.5,3,143.5,8,144.5,17,1,2022-03-28 09:00:47
1648458049646646000,144.0,1,144.0,1,144.5,17,2,2022-03-28 09:00:49
1648458052324192000,144.0,1,143.5,10,144.5,18,2,2022-03-28 09:00:52
1648458058503592000,144.0,1,143.5,11,144.5,18,2,2022-03-28 09:00:58
1648458062185546000,144.0,2,144.0,3,144.5,18,2,2022-03-28 09:01:02
1648458071695236000,144.0,2,144.0,2,144.5,18,2,2022-03-28 09:01:11
1648458072837499000,144.0,3,143.5,10,144.5,18,2,2022-03-28 09:01:12
1648458074387073000,143.5,1,143.5,9,144.0,1,2,2022-03-28 09:01:14
1648458074527948000,143.5,1,143.5,8,144.0,1,2,2022-03-28 09:01:14
1648458076742924000,144.0,1,143.5,6,144.0,1,1,2022-03-28 09:01:16
1648458076757406000,144.0,1,143.5,6,144.5,18,1,2022-03-28 09:01:16
1648458081083917000,144.0,1,143.5,7,144.0,1,2,2022-03-28 09:01:21
1648458085622252000,144.0,3,143.5,8,144.5,18,1,2022-03-28 09:01:25
1648458085981440000,144.0,1,144.0,1,144.5,18,2,2022-03-28 09:01:25
1648458094319386000,144.0,1,144.0,13,144.5,18,2,2022-03-28 09:01:34
1648458096545872000,144.5,2,144.0,19,144.5,16,1,2022-03-28 09:01:36
1648458096571817000,144.5,13,144.0,19,144.5,3,1,2022-03-28 09:01:36
1648458096605876000,144.5,3,144.0,19,145.0,15,1,2022-03-28 09:01:36
1648458101396487000,145.0,2,144.5,6,145.0,13,1,2022-03-28 09:01:41
1648458106222000000,145.0,2,144.5,8,145.0,14,1,2022-03-28 09:01:46
1648458106696911000,145.0,1,144.5,8,145.0,13,1,2022-03-28 09:01:46
1648458116873483000,145.0,2,144.5,3,145.0,13,1,2022-03-28 09:01:56
1648458116936553000,144.5,2,144.5,1,145.0,13,2,2022-03-28 09:01:56
1648458116971663000,144.5,1,144.0,23,145.0,13,2,2022-03-28 09:01:56
1648458119188193000,145.0,1,144.0,23,145.0,12,1,2022-03-28 09:01:59
1648458122714944000,145.0,2,144.0,24,145.0,10,1,2022-03-28 09:02:02
1648458123960897000,144.5,1,144.0,23,145.0,20,2,2022-03-28 09:02:03
1648458126269953000,144.5,1,144.0,23,145.0,25,2,2022-03-28 09:02:06
1648458128007897000,144.5,2,144.0,23,145.0,24,2,2022-03-28 09:02:08
1648458128112721000,144.0,1,144.0,22,145.0,24,2,2022-03-28 09:02:08
1648458128372642000,144.0,10,144.0,12,144.5,2,2,2022-03-28 09:02:08
1648458128407026000,144.0,6,144.0,6,144.5,2,2,2022-03-28 09:02:08
1648458128407486000,144.0,4,144.0,2,144.5,2,2,2022-03-28 09:02:08
1648458128439583000,144.0,2,143.5,19,144.5,2,2,2022-03-28 09:02:08
1648458128821271000,143.5,1,143.5,18,144.5,3,2,2022-03-28 09:02:08
1648458131590450000,144.0,1,143.5,18,145.0,23,1,2022-03-28 09:02:11
1648458131590450000,144.5,4,143.5,18,145.0,23,1,2022-03-28 09:02:11
1648458132025204000,144.5,2,143.5,18,145.0,22,2,2022-03-28 09:02:12
1648458133560841000,144.0,1,143.5,18,145.0,22,2,2022-03-28 09:02:13
1648458137972757000,144.0,2,143.5,18,144.0,3,2,2022-03-28 09:02:17
1648458140886502000,144.0,1,143.5,18,144.0,4,1,2022-03-28 09:02:20
1648458141232000000,144.0,1,143.5,18,144.0,3,1,2022-03-28 09:02:21
1648458145507902000,143.5,5,143.5,11,144.0,7,2,2022-03-28 09:02:25
1648458147723140000,143.5,1,143.5,10,144.0,11,2,2022-03-28 09:02:27
1648458147965459000,143.5,2,143.5,8,144.0,11,2,2022-03-28 09:02:27
1648458148001015000,143.5,8,143.0,15,144.0,11,2,2022-03-28 09:02:28
1648458148341427000,143.5,1,143.0,15,144.0,14,1,2022-03-28 09:02:28
1648458156576166000,143.5,1,143.0,15,144.0,12,2,2022-03-28 09:02:36
1648458157092367000,143.0,1,143.0,14,144.0,15,2,2022-03-28 09:02:37
1648458157949807000,143.0,1,143.0,13,144.0,15,2,2022-03-28 09:02:37
1648458158387234000,143.5,2,143.0,13,144.0,15,2,2022-03-28 09:02:38
1648458165960251000,143.5,2,143.0,12,143.5,1,1,2022-03-28 09:02:45
1648458167091305000,143.0,1,143.0,13,143.5,2,2,2022-03-28 09:02:47
1648458167412295000,143.5,1,143.0,13,143.5,1,1,2022-03-28 09:02:47
1648458172211985000,143.5,2,143.0,11,143.5,4,1,2022-03-28 09:02:52
1648458179466371000,143.0,1,143.0,11,143.5,10,2,2022-03-28 09:02:59
1648458181427066000,143.0,4,143.0,7,143.5,10,2,2022-03-28 09:03:01
1648458181926604000,143.0,3,143.0,4,143.5,10,2,2022-03-28 09:03:01
1648458181955881000,143.0,1,143.0,3,143.5,10,2,2022-03-28 09:03:01
1648458181955897000,143.0,1,143.0,2,143.5,10,2,2022-03-28 09:03:01
1648458181955930000,143.0,1,143.0,1,143.5,10,2,2022-03-28 09:03:01
1648458181956199000,143.0,1,142.5,8,143.5,10,2,2022-03-28 09:03:01
1648458186143189000,142.5,1,142.5,7,143.0,22,2,2022-03-28 09:03:06
1648458187038509000,142.5,2,142.5,5,143.0,23,2,2022-03-28 09:03:07
1648458190999964000,142.5,1,142.5,4,143.0,23,2,2022-03-28 09:03:10
1648458192091949000,142.5,1,142.5,3,143.0,23,2,2022-03-28 09:03:12
1648458194290602000,142.5,5,142.0,17,143.0,23,2,2022-03-28 09:03:14
1648458194705587000,142.0,1,142.0,18,143.0,23,2,2022-03-28 09:03:14
1648458195135386000,142.0,1,142.0,15,142.5,1,2,2022-03-28 09:03:15
1648458195877355000,142.5,1,142.5,1,143.0,23,1,2022-03-28 09:03:15
1648458195920450000,142.5,1,142.0,15,143.0,23,2,2022-03-28 09:03:15
1648458201464124000,142.5,1,142.5,2,143.0,26,2,2022-03-28 09:03:21
1648458201521533000,142.5,1,142.5,1,143.0,26,2,2022-03-28 09:03:21
1648458202136759000,142.0,1,142.0,16,143.0,26,2,2022-03-28 09:03:22
1648458206019943000,142.0,1,142.0,13,142.5,2,2,2022-03-28 09:03:26
1648458206163254000,142.0,1,142.0,12,142.5,2,2,2022-03-28 09:03:26
1648458207273993000,142.0,4,142.0,8,142.5,2,2,2022-03-28 09:03:27
1648458210438913000,142.0,1,142.0,10,142.5,3,2,2022-03-28 09:03:30
1648458210467955000,142.5,3,142.0,10,143.0,25,1,2022-03-28 09:03:30
1648458222933644000,142.5,1,142.0,13,143.0,25,1,2022-03-28 09:03:42
1648458226545422000,142.5,2,142.0,14,143.0,25,2,2022-03-28 09:03:46
1648458228698245000,142.5,4,142.5,1,143.0,26,2,2022-03-28 09:03:48
1648458235804509000,142.0,1,142.0,16,143.0,26,2,2022-03-28 09:03:55
1648458236585309000,142.5,1,142.0,17,143.0,25,1,2022-03-28 09:03:56
1648458237196597000,142.0,1,142.0,15,143.0,25,2,2022-03-28 09:03:57
1648458237325133000,142.0,1,142.0,14,143.0,25,2,2022-03-28 09:03:57
1648458239429526000,142.5,1,142.5,2,143.0,25,2,2022-03-28 09:03:59
1648458244861840000,142.0,1,142.0,15,143.0,25,2,2022-03-28 09:04:04
1648458245222423000,142.0,4,142.0,11,143.0,25,2,2022-03-28 09:04:05
1648458247662237000,142.5,1,142.0,15,143.0,25,1,2022-03-28 09:04:07
1648458248902799000,142.0,3,142.0,11,143.0,25,2,2022-03-28 09:04:08
1648458251887918000,142.5,1,142.0,11,143.0,25,1,2022-03-28 09:04:11
1648458252020833000,142.0,1,142.0,10,143.0,25,2,2022-03-28 09:04:12
1648458252144657000,142.0,1,142.0,9,143.0,25,2,2022-03-28 09:04:12
1648458254404073000,142.0,1,142.0,5,143.0,25,2,2022-03-28 09:04:14
1648458258764960000,142.5,1,142.0,15,143.0,25,1,2022-03-28 09:04:18
1648458265325031000,142.5,5,142.0,16,142.5,5,1,2022-03-28 09:04:25
1648458265357560000,142.5,5,142.0,16,143.0,25,1,2022-03-28 09:04:25
1648458265598915000,142.0,1,142.0,15,143.0,25,2,2022-03-28 09:04:25
1648458271303264000,142.0,1,142.0,17,143.0,25,2,2022-03-28 09:04:31
1648458273786323000,142.0,1,142.0,15,142.5,1,2,2022-03-28 09:04:33
1648458275813101000,142.5,1,142.0,15,143.0,25,1,2022-03-28 09:04:35
1648458278921677000,142.5,1,142.0,15,143.0,25,1,2022-03-28 09:04:38
1648458280686997000,143.0,25,142.0,16,143.5,1,1,2022-03-28 09:04:40
1648458296233179000,143.5,1,143.5,1,144.0,26,2,2022-03-28 09:04:56
1648458298670338000,144.0,1,143.5,1,144.0,25,1,2022-03-28 09:04:58
1648458300817550000,143.5,1,143.0,17,143.5,2,2,2022-03-28 09:05:00
1648458302830199000,143.0,2,143.0,20,144.0,7,2,2022-03-28 09:05:02
1648458304041461000,143.5,1,143.0,20,144.0,31,2,2022-03-28 09:05:04
1648458304404851000,143.5,1,143.0,20,144.0,31,2,2022-03-28 09:05:04
1648458305840224000,143.5,1,143.0,20,144.0,31,2,2022-03-28 09:05:05
1648458308616161000,143.0,1,143.0,14,143.5,3,2,2022-03-28 09:05:08
1648458312080909000,143.0,3,143.0,4,143.5,23,2,2022-03-28 09:05:12
1648458312115523000,143.0,4,142.5,19,143.5,23,2,2022-03-28 09:05:12
1648458315686514000,142.5,1,142.5,18,143.5,25,2,2022-03-28 09:05:15
1648458315940015000,142.5,2,142.5,16,143.5,29,2,2022-03-28 09:05:15
1648458319199026000,143.0,1,143.0,4,143.5,27,1,2022-03-28 09:05:19
1648458319240021000,143.0,1,143.0,3,143.5,26,2,2022-03-28 09:05:19
1648458326332249000,143.0,1,143.0,4,143.5,26,2,2022-03-28 09:05:26
1648458328758511000,143.0,1,143.0,3,143.5,25,2,2022-03-28 09:05:28
1648458329847183000,143.0,1,143.0,2,143.5,25,2,2022-03-28 09:05:29
1648458330776199000,143.0,2,142.5,18,143.5,25,2,2022-03-28 09:05:30
1648458341297827000,143.0,1,143.0,5,143.5,24,2,2022-03-28 09:05:41
1648458347658193000,143.0,1,143.0,4,143.5,13,2,2022-03-28 09:05:47
1648458347683789000,143.0,4,142.5,18,143.5,26,2,2022-03-28 09:05:47
1648458353069368000,143.0,1,142.5,18,143.5,13,1,2022-03-28 09:05:53
1648458359733634000,143.0,1,142.5,19,143.0,7,2,2022-03-28 09:05:59
1648458360148536000,143.0,1,142.5,19,143.0,6,1,2022-03-28 09:06:00
1648458361241905000,142.5,1,142.5,18,143.0,7,2,2022-03-28 09:06:01
1648458367281299000,142.5,10,142.5,7,143.0,18,2,2022-03-28 09:06:07
1648458367311647000,142.5,7,142.0,29,143.0,18,2,2022-03-28 09:06:07
1648458369812793000,142.0,1,142.0,27,142.5,1,2,2022-03-28 09:06:09
1648458370408697000,142.5,1,142.0,27,142.5,5,1,2022-03-28 09:06:10
1648458374073150000,142.0,10,142.0,16,142.5,10,2,2022-03-28 09:06:14
1648458374097675000,142.0,16,141.5,14,142.5,10,2,2022-03-28 09:06:14
1648458378598036000,141.5,1,141.5,13,142.0,3,2,2022-03-28 09:06:18
1648458380992895000,141.5,5,141.5,8,142.0,6,2,2022-03-28 09:06:20
1648458382249838000,141.5,1,141.5,7,142.0,9,2,2022-03-28 09:06:22
1648458382351788000,141.5,5,141.5,2,142.0,10,2,2022-03-28 09:06:22
1648458386119684000,141.5,1,141.5,1,142.0,11,2,2022-03-28 09:06:26
1648458386421516000,141.5,1,140.0,34,142.0,11,2,2022-03-28 09:06:26
1648458386421516000,141.0,29,140.0,34,142.0,11,2,2022-03-28 09:06:26
1648458386421516000,140.5,22,140.0,34,142.0,11,2,2022-03-28 09:06:26
1648458386421516000,140.0,8,140.0,34,142.0,11,2,2022-03-28 09:06:26
1648458386472617000,140.0,1,140.0,33,141.5,6,2,2022-03-28 09:06:26
1648458386536870000,140.0,3,140.0,25,141.0,2,2,2022-03-28 09:06:26
1648458386584436000,140.0,2,140.0,23,141.0,2,2,2022-03-28 09:06:26
1648458386697021000,140.5,2,140.0,25,141.0,2,2,2022-03-28 09:06:26
1648458387350562000,141.0,1,140.5,2,141.0,5,1,2022-03-28 09:06:27
1648458394018885000,140.5,1,140.5,5,141.0,6,2,2022-03-28 09:06:34
1648458394327818000,140.5,1,140.5,4,141.0,8,2,2022-03-28 09:06:34
1648458394721913000,140.5,1,140.5,3,141.0,8,2,2022-03-28 09:06:34
1648458396274062000,140.5,3,140.0,23,141.0,8,2,2022-03-28 09:06:36
1648458399134910000,140.5,1,140.5,3,141.0,9,2,2022-03-28 09:06:39
1648458400273476000,140.5,1,140.5,2,141.0,9,2,2022-03-28 09:06:40
1648458400782047000,140.5,1,140.0,26,141.0,9,2,2022-03-28 09:06:40
1648458402356749000,140.5,1,140.5,4,141.0,9,2,2022-03-28 09:06:42
1648458403587633000,140.5,1,140.5,3,141.0,8,2,2022-03-28 09:06:43
1648458404548748000,140.5,1,140.5,3,141.0,8,2,2022-03-28 09:06:44
1648458406049382000,140.5,1,140.5,3,141.0,8,2,2022-03-28 09:06:46
1648458407071775000,140.5,2,140.5,3,141.0,8,2,2022-03-28 09:06:47
1648458407108300000,140.5,1,140.5,2,141.0,8,2,2022-03-28 09:06:47
1648458407136387000,140.5,1,140.5,1,141.0,8,2,2022-03-28 09:06:47
1648458407601756000,141.0,2,140.5,1,141.0,6,1,2022-03-28 09:06:47
1648458407651551000,140.5,1,140.0,28,141.0,6,2,2022-03-28 09:06:47
1648458408488649000,141.0,6,140.5,7,141.5,7,1,2022-03-28 09:06:48
1648458408575407000,141.0,1,140.5,7,141.5,7,1,2022-03-28 09:06:48
1648458409092036000,140.5,1,140.5,6,141.0,1,2,2022-03-28 09:06:49
1648458411336856000,141.0,1,140.5,7,141.5,7,1,2022-03-28 09:06:51
1648458416039027000,141.0,1,140.5,19,141.5,10,2,2022-03-28 09:06:56
1648458416039027000,140.5,1,140.5,19,141.5,10,2,2022-03-28 09:06:56
1648458416448408000,140.5,1,140.5,15,141.0,1,2,2022-03-28 09:06:56
1648458419572732000,141.0,1,140.5,16,141.5,10,1,2022-03-28 09:06:59
1648458421523786000,140.5,1,140.5,18,141.5,10,2,2022-03-28 09:07:01
1648458427038134000,141.0,5,141.0,3,141.5,11,2,2022-03-28 09:07:07
1648458427065576000,141.0,3,140.5,18,141.5,11,2,2022-03-28 09:07:07
1648458427497501000,140.5,3,140.5,16,141.5,11,2,2022-03-28 09:07:07
1648458427998838000,141.0,1,141.0,2,141.5,11,2,2022-03-28 09:07:07
1648458430965934000,141.0,1,141.0,2,141.5,11,2,2022-03-28 09:07:10
1648458435615881000,141.0,4,141.0,1,141.5,11,2,2022-03-28 09:07:15
1648458438282589000,141.5,1,141.0,2,141.5,10,1,2022-03-28 09:07:18
1648458440268021000,141.0,1,141.0,1,141.5,10,2,2022-03-28 09:07:20
1648458444499408000,141.0,1,141.0,5,141.5,10,2,2022-03-28 09:07:24
1648458448761657000,141.0,1,141.0,4,141.5,10,2,2022-03-28 09:07:28
1648458450322366000,141.0,1,141.0,4,141.5,10,2,2022-03-28 09:07:30
1648458465558026000,141.0,4,141.0,1,141.5,10,2,2022-03-28 09:07:45
1648458468932672000,141.0,1,141.0,1,141.5,12,2,2022-03-28 09:07:48
1648458469354418000,141.0,1,140.5,20,141.0,1,2,2022-03-28 09:07:49
1648458469385614000,141.0,1,140.5,20,141.5,12,1,2022-03-28 09:07:49
1648458469447932000,141.0,1,140.5,20,141.5,12,1,2022-03-28 09:07:49
1648458474320858000,141.0,1,140.5,16,141.5,14,2,2022-03-28 09:07:54
1648458474320858000,140.5,4,140.5,16,141.5,14,2,2022-03-28 09:07:54
1648458476780916000,140.5,1,140.5,15,141.5,14,2,2022-03-28 09:07:56
1648458483079474000,141.0,1,140.5,15,141.5,16,2,2022-03-28 09:08:03
1648458488922998000,141.0,1,141.0,1,141.5,17,2,2022-03-28 09:08:08
1648458491818243000,141.0,1,141.0,3,141.5,17,2,2022-03-28 09:08:11
1648458496622810000,141.0,3,140.5,16,141.0,2,2,2022-03-28 09:08:16
1648458498135360000,141.0,1,140.5,15,141.0,8,1,2022-03-28 09:08:18
1648458502595764000,140.5,6,140.5,15,141.0,8,2,2022-03-28 09:08:22
1648458510335188000,140.5,1,140.5,15,141.0,8,2,2022-03-28 09:08:30
1648458522613361000,141.0,1,140.5,15,141.0,8,1,2022-03-28 09:08:42
1648458525541927000,141.0,1,140.5,15,141.0,7,1,2022-03-28 09:08:45
1648458527678272000,141.0,5,140.5,15,141.0,2,1,2022-03-28 09:08:47
1648458527710292000,141.0,2,140.5,15,141.5,18,1,2022-03-28 09:08:47
1648458527745461000,141.5,2,140.5,16,141.5,16,1,2022-03-28 09:08:47
1648458532805508000,141.0,2,140.5,17,141.5,14,2,2022-03-28 09:08:52
1648458532983858000,141.5,1,140.5,17,141.5,13,1,2022-03-28 09:08:52
1648458554781076000,141.5,1,141.0,1,141.5,12,1,2022-03-28 09:09:14
1648458558084432000,141.5,1,141.0,2,141.5,11,1,2022-03-28 09:09:18
1648458565939150000,141.5,2,141.0,4,141.5,9,1,2022-03-28 09:09:25
1648458567404656000,141.5,1,141.0,5,141.5,8,1,2022-03-28 09:09:27
1648458572858461000,141.5,1,141.0,6,141.5,5,1,2022-03-28 09:09:32
1648458578953703000,141.5,1,141.0,5,141.5,8,1,2022-03-28 09:09:38
1648458581218249000,141.5,1,141.0,6,141.5,7,1,2022-03-28 09:09:41
1648458584485686000,141.0,6,141.0,1,141.5,7,2,2022-03-28 09:09:44
1648458584512017000,141.0,1,140.5,18,141.5,7,2,2022-03-28 09:09:44
1648458587815818000,141.5,1,141.0,1,141.5,6,1,2022-03-28 09:09:47
1648458591882538000,141.5,4,141.5,6,142.0,10,1,2022-03-28 09:09:51
1648458602100864000,142.0,5,141.5,8,142.0,4,1,2022-03-28 09:10:02
1648458602125199000,142.0,1,141.5,8,142.0,3,1,2022-03-28 09:10:02
1648458602577669000,141.5,1,141.5,7,142.0,3,2,2022-03-28 09:10:02
1648458603107853000,142.0,1,141.5,7,142.0,2,1,2022-03-28 09:10:03
1648458607411419000,142.0,1,141.5,17,142.0,1,1,2022-03-28 09:10:07
1648458607446898000,142.0,1,141.5,17,142.5,3,1,2022-03-28 09:10:07
1648458618708313000,142.0,1,141.5,17,142.5,9,2,2022-03-28 09:10:18
1648458619682118000,142.0,2,141.5,17,142.5,9,2,2022-03-28 09:10:19
1648458625338124000,142.5,1,142.0,4,142.5,7,1,2022-03-28 09:10:25
1648458633892216000,142.5,1,142.0,7,142.5,4,1,2022-03-28 09:10:33
1648458636544377000,142.5,1,142.0,7,142.5,3,1,2022-03-28 09:10:36
1648458673438227000,142.0,2,142.0,12,142.5,8,2,2022-03-28 09:11:13
1648458675945669000,142.5,2,142.0,13,142.5,6,1,2022-03-28 09:11:15
1648458679005556000,142.0,13,141.5,19,142.5,34,2,2022-03-28 09:11:19
1648458681425822000,141.5,3,141.5,16,142.0,60,2,2022-03-28 09:11:21
1648458710971672000,141.5,1,141.5,16,142.0,8,2,2022-03-28 09:11:50
1648458713756109000,141.5,1,141.5,15,142.0,8,2,2022-03-28 09:11:53
1648458722492904000,142.0,1,141.5,15,142.0,7,1,2022-03-28 09:12:02
1648458723626817000,141.5,13,141.5,2,142.0,395,2,2022-03-28 09:12:03
1648458723646704000,141.5,2,141.0,17,142.0,395,2,2022-03-28 09:12:03
1648458726259320000,141.0,1,141.0,17,142.0,7,2,2022-03-28 09:12:06
1648458732784224000,141.5,1,141.0,17,141.5,1,2,2022-03-28 09:12:12
1648458732823872000,141.0,1,141.0,16,141.5,3,2,2022-03-28 09:12:12
1648458739195664000,141.0,1,141.0,17,141.5,3,2,2022-03-28 09:12:19
1648458747708264000,141.0,1,141.0,15,141.5,5,2,2022-03-28 09:12:27
1648458747745253000,141.0,15,140.5,24,141.5,5,2,2022-03-28 09:12:27
1648458754467941000,141.0,1,141.0,4,141.5,6,2,2022-03-28 09:12:34
1648458757785357000,141.0,3,141.0,2,141.5,6,2,2022-03-28 09:12:37
1648458776285749000,141.0,2,141.0,2,141.5,6,2,2022-03-28 09:12:56
1648458811902338000,141.0,1,141.0,5,141.5,7,2,2022-03-28 09:13:31
1648458814708228000,141.0,1,141.0,5,141.5,8,2,2022-03-28 09:13:34
1648458820018369000,141.0,2,141.0,8,141.5,8,2,2022-03-28 09:13:40
1648458830506519000,141.0,2,141.0,14,141.5,6,2,2022-03-28 09:13:50
1648458834402888000,141.0,1,141.0,13,141.5,6,2,2022-03-28 09:13:54
1648458842244920000,141.0,1,141.0,12,141.5,6,2,2022-03-28 09:14:02
1648458847343118000,141.5,2,141.0,13,141.5,4,1,2022-03-28 09:14:07
1648458847386278000,141.5,2,141.0,13,141.5,1,1,2022-03-28 09:14:07
1648458847420898000,141.5,1,141.0,13,142.0,8,1,2022-03-28 09:14:07
1648458847958730000,142.0,1,141.0,16,142.0,7,1,2022-03-28 09:14:07
1648458856092814000,142.0,1,141.0,18,142.0,4,1,2022-03-28 09:14:16
1648458870694638000,142.0,1,141.5,8,142.0,3,1,2022-03-28 09:14:30
1648458877842661000,142.0,3,142.0,1,142.5,4,1,2022-03-28 09:14:37
1648458882771076000,142.5,1,142.0,1,142.5,3,1,2022-03-28 09:14:42
1648458893880821000,142.5,1,142.0,1,142.5,3,1,2022-03-28 09:14:53
1648458897963699000,142.5,2,142.0,1,142.5,1,1,2022-03-28 09:14:57
1648458901351692000,142.5,1,142.0,2,143.0,15,1,2022-03-28 09:15:01
1648458901948076000,142.0,2,141.5,8,142.0,10,2,2022-03-28 09:15:01
1648458919913540000,142.0,1,141.5,11,142.0,21,1,2022-03-28 09:15:19
1648458928985272000,141.5,1,141.5,10,142.0,22,2,2022-03-28 09:15:28
1648458929023791000,141.5,10,141.0,22,142.0,22,2,2022-03-28 09:15:29
1648458966090896000,141.0,1,141.0,21,141.5,8,2,2022-03-28 09:16:06
1648458966343598000,141.0,10,141.0,11,141.5,8,2,2022-03-28 09:16:06
1648458966377705000,141.0,1,141.0,10,141.5,8,2,2022-03-28 09:16:06
1648458966377742000,141.0,1,141.0,9,141.5,8,2,2022-03-28 09:16:06
1648458966378859000,141.0,1,141.0,8,141.5,8,2,2022-03-28 09:16:06
1648458980163349000,141.0,1,141.0,7,141.5,5,2,2022-03-28 09:16:20
1648458980199028000,141.0,7,140.5,32,141.5,5,2,2022-03-28 09:16:20
1648458987978600000,141.0,1,140.5,27,141.0,2,1,2022-03-28 09:16:27
1648459022671716000,140.5,5,140.5,12,141.0,3,2,2022-03-28 09:17:02
1648459022707539000,140.5,1,140.5,11,141.0,5,2,2022-03-28 09:17:02
1648459022738198000,140.5,1,140.5,10,141.0,5,2,2022-03-28 09:17:02
1648459022738415000,140.5,8,140.5,2,141.0,5,2,2022-03-28 09:17:02
1648459022770756000,140.5,1,140.5,1,141.0,5,2,2022-03-28 09:17:02
1648459022771097000,140.5,1,140.0,35,141.0,5,2,2022-03-28 09:17:02
1648459022846580000,140.0,2,140.0,32,140.5,3,2,2022-03-28 09:17:02
1648459023312965000,140.5,2,140.0,32,140.5,1,1,2022-03-28 09:17:03
1648459027912211000,140.0,1,140.0,31,141.0,6,2,2022-03-28 09:17:07
1648459028168091000,141.0,1,140.0,31,141.0,5,1,2022-03-28 09:17:08
1648459033013828000,140.0,1,140.0,30,141.0,5,2,2022-03-28 09:17:13
1648459038617012000,140.5,1,140.5,1,141.0,5,2,2022-03-28 09:17:18
1648459039118575000,140.5,1,140.0,29,141.0,5,2,2022-03-28 09:17:19
1648459051285625000,140.5,1,140.0,29,141.0,5,2,2022-03-28 09:17:31
1648459058656966000,141.0,5,140.5,8,141.5,7,1,2022-03-28 09:17:38
1648459059706114000,140.5,1,140.5,8,141.5,6,2,2022-03-28 09:17:39
1648459084257465000,140.5,2,140.5,12,141.5,6,2,2022-03-28 09:18:04
1648459093084862000,141.5,6,141.5,4,142.0,27,1,2022-03-28 09:18:13
1648459094618077000,141.5,1,141.5,3,142.0,27,2,2022-03-28 09:18:14
1648459150047102000,142.0,26,141.5,4,142.5,6,1,2022-03-28 09:19:10
1648459155551512000,142.0,1,142.0,1,142.5,8,2,2022-03-28 09:19:15
1648459156484320000,142.5,2,142.0,1,142.5,6,1,2022-03-28 09:19:16
1648459166771032000,142.5,1,142.0,5,142.5,3,1,2022-03-28 09:19:26
1648459168939367000,142.5,1,142.0,5,142.5,2,1,2022-03-28 09:19:28
1648459168940035000,142.5,2,142.5,9,143.0,16,1,2022-03-28 09:19:28
1648459189964609000,142.5,1,142.5,8,143.0,15,2,2022-03-28 09:19:49
1648459212114438000,142.5,1,142.5,7,143.0,15,2,2022-03-28 09:20:12
1648459215277607000,142.5,7,142.0,5,143.0,15,2,2022-03-28 09:20:15
1648459236876301000,142.5,1,142.0,4,143.0,15,1,2022-03-28 09:20:36
1648459256801319000,142.0,1,142.0,5,143.0,16,2,2022-03-28 09:20:56
1648459283882754000,142.5,1,142.0,3,143.0,16,2,2022-03-28 09:21:23
1648459359932333000,142.5,1,142.0,3,142.5,3,1,2022-03-28 09:22:39
1648459359964983000,142.5,3,142.0,3,143.0,16,1,2022-03-28 09:22:39
1648459395661665000,142.5,1,142.0,6,143.0,15,1,2022-03-28 09:23:15
1648459423184766000,142.5,6,142.0,7,142.5,1,1,2022-03-28 09:23:43
1648459423213928000,142.5,1,142.0,7,143.0,14,1,2022-03-28 09:23:43
1648459445476428000,143.0,1,142.5,1,143.0,13,1,2022-03-28 09:24:05
1648459465830625000,143.0,1,142.5,6,143.0,13,1,2022-03-28 09:24:25
1648459480017158000,143.0,3,142.5,10,143.0,8,1,2022-03-28 09:24:40
1648459485486818000,143.0,8,143.0,5,143.5,12,1,2022-03-28 09:24:45
1648459487897616000,143.5,1,143.0,10,143.5,11,1,2022-03-28 09:24:47
1648459488136380000,143.5,2,143.0,10,143.5,9,1,2022-03-28 09:24:48
1648459491770954000,143.5,5,143.0,15,143.5,4,1,2022-03-28 09:24:51
1648459491798734000,143.5,4,143.0,15,144.0,17,1,2022-03-28 09:24:51
1648459491891759000,143.0,1,143.0,15,144.0,17,2,2022-03-28 09:24:51
1648459496414069000,143.5,1,143.0,15,143.5,1,2,2022-03-28 09:24:56
1648459496833560000,143.5,1,143.5,1,144.0,16,1,2022-03-28 09:24:56
1648459501959299000,143.5,1,143.0,11,144.0,15,2,2022-03-28 09:25:01
1648459511048545000,144.0,1,143.5,3,144.0,14,1,2022-03-28 09:25:11
1648459511169985000,143.5,1,143.5,2,144.0,14,2,2022-03-28 09:25:11
1648459511228510000,143.5,1,143.5,1,144.0,14,2,2022-03-28 09:25:11
1648459514459813000,143.5,2,143.0,13,144.0,11,2,2022-03-28 09:25:14
1648459531040627000,143.5,7,143.0,15,144.0,213,2,2022-03-28 09:25:31
1648459535570326000,143.5,1,143.0,15,144.0,13,2,2022-03-28 09:25:35
1648459537928429000,143.5,1,143.0,15,144.0,13,2,2022-03-28 09:25:37
1648459542291167000,143.5,2,143.0,15,143.5,1,1,2022-03-28 09:25:42
1648459558349730000,143.5,1,143.0,15,143.5,2,1,2022-03-28 09:25:58
1648459566024047000,143.5,1,143.0,15,143.5,1,1,2022-03-28 09:26:06
1648459576259747000,143.5,1,143.0,15,144.0,15,1,2022-03-28 09:26:16
1648459579180947000,144.0,5,143.5,1,144.0,11,1,2022-03-28 09:26:19
1648459589587191000,144.0,1,143.5,7,144.0,9,1,2022-03-28 09:26:29
1648459591096673000,144.0,1,143.5,9,144.0,8,1,2022-03-28 09:26:31
1648459592367050000,144.0,1,143.5,11,144.0,7,1,2022-03-28 09:26:32
1648459593791738000,144.0,2,143.5,13,144.0,5,1,2022-03-28 09:26:33
1648459606330729000,144.0,1,143.5,18,144.0,6,1,2022-03-28 09:26:46
1648459609562227000,143.5,1,143.5,17,144.0,6,2,2022-03-28 09:26:49
1648459609833542000,144.0,1,143.5,17,144.0,7,1,2022-03-28 09:26:49
1648459610148157000,144.0,1,143.5,16,144.0,4,1,2022-03-28 09:26:50
1648459612907172000,144.0,2,143.5,16,144.0,2,1,2022-03-28 09:26:52
1648459619225278000,143.5,5,143.5,11,144.0,37,2,2022-03-28 09:26:59
1648459620761869000,143.5,11,143.0,12,143.5,5,2,2022-03-28 09:27:00
1648459632035501000,143.0,1,143.0,9,143.5,57,2,2022-03-28 09:27:12
1648459632064583000,143.0,5,143.0,4,143.5,57,2,2022-03-28 09:27:12
1648459632093503000,143.0,2,143.0,2,143.5,57,2,2022-03-28 09:27:12
1648459634974635000,143.0,1,143.0,2,143.5,57,2,2022-03-28 09:27:14
1648459642283808000,143.0,1,143.0,2,143.5,57,2,2022-03-28 09:27:22
1648459644809369000,143.0,2,142.5,14,143.5,62,2,2022-03-28 09:27:24
1648459660845208000,142.5,8,142.0,9,142.5,2,2,2022-03-28 09:27:40
1648459660878695000,142.5,2,142.0,9,143.0,1,1,2022-03-28 09:27:40
1648459661175826000,143.0,2,143.0,1,143.5,62,1,2022-03-28 09:27:41
1648459663390426000,143.0,1,143.0,1,143.5,62,2,2022-03-28 09:27:43
1648459680448370000,143.0,1,141.5,28,143.5,27,2,2022-03-28 09:28:00
1648459680448370000,142.5,1,141.5,28,143.5,27,2,2022-03-28 09:28:00
1648459680448370000,142.0,10,141.5,28,143.5,27,2,2022-03-28 09:28:00
1648459697100218000,142.5,1,142.0,9,143.0,1,2,2022-03-28 09:28:17
1648459716287618000,142.5,1,142.0,6,143.0,48,1,2022-03-28 09:28:36
1648459729920157000,142.5,1,142.0,13,143.0,47,2,2022-03-28 09:28:49
1648459756715641000,142.5,1,142.0,13,143.0,50,2,2022-03-28 09:29:16
1648459797935254000,143.0,2,142.5,2,143.0,47,1,2022-03-28 09:29:57
1648459810691368000,142.5,1,142.5,1,143.0,47,2,2022-03-28 09:30:10
1648459824147135000,142.5,1,142.0,17,143.0,46,2,2022-03-28 09:30:24
1648459830666290000,142.5,1,142.5,3,143.0,46,2,2022-03-28 09:30:30
1648459834522079000,142.5,2,142.5,1,143.0,46,2,2022-03-28 09:30:34
1648459835585293000,142.5,1,142.0,17,142.5,1,2,2022-03-28 09:30:35
1648459887264864000,142.5,1,142.0,14,142.5,5,1,2022-03-28 09:31:27
1648459930941686000,142.5,1,142.0,14,142.5,4,1,2022-03-28 09:32:10
1648459930979949000,142.5,1,142.0,14,142.5,3,1,2022-03-28 09:32:10
1648459935725436000,142.5,1,142.0,17,142.5,2,1,2022-03-28 09:32:15
1648459935952129000,142.5,2,142.0,17,143.0,47,1,2022-03-28 09:32:15
1648460033655977000,142.5,1,142.0,15,142.5,1,1,2022-03-28 09:33:53
1648460040006542000,142.5,1,142.0,15,143.0,45,1,2022-03-28 09:34:00
1648460072056396000,142.5,1,142.5,1,143.0,46,2,2022-03-28 09:34:32
1648460076686927000,142.5,1,142.0,15,143.0,46,2,2022-03-28 09:34:36
1648460155270759000,142.0,1,142.0,17,142.5,16,2,2022-03-28 09:35:55
1648460158333675000,142.5,1,142.0,17,142.5,15,1,2022-03-28 09:35:58
1648460158580269000,142.5,2,142.0,17,142.5,13,1,2022-03-28 09:35:58
1648460162753493000,142.5,1,142.0,17,142.5,13,1,2022-03-28 09:36:02
1648460221868254000,142.5,1,142.0,17,142.5,12,1,2022-03-28 09:37:01
1648460246657629000,142.5,1,142.0,17,142.5,10,1,2022-03-28 09:37:26
1648460246925024000,142.5,2,142.0,17,142.5,8,1,2022-03-28 09:37:26
1648460280048295000,142.5,7,143.0,8,143.5,21,1,2022-03-28 09:38:00
1648460280048295000,143.0,45,143.0,8,143.5,21,1,2022-03-28 09:38:00
1648460281409904000,143.0,1,143.0,7,143.5,20,2,2022-03-28 09:38:01
1648460283405796000,143.5,2,142.0,18,143.5,8,1,2022-03-28 09:38:03
1648460291308527000,143.5,1,142.5,14,143.5,7,1,2022-03-28 09:38:11
1648460291341004000,143.5,3,142.5,14,143.5,4,1,2022-03-28 09:38:11
1648460291552138000,143.5,4,142.5,16,144.0,17,1,2022-03-28 09:38:11
1648460304240054000,144.0,1,143.5,4,144.0,15,1,2022-03-28 09:38:24
1648460304509142000,144.0,2,143.5,4,144.0,13,1,2022-03-28 09:38:24
1648460311872709000,144.0,1,143.5,5,144.0,11,1,2022-03-28 09:38:31
1648460312111210000,144.0,2,143.5,5,144.0,9,1,2022-03-28 09:38:32
1648460312136832000,144.0,6,143.5,5,144.0,3,1,2022-03-28 09:38:32
1648460312136856000,144.0,3,143.5,5,144.5,25,1,2022-03-28 09:38:32
1648460315164170000,144.5,1,143.5,9,144.5,21,1,2022-03-28 09:38:35
1648460319709212000,144.5,1,143.5,9,144.5,20,1,2022-03-28 09:38:39
1648460320016280000,144.5,1,144.0,1,144.5,19,1,2022-03-28 09:38:40
1648460322886990000,144.0,1,143.5,7,144.5,19,2,2022-03-28 09:38:42
1648460324259773000,144.5,1,143.5,7,144.5,18,1,2022-03-28 09:38:44
1648460326041233000,144.5,3,144.0,1,144.5,15,1,2022-03-28 09:38:46
1648460326880949000,144.5,16,144.0,2,145.0,1,1,2022-03-28 09:38:46
1648460326880949000,145.0,34,144.0,2,145.0,1,1,2022-03-28 09:38:46
1648460326911080000,145.0,1,144.0,4,145.5,7,1,2022-03-28 09:38:46
1648460326911080000,145.5,5,144.0,4,145.5,7,1,2022-03-28 09:38:46
1648460326911184000,145.5,3,144.0,4,145.5,4,1,2022-03-28 09:38:46
1648460326971750000,145.0,1,144.5,3,146.0,80,1,2022-03-28 09:38:46
1648460327275750000,146.0,3,145.0,2,146.0,77,1,2022-03-28 09:38:47
1648460331620830000,145.5,1,145.0,5,146.0,77,1,2022-03-28 09:38:51
1648460332088493000,145.0,2,145.0,3,146.0,77,2,2022-03-28 09:38:52
1648460334804269000,145.5,1,145.0,4,146.0,77,1,2022-03-28 09:38:54
1648460335662800000,146.0,1,145.0,4,146.0,76,1,2022-03-28 09:38:55
1648460336047723000,146.0,2,145.0,9,146.0,74,1,2022-03-28 09:38:56
1648460336641613000,145.0,1,145.0,9,146.0,74,2,2022-03-28 09:38:56
1648460337612915000,145.5,2,145.0,9,145.5,1,1,2022-03-28 09:38:57
1648460339632591000,145.5,1,145.0,9,146.0,74,1,2022-03-28 09:38:59
1648460341238478000,145.0,1,145.0,8,145.5,1,2,2022-03-28 09:39:01
1648460341832412000,145.5,1,145.0,8,146.0,75,1,2022-03-28 09:39:01
1648460346687248000,145.5,1,145.0,9,146.0,74,2,2022-03-28 09:39:06
1648460350380217000,145.5,1,145.5,1,146.0,74,2,2022-03-28 09:39:10
1648460351328331000,145.5,1,145.0,10,146.0,74,2,2022-03-28 09:39:11
1648460352752589000,145.5,1,145.5,1,146.0,74,2,2022-03-28 09:39:12
1648460357879573000,146.0,50,145.5,2,146.0,24,1,2022-03-28 09:39:17
1648460357918868000,146.0,6,145.5,2,146.0,18,1,2022-03-28 09:39:17
1648460360674367000,146.0,18,145.5,391,146.5,27,1,2022-03-28 09:39:20
1648460363633917000,146.0,1,145.5,4,146.5,47,2,2022-03-28 09:39:23
1648460365355377000,146.5,10,145.5,4,146.5,44,1,2022-03-28 09:39:25
1648460366091531000,146.5,1,145.5,4,146.5,43,1,2022-03-28 09:39:26
1648460366856430000,146.5,1,145.5,4,146.5,42,1,2022-03-28 09:39:26
1648460368580432000,146.0,1,145.5,5,146.5,40,2,2022-03-28 09:39:28
1648460370462844000,146.5,2,146.0,1,146.5,39,1,2022-03-28 09:39:30
1648460373445224000,146.5,7,146.0,392,146.5,32,1,2022-03-28 09:39:33
1648460375417566000,146.5,1,146.0,8,146.5,31,1,2022-03-28 09:39:35
1648460376374926000,146.5,1,146.0,9,146.5,30,1,2022-03-28 09:39:36
1648460376484309000,146.5,1,146.0,9,146.5,29,1,2022-03-28 09:39:36
1648460379104995000,146.0,1,146.0,12,146.5,29,2,2022-03-28 09:39:39
1648460379136607000,146.0,12,145.5,18,146.5,29,2,2022-03-28 09:39:39
1648460381351042000,146.0,1,145.5,18,146.0,4,1,2022-03-28 09:39:41
1648460382182336000,146.0,1,145.5,18,146.0,6,1,2022-03-28 09:39:42
1648460382464026000,146.0,1,145.5,18,146.0,5,1,2022-03-28 09:39:42
1648460384074285000,146.0,1,145.5,19,146.0,4,1,2022-03-28 09:39:44
1648460384389595000,146.0,1,145.5,19,146.0,3,1,2022-03-28 09:39:44
1648460384620445000,145.5,19,145.0,9,145.5,1,2,2022-03-28 09:39:44
1648460384657779000,145.0,1,145.0,8,145.5,1,2,2022-03-28 09:39:44
1648460384657889000,145.0,1,145.0,7,145.5,1,2,2022-03-28 09:39:44
1648460384676859000,145.0,1,145.0,6,145.5,1,2,2022-03-28 09:39:44
1648460385713425000,145.5,1,145.0,8,145.5,4,1,2022-03-28 09:39:45
1648460387603774000,145.0,1,145.0,7,145.5,4,2,2022-03-28 09:39:47
1648460393085155000,145.0,1,145.0,7,145.5,5,2,2022-03-28 09:39:53
1648460410169700000,145.0,1,145.0,10,145.5,4,2,2022-03-28 09:40:10
1648460410789294000,145.5,1,145.0,12,145.5,3,1,2022-03-28 09:40:10
1648460410891634000,145.5,1,145.0,12,145.5,2,1,2022-03-28 09:40:10
1648460411035069000,145.5,2,145.0,12,146.0,5,1,2022-03-28 09:40:11
1648460422674730000,146.0,1,145.5,7,146.0,4,1,2022-03-28 09:40:22
1648460424555750000,146.0,1,145.5,7,146.0,3,1,2022-03-28 09:40:24
1648460427887619000,146.0,1,145.5,10,146.0,4,1,2022-03-28 09:40:27
1648460429640619000,146.0,1,145.5,10,146.0,3,1,2022-03-28 09:40:29
1648460433341529000,146.0,1,145.5,10,146.0,3,1,2022-03-28 09:40:33
1648460433756503000,146.0,1,145.5,10,146.0,3,1,2022-03-28 09:40:33
1648460436206830000,146.0,1,145.5,11,146.0,2,1,2022-03-28 09:40:36
1648460437013765000,146.0,1,145.5,11,146.0,1,1,2022-03-28 09:40:37
1648460438206471000,146.5,1,146.0,1,146.5,29,1,2022-03-28 09:40:38
1648460443498047000,146.5,1,146.0,2,146.5,29,1,2022-03-28 09:40:43
1648460443837907000,146.0,1,146.0,1,146.5,29,2,2022-03-28 09:40:43
1648460443862249000,146.0,1,145.5,13,146.5,29,2,2022-03-28 09:40:43
1648460444615397000,146.5,1,146.0,1,146.5,28,1,2022-03-28 09:40:44
1648460447452945000,146.5,5,146.0,1,146.5,23,1,2022-03-28 09:40:47
1648460450573138000,146.0,3,145.5,11,146.0,7,2,2022-03-28 09:40:50
1648460451333856000,146.0,2,145.5,11,146.0,5,1,2022-03-28 09:40:51
1648460451359233000,146.0,1,145.5,11,146.0,4,1,2022-03-28 09:40:51
1648460454165565000,145.5,11,145.0,8,145.5,9,2,2022-03-28 09:40:54
1648460455456055000,145.5,2,145.0,8,145.5,7,1,2022-03-28 09:40:55
1648460455767128000,145.5,1,145.0,8,145.5,6,1,2022-03-28 09:40:55
1648460459465529000,145.5,1,145.0,8,145.5,5,1,2022-03-28 09:40:59
1648460464304056000,145.5,1,145.0,9,145.5,7,1,2022-03-28 09:41:04
1648460464482414000,145.5,5,145.0,9,145.5,2,1,2022-03-28 09:41:04
1648460468511243000,145.5,1,145.0,10,145.5,1,1,2022-03-28 09:41:08
1648460469933965000,145.5,1,145.0,10,145.5,1,1,2022-03-28 09:41:09
1648460471129563000,145.5,1,145.0,10,146.0,15,1,2022-03-28 09:41:11
1648460474499311000,146.0,1,145.5,1,146.0,14,1,2022-03-28 09:41:14
1648460478073760000,146.0,1,145.5,2,146.0,13,1,2022-03-28 09:41:18
1648460488389185000,146.0,1,145.5,2,146.0,11,1,2022-03-28 09:41:28
1648460495528410000,146.0,1,145.5,4,146.0,10,1,2022-03-28 09:41:35
1648460507855948000,145.5,1,145.5,3,146.0,11,2,2022-03-28 09:41:47
1648460509192830000,146.0,2,145.5,3,146.0,9,1,2022-03-28 09:41:49
1648460509465556000,145.5,1,145.5,2,146.0,9,2,2022-03-28 09:41:49
1648460511284389000,145.5,1,145.5,1,146.0,10,2,2022-03-28 09:41:51
1648460511315554000,145.5,1,145.0,13,146.0,10,2,2022-03-28 09:41:51
1648460529292753000,145.5,1,145.0,11,145.5,8,1,2022-03-28 09:42:09
1648460532720668000,145.0,11,144.5,7,145.0,9,2,2022-03-28 09:42:12
1648460583869385000,145.0,1,144.5,6,145.0,8,1,2022-03-28 09:43:03
1648460617438832000,145.0,1,144.5,8,145.0,8,1,2022-03-28 09:43:37
1648460622701429000,145.0,1,144.5,8,145.0,7,1,2022-03-28 09:43:42
1648460622790342000,145.0,1,144.5,8,145.0,6,1,2022-03-28 09:43:42
1648460639993299000,144.5,3,144.5,9,145.0,7,2,2022-03-28 09:43:59
1648460640125379000,144.5,1,144.5,8,145.0,6,2,2022-03-28 09:44:00
1648460642490668000,144.5,5,144.5,3,145.0,7,2,2022-03-28 09:44:02
1648460642525593000,144.5,3,144.0,9,145.0,7,2,2022-03-28 09:44:02
1648460652577263000,144.0,1,144.0,6,144.5,1,2,2022-03-28 09:44:12
1648460655962066000,144.0,2,144.0,4,144.5,1,2,2022-03-28 09:44:15
1648460657434539000,144.0,1,144.0,3,144.5,1,2,2022-03-28 09:44:17
1648460667771399000,144.0,4,142.5,13,144.5,2,2,2022-03-28 09:44:27
1648460667771399000,143.5,11,142.5,13,144.5,2,2,2022-03-28 09:44:27
1648460667771399000,143.0,14,142.5,13,144.5,2,2,2022-03-28 09:44:27
1648460667771399000,142.5,21,142.5,13,144.5,2,2,2022-03-28 09:44:27
1648460668635497000,142.5,6,142.5,8,143.0,2,2,2022-03-28 09:44:28
1648460674770331000,142.5,1,142.5,7,143.5,5,2,2022-03-28 09:44:34
1648460675585681000,143.0,1,142.5,8,143.5,5,2,2022-03-28 09:44:35
1648460802545455000,143.0,1,143.0,23,143.5,6,2,2022-03-28 09:46:42
1648460804505853000,143.5,1,143.0,23,143.5,5,1,2022-03-28 09:46:44
1648460817193579000,143.5,1,143.0,25,143.5,5,1,2022-03-28 09:46:57
1648460820058495000,143.5,3,143.0,25,143.5,2,1,2022-03-28 09:47:00
1648460820090426000,143.5,1,143.0,25,143.5,1,1,2022-03-28 09:47:00
1648460820091454000,143.5,1,143.0,25,144.0,5,1,2022-03-28 09:47:00
1648460825237512000,143.5,1,143.0,24,144.0,3,2,2022-03-28 09:47:05
1648460858124348000,143.5,1,143.5,3,144.0,2,2,2022-03-28 09:47:38
1648460858158956000,143.5,3,143.0,16,144.0,2,2,2022-03-28 09:47:38
1648460858670614000,143.0,1,143.0,15,144.0,2,2,2022-03-28 09:47:38
1648460860768489000,143.0,1,143.0,13,143.5,1,2,2022-03-28 09:47:40
1648460881881930000,143.0,1,143.0,12,143.5,1,2,2022-03-28 09:48:01
1648460882672033000,143.0,1,143.0,11,143.5,1,2,2022-03-28 09:48:02
1648460910652926000,143.5,1,143.0,12,144.0,2,1,2022-03-28 09:48:30
1648460920928709000,143.5,1,143.0,12,144.0,3,2,2022-03-28 09:48:40
1648460959720443000,143.5,2,143.0,13,144.0,5,2,2022-03-28 09:49:19
1648461065126520000,143.5,1,143.0,15,143.5,1,1,2022-03-28 09:51:05
1648461069422066000,143.5,1,143.0,14,144.0,5,1,2022-03-28 09:51:09
1648461196286731000,144.0,2,143.5,8,144.0,2,1,2022-03-28 09:53:16
1648461196306230000,144.0,1,143.5,8,144.0,1,1,2022-03-28 09:53:16
1648461196326286000,144.0,1,143.5,8,144.5,8,1,2022-03-28 09:53:16
1648461216847840000,144.0,1,143.5,19,144.5,5,1,2022-03-28 09:53:36
1648461216903366000,144.0,2,143.5,19,144.5,6,2,2022-03-28 09:53:36
1648461222632168000,144.0,2,143.5,19,144.5,6,2,2022-03-28 09:53:42
1648461236922341000,144.5,2,144.0,3,144.5,3,1,2022-03-28 09:53:56
1648461250057323000,144.5,1,144.0,4,145.0,13,1,2022-03-28 09:54:10
1648461250057323000,145.0,1,144.0,4,145.0,13,1,2022-03-28 09:54:10
1648461286009651000,144.5,2,144.0,7,144.5,1,1,2022-03-28 09:54:46
1648461299233869000,144.5,1,144.0,8,145.0,15,1,2022-03-28 09:54:59
1648461311830562000,144.5,1,144.0,13,145.0,9,1,2022-03-28 09:55:11
1648461311830562000,145.0,4,144.0,13,145.0,9,1,2022-03-28 09:55:11
1648461317741392000,145.0,1,144.0,14,145.0,8,1,2022-03-28 09:55:17
1648461318704322000,145.0,1,144.0,14,145.0,7,1,2022-03-28 09:55:18
1648461329802854000,145.0,1,144.5,2,145.0,6,1,2022-03-28 09:55:29
1648461337911872000,145.0,1,144.5,5,145.0,5,1,2022-03-28 09:55:37
1648461338690709000,145.0,1,144.5,6,145.0,4,1,2022-03-28 09:55:38
1648461341202076000,145.0,2,144.5,6,145.0,2,1,2022-03-28 09:55:41
1648461355648088000,145.0,1,144.5,6,145.0,1,1,2022-03-28 09:55:55
1648461359915690000,145.0,1,144.5,7,145.5,11,1,2022-03-28 09:55:59
1648461366134871000,145.0,1,144.5,6,145.5,11,2,2022-03-28 09:56:06
1648461370823618000,145.0,1,144.5,6,145.5,12,2,2022-03-28 09:56:10
1648461377503307000,145.0,1,144.5,6,145.5,12,2,2022-03-28 09:56:17
1648461393398751000,145.0,1,144.5,5,145.0,4,1,2022-03-28 09:56:33
1648461420935034000,144.5,1,144.5,4,145.0,8,2,2022-03-28 09:57:00
1648461483149539000,144.5,1,144.5,3,145.0,8,2,2022-03-28 09:58:03
1648461508862099000,144.5,3,144.0,14,145.0,8,2,2022-03-28 09:58:28
1648461552952928000,144.5,1,144.0,12,145.0,13,1,2022-03-28 09:59:12
1648461633223044000,144.5,1,144.5,1,145.0,11,2,2022-03-28 10:00:33
1648461704317528000,145.0,6,144.5,3,145.0,5,1,2022-03-28 10:01:44
1648461742449429000,145.0,1,144.5,7,145.0,4,1,2022-03-28 10:02:22
1648461749898220000,145.0,1,144.5,7,145.0,3,1,2022-03-28 10:02:29
1648461752840316000,145.0,1,144.5,7,145.0,2,1,2022-03-28 10:02:32
1648461765580397000,144.5,7,143.5,12,145.0,2,2,2022-03-28 10:02:45
1648461765580397000,144.0,14,143.5,12,145.0,2,2,2022-03-28 10:02:45
1648461765580397000,143.5,5,143.5,12,145.0,2,2,2022-03-28 10:02:45
1648461766042110000,144.5,1,143.5,13,145.0,5,1,2022-03-28 10:02:46
1648461778310007000,144.5,1,144.0,4,145.0,5,1,2022-03-28 10:02:58
1648462012866214000,145.0,1,144.5,7,145.0,7,1,2022-03-28 10:06:52
1648462019859496000,145.0,1,144.5,8,145.0,5,1,2022-03-28 10:06:59
1648462029443401000,145.0,1,144.5,8,145.0,4,1,2022-03-28 10:07:09
1648462066501842000,145.0,4,144.5,9,145.5,18,1,2022-03-28 10:07:46
1648462085944303000,145.5,1,145.0,2,145.5,16,1,2022-03-28 10:08:05
1648462102310273000,145.5,1,145.0,2,145.5,15,1,2022-03-28 10:08:22
1648462110563750000,145.5,1,145.0,2,145.5,14,1,2022-03-28 10:08:30
1648462116598656000,145.5,1,145.0,2,145.5,13,1,2022-03-28 10:08:36
1648462126345089000,145.5,1,145.0,2,145.5,12,1,2022-03-28 10:08:46
1648462127796476000,145.5,1,145.0,2,145.5,11,1,2022-03-28 10:08:47
1648462158361732000,145.5,1,145.0,5,145.5,8,1,2022-03-28 10:09:18
1648462166389105000,145.5,1,145.0,5,145.5,7,1,2022-03-28 10:09:26
1648462187809567000,145.5,5,145.0,5,145.5,2,1,2022-03-28 10:09:47
1648462187828902000,145.5,2,145.0,5,146.0,29,1,2022-03-28 10:09:47
1648462199296385000,145.5,1,145.0,7,146.0,29,2,2022-03-28 10:09:59
1648462231843525000,145.5,1,145.0,4,146.0,30,2,2022-03-28 10:10:31
1648462251606537000,145.0,1,145.0,1,145.5,1,2,2022-03-28 10:10:51
1648462313061657000,145.0,1,145.0,1,145.5,3,2,2022-03-28 10:11:53
1648462313086867000,145.0,1,144.5,11,145.5,3,2,2022-03-28 10:11:53
1648462387384876000,145.0,2,144.5,9,145.0,1,1,2022-03-28 10:13:07
1648462400087866000,145.0,1,145.0,1,145.5,16,1,2022-03-28 10:13:20
1648462404811289000,145.0,1,144.5,8,145.5,16,2,2022-03-28 10:13:24
1648462556889443000,145.0,1,144.5,7,145.0,3,1,2022-03-28 10:15:56
1648462565110005000,145.0,1,144.5,7,145.0,2,1,2022-03-28 10:16:05
1648462639081122000,144.5,6,144.0,18,144.5,2,2,2022-03-28 10:17:19
1648462653908190000,144.0,2,144.0,16,145.0,2,2,2022-03-28 10:17:33
1648462659999270000,144.0,1,144.0,12,145.0,5,2,2022-03-28 10:17:39
1648462700033455000,144.0,1,144.0,9,144.5,3,2,2022-03-28 10:18:20
1648462707925608000,144.0,5,144.0,4,144.5,3,2,2022-03-28 10:18:27
1648462707953410000,144.0,4,143.5,24,144.5,4,2,2022-03-28 10:18:27
1648462754939030000,144.0,1,143.5,22,144.5,4,2,2022-03-28 10:19:14
1648462843408299000,144.0,1,144.0,1,144.5,3,2,2022-03-28 10:20:43
1648462858984862000,144.5,1,144.0,3,144.5,2,1,2022-03-28 10:20:58
1648462860401687000,144.0,2,144.0,1,144.5,2,2,2022-03-28 10:21:00
1648462925520425000,144.0,1,144.0,7,144.5,3,2,2022-03-28 10:22:05
1648463021941387000,144.0,1,144.0,7,144.5,3,2,2022-03-28 10:23:41
1648463100816581000,144.0,1,144.0,6,144.5,4,2,2022-03-28 10:25:00
1648463146638592000,144.0,1,144.0,5,144.5,8,2,2022-03-28 10:25:46
1648463146652653000,144.0,2,144.0,3,144.5,8,2,2022-03-28 10:25:46
1648463146672510000,144.0,3,143.5,15,144.5,8,2,2022-03-28 10:25:46
1648463194589845000,143.5,1,143.5,14,144.0,1,2,2022-03-28 10:26:34
1648463218520073000,143.5,3,143.5,10,144.0,1,2,2022-03-28 10:26:58
1648463259604103000,143.5,10,143.0,17,144.0,2,2,2022-03-28 10:27:39
1648463270484981000,143.0,2,143.0,15,144.0,10,2,2022-03-28 10:27:50
1648463270969135000,143.0,12,143.0,3,144.0,10,2,2022-03-28 10:27:50
1648463270995807000,143.0,3,142.5,6,144.0,10,2,2022-03-28 10:27:50
1648463302384407000,143.0,1,142.5,6,143.0,2,1,2022-03-28 10:28:22
1648463322584331000,143.0,1,142.5,6,143.0,1,1,2022-03-28 10:28:42
1648463323105209000,142.5,1,142.5,5,143.0,1,2,2022-03-28 10:28:43
1648463333086059000,142.5,6,142.0,43,143.0,1,2,2022-03-28 10:28:53
1648463339473089000,142.5,1,142.0,42,142.5,1,1,2022-03-28 10:28:59
1648463351268462000,142.5,1,142.0,41,142.5,3,1,2022-03-28 10:29:11
1648463351743723000,142.5,2,142.0,41,142.5,2,1,2022-03-28 10:29:11
1648463367816620000,142.5,1,142.0,40,142.5,1,1,2022-03-28 10:29:27
1648463375282504000,142.5,1,142.0,40,142.5,1,1,2022-03-28 10:29:35
1648463381142982000,142.5,1,142.0,40,143.0,5,1,2022-03-28 10:29:41
1648463387202276000,142.5,1,142.0,38,143.0,5,1,2022-03-28 10:29:47
1648463419118280000,142.5,1,142.5,1,143.0,5,2,2022-03-28 10:30:19
1648463433674580000,142.5,1,142.5,1,143.0,7,2,2022-03-28 10:30:33
1648463446881691000,142.5,1,142.0,36,143.0,7,2,2022-03-28 10:30:46
1648463457378244000,142.5,1,142.0,26,142.5,12,1,2022-03-28 10:30:57
1648463533329229000,142.5,5,142.0,33,142.5,11,1,2022-03-28 10:32:13
1648463536680242000,142.5,1,142.0,32,142.5,10,1,2022-03-28 10:32:16
1648463550216092000,142.5,1,142.0,32,142.5,9,1,2022-03-28 10:32:30
1648463572246795000,142.0,30,142.0,2,142.5,9,2,2022-03-28 10:32:52
1648463572280796000,142.0,2,141.5,22,142.5,9,2,2022-03-28 10:32:52
1648463579602151000,142.5,1,141.5,22,142.5,9,1,2022-03-28 10:32:59
1648463599398978000,142.0,1,141.5,21,142.0,1,1,2022-03-28 10:33:19
1648463640277017000,141.5,1,141.5,21,142.0,4,2,2022-03-28 10:34:00
1648463644802158000,141.5,3,141.5,18,142.0,6,2,2022-03-28 10:34:04
1648463659587362000,141.5,1,141.5,15,142.0,5,2,2022-03-28 10:34:19
1648463659816353000,142.0,1,141.5,15,142.0,6,1,2022-03-28 10:34:19
1648463662823327000,141.5,1,141.5,14,142.0,8,2,2022-03-28 10:34:22
1648463686164130000,141.5,1,141.5,15,142.0,12,2,2022-03-28 10:34:46
1648463690746405000,141.5,1,141.5,16,142.0,12,2,2022-03-28 10:34:50
1648463693759201000,141.5,10,141.5,6,142.0,12,2,2022-03-28 10:34:53
1648463693783042000,141.5,6,141.0,45,142.0,12,2,2022-03-28 10:34:53
1648463736102039000,141.5,1,141.0,45,141.5,6,1,2022-03-28 10:35:36
1648463739696002000,141.5,2,141.0,46,141.5,4,1,2022-03-28 10:35:39
1648463768399408000,141.5,4,141.5,6,142.0,11,1,2022-03-28 10:36:08
1648463777843460000,142.0,1,141.5,6,142.0,9,1,2022-03-28 10:36:17
1648463799268571000,142.0,2,141.5,15,142.0,5,1,2022-03-28 10:36:39
1648463804081193000,142.0,1,141.5,15,142.0,4,1,2022-03-28 10:36:44
1648463810366101000,142.0,1,141.5,15,142.0,2,1,2022-03-28 10:36:50
1648463810708291000,142.0,1,141.5,15,142.0,1,1,2022-03-28 10:36:50
1648463810740533000,142.0,1,141.5,15,142.5,5,1,2022-03-28 10:36:50
1648463819985137000,142.0,1,142.0,5,142.5,4,2,2022-03-28 10:36:59
1648463893201459000,142.0,1,142.0,7,142.5,6,2,2022-03-28 10:38:13
1648463987735628000,142.0,2,142.0,8,142.5,8,2,2022-03-28 10:39:47
1648463990779436000,142.0,1,142.0,7,142.5,8,2,2022-03-28 10:39:50
1648464057977138000,142.0,1,142.0,7,142.5,8,2,2022-03-28 10:40:57
1648464155258208000,142.0,1,142.0,8,142.5,6,2,2022-03-28 10:42:35
1648464217679909000,142.5,2,142.0,11,142.5,4,1,2022-03-28 10:43:37
1648464219124789000,142.0,1,142.0,10,142.5,4,2,2022-03-28 10:43:39
1648464244863688000,142.0,2,142.0,8,142.5,4,2,2022-03-28 10:44:04
1648464261104916000,142.0,1,142.0,7,142.5,4,2,2022-03-28 10:44:21
1648464265328140000,142.5,1,142.0,7,142.5,3,1,2022-03-28 10:44:25
1648464293411214000,142.5,1,142.0,7,142.5,3,1,2022-03-28 10:44:53
1648464335091528000,142.5,3,142.0,8,143.0,7,1,2022-03-28 10:45:35
1648464378068652000,143.0,1,142.0,16,143.0,6,1,2022-03-28 10:46:18
1648464414636476000,143.0,2,142.5,5,143.0,4,1,2022-03-28 10:46:54
1648464456777273000,143.0,1,142.5,5,143.0,3,1,2022-03-28 10:47:36
1648464461564821000,143.0,1,142.5,6,143.0,2,1,2022-03-28 10:47:41
1648464529042031000,143.0,1,142.5,10,143.5,10,1,2022-03-28 10:48:49
1648464625662711000,143.0,2,142.5,6,143.5,8,1,2022-03-28 10:50:25
1648464695634965000,143.0,1,142.5,6,143.5,8,1,2022-03-28 10:51:35
1648464697638430000,143.0,1,142.5,6,143.5,8,1,2022-03-28 10:51:37
1648464757272734000,143.0,1,142.5,6,143.0,2,1,2022-03-28 10:52:37
1648465044131136000,143.0,10,142.5,12,143.5,10,1,2022-03-28 10:57:24
1648465176745399000,143.0,1,143.0,18,143.5,7,2,2022-03-28 10:59:36
1648465267526609000,143.5,1,143.0,16,143.5,6,1,2022-03-28 11:01:07
1648465294920775000,143.5,1,143.0,16,143.5,7,1,2022-03-28 11:01:34
1648465297975401000,143.5,1,143.0,16,143.5,6,1,2022-03-28 11:01:37
1648465303909440000,143.5,1,143.0,16,143.5,3,1,2022-03-28 11:01:43
1648465315042454000,143.5,3,143.5,2,144.0,10,1,2022-03-28 11:01:55
1648465450886439000,144.0,1,143.5,12,144.0,7,1,2022-03-28 11:04:10
1648465466301383000,144.0,1,143.5,12,144.0,6,1,2022-03-28 11:04:26
1648465467883380000,144.0,2,143.5,10,144.0,4,1,2022-03-28 11:04:27
1648465469599196000,144.0,1,143.5,10,144.0,3,1,2022-03-28 11:04:29
1648465484795044000,144.0,1,143.5,10,144.0,4,1,2022-03-28 11:04:44
1648465495834257000,144.0,4,143.5,5,144.5,6,1,2022-03-28 11:04:55
1648465499721941000,144.0,1,143.5,5,144.5,9,2,2022-03-28 11:04:59
1648465531686796000,144.0,1,143.5,5,144.0,2,1,2022-03-28 11:05:31
1648465572116797000,144.0,1,143.5,6,144.0,2,1,2022-03-28 11:06:12
1648465961643148000,144.0,1,143.5,7,144.0,7,1,2022-03-28 11:12:41
1648466067270300000,143.5,2,143.5,5,144.0,9,2,2022-03-28 11:14:27
1648466067306291000,143.5,2,143.5,3,144.0,9,2,2022-03-28 11:14:27
1648466074645311000,143.5,2,143.5,1,144.0,9,2,2022-03-28 11:14:34
1648466074686694000,143.5,1,143.0,13,144.0,9,2,2022-03-28 11:14:34
1648466418440961000,143.0,1,143.0,11,143.5,11,2,2022-03-28 11:20:18
1648466434195204000,143.0,1,143.0,10,143.5,11,2,2022-03-28 11:20:34
1648466448334149000,143.0,1,143.0,9,143.5,11,2,2022-03-28 11:20:48
1648466460418241000,143.0,1,143.0,8,143.5,12,2,2022-03-28 11:21:00
1648466475804601000,143.0,1,143.0,7,143.5,11,2,2022-03-28 11:21:15
1648466481809971000,143.0,1,143.0,6,143.5,11,2,2022-03-28 11:21:21
1648466482401795000,143.0,1,143.0,5,143.5,10,2,2022-03-28 11:21:22
1648466560002232000,143.0,1,143.0,4,143.5,8,2,2022-03-28 11:22:40
1648466588231548000,143.0,2,143.0,2,143.5,8,2,2022-03-28 11:23:08
1648466605416109000,143.0,1,143.0,2,143.5,7,2,2022-03-28 11:23:25
1648466629190247000,143.0,1,142.5,12,143.5,7,2,2022-03-28 11:23:49
1648466762313653000,142.5,1,142.5,11,143.0,1,2,2022-03-28 11:26:02
1648466812541592000,142.5,1,142.5,11,143.5,8,2,2022-03-28 11:26:52
1648467377671426000,143.0,6,143.0,10,143.5,11,1,2022-03-28 11:36:17
1648467417463810000,143.5,1,143.0,10,143.5,9,1,2022-03-28 11:36:57
1648467440069079000,143.5,9,143.0,10,144.0,14,1,2022-03-28 11:37:20
1648467467224735000,143.5,1,143.0,11,144.0,13,1,2022-03-28 11:37:47
1648467511932185000,143.5,1,143.0,21,143.5,5,1,2022-03-28 11:38:31
1648467515693217000,143.5,5,143.5,5,144.0,7,1,2022-03-28 11:38:35
1648467621916136000,144.0,2,143.5,5,144.0,4,1,2022-03-28 11:40:21
1648467629989290000,144.0,1,143.5,5,144.0,3,1,2022-03-28 11:40:29
1648467641196752000,144.0,3,144.0,1,144.5,12,1,2022-03-28 11:40:41
1648467648819391000,144.0,1,143.5,10,144.5,16,2,2022-03-28 11:40:48
1648467820854767000,143.5,1,143.5,20,144.0,300,2,2022-03-28 11:43:40
1648467820888464000,143.5,1,143.5,19,144.0,300,2,2022-03-28 11:43:40
1648467825708875000,144.0,1,143.5,19,144.5,14,2,2022-03-28 11:43:45
1648467968219616000,144.0,5,143.5,18,144.5,10,1,2022-03-28 11:46:08
1648467997001423000,144.0,1,143.5,18,144.0,1,1,2022-03-28 11:46:37
1648468021098912000,144.0,1,144.0,4,144.5,11,1,2022-03-28 11:47:01
1648468080426089000,144.0,1,144.0,4,144.5,11,2,2022-03-28 11:48:00
1648468313682388000,144.0,1,144.0,10,144.5,12,2,2022-03-28 11:51:53
1648468346002476000,144.5,5,144.0,10,144.5,7,1,2022-03-28 11:52:26
1648468349040584000,144.5,1,144.0,10,144.5,6,1,2022-03-28 11:52:29
1648468355874724000,144.5,6,144.5,4,145.0,22,1,2022-03-28 11:52:35
1648468397442104000,145.0,4,144.5,9,145.0,19,1,2022-03-28 11:53:17
1648468435647861000,144.5,1,144.5,6,145.0,21,2,2022-03-28 11:53:55
1648468466233914000,145.0,1,144.5,7,145.0,23,1,2022-03-28 11:54:26
1648468476689328000,145.0,25,145.0,5,145.5,22,1,2022-03-28 11:54:36
1648468477343441000,145.5,2,145.0,5,145.5,20,1,2022-03-28 11:54:37
1648468495766554000,145.5,1,145.0,13,145.5,19,1,2022-03-28 11:54:55
1648468504809745000,145.5,1,145.0,23,145.5,18,1,2022-03-28 11:55:04
1648468524993641000,145.5,2,145.0,22,145.5,18,1,2022-03-28 11:55:24
1648468532559944000,145.5,1,145.0,22,145.5,18,1,2022-03-28 11:55:32
1648468535080354000,145.5,5,145.0,22,145.5,13,1,2022-03-28 11:55:35
1648468536177309000,145.5,1,145.0,21,145.5,12,1,2022-03-28 11:55:36
1648468538212577000,145.5,1,145.0,21,145.5,11,1,2022-03-28 11:55:38
1648468547124232000,145.5,2,145.0,21,145.5,9,1,2022-03-28 11:55:47
1648468548876661000,145.5,6,145.0,21,145.5,3,1,2022-03-28 11:55:48
1648468549200351000,145.5,1,145.0,21,145.5,2,1,2022-03-28 11:55:49
1648468549200371000,145.5,1,145.0,21,145.5,1,1,2022-03-28 11:55:49
1648468549201242000,145.5,1,145.0,21,146.0,45,1,2022-03-28 11:55:49
1648468562751570000,146.0,1,145.5,9,146.0,47,1,2022-03-28 11:56:02
1648468562805031000,146.0,1,145.5,9,146.0,46,1,2022-03-28 11:56:02
1648468562805808000,146.0,1,145.5,9,146.0,45,1,2022-03-28 11:56:02
1648468563558712000,146.0,2,145.5,9,146.0,43,1,2022-03-28 11:56:03
1648468566978818000,146.0,1,145.5,19,146.0,42,1,2022-03-28 11:56:06
1648468569582830000,146.0,10,145.5,19,146.0,32,1,2022-03-28 11:56:09
1648468570362362000,146.0,1,145.5,19,146.0,31,1,2022-03-28 11:56:10
1648468570814718000,146.0,20,145.5,19,146.0,11,1,2022-03-28 11:56:10
1648468570845975000,146.0,11,145.5,19,146.5,92,1,2022-03-28 11:56:10
1648468571775857000,146.5,3,145.5,20,146.5,89,1,2022-03-28 11:56:11
1648468573905214000,146.5,1,146.0,7,146.5,88,1,2022-03-28 11:56:13
1648468577429772000,146.5,4,146.0,27,146.5,83,1,2022-03-28 11:56:17
1648468578268658000,146.5,2,146.0,27,146.5,80,1,2022-03-28 11:56:18
1648468583016625000,146.5,2,146.0,27,146.5,76,1,2022-03-28 11:56:23
1648468593295190000,146.5,2,146.0,29,146.5,76,1,2022-03-28 11:56:33
1648468594079143000,146.5,1,146.0,29,146.5,75,1,2022-03-28 11:56:34
1648468596058494000,146.5,2,146.0,30,146.5,73,1,2022-03-28 11:56:36
1648468598581553000,146.5,1,146.0,30,146.5,72,1,2022-03-28 11:56:38
1648468606746521000,146.5,1,146.0,32,146.5,72,1,2022-03-28 11:56:46
1648468606959124000,146.0,1,146.0,36,146.5,72,2,2022-03-28 11:56:46
1648468609608032000,146.0,1,146.0,35,146.5,72,2,2022-03-28 11:56:49
1648468616296099000,146.0,1,146.0,30,146.5,75,2,2022-03-28 11:56:56
1648468618116976000,146.5,5,146.0,35,146.5,70,1,2022-03-28 11:56:58
1648468619425498000,146.0,1,146.0,37,146.5,70,2,2022-03-28 11:56:59
1648468630634786000,146.5,1,146.0,39,146.5,71,1,2022-03-28 11:57:10
1648468631583225000,146.5,4,146.0,40,146.5,67,1,2022-03-28 11:57:11
1648468638753745000,146.5,4,146.0,40,146.5,63,1,2022-03-28 11:57:18
1648468645194086000,146.5,1,146.0,52,146.5,62,1,2022-03-28 11:57:25
1648468649112405000,146.5,1,146.0,52,146.5,61,1,2022-03-28 11:57:29
1648468649338588000,146.5,3,146.0,52,146.5,58,1,2022-03-28 11:57:29
1648468649958345000,146.5,1,146.0,52,146.5,57,1,2022-03-28 11:57:29
1648468658493503000,146.5,2,146.0,51,146.5,55,1,2022-03-28 11:57:38
1648468668196536000,146.5,3,146.0,59,146.5,52,1,2022-03-28 11:57:48
1648468678601136000,146.5,3,146.0,59,146.5,49,1,2022-03-28 11:57:58
1648468678689938000,146.5,20,146.0,59,146.5,29,1,2022-03-28 11:57:58
1648468678715259000,146.5,4,146.0,59,146.5,25,1,2022-03-28 11:57:58
1648468680844998000,146.5,1,146.0,59,146.5,24,1,2022-03-28 11:58:00
1648468681046772000,146.5,1,146.0,65,146.5,23,1,2022-03-28 11:58:01
1648468681344959000,146.5,1,146.0,65,146.5,22,1,2022-03-28 11:58:01
1648468682525055000,146.5,1,146.0,65,146.5,21,1,2022-03-28 11:58:02
1648468683684237000,146.5,1,146.0,65,146.5,20,1,2022-03-28 11:58:03
1648468686390582000,146.5,1,146.0,65,146.5,19,1,2022-03-28 11:58:06
1648468687134931000,146.5,2,146.0,65,146.5,17,1,2022-03-28 11:58:07
1648468689071709000,146.5,4,146.0,65,146.5,13,1,2022-03-28 11:58:09
1648468689232551000,146.5,2,146.0,65,146.5,11,1,2022-03-28 11:58:09
1648468690049151000,146.5,1,146.0,65,146.5,11,1,2022-03-28 11:58:10
1648468690109715000,146.5,1,146.0,65,146.5,10,1,2022-03-28 11:58:10
1648468691476723000,146.5,1,146.0,65,146.5,9,1,2022-03-28 11:58:11
1648468693117806000,146.5,1,146.0,66,146.5,8,1,2022-03-28 11:58:13
1648468693576530000,146.5,1,146.0,66,146.5,7,1,2022-03-28 11:58:13
1648468694983227000,146.5,1,146.0,66,146.5,8,1,2022-03-28 11:58:14
1648468695905479000,146.5,1,146.0,65,146.5,7,1,2022-03-28 11:58:15
1648468696411318000,146.5,1,146.0,65,146.5,6,1,2022-03-28 11:58:16
1648468700442282000,146.5,2,146.0,65,146.5,4,1,2022-03-28 11:58:20
1648468701122756000,146.5,1,146.0,65,146.5,3,1,2022-03-28 11:58:21
1648468701665670000,146.0,2,146.0,63,146.5,3,2,2022-03-28 11:58:21
1648468702918887000,146.5,1,146.0,62,146.5,3,1,2022-03-28 11:58:22
1648468711422827000,146.5,1,146.0,62,146.5,5,1,2022-03-28 11:58:31
1648468722587982000,146.5,1,146.0,63,146.5,7,1,2022-03-28 11:58:42
1648468722604663000,146.5,1,146.0,63,146.5,6,1,2022-03-28 11:58:42
1648468722633124000,146.5,1,146.0,63,146.5,5,1,2022-03-28 11:58:42
1648468747022935000,146.5,1,146.0,63,146.5,7,1,2022-03-28 11:59:07
1648468762673013000,146.5,1,146.0,63,146.5,7,1,2022-03-28 11:59:22
1648468777862703000,146.5,2,146.0,63,146.5,7,1,2022-03-28 11:59:37
1648468781656696000,146.5,1,146.0,63,146.5,6,1,2022-03-28 11:59:41
1648468786688799000,146.0,1,146.0,62,146.5,8,2,2022-03-28 11:59:46
1648468786747934000,146.0,19,145.5,8,146.5,8,2,2022-03-28 11:59:46
1648468786747934000,145.5,11,145.5,8,146.5,8,2,2022-03-28 11:59:46
1648468786787591000,145.5,15,145.0,29,146.5,10,2,2022-03-28 11:59:46
1648468786787591000,145.0,5,145.0,29,146.5,10,2,2022-03-28 11:59:46
1648468787768816000,145.5,1,145.5,2,146.0,4,2,2022-03-28 11:59:47
1648468797497559000,145.0,1,145.0,12,145.5,11,2,2022-03-28 11:59:57
1648468798421621000,145.0,10,144.5,2,145.5,11,2,2022-03-28 11:59:58
1648468811868964000,145.0,1,144.5,5,145.0,10,1,2022-03-28 12:00:11
1648468814506617000,145.0,5,144.5,5,145.0,5,1,2022-03-28 12:00:14
1648468814542031000,145.0,5,144.5,7,145.5,12,1,2022-03-28 12:00:14
1648468823233138000,145.0,1,145.0,1,146.0,24,2,2022-03-28 12:00:23
1648468827719053000,145.0,1,144.5,9,145.0,1,2,2022-03-28 12:00:27
1648468850491310000,145.0,1,144.5,8,145.5,6,1,2022-03-28 12:00:50
1648468850809659000,144.5,2,144.5,6,145.5,4,2,2022-03-28 12:00:50
1648468882978459000,145.0,1,144.5,8,145.0,1,1,2022-03-28 12:01:22
1648468883013664000,145.0,1,144.5,10,145.5,7,1,2022-03-28 12:01:23
1648468899491846000,145.0,1,145.0,4,145.5,7,1,2022-03-28 12:01:39
1648468944053627000,145.0,1,145.0,6,145.5,4,2,2022-03-28 12:02:24
1648468961618472000,145.0,1,145.0,2,145.5,5,2,2022-03-28 12:02:41
1648469018970139000,145.0,2,144.5,8,145.5,5,2,2022-03-28 12:03:38
1648469046328710000,144.5,3,144.5,5,145.0,8,2,2022-03-28 12:04:06
1648469065607719000,144.5,5,144.0,21,144.5,3,2,2022-03-28 12:04:25
1648469090143283000,144.5,3,144.0,21,145.0,1,1,2022-03-28 12:04:50
1648469237590939000,144.5,4,144.0,21,144.5,1,2,2022-03-28 12:07:17
1648469261173363000,144.5,1,144.0,21,144.5,1,1,2022-03-28 12:07:41
1648469261210133000,144.5,1,144.0,21,145.0,3,1,2022-03-28 12:07:41
1648469270277049000,145.0,2,144.5,2,145.0,2,1,2022-03-28 12:07:50
1648469286980244000,145.0,2,144.5,3,145.5,9,1,2022-03-28 12:08:06
1648469429407692000,145.0,3,145.0,1,145.5,10,2,2022-03-28 12:10:29
1648469429439068000,145.0,1,144.5,5,145.5,10,2,2022-03-28 12:10:29
1648469565697168000,145.0,2,144.5,3,145.0,4,1,2022-03-28 12:12:45
1648469592712101000,145.0,1,144.5,3,145.0,3,1,2022-03-28 12:13:12
1648469645725456000,145.0,2,144.5,4,145.0,1,1,2022-03-28 12:14:05
1648469656474891000,145.0,1,144.5,4,145.5,13,1,2022-03-28 12:14:16
1648469709454841000,145.0,1,144.5,9,145.5,13,1,2022-03-28 12:15:09
1648469725193123000,145.0,1,145.0,3,145.5,13,2,2022-03-28 12:15:25
1648469755985509000,145.0,3,144.5,4,145.5,13,2,2022-03-28 12:15:55
1648470110764518000,144.5,2,144.5,9,145.0,13,2,2022-03-28 12:21:50
1648470151775227000,144.5,1,144.5,8,145.0,14,2,2022-03-28 12:22:31
1648470166507125000,144.5,1,144.5,7,145.0,14,2,2022-03-28 12:22:46
1648470178347271000,144.5,3,144.5,4,145.0,11,2,2022-03-28 12:22:58
1648470181929433000,144.5,1,144.5,3,145.0,11,2,2022-03-28 12:23:01
1648470182888587000,144.5,1,144.5,2,145.0,11,2,2022-03-28 12:23:02
1648470185811886000,144.5,1,144.5,1,145.0,11,2,2022-03-28 12:23:05
1648470186112683000,144.5,1,144.0,7,145.0,11,2,2022-03-28 12:23:06
1648470236584760000,144.5,2,144.5,1,145.0,13,1,2022-03-28 12:23:56
1648470333466353000,144.5,2,144.0,8,145.0,11,1,2022-03-28 12:25:33
1648470458636014000,145.0,2,144.5,1,145.0,11,1,2022-03-28 12:27:38
1648470458981383000,144.5,1,144.0,9,145.0,10,2,2022-03-28 12:27:38
1648470530155558000,144.0,2,144.0,10,145.0,10,2,2022-03-28 12:28:50
1648470644987888000,144.0,1,144.0,8,145.0,11,2,2022-03-28 12:30:44
1648470652107480000,144.0,1,144.0,7,145.0,11,2,2022-03-28 12:30:52
1648470652337303000,144.0,7,143.5,14,145.0,11,2,2022-03-28 12:30:52
1648470652337303000,143.5,3,143.5,14,145.0,11,2,2022-03-28 12:30:52
1648470667483296000,144.0,1,144.0,1,144.5,4,1,2022-03-28 12:31:07
1648470670940638000,144.0,2,143.5,15,144.0,3,2,2022-03-28 12:31:10
1648470672779776000,144.0,3,143.5,15,144.5,2,1,2022-03-28 12:31:12
1648470677357175000,144.5,1,144.0,7,145.0,10,1,2022-03-28 12:31:17
1648470879979771000,144.5,1,144.0,5,144.5,4,1,2022-03-28 12:34:39
1648470897237799000,144.5,4,144.0,15,145.0,25,1,2022-03-28 12:34:57
1648471135318021000,145.0,3,144.5,9,145.0,14,1,2022-03-28 12:38:55
1648471185227605000,145.0,1,144.5,8,145.0,13,1,2022-03-28 12:39:45
1648471191745462000,145.0,2,144.5,10,145.0,7,1,2022-03-28 12:39:51
1648471191787033000,145.0,1,144.5,10,145.0,6,1,2022-03-28 12:39:51
1648471191787053000,145.0,1,144.5,10,145.0,5,1,2022-03-28 12:39:51
1648471191787072000,145.0,1,144.5,10,145.0,4,1,2022-03-28 12:39:51
1648471191787090000,145.0,1,144.5,10,145.0,3,1,2022-03-28 12:39:51
1648471191787107000,145.0,1,144.5,10,145.0,2,1,2022-03-28 12:39:51
1648471191787110000,145.0,1,144.5,10,145.0,1,1,2022-03-28 12:39:51
1648471191787967000,145.0,1,144.5,10,145.5,11,1,2022-03-28 12:39:51
1648471227644722000,145.0,1,145.0,5,145.5,9,2,2022-03-28 12:40:27
1648471230500665000,145.5,5,145.0,5,145.5,4,1,2022-03-28 12:40:30
1648471249199870000,145.5,1,145.0,7,145.5,2,1,2022-03-28 12:40:49
1648471318619645000,145.0,2,145.0,5,145.5,4,2,2022-03-28 12:41:58
1648471364733249000,145.5,7,145.0,7,146.0,39,1,2022-03-28 12:42:44
1648471382891448000,145.0,1,145.0,7,145.5,7,2,2022-03-28 12:43:02
1648471435850405000,145.0,2,145.0,6,145.5,11,2,2022-03-28 12:43:55
1648471444459884000,145.0,6,144.5,39,145.5,5,2,2022-03-28 12:44:04
1648471464279903000,145.0,2,145.0,1,145.5,5,1,2022-03-28 12:44:24
1648471469663445000,145.0,1,144.5,39,145.5,5,2,2022-03-28 12:44:29
1648471524326633000,144.5,3,144.5,36,145.5,10,2,2022-03-28 12:45:24
1648471544032255000,145.0,1,144.5,35,145.5,10,2,2022-03-28 12:45:44
1648471731376727000,145.0,4,144.5,2,145.0,7,1,2022-03-28 12:48:51
1648471760334666000,145.0,3,144.5,4,145.5,9,1,2022-03-28 12:49:20
1648471798878222000,145.0,1,144.5,5,145.5,7,1,2022-03-28 12:49:58
1648471858388979000,145.0,1,144.5,6,145.5,5,2,2022-03-28 12:50:58
1648472005957905000,144.5,6,144.0,8,145.0,4,2,2022-03-28 12:53:25
1648472005957905000,144.0,14,144.0,8,145.0,4,2,2022-03-28 12:53:25
1648472045618502000,144.0,1,144.0,9,144.5,1,2,2022-03-28 12:54:05
1648472048445735000,144.0,1,144.0,8,144.5,1,2,2022-03-28 12:54:08
1648472087186518000,144.0,1,144.0,8,144.5,3,2,2022-03-28 12:54:47
1648472117310369000,144.5,7,144.0,11,145.0,8,1,2022-03-28 12:55:17
1648472147966767000,144.5,1,144.0,10,144.5,1,1,2022-03-28 12:55:47
1648472241998202000,144.5,1,144.0,13,144.5,1,1,2022-03-28 12:57:21
1648472242733837000,144.5,1,144.0,13,145.0,14,1,2022-03-28 12:57:22
1648472255565798000,144.5,1,144.0,14,144.5,2,1,2022-03-28 12:57:35
1648472293374136000,144.5,1,144.0,20,144.5,1,1,2022-03-28 12:58:13
1648472349179087000,144.5,1,144.0,21,144.5,3,1,2022-03-28 12:59:09
1648472350101267000,144.0,2,144.0,19,144.5,3,2,2022-03-28 12:59:10
1648472371979318000,144.0,2,144.0,19,144.5,3,2,2022-03-28 12:59:31
1648472398867874000,144.0,1,144.0,18,144.5,4,2,2022-03-28 12:59:58
1648472493830570000,144.5,2,144.0,16,144.5,3,1,2022-03-28 13:01:33
1648472549682363000,144.0,1,144.0,15,144.5,3,2,2022-03-28 13:02:29
1648472550314766000,144.5,1,144.0,16,144.5,4,1,2022-03-28 13:02:30
1648472553583053000,144.5,1,144.0,16,144.5,1,1,2022-03-28 13:02:33
1648472644238804000,144.5,1,144.5,2,145.0,18,1,2022-03-28 13:04:04
1648472662845805000,144.5,3,144.0,16,145.0,18,2,2022-03-28 13:04:22
1648472727591671000,144.5,1,144.0,19,145.0,20,1,2022-03-28 13:05:27
1648472884714143000,144.5,1,144.0,20,144.5,2,1,2022-03-28 13:08:04
1648472888445170000,144.5,1,144.0,20,144.5,1,1,2022-03-28 13:08:08
1648472888476157000,144.5,1,144.0,20,145.0,24,1,2022-03-28 13:08:08
1648472944749275000,144.5,1,144.0,20,144.5,2,1,2022-03-28 13:09:04
1648473011356045000,144.5,1,144.0,21,144.5,8,1,2022-03-28 13:10:11
1648473012166903000,144.5,1,144.0,21,144.5,7,1,2022-03-28 13:10:12
1648473017832257000,144.5,1,144.0,21,144.5,6,1,2022-03-28 13:10:17
1648473077730267000,144.5,1,144.0,22,144.5,9,1,2022-03-28 13:11:17
1648473105624678000,144.5,2,144.0,22,144.5,9,1,2022-03-28 13:11:45
1648473135601750000,144.5,1,144.0,23,144.5,8,1,2022-03-28 13:12:15
1648473136188566000,144.5,2,144.0,23,144.5,6,1,2022-03-28 13:12:16
1648473142241445000,144.5,1,144.0,23,144.5,5,1,2022-03-28 13:12:22
1648473162647273000,144.5,1,144.0,24,144.5,2,1,2022-03-28 13:12:42
1648473169619039000,144.5,1,144.0,24,144.5,1,1,2022-03-28 13:12:49
1648473169648060000,144.5,1,144.0,24,145.0,24,1,2022-03-28 13:12:49
1648473170861298000,145.0,2,144.0,24,145.0,23,1,2022-03-28 13:12:50
1648473273428431000,144.5,1,144.5,6,145.0,25,2,2022-03-28 13:14:33
1648473291122488000,144.5,1,144.5,8,145.0,35,2,2022-03-28 13:14:51
1648473315696042000,144.5,1,144.5,11,145.0,37,2,2022-03-28 13:15:15
1648473326883190000,144.5,5,144.5,8,145.0,37,2,2022-03-28 13:15:26
1648473335722183000,144.5,1,144.5,7,145.0,37,2,2022-03-28 13:15:35
1648473340070900000,144.5,1,144.5,6,145.0,36,2,2022-03-28 13:15:40
1648473340175491000,144.5,1,144.5,5,145.0,35,2,2022-03-28 13:15:40
1648473349910841000,145.0,1,144.5,5,145.0,34,1,2022-03-28 13:15:49
1648473363549745000,144.5,1,144.5,8,145.0,34,2,2022-03-28 13:16:03
1648473366790792000,144.5,1,144.5,7,145.0,34,2,2022-03-28 13:16:06
1648473375342503000,144.5,1,144.5,6,145.0,34,2,2022-03-28 13:16:15
1648473377599482000,144.5,1,144.5,5,145.0,33,2,2022-03-28 13:16:17
1648473383856398000,144.5,4,144.5,1,145.0,33,2,2022-03-28 13:16:23
1648473396740507000,144.5,1,144.0,36,145.0,33,2,2022-03-28 13:16:36
1648473396740507000,144.0,1,144.0,36,145.0,33,2,2022-03-28 13:16:36
1648473397265622000,145.0,2,144.0,36,145.0,31,1,2022-03-28 13:16:37
1648473433133432000,145.0,1,144.5,2,145.0,33,1,2022-03-28 13:17:13
1648473519774521000,144.5,1,144.5,11,145.0,38,2,2022-03-28 13:18:39
1648473524113696000,144.5,1,144.5,10,145.0,38,2,2022-03-28 13:18:44
1648473528699892000,144.5,1,144.5,9,145.0,37,2,2022-03-28 13:18:48
1648473552845591000,144.5,2,144.5,7,145.0,38,2,2022-03-28 13:19:12
1648473555252825000,144.5,1,144.5,7,145.0,38,2,2022-03-28 13:19:15
1648473555609239000,144.5,2,144.5,5,145.0,38,2,2022-03-28 13:19:15
1648473558102334000,144.5,1,144.5,4,145.0,38,2,2022-03-28 13:19:18
1648473561098231000,144.5,4,144.5,1,145.0,38,2,2022-03-28 13:19:21
1648473565877948000,145.0,1,144.5,1,145.0,37,1,2022-03-28 13:19:25
1648473570661809000,144.5,1,144.0,36,145.0,37,2,2022-03-28 13:19:30
1648473593277630000,145.0,1,144.0,37,145.0,36,1,2022-03-28 13:19:53
1648473600577119000,144.0,1,144.0,36,145.0,35,2,2022-03-28 13:20:00
1648473611414287000,144.5,1,144.0,34,145.0,39,2,2022-03-28 13:20:11
1648473611414287000,144.0,2,144.0,34,145.0,39,2,2022-03-28 13:20:11
1648473616418697000,144.0,2,144.0,32,144.5,3,2,2022-03-28 13:20:16
1648473616776789000,144.0,3,144.0,29,144.5,3,2,2022-03-28 13:20:16
1648473620557840000,144.0,1,144.0,28,144.5,8,2,2022-03-28 13:20:20
1648473621423465000,144.0,2,144.0,26,144.5,8,2,2022-03-28 13:20:21
1648473626436075000,144.0,1,144.0,25,144.5,14,2,2022-03-28 13:20:26
1648473627508935000,144.0,5,144.0,20,144.5,14,2,2022-03-28 13:20:27
1648473629090271000,144.0,2,144.0,18,144.5,13,2,2022-03-28 13:20:29
1648473629153842000,144.0,5,144.0,13,144.5,13,2,2022-03-28 13:20:29
1648473629189617000,144.0,2,144.0,11,144.5,13,2,2022-03-28 13:20:29
1648473630121388000,144.0,1,144.0,10,144.5,13,2,2022-03-28 13:20:30
1648473631405018000,144.5,2,144.0,10,144.5,11,1,2022-03-28 13:20:31
1648473631693982000,144.0,1,144.0,9,144.5,13,2,2022-03-28 13:20:31
1648473636681886000,144.0,1,144.0,8,144.5,13,2,2022-03-28 13:20:36
1648473637192232000,144.0,8,143.5,22,144.0,2,2,2022-03-28 13:20:37
1648473657148524000,143.5,3,143.5,21,144.0,4,2,2022-03-28 13:20:57
1648473658414654000,144.0,2,143.5,21,144.0,2,1,2022-03-28 13:20:58
1648473658496377000,144.0,1,143.5,20,144.0,1,1,2022-03-28 13:20:58
1648473681697340000,144.0,4,144.0,6,144.5,12,1,2022-03-28 13:21:21
1648473685257714000,144.0,1,144.0,6,144.5,9,2,2022-03-28 13:21:25
1648473702272903000,144.0,2,144.0,4,144.5,10,2,2022-03-28 13:21:42
1648473720105352000,144.0,1,144.0,3,144.5,10,2,2022-03-28 13:22:00
1648473724107580000,144.0,1,144.0,3,144.5,12,2,2022-03-28 13:22:04
1648473732084145000,144.0,1,144.0,2,144.5,12,2,2022-03-28 13:22:12
1648473738120088000,144.0,1,144.0,1,144.5,13,2,2022-03-28 13:22:18
1648473746192403000,144.0,1,143.5,26,144.0,1,2,2022-03-28 13:22:26
1648473746453844000,144.0,1,143.5,28,144.5,13,1,2022-03-28 13:22:26
1648473749452446000,144.0,1,143.5,26,144.5,14,1,2022-03-28 13:22:29
1648473768305029000,143.5,2,143.5,24,144.0,2,2,2022-03-28 13:22:48
1648473774604153000,144.0,1,143.5,24,144.0,1,1,2022-03-28 13:22:54
1648473783324925000,143.5,1,143.5,21,144.0,3,2,2022-03-28 13:23:03
1648473788810686000,143.5,2,143.5,15,144.0,8,2,2022-03-28 13:23:08
1648473792409047000,143.5,1,143.5,14,144.0,12,2,2022-03-28 13:23:12
1648473796376262000,143.5,1,143.5,13,144.0,11,2,2022-03-28 13:23:16
1648473798819024000,143.5,10,143.5,3,144.0,11,2,2022-03-28 13:23:18
1648473799578869000,144.0,1,143.5,3,144.0,12,1,2022-03-28 13:23:19
1648473803160492000,143.5,5,143.0,46,144.0,12,2,2022-03-28 13:23:23
1648473803160492000,143.0,1,143.0,46,144.0,12,2,2022-03-28 13:23:23
1648473805357777000,143.5,1,143.0,46,144.0,12,2,2022-03-28 13:23:25
1648473805357777000,143.0,1,143.0,46,144.0,12,2,2022-03-28 13:23:25
1648473811209885000,143.0,1,143.0,45,144.0,12,2,2022-03-28 13:23:31
1648473813829049000,143.5,1,143.0,46,144.0,12,1,2022-03-28 13:23:33
1648473815334476000,143.5,1,143.0,45,144.0,11,2,2022-03-28 13:23:35
1648473828237307000,144.0,1,143.0,47,144.0,10,1,2022-03-28 13:23:48
1648473829314691000,143.5,1,143.0,48,143.5,1,1,2022-03-28 13:23:49
1648473829315111000,143.5,1,143.0,48,144.0,8,1,2022-03-28 13:23:49
1648473833035248000,143.5,1,143.0,46,144.0,18,1,2022-03-28 13:23:53
1648473838331436000,143.5,2,143.5,6,144.0,18,2,2022-03-28 13:23:58
1648473838947772000,143.5,2,143.5,2,144.0,16,2,2022-03-28 13:23:58
1648473848447290000,144.0,1,143.5,3,144.0,16,1,2022-03-28 13:24:08
1648473850160910000,144.0,1,143.5,5,144.0,15,1,2022-03-28 13:24:10
1648473857231373000,143.5,1,143.5,5,144.0,15,2,2022-03-28 13:24:17
1648473863937147000,144.0,1,143.5,6,144.0,13,1,2022-03-28 13:24:23
1648473864129709000,144.0,1,143.5,6,144.0,12,1,2022-03-28 13:24:24
1648473873228936000,144.0,1,143.5,8,144.0,11,1,2022-03-28 13:24:33
1648473873551828000,144.0,1,143.5,7,144.0,10,1,2022-03-28 13:24:33
1648473879069615000,143.5,1,143.5,6,144.0,10,2,2022-03-28 13:24:39
1648473879334443000,144.0,1,143.5,6,144.0,9,1,2022-03-28 13:24:39
1648473880864267000,143.5,2,143.5,4,144.0,9,2,2022-03-28 13:24:40
1648473890008774000,143.5,1,143.5,3,144.0,9,2,2022-03-28 13:24:50
1648473890235101000,144.0,1,143.5,3,144.0,8,1,2022-03-28 13:24:50
1648474200000000000,145.5,159,145.0,2,145.5,12,1,2022-03-28 13:30:00
