ts,close,volume,bid_price,bid_volume,ask_price,ask_volume,tick_type,datetime
1648458131970318000,69.8,582,69.6,3,69.8,31,2,2022-03-28 09:02:11
1648458132101668000,69.6,3,69.5,7,69.8,41,2,2022-03-28 09:02:12
1648458132188156000,69.5,7,69.4,12,69.6,2,2,2022-03-28 09:02:12
1648458132694948000,69.4,2,69.4,10,69.5,76,2,2022-03-28 09:02:12
1648458132825319000,69.4,11,69.4,1,69.5,83,2,2022-03-28 09:02:12
1648458132997861000,69.4,1,69.3,11,69.5,83,2,2022-03-28 09:02:12
1648458133081986000,69.3,1,69.3,10,69.5,83,2,2022-03-28 09:02:13
1648458133123349000,69.3,10,69.1,11,69.5,83,2,2022-03-28 09:02:13
1648458133222445000,69.1,1,69.1,10,69.5,83,2,2022-03-28 09:02:13
1648458133940726000,69.1,5,69.1,6,69.3,8,2,2022-03-28 09:02:13
1648458134145417000,69.1,1,69.1,5,69.3,8,2,2022-03-28 09:02:14
1648458134495342000,69.1,2,69.1,3,69.3,8,2,2022-03-28 09:02:14
1648458134527854000,69.1,1,69.1,2,69.3,8,2,2022-03-28 09:02:14
1648458134551872000,69.1,2,69.0,16,69.3,8,2,2022-03-28 09:02:14
1648458134970510000,69.1,2,69.0,18,69.3,8,1,2022-03-28 09:02:14
1648458135708947000,69.1,1,69.1,3,69.2,1,2,2022-03-28 09:02:15
1648458135725502000,69.2,1,69.1,3,69.3,8,1,2022-03-28 09:02:15
1648458135774357000,69.1,2,69.1,1,69.3,8,2,2022-03-28 09:02:15
1648458136050809000,69.1,9,69.0,17,69.3,8,2,2022-03-28 09:02:16
1648458136050809000,69.0,1,69.0,17,69.3,8,2,2022-03-28 09:02:16
1648458136317621000,69.0,17,68.8,6,69.3,8,2,2022-03-28 09:02:16
1648458136317621000,68.9,1,68.8,6,69.3,8,2,2022-03-28 09:02:16
1648458136317621000,68.8,2,68.8,6,69.3,8,2,2022-03-28 09:02:16
1648458136378170000,69.2,3,68.8,6,69.3,9,1,2022-03-28 09:02:16
1648458136378170000,69.3,5,68.8,6,69.3,9,1,2022-03-28 09:02:16
1648458136632968000,69.2,1,68.9,2,69.3,7,1,2022-03-28 09:02:16
1648458136632968000,69.3,2,68.9,2,69.3,7,1,2022-03-28 09:02:16
1648458137156283000,69.1,1,69.1,1,69.3,1,2,2022-03-28 09:02:17
1648458137336877000,69.1,1,68.9,4,69.3,1,2,2022-03-28 09:02:17
1648458137429461000,69.0,1,68.9,4,69.3,1,1,2022-03-28 09:02:17
1648458138282217000,69.2,2,69.2,2,69.3,1,2,2022-03-28 09:02:18
1648458138310929000,69.2,2,69.0,7,69.3,1,2,2022-03-28 09:02:18
1648458138978280000,69.1,1,69.1,1,69.3,1,2,2022-03-28 09:02:18
1648458139517528000,69.1,1,69.0,24,69.3,1,2,2022-03-28 09:02:19
1648458139551852000,69.3,1,69.0,24,69.4,7,1,2022-03-28 09:02:19
1648458139620610000,69.1,2,69.0,24,69.4,7,1,2022-03-28 09:02:19
1648458139688558000,69.0,2,69.0,22,69.4,7,2,2022-03-28 09:02:19
1648458140187651000,69.1,2,69.0,21,69.4,1,2,2022-03-28 09:02:20
1648458140187651000,69.0,1,69.0,21,69.4,1,2,2022-03-28 09:02:20
1648458140746746000,69.2,1,69.0,21,69.4,1,2,2022-03-28 09:02:20
1648458140746746000,69.1,1,69.0,21,69.4,1,2,2022-03-28 09:02:20
1648458141011418000,69.1,3,69.1,7,69.2,1,2,2022-03-28 09:02:21
1648458141033872000,69.2,1,69.1,7,69.4,1,1,2022-03-28 09:02:21
1648458141055989000,69.1,7,69.0,22,69.4,1,2,2022-03-28 09:02:21
1648458141474787000,69.3,1,69.3,2,69.4,7,2,2022-03-28 09:02:21
1648458141754881000,69.3,1,69.3,6,69.4,2,2,2022-03-28 09:02:21
1648458141973379000,69.3,1,69.3,5,69.4,2,2,2022-03-28 09:02:21
1648458142112436000,69.3,3,69.3,2,69.4,2,2,2022-03-28 09:02:22
1648458142955261000,69.3,3,69.0,20,69.4,2,2,2022-03-28 09:02:22
1648458142955261000,69.1,4,69.0,20,69.4,2,2,2022-03-28 09:02:22
1648458142955261000,69.0,3,69.0,20,69.4,2,2,2022-03-28 09:02:22
1648458143336276000,69.0,3,69.0,17,69.4,8,2,2022-03-28 09:02:23
1648458143581607000,69.4,3,69.0,17,69.4,6,1,2022-03-28 09:02:23
1648458143755412000,69.4,3,69.1,1,69.4,3,1,2022-03-28 09:02:23
1648458143784459000,69.4,3,69.1,1,69.5,84,1,2022-03-28 09:02:23
1648458144431553000,69.2,1,69.2,4,69.3,7,2,2022-03-28 09:02:24
1648458144525481000,69.2,2,69.2,2,69.3,7,2,2022-03-28 09:02:24
1648458145767961000,69.2,5,69.2,1,69.3,7,2,2022-03-28 09:02:25
1648458145804311000,69.2,1,69.1,7,69.2,1,2,2022-03-28 09:02:25
1648458145827901000,69.2,1,69.1,7,69.3,7,1,2022-03-28 09:02:25
1648458146298447000,69.1,3,69.1,4,69.3,7,2,2022-03-28 09:02:26
1648458146445632000,69.3,3,69.1,4,69.3,4,1,2022-03-28 09:02:26
1648458146474376000,69.3,4,69.1,4,69.4,3,1,2022-03-28 09:02:26
1648458147172733000,69.2,1,69.1,9,69.4,3,1,2022-03-28 09:02:27
1648458147565794000,69.2,2,69.1,9,69.4,3,1,2022-03-28 09:02:27
1648458148172222000,69.2,1,69.1,7,69.4,4,2,2022-03-28 09:02:28
1648458148172222000,69.1,2,69.1,7,69.4,4,2,2022-03-28 09:02:28
1648458148419283000,69.1,8,69.0,5,69.4,5,2,2022-03-28 09:02:28
1648458148419283000,69.0,12,69.0,5,69.4,5,2,2022-03-28 09:02:28
1648458149095688000,69.2,1,69.0,8,69.2,4,1,2022-03-28 09:02:29
1648458149223414000,69.2,4,69.0,8,69.3,61,1,2022-03-28 09:02:29
1648458149871718000,69.1,1,69.0,8,69.1,1,2,2022-03-28 09:02:29
1648458150032611000,69.0,1,69.0,7,69.1,1,2,2022-03-28 09:02:30
1648458150155813000,69.1,1,69.0,7,69.2,7,1,2022-03-28 09:02:30
1648458150475264000,69.0,8,68.9,6,69.0,62,2,2022-03-28 09:02:30
1648458150719177000,68.9,6,68.8,2,69.0,64,2,2022-03-28 09:02:30
1648458151533668000,69.0,1,68.8,2,69.0,63,1,2022-03-28 09:02:31
1648458153123701000,68.8,1,68.8,1,68.9,3,2,2022-03-28 09:02:33
1648458153157857000,68.8,1,68.7,2,68.9,3,2,2022-03-28 09:02:33
1648458153157857000,68.7,9,68.7,2,68.9,3,2,2022-03-28 09:02:33
1648458153199470000,68.7,2,68.6,12,68.8,1,2,2022-03-28 09:02:33
1648458153495260000,68.8,1,68.6,14,68.9,5,1,2022-03-28 09:02:33
1648458154062968000,68.6,3,68.6,11,68.8,3,2,2022-03-28 09:02:34
1648458154197365000,68.7,5,68.6,11,68.8,3,1,2022-03-28 09:02:34
1648458154269082000,68.6,1,68.6,10,68.8,3,2,2022-03-28 09:02:34
1648458154349421000,68.6,5,68.6,5,68.8,3,2,2022-03-28 09:02:34
1648458155120652000,68.6,2,68.6,3,68.8,4,2,2022-03-28 09:02:35
1648458155259026000,68.8,1,68.6,3,68.8,3,1,2022-03-28 09:02:35
1648458155418660000,68.8,1,68.6,3,68.8,2,1,2022-03-28 09:02:35
1648458155812735000,68.6,2,68.6,1,68.8,2,2,2022-03-28 09:02:35
1648458155976840000,68.6,1,68.6,5,68.8,2,2,2022-03-28 09:02:35
1648458156244437000,68.7,2,68.6,7,68.8,2,1,2022-03-28 09:02:36
1648458156414591000,68.8,2,68.8,3,68.9,6,1,2022-03-28 09:02:36
1648458156934253000,68.8,1,68.8,2,68.9,6,2,2022-03-28 09:02:36
1648458156950073000,68.8,2,68.6,8,68.9,6,2,2022-03-28 09:02:36
1648458157113263000,68.9,1,68.6,8,68.9,5,1,2022-03-28 09:02:37
1648458157195337000,68.6,2,68.6,6,68.9,5,2,2022-03-28 09:02:37
1648458157214622000,68.6,1,68.6,5,68.9,5,2,2022-03-28 09:02:37
1648458157271623000,68.9,1,68.6,5,68.9,5,1,2022-03-28 09:02:37
1648458157600781000,68.8,5,68.7,8,68.9,9,1,2022-03-28 09:02:37
1648458158217476000,68.9,5,68.8,1,68.9,4,1,2022-03-28 09:02:38
1648458158244137000,68.9,4,68.8,1,69.0,66,1,2022-03-28 09:02:38
1648458159269201000,68.8,1,68.8,1,69.0,66,2,2022-03-28 09:02:39
1648458159376421000,68.8,1,68.7,21,68.8,1,2,2022-03-28 09:02:39
1648458159405443000,68.8,1,68.7,21,69.0,66,1,2022-03-28 09:02:39
1648458159520594000,68.9,1,68.7,11,68.9,21,1,2022-03-28 09:02:39
1648458159542853000,68.9,10,68.7,11,68.9,11,1,2022-03-28 09:02:39
1648458159587453000,68.9,11,68.8,2,69.0,66,1,2022-03-28 09:02:39
1648458159996167000,68.8,1,68.8,1,68.9,2,2,2022-03-28 09:02:39
1648458160221379000,68.9,2,68.8,1,69.0,65,1,2022-03-28 09:02:40
1648458160221379000,69.0,1,68.8,1,69.0,65,1,2022-03-28 09:02:40
1648458160296261000,68.8,1,68.7,8,69.0,65,2,2022-03-28 09:02:40
1648458160345611000,68.7,1,68.7,7,69.0,65,2,2022-03-28 09:02:40
1648458160367748000,69.0,3,68.7,7,69.0,62,1,2022-03-28 09:02:40
1648458160481482000,68.7,7,68.6,7,68.9,7,2,2022-03-28 09:02:40
1648458160481482000,68.6,3,68.6,7,68.9,7,2,2022-03-28 09:02:40
1648458160538709000,68.9,3,68.6,7,68.9,4,1,2022-03-28 09:02:40
1648458160667136000,68.8,1,68.5,66,68.9,4,2,2022-03-28 09:02:40
1648458160667136000,68.6,7,68.5,66,68.9,4,2,2022-03-28 09:02:40
1648458160667136000,68.5,4,68.5,66,68.9,4,2,2022-03-28 09:02:40
1648458160770282000,68.8,1,68.5,66,68.9,10,1,2022-03-28 09:02:40
1648458161369263000,68.7,1,68.6,1,68.8,1,2,2022-03-28 09:02:41
1648458161987599000,68.6,1,68.5,54,68.8,3,2,2022-03-28 09:02:41
1648458161987599000,68.5,13,68.5,54,68.8,3,2,2022-03-28 09:02:41
1648458162156704000,68.6,1,68.6,1,68.7,2,2,2022-03-28 09:02:42
1648458162227419000,68.7,2,68.6,1,68.8,8,1,2022-03-28 09:02:42
1648458162403029000,68.8,1,68.6,1,68.8,7,1,2022-03-28 09:02:42
1648458162507032000,68.8,9,68.6,1,68.9,26,1,2022-03-28 09:02:42
1648458162588893000,68.6,2,68.5,55,68.9,26,2,2022-03-28 09:02:42
1648458163558278000,68.8,1,68.6,1,68.8,3,1,2022-03-28 09:02:43
1648458163942868000,68.8,3,68.6,2,68.8,4,1,2022-03-28 09:02:43
1648458164322720000,68.6,2,68.5,61,68.8,6,2,2022-03-28 09:02:44
1648458164411252000,68.5,3,68.5,58,68.8,6,2,2022-03-28 09:02:44
1648458164702739000,68.6,1,68.5,63,68.8,6,2,2022-03-28 09:02:44
1648458165038817000,68.7,1,68.6,5,68.8,7,1,2022-03-28 09:02:45
1648458165173967000,68.6,3,68.6,2,68.8,7,2,2022-03-28 09:02:45
1648458165300798000,68.6,1,68.6,1,68.8,7,2,2022-03-28 09:02:45
1648458166191678000,68.6,1,68.6,3,68.7,2,2,2022-03-28 09:02:46
1648458167088136000,68.7,1,68.6,6,68.7,1,1,2022-03-28 09:02:47
1648458167358446000,68.6,2,68.6,5,68.7,1,2,2022-03-28 09:02:47
1648458167363640000,68.7,1,68.6,5,68.8,37,1,2022-03-28 09:02:47
1648458167591838000,68.6,1,68.6,5,68.7,1,2,2022-03-28 09:02:47
1648458168150646000,68.6,6,68.5,63,68.7,6,2,2022-03-28 09:02:48
1648458168244948000,68.5,1,68.5,62,68.7,6,2,2022-03-28 09:02:48
1648458168285562000,68.7,2,68.5,62,68.7,4,1,2022-03-28 09:02:48
1648458168942412000,68.6,1,68.5,6,68.7,5,2,2022-03-28 09:02:48
1648458168942412000,68.5,56,68.5,6,68.7,5,2,2022-03-28 09:02:48
1648458168947908000,68.7,1,68.5,6,68.7,4,1,2022-03-28 09:02:48
1648458168983799000,68.5,6,68.4,1,68.7,4,2,2022-03-28 09:02:48
1648458169009897000,68.4,1,68.3,6,68.7,4,2,2022-03-28 09:02:49
1648458169157554000,68.6,1,68.3,6,68.6,1,1,2022-03-28 09:02:49
1648458169327741000,68.4,2,68.3,6,68.6,1,1,2022-03-28 09:02:49
1648458170289609000,68.6,1,68.4,6,68.6,9,1,2022-03-28 09:02:50
1648458170581208000,68.6,1,68.4,6,68.6,8,1,2022-03-28 09:02:50
1648458171395418000,68.5,1,68.4,6,68.6,8,2,2022-03-28 09:02:51
1648458171531409000,68.4,1,68.4,5,68.6,8,2,2022-03-28 09:02:51
1648458172017309000,68.5,31,68.4,5,68.6,6,1,2022-03-28 09:02:52
1648458172554974000,68.5,1,68.4,5,68.6,5,1,2022-03-28 09:02:52
1648458172554974000,68.6,1,68.4,5,68.6,5,1,2022-03-28 09:02:52
1648458173231219000,68.4,5,68.3,11,68.4,1,2,2022-03-28 09:02:53
1648458174604174000,68.4,1,68.4,4,68.6,8,1,2022-03-28 09:02:54
1648458175006909000,68.5,1,68.3,9,68.6,8,2,2022-03-28 09:02:55
1648458175006909000,68.4,4,68.3,9,68.6,8,2,2022-03-28 09:02:55
1648458175006909000,68.3,5,68.3,9,68.6,8,2,2022-03-28 09:02:55
1648458175178183000,68.4,1,68.3,9,68.4,1,1,2022-03-28 09:02:55
1648458175204593000,68.4,1,68.3,9,68.6,8,1,2022-03-28 09:02:55
1648458175911620000,68.4,1,68.4,3,68.5,3,2,2022-03-28 09:02:55
1648458177322103000,68.4,2,68.4,1,68.5,3,2,2022-03-28 09:02:57
1648458177472912000,68.5,2,68.4,1,68.5,1,1,2022-03-28 09:02:57
1648458177643123000,68.4,1,68.3,8,68.5,1,2,2022-03-28 09:02:57
1648458177643123000,68.3,1,68.3,8,68.5,1,2,2022-03-28 09:02:57
1648458177989213000,68.4,4,68.3,21,68.5,2,1,2022-03-28 09:02:57
1648458178021835000,68.5,2,68.3,21,68.6,8,1,2022-03-28 09:02:58
1648458178327535000,68.4,5,68.3,21,68.4,4,2,2022-03-28 09:02:58
1648458178356764000,68.4,4,68.3,21,68.6,8,1,2022-03-28 09:02:58
1648458178669740000,68.6,1,68.3,21,68.6,7,1,2022-03-28 09:02:58
1648458178894398000,68.3,10,68.3,11,68.6,7,2,2022-03-28 09:02:58
1648458179188328000,68.4,1,68.4,1,68.6,7,2,2022-03-28 09:02:59
1648458180163263000,68.5,1,68.4,4,68.6,7,2,2022-03-28 09:03:00
1648458180163263000,68.4,3,68.4,4,68.6,7,2,2022-03-28 09:03:00
1648458181345722000,68.5,1,68.5,1,68.6,7,2,2022-03-28 09:03:01
1648458182160943000,68.5,1,68.5,3,68.6,7,2,2022-03-28 09:03:02
1648458182520346000,68.5,3,68.4,6,68.5,2,2,2022-03-28 09:03:02
1648458182540138000,68.5,2,68.4,6,68.6,7,1,2022-03-28 09:03:02
1648458184098274000,68.5,1,68.5,3,68.6,7,2,2022-03-28 09:03:04
1648458184238950000,68.6,5,68.5,3,68.6,2,1,2022-03-28 09:03:04
1648458184265277000,68.6,2,68.5,3,68.7,16,1,2022-03-28 09:03:04
1648458184364831000,68.5,2,68.5,1,68.7,16,2,2022-03-28 09:03:04
1648458184449839000,68.5,1,68.3,10,68.7,16,2,2022-03-28 09:03:04
1648458184449839000,68.4,7,68.3,10,68.7,16,2,2022-03-28 09:03:04
1648458184449839000,68.3,2,68.3,10,68.7,16,2,2022-03-28 09:03:04
1648458185476051000,68.6,1,68.5,1,68.7,16,1,2022-03-28 09:03:05
1648458186118510000,68.5,1,68.3,12,68.4,4,2,2022-03-28 09:03:06
1648458186153148000,68.4,4,68.3,11,68.6,10,1,2022-03-28 09:03:06
1648458187886272000,68.5,1,68.4,7,68.6,10,1,2022-03-28 09:03:07
1648458188723271000,68.4,1,68.4,11,68.5,22,2,2022-03-28 09:03:08
1648458189042162000,68.5,2,68.4,11,68.5,20,1,2022-03-28 09:03:09
1648458189205704000,68.5,1,68.4,11,68.5,19,1,2022-03-28 09:03:09
1648458190090278000,68.5,1,68.4,12,68.5,18,1,2022-03-28 09:03:10
1648458190123781000,68.5,7,68.4,12,68.5,11,1,2022-03-28 09:03:10
1648458190158675000,68.5,4,68.4,12,68.5,7,1,2022-03-28 09:03:10
1648458190158876000,68.5,7,68.4,12,68.6,1,1,2022-03-28 09:03:10
1648458190282891000,68.5,2,68.4,12,68.6,1,1,2022-03-28 09:03:10
1648458190811304000,68.5,3,68.5,2,68.6,1,2,2022-03-28 09:03:10
1648458192408200000,68.5,1,68.5,4,68.6,23,2,2022-03-28 09:03:12
1648458193357459000,68.5,3,68.5,1,68.6,23,2,2022-03-28 09:03:13
1648458193963193000,68.5,1,68.4,13,68.6,23,2,2022-03-28 09:03:13
1648458194586900000,68.5,1,68.4,13,68.6,23,1,2022-03-28 09:03:14
1648458194586900000,68.6,1,68.4,13,68.6,23,1,2022-03-28 09:03:14
1648458195134601000,68.5,1,68.4,4,68.6,23,2,2022-03-28 09:03:15
1648458195134601000,68.4,9,68.4,4,68.6,23,2,2022-03-28 09:03:15
1648458195447866000,68.6,1,68.5,1,68.6,26,1,2022-03-28 09:03:15
1648458195789869000,68.5,1,68.4,4,68.5,1,2,2022-03-28 09:03:15
1648458196810635000,68.4,1,68.4,3,68.5,1,2,2022-03-28 09:03:16
1648458196939645000,68.5,1,68.4,2,68.6,34,1,2022-03-28 09:03:16
1648458200258370000,68.4,2,68.3,13,68.4,18,2,2022-03-28 09:03:20
1648458200671365000,68.4,1,68.3,16,68.4,17,1,2022-03-28 09:03:20
1648458200724046000,68.4,1,68.3,16,68.4,16,1,2022-03-28 09:03:20
1648458200970541000,68.4,1,68.3,17,68.4,15,1,2022-03-28 09:03:20
1648458201044101000,68.4,1,68.3,17,68.4,14,1,2022-03-28 09:03:21
1648458201390273000,68.3,2,68.3,15,68.4,16,2,2022-03-28 09:03:21
1648458201542747000,68.3,2,68.3,13,68.4,16,2,2022-03-28 09:03:21
1648458201570966000,68.3,4,68.3,9,68.4,16,2,2022-03-28 09:03:21
1648458202115747000,68.3,1,68.3,8,68.4,16,2,2022-03-28 09:03:22
1648458202369254000,68.4,2,68.3,8,68.4,14,1,2022-03-28 09:03:22
1648458202546973000,68.4,2,68.3,8,68.4,12,1,2022-03-28 09:03:22
1648458203695587000,68.4,1,68.3,8,68.4,11,1,2022-03-28 09:03:23
1648458204205258000,68.3,1,68.3,7,68.4,11,2,2022-03-28 09:03:24
1648458204286481000,68.3,1,68.3,6,68.4,11,2,2022-03-28 09:03:24
1648458204961418000,68.3,2,68.3,5,68.4,11,2,2022-03-28 09:03:24
1648458204981842000,68.4,1,68.3,5,68.4,10,1,2022-03-28 09:03:24
1648458205172188000,68.3,1,68.3,4,68.4,10,2,2022-03-28 09:03:25
1648458206323746000,68.3,1,68.3,4,68.4,9,2,2022-03-28 09:03:26
1648458206446899000,68.3,2,68.3,2,68.4,9,2,2022-03-28 09:03:26
1648458207368028000,68.3,1,68.3,1,68.4,10,2,2022-03-28 09:03:27
1648458207997628000,68.3,1,68.2,11,68.4,11,2,2022-03-28 09:03:27
1648458208059857000,68.4,1,68.2,14,68.4,10,1,2022-03-28 09:03:28
1648458208499723000,68.2,5,68.2,9,68.4,10,2,2022-03-28 09:03:28
1648458208544663000,68.2,9,68.1,6,68.4,10,2,2022-03-28 09:03:28
1648458209079289000,68.3,1,68.1,9,68.4,9,1,2022-03-28 09:03:29
1648458209079289000,68.4,1,68.1,9,68.4,9,1,2022-03-28 09:03:29
1648458209216898000,68.1,1,68.1,8,68.4,9,2,2022-03-28 09:03:29
1648458209691062000,68.4,1,68.1,8,68.4,8,1,2022-03-28 09:03:29
1648458210469137000,68.3,2,68.1,8,68.4,8,1,2022-03-28 09:03:30
1648458211427930000,68.2,3,68.1,4,68.4,8,2,2022-03-28 09:03:31
1648458211427930000,68.1,7,68.1,4,68.4,8,2,2022-03-28 09:03:31
1648458212646123000,68.1,2,68.1,2,68.3,1,2,2022-03-28 09:03:32
1648458213728051000,68.1,3,68.0,49,68.3,1,2,2022-03-28 09:03:33
1648458213728051000,68.0,2,68.0,49,68.3,1,2,2022-03-28 09:03:33
1648458215880254000,68.3,5,68.1,9,68.3,6,1,2022-03-28 09:03:35
1648458216631755000,68.2,1,68.1,10,68.3,6,1,2022-03-28 09:03:36
1648458219404166000,68.3,1,68.1,10,68.3,6,1,2022-03-28 09:03:39
1648458220368344000,68.3,3,68.2,2,68.3,3,1,2022-03-28 09:03:40
1648458220391016000,68.3,3,68.2,2,68.4,17,1,2022-03-28 09:03:40
1648458220445795000,68.3,1,68.2,2,68.4,17,1,2022-03-28 09:03:40
1648458220512498000,68.2,2,68.1,14,68.4,17,2,2022-03-28 09:03:40
1648458220512498000,68.1,5,68.1,14,68.4,17,2,2022-03-28 09:03:40
1648458220630190000,68.1,5,68.1,9,68.3,1,2,2022-03-28 09:03:40
1648458220634063000,68.1,1,68.1,8,68.3,1,2,2022-03-28 09:03:40
1648458220718291000,68.2,1,68.1,8,68.2,1,1,2022-03-28 09:03:40
1648458221181324000,68.2,1,68.1,8,68.3,1,1,2022-03-28 09:03:41
1648458223736719000,68.3,1,68.2,1,68.3,3,1,2022-03-28 09:03:43
1648458224327351000,68.2,1,68.1,8,68.3,3,2,2022-03-28 09:03:44
1648458225403494000,68.3,1,68.1,11,68.3,2,1,2022-03-28 09:03:45
1648458225873244000,68.1,1,68.1,10,68.3,2,2,2022-03-28 09:03:45
1648458225985837000,68.2,1,68.2,4,68.3,2,1,2022-03-28 09:03:45
1648458226000450000,68.2,1,68.2,5,68.3,2,2,2022-03-28 09:03:46
1648458226324799000,68.3,2,68.3,3,68.4,27,1,2022-03-28 09:03:46
1648458226588014000,68.3,2,68.3,1,68.4,27,2,2022-03-28 09:03:46
1648458226705787000,68.3,1,68.2,5,68.4,27,2,2022-03-28 09:03:46
1648458226705787000,68.2,1,68.2,5,68.4,27,2,2022-03-28 09:03:46
1648458226881435000,68.2,1,68.2,9,68.4,27,2,2022-03-28 09:03:46
1648458229319799000,68.2,9,68.1,11,68.2,6,2,2022-03-28 09:03:49
1648458229359334000,68.2,6,68.1,10,68.4,26,1,2022-03-28 09:03:49
1648458229363549000,68.1,1,68.1,9,68.4,26,2,2022-03-28 09:03:49
1648458229649141000,68.1,3,68.1,6,68.4,26,2,2022-03-28 09:03:49
1648458230165115000,68.1,2,68.1,4,68.3,1,2,2022-03-28 09:03:50
1648458230322294000,68.1,1,68.1,3,68.3,1,2,2022-03-28 09:03:50
1648458231079548000,68.1,1,68.1,2,68.3,12,2,2022-03-28 09:03:51
1648458231283683000,68.1,2,68.0,57,68.3,12,2,2022-03-28 09:03:51
1648458231283683000,68.0,3,68.0,57,68.3,12,2,2022-03-28 09:03:51
1648458233722138000,68.1,3,68.1,1,68.2,4,2,2022-03-28 09:03:53
1648458235543357000,68.2,1,68.1,1,68.2,3,1,2022-03-28 09:03:55
1648458235553117000,68.2,1,68.1,1,68.2,2,1,2022-03-28 09:03:55
1648458235779703000,68.1,1,68.0,58,68.1,3,2,2022-03-28 09:03:55
1648458235802475000,68.1,3,68.0,58,68.2,2,1,2022-03-28 09:03:55
1648458237094584000,68.1,1,68.0,51,68.2,3,1,2022-03-28 09:03:57
1648458237157401000,68.2,1,68.0,51,68.2,2,1,2022-03-28 09:03:57
1648458237829336000,68.1,1,68.0,51,68.2,2,1,2022-03-28 09:03:57
1648458238476184000,68.2,2,68.1,6,68.3,29,1,2022-03-28 09:03:58
1648458239232368000,68.2,5,68.1,10,68.3,29,1,2022-03-28 09:03:59
1648458239484610000,68.1,1,68.1,11,68.3,29,2,2022-03-28 09:03:59
1648458239588209000,68.1,1,68.1,10,68.3,29,2,2022-03-28 09:03:59
1648458240183451000,68.1,1,68.1,9,68.3,29,2,2022-03-28 09:04:00
1648458242064712000,68.2,2,68.2,2,68.3,29,2,2022-03-28 09:04:02
1648458242225460000,68.2,1,68.2,1,68.3,29,2,2022-03-28 09:04:02
1648458244084648000,68.2,1,68.2,1,68.3,31,2,2022-03-28 09:04:04
1648458244385408000,68.2,1,68.2,1,68.3,31,2,2022-03-28 09:04:04
1648458247412735000,68.3,2,68.2,3,68.3,19,1,2022-03-28 09:04:07
1648458247441039000,68.3,15,68.2,3,68.3,4,1,2022-03-28 09:04:07
1648458247473151000,68.3,4,68.2,3,68.4,25,1,2022-03-28 09:04:07
1648458252358806000,68.4,4,68.3,16,68.4,21,1,2022-03-28 09:04:12
1648458252395844000,68.4,4,68.3,16,68.4,17,1,2022-03-28 09:04:12
1648458252396077000,68.4,4,68.3,16,68.4,13,1,2022-03-28 09:04:12
1648458252426975000,68.4,13,68.3,16,68.5,24,1,2022-03-28 09:04:12
1648458253356104000,68.5,1,68.4,1,68.5,23,1,2022-03-28 09:04:13
1648458253716509000,68.4,1,68.4,2,68.5,23,2,2022-03-28 09:04:13
1648458254458015000,68.4,2,68.3,17,68.5,23,2,2022-03-28 09:04:14
1648458254763595000,68.5,1,68.3,18,68.5,22,1,2022-03-28 09:04:14
1648458255668360000,68.3,1,68.3,17,68.5,22,2,2022-03-28 09:04:15
1648458255930290000,68.5,1,68.3,17,68.5,21,1,2022-03-28 09:04:15
1648458257292549000,68.5,1,68.3,17,68.5,21,1,2022-03-28 09:04:17
1648458260252766000,68.5,1,68.4,4,68.5,30,1,2022-03-28 09:04:20
1648458261474305000,68.5,1,68.4,6,68.5,28,1,2022-03-28 09:04:21
1648458261818996000,68.5,1,68.4,6,68.5,27,1,2022-03-28 09:04:21
1648458261879492000,68.5,2,68.4,6,68.5,25,1,2022-03-28 09:04:21
1648458261884330000,68.4,6,68.3,36,68.4,4,2,2022-03-28 09:04:21
1648458262025493000,68.4,1,68.3,36,68.4,3,1,2022-03-28 09:04:22
1648458263226432000,68.4,2,68.3,26,68.4,1,1,2022-03-28 09:04:23
1648458263474852000,68.3,1,68.3,25,68.4,4,2,2022-03-28 09:04:23
1648458263484548000,68.3,1,68.3,24,68.4,4,2,2022-03-28 09:04:23
1648458265280879000,68.4,1,68.3,24,68.4,7,1,2022-03-28 09:04:25
1648458265385470000,68.4,1,68.3,24,68.4,6,1,2022-03-28 09:04:25
1648458266173775000,68.4,1,68.3,24,68.4,5,1,2022-03-28 09:04:26
1648458266543848000,68.4,1,68.3,24,68.4,4,1,2022-03-28 09:04:26
1648458266621930000,68.3,10,68.3,14,68.4,4,2,2022-03-28 09:04:26
1648458266778649000,68.4,1,68.3,14,68.4,3,1,2022-03-28 09:04:26
1648458266976270000,68.3,2,68.3,12,68.4,3,2,2022-03-28 09:04:26
1648458267365640000,68.4,3,68.3,12,68.5,19,1,2022-03-28 09:04:27
1648458267365640000,68.5,1,68.3,12,68.5,19,1,2022-03-28 09:04:27
1648458267808984000,68.4,7,68.3,9,68.5,19,2,2022-03-28 09:04:27
1648458267808984000,68.3,3,68.3,9,68.5,19,2,2022-03-28 09:04:27
1648458268983740000,68.3,10,68.2,16,68.5,9,2,2022-03-28 09:04:28
1648458269239112000,68.5,2,68.2,16,68.5,7,1,2022-03-28 09:04:29
1648458269616807000,68.4,1,68.3,2,68.5,7,1,2022-03-28 09:04:29
1648458272020364000,68.4,1,68.3,2,68.4,6,1,2022-03-28 09:04:32
1648458273093210000,68.3,7,68.2,12,68.3,7,2,2022-03-28 09:04:33
1648458273431220000,68.3,1,68.2,13,68.3,6,1,2022-03-28 09:04:33
1648458273583471000,68.3,1,68.2,13,68.3,5,1,2022-03-28 09:04:33
1648458273766098000,68.3,4,68.2,13,68.3,1,1,2022-03-28 09:04:33
1648458273864804000,68.3,1,68.2,13,68.4,6,1,2022-03-28 09:04:33
1648458276758108000,68.4,1,68.2,13,68.4,5,1,2022-03-28 09:04:36
1648458278396640000,68.4,1,68.2,13,68.4,4,1,2022-03-28 09:04:38
1648458278593149000,68.4,1,68.2,12,68.4,3,1,2022-03-28 09:04:38
1648458279371384000,68.4,1,68.2,12,68.4,2,1,2022-03-28 09:04:39
1648458279823389000,68.2,12,68.1,24,68.4,4,2,2022-03-28 09:04:39
1648458280490353000,68.1,22,68.1,5,68.4,4,2,2022-03-28 09:04:40
1648458280529173000,68.1,5,68.0,92,68.4,5,2,2022-03-28 09:04:40
1648458281391594000,68.2,2,68.0,92,68.3,2,1,2022-03-28 09:04:41
1648458281506406000,68.2,1,68.0,92,68.3,2,2,2022-03-28 09:04:41
1648458282554962000,68.2,2,68.0,92,68.2,9,1,2022-03-28 09:04:42
1648458282822823000,68.2,1,68.0,87,68.2,8,1,2022-03-28 09:04:42
1648458283981431000,68.2,1,68.0,87,68.2,7,1,2022-03-28 09:04:43
1648458286362814000,68.2,1,68.0,73,68.2,6,1,2022-03-28 09:04:46
1648458287114924000,68.1,1,68.0,73,68.2,8,2,2022-03-28 09:04:47
1648458287465679000,68.0,1,68.0,73,68.2,8,2,2022-03-28 09:04:47
1648458287784288000,68.2,5,68.0,73,68.2,3,1,2022-03-28 09:04:47
1648458289036655000,68.0,10,68.0,58,68.2,8,2,2022-03-28 09:04:49
1648458290806791000,68.1,1,68.0,59,68.1,1,1,2022-03-28 09:04:50
1648458295297907000,68.1,4,68.0,77,68.1,6,2,2022-03-28 09:04:55
1648458295325445000,68.0,1,68.0,76,68.1,6,2,2022-03-28 09:04:55
1648458295992042000,68.0,1,68.0,56,68.1,6,2,2022-03-28 09:04:55
1648458296112720000,68.0,1,68.0,55,68.1,6,2,2022-03-28 09:04:56
1648458296458277000,68.1,6,68.1,3,68.2,16,1,2022-03-28 09:04:56
1648458296478249000,68.1,1,68.1,2,68.2,16,2,2022-03-28 09:04:56
1648458296509374000,68.1,2,68.0,55,68.2,16,2,2022-03-28 09:04:56
1648458299341797000,68.1,1,68.0,56,68.2,17,2,2022-03-28 09:04:59
1648458299716005000,68.0,3,68.0,53,68.1,1,2,2022-03-28 09:04:59
1648458299749961000,68.0,21,68.0,32,68.1,1,2,2022-03-28 09:04:59
1648458299783267000,68.0,24,68.0,8,68.1,1,2,2022-03-28 09:04:59
1648458299817864000,68.0,8,67.9,21,68.1,1,2,2022-03-28 09:04:59
1648458300354803000,68.1,1,68.0,2,68.1,1,1,2022-03-28 09:05:00
1648458300574293000,68.0,2,67.9,15,68.1,6,2,2022-03-28 09:05:00
1648458300689628000,68.0,1,67.9,15,68.0,1,2,2022-03-28 09:05:00
1648458300815224000,67.9,6,67.9,9,68.0,1,2,2022-03-28 09:05:00
1648458301882665000,67.9,9,67.8,12,68.0,28,2,2022-03-28 09:05:01
1648458303980370000,67.8,1,67.8,12,68.0,29,2,2022-03-28 09:05:03
1648458305537285000,67.8,1,67.8,11,67.9,4,2,2022-03-28 09:05:05
1648458305991541000,67.9,1,67.8,11,67.9,3,1,2022-03-28 09:05:05
1648458306059704000,67.8,4,67.8,7,67.9,3,2,2022-03-28 09:05:06
1648458306093008000,67.8,7,67.7,11,67.9,3,2,2022-03-28 09:05:06
1648458307999172000,67.7,1,67.7,10,67.8,1,2,2022-03-28 09:05:07
1648458308559666000,67.7,1,67.7,9,67.8,2,2,2022-03-28 09:05:08
1648458308871649000,67.8,1,67.7,9,67.8,1,1,2022-03-28 09:05:08
1648458311119814000,67.7,5,67.7,4,67.8,10,2,2022-03-28 09:05:11
1648458311153304000,67.7,4,67.6,18,67.8,10,2,2022-03-28 09:05:11
1648458311655160000,67.7,1,67.6,22,67.7,1,1,2022-03-28 09:05:11
1648458312079381000,67.6,2,67.6,20,67.7,2,2,2022-03-28 09:05:12
1648458312261442000,67.6,2,67.6,18,67.7,2,2,2022-03-28 09:05:12
1648458312312898000,67.7,2,67.6,18,67.8,14,1,2022-03-28 09:05:12
1648458313760187000,67.6,1,67.6,17,67.8,17,2,2022-03-28 09:05:13
1648458315797545000,67.6,4,67.6,15,67.7,2,2,2022-03-28 09:05:15
1648458316648820000,67.6,2,67.6,13,67.7,3,2,2022-03-28 09:05:16
1648458316804557000,67.6,10,67.6,3,67.7,3,2,2022-03-28 09:05:16
1648458316829159000,67.6,3,67.5,36,67.7,3,2,2022-03-28 09:05:16
1648458318144814000,67.6,1,67.5,37,67.6,4,1,2022-03-28 09:05:18
1648458318364382000,67.5,1,67.5,37,67.6,4,2,2022-03-28 09:05:18
1648458318615970000,67.5,3,67.5,34,67.6,4,2,2022-03-28 09:05:18
1648458319151750000,67.6,1,67.5,34,67.6,4,1,2022-03-28 09:05:19
1648458319566852000,67.5,10,67.5,7,67.6,4,2,2022-03-28 09:05:19
1648458321652803000,67.5,1,67.5,13,67.6,4,2,2022-03-28 09:05:21
1648458322297283000,67.5,1,67.5,12,67.6,4,2,2022-03-28 09:05:22
1648458322612188000,67.5,3,67.5,9,67.6,4,2,2022-03-28 09:05:22
1648458323007127000,67.5,1,67.5,9,67.6,4,2,2022-03-28 09:05:23
1648458323074150000,67.6,2,67.5,9,67.6,2,1,2022-03-28 09:05:23
1648458323158435000,67.5,1,67.5,8,67.6,2,2,2022-03-28 09:05:23
1648458323732430000,67.6,1,67.5,13,67.7,3,1,2022-03-28 09:05:23
1648458324083285000,67.5,10,67.5,3,67.7,3,2,2022-03-28 09:05:24
1648458325603117000,67.6,1,67.5,4,67.7,8,1,2022-03-28 09:05:25
1648458325737110000,67.5,1,67.5,3,67.7,8,2,2022-03-28 09:05:25
1648458325954147000,67.5,1,67.5,2,67.7,7,2,2022-03-28 09:05:25
1648458326049714000,67.5,1,67.5,1,67.7,7,2,2022-03-28 09:05:26
1648458326646191000,67.6,1,67.6,2,67.7,7,2,2022-03-28 09:05:26
1648458326755778000,67.6,1,67.6,1,67.7,7,2,2022-03-28 09:05:26
1648458326771094000,67.6,1,67.5,1,67.7,7,2,2022-03-28 09:05:26
1648458328281979000,67.6,1,67.5,17,67.7,7,2,2022-03-28 09:05:28
1648458328281979000,67.5,2,67.5,17,67.7,7,2,2022-03-28 09:05:28
1648458330543879000,67.6,1,67.5,19,67.7,7,2,2022-03-28 09:05:30
1648458330604941000,67.6,1,67.5,19,67.7,7,1,2022-03-28 09:05:30
1648458330839814000,67.5,1,67.5,18,67.7,7,2,2022-03-28 09:05:30
1648458331297756000,67.6,1,67.5,18,67.7,8,1,2022-03-28 09:05:31
1648458331826279000,67.7,8,67.6,8,67.8,23,1,2022-03-28 09:05:31
1648458333193751000,67.7,1,67.6,9,67.8,23,2,2022-03-28 09:05:33
1648458333674062000,67.8,23,67.7,4,67.9,4,1,2022-03-28 09:05:33
1648458333931550000,67.9,4,67.7,9,68.0,7,1,2022-03-28 09:05:33
1648458334593460000,67.9,1,67.7,11,68.0,7,2,2022-03-28 09:05:34
1648458336330203000,67.9,1,67.9,3,68.0,8,2,2022-03-28 09:05:36
1648458336615421000,67.9,3,67.7,24,67.8,3,2,2022-03-28 09:05:36
1648458336653115000,67.8,3,67.7,24,68.0,8,1,2022-03-28 09:05:36
1648458337676832000,68.0,1,67.7,24,68.0,7,1,2022-03-28 09:05:37
1648458337714616000,67.7,4,67.7,20,68.0,7,2,2022-03-28 09:05:37
1648458337793321000,67.7,1,67.7,9,68.0,7,2,2022-03-28 09:05:37
1648458338868302000,68.0,1,67.9,1,68.0,6,1,2022-03-28 09:05:38
1648458340725241000,67.9,1,67.9,1,68.0,6,1,2022-03-28 09:05:40
1648458340725401000,68.0,6,67.9,1,68.2,1,1,2022-03-28 09:05:40
1648458342355887000,67.9,1,67.9,2,68.2,2,2,2022-03-28 09:05:42
1648458344006985000,68.1,3,68.0,3,68.2,1,2,2022-03-28 09:05:44
1648458344006985000,68.0,2,68.0,3,68.2,1,2,2022-03-28 09:05:44
1648458344377789000,68.0,1,68.0,4,68.2,1,2,2022-03-28 09:05:44
1648458344483621000,68.2,1,68.0,4,68.3,2,1,2022-03-28 09:05:44
1648458344483621000,68.3,1,68.0,4,68.3,2,1,2022-03-28 09:05:44
1648458344720952000,68.3,2,68.0,4,68.4,11,1,2022-03-28 09:05:44
1648458344720952000,68.4,1,68.0,4,68.4,11,1,2022-03-28 09:05:44
1648458344778630000,68.0,1,68.0,3,68.4,11,2,2022-03-28 09:05:44
1648458344955814000,68.4,3,68.0,5,68.4,8,1,2022-03-28 09:05:44
1648458347174701000,68.2,1,68.0,6,68.4,8,1,2022-03-28 09:05:47
1648458348638408000,68.3,1,68.0,6,68.3,5,1,2022-03-28 09:05:48
1648458349941873000,68.3,1,68.0,13,68.3,4,1,2022-03-28 09:05:49
1648458350667785000,68.1,1,68.0,14,68.2,2,2,2022-03-28 09:05:50
1648458350984487000,68.0,2,68.0,17,68.2,2,2,2022-03-28 09:05:50
1648458352040274000,68.0,10,68.0,9,68.2,3,2,2022-03-28 09:05:52
1648458355106824000,68.2,3,68.1,1,68.3,9,1,2022-03-28 09:05:55
1648458355205903000,68.1,1,68.0,10,68.3,10,2,2022-03-28 09:05:55
1648458355250749000,68.3,1,68.0,10,68.3,9,1,2022-03-28 09:05:55
1648458355610962000,68.3,1,68.0,11,68.3,8,1,2022-03-28 09:05:55
1648458359159632000,68.2,1,68.1,3,68.3,10,1,2022-03-28 09:05:59
1648458360985524000,68.1,1,68.1,3,68.2,1,2,2022-03-28 09:06:00
1648458363455677000,68.1,1,68.1,4,68.2,8,2,2022-03-28 09:06:03
1648458363523667000,68.2,1,68.1,4,68.2,7,1,2022-03-28 09:06:03
1648458365002331000,68.1,1,68.1,3,68.2,7,2,2022-03-28 09:06:05
1648458365028315000,68.1,3,68.0,33,68.2,7,2,2022-03-28 09:06:05
1648458367281650000,68.1,1,68.0,33,68.1,2,1,2022-03-28 09:06:07
1648458370058539000,68.1,1,68.0,45,68.1,3,1,2022-03-28 09:06:10
1648458370791022000,68.1,1,68.0,45,68.1,2,1,2022-03-28 09:06:10
1648458371001188000,68.1,1,68.0,45,68.1,1,1,2022-03-28 09:06:11
1648458373687802000,68.1,1,68.0,41,68.2,1,1,2022-03-28 09:06:13
1648458373687802000,68.2,9,68.0,41,68.2,1,1,2022-03-28 09:06:13
1648458375906718000,68.1,1,68.1,1,68.2,2,1,2022-03-28 09:06:15
1648458378775429000,68.2,1,68.1,5,68.2,1,1,2022-03-28 09:06:18
1648458378788389000,68.2,1,68.1,5,68.3,23,1,2022-03-28 09:06:18
1648458379048043000,68.1,5,68.0,42,68.1,17,2,2022-03-28 09:06:19
1648458380127227000,68.1,1,68.0,45,68.1,16,1,2022-03-28 09:06:20
1648458380188940000,68.0,22,68.0,23,68.1,16,2,2022-03-28 09:06:20
1648458380223633000,68.0,1,68.0,22,68.1,16,2,2022-03-28 09:06:20
1648458380637870000,68.0,22,68.0,1,68.1,16,2,2022-03-28 09:06:20
1648458380677708000,68.0,1,67.9,8,68.1,16,2,2022-03-28 09:06:20
1648458381354443000,68.0,1,67.9,8,68.1,16,1,2022-03-28 09:06:21
1648458381996024000,67.9,1,67.9,7,68.0,1,2,2022-03-28 09:06:21
1648458382781936000,67.9,1,67.9,6,68.0,1,2,2022-03-28 09:06:22
1648458383833964000,68.0,1,67.9,6,68.0,5,1,2022-03-28 09:06:23
1648458385249217000,68.0,1,67.9,6,68.0,4,1,2022-03-28 09:06:25
1648458386308873000,68.0,1,67.9,6,68.0,3,1,2022-03-28 09:06:26
1648458387598266000,68.0,5,67.9,8,68.1,17,1,2022-03-28 09:06:27
1648458387803550000,67.9,8,67.8,28,67.9,2,2,2022-03-28 09:06:27
1648458390097378000,67.9,1,67.8,30,67.9,1,1,2022-03-28 09:06:30
1648458390127730000,67.8,1,67.8,29,67.9,1,2,2022-03-28 09:06:30
1648458391029551000,67.9,1,67.8,30,68.0,16,1,2022-03-28 09:06:31
1648458395010575000,68.0,2,67.9,3,68.0,14,1,2022-03-28 09:06:35
1648458399020353000,68.0,1,67.9,3,68.0,14,1,2022-03-28 09:06:39
1648458399891847000,67.9,1,67.9,2,68.0,20,2,2022-03-28 09:06:39
1648458399918958000,67.9,2,67.8,31,68.0,20,2,2022-03-28 09:06:39
1648458400084141000,68.0,10,67.8,31,68.0,10,1,2022-03-28 09:06:40
1648458401459352000,67.9,1,67.9,9,68.0,10,1,2022-03-28 09:06:41
1648458402561516000,68.0,1,67.9,10,68.0,19,1,2022-03-28 09:06:42
1648458403102007000,68.0,1,67.9,10,68.0,18,1,2022-03-28 09:06:43
1648458403661549000,67.9,2,67.9,9,68.0,18,2,2022-03-28 09:06:43
1648458411886295000,67.9,1,67.9,58,68.0,18,2,2022-03-28 09:06:51
1648458411920666000,68.0,18,67.9,58,68.1,16,1,2022-03-28 09:06:51
1648458413176730000,68.1,1,68.0,9,68.1,15,1,2022-03-28 09:06:53
1648458413971719000,68.0,1,68.0,11,68.1,15,2,2022-03-28 09:06:53
1648458414006431000,68.0,11,67.9,59,68.1,15,2,2022-03-28 09:06:54
1648458417114863000,68.0,1,68.0,5,68.1,15,2,2022-03-28 09:06:57
1648458418921006000,68.0,3,67.9,78,68.1,15,2,2022-03-28 09:06:58
1648458419930918000,67.9,2,67.9,56,68.1,15,2,2022-03-28 09:06:59
1648458420355788000,68.1,1,68.0,25,68.1,15,1,2022-03-28 09:07:00
1648458423778456000,68.0,2,68.0,25,68.1,15,2,2022-03-28 09:07:03
1648458424772388000,68.0,1,68.0,25,68.1,15,2,2022-03-28 09:07:04
1648458429351725000,68.1,1,68.0,39,68.1,14,1,2022-03-28 09:07:09
1648458429976580000,68.1,3,68.0,39,68.1,11,1,2022-03-28 09:07:09
1648458430028939000,68.0,1,68.0,38,68.1,11,2,2022-03-28 09:07:10
1648458430138462000,68.1,2,68.0,38,68.1,9,1,2022-03-28 09:07:10
1648458430864313000,68.1,1,68.0,38,68.1,8,1,2022-03-28 09:07:10
1648458430899664000,68.1,1,68.0,38,68.1,7,1,2022-03-28 09:07:10
1648458431424945000,68.0,1,68.0,37,68.1,7,2,2022-03-28 09:07:11
1648458431503079000,68.1,2,68.0,37,68.1,5,1,2022-03-28 09:07:11
1648458431539860000,68.1,2,68.0,37,68.1,3,1,2022-03-28 09:07:11
1648458431608156000,68.1,1,68.0,57,68.1,2,1,2022-03-28 09:07:11
1648458431640427000,68.1,2,68.0,57,68.2,3,1,2022-03-28 09:07:11
1648458433212367000,68.1,1,68.1,1,68.2,3,1,2022-03-28 09:07:13
1648458433443090000,68.2,1,68.1,1,68.2,2,1,2022-03-28 09:07:13
1648458433488747000,68.2,2,68.1,3,68.3,5,1,2022-03-28 09:07:13
1648458433495857000,68.3,2,68.1,3,68.3,3,1,2022-03-28 09:07:13
1648458440745597000,68.3,3,68.1,14,68.4,13,1,2022-03-28 09:07:20
1648458440761678000,68.1,5,68.1,9,68.4,13,2,2022-03-28 09:07:20
1648458440868235000,68.3,10,68.1,9,68.4,15,2,2022-03-28 09:07:20
1648458444352105000,68.3,1,68.2,2,68.4,13,2,2022-03-28 09:07:24
1648458444390118000,68.3,1,68.2,2,68.4,13,2,2022-03-28 09:07:24
1648458447770463000,68.3,1,68.2,9,68.4,13,2,2022-03-28 09:07:27
1648458450833921000,68.3,1,68.2,10,68.3,21,2,2022-03-28 09:07:30
1648458450862378000,68.2,10,68.1,14,68.3,21,2,2022-03-28 09:07:30
1648458451918725000,68.1,9,68.0,27,68.2,22,2,2022-03-28 09:07:31
1648458451918725000,68.0,9,68.0,27,68.2,22,2,2022-03-28 09:07:31
1648458452045479000,68.0,3,68.0,24,68.2,22,2,2022-03-28 09:07:32
1648458452380777000,68.0,5,68.0,20,68.2,22,2,2022-03-28 09:07:32
1648458453060141000,68.2,1,68.0,20,68.2,21,1,2022-03-28 09:07:33
1648458454230991000,68.1,1,68.0,21,68.2,21,2,2022-03-28 09:07:34
1648458454896638000,68.0,2,68.0,19,68.2,21,2,2022-03-28 09:07:34
1648458457681729000,68.1,1,68.0,19,68.2,21,2,2022-03-28 09:07:37
1648458463520558000,68.1,3,68.0,27,68.2,31,2,2022-03-28 09:07:43
1648458465375194000,68.1,1,68.0,27,68.2,31,1,2022-03-28 09:07:45
1648458466479229000,68.1,1,68.0,27,68.2,31,2,2022-03-28 09:07:46
1648458467600587000,68.1,12,68.0,27,68.2,31,2,2022-03-28 09:07:47
1648458467635724000,68.1,1,68.0,27,68.2,31,2,2022-03-28 09:07:47
1648458468535511000,68.1,2,68.0,27,68.2,31,2,2022-03-28 09:07:48
1648458469311672000,68.0,5,68.0,22,68.2,31,2,2022-03-28 09:07:49
1648458472876393000,68.1,1,68.0,23,68.1,4,1,2022-03-28 09:07:52
1648458475525787000,68.1,1,68.0,23,68.1,5,1,2022-03-28 09:07:55
1648458475670174000,68.1,1,68.0,23,68.1,4,1,2022-03-28 09:07:55
1648458475906296000,68.0,1,68.0,22,68.1,4,2,2022-03-28 09:07:55
1648458476556034000,68.1,1,68.0,22,68.1,3,1,2022-03-28 09:07:56
1648458478511087000,68.1,1,68.0,22,68.1,2,1,2022-03-28 09:07:58
1648458480247080000,68.1,1,68.0,24,68.1,1,1,2022-03-28 09:08:00
1648458480282713000,68.0,24,67.9,53,68.1,1,2,2022-03-28 09:08:00
1648458481395891000,68.0,2,67.9,54,68.1,1,2,2022-03-28 09:08:01
1648458481395891000,67.9,2,67.9,54,68.1,1,2,2022-03-28 09:08:01
1648458481675657000,67.9,1,67.9,53,68.1,1,2,2022-03-28 09:08:01
1648458482043723000,68.1,1,68.0,1,68.2,32,1,2022-03-28 09:08:02
1648458482113129000,68.0,1,67.9,53,68.0,2,2,2022-03-28 09:08:02
1648458483417235000,68.2,2,67.9,53,68.2,30,1,2022-03-28 09:08:03
1648458485101607000,68.1,1,67.9,53,68.2,30,2,2022-03-28 09:08:05
1648458485579660000,68.2,1,67.9,53,68.2,29,1,2022-03-28 09:08:05
1648458490628561000,68.2,1,67.9,54,68.2,48,1,2022-03-28 09:08:10
1648458491375341000,68.0,1,68.0,2,68.2,48,2,2022-03-28 09:08:11
1648458492836078000,68.2,1,68.0,7,68.2,48,1,2022-03-28 09:08:12
1648458493511713000,68.1,1,68.0,7,68.2,48,2,2022-03-28 09:08:13
1648458516124237000,68.1,1,68.1,3,68.2,50,2,2022-03-28 09:08:36
1648458519836261000,68.1,1,68.1,2,68.2,50,2,2022-03-28 09:08:39
1648458520232900000,68.1,1,68.1,1,68.2,50,2,2022-03-28 09:08:40
1648458521144411000,68.1,1,68.0,19,68.2,50,2,2022-03-28 09:08:41
1648458525863774000,68.1,1,68.0,19,68.1,4,1,2022-03-28 09:08:45
1648458526587413000,68.1,1,68.0,19,68.1,3,1,2022-03-28 09:08:46
1648458531203783000,68.1,3,68.0,19,68.2,53,1,2022-03-28 09:08:51
1648458534233680000,68.1,1,68.0,21,68.2,53,1,2022-03-28 09:08:54
1648458535249075000,68.1,1,68.0,19,68.2,53,1,2022-03-28 09:08:55
1648458538962319000,68.2,5,68.1,1,68.2,48,1,2022-03-28 09:08:58
1648458540042921000,68.1,1,68.1,1,68.2,48,2,2022-03-28 09:09:00
1648458540956280000,68.1,1,68.0,21,68.2,47,2,2022-03-28 09:09:00
1648458545449093000,68.1,2,68.0,21,68.1,8,1,2022-03-28 09:09:05
1648458545462395000,68.1,8,68.0,21,68.2,37,1,2022-03-28 09:09:05
1648458545483912000,68.2,35,68.0,21,68.2,2,1,2022-03-28 09:09:05
1648458545502968000,68.1,1,68.0,21,68.2,1,1,2022-03-28 09:09:05
1648458545502968000,68.2,1,68.0,21,68.2,1,1,2022-03-28 09:09:05
1648458545503116000,68.2,1,68.0,21,68.3,17,1,2022-03-28 09:09:05
1648458545503116000,68.3,12,68.0,21,68.3,17,1,2022-03-28 09:09:05
1648458546703889000,68.3,1,68.2,4,68.3,16,1,2022-03-28 09:09:06
1648458547009309000,68.3,2,68.2,4,68.3,14,1,2022-03-28 09:09:07
1648458549035184000,68.3,1,68.2,4,68.3,9,1,2022-03-28 09:09:09
1648458552329435000,68.3,1,68.2,4,68.3,10,1,2022-03-28 09:09:12
1648458553539551000,68.3,1,68.2,4,68.3,9,1,2022-03-28 09:09:13
1648458553613610000,68.3,1,68.2,5,68.3,8,1,2022-03-28 09:09:13
1648458556268868000,68.3,1,68.2,5,68.3,7,1,2022-03-28 09:09:16
1648458556333282000,68.3,7,68.2,5,68.4,9,1,2022-03-28 09:09:16
1648458557940966000,68.4,1,68.2,9,68.4,9,1,2022-03-28 09:09:17
1648458558789870000,68.4,1,68.2,9,68.4,8,1,2022-03-28 09:09:18
1648458559430089000,68.3,5,68.2,7,68.4,13,2,2022-03-28 09:09:19
1648458563211723000,68.4,1,68.3,1,68.4,12,1,2022-03-28 09:09:23
1648458565916735000,68.3,2,68.1,5,68.2,1,2,2022-03-28 09:09:25
1648458565916735000,68.2,7,68.1,5,68.2,1,2,2022-03-28 09:09:25
1648458567047692000,68.2,1,68.1,7,68.4,12,1,2022-03-28 09:09:27
1648458567047692000,68.3,2,68.1,7,68.4,12,1,2022-03-28 09:09:27
1648458568737759000,68.3,1,68.1,7,68.4,12,1,2022-03-28 09:09:28
1648458573871648000,68.3,1,68.2,1,68.4,12,2,2022-03-28 09:09:33
1648458575083078000,68.3,1,68.2,1,68.3,1,2,2022-03-28 09:09:35
1648458578656722000,68.3,1,68.2,8,68.4,12,1,2022-03-28 09:09:38
1648458581348599000,68.3,1,68.2,8,68.4,13,1,2022-03-28 09:09:41
1648458592266041000,68.3,3,68.3,4,68.4,15,2,2022-03-28 09:09:52
1648458596302168000,68.4,1,68.3,7,68.4,14,1,2022-03-28 09:09:56
1648458596705973000,68.3,1,68.3,6,68.4,14,2,2022-03-28 09:09:56
1648458598164663000,68.3,1,68.3,5,68.4,14,2,2022-03-28 09:09:58
1648458599662504000,68.3,1,68.3,5,68.4,14,2,2022-03-28 09:09:59
1648458600757865000,68.4,1,68.3,10,68.4,13,1,2022-03-28 09:10:00
1648458601010561000,68.3,1,68.3,10,68.4,13,2,2022-03-28 09:10:01
1648458602570426000,68.4,1,68.3,10,68.4,12,1,2022-03-28 09:10:02
1648458602877883000,68.3,3,68.3,7,68.4,12,2,2022-03-28 09:10:02
1648458603059008000,68.4,1,68.3,7,68.4,11,1,2022-03-28 09:10:03
1648458613996412000,68.4,4,68.3,24,68.4,8,1,2022-03-28 09:10:13
1648458614031262000,68.4,8,68.3,24,68.5,19,1,2022-03-28 09:10:14
1648458616154679000,68.5,8,68.4,6,68.5,11,1,2022-03-28 09:10:16
1648458616189257000,68.5,2,68.4,6,68.5,9,1,2022-03-28 09:10:16
1648458616190647000,68.5,9,68.4,6,68.6,34,1,2022-03-28 09:10:16
1648458616274058000,68.4,1,68.4,5,68.6,34,2,2022-03-28 09:10:16
1648458619709611000,68.5,6,68.5,4,68.6,34,1,2022-03-28 09:10:19
1648458625803659000,68.5,1,68.5,6,68.6,36,2,2022-03-28 09:10:25
1648458627726276000,68.6,1,68.5,21,68.6,36,1,2022-03-28 09:10:27
1648458627773120000,68.6,1,68.5,21,68.6,35,1,2022-03-28 09:10:27
1648458629467710000,68.6,1,68.5,17,68.6,34,1,2022-03-28 09:10:29
1648458629569759000,68.6,3,68.5,17,68.6,31,1,2022-03-28 09:10:29
1648458630210023000,68.6,1,68.5,17,68.6,30,1,2022-03-28 09:10:30
1648458630247001000,68.6,1,68.5,17,68.6,29,1,2022-03-28 09:10:30
1648458630474657000,68.6,1,68.5,17,68.6,28,1,2022-03-28 09:10:30
1648458630497480000,68.6,6,68.5,17,68.6,22,1,2022-03-28 09:10:30
1648458630552851000,68.6,2,68.5,17,68.6,20,1,2022-03-28 09:10:30
1648458632369902000,68.6,2,68.5,17,68.6,18,1,2022-03-28 09:10:32
1648458633143439000,68.6,2,68.5,18,68.6,16,1,2022-03-28 09:10:33
1648458633160959000,68.6,1,68.5,18,68.6,15,1,2022-03-28 09:10:33
1648458634305839000,68.6,1,68.5,21,68.6,14,1,2022-03-28 09:10:34
1648458634432092000,68.6,2,68.5,21,68.6,12,1,2022-03-28 09:10:34
1648458635158566000,68.6,1,68.5,24,68.6,11,1,2022-03-28 09:10:35
1648458635173965000,68.6,1,68.5,24,68.6,10,1,2022-03-28 09:10:35
1648458636820836000,68.6,1,68.5,23,68.6,9,1,2022-03-28 09:10:36
1648458636914703000,68.6,1,68.5,23,68.6,8,1,2022-03-28 09:10:36
1648458637436523000,68.6,5,68.5,25,68.6,3,1,2022-03-28 09:10:37
1648458637459141000,68.6,3,68.6,4,68.8,11,1,2022-03-28 09:10:37
1648458637632272000,68.8,2,68.6,7,68.8,9,1,2022-03-28 09:10:37
1648458638409644000,68.6,1,68.6,11,68.7,1,2,2022-03-28 09:10:38
1648458638852821000,68.7,1,68.6,19,68.8,9,1,2022-03-28 09:10:38
1648458639328898000,68.8,2,68.6,29,68.8,7,1,2022-03-28 09:10:39
1648458642629528000,68.7,1,68.6,20,68.8,13,1,2022-03-28 09:10:42
1648458646135230000,68.7,5,68.7,2,68.8,14,1,2022-03-28 09:10:46
1648458646168960000,68.7,2,68.6,21,68.8,14,2,2022-03-28 09:10:46
1648458646557051000,68.6,21,68.5,28,68.6,1,2,2022-03-28 09:10:46
1648458646892029000,68.6,1,68.5,28,68.8,13,1,2022-03-28 09:10:46
1648458647046094000,68.7,1,68.5,28,68.7,1,1,2022-03-28 09:10:47
1648458647314630000,68.5,3,68.5,25,68.7,6,2,2022-03-28 09:10:47
1648458647327661000,68.5,25,68.4,7,68.7,28,2,2022-03-28 09:10:47
1648458647618651000,68.4,4,68.4,3,68.6,4,2,2022-03-28 09:10:47
1648458647907382000,68.4,4,68.3,38,68.6,14,2,2022-03-28 09:10:47
1648458648030091000,68.6,1,68.3,38,68.6,13,1,2022-03-28 09:10:48
1648458648361366000,68.3,1,68.3,17,68.5,3,2,2022-03-28 09:10:48
1648458648534296000,68.3,10,68.3,8,68.5,13,2,2022-03-28 09:10:48
1648458648534315000,68.3,8,68.1,17,68.5,13,2,2022-03-28 09:10:48
1648458648616368000,68.4,1,68.1,17,68.4,4,1,2022-03-28 09:10:48
1648458649427450000,68.4,5,68.1,18,68.5,20,1,2022-03-28 09:10:49
1648458650696039000,68.4,2,68.1,18,68.4,1,1,2022-03-28 09:10:50
1648458652190458000,68.4,1,68.1,18,68.5,9,1,2022-03-28 09:10:52
1648458652190458000,68.5,1,68.1,18,68.5,9,1,2022-03-28 09:10:52
1648458663133015000,68.4,1,68.2,5,68.4,10,1,2022-03-28 09:11:03
1648458663351111000,68.4,1,68.2,5,68.4,9,1,2022-03-28 09:11:03
1648458664275352000,68.2,1,68.2,4,68.4,9,2,2022-03-28 09:11:04
1648458664412022000,68.4,1,68.2,4,68.4,8,1,2022-03-28 09:11:04
1648458668100860000,68.4,1,68.3,10,68.4,7,1,2022-03-28 09:11:08
1648458669628917000,68.3,2,68.3,8,68.4,6,2,2022-03-28 09:11:09
1648458671880185000,68.4,2,68.3,8,68.4,4,1,2022-03-28 09:11:11
1648458672746730000,68.4,4,68.4,6,68.5,30,1,2022-03-28 09:11:12
1648458673283489000,68.4,1,68.4,5,68.5,30,2,2022-03-28 09:11:13
1648458673318471000,68.4,5,68.4,1,68.5,30,2,2022-03-28 09:11:13
1648458673322311000,68.4,1,68.3,9,68.5,30,2,2022-03-28 09:11:13
1648458674194633000,68.3,1,68.3,8,68.4,5,2,2022-03-28 09:11:14
1648458677207752000,68.3,7,68.3,1,68.4,10,2,2022-03-28 09:11:17
1648458677240536000,68.3,1,68.2,8,68.4,10,2,2022-03-28 09:11:17
1648458678038086000,68.3,1,68.2,9,68.4,10,2,2022-03-28 09:11:18
1648458678795587000,68.2,9,68.1,16,68.4,10,2,2022-03-28 09:11:18
1648458678795587000,68.1,1,68.1,16,68.4,10,2,2022-03-28 09:11:18
1648458681336593000,68.2,1,68.1,18,68.3,15,2,2022-03-28 09:11:21
1648458685129868000,68.1,1,68.1,11,68.2,2,2,2022-03-28 09:11:25
1648458687644591000,68.1,2,68.1,7,68.2,2,2,2022-03-28 09:11:27
1648458689896156000,68.1,7,68.0,41,68.1,3,2,2022-03-28 09:11:29
1648458691763756000,68.0,1,68.0,43,68.1,7,2,2022-03-28 09:11:31
1648458691823059000,68.0,1,68.0,42,68.1,7,2,2022-03-28 09:11:31
1648458694308713000,68.0,2,68.0,40,68.1,9,2,2022-03-28 09:11:34
1648458695997765000,68.1,1,68.0,40,68.1,8,1,2022-03-28 09:11:35
1648458698107682000,68.0,2,68.0,35,68.1,8,2,2022-03-28 09:11:38
1648458701714165000,68.0,1,68.0,31,68.1,8,2,2022-03-28 09:11:41
1648458701948717000,68.0,1,68.0,30,68.1,8,2,2022-03-28 09:11:41
1648458706837572000,68.0,30,67.9,50,68.1,7,2,2022-03-28 09:11:46
1648458706915114000,68.0,1,67.9,52,68.0,2,1,2022-03-28 09:11:46
1648458707853103000,68.0,1,67.9,52,68.0,3,1,2022-03-28 09:11:47
1648458709141618000,67.9,2,67.9,50,68.0,4,2,2022-03-28 09:11:49
1648458709172893000,67.9,1,67.9,49,68.0,4,2,2022-03-28 09:11:49
1648458710250726000,68.0,2,67.9,49,68.0,2,1,2022-03-28 09:11:50
1648458710585636000,68.0,1,67.9,49,68.0,1,1,2022-03-28 09:11:50
1648458710587938000,68.0,1,68.0,2,68.1,7,1,2022-03-28 09:11:50
1648458711096801000,68.1,1,68.0,2,68.1,6,1,2022-03-28 09:11:51
1648458711525372000,68.0,2,67.9,49,68.0,3,2,2022-03-28 09:11:51
1648458712787828000,68.0,1,67.9,49,68.0,2,1,2022-03-28 09:11:52
1648458712814921000,68.0,2,67.9,49,68.1,6,1,2022-03-28 09:11:52
1648458713945764000,68.0,1,67.9,48,68.0,14,1,2022-03-28 09:11:53
1648458716268954000,67.9,10,67.9,39,68.0,15,2,2022-03-28 09:11:56
1648458716309054000,67.9,1,67.9,38,68.0,15,2,2022-03-28 09:11:56
1648458717498236000,67.9,1,67.9,42,68.0,19,2,2022-03-28 09:11:57
1648458717612861000,67.9,1,67.9,41,68.0,19,2,2022-03-28 09:11:57
1648458718597226000,68.0,2,67.9,40,68.0,18,1,2022-03-28 09:11:58
1648458718659725000,68.0,2,67.9,40,68.0,16,1,2022-03-28 09:11:58
1648458720941524000,67.9,1,67.9,39,68.0,25,2,2022-03-28 09:12:00
1648458724088820000,68.0,2,67.9,40,68.0,16,1,2022-03-28 09:12:04
1648458726789321000,67.9,5,67.9,35,68.0,16,2,2022-03-28 09:12:06
1648458726835756000,67.9,1,67.9,34,68.0,16,2,2022-03-28 09:12:06
1648458727970828000,67.9,1,67.9,35,68.0,16,2,2022-03-28 09:12:07
1648458728975044000,68.0,5,67.9,35,68.0,11,1,2022-03-28 09:12:08
1648458729740945000,67.9,34,67.9,9,68.0,11,2,2022-03-28 09:12:09
1648458729777814000,67.9,1,67.9,8,68.0,11,2,2022-03-28 09:12:09
1648458729787007000,67.9,1,67.9,7,68.0,11,2,2022-03-28 09:12:09
1648458729795611000,67.9,1,67.9,6,68.0,11,2,2022-03-28 09:12:09
1648458729795642000,67.9,1,67.9,5,68.0,11,2,2022-03-28 09:12:09
1648458734704574000,68.0,3,67.9,13,68.0,14,1,2022-03-28 09:12:14
1648458735658246000,67.9,1,67.9,12,68.0,14,2,2022-03-28 09:12:15
1648458735942299000,68.0,14,68.0,26,68.1,4,1,2022-03-28 09:12:15
1648458736686188000,68.0,1,68.0,28,68.1,4,2,2022-03-28 09:12:16
1648458741672548000,68.1,4,68.0,32,68.2,3,1,2022-03-28 09:12:21
1648458741735140000,68.2,3,68.0,34,68.3,9,1,2022-03-28 09:12:21
1648458744055302000,68.0,1,68.0,34,68.3,9,2,2022-03-28 09:12:24
1648458747885803000,68.3,2,68.0,37,68.3,7,1,2022-03-28 09:12:27
1648458752686114000,68.3,7,68.3,1,68.4,7,1,2022-03-28 09:12:32
1648458757628538000,68.3,2,68.3,4,68.4,7,2,2022-03-28 09:12:37
1648458758741365000,68.3,1,68.3,3,68.4,9,2,2022-03-28 09:12:38
1648458760358582000,68.4,1,68.3,3,68.4,8,1,2022-03-28 09:12:40
1648458763330470000,68.3,1,68.3,2,68.4,8,2,2022-03-28 09:12:43
1648458766555978000,68.3,4,68.1,12,68.4,8,2,2022-03-28 09:12:46
1648458781372653000,68.2,2,68.2,4,68.3,11,2,2022-03-28 09:13:01
1648458781902194000,68.2,4,68.1,17,68.2,1,2,2022-03-28 09:13:01
1648458782415290000,68.1,1,68.1,14,68.2,1,2,2022-03-28 09:13:02
1648458784270506000,68.2,1,68.1,14,68.3,11,1,2022-03-28 09:13:04
1648458788941557000,68.2,1,68.2,4,68.3,11,2,2022-03-28 09:13:08
1648458789615388000,68.2,4,68.1,10,68.3,11,2,2022-03-28 09:13:09
1648458789615388000,68.1,6,68.1,10,68.3,11,2,2022-03-28 09:13:09
1648458791250594000,68.2,1,68.1,10,68.2,9,2,2022-03-28 09:13:11
1648458791481258000,68.2,5,68.1,10,68.2,4,1,2022-03-28 09:13:11
1648458791516160000,68.2,1,68.1,10,68.2,3,1,2022-03-28 09:13:11
1648458791550815000,68.2,3,68.1,10,68.3,13,1,2022-03-28 09:13:11
1648458794404873000,68.2,1,68.1,10,68.2,1,2,2022-03-28 09:13:14
1648458794676988000,68.1,1,68.1,9,68.2,1,2,2022-03-28 09:13:14
1648458797836897000,68.2,1,68.1,12,68.3,15,1,2022-03-28 09:13:17
1648458799998817000,68.2,1,68.1,2,68.3,15,2,2022-03-28 09:13:19
1648458799998817000,68.1,9,68.1,2,68.3,15,2,2022-03-28 09:13:19
1648458802196577000,68.3,10,68.2,2,68.3,6,1,2022-03-28 09:13:22
1648458807810410000,68.3,2,68.2,1,68.3,2,1,2022-03-28 09:13:27
1648458809880103000,68.2,1,68.1,2,68.2,1,2,2022-03-28 09:13:29
1648458809914442000,68.2,1,68.1,4,68.3,2,1,2022-03-28 09:13:29
1648458820202933000,68.3,5,68.2,5,68.4,8,1,2022-03-28 09:13:40
1648458820332276000,68.2,5,68.2,4,68.4,8,2,2022-03-28 09:13:40
1648458826179761000,68.4,1,68.2,2,68.4,7,1,2022-03-28 09:13:46
1648458837663014000,68.3,1,68.2,1,68.4,9,2,2022-03-28 09:13:57
1648458838993369000,68.3,1,68.2,3,68.4,7,1,2022-03-28 09:13:58
1648458844235544000,68.2,3,68.1,8,68.4,7,2,2022-03-28 09:14:04
1648458846225965000,68.1,1,68.1,8,68.4,7,2,2022-03-28 09:14:06
1648458847078600000,68.3,2,68.1,8,68.4,7,1,2022-03-28 09:14:07
1648458849391656000,68.4,1,68.1,8,68.4,6,1,2022-03-28 09:14:09
1648458850360050000,68.3,2,68.1,8,68.4,6,1,2022-03-28 09:14:10
1648458858641728000,68.1,7,68.0,32,68.3,1,2,2022-03-28 09:14:18
1648458858641728000,68.0,3,68.0,32,68.3,1,2,2022-03-28 09:14:18
1648458860132805000,68.2,1,68.1,5,68.3,7,1,2022-03-28 09:14:20
1648458861840418000,68.3,1,68.1,5,68.3,6,1,2022-03-28 09:14:21
1648458865631989000,68.3,2,68.1,5,68.3,4,1,2022-03-28 09:14:25
1648458871623898000,68.3,2,68.1,7,68.3,2,1,2022-03-28 09:14:31
1648458886977474000,68.3,3,68.3,1,68.4,17,1,2022-03-28 09:14:46
1648458897357045000,68.3,1,68.3,4,68.4,17,2,2022-03-28 09:14:57
1648458898899790000,68.3,3,68.3,1,68.4,17,2,2022-03-28 09:14:58
1648458899078865000,68.3,1,68.2,9,68.3,21,2,2022-03-28 09:14:59
1648458903968029000,68.2,1,68.2,8,68.3,22,2,2022-03-28 09:15:03
1648458904002298000,68.2,8,68.1,8,68.3,22,2,2022-03-28 09:15:04
1648458907208812000,68.1,8,68.0,38,68.2,4,2,2022-03-28 09:15:07
1648458914306894000,68.0,1,68.0,35,68.1,2,2,2022-03-28 09:15:14
1648458917174438000,68.0,2,68.0,33,68.1,5,2,2022-03-28 09:15:17
1648458917873009000,68.0,21,68.0,12,68.1,10,2,2022-03-28 09:15:17
1648458917873191000,68.0,2,68.0,10,68.1,10,2,2022-03-28 09:15:17
1648458917873393000,68.0,5,68.0,5,68.1,10,2,2022-03-28 09:15:17
1648458917873895000,68.0,5,67.9,18,68.0,21,2,2022-03-28 09:15:17
1648458920020161000,68.0,1,67.9,18,68.0,22,1,2022-03-28 09:15:20
1648458923092573000,67.9,2,67.9,16,68.0,22,2,2022-03-28 09:15:23
1648458925629501000,67.9,4,67.9,12,68.0,4,2,2022-03-28 09:15:25
1648458925721972000,67.9,10,67.9,2,68.0,4,2,2022-03-28 09:15:25
1648458925749940000,67.9,2,67.8,39,68.0,4,2,2022-03-28 09:15:25
1648458925779644000,67.8,1,67.8,38,67.9,1,2,2022-03-28 09:15:25
1648458929719027000,67.8,6,67.8,31,67.9,2,2,2022-03-28 09:15:29
1648458931405876000,67.8,2,67.8,29,67.9,2,2,2022-03-28 09:15:31
1648458934974539000,67.8,2,67.8,28,67.9,11,2,2022-03-28 09:15:34
1648458935633438000,67.8,2,67.8,26,67.9,11,2,2022-03-28 09:15:35
1648458938640770000,67.8,2,67.8,25,67.9,11,2,2022-03-28 09:15:38
1648458938678463000,67.8,1,67.8,24,67.9,11,2,2022-03-28 09:15:38
1648458940711545000,67.8,3,67.8,22,67.9,11,2,2022-03-28 09:15:40
1648458940804932000,67.9,2,67.8,22,67.9,9,1,2022-03-28 09:15:40
1648458941658303000,67.8,20,67.8,2,67.9,9,2,2022-03-28 09:15:41
1648458941695948000,67.8,1,67.8,1,67.9,9,2,2022-03-28 09:15:41
1648458941722541000,67.8,1,67.7,43,67.9,9,2,2022-03-28 09:15:41
1648458941727158000,67.8,1,67.7,43,67.9,9,1,2022-03-28 09:15:41
1648458943253100000,67.7,1,67.7,42,67.8,21,2,2022-03-28 09:15:43
1648458943404842000,67.7,2,67.7,41,67.8,21,2,2022-03-28 09:15:43
1648458943436125000,67.7,11,67.7,30,67.8,21,2,2022-03-28 09:15:43
1648458943613878000,67.8,5,67.7,30,67.8,16,1,2022-03-28 09:15:43
1648458943656592000,67.7,1,67.7,29,67.8,16,2,2022-03-28 09:15:43
1648458944630435000,67.7,2,67.7,27,67.8,16,2,2022-03-28 09:15:44
1648458944672554000,67.7,2,67.7,25,67.8,16,2,2022-03-28 09:15:44
1648458945296101000,67.7,4,67.7,21,67.8,16,2,2022-03-28 09:15:45
1648458946184078000,67.7,5,67.7,16,67.8,16,2,2022-03-28 09:15:46
1648458946766395000,67.7,5,67.7,12,67.8,16,2,2022-03-28 09:15:46
1648458946798760000,67.7,1,67.7,11,67.8,16,2,2022-03-28 09:15:46
1648458947560060000,67.7,1,67.7,10,67.8,16,2,2022-03-28 09:15:47
1648458947669355000,67.7,10,67.6,56,67.8,16,2,2022-03-28 09:15:47
1648458948671991000,67.6,2,67.6,54,67.7,2,2,2022-03-28 09:15:48
1648458949357831000,67.7,1,67.6,55,67.7,1,1,2022-03-28 09:15:49
1648458950645897000,67.6,2,67.6,53,67.7,2,2,2022-03-28 09:15:50
1648458951548485000,67.7,2,67.6,53,67.8,11,1,2022-03-28 09:15:51
1648458953661951000,67.6,1,67.6,52,67.7,10,2,2022-03-28 09:15:53
1648458954433445000,67.6,1,67.6,51,67.7,11,2,2022-03-28 09:15:54
1648458954702106000,67.7,2,67.6,51,67.7,9,1,2022-03-28 09:15:54
1648458957632468000,67.6,1,67.6,31,67.7,19,2,2022-03-28 09:15:57
1648458959938229000,67.7,2,67.6,32,67.7,17,1,2022-03-28 09:15:59
1648458959964924000,67.6,19,67.6,13,67.7,17,2,2022-03-28 09:15:59
1648458960551475000,67.6,1,67.6,12,67.7,17,2,2022-03-28 09:16:00
1648458960937280000,67.6,10,67.6,2,67.7,27,2,2022-03-28 09:16:00
1648458960968070000,67.6,1,67.6,1,67.7,27,2,2022-03-28 09:16:00
1648458962290142000,67.6,4,67.5,79,67.6,6,2,2022-03-28 09:16:02
1648458962321647000,67.6,6,67.5,79,67.7,26,1,2022-03-28 09:16:02
1648458964391453000,67.6,1,67.5,81,67.6,9,1,2022-03-28 09:16:04
1648458964429214000,67.6,9,67.5,81,67.7,26,1,2022-03-28 09:16:04
1648458966383038000,67.7,4,67.6,14,67.7,22,1,2022-03-28 09:16:06
1648458966473550000,67.7,4,67.6,16,67.7,18,1,2022-03-28 09:16:06
1648458966473813000,67.7,6,67.6,16,67.7,12,1,2022-03-28 09:16:06
1648458966508302000,67.7,4,67.6,16,67.7,8,1,2022-03-28 09:16:06
1648458966508346000,67.7,8,67.6,16,67.8,22,1,2022-03-28 09:16:06
1648458966587784000,67.7,1,67.6,20,67.8,22,1,2022-03-28 09:16:06
1648458967000936000,67.6,2,67.6,18,67.8,22,2,2022-03-28 09:16:07
1648458969612674000,67.6,1,67.6,24,67.8,22,2,2022-03-28 09:16:09
1648458971170343000,67.6,1,67.6,23,67.8,22,2,2022-03-28 09:16:11
1648458971189609000,67.6,1,67.6,22,67.8,22,2,2022-03-28 09:16:11
1648458975350067000,67.6,5,67.6,13,67.7,2,2,2022-03-28 09:16:15
1648458976289426000,67.7,2,67.6,13,67.8,22,1,2022-03-28 09:16:16
1648458976824015000,67.6,1,67.6,12,67.8,22,2,2022-03-28 09:16:16
1648458977668361000,67.6,1,67.6,11,67.8,26,2,2022-03-28 09:16:17
1648458977737887000,67.8,26,67.7,1,68.0,2,1,2022-03-28 09:16:17
1648458981856207000,68.0,2,67.8,2,68.0,3,1,2022-03-28 09:16:21
1648458984980889000,68.0,1,67.8,2,68.0,2,1,2022-03-28 09:16:24
1648458987982572000,68.0,1,67.8,5,68.1,24,1,2022-03-28 09:16:27
1648458999890471000,68.0,1,67.8,7,68.0,4,1,2022-03-28 09:16:39
1648459000452240000,68.0,1,67.8,7,68.0,3,1,2022-03-28 09:16:40
1648459002121918000,68.0,1,67.9,9,68.0,2,1,2022-03-28 09:16:42
1648459016004528000,68.0,1,67.9,12,68.0,7,1,2022-03-28 09:16:56
1648459020727919000,67.9,1,67.9,11,68.0,8,2,2022-03-28 09:17:00
1648459021088278000,68.0,2,67.9,9,68.0,6,1,2022-03-28 09:17:01
1648459021653371000,67.9,9,67.8,7,68.0,11,2,2022-03-28 09:17:01
1648459024323358000,68.0,2,67.8,7,68.0,9,1,2022-03-28 09:17:04
1648459041245977000,67.8,1,67.8,3,67.9,5,2,2022-03-28 09:17:21
1648459047017246000,67.8,3,67.7,29,67.9,5,2,2022-03-28 09:17:27
1648459049305689000,67.8,3,67.8,1,67.9,5,1,2022-03-28 09:17:29
1648459053249626000,67.8,2,67.8,1,67.9,5,2,2022-03-28 09:17:33
1648459053816492000,67.8,1,67.7,30,67.8,2,2,2022-03-28 09:17:33
1648459055854017000,67.8,2,67.8,21,67.9,5,1,2022-03-28 09:17:35
1648459060469489000,67.8,1,67.8,23,67.9,5,2,2022-03-28 09:17:40
1648459065641704000,67.8,1,67.8,24,67.9,5,2,2022-03-28 09:17:45
1648459066328757000,67.9,5,67.8,26,68.0,9,1,2022-03-28 09:17:46
1648459082807883000,68.0,10,67.9,12,68.1,26,1,2022-03-28 09:18:02
1648459082987214000,68.1,11,67.9,13,68.1,15,1,2022-03-28 09:18:02
1648459083047007000,68.1,10,67.9,13,68.1,5,1,2022-03-28 09:18:03
1648459083070850000,68.1,5,67.9,13,68.2,3,1,2022-03-28 09:18:03
1648459085727266000,68.2,4,67.9,13,68.3,23,1,2022-03-28 09:18:05
1648459086396345000,67.9,1,67.9,18,68.3,23,2,2022-03-28 09:18:06
1648459089163256000,68.3,2,67.9,13,68.3,21,1,2022-03-28 09:18:09
1648459093411586000,67.9,3,67.9,10,68.3,21,2,2022-03-28 09:18:13
1648459109648457000,68.0,1,68.0,4,68.3,23,2,2022-03-28 09:18:29
1648459121406410000,68.0,2,68.0,2,68.2,1,2,2022-03-28 09:18:41
1648459121442378000,68.0,2,67.9,12,68.2,1,2,2022-03-28 09:18:41
1648459122083092000,67.9,1,67.9,11,68.2,1,2,2022-03-28 09:18:42
1648459127900095000,68.0,1,67.9,11,68.2,1,1,2022-03-28 09:18:47
1648459130687559000,68.0,1,67.9,11,68.1,1,1,2022-03-28 09:18:50
1648459133360346000,68.1,1,68.1,25,68.2,1,1,2022-03-28 09:18:53
1648459133388134000,68.2,1,68.1,25,68.3,23,1,2022-03-28 09:18:53
1648459133917281000,68.3,1,68.1,25,68.3,22,1,2022-03-28 09:18:53
1648459139651045000,68.3,22,68.4,152,68.5,16,1,2022-03-28 09:18:59
1648459139651045000,68.4,26,68.4,152,68.5,16,1,2022-03-28 09:18:59
1648459139667646000,68.5,2,68.4,152,68.5,14,1,2022-03-28 09:18:59
1648459139667976000,68.5,14,68.4,152,68.7,38,1,2022-03-28 09:18:59
1648459140886885000,68.6,1,68.4,152,68.7,38,1,2022-03-28 09:19:00
1648459147619622000,68.7,3,68.5,1,68.7,36,1,2022-03-28 09:19:07
1648459148485171000,68.6,1,68.5,1,68.6,1,2,2022-03-28 09:19:08
1648459148552008000,68.5,1,68.1,25,68.6,1,2,2022-03-28 09:19:08
1648459148745400000,68.6,1,68.2,2,68.7,36,1,2022-03-28 09:19:08
1648459149364807000,68.6,1,68.1,28,68.7,36,2,2022-03-28 09:19:09
1648459154487023000,68.5,2,68.2,4,68.6,23,2,2022-03-28 09:19:14
1648459155261464000,68.6,1,68.2,5,68.6,22,1,2022-03-28 09:19:15
1648459158871046000,68.6,1,68.2,10,68.6,25,1,2022-03-28 09:19:18
1648459166020451000,68.4,1,68.3,2,68.4,1,1,2022-03-28 09:19:26
1648459167032906000,68.4,1,68.3,2,68.4,1,1,2022-03-28 09:19:27
1648459168814639000,68.3,2,68.2,7,68.4,10,2,2022-03-28 09:19:28
1648459169270397000,68.4,2,68.2,7,68.4,10,1,2022-03-28 09:19:29
1648459170302533000,68.3,1,68.2,7,68.3,1,1,2022-03-28 09:19:30
1648459170330818000,68.3,1,68.2,7,68.4,8,1,2022-03-28 09:19:30
1648459170795617000,68.2,7,68.1,1,68.3,22,2,2022-03-28 09:19:30
1648459173808144000,68.2,1,68.0,29,68.3,22,1,2022-03-28 09:19:33
1648459178253191000,68.1,1,68.0,31,68.2,4,2,2022-03-28 09:19:38
1648459185912940000,68.2,1,68.1,3,68.2,9,1,2022-03-28 09:19:45
1648459186270507000,68.2,9,68.2,22,68.3,22,1,2022-03-28 09:19:46
1648459186967959000,68.2,3,68.2,19,68.3,22,2,2022-03-28 09:19:46
1648459200161687000,68.2,1,68.2,19,68.3,23,2,2022-03-28 09:20:00
1648459201336948000,68.3,1,68.2,20,68.3,22,1,2022-03-28 09:20:01
1648459201564816000,68.2,2,68.2,18,68.3,22,2,2022-03-28 09:20:01
1648459205810892000,68.2,2,68.2,16,68.3,22,2,2022-03-28 09:20:05
1648459207347223000,68.2,16,68.1,3,68.2,2,2,2022-03-28 09:20:07
1648459207371233000,68.2,2,68.1,3,68.3,22,1,2022-03-28 09:20:07
1648459210181007000,68.2,3,68.1,3,68.2,10,1,2022-03-28 09:20:10
1648459213448927000,68.1,2,68.1,1,68.2,10,2,2022-03-28 09:20:13
1648459216444978000,68.2,1,68.1,1,68.2,9,1,2022-03-28 09:20:16
1648459219141123000,68.2,1,68.1,1,68.2,2,1,2022-03-28 09:20:19
1648459219177936000,68.2,2,68.1,3,68.3,22,1,2022-03-28 09:20:19
1648459219930968000,68.3,1,68.1,3,68.3,21,1,2022-03-28 09:20:19
1648459220214986000,68.3,1,68.1,3,68.3,20,1,2022-03-28 09:20:20
1648459222057509000,68.2,2,68.2,3,68.3,20,2,2022-03-28 09:20:22
1648459234354656000,68.3,1,68.2,15,68.3,20,1,2022-03-28 09:20:34
1648459238412743000,68.3,2,68.2,16,68.3,18,1,2022-03-28 09:20:38
1648459240852512000,68.2,1,68.2,15,68.3,18,2,2022-03-28 09:20:40
1648459242714792000,68.2,1,68.2,14,68.3,18,2,2022-03-28 09:20:42
1648459242743997000,68.2,1,68.2,13,68.3,18,2,2022-03-28 09:20:42
1648459242775428000,68.2,1,68.2,12,68.3,18,2,2022-03-28 09:20:42
1648459242836075000,68.2,1,68.2,11,68.3,18,2,2022-03-28 09:20:42
1648459243680184000,68.2,2,68.2,9,68.3,18,2,2022-03-28 09:20:43
1648459250254349000,68.2,2,68.2,7,68.3,26,2,2022-03-28 09:20:50
1648459250363320000,68.2,1,68.2,6,68.3,26,2,2022-03-28 09:20:50
1648459252082406000,68.2,1,68.2,5,68.3,26,2,2022-03-28 09:20:52
1648459253595875000,68.2,1,68.2,4,68.3,26,2,2022-03-28 09:20:53
1648459255361965000,68.2,1,68.2,3,68.3,26,2,2022-03-28 09:20:55
1648459256763918000,68.2,3,68.1,5,68.2,2,2,2022-03-28 09:20:56
1648459256790887000,68.2,2,68.1,5,68.2,1,1,2022-03-28 09:20:56
1648459257271915000,68.2,1,68.1,5,68.2,1,1,2022-03-28 09:20:57
1648459260538844000,68.2,3,68.2,7,68.3,27,1,2022-03-28 09:21:00
1648459260605806000,68.2,1,68.2,6,68.3,27,2,2022-03-28 09:21:00
1648459260642379000,68.2,5,68.2,1,68.3,27,2,2022-03-28 09:21:00
1648459261138031000,68.2,1,68.1,5,68.2,3,2,2022-03-28 09:21:01
1648459261313285000,68.1,3,68.1,2,68.2,3,2,2022-03-28 09:21:01
1648459265933436000,68.2,6,68.2,4,68.3,27,1,2022-03-28 09:21:05
1648459265958791000,68.2,3,68.2,1,68.3,27,2,2022-03-28 09:21:05
1648459266093260000,68.2,1,68.1,2,68.3,25,2,2022-03-28 09:21:06
1648459267337713000,68.3,1,68.1,2,68.3,24,1,2022-03-28 09:21:07
1648459282911869000,68.2,1,68.2,6,68.3,23,2,2022-03-28 09:21:22
1648459287214983000,68.2,1,68.2,5,68.3,24,2,2022-03-28 09:21:27
1648459290767145000,68.2,3,68.2,3,68.3,24,2,2022-03-28 09:21:30
1648459292261789000,68.2,1,68.2,2,68.3,24,2,2022-03-28 09:21:32
1648459294198293000,68.2,1,68.1,7,68.3,24,2,2022-03-28 09:21:34
1648459295922412000,68.2,10,68.1,7,68.3,24,1,2022-03-28 09:21:35
1648459295954206000,68.3,6,68.1,7,68.3,18,1,2022-03-28 09:21:35
1648459296159554000,68.2,1,68.1,7,68.4,4,1,2022-03-28 09:21:36
1648459296159554000,68.3,18,68.1,7,68.4,4,1,2022-03-28 09:21:36
1648459304305237000,68.4,2,68.3,2,68.4,2,1,2022-03-28 09:21:44
1648459304340657000,68.4,2,68.3,4,68.5,3,1,2022-03-28 09:21:44
1648459305458472000,68.3,2,68.3,2,68.5,3,2,2022-03-28 09:21:45
1648459307565812000,68.5,3,68.2,5,68.6,3,1,2022-03-28 09:21:47
1648459307565812000,68.6,1,68.2,5,68.6,3,1,2022-03-28 09:21:47
1648459314878893000,68.6,1,68.4,2,68.6,2,1,2022-03-28 09:21:54
1648459320914238000,68.6,3,68.4,5,68.6,3,1,2022-03-28 09:22:00
1648459322346378000,68.6,1,68.4,5,68.6,2,1,2022-03-28 09:22:02
1648459323612986000,68.5,2,68.4,5,68.5,13,2,2022-03-28 09:22:03
1648459324327459000,68.5,5,68.4,3,68.5,8,1,2022-03-28 09:22:04
1648459324669155000,68.5,1,68.4,3,68.5,7,1,2022-03-28 09:22:04
1648459325012471000,68.5,3,68.4,3,68.5,4,1,2022-03-28 09:22:05
1648459325659330000,68.5,1,68.4,3,68.5,4,1,2022-03-28 09:22:05
1648459327098650000,68.5,1,68.4,3,68.5,3,1,2022-03-28 09:22:07
1648459328549881000,68.5,1,68.4,3,68.5,2,1,2022-03-28 09:22:08
1648459331815221000,68.5,1,68.4,3,68.5,1,1,2022-03-28 09:22:11
1648459335696443000,68.5,1,68.4,5,68.5,3,1,2022-03-28 09:22:15
1648459336021389000,68.5,2,68.4,5,68.5,1,1,2022-03-28 09:22:16
1648459337659039000,68.5,1,68.4,5,68.6,14,1,2022-03-28 09:22:17
1648459338304258000,68.5,1,68.4,5,68.6,14,2,2022-03-28 09:22:18
1648459341513636000,68.5,4,68.4,5,68.7,33,1,2022-03-28 09:22:21
1648459341513636000,68.6,14,68.4,5,68.7,33,1,2022-03-28 09:22:21
1648459341513636000,68.7,4,68.4,5,68.7,33,1,2022-03-28 09:22:21
1648459341679719000,68.7,22,68.5,2,68.7,11,1,2022-03-28 09:22:21
1648459341683423000,68.7,1,68.5,2,68.7,10,1,2022-03-28 09:22:21
1648459341697103000,68.7,1,68.5,2,68.7,9,1,2022-03-28 09:22:21
1648459342788609000,68.7,9,68.5,4,68.9,14,1,2022-03-28 09:22:22
1648459342788609000,68.8,3,68.5,4,68.9,14,1,2022-03-28 09:22:22
1648459342788609000,68.9,10,68.5,4,68.9,14,1,2022-03-28 09:22:22
1648459342841981000,68.9,1,68.5,4,68.9,14,1,2022-03-28 09:22:22
1648459342871708000,68.9,2,68.5,4,68.9,12,1,2022-03-28 09:22:22
1648459342950315000,68.9,12,68.9,10,69.0,42,1,2022-03-28 09:22:22
1648459342971765000,69.0,1,68.9,10,69.0,41,1,2022-03-28 09:22:22
1648459342993207000,69.0,29,68.9,10,69.0,12,1,2022-03-28 09:22:22
1648459343014759000,69.0,12,68.9,10,69.1,1,1,2022-03-28 09:22:23
1648459343173456000,69.1,1,68.9,10,69.2,5,1,2022-03-28 09:22:23
1648459343212177000,69.2,1,68.9,10,69.2,4,1,2022-03-28 09:22:23
1648459343265140000,69.2,2,68.9,10,69.2,2,1,2022-03-28 09:22:23
1648459346336546000,69.2,1,68.9,10,69.2,1,1,2022-03-28 09:22:26
1648459348236063000,68.9,3,68.9,7,69.2,1,2,2022-03-28 09:22:28
1648459348259683000,68.9,7,68.5,4,69.2,2,2,2022-03-28 09:22:28
1648459350067849000,69.2,5,68.5,5,69.3,51,1,2022-03-28 09:22:30
1648459350067849000,69.3,17,68.5,5,69.3,51,1,2022-03-28 09:22:30
1648459351049706000,69.1,4,68.6,4,69.3,33,1,2022-03-28 09:22:31
1648459351049706000,69.3,18,68.6,4,69.3,33,1,2022-03-28 09:22:31
1648459353333761000,69.1,1,68.9,1,69.2,3,1,2022-03-28 09:22:33
1648459353635671000,69.2,1,68.9,1,69.2,2,1,2022-03-28 09:22:33
1648459355650460000,68.9,1,68.8,1,69.1,1,2,2022-03-28 09:22:35
1648459356089544000,68.8,1,68.8,2,69.1,1,2,2022-03-28 09:22:36
1648459358835995000,69.1,1,68.8,3,69.1,3,1,2022-03-28 09:22:38
1648459358860218000,69.1,1,68.8,3,69.1,2,1,2022-03-28 09:22:38
1648459360157502000,69.1,1,69.0,1,69.1,2,1,2022-03-28 09:22:40
1648459362956597000,69.1,1,69.0,12,69.1,2,1,2022-03-28 09:22:42
1648459363586785000,69.1,1,69.0,13,69.1,1,1,2022-03-28 09:22:43
1648459363702761000,69.1,1,69.0,13,69.2,28,1,2022-03-28 09:22:43
1648459364628918000,69.0,13,68.9,2,69.0,9,2,2022-03-28 09:22:44
1648459365809092000,69.0,1,68.9,2,69.0,8,1,2022-03-28 09:22:45
1648459367584345000,69.0,1,68.9,1,69.0,8,1,2022-03-28 09:22:47
1648459368479478000,68.9,1,68.8,4,68.9,1,2,2022-03-28 09:22:48
1648459369932871000,68.9,1,68.8,2,68.9,3,1,2022-03-28 09:22:49
1648459370371995000,68.9,1,68.8,2,68.9,2,1,2022-03-28 09:22:50
1648459371385778000,68.9,1,68.8,2,68.9,5,1,2022-03-28 09:22:51
1648459372358489000,68.9,1,68.8,2,68.9,4,1,2022-03-28 09:22:52
1648459375521271000,68.9,1,68.8,2,68.9,10,1,2022-03-28 09:22:55
1648459376470497000,68.8,2,68.7,2,68.9,10,2,2022-03-28 09:22:56
1648459376485731000,68.9,2,68.7,2,68.9,8,1,2022-03-28 09:22:56
1648459380359133000,68.8,1,68.7,2,68.9,9,1,2022-03-28 09:23:00
1648459380383831000,68.7,2,68.6,2,68.9,9,2,2022-03-28 09:23:00
1648459381785981000,68.6,2,68.5,104,68.7,7,2,2022-03-28 09:23:01
1648459382092768000,68.6,1,68.5,103,68.6,1,2,2022-03-28 09:23:02
1648459382504904000,68.5,2,68.5,101,68.6,6,2,2022-03-28 09:23:02
1648459385292704000,68.5,13,68.4,5,68.6,3,2,2022-03-28 09:23:05
1648459385366286000,68.4,3,68.4,1,68.5,24,2,2022-03-28 09:23:05
1648459385366525000,68.4,1,68.3,5,68.4,3,2,2022-03-28 09:23:05
1648459385430051000,68.3,1,68.3,3,68.4,3,2,2022-03-28 09:23:05
1648459385687643000,68.4,1,68.3,3,68.4,2,1,2022-03-28 09:23:05
1648459390485844000,68.3,1,68.3,2,68.4,5,2,2022-03-28 09:23:10
1648459391740096000,68.4,1,68.3,2,68.4,2,1,2022-03-28 09:23:11
1648459391774588000,68.4,2,68.3,2,68.5,5,1,2022-03-28 09:23:11
1648459392903863000,68.5,1,68.4,1,68.5,4,1,2022-03-28 09:23:12
1648459396243311000,68.4,1,68.3,2,68.5,7,2,2022-03-28 09:23:16
1648459398275567000,68.5,1,68.3,2,68.5,5,1,2022-03-28 09:23:18
1648459399302688000,68.5,4,68.3,2,68.5,1,1,2022-03-28 09:23:19
1648459399332607000,68.5,1,68.3,3,68.7,2,1,2022-03-28 09:23:19
1648459399374514000,68.4,1,68.3,3,68.7,2,1,2022-03-28 09:23:19
1648459400656824000,68.5,1,68.3,3,68.7,4,1,2022-03-28 09:23:20
1648459406766327000,68.5,1,68.5,2,68.7,3,2,2022-03-28 09:23:26
1648459414119827000,68.5,2,68.5,1,68.7,13,2,2022-03-28 09:23:34
1648459414978788000,68.5,1,68.4,3,68.7,13,2,2022-03-28 09:23:34
1648459417404577000,68.5,1,68.4,3,68.7,13,2,2022-03-28 09:23:37
1648459424305255000,68.5,2,68.5,12,68.6,2,1,2022-03-28 09:23:44
1648459426162745000,68.6,2,68.5,18,68.7,13,1,2022-03-28 09:23:46
1648459434256739000,68.7,1,68.6,25,68.7,11,1,2022-03-28 09:23:54
1648459434391707000,68.7,1,68.6,25,68.7,10,1,2022-03-28 09:23:54
1648459436567641000,68.6,2,68.6,23,68.7,10,2,2022-03-28 09:23:56
1648459436601038000,68.6,1,68.6,22,68.7,10,2,2022-03-28 09:23:56
1648459436818093000,68.7,2,68.6,22,68.7,8,1,2022-03-28 09:23:56
1648459440834992000,68.7,3,68.6,23,68.7,7,1,2022-03-28 09:24:00
1648459441457580000,68.7,1,68.6,23,68.7,6,1,2022-03-28 09:24:01
1648459444033153000,68.7,1,68.6,24,68.7,5,1,2022-03-28 09:24:04
1648459445931827000,68.7,1,68.6,24,68.7,4,1,2022-03-28 09:24:05
1648459446442142000,68.7,1,68.6,24,68.7,3,1,2022-03-28 09:24:06
1648459449100649000,68.7,1,68.6,24,68.7,2,1,2022-03-28 09:24:09
1648459451106730000,68.6,20,68.6,4,68.7,5,2,2022-03-28 09:24:11
1648459451139796000,68.6,4,68.5,55,68.7,5,2,2022-03-28 09:24:11
1648459451139796000,68.5,33,68.5,55,68.7,5,2,2022-03-28 09:24:11
1648459451173491000,68.5,7,68.5,48,68.7,5,2,2022-03-28 09:24:11
1648459451185269000,68.5,2,68.4,9,68.5,20,2,2022-03-28 09:24:11
1648459452517811000,68.4,2,68.4,7,68.5,20,2,2022-03-28 09:24:12
1648459452548663000,68.4,7,68.3,10,68.5,20,2,2022-03-28 09:24:12
1648459457503290000,68.4,1,68.3,10,68.4,4,1,2022-03-28 09:24:17
1648459461076362000,68.3,10,68.2,12,68.4,6,2,2022-03-28 09:24:21
1648459461240526000,68.3,1,68.2,10,68.4,6,1,2022-03-28 09:24:21
1648459463978217000,68.2,10,68.1,13,68.4,6,2,2022-03-28 09:24:23
1648459464314371000,68.3,1,68.1,13,68.4,7,1,2022-03-28 09:24:24
1648459465800188000,68.3,1,68.1,13,68.3,1,2,2022-03-28 09:24:25
1648459477313006000,68.2,1,68.2,6,68.3,1,2,2022-03-28 09:24:37
1648459478394239000,68.3,1,68.2,6,68.4,8,1,2022-03-28 09:24:38
1648459479607054000,68.3,1,68.2,7,68.4,8,2,2022-03-28 09:24:39
1648459482208892000,68.3,1,68.2,6,68.4,8,1,2022-03-28 09:24:42
1648459484386228000,68.3,1,68.3,1,68.4,8,2,2022-03-28 09:24:44
1648459484415521000,68.3,1,68.2,9,68.4,8,2,2022-03-28 09:24:44
1648459484863574000,68.2,2,68.2,7,68.4,8,2,2022-03-28 09:24:44
1648459485766876000,68.4,2,68.2,7,68.4,6,1,2022-03-28 09:24:45
1648459498269546000,68.4,6,68.3,1,68.5,32,1,2022-03-28 09:24:58
1648459498361409000,68.4,1,68.3,1,68.5,32,1,2022-03-28 09:24:58
1648459505174172000,68.4,1,68.3,4,68.5,32,1,2022-03-28 09:25:05
1648459513235979000,68.4,1,68.3,4,68.5,32,1,2022-03-28 09:25:13
1648459513303670000,68.4,1,68.3,4,68.5,32,1,2022-03-28 09:25:13
1648459513547969000,68.4,1,68.3,4,68.5,32,1,2022-03-28 09:25:13
1648459514561721000,68.3,1,68.3,3,68.5,32,2,2022-03-28 09:25:14
1648459521551248000,68.3,1,68.3,10,68.5,33,2,2022-03-28 09:25:21
1648459531505771000,68.5,3,68.4,1,68.5,30,1,2022-03-28 09:25:31
1648459531540728000,68.5,16,68.4,1,68.5,14,1,2022-03-28 09:25:31
1648459531574644000,68.5,14,68.4,1,68.6,6,1,2022-03-28 09:25:31
1648459536155774000,68.6,5,68.4,4,68.6,1,1,2022-03-28 09:25:36
1648459536193495000,68.6,1,68.4,4,68.7,3,1,2022-03-28 09:25:36
1648459536432424000,68.4,1,68.4,3,68.7,3,2,2022-03-28 09:25:36
1648459543372488000,68.6,1,68.4,3,68.7,3,2,2022-03-28 09:25:43
1648459560665541000,68.6,1,68.5,1,68.9,1,1,2022-03-28 09:26:00
1648459560665541000,68.7,3,68.5,1,68.9,1,1,2022-03-28 09:26:00
1648459560665541000,68.8,1,68.5,1,68.9,1,1,2022-03-28 09:26:00
1648459560665541000,68.9,5,68.5,1,68.9,1,1,2022-03-28 09:26:00
1648459561197748000,68.9,1,68.5,2,68.9,2,1,2022-03-28 09:26:01
1648459562605505000,68.9,4,68.5,4,69.0,289,1,2022-03-28 09:26:02
1648459562605505000,69.0,6,68.5,4,69.0,289,1,2022-03-28 09:26:02
1648459562783823000,69.0,10,68.5,4,69.0,279,1,2022-03-28 09:26:02
1648459562798220000,69.0,1,68.5,4,69.0,278,1,2022-03-28 09:26:02
1648459562805777000,69.0,1,68.5,4,69.0,277,1,2022-03-28 09:26:02
1648459563769332000,69.0,10,68.5,4,69.0,267,1,2022-03-28 09:26:03
1648459563932921000,69.0,10,68.5,4,69.0,257,1,2022-03-28 09:26:03
1648459564090706000,69.0,10,68.5,4,69.0,247,1,2022-03-28 09:26:04
1648459564253551000,69.0,10,68.5,4,69.0,237,1,2022-03-28 09:26:04
1648459565029909000,68.9,10,68.5,4,69.0,237,2,2022-03-28 09:26:05
1648459565195210000,68.9,10,68.5,4,69.0,237,2,2022-03-28 09:26:05
1648459565796108000,68.9,10,68.5,4,69.0,237,2,2022-03-28 09:26:05
1648459565920028000,68.9,7,68.9,3,69.0,237,1,2022-03-28 09:26:05
1648459565951812000,68.9,3,68.5,4,69.0,237,2,2022-03-28 09:26:05
1648459566109396000,68.9,6,68.9,4,69.0,237,2,2022-03-28 09:26:06
1648459566140560000,68.9,4,68.5,4,69.0,237,2,2022-03-28 09:26:06
1648459573164169000,68.9,7,68.6,3,69.0,134,1,2022-03-28 09:26:13
1648459573164169000,69.0,103,68.6,3,69.0,134,1,2022-03-28 09:26:13
1648459575804571000,68.9,1,68.7,1,68.9,8,1,2022-03-28 09:26:15
1648459577587415000,68.9,5,68.7,1,68.9,3,1,2022-03-28 09:26:17
1648459579315554000,68.8,1,68.7,1,68.8,1,1,2022-03-28 09:26:19
1648459579780735000,68.8,1,68.7,1,68.9,3,1,2022-03-28 09:26:19
1648459580138863000,68.9,3,68.7,1,69.0,135,1,2022-03-28 09:26:20
1648459580577470000,69.0,1,68.7,1,69.0,134,1,2022-03-28 09:26:20
1648459582747653000,69.0,5,68.7,1,69.0,129,1,2022-03-28 09:26:22
1648459582913486000,69.0,5,68.7,2,69.0,124,1,2022-03-28 09:26:22
1648459583045353000,69.0,5,68.7,2,69.0,120,1,2022-03-28 09:26:23
1648459583196416000,69.0,5,68.7,4,69.0,115,1,2022-03-28 09:26:23
1648459583467086000,68.7,4,68.7,2,68.9,1,2,2022-03-28 09:26:23
1648459584281259000,68.9,1,68.8,1,69.0,106,1,2022-03-28 09:26:24
1648459584281259000,69.0,9,68.8,1,69.0,106,1,2022-03-28 09:26:24
1648459584734059000,69.0,1,68.8,1,69.0,105,1,2022-03-28 09:26:24
1648459588727760000,68.8,1,68.7,2,68.9,2,2,2022-03-28 09:26:28
1648459589085025000,68.9,1,68.7,2,68.9,1,1,2022-03-28 09:26:29
1648459593473517000,68.9,4,68.7,2,69.0,96,1,2022-03-28 09:26:33
1648459593473517000,69.0,17,68.7,2,69.0,96,1,2022-03-28 09:26:33
1648459594807697000,68.9,1,68.7,2,69.0,97,1,2022-03-28 09:26:34
1648459595196651000,68.9,1,68.7,4,68.9,1,2,2022-03-28 09:26:35
1648459595992405000,68.9,1,68.7,1,68.9,1,1,2022-03-28 09:26:35
1648459596203692000,68.9,1,68.7,3,69.0,97,1,2022-03-28 09:26:36
1648459596781767000,68.9,1,68.7,3,68.9,4,1,2022-03-28 09:26:36
1648459597417091000,68.7,1,68.7,2,68.9,4,2,2022-03-28 09:26:37
1648459597689185000,68.9,1,68.7,2,68.9,3,1,2022-03-28 09:26:37
1648459601936735000,68.9,3,68.7,5,69.0,89,1,2022-03-28 09:26:41
1648459601936735000,69.0,4,68.7,5,69.0,89,1,2022-03-28 09:26:41
1648459602370399000,68.9,1,68.7,6,69.0,89,1,2022-03-28 09:26:42
1648459602625330000,69.0,5,68.7,6,69.0,84,1,2022-03-28 09:26:42
1648459602809098000,68.8,2,68.7,8,68.9,1,1,2022-03-28 09:26:42
1648459604114937000,68.8,1,68.7,5,68.8,9,1,2022-03-28 09:26:44
1648459604518621000,68.8,1,68.7,5,68.8,8,1,2022-03-28 09:26:44
1648459605480692000,68.7,2,68.7,3,68.8,8,2,2022-03-28 09:26:45
1648459605489359000,68.8,2,68.7,3,68.8,6,1,2022-03-28 09:26:45
1648459605495856000,68.7,3,68.6,42,68.8,6,2,2022-03-28 09:26:45
1648459605968240000,68.7,1,68.6,42,68.7,1,1,2022-03-28 09:26:45
1648459606245094000,68.7,1,68.6,42,68.7,3,1,2022-03-28 09:26:46
1648459606920690000,68.6,2,68.6,40,68.7,3,2,2022-03-28 09:26:46
1648459607420865000,68.7,1,68.6,40,68.7,2,1,2022-03-28 09:26:47
1648459610725647000,68.7,1,68.6,42,68.7,5,1,2022-03-28 09:26:50
1648459611561782000,68.7,1,68.6,42,68.7,4,1,2022-03-28 09:26:51
1648459612203847000,68.6,2,68.6,40,68.7,5,2,2022-03-28 09:26:52
1648459612239084000,68.6,1,68.6,39,68.7,5,2,2022-03-28 09:26:52
1648459612653777000,68.7,2,68.6,39,68.7,5,1,2022-03-28 09:26:52
1648459612680570000,68.6,1,68.6,38,68.7,5,2,2022-03-28 09:26:52
1648459613540557000,68.6,2,68.5,91,68.7,5,2,2022-03-28 09:26:53
1648459614227414000,68.7,1,68.5,90,68.7,4,1,2022-03-28 09:26:54
1648459614566571000,68.7,1,68.5,90,68.7,3,1,2022-03-28 09:26:54
1648459614899600000,68.6,2,68.5,90,68.7,3,1,2022-03-28 09:26:54
1648459615099059000,68.5,2,68.4,23,68.6,1,2,2022-03-28 09:26:55
1648459616435195000,68.5,1,68.4,1,68.6,3,1,2022-03-28 09:26:56
1648459617605278000,68.6,4,68.4,1,68.7,3,1,2022-03-28 09:26:57
1648459617605278000,68.7,1,68.4,1,68.7,3,1,2022-03-28 09:26:57
1648459619578511000,68.7,1,68.4,1,68.7,4,1,2022-03-28 09:26:59
1648459619636506000,68.6,5,68.4,2,68.7,4,2,2022-03-28 09:26:59
1648459619944376000,68.6,1,68.4,2,68.7,2,2,2022-03-28 09:26:59
1648459620718583000,68.4,1,68.4,1,68.6,24,2,2022-03-28 09:27:00
1648459624325113000,68.3,10,68.3,4,68.5,2,2,2022-03-28 09:27:04
1648459624360241000,68.3,2,68.3,2,68.5,2,2,2022-03-28 09:27:04
1648459624456662000,68.3,2,68.2,15,68.5,2,2,2022-03-28 09:27:04
1648459624706780000,68.5,2,68.2,15,68.6,24,1,2022-03-28 09:27:04
1648459627433561000,68.4,1,68.3,1,68.6,24,1,2022-03-28 09:27:07
1648459630219753000,68.4,1,68.3,3,68.5,4,2,2022-03-28 09:27:10
1648459636883775000,68.4,1,68.4,7,68.5,8,2,2022-03-28 09:27:16
1648459639308918000,68.4,1,68.4,7,68.5,16,2,2022-03-28 09:27:19
1648459647606758000,68.4,1,68.4,9,68.5,16,2,2022-03-28 09:27:27
1648459650817354000,68.4,1,68.4,8,68.5,17,2,2022-03-28 09:27:30
1648459654501117000,68.5,1,68.4,7,68.5,16,1,2022-03-28 09:27:34
1648459655993500000,68.4,1,68.4,6,68.5,16,2,2022-03-28 09:27:35
1648459662355428000,68.4,1,68.4,5,68.5,16,2,2022-03-28 09:27:42
1648459666397856000,68.4,5,68.3,5,68.4,1,2,2022-03-28 09:27:46
1648459669790920000,68.4,5,68.3,5,68.4,1,1,2022-03-28 09:27:49
1648459669821538000,68.4,1,68.3,5,68.5,10,1,2022-03-28 09:27:49
1648459669826162000,68.3,1,68.3,4,68.5,10,2,2022-03-28 09:27:49
1648459703171884000,68.4,3,68.3,14,68.5,10,2,2022-03-28 09:28:23
1648459703171884000,68.3,1,68.3,14,68.5,10,2,2022-03-28 09:28:23
1648459733931979000,68.4,4,68.3,29,68.5,10,2,2022-03-28 09:28:53
1648459753755161000,68.4,1,68.3,30,68.5,10,1,2022-03-28 09:29:13
1648459759707493000,68.4,2,68.3,26,68.5,11,1,2022-03-28 09:29:19
1648459761928319000,68.4,1,68.3,11,68.5,11,2,2022-03-28 09:29:21
1648459771400951000,68.4,1,68.3,11,68.5,11,1,2022-03-28 09:29:31
1648459789189712000,68.4,1,68.4,1,68.5,11,2,2022-03-28 09:29:49
1648459789233261000,68.4,1,68.3,12,68.5,11,2,2022-03-28 09:29:49
1648459813670038000,68.4,1,68.3,12,68.4,4,1,2022-03-28 09:30:13
1648459818071171000,68.3,2,68.3,10,68.4,4,2,2022-03-28 09:30:18
1648459818761819000,68.3,2,68.3,9,68.4,4,2,2022-03-28 09:30:18
1648459818785345000,68.3,9,68.2,21,68.4,4,2,2022-03-28 09:30:18
1648459835952791000,68.4,5,68.3,1,68.4,1,1,2022-03-28 09:30:35
1648459835981807000,68.4,1,68.3,1,68.5,8,1,2022-03-28 09:30:35
1648459851195718000,68.5,1,68.3,1,68.5,6,1,2022-03-28 09:30:51
1648459872981525000,68.4,1,68.3,3,68.5,6,1,2022-03-28 09:31:12
1648459888871478000,68.5,2,68.4,2,68.5,3,1,2022-03-28 09:31:28
1648459897846289000,68.5,2,68.4,3,68.5,1,1,2022-03-28 09:31:37
1648459901626246000,68.5,1,68.4,3,68.5,5,1,2022-03-28 09:31:41
1648459915156979000,68.4,1,68.4,9,68.5,5,2,2022-03-28 09:31:55
1648459938726665000,68.5,1,68.4,9,68.5,4,1,2022-03-28 09:32:18
1648459976686633000,68.5,2,68.4,9,68.5,3,1,2022-03-28 09:32:56
1648459998387241000,68.4,1,68.4,9,68.5,9,2,2022-03-28 09:33:18
1648460006823168000,68.4,1,68.4,8,68.5,7,2,2022-03-28 09:33:26
1648460011507839000,68.4,2,68.4,6,68.5,7,2,2022-03-28 09:33:31
1648460014150482000,68.4,2,68.4,4,68.5,7,2,2022-03-28 09:33:34
1648460014172491000,68.4,4,68.3,7,68.5,7,2,2022-03-28 09:33:34
1648460014589120000,68.4,1,68.3,6,68.5,5,1,2022-03-28 09:33:34
1648460014589120000,68.5,2,68.3,6,68.5,5,1,2022-03-28 09:33:34
1648460022900550000,68.4,1,68.3,8,68.5,5,1,2022-03-28 09:33:42
1648460023871139000,68.5,1,68.3,8,68.5,4,1,2022-03-28 09:33:43
1648460024035029000,68.5,1,68.3,8,68.5,3,1,2022-03-28 09:33:44
1648460024710245000,68.4,1,68.3,8,68.4,1,1,2022-03-28 09:33:44
1648460025036867000,68.4,1,68.3,8,68.5,3,1,2022-03-28 09:33:45
1648460025199565000,68.5,1,68.3,8,68.5,2,1,2022-03-28 09:33:45
1648460026099021000,68.5,1,68.3,8,68.5,1,1,2022-03-28 09:33:46
1648460026255614000,68.5,1,68.3,8,68.6,24,1,2022-03-28 09:33:46
1648460027272594000,68.3,9,68.2,16,68.6,23,2,2022-03-28 09:33:47
1648460027272594000,68.2,11,68.2,16,68.6,23,2,2022-03-28 09:33:47
1648460027592922000,68.6,1,68.2,16,68.6,22,1,2022-03-28 09:33:47
1648460027781828000,68.6,1,68.2,19,68.6,21,1,2022-03-28 09:33:47
1648460029742129000,68.6,1,68.2,19,68.6,20,1,2022-03-28 09:33:49
1648460029945793000,68.6,1,68.2,19,68.6,19,1,2022-03-28 09:33:49
1648460030172542000,68.6,1,68.2,19,68.6,18,1,2022-03-28 09:33:50
1648460038125443000,68.5,1,68.2,19,68.6,18,2,2022-03-28 09:33:58
1648460073735754000,68.5,1,68.3,7,68.5,1,1,2022-03-28 09:34:33
1648460074596278000,68.5,1,68.3,7,68.6,19,1,2022-03-28 09:34:34
1648460091658610000,68.5,1,68.4,2,68.5,1,1,2022-03-28 09:34:51
1648460095356894000,68.5,1,68.4,2,68.6,21,1,2022-03-28 09:34:55
1648460120353778000,68.5,1,68.4,2,68.6,20,1,2022-03-28 09:35:20
1648460127497570000,68.4,2,68.3,12,68.6,21,2,2022-03-28 09:35:27
1648460133313997000,68.3,9,68.3,3,68.5,3,2,2022-03-28 09:35:33
1648460133352313000,68.3,3,68.2,18,68.5,4,2,2022-03-28 09:35:33
1648460138844748000,68.4,2,68.2,17,68.5,4,2,2022-03-28 09:35:38
1648460157976234000,68.3,1,68.2,17,68.5,7,2,2022-03-28 09:35:57
1648460184900952000,68.4,1,68.3,6,68.4,1,1,2022-03-28 09:36:24
1648460217553713000,68.4,1,68.3,8,68.5,5,1,2022-03-28 09:36:57
1648460252671627000,68.5,2,68.4,6,68.5,5,1,2022-03-28 09:37:32
1648460255362797000,68.5,2,68.4,6,68.5,3,1,2022-03-28 09:37:35
1648460269040046000,68.5,1,68.4,6,68.5,2,1,2022-03-28 09:37:49
1648460270537002000,68.5,2,68.5,3,68.6,25,1,2022-03-28 09:37:50
1648460312007272000,68.6,5,68.5,5,68.6,16,1,2022-03-28 09:38:32
1648460315199277000,68.6,5,68.5,6,68.6,11,1,2022-03-28 09:38:35
1648460316214930000,68.6,3,68.5,7,68.6,8,1,2022-03-28 09:38:36
1648460316367062000,68.6,8,68.6,2,68.7,29,1,2022-03-28 09:38:36
1648460318984528000,68.7,5,68.6,2,68.7,24,1,2022-03-28 09:38:38
1648460322477988000,68.7,1,68.6,5,68.7,23,1,2022-03-28 09:38:42
1648460322934801000,68.7,5,68.6,5,68.7,18,1,2022-03-28 09:38:42
1648460323018181000,68.7,4,68.6,5,68.7,14,1,2022-03-28 09:38:43
1648460326564559000,68.7,2,68.6,7,68.7,12,1,2022-03-28 09:38:46
1648460326618038000,68.7,2,68.6,7,68.7,10,1,2022-03-28 09:38:46
1648460326915843000,68.7,1,68.6,7,68.7,9,1,2022-03-28 09:38:46
1648460327013411000,68.7,1,68.6,7,68.7,8,1,2022-03-28 09:38:47
1648460328146186000,68.7,2,68.6,7,68.7,6,1,2022-03-28 09:38:48
1648460328212603000,68.6,1,68.6,6,68.7,6,2,2022-03-28 09:38:48
1648460328354111000,68.7,2,68.6,6,68.7,4,1,2022-03-28 09:38:48
1648460328695726000,68.7,1,68.6,7,68.7,3,1,2022-03-28 09:38:48
1648460328716644000,68.7,3,68.6,7,68.8,44,1,2022-03-28 09:38:48
1648460330903294000,68.8,1,68.6,8,68.8,43,1,2022-03-28 09:38:50
1648460338325047000,68.7,1,68.6,26,68.8,45,2,2022-03-28 09:38:58
1648460343671633000,68.8,5,68.7,1,68.8,40,1,2022-03-28 09:39:03
1648460345674628000,68.7,1,68.6,25,68.8,40,2,2022-03-28 09:39:05
1648460345688712000,68.8,5,68.6,25,68.8,35,1,2022-03-28 09:39:05
1648460348160447000,68.7,1,68.6,29,68.8,35,1,2022-03-28 09:39:08
1648460355564791000,68.7,1,68.7,2,68.8,35,2,2022-03-28 09:39:15
1648460355816299000,68.8,10,68.7,2,68.8,25,1,2022-03-28 09:39:15
1648460358444430000,68.7,2,68.6,28,68.8,26,2,2022-03-28 09:39:18
1648460364059506000,68.8,10,68.7,1,68.8,16,1,2022-03-28 09:39:24
1648460368107875000,68.8,10,68.7,2,68.8,7,1,2022-03-28 09:39:28
1648460368144173000,68.8,7,68.7,2,68.9,33,1,2022-03-28 09:39:28
1648460370017801000,68.9,10,68.7,3,68.9,23,1,2022-03-28 09:39:30
1648460370869486000,68.8,1,68.7,2,68.9,23,1,2022-03-28 09:39:30
1648460370891162000,68.9,5,68.7,2,68.9,18,1,2022-03-28 09:39:30
1648460376126825000,68.9,10,68.8,12,68.9,8,1,2022-03-28 09:39:36
1648460376151271000,68.9,2,68.8,12,68.9,6,1,2022-03-28 09:39:36
1648460376184515000,68.9,6,68.8,12,69.0,96,1,2022-03-28 09:39:36
1648460377736656000,69.0,10,68.8,13,69.0,86,1,2022-03-28 09:39:37
1648460377780074000,69.0,3,68.8,13,69.0,83,1,2022-03-28 09:39:37
1648460377804483000,69.0,1,68.8,13,69.0,82,1,2022-03-28 09:39:37
1648460378071358000,69.0,1,68.8,13,69.0,81,1,2022-03-28 09:39:38
1648460378090981000,69.0,1,68.8,13,69.0,80,1,2022-03-28 09:39:38
1648460378102133000,69.0,1,68.8,13,69.0,79,1,2022-03-28 09:39:38
1648460384557485000,69.0,10,68.9,1,69.0,70,1,2022-03-28 09:39:44
1648460384672858000,69.0,2,68.9,6,69.0,68,1,2022-03-28 09:39:44
1648460386959022000,69.0,1,68.9,6,69.0,72,1,2022-03-28 09:39:46
1648460387116468000,69.0,1,68.9,6,69.0,71,1,2022-03-28 09:39:47
1648460387256069000,69.0,1,68.9,6,69.0,70,1,2022-03-28 09:39:47
1648460387948519000,69.0,1,68.9,6,69.0,68,1,2022-03-28 09:39:47
1648460389049546000,69.0,1,68.9,6,69.0,68,1,2022-03-28 09:39:49
1648460391430553000,69.0,1,68.9,6,69.0,69,1,2022-03-28 09:39:51
1648460392102087000,69.0,1,68.9,6,69.0,68,1,2022-03-28 09:39:52
1648460392391189000,69.0,1,68.9,6,69.0,67,1,2022-03-28 09:39:52
1648460394330953000,69.0,1,68.9,5,69.0,66,1,2022-03-28 09:39:54
1648460396909407000,68.9,5,68.8,33,68.9,5,2,2022-03-28 09:39:56
1648460399167728000,68.9,1,68.8,32,68.9,4,1,2022-03-28 09:39:59
1648460399485898000,68.9,1,68.8,32,68.9,7,1,2022-03-28 09:39:59
1648460399536274000,68.9,1,68.8,32,68.9,6,1,2022-03-28 09:39:59
1648460404003215000,68.9,1,68.8,32,68.9,9,1,2022-03-28 09:40:04
1648460411536325000,68.8,1,68.8,11,68.9,20,2,2022-03-28 09:40:11
1648460411564653000,68.8,5,68.8,6,68.9,20,2,2022-03-28 09:40:11
1648460411601748000,68.8,6,68.7,2,68.8,4,2,2022-03-28 09:40:11
1648460411683960000,68.7,2,68.6,7,68.8,6,2,2022-03-28 09:40:11
1648460413299328000,68.7,1,68.6,3,68.8,19,2,2022-03-28 09:40:13
1648460413299328000,68.6,3,68.6,3,68.8,19,2,2022-03-28 09:40:13
1648460416812242000,68.7,1,68.6,3,68.8,19,2,2022-03-28 09:40:16
1648460424787529000,68.7,1,68.6,3,68.8,14,1,2022-03-28 09:40:24
1648460429154786000,68.7,1,68.6,3,68.8,14,2,2022-03-28 09:40:29
1648460438195907000,68.7,2,68.6,4,68.7,3,1,2022-03-28 09:40:38
1648460460648689000,68.7,1,68.6,6,68.7,4,1,2022-03-28 09:41:00
1648460465973355000,68.6,1,68.6,5,68.7,7,2,2022-03-28 09:41:05
1648460480455735000,68.6,4,68.6,1,68.7,7,2,2022-03-28 09:41:20
1648460480484703000,68.6,1,68.5,6,68.7,7,2,2022-03-28 09:41:20
1648460490768220000,68.6,1,68.5,7,68.6,4,1,2022-03-28 09:41:30
1648460503452891000,68.6,1,68.5,8,68.6,3,1,2022-03-28 09:41:43
1648460514477007000,68.6,1,68.5,7,68.6,3,1,2022-03-28 09:41:54
1648460518302783000,68.6,1,68.5,7,68.6,2,1,2022-03-28 09:41:58
1648460534828062000,68.6,5,68.5,9,68.6,1,1,2022-03-28 09:42:14
1648460534857605000,68.6,1,68.5,9,68.7,7,1,2022-03-28 09:42:14
1648460548014654000,68.6,1,68.5,10,68.7,5,1,2022-03-28 09:42:28
1648460560742092000,68.5,1,68.5,10,68.7,11,2,2022-03-28 09:42:40
1648460595293642000,68.6,1,68.6,2,68.7,9,2,2022-03-28 09:43:15
1648460596930701000,68.6,2,68.5,11,68.7,9,2,2022-03-28 09:43:16
1648460610856646000,68.6,1,68.5,11,68.6,2,2,2022-03-28 09:43:30
1648460619246069000,68.6,1,68.5,11,68.6,1,1,2022-03-28 09:43:39
1648460626803611000,68.6,1,68.5,11,68.7,9,1,2022-03-28 09:43:46
1648460635610924000,68.6,1,68.6,3,68.7,9,2,2022-03-28 09:43:55
1648460637058722000,68.6,1,68.6,3,68.7,9,2,2022-03-28 09:43:57
1648460649213732000,68.6,2,68.6,2,68.7,7,2,2022-03-28 09:44:09
1648460652266903000,68.6,1,68.6,1,68.7,7,2,2022-03-28 09:44:12
1648460656223525000,68.6,1,68.5,18,68.7,7,2,2022-03-28 09:44:16
1648460685951594000,68.6,10,68.5,18,68.7,8,1,2022-03-28 09:44:45
1648460703172578000,68.7,5,68.6,2,68.7,2,1,2022-03-28 09:45:03
1648460709584945000,68.6,3,68.5,21,68.6,2,2,2022-03-28 09:45:09
1648460718024636000,68.6,1,68.5,20,68.6,1,1,2022-03-28 09:45:18
1648460718052897000,68.6,1,68.5,20,68.7,2,1,2022-03-28 09:45:18
1648460736438422000,68.7,2,68.5,21,68.8,6,1,2022-03-28 09:45:36
1648460742807117000,68.6,1,68.5,20,68.8,8,1,2022-03-28 09:45:42
1648460766297384000,68.7,1,68.6,2,68.7,1,1,2022-03-28 09:46:06
1648460770953884000,68.6,1,68.6,1,68.7,1,2,2022-03-28 09:46:10
1648460773409442000,68.6,1,68.5,19,68.7,2,2,2022-03-28 09:46:13
1648460773409442000,68.5,3,68.5,19,68.7,2,2,2022-03-28 09:46:13
1648460782602346000,68.5,2,68.5,17,68.7,5,2,2022-03-28 09:46:22
1648460785668994000,68.5,3,68.5,14,68.7,5,2,2022-03-28 09:46:25
1648460799773927000,68.6,1,68.5,15,68.7,3,2,2022-03-28 09:46:39
1648460867924568000,68.6,2,68.6,3,68.7,12,1,2022-03-28 09:47:47
1648460885779231000,68.6,1,68.6,8,68.7,12,2,2022-03-28 09:48:05
1648460908683250000,68.6,1,68.6,7,68.7,13,2,2022-03-28 09:48:28
1648460935196831000,68.7,1,68.6,7,68.7,12,1,2022-03-28 09:48:55
1648460937838476000,68.6,2,68.6,5,68.7,12,2,2022-03-28 09:48:57
1648460941536882000,68.6,1,68.6,4,68.7,12,2,2022-03-28 09:49:01
1648460944051569000,68.6,4,68.5,11,68.7,12,2,2022-03-28 09:49:04
1648460944051569000,68.5,8,68.5,11,68.7,12,2,2022-03-28 09:49:04
1648460964544040000,68.5,3,68.5,3,68.6,2,2,2022-03-28 09:49:24
1648460966802731000,68.5,1,68.5,2,68.6,2,2,2022-03-28 09:49:26
1648460968496444000,68.5,1,68.5,1,68.6,2,2,2022-03-28 09:49:28
1648460968534342000,68.5,1,68.4,13,68.6,2,2,2022-03-28 09:49:28
1648460969279388000,68.6,2,68.4,13,68.6,1,1,2022-03-28 09:49:29
1648460972845189000,68.5,1,68.4,14,68.6,3,2,2022-03-28 09:49:32
1648460978407168000,68.4,5,68.4,8,68.5,1,2,2022-03-28 09:49:38
1648460980030493000,68.5,3,68.4,8,68.6,3,1,2022-03-28 09:49:40
1648460989504539000,68.5,1,68.4,8,68.6,4,1,2022-03-28 09:49:49
1648460996365838000,68.5,1,68.4,9,68.6,4,1,2022-03-28 09:49:56
1648461015165687000,68.5,1,68.4,12,68.6,3,2,2022-03-28 09:50:15
1648461035127156000,68.5,2,68.5,1,68.6,4,2,2022-03-28 09:50:35
1648461035154009000,68.5,1,68.4,22,68.6,4,2,2022-03-28 09:50:35
1648461048729189000,68.5,1,68.5,1,68.6,4,1,2022-03-28 09:50:48
1648461074484938000,68.5,4,68.5,3,68.6,4,2,2022-03-28 09:51:14
1648461102266105000,68.5,5,68.5,11,68.6,5,2,2022-03-28 09:51:42
1648461115720004000,68.5,11,68.3,13,68.4,15,2,2022-03-28 09:51:55
1648461115720004000,68.4,22,68.3,13,68.4,15,2,2022-03-28 09:51:55
1648461115756638000,68.4,7,68.3,13,68.4,8,1,2022-03-28 09:51:55
1648461115790637000,68.4,8,68.3,13,68.6,5,1,2022-03-28 09:51:55
1648461115798045000,68.3,1,68.3,12,68.6,5,2,2022-03-28 09:51:55
1648461115806453000,68.3,1,68.3,11,68.6,5,2,2022-03-28 09:51:55
1648461115849493000,68.3,3,68.3,8,68.6,5,2,2022-03-28 09:51:55
1648461123268824000,68.3,1,68.3,8,68.5,6,2,2022-03-28 09:52:03
1648461136328600000,68.3,1,68.3,9,68.5,7,2,2022-03-28 09:52:16
1648461136528067000,68.3,3,68.3,6,68.5,7,2,2022-03-28 09:52:16
1648461155841135000,68.3,1,68.3,5,68.5,7,2,2022-03-28 09:52:35
1648461190992284000,68.5,3,68.4,3,68.5,3,1,2022-03-28 09:53:10
1648461191025053000,68.5,3,68.4,3,68.6,4,1,2022-03-28 09:53:11
1648461191092593000,68.5,1,68.4,3,68.6,4,1,2022-03-28 09:53:11
1648461196616057000,68.5,1,68.4,3,68.6,4,1,2022-03-28 09:53:16
1648461250299683000,68.6,1,68.5,2,68.6,3,1,2022-03-28 09:54:10
1648461265706396000,68.6,1,68.5,2,68.6,3,1,2022-03-28 09:54:25
1648461267524058000,68.6,2,68.5,2,68.6,1,1,2022-03-28 09:54:27
1648461275096782000,68.6,1,68.5,5,68.6,2,1,2022-03-28 09:54:35
1648461276933272000,68.6,1,68.5,5,68.6,1,1,2022-03-28 09:54:36
1648461278752392000,68.6,1,68.5,5,68.7,11,1,2022-03-28 09:54:38
1648461285295980000,68.6,1,68.6,1,68.7,11,2,2022-03-28 09:54:45
1648461285298304000,68.6,1,68.5,5,68.7,11,2,2022-03-28 09:54:45
1648461346792518000,68.6,5,68.3,15,68.7,16,2,2022-03-28 09:55:46
1648461346792518000,68.5,5,68.3,15,68.7,16,2,2022-03-28 09:55:46
1648461346792518000,68.4,2,68.3,15,68.7,16,2,2022-03-28 09:55:46
1648461346792518000,68.3,8,68.3,15,68.7,16,2,2022-03-28 09:55:46
1648461349910758000,68.6,2,68.3,16,68.7,18,2,2022-03-28 09:55:49
1648461394773661000,68.6,8,68.6,2,68.7,17,1,2022-03-28 09:56:34
1648461421768008000,68.6,4,68.5,37,68.6,1,2,2022-03-28 09:57:01
1648461444337687000,68.6,1,68.5,36,68.7,12,2,2022-03-28 09:57:24
1648461452949992000,68.7,1,68.5,36,68.7,11,1,2022-03-28 09:57:32
1648461463042067000,68.7,1,68.5,36,68.7,10,1,2022-03-28 09:57:43
1648461504967282000,68.6,1,68.6,4,68.7,10,2,2022-03-28 09:58:24
1648461508622617000,68.7,1,68.6,4,68.7,9,1,2022-03-28 09:58:28
1648461509869271000,68.6,4,68.5,37,68.7,9,2,2022-03-28 09:58:29
1648461512090381000,68.7,1,68.5,37,68.7,8,1,2022-03-28 09:58:32
1648461512165022000,68.5,1,68.5,36,68.7,8,2,2022-03-28 09:58:32
1648461533074821000,68.6,1,68.5,35,68.8,11,1,2022-03-28 09:58:53
1648461533074821000,68.7,8,68.5,35,68.8,11,1,2022-03-28 09:58:53
1648461533074821000,68.8,1,68.5,35,68.8,11,1,2022-03-28 09:58:53
1648461535729256000,68.8,10,68.5,37,68.8,1,1,2022-03-28 09:58:55
1648461536951259000,68.8,2,68.6,10,68.9,2,1,2022-03-28 09:58:56
1648461536951259000,68.9,8,68.6,10,68.9,2,1,2022-03-28 09:58:56
1648461542272495000,68.9,2,68.6,14,69.0,55,1,2022-03-28 09:59:02
1648461542272495000,69.0,8,68.6,14,69.0,55,1,2022-03-28 09:59:02
1648461542418422000,69.0,1,68.6,14,69.0,54,1,2022-03-28 09:59:02
1648461551448013000,68.8,1,68.6,2,68.9,1,2,2022-03-28 09:59:11
1648461554721203000,68.9,1,68.6,2,68.9,2,1,2022-03-28 09:59:14
1648461555860609000,68.9,1,68.6,2,68.9,2,1,2022-03-28 09:59:15
1648461560827521000,68.9,2,68.8,1,69.0,53,1,2022-03-28 09:59:20
1648461560827521000,69.0,1,68.8,1,69.0,53,1,2022-03-28 09:59:20
1648461565964157000,68.8,1,68.7,2,68.9,16,2,2022-03-28 09:59:25
1648461566579329000,68.9,1,68.7,1,68.9,15,1,2022-03-28 09:59:26
1648461567871264000,68.9,3,68.7,1,68.9,12,1,2022-03-28 09:59:27
1648461570635584000,68.9,5,68.7,1,68.9,8,1,2022-03-28 09:59:30
1648461572119168000,68.9,3,68.7,1,68.9,6,1,2022-03-28 09:59:32
1648461574223643000,68.9,1,68.7,2,68.9,5,1,2022-03-28 09:59:34
1648461577139525000,68.9,3,68.8,1,68.9,1,1,2022-03-28 09:59:37
1648461579202297000,68.9,1,68.8,2,69.0,50,1,2022-03-28 09:59:39
1648461579202297000,69.0,2,68.8,2,69.0,50,1,2022-03-28 09:59:39
1648461588762283000,68.9,5,68.8,3,69.0,45,1,2022-03-28 09:59:48
1648461588762283000,69.0,5,68.8,3,69.0,45,1,2022-03-28 09:59:48
1648461598128054000,68.9,1,68.8,4,69.0,42,1,2022-03-28 09:59:58
1648461598128054000,69.0,4,68.8,4,69.0,42,1,2022-03-28 09:59:58
1648461601095390000,69.0,5,68.9,1,69.0,37,1,2022-03-28 10:00:01
1648461601139077000,68.9,1,68.8,4,69.0,37,2,2022-03-28 10:00:01
1648461606634182000,69.0,2,68.9,1,69.0,35,1,2022-03-28 10:00:06
1648461608412109000,68.9,1,68.9,1,69.0,36,2,2022-03-28 10:00:08
1648461611292940000,69.0,1,68.9,1,69.0,35,1,2022-03-28 10:00:11
1648461612032950000,69.0,1,68.9,1,69.0,34,1,2022-03-28 10:00:12
1648461620487570000,69.0,1,68.9,3,69.0,34,1,2022-03-28 10:00:20
1648461624153404000,68.9,1,68.9,2,69.0,34,2,2022-03-28 10:00:24
1648461630510321000,68.9,1,68.9,3,69.0,33,2,2022-03-28 10:00:30
1648461634355316000,68.9,1,68.9,2,69.0,33,2,2022-03-28 10:00:34
1648461637351984000,68.9,2,68.9,1,69.0,33,2,2022-03-28 10:00:37
1648461638302045000,68.9,1,68.8,4,68.9,4,2,2022-03-28 10:00:38
1648461639452307000,68.9,4,68.9,9,69.0,33,1,2022-03-28 10:00:39
1648461640506936000,69.0,1,68.9,9,69.0,32,1,2022-03-28 10:00:40
1648461644497791000,69.0,5,68.9,9,69.0,27,1,2022-03-28 10:00:44
1648461648345293000,69.0,2,68.9,11,69.0,27,1,2022-03-28 10:00:48
1648461648345842000,69.0,1,68.9,11,69.0,26,1,2022-03-28 10:00:48
1648461651150336000,69.0,1,68.9,11,69.0,25,1,2022-03-28 10:00:51
1648461651625122000,68.9,1,68.9,10,69.0,25,2,2022-03-28 10:00:51
1648461652765918000,69.0,2,68.9,10,69.0,23,1,2022-03-28 10:00:52
1648461661983913000,69.0,1,68.9,12,69.0,24,1,2022-03-28 10:01:01
1648461662961065000,69.0,1,68.9,12,69.0,24,1,2022-03-28 10:01:02
1648461669934646000,69.0,1,68.9,11,69.0,23,1,2022-03-28 10:01:09
1648461670561095000,69.0,3,68.9,11,69.0,20,1,2022-03-28 10:01:10
1648461670598892000,69.0,5,68.9,11,69.0,15,1,2022-03-28 10:01:10
1648461670684524000,68.9,1,68.9,10,69.0,15,2,2022-03-28 10:01:10
1648461676866770000,68.9,1,68.9,3,69.0,14,2,2022-03-28 10:01:16
1648461680011553000,69.0,2,68.9,3,69.0,12,1,2022-03-28 10:01:20
1648461680033682000,68.9,1,68.9,2,69.0,12,2,2022-03-28 10:01:20
1648461690651332000,68.9,1,68.9,1,69.0,13,2,2022-03-28 10:01:30
1648461690801850000,68.9,1,68.8,3,69.0,12,2,2022-03-28 10:01:30
1648461690801948000,68.8,1,68.8,2,69.0,11,2,2022-03-28 10:01:30
1648461697018428000,68.8,1,68.8,1,69.0,11,2,2022-03-28 10:01:37
1648461701848026000,68.8,1,68.7,23,68.8,2,2,2022-03-28 10:01:41
1648461702183316000,68.8,1,68.7,22,68.8,2,1,2022-03-28 10:01:42
1648461735517930000,68.8,3,68.7,22,68.9,3,1,2022-03-28 10:02:15
1648461735666838000,68.8,1,68.7,22,68.9,3,1,2022-03-28 10:02:15
1648461737960702000,68.9,2,68.7,22,68.9,1,1,2022-03-28 10:02:17
1648461751029745000,68.9,1,68.8,1,69.0,11,1,2022-03-28 10:02:31
1648461752943049000,68.8,1,68.7,25,68.8,1,2,2022-03-28 10:02:32
1648461752960061000,68.8,1,68.7,25,69.0,11,1,2022-03-28 10:02:32
1648461781019786000,68.8,1,68.7,27,68.8,4,2,2022-03-28 10:03:01
1648461790817780000,68.8,1,68.7,27,68.8,3,1,2022-03-28 10:03:10
1648461790845292000,68.8,3,68.7,27,68.9,4,1,2022-03-28 10:03:10
1648461794966790000,68.8,1,68.7,27,68.8,1,1,2022-03-28 10:03:14
1648461800033133000,68.8,1,68.7,27,68.8,1,1,2022-03-28 10:03:20
1648461802194519000,68.8,1,68.7,27,68.9,5,1,2022-03-28 10:03:22
1648461820183796000,68.9,5,68.7,28,68.9,4,1,2022-03-28 10:03:40
1648461841469372000,68.9,1,68.8,2,68.9,2,1,2022-03-28 10:04:01
1648461864645826000,68.9,1,68.8,8,68.9,2,1,2022-03-28 10:04:24
1648461867058560000,68.8,1,68.8,8,68.9,2,2,2022-03-28 10:04:27
1648461870018634000,68.9,1,68.8,8,68.9,1,1,2022-03-28 10:04:30
1648461870124330000,68.8,2,68.8,6,68.9,1,2,2022-03-28 10:04:30
1648461891978425000,68.8,1,68.8,7,68.9,5,2,2022-03-28 10:04:51
1648461901171918000,68.8,1,68.8,6,68.9,5,2,2022-03-28 10:05:01
1648461926864250000,68.9,1,68.8,8,68.9,5,1,2022-03-28 10:05:26
1648461935245005000,68.9,1,68.8,9,68.9,4,1,2022-03-28 10:05:35
1648461950423963000,68.9,2,68.8,9,68.9,2,1,2022-03-28 10:05:50
1648461965065118000,68.9,1,68.8,11,68.9,4,1,2022-03-28 10:06:05
1648461971992381000,68.9,1,68.8,11,68.9,3,1,2022-03-28 10:06:11
1648461976857019000,68.9,1,68.8,14,68.9,2,1,2022-03-28 10:06:16
1648461978167876000,68.9,1,68.8,14,68.9,1,1,2022-03-28 10:06:18
1648461982515543000,68.9,1,68.8,14,69.0,11,1,2022-03-28 10:06:22
1648462001508333000,68.9,1,68.9,6,69.0,11,2,2022-03-28 10:06:41
1648462007525316000,68.9,1,68.9,5,69.0,12,2,2022-03-28 10:06:47
1648462007585388000,68.9,5,68.8,14,69.0,12,2,2022-03-28 10:06:47
1648462018638978000,68.9,1,68.8,16,68.9,6,1,2022-03-28 10:06:58
1648462024029394000,68.9,1,68.8,18,68.9,7,1,2022-03-28 10:07:04
1648462030696403000,68.9,1,68.8,18,68.9,6,1,2022-03-28 10:07:10
1648462039635941000,68.8,1,68.8,17,68.9,6,2,2022-03-28 10:07:19
1648462040598135000,68.9,2,68.8,17,68.9,4,1,2022-03-28 10:07:20
1648462051203543000,68.8,1,68.8,16,68.9,4,2,2022-03-28 10:07:31
1648462052916479000,68.9,4,68.8,16,69.0,12,1,2022-03-28 10:07:32
1648462058977831000,68.9,1,68.8,16,69.0,12,2,2022-03-28 10:07:38
1648462064026353000,68.9,1,68.8,16,69.0,12,1,2022-03-28 10:07:44
1648462066146959000,68.9,1,68.8,14,69.0,12,2,2022-03-28 10:07:46
1648462083079638000,68.9,3,68.8,15,69.0,12,1,2022-03-28 10:08:03
1648462085469041000,69.0,1,68.9,3,69.0,11,1,2022-03-28 10:08:05
1648462092343409000,69.0,2,68.9,3,69.0,9,1,2022-03-28 10:08:12
1648462093456038000,69.0,2,68.9,3,69.0,7,1,2022-03-28 10:08:13
1648462094639622000,68.9,1,68.9,2,69.0,7,2,2022-03-28 10:08:14
1648462097270621000,68.9,1,68.9,1,69.0,8,2,2022-03-28 10:08:17
1648462098724178000,68.9,1,68.8,15,69.0,8,2,2022-03-28 10:08:18
1648462130599595000,68.9,2,68.8,17,68.9,1,1,2022-03-28 10:08:50
1648462134671623000,68.9,1,68.8,17,69.0,8,1,2022-03-28 10:08:54
1648462136947212000,68.8,2,68.8,15,69.0,10,2,2022-03-28 10:08:56
1648462136975854000,68.8,8,68.8,7,69.0,10,2,2022-03-28 10:08:56
1648462136987925000,68.8,7,68.7,33,69.0,10,2,2022-03-28 10:08:56
1648462139764167000,69.0,10,68.7,33,69.1,131,1,2022-03-28 10:08:59
1648462139764167000,69.1,90,68.7,33,69.1,131,1,2022-03-28 10:08:59
1648462139843413000,68.7,1,68.7,32,69.1,131,2,2022-03-28 10:08:59
1648462139855438000,69.1,1,68.7,32,69.1,130,1,2022-03-28 10:08:59
1648462139893709000,68.7,10,68.7,2,69.1,130,2,2022-03-28 10:08:59
1648462140008015000,68.7,1,68.7,1,69.0,2,2,2022-03-28 10:09:00
1648462140050123000,68.7,1,68.6,10,69.0,3,2,2022-03-28 10:09:00
1648462158549193000,68.9,1,68.6,9,69.0,20,2,2022-03-28 10:09:18
1648462187927899000,68.7,1,68.6,11,68.8,5,2,2022-03-28 10:09:47
1648462193802707000,68.8,1,68.6,11,68.8,4,1,2022-03-28 10:09:53
1648462202138848000,68.7,1,68.6,21,68.8,5,2,2022-03-28 10:10:02
1648462203603517000,68.7,2,68.6,21,68.8,5,2,2022-03-28 10:10:03
1648462228506377000,68.6,1,68.6,21,68.7,7,2,2022-03-28 10:10:28
1648462230881221000,68.7,1,68.6,22,68.7,6,1,2022-03-28 10:10:30
1648462236428062000,68.7,1,68.6,22,68.7,5,1,2022-03-28 10:10:36
1648462240604802000,68.7,1,68.6,22,68.7,4,1,2022-03-28 10:10:40
1648462256161838000,68.6,5,68.6,16,68.7,4,2,2022-03-28 10:10:56
1648462256231118000,68.6,1,68.6,15,68.7,5,2,2022-03-28 10:10:56
1648462271530220000,68.6,1,68.6,14,68.7,6,2,2022-03-28 10:11:11
1648462276876492000,68.6,1,68.6,13,68.7,5,2,2022-03-28 10:11:16
1648462276905302000,68.6,9,68.6,4,68.7,5,2,2022-03-28 10:11:16
1648462279234016000,68.6,4,68.5,51,68.6,1,2,2022-03-28 10:11:19
1648462300439302000,68.6,1,68.5,51,68.6,5,1,2022-03-28 10:11:40
