ts,close,volume,bid_price,bid_volume,ask_price,ask_volume,tick_type,datetime
1657616533164607000,19.6,472,19.6,7,19.65,14,1,2022-07-12 09:02:13
1657616533191734000,19.6,7,19.55,11,19.65,14,2,2022-07-12 09:02:13
1657616533259328000,19.55,1,19.55,10,19.6,11,2,2022-07-12 09:02:13
1657616534331867000,19.55,10,19.5,33,19.6,11,2,2022-07-12 09:02:14
1657616534398729000,19.5,3,19.5,30,19.55,2,2,2022-07-12 09:02:14
1657616535619203000,19.5,30,19.45,3,19.55,2,2,2022-07-12 09:02:15
1657616535953438000,19.45,2,19.45,1,19.55,2,2,2022-07-12 09:02:15
1657616536496507000,19.45,1,19.4,7,19.45,1,2,2022-07-12 09:02:16
1657616536533909000,19.45,1,19.4,7,19.55,2,1,2022-07-12 09:02:16
1657616539461371000,19.6,1,19.4,7,19.6,27,1,2022-07-12 09:02:19
1657616542161533000,19.45,1,19.4,7,19.55,3,2,2022-07-12 09:02:22
1657616543596172000,19.55,1,19.4,7,19.6,32,1,2022-07-12 09:02:23
1657616543997838000,19.4,2,19.4,5,19.6,32,2,2022-07-12 09:02:23
1657616546347452000,19.5,1,19.4,5,19.6,29,1,2022-07-12 09:02:26
1657616546347452000,19.6,3,19.4,5,19.6,29,1,2022-07-12 09:02:26
1657616546525675000,19.55,2,19.45,1,19.6,26,1,2022-07-12 09:02:26
1657616546525675000,19.6,3,19.45,1,19.6,26,1,2022-07-12 09:02:26
1657616547161310000,19.6,1,19.45,1,19.6,25,1,2022-07-12 09:02:27
1657616549475236000,19.5,6,19.45,3,19.55,10,1,2022-07-12 09:02:29
1657616549998002000,19.55,1,19.45,3,19.55,9,1,2022-07-12 09:02:29
1657616550353988000,19.55,9,19.45,3,19.6,24,1,2022-07-12 09:02:30
1657616550353988000,19.6,1,19.45,3,19.6,24,1,2022-07-12 09:02:30
1657616550512450000,19.6,1,19.45,3,19.6,23,1,2022-07-12 09:02:30
1657616552286647000,19.55,2,19.45,5,19.6,23,1,2022-07-12 09:02:32
1657616553545694000,19.6,1,19.5,2,19.6,31,1,2022-07-12 09:02:33
1657616554086760000,19.6,5,19.5,2,19.6,25,1,2022-07-12 09:02:34
1657616554375888000,19.6,10,19.5,2,19.6,15,1,2022-07-12 09:02:34
1657616554406169000,19.6,10,19.5,2,19.6,5,1,2022-07-12 09:02:34
1657616554436503000,19.6,5,19.5,2,19.65,14,1,2022-07-12 09:02:34
1657616555618751000,19.55,1,19.5,2,19.65,14,2,2022-07-12 09:02:35
1657616555680571000,19.65,1,19.5,2,19.65,13,1,2022-07-12 09:02:35
1657616556798000000,19.6,2,19.5,2,19.65,13,2,2022-07-12 09:02:36
1657616556964076000,19.6,4,19.6,1,19.65,13,2,2022-07-12 09:02:36
1657616557436108000,19.6,1,19.5,2,19.65,13,2,2022-07-12 09:02:37
1657616558320993000,19.65,1,19.5,3,19.65,12,1,2022-07-12 09:02:38
1657616559582269000,19.65,1,19.5,13,19.65,15,1,2022-07-12 09:02:39
1657616560437535000,19.6,1,19.5,13,19.55,2,2,2022-07-12 09:02:40
1657616560463815000,19.55,2,19.5,13,19.65,15,1,2022-07-12 09:02:40
1657616560746682000,19.65,1,19.55,2,19.65,14,1,2022-07-12 09:02:40
1657616562074191000,19.55,1,19.55,1,19.65,15,2,2022-07-12 09:02:42
1657616562149566000,19.65,1,19.55,1,19.65,14,1,2022-07-12 09:02:42
1657616563248771000,19.65,2,19.6,1,19.65,11,1,2022-07-12 09:02:43
1657616563756477000,19.65,1,19.6,1,19.65,8,1,2022-07-12 09:02:43
1657616564739925000,19.65,1,19.6,11,19.65,9,1,2022-07-12 09:02:44
1657616564903183000,19.65,8,19.6,16,19.7,19,1,2022-07-12 09:02:44
1657616565009019000,19.6,1,19.6,15,19.7,19,2,2022-07-12 09:02:45
1657616566369964000,19.65,3,19.65,6,19.7,19,2,2022-07-12 09:02:46
1657616566405293000,19.65,6,19.6,15,19.7,19,2,2022-07-12 09:02:46
1657616566417477000,19.7,3,19.6,15,19.7,16,1,2022-07-12 09:02:46
1657616566446167000,19.7,16,19.6,15,19.75,22,1,2022-07-12 09:02:46
1657616566877213000,19.65,5,19.6,15,19.7,1,2,2022-07-12 09:02:46
1657616569276062000,19.65,2,19.6,10,19.7,1,2,2022-07-12 09:02:49
1657616569276062000,19.6,8,19.6,10,19.7,1,2,2022-07-12 09:02:49
1657616570272069000,19.7,2,19.6,10,19.75,22,1,2022-07-12 09:02:50
1657616570790775000,19.75,1,19.65,2,19.75,22,1,2022-07-12 09:02:50
1657616573136331000,19.7,1,19.65,3,19.7,7,1,2022-07-12 09:02:53
1657616574693893000,19.7,2,19.65,6,19.7,6,1,2022-07-12 09:02:54
1657616574729479000,19.7,6,19.65,6,19.75,21,1,2022-07-12 09:02:54
1657616574982381000,19.75,2,19.65,8,19.75,19,1,2022-07-12 09:02:54
1657616575112638000,19.75,2,19.65,8,19.75,17,1,2022-07-12 09:02:55
1657616575491271000,19.7,1,19.7,1,19.75,17,2,2022-07-12 09:02:55
1657616577436347000,19.75,1,19.7,1,19.75,16,1,2022-07-12 09:02:57
1657616577805149000,19.7,1,19.65,9,19.75,16,2,2022-07-12 09:02:57
1657616578039347000,19.75,1,19.65,9,19.75,15,1,2022-07-12 09:02:58
1657616578458991000,19.75,10,19.65,9,19.75,5,1,2022-07-12 09:02:58
1657616578493670000,19.75,5,19.65,10,19.8,15,1,2022-07-12 09:02:58
1657616579463704000,19.75,1,19.65,13,19.75,4,1,2022-07-12 09:02:59
1657616580299966000,19.65,16,19.6,27,19.7,10,2,2022-07-12 09:03:00
1657616580487403000,19.65,1,19.65,3,19.7,10,2,2022-07-12 09:03:00
1657616580530992000,19.65,3,19.6,24,19.7,10,2,2022-07-12 09:03:00
1657616580530992000,19.6,2,19.6,24,19.7,10,2,2022-07-12 09:03:00
1657616580904751000,19.7,10,19.75,4,19.8,15,1,2022-07-12 09:03:00
1657616580941605000,19.75,4,19.65,1,19.8,15,2,2022-07-12 09:03:00
1657616581238421000,19.7,1,19.65,1,19.8,15,1,2022-07-12 09:03:01
1657616581831063000,19.8,2,19.75,1,19.8,15,1,2022-07-12 09:03:01
1657616582736513000,19.75,1,19.7,1,19.8,13,2,2022-07-12 09:03:02
1657616582758901000,19.7,1,19.65,1,19.8,13,2,2022-07-12 09:03:02
1657616584423070000,19.75,4,19.75,2,19.8,27,2,2022-07-12 09:03:04
1657616584453846000,19.75,2,19.7,5,19.8,27,2,2022-07-12 09:03:04
1657616584563802000,19.8,1,19.7,5,19.8,26,1,2022-07-12 09:03:04
1657616585595984000,19.8,5,19.7,6,19.8,21,1,2022-07-12 09:03:05
1657616585692662000,19.75,1,19.7,6,19.8,19,1,2022-07-12 09:03:05
1657616585692662000,19.8,2,19.7,6,19.8,19,1,2022-07-12 09:03:05
1657616585820923000,19.8,1,19.7,6,19.8,18,1,2022-07-12 09:03:05
1657616585889871000,19.75,2,19.7,6,19.8,18,2,2022-07-12 09:03:05
1657616586449856000,19.8,1,19.7,6,19.8,17,1,2022-07-12 09:03:06
1657616587177923000,19.8,1,19.7,6,19.8,16,1,2022-07-12 09:03:07
1657616589094423000,19.75,1,19.75,4,19.8,16,2,2022-07-12 09:03:09
1657616590483200000,19.8,17,19.75,4,19.85,2,1,2022-07-12 09:03:10
1657616590483200000,19.85,33,19.75,4,19.85,2,1,2022-07-12 09:03:10
1657616590518623000,19.85,2,19.75,4,19.9,12,1,2022-07-12 09:03:10
1657616591049861000,19.8,1,19.75,4,19.85,2,2,2022-07-12 09:03:11
1657616591344588000,19.8,1,19.75,4,19.85,2,2,2022-07-12 09:03:11
1657616591365010000,19.85,2,19.8,1,19.85,2,1,2022-07-12 09:03:11
1657616592904875000,19.75,1,19.75,3,19.8,8,2,2022-07-12 09:03:12
1657616593303708000,19.8,1,19.75,4,19.8,7,1,2022-07-12 09:03:13
1657616593320720000,19.8,1,19.75,4,19.8,6,1,2022-07-12 09:03:13
1657616593335065000,19.8,6,19.75,4,19.85,6,1,2022-07-12 09:03:13
1657616593870546000,19.75,5,19.7,42,19.85,6,2,2022-07-12 09:03:13
1657616594421597000,19.85,5,19.7,43,19.85,3,1,2022-07-12 09:03:14
1657616594449801000,19.85,3,19.75,1,19.9,13,1,2022-07-12 09:03:14
1657616595252044000,19.9,1,19.75,1,19.9,12,1,2022-07-12 09:03:15
1657616595326019000,19.75,1,19.7,43,19.9,12,2,2022-07-12 09:03:15
1657616595497210000,19.9,4,19.7,43,19.9,8,1,2022-07-12 09:03:15
1657616596965321000,19.8,1,19.8,1,19.9,19,2,2022-07-12 09:03:16
1657616597444677000,19.85,2,19.8,1,19.9,19,2,2022-07-12 09:03:17
1657616599206133000,19.9,10,19.85,1,19.9,8,1,2022-07-12 09:03:19
1657616599237432000,19.9,8,19.85,1,19.95,32,1,2022-07-12 09:03:19
1657616599475820000,19.95,5,19.85,1,19.95,27,1,2022-07-12 09:03:19
1657616601398875000,19.9,1,19.85,2,19.9,4,1,2022-07-12 09:03:21
1657616601977309000,19.85,2,19.8,5,19.85,14,2,2022-07-12 09:03:21
1657616601991622000,19.85,1,19.8,5,19.85,13,1,2022-07-12 09:03:21
1657616602006956000,19.85,13,19.8,5,19.9,4,1,2022-07-12 09:03:22
1657616602520302000,19.9,1,19.8,5,19.9,4,1,2022-07-12 09:03:22
1657616602736969000,19.8,1,19.8,4,19.9,6,2,2022-07-12 09:03:22
1657616604460749000,19.85,1,19.8,5,19.85,1,1,2022-07-12 09:03:24
1657616604777449000,19.85,2,19.8,5,19.9,8,1,2022-07-12 09:03:24
1657616604777449000,19.9,3,19.8,5,19.9,8,1,2022-07-12 09:03:24
1657616605636136000,19.9,1,19.8,5,19.9,7,1,2022-07-12 09:03:25
1657616606075862000,19.9,2,19.85,2,19.9,4,1,2022-07-12 09:03:26
1657616606278874000,19.9,2,19.85,2,19.9,4,1,2022-07-12 09:03:26
1657616606508412000,19.9,2,19.9,1,19.95,25,1,2022-07-12 09:03:26
1657616606537900000,19.9,1,19.85,2,19.95,25,2,2022-07-12 09:03:26
1657616606780585000,19.95,1,19.85,2,19.95,25,1,2022-07-12 09:03:26
1657616606968557000,19.9,1,19.85,2,19.95,24,1,2022-07-12 09:03:26
1657616608550441000,19.95,10,19.9,15,19.95,20,1,2022-07-12 09:03:28
1657616608575924000,19.95,20,19.9,15,20.0,35,1,2022-07-12 09:03:28
1657616608604658000,20.0,1,19.9,15,20.0,34,1,2022-07-12 09:03:28
1657616608703987000,19.9,1,19.9,15,20.0,34,2,2022-07-12 09:03:28
1657616608814392000,19.9,2,19.9,12,20.0,34,2,2022-07-12 09:03:28
1657616608990762000,19.9,1,19.9,11,20.0,34,2,2022-07-12 09:03:28
1657616609795646000,20.0,1,19.9,11,20.0,33,1,2022-07-12 09:03:29
1657616610436556000,19.9,1,19.9,10,20.0,34,2,2022-07-12 09:03:30
1657616610526734000,19.95,6,19.95,6,20.0,34,2,2022-07-12 09:03:30
1657616613639724000,19.9,16,19.85,7,19.95,15,2,2022-07-12 09:03:33
1657616614831705000,19.85,1,19.85,6,19.9,5,2,2022-07-12 09:03:34
1657616615989682000,19.85,5,19.85,1,19.9,6,2,2022-07-12 09:03:35
1657616616024856000,19.85,1,19.8,30,19.9,6,2,2022-07-12 09:03:36
1657616616479026000,19.9,5,19.8,30,19.9,1,1,2022-07-12 09:03:36
1657616616874321000,19.9,1,19.9,1,19.95,9,1,2022-07-12 09:03:36
1657616616910069000,19.9,1,19.8,30,19.95,9,2,2022-07-12 09:03:36
1657616616974617000,19.9,1,19.8,30,19.95,8,1,2022-07-12 09:03:36
1657616618062692000,19.95,1,19.8,31,19.95,7,1,2022-07-12 09:03:38
1657616619840836000,19.85,1,19.8,32,19.85,4,2,2022-07-12 09:03:39
1657616620072830000,19.85,1,19.8,32,19.85,4,1,2022-07-12 09:03:40
1657616620802109000,19.85,1,19.8,32,19.85,2,1,2022-07-12 09:03:40
1657616621862392000,19.85,1,19.8,34,19.85,4,1,2022-07-12 09:03:41
1657616622279511000,19.8,30,19.8,4,19.85,4,2,2022-07-12 09:03:42
1657616622307472000,19.8,4,19.75,11,19.85,4,2,2022-07-12 09:03:42
1657616622483098000,19.8,1,19.75,11,19.8,3,1,2022-07-12 09:03:42
1657616622595747000,19.8,1,19.75,11,19.8,3,1,2022-07-12 09:03:42
1657616623005741000,19.8,2,19.75,11,19.85,2,1,2022-07-12 09:03:43
1657616623005741000,19.85,3,19.75,11,19.85,2,1,2022-07-12 09:03:43
1657616623106764000,19.85,1,19.75,11,19.85,2,1,2022-07-12 09:03:43
1657616623568636000,19.8,1,19.8,1,19.85,1,2,2022-07-12 09:03:43
1657616625671376000,19.85,1,19.8,1,19.85,5,1,2022-07-12 09:03:45
1657616626504962000,19.8,1,19.8,1,19.85,5,2,2022-07-12 09:03:46
1657616627240618000,19.8,1,19.75,11,19.8,2,2,2022-07-12 09:03:47
1657616627530915000,19.8,2,19.75,11,19.85,3,1,2022-07-12 09:03:47
1657616627530915000,19.85,3,19.75,11,19.85,3,1,2022-07-12 09:03:47
1657616627832527000,19.85,1,19.75,11,19.85,12,1,2022-07-12 09:03:47
1657616627900024000,19.85,2,19.75,11,19.85,10,1,2022-07-12 09:03:47
1657616628934443000,19.85,5,19.8,3,19.85,11,1,2022-07-12 09:03:48
1657616630381537000,19.8,3,19.75,31,19.8,2,2,2022-07-12 09:03:50
1657616630418455000,19.8,2,19.75,31,19.85,9,1,2022-07-12 09:03:50
1657616631898009000,19.8,4,19.75,11,19.8,4,1,2022-07-12 09:03:51
1657616631929975000,19.8,4,19.75,11,19.8,1,1,2022-07-12 09:03:51
1657616633211355000,19.8,1,19.75,11,19.85,14,1,2022-07-12 09:03:53
1657616634353328000,19.85,1,19.75,11,19.85,14,1,2022-07-12 09:03:54
1657616634986264000,19.8,1,19.75,11,19.8,2,1,2022-07-12 09:03:54
1657616635502442000,19.8,1,19.8,2,19.85,15,1,2022-07-12 09:03:55
1657616635534659000,19.8,2,19.75,11,19.85,15,2,2022-07-12 09:03:55
1657616636009091000,19.8,1,19.75,11,19.85,15,2,2022-07-12 09:03:56
1657616636640086000,19.8,2,19.75,11,19.8,7,1,2022-07-12 09:03:56
1657616637452973000,19.75,11,19.7,44,19.8,14,2,2022-07-12 09:03:57
1657616637796430000,19.8,1,19.7,44,19.8,8,1,2022-07-12 09:03:57
1657616637819396000,19.8,3,19.7,44,19.8,5,1,2022-07-12 09:03:57
1657616637953551000,19.8,1,19.7,44,19.8,4,1,2022-07-12 09:03:57
1657616637968627000,19.8,1,19.7,44,19.8,3,1,2022-07-12 09:03:57
1657616639339046000,19.8,7,19.8,3,19.85,16,1,2022-07-12 09:03:59
1657616639377524000,19.8,3,19.75,1,19.85,16,2,2022-07-12 09:03:59
1657616640451512000,19.8,1,19.75,1,19.9,7,1,2022-07-12 09:04:00
1657616640451512000,19.85,16,19.75,1,19.9,7,1,2022-07-12 09:04:00
1657616640451512000,19.9,3,19.75,1,19.9,7,1,2022-07-12 09:04:00
1657616640939129000,19.8,1,19.8,10,19.9,8,2,2022-07-12 09:04:00
1657616640960904000,19.8,2,19.8,8,19.9,8,2,2022-07-12 09:04:00
1657616644119727000,19.8,5,19.8,10,19.85,11,2,2022-07-12 09:04:04
1657616644219491000,19.8,5,19.8,15,19.85,11,2,2022-07-12 09:04:04
1657616644223908000,19.85,1,19.8,5,19.85,10,1,2022-07-12 09:04:04
1657616644242386000,19.8,2,19.8,3,19.85,10,2,2022-07-12 09:04:04
1657616644242664000,19.8,3,19.75,2,19.85,10,2,2022-07-12 09:04:04
1657616644931495000,19.85,1,19.75,2,19.85,9,1,2022-07-12 09:04:04
1657616645932099000,19.8,1,19.8,1,19.85,12,2,2022-07-12 09:04:05
1657616646281179000,19.85,9,19.8,1,19.85,3,1,2022-07-12 09:04:06
1657616646285055000,19.8,1,19.75,3,19.85,3,2,2022-07-12 09:04:06
1657616646479100000,19.85,3,19.75,23,19.9,10,1,2022-07-12 09:04:06
1657616647632350000,19.85,2,19.85,2,19.9,10,2,2022-07-12 09:04:07
1657616648488169000,19.8,1,19.8,2,19.9,10,2,2022-07-12 09:04:08
1657616648861571000,19.9,1,19.8,2,19.9,9,1,2022-07-12 09:04:08
1657616649675198000,19.8,2,19.75,5,19.9,10,2,2022-07-12 09:04:09
1657616650014711000,19.8,1,19.75,4,19.9,10,1,2022-07-12 09:04:10
1657616656785709000,19.8,1,19.8,13,19.85,9,2,2022-07-12 09:04:16
1657616656832327000,19.85,1,19.8,13,19.85,8,1,2022-07-12 09:04:16
1657616656864834000,19.85,3,19.8,13,19.85,5,1,2022-07-12 09:04:16
1657616658343918000,19.85,2,19.8,17,19.85,5,1,2022-07-12 09:04:18
1657616659318438000,19.8,10,19.8,7,19.85,15,2,2022-07-12 09:04:19
1657616661789255000,19.85,10,19.8,9,19.85,10,1,2022-07-12 09:04:21
1657616665576199000,19.8,5,19.8,17,19.85,21,2,2022-07-12 09:04:25
1657616668944487000,19.85,10,19.8,18,19.85,11,1,2022-07-12 09:04:28
1657616670560616000,19.85,1,19.8,18,19.85,13,1,2022-07-12 09:04:30
1657616673328513000,19.85,1,19.8,22,19.85,12,1,2022-07-12 09:04:33
1657616676091104000,19.85,1,19.8,25,19.85,21,1,2022-07-12 09:04:36
1657616676349521000,19.85,1,19.8,25,19.85,20,1,2022-07-12 09:04:36
1657616678609840000,19.85,1,19.8,26,19.85,22,1,2022-07-12 09:04:38
1657616680366006000,19.85,1,19.8,26,19.85,23,1,2022-07-12 09:04:40
1657616681455070000,19.8,2,19.8,24,19.85,23,2,2022-07-12 09:04:41
1657616681475499000,19.8,6,19.8,18,19.85,23,2,2022-07-12 09:04:41
1657616681477056000,19.8,18,19.75,14,19.85,23,2,2022-07-12 09:04:41
1657616681497539000,19.75,14,19.7,31,19.85,23,2,2022-07-12 09:04:41
1657616682761101000,19.8,1,19.7,31,19.85,24,2,2022-07-12 09:04:42
1657616683892481000,19.7,1,19.7,31,19.8,2,2,2022-07-12 09:04:43
1657616685368549000,19.7,6,19.7,24,19.8,8,2,2022-07-12 09:04:45
1657616685368751000,19.7,10,19.7,14,19.8,8,2,2022-07-12 09:04:45
1657616685398937000,19.7,14,19.65,26,19.8,8,2,2022-07-12 09:04:45
1657616685896261000,19.65,1,19.65,6,19.7,10,2,2022-07-12 09:04:45
1657616685947646000,19.65,3,19.65,6,19.7,10,2,2022-07-12 09:04:45
1657616686991052000,19.65,1,19.65,2,19.7,10,2,2022-07-12 09:04:46
1657616689236441000,19.7,10,19.7,90,19.75,5,1,2022-07-12 09:04:49
1657616689277533000,19.7,2,19.7,88,19.75,5,2,2022-07-12 09:04:49
1657616689494614000,19.7,2,19.7,88,19.75,5,2,2022-07-12 09:04:49
1657616691873678000,19.75,5,19.7,86,19.8,9,1,2022-07-12 09:04:51
1657616692188167000,19.7,20,19.7,86,19.8,9,2,2022-07-12 09:04:52
1657616694583857000,19.7,66,19.65,8,19.7,14,2,2022-07-12 09:04:54
1657616694611350000,19.65,8,19.6,31,19.7,14,2,2022-07-12 09:04:54
1657616694789977000,19.7,10,19.6,31,19.7,4,1,2022-07-12 09:04:54
1657616695475278000,19.7,1,19.6,32,19.7,4,1,2022-07-12 09:04:55
1657616697241726000,19.65,1,19.65,1,19.7,3,1,2022-07-12 09:04:57
1657616698181834000,19.65,1,19.65,2,19.7,3,2,2022-07-12 09:04:58
1657616699183340000,19.65,2,19.6,31,19.65,2,1,2022-07-12 09:04:59
1657616700549862000,19.65,2,19.65,3,19.7,4,1,2022-07-12 09:05:00
1657616700771929000,19.7,1,19.65,3,19.7,3,1,2022-07-12 09:05:00
1657616700778060000,19.65,3,19.6,19,19.7,3,2,2022-07-12 09:05:00
1657616700778060000,19.6,12,19.6,19,19.7,3,2,2022-07-12 09:05:00
1657616700789442000,19.6,19,19.55,28,19.6,14,2,2022-07-12 09:05:00
1657616700817806000,19.6,14,19.55,28,19.6,45,1,2022-07-12 09:05:00
1657616700818076000,19.6,10,19.55,28,19.6,35,1,2022-07-12 09:05:00
1657616700818654000,19.6,14,19.55,28,19.6,21,1,2022-07-12 09:05:00
1657616700838355000,19.6,7,19.55,28,19.6,14,1,2022-07-12 09:05:00
1657616700889642000,19.6,12,19.55,28,19.6,17,1,2022-07-12 09:05:00
1657616700909873000,19.6,17,19.55,28,19.7,3,1,2022-07-12 09:05:00
1657616701631224000,19.6,15,19.55,28,19.6,3,1,2022-07-12 09:05:01
1657616701657197000,19.6,3,19.55,28,19.6,18,1,2022-07-12 09:05:01
1657616702416468000,19.7,2,19.55,28,19.7,2,1,2022-07-12 09:05:02
1657616703582516000,19.7,1,19.55,8,19.7,1,1,2022-07-12 09:05:03
1657616705199726000,19.6,3,19.6,97,19.7,1,2,2022-07-12 09:05:05
1657616707472706000,19.6,97,19.55,8,19.6,3,2,2022-07-12 09:05:07
1657616708920325000,19.55,1,19.55,7,19.6,8,2,2022-07-12 09:05:08
1657616708946153000,19.55,3,19.55,4,19.6,8,2,2022-07-12 09:05:08
1657616708988452000,19.55,4,19.5,15,19.6,8,2,2022-07-12 09:05:08
1657616709235913000,19.6,3,19.5,16,19.6,8,1,2022-07-12 09:05:09
1657616711521283000,19.5,2,19.5,15,19.6,10,2,2022-07-12 09:05:11
1657616713177524000,19.55,1,19.5,20,19.55,8,1,2022-07-12 09:05:13
1657616716544399000,19.5,5,19.5,33,19.55,17,2,2022-07-12 09:05:16
1657616717267130000,19.5,27,19.45,12,19.55,17,2,2022-07-12 09:05:17
1657616718305348000,19.55,1,19.45,13,19.55,14,1,2022-07-12 09:05:18
1657616725024664000,19.45,4,19.45,9,19.5,17,2,2022-07-12 09:05:25
1657616725054142000,19.45,6,19.45,3,19.5,17,2,2022-07-12 09:05:25
1657616725054434000,19.45,1,19.4,29,19.5,17,2,2022-07-12 09:05:25
1657616726894604000,19.5,1,19.4,29,19.5,20,1,2022-07-12 09:05:26
1657616729284221000,19.45,1,19.4,35,19.5,22,1,2022-07-12 09:05:29
1657616737392908000,19.45,1,19.45,1,19.5,25,2,2022-07-12 09:05:37
1657616737712588000,19.4,1,19.4,40,19.5,25,2,2022-07-12 09:05:37
1657616738091762000,19.4,10,19.4,30,19.5,15,2,2022-07-12 09:05:38
1657616738283281000,19.45,1,19.4,28,19.5,17,2,2022-07-12 09:05:38
1657616738994583000,19.45,10,19.4,28,19.5,13,2,2022-07-12 09:05:38
1657616739690603000,19.45,1,19.4,28,19.5,13,1,2022-07-12 09:05:39
1657616740074954000,19.4,4,19.4,28,19.5,13,2,2022-07-12 09:05:40
1657616740701003000,19.4,5,19.4,19,19.45,14,2,2022-07-12 09:05:40
1657616740737744000,19.4,19,19.35,134,19.45,14,2,2022-07-12 09:05:40
1657616742256582000,19.4,2,19.4,8,19.5,17,1,2022-07-12 09:05:42
1657616747284297000,19.4,2,19.4,8,19.45,2,2,2022-07-12 09:05:47
1657616747710435000,19.4,5,19.4,3,19.45,3,2,2022-07-12 09:05:47
1657616747747831000,19.4,3,19.35,136,19.45,3,2,2022-07-12 09:05:47
1657616747896634000,19.45,1,19.35,136,19.45,4,1,2022-07-12 09:05:47
1657616748168377000,19.45,1,19.35,136,19.45,4,1,2022-07-12 09:05:48
1657616749306254000,19.4,5,19.35,136,19.45,9,2,2022-07-12 09:05:49
1657616749571378000,19.4,4,19.35,136,19.45,9,2,2022-07-12 09:05:49
1657616749964629000,19.35,16,19.35,119,19.4,31,2,2022-07-12 09:05:49
1657616750005681000,19.35,2,19.35,117,19.4,31,2,2022-07-12 09:05:50
1657616750026059000,19.35,4,19.35,135,19.4,31,2,2022-07-12 09:05:50
1657616751644933000,19.4,1,19.35,112,19.4,30,1,2022-07-12 09:05:51
1657616752941253000,19.4,2,19.35,112,19.4,28,1,2022-07-12 09:05:52
1657616754948290000,19.4,1,19.35,113,19.4,27,1,2022-07-12 09:05:54
1657616756866415000,19.4,2,19.35,115,19.4,26,1,2022-07-12 09:05:56
1657616757365258000,19.4,1,19.35,115,19.4,28,1,2022-07-12 09:05:57
1657616757722330000,19.4,1,19.35,115,19.4,27,1,2022-07-12 09:05:57
1657616758158913000,19.4,1,19.35,115,19.4,26,1,2022-07-12 09:05:58
1657616758615825000,19.4,1,19.35,115,19.4,25,1,2022-07-12 09:05:58
1657616758710534000,19.4,2,19.35,115,19.4,23,1,2022-07-12 09:05:58
1657616759046663000,19.35,1,19.35,115,19.4,23,2,2022-07-12 09:05:59
1657616759666913000,19.4,2,19.35,115,19.4,21,1,2022-07-12 09:05:59
1657616759894752000,19.4,2,19.35,115,19.4,19,1,2022-07-12 09:05:59
1657616761716417000,19.35,3,19.35,112,19.4,20,2,2022-07-12 09:06:01
1657616762527483000,19.35,5,19.35,108,19.4,22,2,2022-07-12 09:06:02
1657616762551766000,19.4,1,19.35,108,19.4,21,1,2022-07-12 09:06:02
1657616762977246000,19.35,6,19.35,102,19.4,21,2,2022-07-12 09:06:02
1657616763516793000,19.4,2,19.35,102,19.4,19,1,2022-07-12 09:06:03
1657616763725250000,19.35,5,19.35,97,19.4,19,2,2022-07-12 09:06:03
1657616765836021000,19.4,1,19.35,99,19.4,21,1,2022-07-12 09:06:05
1657616765872698000,19.4,2,19.35,99,19.4,19,1,2022-07-12 09:06:05
1657616767039589000,19.35,1,19.35,100,19.4,19,2,2022-07-12 09:06:07
1657616768142768000,19.4,1,19.35,101,19.4,19,1,2022-07-12 09:06:08
1657616769202444000,19.35,1,19.35,101,19.4,18,2,2022-07-12 09:06:09
1657616769919657000,19.4,1,19.35,101,19.4,17,1,2022-07-12 09:06:09
1657616772284189000,19.35,2,19.35,99,19.4,17,2,2022-07-12 09:06:12
1657616773236796000,19.4,1,19.35,99,19.4,16,1,2022-07-12 09:06:13
1657616773586974000,19.4,1,19.35,99,19.4,18,1,2022-07-12 09:06:13
1657616775126024000,19.35,1,19.35,96,19.4,18,2,2022-07-12 09:06:15
1657616775260494000,19.4,3,19.35,96,19.4,15,1,2022-07-12 09:06:15
1657616781045881000,19.35,10,19.35,109,19.4,20,2,2022-07-12 09:06:21
1657616782663654000,19.4,2,19.35,99,19.4,23,1,2022-07-12 09:06:22
1657616782972984000,19.35,3,19.35,96,19.4,23,2,2022-07-12 09:06:22
1657616783001798000,19.35,7,19.35,89,19.4,23,2,2022-07-12 09:06:23
1657616783764805000,19.4,10,19.35,89,19.4,14,1,2022-07-12 09:06:23
1657616784203246000,19.35,30,19.35,58,19.4,43,2,2022-07-12 09:06:24
1657616784223693000,19.35,58,19.3,38,19.4,43,2,2022-07-12 09:06:24
1657616785296270000,19.3,5,19.3,16,19.4,18,2,2022-07-12 09:06:25
1657616785509773000,19.4,5,19.3,16,19.4,13,1,2022-07-12 09:06:25
1657616787364751000,19.3,5,19.3,11,19.35,1,2,2022-07-12 09:06:27
1657616787731610000,19.35,1,19.3,11,19.4,14,1,2022-07-12 09:06:27
1657616788686888000,19.3,10,19.3,1,19.35,7,2,2022-07-12 09:06:28
1657616788723953000,19.3,1,19.25,9,19.3,1,2,2022-07-12 09:06:28
1657616788845420000,19.35,8,19.35,2,19.4,14,1,2022-07-12 09:06:28
1657616789019136000,19.35,2,19.25,10,19.4,14,2,2022-07-12 09:06:29
1657616789143842000,19.25,4,19.25,9,19.4,14,2,2022-07-12 09:06:29
1657616789531378000,19.25,1,19.25,4,19.4,14,2,2022-07-12 09:06:29
1657616791164904000,19.3,1,19.25,4,19.3,10,1,2022-07-12 09:06:31
1657616791472053000,19.3,1,19.25,4,19.3,8,1,2022-07-12 09:06:31
1657616792213523000,19.3,1,19.25,5,19.3,7,1,2022-07-12 09:06:32
1657616792638608000,19.25,1,19.25,8,19.3,7,2,2022-07-12 09:06:32
1657616795414286000,19.3,1,19.25,16,19.3,9,1,2022-07-12 09:06:35
1657616796043669000,19.3,1,19.25,16,19.3,8,1,2022-07-12 09:06:36
1657616798447517000,19.3,1,19.25,20,19.3,7,1,2022-07-12 09:06:38
1657616798471825000,19.3,7,19.25,20,19.4,11,1,2022-07-12 09:06:38
1657616799389994000,19.3,2,19.25,17,19.35,4,2,2022-07-12 09:06:39
1657616799389994000,19.25,4,19.25,17,19.35,4,2,2022-07-12 09:06:39
1657616799457036000,19.3,1,19.25,17,19.35,4,2,2022-07-12 09:06:39
1657616804681711000,19.25,1,19.25,21,19.3,2,2,2022-07-12 09:06:44
1657616805566084000,19.3,1,19.25,21,19.3,1,1,2022-07-12 09:06:45
1657616805734110000,19.3,1,19.25,21,19.35,5,1,2022-07-12 09:06:45
1657616806249110000,19.3,1,19.25,21,19.35,4,2,2022-07-12 09:06:46
1657616808857037000,19.3,1,19.25,21,19.3,1,1,2022-07-12 09:06:48
1657616809458690000,19.3,1,19.3,8,19.35,4,1,2022-07-12 09:06:49
1657616810549839000,19.35,2,19.3,11,19.35,4,1,2022-07-12 09:06:50
1657616814066047000,19.3,5,19.3,7,19.35,7,2,2022-07-12 09:06:54
1657616816164046000,19.3,10,19.25,23,19.35,13,2,2022-07-12 09:06:56
1657616818198606000,19.3,2,19.3,51,19.35,24,2,2022-07-12 09:06:58
1657616819329788000,19.35,4,19.3,2,19.35,20,1,2022-07-12 09:06:59
1657616821985138000,19.3,1,19.3,1,19.35,20,2,2022-07-12 09:07:01
1657616822032605000,19.3,1,19.25,68,19.3,14,2,2022-07-12 09:07:02
1657616824185874000,19.3,5,19.25,20,19.3,9,1,2022-07-12 09:07:04
1657616824534786000,19.3,5,19.25,20,19.3,4,1,2022-07-12 09:07:04
1657616826799643000,19.3,2,19.25,21,19.3,2,1,2022-07-12 09:07:06
1657616827090018000,19.3,2,19.25,21,19.35,5,1,2022-07-12 09:07:07
1657616829096641000,19.3,1,19.25,21,19.3,7,1,2022-07-12 09:07:09
1657616829428799000,19.25,1,19.25,20,19.35,8,2,2022-07-12 09:07:09
1657616829458196000,19.25,2,19.25,18,19.35,8,2,2022-07-12 09:07:09
1657616829478408000,19.25,4,19.25,14,19.35,8,2,2022-07-12 09:07:09
1657616829514589000,19.25,14,19.2,40,19.35,8,2,2022-07-12 09:07:09
1657616829616707000,19.3,5,19.3,5,19.35,8,2,2022-07-12 09:07:09
1657616832620718000,19.2,15,19.2,38,19.3,11,2,2022-07-12 09:07:12
1657616834808172000,19.2,16,19.2,71,19.25,33,2,2022-07-12 09:07:14
1657616835085356000,19.2,16,19.2,55,19.25,36,2,2022-07-12 09:07:15
1657616835217141000,19.25,1,19.2,55,19.25,35,1,2022-07-12 09:07:15
1657616836729137000,19.2,1,19.2,54,19.25,32,2,2022-07-12 09:07:16
1657616836941404000,19.2,16,19.2,38,19.25,32,2,2022-07-12 09:07:16
1657616843837897000,19.2,4,19.15,120,19.2,1,1,2022-07-12 09:07:23
1657616846118416000,19.2,1,19.2,5,19.25,35,2,2022-07-12 09:07:26
1657616846445816000,19.2,2,19.2,2,19.25,32,2,2022-07-12 09:07:26
1657616846474168000,19.2,2,19.15,70,19.25,32,2,2022-07-12 09:07:26
1657616848332191000,19.2,1,19.15,70,19.2,7,1,2022-07-12 09:07:28
1657616848948878000,19.15,1,19.15,69,19.2,6,2,2022-07-12 09:07:28
1657616849193811000,19.2,5,19.15,69,19.2,1,1,2022-07-12 09:07:29
1657616864671389000,19.25,1,19.2,21,19.25,1,1,2022-07-12 09:07:44
1657616864707266000,19.25,1,19.2,21,19.3,6,1,2022-07-12 09:07:44
1657616865907873000,19.3,1,19.2,24,19.3,3,1,2022-07-12 09:07:45
1657616866898143000,19.3,2,19.2,24,19.35,4,1,2022-07-12 09:07:46
1657616866898143000,19.35,1,19.2,24,19.35,4,1,2022-07-12 09:07:46
1657616869737296000,19.25,1,19.25,1,19.35,7,2,2022-07-12 09:07:49
1657616881873068000,19.3,1,19.25,21,19.35,6,1,2022-07-12 09:08:01
1657616881873068000,19.35,1,19.25,21,19.35,6,1,2022-07-12 09:08:01
1657616882257842000,19.25,17,19.25,4,19.3,32,2,2022-07-12 09:08:02
1657616882284162000,19.25,4,19.2,24,19.3,32,2,2022-07-12 09:08:02
1657616882311826000,19.2,15,19.2,9,19.25,4,2,2022-07-12 09:08:02
1657616882345581000,19.2,6,19.15,71,19.25,2,2,2022-07-12 09:08:02
1657616883603171000,19.25,2,19.15,71,19.25,5,1,2022-07-12 09:08:03
1657616884276317000,19.25,1,19.15,71,19.25,2,1,2022-07-12 09:08:04
1657616884298527000,19.25,1,19.15,71,19.25,1,1,2022-07-12 09:08:04
1657616887203577000,19.2,2,19.15,71,19.25,13,2,2022-07-12 09:08:07
1657616887234449000,19.25,1,19.15,71,19.25,12,1,2022-07-12 09:08:07
1657616887427501000,19.2,2,19.15,57,19.25,12,2,2022-07-12 09:08:07
1657616887427501000,19.15,14,19.15,57,19.25,12,2,2022-07-12 09:08:07
1657616887521757000,19.15,2,19.15,55,19.25,12,2,2022-07-12 09:08:07
1657616887547931000,19.15,2,19.15,53,19.25,12,2,2022-07-12 09:08:07
1657616887610670000,19.15,4,19.2,2,19.25,12,2,2022-07-12 09:08:07
1657616887738819000,19.15,16,19.15,33,19.25,12,2,2022-07-12 09:08:07
1657616887768260000,19.15,22,19.15,11,19.25,5,2,2022-07-12 09:08:07
1657616888972603000,19.15,6,19.15,6,19.25,5,2,2022-07-12 09:08:08
1657616888972621000,19.15,6,19.1,27,19.25,5,2,2022-07-12 09:08:08
1657616893216347000,19.2,1,19.1,30,19.2,14,1,2022-07-12 09:08:13
1657616895052614000,19.1,17,19.05,13,19.1,13,2,2022-07-12 09:08:15
1657616898557773000,19.05,1,19.05,12,19.1,13,2,2022-07-12 09:08:18
1657616898653675000,19.05,2,19.05,10,19.1,13,2,2022-07-12 09:08:18
1657616899466973000,19.05,1,19.05,9,19.1,13,2,2022-07-12 09:08:19
1657616899613503000,19.05,2,19.05,10,19.1,13,2,2022-07-12 09:08:19
1657616900143413000,19.05,3,19.05,7,19.1,13,2,2022-07-12 09:08:20
1657616900911852000,19.05,1,19.05,6,19.1,13,2,2022-07-12 09:08:20
1657616900957108000,19.05,2,19.05,4,19.1,13,2,2022-07-12 09:08:20
1657616902572875000,19.05,1,19.05,10,19.1,13,2,2022-07-12 09:08:22
1657616906256249000,19.1,2,19.05,11,19.1,15,1,2022-07-12 09:08:26
1657616906632555000,19.05,6,19.05,8,19.1,20,2,2022-07-12 09:08:26
1657616906769086000,19.05,1,19.05,7,19.1,24,2,2022-07-12 09:08:26
1657616906820209000,19.05,1,19.05,6,19.1,24,2,2022-07-12 09:08:26
1657616907708535000,19.05,1,19.05,5,19.1,24,2,2022-07-12 09:08:27
1657616907790288000,19.1,1,19.05,5,19.1,23,1,2022-07-12 09:08:27
1657616908717890000,19.05,2,19.05,4,19.1,15,2,2022-07-12 09:08:28
1657616908738834000,19.05,2,19.05,2,19.1,15,2,2022-07-12 09:08:28
1657616908761319000,19.05,2,19.0,56,19.1,15,2,2022-07-12 09:08:28
1657616908761319000,19.0,2,19.0,56,19.1,15,2,2022-07-12 09:08:28
1657616909444940000,19.0,10,19.0,46,19.1,18,2,2022-07-12 09:08:29
1657616909886307000,19.05,1,19.0,46,19.1,18,2,2022-07-12 09:08:29
1657616912217038000,19.05,1,19.0,44,19.05,1,1,2022-07-12 09:08:32
1657616913044005000,19.0,10,19.0,34,19.05,17,2,2022-07-12 09:08:33
1657616913682513000,19.05,2,19.0,36,19.05,16,1,2022-07-12 09:08:33
1657616913953988000,19.05,5,19.0,37,19.05,16,1,2022-07-12 09:08:33
1657616914682941000,19.0,1,19.0,36,19.05,11,2,2022-07-12 09:08:34
1657616922535153000,19.0,4,19.0,34,19.05,11,2,2022-07-12 09:08:42
1657616924941846000,19.0,3,19.0,37,19.05,11,2,2022-07-12 09:08:44
1657616925735596000,19.05,1,19.0,34,19.05,10,1,2022-07-12 09:08:45
1657616925954242000,19.0,5,19.0,29,19.05,10,2,2022-07-12 09:08:45
1657616926450430000,19.0,1,19.0,28,19.05,10,2,2022-07-12 09:08:46
1657616928621125000,19.0,1,19.0,27,19.05,10,2,2022-07-12 09:08:48
1657616928627525000,19.0,1,19.0,26,19.05,10,2,2022-07-12 09:08:48
1657616930612570000,19.05,1,19.0,36,19.05,9,1,2022-07-12 09:08:50
1657616930617680000,19.0,3,19.0,33,19.05,9,2,2022-07-12 09:08:50
1657616931086496000,19.0,2,19.0,31,19.05,9,2,2022-07-12 09:08:51
1657616931121761000,19.0,2,19.0,29,19.05,9,2,2022-07-12 09:08:51
1657616931136171000,19.0,4,19.0,25,19.05,9,2,2022-07-12 09:08:51
1657616932947989000,19.05,2,19.0,25,19.05,7,1,2022-07-12 09:08:52
1657616933675488000,19.05,5,19.0,25,19.05,2,1,2022-07-12 09:08:53
1657616933820995000,19.05,2,19.05,1,19.1,11,1,2022-07-12 09:08:53
1657616934159255000,19.05,1,19.0,25,19.1,11,2,2022-07-12 09:08:54
1657616941239192000,19.1,1,19.05,11,19.1,13,1,2022-07-12 09:09:01
1657616941255755000,19.1,13,19.05,11,19.1,14,1,2022-07-12 09:09:01
1657616946189972000,19.15,6,19.1,4,19.2,14,1,2022-07-12 09:09:06
1657616953100992000,19.15,1,19.1,4,19.15,5,1,2022-07-12 09:09:13
1657616953200563000,19.1,1,19.1,3,19.15,5,2,2022-07-12 09:09:13
1657616953224512000,19.1,3,19.05,47,19.15,5,2,2022-07-12 09:09:13
1657616954006163000,19.1,2,19.05,52,19.15,5,1,2022-07-12 09:09:14
1657616954120270000,19.15,1,19.05,52,19.15,5,1,2022-07-12 09:09:14
1657616955531314000,19.1,1,19.05,52,19.15,5,2,2022-07-12 09:09:15
1657616958939319000,19.05,2,19.05,50,19.1,4,2,2022-07-12 09:09:18
1657616958962446000,19.05,2,19.05,48,19.1,4,2,2022-07-12 09:09:18
1657616958982482000,19.05,4,19.05,44,19.1,4,2,2022-07-12 09:09:18
1657616959126803000,19.1,1,19.05,52,19.1,4,1,2022-07-12 09:09:19
1657616959346593000,19.05,41,19.05,3,19.1,17,2,2022-07-12 09:09:19
1657616959366897000,19.05,2,19.05,1,19.1,17,2,2022-07-12 09:09:19
1657616959367414000,19.05,1,19.0,89,19.1,17,2,2022-07-12 09:09:19
1657616960887297000,19.1,1,19.0,41,19.1,19,1,2022-07-12 09:09:20
1657616966293205000,19.1,1,19.0,41,19.1,20,1,2022-07-12 09:09:26
1657616967182282000,19.05,1,19.05,1,19.1,20,1,2022-07-12 09:09:27
1657616979339745000,19.1,10,19.05,55,19.1,16,1,2022-07-12 09:09:39
1657616979367919000,19.1,16,19.05,55,19.15,10,1,2022-07-12 09:09:39
1657616979561670000,19.05,16,19.05,39,19.15,10,2,2022-07-12 09:09:39
1657616984127032000,19.05,2,19.05,3,19.1,22,2,2022-07-12 09:09:44
1657616984611084000,19.05,2,19.05,1,19.1,22,2,2022-07-12 09:09:44
1657616984791899000,19.05,1,19.0,51,19.05,1,2,2022-07-12 09:09:44
1657616984854594000,19.05,1,19.0,48,19.05,4,1,2022-07-12 09:09:44
1657616987654224000,19.0,4,19.0,48,19.05,3,2,2022-07-12 09:09:47
1657616991482750000,19.05,5,19.0,44,19.05,10,1,2022-07-12 09:09:51
1657616991631256000,19.0,20,19.0,24,19.05,10,2,2022-07-12 09:09:51
1657616994329905000,19.05,2,19.0,24,19.05,13,1,2022-07-12 09:09:54
1657616995142512000,19.05,2,19.0,24,19.05,9,1,2022-07-12 09:09:55
1657616999684346000,19.0,5,19.0,19,19.05,9,2,2022-07-12 09:09:59
1657616999742253000,19.0,19,18.95,11,19.05,12,2,2022-07-12 09:09:59
1657617002843893000,19.05,1,19.0,4,19.05,12,1,2022-07-12 09:10:02
1657617002871079000,19.0,2,19.0,2,19.05,12,2,2022-07-12 09:10:02
1657617003145150000,19.0,2,18.95,14,19.05,12,2,2022-07-12 09:10:03
1657617003247088000,19.0,1,18.95,11,19.0,6,1,2022-07-12 09:10:03
1657617005773129000,18.95,1,18.95,10,19.0,4,2,2022-07-12 09:10:05
1657617005774270000,18.95,4,18.95,11,19.0,4,2,2022-07-12 09:10:05
1657617008022987000,18.95,1,18.95,5,19.0,6,2,2022-07-12 09:10:08
1657617009939104000,18.95,3,18.95,7,19.0,6,2,2022-07-12 09:10:09
1657617012383381000,18.95,7,18.9,31,19.0,9,2,2022-07-12 09:10:12
1657617013783910000,18.95,1,18.9,31,18.95,4,1,2022-07-12 09:10:13
1657617014877019000,18.95,1,18.9,31,18.95,2,1,2022-07-12 09:10:14
1657617016771774000,18.95,2,18.9,31,18.95,3,1,2022-07-12 09:10:16
1657617017296142000,18.9,2,18.9,29,18.95,3,2,2022-07-12 09:10:17
1657617019403250000,18.95,1,18.9,29,18.95,10,1,2022-07-12 09:10:19
1657617019882567000,18.95,1,18.9,27,18.95,9,1,2022-07-12 09:10:19
1657617023980629000,18.95,1,18.9,27,18.95,11,1,2022-07-12 09:10:23
1657617024300283000,18.9,3,18.9,24,18.95,11,2,2022-07-12 09:10:24
1657617024325431000,18.9,6,18.9,18,18.95,11,2,2022-07-12 09:10:24
1657617024326955000,18.9,4,18.9,14,18.95,11,2,2022-07-12 09:10:24
1657617024327584000,18.9,1,18.9,13,18.95,11,2,2022-07-12 09:10:24
1657617024386755000,18.9,13,18.85,7,18.95,14,2,2022-07-12 09:10:24
1657617026143235000,18.95,1,18.85,7,18.95,13,1,2022-07-12 09:10:26
1657617026412055000,18.9,1,18.9,1,18.95,18,2,2022-07-12 09:10:26
1657617026443132000,18.9,1,18.9,2,18.95,18,2,2022-07-12 09:10:26
1657617027542016000,18.95,1,18.85,7,18.95,18,1,2022-07-12 09:10:27
1657617029062400000,18.9,1,18.85,7,18.95,18,1,2022-07-12 09:10:29
1657617034308694000,18.9,1,18.85,13,18.9,2,2,2022-07-12 09:10:34
1657617034344382000,18.9,2,18.85,10,18.95,21,1,2022-07-12 09:10:34
1657617036142617000,18.9,1,18.9,4,18.95,22,2,2022-07-12 09:10:36
1657617037956406000,18.9,4,18.9,1,18.95,22,2,2022-07-12 09:10:37
1657617038676670000,18.9,1,18.85,10,18.9,1,2,2022-07-12 09:10:38
1657617038702819000,18.9,1,18.85,10,18.95,22,1,2022-07-12 09:10:38
1657617041520671000,18.9,1,18.9,9,18.95,22,2,2022-07-12 09:10:41
1657617041552114000,18.9,1,18.9,8,18.95,22,2,2022-07-12 09:10:41
1657617041948800000,18.95,1,18.9,8,18.95,21,1,2022-07-12 09:10:41
1657617044292489000,18.9,3,18.9,5,18.95,24,2,2022-07-12 09:10:44
1657617048932201000,18.9,1,18.9,9,18.95,24,2,2022-07-12 09:10:48
1657617054249187000,18.9,3,18.9,7,18.95,27,2,2022-07-12 09:10:54
1657617055150551000,18.9,1,18.9,6,18.95,27,2,2022-07-12 09:10:55
1657617055181082000,18.9,2,18.9,4,18.95,27,2,2022-07-12 09:10:55
1657617058013024000,18.9,4,18.85,10,18.95,27,2,2022-07-12 09:10:58
1657617059048817000,18.85,1,18.85,12,18.95,22,2,2022-07-12 09:10:59
1657617059651419000,18.9,1,18.85,10,18.9,9,1,2022-07-12 09:10:59
1657617060303047000,18.9,1,18.85,10,18.9,7,1,2022-07-12 09:11:00
1657617060537762000,18.85,10,18.8,26,18.9,7,2,2022-07-12 09:11:00
1657617064315224000,18.8,3,18.8,23,18.9,6,2,2022-07-12 09:11:04
1657617064508226000,18.9,5,18.8,23,18.9,1,1,2022-07-12 09:11:04
1657617066048571000,18.85,6,18.8,75,18.9,1,1,2022-07-12 09:11:06
1657617072530879000,18.85,2,18.85,1,18.9,4,2,2022-07-12 09:11:12
1657617074270180000,18.85,3,18.85,6,18.9,5,2,2022-07-12 09:11:14
1657617075247231000,18.85,1,18.85,2,18.9,5,2,2022-07-12 09:11:15
1657617075282763000,18.85,2,18.8,75,18.9,5,2,2022-07-12 09:11:15
1657617079324608000,18.9,7,18.9,3,18.95,24,1,2022-07-12 09:11:19
1657617081058137000,18.9,1,18.9,2,18.95,18,2,2022-07-12 09:11:21
1657617083666594000,18.9,4,18.85,4,18.95,26,2,2022-07-12 09:11:23
1657617084239400000,18.85,3,18.85,3,18.95,26,2,2022-07-12 09:11:24
1657617094125999000,18.95,5,18.9,8,18.95,25,1,2022-07-12 09:11:34
1657617094180513000,18.9,1,18.9,7,18.95,25,2,2022-07-12 09:11:34
1657617094305109000,18.9,3,18.9,8,18.95,30,2,2022-07-12 09:11:34
1657617096202897000,18.9,1,18.9,3,18.95,29,2,2022-07-12 09:11:36
1657617099275219000,18.9,1,18.9,3,18.95,26,2,2022-07-12 09:11:39
1657617099992741000,18.9,1,18.9,3,18.95,26,2,2022-07-12 09:11:39
1657617100870649000,18.9,2,18.9,2,18.95,26,2,2022-07-12 09:11:40
1657617101090651000,18.85,10,18.8,79,18.95,26,2,2022-07-12 09:11:41
1657617102855814000,18.9,1,18.8,78,18.9,10,1,2022-07-12 09:11:42
1657617104325290000,18.8,3,18.8,75,18.9,9,2,2022-07-12 09:11:44
1657617106870490000,18.8,20,18.8,55,18.85,25,2,2022-07-12 09:11:46
1657617106911622000,18.8,4,18.75,58,18.85,27,2,2022-07-12 09:11:46
1657617107943241000,18.85,1,18.75,8,18.85,30,1,2022-07-12 09:11:47
1657617112225905000,18.8,1,18.75,13,18.85,30,2,2022-07-12 09:11:52
1657617114119409000,18.8,1,18.8,2,18.85,33,2,2022-07-12 09:11:54
1657617114332548000,18.8,2,18.75,16,18.8,1,2,2022-07-12 09:11:54
1657617114573764000,18.8,1,18.8,2,18.85,33,1,2022-07-12 09:11:54
1657617117969709000,18.8,1,18.8,1,18.85,33,2,2022-07-12 09:11:57
1657617121742983000,18.85,1,18.8,1,18.85,42,1,2022-07-12 09:12:01
1657617121865818000,18.85,1,18.8,1,18.85,41,1,2022-07-12 09:12:01
1657617124303359000,18.8,1,18.75,12,18.8,2,2,2022-07-12 09:12:04
1657617125357634000,18.8,1,18.75,12,18.8,1,1,2022-07-12 09:12:05
1657617131572703000,18.8,2,18.75,12,18.8,3,1,2022-07-12 09:12:11
1657617134149586000,18.8,5,18.75,12,18.8,3,1,2022-07-12 09:12:14
1657617134259187000,18.75,3,18.75,9,18.8,3,2,2022-07-12 09:12:14
1657617134944311000,18.8,1,18.75,9,18.85,17,1,2022-07-12 09:12:14
1657617134944311000,18.85,5,18.75,9,18.85,17,1,2022-07-12 09:12:14
1657617139005337000,18.8,2,18.75,8,18.85,22,2,2022-07-12 09:12:19
1657617139554228000,18.85,1,18.8,1,18.85,21,1,2022-07-12 09:12:19
1657617144324807000,18.8,3,18.8,5,18.85,25,2,2022-07-12 09:12:24
1657617144543249000,18.8,5,18.75,14,18.85,25,2,2022-07-12 09:12:24
1657617145687492000,18.8,1,18.8,4,18.85,24,1,2022-07-12 09:12:25
1657617147957128000,18.8,1,18.8,3,18.85,28,2,2022-07-12 09:12:27
1657617154034697000,18.8,1,18.8,9,18.85,33,2,2022-07-12 09:12:34
1657617154268142000,18.8,9,18.75,14,18.85,33,2,2022-07-12 09:12:34
1657617155319359000,18.8,1,18.75,14,18.8,4,1,2022-07-12 09:12:35
1657617158978904000,18.8,1,18.75,64,18.8,8,1,2022-07-12 09:12:38
1657617159008190000,18.8,5,18.75,64,18.8,3,1,2022-07-12 09:12:39
1657617162393395000,18.8,2,18.75,65,18.8,3,1,2022-07-12 09:12:42
1657617162426377000,18.8,3,18.75,65,18.8,3,1,2022-07-12 09:12:42
1657617164382345000,18.8,3,18.8,4,18.85,32,2,2022-07-12 09:12:44
1657617167194625000,18.85,2,18.8,1,18.85,30,1,2022-07-12 09:12:47
1657617174324898000,18.8,3,18.8,11,18.85,30,2,2022-07-12 09:12:54
1657617174552066000,18.8,11,18.75,65,18.85,30,2,2022-07-12 09:12:54
1657617176204890000,18.8,1,18.75,65,18.8,5,1,2022-07-12 09:12:56
1657617176330342000,18.8,2,18.75,65,18.8,3,1,2022-07-12 09:12:56
1657617178980963000,18.8,1,18.75,65,18.8,2,1,2022-07-12 09:12:58
1657617182467327000,18.8,1,18.75,65,18.8,5,1,2022-07-12 09:13:02
1657617183618823000,18.8,1,18.75,65,18.8,7,1,2022-07-12 09:13:03
1657617184301865000,18.8,2,18.75,65,18.8,5,1,2022-07-12 09:13:04
1657617184337889000,18.75,3,18.75,62,18.8,5,2,2022-07-12 09:13:04
1657617186230311000,18.75,10,18.7,13,18.8,6,2,2022-07-12 09:13:06
1657617187413430000,18.75,1,18.7,13,18.75,5,1,2022-07-12 09:13:07
1657617191100427000,18.75,5,18.7,12,18.8,3,1,2022-07-12 09:13:11
1657617191100427000,18.8,1,18.7,12,18.8,3,1,2022-07-12 09:13:11
1657617194350346000,18.75,3,18.75,2,18.8,6,2,2022-07-12 09:13:14
1657617194377265000,18.75,2,18.7,15,18.8,6,2,2022-07-12 09:13:14
1657617204305022000,18.7,3,18.7,9,18.8,14,2,2022-07-12 09:13:24
1657617205699311000,18.75,1,18.7,9,18.8,20,2,2022-07-12 09:13:25
1657617205699952000,18.7,2,18.7,7,18.8,20,2,2022-07-12 09:13:25
1657617205700756000,18.7,1,18.7,6,18.8,20,2,2022-07-12 09:13:25
1657617205728974000,18.7,2,18.7,4,18.8,20,2,2022-07-12 09:13:25
1657617212035845000,18.7,1,18.7,59,18.75,15,2,2022-07-12 09:13:32
1657617214145040000,18.75,2,18.7,60,18.75,16,1,2022-07-12 09:13:34
1657617214284574000,18.7,3,18.7,57,18.75,16,2,2022-07-12 09:13:34
1657617215597759000,18.7,7,18.65,13,18.75,16,2,2022-07-12 09:13:35
1657617219226628000,18.7,8,18.65,13,18.75,4,1,2022-07-12 09:13:39
1657617219226628000,18.75,2,18.65,13,18.75,4,1,2022-07-12 09:13:39
1657617219998312000,18.65,2,18.65,11,18.75,4,2,2022-07-12 09:13:39
1657617221067064000,18.65,2,18.65,12,18.75,4,2,2022-07-12 09:13:41
1657617221340189000,18.65,10,18.65,2,18.75,4,2,2022-07-12 09:13:41
1657617223333304000,18.7,5,18.7,6,18.75,10,2,2022-07-12 09:13:43
1657617223375369000,18.7,1,18.65,5,18.75,7,2,2022-07-12 09:13:43
1657617224211430000,18.65,3,18.65,2,18.75,13,2,2022-07-12 09:13:44
1657617229225187000,18.75,2,18.65,8,18.75,11,1,2022-07-12 09:13:49
1657617234224744000,18.65,3,18.65,11,18.75,11,2,2022-07-12 09:13:54
1657617244214473000,18.7,3,18.7,15,18.75,17,2,2022-07-12 09:14:04
1657617252750245000,18.75,15,18.7,20,18.75,3,1,2022-07-12 09:14:12
1657617252789483000,18.75,3,18.7,20,18.8,16,1,2022-07-12 09:14:12
1657617254158902000,18.7,3,18.7,21,18.8,20,2,2022-07-12 09:14:14
1657617264199686000,18.7,3,18.7,27,18.8,23,2,2022-07-12 09:14:24
1657617267564896000,18.7,10,18.7,22,18.75,6,2,2022-07-12 09:14:27
1657617268524979000,18.75,2,18.7,24,18.75,4,1,2022-07-12 09:14:28
1657617274133092000,18.7,3,18.7,41,18.8,26,2,2022-07-12 09:14:34
1657617274597964000,18.7,2,18.7,39,18.8,26,2,2022-07-12 09:14:34
1657617280297571000,18.7,2,18.7,25,18.8,25,2,2022-07-12 09:14:40
1657617280373173000,18.7,8,18.7,15,18.8,25,2,2022-07-12 09:14:40
1657617280552772000,18.7,1,18.7,14,18.8,25,2,2022-07-12 09:14:40
1657617284234181000,18.7,3,18.7,16,18.8,28,2,2022-07-12 09:14:44
1657617285437984000,18.75,1,18.75,1,18.8,25,2,2022-07-12 09:14:45
1657617290150332000,18.75,1,18.7,18,18.75,7,1,2022-07-12 09:14:50
1657617290320988000,18.75,1,18.7,18,18.75,5,1,2022-07-12 09:14:50
1657617294212573000,18.7,3,18.7,15,18.75,8,2,2022-07-12 09:14:54
1657617294320318000,18.7,15,18.65,66,18.75,8,2,2022-07-12 09:14:54
1657617294938925000,18.75,1,18.65,16,18.75,7,1,2022-07-12 09:14:54
1657617295319014000,18.75,1,18.65,16,18.75,6,1,2022-07-12 09:14:55
1657617297461572000,18.7,1,18.65,16,18.7,4,2,2022-07-12 09:14:57
1657617301582054000,18.7,1,18.65,14,18.7,7,1,2022-07-12 09:15:01
1657617303521025000,18.65,10,18.65,5,18.7,8,2,2022-07-12 09:15:03
1657617304130878000,18.65,3,18.65,2,18.7,5,2,2022-07-12 09:15:04
1657617304156272000,18.65,2,18.6,48,18.7,5,2,2022-07-12 09:15:04
1657617306896647000,18.7,1,18.65,2,18.7,6,1,2022-07-12 09:15:06
1657617307107103000,18.7,2,18.65,2,18.7,4,1,2022-07-12 09:15:07
1657617311912225000,18.7,5,18.65,4,18.7,1,1,2022-07-12 09:15:11
1657617311948080000,18.7,1,18.65,4,18.75,4,1,2022-07-12 09:15:11
1657617314186851000,18.65,3,18.65,12,18.75,8,2,2022-07-12 09:15:14
1657617314399069000,18.65,12,18.6,51,18.75,8,2,2022-07-12 09:15:14
1657617316289978000,18.7,1,18.6,21,18.7,4,1,2022-07-12 09:15:16
1657617316336608000,18.7,1,18.6,21,18.7,3,1,2022-07-12 09:15:16
1657617324148156000,18.7,3,18.7,3,18.75,8,2,2022-07-12 09:15:24
1657617332015399000,18.75,8,18.75,7,18.8,34,1,2022-07-12 09:15:32
1657617334118124000,18.75,3,18.75,4,18.8,38,2,2022-07-12 09:15:34
1657617334363472000,18.75,4,18.7,7,18.8,38,2,2022-07-12 09:15:34
1657617340704139000,18.75,2,18.7,10,18.75,2,1,2022-07-12 09:15:40
1657617343471713000,18.75,4,18.75,1,18.8,38,1,2022-07-12 09:15:43
1657617344128551000,18.75,3,18.75,12,18.8,38,2,2022-07-12 09:15:44
1657617352501826000,18.8,9,18.75,57,18.8,30,1,2022-07-12 09:15:52
1657617352537117000,18.8,28,18.75,57,18.8,2,1,2022-07-12 09:15:52
1657617352537278000,18.8,2,18.75,57,18.85,40,1,2022-07-12 09:15:52
1657617354154650000,18.75,1,18.75,56,18.85,44,2,2022-07-12 09:15:54
1657617358148208000,18.8,7,18.75,57,18.85,47,2,2022-07-12 09:15:58
1657617369774275000,18.85,10,18.8,36,18.85,40,1,2022-07-12 09:16:09
1657617370170960000,18.8,26,18.8,10,18.85,37,2,2022-07-12 09:16:10
1657617370171726000,18.8,10,18.75,51,18.85,37,2,2022-07-12 09:16:10
1657617370171726000,18.75,7,18.75,51,18.85,37,2,2022-07-12 09:16:10
1657617370425405000,18.75,1,18.7,14,18.85,37,2,2022-07-12 09:16:10
1657617370660326000,18.8,4,18.8,1,18.85,39,1,2022-07-12 09:16:10
1657617370692920000,18.8,1,18.7,14,18.85,39,2,2022-07-12 09:16:10
1657617376010024000,18.7,15,18.65,15,18.8,16,2,2022-07-12 09:16:16
1657617384462351000,18.7,4,18.65,17,18.8,24,2,2022-07-12 09:16:24
1657617386561317000,18.8,1,18.65,17,18.8,23,1,2022-07-12 09:16:26
1657617399140684000,18.7,1,18.7,2,18.8,31,2,2022-07-12 09:16:39
1657617407506285000,18.7,4,18.65,13,18.75,14,2,2022-07-12 09:16:47
1657617407530400000,18.65,11,18.65,11,18.75,16,2,2022-07-12 09:16:47
1657617410558119000,18.65,1,18.6,24,18.65,6,1,2022-07-12 09:16:50
1657617413758211000,18.6,2,18.6,23,18.65,6,2,2022-07-12 09:16:53
1657617417738618000,18.65,1,18.6,23,18.65,5,1,2022-07-12 09:16:57
1657617417769157000,18.65,5,18.6,23,18.7,7,1,2022-07-12 09:16:57
1657617427194884000,18.7,1,18.65,2,18.7,7,1,2022-07-12 09:17:07
1657617443024004000,18.7,1,18.65,15,18.7,20,1,2022-07-12 09:17:23
1657617447001793000,18.7,1,18.65,31,18.7,19,1,2022-07-12 09:17:27
1657617450907471000,18.7,1,18.65,31,18.7,21,1,2022-07-12 09:17:30
1657617460446629000,18.7,1,18.65,31,18.7,23,1,2022-07-12 09:17:40
1657617467408858000,18.7,1,18.65,32,18.7,24,1,2022-07-12 09:17:47
1657617468070572000,18.65,16,18.65,16,18.7,27,2,2022-07-12 09:17:48
1657617468102053000,18.65,16,18.6,30,18.7,29,2,2022-07-12 09:17:48
1657617472705584000,18.65,3,18.6,30,18.7,31,2,2022-07-12 09:17:52
1657617472736516000,18.6,30,18.55,65,18.7,29,2,2022-07-12 09:17:52
1657617474672317000,18.65,7,18.65,3,18.7,29,1,2022-07-12 09:17:54
1657617474708802000,18.65,3,18.55,65,18.7,29,2,2022-07-12 09:17:54
1657617479017688000,18.6,1,18.55,65,18.6,7,1,2022-07-12 09:17:59
1657617483997779000,18.55,1,18.55,64,18.6,7,2,2022-07-12 09:18:03
1657617485009508000,18.6,1,18.55,64,18.6,6,1,2022-07-12 09:18:05
1657617487661498000,18.55,16,18.55,48,18.6,17,2,2022-07-12 09:18:07
1657617487692899000,18.55,23,18.55,25,18.6,19,2,2022-07-12 09:18:07
1657617487723555000,18.55,25,18.55,48,18.6,19,2,2022-07-12 09:18:07
1657617490106692000,18.55,7,18.5,42,18.6,23,1,2022-07-12 09:18:10
1657617490106692000,18.6,3,18.5,42,18.6,23,1,2022-07-12 09:18:10
1657617490864172000,18.5,2,18.5,40,18.6,23,2,2022-07-12 09:18:10
1657617491496093000,18.55,2,18.55,3,18.6,26,1,2022-07-12 09:18:11
1657617491663305000,18.55,3,18.55,3,18.6,24,2,2022-07-12 09:18:11
1657617497899533000,18.55,3,18.5,41,18.55,3,1,2022-07-12 09:18:17
1657617498742103000,18.5,6,18.5,35,18.55,6,2,2022-07-12 09:18:18
1657617499936896000,18.55,6,18.55,4,18.6,18,1,2022-07-12 09:18:19
1657617505068673000,18.55,2,18.55,2,18.6,18,2,2022-07-12 09:18:25
1657617507458835000,18.55,5,18.55,2,18.6,18,2,2022-07-12 09:18:27
1657617507482832000,18.55,2,18.5,30,18.6,18,2,2022-07-12 09:18:27
1657617509497400000,18.55,1,18.55,4,18.6,23,1,2022-07-12 09:18:29
1657617526926128000,18.55,1,18.55,7,18.6,27,2,2022-07-12 09:18:46
1657617528346665000,18.55,3,18.55,4,18.6,30,2,2022-07-12 09:18:48
1657617533033724000,18.55,1,18.55,109,18.6,30,2,2022-07-12 09:18:53
1657617541976203000,18.55,1,18.55,12,18.6,33,2,2022-07-12 09:19:01
1657617543367819000,18.55,3,18.55,9,18.6,33,2,2022-07-12 09:19:03
1657617554579725000,18.55,3,18.55,56,18.6,36,2,2022-07-12 09:19:14
1657617555170141000,18.55,2,18.55,54,18.6,36,2,2022-07-12 09:19:15
1657617558362673000,18.55,3,18.55,1,18.6,39,2,2022-07-12 09:19:18
1657617559498303000,18.55,1,18.5,40,18.55,2,2,2022-07-12 09:19:19
1657617566327190000,18.55,1,18.5,40,18.55,1,1,2022-07-12 09:19:26
1657617566368313000,18.55,1,18.5,40,18.6,39,1,2022-07-12 09:19:26
1657617573370803000,18.55,3,18.5,40,18.6,42,2,2022-07-12 09:19:33
1657617575716876000,18.55,1,18.5,40,18.6,42,1,2022-07-12 09:19:35
1657617588373000000,18.55,3,18.55,7,18.6,48,2,2022-07-12 09:19:48
1657617588413106000,18.55,1,18.55,6,18.6,48,2,2022-07-12 09:19:48
1657617597293124000,18.55,5,18.55,6,18.6,48,2,2022-07-12 09:19:57
1657617597320799000,18.55,6,18.5,41,18.6,48,2,2022-07-12 09:19:57
1657617603407896000,18.5,3,18.5,41,18.6,15,2,2022-07-12 09:20:03
1657617608801740000,18.5,1,18.5,51,18.6,18,2,2022-07-12 09:20:08
1657617611154786000,18.6,1,18.5,51,18.6,17,1,2022-07-12 09:20:11
1657617618417696000,18.55,2,18.5,51,18.55,1,2,2022-07-12 09:20:18
1657617619453829000,18.6,1,18.55,1,18.6,20,1,2022-07-12 09:20:19
1657617630983915000,18.6,2,18.55,4,18.6,14,1,2022-07-12 09:20:30
1657617632991974000,18.6,14,18.65,4,18.7,11,1,2022-07-12 09:20:32
1657617632991974000,18.65,2,18.65,4,18.7,11,1,2022-07-12 09:20:32
1657617633375450000,18.65,3,18.65,1,18.7,14,2,2022-07-12 09:20:33
1657617633412350000,18.65,1,18.55,5,18.7,14,2,2022-07-12 09:20:33
1657617635771267000,18.6,1,18.6,1,18.65,3,2,2022-07-12 09:20:35
1657617638941806000,18.65,1,18.55,5,18.65,7,1,2022-07-12 09:20:38
1657617645966559000,18.65,7,18.65,3,18.7,17,1,2022-07-12 09:20:45
1657617645996103000,18.65,2,18.65,1,18.7,14,2,2022-07-12 09:20:45
1657617646027062000,18.65,1,18.65,1,18.7,14,2,2022-07-12 09:20:46
1657617647406091000,18.6,1,18.55,15,18.65,5,2,2022-07-12 09:20:47
1657617648365525000,18.55,3,18.55,15,18.65,8,2,2022-07-12 09:20:48
1657617651483672000,18.6,5,18.55,15,18.65,8,2,2022-07-12 09:20:51
1657617651525016000,18.55,9,18.55,13,18.65,14,2,2022-07-12 09:20:51
1657617663386051000,18.55,3,18.55,8,18.65,17,2,2022-07-12 09:21:03
1657617674188156000,18.55,15,18.5,66,18.6,24,2,2022-07-12 09:21:14
1657617675756891000,18.5,1,18.5,65,18.6,26,2,2022-07-12 09:21:15
1657617678113218000,18.6,1,18.5,65,18.6,25,1,2022-07-12 09:21:18
1657617678375312000,18.5,3,18.5,62,18.6,26,2,2022-07-12 09:21:18
1657617682878751000,18.5,6,18.5,57,18.6,29,2,2022-07-12 09:21:22
1657617683993495000,18.5,5,18.5,52,18.55,8,2,2022-07-12 09:21:23
1657617684165856000,18.5,5,18.5,47,18.55,8,2,2022-07-12 09:21:24
1657617684192200000,18.5,41,18.5,6,18.55,8,2,2022-07-12 09:21:24
1657617684212561000,18.5,1,18.5,5,18.55,8,2,2022-07-12 09:21:24
1657617684238828000,18.5,5,18.45,23,18.55,8,2,2022-07-12 09:21:24
1657617684329022000,18.5,5,18.45,23,18.55,11,1,2022-07-12 09:21:24
1657617693364073000,18.45,3,18.45,20,18.5,4,2,2022-07-12 09:21:33
1657617696701814000,18.5,4,18.5,1,18.55,6,1,2022-07-12 09:21:36
1657617697199797000,18.5,1,18.35,25,18.4,39,2,2022-07-12 09:21:37
1657617697199797000,18.45,19,18.35,25,18.4,39,2,2022-07-12 09:21:37
1657617697199797000,18.4,41,18.35,25,18.4,39,2,2022-07-12 09:21:37
1657617697227142000,18.4,1,18.35,25,18.4,38,1,2022-07-12 09:21:37
1657617700173234000,18.35,1,18.35,24,18.4,38,2,2022-07-12 09:21:40
1657617700224963000,18.4,3,18.35,24,18.4,35,1,2022-07-12 09:21:40
1657617700263397000,18.4,15,18.35,27,18.4,20,1,2022-07-12 09:21:40
1657617700263919000,18.4,20,18.35,27,18.55,5,1,2022-07-12 09:21:40
1657617708462906000,18.4,3,18.4,9,18.55,16,2,2022-07-12 09:21:48
1657617723448291000,18.45,3,18.45,2,18.5,1,2,2022-07-12 09:22:03
1657617747964727000,18.45,3,18.45,13,18.5,4,2,2022-07-12 09:22:27
1657617748622868000,18.5,4,18.5,1,18.55,15,1,2022-07-12 09:22:28
1657617772648194000,18.5,9,18.45,14,18.55,7,2,2022-07-12 09:22:52
1657617772833059000,18.5,1,18.5,1,18.55,7,2,2022-07-12 09:22:52
1657617778311387000,18.5,1,18.45,15,18.55,7,2,2022-07-12 09:22:58
1657617788078265000,18.45,14,18.4,23,18.5,8,2,2022-07-12 09:23:08
1657617788396725000,18.5,5,18.4,23,18.5,5,1,2022-07-12 09:23:08
1657617788422692000,18.5,5,18.4,23,18.55,8,1,2022-07-12 09:23:08
1657617794680323000,18.45,1,18.4,23,18.55,10,2,2022-07-12 09:23:14
1657617815350617000,18.5,1,18.5,15,18.55,8,2,2022-07-12 09:23:35
1657617815382461000,18.5,3,18.5,12,18.55,8,2,2022-07-12 09:23:35
1657617852647801000,18.55,5,18.5,19,18.55,9,1,2022-07-12 09:24:12
1657617853461156000,18.5,4,18.5,15,18.55,9,2,2022-07-12 09:24:13
1657617853493254000,18.5,14,18.5,1,18.55,9,2,2022-07-12 09:24:13
1657617853523708000,18.5,1,18.45,15,18.55,10,2,2022-07-12 09:24:13
1657617859232743000,18.5,5,18.5,5,18.55,13,1,2022-07-12 09:24:19
1657617861693354000,18.5,3,18.5,2,18.55,14,2,2022-07-12 09:24:21
1657617861721001000,18.5,2,18.45,14,18.55,14,2,2022-07-12 09:24:21
1657617861754262000,18.45,14,18.4,22,18.55,16,2,2022-07-12 09:24:21
1657617863924958000,18.5,1,18.4,22,18.5,3,1,2022-07-12 09:24:23
1657617864935902000,18.5,1,18.4,22,18.5,6,1,2022-07-12 09:24:24
1657617867478117000,18.45,1,18.4,20,18.45,7,1,2022-07-12 09:24:27
1657617872154615000,18.45,4,18.45,1,18.5,6,1,2022-07-12 09:24:32
1657617872192127000,18.45,1,18.4,20,18.5,6,2,2022-07-12 09:24:32
1657617873047346000,18.5,8,18.5,2,18.55,11,1,2022-07-12 09:24:33
1657617873084525000,18.5,1,18.5,1,18.55,11,2,2022-07-12 09:24:33
1657617873085004000,18.5,1,18.4,20,18.55,11,2,2022-07-12 09:24:33
1657617876563767000,18.45,1,18.45,1,18.55,11,2,2022-07-12 09:24:36
1657617906096054000,18.5,1,18.45,12,18.5,9,1,2022-07-12 09:25:06
1657617913766686000,18.5,5,18.45,12,18.5,5,1,2022-07-12 09:25:13
1657617930690710000,18.5,1,18.45,12,18.5,9,1,2022-07-12 09:25:30
1657617931061659000,18.5,2,18.45,12,18.5,6,1,2022-07-12 09:25:31
1657617933993644000,18.5,5,18.45,12,18.5,1,1,2022-07-12 09:25:33
1657617946374129000,18.5,1,18.5,1,18.55,12,2,2022-07-12 09:25:46
1657617958307726000,18.55,1,18.5,4,18.55,11,1,2022-07-12 09:25:58
1657617973908506000,18.5,3,18.5,6,18.55,12,2,2022-07-12 09:26:13
1657618006318845000,18.5,23,18.45,17,18.5,4,2,2022-07-12 09:26:46
1657618018775404000,18.5,1,18.45,16,18.5,6,1,2022-07-12 09:26:58
1657618023821416000,18.5,5,18.45,21,18.5,2,1,2022-07-12 09:27:03
1657618023857688000,18.5,2,18.45,21,18.55,10,1,2022-07-12 09:27:03
1657618027944292000,18.45,10,18.45,11,18.5,5,2,2022-07-12 09:27:07
1657618028169870000,18.5,1,18.45,11,18.5,4,1,2022-07-12 09:27:08
1657618044377693000,18.55,10,18.5,6,18.55,2,1,2022-07-12 09:27:24
1657618045112101000,18.5,6,18.45,13,18.5,4,2,2022-07-12 09:27:25
1657618051414181000,18.5,1,18.45,13,18.5,3,1,2022-07-12 09:27:31
1657618051604024000,18.5,5,18.45,8,18.5,2,1,2022-07-12 09:27:31
1657618051635892000,18.5,2,18.45,8,18.55,4,1,2022-07-12 09:27:31
1657618053253788000,18.55,2,18.45,8,18.55,8,1,2022-07-12 09:27:33
1657618056944066000,18.55,1,18.5,2,18.55,5,1,2022-07-12 09:27:36
1657618084313123000,18.55,1,18.5,10,18.55,2,1,2022-07-12 09:28:04
1657618084338453000,18.55,2,18.5,10,18.6,6,1,2022-07-12 09:28:04
1657618108134360000,18.55,4,18.5,11,18.55,6,2,2022-07-12 09:28:28
1657618110325469000,18.5,1,18.5,10,18.55,10,2,2022-07-12 09:28:30
1657618173349639000,18.55,5,18.5,33,18.55,5,1,2022-07-12 09:29:33
1657618173388237000,18.55,5,18.5,33,18.6,7,1,2022-07-12 09:29:33
1657618185255829000,18.6,1,18.55,11,18.6,6,1,2022-07-12 09:29:45
1657618185768262000,18.55,1,18.55,10,18.6,6,2,2022-07-12 09:29:45
1657618186346326000,18.6,2,18.55,10,18.6,4,1,2022-07-12 09:29:46
1657618189572427000,18.6,2,18.55,10,18.6,5,1,2022-07-12 09:29:49
1657618192502836000,18.6,1,18.55,11,18.6,4,1,2022-07-12 09:29:52
1657618196777767000,18.6,1,18.55,12,18.65,9,1,2022-07-12 09:29:56
1657618208124495000,18.6,4,18.6,2,18.65,12,2,2022-07-12 09:30:08
1657618208124712000,18.6,2,18.55,17,18.65,12,2,2022-07-12 09:30:08
1657618221504625000,18.6,1,18.55,30,18.6,9,1,2022-07-12 09:30:21
1657618230263093000,18.55,1,18.55,29,18.6,9,2,2022-07-12 09:30:30
1657618231390381000,18.6,1,18.55,29,18.6,12,1,2022-07-12 09:30:31
1657618234753960000,18.6,2,18.55,29,18.6,10,1,2022-07-12 09:30:34
1657618237730555000,18.6,2,18.55,29,18.6,8,1,2022-07-12 09:30:37
1657618247537771000,18.6,5,18.55,30,18.6,4,1,2022-07-12 09:30:47
1657618252164574000,18.6,5,18.55,30,18.65,12,1,2022-07-12 09:30:52
1657618271718088000,18.65,1,18.6,6,18.65,11,1,2022-07-12 09:31:11
1657618282858790000,18.65,3,18.6,13,18.65,6,1,2022-07-12 09:31:22
1657618287399873000,18.65,1,18.6,13,18.65,5,1,2022-07-12 09:31:27
1657618292811303000,18.65,5,18.65,5,18.7,18,1,2022-07-12 09:31:32
1657618299870001000,18.65,2,18.65,13,18.7,18,2,2022-07-12 09:31:39
1657618317816455000,18.65,1,18.65,49,18.7,19,2,2022-07-12 09:31:57
1657618321313918000,18.7,6,18.65,49,18.7,11,1,2022-07-12 09:32:01
1657618333876955000,18.7,1,18.65,50,18.7,15,1,2022-07-12 09:32:13
1657618336919224000,18.7,10,18.65,40,18.7,5,1,2022-07-12 09:32:16
1657618336950007000,18.7,5,18.65,40,18.75,30,1,2022-07-12 09:32:16
1657618344503298000,18.7,1,18.7,19,18.75,35,2,2022-07-12 09:32:24
1657618344631285000,18.7,11,18.7,8,18.75,35,2,2022-07-12 09:32:24
1657618344665772000,18.7,8,18.65,15,18.75,35,2,2022-07-12 09:32:24
1657618346710727000,18.65,15,18.6,26,18.7,11,2,2022-07-12 09:32:26
1657618349004742000,18.65,1,18.6,26,18.65,6,1,2022-07-12 09:32:29
1657618354605804000,18.6,3,18.6,24,18.65,10,2,2022-07-12 09:32:34
1657618361800326000,18.65,2,18.6,24,18.65,8,1,2022-07-12 09:32:41
1657618366363061000,18.6,2,18.6,22,18.65,33,2,2022-07-12 09:32:46
1657618366399453000,18.6,3,18.6,19,18.65,33,2,2022-07-12 09:32:46
1657618366614118000,18.6,16,18.6,2,18.65,33,2,2022-07-12 09:32:46
1657618366655491000,18.6,2,18.55,22,18.65,33,2,2022-07-12 09:32:46
1657618419877566000,18.6,20,18.55,25,18.6,8,1,2022-07-12 09:33:39
1657618419905614000,18.6,8,18.55,25,18.65,6,1,2022-07-12 09:33:39
1657618427035837000,18.6,3,18.6,8,18.65,1,2,2022-07-12 09:33:47
1657618467446214000,18.65,1,18.6,21,18.65,8,1,2022-07-12 09:34:27
1657618480370832000,18.65,2,18.6,24,18.65,6,1,2022-07-12 09:34:40
1657618483317150000,18.65,1,18.6,24,18.65,5,1,2022-07-12 09:34:43
1657618483437335000,18.65,5,18.6,24,18.7,10,1,2022-07-12 09:34:43
1657618487269345000,18.6,20,18.6,4,18.7,10,2,2022-07-12 09:34:47
1657618487301551000,18.6,4,18.55,17,18.7,10,2,2022-07-12 09:34:47
1657618504767730000,18.6,1,18.55,18,18.65,5,2,2022-07-12 09:35:04
1657618513772866000,18.6,5,18.6,5,18.65,5,2,2022-07-12 09:35:13
1657618524058873000,18.6,1,18.55,27,18.6,1,2,2022-07-12 09:35:24
1657618524340376000,18.55,16,18.55,27,18.6,5,2,2022-07-12 09:35:24
1657618530980964000,18.55,3,18.55,8,18.6,6,2,2022-07-12 09:35:30
1657618535054036000,18.55,1,18.55,7,18.6,6,2,2022-07-12 09:35:35
1657618535094537000,18.55,7,18.5,75,18.6,6,2,2022-07-12 09:35:35
1657618545355483000,18.6,1,18.5,75,18.6,7,1,2022-07-12 09:35:45
1657618567940734000,18.6,5,18.55,4,18.7,16,1,2022-07-12 09:36:07
1657618622027223000,18.65,1,18.6,13,18.65,4,1,2022-07-12 09:37:02
1657618637659072000,18.6,1,18.6,14,18.65,4,2,2022-07-12 09:37:17
1657618638577959000,18.65,2,18.6,14,18.65,2,1,2022-07-12 09:37:18
1657618649236853000,18.65,2,18.6,14,18.65,3,1,2022-07-12 09:37:29
1657618660504511000,18.65,1,18.6,14,18.7,17,2,2022-07-12 09:37:40
1657618684455311000,18.7,1,18.65,2,18.7,16,1,2022-07-12 09:38:04
1657618694516289000,18.7,1,18.65,2,18.7,15,1,2022-07-12 09:38:14
1657618700094123000,18.7,1,18.65,3,18.7,12,1,2022-07-12 09:38:20
1657618712312381000,18.65,3,18.65,1,18.7,12,2,2022-07-12 09:38:32
1657618718231227000,18.65,1,18.6,26,18.65,4,2,2022-07-12 09:38:38
1657618718258433000,18.65,4,18.6,26,18.7,12,1,2022-07-12 09:38:38
1657618726571102000,18.65,1,18.6,26,18.7,14,1,2022-07-12 09:38:46
1657618733853688000,18.65,1,18.6,26,18.65,3,1,2022-07-12 09:38:53
1657618762725176000,18.65,1,18.6,26,18.65,3,1,2022-07-12 09:39:22
1657618770179548000,18.6,10,18.6,17,18.65,4,2,2022-07-12 09:39:30
1657618770212122000,18.6,17,18.55,40,18.65,4,2,2022-07-12 09:39:30
1657618771672608000,18.65,5,18.55,40,18.65,3,1,2022-07-12 09:39:31
1657618781326303000,18.6,10,18.55,40,18.65,2,1,2022-07-12 09:39:41
1657618875278712000,18.65,1,18.6,21,18.65,7,1,2022-07-12 09:41:15
1657618900501022000,18.65,1,18.6,27,18.65,15,1,2022-07-12 09:41:40
1657618905743479000,18.65,3,18.6,27,18.65,12,1,2022-07-12 09:41:45
1657618914607231000,18.65,4,18.6,27,18.65,9,1,2022-07-12 09:41:54
1657618914638315000,18.65,9,18.6,27,18.7,24,1,2022-07-12 09:41:54
1657618914884200000,18.65,1,18.6,27,18.65,3,1,2022-07-12 09:41:54
1657618941088006000,18.65,2,18.65,5,18.7,24,2,2022-07-12 09:42:21
1657618957305677000,18.7,2,18.65,28,18.7,15,1,2022-07-12 09:42:37
1657618969806466000,18.7,2,18.65,28,18.7,25,1,2022-07-12 09:42:49
1657618971856792000,18.7,5,18.65,28,18.7,20,1,2022-07-12 09:42:51
1657618988650372000,18.7,1,18.65,36,18.7,19,1,2022-07-12 09:43:08
1657618988996274000,18.7,1,18.65,36,18.7,18,1,2022-07-12 09:43:08
1657619003614896000,18.7,1,18.65,34,18.7,17,1,2022-07-12 09:43:23
1657619041731662000,18.7,2,18.65,26,18.7,15,1,2022-07-12 09:44:01
1657619046348958000,18.7,10,18.65,26,18.7,5,1,2022-07-12 09:44:06
1657619050182347000,18.7,8,18.7,2,18.75,35,1,2022-07-12 09:44:10
1657619050210218000,18.7,2,18.65,26,18.75,35,2,2022-07-12 09:44:10
1657619053435284000,18.7,1,18.65,26,18.75,38,2,2022-07-12 09:44:13
1657619056498799000,18.65,26,18.6,27,18.75,38,2,2022-07-12 09:44:16
1657619061451239000,18.65,1,18.6,27,18.7,6,2,2022-07-12 09:44:21
1657619068651748000,18.6,19,18.6,8,18.7,6,2,2022-07-12 09:44:28
1657619068681968000,18.6,8,18.55,36,18.7,6,2,2022-07-12 09:44:28
1657619077212708000,18.7,1,18.55,36,18.7,48,1,2022-07-12 09:44:37
1657619105602454000,18.65,3,18.55,36,18.65,6,1,2022-07-12 09:45:05
1657619111355669000,18.65,1,18.55,36,18.65,5,1,2022-07-12 09:45:11
1657619112709996000,18.6,1,18.55,36,18.65,5,2,2022-07-12 09:45:12
1657619131009714000,18.6,10,18.6,2,18.65,5,2,2022-07-12 09:45:31
1657619131029812000,18.6,2,18.55,36,18.65,5,2,2022-07-12 09:45:31
1657619131060801000,18.55,5,18.55,31,18.65,5,2,2022-07-12 09:45:31
1657619131193213000,18.55,1,18.55,30,18.65,5,2,2022-07-12 09:45:31
1657619177242806000,18.55,2,18.55,29,18.6,6,2,2022-07-12 09:46:17
1657619183782961000,18.55,1,18.55,28,18.6,6,2,2022-07-12 09:46:23
1657619209203796000,18.55,7,18.55,22,18.6,7,2,2022-07-12 09:46:49
1657619232954291000,18.55,1,18.55,21,18.6,14,2,2022-07-12 09:47:12
1657619285803144000,18.55,2,18.55,29,18.6,19,2,2022-07-12 09:48:05
1657619300092661000,18.55,12,18.55,17,18.6,19,2,2022-07-12 09:48:20
1657619300123179000,18.55,10,18.55,7,18.6,19,2,2022-07-12 09:48:20
1657619300499315000,18.55,7,18.55,22,18.6,15,2,2022-07-12 09:48:20
1657619301197771000,18.55,5,18.55,10,18.6,19,2,2022-07-12 09:48:21
1657619302937103000,18.55,3,18.55,7,18.6,15,2,2022-07-12 09:48:22
1657619308521641000,18.55,7,18.5,68,18.6,19,2,2022-07-12 09:48:28
1657619308548783000,18.5,13,18.5,55,18.6,19,2,2022-07-12 09:48:28
1657619326252115000,18.5,2,18.5,66,18.6,17,2,2022-07-12 09:48:46
1657619374708343000,18.5,26,18.5,42,18.55,6,2,2022-07-12 09:49:34
1657619423031996000,18.55,1,18.5,42,18.55,11,1,2022-07-12 09:50:23
1657619462506867000,18.55,5,18.5,42,18.55,2,1,2022-07-12 09:51:02
1657619494490002000,18.55,1,18.5,43,18.55,2,1,2022-07-12 09:51:34
1657619550675216000,18.55,5,18.5,44,18.55,3,1,2022-07-12 09:52:30
1657619570931682000,18.55,6,18.5,44,18.6,9,1,2022-07-12 09:52:50
1657619570931682000,18.6,4,18.5,44,18.6,9,1,2022-07-12 09:52:50
1657619577116763000,18.55,5,18.55,5,18.6,10,1,2022-07-12 09:52:57
1657619577141130000,18.55,1,18.55,4,18.6,10,2,2022-07-12 09:52:57
1657619577142619000,18.55,4,18.5,44,18.6,12,2,2022-07-12 09:52:57
1657619580457081000,18.5,8,18.5,36,18.6,13,2,2022-07-12 09:53:00
1657619605869981000,18.5,1,18.5,35,18.55,6,2,2022-07-12 09:53:25
1657619608836845000,18.5,30,18.5,5,18.55,6,2,2022-07-12 09:53:28
1657619608864021000,18.5,5,18.45,10,18.55,6,2,2022-07-12 09:53:28
1657619608896322000,18.45,2,18.45,8,18.55,6,2,2022-07-12 09:53:28
1657619618898228000,18.45,2,18.45,6,18.5,5,2,2022-07-12 09:53:38
1657619621482823000,18.5,9,18.55,10,18.6,12,1,2022-07-12 09:53:41
1657619621482823000,18.55,11,18.55,10,18.6,12,1,2022-07-12 09:53:41
1657619622531584000,18.55,3,18.55,7,18.6,12,2,2022-07-12 09:53:42
1657619625282635000,18.55,2,18.55,5,18.6,12,2,2022-07-12 09:53:45
1657619625310894000,18.55,5,18.45,6,18.6,12,2,2022-07-12 09:53:45
1657619681155891000,18.5,1,18.45,1,18.55,10,2,2022-07-12 09:54:41
1657619681384892000,18.45,2,18.4,12,18.55,6,2,2022-07-12 09:54:41
1657619681384892000,18.4,8,18.4,12,18.55,6,2,2022-07-12 09:54:41
1657619686367717000,18.4,1,18.4,15,18.55,10,2,2022-07-12 09:54:46
1657619700297081000,18.4,1,18.4,12,18.55,10,2,2022-07-12 09:55:00
1657619707948051000,18.4,1,18.4,9,18.55,13,2,2022-07-12 09:55:07
1657619781982307000,18.45,1,18.4,48,18.5,2,1,2022-07-12 09:56:21
1657619824925950000,18.5,2,18.45,26,18.55,34,1,2022-07-12 09:57:04
1657619854923318000,18.55,5,18.5,8,18.55,29,1,2022-07-12 09:57:34
1657619854949820000,18.55,29,18.5,8,18.6,12,1,2022-07-12 09:57:34
1657619894365860000,18.6,1,18.5,14,18.6,4,1,2022-07-12 09:58:14
1657619921324795000,18.6,3,18.55,1,18.6,1,1,2022-07-12 09:58:41
1657619921352222000,18.6,1,18.55,1,18.65,4,1,2022-07-12 09:58:41
1657619971894355000,18.6,1,18.55,1,18.65,4,2,2022-07-12 09:59:31
1657620110012788000,18.65,3,18.65,7,18.7,18,1,2022-07-12 10:01:50
1657620121420811000,18.65,7,18.55,8,18.7,17,2,2022-07-12 10:02:01
1657620133233191000,18.65,10,18.55,8,18.65,2,1,2022-07-12 10:02:13
1657620141283408000,18.6,1,18.55,8,18.65,11,2,2022-07-12 10:02:21
1657620143459901000,18.55,3,18.55,5,18.65,15,2,2022-07-12 10:02:23
1657620143480096000,18.55,5,18.5,14,18.65,17,2,2022-07-12 10:02:23
1657620163358079000,18.5,12,18.45,18,18.6,8,2,2022-07-12 10:02:43
1657620163358079000,18.45,14,18.45,18,18.6,8,2,2022-07-12 10:02:43
1657620206965621000,18.45,5,18.45,13,18.5,2,2,2022-07-12 10:03:26
1657620218704193000,18.5,2,18.45,13,18.55,1,1,2022-07-12 10:03:38
1657620218704193000,18.55,8,18.45,13,18.55,1,1,2022-07-12 10:03:38
1657620258325403000,18.5,1,18.5,1,18.6,8,2,2022-07-12 10:04:18
1657620410472500000,18.5,8,18.45,12,18.5,2,2,2022-07-12 10:06:50
1657620410507070000,18.5,2,18.45,12,18.5,2,1,2022-07-12 10:06:50
1657620432140798000,18.5,1,18.45,10,18.5,3,1,2022-07-12 10:07:12
1657620432168074000,18.5,3,18.45,10,18.55,1,1,2022-07-12 10:07:12
1657620490694095000,18.5,2,18.5,9,18.55,1,2,2022-07-12 10:08:10
1657620522114745000,18.6,2,18.55,1,18.65,12,1,2022-07-12 10:08:42
1657620560583666000,18.6,2,18.55,2,18.65,9,1,2022-07-12 10:09:20
1657620568979887000,18.6,1,18.55,2,18.65,17,2,2022-07-12 10:09:28
1657620576067646000,18.55,1,18.5,11,18.65,17,2,2022-07-12 10:09:36
1657620582297021000,18.5,2,18.5,7,18.6,3,2,2022-07-12 10:09:42
1657620584444475000,18.5,7,18.5,7,18.6,12,2,2022-07-12 10:09:44
1657620704065382000,18.5,2,18.5,10,18.55,1,2,2022-07-12 10:11:44
1657620718149330000,18.55,1,18.5,10,18.6,17,1,2022-07-12 10:11:58
1657620746354772000,18.55,1,18.5,10,18.6,13,2,2022-07-12 10:12:26
1657620771046813000,18.55,5,18.55,5,18.6,15,1,2022-07-12 10:12:51
1657620771072879000,18.55,5,18.55,5,18.6,15,2,2022-07-12 10:12:51
1657620840795901000,18.5,4,18.5,1,18.55,3,2,2022-07-12 10:14:00
1657620847584430000,18.5,1,18.45,14,18.55,4,2,2022-07-12 10:14:07
1657620847584430000,18.45,9,18.45,14,18.55,4,2,2022-07-12 10:14:07
1657620847612789000,18.45,1,18.45,13,18.55,4,2,2022-07-12 10:14:07
1657620847643428000,18.45,2,18.45,10,18.55,4,2,2022-07-12 10:14:07
1657620849303085000,18.45,1,18.45,9,18.55,7,2,2022-07-12 10:14:09
1657620877760795000,18.45,9,18.4,50,18.45,1,2,2022-07-12 10:14:37
1657620891823416000,18.45,1,18.4,48,18.5,3,1,2022-07-12 10:14:51
1657620898457043000,18.45,10,18.4,32,18.5,11,2,2022-07-12 10:14:58
1657620898457043000,18.4,16,18.4,32,18.5,11,2,2022-07-12 10:14:58
1657620904070659000,18.4,32,18.35,31,18.5,14,2,2022-07-12 10:15:04
1657620904070659000,18.35,20,18.35,31,18.5,14,2,2022-07-12 10:15:04
1657620904099640000,18.35,1,18.35,30,18.5,14,2,2022-07-12 10:15:04
1657620904115863000,18.5,1,18.35,30,18.5,13,1,2022-07-12 10:15:04
1657620913007829000,18.4,1,18.35,30,18.45,14,2,2022-07-12 10:15:13
1657621071991371000,18.45,10,18.4,29,18.5,24,1,2022-07-12 10:17:51
1657621072021991000,18.4,8,18.4,21,18.5,24,2,2022-07-12 10:17:52
1657621122107946000,18.4,1,18.4,24,18.5,25,2,2022-07-12 10:18:42
1657621160765097000,18.45,1,18.45,23,18.5,28,2,2022-07-12 10:19:20
1657621258458860000,18.5,3,18.45,24,18.5,18,1,2022-07-12 10:20:58
1657621302230263000,18.5,1,18.45,24,18.5,17,1,2022-07-12 10:21:42
1657621304644084000,18.5,2,18.45,24,18.5,15,1,2022-07-12 10:21:44
1657621370648296000,18.5,10,18.45,24,18.5,5,1,2022-07-12 10:22:50
1657621370670357000,18.5,5,18.45,24,18.55,9,1,2022-07-12 10:22:50
1657621397754022000,18.5,1,18.45,25,18.55,25,2,2022-07-12 10:23:17
1657621441806923000,18.45,4,18.45,21,18.5,5,2,2022-07-12 10:24:01
1657621442544997000,18.5,1,18.45,21,18.5,4,1,2022-07-12 10:24:02
1657621449044917000,18.5,1,18.45,21,18.5,3,1,2022-07-12 10:24:09
1657621452714681000,18.55,2,18.45,21,18.55,17,1,2022-07-12 10:24:12
1657621453923232000,18.55,2,18.45,21,18.55,15,1,2022-07-12 10:24:13
1657621471335048000,18.5,1,18.5,1,18.55,21,2,2022-07-12 10:24:31
1657621475606861000,18.45,1,18.45,21,18.5,9,2,2022-07-12 10:24:35
1657621488137833000,18.45,2,18.45,18,18.5,26,2,2022-07-12 10:24:48
1657621488170169000,18.45,5,18.45,13,18.5,26,2,2022-07-12 10:24:48
1657621488201071000,18.45,6,18.45,7,18.5,26,2,2022-07-12 10:24:48
1657621488459272000,18.45,7,18.4,21,18.5,26,2,2022-07-12 10:24:48
1657621494633499000,18.4,16,18.35,48,18.45,25,2,2022-07-12 10:24:54
1657621513190948000,18.4,4,18.35,49,18.4,19,1,2022-07-12 10:25:13
1657621532166829000,18.4,1,18.35,44,18.4,19,1,2022-07-12 10:25:32
1657621541597428000,18.4,1,18.35,44,18.4,18,1,2022-07-12 10:25:41
1657621541630233000,18.4,10,18.35,44,18.4,8,1,2022-07-12 10:25:41
1657621544746490000,18.4,5,18.35,44,18.4,3,1,2022-07-12 10:25:44
1657621544778317000,18.4,3,18.35,44,18.45,2,1,2022-07-12 10:25:44
1657621553852860000,18.4,1,18.35,43,18.5,23,2,2022-07-12 10:25:53
1657621553852860000,18.35,1,18.35,43,18.5,23,2,2022-07-12 10:25:53
1657621598718212000,18.35,1,18.35,55,18.45,15,2,2022-07-12 10:26:38
1657621655110229000,18.4,1,18.35,56,18.45,14,2,2022-07-12 10:27:35
1657621751254264000,18.4,4,18.35,58,18.45,13,2,2022-07-12 10:29:11
1657621768706932000,18.4,2,18.4,4,18.45,10,2,2022-07-12 10:29:28
1657621773779003000,18.4,1,18.4,3,18.45,10,2,2022-07-12 10:29:33
1657621776640855000,18.4,3,18.35,58,18.4,9,2,2022-07-12 10:29:36
1657621794197014000,18.4,2,18.35,58,18.4,7,1,2022-07-12 10:29:54
1657621825934725000,18.4,2,18.35,58,18.4,5,1,2022-07-12 10:30:25
1657621831432836000,18.4,1,18.35,58,18.4,4,1,2022-07-12 10:30:31
1657621870005356000,18.4,3,18.35,58,18.4,1,1,2022-07-12 10:31:10
1657621877859668000,18.4,1,18.35,58,18.45,10,1,2022-07-12 10:31:17
1657621984401124000,18.4,13,18.4,9,18.5,25,2,2022-07-12 10:33:04
1657621984441497000,18.4,3,18.4,6,18.5,25,2,2022-07-12 10:33:04
1657621992393349000,18.4,2,18.4,4,18.45,5,2,2022-07-12 10:33:12
1657621992414546000,18.4,3,18.4,1,18.45,5,2,2022-07-12 10:33:12
1657621992532956000,18.45,2,18.4,1,18.45,3,1,2022-07-12 10:33:12
1657622007445601000,18.4,1,18.35,58,18.5,23,2,2022-07-12 10:33:27
1657622069270777000,18.4,2,18.35,58,18.4,1,1,2022-07-12 10:34:29
1657622100029038000,18.4,1,18.35,58,18.45,5,1,2022-07-12 10:35:00
1657622189008593000,18.4,2,18.35,58,18.45,10,1,2022-07-12 10:36:29
1657622232710798000,18.35,1,18.35,57,18.4,1,2,2022-07-12 10:37:12
1657622244406208000,18.35,1,18.35,56,18.45,7,2,2022-07-12 10:37:24
1657622283146559000,18.35,5,18.35,51,18.45,12,2,2022-07-12 10:38:03
1657622345252077000,18.35,2,18.35,48,18.4,5,2,2022-07-12 10:39:05
1657622387485518000,18.35,1,18.35,47,18.4,5,2,2022-07-12 10:39:47
1657622402173557000,18.35,1,18.35,46,18.4,5,2,2022-07-12 10:40:02
1657622409242415000,18.35,2,18.35,44,18.4,5,2,2022-07-12 10:40:09
1657622418830728000,18.35,2,18.35,42,18.4,5,2,2022-07-12 10:40:18
1657622425825807000,18.4,5,18.35,22,18.4,2,1,2022-07-12 10:40:25
1657622428942071000,18.35,22,18.3,38,18.35,8,2,2022-07-12 10:40:28
1657622586389778000,18.35,1,18.3,43,18.35,27,1,2022-07-12 10:43:06
1657622590367356000,18.3,1,18.3,42,18.35,27,2,2022-07-12 10:43:10
1657622590902256000,18.35,1,18.3,42,18.35,26,1,2022-07-12 10:43:10
1657622593417581000,18.35,5,18.3,42,18.35,21,1,2022-07-12 10:43:13
1657622597137957000,18.35,1,18.3,42,18.35,20,1,2022-07-12 10:43:17
1657622598249521000,18.35,1,18.3,42,18.35,19,1,2022-07-12 10:43:18
1657622601274131000,18.35,1,18.3,42,18.35,18,1,2022-07-12 10:43:21
1657622605348523000,18.35,1,18.3,42,18.35,17,1,2022-07-12 10:43:25
1657622631877689000,18.35,10,18.3,43,18.35,7,1,2022-07-12 10:43:51
1657622633540843000,18.35,1,18.3,43,18.35,6,1,2022-07-12 10:43:53
1657622634892837000,18.35,2,18.3,43,18.35,4,1,2022-07-12 10:43:54
1657622639555565000,18.35,1,18.3,43,18.35,3,1,2022-07-12 10:43:59
1657622639968870000,18.35,1,18.3,43,18.35,2,1,2022-07-12 10:43:59
1657622646163473000,18.35,1,18.3,43,18.35,1,1,2022-07-12 10:44:06
1657622652779487000,18.35,1,18.3,43,18.4,19,1,2022-07-12 10:44:12
1657622654733005000,18.3,1,18.3,42,18.4,19,2,2022-07-12 10:44:14
1657622666800094000,18.35,1,18.35,16,18.4,19,2,2022-07-12 10:44:26
1657622666928545000,18.35,1,18.35,15,18.4,19,2,2022-07-12 10:44:26
1657622674223984000,18.35,10,18.35,5,18.4,19,2,2022-07-12 10:44:34
1657622697171196000,18.35,3,18.35,3,18.4,19,2,2022-07-12 10:44:57
1657622697672405000,18.35,1,18.35,2,18.4,19,2,2022-07-12 10:44:57
1657622761439460000,18.35,2,18.3,43,18.35,10,2,2022-07-12 10:46:01
1657622818708224000,18.35,1,18.3,45,18.4,30,1,2022-07-12 10:46:58
1657622818708224000,18.4,10,18.3,45,18.4,30,1,2022-07-12 10:46:58
1657622842894633000,18.4,5,18.3,56,18.4,24,1,2022-07-12 10:47:22
1657622845121275000,18.4,1,18.3,55,18.4,23,1,2022-07-12 10:47:25
1657622918190352000,18.4,2,18.3,52,18.4,32,1,2022-07-12 10:48:38
1657623027066331000,18.4,6,18.35,12,18.4,15,1,2022-07-12 10:50:27
1657623032877475000,18.35,10,18.35,2,18.4,15,2,2022-07-12 10:50:32
1657623032986845000,18.4,2,18.35,2,18.4,13,1,2022-07-12 10:50:32
1657623121387823000,18.35,2,18.3,51,18.4,15,2,2022-07-12 10:52:01
1657623130388612000,18.35,1,18.35,5,18.4,15,2,2022-07-12 10:52:10
1657623130904922000,18.35,2,18.35,3,18.4,15,2,2022-07-12 10:52:10
1657623138184485000,18.35,1,18.35,2,18.4,15,2,2022-07-12 10:52:18
1657623148158205000,18.35,2,18.3,51,18.35,25,2,2022-07-12 10:52:28
1657623161662200000,18.35,3,18.3,53,18.35,23,1,2022-07-12 10:52:41
1657623199996974000,18.3,1,18.3,53,18.35,23,2,2022-07-12 10:53:19
1657623229360570000,18.3,1,18.3,52,18.35,23,2,2022-07-12 10:53:49
1657623271946319000,18.3,1,18.3,51,18.35,23,2,2022-07-12 10:54:31
1657623279586373000,18.3,1,18.3,50,18.35,23,2,2022-07-12 10:54:39
1657623282351409000,18.3,50,18.25,26,18.3,10,2,2022-07-12 10:54:42
1657623329871770000,18.3,1,18.25,27,18.3,9,1,2022-07-12 10:55:29
1657623334217336000,18.3,1,18.25,27,18.3,8,1,2022-07-12 10:55:34
1657623339418109000,18.3,2,18.25,27,18.3,6,1,2022-07-12 10:55:39
1657623342901064000,18.3,2,18.25,27,18.3,4,1,2022-07-12 10:55:42
1657623347945425000,18.3,1,18.25,27,18.3,5,1,2022-07-12 10:55:47
1657623351271391000,18.25,1,18.25,26,18.3,5,2,2022-07-12 10:55:51
1657623364749329000,18.25,1,18.25,25,18.3,5,2,2022-07-12 10:56:04
1657623366142508000,18.25,1,18.25,24,18.3,5,2,2022-07-12 10:56:06
1657623388897756000,18.25,10,18.25,14,18.3,8,2,2022-07-12 10:56:28
1657623394294641000,18.25,13,18.25,1,18.3,8,2,2022-07-12 10:56:34
1657623395581295000,18.25,1,18.2,25,18.3,8,2,2022-07-12 10:56:35
1657623402817030000,18.2,5,18.2,20,18.3,10,2,2022-07-12 10:56:42
1657623403467503000,18.3,3,18.2,20,18.3,7,1,2022-07-12 10:56:43
1657623469632278000,18.25,3,18.2,21,18.3,24,1,2022-07-12 10:57:49
1657623490561029000,18.25,2,18.2,24,18.3,24,1,2022-07-12 10:58:10
1657623509063962000,18.3,22,18.25,15,18.35,23,1,2022-07-12 10:58:29
1657623509383234000,18.35,23,18.25,21,18.45,5,1,2022-07-12 10:58:29
1657623515601266000,18.25,1,18.25,10,18.5,27,2,2022-07-12 10:58:35
1657623659723277000,18.3,1,18.25,22,18.35,1,2,2022-07-12 11:00:59
1657623879011385000,18.3,2,18.3,7,18.35,1,2,2022-07-12 11:04:39
1657623960291911000,18.3,1,18.3,6,18.35,1,2,2022-07-12 11:06:00
1657624016794187000,18.3,6,18.25,21,18.3,14,2,2022-07-12 11:06:56
1657624099275283000,18.25,1,18.25,19,18.3,18,2,2022-07-12 11:08:19
1657624102842742000,18.25,1,18.25,18,18.3,18,2,2022-07-12 11:08:22
1657624116126435000,18.25,2,18.25,4,18.3,18,2,2022-07-12 11:08:36
1657624128904631000,18.25,1,18.25,2,18.3,17,2,2022-07-12 11:08:48
1657624222737341000,18.25,1,18.25,1,18.3,20,2,2022-07-12 11:10:22
1657624230161233000,18.25,1,18.2,24,18.3,20,2,2022-07-12 11:10:30
1657624277720266000,18.25,1,18.25,1,18.3,20,2,2022-07-12 11:11:17
1657624300575665000,18.25,1,18.2,24,18.3,20,2,2022-07-12 11:11:40
1657624318575766000,18.2,5,18.2,19,18.3,20,2,2022-07-12 11:11:58
1657624321005905000,18.2,1,18.2,15,18.3,22,2,2022-07-12 11:12:01
1657624322434806000,18.2,1,18.2,14,18.3,22,2,2022-07-12 11:12:02
1657624326544642000,18.2,5,18.2,9,18.3,22,2,2022-07-12 11:12:06
1657624329657250000,18.2,5,18.2,4,18.3,22,2,2022-07-12 11:12:09
1657624333793668000,18.2,5,18.15,16,18.3,22,2,2022-07-12 11:12:13
1657624340155646000,18.2,5,18.15,21,18.3,22,2,2022-07-12 11:12:20
1657624351046994000,18.2,5,18.2,3,18.3,22,2,2022-07-12 11:12:31
1657624373241050000,18.2,4,18.15,19,18.3,24,1,2022-07-12 11:12:53
1657624484533079000,18.25,1,18.15,20,18.3,24,2,2022-07-12 11:14:44
1657624484533079000,18.2,4,18.15,20,18.3,24,2,2022-07-12 11:14:44
1657624531260692000,18.2,5,18.2,1,18.3,23,2,2022-07-12 11:15:31
1657624534753542000,18.25,2,18.2,4,18.3,23,1,2022-07-12 11:15:34
1657624558241946000,18.2,5,18.2,2,18.3,23,2,2022-07-12 11:15:58
1657624595926503000,18.2,5,18.15,20,18.3,23,2,2022-07-12 11:16:35
1657624685941990000,18.25,2,18.2,2,18.3,21,1,2022-07-12 11:18:05
1657624705009081000,18.3,10,18.2,14,18.3,9,1,2022-07-12 11:18:25
1657624723387569000,18.3,1,18.25,2,18.3,8,1,2022-07-12 11:18:43
1657624748259379000,18.3,1,18.25,2,18.3,7,1,2022-07-12 11:19:08
1657624768434427000,18.3,1,18.25,4,18.3,6,1,2022-07-12 11:19:28
1657624781850961000,18.3,1,18.25,4,18.3,5,1,2022-07-12 11:19:41
1657624807261100000,18.3,1,18.25,6,18.3,4,1,2022-07-12 11:20:07
1657624808097875000,18.3,1,18.25,6,18.3,3,1,2022-07-12 11:20:08
1657624821888315000,18.3,1,18.25,6,18.3,2,1,2022-07-12 11:20:21
1657624855744449000,18.3,2,18.25,5,18.35,5,1,2022-07-12 11:20:55
1657624860127015000,18.3,1,18.25,4,18.35,14,2,2022-07-12 11:21:00
1657624906432455000,18.3,5,18.25,3,18.35,10,1,2022-07-12 11:21:46
1657624980571240000,18.3,1,18.25,3,18.35,10,2,2022-07-12 11:23:00
1657625029500437000,18.35,2,18.3,10,18.35,3,1,2022-07-12 11:23:49
1657625029979453000,18.35,3,18.35,7,18.4,2,1,2022-07-12 11:23:49
1657625030007940000,18.35,2,18.35,5,18.4,2,2,2022-07-12 11:23:50
1657625171390819000,18.4,1,18.35,9,18.4,6,1,2022-07-12 11:26:11
1657625183928052000,18.4,3,18.35,9,18.4,3,1,2022-07-12 11:26:23
1657625183960542000,18.4,3,18.35,9,18.45,2,1,2022-07-12 11:26:23
1657625193041664000,18.35,5,18.35,9,18.45,10,2,2022-07-12 11:26:33
1657625217865128000,18.45,10,18.35,6,18.45,13,1,2022-07-12 11:26:57
1657625239726990000,18.45,2,18.35,6,18.45,14,1,2022-07-12 11:27:19
1657625247086410000,18.4,2,18.35,4,18.45,17,2,2022-07-12 11:27:27
1657625416948699000,18.4,3,18.4,2,18.45,7,1,2022-07-12 11:30:16
1657625416972189000,18.4,2,18.35,12,18.45,7,2,2022-07-12 11:30:16
1657625438369672000,18.4,2,18.35,12,18.45,10,2,2022-07-12 11:30:38
1657625438400425000,18.35,8,18.35,4,18.45,10,2,2022-07-12 11:30:38
1657625438431212000,18.35,4,18.35,4,18.45,11,2,2022-07-12 11:30:38
1657625488034665000,18.35,5,18.3,13,18.4,11,1,2022-07-12 11:31:28
1657625488903007000,18.35,1,18.3,13,18.4,11,2,2022-07-12 11:31:28
1657625603392234000,18.35,13,18.3,10,18.4,11,2,2022-07-12 11:33:23
1657625633733720000,18.35,1,18.3,10,18.35,4,1,2022-07-12 11:33:53
1657625739469937000,18.3,11,18.3,6,18.35,9,2,2022-07-12 11:35:39
1657625748324318000,18.3,5,18.3,1,18.35,10,2,2022-07-12 11:35:48
1657625748347926000,18.3,1,18.25,36,18.35,10,2,2022-07-12 11:35:48
1657625783845106000,18.25,2,18.25,32,18.3,1,2,2022-07-12 11:36:23
1657625805789182000,18.3,1,18.25,32,18.35,6,1,2022-07-12 11:36:45
1657625810412784000,18.25,10,18.25,22,18.35,9,2,2022-07-12 11:36:50
1657625812394726000,18.25,22,18.15,51,18.2,9,2,2022-07-12 11:36:52
1657625812394726000,18.2,49,18.15,51,18.2,9,2,2022-07-12 11:36:52
1657625829367011000,18.15,1,18.15,45,18.2,9,2,2022-07-12 11:37:09
1657625829746625000,18.2,3,18.15,45,18.2,6,1,2022-07-12 11:37:09
1657625829911232000,18.2,1,18.15,45,18.2,5,1,2022-07-12 11:37:09
1657625829944787000,18.2,5,18.15,45,18.35,12,1,2022-07-12 11:37:09
1657625838607584000,18.2,1,18.2,9,18.35,12,1,2022-07-12 11:37:18
1657625913611785000,18.2,5,18.15,49,18.2,5,2,2022-07-12 11:38:33
1657625929132400000,18.2,1,18.15,49,18.2,4,1,2022-07-12 11:38:49
1657625938464219000,18.2,4,18.2,1,18.3,10,1,2022-07-12 11:38:58
1657625987345702000,18.2,1,18.2,8,18.3,11,2,2022-07-12 11:39:47
1657625988585045000,18.2,8,18.1,120,18.3,11,2,2022-07-12 11:39:48
1657625988585045000,18.15,47,18.1,120,18.3,11,2,2022-07-12 11:39:48
1657625988585045000,18.1,15,18.1,120,18.3,11,2,2022-07-12 11:39:48
1657626001815416000,18.15,1,18.1,120,18.15,3,1,2022-07-12 11:40:01
1657626007936410000,18.15,1,18.1,120,18.15,2,1,2022-07-12 11:40:07
1657626010230479000,18.15,2,18.15,1,18.2,3,1,2022-07-12 11:40:10
1657626023337109000,18.2,1,18.15,6,18.25,1,1,2022-07-12 11:40:23
1657626057076018000,18.25,2,18.15,20,18.3,11,1,2022-07-12 11:40:57
1657626103457289000,18.25,1,18.2,1,18.25,5,1,2022-07-12 11:41:43
1657626140720989000,18.25,2,18.2,1,18.3,8,1,2022-07-12 11:42:20
1657626258982319000,18.25,1,18.2,11,18.3,12,1,2022-07-12 11:44:18
1657626318134799000,18.3,8,18.2,16,18.3,2,1,2022-07-12 11:45:18
1657626318163140000,18.3,2,18.2,17,18.35,15,1,2022-07-12 11:45:18
1657626354776625000,18.25,1,18.2,18,18.3,2,2,2022-07-12 11:45:54
1657626397317759000,18.25,1,18.2,17,18.3,2,2,2022-07-12 11:46:37
1657626452844664000,18.25,2,18.2,17,18.25,3,1,2022-07-12 11:47:32
1657626524468088000,18.25,3,18.2,18,18.25,5,1,2022-07-12 11:48:44
1657626574072212000,18.25,5,18.2,18,18.25,1,1,2022-07-12 11:49:34
1657626737901819000,18.25,2,18.2,19,18.25,2,1,2022-07-12 11:52:17
1657626755421976000,18.25,1,18.2,19,18.25,1,1,2022-07-12 11:52:35
1657626769441429000,18.25,1,18.2,19,18.25,10,1,2022-07-12 11:52:49
1657626799888451000,18.25,10,18.2,19,18.3,7,1,2022-07-12 11:53:19
1657626810876386000,18.3,5,18.2,19,18.3,2,1,2022-07-12 11:53:30
1657626924205338000,18.3,3,18.25,1,18.35,13,2,2022-07-12 11:55:24
1657626928035828000,18.35,3,18.25,1,18.35,10,1,2022-07-12 11:55:28
1657626929862345000,18.35,2,18.25,1,18.35,8,1,2022-07-12 11:55:29
1657626940212109000,18.35,8,18.25,1,18.4,25,1,2022-07-12 11:55:40
1657626958886439000,18.35,1,18.25,1,18.35,5,1,2022-07-12 11:55:58
1657626991538225000,18.3,2,18.25,2,18.3,3,2,2022-07-12 11:56:31
1657627093026001000,18.25,2,18.2,23,18.3,7,2,2022-07-12 11:58:13
1657627189732379000,18.3,2,18.2,25,18.3,5,1,2022-07-12 11:59:49
1657627233462466000,18.3,1,18.25,4,18.3,7,1,2022-07-12 12:00:33
1657627235321612000,18.3,1,18.25,4,18.3,6,1,2022-07-12 12:00:35
1657627239724353000,18.3,1,18.25,4,18.3,5,1,2022-07-12 12:00:39
1657627298579030000,18.3,1,18.25,1,18.35,10,2,2022-07-12 12:01:38
1657627357377483000,18.3,1,18.25,6,18.3,5,1,2022-07-12 12:02:37
1657627412031733000,18.25,1,18.25,10,18.3,19,2,2022-07-12 12:03:32
1657627446543499000,18.3,19,18.3,1,18.35,3,1,2022-07-12 12:04:06
1657627530886387000,18.3,2,18.3,4,18.35,3,2,2022-07-12 12:05:30
1657627548457068000,18.35,1,18.3,4,18.35,2,1,2022-07-12 12:05:48
1657627589266282000,18.35,1,18.3,4,18.35,1,1,2022-07-12 12:06:29
1657627767092452000,18.3,11,18.25,11,18.3,4,2,2022-07-12 12:09:27
1657627822400966000,18.3,2,18.25,11,18.3,3,1,2022-07-12 12:10:22
1657628013359724000,18.25,1,18.25,11,18.3,5,2,2022-07-12 12:13:33
1657628022314066000,18.3,1,18.25,11,18.3,3,1,2022-07-12 12:13:42
1657628063150568000,18.25,5,18.25,6,18.3,3,2,2022-07-12 12:14:23
1657628110777977000,18.25,5,18.25,4,18.3,3,2,2022-07-12 12:15:10
1657628134594038000,18.25,1,18.25,1,18.3,3,2,2022-07-12 12:15:34
1657628147147627000,18.25,1,18.2,26,18.25,4,2,2022-07-12 12:15:47
1657628263903919000,18.25,4,18.2,26,18.3,2,1,2022-07-12 12:17:43
1657628310744692000,18.3,1,18.2,26,18.3,3,1,2022-07-12 12:18:30
1657628410711430000,18.3,1,18.2,27,18.3,4,1,2022-07-12 12:20:10
1657628451363737000,18.25,3,18.2,30,18.3,3,2,2022-07-12 12:20:51
1657628473943545000,18.2,3,18.2,24,18.3,7,2,2022-07-12 12:21:13
1657628528261239000,18.2,1,18.2,23,18.25,17,2,2022-07-12 12:22:08
1657628529938602000,18.2,5,18.2,18,18.25,17,2,2022-07-12 12:22:09
1657628535386148000,18.2,1,18.2,17,18.25,17,2,2022-07-12 12:22:15
1657628536124553000,18.2,1,18.2,16,18.25,17,2,2022-07-12 12:22:16
1657628543581071000,18.2,2,18.2,14,18.25,17,2,2022-07-12 12:22:23
1657628544208534000,18.2,10,18.2,4,18.25,17,2,2022-07-12 12:22:24
1657628544237489000,18.2,1,18.2,3,18.25,17,2,2022-07-12 12:22:24
1657628544237493000,18.2,3,18.15,59,18.25,17,2,2022-07-12 12:22:24
1657628568882606000,18.15,30,18.15,29,18.2,27,2,2022-07-12 12:22:48
1657628568899711000,18.15,1,18.15,28,18.2,27,2,2022-07-12 12:22:48
1657628568899759000,18.15,2,18.15,26,18.2,27,2,2022-07-12 12:22:48
1657628569185200000,18.15,23,18.15,3,18.2,4,2,2022-07-12 12:22:49
1657628571407246000,18.15,3,18.1,134,18.15,2,2,2022-07-12 12:22:51
1657628571441089000,18.15,2,18.1,134,18.2,4,1,2022-07-12 12:22:51
1657628577217577000,18.1,5,18.1,129,18.2,4,2,2022-07-12 12:22:57
1657628584577664000,18.1,2,18.1,127,18.2,2,2,2022-07-12 12:23:04
1657628593682884000,18.15,2,18.1,127,18.2,2,1,2022-07-12 12:23:13
1657628697391478000,18.2,1,18.15,11,18.2,5,1,2022-07-12 12:24:57
1657628704656019000,18.15,5,18.15,6,18.2,5,2,2022-07-12 12:25:04
1657628726342230000,18.15,1,18.15,5,18.2,7,2,2022-07-12 12:25:26
1657628739550173000,18.15,2,18.15,3,18.2,7,2,2022-07-12 12:25:39
1657628837695664000,18.15,1,18.15,3,18.2,8,2,2022-07-12 12:27:17
1657628851361202000,18.15,2,18.15,1,18.2,8,2,2022-07-12 12:27:31
1657628894363221000,18.15,1,18.1,66,18.15,4,2,2022-07-12 12:28:14
1657628911170258000,18.15,4,18.15,1,18.2,8,1,2022-07-12 12:28:31
1657628911662235000,18.15,1,18.1,65,18.2,8,2,2022-07-12 12:28:31
1657628916101746000,18.15,1,18.15,4,18.2,8,1,2022-07-12 12:28:36
1657628944260742000,18.15,2,18.15,3,18.2,8,2,2022-07-12 12:29:04
1657628957544376000,18.15,2,18.15,1,18.2,8,2,2022-07-12 12:29:17
1657628965901560000,18.15,1,18.1,25,18.15,4,2,2022-07-12 12:29:25
1657628967541230000,18.15,4,18.15,1,18.2,8,1,2022-07-12 12:29:27
1657628969476607000,18.15,1,18.1,21,18.2,8,2,2022-07-12 12:29:29
1657628969476607000,18.1,4,18.1,21,18.2,8,2,2022-07-12 12:29:29
1657628986892124000,18.1,1,18.1,30,18.2,12,2,2022-07-12 12:29:46
1657628989355018000,18.1,2,18.1,28,18.2,14,2,2022-07-12 12:29:49
1657629002169450000,18.1,10,18.1,18,18.2,13,2,2022-07-12 12:30:02
1657629063370314000,18.1,1,18.1,18,18.15,3,2,2022-07-12 12:31:03
1657629063402478000,18.15,3,18.1,18,18.2,12,1,2022-07-12 12:31:03
1657629163901384000,18.15,1,18.15,10,18.2,12,2,2022-07-12 12:32:43
1657629174917765000,18.15,1,18.15,9,18.2,12,2,2022-07-12 12:32:54
1657629204213095000,18.15,5,18.15,4,18.2,12,2,2022-07-12 12:33:24
1657629205395399000,18.15,4,18.1,26,18.2,12,2,2022-07-12 12:33:25
1657629252546817000,18.15,3,18.1,32,18.15,4,1,2022-07-12 12:34:12
1657629258027012000,18.15,1,18.1,32,18.15,3,1,2022-07-12 12:34:18
1657629274040556000,18.15,1,18.1,32,18.15,2,1,2022-07-12 12:34:34
1657629274969824000,18.15,1,18.1,32,18.15,1,1,2022-07-12 12:34:34
1657629309680354000,18.1,5,18.1,27,18.15,1,2,2022-07-12 12:35:09
1657629333891642000,18.15,1,18.1,27,18.15,1,1,2022-07-12 12:35:33
1657629361334540000,18.15,1,18.15,1,18.2,12,1,2022-07-12 12:36:01
1657629370211591000,18.15,1,18.1,28,18.2,14,2,2022-07-12 12:36:10
1657629416911593000,18.15,1,18.1,29,18.15,1,1,2022-07-12 12:36:56
1657629485113079000,18.15,5,18.1,22,18.15,3,1,2022-07-12 12:38:05
1657629501210736000,18.15,1,18.1,22,18.15,3,1,2022-07-12 12:38:21
1657629506609160000,18.15,1,18.1,22,18.15,2,1,2022-07-12 12:38:26
1657629533712524000,18.15,1,18.1,22,18.2,13,1,2022-07-12 12:38:53
1657629613299647000,18.15,1,18.1,24,18.2,19,2,2022-07-12 12:40:13
1657629616403849000,18.15,1,18.1,24,18.2,19,2,2022-07-12 12:40:16
1657629650637087000,18.2,1,18.15,25,18.2,13,1,2022-07-12 12:40:50
1657629714766583000,18.2,4,18.15,27,18.2,9,1,2022-07-12 12:41:54
1657629781484563000,18.15,1,18.15,28,18.2,9,2,2022-07-12 12:43:01
1657629803065033000,18.15,1,18.15,27,18.2,9,2,2022-07-12 12:43:23
1657629928232978000,18.2,1,18.15,30,18.2,10,1,2022-07-12 12:45:28
1657629936476189000,18.2,1,18.15,30,18.2,9,1,2022-07-12 12:45:36
1657629960338147000,18.2,3,18.15,30,18.2,9,1,2022-07-12 12:46:00
1657629982967691000,18.2,1,18.15,30,18.2,11,1,2022-07-12 12:46:22
1657629987163514000,18.2,1,18.15,30,18.2,10,1,2022-07-12 12:46:27
1657629993967419000,18.15,3,18.15,27,18.2,7,2,2022-07-12 12:46:33
1657630029437378000,18.15,1,18.15,26,18.2,7,2,2022-07-12 12:47:09
1657630032156899000,18.15,5,18.15,21,18.2,7,2,2022-07-12 12:47:12
1657630032178241000,18.15,4,18.15,17,18.2,7,2,2022-07-12 12:47:12
1657630048827642000,18.15,10,18.15,7,18.2,11,2,2022-07-12 12:47:28
1657630048864636000,18.15,5,18.15,2,18.2,11,2,2022-07-12 12:47:28
1657630053914601000,18.15,2,18.1,25,18.2,11,2,2022-07-12 12:47:33
1657630122556626000,18.15,1,18.1,25,18.2,13,2,2022-07-12 12:48:42
1657630143457709000,18.1,2,18.1,23,18.15,8,2,2022-07-12 12:49:03
1657630143488460000,18.1,18,18.1,5,18.15,8,2,2022-07-12 12:49:03
1657630164553798000,18.1,5,18.05,49,18.15,6,2,2022-07-12 12:49:24
1657630221404796000,18.05,5,18.05,44,18.1,8,2,2022-07-12 12:50:21
1657630226769144000,18.05,1,18.05,43,18.1,8,2,2022-07-12 12:50:26
1657630246510704000,18.05,1,18.05,43,18.1,8,2,2022-07-12 12:50:46
1657630271713453000,18.05,2,18.05,42,18.1,8,2,2022-07-12 12:51:11
1657630273608677000,18.05,1,18.05,41,18.1,8,2,2022-07-12 12:51:13
1657630276653715000,18.05,1,18.05,40,18.1,8,2,2022-07-12 12:51:16
1657630278984035000,18.05,1,18.05,39,18.1,8,2,2022-07-12 12:51:18
1657630286328492000,18.05,5,18.05,34,18.1,11,2,2022-07-12 12:51:26
1657630287666640000,18.05,30,18.05,3,18.1,11,2,2022-07-12 12:51:27
1657630290859812000,18.05,1,18.05,2,18.1,11,2,2022-07-12 12:51:30
1657630291665310000,18.05,2,18.0,70,18.05,13,2,2022-07-12 12:51:31
1657630316071122000,18.0,3,18.0,66,18.05,21,2,2022-07-12 12:51:56
1657630316180685000,18.0,2,18.0,64,18.05,21,2,2022-07-12 12:51:56
1657630325790159000,18.0,2,18.0,63,18.05,21,2,2022-07-12 12:52:05
1657630338998663000,18.0,2,18.0,60,18.05,21,2,2022-07-12 12:52:18
1657630353693629000,18.0,2,18.0,58,18.05,21,2,2022-07-12 12:52:33
1657630400336507000,18.0,50,18.0,8,18.05,21,2,2022-07-12 12:53:20
1657630401422369000,18.0,1,18.0,7,18.05,23,2,2022-07-12 12:53:21
1657630401443090000,18.0,6,18.0,1,18.05,23,2,2022-07-12 12:53:21
1657630401443114000,18.0,1,17.95,4,18.05,23,2,2022-07-12 12:53:21
1657630411898738000,17.95,1,17.95,2,18.0,29,2,2022-07-12 12:53:31
1657630414210502000,17.95,2,17.9,15,18.0,29,2,2022-07-12 12:53:34
1657630420224808000,17.9,10,17.9,6,17.95,2,2,2022-07-12 12:53:40
1657630420274071000,17.95,1,17.9,6,17.95,1,1,2022-07-12 12:53:40
1657630426677146000,17.9,1,17.9,5,17.95,3,2,2022-07-12 12:53:46
1657630426677366000,17.9,1,17.9,4,17.95,3,2,2022-07-12 12:53:46
1657630426678210000,17.9,1,17.9,3,17.95,3,2,2022-07-12 12:53:46
1657630426678597000,17.9,1,17.9,2,17.95,3,2,2022-07-12 12:53:46
1657630426679364000,17.9,1,17.9,1,17.95,3,2,2022-07-12 12:53:46
1657630428257344000,17.9,1,17.85,7,17.9,1,2,2022-07-12 12:53:48
1657630428281458000,17.9,1,17.85,7,17.95,3,1,2022-07-12 12:53:48
1657630432801268000,17.85,1,17.85,10,17.9,3,2,2022-07-12 12:53:52
1657630432835570000,17.9,3,17.85,10,17.95,2,1,2022-07-12 12:53:52
1657630444131053000,17.9,1,17.85,10,17.9,2,2,2022-07-12 12:54:04
1657630444160863000,17.9,2,17.85,10,18.0,31,1,2022-07-12 12:54:04
1657630445515217000,17.9,1,17.85,10,18.0,31,1,2022-07-12 12:54:05
1657630450540345000,17.9,1,17.85,6,17.9,7,1,2022-07-12 12:54:10
1657630450565976000,17.9,7,17.85,6,17.95,2,1,2022-07-12 12:54:10
1657630451188331000,17.9,1,17.85,12,17.95,2,1,2022-07-12 12:54:11
1657630462742665000,17.85,4,17.85,8,17.95,3,2,2022-07-12 12:54:22
1657630464690887000,17.9,1,17.85,6,17.95,4,1,2022-07-12 12:54:24
1657630465657344000,17.95,4,17.95,1,18.0,11,1,2022-07-12 12:54:25
1657630470667006000,18.0,1,17.95,1,18.0,9,1,2022-07-12 12:54:30
1657630475579496000,17.95,1,17.9,10,18.0,9,2,2022-07-12 12:54:35
1657630475579496000,17.9,1,17.9,10,18.0,9,2,2022-07-12 12:54:35
1657630482680376000,17.9,2,17.9,8,18.0,16,2,2022-07-12 12:54:42
1657630488831097000,17.9,1,17.9,7,17.95,4,2,2022-07-12 12:54:48
1657630502858110000,17.9,1,17.9,6,17.95,4,2,2022-07-12 12:55:02
1657630523284301000,17.9,1,17.9,5,17.95,6,2,2022-07-12 12:55:23
1657630526607166000,17.9,1,17.9,4,17.95,6,2,2022-07-12 12:55:26
1657630544984742000,17.9,10,17.85,12,17.95,6,2,2022-07-12 12:55:44
1657630550406158000,17.85,10,17.8,30,17.95,6,2,2022-07-12 12:55:50
1657630555318236000,17.8,1,17.8,34,17.95,7,2,2022-07-12 12:55:55
1657630566739890000,17.9,1,17.8,34,17.95,7,1,2022-07-12 12:56:06
1657630567280273000,17.95,6,17.9,64,18.0,18,1,2022-07-12 12:56:07
1657630569629143000,18.0,14,17.8,34,18.05,14,1,2022-07-12 12:56:09
1657630569629143000,18.05,2,17.8,34,18.05,14,1,2022-07-12 12:56:09
1657630569653178000,18.05,12,17.8,34,18.15,4,1,2022-07-12 12:56:09
1657630569653178000,18.1,1,17.8,34,18.15,4,1,2022-07-12 12:56:09
1657630569653178000,18.15,3,17.8,34,18.15,4,1,2022-07-12 12:56:09
1657630569680758000,18.15,4,17.8,34,18.2,17,1,2022-07-12 12:56:09
1657630569680758000,18.2,28,17.8,34,18.2,17,1,2022-07-12 12:56:09
1657630577541499000,17.9,2,17.85,6,18.2,17,1,2022-07-12 12:56:17
1657630582582933000,17.95,1,17.95,4,18.1,1,2,2022-07-12 12:56:22
1657630583851932000,17.95,1,17.95,5,18.1,2,2,2022-07-12 12:56:23
1657630622911134000,17.95,1,17.95,6,18.05,1,2,2022-07-12 12:57:02
1657630626392463000,18.05,1,17.95,6,18.1,3,1,2022-07-12 12:57:06
1657630638185106000,18.05,1,17.9,23,18.1,8,1,2022-07-12 12:57:18
1657630672810872000,18.0,1,17.95,1,18.05,5,1,2022-07-12 12:57:52
1657630715547859000,18.0,2,17.95,3,18.05,6,1,2022-07-12 12:58:35
1657630719090581000,18.0,1,17.95,3,18.05,6,2,2022-07-12 12:58:39
1657630750789523000,17.95,1,17.95,2,18.05,12,2,2022-07-12 12:59:10
1657630754829820000,18.0,1,17.95,2,18.05,12,1,2022-07-12 12:59:14
1657630758533149000,17.95,1,17.95,1,18.0,4,2,2022-07-12 12:59:18
1657630758568220000,18.0,4,17.95,1,18.05,12,1,2022-07-12 12:59:18
1657630771970321000,18.0,1,17.95,1,18.05,12,1,2022-07-12 12:59:31
1657630800169186000,18.05,8,17.95,1,18.05,4,1,2022-07-12 13:00:00
1657630800207472000,18.05,4,17.95,1,18.1,5,1,2022-07-12 13:00:00
1657630801921983000,18.0,2,17.95,7,18.1,5,1,2022-07-12 13:00:01
1657630803201811000,18.0,1,17.95,7,18.1,5,1,2022-07-12 13:00:03
1657630825920251000,17.95,1,17.95,6,18.05,5,2,2022-07-12 13:00:25
1657630839815219000,17.95,1,17.95,5,18.05,5,2,2022-07-12 13:00:39
1657630856160213000,18.0,1,17.9,35,18.05,5,1,2022-07-12 13:00:56
1657630861549379000,17.95,2,17.9,35,18.05,7,1,2022-07-12 13:01:01
1657630890378843000,17.95,2,17.9,35,18.05,9,1,2022-07-12 13:01:30
1657630898048426000,17.9,5,17.9,26,18.05,9,2,2022-07-12 13:01:38
1657630938747176000,17.95,1,17.9,25,17.95,1,1,2022-07-12 13:02:18
1657630938747271000,17.95,1,17.9,25,17.95,2,1,2022-07-12 13:02:18
1657630944270647000,17.9,10,17.9,15,18.0,6,2,2022-07-12 13:02:24
1657630944300213000,18.0,6,17.9,15,18.05,10,1,2022-07-12 13:02:24
1657630956176770000,17.9,10,17.9,8,18.05,10,2,2022-07-12 13:02:36
1657630959576081000,17.95,2,17.9,8,18.05,10,1,2022-07-12 13:02:39
1657631010015422000,17.95,3,17.9,10,18.0,3,1,2022-07-12 13:03:30
1657631064377619000,18.0,10,17.9,9,18.0,2,1,2022-07-12 13:04:24
1657631064410531000,18.0,2,17.9,9,18.05,2,1,2022-07-12 13:04:24
1657631205949856000,17.95,1,17.9,10,18.0,10,2,2022-07-12 13:06:45
1657631232506401000,17.95,1,17.95,2,18.0,10,1,2022-07-12 13:07:12
1657631236917779000,17.95,1,17.95,1,18.0,10,2,2022-07-12 13:07:16
1657631261789250000,17.95,1,17.95,1,18.0,12,2,2022-07-12 13:07:41
1657631269600048000,17.95,4,17.95,7,18.0,17,2,2022-07-12 13:07:49
1657631275686568000,17.95,2,17.95,5,18.0,15,2,2022-07-12 13:07:55
1657631306173680000,17.95,5,17.9,20,18.0,15,2,2022-07-12 13:08:26
1657631320642871000,17.9,1,17.9,22,18.0,15,2,2022-07-12 13:08:40
1657631329374463000,17.95,5,17.9,22,18.0,15,1,2022-07-12 13:08:49
1657631335098826000,18.0,9,17.9,22,18.0,6,1,2022-07-12 13:08:55
1657631335130592000,18.0,6,17.9,22,18.05,6,1,2022-07-12 13:08:55
1657631368416984000,18.0,1,18.0,1,18.05,4,2,2022-07-12 13:09:28
1657631374891583000,18.0,1,17.95,3,18.05,4,1,2022-07-12 13:09:34
1657631383548188000,18.0,6,17.95,3,18.0,6,1,2022-07-12 13:09:43
1657631401565846000,18.0,1,18.0,1,18.05,5,2,2022-07-12 13:10:01
1657631413827000000,18.0,1,17.95,2,18.0,1,2,2022-07-12 13:10:13
1657631413857074000,18.0,1,17.95,2,18.05,5,1,2022-07-12 13:10:13
1657631447002062000,17.95,5,17.85,26,18.0,11,2,2022-07-12 13:10:47
1657631447002062000,17.9,27,17.85,26,18.0,11,2,2022-07-12 13:10:47
1657631447002062000,17.85,4,17.85,26,18.0,11,2,2022-07-12 13:10:47
1657631457253213000,17.85,1,17.85,25,18.0,13,2,2022-07-12 13:10:57
1657631459279038000,17.95,1,17.85,29,18.0,23,1,2022-07-12 13:10:59
1657631477762723000,17.95,1,17.9,5,18.0,25,1,2022-07-12 13:11:17
1657631478249103000,17.9,9,17.85,31,17.9,5,2,2022-07-12 13:11:18
1657631478282231000,17.9,5,17.85,31,18.0,23,1,2022-07-12 13:11:18
1657631503242848000,17.9,1,17.85,32,17.95,1,2,2022-07-12 13:11:43
1657631538744594000,17.9,3,17.85,26,17.95,6,2,2022-07-12 13:12:18
1657631547708713000,17.85,10,17.85,16,17.95,6,2,2022-07-12 13:12:27
1657631556860967000,17.85,1,17.85,15,17.95,11,2,2022-07-12 13:12:36
1657631559357880000,17.9,1,17.85,15,17.95,9,2,2022-07-12 13:12:39
1657631564655852000,17.9,1,17.85,15,17.95,10,1,2022-07-12 13:12:44
1657631566959169000,17.9,3,17.85,20,17.95,8,1,2022-07-12 13:12:46
1657631572637113000,17.9,1,17.85,20,17.95,7,1,2022-07-12 13:12:52
1657631602339130000,17.9,18,17.9,2,17.95,6,1,2022-07-12 13:13:22
1657631616720012000,17.9,2,17.85,20,17.95,7,2,2022-07-12 13:13:36
1657631626083043000,17.9,1,17.85,20,17.9,9,2,2022-07-12 13:13:46
1657631626111583000,17.9,9,17.85,20,17.95,7,1,2022-07-12 13:13:46
1657631627058441000,17.9,1,17.85,25,17.95,3,1,2022-07-12 13:13:47
1657631627058441000,17.95,4,17.85,25,17.95,3,1,2022-07-12 13:13:47
1657631642104991000,17.9,1,17.85,26,17.9,9,2,2022-07-12 13:14:02
1657631642138916000,17.9,9,17.85,26,17.95,6,1,2022-07-12 13:14:02
1657631653629367000,17.9,2,17.85,26,17.95,6,1,2022-07-12 13:14:13
1657631656081728000,17.85,1,17.85,25,17.9,1,2,2022-07-12 13:14:16
1657631668876333000,17.9,2,17.85,28,17.9,9,1,2022-07-12 13:14:28
1657631668903216000,17.9,9,17.85,28,17.95,6,1,2022-07-12 13:14:28
1657631670600037000,17.85,5,17.85,23,17.95,6,2,2022-07-12 13:14:30
1657631677767129000,17.95,1,17.85,23,17.95,6,1,2022-07-12 13:14:37
1657631684683355000,17.9,1,17.85,23,17.9,10,1,2022-07-12 13:14:44
1657631696704007000,17.85,1,17.85,23,17.9,10,2,2022-07-12 13:14:56
1657631700713781000,17.9,4,17.85,23,17.9,6,1,2022-07-12 13:15:00
1657631700754447000,17.9,6,17.85,23,17.95,6,1,2022-07-12 13:15:00
1657631729936526000,17.9,1,17.85,43,17.9,11,1,2022-07-12 13:15:29
1657631747682013000,17.85,5,17.85,38,17.9,11,2,2022-07-12 13:15:47
1657631766164444000,17.9,11,17.9,35,17.95,9,1,2022-07-12 13:16:06
1657631775251589000,17.9,6,17.9,29,17.95,8,2,2022-07-12 13:16:15
1657631776802019000,17.9,10,17.9,19,17.95,8,2,2022-07-12 13:16:16
1657631778679285000,17.9,1,17.9,18,17.95,7,2,2022-07-12 13:16:18
1657631787753123000,17.9,1,17.9,17,17.95,7,2,2022-07-12 13:16:27
1657631811722155000,17.9,1,17.9,16,17.95,8,2,2022-07-12 13:16:51
1657631818558603000,17.9,1,17.9,15,17.95,8,2,2022-07-12 13:16:58
1657631827195536000,17.9,10,17.9,5,17.95,17,2,2022-07-12 13:17:07
1657631829853361000,17.9,5,17.85,38,17.9,28,2,2022-07-12 13:17:09
1657631829878737000,17.9,16,17.85,38,17.9,12,1,2022-07-12 13:17:09
1657631829911634000,17.9,2,17.85,38,17.9,10,1,2022-07-12 13:17:09
1657631830001068000,17.9,10,17.85,38,17.95,17,1,2022-07-12 13:17:10
1657631847964384000,17.9,1,17.85,38,17.95,13,1,2022-07-12 13:17:27
1657631847964384000,17.95,4,17.85,38,17.95,13,1,2022-07-12 13:17:27
1657631860019130000,17.95,5,17.9,1,17.95,8,1,2022-07-12 13:17:40
1657631871613122000,17.9,1,17.85,41,17.95,8,2,2022-07-12 13:17:51
1657631885571933000,17.95,5,17.85,43,17.95,4,1,2022-07-12 13:18:05
1657631899439813000,17.85,1,17.85,42,17.95,4,2,2022-07-12 13:18:19
1657631939252972000,17.9,1,17.9,2,17.95,6,2,2022-07-12 13:18:59
1657631953034858000,17.9,2,17.85,52,17.95,6,2,2022-07-12 13:19:13
1657631959094070000,17.9,1,17.85,52,17.95,6,1,2022-07-12 13:19:19
1657631971969581000,17.9,5,17.85,52,17.9,3,2,2022-07-12 13:19:31
1657631972000268000,17.9,3,17.85,52,17.95,8,1,2022-07-12 13:19:32
1657632018090371000,17.9,2,17.9,2,17.95,22,2,2022-07-12 13:20:18
1657632027910275000,17.9,1,17.9,4,17.95,22,2,2022-07-12 13:20:27
1657632038738975000,17.9,1,17.9,13,17.95,22,2,2022-07-12 13:20:38
1657632056140928000,17.9,5,17.9,9,17.95,22,2,2022-07-12 13:20:56
