ts,close,volume,bid_price,bid_volume,ask_price,ask_volume,tick_type,datetime
1640336401709871000,69.3,3333,69.3,11,69.4,46,1,2021-12-24 09:00:01
1640336401713837000,69.4,3,69.3,11,69.4,43,1,2021-12-24 09:00:01
1640336401800847000,69.4,5,69.3,11,69.4,41,1,2021-12-24 09:00:01
1640336401853417000,69.4,1,69.3,58,69.4,40,1,2021-12-24 09:00:01
1640336402019159000,69.4,3,69.3,58,69.4,37,1,2021-12-24 09:00:02
1640336402027518000,69.4,1,69.3,58,69.4,36,1,2021-12-24 09:00:02
1640336402137370000,69.4,1,69.3,58,69.4,32,1,2021-12-24 09:00:02
1640336402224567000,69.4,3,69.3,58,69.4,29,1,2021-12-24 09:00:02
1640336402261355000,69.4,1,69.3,58,69.4,28,1,2021-12-24 09:00:02
1640336402344459000,69.4,10,69.3,58,69.4,18,1,2021-12-24 09:00:02
1640336402356871000,69.3,2,69.3,54,69.4,18,2,2021-12-24 09:00:02
1640336402356984000,69.3,2,69.3,54,69.4,18,2,2021-12-24 09:00:02
1640336402391276000,69.4,18,69.3,54,69.5,410,1,2021-12-24 09:00:02
1640336402433270000,69.5,3,69.3,54,69.5,410,1,2021-12-24 09:00:02
1640336402486314000,69.3,3,69.3,57,69.5,410,2,2021-12-24 09:00:02
1640336402639005000,69.3,1,69.3,56,69.5,412,2,2021-12-24 09:00:02
1640336402800864000,69.3,3,69.3,53,69.5,414,2,2021-12-24 09:00:02
1640336402863331000,69.3,2,69.3,51,69.4,2,2,2021-12-24 09:00:02
1640336402891645000,69.4,1,69.3,51,69.4,1,1,2021-12-24 09:00:02
1640336403063092000,69.4,3,69.3,51,69.5,407,1,2021-12-24 09:00:03
1640336403070786000,69.5,2,69.3,51,69.5,405,1,2021-12-24 09:00:03
1640336403090483000,69.5,405,69.3,51,69.5,3,1,2021-12-24 09:00:03
1640336403207928000,69.3,4,69.3,50,69.6,222,2,2021-12-24 09:00:03
1640336403360695000,69.6,2,69.3,47,69.6,209,1,2021-12-24 09:00:03
1640336403417582000,69.4,1,69.3,47,69.4,5,1,2021-12-24 09:00:03
1640336403474836000,69.4,1,69.3,47,69.4,4,1,2021-12-24 09:00:03
1640336403581662000,69.4,3,69.3,47,69.4,1,1,2021-12-24 09:00:03
1640336403636684000,69.3,2,69.3,46,69.4,1,2,2021-12-24 09:00:03
1640336403639795000,69.3,2,69.3,44,69.4,1,2,2021-12-24 09:00:03
1640336403646967000,69.4,1,69.3,44,69.6,210,1,2021-12-24 09:00:03
1640336403670539000,69.3,1,69.3,43,69.6,213,2,2021-12-24 09:00:03
1640336403676241000,69.6,1,69.3,43,69.6,212,1,2021-12-24 09:00:03
1640336403784837000,69.5,3,69.4,10,69.5,1,1,2021-12-24 09:00:03
1640336403803659000,69.4,4,69.4,6,69.5,1,2,2021-12-24 09:00:03
1640336403824828000,69.4,3,69.4,3,69.5,1,2,2021-12-24 09:00:03
1640336403856166000,69.4,2,69.3,43,69.4,1,2,2021-12-24 09:00:03
1640336403856429000,69.4,1,69.3,43,69.4,1,2,2021-12-24 09:00:03
1640336403866324000,69.4,1,69.3,43,69.6,206,1,2021-12-24 09:00:03
1640336403866324000,69.5,1,69.3,43,69.6,206,1,2021-12-24 09:00:03
1640336403866324000,69.6,3,69.3,43,69.6,206,1,2021-12-24 09:00:03
1640336403946526000,69.6,4,69.4,8,69.6,201,1,2021-12-24 09:00:03
1640336403982893000,69.4,2,69.4,6,69.6,201,2,2021-12-24 09:00:03
1640336404125470000,69.6,1,69.4,12,69.6,200,1,2021-12-24 09:00:04
1640336404141105000,69.4,5,69.4,7,69.6,200,2,2021-12-24 09:00:04
1640336404309287000,69.6,20,69.4,8,69.6,180,1,2021-12-24 09:00:04
1640336404384201000,69.6,3,69.4,8,69.6,177,1,2021-12-24 09:00:04
1640336404398076000,69.4,1,69.4,7,69.6,177,2,2021-12-24 09:00:04
1640336404413121000,69.6,3,69.4,7,69.6,174,1,2021-12-24 09:00:04
1640336404424929000,69.6,1,69.4,7,69.6,173,1,2021-12-24 09:00:04
1640336404429704000,69.6,2,69.4,7,69.6,171,1,2021-12-24 09:00:04
1640336404577955000,69.6,5,69.4,13,69.6,170,1,2021-12-24 09:00:04
1640336404604857000,69.6,5,69.4,13,69.6,165,1,2021-12-24 09:00:04
1640336404606354000,69.4,1,69.4,12,69.6,165,2,2021-12-24 09:00:04
1640336404662693000,69.6,10,69.4,12,69.6,155,1,2021-12-24 09:00:04
1640336404716734000,69.6,1,69.4,12,69.6,154,1,2021-12-24 09:00:04
1640336404740530000,69.6,2,69.4,12,69.6,152,1,2021-12-24 09:00:04
1640336404841960000,69.5,10,69.4,12,69.5,90,1,2021-12-24 09:00:04
1640336404861714000,69.5,2,69.4,12,69.5,88,1,2021-12-24 09:00:04
1640336404889413000,69.4,4,69.4,8,69.5,88,2,2021-12-24 09:00:04
1640336404901676000,69.5,1,69.4,8,69.5,87,1,2021-12-24 09:00:04
1640336404922514000,69.5,36,69.4,8,69.5,51,1,2021-12-24 09:00:04
1640336405107751000,69.5,5,69.4,11,69.5,46,1,2021-12-24 09:00:05
1640336405206508000,69.4,5,69.4,24,69.5,46,2,2021-12-24 09:00:05
1640336405240646000,69.5,1,69.4,24,69.5,45,1,2021-12-24 09:00:05
1640336405382918000,69.4,1,69.4,26,69.5,45,2,2021-12-24 09:00:05
1640336405496714000,69.5,2,69.4,26,69.5,43,1,2021-12-24 09:00:05
1640336405531728000,69.5,1,69.4,26,69.5,42,1,2021-12-24 09:00:05
1640336405558027000,69.5,16,69.4,26,69.5,26,1,2021-12-24 09:00:05
1640336405623425000,69.5,1,69.4,26,69.5,25,1,2021-12-24 09:00:05
1640336405663854000,69.5,1,69.4,26,69.5,24,1,2021-12-24 09:00:05
1640336405760797000,69.5,1,69.4,26,69.5,23,1,2021-12-24 09:00:05
1640336405774816000,69.5,1,69.4,26,69.5,22,1,2021-12-24 09:00:05
1640336405845620000,69.4,1,69.4,22,69.5,22,2,2021-12-24 09:00:05
1640336405857867000,69.5,1,69.4,22,69.5,21,1,2021-12-24 09:00:05
1640336406009963000,69.5,2,69.4,22,69.5,19,1,2021-12-24 09:00:06
1640336406020023000,69.5,1,69.4,22,69.5,18,1,2021-12-24 09:00:06
1640336406059689000,69.4,20,69.4,2,69.5,18,2,2021-12-24 09:00:06
1640336406078446000,69.5,3,69.4,2,69.5,65,1,2021-12-24 09:00:06
1640336406106634000,69.4,2,69.3,9,69.5,65,2,2021-12-24 09:00:06
1640336406162442000,69.5,1,69.3,9,69.5,64,1,2021-12-24 09:00:06
1640336406170935000,69.5,1,69.3,9,69.5,63,1,2021-12-24 09:00:06
1640336406182339000,69.5,3,69.3,9,69.5,60,1,2021-12-24 09:00:06
1640336406239749000,69.5,1,69.3,12,69.5,59,1,2021-12-24 09:00:06
1640336406393274000,69.5,1,69.3,12,69.5,58,1,2021-12-24 09:00:06
1640336406399639000,69.5,1,69.3,12,69.5,57,1,2021-12-24 09:00:06
1640336406441879000,69.5,1,69.3,12,69.5,56,1,2021-12-24 09:00:06
1640336406452292000,69.3,2,69.3,10,69.5,56,2,2021-12-24 09:00:06
1640336406489423000,69.5,3,69.3,10,69.5,53,1,2021-12-24 09:00:06
1640336406561820000,69.4,1,69.3,10,69.4,19,1,2021-12-24 09:00:06
1640336406565292000,69.4,1,69.3,10,69.4,18,1,2021-12-24 09:00:06
1640336406571882000,69.3,5,69.3,5,69.4,18,2,2021-12-24 09:00:06
1640336406663518000,69.4,2,69.3,5,69.4,16,1,2021-12-24 09:00:06
1640336406683065000,69.4,1,69.3,5,69.4,15,1,2021-12-24 09:00:06
1640336406693482000,69.3,1,69.3,4,69.4,15,2,2021-12-24 09:00:06
1640336406741215000,69.4,1,69.3,4,69.4,14,1,2021-12-24 09:00:06
1640336406768542000,69.4,1,69.3,4,69.4,13,1,2021-12-24 09:00:06
1640336406831056000,69.4,6,69.3,6,69.4,7,1,2021-12-24 09:00:06
1640336406911018000,69.4,1,69.3,6,69.4,6,1,2021-12-24 09:00:06
1640336406985656000,69.4,1,69.3,6,69.4,5,1,2021-12-24 09:00:06
1640336406987757000,69.4,1,69.3,6,69.4,4,1,2021-12-24 09:00:06
1640336406995462000,69.4,1,69.3,6,69.4,3,1,2021-12-24 09:00:06
1640336407015498000,69.4,1,69.3,6,69.4,2,1,2021-12-24 09:00:07
1640336407017375000,69.4,2,69.3,6,69.5,53,1,2021-12-24 09:00:07
1640336407058813000,69.5,10,69.3,6,69.5,43,1,2021-12-24 09:00:07
1640336407081888000,69.4,1,69.3,6,69.4,2,1,2021-12-24 09:00:07
1640336407112035000,69.4,2,69.3,6,69.5,41,1,2021-12-24 09:00:07
1640336407112035000,69.5,2,69.3,6,69.5,41,1,2021-12-24 09:00:07
1640336407129571000,69.3,3,69.3,3,69.5,41,2,2021-12-24 09:00:07
1640336407274867000,69.4,2,69.4,5,69.5,41,2,2021-12-24 09:00:07
1640336407324453000,69.4,3,69.4,4,69.5,42,2,2021-12-24 09:00:07
1640336407358644000,69.4,2,69.4,2,69.5,42,2,2021-12-24 09:00:07
1640336407433549000,69.5,1,69.4,2,69.5,40,1,2021-12-24 09:00:07
1640336407433974000,69.5,1,69.4,2,69.5,40,1,2021-12-24 09:00:07
1640336407440077000,69.5,1,69.4,2,69.5,39,1,2021-12-24 09:00:07
1640336407470842000,69.5,1,69.4,2,69.5,38,1,2021-12-24 09:00:07
1640336407491558000,69.5,1,69.4,2,69.5,37,1,2021-12-24 09:00:07
1640336407500787000,69.5,1,69.4,2,69.5,36,1,2021-12-24 09:00:07
1640336407503146000,69.5,10,69.4,2,69.5,26,1,2021-12-24 09:00:07
1640336407525240000,69.4,2,69.3,3,69.4,48,2,2021-12-24 09:00:07
1640336407595296000,69.4,1,69.3,3,69.4,47,1,2021-12-24 09:00:07
1640336407606712000,69.4,1,69.3,3,69.4,46,1,2021-12-24 09:00:07
1640336407785158000,69.4,2,69.3,3,69.4,47,1,2021-12-24 09:00:07
1640336407796725000,69.4,1,69.3,3,69.4,46,1,2021-12-24 09:00:07
1640336407941080000,69.4,1,69.3,3,69.4,45,1,2021-12-24 09:00:07
1640336407968608000,69.4,1,69.3,3,69.4,44,1,2021-12-24 09:00:07
1640336407973538000,69.4,1,69.3,3,69.4,43,1,2021-12-24 09:00:07
1640336408011604000,69.4,2,69.3,3,69.4,41,1,2021-12-24 09:00:08
1640336408073685000,69.4,3,69.3,3,69.4,38,1,2021-12-24 09:00:08
1640336408075952000,69.4,2,69.3,3,69.4,36,1,2021-12-24 09:00:08
1640336408224362000,69.4,1,69.3,3,69.4,35,1,2021-12-24 09:00:08
1640336408233976000,69.4,1,69.3,3,69.4,34,1,2021-12-24 09:00:08
1640336408276274000,69.3,1,69.3,2,69.4,34,2,2021-12-24 09:00:08
1640336408342279000,69.4,3,69.3,2,69.4,31,1,2021-12-24 09:00:08
1640336408380493000,69.4,10,69.3,2,69.4,21,1,2021-12-24 09:00:08
1640336408438111000,69.4,1,69.3,2,69.4,20,1,2021-12-24 09:00:08
1640336408475044000,69.4,1,69.3,2,69.4,19,1,2021-12-24 09:00:08
1640336408495681000,69.3,2,69.2,26,69.4,19,2,2021-12-24 09:00:08
1640336408514193000,69.4,4,69.2,26,69.4,15,1,2021-12-24 09:00:08
1640336408515684000,69.4,1,69.2,26,69.4,14,1,2021-12-24 09:00:08
1640336408519928000,69.4,10,69.2,27,69.4,4,1,2021-12-24 09:00:08
1640336408626650000,69.4,2,69.2,27,69.4,2,1,2021-12-24 09:00:08
1640336408722179000,69.4,1,69.2,27,69.4,1,1,2021-12-24 09:00:08
1640336408786793000,69.2,1,69.2,26,69.4,1,2,2021-12-24 09:00:08
1640336408889153000,69.4,1,69.2,26,69.5,57,1,2021-12-24 09:00:08
1640336409047049000,69.3,1,69.2,25,69.4,10,2,2021-12-24 09:00:09
1640336409070316000,69.4,1,69.2,25,69.4,9,1,2021-12-24 09:00:09
1640336409079032000,69.4,2,69.2,26,69.4,7,1,2021-12-24 09:00:09
1640336409082308000,69.4,1,69.2,26,69.4,6,1,2021-12-24 09:00:09
1640336409098875000,69.4,5,69.2,26,69.4,1,1,2021-12-24 09:00:09
1640336409113715000,69.4,1,69.2,26,69.5,60,1,2021-12-24 09:00:09
1640336409155778000,69.5,2,69.2,26,69.5,58,1,2021-12-24 09:00:09
1640336409206923000,69.5,1,69.4,1,69.5,57,1,2021-12-24 09:00:09
1640336409317565000,69.5,2,69.4,2,69.5,55,1,2021-12-24 09:00:09
1640336409381619000,69.4,4,69.3,1,69.4,46,2,2021-12-24 09:00:09
1640336409384333000,69.4,1,69.3,1,69.4,45,1,2021-12-24 09:00:09
1640336409405554000,69.4,1,69.3,1,69.4,44,1,2021-12-24 09:00:09
1640336409421940000,69.3,1,69.2,25,69.4,44,2,2021-12-24 09:00:09
1640336409479209000,69.4,1,69.2,26,69.4,43,1,2021-12-24 09:00:09
1640336409528446000,69.2,5,69.2,21,69.4,43,2,2021-12-24 09:00:09
1640336409685480000,69.3,1,69.3,4,69.4,43,2,2021-12-24 09:00:09
1640336409724825000,69.4,1,69.3,4,69.4,42,1,2021-12-24 09:00:09
1640336409733165000,69.3,2,69.3,2,69.4,32,2,2021-12-24 09:00:09
1640336409733638000,69.4,10,69.3,2,69.4,32,1,2021-12-24 09:00:09
1640336409744934000,69.4,1,69.3,3,69.4,31,1,2021-12-24 09:00:09
1640336409762287000,69.4,1,69.3,3,69.4,30,1,2021-12-24 09:00:09
1640336409767189000,69.4,1,69.3,3,69.4,29,1,2021-12-24 09:00:09
1640336409882547000,69.3,2,69.3,1,69.4,189,2,2021-12-24 09:00:09
1640336409916558000,69.3,1,69.3,1,69.4,189,2,2021-12-24 09:00:09
1640336410068714000,69.4,1,69.3,11,69.4,189,1,2021-12-24 09:00:10
1640336410088056000,69.4,1,69.3,11,69.4,188,1,2021-12-24 09:00:10
1640336410179019000,69.4,5,69.3,63,69.4,183,1,2021-12-24 09:00:10
1640336410188955000,69.4,3,69.3,63,69.4,180,1,2021-12-24 09:00:10
1640336410270152000,69.4,1,69.3,63,69.4,179,1,2021-12-24 09:00:10
1640336410281047000,69.3,2,69.3,61,69.4,179,2,2021-12-24 09:00:10
1640336410370781000,69.3,1,69.3,62,69.4,179,2,2021-12-24 09:00:10
1640336410389092000,69.4,2,69.3,62,69.4,177,1,2021-12-24 09:00:10
1640336410398275000,69.4,5,69.3,62,69.4,172,1,2021-12-24 09:00:10
1640336410404318000,69.3,8,69.3,54,69.4,172,2,2021-12-24 09:00:10
1640336410407917000,69.3,1,69.3,53,69.4,172,2,2021-12-24 09:00:10
1640336410438041000,69.4,1,69.3,53,69.4,171,1,2021-12-24 09:00:10
1640336410439742000,69.3,5,69.3,48,69.4,171,2,2021-12-24 09:00:10
1640336410442718000,69.4,1,69.3,48,69.4,170,1,2021-12-24 09:00:10
1640336410462533000,69.3,10,69.3,38,69.4,170,2,2021-12-24 09:00:10
1640336410606503000,69.4,2,69.3,39,69.4,168,1,2021-12-24 09:00:10
1640336410634520000,69.4,1,69.3,39,69.4,167,1,2021-12-24 09:00:10
1640336410674456000,69.4,1,69.3,39,69.4,166,1,2021-12-24 09:00:10
1640336410836421000,69.4,1,69.3,42,69.4,215,1,2021-12-24 09:00:10
1640336410856804000,69.3,1,69.3,41,69.4,215,2,2021-12-24 09:00:10
1640336410860027000,69.4,1,69.3,41,69.4,214,1,2021-12-24 09:00:10
1640336410866300000,69.4,1,69.3,41,69.4,213,1,2021-12-24 09:00:10
1640336410876426000,69.4,2,69.3,41,69.4,211,1,2021-12-24 09:00:10
1640336410949859000,69.4,6,69.3,42,69.4,205,1,2021-12-24 09:00:10
1640336411071080000,69.4,2,69.3,42,69.4,203,1,2021-12-24 09:00:11
1640336411077211000,69.4,1,69.3,42,69.4,202,1,2021-12-24 09:00:11
1640336411106193000,69.4,5,69.3,42,69.4,197,1,2021-12-24 09:00:11
1640336411107714000,69.4,1,69.3,42,69.4,196,1,2021-12-24 09:00:11
1640336411128067000,69.4,2,69.3,42,69.4,194,1,2021-12-24 09:00:11
1640336411186493000,69.4,1,69.3,42,69.4,193,1,2021-12-24 09:00:11
1640336411225258000,69.4,1,69.3,42,69.4,192,1,2021-12-24 09:00:11
1640336411227389000,69.4,4,69.3,42,69.4,188,1,2021-12-24 09:00:11
1640336411230038000,69.4,3,69.3,42,69.4,185,1,2021-12-24 09:00:11
1640336411234463000,69.4,1,69.3,42,69.4,184,1,2021-12-24 09:00:11
1640336411240568000,69.4,1,69.3,42,69.4,183,1,2021-12-24 09:00:11
1640336411245289000,69.4,1,69.3,42,69.4,182,1,2021-12-24 09:00:11
1640336411282388000,69.4,1,69.3,42,69.4,181,1,2021-12-24 09:00:11
1640336411283592000,69.4,1,69.3,42,69.4,180,1,2021-12-24 09:00:11
1640336411308082000,69.4,2,69.3,42,69.4,178,1,2021-12-24 09:00:11
1640336411343847000,69.4,1,69.3,42,69.4,177,1,2021-12-24 09:00:11
1640336411354749000,69.4,1,69.3,42,69.4,176,1,2021-12-24 09:00:11
1640336411373494000,69.4,1,69.3,42,69.4,175,1,2021-12-24 09:00:11
1640336411442234000,69.3,5,69.3,39,69.4,175,2,2021-12-24 09:00:11
1640336411443892000,69.4,1,69.3,39,69.4,174,1,2021-12-24 09:00:11
1640336411457253000,69.4,1,69.3,39,69.4,173,1,2021-12-24 09:00:11
1640336411488800000,69.4,2,69.3,39,69.4,171,1,2021-12-24 09:00:11
1640336411498482000,69.4,2,69.3,39,69.4,169,1,2021-12-24 09:00:11
1640336411520108000,69.4,10,69.3,39,69.4,159,1,2021-12-24 09:00:11
1640336411573319000,69.3,10,69.3,30,69.4,159,2,2021-12-24 09:00:11
1640336411644762000,69.4,1,69.3,30,69.4,158,1,2021-12-24 09:00:11
1640336411656435000,69.4,1,69.3,30,69.4,157,1,2021-12-24 09:00:11
1640336411717094000,69.4,2,69.3,30,69.4,155,1,2021-12-24 09:00:11
1640336411758655000,69.4,7,69.3,31,69.4,148,1,2021-12-24 09:00:11
1640336411788076000,69.3,1,69.3,30,69.4,148,2,2021-12-24 09:00:11
1640336411821879000,69.4,1,69.3,31,69.4,147,1,2021-12-24 09:00:11
1640336411830186000,69.4,1,69.3,31,69.4,146,1,2021-12-24 09:00:11
1640336411958939000,69.4,1,69.3,31,69.4,144,1,2021-12-24 09:00:11
1640336411958967000,69.4,1,69.3,31,69.4,144,1,2021-12-24 09:00:11
1640336411977425000,69.4,1,69.3,31,69.4,143,1,2021-12-24 09:00:11
1640336412011288000,69.4,1,69.3,31,69.4,142,1,2021-12-24 09:00:12
1640336412041568000,69.3,3,69.3,28,69.4,142,2,2021-12-24 09:00:12
1640336412049241000,69.4,2,69.3,28,69.4,140,1,2021-12-24 09:00:12
1640336412087836000,69.4,1,69.3,28,69.4,139,1,2021-12-24 09:00:12
1640336412169905000,69.3,29,69.2,23,69.3,21,2,2021-12-24 09:00:12
1640336412183464000,69.3,3,69.2,23,69.3,18,1,2021-12-24 09:00:12
1640336412200813000,69.3,10,69.2,23,69.3,8,1,2021-12-24 09:00:12
1640336412206279000,69.2,1,69.2,22,69.3,8,2,2021-12-24 09:00:12
1640336412218668000,69.3,1,69.2,22,69.3,7,1,2021-12-24 09:00:12
1640336412256522000,69.3,1,69.2,22,69.3,6,1,2021-12-24 09:00:12
1640336412292034000,69.3,1,69.2,22,69.3,5,1,2021-12-24 09:00:12
1640336412355686000,69.2,1,69.2,21,69.3,5,2,2021-12-24 09:00:12
1640336412438635000,69.3,1,69.2,20,69.3,4,1,2021-12-24 09:00:12
1640336412467733000,69.3,1,69.2,20,69.3,3,1,2021-12-24 09:00:12
1640336412475618000,69.3,1,69.2,20,69.3,2,1,2021-12-24 09:00:12
1640336412504098000,69.3,1,69.2,20,69.3,1,1,2021-12-24 09:00:12
1640336412506632000,69.3,1,69.2,20,69.4,136,1,2021-12-24 09:00:12
1640336412506632000,69.4,4,69.2,20,69.4,136,1,2021-12-24 09:00:12
1640336412567832000,69.4,1,69.2,21,69.4,135,1,2021-12-24 09:00:12
1640336412578864000,69.2,2,69.2,19,69.4,135,2,2021-12-24 09:00:12
1640336412605344000,69.4,1,69.2,19,69.4,134,1,2021-12-24 09:00:12
1640336412649658000,69.4,5,69.3,5,69.4,130,1,2021-12-24 09:00:12
1640336412654329000,69.4,1,69.3,5,69.4,129,1,2021-12-24 09:00:12
1640336412723420000,69.3,1,69.3,4,69.4,129,2,2021-12-24 09:00:12
1640336412787885000,69.4,1,69.3,4,69.4,128,1,2021-12-24 09:00:12
1640336412842151000,69.3,4,69.2,19,69.3,2,2,2021-12-24 09:00:12
1640336412855972000,69.3,1,69.2,19,69.3,1,1,2021-12-24 09:00:12
1640336412926405000,69.3,1,69.2,19,69.4,128,1,2021-12-24 09:00:12
1640336412931144000,69.4,1,69.2,19,69.4,127,1,2021-12-24 09:00:12
1640336412947391000,69.4,2,69.3,1,69.4,126,1,2021-12-24 09:00:12
1640336412954379000,69.4,1,69.3,1,69.4,125,1,2021-12-24 09:00:12
1640336413032717000,69.3,1,69.2,19,69.4,125,2,2021-12-24 09:00:13
1640336413048163000,69.4,1,69.2,19,69.4,124,1,2021-12-24 09:00:13
1640336413111105000,69.4,4,69.2,20,69.4,120,1,2021-12-24 09:00:13
1640336413129104000,69.2,1,69.2,19,69.3,1,2,2021-12-24 09:00:13
1640336413199304000,69.3,1,69.2,19,69.4,120,1,2021-12-24 09:00:13
1640336413203359000,69.4,1,69.2,19,69.4,119,1,2021-12-24 09:00:13
1640336413234044000,69.2,1,69.2,18,69.4,119,2,2021-12-24 09:00:13
1640336413421728000,69.3,1,69.2,17,69.4,138,2,2021-12-24 09:00:13
1640336413528814000,69.4,1,69.3,3,69.4,137,1,2021-12-24 09:00:13
1640336413541002000,69.3,3,69.2,17,69.4,137,2,2021-12-24 09:00:13
1640336413568212000,69.4,10,69.2,17,69.4,127,1,2021-12-24 09:00:13
1640336413596217000,69.4,2,69.2,18,69.4,125,1,2021-12-24 09:00:13
1640336413613046000,69.4,1,69.2,18,69.4,124,1,2021-12-24 09:00:13
1640336413646497000,69.4,1,69.2,18,69.4,123,1,2021-12-24 09:00:13
1640336413707258000,69.3,1,69.2,18,69.4,123,1,2021-12-24 09:00:13
1640336413748375000,69.2,1,69.2,17,69.4,123,2,2021-12-24 09:00:13
1640336413774426000,69.4,1,69.3,1,69.4,122,1,2021-12-24 09:00:13
1640336413818766000,69.4,1,69.3,1,69.4,121,1,2021-12-24 09:00:13
1640336413828430000,69.4,1,69.3,1,69.4,120,1,2021-12-24 09:00:13
1640336413837102000,69.3,1,69.2,12,69.3,15,2,2021-12-24 09:00:13
1640336413837570000,69.2,5,69.2,12,69.3,15,2,2021-12-24 09:00:13
1640336413901100000,69.3,1,69.2,11,69.3,14,1,2021-12-24 09:00:13
1640336413949870000,69.3,1,69.2,11,69.3,13,1,2021-12-24 09:00:13
1640336413976977000,69.3,10,69.2,11,69.3,3,1,2021-12-24 09:00:13
1640336413978026000,69.3,1,69.2,11,69.3,2,1,2021-12-24 09:00:13
1640336414049703000,69.2,2,69.2,9,69.3,2,2,2021-12-24 09:00:14
1640336414075356000,69.3,1,69.2,9,69.3,1,1,2021-12-24 09:00:14
1640336414090882000,69.3,1,69.2,9,69.4,120,1,2021-12-24 09:00:14
1640336414121388000,69.4,1,69.2,11,69.4,119,1,2021-12-24 09:00:14
1640336414125239000,69.4,1,69.2,11,69.4,118,1,2021-12-24 09:00:14
1640336414176730000,69.4,1,69.2,11,69.4,117,1,2021-12-24 09:00:14
1640336414191381000,69.3,3,69.2,11,69.4,114,1,2021-12-24 09:00:14
1640336414191381000,69.4,3,69.2,11,69.4,114,1,2021-12-24 09:00:14
1640336414265301000,69.4,10,69.3,1,69.4,104,1,2021-12-24 09:00:14
1640336414325386000,69.3,1,69.3,6,69.4,109,2,2021-12-24 09:00:14
1640336414414950000,69.3,1,69.3,5,69.4,109,2,2021-12-24 09:00:14
1640336414435811000,69.4,1,69.3,5,69.4,108,1,2021-12-24 09:00:14
1640336414470948000,69.3,6,69.0,115,69.4,108,2,2021-12-24 09:00:14
1640336414470948000,69.2,10,69.0,115,69.4,108,2,2021-12-24 09:00:14
1640336414470948000,69.1,12,69.0,115,69.4,108,2,2021-12-24 09:00:14
1640336414470948000,69.0,8,69.0,115,69.4,108,2,2021-12-24 09:00:14
1640336414484300000,69.4,1,69.0,115,69.4,107,1,2021-12-24 09:00:14
1640336414583045000,69.4,1,69.0,116,69.4,106,1,2021-12-24 09:00:14
1640336414601953000,69.4,2,69.0,116,69.4,104,1,2021-12-24 09:00:14
1640336414603854000,69.4,1,69.0,116,69.4,103,1,2021-12-24 09:00:14
1640336414609673000,69.0,1,69.0,115,69.4,104,2,2021-12-24 09:00:14
1640336414716162000,69.3,1,69.0,115,69.4,104,1,2021-12-24 09:00:14
1640336414777359000,69.4,2,69.2,2,69.4,102,1,2021-12-24 09:00:14
1640336414842754000,69.4,1,69.2,2,69.4,101,1,2021-12-24 09:00:14
1640336414911735000,69.4,1,69.2,2,69.4,100,1,2021-12-24 09:00:14
1640336414953569000,69.4,5,69.2,2,69.4,95,1,2021-12-24 09:00:14
1640336414984493000,69.4,1,69.2,2,69.4,94,1,2021-12-24 09:00:14
1640336415008020000,69.3,1,69.2,2,69.3,24,2,2021-12-24 09:00:15
1640336415032018000,69.3,1,69.2,2,69.3,23,1,2021-12-24 09:00:15
1640336415068620000,69.2,2,69.0,114,69.1,5,2,2021-12-24 09:00:15
1640336415068620000,69.1,1,69.0,114,69.1,5,2,2021-12-24 09:00:15
1640336415096096000,69.1,1,69.0,114,69.1,4,1,2021-12-24 09:00:15
1640336415103312000,69.1,4,69.0,114,69.3,47,1,2021-12-24 09:00:15
1640336415193572000,69.3,1,69.0,115,69.3,46,1,2021-12-24 09:00:15
1640336415250877000,69.3,2,69.0,114,69.3,164,1,2021-12-24 09:00:15
1640336415250999000,69.2,1,69.0,114,69.3,164,2,2021-12-24 09:00:15
1640336415266827000,69.3,1,69.2,48,69.3,163,1,2021-12-24 09:00:15
1640336415268570000,69.3,6,69.2,48,69.3,157,1,2021-12-24 09:00:15
1640336415272990000,69.3,1,69.2,48,69.3,156,1,2021-12-24 09:00:15
1640336415276903000,69.3,20,69.2,48,69.3,136,1,2021-12-24 09:00:15
1640336415296511000,69.2,1,69.2,47,69.3,138,2,2021-12-24 09:00:15
1640336415341173000,69.2,4,69.2,43,69.3,138,2,2021-12-24 09:00:15
1640336415345122000,69.3,1,69.2,43,69.3,137,1,2021-12-24 09:00:15
1640336415362394000,69.2,2,69.2,41,69.3,137,2,2021-12-24 09:00:15
1640336415456611000,69.2,2,69.2,39,69.3,140,2,2021-12-24 09:00:15
1640336415478670000,69.3,1,69.2,40,69.3,139,1,2021-12-24 09:00:15
1640336415527697000,69.3,1,69.2,40,69.3,148,1,2021-12-24 09:00:15
1640336415634148000,69.2,3,69.2,40,69.3,152,2,2021-12-24 09:00:15
1640336415643386000,69.3,3,69.2,40,69.3,149,1,2021-12-24 09:00:15
1640336415674712000,69.3,1,69.2,40,69.3,148,1,2021-12-24 09:00:15
1640336415696845000,69.3,1,69.2,40,69.3,147,1,2021-12-24 09:00:15
1640336415697530000,69.2,1,69.2,39,69.3,147,2,2021-12-24 09:00:15
1640336415819444000,69.3,2,69.2,39,69.3,146,1,2021-12-24 09:00:15
1640336415884678000,69.2,1,69.2,38,69.3,146,2,2021-12-24 09:00:15
1640336415936330000,69.2,38,69.1,2,69.3,162,2,2021-12-24 09:00:15
1640336415955754000,69.3,30,69.1,2,69.3,132,1,2021-12-24 09:00:15
1640336415985604000,69.2,2,69.1,2,69.2,14,1,2021-12-24 09:00:15
1640336415994356000,69.2,1,69.1,3,69.2,13,1,2021-12-24 09:00:15
1640336416003448000,69.2,2,69.1,3,69.2,11,1,2021-12-24 09:00:16
1640336416042722000,69.2,1,69.1,3,69.2,10,1,2021-12-24 09:00:16
1640336416044376000,69.1,3,69.0,107,69.2,10,2,2021-12-24 09:00:16
1640336416063828000,69.2,1,69.0,107,69.2,9,1,2021-12-24 09:00:16
1640336416065263000,69.2,1,69.0,107,69.2,8,1,2021-12-24 09:00:16
1640336416133745000,69.0,1,69.0,106,69.2,8,2,2021-12-24 09:00:16
1640336416159533000,69.2,1,69.0,106,69.2,8,1,2021-12-24 09:00:16
1640336416199867000,69.0,1,69.0,105,69.2,8,2,2021-12-24 09:00:16
1640336416263656000,69.2,5,69.0,105,69.2,3,1,2021-12-24 09:00:16
1640336416265207000,69.2,3,69.2,2,69.3,132,1,2021-12-24 09:00:16
1640336416274939000,69.3,2,69.2,2,69.3,130,1,2021-12-24 09:00:16
1640336416291532000,69.3,1,69.2,2,69.3,129,1,2021-12-24 09:00:16
1640336416297559000,69.2,2,69.0,105,69.3,129,2,2021-12-24 09:00:16
1640336416314657000,69.3,3,69.2,53,69.3,126,1,2021-12-24 09:00:16
1640336416331818000,69.2,1,69.2,52,69.3,126,2,2021-12-24 09:00:16
1640336416361522000,69.3,1,69.2,52,69.3,125,1,2021-12-24 09:00:16
1640336416379516000,69.2,2,69.2,51,69.3,125,2,2021-12-24 09:00:16
1640336416420844000,69.2,2,69.2,49,69.3,125,2,2021-12-24 09:00:16
1640336416437401000,69.3,2,69.2,49,69.3,123,1,2021-12-24 09:00:16
1640336416449393000,69.3,1,69.2,49,69.3,122,1,2021-12-24 09:00:16
1640336416453269000,69.3,3,69.2,49,69.3,119,1,2021-12-24 09:00:16
1640336416470246000,69.2,1,69.2,48,69.3,120,2,2021-12-24 09:00:16
1640336416480424000,69.2,1,69.2,47,69.3,120,2,2021-12-24 09:00:16
1640336416533852000,69.2,50,69.2,2,69.3,120,2,2021-12-24 09:00:16
1640336416546739000,69.3,1,69.2,2,69.3,119,1,2021-12-24 09:00:16
1640336416569986000,69.3,1,69.2,2,69.3,118,1,2021-12-24 09:00:16
1640336416605664000,69.3,1,69.2,2,69.3,117,1,2021-12-24 09:00:16
1640336416613884000,69.3,1,69.2,2,69.3,116,1,2021-12-24 09:00:16
1640336416663555000,69.3,1,69.2,2,69.3,115,1,2021-12-24 09:00:16
1640336416701762000,69.2,2,69.1,5,69.2,1,2,2021-12-24 09:00:16
1640336416736121000,69.2,1,69.1,5,69.3,111,1,2021-12-24 09:00:16
1640336416736121000,69.3,4,69.1,5,69.3,111,1,2021-12-24 09:00:16
1640336416806118000,69.2,1,69.1,5,69.2,8,1,2021-12-24 09:00:16
1640336416817053000,69.1,2,69.1,3,69.2,8,2,2021-12-24 09:00:16
1640336416863597000,69.2,1,69.1,3,69.2,9,1,2021-12-24 09:00:16
1640336416883530000,69.2,1,69.1,3,69.2,8,1,2021-12-24 09:00:16
1640336416888490000,69.2,1,69.1,3,69.2,7,1,2021-12-24 09:00:16
1640336416889987000,69.2,1,69.1,3,69.2,6,1,2021-12-24 09:00:16
1640336416907355000,69.2,1,69.1,3,69.2,5,1,2021-12-24 09:00:16
1640336417004761000,69.1,2,69.1,1,69.2,6,2,2021-12-24 09:00:17
1640336417030161000,69.2,1,69.1,1,69.2,5,1,2021-12-24 09:00:17
1640336417040764000,69.2,1,69.1,1,69.2,4,1,2021-12-24 09:00:17
1640336417096002000,69.2,1,69.1,1,69.2,3,1,2021-12-24 09:00:17
1640336417102908000,69.2,3,69.1,1,69.3,120,1,2021-12-24 09:00:17
1640336417106118000,69.3,1,69.1,1,69.3,119,1,2021-12-24 09:00:17
1640336417107650000,69.3,1,69.1,1,69.3,118,1,2021-12-24 09:00:17
1640336417250906000,69.3,2,69.2,2,69.3,116,1,2021-12-24 09:00:17
1640336417257189000,69.2,2,69.1,1,69.2,1,2,2021-12-24 09:00:17
1640336417265562000,69.1,1,69.0,105,69.2,1,2,2021-12-24 09:00:17
1640336417265562000,69.0,4,69.0,105,69.2,1,2,2021-12-24 09:00:17
1640336417283276000,69.2,1,69.0,105,69.3,116,1,2021-12-24 09:00:17
1640336417283276000,69.3,1,69.0,105,69.3,116,1,2021-12-24 09:00:17
1640336417297043000,69.3,1,69.0,105,69.3,115,1,2021-12-24 09:00:17
1640336417372372000,69.2,2,69.0,105,69.2,23,1,2021-12-24 09:00:17
1640336417373159000,69.2,1,69.0,105,69.2,22,1,2021-12-24 09:00:17
1640336417392090000,69.2,10,69.0,105,69.2,12,1,2021-12-24 09:00:17
1640336417463878000,69.2,1,69.0,105,69.2,11,1,2021-12-24 09:00:17
1640336417467155000,69.0,1,69.0,104,69.2,11,2,2021-12-24 09:00:17
1640336417480872000,69.2,1,69.0,104,69.2,10,1,2021-12-24 09:00:17
1640336417579626000,69.2,1,69.1,1,69.2,9,1,2021-12-24 09:00:17
1640336417582850000,69.2,1,69.1,1,69.2,8,1,2021-12-24 09:00:17
1640336417657051000,69.2,1,69.1,1,69.2,7,1,2021-12-24 09:00:17
1640336417662804000,69.1,1,69.0,104,69.2,7,2,2021-12-24 09:00:17
1640336417670142000,69.2,2,69.0,104,69.2,5,1,2021-12-24 09:00:17
1640336417712011000,69.0,1,69.0,103,69.2,5,2,2021-12-24 09:00:17
1640336417722443000,69.2,3,69.0,103,69.2,2,1,2021-12-24 09:00:17
1640336417875702000,69.2,2,69.2,2,69.3,101,1,2021-12-24 09:00:17
1640336417936077000,69.3,1,69.2,2,69.3,100,1,2021-12-24 09:00:17
1640336418011645000,69.3,5,69.2,2,69.3,95,1,2021-12-24 09:00:18
1640336418046927000,69.2,2,69.1,1,69.3,95,2,2021-12-24 09:00:18
1640336418062365000,69.1,1,69.0,107,69.3,95,2,2021-12-24 09:00:18
1640336418077010000,69.3,48,69.0,107,69.3,47,1,2021-12-24 09:00:18
1640336418096228000,69.3,10,69.0,107,69.3,37,1,2021-12-24 09:00:18
1640336418143738000,69.0,5,69.0,102,69.3,37,2,2021-12-24 09:00:18
1640336418202966000,69.2,1,69.0,102,69.3,37,1,2021-12-24 09:00:18
1640336418280349000,69.0,1,69.0,101,69.3,42,2,2021-12-24 09:00:18
1640336418377245000,69.2,1,69.0,99,69.3,42,2,2021-12-24 09:00:18
1640336418386687000,69.3,3,69.0,99,69.3,39,1,2021-12-24 09:00:18
1640336418432504000,69.3,1,69.0,99,69.3,38,1,2021-12-24 09:00:18
1640336418456582000,69.0,1,69.0,98,69.3,38,2,2021-12-24 09:00:18
1640336418459220000,69.3,1,69.0,98,69.3,37,1,2021-12-24 09:00:18
1640336418649254000,69.3,1,69.2,2,69.3,36,1,2021-12-24 09:00:18
1640336418689462000,69.3,3,69.2,2,69.3,33,1,2021-12-24 09:00:18
1640336418758396000,69.2,1,69.2,1,69.3,33,2,2021-12-24 09:00:18
1640336418772440000,69.3,10,69.2,1,69.3,23,1,2021-12-24 09:00:18
1640336418813825000,69.3,1,69.2,1,69.3,22,1,2021-12-24 09:00:18
1640336418815806000,69.2,1,69.1,6,69.3,22,2,2021-12-24 09:00:18
1640336418815806000,69.1,4,69.1,6,69.3,22,2,2021-12-24 09:00:18
1640336418820237000,69.1,6,69.0,94,69.3,22,2,2021-12-24 09:00:18
1640336418820237000,69.0,4,69.0,94,69.3,22,2,2021-12-24 09:00:18
1640336418870137000,69.3,1,69.2,3,69.3,21,1,2021-12-24 09:00:18
1640336418952231000,69.2,1,69.2,4,69.3,21,2,2021-12-24 09:00:18
1640336419157297000,69.2,1,69.2,3,69.3,21,2,2021-12-24 09:00:19
1640336419189434000,69.3,1,69.2,3,69.3,20,1,2021-12-24 09:00:19
1640336419207084000,69.3,1,69.2,3,69.3,19,1,2021-12-24 09:00:19
1640336419316840000,69.2,1,69.2,5,69.3,19,2,2021-12-24 09:00:19
1640336419324913000,69.3,1,69.2,5,69.3,18,1,2021-12-24 09:00:19
1640336419329027000,69.2,1,69.2,4,69.3,18,2,2021-12-24 09:00:19
1640336419353096000,69.2,1,69.2,8,69.3,19,2,2021-12-24 09:00:19
1640336419392639000,69.2,1,69.2,7,69.3,24,2,2021-12-24 09:00:19
1640336419400744000,69.2,3,69.2,4,69.3,24,2,2021-12-24 09:00:19
1640336419425908000,69.3,2,69.2,4,69.3,22,1,2021-12-24 09:00:19
1640336419444817000,69.3,1,69.2,4,69.3,21,1,2021-12-24 09:00:19
1640336419475729000,69.3,3,69.2,4,69.3,18,1,2021-12-24 09:00:19
1640336419524063000,69.2,2,69.2,3,69.3,18,2,2021-12-24 09:00:19
1640336419555028000,69.3,1,69.2,3,69.3,17,1,2021-12-24 09:00:19
1640336419574354000,69.2,1,69.2,3,69.3,17,2,2021-12-24 09:00:19
1640336419578408000,69.3,1,69.2,3,69.3,16,1,2021-12-24 09:00:19
1640336419613029000,69.3,3,69.2,3,69.3,13,1,2021-12-24 09:00:19
1640336419614110000,69.3,2,69.2,3,69.3,11,1,2021-12-24 09:00:19
1640336419711071000,69.3,1,69.2,3,69.3,10,1,2021-12-24 09:00:19
1640336419734051000,69.2,3,69.1,6,69.3,10,2,2021-12-24 09:00:19
1640336419734051000,69.1,2,69.1,6,69.3,10,2,2021-12-24 09:00:19
1640336419838910000,69.3,1,69.2,9,69.3,9,1,2021-12-24 09:00:19
1640336419853929000,69.2,1,69.2,8,69.3,9,2,2021-12-24 09:00:19
1640336419908093000,69.3,1,69.2,8,69.3,8,1,2021-12-24 09:00:19
1640336419910757000,69.3,1,69.2,8,69.3,7,1,2021-12-24 09:00:19
1640336419977982000,69.3,1,69.2,9,69.3,6,1,2021-12-24 09:00:19
1640336420035948000,69.3,1,69.2,9,69.3,5,1,2021-12-24 09:00:20
1640336420120804000,69.2,1,69.2,9,69.3,5,2,2021-12-24 09:00:20
1640336420202949000,69.2,1,69.2,11,69.3,5,2,2021-12-24 09:00:20
1640336420313244000,69.2,2,69.2,9,69.3,6,2,2021-12-24 09:00:20
1640336420482060000,69.2,1,69.2,11,69.3,6,2,2021-12-24 09:00:20
1640336420506388000,69.3,2,69.2,11,69.3,4,1,2021-12-24 09:00:20
1640336420574227000,69.2,1,69.2,60,69.3,4,2,2021-12-24 09:00:20
1640336420676779000,69.2,61,69.1,29,69.3,4,2,2021-12-24 09:00:20
1640336420716469000,69.3,1,69.1,29,69.3,3,1,2021-12-24 09:00:20
1640336420782447000,69.3,2,69.1,29,69.3,1,1,2021-12-24 09:00:20
1640336420860637000,69.3,1,69.2,9,69.4,98,1,2021-12-24 09:00:20
1640336421004549000,69.2,1,69.2,8,69.3,1,2,2021-12-24 09:00:21
1640336421009021000,69.2,1,69.2,7,69.3,1,2,2021-12-24 09:00:21
1640336421035506000,69.2,1,69.2,7,69.3,1,2,2021-12-24 09:00:21
1640336421166002000,69.3,1,69.2,7,69.4,100,1,2021-12-24 09:00:21
1640336421172893000,69.2,5,69.2,2,69.4,100,2,2021-12-24 09:00:21
1640336421173603000,69.2,2,69.1,29,69.4,100,2,2021-12-24 09:00:21
1640336421275568000,69.4,5,69.1,29,69.4,103,1,2021-12-24 09:00:21
1640336421400405000,69.3,1,69.2,10,69.4,95,2,2021-12-24 09:00:21
1640336421424646000,69.2,1,69.2,9,69.4,95,2,2021-12-24 09:00:21
1640336421451990000,69.4,1,69.2,9,69.4,94,1,2021-12-24 09:00:21
1640336421468914000,69.2,1,69.2,8,69.4,100,2,2021-12-24 09:00:21
1640336421514132000,69.4,1,69.3,1,69.4,97,1,2021-12-24 09:00:21
1640336421550015000,69.3,1,69.2,9,69.4,97,2,2021-12-24 09:00:21
1640336421682139000,69.3,10,69.2,20,69.3,20,1,2021-12-24 09:00:21
1640336421682157000,69.2,2,69.2,20,69.3,20,2,2021-12-24 09:00:21
1640336421777672000,69.3,2,69.2,22,69.3,19,1,2021-12-24 09:00:21
1640336421802514000,69.3,7,69.2,22,69.3,12,1,2021-12-24 09:00:21
1640336421911648000,69.3,1,69.2,27,69.3,11,1,2021-12-24 09:00:21
1640336421927308000,69.3,1,69.2,27,69.3,10,1,2021-12-24 09:00:21
1640336421958212000,69.3,10,69.2,40,69.4,111,1,2021-12-24 09:00:21
1640336421981239000,69.3,1,69.3,19,69.4,111,2,2021-12-24 09:00:21
1640336422153080000,69.4,1,69.3,19,69.4,90,1,2021-12-24 09:00:22
1640336422213130000,69.3,2,69.3,17,69.4,90,2,2021-12-24 09:00:22
1640336422252014000,69.3,2,69.3,15,69.4,90,2,2021-12-24 09:00:22
1640336422299133000,69.4,2,69.3,14,69.4,84,1,2021-12-24 09:00:22
1640336422299206000,69.3,4,69.3,14,69.4,84,2,2021-12-24 09:00:22
1640336422315085000,69.3,14,69.2,45,69.4,84,2,2021-12-24 09:00:22
1640336422315085000,69.2,5,69.2,45,69.4,84,2,2021-12-24 09:00:22
1640336422320095000,69.2,1,69.2,44,69.4,84,2,2021-12-24 09:00:22
1640336422370981000,69.3,2,69.2,46,69.4,84,1,2021-12-24 09:00:22
1640336422398788000,69.4,1,69.2,46,69.4,83,1,2021-12-24 09:00:22
1640336422515504000,69.4,3,69.2,67,69.4,80,1,2021-12-24 09:00:22
1640336422555434000,69.4,3,69.2,67,69.4,77,1,2021-12-24 09:00:22
1640336422701672000,69.3,1,69.3,2,69.4,77,2,2021-12-24 09:00:22
1640336422729596000,69.3,2,69.2,77,69.3,48,2,2021-12-24 09:00:22
1640336422788331000,69.2,2,69.2,76,69.3,48,2,2021-12-24 09:00:22
1640336422834152000,69.3,8,69.2,78,69.3,40,1,2021-12-24 09:00:22
1640336422912683000,69.3,1,69.2,82,69.3,42,1,2021-12-24 09:00:22
1640336422939090000,69.3,2,69.2,82,69.3,40,1,2021-12-24 09:00:22
1640336422971636000,69.2,2,69.2,80,69.3,40,2,2021-12-24 09:00:22
1640336422976245000,69.3,3,69.2,80,69.3,37,1,2021-12-24 09:00:22
1640336422981376000,69.3,3,69.2,80,69.3,34,1,2021-12-24 09:00:22
1640336423020829000,69.3,1,69.2,80,69.3,33,1,2021-12-24 09:00:23
1640336423147004000,69.3,6,69.2,80,69.3,27,1,2021-12-24 09:00:23
1640336423167171000,69.3,1,69.2,80,69.3,26,1,2021-12-24 09:00:23
1640336423221238000,69.3,1,69.2,81,69.3,25,1,2021-12-24 09:00:23
1640336423251041000,69.3,3,69.2,82,69.3,23,1,2021-12-24 09:00:23
1640336423296413000,69.3,43,69.2,84,69.3,10,1,2021-12-24 09:00:23
1640336423308375000,69.2,1,69.2,83,69.3,10,2,2021-12-24 09:00:23
1640336423350171000,69.3,3,69.2,85,69.3,7,1,2021-12-24 09:00:23
1640336423371147000,69.3,7,69.2,85,69.4,77,1,2021-12-24 09:00:23
1640336423492480000,69.4,3,69.3,1,69.4,71,1,2021-12-24 09:00:23
1640336423492643000,69.4,3,69.3,1,69.4,71,1,2021-12-24 09:00:23
1640336423506132000,69.4,6,69.3,1,69.4,65,1,2021-12-24 09:00:23
1640336423551976000,69.4,2,69.3,1,69.4,63,1,2021-12-24 09:00:23
1640336423634149000,69.3,2,69.2,86,69.4,93,2,2021-12-24 09:00:23
1640336423634665000,69.3,2,69.2,86,69.4,93,2,2021-12-24 09:00:23
1640336423707441000,69.4,3,69.2,93,69.4,90,1,2021-12-24 09:00:23
1640336423750764000,69.2,2,69.2,92,69.4,90,2,2021-12-24 09:00:23
1640336423783707000,69.4,2,69.2,92,69.4,88,1,2021-12-24 09:00:23
1640336423804485000,69.3,1,69.2,92,69.4,88,1,2021-12-24 09:00:23
1640336423849661000,69.2,1,69.2,91,69.4,88,2,2021-12-24 09:00:23
1640336423917801000,69.3,1,69.2,92,69.4,88,2,2021-12-24 09:00:23
1640336423940372000,69.2,1,69.2,91,69.4,88,2,2021-12-24 09:00:23
1640336424014385000,69.4,1,69.2,92,69.4,87,1,2021-12-24 09:00:24
1640336424064169000,69.3,2,69.2,95,69.4,107,1,2021-12-24 09:00:24
1640336424081945000,69.3,1,69.3,9,69.4,107,1,2021-12-24 09:00:24
1640336424087541000,69.4,3,69.3,9,69.4,104,1,2021-12-24 09:00:24
1640336424187721000,69.4,1,69.3,9,69.4,103,1,2021-12-24 09:00:24
1640336424244162000,69.4,1,69.3,9,69.4,102,1,2021-12-24 09:00:24
1640336424342984000,69.4,1,69.3,9,69.4,101,1,2021-12-24 09:00:24
1640336424440411000,69.3,1,69.3,10,69.4,101,2,2021-12-24 09:00:24
1640336424732818000,69.4,2,69.3,11,69.4,99,1,2021-12-24 09:00:24
1640336424758132000,69.3,1,69.3,10,69.4,99,2,2021-12-24 09:00:24
1640336424785087000,69.3,2,69.3,18,69.4,99,2,2021-12-24 09:00:24
1640336424898062000,69.3,10,69.3,9,69.4,99,2,2021-12-24 09:00:24
1640336425077184000,69.3,1,69.3,11,69.4,99,2,2021-12-24 09:00:25
1640336425081390000,69.4,1,69.3,11,69.4,98,1,2021-12-24 09:00:25
1640336425095143000,69.4,2,69.3,11,69.4,96,1,2021-12-24 09:00:25
1640336425140838000,69.3,2,69.3,9,69.4,96,2,2021-12-24 09:00:25
1640336425211141000,69.4,1,69.3,9,69.4,97,1,2021-12-24 09:00:25
1640336425387444000,69.4,20,69.3,14,69.4,77,1,2021-12-24 09:00:25
1640336425462341000,69.3,1,69.3,14,69.4,75,2,2021-12-24 09:00:25
1640336425471827000,69.4,3,69.3,14,69.4,72,1,2021-12-24 09:00:25
1640336425565018000,69.4,10,69.3,14,69.4,64,1,2021-12-24 09:00:25
1640336425576313000,69.4,3,69.3,14,69.4,61,1,2021-12-24 09:00:25
1640336425717439000,69.3,16,69.2,119,69.3,34,2,2021-12-24 09:00:25
1640336425739592000,69.3,34,69.2,119,69.4,59,1,2021-12-24 09:00:25
1640336425794071000,69.4,1,69.3,12,69.4,58,1,2021-12-24 09:00:25
1640336425844987000,69.4,10,69.3,15,69.4,48,1,2021-12-24 09:00:25
1640336425873070000,69.3,1,69.3,14,69.4,48,2,2021-12-24 09:00:25
1640336425878475000,69.3,1,69.3,13,69.4,48,2,2021-12-24 09:00:25
1640336425882872000,69.4,3,69.3,13,69.4,45,1,2021-12-24 09:00:25
1640336425903956000,69.3,1,69.3,12,69.4,45,2,2021-12-24 09:00:25
1640336425938206000,69.4,1,69.3,12,69.4,44,1,2021-12-24 09:00:25
1640336425965777000,69.3,2,69.3,10,69.4,44,2,2021-12-24 09:00:25
1640336425975506000,69.3,5,69.3,5,69.4,44,2,2021-12-24 09:00:25
1640336426015409000,69.3,4,69.2,152,69.4,46,2,2021-12-24 09:00:26
1640336426015409000,69.2,1,69.2,152,69.4,46,2,2021-12-24 09:00:26
1640336426053241000,69.4,1,69.2,152,69.4,43,1,2021-12-24 09:00:26
1640336426063188000,69.2,2,69.2,150,69.4,43,2,2021-12-24 09:00:26
1640336426228377000,69.2,1,69.2,161,69.3,1,2,2021-12-24 09:00:26
1640336426302907000,69.2,1,69.2,161,69.3,2,2,2021-12-24 09:00:26
1640336426318825000,69.3,2,69.3,2,69.4,44,1,2021-12-24 09:00:26
1640336426401868000,69.4,5,69.3,17,69.4,41,1,2021-12-24 09:00:26
1640336426404105000,69.3,1,69.3,16,69.4,41,2,2021-12-24 09:00:26
1640336426450928000,69.4,5,69.3,16,69.4,36,1,2021-12-24 09:00:26
1640336426622673000,69.3,2,69.3,16,69.4,84,2,2021-12-24 09:00:26
1640336426660363000,69.3,1,69.3,16,69.4,85,2,2021-12-24 09:00:26
1640336426733550000,69.3,2,69.3,15,69.4,85,2,2021-12-24 09:00:26
1640336426837303000,69.4,1,69.3,14,69.4,86,1,2021-12-24 09:00:26
1640336426930127000,69.4,1,69.3,14,69.4,85,1,2021-12-24 09:00:26
1640336426953212000,69.4,1,69.3,14,69.4,84,1,2021-12-24 09:00:26
1640336426971813000,69.3,1,69.3,13,69.4,84,2,2021-12-24 09:00:26
1640336427051063000,69.4,1,69.3,13,69.4,83,1,2021-12-24 09:00:27
1640336427069944000,69.4,5,69.3,13,69.4,78,1,2021-12-24 09:00:27
1640336427175851000,69.3,2,69.3,12,69.4,79,2,2021-12-24 09:00:27
1640336427199470000,69.3,2,69.3,9,69.4,111,2,2021-12-24 09:00:27
1640336427304176000,69.4,1,69.3,10,69.4,109,1,2021-12-24 09:00:27
1640336427319798000,69.4,3,69.3,10,69.4,106,1,2021-12-24 09:00:27
1640336427320868000,69.4,2,69.3,10,69.4,104,1,2021-12-24 09:00:27
1640336427345499000,69.3,2,69.3,8,69.4,104,2,2021-12-24 09:00:27
1640336427347872000,69.4,1,69.3,8,69.4,103,1,2021-12-24 09:00:27
1640336427477251000,69.4,1,69.3,13,69.4,102,1,2021-12-24 09:00:27
1640336427524496000,69.4,3,69.3,14,69.4,99,1,2021-12-24 09:00:27
1640336427542340000,69.4,1,69.3,14,69.4,103,1,2021-12-24 09:00:27
1640336427567019000,69.3,1,69.3,14,69.4,103,2,2021-12-24 09:00:27
1640336427593129000,69.3,1,69.3,14,69.4,103,2,2021-12-24 09:00:27
1640336427631179000,69.3,2,69.3,12,69.4,103,2,2021-12-24 09:00:27
1640336427672828000,69.3,2,69.3,11,69.4,103,2,2021-12-24 09:00:27
1640336427735836000,69.4,3,69.3,11,69.4,150,1,2021-12-24 09:00:27
1640336427796282000,69.3,1,69.3,12,69.4,150,2,2021-12-24 09:00:27
1640336427865406000,69.3,10,69.3,2,69.4,150,2,2021-12-24 09:00:27
1640336427908373000,69.4,1,69.3,2,69.4,149,1,2021-12-24 09:00:27
1640336427955787000,69.4,3,69.3,47,69.4,149,1,2021-12-24 09:00:27
1640336428059636000,69.4,5,69.3,47,69.4,145,1,2021-12-24 09:00:28
1640336428156462000,69.4,3,69.3,49,69.4,142,1,2021-12-24 09:00:28
1640336428160569000,69.4,1,69.3,49,69.4,141,1,2021-12-24 09:00:28
1640336428161334000,69.4,1,69.3,49,69.4,140,1,2021-12-24 09:00:28
1640336428189308000,69.4,1,69.3,49,69.4,139,1,2021-12-24 09:00:28
1640336428236380000,69.4,1,69.3,49,69.4,138,1,2021-12-24 09:00:28
1640336428306825000,69.4,1,69.3,49,69.4,137,1,2021-12-24 09:00:28
1640336428396305000,69.4,1,69.3,49,69.4,136,1,2021-12-24 09:00:28
1640336428484771000,69.3,1,69.3,51,69.4,136,2,2021-12-24 09:00:28
1640336428506829000,69.4,1,69.3,51,69.4,135,1,2021-12-24 09:00:28
1640336428626009000,69.4,2,69.3,52,69.4,133,1,2021-12-24 09:00:28
1640336428652060000,69.4,2,69.3,52,69.4,131,1,2021-12-24 09:00:28
1640336428696163000,69.3,5,69.3,47,69.4,131,2,2021-12-24 09:00:28
1640336428735194000,69.4,1,69.3,48,69.4,130,1,2021-12-24 09:00:28
1640336428766230000,69.3,1,69.3,47,69.4,130,2,2021-12-24 09:00:28
1640336428950302000,69.4,1,69.3,59,69.4,129,1,2021-12-24 09:00:28
1640336428989951000,69.4,1,69.3,59,69.4,128,1,2021-12-24 09:00:28
1640336429035739000,69.4,1,69.3,59,69.4,127,1,2021-12-24 09:00:29
1640336429043625000,69.4,2,69.3,59,69.4,125,1,2021-12-24 09:00:29
1640336429133102000,69.4,1,69.3,61,69.4,125,1,2021-12-24 09:00:29
1640336429137776000,69.4,1,69.3,61,69.4,124,1,2021-12-24 09:00:29
1640336429183981000,69.4,3,69.3,61,69.4,121,1,2021-12-24 09:00:29
1640336429337021000,69.4,1,69.3,64,69.4,120,1,2021-12-24 09:00:29
1640336429360255000,69.3,30,69.3,34,69.4,120,2,2021-12-24 09:00:29
1640336429392386000,69.4,1,69.3,34,69.4,119,1,2021-12-24 09:00:29
1640336429708301000,69.4,1,69.3,51,69.4,119,1,2021-12-24 09:00:29
1640336429799822000,69.4,2,69.3,54,69.4,117,1,2021-12-24 09:00:29
1640336429844048000,69.4,1,69.3,54,69.4,116,1,2021-12-24 09:00:29
1640336429872036000,69.4,15,69.3,55,69.4,101,1,2021-12-24 09:00:29
1640336429954397000,69.4,1,69.3,56,69.4,100,1,2021-12-24 09:00:29
1640336430038624000,69.3,30,69.3,33,69.4,100,2,2021-12-24 09:00:30
1640336430054029000,69.3,1,69.3,34,69.4,100,2,2021-12-24 09:00:30
1640336430099252000,69.4,5,69.3,33,69.4,95,1,2021-12-24 09:00:30
1640336430108382000,69.4,1,69.3,33,69.4,94,1,2021-12-24 09:00:30
1640336430336292000,69.4,1,69.3,60,69.4,93,1,2021-12-24 09:00:30
1640336430355039000,69.3,2,69.3,58,69.4,93,2,2021-12-24 09:00:30
1640336430387097000,69.3,1,69.3,57,69.4,94,2,2021-12-24 09:00:30
1640336430466744000,69.4,5,69.3,58,69.4,94,1,2021-12-24 09:00:30
1640336430529911000,69.4,1,69.3,79,69.4,93,1,2021-12-24 09:00:30
1640336430538708000,69.4,1,69.3,79,69.4,92,1,2021-12-24 09:00:30
1640336430604625000,69.4,2,69.3,79,69.4,90,1,2021-12-24 09:00:30
1640336430635185000,69.3,2,69.3,77,69.4,90,2,2021-12-24 09:00:30
1640336430650175000,69.3,1,69.3,76,69.4,90,2,2021-12-24 09:00:30
1640336430683647000,69.3,3,69.3,83,69.4,90,2,2021-12-24 09:00:30
1640336430693447000,69.3,1,69.3,82,69.4,90,2,2021-12-24 09:00:30
1640336430711172000,69.4,1,69.3,84,69.4,89,1,2021-12-24 09:00:30
1640336430874864000,69.3,6,69.3,84,69.4,89,2,2021-12-24 09:00:30
1640336430998486000,69.4,1,69.3,84,69.4,89,1,2021-12-24 09:00:30
1640336431010447000,69.4,4,69.3,85,69.4,85,1,2021-12-24 09:00:31
1640336431021865000,69.4,1,69.3,85,69.4,84,1,2021-12-24 09:00:31
1640336431047931000,69.3,1,69.3,87,69.4,84,2,2021-12-24 09:00:31
1640336431101520000,69.3,1,69.3,87,69.4,84,2,2021-12-24 09:00:31
1640336431115823000,69.4,1,69.3,87,69.4,83,1,2021-12-24 09:00:31
1640336431150291000,69.4,2,69.3,92,69.4,81,1,2021-12-24 09:00:31
1640336431156473000,69.3,1,69.3,91,69.4,81,2,2021-12-24 09:00:31
1640336431175468000,69.4,2,69.3,91,69.4,79,1,2021-12-24 09:00:31
1640336431221119000,69.4,1,69.3,93,69.4,78,1,2021-12-24 09:00:31
1640336431226823000,69.4,1,69.3,93,69.4,77,1,2021-12-24 09:00:31
1640336431231464000,69.4,1,69.3,93,69.4,76,1,2021-12-24 09:00:31
1640336431244677000,69.4,1,69.3,93,69.4,75,1,2021-12-24 09:00:31
1640336431420267000,69.4,1,69.3,102,69.4,77,1,2021-12-24 09:00:31
1640336431466243000,69.4,2,69.3,102,69.4,75,1,2021-12-24 09:00:31
1640336431584262000,69.4,1,69.3,107,69.4,74,1,2021-12-24 09:00:31
1640336431597740000,69.4,1,69.3,107,69.4,73,1,2021-12-24 09:00:31
1640336431618292000,69.4,10,69.3,107,69.4,63,1,2021-12-24 09:00:31
1640336431636324000,69.4,5,69.3,107,69.4,58,1,2021-12-24 09:00:31
1640336431746430000,69.4,20,69.3,113,69.4,43,1,2021-12-24 09:00:31
1640336431770378000,69.4,3,69.3,113,69.4,40,1,2021-12-24 09:00:31
1640336431772389000,69.3,1,69.3,112,69.4,40,2,2021-12-24 09:00:31
1640336431782869000,69.4,40,69.3,112,69.5,190,1,2021-12-24 09:00:31
1640336431837449000,69.4,2,69.4,8,69.5,190,2,2021-12-24 09:00:31
1640336431881206000,69.4,10,69.3,138,69.4,20,2,2021-12-24 09:00:31
1640336431961079000,69.4,1,69.3,145,69.4,19,1,2021-12-24 09:00:31
1640336431962689000,69.4,1,69.3,145,69.4,18,1,2021-12-24 09:00:31
1640336432004212000,69.3,1,69.3,145,69.4,48,2,2021-12-24 09:00:32
1640336432008387000,69.4,5,69.3,145,69.4,43,1,2021-12-24 09:00:32
1640336432009612000,69.3,1,69.3,144,69.4,43,2,2021-12-24 09:00:32
1640336432064575000,69.4,10,69.3,144,69.4,33,1,2021-12-24 09:00:32
1640336432158396000,69.4,16,69.3,144,69.4,18,1,2021-12-24 09:00:32
1640336432191568000,69.4,3,69.3,144,69.4,15,1,2021-12-24 09:00:32
1640336432198831000,69.3,1,69.3,143,69.4,15,2,2021-12-24 09:00:32
1640336432230563000,69.4,15,69.4,5,69.5,190,1,2021-12-24 09:00:32
1640336432347892000,69.4,1,69.4,13,69.5,190,2,2021-12-24 09:00:32
1640336432356686000,69.4,1,69.4,12,69.5,190,2,2021-12-24 09:00:32
1640336432398505000,69.4,1,69.4,32,69.5,193,2,2021-12-24 09:00:32
1640336432423277000,69.4,1,69.4,31,69.5,190,2,2021-12-24 09:00:32
1640336432444193000,69.4,5,69.4,27,69.5,190,2,2021-12-24 09:00:32
1640336432467571000,69.4,21,69.4,7,69.5,193,2,2021-12-24 09:00:32
1640336432688579000,69.4,1,69.4,10,69.5,194,2,2021-12-24 09:00:32
1640336432693966000,69.5,2,69.4,10,69.5,192,1,2021-12-24 09:00:32
1640336432974501000,69.5,1,69.4,67,69.5,191,1,2021-12-24 09:00:32
1640336432981191000,69.4,2,69.4,65,69.5,191,2,2021-12-24 09:00:32
1640336432997054000,69.5,10,69.4,65,69.5,181,1,2021-12-24 09:00:32
1640336433071660000,69.5,1,69.4,65,69.5,177,1,2021-12-24 09:00:33
1640336433149660000,69.5,2,69.4,73,69.5,175,1,2021-12-24 09:00:33
1640336433201569000,69.5,10,69.4,77,69.5,165,1,2021-12-24 09:00:33
1640336433321785000,69.4,1,69.4,77,69.5,165,2,2021-12-24 09:00:33
1640336433323846000,69.5,1,69.4,77,69.5,164,1,2021-12-24 09:00:33
1640336433416274000,69.4,5,69.4,74,69.5,164,2,2021-12-24 09:00:33
1640336433441231000,69.5,4,69.4,74,69.5,160,1,2021-12-24 09:00:33
1640336433469221000,69.4,1,69.4,74,69.5,160,2,2021-12-24 09:00:33
1640336433755655000,69.5,5,69.4,82,69.5,155,1,2021-12-24 09:00:33
1640336433760215000,69.5,3,69.4,82,69.5,152,1,2021-12-24 09:00:33
1640336433865231000,69.5,3,69.4,97,69.5,149,1,2021-12-24 09:00:33
1640336433898704000,69.4,1,69.4,97,69.5,149,2,2021-12-24 09:00:33
1640336433911743000,69.4,2,69.4,95,69.5,149,2,2021-12-24 09:00:33
1640336433975838000,69.4,3,69.4,92,69.5,149,2,2021-12-24 09:00:33
1640336433981327000,69.5,10,69.4,92,69.5,139,1,2021-12-24 09:00:33
1640336433989285000,69.5,1,69.4,92,69.5,138,1,2021-12-24 09:00:33
1640336433994672000,69.5,10,69.4,93,69.5,128,1,2021-12-24 09:00:33
1640336434188518000,69.5,3,69.4,96,69.5,131,1,2021-12-24 09:00:34
1640336434209928000,69.5,1,69.4,99,69.5,130,1,2021-12-24 09:00:34
1640336434254691000,69.5,26,69.4,105,69.5,104,1,2021-12-24 09:00:34
1640336434284776000,69.5,3,69.4,106,69.5,101,1,2021-12-24 09:00:34
1640336434290615000,69.5,6,69.4,106,69.5,95,1,2021-12-24 09:00:34
1640336434291150000,69.4,10,69.4,96,69.5,95,2,2021-12-24 09:00:34
1640336434313234000,69.5,95,69.4,103,69.6,196,1,2021-12-24 09:00:34
1640336434322462000,69.4,8,69.4,95,69.6,196,2,2021-12-24 09:00:34
1640336434353451000,69.6,2,69.4,96,69.6,194,1,2021-12-24 09:00:34
1640336434391733000,69.6,1,69.4,97,69.6,193,1,2021-12-24 09:00:34
1640336434620318000,69.6,3,69.5,10,69.6,190,1,2021-12-24 09:00:34
1640336434772810000,69.6,2,69.5,11,69.6,188,1,2021-12-24 09:00:34
1640336434802921000,69.5,6,69.5,8,69.6,188,2,2021-12-24 09:00:34
1640336434899370000,69.5,7,69.5,3,69.6,188,2,2021-12-24 09:00:34
1640336434986846000,69.5,5,69.5,3,69.6,191,2,2021-12-24 09:00:34
1640336435458863000,69.6,2,69.5,56,69.6,186,1,2021-12-24 09:00:35
1640336435467576000,69.6,1,69.5,56,69.6,185,1,2021-12-24 09:00:35
1640336435476352000,69.6,5,69.5,57,69.6,180,1,2021-12-24 09:00:35
1640336435549437000,69.6,1,69.5,58,69.6,179,1,2021-12-24 09:00:35
1640336435573464000,69.6,2,69.5,58,69.6,177,1,2021-12-24 09:00:35
1640336435681028000,69.6,1,69.5,59,69.6,176,1,2021-12-24 09:00:35
1640336435716110000,69.5,5,69.5,104,69.6,176,2,2021-12-24 09:00:35
1640336435726725000,69.6,1,69.5,104,69.6,175,1,2021-12-24 09:00:35
1640336435730158000,69.6,1,69.5,104,69.6,174,1,2021-12-24 09:00:35
1640336435771574000,69.5,1,69.5,103,69.6,174,2,2021-12-24 09:00:35
1640336435946765000,69.5,1,69.5,104,69.6,174,2,2021-12-24 09:00:35
1640336436051423000,69.5,2,69.5,102,69.6,174,2,2021-12-24 09:00:36
1640336436068992000,69.6,1,69.5,102,69.6,173,1,2021-12-24 09:00:36
1640336436137807000,69.6,1,69.5,102,69.6,172,1,2021-12-24 09:00:36
1640336436196328000,69.5,1,69.5,106,69.6,172,2,2021-12-24 09:00:36
1640336436255317000,69.6,5,69.5,106,69.6,167,1,2021-12-24 09:00:36
1640336436287703000,69.6,5,69.5,106,69.6,162,1,2021-12-24 09:00:36
1640336436308636000,69.6,1,69.5,106,69.6,161,1,2021-12-24 09:00:36
1640336436323442000,69.6,1,69.5,106,69.6,160,1,2021-12-24 09:00:36
1640336436325143000,69.6,10,69.5,106,69.6,150,1,2021-12-24 09:00:36
1640336436332033000,69.6,1,69.5,106,69.6,149,1,2021-12-24 09:00:36
1640336436347604000,69.5,1,69.5,105,69.6,149,2,2021-12-24 09:00:36
1640336436624897000,69.6,2,69.5,107,69.6,147,1,2021-12-24 09:00:36
1640336436729354000,69.6,1,69.5,107,69.6,146,1,2021-12-24 09:00:36
1640336436802429000,69.6,20,69.5,108,69.6,126,1,2021-12-24 09:00:36
1640336436814912000,69.6,2,69.5,108,69.6,124,1,2021-12-24 09:00:36
1640336436913530000,69.6,5,69.5,111,69.6,119,1,2021-12-24 09:00:36
1640336436938035000,69.6,1,69.5,122,69.6,118,1,2021-12-24 09:00:36
1640336436969411000,69.6,1,69.5,122,69.6,117,1,2021-12-24 09:00:36
1640336436975502000,69.6,2,69.5,122,69.6,115,1,2021-12-24 09:00:36
1640336437000000000,69.6,1,69.5,122,69.6,114,1,2021-12-24 09:00:37
1640336437191178000,69.6,1,69.5,122,69.6,113,1,2021-12-24 09:00:37
1640336437203728000,69.6,1,69.5,122,69.6,112,1,2021-12-24 09:00:37
1640336437262617000,69.6,1,69.5,123,69.6,111,1,2021-12-24 09:00:37
1640336437269179000,69.6,1,69.5,123,69.6,110,1,2021-12-24 09:00:37
1640336437270361000,69.5,10,69.5,113,69.6,110,2,2021-12-24 09:00:37
1640336437303813000,69.6,15,69.5,113,69.6,95,1,2021-12-24 09:00:37
1640336437336152000,69.5,2,69.5,111,69.6,95,2,2021-12-24 09:00:37
1640336437465255000,69.5,1,69.5,111,69.6,95,2,2021-12-24 09:00:37
1640336437566270000,69.6,13,69.5,114,69.6,82,1,2021-12-24 09:00:37
1640336437632684000,69.6,1,69.5,116,69.6,81,1,2021-12-24 09:00:37
1640336437643323000,69.6,8,69.5,116,69.6,73,1,2021-12-24 09:00:37
1640336437653242000,69.6,2,69.5,116,69.6,71,1,2021-12-24 09:00:37
1640336437685464000,69.6,1,69.5,116,69.6,70,1,2021-12-24 09:00:37
1640336437703075000,69.6,1,69.5,116,69.6,69,1,2021-12-24 09:00:37
1640336437757315000,69.5,1,69.5,115,69.6,69,2,2021-12-24 09:00:37
1640336438133201000,69.6,1,69.5,115,69.6,68,1,2021-12-24 09:00:38
1640336438172370000,69.6,4,69.5,116,69.6,64,1,2021-12-24 09:00:38
1640336438183358000,69.6,3,69.5,116,69.6,61,1,2021-12-24 09:00:38
1640336438198059000,69.5,2,69.5,114,69.6,61,2,2021-12-24 09:00:38
1640336438238377000,69.6,10,69.5,114,69.6,51,1,2021-12-24 09:00:38
1640336438306075000,69.6,10,69.5,114,69.6,41,1,2021-12-24 09:00:38
1640336438361755000,69.6,20,69.5,114,69.6,21,1,2021-12-24 09:00:38
1640336438396503000,69.6,3,69.5,112,69.6,18,1,2021-12-24 09:00:38
1640336438398485000,69.6,18,69.5,112,69.7,181,1,2021-12-24 09:00:38
1640336438433149000,69.7,2,69.6,3,69.7,179,1,2021-12-24 09:00:38
1640336438562454000,69.7,4,69.6,7,69.7,175,1,2021-12-24 09:00:38
1640336438623118000,69.7,1,69.6,11,69.7,174,1,2021-12-24 09:00:38
1640336438701259000,69.7,3,69.6,16,69.7,171,1,2021-12-24 09:00:38
1640336438727783000,69.7,1,69.6,22,69.7,170,1,2021-12-24 09:00:38
1640336438892758000,69.7,5,69.6,47,69.7,165,1,2021-12-24 09:00:38
1640336438895071000,69.6,1,69.6,46,69.7,165,2,2021-12-24 09:00:38
1640336439002367000,69.7,5,69.6,48,69.7,160,1,2021-12-24 09:00:39
1640336439006391000,69.7,1,69.6,48,69.7,159,1,2021-12-24 09:00:39
1640336439219415000,69.6,50,69.6,9,69.7,159,2,2021-12-24 09:00:39
1640336439341494000,69.7,1,69.6,48,69.7,158,1,2021-12-24 09:00:39
1640336439431251000,69.7,1,69.6,59,69.7,157,1,2021-12-24 09:00:39
1640336439497172000,69.7,5,69.6,61,69.7,152,1,2021-12-24 09:00:39
1640336439616635000,69.7,1,69.6,68,69.7,201,1,2021-12-24 09:00:39
1640336439695853000,69.7,10,69.6,75,69.7,191,1,2021-12-24 09:00:39
1640336439759417000,69.7,1,69.6,78,69.7,190,1,2021-12-24 09:00:39
1640336439776687000,69.6,1,69.6,77,69.7,190,2,2021-12-24 09:00:39
1640336439795345000,69.7,10,69.6,77,69.7,180,1,2021-12-24 09:00:39
1640336439851296000,69.7,3,69.6,78,69.7,177,1,2021-12-24 09:00:39
1640336439856636000,69.6,2,69.6,76,69.7,177,2,2021-12-24 09:00:39
1640336440017268000,69.6,1,69.6,92,69.7,177,2,2021-12-24 09:00:40
1640336440247787000,69.7,1,69.6,98,69.7,176,1,2021-12-24 09:00:40
1640336440378371000,69.7,1,69.6,110,69.7,176,1,2021-12-24 09:00:40
1640336440479782000,69.7,1,69.6,111,69.7,175,1,2021-12-24 09:00:40
1640336440481233000,69.6,3,69.6,108,69.7,175,2,2021-12-24 09:00:40
1640336440507606000,69.7,1,69.6,108,69.7,174,1,2021-12-24 09:00:40
1640336440566716000,69.7,1,69.6,111,69.7,173,1,2021-12-24 09:00:40
1640336440618311000,69.7,57,69.6,111,69.7,116,1,2021-12-24 09:00:40
1640336440741233000,69.6,1,69.6,163,69.7,116,2,2021-12-24 09:00:40
1640336440800150000,69.6,50,69.6,115,69.7,116,2,2021-12-24 09:00:40
1640336440945126000,69.7,1,69.6,120,69.7,115,1,2021-12-24 09:00:40
1640336440980034000,69.6,1,69.6,119,69.7,115,2,2021-12-24 09:00:40
1640336440985739000,69.7,1,69.6,119,69.7,114,1,2021-12-24 09:00:40
1640336440990945000,69.6,2,69.6,117,69.7,114,2,2021-12-24 09:00:40
1640336441074849000,69.6,1,69.6,117,69.7,114,2,2021-12-24 09:00:41
1640336441137397000,69.7,1,69.6,118,69.7,113,1,2021-12-24 09:00:41
1640336441198685000,69.7,1,69.6,119,69.7,112,1,2021-12-24 09:00:41
1640336441295139000,69.7,2,69.6,120,69.7,110,1,2021-12-24 09:00:41
1640336441471098000,69.7,1,69.6,127,69.7,109,1,2021-12-24 09:00:41
1640336441493116000,69.6,1,69.6,127,69.7,109,2,2021-12-24 09:00:41
1640336441553941000,69.7,1,69.6,127,69.7,108,1,2021-12-24 09:00:41
1640336441592850000,69.7,1,69.6,127,69.7,107,1,2021-12-24 09:00:41
1640336441633191000,69.6,1,69.6,126,69.7,107,2,2021-12-24 09:00:41
1640336441723339000,69.6,4,69.6,122,69.7,107,2,2021-12-24 09:00:41
1640336441941388000,69.7,2,69.6,125,69.7,115,1,2021-12-24 09:00:41
1640336441981119000,69.7,10,69.6,126,69.7,105,1,2021-12-24 09:00:41
1640336442038091000,69.7,1,69.6,126,69.7,104,1,2021-12-24 09:00:42
1640336442074215000,69.7,2,69.6,126,69.7,102,1,2021-12-24 09:00:42
1640336442096439000,69.7,1,69.6,126,69.7,101,1,2021-12-24 09:00:42
1640336442130327000,69.7,1,69.6,126,69.7,100,1,2021-12-24 09:00:42
1640336442143761000,69.6,1,69.6,125,69.7,100,2,2021-12-24 09:00:42
1640336442205159000,69.7,2,69.6,127,69.7,98,1,2021-12-24 09:00:42
1640336442252433000,69.7,1,69.6,129,69.7,97,1,2021-12-24 09:00:42
1640336442368139000,69.6,5,69.6,148,69.7,97,2,2021-12-24 09:00:42
1640336442372163000,69.7,5,69.6,148,69.7,92,1,2021-12-24 09:00:42
1640336442380641000,69.7,3,69.6,149,69.7,89,1,2021-12-24 09:00:42
1640336442442465000,69.7,1,69.6,150,69.7,88,1,2021-12-24 09:00:42
1640336442597852000,69.6,1,69.6,153,69.7,88,2,2021-12-24 09:00:42
1640336442638408000,69.7,2,69.6,153,69.7,86,1,2021-12-24 09:00:42
1640336442639000000,69.7,1,69.6,153,69.7,85,1,2021-12-24 09:00:42
1640336442726822000,69.7,1,69.6,160,69.7,84,1,2021-12-24 09:00:42
1640336442735294000,69.7,1,69.6,160,69.7,83,1,2021-12-24 09:00:42
1640336442750102000,69.7,6,69.6,160,69.7,77,1,2021-12-24 09:00:42
1640336442751964000,69.6,1,69.6,159,69.7,77,2,2021-12-24 09:00:42
1640336442771306000,69.7,10,69.6,159,69.7,67,1,2021-12-24 09:00:42
1640336442809675000,69.7,5,69.6,163,69.7,63,1,2021-12-24 09:00:42
1640336442871382000,69.7,6,69.6,163,69.7,57,1,2021-12-24 09:00:42
1640336442874405000,69.7,2,69.6,163,69.7,55,1,2021-12-24 09:00:42
1640336442890565000,69.7,1,69.6,163,69.7,54,1,2021-12-24 09:00:42
1640336442909902000,69.7,13,69.6,163,69.7,41,1,2021-12-24 09:00:42
1640336442947314000,69.7,41,69.7,9,69.8,208,1,2021-12-24 09:00:42
1640336442969438000,69.8,5,69.7,11,69.8,203,1,2021-12-24 09:00:42
1640336442988886000,69.8,5,69.7,11,69.8,198,1,2021-12-24 09:00:42
1640336443005409000,69.8,1,69.7,12,69.8,197,1,2021-12-24 09:00:43
1640336443007241000,69.7,1,69.7,11,69.8,197,2,2021-12-24 09:00:43
1640336443071390000,69.8,5,69.7,11,69.8,192,1,2021-12-24 09:00:43
1640336443209727000,69.8,1,69.7,12,69.8,191,1,2021-12-24 09:00:43
1640336443245143000,69.7,2,69.7,11,69.8,191,2,2021-12-24 09:00:43
1640336443363670000,69.8,5,69.7,12,69.8,186,1,2021-12-24 09:00:43
1640336443634735000,69.8,1,69.7,24,69.8,185,1,2021-12-24 09:00:43
1640336443857701000,69.7,7,69.7,23,69.8,189,2,2021-12-24 09:00:43
1640336443945110000,69.7,14,69.7,11,69.8,189,2,2021-12-24 09:00:43
1640336444130102000,69.8,2,69.7,14,69.8,187,1,2021-12-24 09:00:44
1640336444170002000,69.8,1,69.7,14,69.8,186,1,2021-12-24 09:00:44
1640336444200642000,69.8,1,69.7,17,69.8,185,1,2021-12-24 09:00:44
1640336444211667000,69.7,1,69.7,16,69.8,185,2,2021-12-24 09:00:44
1640336444220462000,69.7,2,69.7,14,69.8,185,2,2021-12-24 09:00:44
1640336444329985000,69.7,1,69.7,17,69.8,195,2,2021-12-24 09:00:44
1640336444372761000,69.8,2,69.7,17,69.8,193,1,2021-12-24 09:00:44
1640336444378971000,69.8,8,69.7,17,69.8,185,1,2021-12-24 09:00:44
1640336444438689000,69.8,115,69.7,17,69.8,70,1,2021-12-24 09:00:44
1640336444457304000,69.8,1,69.7,18,69.8,69,1,2021-12-24 09:00:44
1640336444496503000,69.7,1,69.7,24,69.8,66,2,2021-12-24 09:00:44
1640336444506811000,69.8,20,69.7,24,69.8,46,1,2021-12-24 09:00:44
1640336444523677000,69.8,5,69.7,24,69.8,41,1,2021-12-24 09:00:44
1640336444536233000,69.8,2,69.7,24,69.8,39,1,2021-12-24 09:00:44
1640336444572420000,69.8,1,69.7,25,69.8,38,1,2021-12-24 09:00:44
1640336444601884000,69.8,1,69.7,25,69.8,37,1,2021-12-24 09:00:44
1640336444630919000,69.7,1,69.7,24,69.8,37,2,2021-12-24 09:00:44
1640336444678611000,69.8,1,69.7,24,69.8,36,1,2021-12-24 09:00:44
1640336444687414000,69.7,1,69.7,24,69.8,36,2,2021-12-24 09:00:44
1640336444732124000,69.7,1,69.7,23,69.8,36,2,2021-12-24 09:00:44
1640336444734493000,69.8,10,69.7,23,69.8,26,1,2021-12-24 09:00:44
1640336444900404000,69.7,1,69.7,32,69.8,26,2,2021-12-24 09:00:44
1640336444921396000,69.7,1,69.7,32,69.8,26,2,2021-12-24 09:00:44
1640336444933462000,69.7,10,69.7,22,69.8,26,2,2021-12-24 09:00:44
1640336445144102000,69.8,2,69.7,26,69.8,24,1,2021-12-24 09:00:45
1640336445166555000,69.8,5,69.7,26,69.8,19,1,2021-12-24 09:00:45
1640336445558155000,69.8,2,69.7,31,69.8,18,1,2021-12-24 09:00:45
1640336445608066000,69.8,1,69.7,36,69.8,17,1,2021-12-24 09:00:45
1640336445664569000,69.8,1,69.7,36,69.8,16,1,2021-12-24 09:00:45
1640336445674353000,69.8,1,69.7,37,69.8,15,1,2021-12-24 09:00:45
1640336445786852000,69.7,10,69.7,46,69.8,15,2,2021-12-24 09:00:45
1640336446021257000,69.8,2,69.7,60,69.8,19,1,2021-12-24 09:00:46
1640336446029420000,69.8,1,69.7,60,69.8,18,1,2021-12-24 09:00:46
1640336446032107000,69.7,5,69.7,58,69.8,18,2,2021-12-24 09:00:46
1640336446036634000,69.8,18,69.8,82,69.9,350,1,2021-12-24 09:00:46
1640336446077513000,69.8,3,69.8,80,69.9,350,2,2021-12-24 09:00:46
1640336446114386000,69.9,10,69.8,100,69.9,340,1,2021-12-24 09:00:46
1640336446136834000,69.9,1,69.8,100,69.9,339,1,2021-12-24 09:00:46
1640336446154817000,69.9,2,69.8,100,69.9,337,1,2021-12-24 09:00:46
1640336446205335000,69.9,1,69.8,100,69.9,336,1,2021-12-24 09:00:46
1640336446263978000,69.9,10,69.8,100,69.9,326,1,2021-12-24 09:00:46
1640336446329196000,69.9,1,69.8,100,69.9,325,1,2021-12-24 09:00:46
1640336446449918000,69.9,1,69.8,100,69.9,324,1,2021-12-24 09:00:46
1640336446452754000,69.9,1,69.8,100,69.9,323,1,2021-12-24 09:00:46
1640336446466900000,69.8,1,69.8,99,69.9,323,2,2021-12-24 09:00:46
1640336446489785000,69.8,1,69.8,98,69.9,323,2,2021-12-24 09:00:46
1640336446765658000,69.9,1,69.8,109,69.9,322,1,2021-12-24 09:00:46
1640336446769087000,69.8,1,69.8,108,69.9,322,2,2021-12-24 09:00:46
1640336446770704000,69.9,1,69.8,108,69.9,321,1,2021-12-24 09:00:46
1640336446858919000,69.8,50,69.8,58,69.9,321,2,2021-12-24 09:00:46
1640336446936751000,69.9,1,69.8,75,69.9,320,1,2021-12-24 09:00:46
1640336447024727000,69.8,20,69.8,55,69.9,320,2,2021-12-24 09:00:47
1640336447166171000,69.9,2,69.8,58,69.9,321,1,2021-12-24 09:00:47
1640336447245592000,69.8,10,69.8,49,69.9,321,2,2021-12-24 09:00:47
1640336447405648000,69.9,5,69.8,56,69.9,309,1,2021-12-24 09:00:47
1640336447432215000,69.9,1,69.8,56,69.9,308,1,2021-12-24 09:00:47
1640336447470632000,69.9,1,69.8,56,69.9,304,1,2021-12-24 09:00:47
1640336447480192000,69.9,2,69.8,56,69.9,302,1,2021-12-24 09:00:47
1640336447537215000,69.9,1,69.8,56,69.9,301,1,2021-12-24 09:00:47
1640336447575069000,69.9,1,69.8,56,69.9,300,1,2021-12-24 09:00:47
1640336447654312000,69.9,5,69.8,59,69.9,295,1,2021-12-24 09:00:47
1640336447843818000,69.9,40,69.8,63,69.9,255,1,2021-12-24 09:00:47
1640336447886305000,69.9,1,69.8,64,69.9,254,1,2021-12-24 09:00:47
1640336447951441000,69.9,1,69.8,64,69.9,253,1,2021-12-24 09:00:47
1640336448024025000,69.8,1,69.8,63,69.9,253,2,2021-12-24 09:00:48
1640336448042577000,69.9,1,69.8,64,69.9,252,1,2021-12-24 09:00:48
1640336448072863000,69.9,1,69.8,69,69.9,251,1,2021-12-24 09:00:48
1640336448186072000,69.9,2,69.8,73,69.9,249,1,2021-12-24 09:00:48
1640336448194737000,69.9,1,69.8,77,69.9,248,1,2021-12-24 09:00:48
1640336448229055000,69.9,2,69.8,78,69.9,246,1,2021-12-24 09:00:48
1640336448232132000,69.9,1,69.8,78,69.9,245,1,2021-12-24 09:00:48
1640336448260076000,69.9,5,69.8,83,69.9,240,1,2021-12-24 09:00:48
1640336448287923000,69.9,1,69.8,83,69.9,239,1,2021-12-24 09:00:48
1640336448354034000,69.9,6,69.8,84,69.9,243,1,2021-12-24 09:00:48
1640336448398151000,69.9,2,69.8,85,69.9,241,1,2021-12-24 09:00:48
1640336448404478000,69.9,5,69.8,85,69.9,236,1,2021-12-24 09:00:48
1640336448437409000,69.8,1,69.8,84,69.9,236,2,2021-12-24 09:00:48
1640336448455200000,69.9,1,69.8,84,69.9,235,1,2021-12-24 09:00:48
1640336448482638000,69.9,3,69.8,84,69.9,232,1,2021-12-24 09:00:48
1640336448494310000,69.9,5,69.8,84,69.9,227,1,2021-12-24 09:00:48
1640336448513849000,69.9,1,69.8,85,69.9,226,1,2021-12-24 09:00:48
1640336448514401000,69.9,2,69.8,85,69.9,224,1,2021-12-24 09:00:48
1640336448516328000,69.9,5,69.8,85,69.9,219,1,2021-12-24 09:00:48
1640336448635987000,69.8,1,69.8,84,69.9,219,2,2021-12-24 09:00:48
1640336448657234000,69.9,6,69.8,90,69.9,213,1,2021-12-24 09:00:48
1640336448676464000,69.9,2,69.8,90,69.9,211,1,2021-12-24 09:00:48
1640336448802768000,69.9,1,69.8,92,69.9,210,1,2021-12-24 09:00:48
1640336448871488000,69.9,3,69.8,93,69.9,207,1,2021-12-24 09:00:48
1640336448876218000,69.9,1,69.8,93,69.9,206,1,2021-12-24 09:00:48
1640336448896607000,69.9,12,69.8,93,69.9,194,1,2021-12-24 09:00:48
1640336448911814000,69.9,1,69.8,93,69.9,193,1,2021-12-24 09:00:48
1640336448928351000,69.9,2,69.8,93,69.9,191,1,2021-12-24 09:00:48
1640336448993725000,69.9,3,69.8,95,69.9,188,1,2021-12-24 09:00:48
1640336449019281000,69.9,2,69.8,95,69.9,186,1,2021-12-24 09:00:49
1640336449024836000,69.9,1,69.8,95,69.9,185,1,2021-12-24 09:00:49
1640336449038635000,69.8,5,69.8,90,69.9,185,2,2021-12-24 09:00:49
1640336449082541000,69.9,1,69.8,90,69.9,184,1,2021-12-24 09:00:49
1640336449098536000,69.8,1,69.8,89,69.9,184,2,2021-12-24 09:00:49
1640336449124557000,69.8,1,69.8,98,69.9,184,2,2021-12-24 09:00:49
1640336449145342000,69.8,1,69.8,97,69.9,184,2,2021-12-24 09:00:49
1640336449193029000,69.9,1,69.8,97,69.9,183,1,2021-12-24 09:00:49
1640336449199645000,69.9,2,69.8,97,69.9,181,1,2021-12-24 09:00:49
1640336449255348000,69.9,1,69.8,97,69.9,180,1,2021-12-24 09:00:49
1640336449280206000,69.9,5,69.8,98,69.9,175,1,2021-12-24 09:00:49
1640336449334705000,69.8,1,69.8,97,69.9,175,2,2021-12-24 09:00:49
1640336449371150000,69.9,10,69.8,98,69.9,165,1,2021-12-24 09:00:49
1640336449395110000,69.9,1,69.8,98,69.9,164,1,2021-12-24 09:00:49
1640336449400696000,69.8,1,69.8,97,69.9,164,2,2021-12-24 09:00:49
1640336449565078000,69.9,2,69.8,98,69.9,163,1,2021-12-24 09:00:49
1640336449578002000,69.9,1,69.8,98,69.9,162,1,2021-12-24 09:00:49
1640336449603604000,69.8,3,69.8,95,69.9,162,2,2021-12-24 09:00:49
1640336449618870000,69.9,4,69.8,95,69.9,158,1,2021-12-24 09:00:49
1640336449622143000,69.9,1,69.8,95,69.9,157,1,2021-12-24 09:00:49
1640336449637320000,69.9,2,69.8,95,69.9,155,1,2021-12-24 09:00:49
1640336449650688000,69.9,2,69.8,95,69.9,153,1,2021-12-24 09:00:49
1640336449677481000,69.9,2,69.8,95,69.9,151,1,2021-12-24 09:00:49
1640336449687740000,69.9,1,69.8,95,69.9,150,1,2021-12-24 09:00:49
1640336449716566000,69.9,1,69.8,95,69.9,149,1,2021-12-24 09:00:49
1640336449766281000,69.9,1,69.8,95,69.9,148,1,2021-12-24 09:00:49
1640336449823156000,69.9,1,69.8,96,69.9,147,1,2021-12-24 09:00:49
1640336449877948000,69.9,1,69.8,98,69.9,146,1,2021-12-24 09:00:49
1640336449907542000,69.9,5,69.8,98,69.9,142,1,2021-12-24 09:00:49
1640336449953836000,69.9,1,69.8,99,69.9,141,1,2021-12-24 09:00:49
1640336449954268000,69.8,42,69.8,57,69.9,141,2,2021-12-24 09:00:49
1640336450017652000,69.9,6,69.8,57,69.9,135,1,2021-12-24 09:00:50
1640336450048063000,69.9,5,69.8,60,69.9,130,1,2021-12-24 09:00:50
1640336450058027000,69.8,2,69.8,58,69.9,130,2,2021-12-24 09:00:50
1640336450168199000,69.9,1,69.8,58,69.9,130,1,2021-12-24 09:00:50
1640336450178054000,69.9,1,69.8,58,69.9,129,1,2021-12-24 09:00:50
1640336450182715000,69.9,1,69.8,58,69.9,128,1,2021-12-24 09:00:50
1640336450200527000,69.9,1,69.8,58,69.9,127,1,2021-12-24 09:00:50
1640336450216312000,69.9,2,69.8,58,69.9,125,1,2021-12-24 09:00:50
1640336450224023000,69.9,2,69.8,58,69.9,123,1,2021-12-24 09:00:50
1640336450233361000,69.9,2,69.8,58,69.9,121,1,2021-12-24 09:00:50
1640336450257121000,69.9,1,69.8,59,69.9,120,1,2021-12-24 09:00:50
1640336450317149000,69.9,2,69.8,61,69.9,119,1,2021-12-24 09:00:50
1640336450329195000,69.9,1,69.8,61,69.9,119,1,2021-12-24 09:00:50
1640336450332953000,69.9,1,69.8,61,69.9,118,1,2021-12-24 09:00:50
1640336450335883000,69.9,5,69.8,61,69.9,113,1,2021-12-24 09:00:50
1640336450353044000,69.9,1,69.8,61,69.9,112,1,2021-12-24 09:00:50
1640336450434824000,69.9,1,69.8,63,69.9,113,1,2021-12-24 09:00:50
1640336450573733000,69.9,1,69.8,65,69.9,112,1,2021-12-24 09:00:50
1640336450593462000,69.8,5,69.8,61,69.9,112,2,2021-12-24 09:00:50
1640336450599733000,69.8,1,69.8,60,69.9,112,2,2021-12-24 09:00:50
1640336450649061000,69.9,2,69.8,61,69.9,120,1,2021-12-24 09:00:50
1640336450699356000,69.9,5,69.8,61,69.9,115,1,2021-12-24 09:00:50
1640336450801023000,69.9,1,69.8,66,69.9,124,1,2021-12-24 09:00:50
1640336450874925000,69.9,2,69.8,66,69.9,122,1,2021-12-24 09:00:50
1640336450898067000,69.9,1,69.8,66,69.9,121,1,2021-12-24 09:00:50
1640336450913157000,69.9,1,69.8,72,69.9,120,1,2021-12-24 09:00:50
1640336450983280000,69.8,1,69.8,71,69.9,120,2,2021-12-24 09:00:50
1640336450989186000,69.9,30,69.8,71,69.9,90,1,2021-12-24 09:00:50
1640336451073157000,69.9,5,69.8,71,69.9,85,1,2021-12-24 09:00:51
1640336451148540000,69.9,1,69.8,71,69.9,84,1,2021-12-24 09:00:51
1640336451192704000,69.9,1,69.8,71,69.9,83,1,2021-12-24 09:00:51
1640336451204899000,69.9,20,69.8,71,69.9,63,1,2021-12-24 09:00:51
1640336451214247000,69.9,3,69.8,76,69.9,60,1,2021-12-24 09:00:51
1640336451225477000,69.8,1,69.8,75,69.9,60,2,2021-12-24 09:00:51
1640336451227705000,69.9,2,69.8,75,69.9,58,1,2021-12-24 09:00:51
1640336451264118000,69.9,1,69.8,75,69.9,58,1,2021-12-24 09:00:51
1640336451277173000,69.9,3,69.8,75,69.9,55,1,2021-12-24 09:00:51
1640336451292781000,69.9,2,69.8,75,69.9,53,1,2021-12-24 09:00:51
1640336451297711000,69.9,1,69.8,75,69.9,52,1,2021-12-24 09:00:51
1640336451346810000,69.8,1,69.8,77,69.9,52,2,2021-12-24 09:00:51
1640336451389898000,69.8,5,69.8,77,69.9,52,2,2021-12-24 09:00:51
1640336451393353000,69.8,3,69.8,74,69.9,52,2,2021-12-24 09:00:51
1640336451405368000,69.9,3,69.8,74,69.9,49,1,2021-12-24 09:00:51
1640336451408942000,69.9,1,69.8,76,69.9,48,1,2021-12-24 09:00:51
1640336451417771000,69.9,10,69.8,76,69.9,38,1,2021-12-24 09:00:51
1640336451477646000,69.9,1,69.8,76,69.9,38,1,2021-12-24 09:00:51
1640336451483792000,69.9,1,69.8,76,69.9,37,1,2021-12-24 09:00:51
1640336451571095000,69.8,1,69.8,79,69.9,37,2,2021-12-24 09:00:51
1640336451634161000,69.9,1,69.8,86,69.9,36,1,2021-12-24 09:00:51
1640336451718564000,69.9,2,69.8,87,69.9,35,1,2021-12-24 09:00:51
1640336451759342000,69.9,20,69.8,87,69.9,15,1,2021-12-24 09:00:51
1640336451768830000,69.9,1,69.8,87,69.9,14,1,2021-12-24 09:00:51
1640336451778045000,69.9,1,69.8,87,69.9,13,1,2021-12-24 09:00:51
1640336451779000000,69.9,2,69.8,87,69.9,11,1,2021-12-24 09:00:51
1640336451827017000,69.9,1,69.8,87,69.9,10,1,2021-12-24 09:00:51
1640336451907990000,69.9,1,69.8,88,69.9,9,1,2021-12-24 09:00:51
1640336452007519000,69.9,3,69.8,91,69.9,6,1,2021-12-24 09:00:52
1640336452025476000,69.9,6,69.9,4,70.0,614,1,2021-12-24 09:00:52
1640336452077508000,70.0,5,69.9,5,70.0,609,1,2021-12-24 09:00:52
1640336452087624000,70.0,1,69.9,5,70.0,608,1,2021-12-24 09:00:52
1640336452140623000,70.0,2,69.9,5,70.0,606,1,2021-12-24 09:00:52
1640336452170990000,69.9,1,69.9,6,70.0,606,2,2021-12-24 09:00:52
1640336452221287000,69.9,1,69.9,6,70.0,606,2,2021-12-24 09:00:52
1640336452246733000,70.0,2,69.9,6,70.0,604,1,2021-12-24 09:00:52
1640336452318106000,70.0,1,69.9,9,70.0,603,1,2021-12-24 09:00:52
1640336452410622000,70.0,2,69.9,10,70.0,601,1,2021-12-24 09:00:52
1640336452456527000,70.0,1,69.9,21,70.0,600,1,2021-12-24 09:00:52
1640336452574789000,69.9,1,69.9,22,70.0,600,2,2021-12-24 09:00:52
1640336452673561000,70.0,3,69.9,23,70.0,597,1,2021-12-24 09:00:52
1640336452687300000,70.0,3,69.9,29,70.0,594,1,2021-12-24 09:00:52
1640336452689132000,69.9,1,69.9,28,70.0,594,2,2021-12-24 09:00:52
1640336452770119000,70.0,3,69.9,34,70.0,591,1,2021-12-24 09:00:52
1640336452799812000,70.0,1,69.9,34,70.0,590,1,2021-12-24 09:00:52
1640336452823147000,69.9,2,69.9,32,70.0,590,2,2021-12-24 09:00:52
1640336452876444000,70.0,1,69.9,32,70.0,588,1,2021-12-24 09:00:52
1640336452979517000,69.9,1,69.9,39,70.0,588,2,2021-12-24 09:00:52
1640336452988781000,70.0,50,69.9,39,70.0,538,1,2021-12-24 09:00:52
1640336453080115000,70.0,1,69.9,53,70.0,537,1,2021-12-24 09:00:53
1640336453083103000,70.0,2,69.9,53,70.0,535,1,2021-12-24 09:00:53
1640336453172495000,69.9,1,69.9,66,70.0,535,2,2021-12-24 09:00:53
1640336453178418000,70.0,2,69.9,66,70.0,533,1,2021-12-24 09:00:53
1640336453205843000,69.9,3,69.9,80,70.0,533,2,2021-12-24 09:00:53
1640336453210513000,70.0,1,69.9,81,70.0,532,1,2021-12-24 09:00:53
1640336453264748000,70.0,2,69.9,82,70.0,530,1,2021-12-24 09:00:53
1640336453458016000,70.0,2,69.9,85,70.0,529,1,2021-12-24 09:00:53
1640336453478413000,70.0,7,69.9,86,70.0,522,1,2021-12-24 09:00:53
1640336453638514000,70.0,2,69.9,89,70.0,520,1,2021-12-24 09:00:53
1640336453641932000,70.0,1,69.9,89,70.0,519,1,2021-12-24 09:00:53
1640336453757641000,70.0,1,69.9,125,70.0,518,1,2021-12-24 09:00:53
1640336453943674000,70.0,1,69.9,128,70.0,518,1,2021-12-24 09:00:53
1640336453957523000,70.0,1,69.9,129,70.0,517,1,2021-12-24 09:00:53
1640336454060454000,69.9,3,69.9,129,70.0,517,2,2021-12-24 09:00:54
1640336454095196000,70.0,1,69.9,131,70.0,516,1,2021-12-24 09:00:54
1640336454136833000,70.0,1,69.9,132,70.0,515,1,2021-12-24 09:00:54
1640336454164863000,69.9,1,69.9,133,70.0,515,2,2021-12-24 09:00:54
1640336454282387000,70.0,2,69.9,134,70.0,508,1,2021-12-24 09:00:54
1640336454368047000,70.0,3,69.9,137,70.0,505,1,2021-12-24 09:00:54
1640336454377481000,70.0,5,69.9,137,70.0,500,1,2021-12-24 09:00:54
1640336454475584000,70.0,2,69.9,139,70.0,498,1,2021-12-24 09:00:54
1640336454662833000,69.9,1,69.9,151,70.0,498,2,2021-12-24 09:00:54
1640336454739888000,70.0,1,69.9,132,70.0,497,1,2021-12-24 09:00:54
1640336454753452000,70.0,1,69.9,132,70.0,496,1,2021-12-24 09:00:54
1640336454804543000,69.9,1,69.9,132,70.0,496,2,2021-12-24 09:00:54
1640336454883695000,70.0,1,69.9,133,70.0,495,1,2021-12-24 09:00:54
1640336454911064000,70.0,1,69.9,134,70.0,494,1,2021-12-24 09:00:54
1640336454912619000,69.9,10,69.9,124,70.0,494,2,2021-12-24 09:00:54
1640336454917814000,70.0,3,69.9,124,70.0,491,1,2021-12-24 09:00:54
1640336454918848000,70.0,3,69.9,124,70.0,488,1,2021-12-24 09:00:54
1640336454985126000,70.0,2,69.9,124,70.0,486,1,2021-12-24 09:00:54
1640336455043200000,70.0,1,69.9,124,70.0,485,1,2021-12-24 09:00:55
1640336455165514000,70.0,2,69.9,129,70.0,483,1,2021-12-24 09:00:55
1640336455260608000,70.0,1,69.9,133,70.0,482,1,2021-12-24 09:00:55
1640336455265176000,70.0,5,69.9,133,70.0,477,1,2021-12-24 09:00:55
1640336455289416000,70.0,1,69.9,133,70.0,476,1,2021-12-24 09:00:55
1640336455300305000,70.0,2,69.9,133,70.0,474,1,2021-12-24 09:00:55
1640336455547246000,70.0,1,69.9,143,70.0,472,1,2021-12-24 09:00:55
1640336455611275000,70.0,10,69.9,143,70.0,462,1,2021-12-24 09:00:55
1640336455615081000,70.0,1,69.9,143,70.0,461,1,2021-12-24 09:00:55
1640336455627955000,70.0,1,69.9,144,70.0,460,1,2021-12-24 09:00:55
1640336455672533000,70.0,5,69.9,144,70.0,455,1,2021-12-24 09:00:55
1640336455675160000,69.9,5,69.9,139,70.0,455,2,2021-12-24 09:00:55
1640336455746417000,70.0,1,69.9,139,70.0,455,1,2021-12-24 09:00:55
1640336455759661000,69.9,2,69.9,137,70.0,455,2,2021-12-24 09:00:55
1640336455766036000,69.9,1,69.9,136,70.0,455,2,2021-12-24 09:00:55
1640336455809058000,70.0,1,69.9,136,70.0,454,1,2021-12-24 09:00:55
1640336455866418000,70.0,2,69.9,137,70.0,452,1,2021-12-24 09:00:55
1640336455878953000,69.9,1,69.9,136,70.0,452,2,2021-12-24 09:00:55
1640336455890612000,70.0,1,69.9,136,70.0,451,1,2021-12-24 09:00:55
1640336455896348000,70.0,2,69.9,136,70.0,449,1,2021-12-24 09:00:55
1640336455965969000,70.0,5,69.9,136,70.0,444,1,2021-12-24 09:00:55
1640336456069619000,70.0,1,69.9,137,70.0,448,1,2021-12-24 09:00:56
1640336456088375000,70.0,1,69.9,137,70.0,447,1,2021-12-24 09:00:56
1640336456095254000,70.0,1,69.9,137,70.0,446,1,2021-12-24 09:00:56
1640336456114543000,69.9,2,69.9,135,70.0,446,2,2021-12-24 09:00:56
1640336456164501000,70.0,1,69.9,135,70.0,445,1,2021-12-24 09:00:56
1640336456235369000,70.0,1,69.9,136,70.0,444,1,2021-12-24 09:00:56
1640336456313302000,70.0,2,69.9,136,70.0,442,1,2021-12-24 09:00:56
1640336456319182000,70.0,1,69.9,136,70.0,441,1,2021-12-24 09:00:56
1640336456405165000,70.0,1,69.9,149,70.0,440,1,2021-12-24 09:00:56
1640336456455326000,69.9,1,69.9,153,70.0,440,2,2021-12-24 09:00:56
1640336456456193000,69.9,1,69.9,152,70.0,440,2,2021-12-24 09:00:56
1640336456476709000,70.0,2,69.9,152,70.0,438,1,2021-12-24 09:00:56
1640336456532216000,69.9,2,69.9,150,70.0,438,2,2021-12-24 09:00:56
1640336456548944000,70.0,1,69.9,150,70.0,437,1,2021-12-24 09:00:56
1640336456574853000,70.0,3,69.9,150,70.0,434,1,2021-12-24 09:00:56
1640336456587130000,69.9,1,69.9,149,70.0,434,2,2021-12-24 09:00:56
1640336456617031000,70.0,1,69.9,149,70.0,433,1,2021-12-24 09:00:56
1640336456622701000,70.0,1,69.9,149,70.0,432,1,2021-12-24 09:00:56
1640336456640916000,70.0,1,69.9,149,70.0,431,1,2021-12-24 09:00:56
1640336456705292000,70.0,6,69.9,149,70.0,425,1,2021-12-24 09:00:56
1640336456708618000,70.0,1,69.9,149,70.0,424,1,2021-12-24 09:00:56
1640336456886843000,70.0,1,69.9,151,70.0,423,1,2021-12-24 09:00:56
1640336456994804000,70.0,1,69.9,154,70.0,423,1,2021-12-24 09:00:56
1640336457010628000,70.0,2,69.9,154,70.0,421,1,2021-12-24 09:00:57
1640336457025125000,70.0,1,69.9,154,70.0,420,1,2021-12-24 09:00:57
1640336457083984000,70.0,1,69.9,157,70.0,420,1,2021-12-24 09:00:57
1640336457088645000,70.0,1,69.9,157,70.0,419,1,2021-12-24 09:00:57
1640336457175854000,70.0,5,69.9,161,70.0,414,1,2021-12-24 09:00:57
1640336457197229000,70.0,1,69.9,161,70.0,413,1,2021-12-24 09:00:57
1640336457227507000,69.9,8,69.9,153,70.0,413,2,2021-12-24 09:00:57
1640336457229374000,70.0,1,69.9,153,70.0,412,1,2021-12-24 09:00:57
1640336457232905000,70.0,1,69.9,153,70.0,411,1,2021-12-24 09:00:57
1640336457237384000,69.9,1,69.9,152,70.0,411,2,2021-12-24 09:00:57
1640336457249233000,70.0,2,69.9,152,70.0,409,1,2021-12-24 09:00:57
1640336457252391000,69.9,1,69.9,151,70.0,409,2,2021-12-24 09:00:57
1640336457270364000,70.0,1,69.9,151,70.0,409,1,2021-12-24 09:00:57
1640336457331150000,70.0,2,69.9,151,70.0,406,1,2021-12-24 09:00:57
1640336457331740000,70.0,1,69.9,151,70.0,406,1,2021-12-24 09:00:57
1640336457369467000,70.0,1,69.9,151,70.0,405,1,2021-12-24 09:00:57
1640336457413156000,70.0,2,69.9,151,70.0,403,1,2021-12-24 09:00:57
1640336457489318000,70.0,2,69.9,153,70.0,446,1,2021-12-24 09:00:57
1640336457561359000,70.0,2,69.9,153,70.0,445,1,2021-12-24 09:00:57
1640336457572231000,70.0,1,69.9,153,70.0,444,1,2021-12-24 09:00:57
1640336457595465000,69.9,1,69.9,152,70.0,444,2,2021-12-24 09:00:57
1640336457647010000,70.0,1,69.9,152,70.0,418,1,2021-12-24 09:00:57
1640336457693394000,70.0,10,69.9,153,70.0,413,1,2021-12-24 09:00:57
1640336457729311000,70.0,1,69.9,153,70.0,412,1,2021-12-24 09:00:57
1640336457755142000,70.0,1,69.9,154,70.0,411,1,2021-12-24 09:00:57
1640336457806225000,70.0,1,69.9,159,70.0,410,1,2021-12-24 09:00:57
1640336457845185000,70.0,1,69.9,159,70.0,409,1,2021-12-24 09:00:57
1640336457922558000,70.0,1,69.9,160,70.0,408,1,2021-12-24 09:00:57
1640336457927646000,70.0,1,69.9,161,70.0,407,1,2021-12-24 09:00:57
1640336457933208000,70.0,1,69.9,161,70.0,406,1,2021-12-24 09:00:57
1640336457954464000,70.0,1,69.9,161,70.0,405,1,2021-12-24 09:00:57
1640336457993089000,70.0,1,69.9,161,70.0,404,1,2021-12-24 09:00:57
1640336457999413000,70.0,5,69.9,161,70.0,399,1,2021-12-24 09:00:57
1640336458023826000,70.0,1,69.9,161,70.0,398,1,2021-12-24 09:00:58
1640336458057588000,70.0,1,69.9,167,70.0,397,1,2021-12-24 09:00:58
1640336458080115000,69.9,6,69.9,161,70.0,397,2,2021-12-24 09:00:58
1640336458169375000,70.0,1,69.9,162,70.0,397,1,2021-12-24 09:00:58
1640336458175342000,70.0,5,69.9,163,70.0,392,1,2021-12-24 09:00:58
1640336458226506000,69.9,3,69.9,160,70.0,392,2,2021-12-24 09:00:58
1640336458230757000,69.9,1,69.9,159,70.0,392,2,2021-12-24 09:00:58
1640336458242512000,69.9,1,69.9,158,70.0,392,2,2021-12-24 09:00:58
1640336458248298000,70.0,1,69.9,158,70.0,391,1,2021-12-24 09:00:58
1640336458299887000,70.0,1,69.9,160,70.0,393,1,2021-12-24 09:00:58
1640336458313143000,70.0,1,69.9,161,70.0,392,1,2021-12-24 09:00:58
1640336458328774000,69.9,1,69.9,160,70.0,389,2,2021-12-24 09:00:58
1640336458332059000,70.0,2,69.9,160,70.0,387,1,2021-12-24 09:00:58
1640336458348109000,70.0,2,69.9,160,70.0,385,1,2021-12-24 09:00:58
1640336458360702000,70.0,1,69.9,160,70.0,387,1,2021-12-24 09:00:58
1640336458389327000,70.0,1,69.9,161,70.0,383,1,2021-12-24 09:00:58
1640336458396025000,70.0,2,69.9,161,70.0,381,1,2021-12-24 09:00:58
1640336458405413000,70.0,1,69.9,161,70.0,380,1,2021-12-24 09:00:58
1640336458419822000,69.9,1,69.9,160,70.0,380,2,2021-12-24 09:00:58
1640336458432162000,70.0,1,69.9,160,70.0,379,1,2021-12-24 09:00:58
1640336458478067000,70.0,1,69.9,160,70.0,378,1,2021-12-24 09:00:58
1640336458501555000,70.0,1,69.9,160,70.0,377,1,2021-12-24 09:00:58
1640336458519873000,70.0,1,69.9,160,70.0,376,1,2021-12-24 09:00:58
1640336458641862000,70.0,1,69.9,161,70.0,375,1,2021-12-24 09:00:58
1640336458642952000,70.0,1,69.9,161,70.0,374,1,2021-12-24 09:00:58
1640336458680815000,70.0,2,69.9,161,70.0,372,1,2021-12-24 09:00:58
1640336458690173000,70.0,2,69.9,162,70.0,370,1,2021-12-24 09:00:58
1640336458712104000,70.0,1,69.9,162,70.0,371,1,2021-12-24 09:00:58
1640336458714166000,70.0,1,69.9,162,70.0,370,1,2021-12-24 09:00:58
1640336458724977000,70.0,2,69.9,162,70.0,368,1,2021-12-24 09:00:58
1640336458776393000,70.0,2,69.9,162,70.0,366,1,2021-12-24 09:00:58
1640336458837809000,70.0,1,69.9,167,70.0,370,1,2021-12-24 09:00:58
1640336458879080000,70.0,1,69.9,165,70.0,369,1,2021-12-24 09:00:58
1640336458906927000,70.0,1,69.9,165,70.0,368,1,2021-12-24 09:00:58
1640336458928399000,70.0,2,69.9,165,70.0,371,1,2021-12-24 09:00:58
1640336458976859000,70.0,5,69.9,166,70.0,366,1,2021-12-24 09:00:58
1640336458977808000,70.0,1,69.9,166,70.0,365,1,2021-12-24 09:00:58
1640336459036992000,70.0,2,69.9,166,70.0,363,1,2021-12-24 09:00:59
1640336459037712000,70.0,1,69.9,166,70.0,362,1,2021-12-24 09:00:59
1640336459106609000,70.0,5,69.9,166,70.0,357,1,2021-12-24 09:00:59
1640336459120749000,70.0,1,69.9,166,70.0,356,1,2021-12-24 09:00:59
1640336459159204000,70.0,2,69.9,174,70.0,354,1,2021-12-24 09:00:59
1640336459210345000,70.0,3,69.9,174,70.0,351,1,2021-12-24 09:00:59
1640336459285261000,70.0,1,69.9,175,70.0,350,1,2021-12-24 09:00:59
1640336459344159000,70.0,6,69.9,176,70.0,344,1,2021-12-24 09:00:59
1640336459353440000,70.0,1,69.9,178,70.0,343,1,2021-12-24 09:00:59
1640336459360046000,70.0,2,69.9,178,70.0,341,1,2021-12-24 09:00:59
1640336459377060000,70.0,1,69.9,183,70.0,340,1,2021-12-24 09:00:59
1640336459379285000,70.0,1,69.9,183,70.0,339,1,2021-12-24 09:00:59
1640336459428775000,69.9,2,69.9,182,70.0,339,2,2021-12-24 09:00:59
1640336459430711000,70.0,4,69.9,182,70.0,335,1,2021-12-24 09:00:59
1640336459431235000,70.0,5,69.9,182,70.0,330,1,2021-12-24 09:00:59
1640336459438797000,70.0,1,69.9,183,70.0,329,1,2021-12-24 09:00:59
1640336459442664000,70.0,1,69.9,183,70.0,328,1,2021-12-24 09:00:59
1640336459519222000,70.0,1,69.9,186,70.0,327,1,2021-12-24 09:00:59
1640336459558367000,69.9,1,69.9,185,70.0,327,2,2021-12-24 09:00:59
1640336459572835000,70.0,2,69.9,185,70.0,325,1,2021-12-24 09:00:59
1640336459580176000,70.0,10,69.9,185,70.0,315,1,2021-12-24 09:00:59
1640336459602659000,69.9,4,69.9,188,70.0,315,2,2021-12-24 09:00:59
1640336459624202000,70.0,1,69.9,188,70.0,314,1,2021-12-24 09:00:59
1640336459650904000,70.0,1,69.9,189,70.0,313,1,2021-12-24 09:00:59
1640336459651819000,70.0,1,69.9,189,70.0,312,1,2021-12-24 09:00:59
1640336459666754000,69.9,10,69.9,179,70.0,312,2,2021-12-24 09:00:59
1640336459676124000,70.0,1,69.9,179,70.0,311,1,2021-12-24 09:00:59
1640336459681278000,70.0,1,69.9,179,70.0,310,1,2021-12-24 09:00:59
1640336459682873000,70.0,1,69.9,179,70.0,309,1,2021-12-24 09:00:59
1640336459704925000,70.0,1,69.9,179,70.0,308,1,2021-12-24 09:00:59
1640336459720151000,70.0,1,69.9,180,70.0,306,1,2021-12-24 09:00:59
1640336459720738000,70.0,1,69.9,180,70.0,306,1,2021-12-24 09:00:59
1640336459747631000,69.9,1,69.9,179,70.0,306,2,2021-12-24 09:00:59
1640336459752245000,70.0,1,69.9,179,70.0,305,1,2021-12-24 09:00:59
1640336459765299000,70.0,1,69.9,179,70.0,304,1,2021-12-24 09:00:59
1640336459818525000,70.0,1,69.9,183,70.0,303,1,2021-12-24 09:00:59
1640336459859222000,70.0,1,69.9,184,70.0,302,1,2021-12-24 09:00:59
1640336459883347000,70.0,1,69.9,185,70.0,301,1,2021-12-24 09:00:59
1640336459981367000,70.0,1,69.9,187,70.0,307,1,2021-12-24 09:00:59
1640336459994242000,70.0,1,69.9,187,70.0,306,1,2021-12-24 09:00:59
1640336460000401000,70.0,1,69.9,187,70.0,305,1,2021-12-24 09:01:00
1640336460011146000,70.0,1,69.9,187,70.0,304,1,2021-12-24 09:01:00
1640336460079956000,70.0,2,69.9,188,70.0,302,1,2021-12-24 09:01:00
1640336460092289000,70.0,1,69.9,188,70.0,301,1,2021-12-24 09:01:00
1640336460099797000,69.9,120,69.9,68,70.0,301,2,2021-12-24 09:01:00
1640336460110022000,70.0,1,69.9,68,70.0,300,1,2021-12-24 09:01:00
1640336460129072000,69.9,21,69.9,47,70.0,300,2,2021-12-24 09:01:00
1640336460143947000,69.9,5,69.9,42,70.0,300,2,2021-12-24 09:01:00
1640336460152150000,70.0,1,69.9,43,70.0,299,1,2021-12-24 09:01:00
1640336460160425000,70.0,1,69.9,43,70.0,298,1,2021-12-24 09:01:00
1640336460170224000,70.0,1,69.9,43,70.0,300,1,2021-12-24 09:01:00
1640336460176104000,70.0,1,69.9,43,70.0,296,1,2021-12-24 09:01:00
1640336460185134000,70.0,1,69.9,43,70.0,295,1,2021-12-24 09:01:00
1640336460218375000,70.0,1,69.9,44,70.0,297,1,2021-12-24 09:01:00
1640336460253830000,70.0,1,69.9,45,70.0,296,1,2021-12-24 09:01:00
1640336460266484000,70.0,1,69.9,45,70.0,295,1,2021-12-24 09:01:00
1640336460296091000,70.0,1,69.9,46,70.0,294,1,2021-12-24 09:01:00
1640336460336822000,70.0,5,69.9,49,70.0,289,1,2021-12-24 09:01:00
1640336460338290000,70.0,5,69.9,49,70.0,284,1,2021-12-24 09:01:00
1640336460349010000,70.0,1,69.9,49,70.0,283,1,2021-12-24 09:01:00
1640336460363856000,70.0,5,69.9,49,70.0,278,1,2021-12-24 09:01:00
1640336460368973000,70.0,1,69.9,49,70.0,277,1,2021-12-24 09:01:00
1640336460370056000,70.0,1,69.9,49,70.0,276,1,2021-12-24 09:01:00
1640336460377848000,70.0,1,69.9,50,70.0,275,1,2021-12-24 09:01:00
1640336460378046000,70.0,2,69.9,50,70.0,273,1,2021-12-24 09:01:00
1640336460403729000,70.0,1,69.9,51,70.0,272,1,2021-12-24 09:01:00
1640336460412937000,70.0,1,69.9,51,70.0,271,1,2021-12-24 09:01:00
1640336460446394000,70.0,1,69.9,51,70.0,270,1,2021-12-24 09:01:00
1640336460463450000,70.0,1,69.9,52,70.0,269,1,2021-12-24 09:01:00
1640336460487379000,70.0,3,69.9,52,70.0,267,1,2021-12-24 09:01:00
1640336460619987000,70.0,1,69.9,52,70.0,275,1,2021-12-24 09:01:00
1640336460628319000,70.0,1,69.9,52,70.0,274,1,2021-12-24 09:01:00
1640336460646899000,69.9,1,69.9,51,70.0,274,2,2021-12-24 09:01:00
1640336460729324000,69.9,5,69.9,57,70.0,274,2,2021-12-24 09:01:00
1640336460760944000,70.0,1,69.9,57,70.0,276,1,2021-12-24 09:01:00
1640336460799815000,70.0,1,69.9,57,70.0,272,1,2021-12-24 09:01:00
1640336460810917000,70.0,1,69.9,57,70.0,271,1,2021-12-24 09:01:00
1640336460827659000,69.9,20,69.9,33,70.0,271,2,2021-12-24 09:01:00
1640336460827970000,69.9,4,69.9,33,70.0,271,2,2021-12-24 09:01:00
1640336460828189000,69.9,2,69.9,31,70.0,271,2,2021-12-24 09:01:00
1640336460833759000,70.0,3,69.9,31,70.0,268,1,2021-12-24 09:01:00
1640336460851569000,70.0,1,69.9,31,70.0,267,1,2021-12-24 09:01:00
1640336460890194000,70.0,1,69.9,31,70.0,269,1,2021-12-24 09:01:00
1640336460903189000,70.0,1,69.9,31,70.0,268,1,2021-12-24 09:01:00
1640336460930274000,70.0,1,69.9,32,70.0,267,1,2021-12-24 09:01:00
1640336460957412000,69.9,6,69.9,28,70.0,267,2,2021-12-24 09:01:00
1640336460971680000,70.0,1,69.9,28,70.0,266,1,2021-12-24 09:01:00
1640336461010385000,69.9,5,69.9,24,70.0,266,2,2021-12-24 09:01:01
1640336461011239000,70.0,2,69.9,24,70.0,264,1,2021-12-24 09:01:01
1640336461133602000,69.9,29,69.8,178,70.0,255,2,2021-12-24 09:01:01
1640336461133900000,69.9,1,69.8,178,70.0,255,1,2021-12-24 09:01:01
1640336461133900000,70.0,9,69.8,178,70.0,255,1,2021-12-24 09:01:01
1640336461135953000,70.0,8,69.8,178,70.0,247,1,2021-12-24 09:01:01
1640336461209478000,70.0,1,69.9,2,70.0,246,1,2021-12-24 09:01:01
1640336461214038000,70.0,1,69.8,177,69.9,3,1,2021-12-24 09:01:01
1640336461214937000,69.9,2,69.8,177,69.9,3,2,2021-12-24 09:01:01
1640336461225378000,69.9,1,69.8,177,69.9,2,1,2021-12-24 09:01:01
1640336461259273000,69.9,2,69.8,177,70.0,242,1,2021-12-24 09:01:01
1640336461292063000,70.0,1,69.8,177,70.0,241,1,2021-12-24 09:01:01
1640336461396955000,70.0,2,69.8,177,70.0,239,1,2021-12-24 09:01:01
1640336461428755000,70.0,1,69.8,177,70.0,238,1,2021-12-24 09:01:01
1640336461434474000,70.0,2,69.8,177,70.0,236,1,2021-12-24 09:01:01
1640336461488027000,70.0,1,69.9,2,70.0,238,1,2021-12-24 09:01:01
1640336461499585000,70.0,1,69.9,2,70.0,237,1,2021-12-24 09:01:01
1640336461500032000,70.0,2,69.9,2,70.0,235,1,2021-12-24 09:01:01
1640336461520693000,70.0,1,69.9,2,70.0,233,1,2021-12-24 09:01:01
1640336461520938000,70.0,1,69.9,2,70.0,233,1,2021-12-24 09:01:01
1640336461522059000,69.9,2,69.8,177,69.9,28,2,2021-12-24 09:01:01
1640336461523401000,69.9,2,69.8,177,69.9,26,1,2021-12-24 09:01:01
1640336461524521000,69.9,2,69.8,177,69.9,24,1,2021-12-24 09:01:01
1640336461554405000,69.9,1,69.8,177,69.9,23,1,2021-12-24 09:01:01
1640336461601095000,69.9,1,69.8,177,69.9,32,1,2021-12-24 09:01:01
1640336461616120000,69.9,2,69.8,177,69.9,35,1,2021-12-24 09:01:01
1640336461639467000,69.9,2,69.8,177,69.9,34,1,2021-12-24 09:01:01
1640336461639592000,69.9,2,69.8,177,69.9,34,1,2021-12-24 09:01:01
1640336461652590000,69.9,1,69.8,177,69.9,33,1,2021-12-24 09:01:01
1640336461672562000,69.9,1,69.8,177,69.9,32,1,2021-12-24 09:01:01
1640336461691677000,69.9,10,69.8,177,69.9,22,1,2021-12-24 09:01:01
1640336461711024000,69.9,7,69.8,177,69.9,31,1,2021-12-24 09:01:01
1640336461720075000,69.9,1,69.8,177,69.9,30,1,2021-12-24 09:01:01
1640336461753198000,69.9,1,69.8,177,69.9,30,1,2021-12-24 09:01:01
1640336461792017000,69.9,10,69.8,177,69.9,20,1,2021-12-24 09:01:01
1640336461834221000,69.9,3,69.8,177,69.9,17,1,2021-12-24 09:01:01
1640336461852992000,69.9,1,69.8,177,69.9,38,1,2021-12-24 09:01:01
1640336461888847000,69.9,1,69.8,177,69.9,38,1,2021-12-24 09:01:01
1640336461893906000,69.9,1,69.8,177,69.9,37,1,2021-12-24 09:01:01
1640336461902057000,69.9,1,69.8,177,69.9,36,1,2021-12-24 09:01:01
1640336461904303000,69.9,4,69.8,177,69.9,32,1,2021-12-24 09:01:01
1640336461908834000,69.9,1,69.8,177,69.9,31,1,2021-12-24 09:01:01
1640336461957206000,69.9,10,69.8,177,69.9,29,1,2021-12-24 09:01:01
1640336461957527000,69.9,1,69.8,177,69.9,29,1,2021-12-24 09:01:01
1640336461968011000,69.9,2,69.8,177,69.9,27,1,2021-12-24 09:01:01
1640336461972006000,69.8,1,69.8,176,69.9,27,2,2021-12-24 09:01:01
1640336461992483000,69.9,1,69.8,176,69.9,26,1,2021-12-24 09:01:01
1640336461997244000,69.9,1,69.8,176,69.9,25,1,2021-12-24 09:01:01
1640336462008960000,69.9,1,69.8,176,69.9,34,1,2021-12-24 09:01:02
1640336462035897000,69.9,5,69.8,176,69.9,29,1,2021-12-24 09:01:02
1640336462041845000,69.9,3,69.8,176,69.9,26,1,2021-12-24 09:01:02
1640336462093654000,69.9,1,69.8,176,69.9,30,1,2021-12-24 09:01:02
1640336462142046000,69.9,1,69.8,176,69.9,29,1,2021-12-24 09:01:02
1640336462183638000,69.9,10,69.8,176,69.9,54,1,2021-12-24 09:01:02
1640336462201281000,69.9,2,69.8,176,69.9,56,1,2021-12-24 09:01:02
1640336462202318000,69.9,1,69.8,176,69.9,55,1,2021-12-24 09:01:02
1640336462267800000,69.9,1,69.8,176,69.9,64,1,2021-12-24 09:01:02
1640336462273506000,69.9,1,69.8,176,69.9,73,1,2021-12-24 09:01:02
1640336462294327000,69.9,1,69.8,176,69.9,72,1,2021-12-24 09:01:02
1640336462343284000,69.9,3,69.8,176,69.9,69,1,2021-12-24 09:01:02
1640336462345350000,69.9,1,69.8,176,69.9,68,1,2021-12-24 09:01:02
1640336462366151000,69.9,5,69.8,176,69.9,63,1,2021-12-24 09:01:02
1640336462368443000,69.9,1,69.8,176,69.9,62,1,2021-12-24 09:01:02
1640336462372157000,69.9,1,69.8,176,69.9,63,1,2021-12-24 09:01:02
1640336462376266000,69.9,1,69.8,176,69.9,62,1,2021-12-24 09:01:02
1640336462426963000,69.9,1,69.8,176,69.9,71,1,2021-12-24 09:01:02
1640336462452856000,69.9,1,69.8,176,69.9,70,1,2021-12-24 09:01:02
1640336462493058000,69.9,1,69.8,176,69.9,69,1,2021-12-24 09:01:02
1640336462506075000,69.8,1,69.8,175,69.9,69,2,2021-12-24 09:01:02
1640336462516953000,69.9,2,69.8,175,69.9,67,1,2021-12-24 09:01:02
1640336462522875000,69.9,1,69.8,175,69.9,66,1,2021-12-24 09:01:02
1640336462533048000,69.8,2,69.8,173,69.9,66,2,2021-12-24 09:01:02
1640336462564881000,69.9,2,69.8,173,69.9,80,1,2021-12-24 09:01:02
1640336462570070000,69.9,1,69.8,173,69.9,79,1,2021-12-24 09:01:02
1640336462583662000,69.9,1,69.8,173,69.9,78,1,2021-12-24 09:01:02
1640336462617660000,69.9,1,69.8,173,69.9,78,1,2021-12-24 09:01:02
1640336462619286000,69.9,2,69.8,173,69.9,76,1,2021-12-24 09:01:02
1640336462633176000,69.9,1,69.8,173,69.9,80,1,2021-12-24 09:01:02
1640336462664249000,69.9,1,69.8,173,69.9,86,1,2021-12-24 09:01:02
1640336462675082000,69.9,1,69.8,173,69.9,84,1,2021-12-24 09:01:02
1640336462675599000,69.9,1,69.8,173,69.9,84,1,2021-12-24 09:01:02
1640336462677858000,69.9,1,69.8,173,69.9,83,1,2021-12-24 09:01:02
1640336462689725000,69.9,3,69.8,173,69.9,81,1,2021-12-24 09:01:02
1640336462758208000,69.9,1,69.8,168,69.9,81,1,2021-12-24 09:01:02
1640336462780250000,69.9,3,69.8,168,69.9,78,1,2021-12-24 09:01:02
1640336462815203000,69.9,1,69.8,168,69.9,87,1,2021-12-24 09:01:02
1640336462827094000,69.9,1,69.8,168,69.9,86,1,2021-12-24 09:01:02
1640336462848728000,69.9,1,69.8,168,69.9,90,1,2021-12-24 09:01:02
1640336462869571000,69.9,1,69.8,168,69.9,89,1,2021-12-24 09:01:02
1640336462884131000,69.9,1,69.8,168,69.9,88,1,2021-12-24 09:01:02
1640336462886158000,69.9,1,69.8,168,69.9,87,1,2021-12-24 09:01:02
1640336462904878000,69.9,1,69.8,167,69.9,86,1,2021-12-24 09:01:02
1640336462968313000,69.8,1,69.8,167,69.9,86,2,2021-12-24 09:01:02
1640336462982935000,69.9,1,69.8,167,69.9,85,1,2021-12-24 09:01:02
1640336462986780000,69.9,1,69.8,167,69.9,84,1,2021-12-24 09:01:02
1640336463063290000,69.9,3,69.8,167,69.9,81,1,2021-12-24 09:01:03
1640336463095631000,69.9,1,69.8,167,69.9,80,1,2021-12-24 09:01:03
1640336463100873000,69.9,5,69.8,167,69.9,75,1,2021-12-24 09:01:03
1640336463101240000,69.9,2,69.8,167,69.9,73,1,2021-12-24 09:01:03
1640336463108495000,69.9,1,69.8,167,69.9,72,1,2021-12-24 09:01:03
1640336463119849000,69.9,10,69.8,167,69.9,62,1,2021-12-24 09:01:03
1640336463163826000,69.8,7,69.8,163,69.9,63,2,2021-12-24 09:01:03
1640336463211919000,69.9,3,69.8,163,69.9,60,1,2021-12-24 09:01:03
1640336463214861000,69.9,10,69.8,163,69.9,50,1,2021-12-24 09:01:03
1640336463240378000,69.9,1,69.8,163,69.9,49,1,2021-12-24 09:01:03
1640336463258504000,69.9,20,69.8,163,69.9,29,1,2021-12-24 09:01:03
1640336463285538000,69.9,1,69.8,163,69.9,28,1,2021-12-24 09:01:03
1640336463297210000,69.8,1,69.8,162,69.9,28,2,2021-12-24 09:01:03
1640336463298508000,69.8,1,69.8,161,69.9,28,2,2021-12-24 09:01:03
1640336463317002000,69.9,1,69.8,161,69.9,28,1,2021-12-24 09:01:03
1640336463332282000,69.9,1,69.8,161,69.9,27,1,2021-12-24 09:01:03
1640336463347497000,69.9,10,69.8,161,69.9,17,1,2021-12-24 09:01:03
1640336463349696000,69.9,1,69.8,161,69.9,16,1,2021-12-24 09:01:03
1640336463352862000,69.9,5,69.8,161,69.9,11,1,2021-12-24 09:01:03
1640336463364825000,69.8,1,69.8,160,69.9,11,2,2021-12-24 09:01:03
1640336463394267000,69.9,20,69.8,161,69.9,41,1,2021-12-24 09:01:03
1640336463447034000,69.8,10,69.8,151,69.9,41,2,2021-12-24 09:01:03
1640336463455362000,69.9,2,69.8,151,69.9,40,1,2021-12-24 09:01:03
1640336463495288000,69.9,1,69.8,151,69.9,39,1,2021-12-24 09:01:03
1640336463529636000,69.9,1,69.8,151,69.9,48,1,2021-12-24 09:01:03
1640336463542117000,69.9,1,69.8,151,69.9,47,1,2021-12-24 09:01:03
1640336463605114000,69.9,1,69.8,152,69.9,73,1,2021-12-24 09:01:03
1640336463612552000,69.9,1,69.8,152,69.9,72,1,2021-12-24 09:01:03
1640336463692844000,69.9,5,69.8,152,69.9,68,1,2021-12-24 09:01:03
1640336463694464000,69.9,1,69.8,152,69.9,67,1,2021-12-24 09:01:03
1640336463723654000,69.8,6,69.8,146,69.9,67,2,2021-12-24 09:01:03
1640336463724215000,69.8,8,69.8,138,69.9,67,2,2021-12-24 09:01:03
1640336463745734000,69.9,1,69.8,138,69.9,66,1,2021-12-24 09:01:03
1640336463799245000,69.9,3,69.8,138,69.9,63,1,2021-12-24 09:01:03
1640336463817387000,69.8,2,69.8,136,69.9,63,2,2021-12-24 09:01:03
1640336463839315000,69.8,1,69.8,135,69.9,138,2,2021-12-24 09:01:03
1640336463844184000,69.9,1,69.8,135,69.9,137,1,2021-12-24 09:01:03
1640336463845669000,69.9,1,69.8,135,69.9,136,1,2021-12-24 09:01:03
1640336463858240000,69.8,9,69.8,126,69.9,138,2,2021-12-24 09:01:03
1640336463860141000,69.9,2,69.8,126,69.9,136,1,2021-12-24 09:01:03
1640336463863092000,69.9,1,69.8,126,69.9,135,1,2021-12-24 09:01:03
1640336463874884000,69.9,5,69.8,126,69.9,130,1,2021-12-24 09:01:03
1640336463951408000,69.8,6,69.8,120,69.9,131,2,2021-12-24 09:01:03
1640336464026236000,69.9,1,69.8,120,69.9,130,1,2021-12-24 09:01:04
1640336464050981000,69.8,1,69.8,119,69.9,133,2,2021-12-24 09:01:04
1640336464119257000,69.8,1,69.8,118,69.9,133,2,2021-12-24 09:01:04
1640336464136090000,69.9,1,69.8,118,69.9,132,1,2021-12-24 09:01:04
1640336464140787000,69.9,3,69.8,118,69.9,129,1,2021-12-24 09:01:04
1640336464170130000,69.8,10,69.8,108,69.9,129,2,2021-12-24 09:01:04
1640336464186437000,69.9,1,69.8,108,69.9,128,1,2021-12-24 09:01:04
1640336464190233000,69.8,1,69.8,107,69.9,138,2,2021-12-24 09:01:04
1640336464200385000,69.8,80,69.8,27,69.9,142,2,2021-12-24 09:01:04
1640336464221989000,69.9,1,69.8,27,69.9,141,1,2021-12-24 09:01:04
1640336464227722000,69.9,3,69.8,27,69.9,138,1,2021-12-24 09:01:04
1640336464233000000,69.8,27,69.7,248,69.8,11,2,2021-12-24 09:01:04
1640336464258854000,69.8,1,69.7,248,69.8,10,1,2021-12-24 09:01:04
1640336464268941000,69.8,1,69.7,248,69.8,9,1,2021-12-24 09:01:04
1640336464286442000,69.8,1,69.7,248,69.8,8,1,2021-12-24 09:01:04
1640336464302456000,69.8,1,69.7,248,69.8,7,1,2021-12-24 09:01:04
1640336464356969000,69.8,1,69.7,248,69.8,6,1,2021-12-24 09:01:04
1640336464550489000,69.8,1,69.7,238,69.8,5,1,2021-12-24 09:01:04
1640336464638021000,69.8,1,69.7,238,69.8,12,1,2021-12-24 09:01:04
1640336464643288000,69.8,1,69.7,238,69.8,11,1,2021-12-24 09:01:04
1640336464711778000,69.8,1,69.7,238,69.8,10,1,2021-12-24 09:01:04
1640336464717430000,69.7,5,69.7,233,69.8,10,2,2021-12-24 09:01:04
1640336464752481000,69.7,2,69.7,231,69.8,10,2,2021-12-24 09:01:04
1640336464776959000,69.8,1,69.7,231,69.8,9,1,2021-12-24 09:01:04
1640336464819969000,69.7,1,69.7,230,69.8,9,2,2021-12-24 09:01:04
1640336464838751000,69.8,2,69.7,230,69.8,7,1,2021-12-24 09:01:04
1640336464868932000,69.8,5,69.7,230,69.8,2,1,2021-12-24 09:01:04
1640336464876066000,69.7,20,69.7,210,69.8,2,2,2021-12-24 09:01:04
1640336464893101000,69.8,1,69.7,210,69.8,1,1,2021-12-24 09:01:04
1640336464907951000,69.9,1,69.7,210,69.9,151,1,2021-12-24 09:01:04
1640336464910761000,69.9,5,69.7,210,69.9,146,1,2021-12-24 09:01:04
1640336464936586000,69.7,10,69.7,200,69.9,149,2,2021-12-24 09:01:04
1640336464969525000,69.7,100,69.7,100,69.9,149,2,2021-12-24 09:01:04
1640336464989530000,69.9,3,69.7,100,69.9,146,1,2021-12-24 09:01:04
1640336465034649000,69.7,58,69.7,42,69.8,14,2,2021-12-24 09:01:05
1640336465039792000,69.8,1,69.7,42,69.8,13,1,2021-12-24 09:01:05
1640336465060562000,69.8,1,69.7,42,69.8,15,1,2021-12-24 09:01:05
1640336465083884000,69.7,1,69.7,41,69.8,15,2,2021-12-24 09:01:05
1640336465088618000,69.8,1,69.7,41,69.8,14,1,2021-12-24 09:01:05
1640336465102663000,69.7,24,69.7,17,69.8,14,2,2021-12-24 09:01:05
1640336465133400000,69.8,1,69.7,17,69.8,13,1,2021-12-24 09:01:05
1640336465160501000,69.8,1,69.7,17,69.8,12,1,2021-12-24 09:01:05
1640336465173840000,69.7,10,69.7,7,69.8,12,2,2021-12-24 09:01:05
1640336465174380000,69.8,1,69.7,7,69.8,11,1,2021-12-24 09:01:05
1640336465253565000,69.7,1,69.7,6,69.8,14,2,2021-12-24 09:01:05
1640336465256187000,69.8,1,69.7,6,69.8,13,1,2021-12-24 09:01:05
1640336465289653000,69.8,2,69.7,6,69.8,11,1,2021-12-24 09:01:05
1640336465368022000,69.8,1,69.7,6,69.8,10,1,2021-12-24 09:01:05
1640336465378084000,69.7,1,69.7,5,69.8,10,2,2021-12-24 09:01:05
1640336465390384000,69.8,1,69.7,5,69.8,9,1,2021-12-24 09:01:05
1640336465407966000,69.8,1,69.7,5,69.8,8,1,2021-12-24 09:01:05
1640336465448527000,69.8,1,69.7,5,69.8,11,1,2021-12-24 09:01:05
1640336465458528000,69.8,1,69.7,5,69.8,10,1,2021-12-24 09:01:05
1640336465501417000,69.8,2,69.7,5,69.8,8,1,2021-12-24 09:01:05
1640336465506426000,69.8,3,69.7,5,69.8,5,1,2021-12-24 09:01:05
1640336465604760000,69.8,1,69.7,5,69.8,11,1,2021-12-24 09:01:05
1640336465622014000,69.8,1,69.7,5,69.8,10,1,2021-12-24 09:01:05
1640336465633599000,69.7,5,69.6,180,69.8,10,2,2021-12-24 09:01:05
1640336465806992000,69.6,2,69.6,177,69.8,10,2,2021-12-24 09:01:05
1640336465849305000,69.8,1,69.6,177,69.8,10,1,2021-12-24 09:01:05
1640336465871925000,69.8,1,69.6,177,69.8,9,1,2021-12-24 09:01:05
1640336466052251000,69.8,1,69.6,177,69.8,8,1,2021-12-24 09:01:06
1640336466082042000,69.8,1,69.6,177,69.8,7,1,2021-12-24 09:01:06
1640336466086737000,69.8,2,69.6,177,69.8,5,1,2021-12-24 09:01:06
1640336466170094000,69.8,3,69.6,177,69.8,3,1,2021-12-24 09:01:06
1640336466176515000,69.8,1,69.6,177,69.8,2,1,2021-12-24 09:01:06
1640336466218285000,69.8,2,69.6,177,69.9,154,1,2021-12-24 09:01:06
1640336466218285000,69.9,3,69.6,177,69.9,154,1,2021-12-24 09:01:06
1640336466241307000,69.9,1,69.6,177,69.9,153,1,2021-12-24 09:01:06
1640336466269741000,69.9,2,69.8,1,69.9,157,1,2021-12-24 09:01:06
1640336466301289000,69.8,1,69.8,1,69.9,157,2,2021-12-24 09:01:06
1640336466302607000,69.8,1,69.6,175,69.9,157,2,2021-12-24 09:01:06
1640336466337678000,69.7,1,69.6,175,69.7,4,1,2021-12-24 09:01:06
1640336466348532000,69.7,2,69.6,175,69.7,2,1,2021-12-24 09:01:06
1640336466570523000,69.7,1,69.6,178,69.7,13,1,2021-12-24 09:01:06
1640336466577243000,69.7,1,69.6,178,69.7,12,1,2021-12-24 09:01:06
1640336466608944000,69.7,1,69.6,178,69.7,16,1,2021-12-24 09:01:06
1640336466753721000,69.7,1,69.6,176,69.7,15,1,2021-12-24 09:01:06
1640336466754879000,69.7,1,69.6,176,69.7,14,1,2021-12-24 09:01:06
1640336466772006000,69.6,1,69.6,175,69.7,14,2,2021-12-24 09:01:06
