ts,close,volume,bid_price,bid_volume,ask_price,ask_volume,tick_type,datetime
1640336418377178000,29.2,592,29.15,1,29.2,2,1,2021-12-24 09:00:18
1640336418419958000,29.15,1,29.1,10,29.2,2,2,2021-12-24 09:00:18
1640336418419958000,29.1,3,29.1,10,29.2,2,2,2021-12-24 09:00:18
1640336418419992000,29.1,4,29.1,10,29.2,2,2,2021-12-24 09:00:18
1640336418438818000,29.2,1,29.1,10,29.2,1,1,2021-12-24 09:00:18
1640336418467013000,29.15,2,29.1,10,29.35,1,1,2021-12-24 09:00:18
1640336418467013000,29.2,2,29.1,10,29.35,1,1,2021-12-24 09:00:18
1640336418467013000,29.3,8,29.1,10,29.35,1,1,2021-12-24 09:00:18
1640336418467013000,29.35,1,29.1,10,29.35,1,1,2021-12-24 09:00:18
1640336418520726000,29.15,1,29.1,10,29.35,1,2,2021-12-24 09:00:18
1640336418769935000,29.1,10,29.0,9,29.3,1,2,2021-12-24 09:00:18
1640336418769935000,29.0,9,29.0,9,29.3,1,2,2021-12-24 09:00:18
1640336418889472000,29.0,2,29.0,6,29.3,1,2,2021-12-24 09:00:18
1640336418994693000,29.0,6,28.65,12,28.7,5,2,2021-12-24 09:00:18
1640336418994693000,28.95,2,28.65,12,28.7,5,2,2021-12-24 09:00:18
1640336418994693000,28.9,4,28.65,12,28.7,5,2,2021-12-24 09:00:18
1640336418994693000,28.8,3,28.65,12,28.7,5,2,2021-12-24 09:00:18
1640336418994693000,28.7,1,28.65,12,28.7,5,2,2021-12-24 09:00:18
1640336419021545000,28.7,5,28.65,12,29.3,1,1,2021-12-24 09:00:19
1640336419160584000,29.0,1,28.65,12,29.3,1,1,2021-12-24 09:00:19
1640336420399304000,28.65,12,0.0,0,0.0,0,2,2021-12-24 09:00:20
1640336420399304000,28.6,1,0.0,0,0.0,0,2,2021-12-24 09:00:20
1640336420399304000,28.5,8,0.0,0,0.0,0,2,2021-12-24 09:00:20
1640336420399304000,28.4,4,0.0,0,0.0,0,2,2021-12-24 09:00:20
1640336420399304000,28.35,1,0.0,0,0.0,0,2,2021-12-24 09:00:20
1640336420399304000,28.3,5,0.0,0,0.0,0,2,2021-12-24 09:00:20
1640336420399304000,28.25,2,0.0,0,0.0,0,2,2021-12-24 09:00:20
1640336420399304000,28.2,8,0.0,0,0.0,0,2,2021-12-24 09:00:20
1640336420399304000,28.2,0,0.0,0,0.0,0,2,2021-12-24 09:00:20
1640336540827939000,29.0,111,28.85,2,29.0,2,1,2021-12-24 09:02:20
1640336540883820000,28.85,1,28.85,1,29.0,2,2,2021-12-24 09:02:20
1640336540944018000,28.85,1,28.6,2,29.0,2,2,2021-12-24 09:02:20
1640336541687065000,28.6,2,28.5,16,29.0,2,2,2021-12-24 09:02:21
1640336541687065000,28.5,3,28.5,16,29.0,2,2,2021-12-24 09:02:21
1640336542035383000,28.5,10,28.5,6,28.95,1,2,2021-12-24 09:02:22
1640336542340170000,28.5,1,28.5,5,28.95,7,2,2021-12-24 09:02:22
1640336542728304000,28.65,1,28.65,49,28.95,7,2,2021-12-24 09:02:22
1640336543050507000,28.95,1,28.65,49,28.95,5,1,2021-12-24 09:02:23
1640336545346064000,28.5,5,28.5,2,28.9,6,2,2021-12-24 09:02:25
1640336545399530000,28.75,2,28.5,2,28.9,6,2,2021-12-24 09:02:25
1640336545596307000,28.9,1,28.5,2,28.9,5,1,2021-12-24 09:02:25
1640336546273103000,28.5,2,28.4,1,28.85,2,2,2021-12-24 09:02:26
1640336546273103000,28.4,1,28.4,1,28.85,2,2,2021-12-24 09:02:26
1640336546323259000,28.8,1,28.4,1,28.95,3,1,2021-12-24 09:02:26
1640336546323259000,28.85,2,28.4,1,28.95,3,1,2021-12-24 09:02:26
1640336546323259000,28.9,5,28.4,1,28.95,3,1,2021-12-24 09:02:26
1640336546323259000,28.95,2,28.4,1,28.95,3,1,2021-12-24 09:02:26
1640336547023396000,28.8,1,28.45,1,28.8,1,1,2021-12-24 09:02:27
1640336547423493000,28.75,1,28.5,5,28.75,3,1,2021-12-24 09:02:27
1640336547780736000,28.65,2,28.5,5,28.75,3,2,2021-12-24 09:02:27
1640336548552621000,28.5,1,28.5,4,28.75,3,2,2021-12-24 09:02:28
1640336548684509000,28.7,1,28.5,4,28.75,3,1,2021-12-24 09:02:28
1640336548851589000,28.75,1,28.5,4,28.75,2,1,2021-12-24 09:02:28
1640336550058339000,28.7,2,28.6,1,28.7,4,1,2021-12-24 09:02:30
1640336550300509000,28.7,4,28.6,1,28.9,31,1,2021-12-24 09:02:30
1640336550300509000,28.75,2,28.6,1,28.9,31,1,2021-12-24 09:02:30
1640336550300509000,28.8,1,28.6,1,28.9,31,1,2021-12-24 09:02:30
1640336550300509000,28.9,3,28.6,1,28.9,31,1,2021-12-24 09:02:30
1640336550514052000,28.9,1,28.6,1,28.9,27,1,2021-12-24 09:02:30
1640336551526423000,28.9,1,28.7,1,28.9,26,1,2021-12-24 09:02:31
1640336551787822000,28.7,1,28.6,2,28.65,87,2,2021-12-24 09:02:31
1640336552126057000,28.65,5,28.6,3,28.65,82,1,2021-12-24 09:02:32
1640336552445696000,28.65,1,28.6,3,28.65,81,1,2021-12-24 09:02:32
1640336552463416000,28.65,1,28.6,3,28.65,80,1,2021-12-24 09:02:32
1640336552729779000,28.65,1,28.6,3,28.65,79,1,2021-12-24 09:02:32
1640336553007210000,28.6,3,28.45,2,28.65,79,2,2021-12-24 09:02:33
1640336553007210000,28.55,6,28.45,2,28.65,79,2,2021-12-24 09:02:33
1640336553007210000,28.5,3,28.45,2,28.65,79,2,2021-12-24 09:02:33
1640336553007210000,28.45,4,28.45,2,28.65,79,2,2021-12-24 09:02:33
1640336553179759000,28.65,5,28.55,2,28.65,74,1,2021-12-24 09:02:33
1640336553342815000,28.6,3,28.6,7,28.65,74,2,2021-12-24 09:02:33
1640336553579340000,28.6,1,28.6,6,28.65,74,2,2021-12-24 09:02:33
1640336553669736000,28.6,1,28.6,5,28.65,74,2,2021-12-24 09:02:33
1640336553877906000,28.65,5,28.6,5,28.65,69,1,2021-12-24 09:02:33
1640336554075109000,28.65,1,28.6,5,28.65,68,1,2021-12-24 09:02:34
1640336554097084000,28.65,5,28.6,5,28.65,63,1,2021-12-24 09:02:34
1640336554945443000,28.6,2,28.6,3,28.65,63,2,2021-12-24 09:02:34
1640336555242714000,28.65,1,28.6,3,28.65,72,1,2021-12-24 09:02:35
1640336555262399000,28.65,1,28.6,3,28.65,71,1,2021-12-24 09:02:35
1640336555311185000,28.6,1,28.6,2,28.65,71,2,2021-12-24 09:02:35
1640336555729299000,28.6,2,28.5,8,28.65,71,2,2021-12-24 09:02:35
1640336556318218000,28.65,30,28.5,8,28.65,41,1,2021-12-24 09:02:36
1640336556652032000,28.6,1,28.5,8,28.6,8,1,2021-12-24 09:02:36
1640336557324968000,28.6,1,28.5,9,28.6,10,1,2021-12-24 09:02:37
1640336557859407000,28.6,1,28.5,9,28.6,9,1,2021-12-24 09:02:37
1640336558340141000,28.6,9,28.55,189,28.65,42,1,2021-12-24 09:02:38
1640336558374282000,28.65,42,28.55,189,28.7,2,1,2021-12-24 09:02:38
1640336558680860000,28.6,1,28.55,189,28.7,2,2,2021-12-24 09:02:38
1640336558714379000,28.55,2,28.55,187,28.7,2,2,2021-12-24 09:02:38
1640336558858332000,28.7,2,28.55,187,28.9,44,1,2021-12-24 09:02:38
1640336558858332000,28.9,3,28.55,187,28.9,44,1,2021-12-24 09:02:38
1640336559380833000,28.6,1,28.6,2,28.9,41,2,2021-12-24 09:02:39
1640336559440930000,28.6,2,28.5,20,28.85,1,2,2021-12-24 09:02:39
1640336559440930000,28.5,1,28.5,20,28.85,1,2,2021-12-24 09:02:39
1640336559487920000,28.5,2,28.5,18,28.85,1,2,2021-12-24 09:02:39
1640336560209303000,28.65,2,28.6,2,28.85,1,2,2021-12-24 09:02:40
1640336560209303000,28.6,1,28.6,2,28.85,1,2,2021-12-24 09:02:40
1640336560542763000,28.8,3,28.6,3,28.85,1,2,2021-12-24 09:02:40
1640336560800172000,28.6,1,28.5,7,28.85,1,2,2021-12-24 09:02:40
1640336560800172000,28.55,1,28.5,7,28.85,1,2,2021-12-24 09:02:40
1640336560800172000,28.5,6,28.5,7,28.85,1,2,2021-12-24 09:02:40
1640336560901975000,28.85,1,28.5,7,28.9,45,1,2021-12-24 09:02:40
1640336561149012000,28.5,2,28.5,5,28.9,41,2,2021-12-24 09:02:41
1640336561415644000,28.9,1,28.5,5,28.9,40,1,2021-12-24 09:02:41
1640336561675064000,28.6,1,28.55,6,28.9,43,2,2021-12-24 09:02:41
1640336561740079000,28.55,1,28.55,5,28.9,43,2,2021-12-24 09:02:41
1640336562262515000,28.65,1,28.55,5,28.75,3,1,2021-12-24 09:02:42
1640336562569356000,28.65,1,28.55,4,28.75,3,2,2021-12-24 09:02:42
1640336562569356000,28.55,1,28.55,4,28.75,3,2,2021-12-24 09:02:42
1640336563039866000,28.6,1,28.55,5,28.6,1,1,2021-12-24 09:02:43
1640336563074208000,28.6,1,28.55,5,28.75,9,1,2021-12-24 09:02:43
1640336564499766000,28.6,2,28.65,8,28.7,7,1,2021-12-24 09:02:44
1640336564638839000,28.65,1,28.65,7,28.7,7,2,2021-12-24 09:02:44
1640336564663694000,28.65,7,28.55,18,28.7,7,2,2021-12-24 09:02:44
1640336565019407000,28.65,3,28.55,18,28.65,1,1,2021-12-24 09:02:45
1640336565060455000,28.65,1,28.55,18,28.7,7,1,2021-12-24 09:02:45
1640336566140437000,28.6,1,28.55,18,28.7,7,1,2021-12-24 09:02:46
1640336566876337000,28.65,1,28.6,1,28.7,6,1,2021-12-24 09:02:46
1640336566876337000,28.7,1,28.6,1,28.7,6,1,2021-12-24 09:02:46
1640336567303677000,28.6,1,28.55,22,28.7,6,2,2021-12-24 09:02:47
1640336568014456000,28.65,2,28.6,5,28.7,6,1,2021-12-24 09:02:48
1640336569136423000,28.6,18,28.55,22,28.65,2,2,2021-12-24 09:02:49
1640336570528745000,28.65,1,28.6,2,28.65,1,1,2021-12-24 09:02:50
1640336570544410000,28.65,1,28.6,2,28.7,27,1,2021-12-24 09:02:50
1640336570849454000,28.65,1,28.6,2,28.65,79,2,2021-12-24 09:02:50
1640336570869656000,28.6,2,28.55,22,28.65,79,2,2021-12-24 09:02:50
1640336570908913000,28.55,1,28.55,21,28.65,79,2,2021-12-24 09:02:50
1640336571013633000,28.55,4,28.55,17,28.65,80,2,2021-12-24 09:02:51
1640336571219593000,28.6,1,28.55,17,28.65,80,2,2021-12-24 09:02:51
1640336571219631000,28.6,1,28.55,17,28.65,80,2,2021-12-24 09:02:51
1640336571784052000,28.65,1,28.55,17,28.65,82,1,2021-12-24 09:02:51
1640336571810660000,28.55,4,28.55,13,28.65,82,2,2021-12-24 09:02:51
1640336572375653000,28.55,15,28.5,32,28.6,1,2,2021-12-24 09:02:52
1640336572705909000,28.6,1,28.5,32,28.6,1,1,2021-12-24 09:02:52
1640336573001980000,28.6,1,28.6,2,28.65,82,1,2021-12-24 09:02:53
1640336573055038000,28.6,2,28.5,32,28.6,8,2,2021-12-24 09:02:53
1640336573154458000,28.5,3,28.5,29,28.6,8,2,2021-12-24 09:02:53
1640336573288859000,28.6,1,28.5,29,28.6,7,1,2021-12-24 09:02:53
1640336573408645000,28.55,5,28.5,29,28.55,5,1,2021-12-24 09:02:53
1640336573903308000,28.5,1,28.5,28,28.55,5,2,2021-12-24 09:02:53
1640336573927698000,28.55,1,28.5,28,28.55,4,1,2021-12-24 09:02:53
1640336574137995000,28.6,1,28.5,28,28.6,8,1,2021-12-24 09:02:54
1640336574653697000,28.5,2,28.5,26,28.6,9,2,2021-12-24 09:02:54
1640336574744001000,28.5,2,28.5,24,28.6,9,2,2021-12-24 09:02:54
1640336574776287000,28.6,1,28.55,1,28.6,9,1,2021-12-24 09:02:54
1640336574778618000,28.55,1,28.5,24,28.6,9,2,2021-12-24 09:02:54
1640336575556783000,28.55,2,28.5,24,28.6,12,2,2021-12-24 09:02:55
1640336575605782000,28.6,1,28.5,24,28.6,14,1,2021-12-24 09:02:55
1640336575786271000,28.6,5,28.5,24,28.6,9,1,2021-12-24 09:02:55
1640336576358331000,28.6,1,28.5,24,28.6,9,1,2021-12-24 09:02:56
1640336576536685000,28.55,10,28.5,25,28.6,10,2,2021-12-24 09:02:56
1640336576814815000,28.55,1,28.5,25,28.55,2,1,2021-12-24 09:02:56
1640336576816647000,28.55,1,28.5,25,28.55,1,1,2021-12-24 09:02:56
1640336576870783000,28.5,5,28.5,20,28.55,1,2,2021-12-24 09:02:56
1640336576906914000,28.55,1,28.5,20,28.6,7,1,2021-12-24 09:02:56
1640336576906914000,28.6,3,28.5,20,28.6,7,1,2021-12-24 09:02:56
1640336576977259000,28.5,1,28.5,19,28.6,7,2,2021-12-24 09:02:56
1640336577247995000,28.6,1,28.5,19,28.6,6,1,2021-12-24 09:02:57
1640336577283114000,28.6,4,28.5,19,28.6,23,1,2021-12-24 09:02:57
1640336577388371000,28.5,10,28.5,9,28.6,23,2,2021-12-24 09:02:57
1640336577949545000,28.5,9,28.45,16,28.55,1,2,2021-12-24 09:02:57
1640336578621462000,28.5,1,28.45,16,28.5,3,1,2021-12-24 09:02:58
1640336578705453000,28.5,3,28.45,16,28.55,1,1,2021-12-24 09:02:58
1640336578789486000,28.55,1,28.5,1,28.6,33,1,2021-12-24 09:02:58
1640336578793187000,28.5,1,28.45,7,28.6,33,2,2021-12-24 09:02:58
1640336578793187000,28.45,9,28.45,7,28.6,33,2,2021-12-24 09:02:58
1640336579029050000,28.5,1,28.45,7,28.5,4,1,2021-12-24 09:02:59
1640336579155798000,28.5,2,28.45,7,28.5,2,1,2021-12-24 09:02:59
1640336579367632000,28.45,1,28.45,6,28.5,2,2,2021-12-24 09:02:59
1640336579549086000,28.5,1,28.45,6,28.5,1,1,2021-12-24 09:02:59
1640336579681614000,28.5,1,28.45,6,28.6,34,1,2021-12-24 09:02:59
1640336580253928000,28.5,2,28.45,6,28.6,34,2,2021-12-24 09:03:00
1640336580309400000,28.5,2,28.45,6,28.5,8,2,2021-12-24 09:03:00
1640336580453156000,28.5,3,28.45,195,28.5,5,1,2021-12-24 09:03:00
1640336580481825000,28.5,5,28.45,195,28.6,34,1,2021-12-24 09:03:00
1640336580623921000,28.5,1,28.45,186,28.6,34,2,2021-12-24 09:03:00
1640336580623921000,28.45,9,28.45,186,28.6,34,2,2021-12-24 09:03:00
1640336580660705000,28.45,10,28.45,176,28.6,34,2,2021-12-24 09:03:00
1640336580926069000,28.5,3,28.45,176,28.5,75,2,2021-12-24 09:03:00
1640336581397413000,28.5,1,28.45,176,28.5,84,1,2021-12-24 09:03:01
1640336581399146000,28.45,3,28.45,173,28.5,84,2,2021-12-24 09:03:01
1640336581514303000,28.5,10,28.45,173,28.5,74,1,2021-12-24 09:03:01
1640336581996653000,28.45,10,28.4,14,28.45,11,1,2021-12-24 09:03:01
1640336582017574000,28.45,10,28.4,14,28.45,1,1,2021-12-24 09:03:02
1640336582021356000,28.45,1,28.4,14,28.5,74,1,2021-12-24 09:03:02
1640336582028358000,28.5,5,28.4,14,28.5,69,1,2021-12-24 09:03:02
1640336582139096000,28.5,2,28.4,14,28.5,67,1,2021-12-24 09:03:02
1640336582294717000,28.5,3,28.4,14,28.5,64,1,2021-12-24 09:03:02
1640336582360659000,28.4,5,28.4,9,28.5,64,2,2021-12-24 09:03:02
1640336582805135000,28.4,1,28.4,9,28.5,65,2,2021-12-24 09:03:02
1640336582964561000,28.5,5,28.4,9,28.5,60,1,2021-12-24 09:03:02
1640336583013353000,28.4,5,28.4,4,28.5,60,2,2021-12-24 09:03:03
1640336583283681000,28.4,1,28.4,3,28.45,10,2,2021-12-24 09:03:03
1640336583601722000,28.4,1,28.4,2,28.45,11,2,2021-12-24 09:03:03
1640336583737840000,28.4,1,28.4,1,28.45,11,2,2021-12-24 09:03:03
1640336583891627000,28.4,1,28.35,96,28.45,11,2,2021-12-24 09:03:03
1640336584105001000,28.4,1,28.4,4,28.45,12,2,2021-12-24 09:03:04
1640336584156619000,28.45,10,28.4,4,28.45,2,1,2021-12-24 09:03:04
1640336584187784000,28.45,1,28.4,4,28.45,1,1,2021-12-24 09:03:04
1640336584239037000,28.4,1,28.4,3,28.45,1,2,2021-12-24 09:03:04
1640336584390509000,28.4,1,28.4,2,28.45,1,2,2021-12-24 09:03:04
1640336584504890000,28.4,1,28.4,1,28.45,2,2,2021-12-24 09:03:04
1640336584638483000,28.4,1,28.35,96,28.45,9,2,2021-12-24 09:03:04
1640336584774013000,28.4,1,28.5,68,28.55,4,1,2021-12-24 09:03:04
1640336584774013000,28.45,9,28.5,68,28.55,4,1,2021-12-24 09:03:04
1640336584774013000,28.5,111,28.5,68,28.55,4,1,2021-12-24 09:03:04
1640336584892132000,28.5,1,28.5,67,28.55,4,2,2021-12-24 09:03:04
1640336584929912000,28.5,10,28.5,57,28.55,4,2,2021-12-24 09:03:04
1640336585026489000,28.5,1,28.5,59,28.55,4,2,2021-12-24 09:03:05
1640336585104652000,28.5,2,28.5,57,28.55,4,2,2021-12-24 09:03:05
1640336585189394000,28.5,1,28.5,56,28.55,4,2,2021-12-24 09:03:05
1640336585292027000,28.5,1,28.5,55,28.55,4,2,2021-12-24 09:03:05
1640336585312730000,28.55,1,28.5,55,28.55,3,1,2021-12-24 09:03:05
1640336585429302000,28.5,1,28.5,54,28.55,3,2,2021-12-24 09:03:05
1640336586138596000,28.5,1,28.5,54,28.55,4,2,2021-12-24 09:03:06
1640336586682104000,28.5,2,28.5,52,28.55,4,2,2021-12-24 09:03:06
1640336586828748000,28.5,1,28.5,51,28.55,4,2,2021-12-24 09:03:06
1640336586982923000,28.55,2,28.5,51,28.55,2,1,2021-12-24 09:03:06
1640336587356399000,28.55,3,28.5,51,28.55,19,1,2021-12-24 09:03:07
1640336587582888000,28.5,1,28.5,51,28.55,19,2,2021-12-24 09:03:07
1640336587907177000,28.5,3,28.5,48,28.55,19,2,2021-12-24 09:03:07
1640336588294491000,28.5,40,28.5,197,28.55,19,2,2021-12-24 09:03:08
1640336588381686000,28.55,2,28.5,386,28.55,17,1,2021-12-24 09:03:08
1640336588408716000,28.55,3,28.5,386,28.55,14,1,2021-12-24 09:03:08
1640336588431958000,28.5,1,28.5,385,28.55,14,2,2021-12-24 09:03:08
1640336588440818000,28.55,14,28.5,385,28.6,31,1,2021-12-24 09:03:08
1640336588583856000,28.55,1,28.5,575,28.6,31,1,2021-12-24 09:03:08
1640336588589117000,28.5,1,28.5,574,28.6,31,2,2021-12-24 09:03:08
1640336588696133000,28.6,5,28.5,574,28.6,26,1,2021-12-24 09:03:08
1640336588702662000,28.6,10,28.5,574,28.6,16,1,2021-12-24 09:03:08
1640336588727378000,28.6,4,28.5,574,28.6,12,1,2021-12-24 09:03:08
1640336588855786000,28.5,1,28.5,762,28.6,12,2,2021-12-24 09:03:08
1640336588950167000,28.5,1,28.5,761,28.6,12,2,2021-12-24 09:03:08
1640336589236139000,28.6,1,28.5,1139,28.6,11,1,2021-12-24 09:03:09
1640336589258346000,28.5,1,28.5,1138,28.6,11,2,2021-12-24 09:03:09
1640336589435855000,28.6,2,28.5,1327,28.6,9,1,2021-12-24 09:03:09
1640336589439299000,28.6,1,28.5,1327,28.6,8,1,2021-12-24 09:03:09
1640336589512488000,28.6,3,28.55,4,28.65,10,1,2021-12-24 09:03:09
1640336589512648000,28.6,5,28.55,4,28.65,10,1,2021-12-24 09:03:09
1640336589890759000,28.55,1,28.55,3,28.65,10,2,2021-12-24 09:03:09
1640336590343228000,28.55,3,28.5,2,28.65,10,2,2021-12-24 09:03:10
1640336590343228000,28.5,7,28.5,2,28.65,10,2,2021-12-24 09:03:10
1640336590360590000,28.5,1,28.5,1,28.65,10,2,2021-12-24 09:03:10
1640336590830758000,28.55,3,28.55,3,28.6,10,2,2021-12-24 09:03:10
1640336590850402000,28.55,1,28.55,2,28.6,10,2,2021-12-24 09:03:10
1640336590977284000,28.55,2,28.5,1,28.6,10,2,2021-12-24 09:03:10
1640336591112175000,28.6,10,28.5,1,28.65,20,1,2021-12-24 09:03:11
1640336591244614000,28.65,1,28.5,2,28.65,19,1,2021-12-24 09:03:11
1640336591421352000,28.65,1,28.5,2,28.65,18,1,2021-12-24 09:03:11
1640336591932040000,28.5,1,28.5,4,28.55,2,2,2021-12-24 09:03:11
1640336592552192000,28.55,2,28.5,5,28.65,18,1,2021-12-24 09:03:12
1640336592949090000,28.5,2,28.5,5,28.65,18,2,2021-12-24 09:03:12
1640336593285569000,28.65,5,28.5,8,28.65,13,1,2021-12-24 09:03:13
1640336593307176000,28.65,1,28.5,8,28.65,12,1,2021-12-24 09:03:13
1640336594020569000,28.5,9,28.45,30,28.6,1,2,2021-12-24 09:03:14
1640336594020569000,28.45,6,28.45,30,28.6,1,2,2021-12-24 09:03:14
1640336594297111000,28.6,3,28.45,30,28.6,7,1,2021-12-24 09:03:14
1640336594580411000,28.5,2,28.45,40,28.5,3,2,2021-12-24 09:03:14
1640336594613794000,28.5,3,28.45,40,28.6,3,1,2021-12-24 09:03:14
1640336594791205000,28.55,1,28.5,2,28.55,1,1,2021-12-24 09:03:14
1640336594822913000,28.55,1,28.5,2,28.6,3,1,2021-12-24 09:03:14
1640336594870824000,28.6,2,28.5,2,28.6,1,1,2021-12-24 09:03:14
1640336595134107000,28.6,1,28.55,10,28.65,16,1,2021-12-24 09:03:15
1640336595224573000,28.55,1,28.55,9,28.65,16,2,2021-12-24 09:03:15
1640336595558503000,28.55,2,28.55,7,28.65,16,2,2021-12-24 09:03:15
1640336595698938000,28.55,2,28.55,5,28.65,16,2,2021-12-24 09:03:15
1640336595970247000,28.65,1,28.55,5,28.65,15,1,2021-12-24 09:03:15
1640336596232216000,28.6,3,28.55,5,28.65,15,1,2021-12-24 09:03:16
1640336596341653000,28.55,1,28.55,4,28.6,1,2,2021-12-24 09:03:16
1640336596962292000,28.55,1,28.55,13,28.6,2,2,2021-12-24 09:03:16
1640336597041064000,28.55,2,28.55,11,28.6,4,2,2021-12-24 09:03:17
1640336597049123000,28.6,1,28.55,11,28.6,3,1,2021-12-24 09:03:17
1640336597077560000,28.6,3,28.55,11,28.65,16,1,2021-12-24 09:03:17
1640336597108201000,28.65,2,28.55,11,28.65,14,1,2021-12-24 09:03:17
1640336597202820000,28.55,1,28.55,10,28.65,14,2,2021-12-24 09:03:17
1640336597266328000,28.6,1,28.55,10,28.65,14,1,2021-12-24 09:03:17
1640336597403529000,28.55,4,28.55,6,28.65,14,2,2021-12-24 09:03:17
1640336597847446000,28.6,5,28.55,6,28.6,6,1,2021-12-24 09:03:17
1640336598064702000,28.6,7,28.6,3,28.65,14,1,2021-12-24 09:03:18
1640336598210042000,28.6,2,28.6,1,28.65,14,2,2021-12-24 09:03:18
1640336598251090000,28.65,1,28.6,1,28.65,13,1,2021-12-24 09:03:18
1640336598422494000,28.6,1,28.55,4,28.65,13,2,2021-12-24 09:03:18
1640336598422494000,28.55,2,28.55,4,28.65,13,2,2021-12-24 09:03:18
1640336598697002000,28.65,3,28.55,5,28.65,10,1,2021-12-24 09:03:18
1640336598752918000,28.6,1,28.55,5,28.6,9,2,2021-12-24 09:03:18
1640336598904193000,28.6,5,28.55,5,28.6,4,1,2021-12-24 09:03:18
1640336598924879000,28.6,4,28.55,5,28.65,12,1,2021-12-24 09:03:18
1640336599247836000,28.55,2,28.55,4,28.6,4,2,2021-12-24 09:03:19
1640336599266814000,28.6,4,28.55,4,28.65,12,1,2021-12-24 09:03:19
1640336599487567000,28.55,3,28.55,1,28.6,1,2,2021-12-24 09:03:19
1640336599613812000,28.6,1,28.55,1,28.65,12,1,2021-12-24 09:03:19
1640336599905246000,28.55,1,28.5,19,28.55,4,2,2021-12-24 09:03:19
1640336599914467000,28.55,4,28.5,19,28.65,12,1,2021-12-24 09:03:19
1640336599937008000,28.55,4,28.5,19,28.65,12,1,2021-12-24 09:03:19
1640336600498989000,28.55,1,28.5,19,28.55,4,2,2021-12-24 09:03:20
1640336600668363000,28.55,1,28.5,19,28.55,3,1,2021-12-24 09:03:20
1640336601030399000,28.55,3,28.5,19,28.65,11,1,2021-12-24 09:03:21
1640336601030399000,28.6,1,28.5,19,28.65,11,1,2021-12-24 09:03:21
1640336601030399000,28.65,1,28.5,19,28.65,11,1,2021-12-24 09:03:21
1640336602093569000,28.6,2,28.6,4,28.65,11,2,2021-12-24 09:03:22
1640336602249426000,28.65,1,28.6,4,28.65,10,1,2021-12-24 09:03:22
1640336602319374000,28.6,2,28.6,2,28.65,10,2,2021-12-24 09:03:22
1640336602587216000,28.6,1,28.6,1,28.65,10,2,2021-12-24 09:03:22
1640336603397492000,28.6,6,28.55,22,28.65,11,2,2021-12-24 09:03:23
1640336603397492000,28.55,4,28.55,22,28.65,11,2,2021-12-24 09:03:23
1640336603992805000,28.6,6,28.55,18,28.65,11,2,2021-12-24 09:03:23
1640336603992805000,28.55,4,28.55,18,28.65,11,2,2021-12-24 09:03:23
1640336604499022000,28.55,2,28.55,17,28.65,11,2,2021-12-24 09:03:24
1640336605308228000,28.65,5,28.6,11,28.65,6,1,2021-12-24 09:03:25
1640336605408438000,28.6,1,28.6,10,28.65,7,2,2021-12-24 09:03:25
1640336605689578000,28.6,1,28.6,9,28.65,7,2,2021-12-24 09:03:25
1640336606118217000,28.6,1,28.6,8,28.65,8,2,2021-12-24 09:03:26
1640336606368345000,28.6,2,28.6,6,28.65,9,2,2021-12-24 09:03:26
1640336606699967000,28.65,1,28.6,30,28.65,10,1,2021-12-24 09:03:26
1640336606917934000,28.65,5,28.6,30,28.65,5,1,2021-12-24 09:03:26
1640336606951846000,28.65,2,28.6,30,28.65,3,1,2021-12-24 09:03:26
1640336609131744000,28.65,1,28.6,219,28.65,2,1,2021-12-24 09:03:29
1640336609282985000,28.6,15,28.6,204,28.65,2,2,2021-12-24 09:03:29
1640336609346742000,28.65,2,28.65,3,28.7,23,1,2021-12-24 09:03:29
1640336609540171000,28.7,4,28.65,3,28.7,19,1,2021-12-24 09:03:29
1640336609623065000,28.65,2,28.65,1,28.7,19,2,2021-12-24 09:03:29
1640336609953570000,28.7,5,28.65,1,28.7,19,1,2021-12-24 09:03:29
1640336610347619000,28.65,1,28.6,18,28.7,19,2,2021-12-24 09:03:30
1640336610600076000,28.7,1,28.6,19,28.7,18,1,2021-12-24 09:03:30
1640336610717160000,28.7,2,28.6,19,28.7,16,1,2021-12-24 09:03:30
1640336611270980000,28.7,1,28.65,4,28.7,15,1,2021-12-24 09:03:31
1640336612268639000,28.7,5,28.65,5,28.7,10,1,2021-12-24 09:03:32
1640336612428829000,28.7,5,28.65,5,28.7,5,1,2021-12-24 09:03:32
1640336613186696000,28.7,1,28.65,200,28.7,4,1,2021-12-24 09:03:33
1640336614885475000,28.7,2,28.65,11,28.7,2,1,2021-12-24 09:03:34
1640336614982644000,28.7,2,28.65,11,28.75,16,1,2021-12-24 09:03:34
1640336615046512000,28.75,1,28.65,11,28.75,15,1,2021-12-24 09:03:35
1640336615296146000,28.65,11,28.6,32,28.65,19,2,2021-12-24 09:03:35
1640336615441819000,28.65,1,28.6,32,28.65,18,1,2021-12-24 09:03:35
1640336615687680000,28.65,1,28.6,32,28.65,17,1,2021-12-24 09:03:35
1640336616806997000,28.65,2,28.6,33,28.65,16,1,2021-12-24 09:03:36
1640336616824961000,28.65,1,28.6,33,28.65,15,1,2021-12-24 09:03:36
1640336616842427000,28.65,1,28.6,33,28.65,14,1,2021-12-24 09:03:36
1640336617357564000,28.6,1,28.6,32,28.65,14,2,2021-12-24 09:03:37
1640336617480406000,28.65,14,28.6,33,28.7,9,1,2021-12-24 09:03:37
1640336617480406000,28.7,1,28.6,33,28.7,9,1,2021-12-24 09:03:37
1640336617909507000,28.65,1,28.6,34,28.7,9,2,2021-12-24 09:03:37
1640336618151669000,28.6,1,28.6,33,28.7,9,2,2021-12-24 09:03:38
1640336619568262000,28.7,2,28.65,3,28.7,7,1,2021-12-24 09:03:39
1640336619883502000,28.65,1,28.65,5,28.7,7,2,2021-12-24 09:03:39
1640336620260536000,28.65,2,28.65,8,28.7,7,2,2021-12-24 09:03:40
1640336620613136000,28.7,1,28.65,8,28.7,8,1,2021-12-24 09:03:40
1640336620618892000,28.65,8,28.6,43,28.7,8,2,2021-12-24 09:03:40
1640336621615851000,28.65,4,28.6,39,28.7,10,2,2021-12-24 09:03:41
1640336621615851000,28.6,6,28.6,39,28.7,10,2,2021-12-24 09:03:41
1640336621620394000,28.6,5,28.6,34,28.7,10,2,2021-12-24 09:03:41
1640336622029526000,28.7,6,28.6,34,28.7,5,1,2021-12-24 09:03:42
1640336622371825000,28.7,3,28.65,1,28.7,2,1,2021-12-24 09:03:42
1640336623437242000,28.65,1,28.65,2,28.7,2,2,2021-12-24 09:03:43
1640336623496751000,28.65,2,28.6,38,28.65,1,2,2021-12-24 09:03:43
1640336623566401000,28.65,1,28.6,38,28.7,1,1,2021-12-24 09:03:43
1640336623566401000,28.7,1,28.6,38,28.7,1,1,2021-12-24 09:03:43
1640336624222387000,28.7,2,28.65,1,28.75,15,1,2021-12-24 09:03:44
1640336625004455000,28.7,1,28.65,2,28.75,15,1,2021-12-24 09:03:45
1640336625960295000,28.65,4,28.65,1,28.7,6,2,2021-12-24 09:03:45
1640336627041624000,28.7,1,28.65,4,28.7,8,1,2021-12-24 09:03:47
1640336627255075000,28.7,1,28.65,4,28.7,7,1,2021-12-24 09:03:47
1640336627421494000,28.65,3,28.65,190,28.7,7,2,2021-12-24 09:03:47
1640336628128776000,28.65,1,28.6,45,28.65,2,2,2021-12-24 09:03:48
1640336628199891000,28.65,2,28.6,43,28.7,8,1,2021-12-24 09:03:48
1640336628232861000,28.65,1,28.6,43,28.7,8,2,2021-12-24 09:03:48
1640336629414121000,28.7,8,28.7,2,28.75,16,1,2021-12-24 09:03:49
1640336629456354000,28.7,2,28.6,62,28.75,16,2,2021-12-24 09:03:49
1640336629951138000,28.7,1,28.65,2,28.7,18,1,2021-12-24 09:03:49
1640336630314834000,28.65,1,28.65,1,28.7,18,2,2021-12-24 09:03:50
1640336630462807000,28.65,1,28.6,62,28.7,18,2,2021-12-24 09:03:50
1640336630515107000,28.7,4,28.6,62,28.7,14,1,2021-12-24 09:03:50
1640336630953338000,28.65,1,28.65,1,28.7,14,1,2021-12-24 09:03:50
1640336631910268000,28.65,1,28.65,1,28.7,18,2,2021-12-24 09:03:51
1640336633187483000,28.7,4,28.65,13,28.7,14,1,2021-12-24 09:03:53
1640336633288295000,28.7,1,28.65,13,28.7,13,1,2021-12-24 09:03:53
1640336634166849000,28.65,10,28.65,3,28.7,14,2,2021-12-24 09:03:54
1640336634177386000,28.65,3,28.6,64,28.65,2,2,2021-12-24 09:03:54
1640336634192714000,28.65,2,28.6,64,28.7,11,1,2021-12-24 09:03:54
1640336634192714000,28.7,3,28.6,64,28.7,11,1,2021-12-24 09:03:54
1640336634902867000,28.65,1,28.6,64,28.65,3,1,2021-12-24 09:03:54
1640336635258686000,28.6,2,28.6,62,28.65,3,2,2021-12-24 09:03:55
1640336635565841000,28.65,1,28.6,62,28.65,2,1,2021-12-24 09:03:55
1640336635593176000,28.6,37,28.6,25,28.65,2,2,2021-12-24 09:03:55
1640336635641687000,28.6,3,28.6,23,28.65,2,2,2021-12-24 09:03:55
1640336635659182000,28.6,22,28.6,1,28.65,2,2,2021-12-24 09:03:55
1640336635705608000,28.65,1,28.6,1,28.65,1,1,2021-12-24 09:03:55
1640336635812556000,28.65,1,28.6,1,28.7,20,1,2021-12-24 09:03:55
1640336635812556000,28.7,1,28.6,1,28.7,20,1,2021-12-24 09:03:55
1640336636099767000,28.65,1,28.6,1,28.7,20,2,2021-12-24 09:03:56
1640336636362666000,28.65,1,28.65,1,28.7,20,1,2021-12-24 09:03:56
1640336636391513000,28.65,1,28.6,1,28.7,20,2,2021-12-24 09:03:56
1640336636964248000,28.65,3,28.6,1,28.7,18,1,2021-12-24 09:03:56
1640336636964248000,28.7,2,28.6,1,28.7,18,1,2021-12-24 09:03:56
1640336637299979000,28.65,2,28.6,1,28.7,2,1,2021-12-24 09:03:57
1640336637299979000,28.7,18,28.6,1,28.7,2,1,2021-12-24 09:03:57
1640336637633455000,28.6,1,28.55,209,28.7,2,2,2021-12-24 09:03:57
1640336637987811000,28.65,1,28.55,209,28.7,2,2,2021-12-24 09:03:57
1640336638042376000,28.7,1,28.55,209,28.7,7,1,2021-12-24 09:03:58
1640336638719133000,28.65,2,28.55,209,28.7,4,2,2021-12-24 09:03:58
1640336638719133000,28.6,2,28.55,209,28.7,4,2,2021-12-24 09:03:58
1640336639210971000,28.65,2,28.55,209,28.65,6,1,2021-12-24 09:03:59
1640336639556028000,28.6,1,28.55,209,28.6,9,1,2021-12-24 09:03:59
1640336639843474000,28.6,1,28.55,209,28.6,8,1,2021-12-24 09:03:59
1640336639999137000,28.6,1,28.55,209,28.6,7,1,2021-12-24 09:03:59
1640336640248652000,28.6,1,28.55,209,28.6,6,1,2021-12-24 09:04:00
1640336640643555000,28.55,10,28.55,199,28.6,6,2,2021-12-24 09:04:00
1640336640683508000,28.55,10,28.5,76,28.6,6,2,2021-12-24 09:04:00
1640336640829785000,28.6,1,28.5,76,28.6,5,1,2021-12-24 09:04:00
1640336640920904000,28.55,1,28.5,76,28.55,9,2,2021-12-24 09:04:00
1640336640978407000,28.55,2,28.5,76,28.55,7,1,2021-12-24 09:04:00
1640336641084870000,28.5,5,28.5,71,28.55,7,2,2021-12-24 09:04:01
1640336641125736000,28.55,1,28.5,71,28.55,6,1,2021-12-24 09:04:01
1640336641261406000,28.55,2,28.5,71,28.55,4,1,2021-12-24 09:04:01
1640336641907418000,28.55,1,28.5,70,28.55,8,1,2021-12-24 09:04:01
1640336642085015000,28.55,1,28.5,70,28.55,7,1,2021-12-24 09:04:02
1640336642248002000,28.5,1,28.5,69,28.55,7,2,2021-12-24 09:04:02
1640336642435512000,28.55,1,28.5,69,28.55,6,1,2021-12-24 09:04:02
1640336642839918000,28.55,1,28.5,258,28.55,5,1,2021-12-24 09:04:02
1640336642945582000,28.55,6,28.55,4,28.6,8,1,2021-12-24 09:04:02
1640336643534010000,28.55,1,28.55,3,28.6,8,2,2021-12-24 09:04:03
1640336644119530000,28.6,1,28.55,8,28.6,8,1,2021-12-24 09:04:04
1640336644469974000,28.55,1,28.55,7,28.6,8,2,2021-12-24 09:04:04
1640336644647594000,28.6,3,28.55,7,28.6,5,1,2021-12-24 09:04:04
1640336644849340000,28.6,5,28.55,7,28.65,13,1,2021-12-24 09:04:04
1640336644849340000,28.65,5,28.55,7,28.65,13,1,2021-12-24 09:04:04
1640336645694805000,28.55,5,28.55,191,28.65,13,2,2021-12-24 09:04:05
1640336646508563000,28.55,1,28.55,4,28.65,13,2,2021-12-24 09:04:06
1640336647183767000,28.55,1,28.55,4,28.65,15,2,2021-12-24 09:04:07
1640336648680177000,28.6,1,28.55,8,28.6,6,1,2021-12-24 09:04:08
1640336648732642000,28.55,3,28.55,5,28.6,6,2,2021-12-24 09:04:08
1640336649092193000,28.55,1,28.55,5,28.6,6,2,2021-12-24 09:04:09
1640336649415991000,28.6,1,28.55,5,28.6,5,1,2021-12-24 09:04:09
1640336649856513000,28.55,4,28.55,1,28.6,5,2,2021-12-24 09:04:09
1640336650226192000,28.55,1,28.5,75,28.6,5,2,2021-12-24 09:04:10
1640336650651043000,28.5,6,28.5,69,28.6,6,2,2021-12-24 09:04:10
1640336650735953000,28.6,3,28.5,69,28.6,3,1,2021-12-24 09:04:10
1640336651352305000,28.6,3,28.55,7,28.6,2,1,2021-12-24 09:04:11
1640336651381226000,28.6,2,28.55,8,28.65,15,1,2021-12-24 09:04:11
1640336651710195000,28.55,2,28.55,6,28.65,15,2,2021-12-24 09:04:11
1640336652297248000,28.55,2,28.55,9,28.65,15,2,2021-12-24 09:04:12
1640336653487454000,28.65,1,28.55,28,28.65,15,1,2021-12-24 09:04:13
1640336653502527000,28.55,2,28.55,26,28.65,15,2,2021-12-24 09:04:13
1640336654894799000,28.65,2,28.55,215,28.65,18,1,2021-12-24 09:04:14
1640336655424849000,28.55,1,28.55,219,28.65,18,2,2021-12-24 09:04:15
1640336655650567000,28.65,5,28.55,219,28.65,13,1,2021-12-24 09:04:15
1640336655670225000,28.55,5,28.55,214,28.65,13,2,2021-12-24 09:04:15
1640336656282960000,28.6,1,28.6,1,28.65,13,1,2021-12-24 09:04:16
1640336656295670000,28.65,1,28.6,1,28.65,12,1,2021-12-24 09:04:16
1640336657560195000,28.65,3,28.6,6,28.65,19,1,2021-12-24 09:04:17
1640336657784723000,28.65,1,28.6,6,28.65,18,1,2021-12-24 09:04:17
1640336657855927000,28.6,3,28.6,3,28.65,18,2,2021-12-24 09:04:17
1640336658408992000,28.65,3,28.6,8,28.65,15,1,2021-12-24 09:04:18
1640336659178466000,28.65,10,28.6,10,28.65,5,1,2021-12-24 09:04:19
1640336659198749000,28.65,5,28.6,10,28.7,17,1,2021-12-24 09:04:19
1640336659479687000,28.6,4,28.6,9,28.7,17,2,2021-12-24 09:04:19
1640336660693401000,28.6,3,28.6,198,28.65,1,2,2021-12-24 09:04:20
1640336661378666000,28.65,1,28.65,9,28.7,18,1,2021-12-24 09:04:21
1640336661425459000,28.7,1,28.65,9,28.7,17,1,2021-12-24 09:04:21
1640336661492722000,28.65,9,28.6,200,28.65,16,2,2021-12-24 09:04:21
1640336661896359000,28.65,1,28.6,200,28.65,15,1,2021-12-24 09:04:21
1640336662142536000,28.65,5,28.6,200,28.65,10,1,2021-12-24 09:04:22
1640336664674592000,28.6,10,28.6,194,28.65,21,2,2021-12-24 09:04:24
1640336665401578000,28.65,1,28.6,195,28.65,26,1,2021-12-24 09:04:25
1640336665498177000,28.6,4,28.6,191,28.65,26,2,2021-12-24 09:04:25
1640336665864242000,28.65,1,28.6,192,28.65,28,1,2021-12-24 09:04:25
1640336667380469000,28.65,1,28.6,192,28.65,27,1,2021-12-24 09:04:27
1640336667951657000,28.6,5,28.6,192,28.65,22,2,2021-12-24 09:04:27
1640336668195135000,28.65,20,28.6,192,28.65,2,1,2021-12-24 09:04:28
1640336668560510000,28.6,3,28.6,189,28.65,2,2,2021-12-24 09:04:28
1640336668681297000,28.65,2,28.8,132,28.85,10,1,2021-12-24 09:04:28
1640336668681297000,28.7,19,28.8,132,28.85,10,1,2021-12-24 09:04:28
1640336668681297000,28.75,18,28.8,132,28.85,10,1,2021-12-24 09:04:28
1640336668681297000,28.8,18,28.8,132,28.85,10,1,2021-12-24 09:04:28
1640336669296168000,28.8,1,28.8,131,28.85,10,2,2021-12-24 09:04:29
1640336669576553000,28.8,1,28.8,130,28.85,10,2,2021-12-24 09:04:29
1640336669859535000,28.85,1,28.8,130,28.85,9,1,2021-12-24 09:04:29
1640336670384115000,28.85,1,28.8,130,28.85,8,1,2021-12-24 09:04:30
1640336670719073000,28.8,3,28.8,127,28.85,8,2,2021-12-24 09:04:30
1640336670820863000,28.8,2,28.8,125,28.85,8,2,2021-12-24 09:04:30
1640336670966038000,28.8,1,28.8,124,28.85,8,2,2021-12-24 09:04:30
1640336671265239000,28.8,1,28.8,123,28.85,8,2,2021-12-24 09:04:31
1640336671560831000,28.85,1,28.8,123,28.85,7,1,2021-12-24 09:04:31
1640336672200267000,28.85,2,28.8,123,28.9,47,1,2021-12-24 09:04:32
1640336672200267000,28.9,3,28.8,123,28.9,47,1,2021-12-24 09:04:32
1640336672754799000,28.9,1,28.8,123,28.9,45,1,2021-12-24 09:04:32
1640336674297408000,28.9,1,28.85,190,28.9,44,1,2021-12-24 09:04:34
1640336674494754000,28.9,1,28.85,190,28.9,43,1,2021-12-24 09:04:34
1640336675042165000,28.9,1,28.85,191,28.9,42,1,2021-12-24 09:04:35
1640336675303881000,28.9,1,28.85,191,28.9,41,1,2021-12-24 09:04:35
1640336675461817000,28.85,1,28.85,190,28.9,41,2,2021-12-24 09:04:35
1640336676057426000,28.9,1,28.85,190,28.9,40,1,2021-12-24 09:04:36
1640336676101940000,28.9,3,28.85,190,28.9,37,1,2021-12-24 09:04:36
1640336676494295000,28.9,2,28.85,190,28.9,35,1,2021-12-24 09:04:36
1640336676532954000,28.9,1,28.85,190,28.9,34,1,2021-12-24 09:04:36
1640336677089616000,28.9,2,28.85,190,28.9,32,1,2021-12-24 09:04:37
1640336677304683000,28.9,1,28.85,190,28.9,31,1,2021-12-24 09:04:37
1640336677432504000,28.85,2,28.85,188,28.9,31,2,2021-12-24 09:04:37
1640336677709974000,28.9,3,28.85,188,28.9,28,1,2021-12-24 09:04:37
1640336677714036000,28.9,1,28.85,188,28.9,27,1,2021-12-24 09:04:37
1640336678057635000,28.9,3,28.85,188,28.9,24,1,2021-12-24 09:04:38
1640336678245059000,28.9,1,28.85,188,28.9,29,1,2021-12-24 09:04:38
1640336678403250000,28.85,2,28.85,186,28.9,29,2,2021-12-24 09:04:38
1640336678584913000,28.9,1,28.85,186,28.9,28,1,2021-12-24 09:04:38
1640336678623183000,28.85,5,28.85,181,28.9,28,2,2021-12-24 09:04:38
1640336678682156000,28.9,2,28.85,181,28.9,26,1,2021-12-24 09:04:38
1640336679023834000,28.9,2,28.85,181,28.9,25,1,2021-12-24 09:04:39
1640336679202081000,28.9,1,28.85,182,28.9,24,1,2021-12-24 09:04:39
1640336679402455000,28.9,1,28.85,183,28.9,23,1,2021-12-24 09:04:39
1640336679451366000,28.9,1,28.85,183,28.9,22,1,2021-12-24 09:04:39
1640336679632450000,28.9,1,28.85,183,28.9,21,1,2021-12-24 09:04:39
1640336679684263000,28.9,1,28.85,183,28.9,20,1,2021-12-24 09:04:39
1640336679869679000,28.9,1,28.85,183,28.9,19,1,2021-12-24 09:04:39
1640336680448088000,28.9,2,28.85,183,28.9,17,1,2021-12-24 09:04:40
1640336680551217000,28.9,1,28.85,183,28.9,16,1,2021-12-24 09:04:40
1640336680627040000,28.9,16,29.2,20,29.25,1,1,2021-12-24 09:04:40
1640336680627040000,28.95,8,29.2,20,29.25,1,1,2021-12-24 09:04:40
1640336680627040000,29.0,77,29.2,20,29.25,1,1,2021-12-24 09:04:40
1640336680627040000,29.1,20,29.2,20,29.25,1,1,2021-12-24 09:04:40
1640336680627040000,29.15,8,29.2,20,29.25,1,1,2021-12-24 09:04:40
1640336680627040000,29.2,40,29.2,20,29.25,1,1,2021-12-24 09:04:40
1640336680654896000,29.2,20,28.85,183,29.25,1,2,2021-12-24 09:04:40
1640336680933310000,29.1,1,29.1,7,29.25,1,2,2021-12-24 09:04:40
1640336681000760000,29.1,2,29.1,5,29.25,1,2,2021-12-24 09:04:41
1640336681073631000,29.1,3,29.1,2,29.25,1,2,2021-12-24 09:04:41
1640336681332528000,29.1,2,28.9,1,28.95,3,2,2021-12-24 09:04:41
1640336681360865000,28.95,3,28.9,1,29.25,1,1,2021-12-24 09:04:41
1640336682206812000,28.95,2,28.95,4,29.25,1,2,2021-12-24 09:04:42
1640336682585435000,28.95,1,28.95,3,29.2,2,2,2021-12-24 09:04:42
1640336682621154000,28.95,2,28.95,1,29.2,2,2,2021-12-24 09:04:42
1640336683985695000,29.2,3,28.95,1,29.2,2,1,2021-12-24 09:04:43
1640336684949874000,29.2,2,29.05,1,29.3,1,1,2021-12-24 09:04:44
1640336684949874000,29.3,3,29.05,1,29.3,1,1,2021-12-24 09:04:44
1640336685043733000,29.1,2,29.0,2,29.3,1,2,2021-12-24 09:04:45
1640336685043733000,29.0,8,29.0,2,29.3,1,2,2021-12-24 09:04:45
1640336685260188000,29.0,1,29.0,1,29.25,2,2,2021-12-24 09:04:45
1640336686382890000,29.0,1,28.95,15,29.0,4,2,2021-12-24 09:04:46
1640336686414928000,29.0,4,28.95,15,29.25,2,1,2021-12-24 09:04:46
1640336688109407000,29.1,1,29.1,1,29.2,3,2,2021-12-24 09:04:48
1640336688160780000,29.1,1,29.0,7,29.15,1,2,2021-12-24 09:04:48
1640336688673749000,29.1,1,29.0,9,29.2,3,1,2021-12-24 09:04:48
1640336688673749000,29.2,1,29.0,9,29.2,3,1,2021-12-24 09:04:48
1640336689438244000,29.2,3,29.05,6,29.35,2,1,2021-12-24 09:04:49
1640336689438244000,29.3,1,29.05,6,29.35,2,1,2021-12-24 09:04:49
1640336689438244000,29.35,1,29.05,6,29.35,2,1,2021-12-24 09:04:49
1640336689563666000,29.1,1,29.05,5,29.35,2,2,2021-12-24 09:04:49
1640336689563666000,29.05,1,29.05,5,29.35,2,2,2021-12-24 09:04:49
1640336690684553000,29.3,1,29.1,6,29.3,1,1,2021-12-24 09:04:50
1640336692188087000,29.15,2,29.1,2,29.15,3,1,2021-12-24 09:04:52
1640336692215333000,29.1,1,29.1,1,29.15,3,2,2021-12-24 09:04:52
1640336692331394000,29.1,1,29.05,5,29.1,2,2,2021-12-24 09:04:52
1640336692402076000,29.1,1,29.05,5,29.1,1,1,2021-12-24 09:04:52
1640336692432696000,29.1,1,29.05,5,29.15,3,1,2021-12-24 09:04:52
1640336693072145000,29.05,1,29.05,4,29.1,2,2,2021-12-24 09:04:53
1640336693539098000,29.1,2,29.05,4,29.2,1,1,2021-12-24 09:04:53
1640336693539098000,29.15,3,29.05,4,29.2,1,1,2021-12-24 09:04:53
1640336693617366000,29.05,1,29.05,9,29.2,1,2,2021-12-24 09:04:53
1640336693681318000,29.2,1,29.05,9,29.35,4,1,2021-12-24 09:04:53
1640336694355402000,29.35,1,29.05,9,29.35,2,1,2021-12-24 09:04:54
1640336694559068000,29.3,1,29.05,9,29.35,5,2,2021-12-24 09:04:54
1640336695159663000,29.3,1,29.1,2,29.35,5,2,2021-12-24 09:04:55
1640336695225194000,29.3,1,29.15,6,29.35,5,2,2021-12-24 09:04:55
1640336696126084000,29.3,2,29.15,6,29.4,29,1,2021-12-24 09:04:56
1640336696126084000,29.35,5,29.15,6,29.4,29,1,2021-12-24 09:04:56
1640336696248509000,29.2,1,29.1,18,29.3,1,2,2021-12-24 09:04:56
1640336696248509000,29.1,2,29.1,18,29.3,1,2,2021-12-24 09:04:56
1640336696784863000,29.2,1,29.1,21,29.2,1,1,2021-12-24 09:04:56
1640336696895202000,29.2,1,29.2,2,29.25,1,1,2021-12-24 09:04:56
1640336698081073000,29.2,1,29.2,3,29.25,2,2,2021-12-24 09:04:58
1640336698660455000,29.25,2,29.2,3,29.3,6,1,2021-12-24 09:04:58
1640336698719809000,29.3,1,29.2,3,29.3,5,1,2021-12-24 09:04:58
1640336699173300000,29.2,1,29.2,2,29.3,10,2,2021-12-24 09:04:59
1640336699519171000,29.15,3,29.1,21,29.3,10,2,2021-12-24 09:04:59
1640336699519171000,29.1,2,29.1,21,29.3,10,2,2021-12-24 09:04:59
1640336699551314000,29.1,2,29.1,19,29.3,10,2,2021-12-24 09:04:59
1640336700024499000,29.3,1,29.2,1,29.3,9,1,2021-12-24 09:05:00
1640336700150481000,29.3,1,29.2,1,29.3,8,1,2021-12-24 09:05:00
1640336700196519000,29.2,1,29.15,2,29.3,8,2,2021-12-24 09:05:00
1640336700196519000,29.15,5,29.15,2,29.3,8,2,2021-12-24 09:05:00
1640336700331741000,29.15,2,29.1,11,29.25,4,2,2021-12-24 09:05:00
1640336700331741000,29.1,8,29.1,11,29.25,4,2,2021-12-24 09:05:00
1640336700345335000,29.1,10,29.1,1,29.25,4,2,2021-12-24 09:05:00
1640336700365103000,29.1,1,29.0,30,29.05,1,2,2021-12-24 09:05:00
1640336700365103000,29.05,8,29.0,30,29.05,1,2,2021-12-24 09:05:00
1640336700395708000,29.05,1,29.0,30,29.25,6,1,2021-12-24 09:05:00
1640336700622495000,29.05,2,29.0,30,29.05,60,1,2021-12-24 09:05:00
1640336700837229000,29.05,2,29.0,30,29.05,58,1,2021-12-24 09:05:00
1640336701040545000,29.05,1,29.0,30,29.05,57,1,2021-12-24 09:05:01
1640336701318634000,29.05,2,29.0,32,29.05,55,1,2021-12-24 09:05:01
1640336701661317000,29.0,15,29.0,17,29.05,55,2,2021-12-24 09:05:01
1640336701895682000,29.0,17,28.95,6,29.05,60,2,2021-12-24 09:05:01
1640336701895682000,28.95,3,28.95,6,29.05,60,2,2021-12-24 09:05:01
1640336702143504000,29.0,1,28.95,2,29.0,4,1,2021-12-24 09:05:02
1640336702180804000,28.95,2,28.9,203,29.0,4,2,2021-12-24 09:05:02
1640336702279592000,29.0,1,28.9,203,29.0,3,1,2021-12-24 09:05:02
1640336702383259000,29.0,1,28.9,203,29.0,2,1,2021-12-24 09:05:02
1640336702388679000,28.9,17,28.9,186,29.0,2,2,2021-12-24 09:05:02
1640336702538204000,29.0,1,28.9,186,29.0,1,1,2021-12-24 09:05:02
1640336702720677000,28.9,10,28.9,176,29.0,2,2,2021-12-24 09:05:02
1640336703050639000,29.0,1,28.9,176,29.0,3,1,2021-12-24 09:05:03
1640336703129401000,28.9,10,28.9,166,29.0,3,2,2021-12-24 09:05:03
1640336703266796000,28.9,4,28.9,160,29.0,3,2,2021-12-24 09:05:03
1640336703266847000,28.9,2,28.9,160,29.0,3,2,2021-12-24 09:05:03
1640336703484239000,28.95,1,28.9,160,28.95,1,1,2021-12-24 09:05:03
1640336703597166000,28.95,1,28.9,160,29.05,59,1,2021-12-24 09:05:03
1640336703597166000,29.0,3,28.9,160,29.05,59,1,2021-12-24 09:05:03
1640336703597166000,29.05,1,28.9,160,29.05,59,1,2021-12-24 09:05:03
1640336703627541000,29.05,1,28.9,160,29.05,58,1,2021-12-24 09:05:03
1640336704378198000,28.95,1,28.9,160,28.95,4,1,2021-12-24 09:05:04
1640336704394027000,28.95,1,28.9,160,28.95,3,1,2021-12-24 09:05:04
1640336704396090000,28.95,3,28.9,160,29.05,58,1,2021-12-24 09:05:04
1640336704468662000,29.05,1,28.9,160,29.05,57,1,2021-12-24 09:05:04
1640336704678647000,28.9,5,28.9,155,29.05,57,2,2021-12-24 09:05:04
1640336705244344000,28.9,4,28.9,151,29.05,57,2,2021-12-24 09:05:05
1640336705883523000,28.95,1,28.9,151,29.05,57,2,2021-12-24 09:05:05
1640336706360086000,29.0,1,28.9,151,29.05,57,2,2021-12-24 09:05:06
1640336706632840000,28.9,1,28.9,150,29.0,1,2,2021-12-24 09:05:06
1640336707201872000,28.9,17,28.9,133,28.95,1,2,2021-12-24 09:05:07
1640336707697345000,28.9,1,28.9,132,28.95,1,2,2021-12-24 09:05:07
1640336707740955000,28.95,1,28.9,132,29.0,7,1,2021-12-24 09:05:07
1640336708283590000,29.0,1,28.9,132,29.0,6,1,2021-12-24 09:05:08
1640336708296398000,29.0,2,28.9,132,29.0,4,1,2021-12-24 09:05:08
1640336708307096000,29.0,1,28.9,132,29.0,3,1,2021-12-24 09:05:08
1640336708531508000,29.0,3,29.0,7,29.05,58,1,2021-12-24 09:05:08
1640336708668347000,29.0,1,29.0,6,29.05,58,2,2021-12-24 09:05:08
1640336708994007000,29.0,1,29.0,5,29.05,58,2,2021-12-24 09:05:08
1640336709274081000,29.0,5,28.9,132,29.05,58,2,2021-12-24 09:05:09
1640336711033485000,28.95,1,28.9,132,29.0,31,2,2021-12-24 09:05:11
1640336711106738000,29.0,1,28.9,132,29.0,31,1,2021-12-24 09:05:11
1640336711165785000,29.0,2,28.9,132,29.0,29,1,2021-12-24 09:05:11
1640336711267220000,29.0,31,29.1,98,29.15,7,1,2021-12-24 09:05:11
1640336711267220000,29.05,58,29.1,98,29.15,7,1,2021-12-24 09:05:11
1640336711267220000,29.1,2,29.1,98,29.15,7,1,2021-12-24 09:05:11
1640336711384285000,29.15,5,29.1,98,29.15,2,1,2021-12-24 09:05:11
1640336711410488000,29.1,1,29.1,97,29.15,2,2,2021-12-24 09:05:11
1640336711566363000,29.15,1,29.1,97,29.15,1,1,2021-12-24 09:05:11
1640336711594741000,29.1,1,29.1,96,29.15,1,2,2021-12-24 09:05:11
1640336711830876000,29.1,5,29.1,91,29.15,1,2,2021-12-24 09:05:11
1640336711999599000,29.1,1,29.1,90,29.15,1,2,2021-12-24 09:05:11
1640336712345143000,29.1,1,29.1,89,29.15,1,2,2021-12-24 09:05:12
1640336712444172000,29.15,1,29.15,188,29.2,22,1,2021-12-24 09:05:12
1640336712634626000,29.15,1,29.15,187,29.2,22,2,2021-12-24 09:05:12
1640336712821504000,29.15,1,29.15,186,29.2,22,2,2021-12-24 09:05:12
1640336713551507000,29.2,10,29.15,186,29.2,15,1,2021-12-24 09:05:13
1640336713571272000,29.15,1,29.15,185,29.2,15,2,2021-12-24 09:05:13
1640336714119802000,29.2,8,29.2,181,29.25,16,1,2021-12-24 09:05:14
1640336714167076000,29.25,1,29.2,181,29.25,15,1,2021-12-24 09:05:14
1640336714170845000,29.2,1,29.2,180,29.25,15,2,2021-12-24 09:05:14
1640336715728479000,29.2,2,29.2,178,29.25,15,2,2021-12-24 09:05:15
1640336716326601000,29.2,1,29.2,177,29.25,15,2,2021-12-24 09:05:16
1640336717054648000,29.25,1,29.2,177,29.25,15,1,2021-12-24 09:05:17
1640336717246832000,29.25,3,29.2,177,29.25,12,1,2021-12-24 09:05:17
1640336718491784000,29.2,1,29.2,176,29.25,12,2,2021-12-24 09:05:18
1640336718515673000,29.25,10,29.2,176,29.25,2,1,2021-12-24 09:05:18
1640336718643560000,29.2,1,29.2,175,29.25,2,2,2021-12-24 09:05:18
1640336718948914000,29.2,1,29.2,174,29.25,2,2,2021-12-24 09:05:18
1640336718976306000,29.2,1,29.2,173,29.25,2,2,2021-12-24 09:05:18
1640336719071416000,29.2,2,29.2,171,29.25,2,2,2021-12-24 09:05:19
1640336719106989000,29.2,1,29.2,170,29.25,2,2,2021-12-24 09:05:19
1640336719266776000,29.25,1,29.2,170,29.25,1,1,2021-12-24 09:05:19
1640336719695869000,29.2,1,29.2,170,29.25,1,2,2021-12-24 09:05:19
1640336719709661000,29.25,1,29.25,5,29.3,20,1,2021-12-24 09:05:19
1640336719983949000,29.25,1,29.25,4,29.3,20,2,2021-12-24 09:05:19
1640336720261451000,29.3,10,29.25,4,29.3,10,1,2021-12-24 09:05:20
1640336720372175000,29.25,1,29.25,3,29.3,10,2,2021-12-24 09:05:20
1640336720947519000,29.3,5,29.3,184,29.35,4,1,2021-12-24 09:05:20
1640336721110326000,29.3,4,29.3,180,29.35,4,2,2021-12-24 09:05:21
1640336721261595000,29.3,1,29.3,179,29.35,9,2,2021-12-24 09:05:21
1640336721327254000,29.3,1,29.3,178,29.35,9,2,2021-12-24 09:05:21
1640336721434676000,29.35,9,29.35,180,29.4,31,1,2021-12-24 09:05:21
1640336721442092000,29.4,1,29.35,180,29.4,30,1,2021-12-24 09:05:21
1640336722169416000,29.35,3,29.35,177,29.4,30,2,2021-12-24 09:05:22
1640336722409810000,29.35,1,29.35,176,29.4,30,2,2021-12-24 09:05:22
1640336722577162000,29.4,1,29.35,176,29.4,29,1,2021-12-24 09:05:22
1640336722681949000,29.4,29,29.4,160,29.45,27,1,2021-12-24 09:05:22
1640336722772435000,29.45,2,29.4,160,29.45,25,1,2021-12-24 09:05:22
1640336722791462000,29.4,1,29.4,159,29.45,25,2,2021-12-24 09:05:22
1640336723495297000,29.45,20,29.4,160,29.45,5,1,2021-12-24 09:05:23
1640336723520057000,29.45,5,29.4,160,29.5,73,1,2021-12-24 09:05:23
1640336723771146000,29.5,2,29.4,160,29.5,71,1,2021-12-24 09:05:23
1640336723982043000,29.4,1,29.4,159,29.5,71,2,2021-12-24 09:05:23
1640336724207695000,29.5,1,29.4,159,29.5,70,1,2021-12-24 09:05:24
1640336724229068000,29.5,1,29.4,159,29.5,69,1,2021-12-24 09:05:24
1640336724280717000,29.4,1,29.4,158,29.5,69,2,2021-12-24 09:05:24
1640336724743615000,29.5,3,29.45,1,29.5,66,1,2021-12-24 09:05:24
1640336725142410000,29.5,1,29.45,2,29.5,64,1,2021-12-24 09:05:25
1640336725142864000,29.5,1,29.45,2,29.5,64,1,2021-12-24 09:05:25
1640336725401318000,29.45,1,29.45,1,29.5,64,2,2021-12-24 09:05:25
1640336725405231000,29.5,1,29.45,1,29.5,63,1,2021-12-24 09:05:25
1640336725943335000,29.45,2,29.45,1,29.5,63,2,2021-12-24 09:05:25
1640336726341585000,29.45,1,29.4,162,29.45,9,2,2021-12-24 09:05:26
1640336726408368000,29.45,1,29.4,162,29.45,8,1,2021-12-24 09:05:26
1640336726916764000,29.45,1,29.4,163,29.45,7,1,2021-12-24 09:05:26
1640336726953970000,29.45,1,29.4,163,29.45,6,1,2021-12-24 09:05:26
1640336727155077000,29.45,10,29.4,163,29.45,6,1,2021-12-24 09:05:27
1640336727662322000,29.4,20,29.4,143,29.45,7,2,2021-12-24 09:05:27
1640336727699131000,29.45,1,29.4,143,29.45,6,1,2021-12-24 09:05:27
1640336727952184000,29.45,1,29.4,143,29.45,5,1,2021-12-24 09:05:27
1640336728220451000,29.45,1,29.4,143,29.45,4,1,2021-12-24 09:05:28
1640336728372264000,29.4,1,29.4,142,29.45,4,2,2021-12-24 09:05:28
1640336728966468000,29.45,2,29.4,142,29.45,13,1,2021-12-24 09:05:28
1640336729060919000,29.45,2,29.4,142,29.45,11,1,2021-12-24 09:05:29
1640336729291519000,29.45,2,29.4,142,29.45,9,1,2021-12-24 09:05:29
1640336729715446000,29.45,2,29.4,141,29.45,7,1,2021-12-24 09:05:29
1640336730046523000,29.45,3,29.4,141,29.45,4,1,2021-12-24 09:05:30
1640336730279617000,29.45,1,29.4,141,29.45,3,1,2021-12-24 09:05:30
1640336730533511000,29.45,1,29.4,141,29.45,2,1,2021-12-24 09:05:30
1640336730673171000,29.45,1,29.4,141,29.45,2,1,2021-12-24 09:05:30
1640336731459321000,29.45,1,29.4,151,29.45,11,1,2021-12-24 09:05:31
1640336731558372000,29.45,1,29.4,151,29.45,10,1,2021-12-24 09:05:31
1640336731930712000,29.45,1,29.4,151,29.45,9,1,2021-12-24 09:05:31
1640336732065228000,29.45,1,29.4,151,29.45,8,1,2021-12-24 09:05:32
1640336732466878000,29.45,1,29.4,153,29.45,8,1,2021-12-24 09:05:32
1640336732680886000,29.45,1,29.4,153,29.45,19,1,2021-12-24 09:05:32
1640336732716179000,29.45,1,29.4,153,29.45,18,1,2021-12-24 09:05:32
1640336733213543000,29.45,1,29.4,153,29.45,17,1,2021-12-24 09:05:33
1640336733250840000,29.45,1,29.4,153,29.45,16,1,2021-12-24 09:05:33
1640336733341265000,29.45,1,29.4,153,29.45,15,1,2021-12-24 09:05:33
1640336733375606000,29.4,1,29.4,152,29.45,15,2,2021-12-24 09:05:33
1640336733438039000,29.4,1,29.4,151,29.45,15,2,2021-12-24 09:05:33
1640336733624306000,29.45,4,29.4,151,29.45,16,1,2021-12-24 09:05:33
1640336733634808000,29.4,2,29.4,149,29.45,16,2,2021-12-24 09:05:33
1640336734019809000,29.45,1,29.4,149,29.45,21,1,2021-12-24 09:05:34
1640336734104208000,29.45,1,29.4,149,29.45,20,1,2021-12-24 09:05:34
1640336734633938000,29.45,5,29.4,150,29.45,15,1,2021-12-24 09:05:34
1640336734742663000,29.45,2,29.4,150,29.45,13,1,2021-12-24 09:05:34
1640336735112684000,29.45,1,29.4,152,29.45,23,1,2021-12-24 09:05:35
1640336736056818000,29.45,2,29.4,152,29.45,22,1,2021-12-24 09:05:36
1640336736191529000,29.45,5,29.4,152,29.45,17,1,2021-12-24 09:05:36
1640336736235245000,29.45,1,29.4,152,29.45,16,1,2021-12-24 09:05:36
1640336736284791000,29.45,1,29.4,152,29.45,15,1,2021-12-24 09:05:36
1640336736457510000,29.45,1,29.4,152,29.45,14,1,2021-12-24 09:05:36
1640336736537391000,29.45,1,29.4,152,29.45,13,1,2021-12-24 09:05:36
1640336736607480000,29.45,1,29.4,152,29.45,12,1,2021-12-24 09:05:36
1640336736785652000,29.45,1,29.4,152,29.45,15,1,2021-12-24 09:05:36
1640336736997799000,29.4,1,29.4,151,29.45,15,2,2021-12-24 09:05:36
1640336737058165000,29.45,15,29.45,40,29.5,79,1,2021-12-24 09:05:37
1640336737116757000,29.45,10,29.45,30,29.5,79,2,2021-12-24 09:05:37
1640336737120867000,29.45,2,29.45,28,29.5,79,2,2021-12-24 09:05:37
1640336737152649000,29.45,11,29.45,17,29.5,79,2,2021-12-24 09:05:37
1640336737153545000,29.45,1,29.45,16,29.5,79,2,2021-12-24 09:05:37
1640336737159347000,29.5,2,29.45,16,29.5,77,1,2021-12-24 09:05:37
1640336737266209000,29.45,1,29.45,15,29.5,77,2,2021-12-24 09:05:37
1640336737363726000,29.45,1,29.45,14,29.5,77,2,2021-12-24 09:05:37
1640336737419700000,29.45,10,29.45,5,29.5,77,2,2021-12-24 09:05:37
1640336737442085000,29.5,1,29.45,5,29.5,76,1,2021-12-24 09:05:37
1640336738469386000,29.45,7,29.4,120,29.5,76,2,2021-12-24 09:05:38
1640336738469386000,29.4,43,29.4,120,29.5,76,2,2021-12-24 09:05:38
1640336738614460000,29.45,1,29.45,3,29.5,76,1,2021-12-24 09:05:38
1640336738698557000,29.45,1,29.45,2,29.5,76,2,2021-12-24 09:05:38
1640336739445332000,29.5,10,29.45,7,29.5,66,1,2021-12-24 09:05:39
1640336740182167000,29.45,1,29.45,7,29.5,66,2,2021-12-24 09:05:40
1640336740571075000,29.5,10,29.45,7,29.5,56,1,2021-12-24 09:05:40
1640336740705800000,29.5,1,29.45,7,29.5,55,1,2021-12-24 09:05:40
1640336740751337000,29.45,7,29.4,121,29.45,3,2,2021-12-24 09:05:40
1640336741050507000,29.45,3,29.45,2,29.5,55,1,2021-12-24 09:05:41
1640336741753669000,29.5,4,29.45,12,29.5,51,1,2021-12-24 09:05:41
1640336741891175000,29.5,1,29.45,23,29.5,51,1,2021-12-24 09:05:41
1640336742194261000,29.45,10,29.45,13,29.5,51,2,2021-12-24 09:05:42
1640336742306976000,29.45,1,29.45,13,29.5,51,2,2021-12-24 09:05:42
1640336742323675000,29.45,8,29.45,5,29.5,51,2,2021-12-24 09:05:42
1640336742348133000,29.5,5,29.45,5,29.5,46,1,2021-12-24 09:05:42
1640336742720565000,29.5,1,29.45,9,29.5,45,1,2021-12-24 09:05:42
1640336742731477000,29.45,5,29.45,4,29.5,45,2,2021-12-24 09:05:42
1640336743133864000,29.5,3,29.45,193,29.5,42,1,2021-12-24 09:05:43
1640336743296114000,29.45,5,29.45,188,29.5,43,2,2021-12-24 09:05:43
1640336744242198000,29.5,3,29.45,206,29.5,41,1,2021-12-24 09:05:44
1640336744590582000,29.5,1,29.45,206,29.5,40,1,2021-12-24 09:05:44
1640336744808229000,29.5,5,29.45,206,29.5,35,1,2021-12-24 09:05:44
1640336744872812000,29.5,1,29.45,206,29.5,34,1,2021-12-24 09:05:44
1640336744903796000,29.45,1,29.45,205,29.5,34,2,2021-12-24 09:05:44
1640336746020591000,29.5,3,29.45,204,29.5,32,1,2021-12-24 09:05:46
1640336746038754000,29.5,20,29.45,204,29.5,12,1,2021-12-24 09:05:46
1640336746148018000,29.5,1,29.45,204,29.5,11,1,2021-12-24 09:05:46
1640336746223784000,29.5,10,29.45,204,29.5,1,1,2021-12-24 09:05:46
1640336746922696000,29.5,1,29.45,205,29.55,41,1,2021-12-24 09:05:46
1640336747470410000,29.5,1,29.45,207,29.5,2,1,2021-12-24 09:05:47
1640336747830879000,29.5,3,29.45,208,29.55,32,1,2021-12-24 09:05:47
1640336747830879000,29.55,9,29.45,208,29.55,32,1,2021-12-24 09:05:47
1640336747855733000,29.45,1,29.45,207,29.55,32,2,2021-12-24 09:05:47
1640336747911412000,29.55,1,29.45,207,29.55,31,1,2021-12-24 09:05:47
1640336748356331000,29.5,3,29.45,207,29.5,27,1,2021-12-24 09:05:48
1640336748379058000,29.5,1,29.45,207,29.5,26,1,2021-12-24 09:05:48
1640336748710691000,29.5,1,29.45,207,29.5,25,1,2021-12-24 09:05:48
1640336749178667000,29.5,10,29.45,207,29.5,15,1,2021-12-24 09:05:49
1640336749354770000,29.5,3,29.45,207,29.5,13,1,2021-12-24 09:05:49
1640336749976870000,29.5,4,29.45,209,29.5,19,1,2021-12-24 09:05:49
1640336750070709000,29.5,1,29.45,209,29.5,18,1,2021-12-24 09:05:50
1640336750549073000,29.5,2,29.45,211,29.5,16,1,2021-12-24 09:05:50
1640336750843669000,29.45,1,29.45,210,29.5,16,2,2021-12-24 09:05:50
1640336751016306000,29.5,1,29.45,210,29.5,15,1,2021-12-24 09:05:51
1640336751233008000,29.45,25,29.4,42,29.5,21,2,2021-12-24 09:05:51
1640336751299750000,29.5,1,29.4,42,29.5,20,1,2021-12-24 09:05:51
1640336751707759000,29.5,5,29.4,42,29.5,20,1,2021-12-24 09:05:51
1640336752002102000,29.5,1,29.4,42,29.5,19,1,2021-12-24 09:05:52
1640336752530662000,29.45,1,29.4,42,29.45,21,1,2021-12-24 09:05:52
1640336752662065000,29.45,1,29.4,42,29.45,22,1,2021-12-24 09:05:52
1640336752705546000,29.4,10,29.4,32,29.45,22,2,2021-12-24 09:05:52
1640336752735074000,29.4,32,29.35,7,29.45,22,2,2021-12-24 09:05:52
1640336753103603000,29.35,7,29.3,191,29.4,2,2,2021-12-24 09:05:53
1640336753373251000,29.3,20,29.3,171,29.4,13,2,2021-12-24 09:05:53
1640336753395004000,29.3,32,29.3,139,29.4,13,2,2021-12-24 09:05:53
1640336753463656000,29.4,1,29.3,139,29.4,12,1,2021-12-24 09:05:53
1640336753520701000,29.4,1,29.3,139,29.4,11,1,2021-12-24 09:05:53
1640336753683812000,29.4,2,29.3,139,29.4,9,1,2021-12-24 09:05:53
1640336753772188000,29.4,1,29.3,139,29.4,8,1,2021-12-24 09:05:53
1640336754276971000,29.3,6,29.3,133,29.4,8,2,2021-12-24 09:05:54
1640336754417408000,29.35,1,29.3,133,29.35,14,1,2021-12-24 09:05:54
1640336754598171000,29.35,2,29.3,133,29.35,12,1,2021-12-24 09:05:54
1640336755092847000,29.3,1,29.3,132,29.35,13,2,2021-12-24 09:05:55
1640336755373444000,29.3,4,29.3,128,29.35,13,2,2021-12-24 09:05:55
1640336755913146000,29.35,5,29.3,128,29.35,13,1,2021-12-24 09:05:55
1640336756021392000,29.3,1,29.3,127,29.35,13,2,2021-12-24 09:05:56
1640336756051947000,29.3,2,29.3,125,29.35,13,2,2021-12-24 09:05:56
1640336756053776000,29.3,5,29.3,120,29.35,13,2,2021-12-24 09:05:56
1640336756090757000,29.3,1,29.3,119,29.35,13,2,2021-12-24 09:05:56
1640336756268000000,29.3,1,29.3,118,29.35,13,2,2021-12-24 09:05:56
1640336756439035000,29.3,1,29.3,117,29.35,13,2,2021-12-24 09:05:56
1640336756683630000,29.3,1,29.3,116,29.35,13,2,2021-12-24 09:05:56
1640336756771959000,29.35,1,29.3,116,29.35,12,1,2021-12-24 09:05:56
1640336756890953000,29.35,5,29.3,121,29.35,7,1,2021-12-24 09:05:56
1640336756896542000,29.3,5,29.3,116,29.35,7,2,2021-12-24 09:05:56
1640336757115803000,29.3,1,29.3,115,29.35,7,2,2021-12-24 09:05:57
1640336757300739000,29.3,5,29.3,110,29.35,7,2,2021-12-24 09:05:57
1640336757390977000,29.3,5,29.25,3,29.35,7,2,2021-12-24 09:05:57
1640336757455276000,29.3,1,29.25,3,29.35,7,1,2021-12-24 09:05:57
1640336757477813000,29.25,2,29.25,1,29.35,7,2,2021-12-24 09:05:57
1640336757641301000,29.25,1,29.2,6,29.35,7,2,2021-12-24 09:05:57
1640336757641301000,29.2,1,29.2,6,29.35,7,2,2021-12-24 09:05:57
1640336757885693000,29.2,1,29.2,5,29.3,10,2,2021-12-24 09:05:57
1640336759543733000,29.3,1,29.2,5,29.3,16,1,2021-12-24 09:05:59
1640336759586908000,29.3,2,29.2,5,29.3,14,1,2021-12-24 09:05:59
1640336759640540000,29.2,1,29.2,4,29.3,14,2,2021-12-24 09:05:59
1640336760042393000,29.25,1,29.2,4,29.25,11,1,2021-12-24 09:06:00
1640336760137951000,29.25,1,29.2,4,29.25,10,1,2021-12-24 09:06:00
1640336760373452000,29.25,2,29.2,4,29.25,8,1,2021-12-24 09:06:00
1640336760412563000,29.25,8,29.2,4,29.3,15,1,2021-12-24 09:06:00
1640336760527578000,29.2,4,29.15,3,29.2,5,2,2021-12-24 09:06:00
1640336760584921000,29.15,1,29.15,2,29.2,5,2,2021-12-24 09:06:00
1640336760592485000,29.15,1,29.15,1,29.2,5,2,2021-12-24 09:06:00
1640336761358407000,29.2,1,29.15,1,29.2,4,1,2021-12-24 09:06:01
1640336761384822000,29.15,1,29.1,3,29.2,4,2,2021-12-24 09:06:01
1640336762222847000,29.2,1,29.1,3,29.2,3,1,2021-12-24 09:06:02
1640336762797533000,29.15,1,29.1,3,29.15,2,1,2021-12-24 09:06:02
1640336762840334000,29.15,2,29.1,3,29.2,3,1,2021-12-24 09:06:02
1640336763210053000,29.1,2,29.1,1,29.2,3,2,2021-12-24 09:06:03
1640336763505265000,29.1,1,29.05,5,29.2,3,2,2021-12-24 09:06:03
1640336764098209000,29.1,1,29.05,5,29.2,3,1,2021-12-24 09:06:04
1640336766903472000,29.1,4,29.05,6,29.1,1,1,2021-12-24 09:06:06
1640336766933140000,29.1,1,29.05,6,29.15,5,1,2021-12-24 09:06:06
1640336767838935000,29.05,1,29.05,5,29.15,7,2,2021-12-24 09:06:07
1640336768637382000,29.05,1,29.05,4,29.15,7,2,2021-12-24 09:06:08
1640336768652475000,29.05,1,29.05,3,29.15,7,2,2021-12-24 09:06:08
1640336768876184000,29.05,3,29.0,275,29.15,7,2,2021-12-24 09:06:08
1640336769213313000,29.15,1,29.05,1,29.15,6,1,2021-12-24 09:06:09
1640336769319994000,29.05,1,29.0,268,29.1,1,2,2021-12-24 09:06:09
1640336769685385000,29.05,2,29.0,268,29.1,1,1,2021-12-24 09:06:09
1640336769845099000,29.05,1,29.0,263,29.1,1,1,2021-12-24 09:06:09
1640336770277702000,29.1,1,29.0,263,29.15,8,1,2021-12-24 09:06:10
1640336770325050000,29.0,20,29.0,243,29.15,8,2,2021-12-24 09:06:10
1640336770707699000,29.1,1,29.1,97,29.15,8,2,2021-12-24 09:06:10
1640336770892948000,29.15,1,29.1,98,29.15,7,1,2021-12-24 09:06:10
1640336770913987000,29.15,7,29.1,98,29.2,25,1,2021-12-24 09:06:10
1640336770926221000,29.1,5,29.1,93,29.2,25,2,2021-12-24 09:06:10
1640336771300668000,29.1,1,29.1,92,29.2,25,2,2021-12-24 09:06:11
1640336771715600000,29.1,2,29.1,90,29.15,1,2,2021-12-24 09:06:11
1640336771720218000,29.15,1,29.15,97,29.2,25,1,2021-12-24 09:06:11
1640336772021161000,29.2,2,29.15,97,29.2,23,1,2021-12-24 09:06:12
1640336772382709000,29.15,30,29.15,67,29.2,23,2,2021-12-24 09:06:12
1640336772428243000,29.15,1,29.15,66,29.2,23,2,2021-12-24 09:06:12
1640336772780585000,29.15,1,29.15,65,29.2,23,2,2021-12-24 09:06:12
1640336772977729000,29.15,2,29.15,63,29.2,23,2,2021-12-24 09:06:12
1640336773379114000,29.15,4,29.15,59,29.2,23,2,2021-12-24 09:06:13
1640336774845899000,29.2,3,29.15,59,29.2,20,1,2021-12-24 09:06:14
1640336774935057000,29.15,5,29.15,54,29.2,20,2,2021-12-24 09:06:14
1640336775519904000,29.2,5,29.15,54,29.2,20,1,2021-12-24 09:06:15
1640336775753356000,29.15,5,29.15,49,29.2,20,2,2021-12-24 09:06:15
1640336776373902000,29.2,19,29.2,79,29.25,1,1,2021-12-24 09:06:16
1640336776443599000,29.25,1,29.2,79,29.3,5,1,2021-12-24 09:06:16
1640336776538845000,29.2,5,29.2,74,29.3,5,2,2021-12-24 09:06:16
1640336776635375000,29.2,10,29.2,64,29.3,5,2,2021-12-24 09:06:16
1640336777197177000,29.2,1,29.2,63,29.3,5,2,2021-12-24 09:06:17
1640336777394396000,29.2,2,29.2,61,29.3,5,2,2021-12-24 09:06:17
1640336777550761000,29.2,30,29.2,31,29.3,5,2,2021-12-24 09:06:17
1640336778701164000,29.2,1,29.2,30,29.3,5,2,2021-12-24 09:06:18
1640336778854767000,29.2,1,29.2,29,29.3,5,2,2021-12-24 09:06:18
1640336779097260000,29.2,1,29.2,28,29.25,1,2,2021-12-24 09:06:19
1640336779724442000,29.25,2,29.45,72,29.5,35,1,2021-12-24 09:06:19
1640336779724442000,29.3,3,29.45,72,29.5,35,1,2021-12-24 09:06:19
1640336779724442000,29.35,8,29.45,72,29.5,35,1,2021-12-24 09:06:19
1640336779724442000,29.4,8,29.45,72,29.5,35,1,2021-12-24 09:06:19
1640336779724442000,29.45,5,29.45,72,29.5,35,1,2021-12-24 09:06:19
1640336779752554000,29.45,1,29.45,71,29.5,35,2,2021-12-24 09:06:19
1640336779945487000,29.5,2,29.45,71,29.5,33,1,2021-12-24 09:06:19
1640336781599478000,29.45,1,29.45,70,29.5,33,2,2021-12-24 09:06:21
1640336782182134000,29.5,3,29.45,70,29.5,30,1,2021-12-24 09:06:22
1640336782313218000,29.5,1,29.45,70,29.5,29,1,2021-12-24 09:06:22
1640336782691669000,29.5,1,29.45,70,29.5,28,1,2021-12-24 09:06:22
1640336782702757000,29.45,3,29.45,67,29.5,28,2,2021-12-24 09:06:22
1640336783870234000,29.45,1,29.45,66,29.5,28,2,2021-12-24 09:06:23
1640336784831915000,29.5,1,29.45,66,29.5,28,1,2021-12-24 09:06:24
1640336784883365000,29.5,1,29.45,66,29.5,26,1,2021-12-24 09:06:24
1640336786000536000,29.45,1,29.45,4,29.5,30,2,2021-12-24 09:06:26
1640336786026193000,29.45,4,29.35,1,29.5,30,2,2021-12-24 09:06:26
1640336787061356000,29.35,1,29.3,100,29.45,2,2,2021-12-24 09:06:27
1640336788064284000,29.45,2,29.35,2,29.5,38,1,2021-12-24 09:06:28
1640336788064284000,29.5,3,29.35,2,29.5,38,1,2021-12-24 09:06:28
1640336790439541000,29.4,4,29.5,46,29.55,24,1,2021-12-24 09:06:30
1640336790439541000,29.45,3,29.5,46,29.55,24,1,2021-12-24 09:06:30
1640336790439541000,29.5,45,29.5,46,29.55,24,1,2021-12-24 09:06:30
1640336790765163000,29.5,1,29.5,45,29.55,24,2,2021-12-24 09:06:30
1640336791155942000,29.5,1,29.5,44,29.55,24,2,2021-12-24 09:06:31
1640336791252748000,29.5,1,29.5,43,29.55,24,2,2021-12-24 09:06:31
1640336791409275000,29.5,1,29.5,42,29.55,24,2,2021-12-24 09:06:31
1640336791429167000,29.5,1,29.5,41,29.55,24,2,2021-12-24 09:06:31
1640336791912290000,29.5,3,29.5,38,29.55,24,2,2021-12-24 09:06:31
1640336792487420000,29.5,1,29.5,135,29.55,24,2,2021-12-24 09:06:32
1640336792922712000,29.55,12,29.5,233,29.55,12,1,2021-12-24 09:06:32
1640336792953869000,29.55,5,29.5,233,29.55,7,1,2021-12-24 09:06:32
1640336792954009000,29.55,7,29.5,233,29.6,20,1,2021-12-24 09:06:32
1640336793363521000,29.55,1,29.55,1,29.6,20,2,2021-12-24 09:06:33
1640336793928521000,29.55,3,29.55,96,29.6,20,2,2021-12-24 09:06:33
1640336794219152000,29.55,5,29.55,91,29.6,20,2,2021-12-24 09:06:34
1640336794297584000,29.55,50,29.55,139,29.6,20,2,2021-12-24 09:06:34
1640336795298655000,29.6,1,29.55,237,29.6,19,1,2021-12-24 09:06:35
1640336795505429000,29.6,3,29.55,237,29.6,16,1,2021-12-24 09:06:35
1640336795580842000,29.6,2,29.55,237,29.6,14,1,2021-12-24 09:06:35
1640336795618847000,29.6,1,29.55,237,29.6,13,1,2021-12-24 09:06:35
1640336795622204000,29.6,2,29.55,237,29.6,11,1,2021-12-24 09:06:35
1640336796645116000,29.6,1,29.55,237,29.6,10,1,2021-12-24 09:06:36
1640336796682394000,29.6,2,29.55,237,29.6,8,1,2021-12-24 09:06:36
1640336796755292000,29.55,1,29.55,236,29.6,8,2,2021-12-24 09:06:36
1640336797009697000,29.55,1,29.55,235,29.6,8,2,2021-12-24 09:06:37
1640336797117864000,29.6,1,29.55,245,29.6,7,1,2021-12-24 09:06:37
1640336797147148000,29.6,2,29.55,245,29.6,5,1,2021-12-24 09:06:37
1640336797939489000,29.6,2,29.55,248,29.6,3,1,2021-12-24 09:06:37
1640336797969157000,29.6,3,29.55,248,29.65,4,1,2021-12-24 09:06:37
1640336798026285000,29.65,1,29.55,248,29.65,3,1,2021-12-24 09:06:38
1640336798860052000,29.6,1,29.55,13,29.65,3,2,2021-12-24 09:06:38
1640336800262823000,29.65,1,29.6,14,29.65,3,1,2021-12-24 09:06:40
1640336800336470000,29.65,1,29.6,14,29.65,2,1,2021-12-24 09:06:40
1640336800338282000,29.65,2,29.6,14,29.7,1,1,2021-12-24 09:06:40
1640336800338282000,29.7,14,29.6,14,29.7,1,1,2021-12-24 09:06:40
1640336800592612000,29.6,10,29.6,4,29.7,1,2,2021-12-24 09:06:40
1640336800629035000,29.6,4,29.55,14,29.7,1,2,2021-12-24 09:06:40
1640336800692562000,29.7,1,29.55,14,29.75,15,1,2021-12-24 09:06:40
1640336800692562000,29.75,2,29.55,14,29.75,15,1,2021-12-24 09:06:40
1640336801049471000,29.6,1,29.55,14,29.75,15,2,2021-12-24 09:06:41
1640336801681516000,29.7,1,29.55,14,29.75,14,1,2021-12-24 09:06:41
1640336801681516000,29.75,1,29.55,14,29.75,14,1,2021-12-24 09:06:41
1640336801686846000,29.75,2,29.55,14,29.75,12,1,2021-12-24 09:06:41
1640336801839701000,29.75,1,29.6,1,29.75,11,1,2021-12-24 09:06:41
1640336802669665000,29.7,2,29.6,1,29.8,73,1,2021-12-24 09:06:42
1640336802669665000,29.75,9,29.6,1,29.8,73,1,2021-12-24 09:06:42
1640336802669665000,29.8,1,29.6,1,29.8,73,1,2021-12-24 09:06:42
1640336802778447000,29.8,1,29.6,4,29.8,72,1,2021-12-24 09:06:42
1640336802857879000,29.8,4,29.6,33,29.8,68,1,2021-12-24 09:06:42
1640336802873370000,29.8,4,29.6,33,29.8,64,1,2021-12-24 09:06:42
1640336802914071000,29.8,22,29.65,3,29.8,42,1,2021-12-24 09:06:42
1640336802919908000,29.8,20,29.65,3,29.8,22,1,2021-12-24 09:06:42
1640336802925315000,29.8,20,29.65,3,29.85,58,1,2021-12-24 09:06:42
1640336802925629000,29.8,2,29.65,3,29.85,58,1,2021-12-24 09:06:42
1640336802925629000,29.85,3,29.65,3,29.85,58,1,2021-12-24 09:06:42
1640336802926199000,29.85,5,29.65,3,29.85,53,1,2021-12-24 09:06:42
1640336802927463000,29.85,20,29.65,3,29.85,28,1,2021-12-24 09:06:42
1640336802927617000,29.85,5,29.65,3,29.85,28,1,2021-12-24 09:06:42
1640336802938299000,29.85,20,29.65,3,29.9,221,1,2021-12-24 09:06:42
1640336802938366000,29.85,8,29.65,3,29.9,221,1,2021-12-24 09:06:42
1640336802938366000,29.9,12,29.65,3,29.9,221,1,2021-12-24 09:06:42
1640336802940531000,29.9,20,29.65,3,29.9,201,1,2021-12-24 09:06:42
1640336803008758000,29.9,5,29.7,4,29.9,196,1,2021-12-24 09:06:43
1640336803049884000,29.9,6,29.7,4,29.9,190,1,2021-12-24 09:06:43
1640336803053407000,29.9,5,29.7,4,29.9,180,1,2021-12-24 09:06:43
1640336803053615000,29.9,5,29.7,4,29.9,180,1,2021-12-24 09:06:43
1640336803056867000,29.9,17,29.7,4,29.9,163,1,2021-12-24 09:06:43
1640336803065165000,29.9,5,29.7,4,29.9,158,1,2021-12-24 09:06:43
1640336803117386000,29.9,1,29.7,4,29.9,157,1,2021-12-24 09:06:43
1640336803122935000,29.9,10,29.7,4,29.9,147,1,2021-12-24 09:06:43
1640336803136278000,29.7,1,29.7,3,29.9,147,2,2021-12-24 09:06:43
1640336803141185000,29.9,1,29.7,3,29.9,146,1,2021-12-24 09:06:43
1640336803142747000,29.9,1,29.7,3,29.9,145,1,2021-12-24 09:06:43
1640336803149851000,29.9,5,29.7,3,29.9,140,1,2021-12-24 09:06:43
1640336803150794000,29.9,5,29.7,3,29.9,135,1,2021-12-24 09:06:43
1640336803160795000,29.9,1,29.7,3,29.9,134,1,2021-12-24 09:06:43
1640336803164168000,29.9,5,29.7,3,29.9,129,1,2021-12-24 09:06:43
1640336803251303000,29.85,1,29.7,3,29.9,125,1,2021-12-24 09:06:43
1640336803251303000,29.9,4,29.7,3,29.9,125,1,2021-12-24 09:06:43
1640336803263859000,29.9,5,29.7,3,29.9,120,1,2021-12-24 09:06:43
1640336803265850000,29.9,5,29.7,3,29.9,115,1,2021-12-24 09:06:43
1640336803266501000,29.9,5,29.7,3,29.9,110,1,2021-12-24 09:06:43
1640336803337246000,29.9,5,29.7,3,29.9,105,1,2021-12-24 09:06:43
1640336803370375000,29.9,1,29.7,3,29.9,104,1,2021-12-24 09:06:43
1640336803579079000,29.75,2,29.65,3,29.9,85,1,2021-12-24 09:06:43
1640336803579079000,29.9,19,29.65,3,29.9,85,1,2021-12-24 09:06:43
1640336803889569000,29.9,41,29.7,3,29.9,44,1,2021-12-24 09:06:43
1640336804097601000,29.75,1,29.7,3,29.9,43,1,2021-12-24 09:06:44
1640336804097601000,29.9,1,29.7,3,29.9,43,1,2021-12-24 09:06:44
1640336804108601000,29.9,4,29.7,3,29.9,39,1,2021-12-24 09:06:44
1640336804343403000,29.9,1,29.7,3,29.9,38,1,2021-12-24 09:06:44
1640336804575592000,29.75,1,29.75,28,29.9,38,2,2021-12-24 09:06:44
1640336804618386000,29.9,38,29.75,28,29.95,57,1,2021-12-24 09:06:44
1640336804618386000,29.95,2,29.75,28,29.95,57,1,2021-12-24 09:06:44
1640336804697584000,29.95,6,29.75,28,29.95,51,1,2021-12-24 09:06:44
1640336804725468000,29.95,3,29.75,28,29.95,48,1,2021-12-24 09:06:44
1640336804821582000,29.95,1,29.75,28,29.95,47,1,2021-12-24 09:06:44
1640336804823705000,29.95,1,29.75,28,29.95,46,1,2021-12-24 09:06:44
1640336804846793000,29.95,1,29.75,28,29.95,45,1,2021-12-24 09:06:44
1640336804859711000,29.95,1,29.75,28,29.95,44,1,2021-12-24 09:06:44
1640336805049266000,29.95,5,29.8,29,29.95,39,1,2021-12-24 09:06:45
1640336805239738000,29.9,5,29.8,29,29.95,39,2,2021-12-24 09:06:45
1640336805279063000,29.95,1,29.8,29,29.95,38,1,2021-12-24 09:06:45
1640336805298378000,29.95,5,29.8,29,29.95,33,1,2021-12-24 09:06:45
1640336805310698000,29.95,20,29.8,29,29.95,13,1,2021-12-24 09:06:45
1640336805354436000,29.95,1,29.8,29,29.95,12,1,2021-12-24 09:06:45
1640336805362942000,29.8,1,29.8,28,29.95,12,2,2021-12-24 09:06:45
1640336805632857000,29.95,2,29.8,28,29.95,10,1,2021-12-24 09:06:45
1640336805688267000,29.95,5,29.8,28,29.95,5,1,2021-12-24 09:06:45
1640336806178976000,29.95,4,29.8,28,30.0,1357,1,2021-12-24 09:06:46
1640336806178976000,30.0,76,29.8,28,30.0,1357,1,2021-12-24 09:06:46
1640336806217646000,30.0,1,29.8,28,30.0,1356,1,2021-12-24 09:06:46
1640336806218005000,30.0,2,29.8,28,30.0,1350,1,2021-12-24 09:06:46
1640336806218317000,30.0,4,29.8,28,30.0,1350,1,2021-12-24 09:06:46
1640336806249484000,30.0,7,29.8,28,30.0,1343,1,2021-12-24 09:06:46
1640336806267884000,30.0,1,29.8,28,30.0,1342,1,2021-12-24 09:06:46
1640336806269496000,30.0,3,29.8,28,30.0,1339,1,2021-12-24 09:06:46
1640336806425746000,30.0,5,29.8,28,30.0,1334,1,2021-12-24 09:06:46
1640336806488501000,29.8,3,29.8,25,30.0,1334,2,2021-12-24 09:06:46
1640336806731197000,30.0,4,29.8,25,30.0,1330,1,2021-12-24 09:06:46
1640336806862170000,30.0,2,29.8,25,30.0,1328,1,2021-12-24 09:06:46
1640336807185433000,29.95,1,29.8,25,30.0,1327,1,2021-12-24 09:06:47
1640336807185433000,30.0,1,29.8,25,30.0,1327,1,2021-12-24 09:06:47
1640336807198617000,30.0,10,29.8,25,30.0,1317,1,2021-12-24 09:06:47
1640336807364339000,29.85,1,29.8,25,30.0,1317,1,2021-12-24 09:06:47
1640336807592598000,29.95,3,29.8,25,30.0,1317,2,2021-12-24 09:06:47
1640336807768685000,29.95,1,29.8,25,30.0,1306,1,2021-12-24 09:06:47
1640336807768685000,30.0,12,29.8,25,30.0,1306,1,2021-12-24 09:06:47
1640336807829433000,30.0,1,29.8,27,30.0,1305,1,2021-12-24 09:06:47
1640336807835672000,29.8,1,29.8,26,30.0,1305,2,2021-12-24 09:06:47
1640336808171581000,29.8,2,29.8,24,30.0,1311,2,2021-12-24 09:06:48
1640336808254233000,29.8,1,29.8,23,30.0,1311,2,2021-12-24 09:06:48
1640336809010201000,29.85,10,29.8,23,30.0,1312,2,2021-12-24 09:06:49
1640336809062463000,30.0,1,29.8,25,30.0,1311,1,2021-12-24 09:06:49
1640336809182232000,30.0,5,29.8,25,30.0,1307,1,2021-12-24 09:06:49
1640336809259931000,29.8,5,29.8,20,30.0,1307,2,2021-12-24 09:06:49
1640336809335822000,30.0,1,29.8,20,30.0,1306,1,2021-12-24 09:06:49
1640336809940137000,29.95,2,29.8,20,30.0,1308,1,2021-12-24 09:06:49
1640336809940137000,30.0,4,29.8,20,30.0,1308,1,2021-12-24 09:06:49
1640336810445045000,29.95,3,29.85,1,29.95,13,1,2021-12-24 09:06:50
1640336810584435000,29.9,1,29.85,1,29.95,15,2,2021-12-24 09:06:50
1640336810665456000,29.85,1,29.8,20,29.95,15,2,2021-12-24 09:06:50
1640336810665456000,29.8,1,29.8,20,29.95,15,2,2021-12-24 09:06:50
1640336810721988000,29.8,2,29.8,18,29.95,15,2,2021-12-24 09:06:50
1640336810847258000,29.8,3,29.8,15,29.95,37,2,2021-12-24 09:06:50
1640336810880759000,29.8,6,29.8,9,29.95,37,2,2021-12-24 09:06:50
1640336811060500000,29.95,2,29.8,9,29.95,35,1,2021-12-24 09:06:51
1640336813279258000,29.95,10,29.8,9,29.95,33,1,2021-12-24 09:06:53
1640336813894002000,29.9,1,29.8,10,29.95,35,1,2021-12-24 09:06:53
1640336813916309000,29.8,1,29.8,9,29.95,35,2,2021-12-24 09:06:53
1640336814073887000,29.95,1,29.8,9,29.95,34,1,2021-12-24 09:06:54
1640336814173790000,29.95,2,29.8,9,29.95,32,1,2021-12-24 09:06:54
1640336815474653000,29.9,1,29.8,11,29.95,33,1,2021-12-24 09:06:55
1640336815539038000,29.95,1,29.8,11,29.95,32,1,2021-12-24 09:06:55
1640336815910766000,29.9,1,29.8,13,29.95,32,2,2021-12-24 09:06:55
1640336816091132000,29.8,5,29.8,8,29.95,32,2,2021-12-24 09:06:56
1640336816152262000,29.8,1,29.8,7,29.95,33,2,2021-12-24 09:06:56
1640336816451217000,29.95,2,29.8,7,29.95,32,1,2021-12-24 09:06:56
1640336816891321000,29.95,1,29.8,7,29.95,31,1,2021-12-24 09:06:56
1640336817179789000,29.8,1,29.8,6,29.95,31,2,2021-12-24 09:06:57
1640336817646720000,29.9,1,29.8,6,29.9,2,1,2021-12-24 09:06:57
1640336818198747000,29.9,1,29.8,11,29.9,1,1,2021-12-24 09:06:58
1640336818550875000,29.8,2,29.8,9,29.9,1,2,2021-12-24 09:06:58
1640336818755070000,29.9,1,29.8,9,29.95,38,1,2021-12-24 09:06:58
1640336818842274000,29.9,1,29.8,9,29.95,38,2,2021-12-24 09:06:58
1640336818991828000,29.9,1,29.85,1,29.95,38,1,2021-12-24 09:06:58
1640336819993243000,29.9,1,29.85,4,29.95,40,2,2021-12-24 09:06:59
1640336820132727000,29.9,1,29.85,4,29.95,38,1,2021-12-24 09:07:00
1640336820132727000,29.95,2,29.85,4,29.95,38,1,2021-12-24 09:07:00
1640336820316831000,29.9,1,29.85,4,29.95,24,2,2021-12-24 09:07:00
1640336820645929000,29.9,4,29.9,17,29.95,35,2,2021-12-24 09:07:00
1640336820685396000,29.9,17,29.85,4,29.95,35,2,2021-12-24 09:07:00
1640336820750605000,29.95,1,29.85,6,29.95,34,1,2021-12-24 09:07:00
1640336820759889000,29.95,1,29.85,6,29.95,33,1,2021-12-24 09:07:00
1640336820927857000,29.95,1,29.85,6,29.95,32,1,2021-12-24 09:07:00
1640336821195072000,29.95,1,29.85,6,29.95,34,1,2021-12-24 09:07:01
1640336821595890000,29.95,3,29.9,3,29.95,30,1,2021-12-24 09:07:01
1640336822208853000,29.9,1,29.9,2,29.95,34,2,2021-12-24 09:07:02
1640336822431091000,29.9,1,29.9,1,29.95,35,2,2021-12-24 09:07:02
1640336822451422000,29.9,1,29.85,8,29.95,36,2,2021-12-24 09:07:02
1640336822535335000,29.95,1,29.9,2,29.95,36,1,2021-12-24 09:07:02
1640336822650743000,29.9,1,29.9,1,29.95,38,2,2021-12-24 09:07:02
1640336822688592000,29.9,1,29.85,8,29.95,38,2,2021-12-24 09:07:02
1640336822701196000,29.95,1,29.85,8,29.95,37,1,2021-12-24 09:07:02
1640336822945716000,29.9,2,29.85,8,30.0,1753,1,2021-12-24 09:07:02
1640336822945716000,29.95,39,29.85,8,30.0,1753,1,2021-12-24 09:07:02
1640336822945716000,30.0,9,29.85,8,30.0,1753,1,2021-12-24 09:07:02
1640336823286043000,29.95,1,29.95,1,30.0,1753,2,2021-12-24 09:07:03
1640336823312878000,29.95,1,29.9,3,30.0,1753,2,2021-12-24 09:07:03
1640336823443060000,29.9,2,29.9,1,29.95,3,2,2021-12-24 09:07:03
1640336823482548000,29.9,1,29.85,8,29.95,3,2,2021-12-24 09:07:03
1640336823778727000,29.85,8,29.8,15,29.9,2,2,2021-12-24 09:07:03
1640336823778727000,29.8,1,29.8,15,29.9,2,2,2021-12-24 09:07:03
1640336823873624000,29.8,8,29.8,7,29.9,2,2,2021-12-24 09:07:03
1640336824056101000,29.8,2,29.8,5,29.9,2,2,2021-12-24 09:07:04
1640336824159071000,29.9,1,29.8,5,29.9,1,1,2021-12-24 09:07:04
1640336824595613000,29.9,1,29.85,2,29.95,3,1,2021-12-24 09:07:04
1640336824865670000,29.95,2,29.9,2,29.95,1,1,2021-12-24 09:07:04
1640336824875967000,29.95,1,29.95,1,30.0,1750,1,2021-12-24 09:07:04
1640336824901358000,29.95,1,29.9,2,30.0,1750,2,2021-12-24 09:07:04
1640336825398551000,29.95,1,29.95,1,30.0,1750,2,2021-12-24 09:07:05
1640336825428279000,29.95,1,29.9,3,30.0,1750,2,2021-12-24 09:07:05
1640336825470153000,29.9,1,29.9,2,30.0,1748,2,2021-12-24 09:07:05
1640336825671819000,29.95,1,29.9,2,30.0,1748,2,2021-12-24 09:07:05
1640336826029448000,29.95,1,29.9,2,30.0,1699,1,2021-12-24 09:07:06
1640336826029448000,30.0,49,29.9,2,30.0,1699,1,2021-12-24 09:07:06
1640336826232681000,30.0,3,29.9,2,30.0,1716,1,2021-12-24 09:07:06
1640336826443946000,30.0,1,29.9,2,30.0,1716,1,2021-12-24 09:07:06
1640336826772061000,29.95,1,29.9,2,30.0,1717,2,2021-12-24 09:07:06
1640336827619914000,29.95,2,29.9,5,29.95,30,1,2021-12-24 09:07:07
1640336828159207000,29.95,2,29.9,5,29.95,28,1,2021-12-24 09:07:08
1640336828239311000,29.95,28,29.9,5,30.0,1705,1,2021-12-24 09:07:08
1640336828239311000,30.0,22,29.9,5,30.0,1705,1,2021-12-24 09:07:08
1640336828483389000,29.95,1,29.95,7,30.0,1708,2,2021-12-24 09:07:08
1640336828523664000,29.95,1,29.95,6,30.0,1708,2,2021-12-24 09:07:08
1640336828577101000,30.0,2,29.95,6,30.0,1706,1,2021-12-24 09:07:08
1640336828591959000,29.95,6,29.9,4,29.95,4,2,2021-12-24 09:07:08
1640336828790736000,29.9,1,29.9,4,29.95,4,2,2021-12-24 09:07:08
1640336828825342000,29.9,4,29.85,14,29.95,4,2,2021-12-24 09:07:08
1640336828825342000,29.85,5,29.85,14,29.95,4,2,2021-12-24 09:07:08
1640336829245493000,29.9,1,29.9,2,29.95,7,2,2021-12-24 09:07:09
1640336829663295000,29.9,2,29.9,2,29.95,12,2,2021-12-24 09:07:09
1640336829683470000,29.9,1,29.9,1,29.95,12,2,2021-12-24 09:07:09
1640336830577239000,29.9,1,29.85,20,29.95,38,2,2021-12-24 09:07:10
1640336830917714000,29.95,15,29.85,20,29.95,23,1,2021-12-24 09:07:10
1640336831236141000,29.95,1,29.85,14,29.95,22,1,2021-12-24 09:07:11
1640336831390934000,29.95,1,29.85,14,29.95,21,1,2021-12-24 09:07:11
1640336831477726000,29.95,1,29.85,14,29.95,20,1,2021-12-24 09:07:11
1640336831583920000,29.95,1,29.85,15,29.95,19,1,2021-12-24 09:07:11
1640336833326351000,29.9,1,29.85,15,29.95,29,1,2021-12-24 09:07:13
1640336833326351000,29.95,2,29.85,15,29.95,29,1,2021-12-24 09:07:13
1640336833539451000,29.95,1,29.85,15,29.95,38,1,2021-12-24 09:07:13
1640336834106494000,29.9,1,29.85,11,29.95,44,2,2021-12-24 09:07:14
1640336834106494000,29.85,4,29.85,11,29.95,44,2,2021-12-24 09:07:14
1640336835755257000,29.85,12,29.8,34,29.95,47,2,2021-12-24 09:07:15
1640336836655138000,29.8,13,29.8,1,29.95,69,2,2021-12-24 09:07:16
1640336836697770000,29.8,1,29.75,131,29.9,2,2,2021-12-24 09:07:16
1640336837785573000,29.75,13,29.75,118,29.8,16,2,2021-12-24 09:07:17
1640336837817019000,29.75,10,29.75,108,29.8,16,2,2021-12-24 09:07:17
1640336837827952000,29.75,2,29.75,106,29.8,16,2,2021-12-24 09:07:17
1640336837919473000,29.75,2,29.75,104,29.8,16,2,2021-12-24 09:07:17
1640336837958804000,29.8,16,29.8,82,29.85,2,1,2021-12-24 09:07:17
1640336837988055000,29.8,2,29.8,80,29.85,2,2,2021-12-24 09:07:17
1640336838153487000,29.8,8,29.8,72,29.85,4,2,2021-12-24 09:07:18
1640336838183090000,29.8,13,29.8,59,29.85,4,2,2021-12-24 09:07:18
1640336838668673000,29.85,1,29.8,59,29.85,3,1,2021-12-24 09:07:18
1640336838746255000,29.8,5,29.8,54,29.85,3,2,2021-12-24 09:07:18
1640336839036957000,29.85,1,29.8,54,29.85,2,1,2021-12-24 09:07:19
1640336839179416000,29.85,1,29.8,54,29.85,1,1,2021-12-24 09:07:19
1640336839260193000,29.85,1,29.8,54,29.9,12,2,2021-12-24 09:07:19
1640336839317104000,29.8,1,29.75,105,29.9,12,1,2021-12-24 09:07:19
1640336842237641000,29.85,2,29.75,11,29.85,2,1,2021-12-24 09:07:22
1640336843052251000,29.75,6,29.75,5,29.8,150,2,2021-12-24 09:07:23
1640336843152503000,29.8,9,29.75,5,29.8,141,1,2021-12-24 09:07:23
1640336843162591000,29.75,5,29.7,5,29.8,141,2,2021-12-24 09:07:23
1640336844569234000,29.75,2,29.7,3,29.8,139,1,2021-12-24 09:07:24
1640336844569234000,29.8,3,29.7,3,29.8,139,1,2021-12-24 09:07:24
1640336845060350000,29.7,1,29.7,4,29.75,2,2,2021-12-24 09:07:25
1640336846209114000,29.7,1,29.7,5,29.75,2,2,2021-12-24 09:07:26
1640336846391811000,29.75,2,29.7,5,29.8,137,1,2021-12-24 09:07:26
1640336846391811000,29.8,3,29.7,5,29.8,137,1,2021-12-24 09:07:26
1640336849710232000,29.7,1,29.7,3,29.75,4,2,2021-12-24 09:07:29
1640336850203062000,29.7,2,29.7,1,29.75,4,2,2021-12-24 09:07:30
1640336850479774000,29.75,1,29.7,1,29.75,3,1,2021-12-24 09:07:30
1640336850589068000,29.7,1,29.65,3,29.75,3,2,2021-12-24 09:07:30
1640336850589068000,29.65,1,29.65,3,29.75,3,2,2021-12-24 09:07:30
1640336851640408000,29.75,2,29.65,3,29.75,3,1,2021-12-24 09:07:31
1640336852007518000,29.75,5,29.65,3,29.8,132,1,2021-12-24 09:07:32
1640336852007518000,29.8,5,29.65,3,29.8,132,1,2021-12-24 09:07:32
1640336854551489000,29.7,1,29.65,7,29.7,3,1,2021-12-24 09:07:34
1640336854720959000,29.65,1,29.65,2,29.7,3,2,2021-12-24 09:07:34
1640336854762925000,29.7,1,29.65,2,29.7,2,1,2021-12-24 09:07:34
1640336855245280000,29.7,1,29.65,2,29.7,1,1,2021-12-24 09:07:35
1640336855802635000,29.7,1,29.65,2,29.75,2,1,2021-12-24 09:07:35
1640336855859302000,29.75,1,29.65,2,29.75,1,1,2021-12-24 09:07:35
1640336857123246000,29.65,1,29.65,10,29.7,1,2,2021-12-24 09:07:37
1640336857166726000,29.7,1,29.7,2,29.75,3,1,2021-12-24 09:07:37
1640336859041600000,29.75,1,29.7,2,29.75,3,1,2021-12-24 09:07:39
1640336859227444000,29.75,1,29.7,2,29.75,2,1,2021-12-24 09:07:39
1640336859279145000,29.7,1,29.7,1,29.75,2,2,2021-12-24 09:07:39
1640336861028080000,29.7,1,29.65,8,29.75,2,2,2021-12-24 09:07:41
1640336861090143000,29.75,1,29.65,8,29.75,1,1,2021-12-24 09:07:41
1640336861914471000,29.75,1,29.75,1,29.8,204,1,2021-12-24 09:07:41
1640336863192415000,29.8,1,29.75,1,29.8,203,1,2021-12-24 09:07:43
1640336863308547000,29.75,1,29.7,15,29.8,203,2,2021-12-24 09:07:43
1640336865197453000,29.75,1,29.7,26,29.8,203,2,2021-12-24 09:07:45
1640336865812364000,29.75,1,29.7,26,29.75,1,1,2021-12-24 09:07:45
1640336866479620000,29.75,1,29.7,25,29.8,203,1,2021-12-24 09:07:46
1640336866550550000,29.8,1,29.7,25,29.8,202,1,2021-12-24 09:07:46
1640336868914113000,29.75,1,29.7,128,29.75,40,1,2021-12-24 09:07:48
1640336869499411000,29.75,2,29.7,128,29.75,38,1,2021-12-24 09:07:49
1640336869710000000,29.7,1,29.7,127,29.75,38,2,2021-12-24 09:07:49
1640336869908191000,29.75,1,29.7,127,29.75,37,1,2021-12-24 09:07:49
1640336871585479000,29.7,40,29.7,87,29.75,37,2,2021-12-24 09:07:51
1640336871588982000,29.75,1,29.7,87,29.75,36,1,2021-12-24 09:07:51
1640336871693127000,29.75,2,29.7,87,29.75,34,1,2021-12-24 09:07:51
1640336871824741000,29.7,1,29.7,86,29.75,34,2,2021-12-24 09:07:51
1640336872432897000,29.7,1,29.7,85,29.75,34,2,2021-12-24 09:07:52
1640336873275325000,29.7,6,29.7,79,29.75,35,2,2021-12-24 09:07:53
1640336873577536000,29.75,1,29.7,79,29.75,46,1,2021-12-24 09:07:53
1640336874021111000,29.75,46,29.75,52,29.8,212,1,2021-12-24 09:07:54
1640336874045658000,29.75,1,29.75,51,29.8,212,2,2021-12-24 09:07:54
1640336874121118000,29.75,1,29.75,50,29.8,212,2,2021-12-24 09:07:54
1640336875428301000,29.75,3,29.75,243,29.8,212,2,2021-12-24 09:07:55
1640336875829034000,29.8,6,29.75,341,29.8,206,1,2021-12-24 09:07:55
1640336877586066000,29.75,4,29.75,342,29.8,203,2,2021-12-24 09:07:57
1640336878083970000,29.75,1,29.75,341,29.8,213,2,2021-12-24 09:07:58
1640336878267865000,29.75,10,29.75,331,29.8,213,2,2021-12-24 09:07:58
1640336878445588000,29.75,1,29.75,330,29.8,213,2,2021-12-24 09:07:58
1640336879185347000,29.8,1,29.75,330,29.8,212,1,2021-12-24 09:07:59
1640336879780726000,29.75,2,29.75,524,29.8,212,2,2021-12-24 09:07:59
1640336881795307000,29.75,2,29.75,5,29.8,211,2,2021-12-24 09:08:01
1640336881980556000,29.75,5,29.7,92,29.8,211,2,2021-12-24 09:08:01
1640336881980556000,29.7,5,29.7,92,29.8,211,2,2021-12-24 09:08:01
1640336882736505000,29.7,2,29.7,93,29.75,2,2,2021-12-24 09:08:02
1640336883396096000,29.75,1,29.7,93,29.75,1,1,2021-12-24 09:08:03
1640336883710680000,29.7,1,29.7,92,29.8,209,2,2021-12-24 09:08:03
1640336884166675000,29.75,1,29.7,92,29.75,1,1,2021-12-24 09:08:04
1640336885056339000,29.75,1,29.75,1,29.8,209,1,2021-12-24 09:08:05
1640336885117436000,29.8,1,29.75,1,29.8,208,1,2021-12-24 09:08:05
1640336886004516000,29.8,15,29.75,2,29.8,194,1,2021-12-24 09:08:06
1640336886504549000,29.8,5,29.75,2,29.8,189,1,2021-12-24 09:08:06
1640336886789821000,29.75,2,29.7,92,29.8,189,2,2021-12-24 09:08:06
1640336887222043000,29.7,1,29.7,91,29.8,189,2,2021-12-24 09:08:07
1640336887304470000,29.7,1,29.7,90,29.8,190,2,2021-12-24 09:08:07
1640336888028759000,29.8,2,29.75,2,29.8,188,1,2021-12-24 09:08:08
1640336888730275000,29.8,5,29.75,2,29.8,183,1,2021-12-24 09:08:08
1640336889520661000,29.75,1,29.75,1,29.8,183,2,2021-12-24 09:08:09
1640336890026230000,29.8,1,29.75,3,29.8,182,1,2021-12-24 09:08:10
1640336890634585000,29.8,1,29.75,116,29.8,181,1,2021-12-24 09:08:10
1640336890780862000,29.8,3,29.75,116,29.8,178,1,2021-12-24 09:08:10
1640336891870894000,29.8,1,29.75,117,29.8,177,1,2021-12-24 09:08:11
1640336892088422000,29.75,6,29.75,111,29.8,177,2,2021-12-24 09:08:12
1640336894253078000,29.8,2,29.75,112,29.8,176,1,2021-12-24 09:08:14
1640336894787985000,29.8,2,29.75,114,29.8,174,1,2021-12-24 09:08:14
1640336894983547000,29.8,5,29.75,114,29.8,169,1,2021-12-24 09:08:14
1640336895380341000,29.75,2,29.75,112,29.8,169,2,2021-12-24 09:08:15
1640336896115623000,29.8,3,29.75,112,29.8,166,1,2021-12-24 09:08:16
1640336896435232000,29.75,1,29.75,111,29.8,166,2,2021-12-24 09:08:16
1640336896966700000,29.8,1,29.75,111,29.8,165,1,2021-12-24 09:08:16
1640336897208391000,29.75,1,29.75,110,29.8,165,2,2021-12-24 09:08:17
1640336898342414000,29.8,1,29.75,110,29.8,164,1,2021-12-24 09:08:18
1640336898634174000,29.75,6,29.75,104,29.8,164,2,2021-12-24 09:08:18
1640336899053203000,29.75,1,29.75,103,29.8,164,2,2021-12-24 09:08:19
1640336900004466000,29.75,1,29.75,102,29.8,164,2,2021-12-24 09:08:20
1640336900597356000,29.75,1,29.75,102,29.8,164,2,2021-12-24 09:08:20
1640336902247047000,29.8,98,29.75,200,29.8,66,1,2021-12-24 09:08:22
1640336902290555000,29.8,27,29.75,200,29.8,39,1,2021-12-24 09:08:22
1640336903417737000,29.75,1,29.75,199,29.8,39,2,2021-12-24 09:08:23
1640336903782892000,29.8,1,29.75,202,29.8,38,1,2021-12-24 09:08:23
1640336903812433000,29.8,7,29.75,202,29.8,31,1,2021-12-24 09:08:23
1640336904986984000,29.8,5,29.75,202,29.8,28,1,2021-12-24 09:08:24
1640336905321186000,29.8,3,29.75,202,29.8,25,1,2021-12-24 09:08:25
1640336905619395000,29.75,5,29.75,198,29.8,25,2,2021-12-24 09:08:25
1640336906339452000,29.8,1,29.75,199,29.8,24,1,2021-12-24 09:08:26
1640336906744678000,29.8,3,29.75,239,29.8,21,1,2021-12-24 09:08:26
1640336907250601000,29.8,15,29.75,239,29.8,7,1,2021-12-24 09:08:27
1640336907948997000,29.8,7,29.8,1,29.85,16,1,2021-12-24 09:08:27
1640336908044955000,29.8,1,29.75,240,29.85,16,2,2021-12-24 09:08:28
1640336909605275000,29.8,1,29.8,1,29.85,17,2,2021-12-24 09:08:29
1640336910911313000,29.8,2,29.75,249,29.85,17,2,2021-12-24 09:08:30
1640336912314971000,29.75,2,29.75,251,29.85,17,2,2021-12-24 09:08:32
1640336912370279000,29.75,1,29.75,250,29.85,17,2,2021-12-24 09:08:32
1640336914031084000,29.85,1,29.75,250,29.85,16,1,2021-12-24 09:08:34
1640336914308934000,29.8,1,29.75,250,29.85,16,2,2021-12-24 09:08:34
1640336914403631000,29.8,1,29.75,250,29.85,16,2,2021-12-24 09:08:34
1640336914951687000,29.85,1,29.8,10,29.85,15,1,2021-12-24 09:08:34
1640336916362377000,29.8,5,29.8,5,29.85,15,2,2021-12-24 09:08:36
1640336917679287000,29.8,2,29.8,7,29.85,15,2,2021-12-24 09:08:37
1640336918558470000,29.8,7,29.75,237,29.85,15,2,2021-12-24 09:08:38
1640336918558470000,29.75,13,29.75,237,29.85,15,2,2021-12-24 09:08:38
1640336919218004000,29.8,1,29.75,231,29.85,19,2,2021-12-24 09:08:39
1640336919218004000,29.75,6,29.75,231,29.85,19,2,2021-12-24 09:08:39
1640336919435657000,29.85,10,29.75,231,29.85,9,1,2021-12-24 09:08:39
1640336920416180000,29.8,1,29.8,2,29.85,5,2,2021-12-24 09:08:40
1640336922585696000,29.8,2,29.75,233,29.85,10,2,2021-12-24 09:08:42
1640336923330920000,29.8,1,29.75,234,29.85,40,1,2021-12-24 09:08:43
1640336923651953000,29.8,1,29.8,2,29.85,40,1,2021-12-24 09:08:43
1640336924240008000,29.85,2,29.8,2,29.85,40,1,2021-12-24 09:08:44
1640336924927500000,29.8,1,29.8,99,29.85,40,2,2021-12-24 09:08:44
1640336925925193000,29.8,2,29.8,97,29.85,42,2,2021-12-24 09:08:45
1640336926477719000,29.8,10,29.8,87,29.85,42,2,2021-12-24 09:08:46
1640336927200580000,29.85,20,29.8,87,29.85,22,1,2021-12-24 09:08:47
1640336932720429000,29.8,12,29.8,86,29.85,25,2,2021-12-24 09:08:52
1640336933308947000,29.85,1,29.8,87,29.85,24,1,2021-12-24 09:08:53
1640336933836962000,29.85,2,29.8,87,29.85,22,1,2021-12-24 09:08:53
1640336934371032000,29.85,5,29.8,87,29.85,18,1,2021-12-24 09:08:54
1640336935264338000,29.85,1,29.8,87,29.85,17,1,2021-12-24 09:08:55
1640336935750823000,29.85,2,29.8,100,29.85,15,1,2021-12-24 09:08:55
1640336941334002000,29.85,1,29.8,102,29.85,17,1,2021-12-24 09:09:01
1640336943712238000,29.8,1,29.8,101,29.85,22,2,2021-12-24 09:09:03
1640336944494862000,29.85,5,29.8,101,29.85,17,1,2021-12-24 09:09:04
1640336947796823000,29.85,1,29.8,101,29.85,20,1,2021-12-24 09:09:07
1640336948453825000,29.8,4,29.8,97,29.85,30,2,2021-12-24 09:09:08
1640336949694285000,29.85,2,29.8,97,29.85,29,1,2021-12-24 09:09:09
1640336949883372000,29.85,2,29.8,97,29.85,27,1,2021-12-24 09:09:09
1640336952843920000,29.85,2,29.8,98,29.85,25,1,2021-12-24 09:09:12
1640336953169397000,29.85,1,29.8,98,29.85,24,1,2021-12-24 09:09:13
1640336953387710000,29.8,1,29.8,97,29.85,24,2,2021-12-24 09:09:13
1640336955027882000,29.8,3,29.8,95,29.85,27,2,2021-12-24 09:09:15
1640336957396469000,29.8,15,29.8,178,29.85,32,2,2021-12-24 09:09:17
1640336958382784000,29.85,3,29.8,178,29.85,34,1,2021-12-24 09:09:18
1640336959599941000,29.85,2,29.8,178,29.85,35,1,2021-12-24 09:09:19
1640336959731536000,29.8,2,29.8,176,29.85,35,2,2021-12-24 09:09:19
1640336960122298000,29.85,2,29.8,176,29.85,33,1,2021-12-24 09:09:20
1640336960394381000,29.85,33,29.85,65,29.9,78,1,2021-12-24 09:09:20
1640336960548343000,29.85,3,29.85,62,29.9,82,2,2021-12-24 09:09:20
1640336964548441000,29.9,3,29.85,81,29.9,75,1,2021-12-24 09:09:24
1640336964670292000,29.85,5,29.85,76,29.9,75,2,2021-12-24 09:09:24
1640336964680787000,29.85,2,29.85,74,29.9,75,2,2021-12-24 09:09:24
1640336964753473000,29.9,4,29.85,74,29.9,75,1,2021-12-24 09:09:24
1640336965253450000,29.85,4,29.85,70,29.9,75,2,2021-12-24 09:09:25
1640336965423616000,29.9,1,29.85,70,29.9,74,1,2021-12-24 09:09:25
1640336965558156000,29.9,1,29.85,70,29.9,73,1,2021-12-24 09:09:25
1640336967540355000,29.9,1,29.85,71,29.9,83,1,2021-12-24 09:09:27
1640336967722431000,29.9,1,29.85,71,29.9,82,1,2021-12-24 09:09:27
1640336969210331000,29.85,2,29.85,80,29.9,82,2,2021-12-24 09:09:29
1640336969443825000,29.9,8,29.85,80,29.9,74,1,2021-12-24 09:09:29
1640336969823222000,29.85,1,29.85,84,29.9,74,2,2021-12-24 09:09:29
1640336971187541000,29.9,73,29.9,25,29.95,210,1,2021-12-24 09:09:31
1640336972665158000,29.95,5,29.9,40,29.95,207,1,2021-12-24 09:09:32
1640336972983095000,29.95,1,29.9,40,29.95,206,1,2021-12-24 09:09:32
1640336972986929000,29.95,10,29.9,40,29.95,196,1,2021-12-24 09:09:32
1640336973652806000,29.95,20,29.9,40,29.95,176,1,2021-12-24 09:09:33
1640336974457777000,29.95,1,29.9,40,29.95,175,1,2021-12-24 09:09:34
1640336974473186000,29.95,3,29.9,40,29.95,172,1,2021-12-24 09:09:34
1640336976287560000,29.95,1,29.9,41,29.95,172,1,2021-12-24 09:09:36
1640336976327774000,29.95,2,29.9,41,29.95,170,1,2021-12-24 09:09:36
1640336977647440000,29.95,5,29.9,43,29.95,166,1,2021-12-24 09:09:37
1640336978430425000,29.9,12,29.9,41,29.95,140,2,2021-12-24 09:09:38
1640336978440329000,29.95,10,29.9,41,29.95,130,1,2021-12-24 09:09:38
1640336979467996000,29.95,5,29.9,51,29.95,129,1,2021-12-24 09:09:39
1640336981030758000,29.9,3,29.9,48,29.95,129,2,2021-12-24 09:09:41
1640336981634545000,29.95,1,29.9,48,29.95,128,1,2021-12-24 09:09:41
1640336982208783000,29.9,3,29.9,45,29.95,128,2,2021-12-24 09:09:42
1640336982672584000,29.95,1,29.9,45,29.95,127,1,2021-12-24 09:09:42
1640336982692891000,29.95,2,29.9,45,29.95,125,1,2021-12-24 09:09:42
1640336982846106000,29.95,10,29.9,45,29.95,115,1,2021-12-24 09:09:42
1640336982937610000,29.95,1,29.9,45,29.95,114,1,2021-12-24 09:09:42
1640336982949488000,29.9,1,29.9,44,29.95,114,2,2021-12-24 09:09:42
1640336983560698000,29.95,5,29.9,44,29.95,109,1,2021-12-24 09:09:43
1640336983889941000,29.9,2,29.9,42,29.95,109,2,2021-12-24 09:09:43
1640336984375653000,29.95,5,29.9,42,29.95,104,1,2021-12-24 09:09:44
1640336984846386000,29.9,6,29.9,36,29.95,105,2,2021-12-24 09:09:44
1640336985406288000,29.95,1,29.9,36,29.95,104,1,2021-12-24 09:09:45
1640336985845655000,29.95,1,29.9,36,29.95,103,1,2021-12-24 09:09:45
1640336985998858000,29.9,1,29.9,35,29.95,104,2,2021-12-24 09:09:45
1640336987877789000,29.95,1,29.9,135,29.95,105,1,2021-12-24 09:09:47
1640336988853469000,29.95,5,29.9,140,29.95,100,1,2021-12-24 09:09:48
1640336989020822000,29.95,5,29.9,140,29.95,95,1,2021-12-24 09:09:49
1640336990032932000,29.95,20,29.9,146,29.95,75,1,2021-12-24 09:09:50
1640336990976713000,29.95,74,29.9,146,30.0,1776,1,2021-12-24 09:09:50
1640336990976713000,30.0,6,29.9,146,30.0,1776,1,2021-12-24 09:09:50
1640336991014094000,30.0,1,29.9,146,30.0,1771,1,2021-12-24 09:09:51
1640336991014348000,30.0,4,29.9,146,30.0,1771,1,2021-12-24 09:09:51
1640336991061678000,30.0,1,29.9,146,30.0,1770,1,2021-12-24 09:09:51
1640336992017176000,29.95,1,29.95,4,30.0,1773,1,2021-12-24 09:09:52
1640336992058619000,30.0,20,29.95,4,30.0,1757,1,2021-12-24 09:09:52
1640336992081489000,30.0,1,29.95,4,30.0,1756,1,2021-12-24 09:09:52
1640336992438850000,29.95,2,29.95,2,30.0,1751,2,2021-12-24 09:09:52
1640336992692090000,30.0,10,29.95,2,30.0,1745,1,2021-12-24 09:09:52
1640336992726544000,30.0,20,29.95,2,30.0,1721,1,2021-12-24 09:09:52
1640336994152350000,30.0,2,29.95,105,30.0,1720,1,2021-12-24 09:09:54
1640336996318463000,30.0,7,29.95,105,30.0,1745,1,2021-12-24 09:09:56
1640336996733910000,30.0,10,29.95,105,30.0,1735,1,2021-12-24 09:09:56
1640336996930745000,30.0,1,29.95,105,30.0,1734,1,2021-12-24 09:09:56
1640336997109302000,30.0,1,29.95,105,30.0,1733,1,2021-12-24 09:09:57
1640336998052957000,30.0,1,29.95,105,30.0,1740,1,2021-12-24 09:09:58
1640336998272674000,30.0,1,29.95,105,30.0,1739,1,2021-12-24 09:09:58
1640336998321820000,30.0,1,29.95,105,30.0,1738,1,2021-12-24 09:09:58
1640336999140978000,30.0,10,29.95,108,30.0,1729,1,2021-12-24 09:09:59
1640336999632139000,29.95,3,29.95,115,30.0,1729,2,2021-12-24 09:09:59
1640336999728757000,30.0,1,29.95,115,30.0,1732,1,2021-12-24 09:09:59
1640336999828309000,29.95,3,29.95,112,30.0,1728,2,2021-12-24 09:09:59
1640337000118668000,29.95,4,29.95,108,30.0,1732,2,2021-12-24 09:10:00
1640337001878299000,30.0,1,29.95,109,30.0,1733,1,2021-12-24 09:10:01
1640337002566172000,30.0,3,29.95,109,30.0,1716,1,2021-12-24 09:10:02
1640337002625300000,30.0,1,29.95,109,30.0,1716,1,2021-12-24 09:10:02
1640337002644588000,30.0,2,29.95,109,30.0,1714,1,2021-12-24 09:10:02
1640337002794493000,30.0,19,29.95,109,30.0,1695,1,2021-12-24 09:10:02
1640337003913764000,29.95,10,29.95,99,30.0,1696,2,2021-12-24 09:10:03
1640337004796743000,29.95,1,29.95,100,30.0,1700,2,2021-12-24 09:10:04
1640337006251670000,29.95,1,29.95,99,30.0,1700,2,2021-12-24 09:10:06
1640337007546137000,29.95,2,29.95,97,30.0,1703,2,2021-12-24 09:10:07
1640337007776303000,30.0,2,29.95,97,30.0,1701,1,2021-12-24 09:10:07
1640337008290292000,30.0,2,29.95,97,30.0,1695,1,2021-12-24 09:10:08
1640337008357139000,29.95,1,29.95,96,30.0,1695,2,2021-12-24 09:10:08
1640337008380733000,29.95,1,29.95,95,30.0,1695,2,2021-12-24 09:10:08
1640337008385232000,29.95,5,29.95,90,30.0,1695,2,2021-12-24 09:10:08
1640337008878064000,29.95,4,29.95,86,30.0,1704,2,2021-12-24 09:10:08
1640337008885118000,29.95,5,29.95,81,30.0,1704,2,2021-12-24 09:10:08
1640337009239916000,30.0,2,29.95,81,30.0,1702,1,2021-12-24 09:10:09
1640337009456589000,29.95,2,29.95,79,30.0,1698,2,2021-12-24 09:10:09
1640337010118882000,29.95,2,29.95,77,30.0,1705,2,2021-12-24 09:10:10
1640337010291390000,30.0,1,29.95,77,30.0,1704,1,2021-12-24 09:10:10
1640337011014801000,30.0,1,29.95,77,30.0,1699,1,2021-12-24 09:10:11
1640337011523388000,30.0,2,29.95,78,30.0,1697,1,2021-12-24 09:10:11
1640337012830980000,29.95,1,29.95,91,30.0,1696,2,2021-12-24 09:10:12
1640337013278845000,30.0,1,29.95,91,30.0,1695,1,2021-12-24 09:10:13
1640337013908195000,29.95,1,29.95,90,30.0,1703,2,2021-12-24 09:10:13
1640337013910507000,29.95,90,29.9,133,29.95,10,2,2021-12-24 09:10:13
1640337013987993000,29.95,1,29.9,133,29.95,9,1,2021-12-24 09:10:13
1640337014771433000,29.95,1,29.9,133,29.95,12,1,2021-12-24 09:10:14
1640337014774289000,29.95,1,29.9,133,29.95,11,1,2021-12-24 09:10:14
1640337015181841000,29.95,3,29.9,133,29.95,8,1,2021-12-24 09:10:15
1640337015992125000,29.95,8,29.95,2,30.0,1705,1,2021-12-24 09:10:15
1640337016031004000,29.95,1,29.95,1,30.0,1705,2,2021-12-24 09:10:16
1640337016421284000,30.0,1,29.95,1,30.0,1704,1,2021-12-24 09:10:16
1640337017633591000,29.95,1,29.95,5,30.0,1710,2,2021-12-24 09:10:17
1640337017764150000,29.95,1,29.95,4,30.0,1710,2,2021-12-24 09:10:17
1640337018461753000,30.0,2,29.95,4,30.0,1708,1,2021-12-24 09:10:18
1640337020553967000,30.0,1,29.95,4,30.0,1714,1,2021-12-24 09:10:20
1640337020933723000,30.0,1,29.95,4,30.0,1714,1,2021-12-24 09:10:20
1640337021094571000,30.0,1,29.95,4,30.0,1713,1,2021-12-24 09:10:21
1640337021124522000,30.0,1,29.95,4,30.0,1712,1,2021-12-24 09:10:21
1640337022574833000,30.0,1,29.95,4,30.0,1712,1,2021-12-24 09:10:22
1640337022605280000,30.0,10,29.95,4,30.0,1702,1,2021-12-24 09:10:22
1640337023669576000,29.95,1,29.95,4,30.0,1702,2,2021-12-24 09:10:23
1640337023972480000,29.95,1,29.95,3,30.0,1702,2,2021-12-24 09:10:23
1640337024291821000,30.0,3,29.95,4,30.0,1699,1,2021-12-24 09:10:24
1640337024429893000,29.95,1,29.95,3,30.0,1699,2,2021-12-24 09:10:24
1640337025196662000,29.95,3,29.9,128,30.0,1698,2,2021-12-24 09:10:25
1640337025196662000,29.9,2,29.9,128,30.0,1698,2,2021-12-24 09:10:25
1640337025954887000,30.0,1,29.95,1,30.0,1702,1,2021-12-24 09:10:25
1640337026565087000,29.95,1,29.9,128,29.95,2,2,2021-12-24 09:10:26
1640337026878616000,29.95,1,29.9,128,29.95,1,1,2021-12-24 09:10:26
1640337027333932000,29.95,1,29.9,128,30.0,1698,1,2021-12-24 09:10:27
1640337027333932000,30.0,4,29.9,128,30.0,1698,1,2021-12-24 09:10:27
1640337027779742000,30.0,5,29.9,128,30.0,1693,1,2021-12-24 09:10:27
1640337028432473000,29.95,1,29.9,128,30.0,1693,2,2021-12-24 09:10:28
1640337029715815000,30.0,1,29.95,5,30.0,1692,1,2021-12-24 09:10:29
1640337030619893000,30.0,2,29.95,5,30.0,1691,1,2021-12-24 09:10:30
1640337030830608000,30.0,2,29.95,5,30.0,1689,1,2021-12-24 09:10:30
1640337030881640000,30.0,15,29.95,5,30.0,1674,1,2021-12-24 09:10:30
1640337032301983000,29.95,2,29.95,3,30.0,1685,2,2021-12-24 09:10:32
1640337032716044000,29.95,3,29.9,138,29.95,2,2,2021-12-24 09:10:32
1640337033589593000,29.95,15,29.95,83,30.0,1681,1,2021-12-24 09:10:33
1640337035559623000,29.95,20,29.95,64,30.0,1681,2,2021-12-24 09:10:35
1640337035677958000,30.0,1,29.95,64,30.0,1680,1,2021-12-24 09:10:35
1640337036249710000,30.0,10,29.95,64,30.0,1670,1,2021-12-24 09:10:36
1640337037172072000,29.95,2,29.95,161,30.0,1673,2,2021-12-24 09:10:37
1640337037650255000,29.95,1,29.95,159,30.0,1673,2,2021-12-24 09:10:37
1640337037651008000,30.0,1,29.95,159,30.0,1672,1,2021-12-24 09:10:37
1640337038133427000,29.95,10,29.95,154,30.0,1672,2,2021-12-24 09:10:38
1640337038926729000,30.0,1,29.95,154,30.0,1671,1,2021-12-24 09:10:38
1640337039324212000,29.95,1,29.95,153,30.0,1671,2,2021-12-24 09:10:39
1640337041033295000,29.95,1,29.95,160,30.0,1682,2,2021-12-24 09:10:41
1640337042165029000,30.0,1,29.95,160,30.0,1682,1,2021-12-24 09:10:42
1640337042809700000,30.0,1,29.95,162,30.0,1681,1,2021-12-24 09:10:42
1640337042848186000,29.95,1,29.95,161,30.0,1680,2,2021-12-24 09:10:42
1640337043042661000,29.95,4,29.95,157,30.0,1680,2,2021-12-24 09:10:43
1640337043137513000,29.95,10,29.95,147,30.0,1680,2,2021-12-24 09:10:43
1640337043900697000,30.0,1,29.95,148,30.0,1680,1,2021-12-24 09:10:43
1640337046004528000,29.95,2,29.95,150,30.0,1682,2,2021-12-24 09:10:46
1640337046676826000,29.95,1,29.95,149,30.0,1683,2,2021-12-24 09:10:46
1640337048670652000,29.95,5,29.95,152,30.0,1683,2,2021-12-24 09:10:48
1640337049151974000,29.95,1,29.95,151,30.0,1684,2,2021-12-24 09:10:49
1640337050800980000,30.0,2,29.95,249,30.0,1686,1,2021-12-24 09:10:50
1640337051526643000,30.0,6,29.95,249,30.0,1681,1,2021-12-24 09:10:51
1640337051802077000,29.95,4,29.95,245,30.0,1681,2,2021-12-24 09:10:51
1640337051904976000,30.0,5,29.95,245,30.0,1676,1,2021-12-24 09:10:51
1640337052230870000,29.95,1,29.95,244,30.0,1676,2,2021-12-24 09:10:52
1640337052312106000,30.0,1,29.95,244,30.0,1675,1,2021-12-24 09:10:52
1640337052457485000,29.95,2,29.95,242,30.0,1675,2,2021-12-24 09:10:52
1640337052494071000,30.0,20,29.95,242,30.0,1655,1,2021-12-24 09:10:52
1640337053709531000,29.95,2,29.95,240,30.0,1655,2,2021-12-24 09:10:53
1640337054443904000,30.0,1,29.95,240,30.0,1654,1,2021-12-24 09:10:54
1640337055598288000,30.0,5,29.95,240,30.0,1654,1,2021-12-24 09:10:55
1640337055714137000,30.0,4,29.95,240,30.0,1650,1,2021-12-24 09:10:55
1640337056924906000,30.0,1,29.95,339,30.0,1649,1,2021-12-24 09:10:56
1640337057297069000,29.95,1,29.95,338,30.0,1650,2,2021-12-24 09:10:57
1640337057763713000,30.0,1,29.95,338,30.0,1649,1,2021-12-24 09:10:57
1640337058486476000,29.95,3,29.95,335,30.0,1649,2,2021-12-24 09:10:58
1640337059585101000,29.95,3,29.95,332,30.0,1650,2,2021-12-24 09:10:59
1640337060464038000,29.95,1,29.95,332,30.0,1650,2,2021-12-24 09:11:00
1640337061388011000,30.0,1,29.95,333,30.0,1649,1,2021-12-24 09:11:01
1640337061404377000,30.0,1,29.95,333,30.0,1648,1,2021-12-24 09:11:01
1640337062307603000,29.95,1,29.95,335,30.0,1647,2,2021-12-24 09:11:02
1640337062538078000,29.95,1,29.95,332,30.0,1647,2,2021-12-24 09:11:02
1640337063045676000,29.95,43,29.95,290,30.0,1648,2,2021-12-24 09:11:03
1640337063503645000,29.95,1,29.95,289,30.0,1648,2,2021-12-24 09:11:03
1640337063831617000,30.0,2,29.95,289,30.0,1646,1,2021-12-24 09:11:03
1640337064079885000,30.0,5,29.95,289,30.0,1643,1,2021-12-24 09:11:04
1640337064651047000,29.95,3,29.95,287,30.0,1643,2,2021-12-24 09:11:04
1640337064753883000,29.95,1,29.95,286,30.0,1643,2,2021-12-24 09:11:04
1640337067121986000,29.95,1,29.95,286,30.0,1638,2,2021-12-24 09:11:07
1640337068877751000,29.95,10,29.95,277,30.0,1638,2,2021-12-24 09:11:08
1640337068934320000,30.0,1,29.95,277,30.0,1637,1,2021-12-24 09:11:08
1640337069516395000,29.95,5,29.95,272,30.0,1637,2,2021-12-24 09:11:09
1640337070309414000,29.95,5,29.95,267,30.0,1637,2,2021-12-24 09:11:10
1640337070477343000,29.95,2,29.95,265,30.0,1637,2,2021-12-24 09:11:10
1640337071212598000,29.95,1,29.95,264,30.0,1638,2,2021-12-24 09:11:11
1640337072374412000,29.95,1,29.95,264,30.0,1638,2,2021-12-24 09:11:12
1640337074036536000,29.95,2,29.95,262,30.0,1639,2,2021-12-24 09:11:14
1640337074177765000,29.95,3,29.95,261,30.0,1636,2,2021-12-24 09:11:14
1640337074302735000,30.0,1,29.95,260,30.0,1636,1,2021-12-24 09:11:14
