ts,close,volume,bid_price,bid_volume,ask_price,ask_volume,tick_type,datetime
1640336415961924000,57.4,123,57.3,4,57.4,2,2,2021-12-24 09:00:15
1640336416057795000,57.4,1,57.3,4,57.4,1,1,2021-12-24 09:00:16
1640336416177621000,57.3,2,57.3,2,57.4,1,2,2021-12-24 09:00:16
1640336416395512000,57.3,2,57.2,14,57.4,1,2,2021-12-24 09:00:16
1640336416480877000,57.2,4,57.2,10,57.4,1,2,2021-12-24 09:00:16
1640336416583796000,57.2,1,57.2,9,57.4,1,2,2021-12-24 09:00:16
1640336417347036000,57.4,1,57.2,9,57.6,3,1,2021-12-24 09:00:17
1640336420307397000,57.2,3,57.2,6,57.6,3,2,2021-12-24 09:00:20
1640336425459912000,57.5,1,57.3,1,57.6,3,1,2021-12-24 09:00:25
1640336430083682000,57.5,1,57.3,2,57.6,2,1,2021-12-24 09:00:30
1640336430083682000,57.6,1,57.3,2,57.6,2,1,2021-12-24 09:00:30
1640336432166480000,57.6,1,57.3,2,57.6,1,1,2021-12-24 09:00:32
1640336433399882000,57.6,1,57.3,2,57.8,8,1,2021-12-24 09:00:33
1640336438408319000,57.6,1,57.4,2,57.8,8,1,2021-12-24 09:00:38
1640336439592644000,57.6,1,57.4,2,57.8,8,1,2021-12-24 09:00:39
1640336440227730000,57.6,1,57.6,2,57.8,8,2,2021-12-24 09:00:40
1640336442145748000,57.8,4,57.6,2,57.8,4,1,2021-12-24 09:00:42
1640336443501258000,57.6,2,57.5,1,57.6,15,2,2021-12-24 09:00:43
1640336443747808000,57.5,1,57.4,1,57.6,15,2,2021-12-24 09:00:43
1640336452136924000,57.5,1,57.5,1,57.6,15,2,2021-12-24 09:00:52
1640336452154666000,57.5,1,57.4,8,57.6,15,2,2021-12-24 09:00:52
1640336452236066000,57.4,2,57.4,6,57.6,15,2,2021-12-24 09:00:52
1640336452838100000,57.4,1,57.4,6,57.6,15,2,2021-12-24 09:00:52
1640336457741079000,57.6,1,57.5,13,57.6,14,1,2021-12-24 09:00:57
1640336458074486000,57.6,1,57.5,13,57.6,13,1,2021-12-24 09:00:58
1640336464001696000,57.6,1,57.5,14,57.6,12,1,2021-12-24 09:01:04
1640336464395040000,57.5,2,57.5,12,57.6,12,2,2021-12-24 09:01:04
1640336464801915000,57.6,1,57.5,11,57.6,11,1,2021-12-24 09:01:04
1640336467197924000,57.6,2,57.5,11,57.6,9,1,2021-12-24 09:01:07
1640336468995063000,57.6,4,57.5,12,57.6,5,1,2021-12-24 09:01:08
1640336470586284000,57.6,5,57.5,13,57.7,1,1,2021-12-24 09:01:10
1640336471587466000,57.7,1,57.5,14,57.8,13,1,2021-12-24 09:01:11
1640336477878944000,57.8,1,57.6,2,57.8,12,1,2021-12-24 09:01:17
1640336480040488000,57.8,1,57.6,2,57.8,11,1,2021-12-24 09:01:20
1640336482113268000,57.8,2,57.6,2,57.8,9,1,2021-12-24 09:01:22
1640336486283053000,57.8,2,57.6,3,57.8,45,1,2021-12-24 09:01:26
1640336488301275000,57.6,3,57.5,14,57.8,48,2,2021-12-24 09:01:28
1640336488375095000,57.5,4,57.5,10,57.8,48,2,2021-12-24 09:01:28
1640336488393331000,57.5,3,57.5,7,57.8,48,2,2021-12-24 09:01:28
1640336488413500000,57.5,2,57.5,5,57.8,48,2,2021-12-24 09:01:28
1640336488442716000,57.5,1,57.5,4,57.8,48,2,2021-12-24 09:01:28
1640336488484375000,57.5,2,57.5,2,57.8,48,2,2021-12-24 09:01:28
1640336489477048000,57.8,1,57.5,2,57.8,47,1,2021-12-24 09:01:29
1640336489700593000,57.5,1,57.5,1,57.7,1,2,2021-12-24 09:01:29
1640336489730043000,57.5,1,57.4,7,57.7,1,2,2021-12-24 09:01:29
1640336495424692000,57.4,2,57.4,5,57.5,1,2,2021-12-24 09:01:35
1640336497439884000,57.5,1,57.5,1,57.7,1,1,2021-12-24 09:01:37
1640336498353988000,57.5,1,57.4,4,57.7,1,2,2021-12-24 09:01:38
1640336498353988000,57.4,1,57.4,4,57.7,1,2,2021-12-24 09:01:38
1640336502274994000,57.4,4,57.2,8,57.3,32,2,2021-12-24 09:01:42
1640336502274994000,57.3,2,57.2,8,57.3,32,2,2021-12-24 09:01:42
1640336502302259000,57.2,1,57.2,7,57.3,32,2,2021-12-24 09:01:42
1640336502582467000,57.3,1,57.2,7,57.3,31,1,2021-12-24 09:01:42
1640336502718308000,57.3,1,57.2,7,57.3,30,1,2021-12-24 09:01:42
1640336506691341000,57.3,1,57.2,7,57.3,29,1,2021-12-24 09:01:46
1640336507071178000,57.3,1,57.2,7,57.3,28,1,2021-12-24 09:01:47
1640336507329513000,57.2,5,57.2,2,57.3,28,2,2021-12-24 09:01:47
1640336507502404000,57.2,1,57.2,1,57.3,28,2,2021-12-24 09:01:47
1640336507872712000,57.3,1,57.2,1,57.3,27,1,2021-12-24 09:01:47
1640336509121530000,57.2,1,57.1,23,57.3,27,2,2021-12-24 09:01:49
1640336509544612000,57.2,1,57.1,23,57.3,23,1,2021-12-24 09:01:49
1640336509544612000,57.3,4,57.1,23,57.3,23,1,2021-12-24 09:01:49
1640336512285766000,57.2,1,57.1,23,57.3,24,2,2021-12-24 09:01:52
1640336515528120000,57.2,2,57.1,23,57.3,21,1,2021-12-24 09:01:55
1640336515528120000,57.3,3,57.1,23,57.3,21,1,2021-12-24 09:01:55
1640336517364166000,57.1,1,57.1,22,57.2,1,2,2021-12-24 09:01:57
1640336517382581000,57.1,1,57.1,21,57.2,1,2,2021-12-24 09:01:57
1640336517448899000,57.1,1,57.1,20,57.2,1,2,2021-12-24 09:01:57
1640336517469397000,57.1,6,57.1,14,57.2,1,2,2021-12-24 09:01:57
1640336517480714000,57.1,1,57.1,13,57.2,1,2,2021-12-24 09:01:57
1640336517785555000,57.2,1,57.1,13,57.3,19,1,2021-12-24 09:01:57
1640336517785555000,57.3,2,57.1,13,57.3,19,1,2021-12-24 09:01:57
1640336520405456000,57.3,10,57.1,13,57.3,9,1,2021-12-24 09:02:00
1640336520690080000,57.2,1,57.1,11,57.3,9,2,2021-12-24 09:02:00
1640336520690080000,57.1,2,57.1,11,57.3,9,2,2021-12-24 09:02:00
1640336522825207000,57.1,3,57.1,8,57.2,1,2,2021-12-24 09:02:02
1640336522861745000,57.1,1,57.1,7,57.2,1,2,2021-12-24 09:02:02
1640336522894163000,57.1,1,57.1,6,57.2,1,2,2021-12-24 09:02:02
1640336523139312000,57.2,1,57.2,1,57.3,9,1,2021-12-24 09:02:03
1640336523445040000,57.3,1,57.2,1,57.3,8,1,2021-12-24 09:02:03
1640336523848470000,57.2,1,57.1,6,57.3,8,2,2021-12-24 09:02:03
1640336525843832000,57.1,1,57.1,5,57.2,1,2,2021-12-24 09:02:05
1640336528157707000,57.2,1,57.1,5,57.3,8,1,2021-12-24 09:02:08
1640336528539614000,57.1,1,57.1,4,57.3,8,2,2021-12-24 09:02:08
1640336528935220000,57.2,1,57.1,4,57.3,8,2,2021-12-24 09:02:08
1640336529115545000,57.1,4,57.0,22,57.3,8,2,2021-12-24 09:02:09
1640336529115545000,57.0,6,57.0,22,57.3,8,2,2021-12-24 09:02:09
1640336529143594000,57.2,1,57.0,22,57.3,8,2,2021-12-24 09:02:09
1640336529799047000,57.1,1,57.1,4,57.3,8,1,2021-12-24 09:02:09
1640336533099050000,57.2,1,57.1,4,57.3,8,2,2021-12-24 09:02:13
1640336533607096000,57.2,1,57.1,4,57.3,6,1,2021-12-24 09:02:13
1640336533607096000,57.3,2,57.1,4,57.3,6,1,2021-12-24 09:02:13
1640336542214513000,57.1,2,57.1,8,57.2,6,2,2021-12-24 09:02:22
1640336543151585000,57.1,2,57.1,6,57.2,6,2,2021-12-24 09:02:23
1640336544945914000,57.1,1,57.1,5,57.2,6,2,2021-12-24 09:02:24
1640336546388821000,57.1,2,57.1,3,57.2,6,2,2021-12-24 09:02:26
1640336547507772000,57.1,1,57.1,3,57.2,8,2,2021-12-24 09:02:27
1640336549470423000,57.2,3,57.1,4,57.2,5,1,2021-12-24 09:02:29
1640336552819367000,57.1,5,57.1,3,57.2,5,2,2021-12-24 09:02:32
1640336552859516000,57.1,1,57.1,2,57.2,5,2,2021-12-24 09:02:32
1640336552895385000,57.1,1,57.1,1,57.2,5,2,2021-12-24 09:02:32
1640336553878072000,57.1,1,57.0,23,57.2,5,2,2021-12-24 09:02:33
1640336557300416000,57.0,6,57.0,17,57.2,5,2,2021-12-24 09:02:37
1640336562057189000,57.1,1,57.1,1,57.2,5,2,2021-12-24 09:02:42
1640336562111512000,57.1,1,57.0,17,57.2,5,2,2021-12-24 09:02:42
1640336562370002000,57.1,1,57.0,17,57.2,5,2,2021-12-24 09:02:42
1640336564310441000,57.1,3,57.0,17,57.1,2,1,2021-12-24 09:02:44
1640336566421576000,57.0,1,57.0,16,57.1,2,2,2021-12-24 09:02:46
1640336571776448000,57.0,1,57.0,17,57.1,6,2,2021-12-24 09:02:51
1640336572316551000,57.0,1,57.0,16,57.1,6,2,2021-12-24 09:02:52
1640336577585427000,57.0,2,57.0,16,57.1,6,2,2021-12-24 09:02:57
1640336578224905000,57.0,1,57.0,15,57.1,6,2,2021-12-24 09:02:58
1640336578413434000,57.0,3,57.0,12,57.1,6,2,2021-12-24 09:02:58
1640336578445951000,57.0,2,57.0,10,57.1,6,2,2021-12-24 09:02:58
1640336578475134000,57.0,2,57.0,8,57.1,6,2,2021-12-24 09:02:58
1640336579368237000,57.0,2,57.0,6,57.1,6,2,2021-12-24 09:02:59
1640336579399984000,57.0,6,56.8,3,57.1,6,2,2021-12-24 09:02:59
1640336580050877000,57.0,1,56.8,3,57.1,6,2,2021-12-24 09:03:00
1640336580069373000,57.1,3,56.8,3,57.1,3,1,2021-12-24 09:03:00
1640336580333359000,56.8,3,56.7,16,57.1,3,2,2021-12-24 09:03:00
1640336580333359000,56.7,1,56.7,16,57.1,3,2,2021-12-24 09:03:00
1640336580397258000,56.7,1,56.7,15,57.0,3,2,2021-12-24 09:03:00
1640336582132673000,56.7,1,56.7,14,56.9,1,2,2021-12-24 09:03:02
1640336584633994000,56.7,1,56.7,13,56.9,1,2,2021-12-24 09:03:04
1640336584720572000,56.9,1,56.7,13,57.0,3,1,2021-12-24 09:03:04
1640336585244804000,56.7,1,56.7,12,57.0,3,2,2021-12-24 09:03:05
1640336585895488000,56.7,2,56.7,10,57.0,3,2,2021-12-24 09:03:05
1640336590880556000,56.8,1,56.7,10,57.0,4,2,2021-12-24 09:03:10
1640336591201979000,56.7,1,56.7,9,57.0,4,2,2021-12-24 09:03:11
1640336593096060000,56.7,2,56.7,7,57.0,4,2,2021-12-24 09:03:13
1640336593127587000,56.7,7,56.6,2,57.0,4,2,2021-12-24 09:03:13
1640336596884689000,57.0,3,56.6,2,57.0,1,1,2021-12-24 09:03:16
1640336598825983000,56.6,1,56.6,1,57.0,1,2,2021-12-24 09:03:18
1640336599582432000,56.7,3,56.6,1,56.9,2,1,2021-12-24 09:03:19
1640336599674409000,56.6,1,56.5,11,57.0,3,2,2021-12-24 09:03:19
1640336607831385000,56.6,2,56.6,2,56.9,1,2,2021-12-24 09:03:27
1640336610252756000,56.6,1,56.6,2,56.9,1,2,2021-12-24 09:03:30
1640336610286275000,56.6,2,56.5,11,56.9,3,2,2021-12-24 09:03:30
1640336612740350000,56.9,3,56.5,11,57.0,3,1,2021-12-24 09:03:32
1640336613984105000,56.6,1,56.6,1,56.9,1,2,2021-12-24 09:03:33
1640336614010173000,56.6,1,56.5,11,56.9,3,2,2021-12-24 09:03:34
1640336617455047000,56.6,5,56.5,11,56.8,1,1,2021-12-24 09:03:37
1640336621824282000,56.5,1,56.5,12,56.7,1,2,2021-12-24 09:03:41
1640336621880724000,56.6,1,56.5,12,56.7,1,1,2021-12-24 09:03:41
1640336622689312000,56.7,1,56.6,4,56.8,1,1,2021-12-24 09:03:42
1640336622707452000,56.6,2,56.6,2,56.8,1,2,2021-12-24 09:03:42
1640336627116101000,56.6,1,56.6,5,56.8,1,2,2021-12-24 09:03:47
1640336627166164000,56.7,1,56.6,5,56.8,1,1,2021-12-24 09:03:47
1640336629595992000,56.6,5,56.5,3,56.8,1,2,2021-12-24 09:03:49
1640336629595992000,56.5,15,56.5,3,56.8,1,2,2021-12-24 09:03:49
1640336630973731000,56.7,3,56.5,3,56.7,2,1,2021-12-24 09:03:50
1640336631059125000,56.5,1,56.5,2,56.7,2,2,2021-12-24 09:03:51
1640336632397418000,56.6,1,56.5,2,56.7,2,2,2021-12-24 09:03:52
1640336632730407000,56.7,1,56.5,2,56.7,1,1,2021-12-24 09:03:52
1640336634766854000,56.5,2,56.5,1,56.7,1,2,2021-12-24 09:03:54
1640336635705174000,56.7,1,56.5,1,56.8,1,1,2021-12-24 09:03:55
1640336637789539000,56.5,1,56.4,3,56.8,11,2,2021-12-24 09:03:57
1640336638011854000,56.5,3,56.5,2,56.8,11,1,2021-12-24 09:03:58
1640336646684206000,56.7,1,56.7,2,56.8,11,1,2021-12-24 09:04:06
1640336647223792000,56.7,1,56.7,1,56.8,11,2,2021-12-24 09:04:07
1640336647255443000,56.7,1,56.6,3,56.8,11,2,2021-12-24 09:04:07
1640336650580000000,56.7,2,56.6,1,56.8,11,2,2021-12-24 09:04:10
1640336650580000000,56.6,3,56.6,1,56.8,11,2,2021-12-24 09:04:10
1640336653638504000,56.6,1,56.6,1,56.8,11,2,2021-12-24 09:04:13
1640336653710321000,56.6,1,56.5,7,56.8,11,2,2021-12-24 09:04:13
1640336655430146000,56.6,1,56.5,7,56.6,1,1,2021-12-24 09:04:15
1640336655442198000,56.6,1,56.5,7,56.8,11,1,2021-12-24 09:04:15
1640336655482852000,56.5,1,56.5,7,56.8,11,2,2021-12-24 09:04:15
1640336657444611000,56.6,1,56.5,7,56.8,11,2,2021-12-24 09:04:17
1640336661733377000,56.8,1,56.6,2,56.8,10,1,2021-12-24 09:04:21
1640336663972374000,56.7,1,56.6,2,56.8,11,1,2021-12-24 09:04:23
1640336665599197000,56.6,2,56.5,10,56.8,11,2,2021-12-24 09:04:25
1640336668363690000,56.7,1,56.7,1,56.8,13,2,2021-12-24 09:04:28
1640336668387172000,56.7,1,56.6,3,56.8,13,2,2021-12-24 09:04:28
1640336670760875000,56.7,1,56.5,12,56.6,1,2,2021-12-24 09:04:30
1640336670760875000,56.6,3,56.5,12,56.6,1,2,2021-12-24 09:04:30
1640336670995426000,56.6,1,56.6,1,56.8,13,1,2021-12-24 09:04:30
1640336681673489000,56.7,1,56.6,6,56.8,13,1,2021-12-24 09:04:41
1640336682386656000,56.6,2,56.6,7,56.8,13,2,2021-12-24 09:04:42
1640336685053216000,56.7,1,56.6,7,56.8,13,1,2021-12-24 09:04:45
1640336685392731000,56.6,1,56.6,6,56.8,13,2,2021-12-24 09:04:45
1640336689169282000,56.7,1,56.7,1,56.8,13,2,2021-12-24 09:04:49
1640336691197940000,56.7,2,56.6,7,56.8,13,2,2021-12-24 09:04:51
1640336697026740000,56.7,1,56.6,8,56.8,11,1,2021-12-24 09:04:57
1640336710614448000,56.7,5,56.7,8,56.8,11,2,2021-12-24 09:05:10
1640336716881834000,56.7,2,56.7,6,56.8,21,2,2021-12-24 09:05:16
1640336724726324000,56.7,1,56.7,8,56.8,21,2,2021-12-24 09:05:24
1640336730409586000,56.7,1,56.7,7,56.8,21,2,2021-12-24 09:05:30
1640336753536316000,56.8,2,56.7,10,56.8,19,1,2021-12-24 09:05:53
1640336754089396000,56.8,1,56.7,10,56.8,18,1,2021-12-24 09:05:54
1640336754258625000,56.7,1,56.7,9,56.8,18,2,2021-12-24 09:05:54
1640336755878347000,56.8,10,56.7,9,56.8,8,1,2021-12-24 09:05:55
1640336755981932000,56.8,1,56.7,9,56.8,7,1,2021-12-24 09:05:55
1640336756002526000,56.8,7,56.7,9,56.9,13,1,2021-12-24 09:05:56
1640336758734375000,56.8,5,56.7,4,56.9,13,2,2021-12-24 09:05:58
1640336758734375000,56.7,5,56.7,4,56.9,13,2,2021-12-24 09:05:58
1640336767559838000,56.8,1,56.7,4,56.9,11,2,2021-12-24 09:06:07
1640336767559838000,56.7,1,56.7,4,56.9,11,2,2021-12-24 09:06:07
1640336774066973000,56.9,1,56.7,6,56.9,10,1,2021-12-24 09:06:14
1640336774869472000,56.7,2,56.7,6,56.9,10,2,2021-12-24 09:06:14
1640336779458540000,56.8,1,56.8,3,56.9,10,2,2021-12-24 09:06:19
1640336782068525000,56.8,2,56.8,1,56.9,10,2,2021-12-24 09:06:22
1640336782097793000,56.8,1,56.7,7,56.9,10,2,2021-12-24 09:06:22
1640336782969523000,56.8,1,56.7,6,56.9,10,2,2021-12-24 09:06:22
1640336784372704000,56.9,1,56.7,6,56.9,9,1,2021-12-24 09:06:24
1640336787350835000,56.7,6,56.6,13,56.9,9,2,2021-12-24 09:06:27
1640336787350835000,56.6,2,56.6,13,56.9,9,2,2021-12-24 09:06:27
1640336793756716000,56.9,1,56.7,1,56.9,8,1,2021-12-24 09:06:33
1640336797175607000,56.7,1,56.6,14,56.9,8,2,2021-12-24 09:06:37
1640336798455023000,56.6,1,56.6,13,56.9,8,2,2021-12-24 09:06:38
1640336800385944000,56.6,2,56.6,11,56.9,8,2,2021-12-24 09:06:40
1640336801710794000,56.9,1,56.6,11,56.9,7,1,2021-12-24 09:06:41
1640336802055092000,56.6,1,56.6,10,56.9,7,2,2021-12-24 09:06:42
1640336809137596000,56.6,5,56.6,14,56.9,8,2,2021-12-24 09:06:49
1640336809159961000,56.6,2,56.6,12,56.9,8,2,2021-12-24 09:06:49
1640336811997882000,56.6,3,56.6,8,56.9,8,2,2021-12-24 09:06:51
1640336812020772000,56.6,8,56.5,12,56.9,8,2,2021-12-24 09:06:52
1640336814691057000,56.5,1,56.5,11,56.9,8,2,2021-12-24 09:06:54
1640336816536717000,56.6,1,56.5,11,56.6,6,1,2021-12-24 09:06:56
1640336821517575000,56.5,1,56.5,10,56.6,6,2,2021-12-24 09:07:01
1640336823396178000,56.6,1,56.5,10,56.6,5,1,2021-12-24 09:07:03
1640336823435083000,56.5,1,56.5,9,56.6,5,2,2021-12-24 09:07:03
1640336825589529000,56.5,1,56.5,7,56.6,5,2,2021-12-24 09:07:05
1640336826842003000,56.5,1,56.5,5,56.6,6,2,2021-12-24 09:07:06
1640336826842006000,56.5,1,56.5,5,56.6,6,2,2021-12-24 09:07:06
1640336826864339000,56.5,1,56.5,4,56.6,6,2,2021-12-24 09:07:06
1640336828170825000,56.5,1,56.5,3,56.6,6,2,2021-12-24 09:07:08
1640336834600903000,56.5,1,56.5,3,56.6,2,2,2021-12-24 09:07:14
1640336834719651000,56.5,1,56.5,2,56.6,2,2,2021-12-24 09:07:14
1640336834833004000,56.5,1,56.5,1,56.6,2,2,2021-12-24 09:07:14
1640336836928679000,56.5,1,56.4,6,56.5,1,2,2021-12-24 09:07:16
1640336837496895000,56.4,2,56.4,4,56.5,1,2,2021-12-24 09:07:17
1640336841289984000,56.5,1,56.4,4,56.5,6,1,2021-12-24 09:07:21
1640336845340852000,56.5,1,56.5,4,56.6,4,1,2021-12-24 09:07:25
1640336850716483000,56.5,5,56.5,2,56.6,4,2,2021-12-24 09:07:30
1640336850744248000,56.5,2,56.4,3,56.6,4,2,2021-12-24 09:07:30
1640336852185814000,56.4,2,56.4,1,56.5,1,2,2021-12-24 09:07:32
1640336853340106000,56.5,1,56.4,1,56.6,4,1,2021-12-24 09:07:33
1640336860523938000,56.4,1,56.3,5,56.5,1,2,2021-12-24 09:07:40
1640336860523938000,56.3,1,56.3,5,56.5,1,2,2021-12-24 09:07:40
1640336866235179000,56.3,2,56.3,3,56.5,21,2,2021-12-24 09:07:46
1640336871552672000,56.3,3,56.2,4,56.3,3,2,2021-12-24 09:07:51
1640336877403256000,56.2,1,56.2,9,56.3,10,2,2021-12-24 09:07:57
1640336878347031000,56.2,2,56.2,7,56.3,10,2,2021-12-24 09:07:58
1640336878783605000,56.2,1,56.2,6,56.3,10,2,2021-12-24 09:07:58
1640336880063126000,56.3,1,56.2,6,56.3,8,1,2021-12-24 09:08:00
1640336882299111000,56.2,1,56.2,5,56.3,8,2,2021-12-24 09:08:02
1640336883901964000,56.2,1,56.2,4,56.3,6,2,2021-12-24 09:08:03
1640336883988778000,56.3,3,56.2,4,56.3,3,1,2021-12-24 09:08:03
1640336884367193000,56.2,1,56.2,3,56.3,3,2,2021-12-24 09:08:04
1640336885904663000,56.2,1,56.2,2,56.3,3,2,2021-12-24 09:08:05
1640336886053451000,56.2,1,56.2,1,56.3,3,2,2021-12-24 09:08:06
1640336889874707000,56.2,1,56.2,1,56.3,2,2,2021-12-24 09:08:09
1640336895790943000,56.2,1,56.2,1,56.3,3,2,2021-12-24 09:08:15
1640336898201347000,56.2,1,56.1,15,56.3,3,2,2021-12-24 09:08:18
1640336898560019000,56.2,1,56.1,15,56.3,3,1,2021-12-24 09:08:18
1640336899549718000,56.2,1,56.1,15,56.3,1,1,2021-12-24 09:08:19
1640336899549718000,56.3,2,56.1,15,56.3,1,1,2021-12-24 09:08:19
1640336899578368000,56.3,1,56.1,15,56.4,1,1,2021-12-24 09:08:19
1640336907830338000,56.3,1,56.1,15,56.4,1,2,2021-12-24 09:08:27
1640336907830338000,56.2,3,56.1,15,56.4,1,2,2021-12-24 09:08:27
1640336911184397000,56.3,1,56.2,2,56.4,1,1,2021-12-24 09:08:31
1640336911307429000,56.4,1,56.4,3,56.5,21,1,2021-12-24 09:08:31
1640336912754022000,56.4,2,56.4,1,56.5,21,2,2021-12-24 09:08:32
1640336912783255000,56.4,1,56.2,2,56.5,21,2,2021-12-24 09:08:32
1640336918586663000,56.5,3,56.3,1,56.5,18,1,2021-12-24 09:08:38
1640336919304536000,56.5,1,56.3,2,56.5,17,1,2021-12-24 09:08:39
1640336919334542000,56.5,17,56.3,2,56.6,4,1,2021-12-24 09:08:39
1640336923550763000,56.5,2,56.3,2,56.6,4,1,2021-12-24 09:08:43
1640336930002691000,56.5,1,56.4,3,56.5,9,2,2021-12-24 09:08:50
1640336931079345000,56.5,1,56.4,3,56.5,8,1,2021-12-24 09:08:51
1640336931117488000,56.5,8,56.4,3,56.6,4,1,2021-12-24 09:08:51
1640336932915174000,56.4,3,56.3,1,56.4,11,2,2021-12-24 09:08:52
1640336937014075000,56.3,1,56.2,7,56.4,11,2,2021-12-24 09:08:57
1640336943580212000,56.3,1,56.2,7,56.4,11,2,2021-12-24 09:09:03
1640336953540928000,56.3,1,56.2,6,56.3,5,1,2021-12-24 09:09:13
1640336955772554000,56.3,1,56.2,6,56.3,4,1,2021-12-24 09:09:15
1640336956273367000,56.3,1,56.2,6,56.3,3,1,2021-12-24 09:09:16
1640336956595548000,56.2,4,56.2,2,56.3,3,2,2021-12-24 09:09:16
1640336959289663000,56.3,1,56.2,2,56.3,3,1,2021-12-24 09:09:19
1640336963719985000,56.3,1,56.2,2,56.3,2,1,2021-12-24 09:09:23
1640336964749879000,56.2,1,56.2,1,56.3,2,2,2021-12-24 09:09:24
1640336974966834000,56.2,1,56.2,4,56.3,3,2,2021-12-24 09:09:34
1640336978526359000,56.3,1,56.2,5,56.3,5,1,2021-12-24 09:09:38
1640336987776879000,56.2,1,56.2,6,56.3,7,2,2021-12-24 09:09:47
1640336990297696000,56.3,1,56.2,6,56.3,6,1,2021-12-24 09:09:50
1640336994464220000,56.3,2,56.2,9,56.3,4,1,2021-12-24 09:09:54
1640336994497554000,56.3,1,56.2,9,56.3,3,1,2021-12-24 09:09:54
1640336997061713000,56.3,1,56.2,9,56.3,2,1,2021-12-24 09:09:57
1640337000925550000,56.3,1,56.2,9,56.3,1,1,2021-12-24 09:10:00
1640337001007840000,56.2,2,56.2,7,56.3,1,2,2021-12-24 09:10:01
1640337002199055000,56.2,1,56.2,6,56.3,6,2,2021-12-24 09:10:02
1640337006205729000,56.2,2,56.2,4,56.3,6,2,2021-12-24 09:10:06
1640337012371682000,56.3,1,56.2,4,56.3,5,1,2021-12-24 09:10:12
1640337015146742000,56.2,5,56.1,17,56.2,2,2,2021-12-24 09:10:15
1640337017782130000,56.2,1,56.1,17,56.2,1,1,2021-12-24 09:10:17
1640337020801850000,56.1,1,56.1,16,56.2,1,2,2021-12-24 09:10:20
1640337021149354000,56.1,2,56.1,14,56.2,1,2,2021-12-24 09:10:21
1640337027983864000,56.2,1,56.1,14,56.2,1,1,2021-12-24 09:10:27
1640337031003802000,56.1,10,56.1,4,56.2,1,2,2021-12-24 09:10:31
1640337032999824000,56.1,1,56.1,4,56.2,16,2,2021-12-24 09:10:32
1640337033000389000,56.1,4,56.0,51,56.2,16,2,2021-12-24 09:10:33
1640337034404342000,56.0,1,56.0,50,56.1,2,2,2021-12-24 09:10:34
1640337035540115000,56.0,14,56.0,36,56.1,2,2,2021-12-24 09:10:35
1640337035563792000,56.0,13,56.0,23,56.1,2,2,2021-12-24 09:10:35
1640337036086283000,56.1,2,56.0,23,56.2,14,1,2021-12-24 09:10:36
1640337036086283000,56.2,2,56.0,23,56.2,14,1,2021-12-24 09:10:36
1640337036593984000,56.0,3,56.0,20,56.2,14,2,2021-12-24 09:10:36
1640337037147787000,56.0,20,55.9,1,56.2,14,2,2021-12-24 09:10:37
1640337037819169000,56.0,1,55.9,1,56.1,1,1,2021-12-24 09:10:37
1640337042378483000,56.0,1,55.8,1,56.1,1,2,2021-12-24 09:10:42
1640337042378512000,55.9,1,55.8,1,56.1,1,2,2021-12-24 09:10:42
1640337044701918000,56.0,1,55.8,1,56.0,1,2,2021-12-24 09:10:44
1640337044911778000,56.0,1,55.8,1,56.1,2,1,2021-12-24 09:10:44
1640337052410899000,55.8,1,55.7,6,56.0,17,2,2021-12-24 09:10:52
1640337052922521000,55.7,1,55.7,5,56.0,17,2,2021-12-24 09:10:52
1640337054815523000,55.7,1,55.7,4,56.0,18,2,2021-12-24 09:10:54
1640337055866520000,56.0,10,55.7,4,56.0,8,1,2021-12-24 09:10:55
1640337056503099000,55.7,1,55.7,3,56.0,8,2,2021-12-24 09:10:56
1640337058004003000,55.7,1,55.7,3,56.0,8,2,2021-12-24 09:10:58
1640337067329017000,55.7,1,55.7,3,55.9,1,2,2021-12-24 09:11:07
1640337069357788000,55.7,3,55.6,4,55.9,1,2,2021-12-24 09:11:09
1640337071931836000,55.6,2,55.6,7,55.9,1,2,2021-12-24 09:11:11
1640337072970953000,55.7,1,55.6,8,55.9,1,1,2021-12-24 09:11:12
1640337076041015000,55.9,1,55.7,22,56.0,9,1,2021-12-24 09:11:16
1640337076284397000,55.7,1,55.7,21,56.0,9,2,2021-12-24 09:11:16
1640337076287740000,55.7,1,55.7,20,56.0,9,2,2021-12-24 09:11:16
1640337079243477000,56.0,7,55.7,20,56.0,2,1,2021-12-24 09:11:19
1640337079284754000,56.0,2,55.7,20,56.1,6,1,2021-12-24 09:11:19
1640337080773465000,56.0,1,56.0,2,56.1,6,1,2021-12-24 09:11:20
1640337082537912000,56.0,2,55.8,3,56.1,6,2,2021-12-24 09:11:22
1640337086175618000,56.0,3,55.8,8,56.0,7,2,2021-12-24 09:11:26
1640337104296676000,56.0,4,55.9,1,56.0,6,1,2021-12-24 09:11:44
1640337104317754000,56.0,5,55.9,1,56.0,1,1,2021-12-24 09:11:44
1640337104318035000,56.0,1,55.9,1,56.1,3,1,2021-12-24 09:11:44
1640337110080238000,56.0,1,55.9,2,56.1,3,1,2021-12-24 09:11:50
1640337113000207000,56.0,1,55.9,3,56.1,3,2,2021-12-24 09:11:53
1640337113792168000,55.9,2,55.9,5,56.1,3,2,2021-12-24 09:11:53
1640337121591768000,56.0,1,55.9,6,56.1,3,2,2021-12-24 09:12:01
1640337124678816000,56.0,1,55.9,6,56.1,3,1,2021-12-24 09:12:04
1640337128677831000,56.1,2,55.9,6,56.1,1,1,2021-12-24 09:12:08
1640337128717529000,56.1,1,55.9,6,56.2,3,1,2021-12-24 09:12:08
1640337135115031000,56.2,1,56.0,2,56.2,3,1,2021-12-24 09:12:15
1640337140331117000,56.0,1,56.0,2,56.2,3,2,2021-12-24 09:12:20
1640337140493343000,56.0,1,56.0,1,56.2,3,2,2021-12-24 09:12:20
1640337147435208000,56.0,1,55.9,7,56.2,3,2,2021-12-24 09:12:27
1640337148256378000,55.9,2,55.9,5,56.2,3,2,2021-12-24 09:12:28
1640337166271181000,55.9,2,55.9,14,56.0,4,2,2021-12-24 09:12:46
1640337172595487000,56.0,1,55.9,14,56.0,4,1,2021-12-24 09:12:52
1640337176283230000,55.9,1,55.9,13,56.0,4,2,2021-12-24 09:12:56
1640337177649389000,55.9,1,55.9,13,56.0,4,2,2021-12-24 09:12:57
1640337177798162000,55.9,1,55.9,12,56.0,4,2,2021-12-24 09:12:57
1640337182730474000,55.9,3,55.9,10,56.0,4,2,2021-12-24 09:13:02
1640337187301734000,56.0,1,55.9,11,56.0,3,1,2021-12-24 09:13:07
1640337191717688000,55.9,1,55.9,13,56.0,4,2,2021-12-24 09:13:11
1640337206197646000,56.0,1,55.9,15,56.0,3,1,2021-12-24 09:13:26
1640337215160430000,56.0,1,55.9,15,56.0,2,1,2021-12-24 09:13:35
1640337215187465000,56.0,1,55.9,15,56.0,1,1,2021-12-24 09:13:35
1640337217276593000,55.9,3,55.9,12,56.0,1,2,2021-12-24 09:13:37
1640337217926346000,56.0,1,55.9,12,56.1,1,1,2021-12-24 09:13:37
1640337217990314000,56.0,1,55.9,12,56.1,1,2,2021-12-24 09:13:37
1640337218067923000,55.9,3,55.9,9,56.1,1,2,2021-12-24 09:13:38
1640337219155630000,55.9,6,55.9,3,56.1,1,2,2021-12-24 09:13:39
1640337219182285000,55.9,3,55.8,11,56.1,1,2,2021-12-24 09:13:39
1640337220169707000,56.0,1,55.8,11,56.1,1,2,2021-12-24 09:13:40
1640337230109765000,55.9,1,55.8,11,56.1,1,2,2021-12-24 09:13:50
1640337236680063000,56.0,1,55.9,1,56.1,1,2,2021-12-24 09:13:56
1640337252378472000,56.0,1,55.9,3,56.0,4,1,2021-12-24 09:14:12
1640337257445024000,55.9,2,55.9,1,56.0,4,2,2021-12-24 09:14:17
1640337267171559000,56.0,1,55.9,1,56.0,3,1,2021-12-24 09:14:27
1640337289069393000,55.9,1,55.9,1,56.0,4,2,2021-12-24 09:14:49
1640337294280770000,56.0,1,55.9,1,56.0,3,1,2021-12-24 09:14:54
1640337297872620000,55.8,3,55.8,9,56.0,3,2,2021-12-24 09:14:57
1640337307139317000,55.8,1,55.8,8,55.9,1,2,2021-12-24 09:15:07
1640337311395754000,55.8,8,55.7,6,55.9,2,2,2021-12-24 09:15:11
1640337311395754000,55.7,2,55.7,6,55.9,2,2,2021-12-24 09:15:11
1640337322650157000,55.8,2,55.7,6,55.9,1,2,2021-12-24 09:15:22
1640337322650400000,55.8,3,55.7,6,55.9,1,2,2021-12-24 09:15:22
1640337325130030000,55.7,1,55.7,5,55.9,1,2,2021-12-24 09:15:25
1640337340627219000,55.8,1,55.8,1,55.9,1,2,2021-12-24 09:15:40
1640337351300304000,55.9,1,55.9,4,56.0,14,1,2021-12-24 09:15:51
1640337355190841000,56.0,1,55.9,6,56.0,12,1,2021-12-24 09:15:55
1640337355209175000,56.0,12,55.9,6,56.1,4,1,2021-12-24 09:15:55
1640337362894331000,55.9,1,55.9,5,56.1,6,2,2021-12-24 09:16:02
1640337365781257000,56.1,6,56.0,2,56.2,2,1,2021-12-24 09:16:05
1640337377535930000,56.1,3,56.0,4,56.2,1,1,2021-12-24 09:16:17
1640337377535930000,56.2,1,56.0,4,56.2,1,1,2021-12-24 09:16:17
1640337392173497000,56.2,1,56.0,5,56.3,9,1,2021-12-24 09:16:32
1640337397174084000,56.2,1,56.0,5,56.2,1,2,2021-12-24 09:16:37
1640337401073696000,56.2,1,56.1,1,56.2,1,1,2021-12-24 09:16:41
1640337420524830000,56.1,1,56.1,4,56.2,1,2,2021-12-24 09:17:00
1640337421122885000,56.2,1,56.1,4,56.3,9,1,2021-12-24 09:17:01
1640337425017359000,56.1,1,56.1,3,56.3,9,2,2021-12-24 09:17:05
1640337431049321000,56.2,1,56.1,3,56.2,1,2,2021-12-24 09:17:11
1640337451066059000,56.2,1,56.1,3,56.3,9,1,2021-12-24 09:17:31
1640337469232261000,56.2,1,56.1,3,56.3,9,1,2021-12-24 09:17:49
1640337494524277000,56.2,1,56.2,2,56.3,9,2,2021-12-24 09:18:14
1640337508802773000,56.3,1,56.2,2,56.3,9,1,2021-12-24 09:18:28
1640337525212771000,56.2,1,56.2,2,56.3,9,2,2021-12-24 09:18:45
1640337525450651000,56.2,2,56.1,4,56.3,9,2,2021-12-24 09:18:45
1640337562059193000,56.1,1,56.1,2,56.2,3,2,2021-12-24 09:19:22
1640337562097592000,56.1,2,56.0,7,56.2,3,2,2021-12-24 09:19:22
1640337562173865000,56.0,2,56.0,5,56.1,1,2,2021-12-24 09:19:22
1640337562513751000,56.1,1,56.0,5,56.2,3,1,2021-12-24 09:19:22
1640337562548441000,56.0,5,55.9,3,56.2,3,2,2021-12-24 09:19:22
1640337566195322000,56.1,1,55.9,3,56.2,3,2,2021-12-24 09:19:26
1640337612633279000,56.0,1,56.0,1,56.1,4,2,2021-12-24 09:20:12
1640337612654617000,56.0,1,55.9,2,56.1,4,2,2021-12-24 09:20:12
1640337616413256000,55.9,2,55.8,3,56.1,7,2,2021-12-24 09:20:16
1640337627748705000,55.8,1,55.8,2,56.1,8,2,2021-12-24 09:20:27
1640337634768518000,55.8,2,55.8,5,56.1,12,2,2021-12-24 09:20:34
1640337647221321000,55.8,1,55.8,5,56.0,4,2,2021-12-24 09:20:47
1640337664234656000,55.8,1,55.8,4,55.9,1,2,2021-12-24 09:21:04
1640337664264616000,55.8,1,55.8,3,55.9,1,2,2021-12-24 09:21:04
1640337672336654000,55.8,1,55.8,3,55.9,1,2,2021-12-24 09:21:12
1640337681921179000,55.8,3,55.7,15,55.8,1,2,2021-12-24 09:21:21
1640337682001992000,55.7,4,55.7,11,55.8,1,2,2021-12-24 09:21:22
1640337686506089000,55.8,1,55.8,4,55.9,1,1,2021-12-24 09:21:26
1640337696326774000,55.8,1,55.8,3,55.9,2,2,2021-12-24 09:21:36
1640337697655789000,55.9,2,55.8,3,56.1,6,1,2021-12-24 09:21:37
1640337710771659000,55.8,1,55.8,2,56.0,1,2,2021-12-24 09:21:50
1640337712320769000,55.8,1,55.8,1,55.9,1,2,2021-12-24 09:21:52
1640337712737956000,55.8,1,55.7,11,55.9,1,2,2021-12-24 09:21:52
1640337716467303000,55.7,3,55.7,8,55.9,2,2,2021-12-24 09:21:56
1640337722738400000,55.7,2,55.7,6,55.9,3,2,2021-12-24 09:22:02
1640337723655097000,55.7,2,55.7,4,55.9,3,2,2021-12-24 09:22:03
1640337723679121000,55.7,4,55.6,14,55.9,3,2,2021-12-24 09:22:03
1640337727380511000,55.6,14,55.5,9,55.9,3,2,2021-12-24 09:22:07
1640337727380511000,55.5,16,55.5,9,55.9,3,2,2021-12-24 09:22:07
1640337727598741000,55.5,1,55.5,8,55.9,3,2,2021-12-24 09:22:07
1640337728211216000,55.5,4,55.5,4,55.9,3,2,2021-12-24 09:22:08
1640337728242696000,55.5,3,55.5,1,55.9,3,2,2021-12-24 09:22:08
1640337738314937000,55.5,1,55.5,2,55.8,1,2,2021-12-24 09:22:18
1640337748535893000,55.6,1,55.5,2,55.8,1,2,2021-12-24 09:22:28
1640337761863486000,55.6,1,55.6,1,55.8,13,2,2021-12-24 09:22:41
1640337772423691000,55.6,1,55.6,2,55.8,13,2,2021-12-24 09:22:52
1640337773242848000,55.6,1,55.6,1,55.8,13,2,2021-12-24 09:22:53
1640337775644686000,55.6,1,55.5,3,55.8,13,2,2021-12-24 09:22:55
1640337776548097000,55.5,1,55.5,2,55.8,13,2,2021-12-24 09:22:56
1640337782163816000,55.6,1,55.6,1,55.8,13,1,2021-12-24 09:23:02
1640337783978785000,55.6,1,55.4,1,55.5,1,2,2021-12-24 09:23:03
1640337783978785000,55.5,1,55.4,1,55.5,1,2,2021-12-24 09:23:03
1640337784009469000,55.5,1,55.4,1,55.8,13,1,2021-12-24 09:23:04
1640337788864403000,55.4,1,55.3,5,55.6,1,2,2021-12-24 09:23:08
1640337791535531000,55.4,1,55.3,5,55.5,1,1,2021-12-24 09:23:11
1640337792196363000,55.3,1,55.3,4,55.5,1,2,2021-12-24 09:23:12
1640337792518954000,55.3,1,55.3,3,55.5,1,2,2021-12-24 09:23:12
1640337796803455000,55.3,2,55.3,1,55.6,3,2,2021-12-24 09:23:16
1640337798625336000,55.4,1,55.3,1,55.6,3,2,2021-12-24 09:23:18
1640337800213965000,55.3,1,55.2,2,55.6,3,2,2021-12-24 09:23:20
1640337802015835000,55.3,1,55.2,6,55.6,3,1,2021-12-24 09:23:22
1640337806684169000,55.2,1,55.2,5,55.4,5,2,2021-12-24 09:23:26
1640337811688078000,55.3,1,55.3,2,55.4,5,2,2021-12-24 09:23:31
1640337813359196000,55.3,2,55.2,5,55.4,5,2,2021-12-24 09:23:33
1640337814487762000,55.2,2,55.2,3,55.4,5,2,2021-12-24 09:23:34
1640337815548548000,55.2,1,55.2,2,55.4,5,2,2021-12-24 09:23:35
1640337818075905000,55.2,1,55.2,1,55.4,5,2,2021-12-24 09:23:38
1640337824981748000,55.2,1,55.2,2,55.4,5,2,2021-12-24 09:23:44
1640337828182172000,55.2,1,55.2,1,55.4,5,2,2021-12-24 09:23:48
1640337828849807000,55.2,1,55.1,20,55.2,4,2,2021-12-24 09:23:48
1640337828881431000,55.2,4,55.1,20,55.4,5,1,2021-12-24 09:23:48
1640337828932813000,55.1,12,55.1,11,55.4,5,2,2021-12-24 09:23:48
1640337832788888000,55.1,5,55.1,6,55.4,5,2,2021-12-24 09:23:52
1640337832891847000,55.1,2,55.1,4,55.4,5,2,2021-12-24 09:23:52
1640337839712333000,55.1,1,55.1,3,55.4,5,2,2021-12-24 09:23:59
1640337841615493000,55.2,1,55.0,23,55.1,14,2,2021-12-24 09:24:01
1640337841615493000,55.1,5,55.0,23,55.1,14,2,2021-12-24 09:24:01
1640337841632075000,55.1,14,55.0,23,55.4,5,1,2021-12-24 09:24:01
1640337842201139000,55.1,1,55.0,23,55.4,5,1,2021-12-24 09:24:02
1640337850853842000,55.2,1,55.1,7,55.4,5,2,2021-12-24 09:24:10
1640337856711704000,55.2,2,55.2,2,55.4,5,2,2021-12-24 09:24:16
1640337858030021000,55.2,2,55.2,1,55.4,5,2,2021-12-24 09:24:18
1640337864925394000,55.4,4,55.2,4,55.4,1,1,2021-12-24 09:24:24
1640337864954276000,55.4,1,55.2,4,55.6,4,1,2021-12-24 09:24:24
1640337889352521000,55.3,1,55.3,3,55.6,4,2,2021-12-24 09:24:49
1640337891923397000,55.3,3,55.2,11,55.3,2,2,2021-12-24 09:24:51
1640337891949379000,55.3,2,55.2,11,55.6,4,1,2021-12-24 09:24:51
1640337897231376000,55.4,1,55.2,6,55.4,4,2,2021-12-24 09:24:57
1640337903034007000,55.3,1,55.3,3,55.4,5,2,2021-12-24 09:25:03
1640337910000552000,55.4,1,55.3,3,55.4,4,1,2021-12-24 09:25:10
1640337918379291000,55.4,1,55.3,3,55.4,3,1,2021-12-24 09:25:18
1640337926428493000,55.4,1,55.3,3,55.4,3,1,2021-12-24 09:25:26
1640337927670765000,55.4,3,55.4,7,55.6,4,1,2021-12-24 09:25:27
1640337937705559000,55.5,1,55.4,3,55.6,4,2,2021-12-24 09:25:37
1640337937705559000,55.4,4,55.4,3,55.6,4,2,2021-12-24 09:25:37
1640337959343855000,55.6,1,55.4,7,55.6,3,1,2021-12-24 09:25:59
1640337974558660000,55.5,1,55.3,11,55.4,7,2,2021-12-24 09:26:14
1640337974558660000,55.4,7,55.3,11,55.4,7,2,2021-12-24 09:26:14
1640337980846899000,55.4,1,55.3,11,55.4,7,1,2021-12-24 09:26:20
1640337980861970000,55.4,1,55.3,11,55.4,6,1,2021-12-24 09:26:20
1640337984260136000,55.4,1,55.3,11,55.4,5,1,2021-12-24 09:26:24
1640337986250859000,55.4,1,55.3,11,55.4,4,1,2021-12-24 09:26:26
1640337986279570000,55.4,2,55.3,11,55.4,2,1,2021-12-24 09:26:26
1640337988592788000,55.4,1,55.3,11,55.4,1,1,2021-12-24 09:26:28
1640337988625961000,55.4,1,55.3,11,55.5,1,1,2021-12-24 09:26:28
1640338016814202000,55.6,1,55.3,12,55.6,7,1,2021-12-24 09:26:56
1640338025083040000,55.6,1,55.4,1,55.6,6,1,2021-12-24 09:27:05
1640338029029074000,55.5,1,55.4,2,55.6,6,1,2021-12-24 09:27:09
1640338032802112000,55.6,1,55.4,2,55.6,7,1,2021-12-24 09:27:12
1640338044783929000,55.6,1,55.4,2,55.6,6,1,2021-12-24 09:27:24
1640338051656192000,55.6,2,55.4,2,55.6,4,1,2021-12-24 09:27:31
1640338071066692000,55.4,1,55.4,1,55.6,8,2,2021-12-24 09:27:51
1640338071102570000,55.4,1,55.3,13,55.6,8,2,2021-12-24 09:27:51
1640338077916174000,55.6,1,55.4,2,55.6,7,1,2021-12-24 09:27:57
1640338082819996000,55.6,1,55.4,3,55.6,4,1,2021-12-24 09:28:02
1640338091273260000,55.4,1,55.4,2,55.6,4,2,2021-12-24 09:28:11
1640338106665964000,55.5,1,55.4,4,55.6,4,2,2021-12-24 09:28:26
1640338112559763000,55.5,1,55.4,3,55.6,4,2,2021-12-24 09:28:32
1640338118834694000,55.5,1,55.4,4,55.6,4,2,2021-12-24 09:28:38
1640338125316703000,55.4,1,55.4,3,55.6,4,2,2021-12-24 09:28:45
1640338144480976000,55.5,1,55.5,1,55.6,5,2,2021-12-24 09:29:04
1640338155193147000,55.6,2,55.5,2,55.6,4,1,2021-12-24 09:29:15
1640338158925128000,55.6,1,55.5,2,55.6,2,1,2021-12-24 09:29:18
1640338159113150000,55.6,1,55.5,2,55.6,1,1,2021-12-24 09:29:19
1640338159928630000,55.6,1,55.5,4,55.7,4,1,2021-12-24 09:29:19
1640338203976163000,55.6,3,55.5,6,55.7,7,2,2021-12-24 09:30:03
1640338204539992000,55.5,1,55.5,5,55.7,7,2,2021-12-24 09:30:04
1640338206246796000,55.7,1,55.5,5,55.7,6,1,2021-12-24 09:30:06
1640338227806722000,55.6,1,55.5,7,55.6,2,1,2021-12-24 09:30:27
1640338241511708000,55.6,2,55.5,9,55.6,1,1,2021-12-24 09:30:41
1640338248582345000,55.6,1,55.5,8,55.7,8,1,2021-12-24 09:30:48
1640338303028471000,55.7,1,55.5,9,55.7,8,1,2021-12-24 09:31:43
1640338320779071000,55.7,8,55.5,8,55.8,12,1,2021-12-24 09:32:00
1640338322272377000,55.5,1,55.5,7,55.8,12,2,2021-12-24 09:32:02
1640338341505801000,55.6,1,55.5,3,55.7,1,2,2021-12-24 09:32:21
1640338341505801000,55.5,3,55.5,3,55.7,1,2,2021-12-24 09:32:21
1640338349393803000,55.7,1,55.5,3,55.8,11,1,2021-12-24 09:32:29
1640338355921482000,55.7,3,55.7,4,55.8,11,1,2021-12-24 09:32:35
1640338369195714000,55.8,1,55.7,4,55.8,10,1,2021-12-24 09:32:49
1640338369433163000,55.7,3,55.7,1,55.8,10,2,2021-12-24 09:32:49
1640338373123975000,55.7,2,55.5,3,55.8,10,2,2021-12-24 09:32:53
1640338426001545000,55.7,1,55.6,7,55.8,10,1,2021-12-24 09:33:46
1640338432096990000,55.7,1,55.6,7,55.8,10,2,2021-12-24 09:33:52
1640338454350347000,55.7,1,55.6,7,55.8,8,1,2021-12-24 09:34:14
1640338454350347000,55.8,2,55.6,7,55.8,8,1,2021-12-24 09:34:14
1640338454361773000,55.8,1,55.6,7,55.8,7,1,2021-12-24 09:34:14
1640338477508567000,55.8,7,55.7,2,55.9,5,1,2021-12-24 09:34:37
1640338477660944000,55.7,1,55.7,1,55.9,5,2,2021-12-24 09:34:37
1640338491900211000,55.8,1,55.7,2,55.8,2,1,2021-12-24 09:34:51
1640338526483016000,55.8,2,55.7,4,55.8,10,1,2021-12-24 09:35:26
1640338531858237000,55.8,1,55.7,5,55.8,9,1,2021-12-24 09:35:31
1640338532289686000,55.8,1,55.7,5,55.8,8,1,2021-12-24 09:35:32
1640338532996845000,55.8,1,55.7,5,55.8,7,1,2021-12-24 09:35:32
1640338540879883000,55.8,1,55.7,5,55.8,8,1,2021-12-24 09:35:40
1640338546544959000,55.8,1,55.7,5,55.8,7,1,2021-12-24 09:35:46
1640338548943690000,55.8,1,55.7,5,55.8,7,1,2021-12-24 09:35:48
1640338556731861000,55.8,1,55.7,5,55.8,6,1,2021-12-24 09:35:56
1640338561087819000,55.8,1,55.7,5,55.8,5,1,2021-12-24 09:36:01
1640338563569160000,55.8,1,55.7,5,55.8,4,1,2021-12-24 09:36:03
1640338566054804000,55.8,4,55.7,5,55.9,4,1,2021-12-24 09:36:06
1640338568196980000,55.8,1,55.7,6,55.9,5,2,2021-12-24 09:36:08
1640338576221492000,55.8,4,55.8,3,55.9,5,2,2021-12-24 09:36:16
1640338605284457000,55.8,1,55.8,2,55.9,6,2,2021-12-24 09:36:45
1640338605739698000,55.9,1,55.8,2,55.9,5,1,2021-12-24 09:36:45
1640338615482732000,55.9,1,55.8,3,55.9,4,1,2021-12-24 09:36:55
1640338618221079000,55.9,1,55.8,4,55.9,3,1,2021-12-24 09:36:58
1640338618830385000,55.8,1,55.8,3,55.9,3,2,2021-12-24 09:36:58
1640338691309869000,55.9,2,55.8,4,55.9,2,1,2021-12-24 09:38:11
1640338696627156000,55.8,3,55.8,1,55.9,2,2,2021-12-24 09:38:16
1640338701684880000,55.8,1,55.7,8,55.9,2,2,2021-12-24 09:38:21
1640338719766760000,55.8,1,55.7,8,55.8,1,1,2021-12-24 09:38:39
1640338730467117000,55.8,1,55.7,7,55.9,2,1,2021-12-24 09:38:50
1640338736155459000,55.8,1,55.7,7,55.8,2,1,2021-12-24 09:38:56
1640338747952489000,55.8,1,55.7,7,55.8,1,1,2021-12-24 09:39:07
1640338748014999000,55.8,1,55.8,2,55.9,2,1,2021-12-24 09:39:08
1640338763754531000,55.8,1,55.8,7,55.9,4,2,2021-12-24 09:39:23
1640338767957134000,55.8,1,55.8,6,55.9,4,2,2021-12-24 09:39:27
1640338817457960000,55.8,2,55.8,6,55.9,5,2,2021-12-24 09:40:17
1640338821623401000,55.9,1,55.8,6,55.9,4,1,2021-12-24 09:40:21
1640338825211868000,55.8,1,55.8,5,55.9,14,2,2021-12-24 09:40:25
1640338825241955000,55.8,1,55.8,4,55.9,14,2,2021-12-24 09:40:25
1640338825457165000,55.9,2,55.8,4,55.9,12,1,2021-12-24 09:40:25
1640338827984045000,55.8,4,55.7,6,55.8,6,2,2021-12-24 09:40:27
1640338831250589000,55.7,6,55.6,3,55.7,4,2,2021-12-24 09:40:31
1640338849636508000,55.7,2,55.6,5,55.7,2,1,2021-12-24 09:40:49
1640338858662736000,55.7,1,55.6,6,55.7,1,1,2021-12-24 09:40:58
1640338858692846000,55.7,1,55.6,6,55.8,6,1,2021-12-24 09:40:58
1640338865524793000,55.8,2,55.7,7,55.8,4,1,2021-12-24 09:41:05
1640338865554945000,55.8,4,55.7,7,55.9,12,1,2021-12-24 09:41:05
1640338866269882000,55.7,1,55.7,6,55.9,12,2,2021-12-24 09:41:06
1640338886216739000,55.7,7,55.6,4,55.7,3,2,2021-12-24 09:41:26
1640338899084599000,55.7,3,55.6,4,55.8,7,1,2021-12-24 09:41:39
1640338899084599000,55.8,3,55.6,4,55.8,7,1,2021-12-24 09:41:39
1640338908216328000,55.8,1,55.6,5,55.8,6,1,2021-12-24 09:41:48
1640338914298383000,55.8,1,55.6,5,55.8,5,1,2021-12-24 09:41:54
1640338915022933000,55.8,1,55.6,5,55.8,4,1,2021-12-24 09:41:55
1640338915058747000,55.8,1,55.6,5,55.8,3,1,2021-12-24 09:41:55
1640338916321809000,55.8,3,55.7,5,55.9,12,1,2021-12-24 09:41:56
1640338935582421000,55.9,1,55.8,6,55.9,11,1,2021-12-24 09:42:15
1640338937811699000,55.9,1,55.8,6,55.9,10,1,2021-12-24 09:42:17
1640338968445690000,55.9,1,55.8,8,55.9,9,1,2021-12-24 09:42:48
1640338970246536000,55.9,9,55.9,1,56.0,14,1,2021-12-24 09:42:50
1640338976861951000,56.0,5,55.9,2,56.0,9,1,2021-12-24 09:42:56
1640338976878508000,56.0,1,55.9,2,56.0,4,1,2021-12-24 09:42:56
1640338976878906000,56.0,4,55.9,2,56.0,4,1,2021-12-24 09:42:56
1640338976879399000,56.0,4,55.9,2,56.1,2,1,2021-12-24 09:42:56
1640338977633222000,55.9,1,55.9,1,56.1,2,2,2021-12-24 09:42:57
1640338981808135000,56.1,1,55.9,1,56.1,1,1,2021-12-24 09:43:01
1640338983156124000,56.1,1,55.9,2,56.2,12,1,2021-12-24 09:43:03
1640339002002079000,56.1,1,56.0,1,56.2,12,1,2021-12-24 09:43:22
1640339008002332000,56.2,10,56.1,1,56.2,2,1,2021-12-24 09:43:28
1640339008026221000,56.2,2,56.1,1,56.3,11,1,2021-12-24 09:43:28
1640339023200730000,56.3,1,56.1,3,56.3,10,1,2021-12-24 09:43:43
1640339027002185000,56.3,1,56.2,1,56.3,10,1,2021-12-24 09:43:47
1640339033053186000,56.2,2,56.1,3,56.2,3,2,2021-12-24 09:43:53
1640339034879749000,56.2,1,56.1,3,56.2,2,1,2021-12-24 09:43:54
1640339035831000000,56.2,1,56.1,3,56.2,1,1,2021-12-24 09:43:55
1640339036278822000,56.2,1,56.1,3,56.3,9,1,2021-12-24 09:43:56
1640339042044510000,56.2,1,56.1,3,56.2,1,1,2021-12-24 09:44:02
1640339044918998000,56.2,1,56.1,3,56.2,1,1,2021-12-24 09:44:04
1640339048848821000,56.2,1,56.2,1,56.3,8,1,2021-12-24 09:44:08
1640339048878669000,56.2,1,56.1,2,56.3,7,2,2021-12-24 09:44:08
1640339054772257000,56.2,1,56.1,2,56.3,7,1,2021-12-24 09:44:14
1640339056934157000,56.2,1,56.1,2,56.3,7,2,2021-12-24 09:44:16
1640339060923145000,56.2,1,56.1,2,56.3,7,1,2021-12-24 09:44:20
1640339062209416000,56.2,1,56.1,2,56.3,7,2,2021-12-24 09:44:22
1640339068996264000,56.2,1,56.1,1,56.3,7,2,2021-12-24 09:44:28
1640339073025443000,56.2,1,56.1,1,56.3,7,2,2021-12-24 09:44:33
1640339089381584000,56.1,1,56.0,3,56.2,4,2,2021-12-24 09:44:49
1640339116351672000,56.0,1,56.0,1,56.1,5,2,2021-12-24 09:45:16
1640339122818783000,56.0,1,56.0,1,56.1,5,2,2021-12-24 09:45:22
1640339135471570000,56.0,1,55.9,3,56.1,5,2,2021-12-24 09:45:35
1640339205175566000,56.0,8,56.0,2,56.2,4,1,2021-12-24 09:46:45
1640339220904814000,56.2,1,56.0,2,56.2,4,1,2021-12-24 09:47:00
1640339227278269000,56.1,1,56.0,3,56.2,7,2,2021-12-24 09:47:07
1640339240043647000,56.0,1,56.0,2,56.2,7,2,2021-12-24 09:47:20
1640339255903036000,56.0,3,55.9,1,56.2,4,2,2021-12-24 09:47:35
1640339278340372000,56.1,1,56.0,1,56.2,4,1,2021-12-24 09:47:58
1640339285719541000,56.2,2,56.1,5,56.2,2,1,2021-12-24 09:48:05
1640339289040435000,56.2,1,56.1,5,56.2,1,1,2021-12-24 09:48:09
1640339292457580000,56.2,1,56.2,1,56.3,6,1,2021-12-24 09:48:12
1640339303361286000,56.3,5,56.2,1,56.3,1,1,2021-12-24 09:48:23
1640339309437126000,56.3,1,56.2,1,56.3,1,1,2021-12-24 09:48:29
1640339322119314000,56.2,1,56.1,5,56.3,7,2,2021-12-24 09:48:42
1640339331838820000,56.2,1,56.1,5,56.3,15,1,2021-12-24 09:48:51
1640339331857476000,56.1,3,56.1,2,56.3,15,2,2021-12-24 09:48:51
1640339331878304000,56.1,2,56.0,1,56.3,15,2,2021-12-24 09:48:51
1640339336342710000,56.2,1,56.0,1,56.2,1,2,2021-12-24 09:48:56
1640339385657316000,56.2,1,56.1,1,56.2,1,1,2021-12-24 09:49:45
1640339387433717000,56.1,1,56.0,3,56.2,1,2,2021-12-24 09:49:47
1640339397374606000,56.0,3,56.0,1,56.1,1,2,2021-12-24 09:49:57
1640339439629154000,56.0,3,55.9,2,56.0,2,2,2021-12-24 09:50:39
1640339444144811000,56.0,1,55.9,2,56.0,6,1,2021-12-24 09:50:44
1640339494180984000,55.9,1,55.9,1,56.0,8,2,2021-12-24 09:51:34
1640339505145074000,55.9,1,55.8,2,56.0,8,2,2021-12-24 09:51:45
1640339510594511000,55.8,3,55.7,8,56.0,8,2,2021-12-24 09:51:50
1640339517344553000,55.7,1,55.7,7,55.9,3,2,2021-12-24 09:51:57
1640339537087623000,55.8,1,55.8,3,55.9,3,2,2021-12-24 09:52:17
1640339538081877000,55.8,1,55.8,2,55.9,3,2,2021-12-24 09:52:18
1640339541452438000,55.8,1,55.8,1,55.9,3,2,2021-12-24 09:52:21
1640339546219446000,55.8,1,55.7,7,55.9,3,2,2021-12-24 09:52:26
1640339548237604000,55.7,1,55.7,6,55.8,1,2,2021-12-24 09:52:28
1640339562656505000,55.7,6,55.6,11,55.7,4,2,2021-12-24 09:52:42
1640339574355602000,55.6,2,55.6,9,55.7,4,2,2021-12-24 09:52:54
1640339578122533000,55.6,3,55.6,6,55.7,4,2,2021-12-24 09:52:58
1640339582043739000,55.6,1,55.6,5,55.7,4,2,2021-12-24 09:53:02
1640339585216094000,55.6,5,55.5,27,55.7,4,2,2021-12-24 09:53:05
1640339593498727000,55.6,2,55.5,29,55.6,1,1,2021-12-24 09:53:13
1640339600718405000,55.6,1,55.5,26,55.7,8,1,2021-12-24 09:53:20
1640339602902559000,55.6,2,55.5,26,55.6,2,2,2021-12-24 09:53:22
1640339603246082000,55.5,2,55.5,24,55.6,2,2,2021-12-24 09:53:23
1640339613352454000,55.6,1,55.5,24,55.6,1,1,2021-12-24 09:53:33
1640339624964927000,55.5,1,55.5,23,55.6,1,2,2021-12-24 09:53:44
1640339626958432000,55.6,1,55.5,23,55.7,4,1,2021-12-24 09:53:46
1640339699849856000,55.7,4,55.7,6,55.8,2,1,2021-12-24 09:54:59
1640339704471802000,55.8,2,55.8,1,56.0,2,1,2021-12-24 09:55:04
1640339708772298000,56.0,1,55.8,1,56.0,1,1,2021-12-24 09:55:08
1640339736442517000,56.0,1,55.8,1,56.1,1,1,2021-12-24 09:55:36
1640339744103037000,56.1,1,55.8,1,56.2,4,1,2021-12-24 09:55:44
1640339764496260000,56.2,1,56.0,1,56.2,3,1,2021-12-24 09:56:04
1640339770811084000,56.2,1,56.0,1,56.2,2,1,2021-12-24 09:56:10
1640339781219448000,56.2,2,56.0,1,56.3,11,1,2021-12-24 09:56:21
1640339793366811000,56.2,1,56.1,1,56.2,1,2,2021-12-24 09:56:33
1640339794993160000,56.1,2,56.0,3,56.2,2,2,2021-12-24 09:56:34
1640339831767068000,56.0,3,55.9,1,56.1,4,2,2021-12-24 09:57:11
1640339846822169000,55.9,2,55.8,11,56.1,4,2,2021-12-24 09:57:26
1640339870817654000,55.9,1,55.8,11,56.0,1,2,2021-12-24 09:57:50
1640339930495592000,55.9,1,55.8,11,56.0,1,2,2021-12-24 09:58:50
1640339941035314000,56.0,1,55.8,11,56.2,4,1,2021-12-24 09:59:01
1640339941035314000,56.1,3,55.8,11,56.2,4,1,2021-12-24 09:59:01
1640339941035314000,56.2,1,55.8,11,56.2,4,1,2021-12-24 09:59:01
1640340026996446000,56.2,7,56.0,4,56.3,10,1,2021-12-24 10:00:26
1640340026996446000,56.3,2,56.0,4,56.3,10,1,2021-12-24 10:00:26
1640340040171989000,56.3,2,56.1,2,56.3,8,1,2021-12-24 10:00:40
1640340040201488000,56.3,8,56.1,2,56.4,12,1,2021-12-24 10:00:40
1640340049336428000,56.4,1,56.1,2,56.4,11,1,2021-12-24 10:00:49
1640340058231206000,56.3,1,56.1,2,56.4,11,1,2021-12-24 10:00:58
1640340059045731000,56.4,1,56.1,2,56.4,10,1,2021-12-24 10:00:59
1640340076552705000,56.4,10,56.2,2,56.5,25,1,2021-12-24 10:01:16
1640340097657374000,56.4,1,56.4,2,56.5,26,2,2021-12-24 10:01:37
1640340101816370000,56.4,1,56.4,1,56.5,26,2,2021-12-24 10:01:41
1640340103357461000,56.4,1,56.3,1,56.5,26,2,2021-12-24 10:01:43
1640340106007608000,56.3,1,56.2,3,56.4,4,2,2021-12-24 10:01:46
1640340117840540000,56.3,2,56.2,4,56.3,2,1,2021-12-24 10:01:57
1640340119116430000,56.2,4,56.1,2,56.3,5,2,2021-12-24 10:01:59
1640340125667896000,56.2,1,56.1,2,56.3,5,1,2021-12-24 10:02:05
1640340147987602000,56.3,1,56.1,2,56.3,5,1,2021-12-24 10:02:27
1640340227562287000,56.2,1,56.1,2,56.3,7,1,2021-12-24 10:03:47
1640340247508962000,56.1,1,56.1,1,56.2,12,2,2021-12-24 10:04:07
1640340247536316000,56.1,1,56.0,3,56.2,12,2,2021-12-24 10:04:07
1640340267866373000,56.0,1,56.0,2,56.1,1,2,2021-12-24 10:04:27
1640340313532960000,56.0,1,56.0,1,56.1,1,2,2021-12-24 10:05:13
1640340317896629000,56.0,1,55.9,1,56.1,1,2,2021-12-24 10:05:17
1640340320099451000,55.9,1,55.8,12,56.1,4,2,2021-12-24 10:05:20
1640340332401665000,55.8,12,55.6,8,56.1,5,2,2021-12-24 10:05:32
1640340332401665000,55.7,5,55.6,8,56.1,5,2,2021-12-24 10:05:32
1640340332401665000,55.6,1,55.6,8,56.1,5,2,2021-12-24 10:05:32
1640340358619878000,55.7,1,55.6,7,56.0,4,2,2021-12-24 10:05:58
1640340358619878000,55.6,2,55.6,7,56.0,4,2,2021-12-24 10:05:58
1640340478656323000,55.9,1,55.7,3,55.9,1,1,2021-12-24 10:07:58
1640340493976221000,55.8,1,55.7,2,56.0,4,2,2021-12-24 10:08:13
1640340493976221000,55.7,1,55.7,2,56.0,4,2,2021-12-24 10:08:13
1640340523836118000,55.7,1,55.7,3,56.0,4,2,2021-12-24 10:08:43
1640340566791873000,55.9,1,55.7,6,55.9,3,1,2021-12-24 10:09:26
1640340575208295000,55.9,1,55.7,6,55.9,1,1,2021-12-24 10:09:35
1640340639278663000,55.9,3,55.9,7,56.0,1,1,2021-12-24 10:10:39
1640340640364440000,55.9,2,55.9,5,56.0,1,2,2021-12-24 10:10:40
1640340640390776000,55.9,5,55.7,4,56.0,1,2,2021-12-24 10:10:40
1640340711842821000,55.9,1,55.8,1,56.0,1,1,2021-12-24 10:11:51
1640340730534498000,55.8,1,55.7,3,56.0,1,2,2021-12-24 10:12:10
1640340774417195000,55.8,1,55.7,3,56.0,11,2,2021-12-24 10:12:54
1640340774447935000,55.7,3,55.6,9,56.0,11,2,2021-12-24 10:12:54
1640340818614867000,55.7,1,55.6,10,56.0,11,1,2021-12-24 10:13:38
1640340912022305000,55.7,1,55.7,1,55.8,1,2,2021-12-24 10:15:12
1640340929637621000,55.7,1,55.6,10,55.8,3,2,2021-12-24 10:15:29
1640340977738197000,55.7,1,55.6,10,55.8,3,1,2021-12-24 10:16:17
1640341008423813000,55.7,1,55.7,1,55.8,3,1,2021-12-24 10:16:48
1640341015822806000,55.8,1,55.7,1,55.8,2,1,2021-12-24 10:16:55
1640341021008491000,55.7,1,55.6,10,55.8,2,2,2021-12-24 10:17:01
1640341037415699000,55.7,1,55.7,2,55.8,2,1,2021-12-24 10:17:17
1640341149748265000,55.8,1,55.7,6,55.8,1,1,2021-12-24 10:19:09
1640341215170230000,55.8,1,55.7,6,55.9,2,1,2021-12-24 10:20:15
1640341262433145000,55.8,1,55.7,5,55.8,2,1,2021-12-24 10:21:02
1640341272740086000,55.8,1,55.7,5,55.8,1,1,2021-12-24 10:21:12
1640341332965659000,55.8,1,55.7,5,55.9,5,2,2021-12-24 10:22:12
1640341337592608000,55.7,5,55.6,7,55.9,5,2,2021-12-24 10:22:17
1640341337592608000,55.6,4,55.6,7,55.9,5,2,2021-12-24 10:22:17
1640341373296731000,55.6,1,55.6,6,55.9,5,2,2021-12-24 10:22:53
1640341379339962000,55.6,1,55.6,5,55.9,5,2,2021-12-24 10:22:59
1640341454290324000,55.6,1,55.6,7,55.8,2,2,2021-12-24 10:24:14
1640341467031308000,55.6,1,55.6,6,55.8,2,2,2021-12-24 10:24:27
1640341474687076000,55.6,1,55.6,5,55.8,3,2,2021-12-24 10:24:34
1640341512862498000,55.6,6,55.6,1,55.7,3,2,2021-12-24 10:25:12
1640341514837647000,55.7,2,55.6,3,55.7,1,1,2021-12-24 10:25:14
1640341540818682000,55.6,3,55.5,24,55.6,2,2,2021-12-24 10:25:40
1640341568085141000,55.6,1,55.5,24,55.6,1,1,2021-12-24 10:26:08
1640341568806866000,55.6,1,55.5,24,55.7,2,1,2021-12-24 10:26:08
1640341595028711000,55.7,1,55.5,24,55.8,2,1,2021-12-24 10:26:35
1640341797094896000,55.6,1,55.6,2,55.8,4,2,2021-12-24 10:29:57
1640341910380527000,55.6,1,55.6,1,55.8,4,2,2021-12-24 10:31:50
1640341930851199000,55.6,1,55.5,27,55.8,4,2,2021-12-24 10:32:10
1640341945863929000,55.8,1,55.5,27,55.8,3,1,2021-12-24 10:32:25
1640342022650376000,55.6,3,55.5,27,55.6,2,2,2021-12-24 10:33:42
1640342059839409000,55.6,1,55.5,27,55.6,1,1,2021-12-24 10:34:19
1640342061957615000,55.6,1,55.5,27,55.8,2,1,2021-12-24 10:34:21
1640342063238684000,55.8,2,55.5,27,55.9,4,1,2021-12-24 10:34:23
1640342063238684000,55.9,1,55.5,27,55.9,4,1,2021-12-24 10:34:23
1640342124353882000,55.6,2,55.5,27,55.9,7,2,2021-12-24 10:35:24
1640342151985730000,55.5,2,55.5,25,55.9,7,2,2021-12-24 10:35:51
1640342152231958000,55.5,5,55.5,20,55.9,7,2,2021-12-24 10:35:52
1640342163778047000,55.5,2,55.5,18,55.9,7,2,2021-12-24 10:36:03
1640342168203692000,55.6,1,55.5,18,55.9,8,2,2021-12-24 10:36:08
1640342188535853000,55.5,1,55.5,19,55.9,8,2,2021-12-24 10:36:28
1640342270449468000,55.5,1,55.5,19,55.9,8,2,2021-12-24 10:37:50
1640342323533017000,55.7,1,55.6,6,55.9,8,2,2021-12-24 10:38:43
1640342377964880000,55.7,1,55.6,12,55.7,2,1,2021-12-24 10:39:37
1640342403099097000,55.7,2,55.7,8,55.8,5,1,2021-12-24 10:40:03
1640342405346910000,55.7,4,55.7,4,55.8,5,2,2021-12-24 10:40:05
1640342405381130000,55.7,4,55.6,12,55.8,5,2,2021-12-24 10:40:05
1640342431493667000,55.7,1,55.7,4,55.8,6,1,2021-12-24 10:40:31
1640342443894567000,55.7,2,55.7,5,55.8,6,2,2021-12-24 10:40:43
1640342451160018000,55.8,1,55.7,5,55.8,5,1,2021-12-24 10:40:51
1640342458293971000,55.7,2,55.6,7,55.8,5,2,2021-12-24 10:40:58
1640342467465036000,55.8,3,55.6,7,55.8,2,1,2021-12-24 10:41:07
1640342701980873000,55.8,1,55.7,10,55.8,1,1,2021-12-24 10:45:01
1640342702006755000,55.7,2,55.7,8,55.8,1,2,2021-12-24 10:45:02
1640342719825536000,55.7,1,55.7,7,55.8,1,2,2021-12-24 10:45:19
1640342830749847000,55.7,3,55.7,4,55.8,1,2,2021-12-24 10:47:10
1640342890708819000,55.8,3,55.7,4,55.9,6,1,2021-12-24 10:48:10
1640342965592371000,55.7,6,55.6,11,55.8,1,2,2021-12-24 10:49:25
1640342971689001000,55.7,1,55.6,11,55.8,1,2,2021-12-24 10:49:31
1640343080733542000,55.6,1,55.6,10,55.8,2,2,2021-12-24 10:51:20
1640343080766813000,55.6,2,55.6,8,55.8,2,2,2021-12-24 10:51:20
1640343085618042000,55.6,8,55.5,21,55.7,6,2,2021-12-24 10:51:25
1640343087433918000,55.5,1,55.5,20,55.7,6,2,2021-12-24 10:51:27
1640343101037379000,55.5,1,55.5,19,55.7,6,2,2021-12-24 10:51:41
1640343105497953000,55.5,2,55.5,17,55.7,6,2,2021-12-24 10:51:45
1640343119285449000,55.5,1,55.5,16,55.6,1,2,2021-12-24 10:51:59
1640343122281854000,55.5,1,55.5,15,55.6,1,2,2021-12-24 10:52:02
1640343122315960000,55.5,7,55.5,8,55.6,1,2,2021-12-24 10:52:02
1640343125930434000,55.5,1,55.5,7,55.6,1,2,2021-12-24 10:52:05
1640343134120036000,55.5,7,55.4,28,55.5,3,2,2021-12-24 10:52:14
1640343140461279000,55.5,1,55.4,28,55.5,2,1,2021-12-24 10:52:20
1640343196226930000,55.4,1,55.4,29,55.5,4,2,2021-12-24 10:53:16
1640343222510621000,55.5,1,55.4,28,55.5,2,1,2021-12-24 10:53:42
1640343278523764000,55.4,1,55.4,27,55.5,13,2,2021-12-24 10:54:38
1640343287905751000,55.5,1,55.4,27,55.5,12,1,2021-12-24 10:54:47
1640343307586600000,55.5,1,55.4,27,55.5,11,1,2021-12-24 10:55:07
1640343364112889000,55.4,1,55.4,27,55.5,13,2,2021-12-24 10:56:04
1640343374933368000,55.4,3,55.4,24,55.5,12,2,2021-12-24 10:56:14
1640343377908380000,55.4,1,55.4,23,55.5,12,2,2021-12-24 10:56:17
1640343392237782000,55.4,1,55.4,22,55.5,12,2,2021-12-24 10:56:32
1640343397462533000,55.4,5,55.4,17,55.5,12,2,2021-12-24 10:56:37
1640343397498488000,55.4,3,55.4,14,55.5,12,2,2021-12-24 10:56:37
1640343403048607000,55.4,1,55.4,13,55.5,12,2,2021-12-24 10:56:43
1640343403087579000,55.4,2,55.4,11,55.5,12,2,2021-12-24 10:56:43
1640343408763478000,55.4,1,55.4,10,55.5,12,2,2021-12-24 10:56:48
1640343408790051000,55.4,1,55.4,9,55.5,12,2,2021-12-24 10:56:48
1640343416738284000,55.4,1,55.4,8,55.5,12,2,2021-12-24 10:56:56
1640343456673274000,55.4,2,55.4,7,55.5,14,2,2021-12-24 10:57:36
1640343500019387000,55.5,1,55.4,6,55.5,13,1,2021-12-24 10:58:20
1640343530118901000,55.5,1,55.4,6,55.5,12,1,2021-12-24 10:58:50
1640343574052039000,55.5,1,55.4,8,55.5,11,1,2021-12-24 10:59:34
1640343879108587000,55.4,4,55.4,6,55.5,20,2,2021-12-24 11:04:39
1640343917018526000,55.4,2,55.4,4,55.5,16,2,2021-12-24 11:05:17
1640343952179565000,55.4,1,55.4,3,55.5,16,2,2021-12-24 11:05:52
1640343956098527000,55.4,1,55.4,2,55.5,16,2,2021-12-24 11:05:56
1640343961197761000,55.4,2,55.3,20,55.5,16,2,2021-12-24 11:06:01
1640343980312363000,55.4,1,55.3,19,55.4,9,2,2021-12-24 11:06:20
1640344002392467000,55.4,2,55.3,19,55.4,9,1,2021-12-24 11:06:42
1640344008256082000,55.4,1,55.3,19,55.4,8,1,2021-12-24 11:06:48
1640344014715725000,55.3,10,55.3,9,55.4,10,2,2021-12-24 11:06:54
1640344035335512000,55.3,1,55.3,8,55.4,10,2,2021-12-24 11:07:15
1640344036456304000,55.3,1,55.3,7,55.4,10,2,2021-12-24 11:07:16
1640344037351871000,55.3,4,55.3,3,55.4,10,2,2021-12-24 11:07:17
1640344037372095000,55.3,2,55.3,1,55.4,10,2,2021-12-24 11:07:17
1640344081607771000,55.3,3,55.3,3,55.4,13,2,2021-12-24 11:08:01
1640344081624449000,55.3,2,55.3,1,55.4,13,2,2021-12-24 11:08:01
1640344095746182000,55.4,5,55.3,1,55.4,9,1,2021-12-24 11:08:15
1640344190279204000,55.3,3,55.3,8,55.4,19,2,2021-12-24 11:09:50
1640344220033518000,55.3,1,55.3,7,55.4,19,2,2021-12-24 11:10:20
1640344231904987000,55.3,1,55.3,6,55.4,19,2,2021-12-24 11:10:31
1640344241701990000,55.3,1,55.3,5,55.4,19,2,2021-12-24 11:10:41
1640344251342549000,55.3,1,55.3,4,55.4,19,2,2021-12-24 11:10:51
1640344284732159000,55.3,2,55.3,3,55.4,20,2,2021-12-24 11:11:24
1640344317374330000,55.3,1,55.3,2,55.4,20,2,2021-12-24 11:11:57
1640344349260879000,55.3,1,55.3,1,55.4,20,2,2021-12-24 11:12:29
1640344358658624000,55.3,1,55.3,2,55.4,20,2,2021-12-24 11:12:38
1640344367287047000,55.4,1,55.3,2,55.4,19,1,2021-12-24 11:12:47
1640344386279183000,55.3,1,55.3,3,55.4,19,2,2021-12-24 11:13:06
1640344461523391000,55.3,2,55.3,2,55.4,18,2,2021-12-24 11:14:21
1640344515722612000,55.3,1,55.3,4,55.4,17,2,2021-12-24 11:15:15
1640344536780837000,55.3,1,55.3,3,55.4,17,2,2021-12-24 11:15:36
1640344574770527000,55.4,1,55.3,3,55.4,16,1,2021-12-24 11:16:14
1640344631154117000,55.4,1,55.3,7,55.4,15,1,2021-12-24 11:17:11
1640344631170694000,55.4,1,55.3,7,55.4,14,1,2021-12-24 11:17:11
1640344634643506000,55.4,3,55.3,7,55.4,11,1,2021-12-24 11:17:14
1640344636995605000,55.4,1,55.3,7,55.4,10,1,2021-12-24 11:17:16
1640344652066003000,55.4,3,55.3,4,55.4,7,1,2021-12-24 11:17:32
1640344652218343000,55.4,1,55.3,4,55.4,6,1,2021-12-24 11:17:32
1640344652241121000,55.4,6,55.3,4,55.5,14,1,2021-12-24 11:17:32
1640344656720793000,55.4,1,55.4,4,55.5,14,1,2021-12-24 11:17:36
1640344687044601000,55.4,1,55.4,3,55.5,14,2,2021-12-24 11:18:07
1640344687967709000,55.4,1,55.4,2,55.5,14,2,2021-12-24 11:18:07
1640344702367644000,55.4,1,55.4,1,55.5,14,2,2021-12-24 11:18:22
1640344719590201000,55.4,1,55.3,7,55.5,14,2,2021-12-24 11:18:39
1640344719590201000,55.3,1,55.3,7,55.5,14,2,2021-12-24 11:18:39
1640344830468509000,55.3,1,55.3,8,55.5,17,2,2021-12-24 11:20:30
1640344845121857000,55.3,1,55.3,7,55.5,17,2,2021-12-24 11:20:45
1640344896563339000,55.3,1,55.3,7,55.5,18,2,2021-12-24 11:21:36
1640344943959205000,55.4,1,55.3,15,55.5,16,1,2021-12-24 11:22:23
1640344953919539000,55.4,1,55.3,16,55.5,16,1,2021-12-24 11:22:33
1640345029358255000,55.3,2,55.3,14,55.5,16,2,2021-12-24 11:23:49
1640345090104491000,55.3,2,55.3,12,55.4,5,2,2021-12-24 11:24:50
1640345185661161000,55.3,1,55.3,3,55.4,4,2,2021-12-24 11:26:25
1640345274943750000,55.4,1,55.3,6,55.4,3,1,2021-12-24 11:27:54
1640345372068337000,55.4,1,55.3,10,55.4,2,1,2021-12-24 11:29:32
1640345381470482000,55.3,1,55.3,8,55.4,2,2,2021-12-24 11:29:41
1640345459424344000,55.4,1,55.3,8,55.4,2,1,2021-12-24 11:30:59
1640345486555990000,55.4,1,55.3,7,55.4,1,1,2021-12-24 11:31:26
1640345514014627000,55.4,2,55.3,7,55.5,18,1,2021-12-24 11:31:54
1640345520695417000,55.4,2,55.3,7,55.5,18,2,2021-12-24 11:32:00
1640345537534615000,55.3,5,55.3,2,55.5,18,2,2021-12-24 11:32:17
1640345635128518000,55.4,1,55.3,6,55.5,19,2,2021-12-24 11:33:55
1640345693102597000,55.3,4,55.3,2,55.4,3,2,2021-12-24 11:34:53
1640345693132277000,55.3,1,55.3,1,55.4,3,2,2021-12-24 11:34:53
1640345753593539000,55.3,2,55.2,21,55.3,1,2,2021-12-24 11:35:53
1640345769757381000,55.3,1,55.2,21,55.5,18,1,2021-12-24 11:36:09
1640345823272228000,55.3,1,55.2,21,55.4,2,2,2021-12-24 11:37:03
1640345943578691000,55.3,1,55.2,21,55.4,3,1,2021-12-24 11:39:03
1640345972631908000,55.3,1,55.2,21,55.3,1,2,2021-12-24 11:39:32
1640345981917852000,55.3,1,55.3,1,55.4,4,1,2021-12-24 11:39:41
1640345987386994000,55.3,1,55.2,21,55.4,4,2,2021-12-24 11:39:47
1640346005637989000,55.3,1,55.2,20,55.4,3,2,2021-12-24 11:40:05
1640346040451456000,55.4,1,55.3,1,55.4,2,1,2021-12-24 11:40:40
1640346051314720000,55.4,2,55.3,2,55.4,1,1,2021-12-24 11:40:51
1640346099199297000,55.4,1,55.3,13,55.5,18,2,2021-12-24 11:41:39
1640346210612546000,55.4,1,55.3,16,55.5,18,2,2021-12-24 11:43:30
1640346355760316000,55.4,1,55.3,14,55.4,1,2,2021-12-24 11:45:55
1640346405954501000,55.4,1,55.3,14,55.5,18,1,2021-12-24 11:46:45
1640346540464247000,55.4,3,55.3,13,55.5,18,2,2021-12-24 11:49:00
1640346581408931000,55.3,2,55.3,11,55.4,2,2,2021-12-24 11:49:41
1640346591274804000,55.3,1,55.3,10,55.4,2,2,2021-12-24 11:49:51
1640346631024270000,55.4,1,55.3,10,55.4,1,1,2021-12-24 11:50:31
1640346678756777000,55.3,1,55.3,9,55.5,17,2,2021-12-24 11:51:18
1640346850023784000,55.3,1,55.3,9,55.4,2,2,2021-12-24 11:54:10
1640346968906184000,55.3,1,55.3,16,55.4,4,2,2021-12-24 11:56:08
1640347002160674000,55.3,1,55.3,15,55.4,4,2,2021-12-24 11:56:42
1640347091256912000,55.4,2,55.3,17,55.4,2,1,2021-12-24 11:58:11
1640347242144552000,55.4,3,55.3,24,55.4,2,1,2021-12-24 12:00:42
1640347246483855000,55.4,1,55.3,24,55.4,1,1,2021-12-24 12:00:46
1640347324056484000,55.4,2,55.3,24,55.4,1,1,2021-12-24 12:02:04
1640347421175387000,55.4,3,55.3,24,55.4,3,1,2021-12-24 12:03:41
1640347477168926000,55.3,5,55.3,19,55.4,4,2,2021-12-24 12:04:37
1640347477196475000,55.3,18,55.3,1,55.4,4,2,2021-12-24 12:04:37
1640347477227521000,55.3,1,55.2,19,55.4,4,2,2021-12-24 12:04:37
1640347478952512000,55.4,1,55.2,19,55.4,3,1,2021-12-24 12:04:38
1640347561521839000,55.3,20,55.0,47,55.4,9,2,2021-12-24 12:06:01
1640347561521839000,55.2,19,55.0,47,55.4,9,2,2021-12-24 12:06:01
1640347561521839000,55.1,26,55.0,47,55.4,9,2,2021-12-24 12:06:01
1640347602038026000,55.0,1,55.0,46,55.2,3,2,2021-12-24 12:06:42
1640347602242124000,55.0,2,55.0,44,55.2,3,2,2021-12-24 12:06:42
1640347602248460000,55.0,3,55.0,41,55.2,3,2,2021-12-24 12:06:42
1640347603725146000,55.0,1,55.0,40,55.2,3,2,2021-12-24 12:06:43
1640347608313043000,55.0,1,55.0,39,55.1,1,2,2021-12-24 12:06:48
1640347611006369000,55.0,2,55.0,37,55.1,1,2,2021-12-24 12:06:51
1640347612529282000,55.0,10,55.0,27,55.1,1,2,2021-12-24 12:06:52
1640347612557235000,55.0,27,54.9,5,55.1,1,2,2021-12-24 12:06:52
1640347618295288000,54.9,5,54.8,4,54.9,3,2,2021-12-24 12:06:58
1640347618482787000,54.8,4,54.7,1,54.9,3,2,2021-12-24 12:06:58
1640347628906186000,54.6,3,54.6,8,54.9,3,2,2021-12-24 12:07:08
1640347632212115000,54.6,1,54.6,3,54.8,1,2,2021-12-24 12:07:12
1640347632313331000,54.6,3,54.5,23,54.8,1,2,2021-12-24 12:07:12
1640347634490284000,54.5,1,54.5,22,54.6,2,2,2021-12-24 12:07:14
1640347635816265000,54.6,1,54.5,21,54.6,1,1,2021-12-24 12:07:15
1640347636335860000,54.6,1,54.5,21,54.8,1,1,2021-12-24 12:07:16
1640347645710810000,54.6,1,54.5,21,54.8,1,2,2021-12-24 12:07:25
1640347649236178000,54.5,1,54.5,20,54.7,1,2,2021-12-24 12:07:29
1640347656439259000,54.6,1,54.5,21,54.7,1,1,2021-12-24 12:07:36
1640347664509985000,54.7,1,54.5,22,54.8,1,1,2021-12-24 12:07:44
1640347681964709000,54.7,1,54.6,2,54.8,1,1,2021-12-24 12:08:01
1640347682723485000,54.6,1,54.6,1,54.8,1,2,2021-12-24 12:08:02
1640347696176947000,54.6,1,54.5,25,54.7,2,2,2021-12-24 12:08:16
1640347701637380000,54.6,1,54.5,25,54.7,4,1,2021-12-24 12:08:21
1640347716394796000,54.5,6,54.5,19,54.6,4,2,2021-12-24 12:08:36
1640347717298364000,54.5,5,54.5,14,54.6,4,2,2021-12-24 12:08:37
1640347720014380000,54.5,1,54.5,14,54.6,4,2,2021-12-24 12:08:40
1640347721054713000,54.5,2,54.5,12,54.6,4,2,2021-12-24 12:08:41
1640347729299489000,54.5,1,54.5,11,54.6,5,2,2021-12-24 12:08:49
1640347731629075000,54.6,1,54.5,10,54.6,4,1,2021-12-24 12:08:51
1640347734124158000,54.5,1,54.5,9,54.6,4,2,2021-12-24 12:08:54
1640347735578024000,54.5,1,54.5,8,54.6,3,2,2021-12-24 12:08:55
1640347738832434000,54.5,2,54.5,7,54.6,3,2,2021-12-24 12:08:58
1640347756053364000,54.5,1,54.5,6,54.6,5,2,2021-12-24 12:09:16
1640347780670253000,54.5,2,54.5,4,54.6,5,2,2021-12-24 12:09:40
1640347790962343000,54.5,1,54.5,6,54.6,4,2,2021-12-24 12:09:50
1640347808176441000,54.6,1,54.5,9,54.6,3,1,2021-12-24 12:10:08
1640347812918997000,54.6,1,54.5,9,54.6,7,1,2021-12-24 12:10:12
1640347855405050000,54.5,3,54.5,7,54.6,8,2,2021-12-24 12:10:55
1640347875337017000,54.5,3,54.5,4,54.6,8,2,2021-12-24 12:11:15
1640347888807617000,54.5,1,54.5,3,54.6,8,2,2021-12-24 12:11:28
1640347899963239000,54.5,1,54.5,2,54.6,7,2,2021-12-24 12:11:39
1640347913310001000,54.5,2,54.5,1,54.6,7,2,2021-12-24 12:11:53
1640347915408294000,54.5,1,54.4,1,54.6,7,2,2021-12-24 12:11:55
1640347946374974000,54.4,1,54.2,7,54.6,5,2,2021-12-24 12:12:26
1640347946374974000,54.3,4,54.2,7,54.6,5,2,2021-12-24 12:12:26
1640347946422484000,54.2,1,54.2,6,54.6,5,2,2021-12-24 12:12:26
1640347947150113000,54.2,1,54.2,5,54.6,5,2,2021-12-24 12:12:27
1640347956813996000,54.2,1,54.2,4,54.6,5,2,2021-12-24 12:12:36
1640347957139287000,54.2,1,54.2,3,54.6,5,2,2021-12-24 12:12:37
1640347958372355000,54.2,1,54.2,2,54.6,5,2,2021-12-24 12:12:38
1640347971581610000,54.2,2,54.1,14,54.2,12,2,2021-12-24 12:12:51
1640347971616074000,54.2,12,54.1,14,54.6,5,1,2021-12-24 12:12:51
1640347989900240000,54.4,3,54.3,1,54.5,1,1,2021-12-24 12:13:09
1640347994498332000,54.5,1,54.3,1,54.5,1,1,2021-12-24 12:13:14
1640348010295801000,54.5,1,54.3,2,54.5,10,1,2021-12-24 12:13:30
1640348033746710000,54.4,1,54.3,4,54.4,1,1,2021-12-24 12:13:53
1640348042448011000,54.4,1,54.4,2,54.5,12,1,2021-12-24 12:14:02
1640348043268121000,54.4,1,54.4,2,54.5,12,2,2021-12-24 12:14:03
1640348052136453000,54.4,1,54.3,4,54.5,12,2,2021-12-24 12:14:12
1640348064425997000,54.3,1,54.3,5,54.4,1,2,2021-12-24 12:14:24
1640348085205972000,54.3,1,54.3,4,54.4,4,2,2021-12-24 12:14:45
1640348095996955000,54.3,3,54.3,1,54.4,1,2,2021-12-24 12:14:55
1640348098701090000,54.3,1,54.2,5,54.4,1,2,2021-12-24 12:14:58
1640348115422094000,54.3,1,54.3,2,54.4,2,2,2021-12-24 12:15:15
1640348120356790000,54.3,1,54.3,1,54.4,2,2,2021-12-24 12:15:20
1640348120359059000,54.3,1,54.2,5,54.4,2,2,2021-12-24 12:15:20
1640348125111783000,54.2,2,54.2,3,54.4,2,2,2021-12-24 12:15:25
1640348126162757000,54.4,1,54.2,3,54.4,1,1,2021-12-24 12:15:26
1640348145251675000,54.2,4,54.1,9,54.2,6,2,2021-12-24 12:15:45
1640348145897593000,54.2,1,54.1,9,54.2,5,1,2021-12-24 12:15:45
1640348145924791000,54.2,5,54.1,9,54.4,1,1,2021-12-24 12:15:45
1640348151626231000,54.4,2,54.1,7,54.5,13,1,2021-12-24 12:15:51
1640348206748137000,54.3,1,54.3,3,54.4,13,2,2021-12-24 12:16:46
1640348209981528000,54.3,3,54.2,5,54.3,2,2,2021-12-24 12:16:49
1640348217458821000,54.2,5,54.1,7,54.3,2,2,2021-12-24 12:16:57
1640348269857561000,54.2,1,54.1,7,54.3,6,2,2021-12-24 12:17:49
1640348274352773000,54.1,5,54.1,2,54.2,1,2,2021-12-24 12:17:54
1640348278080719000,54.1,3,54.1,1,54.2,1,2,2021-12-24 12:17:58
1640348283710965000,54.1,1,54.0,21,54.2,1,2,2021-12-24 12:18:03
1640348283710965000,54.0,1,54.0,21,54.2,1,2,2021-12-24 12:18:03
1640348289039190000,54.0,1,54.0,20,54.2,1,2,2021-12-24 12:18:09
1640348289436759000,54.2,1,54.0,20,54.3,6,1,2021-12-24 12:18:09
1640348320892524000,54.2,3,54.2,2,54.3,9,1,2021-12-24 12:18:40
1640348323749830000,54.2,1,54.2,3,54.3,9,2,2021-12-24 12:18:43
1640348338235944000,54.3,1,54.2,3,54.3,8,1,2021-12-24 12:18:58
1640348348861434000,54.2,1,54.2,2,54.3,8,2,2021-12-24 12:19:08
1640348360179218000,54.3,2,54.1,5,54.3,6,1,2021-12-24 12:19:20
1640348396853730000,54.3,2,54.2,5,54.3,5,1,2021-12-24 12:19:56
1640348409970451000,54.3,5,54.2,5,54.3,1,1,2021-12-24 12:20:09
1640348410006523000,54.3,1,54.2,5,54.4,5,1,2021-12-24 12:20:10
1640348419479694000,54.4,1,54.2,5,54.4,4,1,2021-12-24 12:20:19
1640348460988485000,54.4,2,54.2,7,54.4,2,1,2021-12-24 12:21:00
1640348461011446000,54.4,2,54.2,7,54.6,3,1,2021-12-24 12:21:01
1640348657609695000,54.6,2,54.6,3,54.8,3,1,2021-12-24 12:24:17
1640348672899561000,54.8,2,54.8,3,54.9,4,1,2021-12-24 12:24:32
1640348672916757000,54.8,3,54.6,3,54.9,4,2,2021-12-24 12:24:32
1640348716481297000,54.9,3,54.8,1,54.9,1,1,2021-12-24 12:25:16
1640348716927805000,54.8,1,54.6,8,54.9,1,2,2021-12-24 12:25:16
1640348753791175000,54.7,1,54.6,5,54.7,1,2,2021-12-24 12:25:53
1640348773387809000,54.7,1,54.6,1,54.9,3,1,2021-12-24 12:26:13
1640348777979921000,54.6,1,54.5,4,54.6,8,2,2021-12-24 12:26:17
1640348782583780000,54.5,1,54.5,3,54.6,8,2,2021-12-24 12:26:22
1640348786127124000,54.6,1,54.5,3,54.6,7,1,2021-12-24 12:26:26
1640348827379708000,54.5,3,54.4,1,54.5,4,2,2021-12-24 12:27:07
1640348842354953000,54.5,1,54.4,1,54.5,7,1,2021-12-24 12:27:22
1640348861228001000,54.4,1,54.3,2,54.5,7,2,2021-12-24 12:27:41
1640348929232235000,54.4,1,54.3,2,54.5,7,2,2021-12-24 12:28:49
1640348973870629000,54.3,2,54.2,13,54.3,1,2,2021-12-24 12:29:33
1640348985723084000,54.2,1,54.2,12,54.3,1,2,2021-12-24 12:29:45
1640349025929610000,54.3,1,54.2,12,54.4,6,1,2021-12-24 12:30:25
1640349038359947000,54.2,1,54.2,10,54.4,6,2,2021-12-24 12:30:38
1640349048230348000,54.2,3,54.2,7,54.4,6,2,2021-12-24 12:30:48
1640349105945575000,54.2,2,54.2,5,54.3,8,2,2021-12-24 12:31:45
1640349121197496000,54.2,2,54.2,3,54.3,6,2,2021-12-24 12:32:01
1640349127186625000,54.2,1,54.2,3,54.3,6,2,2021-12-24 12:32:07
1640349212600885000,54.2,1,54.2,3,54.3,6,2,2021-12-24 12:33:32
1640349213660281000,54.2,1,54.2,2,54.3,6,2,2021-12-24 12:33:33
1640349248001838000,54.2,3,54.1,13,54.2,2,2,2021-12-24 12:34:08
1640349271566281000,54.2,2,54.2,2,54.3,1,1,2021-12-24 12:34:31
1640349324819763000,54.3,1,54.2,4,54.5,4,1,2021-12-24 12:35:24
1640349456962643000,54.2,1,54.2,7,54.3,3,2,2021-12-24 12:37:36
1640349470896436000,54.2,1,54.2,6,54.3,3,2,2021-12-24 12:37:50
1640349527342080000,54.2,1,54.2,5,54.3,4,2,2021-12-24 12:38:47
1640349534786834000,54.3,1,54.2,5,54.3,3,1,2021-12-24 12:38:54
1640349612885463000,54.3,2,54.3,6,54.5,7,1,2021-12-24 12:40:12
1640349684525747000,54.4,2,54.3,6,54.5,7,1,2021-12-24 12:41:24
1640349695270819000,54.4,1,54.3,6,54.5,10,2,2021-12-24 12:41:35
1640349776136827000,54.4,1,54.3,6,54.4,1,1,2021-12-24 12:42:56
1640349824515292000,54.4,1,54.3,6,54.5,7,1,2021-12-24 12:43:44
1640349902160970000,54.4,2,54.4,2,54.5,8,2,2021-12-24 12:45:02
1640349914483041000,54.5,4,54.4,2,54.5,4,1,2021-12-24 12:45:14
1640349919937309000,54.4,2,54.3,6,54.5,3,2,2021-12-24 12:45:19
1640349996135081000,54.5,9,54.4,11,54.6,12,1,2021-12-24 12:46:36
1640350009744261000,54.6,3,54.5,1,54.6,9,1,2021-12-24 12:46:49
1640350009776922000,54.6,9,54.5,1,54.7,1,1,2021-12-24 12:46:49
1640350065827745000,54.7,1,54.6,3,54.7,1,1,2021-12-24 12:47:45
1640350090859188000,54.7,1,54.6,3,54.8,1,2,2021-12-24 12:48:10
1640350159911805000,54.7,1,54.6,4,54.7,3,1,2021-12-24 12:49:19
1640350167408852000,54.6,3,54.6,1,54.7,3,2,2021-12-24 12:49:27
1640350167438535000,54.6,1,54.4,11,54.7,3,2,2021-12-24 12:49:27
1640350173497938000,54.4,1,54.4,10,54.7,3,2,2021-12-24 12:49:33
1640350178780866000,54.4,1,54.4,9,54.7,3,2,2021-12-24 12:49:38
1640350343668960000,54.4,2,54.4,7,54.5,2,2,2021-12-24 12:52:23
1640350387536142000,54.4,1,54.4,8,54.5,2,2,2021-12-24 12:53:07
1640350435904359000,54.5,2,54.4,8,54.5,1,1,2021-12-24 12:53:55
1640350499653874000,54.4,1,54.4,7,54.5,1,2,2021-12-24 12:54:59
1640350501614934000,54.5,1,54.4,7,54.6,1,1,2021-12-24 12:55:01
1640350519381821000,54.5,1,54.4,6,54.6,1,2,2021-12-24 12:55:19
1640350522205398000,54.6,1,54.4,6,54.7,1,1,2021-12-24 12:55:22
1640350536358114000,54.7,1,54.4,6,54.7,1,1,2021-12-24 12:55:36
1640350585439680000,54.7,1,54.5,4,54.7,6,1,2021-12-24 12:56:25
1640350621375571000,54.6,1,54.5,4,54.7,6,2,2021-12-24 12:57:01
1640350683314215000,54.7,1,54.6,2,54.7,7,1,2021-12-24 12:58:03
1640350769440529000,54.7,2,54.6,8,54.7,16,1,2021-12-24 12:59:29
1640350772342536000,54.6,1,54.6,7,54.7,16,2,2021-12-24 12:59:32
1640350776981239000,54.6,7,54.5,5,54.7,17,2,2021-12-24 12:59:36
1640350880518596000,54.5,1,54.5,6,54.6,9,2,2021-12-24 13:01:20
1640350920000267000,54.5,2,54.5,5,54.6,9,2,2021-12-24 13:02:00
1640350946981302000,54.5,1,54.5,4,54.6,10,2,2021-12-24 13:02:26
1640350959472196000,54.5,1,54.5,3,54.6,10,2,2021-12-24 13:02:39
1640350966403245000,54.5,3,54.4,10,54.5,2,2,2021-12-24 13:02:46
1640351073989998000,54.4,1,54.4,13,54.5,13,2,2021-12-24 13:04:33
1640351084630925000,54.5,2,54.4,13,54.5,10,1,2021-12-24 13:04:44
1640351086750028000,54.4,1,54.4,12,54.5,10,2,2021-12-24 13:04:46
1640351116551129000,54.4,1,54.4,11,54.5,11,2,2021-12-24 13:05:16
1640351128624792000,54.4,1,54.4,10,54.5,11,2,2021-12-24 13:05:28
1640351189467951000,54.4,3,54.4,9,54.5,19,2,2021-12-24 13:06:29
1640351194354925000,54.4,3,54.4,6,54.5,19,2,2021-12-24 13:06:34
1640351200353474000,54.4,2,54.4,4,54.5,19,2,2021-12-24 13:06:40
1640351222973013000,54.4,2,54.4,4,54.5,20,2,2021-12-24 13:07:02
1640351227558800000,54.4,1,54.4,3,54.5,23,2,2021-12-24 13:07:07
1640351243193010000,54.4,3,54.3,9,54.5,23,2,2021-12-24 13:07:23
1640351271177591000,54.3,10,54.2,7,54.4,2,2,2021-12-24 13:07:51
1640351324590249000,54.3,2,54.2,10,54.3,7,1,2021-12-24 13:08:44
1640351325219939000,54.2,10,54.1,29,54.2,3,2,2021-12-24 13:08:45
1640351332871011000,54.1,6,54.1,23,54.2,4,2,2021-12-24 13:08:52
1640351339200446000,54.1,1,54.1,22,54.2,9,2,2021-12-24 13:08:59
1640351341923737000,54.1,1,54.1,20,54.2,9,2,2021-12-24 13:09:01
1640351342948814000,54.1,1,54.1,19,54.2,9,2,2021-12-24 13:09:02
1640351344704894000,54.1,11,54.1,8,54.2,9,2,2021-12-24 13:09:04
1640351353995314000,54.1,1,54.1,7,54.2,8,2,2021-12-24 13:09:13
1640351354152842000,54.1,7,54.0,77,54.1,3,2,2021-12-24 13:09:14
1640351359579172000,54.0,4,54.0,73,54.1,3,2,2021-12-24 13:09:19
1640351367643687000,54.0,1,54.0,72,54.1,6,2,2021-12-24 13:09:27
1640351370005185000,54.0,2,54.0,70,54.1,6,2,2021-12-24 13:09:30
1640351376893031000,54.0,4,54.0,66,54.1,6,2,2021-12-24 13:09:36
1640351379536120000,54.0,1,54.0,65,54.1,6,2,2021-12-24 13:09:39
1640351381121529000,54.0,1,54.0,64,54.1,6,2,2021-12-24 13:09:41
1640351382524027000,54.0,1,54.0,63,54.1,6,2,2021-12-24 13:09:42
1640351382771183000,54.0,1,54.0,62,54.1,6,2,2021-12-24 13:09:42
1640351385296043000,54.0,1,54.0,61,54.1,6,2,2021-12-24 13:09:45
1640351386267969000,54.0,2,54.0,59,54.1,6,2,2021-12-24 13:09:46
1640351387012059000,54.1,1,54.0,59,54.1,5,1,2021-12-24 13:09:47
1640351393957238000,54.0,1,54.0,58,54.1,5,2,2021-12-24 13:09:53
1640351405394214000,54.0,1,54.0,58,54.1,6,2,2021-12-24 13:10:05
1640351428340213000,54.0,3,54.0,56,54.1,8,2,2021-12-24 13:10:28
1640351430583815000,54.0,1,54.0,55,54.1,18,2,2021-12-24 13:10:30
1640351439050852000,54.0,4,54.0,51,54.1,18,2,2021-12-24 13:10:39
1640351441300265000,54.0,51,53.9,2,54.1,18,2,2021-12-24 13:10:41
1640351441300265000,53.9,4,53.9,2,54.1,18,2,2021-12-24 13:10:41
1640351442765827000,53.9,1,53.9,1,54.1,18,2,2021-12-24 13:10:42
1640351445947187000,53.9,1,53.8,5,54.0,1,2,2021-12-24 13:10:45
1640351460187977000,53.9,1,53.8,5,54.0,12,1,2021-12-24 13:11:00
1640351460743720000,53.8,1,53.8,4,54.0,13,2,2021-12-24 13:11:00
1640351471236078000,53.8,1,53.8,3,54.0,14,2,2021-12-24 13:11:11
1640351471787161000,53.8,3,53.7,10,54.0,14,2,2021-12-24 13:11:11
1640351481215481000,53.9,2,53.7,10,53.9,2,2,2021-12-24 13:11:21
1640351497166740000,53.8,1,53.8,10,53.9,8,2,2021-12-24 13:11:37
1640351502122030000,53.8,5,53.8,5,53.9,8,2,2021-12-24 13:11:42
1640351510068666000,53.8,5,53.8,2,53.9,8,2,2021-12-24 13:11:50
1640351519373506000,53.8,2,53.8,1,53.9,8,2,2021-12-24 13:11:59
1640351520565837000,53.8,1,53.7,10,53.8,2,2,2021-12-24 13:12:00
1640351520584346000,53.8,2,53.7,10,53.9,5,1,2021-12-24 13:12:00
1640351543902227000,53.7,2,53.7,7,53.8,2,2,2021-12-24 13:12:23
1640351546496580000,53.7,2,53.7,5,53.8,12,2,2021-12-24 13:12:26
1640351549510718000,53.7,2,53.7,3,53.8,11,2,2021-12-24 13:12:29
1640351551126611000,53.7,1,53.7,2,53.8,24,2,2021-12-24 13:12:31
1640351557912339000,53.7,1,53.7,1,53.8,24,2,2021-12-24 13:12:37
1640351560543645000,53.7,1,53.6,13,53.8,24,2,2021-12-24 13:12:40
1640351571242602000,53.6,10,53.6,3,53.7,4,2,2021-12-24 13:12:51
1640351571355397000,53.6,2,53.6,1,53.7,4,2,2021-12-24 13:12:51
1640351572919672000,53.6,1,53.5,11,53.7,4,2,2021-12-24 13:12:52
1640351577430450000,53.6,1,53.5,11,53.7,4,1,2021-12-24 13:12:57
1640351583317966000,53.5,1,53.5,10,53.7,4,2,2021-12-24 13:13:03
1640351583447603000,53.6,2,53.5,10,53.7,4,1,2021-12-24 13:13:03
1640351583793464000,53.7,3,53.5,10,53.7,1,1,2021-12-24 13:13:03
1640351583877551000,53.6,1,53.5,10,53.7,1,1,2021-12-24 13:13:03
1640351585278046000,53.7,1,53.7,4,53.8,14,1,2021-12-24 13:13:05
1640351593767605000,53.8,14,53.7,4,53.9,5,1,2021-12-24 13:13:13
1640351596372444000,53.8,1,53.7,4,53.9,5,1,2021-12-24 13:13:16
1640351605079269000,53.8,1,53.8,2,53.9,4,2,2021-12-24 13:13:25
1640351624681491000,53.9,1,53.8,4,53.9,3,1,2021-12-24 13:13:44
1640351647087726000,53.9,1,53.8,5,53.9,2,1,2021-12-24 13:14:07
1640351649308065000,53.9,1,53.8,5,53.9,1,1,2021-12-24 13:14:09
1640351665030975000,53.9,2,53.8,6,53.9,2,1,2021-12-24 13:14:25
1640351675409392000,53.9,1,53.8,5,53.9,1,1,2021-12-24 13:14:35
1640351679920029000,53.9,1,53.8,4,54.0,14,1,2021-12-24 13:14:39
1640351745703053000,53.8,1,53.8,8,53.9,17,2,2021-12-24 13:15:45
1640351753014685000,53.8,1,53.8,7,53.9,17,2,2021-12-24 13:15:53
1640351753079615000,53.8,7,53.7,10,53.8,1,2,2021-12-24 13:15:53
1640351762431480000,53.8,1,53.7,10,53.8,2,1,2021-12-24 13:16:02
1640351762964243000,53.8,4,53.7,10,53.8,8,1,2021-12-24 13:16:02
1640351771666494000,53.7,2,53.7,8,53.8,8,2,2021-12-24 13:16:11
1640351772764621000,53.8,1,53.7,8,53.8,7,1,2021-12-24 13:16:12
1640351778958708000,53.8,1,53.7,9,53.8,6,1,2021-12-24 13:16:18
1640351780125997000,53.8,6,53.8,4,53.9,14,1,2021-12-24 13:16:20
1640351785984537000,53.8,1,53.8,4,53.9,14,2,2021-12-24 13:16:25
1640351818425383000,53.8,3,53.8,5,53.9,14,2,2021-12-24 13:16:58
1640351818536475000,53.8,2,53.8,4,53.9,14,2,2021-12-24 13:16:58
1640351822559482000,53.8,4,53.7,11,53.8,6,2,2021-12-24 13:17:02
1640351824334143000,53.8,1,53.7,11,53.8,5,1,2021-12-24 13:17:04
1640351832962660000,53.8,1,53.7,11,53.8,4,1,2021-12-24 13:17:12
1640351833570402000,53.8,2,53.7,11,53.8,2,1,2021-12-24 13:17:13
1640351860867640000,53.7,2,53.7,8,53.8,4,2,2021-12-24 13:17:40
1640351867305941000,53.7,1,53.7,8,53.8,4,2,2021-12-24 13:17:47
1640351877262374000,53.7,1,53.7,7,53.8,6,2,2021-12-24 13:17:57
1640351884509228000,53.7,3,53.7,5,53.8,6,2,2021-12-24 13:18:04
1640351893625553000,53.7,2,53.7,4,53.8,12,2,2021-12-24 13:18:13
1640351905483493000,53.7,7,53.6,9,53.7,6,2,2021-12-24 13:18:25
1640351905666840000,53.6,1,53.6,8,53.7,6,2,2021-12-24 13:18:25
1640351924690466000,53.6,1,53.6,8,53.7,7,2,2021-12-24 13:18:44
1640351934061112000,53.6,2,53.6,6,53.7,7,2,2021-12-24 13:18:54
1640351942585708000,53.6,1,53.6,6,53.7,7,2,2021-12-24 13:19:02
1640351947008691000,53.6,2,53.6,5,53.7,13,2,2021-12-24 13:19:07
1640351966148692000,53.6,5,53.6,2,53.7,14,2,2021-12-24 13:19:26
1640351974916040000,53.6,2,53.6,1,53.7,14,2,2021-12-24 13:19:34
1640351982848622000,53.6,1,53.6,1,53.7,13,2,2021-12-24 13:19:42
1640351983499359000,53.6,1,53.5,22,53.6,5,2,2021-12-24 13:19:43
1640351983531676000,53.6,5,53.5,22,53.7,7,1,2021-12-24 13:19:43
1640351984275379000,53.7,1,53.6,1,53.7,6,1,2021-12-24 13:19:44
1640351984302533000,53.7,6,53.6,1,53.8,2,1,2021-12-24 13:19:44
1640352011824578000,53.7,1,53.6,4,53.7,7,1,2021-12-24 13:20:11
1640352017739616000,53.6,1,53.6,7,53.7,7,2,2021-12-24 13:20:17
1640352027354857000,53.6,1,53.6,7,53.7,7,2,2021-12-24 13:20:27
1640352028320075000,53.6,1,53.6,6,53.7,7,2,2021-12-24 13:20:28
1640352031960977000,53.6,3,53.6,3,53.7,8,2,2021-12-24 13:20:31
1640352037933018000,53.7,1,53.6,4,53.7,7,1,2021-12-24 13:20:37
1640352081603773000,53.6,2,53.6,5,53.7,7,2,2021-12-24 13:21:21
1640352114537743000,53.7,1,53.6,11,53.7,7,1,2021-12-24 13:21:54
1640352116299474000,53.6,6,53.6,5,53.7,7,2,2021-12-24 13:21:56
1640352128223283000,53.6,1,53.6,5,53.7,7,2,2021-12-24 13:22:08
1640352128348033000,53.6,1,53.6,4,53.7,7,2,2021-12-24 13:22:08
1640352135549221000,53.6,2,53.6,3,53.7,7,2,2021-12-24 13:22:15
1640352145204325000,53.6,1,53.6,2,53.7,7,2,2021-12-24 13:22:25
1640352149017929000,53.6,1,53.6,2,53.7,7,2,2021-12-24 13:22:29
1640352153800915000,53.7,1,53.6,2,53.7,7,1,2021-12-24 13:22:33
1640352183796713000,53.7,4,53.6,4,53.7,6,1,2021-12-24 13:23:03
1640352199927563000,53.6,7,53.5,23,53.6,10,2,2021-12-24 13:23:19
1640352231070682000,53.5,1,53.5,22,53.6,15,2,2021-12-24 13:23:51
1640352245561986000,53.6,1,53.5,29,53.6,14,1,2021-12-24 13:24:05
1640352249153992000,53.5,2,53.5,21,53.6,12,2,2021-12-24 13:24:09
1640352249571350000,53.5,1,53.5,20,53.6,12,2,2021-12-24 13:24:09
1640352249604896000,53.5,1,53.5,19,53.6,12,2,2021-12-24 13:24:09
1640352250923834000,53.6,1,53.5,19,53.6,11,1,2021-12-24 13:24:10
1640352251204072000,53.6,1,53.5,19,53.6,10,1,2021-12-24 13:24:11
1640352252802731000,53.6,1,53.5,19,53.6,9,1,2021-12-24 13:24:12
1640352255818080000,53.5,1,53.5,18,53.6,9,2,2021-12-24 13:24:15
1640352266810866000,53.6,1,53.5,19,53.6,8,1,2021-12-24 13:24:26
1640352267900662000,53.5,1,53.5,18,53.6,8,2,2021-12-24 13:24:27
1640352271188325000,53.5,6,53.5,12,53.6,9,2,2021-12-24 13:24:31
1640352276797901000,53.5,1,53.5,11,53.6,9,2,2021-12-24 13:24:36
1640352288717694000,53.5,1,53.5,10,53.6,10,2,2021-12-24 13:24:48
1640352290654317000,53.5,1,53.5,9,53.6,11,2,2021-12-24 13:24:50
1640352297848645000,53.6,1,53.5,13,53.6,10,1,2021-12-24 13:24:57
1640352298085514000,53.6,2,53.5,13,53.6,8,1,2021-12-24 13:24:58
1640352600000000000,53.6,116,53.5,15,53.6,5,1,2021-12-24 13:30:00
