ts,close,volume,bid_price,bid_volume,ask_price,ask_volume,tick_type,datetime
1647507616712118000,37.75,743,37.75,4,37.8,6,1,2022-03-17 09:00:16
1647507617255589000,37.8,1,37.75,4,37.8,6,1,2022-03-17 09:00:17
1647507617364373000,37.75,4,37.7,85,37.8,6,2,2022-03-17 09:00:17
1647507617539998000,37.8,1,37.7,85,37.8,6,1,2022-03-17 09:00:17
1647507617865123000,37.7,18,37.7,67,37.8,6,2,2022-03-17 09:00:17
1647507617882572000,37.8,3,37.7,67,37.8,3,1,2022-03-17 09:00:17
1647507618118347000,37.8,2,37.7,67,37.8,1,1,2022-03-17 09:00:18
1647507618631090000,37.8,1,37.7,67,37.8,2,1,2022-03-17 09:00:18
1647507620315948000,37.8,1,37.75,1,37.8,2,1,2022-03-17 09:00:20
1647507620614504000,37.75,1,37.7,67,37.8,2,2,2022-03-17 09:00:20
1647507621334529000,37.8,1,37.7,67,37.8,1,1,2022-03-17 09:00:21
1647507621364772000,37.8,1,37.7,67,37.85,3,1,2022-03-17 09:00:21
1647507621869904000,37.7,18,37.7,49,37.85,13,2,2022-03-17 09:00:21
1647507621900555000,37.7,49,37.65,103,37.85,13,2,2022-03-17 09:00:21
1647507622517019000,37.7,6,37.65,103,37.8,9,2,2022-03-17 09:00:22
1647507622941801000,37.8,2,37.65,103,37.8,7,1,2022-03-17 09:00:22
1647507623333591000,37.75,1,37.65,103,37.8,7,2,2022-03-17 09:00:23
1647507624157549000,37.75,1,37.75,3,37.8,7,1,2022-03-17 09:00:24
1647507624181968000,37.75,3,37.65,103,37.8,7,2,2022-03-17 09:00:24
1647507624339949000,37.8,3,37.65,103,37.8,4,1,2022-03-17 09:00:24
1647507624479455000,37.65,30,37.65,73,37.8,4,2,2022-03-17 09:00:24
1647507624659533000,37.75,1,37.65,72,37.8,4,2,2022-03-17 09:00:24
1647507624659533000,37.65,1,37.65,72,37.8,4,2,2022-03-17 09:00:24
1647507624782283000,37.65,1,37.65,71,37.8,4,2,2022-03-17 09:00:24
1647507624784758000,37.8,1,37.65,71,37.8,3,1,2022-03-17 09:00:24
1647507625129823000,37.75,1,37.65,71,37.8,3,2,2022-03-17 09:00:25
1647507626160850000,37.75,1,37.7,2,37.8,11,2,2022-03-17 09:00:26
1647507626297117000,37.7,1,37.7,1,37.8,11,2,2022-03-17 09:00:26
1647507626584935000,37.8,2,37.7,2,37.8,9,1,2022-03-17 09:00:26
1647507626610706000,37.7,1,37.7,1,37.8,9,2,2022-03-17 09:00:26
1647507626691295000,37.8,1,37.7,1,37.8,8,1,2022-03-17 09:00:26
1647507626929035000,37.75,3,37.7,1,37.75,9,1,2022-03-17 09:00:26
1647507627689858000,37.75,1,37.7,1,37.75,8,1,2022-03-17 09:00:27
1647507628055682000,37.7,1,37.65,72,37.75,9,2,2022-03-17 09:00:28
1647507628878277000,37.75,8,37.7,1,37.75,1,1,2022-03-17 09:00:28
1647507629151710000,37.7,1,37.7,2,37.75,1,2,2022-03-17 09:00:29
1647507629232844000,37.75,1,37.7,2,37.8,8,1,2022-03-17 09:00:29
1647507629766835000,37.7,1,37.7,1,37.75,11,2,2022-03-17 09:00:29
1647507629854611000,37.7,1,37.65,72,37.75,11,2,2022-03-17 09:00:29
1647507630589123000,37.7,3,37.65,75,37.75,9,1,2022-03-17 09:00:30
1647507630589123000,37.75,2,37.65,75,37.75,9,1,2022-03-17 09:00:30
1647507630705440000,37.75,9,37.65,75,37.8,8,1,2022-03-17 09:00:30
1647507630705440000,37.8,1,37.65,75,37.8,8,1,2022-03-17 09:00:30
1647507630768843000,37.8,2,37.65,75,37.8,6,1,2022-03-17 09:00:30
1647507630842833000,37.8,6,37.65,75,37.85,4,1,2022-03-17 09:00:30
1647507631305818000,37.65,3,37.65,72,37.85,4,2,2022-03-17 09:00:31
1647507631478266000,37.7,2,37.65,72,37.75,8,2,2022-03-17 09:00:31
1647507631495674000,37.75,1,37.65,72,37.75,7,1,2022-03-17 09:00:31
1647507631585223000,37.7,1,37.65,72,37.75,4,1,2022-03-17 09:00:31
1647507631585223000,37.75,3,37.65,72,37.75,4,1,2022-03-17 09:00:31
1647507631680675000,37.75,1,37.65,72,37.75,8,1,2022-03-17 09:00:31
1647507632239692000,37.75,1,37.65,78,37.75,7,1,2022-03-17 09:00:32
1647507632362499000,37.65,10,37.65,68,37.75,7,2,2022-03-17 09:00:32
1647507632788488000,37.7,1,37.65,68,37.7,6,1,2022-03-17 09:00:32
1647507633146620000,37.65,36,37.65,32,37.7,17,2,2022-03-17 09:00:33
1647507633462344000,37.7,1,37.65,32,37.7,16,1,2022-03-17 09:00:33
1647507633892208000,37.65,6,37.65,21,37.7,16,2,2022-03-17 09:00:33
1647507633952037000,37.65,8,37.65,13,37.7,17,2,2022-03-17 09:00:33
1647507633995891000,37.65,1,37.65,12,37.7,17,2,2022-03-17 09:00:33
1647507634193682000,37.7,1,37.65,17,37.7,16,1,2022-03-17 09:00:34
1647507634447682000,37.7,3,37.65,18,37.7,2,1,2022-03-17 09:00:34
1647507634804566000,37.65,10,37.65,9,37.7,2,2,2022-03-17 09:00:34
1647507635013384000,37.65,9,37.6,12,37.7,2,2,2022-03-17 09:00:35
1647507635013384000,37.6,1,37.6,12,37.7,2,2,2022-03-17 09:00:35
1647507635200426000,37.6,10,37.6,2,37.7,6,2,2022-03-17 09:00:35
1647507635227304000,37.6,2,37.55,9,37.7,6,2,2022-03-17 09:00:35
1647507635373596000,37.7,1,37.55,9,37.7,5,1,2022-03-17 09:00:35
1647507635429848000,37.55,1,37.55,8,37.7,5,2,2022-03-17 09:00:35
1647507635533797000,37.7,5,37.55,8,37.75,9,1,2022-03-17 09:00:35
1647507635586218000,37.75,1,37.55,8,37.75,8,1,2022-03-17 09:00:35
1647507635594349000,37.55,8,37.5,35,37.75,8,2,2022-03-17 09:00:35
1647507635594349000,37.5,13,37.5,35,37.75,8,2,2022-03-17 09:00:35
1647507636490950000,37.6,1,37.5,35,37.6,7,1,2022-03-17 09:00:36
1647507636634757000,37.5,2,37.5,33,37.6,7,2,2022-03-17 09:00:36
1647507636720578000,37.6,1,37.5,33,37.6,6,1,2022-03-17 09:00:36
1647507636954574000,37.6,6,37.5,33,37.8,3,1,2022-03-17 09:00:36
1647507636954574000,37.65,4,37.5,33,37.8,3,1,2022-03-17 09:00:36
1647507636954574000,37.75,4,37.5,33,37.8,3,1,2022-03-17 09:00:36
1647507636954574000,37.8,6,37.5,33,37.8,3,1,2022-03-17 09:00:36
1647507637877888000,37.55,1,37.55,4,37.75,2,2,2022-03-17 09:00:37
1647507638384794000,37.6,1,37.6,1,37.7,2,2,2022-03-17 09:00:38
1647507638852113000,37.7,2,37.55,4,37.7,1,1,2022-03-17 09:00:38
1647507639361064000,37.6,3,37.6,6,37.7,1,2,2022-03-17 09:00:39
1647507639405968000,37.6,2,37.6,4,37.7,1,2,2022-03-17 09:00:39
1647507639544256000,37.65,4,37.6,3,37.75,1,1,2022-03-17 09:00:39
1647507639544256000,37.7,1,37.6,3,37.75,1,1,2022-03-17 09:00:39
1647507639544256000,37.75,2,37.6,3,37.75,1,1,2022-03-17 09:00:39
1647507641371129000,37.6,5,37.5,33,37.7,1,2,2022-03-17 09:00:41
1647507641371129000,37.55,4,37.5,33,37.7,1,2,2022-03-17 09:00:41
1647507641371129000,37.5,1,37.5,33,37.7,1,2,2022-03-17 09:00:41
1647507641621184000,37.55,1,37.5,33,37.6,1,2,2022-03-17 09:00:41
1647507641708846000,37.6,1,37.65,1,37.7,9,1,2022-03-17 09:00:41
1647507641739292000,37.65,1,37.5,33,37.7,9,2,2022-03-17 09:00:41
1647507641973770000,37.5,1,37.5,32,37.7,3,2,2022-03-17 09:00:41
1647507642075318000,37.5,10,37.5,22,37.7,11,2,2022-03-17 09:00:42
1647507642113206000,37.5,22,37.45,4,37.7,11,2,2022-03-17 09:00:42
1647507642355997000,37.65,1,37.5,1,37.7,12,1,2022-03-17 09:00:42
1647507642542762000,37.65,1,37.5,1,37.7,8,1,2022-03-17 09:00:42
1647507642542762000,37.7,4,37.5,1,37.7,8,1,2022-03-17 09:00:42
1647507643671521000,37.7,1,37.6,1,37.75,20,1,2022-03-17 09:00:43
1647507643980883000,37.7,1,37.6,1,37.75,20,2,2022-03-17 09:00:43
1647507644057826000,37.6,1,37.55,5,37.7,1,2,2022-03-17 09:00:44
1647507644769923000,37.55,1,37.55,4,37.7,1,2,2022-03-17 09:00:44
1647507645251473000,37.55,4,37.5,3,37.65,8,2,2022-03-17 09:00:45
1647507645420028000,37.65,1,37.55,1,37.65,7,1,2022-03-17 09:00:45
1647507646837904000,37.6,1,37.55,21,37.7,6,1,2022-03-17 09:00:46
1647507646837904000,37.65,11,37.55,21,37.7,6,1,2022-03-17 09:00:46
1647507646837904000,37.7,13,37.55,21,37.7,6,1,2022-03-17 09:00:46
1647507647178394000,37.55,1,37.55,21,37.7,6,2,2022-03-17 09:00:47
1647507647234166000,37.6,1,37.55,21,37.7,6,1,2022-03-17 09:00:47
1647507647846871000,37.7,5,37.6,2,37.7,4,1,2022-03-17 09:00:47
1647507648071093000,37.7,1,37.6,1,37.7,8,1,2022-03-17 09:00:48
1647507648904949000,37.65,3,37.55,20,37.7,10,2,2022-03-17 09:00:48
1647507648904949000,37.6,1,37.55,20,37.7,10,2,2022-03-17 09:00:48
1647507648904949000,37.55,1,37.55,20,37.7,10,2,2022-03-17 09:00:48
1647507649796055000,37.7,2,37.6,2,37.7,14,1,2022-03-17 09:00:49
1647507650329515000,37.7,4,37.6,3,37.7,20,1,2022-03-17 09:00:50
1647507650853566000,37.65,1,37.55,23,37.7,20,2,2022-03-17 09:00:50
1647507650853566000,37.6,3,37.55,23,37.7,20,2,2022-03-17 09:00:50
1647507650853566000,37.55,7,37.55,23,37.7,20,2,2022-03-17 09:00:50
1647507652928084000,37.65,5,37.6,1,37.7,32,1,2022-03-17 09:00:52
1647507653633174000,37.6,2,37.6,4,37.7,32,2,2022-03-17 09:00:53
1647507653736974000,37.7,5,37.6,4,37.7,27,1,2022-03-17 09:00:53
1647507654919908000,37.6,1,37.6,6,37.7,30,2,2022-03-17 09:00:54
1647507655072620000,37.65,2,37.6,6,37.7,27,1,2022-03-17 09:00:55
1647507655072620000,37.7,3,37.6,6,37.7,27,1,2022-03-17 09:00:55
1647507655281935000,37.65,1,37.6,6,37.7,27,2,2022-03-17 09:00:55
1647507656201377000,37.65,1,37.6,6,37.65,12,1,2022-03-17 09:00:56
1647507656678731000,37.6,5,37.6,1,37.65,14,2,2022-03-17 09:00:56
1647507657346771000,37.6,2,37.55,52,37.65,14,2,2022-03-17 09:00:57
1647507657967091000,37.65,2,37.55,52,37.65,12,1,2022-03-17 09:00:57
1647507658526876000,37.65,2,37.55,53,37.65,12,1,2022-03-17 09:00:58
1647507658930516000,37.6,1,37.55,53,37.6,1,1,2022-03-17 09:00:58
1647507659490540000,37.6,3,37.6,2,37.65,12,1,2022-03-17 09:00:59
1647507660086116000,37.65,1,37.6,7,37.65,11,1,2022-03-17 09:01:00
1647507660208822000,37.6,3,37.6,5,37.65,11,2,2022-03-17 09:01:00
1647507660580332000,37.65,11,37.6,5,37.75,8,1,2022-03-17 09:01:00
1647507660580332000,37.7,34,37.6,5,37.75,8,1,2022-03-17 09:01:00
1647507660580332000,37.75,25,37.6,5,37.75,8,1,2022-03-17 09:01:00
1647507660853154000,37.6,3,37.6,2,37.75,8,2,2022-03-17 09:01:00
1647507660857784000,37.6,2,37.55,59,37.6,1,2,2022-03-17 09:01:00
1647507660876316000,37.6,1,37.6,1,37.75,8,1,2022-03-17 09:01:00
1647507660894814000,37.6,1,37.55,59,37.6,2,2,2022-03-17 09:01:00
1647507660933737000,37.6,2,37.55,59,37.75,10,1,2022-03-17 09:01:00
1647507661661751000,37.7,1,37.55,59,37.75,9,1,2022-03-17 09:01:01
1647507661661751000,37.75,1,37.55,59,37.75,9,1,2022-03-17 09:01:01
1647507661803612000,37.75,1,37.55,59,37.75,8,1,2022-03-17 09:01:01
1647507662273887000,37.65,1,37.6,1,37.75,8,1,2022-03-17 09:01:02
1647507662378046000,37.65,2,37.6,1,37.75,8,1,2022-03-17 09:01:02
1647507662625270000,37.6,1,37.6,1,37.75,8,2,2022-03-17 09:01:02
1647507663041875000,37.7,1,37.6,1,37.75,7,1,2022-03-17 09:01:03
1647507663041875000,37.75,1,37.6,1,37.75,7,1,2022-03-17 09:01:03
1647507663462809000,37.7,1,37.6,1,37.7,7,1,2022-03-17 09:01:03
1647507663752282000,37.7,5,37.6,1,37.7,2,1,2022-03-17 09:01:03
1647507665746592000,37.65,4,37.6,6,37.7,5,2,2022-03-17 09:01:05
1647507665746592000,37.6,6,37.6,6,37.7,5,2,2022-03-17 09:01:05
1647507665839319000,37.7,2,37.6,6,37.7,3,1,2022-03-17 09:01:05
1647507666323732000,37.7,1,37.6,16,37.7,2,1,2022-03-17 09:01:06
1647507666665997000,37.7,1,37.6,16,37.7,1,1,2022-03-17 09:01:06
1647507667683730000,37.7,1,37.6,16,37.7,1,1,2022-03-17 09:01:07
1647507667840575000,37.7,1,37.6,16,37.75,8,1,2022-03-17 09:01:07
1647507667947362000,37.75,1,37.65,2,37.75,7,1,2022-03-17 09:01:07
1647507668019783000,37.65,1,37.65,1,37.75,7,2,2022-03-17 09:01:08
1647507668699448000,37.7,1,37.7,1,37.75,7,1,2022-03-17 09:01:08
1647507668729894000,37.7,1,37.65,4,37.75,7,2,2022-03-17 09:01:08
1647507669308888000,37.7,1,37.65,4,37.75,5,2,2022-03-17 09:01:09
1647507669426121000,37.65,4,37.6,16,37.75,5,2,2022-03-17 09:01:09
1647507669880008000,37.7,5,37.65,1,37.8,31,1,2022-03-17 09:01:09
1647507669880008000,37.75,5,37.65,1,37.8,31,1,2022-03-17 09:01:09
1647507670108569000,37.8,1,37.65,1,37.8,30,1,2022-03-17 09:01:10
1647507670197253000,37.65,1,37.6,9,37.8,30,2,2022-03-17 09:01:10
1647507670197253000,37.6,8,37.6,9,37.8,30,2,2022-03-17 09:01:10
1647507670606863000,37.6,5,37.6,5,37.7,1,2,2022-03-17 09:01:10
1647507670708920000,37.6,1,37.6,4,37.65,1,2,2022-03-17 09:01:10
1647507670782089000,37.65,1,37.65,1,37.7,1,1,2022-03-17 09:01:10
1647507671310299000,37.65,1,37.6,34,37.65,1,2,2022-03-17 09:01:11
1647507671539632000,37.6,5,37.6,29,37.65,1,2,2022-03-17 09:01:11
1647507671674051000,37.65,1,37.6,29,37.75,3,1,2022-03-17 09:01:11
1647507671674051000,37.7,2,37.6,29,37.75,3,1,2022-03-17 09:01:11
1647507671674051000,37.75,7,37.6,29,37.75,3,1,2022-03-17 09:01:11
1647507672115972000,37.75,2,37.6,32,37.75,1,1,2022-03-17 09:01:12
1647507673890612000,37.7,1,37.6,33,37.7,4,1,2022-03-17 09:01:13
1647507674371642000,37.7,1,37.6,33,37.7,3,1,2022-03-17 09:01:14
1647507675889937000,37.6,5,37.6,36,37.7,3,2,2022-03-17 09:01:15
1647507676295091000,37.7,3,37.6,36,37.7,1,1,2022-03-17 09:01:16
1647507676328839000,37.7,1,37.7,1,37.75,15,1,2022-03-17 09:01:16
1647507676362637000,37.7,1,37.65,1,37.75,15,2,2022-03-17 09:01:16
1647507676642035000,37.65,1,37.6,42,37.75,15,2,2022-03-17 09:01:16
1647507676642035000,37.6,1,37.6,42,37.75,15,2,2022-03-17 09:01:16
1647507677826647000,37.7,3,37.65,1,37.8,23,1,2022-03-17 09:01:17
1647507677826647000,37.75,15,37.65,1,37.8,23,1,2022-03-17 09:01:17
1647507677826647000,37.8,7,37.65,1,37.8,23,1,2022-03-17 09:01:17
1647507677877848000,37.75,5,37.65,1,37.8,23,2,2022-03-17 09:01:17
1647507678764521000,37.7,3,37.7,2,37.8,24,2,2022-03-17 09:01:18
1647507679795008000,37.8,5,37.7,2,37.8,19,1,2022-03-17 09:01:19
1647507680005153000,37.8,11,37.75,1,37.8,8,1,2022-03-17 09:01:20
1647507680214145000,37.75,4,37.75,17,37.8,8,2,2022-03-17 09:01:20
1647507680312078000,37.75,2,37.75,15,37.8,8,2,2022-03-17 09:01:20
1647507680923872000,37.8,3,37.75,15,37.8,5,1,2022-03-17 09:01:20
1647507681069378000,37.8,5,37.75,15,37.85,4,1,2022-03-17 09:01:21
1647507681069378000,37.85,5,37.75,15,37.85,4,1,2022-03-17 09:01:21
1647507681355738000,37.85,4,37.75,15,37.9,10,1,2022-03-17 09:01:21
1647507681355738000,37.9,6,37.75,15,37.9,10,1,2022-03-17 09:01:21
1647507681372430000,37.9,1,37.75,15,37.9,9,1,2022-03-17 09:01:21
1647507681415467000,37.9,4,37.75,15,37.9,7,1,2022-03-17 09:01:21
1647507681656477000,37.9,1,37.75,15,37.9,6,1,2022-03-17 09:01:21
1647507682123943000,37.9,2,37.8,3,37.9,4,1,2022-03-17 09:01:22
1647507682142598000,37.8,3,37.75,15,37.9,4,2,2022-03-17 09:01:22
1647507682633418000,37.9,3,37.8,9,37.9,1,1,2022-03-17 09:01:22
1647507682854391000,37.95,2,37.9,5,37.95,54,1,2022-03-17 09:01:22
1647507682920228000,37.95,4,37.9,5,37.95,50,1,2022-03-17 09:01:22
1647507682986026000,37.95,20,37.9,5,37.95,30,1,2022-03-17 09:01:22
1647507683990789000,37.9,6,37.8,10,37.95,32,2,2022-03-17 09:01:23
1647507684624635000,37.95,3,37.8,10,37.95,29,1,2022-03-17 09:01:24
1647507685103327000,37.8,2,37.8,8,37.95,29,2,2022-03-17 09:01:25
1647507685817840000,37.95,5,37.9,1,37.95,24,1,2022-03-17 09:01:25
1647507685860528000,37.95,1,37.9,1,37.95,23,1,2022-03-17 09:01:25
1647507685863738000,37.9,1,37.8,7,37.95,23,2,2022-03-17 09:01:25
1647507685863738000,37.8,1,37.8,7,37.95,23,2,2022-03-17 09:01:25
1647507686863132000,37.95,1,37.8,7,37.95,27,1,2022-03-17 09:01:26
1647507686990201000,37.95,4,37.8,7,37.95,23,1,2022-03-17 09:01:26
1647507687018475000,37.95,5,37.8,7,37.95,18,1,2022-03-17 09:01:27
1647507687493525000,37.95,2,37.8,8,37.95,19,1,2022-03-17 09:01:27
1647507687959402000,37.95,1,37.8,9,37.95,18,1,2022-03-17 09:01:27
1647507688311731000,37.95,3,37.8,19,37.95,15,1,2022-03-17 09:01:28
1647507688401706000,37.95,3,37.8,19,37.95,12,1,2022-03-17 09:01:28
1647507688403596000,37.95,12,37.8,19,38.0,107,1,2022-03-17 09:01:28
1647507688403596000,38.0,8,37.8,19,38.0,107,1,2022-03-17 09:01:28
1647507688414517000,38.0,1,37.8,19,38.0,106,1,2022-03-17 09:01:28
1647507688792581000,37.8,3,37.8,17,37.95,1,2,2022-03-17 09:01:28
1647507689059927000,37.95,5,37.8,19,38.0,61,1,2022-03-17 09:01:29
1647507689059927000,38.0,45,37.8,19,38.0,61,1,2022-03-17 09:01:29
1647507690061709000,37.95,1,37.85,1,37.95,20,1,2022-03-17 09:01:30
1647507690634342000,37.95,1,37.9,1,37.95,23,1,2022-03-17 09:01:30
1647507691530898000,37.9,1,37.8,21,37.95,36,2,2022-03-17 09:01:31
1647507691530898000,37.85,1,37.8,21,37.95,36,2,2022-03-17 09:01:31
1647507691530898000,37.8,4,37.8,21,37.95,36,2,2022-03-17 09:01:31
1647507691561579000,37.9,1,37.8,21,37.95,35,2,2022-03-17 09:01:31
1647507691718790000,37.9,1,37.8,21,37.9,1,1,2022-03-17 09:01:31
1647507691735376000,37.9,1,37.8,21,37.95,35,1,2022-03-17 09:01:31
1647507691990214000,37.95,1,37.8,21,37.95,38,1,2022-03-17 09:01:31
1647507692286770000,37.95,1,37.85,1,37.95,37,1,2022-03-17 09:01:32
1647507692488684000,37.95,3,37.85,1,37.95,54,1,2022-03-17 09:01:32
1647507693530924000,37.9,1,37.85,3,37.9,11,1,2022-03-17 09:01:33
1647507693837337000,37.9,1,37.85,3,37.9,10,1,2022-03-17 09:01:33
1647507694005111000,37.9,1,37.85,3,37.9,9,1,2022-03-17 09:01:34
1647507694242013000,37.85,3,37.8,12,37.9,29,2,2022-03-17 09:01:34
1647507694582863000,37.9,1,37.8,12,37.9,36,1,2022-03-17 09:01:34
1647507694693276000,37.9,1,37.8,14,37.9,35,1,2022-03-17 09:01:34
1647507694706538000,37.8,5,37.8,9,37.9,35,2,2022-03-17 09:01:34
1647507695101394000,37.9,1,37.8,9,37.9,41,1,2022-03-17 09:01:35
1647507695388375000,37.85,10,37.8,9,37.85,4,1,2022-03-17 09:01:35
1647507695454048000,37.85,1,37.8,9,37.85,3,1,2022-03-17 09:01:35
1647507695469847000,37.8,5,37.8,4,37.85,3,2,2022-03-17 09:01:35
1647507695501490000,37.8,1,37.8,3,37.85,3,2,2022-03-17 09:01:35
1647507695961819000,37.8,3,37.75,19,37.8,5,2,2022-03-17 09:01:35
1647507696342158000,37.8,5,37.75,19,37.85,4,1,2022-03-17 09:01:36
1647507696391165000,37.8,1,37.75,19,37.85,4,1,2022-03-17 09:01:36
1647507696626161000,37.85,4,37.75,19,37.85,10,1,2022-03-17 09:01:36
1647507696701136000,37.75,19,37.7,3,37.85,10,2,2022-03-17 09:01:36
1647507696701136000,37.7,11,37.7,3,37.85,10,2,2022-03-17 09:01:36
1647507696765144000,37.7,1,37.7,2,37.85,12,2,2022-03-17 09:01:36
1647507697165046000,37.7,2,37.65,6,37.85,12,2,2022-03-17 09:01:37
1647507697165046000,37.65,2,37.65,6,37.85,12,2,2022-03-17 09:01:37
1647507697259607000,37.85,4,37.65,6,37.85,8,1,2022-03-17 09:01:37
1647507697523020000,37.8,3,37.8,8,37.85,8,2,2022-03-17 09:01:37
1647507697523242000,37.8,8,37.65,6,37.85,8,2,2022-03-17 09:01:37
1647507697922332000,37.8,1,37.65,6,37.8,16,1,2022-03-17 09:01:37
1647507698315697000,37.8,1,37.65,6,37.8,15,1,2022-03-17 09:01:38
1647507698669550000,37.8,3,37.65,6,37.8,12,1,2022-03-17 09:01:38
1647507699751470000,37.8,2,37.65,6,37.8,13,1,2022-03-17 09:01:39
1647507699850470000,37.75,1,37.65,6,37.8,10,1,2022-03-17 09:01:39
1647507699850470000,37.8,4,37.65,6,37.8,10,1,2022-03-17 09:01:39
1647507700029691000,37.75,1,37.7,1,37.8,6,1,2022-03-17 09:01:40
1647507700029691000,37.8,4,37.7,1,37.8,6,1,2022-03-17 09:01:40
1647507700089151000,37.75,3,37.7,8,37.75,1,1,2022-03-17 09:01:40
1647507700456269000,37.75,1,37.7,18,37.8,6,1,2022-03-17 09:01:40
1647507701012851000,37.8,2,37.7,18,37.8,6,1,2022-03-17 09:01:41
1647507701122660000,37.7,10,37.7,8,37.8,6,2,2022-03-17 09:01:41
1647507701155341000,37.7,8,37.65,6,37.8,6,2,2022-03-17 09:01:41
1647507702480794000,37.75,1,37.7,14,37.75,3,1,2022-03-17 09:01:42
1647507702487046000,37.75,1,37.7,14,37.75,2,1,2022-03-17 09:01:42
1647507702492984000,37.75,2,37.7,14,37.85,9,1,2022-03-17 09:01:42
1647507702492984000,37.8,8,37.7,14,37.85,9,1,2022-03-17 09:01:42
1647507702572987000,37.85,9,37.7,14,37.9,23,1,2022-03-17 09:01:42
1647507702572987000,37.9,1,37.7,14,37.9,23,1,2022-03-17 09:01:42
1647507702957918000,37.75,2,37.7,14,37.9,26,1,2022-03-17 09:01:42
1647507703033327000,37.75,2,37.7,6,37.9,26,2,2022-03-17 09:01:43
1647507703033327000,37.7,8,37.7,6,37.9,26,2,2022-03-17 09:01:43
1647507703182597000,37.8,10,37.7,6,37.85,2,2,2022-03-17 09:01:43
1647507705072718000,37.8,1,37.8,2,37.85,2,1,2022-03-17 09:01:45
1647507705104329000,37.8,2,37.7,11,37.85,2,2,2022-03-17 09:01:45
1647507706220177000,37.8,3,37.75,2,37.8,23,1,2022-03-17 09:01:46
1647507706323005000,37.75,2,37.7,24,37.8,23,2,2022-03-17 09:01:46
1647507707219650000,37.7,22,37.7,2,37.75,10,2,2022-03-17 09:01:47
1647507707253029000,37.7,2,37.65,21,37.75,10,2,2022-03-17 09:01:47
1647507707365319000,37.65,10,37.65,11,37.7,2,2,2022-03-17 09:01:47
1647507707472350000,37.65,11,37.6,59,37.7,2,2,2022-03-17 09:01:47
1647507707793308000,37.65,1,37.6,59,37.75,11,1,2022-03-17 09:01:47
1647507707793308000,37.7,2,37.6,59,37.75,11,1,2022-03-17 09:01:47
1647507707793308000,37.75,2,37.6,59,37.75,11,1,2022-03-17 09:01:47
1647507707922045000,37.7,1,37.6,59,37.75,7,1,2022-03-17 09:01:47
1647507707922045000,37.75,4,37.6,59,37.75,7,1,2022-03-17 09:01:47
1647507707947538000,37.7,2,37.6,59,37.7,3,1,2022-03-17 09:01:47
1647507707969406000,37.6,2,37.6,57,37.7,3,2,2022-03-17 09:01:47
1647507709985150000,37.65,1,37.6,51,37.65,1,1,2022-03-17 09:01:49
1647507710144492000,37.6,10,37.6,41,37.65,1,2,2022-03-17 09:01:50
1647507710182376000,37.6,1,37.6,40,37.65,2,2,2022-03-17 09:01:50
1647507710231859000,37.65,1,37.6,40,37.65,1,1,2022-03-17 09:01:50
1647507710659747000,37.6,30,37.6,10,37.7,9,2,2022-03-17 09:01:50
1647507710686290000,37.6,10,37.55,62,37.7,10,2,2022-03-17 09:01:50
1647507711330755000,37.65,4,37.55,59,37.65,11,1,2022-03-17 09:01:51
1647507711678344000,37.6,1,37.55,59,37.6,1,1,2022-03-17 09:01:51
1647507711700527000,37.6,1,37.55,59,37.65,12,1,2022-03-17 09:01:51
1647507712098887000,37.65,1,37.55,59,37.65,11,1,2022-03-17 09:01:52
1647507712691018000,37.65,11,37.55,59,37.75,6,1,2022-03-17 09:01:52
1647507712691018000,37.7,6,37.55,59,37.75,6,1,2022-03-17 09:01:52
1647507712691018000,37.75,3,37.55,59,37.75,6,1,2022-03-17 09:01:52
1647507713944358000,37.7,1,37.6,12,37.7,10,1,2022-03-17 09:01:53
1647507714164274000,37.6,12,37.55,21,37.7,10,2,2022-03-17 09:01:54
1647507714164274000,37.55,38,37.55,21,37.7,10,2,2022-03-17 09:01:54
1647507714604908000,37.55,2,37.55,19,37.6,2,2,2022-03-17 09:01:54
1647507714721322000,37.6,1,37.55,18,37.6,1,1,2022-03-17 09:01:54
1647507714933294000,37.6,1,37.55,18,37.65,3,1,2022-03-17 09:01:54
1647507715037665000,37.6,2,37.55,18,37.65,3,2,2022-03-17 09:01:55
1647507715717468000,37.55,4,37.55,9,37.6,1,2,2022-03-17 09:01:55
1647507715748568000,37.55,7,37.55,2,37.6,1,2,2022-03-17 09:01:55
1647507715779968000,37.55,2,37.5,77,37.6,1,2,2022-03-17 09:01:55
1647507715803092000,37.5,5,37.5,72,37.6,1,2,2022-03-17 09:01:55
1647507715863839000,37.5,8,37.5,64,37.55,2,2,2022-03-17 09:01:55
1647507715902477000,37.5,3,37.5,61,37.55,2,2,2022-03-17 09:01:55
1647507715938265000,37.5,1,37.5,60,37.55,2,2,2022-03-17 09:01:55
1647507716079178000,37.5,6,37.5,54,37.55,2,2,2022-03-17 09:01:56
1647507716116581000,37.5,13,37.5,41,37.55,2,2,2022-03-17 09:01:56
1647507716157375000,37.5,1,37.5,40,37.55,2,2,2022-03-17 09:01:56
1647507716198065000,37.5,1,37.5,39,37.55,2,2,2022-03-17 09:01:56
1647507716240210000,37.5,12,37.5,27,37.55,2,2,2022-03-17 09:01:56
1647507716276203000,37.5,6,37.5,21,37.55,2,2,2022-03-17 09:01:56
1647507716281025000,37.5,1,37.5,20,37.55,2,2,2022-03-17 09:01:56
1647507716281147000,37.5,1,37.5,19,37.55,2,2,2022-03-17 09:01:56
1647507716309393000,37.5,19,37.45,8,37.55,2,2,2022-03-17 09:01:56
1647507716571859000,37.55,1,37.45,8,37.55,1,1,2022-03-17 09:01:56
1647507717445073000,37.45,8,37.4,11,37.55,1,2,2022-03-17 09:01:57
1647507717512289000,37.4,8,37.4,3,37.5,14,2,2022-03-17 09:01:57
1647507717551427000,37.4,3,37.35,9,37.5,14,2,2022-03-17 09:01:57
1647507718240569000,37.4,1,37.35,9,37.45,1,2,2022-03-17 09:01:58
1647507718376466000,37.35,9,37.3,11,37.45,1,2,2022-03-17 09:01:58
1647507718716829000,37.3,2,37.3,9,37.4,11,2,2022-03-17 09:01:58
1647507719514564000,37.3,1,37.3,8,37.4,11,2,2022-03-17 09:01:59
1647507719523136000,37.4,1,37.3,8,37.4,10,1,2022-03-17 09:01:59
1647507719982331000,37.4,5,37.3,8,37.4,5,1,2022-03-17 09:01:59
1647507720905682000,37.35,1,37.3,8,37.35,2,1,2022-03-17 09:02:00
1647507720997410000,37.35,2,37.4,2,37.45,3,1,2022-03-17 09:02:00
1647507720997410000,37.4,6,37.4,2,37.45,3,1,2022-03-17 09:02:00
1647507721296595000,37.4,2,37.3,9,37.35,3,2,2022-03-17 09:02:01
1647507721313389000,37.3,5,37.3,4,37.35,3,2,2022-03-17 09:02:01
1647507721332974000,37.35,3,37.3,4,37.45,3,1,2022-03-17 09:02:01
1647507721349964000,37.3,1,37.3,3,37.45,3,2,2022-03-17 09:02:01
1647507721612010000,37.3,3,37.25,19,37.4,2,2,2022-03-17 09:02:01
1647507721612010000,37.25,9,37.25,19,37.4,2,2,2022-03-17 09:02:01
1647507721620549000,37.25,1,37.25,18,37.4,2,2,2022-03-17 09:02:01
1647507721762114000,37.35,1,37.25,22,37.4,2,1,2022-03-17 09:02:01
1647507722333884000,37.35,3,37.35,7,37.4,2,2,2022-03-17 09:02:02
1647507722572386000,37.35,1,37.35,6,37.4,2,2,2022-03-17 09:02:02
1647507722756827000,37.4,1,37.35,6,37.4,1,1,2022-03-17 09:02:02
1647507723098650000,37.35,3,37.35,3,37.4,1,2,2022-03-17 09:02:03
1647507723733403000,37.35,3,37.25,6,37.4,6,2,2022-03-17 09:02:03
1647507723993300000,37.3,1,37.25,6,37.4,6,2,2022-03-17 09:02:03
1647507724388148000,37.35,1,37.25,6,37.4,7,2,2022-03-17 09:02:04
1647507724577990000,37.25,1,37.25,5,37.4,7,2,2022-03-17 09:02:04
1647507724655351000,37.25,1,37.25,4,37.4,7,2,2022-03-17 09:02:04
1647507726294291000,37.3,1,37.25,16,37.35,1,2,2022-03-17 09:02:06
1647507727140435000,37.35,1,37.25,16,37.45,6,1,2022-03-17 09:02:07
1647507727140435000,37.4,9,37.25,16,37.45,6,1,2022-03-17 09:02:07
1647507728022931000,37.3,3,37.3,10,37.45,5,2,2022-03-17 09:02:08
1647507729772054000,37.4,10,37.3,21,37.4,3,1,2022-03-17 09:02:09
1647507729805533000,37.4,3,37.3,21,37.45,9,1,2022-03-17 09:02:09
1647507729837471000,37.35,1,37.3,21,37.45,9,1,2022-03-17 09:02:09
1647507730480716000,37.35,3,37.3,20,37.4,2,2,2022-03-17 09:02:10
1647507730480716000,37.3,2,37.3,20,37.4,2,2,2022-03-17 09:02:10
1647507730564866000,37.35,1,37.3,20,37.4,2,1,2022-03-17 09:02:10
1647507730782241000,37.4,2,37.4,3,37.45,9,1,2022-03-17 09:02:10
1647507731469349000,37.45,10,37.4,3,37.5,29,1,2022-03-17 09:02:11
1647507731683772000,37.4,3,37.35,1,37.5,29,2,2022-03-17 09:02:11
1647507731683772000,37.35,2,37.35,1,37.5,29,2,2022-03-17 09:02:11
1647507732192685000,37.4,2,37.4,3,37.5,29,2,2022-03-17 09:02:12
1647507732884536000,37.5,16,37.4,3,37.5,8,1,2022-03-17 09:02:12
1647507733244022000,37.4,2,37.4,1,37.5,8,2,2022-03-17 09:02:13
1647507733645272000,37.4,1,37.35,4,37.5,8,2,2022-03-17 09:02:13
1647507733877747000,37.35,2,37.35,2,37.5,8,2,2022-03-17 09:02:13
1647507734984217000,37.45,1,37.4,1,37.5,4,1,2022-03-17 09:02:14
1647507734984217000,37.5,4,37.4,1,37.5,4,1,2022-03-17 09:02:14
1647507736698574000,37.4,1,37.35,9,37.5,5,2,2022-03-17 09:02:16
1647507737656245000,37.4,1,37.4,2,37.5,5,2,2022-03-17 09:02:17
1647507737815559000,37.4,5,37.35,17,37.45,1,2,2022-03-17 09:02:17
1647507737929159000,37.45,2,37.35,17,37.45,2,1,2022-03-17 09:02:17
1647507739596536000,37.45,8,37.4,3,37.5,3,1,2022-03-17 09:02:19
1647507739596536000,37.5,2,37.4,3,37.5,3,1,2022-03-17 09:02:19
1647507739685735000,37.5,3,37.4,3,37.6,6,1,2022-03-17 09:02:19
1647507739685735000,37.55,6,37.4,3,37.6,6,1,2022-03-17 09:02:19
1647507739685735000,37.6,1,37.4,3,37.6,6,1,2022-03-17 09:02:19
1647507740575954000,37.6,2,37.4,4,37.6,6,1,2022-03-17 09:02:20
1647507740880968000,37.45,1,37.4,4,37.6,7,1,2022-03-17 09:02:20
1647507741188210000,37.4,1,37.4,3,37.55,2,2,2022-03-17 09:02:21
1647507741546847000,37.45,2,37.4,4,37.55,2,1,2022-03-17 09:02:21
1647507742391689000,37.4,11,37.35,10,37.4,9,2,2022-03-17 09:02:22
1647507742422736000,37.4,9,37.35,10,37.55,2,1,2022-03-17 09:02:22
1647507745770754000,37.4,1,37.4,3,37.5,3,2,2022-03-17 09:02:25
1647507746397119000,37.45,2,37.4,5,37.55,5,1,2022-03-17 09:02:26
1647507746397119000,37.5,3,37.4,5,37.55,5,1,2022-03-17 09:02:26
1647507746984587000,37.4,5,37.4,3,37.5,3,2,2022-03-17 09:02:26
1647507747007313000,37.4,3,37.35,12,37.5,3,2,2022-03-17 09:02:27
1647507747661408000,37.4,8,37.4,1,37.5,3,2,2022-03-17 09:02:27
1647507748557542000,37.4,3,37.4,4,37.5,3,2,2022-03-17 09:02:28
1647507748962558000,37.4,4,37.35,13,37.4,6,2,2022-03-17 09:02:28
1647507749170791000,37.4,1,37.35,13,37.4,5,1,2022-03-17 09:02:29
1647507749371569000,37.4,1,37.35,13,37.4,4,1,2022-03-17 09:02:29
1647507749404204000,37.4,3,37.35,13,37.4,1,1,2022-03-17 09:02:29
1647507749542299000,37.4,1,37.35,13,37.5,8,1,2022-03-17 09:02:29
1647507750176021000,37.4,1,37.35,13,37.45,1,2,2022-03-17 09:02:30
1647507750425455000,37.4,3,37.35,13,37.45,2,2,2022-03-17 09:02:30
1647507751062222000,37.45,3,37.4,2,37.5,2,1,2022-03-17 09:02:31
1647507751062222000,37.5,7,37.4,2,37.5,2,1,2022-03-17 09:02:31
1647507752379542000,37.4,7,37.4,13,37.5,2,2,2022-03-17 09:02:32
1647507752660733000,37.4,1,37.4,13,37.45,2,2,2022-03-17 09:02:32
1647507753845219000,37.4,1,37.4,16,37.45,7,2,2022-03-17 09:02:33
1647507754149156000,37.4,1,37.4,15,37.45,10,2,2022-03-17 09:02:34
1647507754151921000,37.4,10,37.4,5,37.45,10,2,2022-03-17 09:02:34
1647507754168621000,37.4,5,37.35,12,37.45,10,2,2022-03-17 09:02:34
1647507754661679000,37.4,4,37.4,1,37.45,11,2,2022-03-17 09:02:34
1647507754677415000,37.4,1,37.35,12,37.45,11,2,2022-03-17 09:02:34
1647507755496684000,37.4,2,37.4,8,37.45,11,1,2022-03-17 09:02:35
1647507755527543000,37.4,8,37.35,12,37.45,11,2,2022-03-17 09:02:35
1647507755846376000,37.35,3,37.35,9,37.4,1,2,2022-03-17 09:02:35
1647507755957430000,37.4,2,37.35,9,37.45,10,1,2022-03-17 09:02:35
1647507755957430000,37.45,1,37.35,9,37.45,10,1,2022-03-17 09:02:35
1647507756197548000,37.35,2,37.35,7,37.4,1,2,2022-03-17 09:02:36
1647507756942482000,37.4,1,37.35,7,37.45,10,1,2022-03-17 09:02:36
1647507757475191000,37.35,7,37.3,31,37.4,12,2,2022-03-17 09:02:37
1647507757805790000,37.35,1,37.3,31,37.4,13,1,2022-03-17 09:02:37
1647507759004792000,37.4,1,37.3,31,37.4,12,1,2022-03-17 09:02:39
1647507759521943000,37.35,2,37.35,8,37.4,12,2,2022-03-17 09:02:39
1647507759769647000,37.35,1,37.35,7,37.4,12,2,2022-03-17 09:02:39
1647507760126682000,37.35,1,37.35,6,37.4,12,2,2022-03-17 09:02:40
1647507760360100000,37.4,1,37.35,6,37.4,11,1,2022-03-17 09:02:40
1647507760502807000,37.35,3,37.35,3,37.4,11,2,2022-03-17 09:02:40
1647507760542742000,37.35,1,37.35,2,37.4,11,2,2022-03-17 09:02:40
1647507761515595000,37.35,1,37.35,2,37.4,11,2,2022-03-17 09:02:41
1647507761748009000,37.35,2,37.3,24,37.4,11,2,2022-03-17 09:02:41
1647507761748009000,37.3,8,37.3,24,37.4,11,2,2022-03-17 09:02:41
1647507762550110000,37.3,1,37.3,23,37.4,11,2,2022-03-17 09:02:42
1647507763630965000,37.3,1,37.3,25,37.35,5,2,2022-03-17 09:02:43
1647507764087472000,37.35,2,37.3,25,37.35,3,1,2022-03-17 09:02:44
1647507764215006000,37.35,2,37.3,23,37.35,2,1,2022-03-17 09:02:44
1647507764247842000,37.3,1,37.3,22,37.35,2,2,2022-03-17 09:02:44
1647507764568825000,37.3,1,37.3,21,37.35,2,2,2022-03-17 09:02:44
1647507764884289000,37.3,14,37.3,7,37.35,2,2,2022-03-17 09:02:44
1647507764947721000,37.3,7,37.25,26,37.35,3,2,2022-03-17 09:02:44
1647507765436268000,37.3,1,37.25,26,37.3,60,1,2022-03-17 09:02:45
1647507765777775000,37.3,1,37.25,26,37.3,65,1,2022-03-17 09:02:45
1647507765787026000,37.25,1,37.25,25,37.3,65,2,2022-03-17 09:02:45
1647507765813249000,37.25,1,37.25,24,37.3,65,2,2022-03-17 09:02:45
1647507765852438000,37.25,2,37.25,22,37.3,65,2,2022-03-17 09:02:45
1647507766682996000,37.3,1,37.25,22,37.3,64,1,2022-03-17 09:02:46
1647507766727587000,37.25,1,37.25,21,37.3,64,2,2022-03-17 09:02:46
1647507766762124000,37.25,7,37.25,14,37.3,64,2,2022-03-17 09:02:46
1647507766792272000,37.25,10,37.25,4,37.3,64,2,2022-03-17 09:02:46
1647507766793162000,37.25,4,37.2,5,37.3,64,2,2022-03-17 09:02:46
1647507766793162000,37.2,6,37.2,5,37.3,64,2,2022-03-17 09:02:46
1647507766794059000,37.2,4,37.2,1,37.3,64,2,2022-03-17 09:02:46
1647507767502222000,37.2,1,37.15,3,37.25,3,2,2022-03-17 09:02:47
1647507767617180000,37.25,3,37.15,3,37.3,55,1,2022-03-17 09:02:47
1647507767617180000,37.3,4,37.15,3,37.3,55,1,2022-03-17 09:02:47
1647507768236877000,37.2,1,37.15,2,37.3,55,2,2022-03-17 09:02:48
1647507768236877000,37.15,1,37.15,2,37.3,55,2,2022-03-17 09:02:48
1647507768405987000,37.25,1,37.15,2,37.25,2,1,2022-03-17 09:02:48
1647507768655134000,37.15,1,37.15,2,37.25,3,2,2022-03-17 09:02:48
1647507769373979000,37.25,1,37.15,2,37.25,2,1,2022-03-17 09:02:49
1647507769624118000,37.25,1,37.15,2,37.25,1,1,2022-03-17 09:02:49
1647507770168873000,37.15,1,37.15,1,37.25,3,2,2022-03-17 09:02:50
1647507771081590000,37.15,1,37.1,13,37.25,6,1,2022-03-17 09:02:51
1647507771412971000,37.15,1,37.15,1,37.2,1,2,2022-03-17 09:02:51
1647507771616887000,37.15,1,37.1,13,37.2,1,2,2022-03-17 09:02:51
1647507773002037000,37.15,2,37.1,13,37.15,3,2,2022-03-17 09:02:53
1647507773026648000,37.15,3,37.1,13,37.2,1,1,2022-03-17 09:02:53
1647507773303128000,37.1,1,37.1,13,37.2,1,2,2022-03-17 09:02:53
1647507773540604000,37.1,10,37.1,3,37.2,1,2,2022-03-17 09:02:53
1647507773896891000,37.15,1,37.1,3,37.15,1,1,2022-03-17 09:02:53
1647507773919934000,37.15,1,37.15,3,37.2,1,1,2022-03-17 09:02:53
1647507773954818000,37.15,3,37.1,3,37.2,1,2,2022-03-17 09:02:53
1647507774414585000,37.1,1,37.1,2,37.2,5,2,2022-03-17 09:02:54
1647507775002990000,37.2,1,37.1,2,37.2,4,1,2022-03-17 09:02:55
1647507775286912000,37.2,1,37.1,2,37.2,3,1,2022-03-17 09:02:55
1647507775413579000,37.1,1,37.1,1,37.2,3,2,2022-03-17 09:02:55
1647507775600640000,37.2,5,37.1,1,37.2,9,1,2022-03-17 09:02:55
1647507775688615000,37.1,1,37.05,5,37.2,9,2,2022-03-17 09:02:55
1647507775719310000,37.1,3,37.05,5,37.2,9,1,2022-03-17 09:02:55
1647507776228813000,37.1,1,37.1,1,37.15,1,2,2022-03-17 09:02:56
1647507776249508000,37.1,1,37.05,5,37.15,1,2,2022-03-17 09:02:56
1647507776901308000,37.1,10,37.05,5,37.15,2,1,2022-03-17 09:02:56
1647507776982268000,37.05,1,37.05,4,37.15,2,2,2022-03-17 09:02:56
1647507777057899000,37.15,1,37.05,4,37.15,1,1,2022-03-17 09:02:57
1647507777231644000,37.15,1,37.1,1,37.2,9,1,2022-03-17 09:02:57
1647507778631535000,37.1,1,37.05,94,37.25,1,2,2022-03-17 09:02:58
1647507779231805000,37.1,1,37.05,98,37.25,1,2,2022-03-17 09:02:59
1647507779459244000,37.25,6,37.05,98,37.25,3,1,2022-03-17 09:02:59
1647507780564572000,37.2,1,37.1,6,37.3,66,1,2022-03-17 09:03:00
1647507780564572000,37.25,4,37.1,6,37.3,66,1,2022-03-17 09:03:00
1647507780837292000,37.2,1,37.1,10,37.3,66,1,2022-03-17 09:03:00
1647507780875899000,37.1,6,37.1,4,37.3,66,2,2022-03-17 09:03:00
1647507781411301000,37.1,5,37.05,89,37.2,8,2,2022-03-17 09:03:01
1647507781411301000,37.05,9,37.05,89,37.2,8,2,2022-03-17 09:03:01
1647507781577952000,37.15,2,37.1,1,37.2,8,1,2022-03-17 09:03:01
1647507784739991000,37.15,5,37.1,27,37.2,21,2,2022-03-17 09:03:04
1647507784946324000,37.1,3,37.1,24,37.2,21,2,2022-03-17 09:03:04
1647507785895518000,37.1,2,37.1,22,37.15,1,2,2022-03-17 09:03:05
1647507786134955000,37.15,3,37.1,22,37.15,7,1,2022-03-17 09:03:06
1647507786265848000,37.15,1,37.1,22,37.15,6,1,2022-03-17 09:03:06
1647507786817396000,37.15,1,37.1,22,37.15,5,1,2022-03-17 09:03:06
1647507787501827000,37.15,1,37.1,24,37.15,4,1,2022-03-17 09:03:07
1647507787521083000,37.15,4,37.1,24,37.2,21,1,2022-03-17 09:03:07
1647507787559131000,37.1,1,37.1,23,37.2,21,2,2022-03-17 09:03:07
1647507791129958000,37.15,2,37.1,29,37.15,3,1,2022-03-17 09:03:11
1647507791155243000,37.15,3,37.1,29,37.2,21,1,2022-03-17 09:03:11
1647507791392468000,37.1,1,37.1,28,37.15,1,2,2022-03-17 09:03:11
1647507791659300000,37.1,1,37.1,33,37.15,1,2,2022-03-17 09:03:11
1647507791795403000,37.15,1,37.1,33,37.2,21,1,2022-03-17 09:03:11
1647507792950134000,37.15,1,37.1,33,37.2,21,2,2022-03-17 09:03:12
1647507792984328000,37.1,1,37.1,32,37.2,21,2,2022-03-17 09:03:12
1647507794722007000,37.15,1,37.1,34,37.2,21,1,2022-03-17 09:03:14
1647507796071766000,37.15,2,37.1,19,37.2,21,2,2022-03-17 09:03:16
1647507796071766000,37.1,11,37.1,19,37.2,21,2,2022-03-17 09:03:16
1647507796553218000,37.15,1,37.1,19,37.15,1,1,2022-03-17 09:03:16
1647507797721960000,37.15,2,37.15,8,37.2,21,1,2022-03-17 09:03:17
1647507798854935000,37.15,4,37.15,8,37.2,21,2,2022-03-17 09:03:18
1647507799565661000,37.15,1,37.15,10,37.2,23,2,2022-03-17 09:03:19
1647507799614201000,37.15,2,37.15,8,37.2,23,2,2022-03-17 09:03:19
1647507799694735000,37.2,5,37.15,8,37.2,18,1,2022-03-17 09:03:19
1647507800372620000,37.2,5,37.15,8,37.2,14,1,2022-03-17 09:03:20
1647507800428418000,37.15,1,37.15,7,37.2,14,2,2022-03-17 09:03:20
1647507800945584000,37.2,2,37.15,23,37.2,12,1,2022-03-17 09:03:20
1647507800981961000,37.2,12,37.15,23,37.25,11,1,2022-03-17 09:03:20
1647507802607829000,37.2,2,37.15,23,37.25,11,2,2022-03-17 09:03:22
1647507802608500000,37.25,2,37.15,23,37.25,9,1,2022-03-17 09:03:22
1647507803331926000,37.2,1,37.15,25,37.25,9,1,2022-03-17 09:03:23
1647507803965998000,37.25,9,37.2,1,37.3,67,1,2022-03-17 09:03:23
1647507803965998000,37.3,1,37.2,1,37.3,67,1,2022-03-17 09:03:23
1647507806416182000,37.25,5,37.15,23,37.3,67,2,2022-03-17 09:03:26
1647507806416182000,37.2,22,37.15,23,37.3,67,2,2022-03-17 09:03:26
1647507809134515000,37.25,4,37.2,6,37.25,22,2,2022-03-17 09:03:29
1647507810515120000,37.25,1,37.2,7,37.25,21,1,2022-03-17 09:03:30
1647507810554773000,37.2,7,37.15,15,37.25,21,2,2022-03-17 09:03:30
1647507810554773000,37.15,8,37.15,15,37.25,21,2,2022-03-17 09:03:30
1647507811124398000,37.2,2,37.2,18,37.25,21,1,2022-03-17 09:03:31
1647507812493905000,37.25,5,37.2,19,37.25,16,1,2022-03-17 09:03:32
1647507813789574000,37.2,2,37.2,23,37.25,17,2,2022-03-17 09:03:33
1647507814483487000,37.25,8,37.2,34,37.25,9,1,2022-03-17 09:03:34
1647507814493625000,37.2,1,37.2,33,37.25,9,2,2022-03-17 09:03:34
1647507815320983000,37.2,2,37.2,31,37.25,10,2,2022-03-17 09:03:35
1647507816092981000,37.25,1,37.2,31,37.25,10,1,2022-03-17 09:03:36
1647507817691430000,37.25,1,37.2,32,37.25,10,1,2022-03-17 09:03:37
1647507817970738000,37.2,20,37.2,13,37.25,10,2,2022-03-17 09:03:37
1647507818472598000,37.25,5,37.2,13,37.25,6,1,2022-03-17 09:03:38
1647507818828275000,37.25,1,37.2,15,37.25,6,1,2022-03-17 09:03:38
1647507820381882000,37.2,1,37.2,35,37.25,7,2,2022-03-17 09:03:40
1647507821385153000,37.25,1,37.2,39,37.25,8,1,2022-03-17 09:03:41
1647507821455947000,37.2,7,37.2,32,37.25,8,2,2022-03-17 09:03:41
1647507821764932000,37.25,5,37.2,32,37.25,3,1,2022-03-17 09:03:41
1647507821799302000,37.2,32,37.15,33,37.25,3,2,2022-03-17 09:03:41
1647507822031956000,37.2,2,37.25,3,37.3,16,1,2022-03-17 09:03:42
1647507822031956000,37.25,5,37.25,3,37.3,16,1,2022-03-17 09:03:42
1647507822065702000,37.25,3,37.15,33,37.3,16,2,2022-03-17 09:03:42
1647507822795297000,37.25,1,37.2,1,37.3,16,1,2022-03-17 09:03:42
1647507822975356000,37.25,3,37.25,3,37.3,16,2,2022-03-17 09:03:42
1647507823983993000,37.3,1,37.25,3,37.3,16,1,2022-03-17 09:03:43
1647507824842443000,37.25,3,37.2,4,37.25,23,2,2022-03-17 09:03:44
1647507824874773000,37.25,2,37.2,4,37.25,21,1,2022-03-17 09:03:44
1647507826104086000,37.25,21,37.25,79,37.3,15,1,2022-03-17 09:03:46
1647507826483420000,37.25,1,37.25,78,37.3,15,2,2022-03-17 09:03:46
1647507828769037000,37.3,5,37.25,81,37.3,10,1,2022-03-17 09:03:48
1647507830348847000,37.3,2,37.25,84,37.3,10,1,2022-03-17 09:03:50
1647507832196465000,37.3,2,37.25,84,37.3,9,1,2022-03-17 09:03:52
1647507832235930000,37.3,1,37.25,84,37.3,8,1,2022-03-17 09:03:52
1647507832317873000,37.3,1,37.25,84,37.3,7,1,2022-03-17 09:03:52
1647507832403498000,37.3,1,37.25,84,37.3,6,1,2022-03-17 09:03:52
1647507832930255000,37.25,30,37.25,54,37.3,6,2,2022-03-17 09:03:52
1647507832958241000,37.25,18,37.25,36,37.3,7,2,2022-03-17 09:03:52
1647507833812948000,37.25,1,37.25,35,37.3,8,2,2022-03-17 09:03:53
1647507833915639000,37.3,2,37.25,35,37.3,6,1,2022-03-17 09:03:53
1647507834099776000,37.25,1,37.25,34,37.3,6,2,2022-03-17 09:03:54
1647507834635091000,37.3,1,37.25,35,37.3,6,1,2022-03-17 09:03:54
1647507835541218000,37.3,1,37.25,35,37.3,35,1,2022-03-17 09:03:55
1647507835803959000,37.25,3,37.25,32,37.3,35,2,2022-03-17 09:03:55
1647507835959836000,37.25,2,37.25,27,37.3,35,2,2022-03-17 09:03:55
1647507836276551000,37.3,1,37.25,27,37.3,37,1,2022-03-17 09:03:56
1647507837503141000,37.25,4,37.25,23,37.3,40,2,2022-03-17 09:03:57
1647507837508342000,37.25,23,37.2,12,37.3,40,2,2022-03-17 09:03:57
1647507837727392000,37.2,1,37.2,11,37.3,40,2,2022-03-17 09:03:57
1647507838142470000,37.3,1,37.2,11,37.3,44,1,2022-03-17 09:03:58
1647507839880220000,37.2,1,37.2,10,37.25,49,2,2022-03-17 09:03:59
1647507839935797000,37.2,3,37.2,7,37.25,49,2,2022-03-17 09:03:59
1647507839954289000,37.2,3,37.2,4,37.25,49,2,2022-03-17 09:03:59
1647507839954323000,37.2,3,37.2,1,37.25,49,2,2022-03-17 09:03:59
1647507839955115000,37.2,1,37.15,34,37.25,49,2,2022-03-17 09:03:59
1647507840683707000,37.2,1,37.15,34,37.2,2,1,2022-03-17 09:04:00
1647507841125047000,37.15,8,37.15,26,37.2,6,2,2022-03-17 09:04:01
1647507841319326000,37.15,8,37.15,18,37.2,7,2,2022-03-17 09:04:01
1647507841345978000,37.15,18,37.1,45,37.2,7,2,2022-03-17 09:04:01
1647507841465374000,37.1,2,37.1,43,37.15,1,2,2022-03-17 09:04:01
1647507841502049000,37.1,1,37.1,42,37.15,1,2,2022-03-17 09:04:01
1647507843049998000,37.15,2,37.1,36,37.15,8,1,2022-03-17 09:04:03
1647507843225428000,37.1,5,37.1,31,37.15,8,2,2022-03-17 09:04:03
1647507843354344000,37.15,8,37.1,31,37.2,8,1,2022-03-17 09:04:03
1647507843354344000,37.2,2,37.1,31,37.2,8,1,2022-03-17 09:04:03
1647507843580870000,37.1,1,37.1,30,37.15,1,2,2022-03-17 09:04:03
1647507843584928000,37.15,1,37.1,30,37.2,7,1,2022-03-17 09:04:03
1647507843584928000,37.2,1,37.1,30,37.2,7,1,2022-03-17 09:04:03
1647507843603576000,37.1,1,37.1,29,37.2,7,2,2022-03-17 09:04:03
1647507843859411000,37.2,2,37.1,29,37.2,5,1,2022-03-17 09:04:03
1647507844839951000,37.1,10,37.1,22,37.15,1,2,2022-03-17 09:04:04
1647507846208310000,37.15,1,37.1,21,37.2,22,1,2022-03-17 09:04:06
1647507848659309000,37.1,3,37.1,20,37.2,24,2,2022-03-17 09:04:08
1647507849052148000,37.15,1,37.1,20,37.15,1,1,2022-03-17 09:04:09
1647507849117013000,37.1,10,37.1,11,37.15,1,2,2022-03-17 09:04:09
1647507849141861000,37.1,1,37.1,9,37.15,1,2,2022-03-17 09:04:09
1647507849169413000,37.1,1,37.1,8,37.15,1,2,2022-03-17 09:04:09
1647507849880799000,37.15,1,37.1,9,37.2,22,1,2022-03-17 09:04:09
1647507850227283000,37.2,4,37.1,10,37.2,19,1,2022-03-17 09:04:10
1647507851516713000,37.1,11,37.05,57,37.15,5,2,2022-03-17 09:04:11
1647507851516713000,37.05,42,37.05,57,37.15,5,2,2022-03-17 09:04:11
1647507851732332000,37.1,1,37.05,57,37.15,5,1,2022-03-17 09:04:11
1647507851823211000,37.1,1,37.1,5,37.15,7,1,2022-03-17 09:04:11
1647507852240653000,37.1,2,37.1,3,37.15,7,2,2022-03-17 09:04:12
1647507855350050000,37.1,3,37.1,18,37.15,16,2,2022-03-17 09:04:15
1647507855524174000,37.1,1,37.1,17,37.15,16,2,2022-03-17 09:04:15
1647507855588871000,37.1,4,37.1,13,37.15,16,2,2022-03-17 09:04:15
1647507856608446000,37.1,1,37.1,12,37.15,14,2,2022-03-17 09:04:16
1647507856613113000,37.15,3,37.1,12,37.15,11,1,2022-03-17 09:04:16
1647507856645578000,37.1,1,37.1,11,37.15,11,2,2022-03-17 09:04:16
1647507858753012000,37.1,3,37.1,9,37.15,23,2,2022-03-17 09:04:18
1647507858789365000,37.1,2,37.1,7,37.15,23,2,2022-03-17 09:04:18
1647507859656928000,37.1,1,37.1,6,37.15,53,2,2022-03-17 09:04:19
1647507860129385000,37.1,1,37.1,5,37.15,53,2,2022-03-17 09:04:20
1647507860667022000,37.15,1,37.1,5,37.15,52,1,2022-03-17 09:04:20
1647507861098906000,37.1,5,37.05,58,37.1,25,2,2022-03-17 09:04:21
1647507861492608000,37.1,1,37.05,58,37.1,42,1,2022-03-17 09:04:21
1647507862379783000,37.05,10,37.05,48,37.1,47,2,2022-03-17 09:04:22
1647507862412822000,37.05,11,37.05,37,37.1,51,2,2022-03-17 09:04:22
1647507862413150000,37.05,9,37.05,28,37.1,51,2,2022-03-17 09:04:22
1647507862446907000,37.05,7,37.05,21,37.1,51,2,2022-03-17 09:04:22
1647507862451471000,37.05,1,37.05,20,37.1,48,2,2022-03-17 09:04:22
1647507862476993000,37.05,3,37.05,17,37.1,48,2,2022-03-17 09:04:22
1647507862477378000,37.05,17,37.0,63,37.1,48,2,2022-03-17 09:04:22
1647507863512658000,37.0,63,36.9,14,36.95,11,2,2022-03-17 09:04:23
1647507863512658000,36.95,26,36.9,14,36.95,11,2,2022-03-17 09:04:23
1647507863537695000,36.9,1,36.9,13,36.95,12,2,2022-03-17 09:04:23
1647507863558260000,36.9,8,36.9,5,36.95,12,2,2022-03-17 09:04:23
1647507863565858000,36.9,1,36.9,4,36.95,12,2,2022-03-17 09:04:23
1647507863566203000,36.9,1,36.9,3,36.95,12,2,2022-03-17 09:04:23
1647507863589121000,36.9,3,36.85,7,36.95,12,2,2022-03-17 09:04:23
1647507863616678000,36.85,2,36.85,5,36.95,12,2,2022-03-17 09:04:23
1647507863723715000,36.85,2,36.85,3,36.9,2,2,2022-03-17 09:04:23
1647507863737026000,36.85,2,36.85,1,36.9,2,2,2022-03-17 09:04:23
1647507863765061000,36.85,1,36.8,14,36.9,2,2,2022-03-17 09:04:23
1647507863917422000,36.8,3,36.8,11,36.9,4,2,2022-03-17 09:04:23
1647507864028077000,36.8,2,36.8,9,36.9,2,2,2022-03-17 09:04:24
1647507864106199000,36.8,2,36.8,7,36.85,2,2,2022-03-17 09:04:24
1647507864511815000,36.85,4,36.8,7,36.9,2,1,2022-03-17 09:04:24
1647507864511815000,36.9,1,36.8,7,36.9,2,1,2022-03-17 09:04:24
1647507864704086000,36.9,1,36.8,7,36.9,3,1,2022-03-17 09:04:24
1647507865418939000,36.8,10,36.75,1,36.9,3,2,2022-03-17 09:04:25
1647507865418939000,36.75,10,36.75,1,36.9,3,2,2022-03-17 09:04:25
1647507866404506000,36.85,1,36.8,4,36.9,9,2,2022-03-17 09:04:26
1647507866404506000,36.8,2,36.8,4,36.9,9,2,2022-03-17 09:04:26
1647507866576715000,36.9,1,36.8,4,36.9,8,1,2022-03-17 09:04:26
1647507867030954000,36.8,4,36.75,1,36.9,8,2,2022-03-17 09:04:27
1647507867769226000,36.75,1,36.7,12,36.75,1,2,2022-03-17 09:04:27
1647507867796225000,36.75,1,36.7,12,36.85,1,1,2022-03-17 09:04:27
1647507868463136000,36.85,1,36.75,2,36.9,8,1,2022-03-17 09:04:28
1647507869184255000,36.75,2,36.7,12,36.9,1,2,2022-03-17 09:04:29
1647507870346097000,36.85,1,36.8,3,36.9,1,1,2022-03-17 09:04:30
1647507870755411000,36.8,1,36.8,3,36.9,1,2,2022-03-17 09:04:30
1647507871617220000,36.8,1,36.8,2,36.85,2,2,2022-03-17 09:04:31
1647507871883143000,36.8,1,36.75,1,36.85,2,2,2022-03-17 09:04:31
1647507873759012000,36.75,3,36.75,3,36.8,1,2,2022-03-17 09:04:33
1647507873831777000,36.8,1,36.75,2,36.85,3,1,2022-03-17 09:04:33
1647507874420854000,36.75,2,36.75,4,36.85,3,2,2022-03-17 09:04:34
1647507875901400000,36.8,1,36.8,1,36.85,3,2,2022-03-17 09:04:35
1647507876183053000,36.8,1,36.75,5,36.8,1,2,2022-03-17 09:04:36
1647507876204675000,36.8,1,36.75,5,36.85,3,1,2022-03-17 09:04:36
1647507876363042000,36.75,7,36.5,8,36.85,3,2,2022-03-17 09:04:36
1647507876363042000,36.7,12,36.5,8,36.85,3,2,2022-03-17 09:04:36
1647507876363042000,36.65,2,36.5,8,36.85,3,2,2022-03-17 09:04:36
1647507876363042000,36.6,8,36.5,8,36.85,3,2,2022-03-17 09:04:36
1647507876363042000,36.55,13,36.5,8,36.85,3,2,2022-03-17 09:04:36
1647507876363042000,36.5,8,36.5,8,36.85,3,2,2022-03-17 09:04:36
1647507876504429000,36.55,1,36.55,4,36.8,12,2,2022-03-17 09:04:36
1647507876520696000,36.8,2,36.55,4,36.8,10,1,2022-03-17 09:04:36
1647507877324508000,36.75,3,36.65,1,36.75,2,1,2022-03-17 09:04:37
1647507878327458000,36.65,1,36.6,1,36.75,2,2,2022-03-17 09:04:38
1647507879104355000,36.75,1,36.6,1,36.75,1,1,2022-03-17 09:04:39
1647507880201176000,36.6,1,36.55,4,36.75,6,2,2022-03-17 09:04:40
1647507880503425000,36.55,1,36.4,8,36.75,15,2,2022-03-17 09:04:40
1647507880503425000,36.5,8,36.4,8,36.75,15,2,2022-03-17 09:04:40
1647507880503425000,36.45,6,36.4,8,36.75,15,2,2022-03-17 09:04:40
1647507881317998000,36.7,1,36.5,5,36.7,9,1,2022-03-17 09:04:41
1647507882077398000,36.5,3,36.5,2,36.7,9,2,2022-03-17 09:04:42
1647507882148202000,36.7,1,36.45,2,36.7,8,1,2022-03-17 09:04:42
1647507882934191000,36.7,8,36.5,5,36.75,6,1,2022-03-17 09:04:42
1647507882934191000,36.75,2,36.5,5,36.75,6,1,2022-03-17 09:04:42
1647507883221740000,36.75,1,36.65,1,36.75,5,1,2022-03-17 09:04:43
1647507883240312000,36.65,1,36.5,5,36.75,5,2,2022-03-17 09:04:43
1647507883240312000,36.55,8,36.5,5,36.75,5,2,2022-03-17 09:04:43
1647507883240312000,36.5,1,36.5,5,36.75,5,2,2022-03-17 09:04:43
1647507883315411000,36.65,3,36.5,5,36.75,5,2,2022-03-17 09:04:43
1647507883445042000,36.55,1,36.55,4,36.7,2,2,2022-03-17 09:04:43
1647507884098975000,36.65,1,36.55,2,36.7,2,1,2022-03-17 09:04:44
1647507884373517000,36.55,1,36.55,4,36.7,2,2,2022-03-17 09:04:44
1647507885703757000,36.7,2,36.55,6,36.7,4,1,2022-03-17 09:04:45
1647507887053488000,36.55,1,36.55,5,36.7,10,2,2022-03-17 09:04:47
1647507887398432000,36.7,10,36.6,1,36.75,10,1,2022-03-17 09:04:47
1647507888261550000,36.7,1,36.6,2,36.7,2,1,2022-03-17 09:04:48
1647507891009297000,36.65,2,36.6,8,36.7,20,2,2022-03-17 09:04:51
1647507891099109000,36.7,20,36.6,8,36.75,10,1,2022-03-17 09:04:51
1647507892720268000,36.7,1,36.65,4,36.7,1,1,2022-03-17 09:04:52
1647507893130861000,36.7,1,36.65,4,36.75,9,1,2022-03-17 09:04:53
1647507893963278000,36.7,2,36.65,6,36.7,4,2,2022-03-17 09:04:53
1647507893996662000,36.7,4,36.65,6,36.75,9,1,2022-03-17 09:04:53
1647507894980229000,36.75,1,36.7,2,36.75,8,1,2022-03-17 09:04:54
1647507895038033000,36.75,8,36.7,2,36.8,24,1,2022-03-17 09:04:55
1647507895370060000,36.7,4,36.7,3,36.8,24,2,2022-03-17 09:04:55
1647507895619308000,36.7,1,36.65,8,36.8,24,1,2022-03-17 09:04:55
1647507896778009000,36.8,16,36.7,10,36.8,8,1,2022-03-17 09:04:56
1647507896799350000,36.8,8,36.7,10,36.85,3,1,2022-03-17 09:04:56
1647507897286938000,36.85,1,36.7,18,36.9,1,1,2022-03-17 09:04:57
1647507897432260000,36.75,1,36.75,2,36.9,1,2,2022-03-17 09:04:57
1647507898002039000,36.9,1,36.75,3,36.95,11,1,2022-03-17 09:04:58
1647507898060992000,36.75,3,36.7,18,36.95,11,2,2022-03-17 09:04:58
1647507899489760000,36.75,7,36.7,17,36.9,2,2,2022-03-17 09:04:59
1647507899489760000,36.7,3,36.7,17,36.9,2,2,2022-03-17 09:04:59
1647507900110237000,36.7,1,36.7,22,36.9,10,2,2022-03-17 09:05:00
1647507900517685000,36.9,1,36.7,22,36.9,9,1,2022-03-17 09:05:00
1647507900584786000,36.75,1,36.7,28,36.9,1,2,2022-03-17 09:05:00
1647507900585538000,36.7,16,36.7,12,36.9,1,2,2022-03-17 09:05:00
1647507900597310000,36.7,8,36.7,4,36.9,1,2,2022-03-17 09:05:00
1647507900597852000,36.7,4,36.6,10,36.9,1,2,2022-03-17 09:05:00
1647507900597852000,36.65,13,36.6,10,36.9,1,2,2022-03-17 09:05:00
1647507900603957000,36.75,1,36.75,4,36.9,1,2,2022-03-17 09:05:00
1647507900608682000,36.75,1,36.75,3,36.9,1,2,2022-03-17 09:05:00
1647507900680696000,36.65,8,36.65,3,36.85,1,2,2022-03-17 09:05:00
1647507900840366000,36.65,2,36.6,10,36.85,1,1,2022-03-17 09:05:00
1647507902708044000,36.7,2,36.7,2,36.85,1,2,2022-03-17 09:05:02
1647507902773183000,36.7,2,36.6,10,36.85,1,2,2022-03-17 09:05:02
1647507903182664000,36.6,1,36.6,9,36.85,1,2,2022-03-17 09:05:03
1647507904837551000,36.7,1,36.7,6,36.85,1,2,2022-03-17 09:05:04
1647507905118641000,36.85,1,36.7,6,36.9,14,1,2022-03-17 09:05:05
1647507905507127000,36.8,1,36.7,6,36.9,14,2,2022-03-17 09:05:05
1647507906240500000,36.85,1,36.7,6,36.9,4,2,2022-03-17 09:05:06
1647507906240500000,36.7,1,36.7,6,36.9,4,2,2022-03-17 09:05:06
1647507907053611000,36.9,3,36.7,6,36.9,9,1,2022-03-17 09:05:07
1647507908997684000,36.85,1,36.7,9,36.85,5,1,2022-03-17 09:05:08
1647507909872163000,36.75,3,36.7,9,36.85,5,2,2022-03-17 09:05:09
1647507910602444000,36.85,1,36.7,10,36.85,4,1,2022-03-17 09:05:10
1647507910625812000,36.85,3,36.7,10,36.85,1,1,2022-03-17 09:05:10
1647507913172242000,36.8,1,36.8,2,36.85,9,2,2022-03-17 09:05:13
1647507915102269000,36.8,1,36.8,2,36.85,13,2,2022-03-17 09:05:15
1647507916162704000,36.8,2,36.8,1,36.85,14,2,2022-03-17 09:05:16
1647507917767139000,36.85,2,36.8,2,36.85,13,1,2022-03-17 09:05:17
1647507919134508000,36.85,2,36.8,2,36.85,11,1,2022-03-17 09:05:19
1647507919167232000,36.85,11,36.8,2,36.9,8,1,2022-03-17 09:05:19
1647507921899706000,36.85,1,36.85,4,36.9,8,2,2022-03-17 09:05:21
1647507921935336000,36.85,4,36.8,6,36.9,8,2,2022-03-17 09:05:21
1647507922948931000,36.9,1,36.85,1,36.9,7,1,2022-03-17 09:05:22
1647507923741425000,36.9,6,36.85,2,36.9,1,1,2022-03-17 09:05:23
1647507923768481000,36.9,1,36.85,2,36.95,11,1,2022-03-17 09:05:23
1647507925922863000,36.95,3,36.9,5,36.95,8,1,2022-03-17 09:05:25
1647507927066353000,36.95,8,36.9,11,37.0,3,1,2022-03-17 09:05:27
1647507927132641000,37.0,2,36.9,11,37.0,1,1,2022-03-17 09:05:27
1647507927166357000,37.0,1,36.9,11,37.05,1,1,2022-03-17 09:05:27
1647507927350603000,37.0,2,37.0,1,37.05,1,2,2022-03-17 09:05:27
1647507927449523000,37.0,1,36.9,11,37.05,1,2,2022-03-17 09:05:27
1647507930401820000,37.0,1,36.95,16,37.0,1,2,2022-03-17 09:05:30
1647507930413271000,37.0,1,36.95,16,37.05,1,1,2022-03-17 09:05:30
1647507930480844000,36.95,1,36.95,15,37.05,1,2,2022-03-17 09:05:30
1647507932647415000,37.05,1,36.95,18,37.15,41,1,2022-03-17 09:05:32
1647507932647415000,37.15,1,36.95,18,37.15,41,1,2022-03-17 09:05:32
1647507932684269000,37.15,1,36.95,18,37.15,40,1,2022-03-17 09:05:32
1647507932798266000,37.15,2,36.95,18,37.15,38,1,2022-03-17 09:05:32
1647507933959224000,37.0,1,37.0,4,37.15,38,2,2022-03-17 09:05:33
1647507936499705000,37.15,5,37.0,5,37.15,5,1,2022-03-17 09:05:36
1647507937000573000,37.05,1,37.0,5,37.1,2,2,2022-03-17 09:05:37
1647507937046933000,37.0,5,36.95,16,37.1,2,2,2022-03-17 09:05:37
1647507937951946000,37.05,1,37.0,3,37.1,3,2,2022-03-17 09:05:37
1647507939185572000,37.1,1,37.0,17,37.1,2,1,2022-03-17 09:05:39
1647507939552353000,37.05,1,37.0,20,37.1,2,2,2022-03-17 09:05:39
1647507940038119000,37.1,1,37.0,32,37.1,1,1,2022-03-17 09:05:40
1647507940814063000,37.1,1,37.0,38,37.15,10,1,2022-03-17 09:05:40
1647507941869184000,37.0,1,37.0,38,37.15,10,2,2022-03-17 09:05:41
1647507942872021000,37.1,1,37.1,1,37.15,10,2,2022-03-17 09:05:42
1647507942905860000,37.1,1,37.05,3,37.15,10,2,2022-03-17 09:05:42
1647507944159875000,37.1,1,37.05,12,37.1,1,1,2022-03-17 09:05:44
1647507944892531000,37.1,1,37.05,12,37.15,10,1,2022-03-17 09:05:44
1647507945968172000,37.1,1,37.05,12,37.15,10,1,2022-03-17 09:05:45
1647507947894272000,37.15,1,37.1,2,37.15,9,1,2022-03-17 09:05:47
1647507947966068000,37.1,1,37.1,1,37.15,9,2,2022-03-17 09:05:47
1647507948791906000,37.15,3,37.1,1,37.15,6,1,2022-03-17 09:05:48
1647507948792065000,37.1,1,37.05,12,37.15,6,2,2022-03-17 09:05:48
1647507949087585000,37.05,12,37.0,44,37.15,6,2,2022-03-17 09:05:49
1647507950315359000,37.1,1,37.0,44,37.1,2,1,2022-03-17 09:05:50
1647507950913361000,37.1,1,37.0,44,37.1,1,1,2022-03-17 09:05:50
1647507951663160000,37.1,1,37.0,44,37.1,2,1,2022-03-17 09:05:51
1647507952312758000,37.1,2,37.0,44,37.1,7,1,2022-03-17 09:05:52
1647507952848196000,37.0,12,37.0,32,37.05,16,2,2022-03-17 09:05:52
1647507953033563000,37.0,7,37.0,25,37.05,16,2,2022-03-17 09:05:53
1647507953061824000,37.0,2,37.0,23,37.05,16,2,2022-03-17 09:05:53
1647507953082374000,37.0,19,37.0,4,37.05,16,2,2022-03-17 09:05:53
1647507953101309000,37.0,4,36.95,10,37.05,16,2,2022-03-17 09:05:53
1647507954263520000,37.0,10,36.95,7,37.0,14,1,2022-03-17 09:05:54
1647507954318095000,36.95,1,36.95,6,37.0,14,2,2022-03-17 09:05:54
1647507954328176000,36.95,2,36.95,4,37.0,14,2,2022-03-17 09:05:54
1647507954412030000,36.95,2,36.95,2,37.0,14,2,2022-03-17 09:05:54
1647507954489972000,36.95,2,36.9,22,37.0,19,2,2022-03-17 09:05:54
1647507955021088000,36.9,7,36.9,12,36.95,8,2,2022-03-17 09:05:55
1647507955054433000,36.9,12,36.85,6,36.95,8,2,2022-03-17 09:05:55
1647507956081476000,36.85,2,36.85,4,36.9,5,2,2022-03-17 09:05:56
1647507956272354000,36.85,2,36.85,2,36.9,5,2,2022-03-17 09:05:56
1647507956728887000,36.9,1,36.85,2,36.9,8,1,2022-03-17 09:05:56
1647507957077551000,36.85,2,36.8,9,36.85,14,2,2022-03-17 09:05:57
1647507957080718000,36.8,5,36.8,4,36.85,14,2,2022-03-17 09:05:57
1647507957205502000,36.8,2,36.8,2,36.85,14,2,2022-03-17 09:05:57
1647507957698459000,36.85,3,36.8,2,36.85,11,1,2022-03-17 09:05:57
1647507958295885000,36.85,11,36.8,2,36.9,7,1,2022-03-17 09:05:58
1647507958751851000,36.8,2,36.75,22,36.8,3,2,2022-03-17 09:05:58
1647507958779529000,36.8,3,36.75,22,36.9,9,1,2022-03-17 09:05:58
1647507959414590000,36.85,1,36.8,1,36.9,7,2,2022-03-17 09:05:59
1647507959714038000,36.8,2,36.75,22,36.9,13,2,2022-03-17 09:05:59
1647507960108934000,36.8,1,36.75,22,36.9,7,1,2022-03-17 09:06:00
1647507960470319000,36.75,8,36.75,22,36.9,9,2,2022-03-17 09:06:00
1647507960505905000,36.75,8,36.75,14,36.9,11,2,2022-03-17 09:06:00
1647507960515457000,36.75,8,36.75,6,36.9,11,2,2022-03-17 09:06:00
1647507960535523000,36.75,6,36.7,29,36.75,2,2,2022-03-17 09:06:00
1647507960561386000,36.75,2,36.7,29,36.9,11,1,2022-03-17 09:06:00
1647507961273944000,36.8,1,36.7,30,36.8,3,1,2022-03-17 09:06:01
1647507961760845000,36.8,1,36.7,30,36.8,3,1,2022-03-17 09:06:01
1647507963617264000,36.8,8,36.75,1,36.85,3,1,2022-03-17 09:06:03
1647507963787642000,36.75,2,36.7,30,36.8,1,2,2022-03-17 09:06:03
1647507965789283000,36.8,2,36.75,3,36.85,3,1,2022-03-17 09:06:05
1647507966894512000,36.85,1,36.8,1,36.85,2,1,2022-03-17 09:06:06
1647507967470947000,36.85,2,36.8,4,36.9,19,1,2022-03-17 09:06:07
1647507968156964000,36.8,1,36.8,3,36.9,17,2,2022-03-17 09:06:08
1647507970177132000,36.9,1,36.85,1,36.9,18,1,2022-03-17 09:06:10
1647507970530513000,36.9,1,36.85,1,36.9,26,1,2022-03-17 09:06:10
1647507970601530000,36.9,10,36.85,1,36.9,16,1,2022-03-17 09:06:10
1647507972913129000,36.85,4,36.8,3,36.9,17,2,2022-03-17 09:06:12
1647507972913129000,36.8,6,36.8,3,36.9,17,2,2022-03-17 09:06:12
1647507973540179000,36.8,1,36.8,2,36.9,17,2,2022-03-17 09:06:13
1647507974595055000,36.85,1,36.8,2,36.9,14,1,2022-03-17 09:06:14
1647507974595055000,36.9,4,36.8,2,36.9,14,1,2022-03-17 09:06:14
1647507975390674000,36.9,1,36.85,17,36.9,14,1,2022-03-17 09:06:15
1647507975420090000,36.9,10,36.85,17,36.9,4,1,2022-03-17 09:06:15
1647507975421457000,36.9,4,36.85,17,36.95,2,1,2022-03-17 09:06:15
1647507975851159000,36.9,3,36.85,4,36.95,2,2,2022-03-17 09:06:15
1647507975851159000,36.85,14,36.85,4,36.95,2,2,2022-03-17 09:06:15
1647507975910415000,36.95,1,36.85,4,36.95,1,1,2022-03-17 09:06:15
1647507975934934000,36.85,2,36.85,2,36.95,1,2,2022-03-17 09:06:15
1647507975942025000,36.95,1,36.85,2,37.0,16,1,2022-03-17 09:06:15
1647507976760850000,36.85,2,36.8,22,37.0,18,2,2022-03-17 09:06:16
1647507976760850000,36.8,3,36.8,22,37.0,18,2,2022-03-17 09:06:16
1647507979513852000,36.9,1,36.8,27,36.95,4,2,2022-03-17 09:06:19
1647507979635592000,36.95,1,36.85,18,36.95,3,1,2022-03-17 09:06:19
1647507980547501000,36.9,1,36.85,18,36.95,4,1,2022-03-17 09:06:20
1647507980716255000,36.95,1,36.85,18,36.95,3,1,2022-03-17 09:06:20
1647507981886389000,36.9,5,36.85,25,36.95,10,2,2022-03-17 09:06:21
1647507983264808000,36.9,1,36.85,25,36.95,10,1,2022-03-17 09:06:23
1647507987957990000,36.9,9,36.85,46,36.95,16,2,2022-03-17 09:06:27
1647507990198101000,36.85,12,36.85,39,36.9,14,2,2022-03-17 09:06:30
1647507990439161000,36.85,2,36.85,37,36.9,14,2,2022-03-17 09:06:30
1647507990467397000,36.85,1,36.85,36,36.9,14,2,2022-03-17 09:06:30
1647507990917820000,36.85,3,36.85,33,36.9,14,2,2022-03-17 09:06:30
1647507990955485000,36.85,12,36.85,21,36.9,14,2,2022-03-17 09:06:30
1647507990974241000,36.85,3,36.85,18,36.9,14,2,2022-03-17 09:06:30
1647507991163914000,36.9,2,36.85,18,36.9,17,1,2022-03-17 09:06:31
1647507991177103000,36.85,12,36.85,6,36.9,17,2,2022-03-17 09:06:31
1647507991213908000,36.85,3,36.85,3,36.9,17,2,2022-03-17 09:06:31
1647507991336619000,36.9,1,36.85,3,36.9,16,1,2022-03-17 09:06:31
1647507995054145000,36.85,2,36.85,43,36.9,23,2,2022-03-17 09:06:35
1647507997084202000,36.85,1,36.85,43,36.9,24,2,2022-03-17 09:06:37
1647507997530786000,36.9,10,36.85,44,36.9,14,1,2022-03-17 09:06:37
1647507998573530000,36.9,1,36.85,44,36.9,14,1,2022-03-17 09:06:38
1647507998814634000,36.9,4,36.85,44,36.9,10,1,2022-03-17 09:06:38
1647507999284496000,36.9,1,36.85,45,36.9,9,1,2022-03-17 09:06:39
1647507999320917000,36.9,9,36.85,45,36.95,16,1,2022-03-17 09:06:39
1647508000817200000,36.9,3,36.85,47,36.95,15,1,2022-03-17 09:06:40
1647508001264572000,36.85,1,36.85,47,36.95,15,2,2022-03-17 09:06:41
1647508001453829000,36.95,2,36.9,2,36.95,13,1,2022-03-17 09:06:41
1647508001493592000,36.9,2,36.85,47,36.95,13,2,2022-03-17 09:06:41
1647508001831548000,36.95,13,36.9,3,37.0,27,1,2022-03-17 09:06:41
1647508002585430000,36.9,3,36.85,50,36.9,5,2,2022-03-17 09:06:42
1647508002607979000,36.9,5,36.85,50,37.0,19,1,2022-03-17 09:06:42
1647508002669238000,36.9,2,36.85,22,37.0,21,2,2022-03-17 09:06:42
1647508002669238000,36.85,28,36.85,22,37.0,21,2,2022-03-17 09:06:42
1647508004609574000,36.9,9,36.85,22,36.95,1,2,2022-03-17 09:06:44
1647508009530693000,36.9,1,36.9,23,36.95,17,2,2022-03-17 09:06:49
1647508011461178000,36.9,2,36.9,23,36.95,16,2,2022-03-17 09:06:51
1647508013705909000,36.9,2,36.9,23,36.95,16,2,2022-03-17 09:06:53
1647508014636656000,36.95,5,36.9,23,36.95,11,1,2022-03-17 09:06:54
1647508014665108000,36.95,2,36.9,23,36.95,9,1,2022-03-17 09:06:54
1647508015833701000,36.95,8,36.9,26,36.95,1,1,2022-03-17 09:06:55
1647508015856945000,36.95,1,36.9,26,37.0,25,1,2022-03-17 09:06:55
1647508017125759000,36.95,2,36.9,26,37.0,23,2,2022-03-17 09:06:57
1647508017695046000,36.95,5,36.9,26,37.0,24,2,2022-03-17 09:06:57
1647508020449226000,36.9,10,36.9,17,37.0,23,2,2022-03-17 09:07:00
1647508020766880000,36.9,8,36.9,9,37.0,23,2,2022-03-17 09:07:00
1647508020823782000,36.9,8,36.9,1,37.0,23,2,2022-03-17 09:07:00
1647508020851177000,36.9,1,36.85,43,36.9,2,2,2022-03-17 09:07:00
1647508021002617000,36.9,1,36.85,43,36.9,17,1,2022-03-17 09:07:01
1647508021536206000,36.9,1,36.85,43,36.9,16,1,2022-03-17 09:07:01
1647508021726178000,36.9,1,36.85,43,36.9,15,1,2022-03-17 09:07:01
1647508021747831000,36.9,1,36.85,43,36.9,14,1,2022-03-17 09:07:01
1647508021749989000,36.85,43,36.8,37,36.9,14,2,2022-03-17 09:07:01
1647508021775700000,36.8,2,36.8,35,36.85,3,2,2022-03-17 09:07:01
1647508022472977000,36.85,1,36.8,35,36.85,3,1,2022-03-17 09:07:02
1647508022671380000,36.85,2,36.8,35,36.85,1,1,2022-03-17 09:07:02
1647508025745123000,36.8,1,36.8,29,36.85,2,2,2022-03-17 09:07:05
1647508025825847000,36.85,2,36.8,29,36.9,10,1,2022-03-17 09:07:05
1647508025825847000,36.9,8,36.8,29,36.9,10,1,2022-03-17 09:07:05
1647508026783635000,36.9,1,36.85,5,36.9,13,1,2022-03-17 09:07:06
1647508026998809000,36.85,1,36.85,5,36.9,13,2,2022-03-17 09:07:06
1647508027508918000,36.85,5,36.8,28,36.9,14,2,2022-03-17 09:07:07
1647508028588615000,36.85,2,36.8,28,36.9,14,2,2022-03-17 09:07:08
1647508028721752000,36.85,1,36.8,28,36.9,14,1,2022-03-17 09:07:08
1647508030954714000,36.85,1,36.8,28,36.85,6,1,2022-03-17 09:07:10
1647508032066306000,36.8,5,36.8,23,36.85,7,2,2022-03-17 09:07:12
1647508033379994000,36.85,1,36.8,23,36.85,5,1,2022-03-17 09:07:13
1647508037856065000,36.85,1,36.8,28,36.85,17,1,2022-03-17 09:07:17
1647508038017965000,36.8,1,36.8,27,36.85,27,2,2022-03-17 09:07:18
1647508038309348000,36.8,1,36.8,26,36.85,29,2,2022-03-17 09:07:18
1647508038399973000,36.8,8,36.8,18,36.85,29,2,2022-03-17 09:07:18
1647508038429651000,36.8,10,36.8,8,36.85,29,2,2022-03-17 09:07:18
1647508038429682000,36.8,3,36.8,5,36.85,29,2,2022-03-17 09:07:18
1647508038430284000,36.8,4,36.8,1,36.85,29,2,2022-03-17 09:07:18
1647508038434298000,36.8,1,36.75,78,36.85,29,2,2022-03-17 09:07:18
1647508038839048000,36.75,3,36.75,64,36.8,6,2,2022-03-17 09:07:18
1647508040650166000,36.8,5,36.75,64,36.8,15,1,2022-03-17 09:07:20
1647508043237923000,36.75,2,36.75,63,36.8,22,2,2022-03-17 09:07:23
1647508044525572000,36.8,1,36.75,63,36.8,36,1,2022-03-17 09:07:24
1647508045560316000,36.75,3,36.75,60,36.8,36,2,2022-03-17 09:07:25
1647508045628975000,36.75,1,36.75,59,36.8,36,2,2022-03-17 09:07:25
1647508045921709000,36.75,5,36.75,54,36.8,36,2,2022-03-17 09:07:25
1647508045964691000,36.75,1,36.75,53,36.8,36,2,2022-03-17 09:07:25
1647508046526747000,36.75,5,36.75,48,36.8,37,2,2022-03-17 09:07:26
1647508046555345000,36.75,3,36.75,45,36.8,37,2,2022-03-17 09:07:26
1647508046577653000,36.75,3,36.75,42,36.8,37,2,2022-03-17 09:07:26
1647508046611371000,36.75,1,36.75,41,36.8,37,2,2022-03-17 09:07:26
1647508046837067000,36.75,1,36.75,40,36.8,37,2,2022-03-17 09:07:26
1647508047302312000,36.75,3,36.75,37,36.8,37,2,2022-03-17 09:07:27
1647508047308103000,36.75,3,36.75,34,36.8,37,2,2022-03-17 09:07:27
1647508047318482000,36.75,3,36.75,31,36.8,37,2,2022-03-17 09:07:27
1647508047330733000,36.75,9,36.75,22,36.8,37,2,2022-03-17 09:07:27
1647508047331309000,36.75,3,36.75,19,36.8,37,2,2022-03-17 09:07:27
1647508047342007000,36.75,3,36.75,16,36.8,37,2,2022-03-17 09:07:27
1647508047358318000,36.75,1,36.75,15,36.8,37,2,2022-03-17 09:07:27
1647508047362034000,36.75,1,36.75,14,36.8,37,2,2022-03-17 09:07:27
1647508047504000000,36.75,3,36.75,11,36.8,37,2,2022-03-17 09:07:27
1647508047564508000,36.75,1,36.75,10,36.8,37,2,2022-03-17 09:07:27
1647508047707120000,36.75,3,36.75,12,36.8,37,2,2022-03-17 09:07:27
1647508047743314000,36.75,1,36.75,11,36.8,37,2,2022-03-17 09:07:27
1647508047888623000,36.75,3,36.75,8,36.8,37,2,2022-03-17 09:07:27
1647508048084043000,36.75,8,36.7,44,36.8,37,2,2022-03-17 09:07:28
1647508048084043000,36.7,2,36.7,44,36.8,37,2,2022-03-17 09:07:28
1647508048392819000,36.7,7,36.7,37,36.75,1,2,2022-03-17 09:07:28
1647508048431542000,36.7,1,36.7,36,36.75,1,2,2022-03-17 09:07:28
1647508048665524000,36.7,1,36.7,25,36.75,1,2,2022-03-17 09:07:28
1647508049972394000,36.75,1,36.7,24,36.75,1,1,2022-03-17 09:07:29
1647508051196854000,36.75,1,36.7,25,36.8,40,1,2022-03-17 09:07:31
1647508051564717000,36.8,40,36.7,25,36.85,35,1,2022-03-17 09:07:31
1647508051711878000,36.85,35,36.75,26,36.9,12,1,2022-03-17 09:07:31
1647508051893043000,36.75,5,36.75,21,36.9,14,2,2022-03-17 09:07:31
1647508052588162000,36.75,1,36.75,20,36.9,14,2,2022-03-17 09:07:32
1647508053412190000,36.75,1,36.75,19,36.9,16,2,2022-03-17 09:07:33
1647508057426547000,36.9,11,36.85,21,36.95,7,1,2022-03-17 09:07:37
1647508057460813000,36.9,1,36.85,21,36.9,4,1,2022-03-17 09:07:37
1647508057517021000,36.9,3,36.85,21,36.9,1,1,2022-03-17 09:07:37
1647508059116850000,36.9,1,36.85,29,36.95,12,1,2022-03-17 09:07:39
1647508059156578000,36.95,5,36.85,29,36.95,7,1,2022-03-17 09:07:39
1647508059195674000,36.95,7,36.85,29,37.0,37,1,2022-03-17 09:07:39
1647508060697861000,37.0,24,36.95,14,37.0,18,1,2022-03-17 09:07:40
1647508060729332000,37.0,17,36.95,14,37.0,1,1,2022-03-17 09:07:40
1647508060763117000,37.0,1,36.95,14,37.05,1,1,2022-03-17 09:07:40
1647508060898722000,37.05,2,36.95,14,37.05,1,1,2022-03-17 09:07:40
1647508061613353000,37.05,3,36.95,15,37.05,8,1,2022-03-17 09:07:41
1647508065242650000,37.05,2,37.0,1,37.05,8,1,2022-03-17 09:07:45
1647508066822549000,37.0,1,36.95,15,37.05,8,2,2022-03-17 09:07:46
1647508068197867000,36.95,1,36.95,14,37.05,8,2,2022-03-17 09:07:48
1647508068458848000,37.05,1,36.95,14,37.05,7,1,2022-03-17 09:07:48
1647508068524563000,37.05,2,36.95,14,37.05,5,1,2022-03-17 09:07:48
1647508069042131000,37.0,3,36.95,13,37.05,10,2,2022-03-17 09:07:49
1647508069936345000,36.95,5,36.95,8,37.05,11,2,2022-03-17 09:07:49
1647508072011580000,37.0,1,36.95,18,37.05,14,1,2022-03-17 09:07:52
1647508072997388000,37.0,2,37.0,1,37.05,14,1,2022-03-17 09:07:52
1647508074491213000,37.0,1,36.95,18,37.05,12,2,2022-03-17 09:07:54
1647508076643459000,37.05,10,37.0,2,37.05,7,1,2022-03-17 09:07:56
1647508076710233000,37.0,1,37.0,1,37.05,7,2,2022-03-17 09:07:56
1647508077744705000,37.0,1,37.0,6,37.05,12,2,2022-03-17 09:07:57
1647508077891285000,37.0,1,37.0,5,37.05,12,2,2022-03-17 09:07:57
1647508078614113000,37.0,1,37.0,5,37.05,12,2,2022-03-17 09:07:58
1647508079433019000,37.05,1,37.0,5,37.05,10,1,2022-03-17 09:07:59
1647508080628405000,37.0,1,37.0,12,37.05,10,2,2022-03-17 09:08:00
1647508081972680000,37.05,10,37.0,34,37.1,9,1,2022-03-17 09:08:01
1647508082542602000,37.1,1,37.0,41,37.1,14,1,2022-03-17 09:08:02
1647508083030821000,37.1,13,37.0,42,37.1,4,1,2022-03-17 09:08:03
1647508083603706000,37.1,4,37.05,1,37.15,9,1,2022-03-17 09:08:03
1647508083603706000,37.15,1,37.05,1,37.15,9,1,2022-03-17 09:08:03
1647508083808915000,37.15,1,37.05,1,37.15,8,1,2022-03-17 09:08:03
1647508083934050000,37.05,1,37.0,38,37.15,12,2,2022-03-17 09:08:03
1647508083934050000,37.0,4,37.0,38,37.15,12,2,2022-03-17 09:08:03
1647508084053417000,37.15,1,37.0,48,37.15,11,1,2022-03-17 09:08:04
1647508087144386000,37.05,5,37.05,3,37.1,6,2,2022-03-17 09:08:07
1647508087570755000,37.1,1,37.05,10,37.1,8,1,2022-03-17 09:08:07
1647508089303279000,37.1,1,37.05,10,37.1,7,1,2022-03-17 09:08:09
1647508090323347000,37.1,7,37.05,11,37.15,13,1,2022-03-17 09:08:10
1647508090323347000,37.15,3,37.05,11,37.15,13,1,2022-03-17 09:08:10
1647508091521605000,37.05,11,37.0,64,37.1,20,2,2022-03-17 09:08:11
1647508091684496000,37.1,1,37.05,3,37.1,19,1,2022-03-17 09:08:11
1647508091970465000,37.1,1,37.05,3,37.1,18,1,2022-03-17 09:08:11
1647508092441095000,37.05,2,37.05,1,37.1,23,2,2022-03-17 09:08:12
1647508092475065000,37.1,1,37.05,1,37.1,22,1,2022-03-17 09:08:12
1647508092741568000,37.05,1,37.0,66,37.05,2,2,2022-03-17 09:08:12
1647508092774148000,37.05,1,37.0,66,37.05,1,1,2022-03-17 09:08:12
1647508093386946000,37.05,1,37.0,86,37.1,22,1,2022-03-17 09:08:13
1647508095983925000,37.05,10,37.05,3,37.1,22,2,2022-03-17 09:08:15
1647508096352125000,37.1,2,37.05,3,37.1,20,1,2022-03-17 09:08:16
1647508096573710000,37.05,3,37.0,86,37.05,5,2,2022-03-17 09:08:16
1647508096589402000,37.05,3,37.0,86,37.05,2,1,2022-03-17 09:08:16
1647508097049378000,37.05,2,37.0,86,37.05,2,1,2022-03-17 09:08:17
1647508097421751000,37.05,2,37.0,86,37.05,1,1,2022-03-17 09:08:17
1647508098832792000,37.05,2,37.0,86,37.05,5,1,2022-03-17 09:08:18
1647508098842855000,37.05,1,37.0,86,37.05,4,1,2022-03-17 09:08:18
1647508099328723000,37.05,1,37.0,86,37.05,3,1,2022-03-17 09:08:19
1647508099372148000,37.0,1,37.0,85,37.05,3,2,2022-03-17 09:08:19
1647508099672654000,37.0,1,37.0,84,37.05,3,2,2022-03-17 09:08:19
1647508100799979000,37.05,1,37.0,87,37.05,15,1,2022-03-17 09:08:20
1647508100927168000,37.0,3,37.0,84,37.05,16,2,2022-03-17 09:08:20
1647508102199201000,37.0,1,37.0,83,37.05,20,2,2022-03-17 09:08:22
1647508103355030000,37.0,1,37.0,83,37.05,34,2,2022-03-17 09:08:23
1647508105296980000,37.0,3,37.0,82,37.05,45,2,2022-03-17 09:08:25
1647508105337076000,37.0,1,37.0,81,37.05,45,2,2022-03-17 09:08:25
1647508105388837000,37.0,10,37.0,71,37.05,45,2,2022-03-17 09:08:25
1647508105456550000,37.0,1,37.0,70,37.05,45,2,2022-03-17 09:08:25
1647508105473280000,37.0,3,37.0,67,37.05,45,2,2022-03-17 09:08:25
1647508105533156000,37.0,1,37.0,66,37.05,45,2,2022-03-17 09:08:25
1647508105679292000,37.0,3,37.0,63,37.05,45,2,2022-03-17 09:08:25
1647508105898195000,37.05,1,37.0,63,37.05,44,1,2022-03-17 09:08:25
1647508105949585000,37.0,3,37.0,60,37.05,44,2,2022-03-17 09:08:25
1647508105981978000,37.0,3,37.0,57,37.05,44,2,2022-03-17 09:08:25
1647508106156150000,37.0,8,37.0,49,37.05,44,2,2022-03-17 09:08:26
1647508106164534000,37.0,5,37.0,44,37.05,44,2,2022-03-17 09:08:26
1647508106184641000,37.0,3,37.0,41,37.05,44,2,2022-03-17 09:08:26
1647508106480463000,37.0,1,37.0,40,37.05,44,2,2022-03-17 09:08:26
1647508106518939000,37.0,5,37.0,35,37.05,44,2,2022-03-17 09:08:26
1647508107247502000,37.0,1,37.0,34,37.05,49,2,2022-03-17 09:08:27
1647508107274136000,37.0,1,37.0,33,37.05,48,2,2022-03-17 09:08:27
1647508107303530000,37.0,33,36.95,8,37.05,48,2,2022-03-17 09:08:27
1647508108055558000,36.95,3,36.95,5,37.0,33,2,2022-03-17 09:08:28
1647508108066479000,36.95,2,36.95,3,37.0,33,2,2022-03-17 09:08:28
1647508108436843000,36.95,2,36.95,1,37.0,44,2,2022-03-17 09:08:28
1647508109037068000,36.95,1,36.9,4,36.95,1,2,2022-03-17 09:08:29
1647508109075959000,36.9,1,36.9,3,36.95,1,2,2022-03-17 09:08:29
1647508109416350000,36.95,1,36.9,3,37.0,46,1,2022-03-17 09:08:29
1647508110803933000,36.9,2,36.9,1,36.95,7,2,2022-03-17 09:08:30
1647508112868111000,36.9,1,36.9,1,36.95,10,2,2022-03-17 09:08:32
1647508114186792000,36.9,2,36.85,3,36.9,1,2,2022-03-17 09:08:34
1647508114240778000,36.85,1,36.85,3,36.9,1,2,2022-03-17 09:08:34
1647508114664395000,36.9,1,36.85,3,36.9,5,1,2022-03-17 09:08:34
1647508117163084000,36.9,11,36.85,2,37.0,10,1,2022-03-17 09:08:37
1647508117163084000,36.95,9,36.85,2,37.0,10,1,2022-03-17 09:08:37
1647508117163084000,37.0,30,36.85,2,37.0,10,1,2022-03-17 09:08:37
1647508117531363000,36.85,1,36.85,2,36.95,2,2,2022-03-17 09:08:37
1647508118380079000,36.9,1,36.85,2,36.95,3,1,2022-03-17 09:08:38
1647508123103497000,36.9,2,36.85,4,36.9,10,1,2022-03-17 09:08:43
1647508123171213000,36.85,1,36.85,3,36.9,10,2,2022-03-17 09:08:43
1647508123357323000,36.9,1,36.85,3,36.9,9,1,2022-03-17 09:08:43
1647508123386048000,36.9,9,36.9,1,36.95,14,1,2022-03-17 09:08:43
1647508124222325000,36.9,1,36.85,6,36.95,13,2,2022-03-17 09:08:44
1647508126128013000,36.9,2,36.85,12,36.95,14,2,2022-03-17 09:08:46
1647508131670088000,36.9,1,36.85,19,36.95,14,2,2022-03-17 09:08:51
1647508132138560000,36.95,5,36.85,19,36.95,9,1,2022-03-17 09:08:52
1647508132219145000,36.9,1,36.85,19,36.95,9,1,2022-03-17 09:08:52
1647508135383269000,36.9,1,36.85,19,36.9,1,1,2022-03-17 09:08:55
1647508137780752000,36.9,1,36.85,19,36.9,1,1,2022-03-17 09:08:57
1647508137903262000,36.9,1,36.85,19,36.95,10,1,2022-03-17 09:08:57
1647508139643890000,36.9,1,36.9,4,36.95,10,2,2022-03-17 09:08:59
1647508141877876000,36.9,2,36.9,4,36.95,15,2,2022-03-17 09:09:01
1647508142372486000,36.9,1,36.9,3,36.95,15,2,2022-03-17 09:09:02
1647508144797881000,36.9,1,36.9,2,36.95,26,2,2022-03-17 09:09:04
1647508145157970000,36.9,2,36.85,21,36.9,3,2,2022-03-17 09:09:05
1647508145226664000,36.9,1,36.85,20,36.9,2,1,2022-03-17 09:09:05
1647508145258070000,36.85,1,36.85,19,36.9,2,2,2022-03-17 09:09:05
1647508149094328000,36.9,1,36.85,14,36.9,7,1,2022-03-17 09:09:09
1647508149506791000,36.9,7,36.85,14,37.0,39,1,2022-03-17 09:09:09
1647508149506791000,36.95,21,36.85,14,37.0,39,1,2022-03-17 09:09:09
1647508149506791000,37.0,22,36.85,14,37.0,39,1,2022-03-17 09:09:09
1647508149671787000,36.95,2,36.9,20,37.0,41,1,2022-03-17 09:09:09
1647508150772016000,36.9,3,36.9,17,37.0,41,2,2022-03-17 09:09:10
1647508151735843000,36.9,1,36.9,16,37.0,41,2,2022-03-17 09:09:11
1647508154778041000,37.0,1,36.9,17,37.0,40,1,2022-03-17 09:09:14
1647508156831928000,36.95,1,36.9,18,37.0,40,2,2022-03-17 09:09:16
1647508158973518000,37.0,40,36.9,30,37.05,19,1,2022-03-17 09:09:18
1647508159001382000,37.05,8,36.9,30,37.05,11,1,2022-03-17 09:09:19
1647508159033872000,37.05,4,36.9,30,37.05,7,1,2022-03-17 09:09:19
1647508159068889000,37.05,7,36.9,32,37.1,31,1,2022-03-17 09:09:19
1647508159375798000,37.0,1,36.9,32,37.1,31,1,2022-03-17 09:09:19
1647508159417410000,37.0,4,36.9,32,37.1,31,2,2022-03-17 09:09:19
1647508159449100000,37.1,19,36.9,32,37.1,12,1,2022-03-17 09:09:19
1647508159748945000,37.05,2,36.9,32,37.1,12,1,2022-03-17 09:09:19
1647508160920256000,37.1,11,36.9,33,37.1,1,1,2022-03-17 09:09:20
1647508160993500000,37.1,1,36.9,33,37.15,17,1,2022-03-17 09:09:20
1647508161103014000,37.1,1,36.95,2,37.1,1,1,2022-03-17 09:09:21
1647508161904436000,37.1,1,37.0,3,37.1,1,1,2022-03-17 09:09:21
1647508162657142000,37.15,10,37.0,3,37.15,8,1,2022-03-17 09:09:22
1647508162947456000,37.0,1,37.0,2,37.15,8,2,2022-03-17 09:09:22
1647508163124473000,37.0,2,36.9,34,37.15,8,2,2022-03-17 09:09:23
1647508163124473000,36.95,7,36.9,34,37.15,8,2,2022-03-17 09:09:23
1647508164506695000,37.1,1,37.0,1,37.1,1,1,2022-03-17 09:09:24
1647508164613219000,37.15,4,37.0,1,37.15,4,1,2022-03-17 09:09:24
1647508165889103000,37.1,1,37.0,1,37.1,1,1,2022-03-17 09:09:25
1647508166268295000,37.15,4,37.0,1,37.2,31,1,2022-03-17 09:09:26
1647508166268295000,37.2,1,37.0,1,37.2,31,1,2022-03-17 09:09:26
1647508166325085000,37.2,2,37.0,3,37.2,29,1,2022-03-17 09:09:26
1647508166445906000,37.2,4,37.0,3,37.2,25,1,2022-03-17 09:09:26
1647508166487118000,37.2,1,37.0,3,37.2,24,1,2022-03-17 09:09:26
1647508166496939000,37.2,1,37.0,3,37.2,23,1,2022-03-17 09:09:26
1647508167532936000,37.2,4,37.1,2,37.2,19,1,2022-03-17 09:09:27
1647508167562122000,37.2,19,37.1,2,37.25,11,1,2022-03-17 09:09:27
1647508167808458000,37.25,1,37.1,2,37.25,10,1,2022-03-17 09:09:27
1647508167932080000,37.25,4,37.1,2,37.25,6,1,2022-03-17 09:09:27
1647508167965422000,37.25,2,37.1,2,37.25,4,1,2022-03-17 09:09:27
1647508167989080000,37.25,4,37.1,2,37.3,3,1,2022-03-17 09:09:27
1647508168202238000,37.15,1,37.1,10,37.3,3,1,2022-03-17 09:09:28
1647508169602054000,37.3,2,37.2,13,37.3,1,1,2022-03-17 09:09:29
1647508169642892000,37.25,3,37.2,13,37.35,2,1,2022-03-17 09:09:29
1647508169642892000,37.3,1,37.2,13,37.35,2,1,2022-03-17 09:09:29
1647508171163039000,37.35,4,37.3,11,37.4,7,1,2022-03-17 09:09:31
1647508171163039000,37.4,1,37.3,11,37.4,7,1,2022-03-17 09:09:31
1647508171282254000,37.4,1,37.3,11,37.4,6,1,2022-03-17 09:09:31
1647508171298481000,37.4,1,37.3,11,37.4,5,1,2022-03-17 09:09:31
1647508171494213000,37.4,3,37.35,5,37.4,2,1,2022-03-17 09:09:31
1647508171513816000,37.35,5,37.3,11,37.4,2,2,2022-03-17 09:09:31
1647508171624651000,37.4,1,37.3,11,37.4,1,1,2022-03-17 09:09:31
1647508172418276000,37.4,1,37.35,1,37.45,3,1,2022-03-17 09:09:32
1647508172520484000,37.45,1,37.35,1,37.45,2,1,2022-03-17 09:09:32
1647508172688414000,37.45,1,37.35,1,37.45,1,1,2022-03-17 09:09:32
1647508173743154000,37.45,1,37.35,22,37.5,57,1,2022-03-17 09:09:33
1647508174215908000,37.5,1,37.4,10,37.5,56,1,2022-03-17 09:09:34
1647508174252214000,37.5,2,37.4,10,37.5,54,1,2022-03-17 09:09:34
1647508174262956000,37.5,6,37.4,10,37.5,48,1,2022-03-17 09:09:34
1647508175637200000,37.5,3,37.35,2,37.5,45,1,2022-03-17 09:09:35
1647508176390813000,37.45,2,37.35,2,37.5,45,2,2022-03-17 09:09:36
1647508176532341000,37.35,1,37.35,1,37.5,47,2,2022-03-17 09:09:36
1647508176869625000,37.35,1,37.25,2,37.3,6,2,2022-03-17 09:09:36
1647508176869625000,37.3,3,37.25,2,37.3,6,2,2022-03-17 09:09:36
1647508177022295000,37.3,1,37.25,2,37.3,5,1,2022-03-17 09:09:37
1647508177535284000,37.3,3,37.25,2,37.3,2,1,2022-03-17 09:09:37
1647508178702741000,37.3,1,37.25,2,37.3,1,1,2022-03-17 09:09:38
1647508178707593000,37.3,1,37.25,2,37.4,6,1,2022-03-17 09:09:38
1647508178818881000,37.4,1,37.25,2,37.4,5,1,2022-03-17 09:09:38
1647508178969100000,37.25,2,37.2,5,37.4,5,2,2022-03-17 09:09:38
1647508178969100000,37.2,1,37.2,5,37.4,5,2,2022-03-17 09:09:38
1647508179233975000,37.4,1,37.2,5,37.4,4,1,2022-03-17 09:09:39
1647508179527380000,37.35,1,37.2,5,37.4,4,2,2022-03-17 09:09:39
1647508180950144000,37.35,1,37.2,5,37.4,7,1,2022-03-17 09:09:40
1647508183579576000,37.3,7,37.2,4,37.35,3,2,2022-03-17 09:09:43
1647508183653569000,37.35,1,37.2,4,37.35,2,1,2022-03-17 09:09:43
1647508184676965000,37.3,1,37.2,4,37.35,4,1,2022-03-17 09:09:44
1647508185442700000,37.35,1,37.2,5,37.35,8,1,2022-03-17 09:09:45
1647508186418119000,37.3,3,37.2,8,37.35,12,2,2022-03-17 09:09:46
1647508186709353000,37.3,2,37.2,8,37.35,12,1,2022-03-17 09:09:46
1647508186797621000,37.3,1,37.2,8,37.3,9,1,2022-03-17 09:09:46
1647508187499405000,37.3,3,37.2,8,37.3,8,1,2022-03-17 09:09:47
1647508188281144000,37.3,1,37.2,9,37.3,12,1,2022-03-17 09:09:48
1647508188327355000,37.3,1,37.2,9,37.3,11,1,2022-03-17 09:09:48
1647508188445710000,37.3,2,37.2,9,37.3,9,1,2022-03-17 09:09:48
1647508189091246000,37.3,1,37.2,9,37.3,8,1,2022-03-17 09:09:49
1647508189375582000,37.3,1,37.2,9,37.3,7,1,2022-03-17 09:09:49
1647508190668347000,37.3,1,37.2,12,37.3,7,1,2022-03-17 09:09:50
1647508191390927000,37.3,1,37.2,12,37.3,27,1,2022-03-17 09:09:51
1647508191755836000,37.3,10,37.2,12,37.3,17,1,2022-03-17 09:09:51
1647508191807522000,37.3,3,37.2,12,37.3,14,1,2022-03-17 09:09:51
1647508194577880000,37.3,1,37.25,3,37.3,34,1,2022-03-17 09:09:54
1647508194787043000,37.3,4,37.25,3,37.3,30,1,2022-03-17 09:09:54
1647508194884482000,37.3,1,37.25,3,37.3,29,1,2022-03-17 09:09:54
1647508194937767000,37.3,1,37.25,3,37.3,28,1,2022-03-17 09:09:54
1647508195165243000,37.3,1,37.25,3,37.3,27,1,2022-03-17 09:09:55
1647508195332072000,37.25,5,37.25,1,37.3,30,2,2022-03-17 09:09:55
1647508195369065000,37.25,1,37.2,15,37.3,30,2,2022-03-17 09:09:55
1647508195917896000,37.3,1,37.2,15,37.3,31,1,2022-03-17 09:09:55
1647508196324397000,37.3,1,37.2,15,37.3,31,1,2022-03-17 09:09:56
1647508196883756000,37.3,1,37.2,15,37.3,30,1,2022-03-17 09:09:56
1647508197698470000,37.3,10,37.2,15,37.3,22,1,2022-03-17 09:09:57
1647508198210144000,37.25,1,37.2,15,37.3,21,1,2022-03-17 09:09:58
1647508198210144000,37.3,1,37.2,15,37.3,21,1,2022-03-17 09:09:58
1647508198476798000,37.3,1,37.25,1,37.3,20,1,2022-03-17 09:09:58
1647508199006412000,37.25,1,37.2,15,37.3,21,2,2022-03-17 09:09:59
1647508200645856000,37.25,1,37.2,15,37.3,21,1,2022-03-17 09:10:00
1647508200645856000,37.3,1,37.2,15,37.3,21,1,2022-03-17 09:10:00
1647508200826815000,37.3,1,37.2,15,37.3,20,1,2022-03-17 09:10:00
1647508202129032000,37.25,1,37.2,15,37.25,2,1,2022-03-17 09:10:02
1647508202160893000,37.2,1,37.2,14,37.25,2,2,2022-03-17 09:10:02
1647508203905932000,37.25,1,37.2,10,37.25,4,1,2022-03-17 09:10:03
1647508204320987000,37.25,1,37.2,10,37.25,4,1,2022-03-17 09:10:04
1647508205315358000,37.25,4,37.2,10,37.25,5,1,2022-03-17 09:10:05
1647508207878446000,37.25,1,37.2,11,37.25,19,1,2022-03-17 09:10:07
1647508207917131000,37.25,2,37.2,11,37.25,17,1,2022-03-17 09:10:07
1647508208281414000,37.25,1,37.2,11,37.25,16,1,2022-03-17 09:10:08
1647508208494621000,37.25,7,37.2,12,37.25,10,1,2022-03-17 09:10:08
1647508208570793000,37.2,1,37.2,11,37.25,10,2,2022-03-17 09:10:08
1647508208657644000,37.25,1,37.2,11,37.25,9,1,2022-03-17 09:10:08
1647508209185456000,37.2,4,37.2,7,37.25,9,2,2022-03-17 09:10:09
1647508212452053000,37.2,1,37.2,11,37.25,9,2,2022-03-17 09:10:12
1647508212759594000,37.2,2,37.2,9,37.25,10,2,2022-03-17 09:10:12
1647508213678988000,37.2,1,37.2,9,37.25,11,2,2022-03-17 09:10:13
1647508213792170000,37.25,1,37.2,9,37.25,10,1,2022-03-17 09:10:13
1647508214807397000,37.25,5,37.2,9,37.25,10,1,2022-03-17 09:10:14
1647508214870141000,37.2,1,37.2,8,37.25,10,2,2022-03-17 09:10:14
1647508215191914000,37.2,1,37.2,7,37.25,10,2,2022-03-17 09:10:15
1647508215240677000,37.2,7,37.15,2,37.25,10,2,2022-03-17 09:10:15
1647508218221334000,37.15,1,37.15,1,37.2,8,2,2022-03-17 09:10:18
1647508218257141000,37.15,1,37.1,15,37.2,9,2,2022-03-17 09:10:18
1647508219091525000,37.2,4,37.1,15,37.2,6,1,2022-03-17 09:10:19
1647508222991391000,37.15,1,37.1,15,37.15,9,1,2022-03-17 09:10:22
1647508223849881000,37.15,2,37.1,17,37.15,7,1,2022-03-17 09:10:23
1647508224552007000,37.15,1,37.1,17,37.15,6,1,2022-03-17 09:10:24
1647508224976452000,37.15,1,37.1,17,37.15,5,1,2022-03-17 09:10:24
1647508226358140000,37.15,1,37.1,21,37.15,5,1,2022-03-17 09:10:26
1647508226580747000,37.1,3,37.1,18,37.15,5,2,2022-03-17 09:10:26
1647508226671136000,37.1,14,37.1,4,37.15,5,2,2022-03-17 09:10:26
1647508226674403000,37.1,3,37.1,1,37.15,5,2,2022-03-17 09:10:26
1647508226694994000,37.1,1,37.05,3,37.15,5,2,2022-03-17 09:10:26
1647508226902736000,37.05,3,37.0,26,37.1,4,2,2022-03-17 09:10:26
1647508226902736000,37.0,2,37.0,26,37.1,4,2,2022-03-17 09:10:26
1647508226961213000,37.0,8,37.0,18,37.05,1,2,2022-03-17 09:10:26
1647508229705446000,37.05,1,37.0,18,37.1,4,1,2022-03-17 09:10:29
1647508230098872000,37.0,1,37.0,17,37.1,4,2,2022-03-17 09:10:30
1647508231176726000,37.1,1,37.05,1,37.1,3,1,2022-03-17 09:10:31
1647508233101614000,37.05,1,37.0,18,37.1,3,2,2022-03-17 09:10:33
1647508233855856000,37.1,4,37.0,18,37.1,4,1,2022-03-17 09:10:33
1647508235709271000,37.1,2,37.05,15,37.1,2,1,2022-03-17 09:10:35
1647508235740075000,37.1,2,37.05,15,37.15,9,1,2022-03-17 09:10:35
1647508235900650000,37.05,13,37.05,2,37.15,9,2,2022-03-17 09:10:35
1647508235931641000,37.05,2,37.0,43,37.15,9,2,2022-03-17 09:10:35
1647508236496208000,37.1,2,37.05,7,37.1,4,1,2022-03-17 09:10:36
1647508236565757000,37.05,1,37.05,6,37.1,4,2,2022-03-17 09:10:36
1647508237099888000,37.1,4,37.05,6,37.15,9,1,2022-03-17 09:10:37
1647508237185638000,37.15,4,37.05,6,37.15,5,1,2022-03-17 09:10:37
1647508237396116000,37.1,1,37.05,6,37.15,5,1,2022-03-17 09:10:37
1647508237909230000,37.1,2,37.05,6,37.1,1,1,2022-03-17 09:10:37
1647508237947260000,37.1,1,37.05,6,37.15,3,1,2022-03-17 09:10:37
1647508238536581000,37.05,3,37.05,3,37.1,20,2,2022-03-17 09:10:38
1647508239356760000,37.05,1,37.05,2,37.1,20,2,2022-03-17 09:10:39
1647508239813410000,37.1,1,37.05,3,37.1,19,1,2022-03-17 09:10:39
1647508239865553000,37.05,1,37.05,2,37.1,22,2,2022-03-17 09:10:39
1647508240240330000,37.1,10,37.05,2,37.1,12,1,2022-03-17 09:10:40
1647508240353546000,37.1,1,37.05,2,37.1,11,1,2022-03-17 09:10:40
1647508240917796000,37.05,2,37.0,44,37.05,3,2,2022-03-17 09:10:40
1647508240961390000,37.05,1,37.0,44,37.05,2,1,2022-03-17 09:10:40
1647508240996099000,37.05,2,37.0,44,37.1,11,1,2022-03-17 09:10:40
1647508241566659000,37.1,1,37.05,2,37.1,10,1,2022-03-17 09:10:41
1647508243492856000,37.1,4,37.05,4,37.1,11,1,2022-03-17 09:10:43
1647508245343659000,37.1,1,37.05,4,37.1,15,1,2022-03-17 09:10:45
1647508246928390000,37.1,1,37.05,5,37.1,11,1,2022-03-17 09:10:46
1647508251689939000,37.1,4,37.05,5,37.1,17,1,2022-03-17 09:10:51
1647508251796679000,37.05,3,37.05,2,37.1,17,2,2022-03-17 09:10:51
1647508251850768000,37.05,1,37.05,1,37.1,17,2,2022-03-17 09:10:51
1647508254125881000,37.05,2,37.05,2,37.1,21,2,2022-03-17 09:10:54
1647508256118199000,37.05,2,37.0,45,37.1,24,2,2022-03-17 09:10:56
1647508256118199000,37.0,1,37.0,45,37.1,24,2,2022-03-17 09:10:56
1647508263159737000,37.0,1,37.0,46,37.05,21,2,2022-03-17 09:11:03
1647508263772894000,37.0,2,37.0,44,37.05,21,2,2022-03-17 09:11:03
1647508263798501000,37.0,11,37.0,33,37.05,21,2,2022-03-17 09:11:03
1647508265353038000,37.0,3,37.0,5,37.05,21,2,2022-03-17 09:11:05
1647508265372926000,37.0,1,37.0,4,37.05,21,2,2022-03-17 09:11:05
1647508265382915000,37.0,4,36.95,17,37.05,21,2,2022-03-17 09:11:05
1647508266589375000,37.0,8,36.95,17,37.0,18,1,2022-03-17 09:11:06
1647508268773503000,36.95,1,36.95,16,37.0,25,2,2022-03-17 09:11:08
1647508268813934000,36.95,1,36.95,15,37.0,25,2,2022-03-17 09:11:08
1647508269603427000,36.95,5,36.95,10,37.0,35,2,2022-03-17 09:11:09
1647508269644667000,36.95,1,36.95,9,37.0,35,2,2022-03-17 09:11:09
1647508269655654000,36.95,1,36.95,8,37.0,35,2,2022-03-17 09:11:09
1647508269674227000,36.95,1,36.95,7,37.0,35,2,2022-03-17 09:11:09
1647508269708997000,36.95,3,36.95,4,37.0,35,2,2022-03-17 09:11:09
1647508269742776000,36.95,1,36.95,3,37.0,35,2,2022-03-17 09:11:09
1647508270091204000,37.0,4,36.95,3,37.0,31,1,2022-03-17 09:11:10
1647508270139655000,36.95,1,36.95,2,37.0,31,2,2022-03-17 09:11:10
1647508270429417000,36.95,2,36.9,26,37.0,31,2,2022-03-17 09:11:10
1647508271124007000,36.9,5,36.9,21,36.95,2,2,2022-03-17 09:11:11
1647508271166365000,36.9,1,36.9,20,36.95,2,2,2022-03-17 09:11:11
1647508271184588000,36.9,1,36.9,19,36.95,2,2,2022-03-17 09:11:11
1647508271515894000,36.9,2,36.9,17,36.95,2,2,2022-03-17 09:11:11
1647508272497528000,36.95,2,36.9,17,37.0,31,1,2022-03-17 09:11:12
1647508272497528000,37.0,8,36.9,17,37.0,31,1,2022-03-17 09:11:12
1647508275277166000,36.9,1,36.9,18,37.0,32,2,2022-03-17 09:11:15
1647508276036270000,36.95,1,36.9,16,37.0,33,2,2022-03-17 09:11:16
1647508276036270000,36.9,2,36.9,16,37.0,33,2,2022-03-17 09:11:16
1647508278650926000,36.95,1,36.9,17,37.0,34,1,2022-03-17 09:11:18
1647508280846789000,36.9,1,36.9,19,36.95,9,2,2022-03-17 09:11:20
1647508283755040000,36.95,9,37.0,7,37.05,15,1,2022-03-17 09:11:23
1647508283755040000,37.0,34,37.0,7,37.05,15,1,2022-03-17 09:11:23
1647508284224315000,37.0,1,37.0,6,37.05,13,2,2022-03-17 09:11:24
1647508284430478000,37.0,5,37.0,1,37.05,13,2,2022-03-17 09:11:24
1647508284485803000,37.0,1,36.9,19,37.05,13,2,2022-03-17 09:11:24
1647508284864806000,36.9,1,36.9,18,37.05,13,2,2022-03-17 09:11:24
1647508285160824000,36.95,2,36.9,18,37.05,13,1,2022-03-17 09:11:25
1647508287505901000,36.95,1,36.95,3,37.0,4,2,2022-03-17 09:11:27
1647508287528613000,36.95,1,36.95,2,37.0,4,2,2022-03-17 09:11:27
1647508287530462000,36.95,1,36.95,1,37.0,4,2,2022-03-17 09:11:27
1647508290155081000,36.95,1,36.95,2,37.0,4,2,2022-03-17 09:11:30
1647508290581999000,37.0,2,36.95,4,37.0,2,1,2022-03-17 09:11:30
1647508290617345000,37.0,2,36.95,4,37.05,13,1,2022-03-17 09:11:30
1647508291621926000,36.95,5,36.95,2,37.05,13,2,2022-03-17 09:11:31
1647508297248184000,37.0,1,36.95,4,37.0,14,1,2022-03-17 09:11:37
1647508297319682000,37.0,1,36.95,4,37.0,13,1,2022-03-17 09:11:37
1647508299865748000,37.0,1,36.95,7,37.0,12,1,2022-03-17 09:11:39
1647508300494888000,37.0,1,36.95,7,37.0,11,1,2022-03-17 09:11:40
1647508304233470000,37.0,10,36.95,9,37.0,1,1,2022-03-17 09:11:44
1647508304266853000,37.0,1,36.95,9,37.05,13,1,2022-03-17 09:11:44
1647508305562995000,37.05,4,36.95,11,37.05,9,1,2022-03-17 09:11:45
1647508305588116000,37.05,9,36.95,11,37.1,17,1,2022-03-17 09:11:45
1647508315891551000,37.05,2,37.05,5,37.1,26,2,2022-03-17 09:11:55
1647508318020912000,37.05,1,37.05,16,37.1,26,2,2022-03-17 09:11:58
1647508320322285000,37.1,2,37.05,16,37.1,25,1,2022-03-17 09:12:00
1647508320827293000,37.05,15,37.05,2,37.1,25,2,2022-03-17 09:12:00
1647508322137344000,37.1,24,37.05,2,37.15,25,1,2022-03-17 09:12:02
1647508324843091000,37.1,1,37.05,2,37.15,25,2,2022-03-17 09:12:04
1647508330186977000,37.1,1,37.05,6,37.1,1,1,2022-03-17 09:12:10
1647508330227059000,37.1,1,37.05,6,37.15,35,1,2022-03-17 09:12:10
1647508334238394000,37.1,2,37.05,12,37.1,3,1,2022-03-17 09:12:14
1647508334271431000,37.1,3,37.05,12,37.15,35,1,2022-03-17 09:12:14
1647508335856588000,37.1,2,37.05,12,37.1,2,1,2022-03-17 09:12:15
1647508335894071000,37.1,2,37.05,12,37.15,36,1,2022-03-17 09:12:15
1647508338832462000,37.1,1,37.1,9,37.15,38,2,2022-03-17 09:12:18
1647508339574148000,37.15,3,37.1,12,37.15,35,1,2022-03-17 09:12:19
1647508344182800000,37.15,1,37.1,15,37.15,35,1,2022-03-17 09:12:24
1647508346812077000,37.1,1,37.1,15,37.15,35,2,2022-03-17 09:12:26
1647508351946435000,37.15,2,37.1,17,37.15,33,1,2022-03-17 09:12:31
1647508351972404000,37.15,7,37.1,17,37.15,26,1,2022-03-17 09:12:31
1647508352818654000,37.15,1,37.1,17,37.15,25,1,2022-03-17 09:12:32
1647508352854822000,37.15,21,37.1,17,37.15,4,1,2022-03-17 09:12:32
1647508352886094000,37.15,4,37.1,17,37.2,6,1,2022-03-17 09:12:32
1647508352886094000,37.2,6,37.1,17,37.2,6,1,2022-03-17 09:12:32
1647508352887605000,37.2,5,37.15,1,37.2,1,1,2022-03-17 09:12:32
1647508352923397000,37.2,1,37.15,1,37.25,12,1,2022-03-17 09:12:32
1647508352962637000,37.15,1,37.1,17,37.25,10,2,2022-03-17 09:12:32
1647508354115688000,37.25,1,37.15,8,37.25,9,1,2022-03-17 09:12:34
1647508357238330000,37.25,1,37.15,10,37.25,8,1,2022-03-17 09:12:37
1647508357850239000,37.25,1,37.2,4,37.25,7,1,2022-03-17 09:12:37
1647508358398109000,37.25,2,37.2,4,37.25,5,1,2022-03-17 09:12:38
1647508358430362000,37.25,5,37.2,4,37.3,22,1,2022-03-17 09:12:38
1647508362201650000,37.3,1,37.25,12,37.3,23,1,2022-03-17 09:12:42
1647508362287168000,37.3,2,37.25,13,37.3,21,1,2022-03-17 09:12:42
1647508362697360000,37.25,1,37.25,12,37.3,21,2,2022-03-17 09:12:42
1647508364034117000,37.25,1,37.25,11,37.3,21,2,2022-03-17 09:12:44
1647508364633363000,37.3,2,37.25,11,37.3,19,1,2022-03-17 09:12:44
1647508366436502000,37.3,1,37.25,12,37.3,18,1,2022-03-17 09:12:46
1647508366573941000,37.3,1,37.25,12,37.3,17,1,2022-03-17 09:12:46
1647508369473543000,37.3,5,37.25,12,37.3,14,1,2022-03-17 09:12:49
1647508370013883000,37.3,1,37.25,12,37.3,13,1,2022-03-17 09:12:50
1647508370191209000,37.3,1,37.25,12,37.3,12,1,2022-03-17 09:12:50
1647508370203790000,37.3,2,37.25,12,37.3,10,1,2022-03-17 09:12:50
1647508370545412000,37.3,2,37.25,12,37.3,8,1,2022-03-17 09:12:50
1647508371154970000,37.3,1,37.25,12,37.3,7,1,2022-03-17 09:12:51
1647508371853235000,37.3,1,37.25,12,37.3,6,1,2022-03-17 09:12:51
1647508372162480000,37.3,1,37.25,11,37.3,5,1,2022-03-17 09:12:52
1647508372893705000,37.3,1,37.25,12,37.3,4,1,2022-03-17 09:12:52
1647508373088547000,37.3,3,37.25,12,37.3,1,1,2022-03-17 09:12:53
1647508373126845000,37.3,1,37.25,12,37.35,13,1,2022-03-17 09:12:53
1647508373855475000,37.3,2,37.25,14,37.35,13,2,2022-03-17 09:12:53
1647508374344843000,37.35,1,37.3,1,37.35,12,1,2022-03-17 09:12:54
1647508374403477000,37.35,1,37.3,1,37.35,11,1,2022-03-17 09:12:54
1647508374412422000,37.35,1,37.3,1,37.35,10,1,2022-03-17 09:12:54
1647508375098098000,37.35,1,37.3,5,37.35,9,1,2022-03-17 09:12:55
1647508375175789000,37.35,1,37.3,5,37.35,8,1,2022-03-17 09:12:55
1647508376802062000,37.35,2,37.3,14,37.35,6,1,2022-03-17 09:12:56
1647508379796893000,37.35,5,37.3,22,37.35,1,1,2022-03-17 09:12:59
1647508379828114000,37.35,1,37.3,22,37.4,9,1,2022-03-17 09:12:59
1647508381886786000,37.4,2,37.35,22,37.4,9,1,2022-03-17 09:13:01
1647508382246412000,37.4,2,37.35,23,37.4,7,1,2022-03-17 09:13:02
1647508383332005000,37.35,1,37.35,22,37.4,7,2,2022-03-17 09:13:03
1647508383410889000,37.4,7,37.35,23,37.45,6,1,2022-03-17 09:13:03
1647508383410889000,37.45,1,37.35,23,37.45,6,1,2022-03-17 09:13:03
1647508383583761000,37.45,1,37.35,23,37.45,5,1,2022-03-17 09:13:03
1647508383701230000,37.45,1,37.35,25,37.45,4,1,2022-03-17 09:13:03
1647508383747053000,37.45,2,37.35,25,37.45,2,1,2022-03-17 09:13:03
1647508384389144000,37.45,1,37.4,15,37.45,1,1,2022-03-17 09:13:04
1647508385652245000,37.45,1,37.4,18,37.5,32,1,2022-03-17 09:13:05
1647508386427542000,37.4,1,37.4,17,37.5,32,2,2022-03-17 09:13:06
1647508386976265000,37.4,1,37.4,19,37.45,21,2,2022-03-17 09:13:06
1647508387165907000,37.4,2,37.4,18,37.45,21,2,2022-03-17 09:13:07
1647508387196414000,37.4,18,37.35,18,37.45,21,2,2022-03-17 09:13:07
1647508388155807000,37.35,1,37.35,17,37.4,8,2,2022-03-17 09:13:08
1647508388210794000,37.4,2,37.35,17,37.4,6,1,2022-03-17 09:13:08
1647508388270862000,37.4,4,37.35,17,37.4,2,1,2022-03-17 09:13:08
1647508389134233000,37.4,1,37.35,16,37.4,7,1,2022-03-17 09:13:09
1647508389808507000,37.4,1,37.35,15,37.4,6,1,2022-03-17 09:13:09
1647508389899705000,37.35,6,37.35,9,37.4,6,2,2022-03-17 09:13:09
1647508389929263000,37.35,9,37.3,19,37.4,6,2,2022-03-17 09:13:09
1647508390543217000,37.3,3,37.3,15,37.4,6,2,2022-03-17 09:13:10
1647508390547587000,37.4,1,37.3,15,37.4,5,1,2022-03-17 09:13:10
1647508390579805000,37.3,15,37.25,6,37.4,5,2,2022-03-17 09:13:10
1647508391107452000,37.25,2,37.25,4,37.35,5,2,2022-03-17 09:13:11
1647508391128469000,37.25,4,37.2,3,37.35,5,2,2022-03-17 09:13:11
1647508391429360000,37.35,1,37.2,3,37.35,5,1,2022-03-17 09:13:11
1647508397827079000,37.3,2,37.15,2,37.3,15,1,2022-03-17 09:13:17
1647508400187714000,37.3,1,37.25,3,37.3,12,1,2022-03-17 09:13:20
1647508401354166000,37.3,1,37.25,3,37.3,10,1,2022-03-17 09:13:21
1647508403140200000,37.3,1,37.25,3,37.3,5,1,2022-03-17 09:13:23
1647508403205465000,37.25,1,37.25,2,37.3,5,2,2022-03-17 09:13:23
1647508403242920000,37.25,1,37.25,1,37.3,5,2,2022-03-17 09:13:23
1647508403267564000,37.25,1,37.2,3,37.3,5,2,2022-03-17 09:13:23
1647508404873059000,37.25,1,37.2,3,37.3,8,1,2022-03-17 09:13:24
1647508408519470000,37.2,3,37.2,1,37.25,12,2,2022-03-17 09:13:28
1647508410674156000,37.2,1,37.15,4,37.25,12,2,2022-03-17 09:13:30
1647508410674156000,37.15,1,37.15,4,37.25,12,2,2022-03-17 09:13:30
1647508411979416000,37.2,1,37.15,4,37.2,4,1,2022-03-17 09:13:31
1647508415506756000,37.2,1,37.15,4,37.2,6,1,2022-03-17 09:13:35
1647508416181326000,37.15,1,37.15,3,37.2,6,2,2022-03-17 09:13:36
1647508416334033000,37.2,6,37.2,4,37.25,32,1,2022-03-17 09:13:36
1647508416394094000,37.2,1,37.2,3,37.25,32,2,2022-03-17 09:13:36
1647508416430297000,37.2,1,37.2,2,37.25,32,2,2022-03-17 09:13:36
1647508416461030000,37.2,1,37.2,1,37.25,32,2,2022-03-17 09:13:36
1647508416989046000,37.2,1,37.15,3,37.25,32,2,2022-03-17 09:13:36
1647508417085915000,37.15,1,37.15,2,37.25,32,2,2022-03-17 09:13:37
1647508423595776000,37.15,5,37.1,9,37.2,21,2,2022-03-17 09:13:43
1647508428030771000,37.15,1,37.15,1,37.2,29,2,2022-03-17 09:13:48
1647508428696239000,37.15,1,37.1,4,37.2,29,2,2022-03-17 09:13:48
1647508430995352000,37.1,2,37.1,2,37.15,6,2,2022-03-17 09:13:50
1647508431253531000,37.15,1,37.1,2,37.15,5,1,2022-03-17 09:13:51
1647508432307660000,37.15,1,37.1,2,37.15,4,1,2022-03-17 09:13:52
1647508433714860000,37.1,1,37.1,5,37.15,14,2,2022-03-17 09:13:53
1647508435244382000,37.1,3,37.1,3,37.15,14,2,2022-03-17 09:13:55
1647508440949480000,37.1,2,37.1,1,37.15,20,2,2022-03-17 09:14:00
1647508441274575000,37.15,10,37.1,1,37.15,10,1,2022-03-17 09:14:01
1647508441312250000,37.1,1,37.05,23,37.15,10,2,2022-03-17 09:14:01
1647508443490192000,37.1,4,37.05,23,37.1,3,1,2022-03-17 09:14:03
1647508444412441000,37.1,2,37.05,23,37.1,1,1,2022-03-17 09:14:04
1647508446769224000,37.1,1,37.05,23,37.1,1,1,2022-03-17 09:14:06
1647508446813301000,37.1,1,37.1,3,37.15,10,1,2022-03-17 09:14:06
1647508447195311000,37.1,2,37.1,1,37.15,8,2,2022-03-17 09:14:07
1647508451213245000,37.1,1,37.1,14,37.15,8,2,2022-03-17 09:14:11
1647508451929511000,37.15,5,37.1,14,37.15,3,1,2022-03-17 09:14:11
1647508451961821000,37.15,3,37.1,14,37.2,26,1,2022-03-17 09:14:11
1647508453474877000,37.15,1,37.1,14,37.2,24,1,2022-03-17 09:14:13
1647508453605284000,37.1,14,37.05,15,37.2,24,2,2022-03-17 09:14:13
1647508457445676000,37.15,1,37.1,12,37.2,24,1,2022-03-17 09:14:17
1647508457967195000,37.1,10,37.1,2,37.15,2,2,2022-03-17 09:14:17
1647508457997430000,37.1,1,37.1,1,37.15,2,2,2022-03-17 09:14:17
1647508458021088000,37.1,1,37.05,17,37.15,2,2,2022-03-17 09:14:18
1647508458370864000,37.1,1,37.05,15,37.1,1,1,2022-03-17 09:14:18
1647508458400834000,37.05,1,37.05,14,37.1,1,2,2022-03-17 09:14:18
1647508459441587000,37.1,1,37.05,14,37.1,1,1,2022-03-17 09:14:19
1647508461222250000,37.05,11,37.05,3,37.1,11,2,2022-03-17 09:14:21
1647508461814269000,37.05,1,37.05,2,37.1,10,2,2022-03-17 09:14:21
1647508465157260000,37.05,1,37.05,1,37.1,11,2,2022-03-17 09:14:25
1647508465202271000,37.05,1,37.0,35,37.1,11,2,2022-03-17 09:14:25
1647508466863944000,37.0,1,37.0,35,37.1,13,2,2022-03-17 09:14:26
1647508467562477000,37.05,3,37.0,35,37.05,8,1,2022-03-17 09:14:27
1647508467679041000,37.05,5,37.0,35,37.05,3,1,2022-03-17 09:14:27
1647508467710215000,37.05,3,37.0,35,37.1,3,1,2022-03-17 09:14:27
1647508469355008000,37.05,1,37.0,35,37.1,3,1,2022-03-17 09:14:29
1647508471456142000,37.1,1,37.05,10,37.15,3,1,2022-03-17 09:14:31
1647508471456142000,37.15,4,37.05,10,37.15,3,1,2022-03-17 09:14:31
1647508471803003000,37.05,6,37.05,4,37.15,5,2,2022-03-17 09:14:31
1647508471842116000,37.05,4,37.0,35,37.15,5,2,2022-03-17 09:14:31
1647508474667930000,37.05,1,37.05,2,37.1,1,2,2022-03-17 09:14:34
1647508475452046000,37.05,1,37.05,2,37.1,1,2,2022-03-17 09:14:35
1647508480038580000,37.05,1,37.05,4,37.1,13,2,2022-03-17 09:14:40
1647508483147431000,37.05,1,37.05,3,37.1,13,2,2022-03-17 09:14:43
1647508483380734000,37.05,1,37.05,2,37.1,13,2,2022-03-17 09:14:43
1647508487318521000,37.05,2,37.05,7,37.1,13,2,2022-03-17 09:14:47
1647508495190204000,37.05,1,37.05,9,37.1,13,2,2022-03-17 09:14:55
1647508498057106000,37.1,1,37.05,9,37.1,12,1,2022-03-17 09:14:58
1647508503235896000,37.1,12,37.05,10,37.15,5,1,2022-03-17 09:15:03
1647508503356263000,37.1,1,37.05,10,37.15,5,1,2022-03-17 09:15:03
1647508503787167000,37.15,1,37.05,10,37.15,4,1,2022-03-17 09:15:03
1647508506447597000,37.15,2,37.1,16,37.15,2,1,2022-03-17 09:15:06
1647508512274169000,37.2,1,37.15,3,37.2,20,1,2022-03-17 09:15:12
1647508512561239000,37.2,1,37.15,2,37.2,19,1,2022-03-17 09:15:12
1647508514337022000,37.15,1,37.15,2,37.2,19,2,2022-03-17 09:15:14
1647508522937869000,37.15,1,37.15,6,37.2,19,2,2022-03-17 09:15:22
1647508531857866000,37.15,2,37.15,5,37.2,19,2,2022-03-17 09:15:31
1647508531887600000,37.15,5,37.1,19,37.2,19,2,2022-03-17 09:15:31
1647508534259502000,37.15,1,37.15,2,37.2,19,2,2022-03-17 09:15:34
1647508536031954000,37.15,2,37.1,18,37.2,31,2,2022-03-17 09:15:36
1647508537363785000,37.15,1,37.1,20,37.2,31,2,2022-03-17 09:15:37
1647508537613815000,37.1,1,37.1,19,37.2,31,2,2022-03-17 09:15:37
1647508545527137000,37.1,1,37.1,17,37.15,13,2,2022-03-17 09:15:45
1647508547423907000,37.1,1,37.1,16,37.15,13,2,2022-03-17 09:15:47
1647508548368520000,37.1,7,37.05,16,37.15,13,2,2022-03-17 09:15:48
1647508549366379000,37.1,1,37.05,16,37.15,17,2,2022-03-17 09:15:49
1647508552229046000,37.05,13,37.0,64,37.15,17,2,2022-03-17 09:15:52
1647508552229046000,37.0,17,37.0,64,37.15,17,2,2022-03-17 09:15:52
1647508557639472000,37.05,3,37.0,63,37.1,3,1,2022-03-17 09:15:57
1647508561355667000,37.05,1,37.0,63,37.05,1,1,2022-03-17 09:16:01
1647508563435441000,37.05,1,37.0,63,37.05,3,1,2022-03-17 09:16:03
1647508563835278000,37.0,2,37.0,61,37.05,3,2,2022-03-17 09:16:03
1647508568635870000,37.0,1,37.0,63,37.05,3,2,2022-03-17 09:16:08
1647508569582018000,37.05,3,37.05,2,37.1,5,1,2022-03-17 09:16:09
1647508571283543000,37.05,2,37.05,11,37.1,4,2,2022-03-17 09:16:11
1647508573739798000,37.05,10,37.05,1,37.1,4,2,2022-03-17 09:16:13
1647508573772810000,37.05,1,37.0,65,37.1,5,2,2022-03-17 09:16:13
1647508582353630000,37.05,1,37.0,64,37.05,1,1,2022-03-17 09:16:22
1647508586790317000,37.05,1,37.0,65,37.05,5,1,2022-03-17 09:16:26
1647508595623406000,37.05,2,37.0,67,37.05,6,1,2022-03-17 09:16:35
1647508598260788000,37.05,2,37.0,68,37.05,4,1,2022-03-17 09:16:38
1647508600137629000,37.0,1,37.0,67,37.05,2,2,2022-03-17 09:16:40
1647508600893149000,37.05,1,37.0,67,37.05,3,1,2022-03-17 09:16:40
1647508600954682000,37.05,1,37.0,67,37.05,2,1,2022-03-17 09:16:40
1647508600970681000,37.05,1,37.0,67,37.05,1,1,2022-03-17 09:16:40
1647508607057447000,37.0,30,37.0,45,37.05,1,2,2022-03-17 09:16:47
1647508607098948000,37.0,42,37.0,3,37.05,5,2,2022-03-17 09:16:47
1647508607119737000,37.0,3,36.95,10,37.05,5,2,2022-03-17 09:16:47
1647508607810655000,37.0,1,36.95,10,37.0,4,1,2022-03-17 09:16:47
1647508611158243000,36.95,5,36.95,4,37.0,6,2,2022-03-17 09:16:51
1647508611196496000,36.95,2,36.95,2,37.0,6,2,2022-03-17 09:16:51
1647508611226949000,36.95,2,36.9,52,37.0,6,2,2022-03-17 09:16:51
1647508611447005000,36.9,1,36.9,51,36.95,3,2,2022-03-17 09:16:51
1647508611581096000,36.9,1,36.9,50,36.95,3,2,2022-03-17 09:16:51
