symbol,datetime,NaOb_r,NbOa_r,NaOb_s,NbOa_s,bid1,ask1,odd_bid1,odd_ask1,bidQty1,askQty1,odd_bidQty1,odd_askQty1,simulate,triggerbyOdd
2317,2022-10-26 09:39:27.055453,-0.004830917874396157,-0.004830917874396157,-0.5,-0.5,103.0,103.5,103.0,103.5,2177.0,1461.0,16290.0,9022.0,True,True
2317,2022-10-26 09:39:30.943136,-0.004830917874396157,-0.004830917874396157,-0.5,-0.5,103.0,103.5,103.0,103.5,2178.0,1461.0,16290.0,9022.0,False,False
2317,2022-10-26 09:39:31.123449,-0.004830917874396157,-0.004830917874396157,-0.5,-0.5,103.0,103.5,103.0,103.5,2178.0,1458.0,16290.0,9022.0,False,False
2317,2022-10-26 09:39:32.603795,-0.004830917874396157,-0.004830917874396157,-0.5,-0.5,103.0,103.5,103.0,103.5,2178.0,1458.0,16290.0,9022.0,False,False
2317,2022-10-26 09:39:32.779580,-0.004830917874396157,-0.004830917874396157,-0.5,-0.5,103.0,103.5,103.0,103.5,2178.0,1455.0,16290.0,9022.0,False,False
2317,2022-10-26 09:39:33.054485,-0.004830917874396157,-0.004830917874396157,-0.5,-0.5,103.0,103.5,103.0,103.5,2178.0,1455.0,16290.0,9022.0,False,False
2317,2022-10-26 09:39:33.898166,-0.004830917874396157,-0.004830917874396157,-0.5,-0.5,103.0,103.5,103.0,103.5,2181.0,1455.0,16290.0,9022.0,False,False
2317,2022-10-26 09:39:33.990670,-0.004830917874396157,-0.004830917874396157,-0.5,-0.5,103.0,103.5,103.0,103.5,2180.0,1455.0,16290.0,9022.0,False,False
2317,2022-10-26 09:39:34.723981,-0.004830917874396157,-0.004830917874396157,-0.5,-0.5,103.0,103.5,103.0,103.5,2180.0,1455.0,16290.0,9022.0,False,False
2317,2022-10-26 09:39:35.250151,-0.004830917874396157,-0.004830917874396157,-0.5,-0.5,103.0,103.5,103.0,103.5,2180.0,1454.0,16290.0,9022.0,False,False
2317,2022-10-26 09:39:35.278739,-0.004830917874396157,-0.004830917874396157,-0.5,-0.5,103.0,103.5,103.0,103.5,2181.0,1454.0,16290.0,9022.0,False,False
2317,2022-10-26 09:39:36.660067,-0.004830917874396157,-0.004830917874396157,-0.5,-0.5,103.0,103.5,103.0,103.5,2181.0,1454.0,16290.0,9022.0,False,False
2317,2022-10-26 09:39:37.088570,-0.004830917874396157,-0.004830917874396157,-0.5,-0.5,103.0,103.5,103.0,103.5,2181.0,1454.0,16290.0,9040.0,True,True
2317,2022-10-26 09:39:37.153899,-0.004830917874396157,-0.004830917874396157,-0.5,-0.5,103.0,103.5,103.0,103.5,2182.0,1454.0,16290.0,9040.0,False,False
2317,2022-10-26 09:39:37.238525,-0.004830917874396157,-0.004830917874396157,-0.5,-0.5,103.0,103.5,103.0,103.5,2182.0,1454.0,16290.0,9040.0,False,False
2317,2022-10-26 09:39:38.021294,-0.004830917874396157,-0.004830917874396157,-0.5,-0.5,103.0,103.5,103.0,103.5,2182.0,1454.0,16290.0,9040.0,False,False
2317,2022-10-26 09:39:39.120992,-0.004830917874396157,-0.004830917874396157,-0.5,-0.5,103.0,103.5,103.0,103.5,2183.0,1454.0,16290.0,9040.0,False,False
2317,2022-10-26 09:39:39.846699,-0.004830917874396157,-0.004830917874396157,-0.5,-0.5,103.0,103.5,103.0,103.5,2183.0,1454.0,16290.0,9040.0,False,False
2317,2022-10-26 09:39:40.169110,-0.004830917874396157,-0.004830917874396157,-0.5,-0.5,103.0,103.5,103.0,103.5,2183.0,1452.0,16290.0,9040.0,False,False
2317,2022-10-26 09:39:40.941313,-0.004830917874396157,-0.004830917874396157,-0.5,-0.5,103.0,103.5,103.0,103.5,2183.0,1452.0,16290.0,9040.0,False,False
2317,2022-10-26 09:39:41.531771,-0.004830917874396157,-0.004830917874396157,-0.5,-0.5,103.0,103.5,103.0,103.5,2184.0,1452.0,16290.0,9040.0,False,False
2317,2022-10-26 09:39:41.856689,-0.004830917874396157,-0.004830917874396157,-0.5,-0.5,103.0,103.5,103.0,103.5,2184.0,1450.0,16290.0,9040.0,False,False
2317,2022-10-26 09:39:42.150589,-0.004830917874396157,-0.004830917874396157,-0.5,-0.5,103.0,103.5,103.0,103.5,2186.0,1450.0,16290.0,9040.0,False,False
2317,2022-10-26 09:39:44.160264,-0.004830917874396157,-0.004830917874396157,-0.5,-0.5,103.0,103.5,103.0,103.5,2186.0,1450.0,16290.0,9040.0,False,False
2317,2022-10-26 09:39:44.558852,-0.004830917874396157,-0.004830917874396157,-0.5,-0.5,103.0,103.5,103.0,103.5,2186.0,1450.0,16290.0,9040.0,False,False
2317,2022-10-26 09:39:45.875384,-0.004830917874396157,-0.004830917874396157,-0.5,-0.5,103.0,103.5,103.0,103.5,2186.0,1450.0,16290.0,9040.0,False,False
2317,2022-10-26 09:39:46.298003,-0.004830917874396157,-0.004830917874396157,-0.5,-0.5,103.0,103.5,103.0,103.5,2186.0,1450.0,16290.0,9040.0,False,False
2317,2022-10-26 09:39:46.876033,-0.004830917874396157,-0.004830917874396157,-0.5,-0.5,103.0,103.5,103.0,103.5,2186.0,1450.0,16290.0,9040.0,False,False
2317,2022-10-26 09:39:47.025037,-0.004830917874396157,-0.004830917874396157,-0.5,-0.5,103.0,103.5,103.0,103.5,2187.0,1450.0,16290.0,9040.0,False,False
2317,2022-10-26 09:39:47.117660,-0.004830917874396157,-0.004830917874396157,-0.5,-0.5,103.0,103.5,103.0,103.5,2187.0,1450.0,16290.0,9040.0,True,True
2317,2022-10-26 09:39:47.440297,-0.004830917874396157,-0.004830917874396157,-0.5,-0.5,103.0,103.5,103.0,103.5,2187.0,1450.0,16290.0,9040.0,False,False
2317,2022-10-26 09:39:47.711915,-0.004830917874396157,-0.004830917874396157,-0.5,-0.5,103.0,103.5,103.0,103.5,2188.0,1450.0,16290.0,9040.0,False,False
2317,2022-10-26 09:39:50.275997,-0.004830917874396157,-0.004830917874396157,-0.5,-0.5,103.0,103.5,103.0,103.5,2189.0,1450.0,16290.0,9040.0,False,False
2317,2022-10-26 09:39:50.730371,-0.004830917874396157,-0.004830917874396157,-0.5,-0.5,103.0,103.5,103.0,103.5,2190.0,1450.0,16290.0,9040.0,False,False
2317,2022-10-26 09:39:50.877982,-0.004830917874396157,-0.004830917874396157,-0.5,-0.5,103.0,103.5,103.0,103.5,2190.0,1446.0,16290.0,9040.0,False,False
2317,2022-10-26 09:39:52.783090,-0.004830917874396157,-0.004830917874396157,-0.5,-0.5,103.0,103.5,103.0,103.5,2190.0,1446.0,16290.0,9040.0,False,False
2317,2022-10-26 09:39:52.958264,-0.004830917874396157,-0.004830917874396157,-0.5,-0.5,103.0,103.5,103.0,103.5,2190.0,1446.0,16290.0,9040.0,False,False
2317,2022-10-26 09:39:55.499342,-0.004830917874396157,-0.004830917874396157,-0.5,-0.5,103.0,103.5,103.0,103.5,2190.0,1445.0,16290.0,9040.0,False,False
2317,2022-10-26 09:39:55.595571,-0.004830917874396157,-0.004830917874396157,-0.5,-0.5,103.0,103.5,103.0,103.5,2189.0,1445.0,16290.0,9040.0,False,False
2317,2022-10-26 09:39:56.569727,-0.004830917874396157,-0.004830917874396157,-0.5,-0.5,103.0,103.5,103.0,103.5,2189.0,1445.0,16290.0,9040.0,False,False
2317,2022-10-26 09:39:57.197982,-0.004830917874396157,-0.004830917874396157,-0.5,-0.5,103.0,103.5,103.0,103.5,2189.0,1445.0,16290.0,9030.0,True,True
2317,2022-10-26 09:39:57.756168,-0.004830917874396157,-0.004830917874396157,-0.5,-0.5,103.0,103.5,103.0,103.5,2190.0,1445.0,16290.0,9030.0,False,False
2317,2022-10-26 09:40:01.662390,-0.004830917874396157,-0.004830917874396157,-0.5,-0.5,103.0,103.5,103.0,103.5,2190.0,1443.0,16290.0,9030.0,False,False
2317,2022-10-26 09:40:03.176506,-0.004830917874396157,-0.004830917874396157,-0.5,-0.5,103.0,103.5,103.0,103.5,2191.0,1443.0,16290.0,9030.0,False,False
2317,2022-10-26 09:40:03.801375,-0.004830917874396157,-0.004830917874396157,-0.5,-0.5,103.0,103.5,103.0,103.5,2191.0,1446.0,16290.0,9030.0,False,False
2317,2022-10-26 09:40:06.690376,-0.004830917874396157,-0.004830917874396157,-0.5,-0.5,103.0,103.5,103.0,103.5,2191.0,1446.0,15291.0,7831.0,False,True
2317,2022-10-26 09:40:07.995560,-0.004830917874396157,-0.004830917874396157,-0.5,-0.5,103.0,103.5,103.0,103.5,2191.0,1446.0,15291.0,7831.0,False,False
2317,2022-10-26 09:40:08.695600,-0.004830917874396157,-0.004830917874396157,-0.5,-0.5,103.0,103.5,103.0,103.5,2192.0,1446.0,15291.0,7831.0,False,False
2317,2022-10-26 09:40:09.853866,-0.004830917874396157,-0.004830917874396157,-0.5,-0.5,103.0,103.5,103.0,103.5,2192.0,1446.0,15291.0,7831.0,False,False
2317,2022-10-26 09:40:10.531331,-0.004830917874396157,-0.004830917874396157,-0.5,-0.5,103.0,103.5,103.0,103.5,2192.0,1445.0,15291.0,7831.0,False,False
2317,2022-10-26 09:40:11.301717,-0.004830917874396157,-0.004830917874396157,-0.5,-0.5,103.0,103.5,103.0,103.5,2192.0,1440.0,15291.0,7831.0,False,False
2317,2022-10-26 09:40:15.066863,-0.004830917874396157,-0.004830917874396157,-0.5,-0.5,103.0,103.5,103.0,103.5,2192.0,1440.0,15291.0,7831.0,False,False
2317,2022-10-26 09:40:16.756259,-0.004830917874396157,-0.004830917874396157,-0.5,-0.5,103.0,103.5,103.0,103.5,2192.0,1440.0,16290.0,8830.0,True,True
2317,2022-10-26 09:40:16.789835,-0.004830917874396157,-0.004830917874396157,-0.5,-0.5,103.0,103.5,103.0,103.5,2192.0,1435.0,16290.0,8830.0,False,False
2317,2022-10-26 09:40:18.780607,-0.004830917874396157,-0.004830917874396157,-0.5,-0.5,103.0,103.5,103.0,103.5,2192.0,1435.0,16290.0,8830.0,False,False
2317,2022-10-26 09:40:18.781166,-0.004830917874396157,-0.004830917874396157,-0.5,-0.5,103.0,103.5,103.0,103.5,2192.0,1440.0,16290.0,8830.0,False,False
2317,2022-10-26 09:40:19.345954,-0.004830917874396157,-0.004830917874396157,-0.5,-0.5,103.0,103.5,103.0,103.5,2192.0,1441.0,16290.0,8830.0,False,False
2317,2022-10-26 09:40:19.347643,-0.004830917874396157,-0.004830917874396157,-0.5,-0.5,103.0,103.5,103.0,103.5,2192.0,1441.0,16290.0,8830.0,False,False
2317,2022-10-26 09:40:19.790290,-0.004830917874396157,-0.004830917874396157,-0.5,-0.5,103.0,103.5,103.0,103.5,2192.0,1442.0,16290.0,8830.0,False,False
2317,2022-10-26 09:40:20.067639,-0.004830917874396157,-0.004830917874396157,-0.5,-0.5,103.0,103.5,103.0,103.5,2192.0,1440.0,16290.0,8830.0,False,False
2317,2022-10-26 09:40:20.647851,-0.004830917874396157,-0.004830917874396157,-0.5,-0.5,103.0,103.5,103.0,103.5,2192.0,1440.0,16290.0,8830.0,False,False
2317,2022-10-26 09:40:21.207684,-0.004830917874396157,-0.004830917874396157,-0.5,-0.5,103.0,103.5,103.0,103.5,2192.0,1441.0,16290.0,8830.0,False,False
2317,2022-10-26 09:40:21.212606,-0.004830917874396157,-0.004830917874396157,-0.5,-0.5,103.0,103.5,103.0,103.5,2192.0,1441.0,16290.0,8830.0,False,False
2317,2022-10-26 09:40:21.300306,-0.004830917874396157,-0.004830917874396157,-0.5,-0.5,103.0,103.5,103.0,103.5,2193.0,1441.0,16290.0,8830.0,False,False
2317,2022-10-26 09:40:24.753214,-0.004830917874396157,-0.004830917874396157,-0.5,-0.5,103.0,103.5,103.0,103.5,2193.0,1444.0,16290.0,8830.0,False,False
2317,2022-10-26 09:40:25.817291,-0.004830917874396157,-0.004830917874396157,-0.5,-0.5,103.0,103.5,103.0,103.5,2193.0,1438.0,16290.0,8830.0,False,False
2317,2022-10-26 09:40:25.818444,-0.004830917874396157,-0.004830917874396157,-0.5,-0.5,103.0,103.5,103.0,103.5,2193.0,1433.0,16290.0,8830.0,False,False
2317,2022-10-26 09:40:26.641973,-0.004830917874396157,-0.004830917874396157,-0.5,-0.5,103.0,103.5,103.0,103.5,2372.0,1433.0,16290.0,8830.0,False,False
2317,2022-10-26 09:40:26.815128,-0.004830917874396157,-0.004830917874396157,-0.5,-0.5,103.0,103.5,103.0,103.5,2372.0,1433.0,16290.0,8820.0,True,True
2317,2022-10-26 09:40:27.619733,-0.004830917874396157,-0.004830917874396157,-0.5,-0.5,103.0,103.5,103.0,103.5,2193.0,1433.0,16290.0,8820.0,False,False
2317,2022-10-26 09:40:32.750024,-0.004830917874396157,-0.004830917874396157,-0.5,-0.5,103.0,103.5,103.0,103.5,2194.0,1433.0,16290.0,8820.0,False,False
2317,2022-10-26 09:40:35.958039,-0.004830917874396157,-0.004830917874396157,-0.5,-0.5,103.0,103.5,103.0,103.5,2194.0,1432.0,16290.0,8820.0,False,False
2317,2022-10-26 09:40:39.462543,-0.004830917874396157,-0.004830917874396157,-0.5,-0.5,103.0,103.5,103.0,103.5,2194.0,1431.0,16290.0,8820.0,False,False
2317,2022-10-26 09:40:41.529842,-0.004830917874396157,-0.004830917874396157,-0.5,-0.5,103.0,103.5,103.0,103.5,2194.0,1431.0,16290.0,8820.0,False,False
2317,2022-10-26 09:40:42.235119,-0.004830917874396157,-0.004830917874396157,-0.5,-0.5,103.0,103.5,103.0,103.5,2194.0,1428.0,16290.0,8820.0,False,False
2317,2022-10-26 09:40:42.305920,-0.004830917874396157,-0.004830917874396157,-0.5,-0.5,103.0,103.5,103.0,103.5,2194.0,1428.0,16290.0,8820.0,False,False
2317,2022-10-26 09:40:42.341446,-0.004830917874396157,-0.004830917874396157,-0.5,-0.5,103.0,103.5,103.0,103.5,2194.0,1428.0,16290.0,8820.0,False,False
2317,2022-10-26 09:40:42.530842,-0.004830917874396157,-0.004830917874396157,-0.5,-0.5,103.0,103.5,103.0,103.5,2195.0,1428.0,16290.0,8820.0,False,False
2317,2022-10-26 09:40:43.465292,-0.004830917874396157,-0.004830917874396157,-0.5,-0.5,103.0,103.5,103.0,103.5,2195.0,1428.0,16290.0,8820.0,False,False
2317,2022-10-26 09:40:43.747907,-0.004830917874396157,-0.004830917874396157,-0.5,-0.5,103.0,103.5,103.0,103.5,2195.0,1428.0,16290.0,8820.0,False,False
2317,2022-10-26 09:40:44.210025,-0.004830917874396157,-0.004830917874396157,-0.5,-0.5,103.0,103.5,103.0,103.5,2194.0,1428.0,16290.0,8820.0,False,False
2317,2022-10-26 09:40:44.806599,-0.004830917874396157,-0.004830917874396157,-0.5,-0.5,103.0,103.5,103.0,103.5,2194.0,1428.0,16290.0,8820.0,False,False
2317,2022-10-26 09:40:45.822127,-0.004830917874396157,-0.004830917874396157,-0.5,-0.5,103.0,103.5,103.0,103.5,2195.0,1428.0,16290.0,8820.0,False,False
2317,2022-10-26 09:40:46.053229,-0.004830917874396157,-0.004830917874396157,-0.5,-0.5,103.0,103.5,103.0,103.5,2195.0,1428.0,16290.0,8820.0,False,False
2317,2022-10-26 09:40:47.637280,-0.004830917874396157,-0.004830917874396157,-0.5,-0.5,103.0,103.5,103.0,103.5,2195.0,1428.0,16290.0,8820.0,False,False
2317,2022-10-26 09:40:47.946069,-0.004830917874396157,-0.004830917874396157,-0.5,-0.5,103.0,103.5,103.0,103.5,2195.0,1428.0,16290.0,8820.0,False,False
2317,2022-10-26 09:40:48.936503,-0.004830917874396157,-0.004830917874396157,-0.5,-0.5,103.0,103.5,103.0,103.5,2195.0,1428.0,16290.0,8820.0,False,False
2317,2022-10-26 09:40:49.750001,-0.004830917874396157,-0.004830917874396157,-0.5,-0.5,103.0,103.5,103.0,103.5,2196.0,1428.0,16290.0,8820.0,False,False
2317,2022-10-26 09:40:52.645923,-0.004830917874396157,-0.004830917874396157,-0.5,-0.5,103.0,103.5,103.0,103.5,2196.0,1426.0,16290.0,8820.0,False,False
2317,2022-10-26 09:40:54.223683,-0.004830917874396157,-0.004830917874396157,-0.5,-0.5,103.0,103.5,103.0,103.5,2195.0,1426.0,16290.0,8820.0,False,False
2317,2022-10-26 09:40:54.267340,-0.004830917874396157,-0.004830917874396157,-0.5,-0.5,103.0,103.5,103.0,103.5,2195.0,1426.0,16290.0,8820.0,False,False
2317,2022-10-26 09:40:54.609909,-0.004830917874396157,-0.004830917874396157,-0.5,-0.5,103.0,103.5,103.0,103.5,2195.0,1426.0,16290.0,8820.0,False,False
2317,2022-10-26 09:40:56.956154,-0.004830917874396157,-0.004830917874396157,-0.5,-0.5,103.0,103.5,103.0,103.5,2195.0,1426.0,16290.0,8780.0,True,True
2317,2022-10-26 09:40:58.070649,-0.004830917874396157,-0.004830917874396157,-0.5,-0.5,103.0,103.5,103.0,103.5,2196.0,1426.0,16290.0,8780.0,False,False
2317,2022-10-26 09:41:01.018633,-0.004830917874396157,-0.004830917874396157,-0.5,-0.5,103.0,103.5,103.0,103.5,2197.0,1426.0,16290.0,8780.0,False,False
2317,2022-10-26 09:41:01.123087,-0.004830917874396157,-0.004830917874396157,-0.5,-0.5,103.0,103.5,103.0,103.5,2197.0,1425.0,16290.0,8780.0,False,False
2317,2022-10-26 09:41:02.152631,-0.004830917874396157,-0.004830917874396157,-0.5,-0.5,103.0,103.5,103.0,103.5,2198.0,1425.0,16290.0,8780.0,False,False
2317,2022-10-26 09:41:02.459931,-0.004830917874396157,-0.004830917874396157,-0.5,-0.5,103.0,103.5,103.0,103.5,2198.0,1427.0,16290.0,8780.0,False,False
2317,2022-10-26 09:41:02.972166,-0.004830917874396157,-0.004830917874396157,-0.5,-0.5,103.0,103.5,103.0,103.5,2198.0,1427.0,16290.0,8780.0,False,False
2317,2022-10-26 09:41:03.031854,-0.004830917874396157,-0.004830917874396157,-0.5,-0.5,103.0,103.5,103.0,103.5,2198.0,1427.0,16290.0,8780.0,False,False
2317,2022-10-26 09:41:03.105591,-0.004830917874396157,-0.004830917874396157,-0.5,-0.5,103.0,103.5,103.0,103.5,2198.0,1427.0,16290.0,8780.0,False,False
2317,2022-10-26 09:41:03.195215,-0.004830917874396157,-0.004830917874396157,-0.5,-0.5,103.0,103.5,103.0,103.5,2198.0,1427.0,16290.0,8780.0,False,False
2317,2022-10-26 09:41:03.468691,-0.004830917874396157,-0.004830917874396157,-0.5,-0.5,103.0,103.5,103.0,103.5,2198.0,1427.0,16290.0,8780.0,False,False
2317,2022-10-26 09:41:04.045806,-0.004830917874396157,-0.004830917874396157,-0.5,-0.5,103.0,103.5,103.0,103.5,2198.0,1427.0,16290.0,8780.0,False,False
2317,2022-10-26 09:41:04.374863,-0.004830917874396157,-0.004830917874396157,-0.5,-0.5,103.0,103.5,103.0,103.5,2198.0,1426.0,16290.0,8780.0,False,False
2317,2022-10-26 09:41:04.718228,-0.004830917874396157,-0.004830917874396157,-0.5,-0.5,103.0,103.5,103.0,103.5,2178.0,1426.0,16290.0,8780.0,False,False
2317,2022-10-26 09:41:04.798267,-0.004830917874396157,-0.004830917874396157,-0.5,-0.5,103.0,103.5,103.0,103.5,2178.0,1426.0,16290.0,8780.0,False,False
2317,2022-10-26 09:41:06.996705,-0.004830917874396157,-0.004830917874396157,-0.5,-0.5,103.0,103.5,103.0,103.5,2178.0,1426.0,16303.0,8880.0,True,True
2317,2022-10-26 09:41:08.708387,-0.004830917874396157,-0.004830917874396157,-0.5,-0.5,103.0,103.5,103.0,103.5,2179.0,1426.0,16303.0,8880.0,False,False
2317,2022-10-26 09:41:08.916255,-0.004830917874396157,-0.004830917874396157,-0.5,-0.5,103.0,103.5,103.0,103.5,2171.0,1418.0,16303.0,8880.0,False,False
2317,2022-10-26 09:41:11.014660,-0.004830917874396157,-0.004830917874396157,-0.5,-0.5,103.0,103.5,103.0,103.5,2165.0,1418.0,16303.0,8880.0,False,False
2317,2022-10-26 09:41:12.810729,-0.004830917874396157,-0.004830917874396157,-0.5,-0.5,103.0,103.5,103.0,103.5,2165.0,1415.0,16303.0,8880.0,False,False
2317,2022-10-26 09:41:13.239700,-0.004830917874396157,-0.004830917874396157,-0.5,-0.5,103.0,103.5,103.0,103.5,2170.0,1415.0,16303.0,8880.0,False,False
2317,2022-10-26 09:41:15.188068,-0.004830917874396157,-0.004830917874396157,-0.5,-0.5,103.0,103.5,103.0,103.5,2170.0,1416.0,16303.0,8880.0,False,False
2317,2022-10-26 09:41:15.910938,-0.004830917874396157,-0.004830917874396157,-0.5,-0.5,103.0,103.5,103.0,103.5,2170.0,1417.0,16303.0,8880.0,False,False
2317,2022-10-26 09:41:16.324717,-0.004830917874396157,-0.004830917874396157,-0.5,-0.5,103.0,103.5,103.0,103.5,2170.0,1416.0,16303.0,8880.0,False,False
2317,2022-10-26 09:41:17.044760,-0.004830917874396157,-0.004830917874396157,-0.5,-0.5,103.0,103.5,103.0,103.5,2170.0,1416.0,16313.0,8480.0,True,True
2317,2022-10-26 09:41:19.351763,-0.004830917874396157,-0.004830917874396157,-0.5,-0.5,103.0,103.5,103.0,103.5,2170.0,1418.0,16313.0,8480.0,False,False
2317,2022-10-26 09:41:21.974155,-0.004830917874396157,-0.004830917874396157,-0.5,-0.5,103.0,103.5,103.0,103.5,2171.0,1418.0,16313.0,8480.0,False,False
2317,2022-10-26 09:41:23.411952,-0.004830917874396157,-0.004830917874396157,-0.5,-0.5,103.0,103.5,103.0,103.5,2171.0,1418.0,16313.0,8480.0,False,False
2317,2022-10-26 09:41:23.420188,-0.004830917874396157,-0.004830917874396157,-0.5,-0.5,103.0,103.5,103.0,103.5,2171.0,1420.0,16313.0,8480.0,False,False
2317,2022-10-26 09:41:24.395569,-0.004830917874396157,-0.004830917874396157,-0.5,-0.5,103.0,103.5,103.0,103.5,2172.0,1420.0,16313.0,8480.0,False,False
2317,2022-10-26 09:41:25.798093,-0.004830917874396157,-0.004830917874396157,-0.5,-0.5,103.0,103.5,103.0,103.5,2172.0,1420.0,16313.0,8480.0,False,False
2317,2022-10-26 09:41:26.474545,-0.004830917874396157,-0.004830917874396157,-0.5,-0.5,103.0,103.5,103.0,103.5,2172.0,1420.0,16313.0,8480.0,False,False
2317,2022-10-26 09:41:27.087325,-0.004830917874396157,-0.004830917874396157,-0.5,-0.5,103.0,103.5,103.0,103.5,2172.0,1420.0,16413.0,8580.0,True,True
2317,2022-10-26 09:41:27.315210,-0.004830917874396157,-0.004830917874396157,-0.5,-0.5,103.0,103.5,103.0,103.5,2172.0,1419.0,16413.0,8580.0,False,False
2317,2022-10-26 09:41:28.952271,-0.004830917874396157,-0.004830917874396157,-0.5,-0.5,103.0,103.5,103.0,103.5,2172.0,1419.0,16413.0,8580.0,False,False
2317,2022-10-26 09:41:30.802711,-0.004830917874396157,-0.004830917874396157,-0.5,-0.5,103.0,103.5,103.0,103.5,2173.0,1419.0,16413.0,8580.0,False,False
2317,2022-10-26 09:41:33.445808,-0.004830917874396157,-0.004830917874396157,-0.5,-0.5,103.0,103.5,103.0,103.5,2172.0,1419.0,16413.0,8580.0,False,False
2317,2022-10-26 09:41:37.125132,-0.004830917874396157,-0.004830917874396157,-0.5,-0.5,103.0,103.5,103.0,103.5,2172.0,1419.0,16513.0,8690.0,True,True
2317,2022-10-26 09:41:38.456386,-0.004830917874396157,-0.004830917874396157,-0.5,-0.5,103.0,103.5,103.0,103.5,2172.0,1419.0,16513.0,8690.0,False,False
2317,2022-10-26 09:41:39.902150,-0.004830917874396157,-0.004830917874396157,-0.5,-0.5,103.0,103.5,103.0,103.5,2172.0,1419.0,16513.0,8690.0,False,False
2317,2022-10-26 09:41:40.024120,-0.004830917874396157,-0.004830917874396157,-0.5,-0.5,103.0,103.5,103.0,103.5,2173.0,1419.0,16513.0,8690.0,False,False
2317,2022-10-26 09:41:43.981927,-0.004830917874396157,-0.004830917874396157,-0.5,-0.5,103.0,103.5,103.0,103.5,2173.0,1419.0,16513.0,8690.0,False,False
2317,2022-10-26 09:41:44.944507,-0.004830917874396157,-0.004830917874396157,-0.5,-0.5,103.0,103.5,103.0,103.5,2173.0,1419.0,16513.0,8690.0,False,False
2317,2022-10-26 09:41:46.070365,-0.004830917874396157,-0.004830917874396157,-0.5,-0.5,103.0,103.5,103.0,103.5,2173.0,1420.0,16513.0,8690.0,False,False
2317,2022-10-26 09:41:47.175444,-0.004830917874396157,-0.004830917874396157,-0.5,-0.5,103.0,103.5,103.0,103.5,2173.0,1420.0,16513.0,8690.0,True,True
2317,2022-10-26 09:41:48.350791,-0.004830917874396157,-0.004830917874396157,-0.5,-0.5,103.0,103.5,103.0,103.5,2173.0,1421.0,16513.0,8690.0,False,False
2317,2022-10-26 09:41:48.501336,-0.004830917874396157,-0.004830917874396157,-0.5,-0.5,103.0,103.5,103.0,103.5,2173.0,1421.0,16513.0,8690.0,False,False
2317,2022-10-26 09:41:48.549119,-0.004830917874396157,-0.004830917874396157,-0.5,-0.5,103.0,103.5,103.0,103.5,2173.0,1421.0,16513.0,8690.0,False,False
2317,2022-10-26 09:41:50.827533,-0.004830917874396157,-0.004830917874396157,-0.5,-0.5,103.0,103.5,103.0,103.5,2173.0,1421.0,16513.0,8690.0,False,False
2317,2022-10-26 09:41:50.878368,-0.004830917874396157,-0.004830917874396157,-0.5,-0.5,103.0,103.5,103.0,103.5,2173.0,1421.0,16513.0,8690.0,False,False
2317,2022-10-26 09:41:51.707627,-0.004830917874396157,-0.004830917874396157,-0.5,-0.5,103.0,103.5,103.0,103.5,2173.0,1421.0,16513.0,8690.0,False,False
2317,2022-10-26 09:41:52.081117,-0.004830917874396157,-0.004830917874396157,-0.5,-0.5,103.0,103.5,103.0,103.5,2173.0,1421.0,16513.0,8690.0,False,False
2317,2022-10-26 09:41:52.443465,-0.004830917874396157,-0.004830917874396157,-0.5,-0.5,103.0,103.5,103.0,103.5,2173.0,1421.0,16513.0,8690.0,False,False
2317,2022-10-26 09:41:52.688038,-0.004830917874396157,-0.004830917874396157,-0.5,-0.5,103.0,103.5,103.0,103.5,2173.0,1421.0,16513.0,8690.0,False,False
2317,2022-10-26 09:41:52.819372,-0.004830917874396157,-0.004830917874396157,-0.5,-0.5,103.0,103.5,103.0,103.5,2173.0,1421.0,16513.0,8690.0,False,False
2317,2022-10-26 09:41:52.834355,-0.004830917874396157,-0.004830917874396157,-0.5,-0.5,103.0,103.5,103.0,103.5,2173.0,1421.0,16513.0,8690.0,False,False
2317,2022-10-26 09:41:54.404115,-0.004830917874396157,-0.004830917874396157,-0.5,-0.5,103.0,103.5,103.0,103.5,2173.0,1421.0,16513.0,8690.0,False,False
2317,2022-10-26 09:41:55.379795,-0.004830917874396157,-0.004830917874396157,-0.5,-0.5,103.0,103.5,103.0,103.5,2173.0,1456.0,16513.0,8690.0,False,False
2317,2022-10-26 09:41:55.503212,-0.004830917874396157,-0.004830917874396157,-0.5,-0.5,103.0,103.5,103.0,103.5,2173.0,1456.0,16513.0,8690.0,False,False
2317,2022-10-26 09:41:56.045989,-0.004830917874396157,-0.004830917874396157,-0.5,-0.5,103.0,103.5,103.0,103.5,2173.0,1459.0,16513.0,8690.0,False,False
2317,2022-10-26 09:41:56.195537,-0.004830917874396157,-0.004830917874396157,-0.5,-0.5,103.0,103.5,103.0,103.5,2173.0,1458.0,16513.0,8690.0,False,False
2317,2022-10-26 09:41:56.789851,-0.004830917874396157,-0.004830917874396157,-0.5,-0.5,103.0,103.5,103.0,103.5,2173.0,1455.0,16513.0,8690.0,False,False
2317,2022-10-26 09:41:57.219680,-0.004830917874396157,-0.004830917874396157,-0.5,-0.5,103.0,103.5,103.0,103.5,2173.0,1455.0,16613.0,8680.0,True,True
2317,2022-10-26 09:41:57.276567,-0.004830917874396157,-0.004830917874396157,-0.5,-0.5,103.0,103.5,103.0,103.5,2173.0,1452.0,16613.0,8680.0,False,False
2317,2022-10-26 09:41:59.737525,-0.004830917874396157,-0.004830917874396157,-0.5,-0.5,103.0,103.5,103.0,103.5,2173.0,1452.0,16613.0,8680.0,False,False
2317,2022-10-26 09:42:00.224893,-0.004830917874396157,-0.004830917874396157,-0.5,-0.5,103.0,103.5,103.0,103.5,2173.0,1452.0,16613.0,8680.0,False,False
2317,2022-10-26 09:42:00.616373,-0.004830917874396157,-0.004830917874396157,-0.5,-0.5,103.0,103.5,103.0,103.5,2174.0,1452.0,16613.0,8680.0,False,False
2317,2022-10-26 09:42:02.490775,-0.004830917874396157,-0.004830917874396157,-0.5,-0.5,103.0,103.5,103.0,103.5,2174.0,1452.0,16613.0,8680.0,False,False
2317,2022-10-26 09:42:06.394953,-0.004830917874396157,-0.004830917874396157,-0.5,-0.5,103.0,103.5,103.0,103.5,2174.0,1452.0,16613.0,8680.0,False,False
2317,2022-10-26 09:42:07.266152,-0.004830917874396157,-0.004830917874396157,-0.5,-0.5,103.0,103.5,103.0,103.5,2174.0,1452.0,16623.0,8620.0,True,True
2317,2022-10-26 09:42:07.419271,-0.004830917874396157,-0.004830917874396157,-0.5,-0.5,103.0,103.5,103.0,103.5,2174.0,1452.0,16623.0,8620.0,False,False
2317,2022-10-26 09:42:07.886738,-0.004830917874396157,-0.004830917874396157,-0.5,-0.5,103.0,103.5,103.0,103.5,2173.0,1452.0,16623.0,8620.0,False,False
2317,2022-10-26 09:42:09.838582,-0.004830917874396157,-0.004830917874396157,-0.5,-0.5,103.0,103.5,103.0,103.5,2174.0,1452.0,16623.0,8620.0,False,False
2317,2022-10-26 09:42:09.936575,-0.004830917874396157,-0.004830917874396157,-0.5,-0.5,103.0,103.5,103.0,103.5,2174.0,1449.0,16623.0,8620.0,False,False
2317,2022-10-26 09:42:10.177429,-0.004830917874396157,-0.004830917874396157,-0.5,-0.5,103.0,103.5,103.0,103.5,2174.0,1449.0,16623.0,8620.0,False,False
2317,2022-10-26 09:42:10.613834,-0.004830917874396157,-0.004830917874396157,-0.5,-0.5,103.0,103.5,103.0,103.5,2175.0,1449.0,16623.0,8620.0,False,False
2317,2022-10-26 09:42:10.710758,-0.004830917874396157,-0.004830917874396157,-0.5,-0.5,103.0,103.5,103.0,103.5,2355.0,1449.0,16623.0,8620.0,False,False
2317,2022-10-26 09:42:11.090099,-0.004830917874396157,-0.004830917874396157,-0.5,-0.5,103.0,103.5,103.0,103.5,2355.0,1449.0,16623.0,8620.0,False,False
2317,2022-10-26 09:42:11.128539,-0.004830917874396157,-0.004830917874396157,-0.5,-0.5,103.0,103.5,103.0,103.5,2354.0,1449.0,16623.0,8620.0,False,False
2317,2022-10-26 09:42:11.221704,-0.004830917874396157,-0.004830917874396157,-0.5,-0.5,103.0,103.5,103.0,103.5,2498.0,1449.0,16623.0,8620.0,False,False
2317,2022-10-26 09:42:11.461541,-0.004830917874396157,-0.004830917874396157,-0.5,-0.5,103.0,103.5,103.0,103.5,2498.0,1449.0,16623.0,8620.0,False,False
2317,2022-10-26 09:42:13.688879,-0.004830917874396157,-0.004830917874396157,-0.5,-0.5,103.0,103.5,103.0,103.5,2318.0,1449.0,16623.0,8620.0,False,False
2317,2022-10-26 09:42:14.156462,-0.004830917874396157,-0.004830917874396157,-0.5,-0.5,103.0,103.5,103.0,103.5,2318.0,1449.0,16623.0,8620.0,False,False
2317,2022-10-26 09:42:15.134247,-0.004830917874396157,-0.004830917874396157,-0.5,-0.5,103.0,103.5,103.0,103.5,2317.0,1449.0,16623.0,8620.0,False,False
2317,2022-10-26 09:42:15.711160,-0.004830917874396157,-0.004830917874396157,-0.5,-0.5,103.0,103.5,103.0,103.5,2497.0,1449.0,16623.0,8620.0,False,False
2317,2022-10-26 09:42:16.014832,-0.004830917874396157,-0.004830917874396157,-0.5,-0.5,103.0,103.5,103.0,103.5,2497.0,1449.0,16623.0,8620.0,False,False
2317,2022-10-26 09:42:20.715161,-0.004830917874396157,-0.004830917874396157,-0.5,-0.5,103.0,103.5,103.0,103.5,2497.0,1449.0,16623.0,8620.0,False,False
2317,2022-10-26 09:42:21.238035,-0.004830917874396157,-0.004830917874396157,-0.5,-0.5,103.0,103.5,103.0,103.5,2499.0,1449.0,16623.0,8620.0,False,False
2317,2022-10-26 09:42:21.698217,-0.004830917874396157,-0.004830917874396157,-0.5,-0.5,103.0,103.5,103.0,103.5,2319.0,1449.0,16623.0,8620.0,False,False
2317,2022-10-26 09:42:22.271024,-0.004830917874396157,-0.004830917874396157,-0.5,-0.5,103.0,103.5,103.0,103.5,2319.0,1446.0,16623.0,8620.0,False,False
2317,2022-10-26 09:42:23.287998,-0.004830917874396157,-0.004830917874396157,-0.5,-0.5,103.0,103.5,103.0,103.5,2319.0,1446.0,16623.0,8620.0,False,False
2317,2022-10-26 09:42:24.210227,-0.004830917874396157,-0.004830917874396157,-0.5,-0.5,103.0,103.5,103.0,103.5,2175.0,1446.0,16623.0,8620.0,False,False
2317,2022-10-26 09:42:25.689067,-0.004830917874396157,-0.004830917874396157,-0.5,-0.5,103.0,103.5,103.0,103.5,2175.0,1451.0,16623.0,8620.0,False,False
2317,2022-10-26 09:42:26.137388,-0.004830917874396157,-0.004830917874396157,-0.5,-0.5,103.0,103.5,103.0,103.5,2202.0,1451.0,16623.0,8620.0,False,False
2317,2022-10-26 09:42:26.375440,-0.004830917874396157,-0.004830917874396157,-0.5,-0.5,103.0,103.5,103.0,103.5,2202.0,1451.0,16623.0,8620.0,False,False
2317,2022-10-26 09:42:26.391466,-0.004830917874396157,-0.004830917874396157,-0.5,-0.5,103.0,103.5,103.0,103.5,2202.0,1451.0,16623.0,8620.0,False,False
2317,2022-10-26 09:42:27.355649,-0.004830917874396157,-0.004830917874396157,-0.5,-0.5,103.0,103.5,103.0,103.5,2202.0,1451.0,16623.0,8610.0,True,True
2317,2022-10-26 09:42:31.518291,-0.004830917874396157,-0.004830917874396157,-0.5,-0.5,103.0,103.5,103.0,103.5,2203.0,1451.0,16623.0,8610.0,False,False
2317,2022-10-26 09:42:33.310551,-0.004830917874396157,-0.004830917874396157,-0.5,-0.5,103.0,103.5,103.0,103.5,2228.0,1451.0,16623.0,8610.0,False,False
2317,2022-10-26 09:42:36.607888,-0.004830917874396157,-0.004830917874396157,-0.5,-0.5,103.0,103.5,103.0,103.5,2228.0,1451.0,16623.0,8610.0,False,False
2317,2022-10-26 09:42:37.393738,-0.004830917874396157,-0.004830917874396157,-0.5,-0.5,103.0,103.5,103.0,103.5,2228.0,1451.0,16623.0,8610.0,True,True
2317,2022-10-26 09:42:38.598009,-0.004830917874396157,-0.004830917874396157,-0.5,-0.5,103.0,103.5,103.0,103.5,2228.0,1451.0,16623.0,8610.0,False,False
2317,2022-10-26 09:42:38.685067,-0.004830917874396157,-0.004830917874396157,-0.5,-0.5,103.0,103.5,103.0,103.5,2227.0,1450.0,16623.0,8610.0,False,False
2317,2022-10-26 09:42:40.230613,-0.004830917874396157,-0.004830917874396157,-0.5,-0.5,103.0,103.5,103.0,103.5,2227.0,1450.0,16623.0,8610.0,False,False
2317,2022-10-26 09:42:40.371649,-0.004830917874396157,-0.004830917874396157,-0.5,-0.5,103.0,103.5,103.0,103.5,2227.0,1447.0,16623.0,8610.0,False,False
2317,2022-10-26 09:42:40.806226,-0.004830917874396157,-0.004830917874396157,-0.5,-0.5,103.0,103.5,103.0,103.5,2227.0,1446.0,16623.0,8610.0,False,False
2317,2022-10-26 09:42:42.048891,-0.004830917874396157,-0.004830917874396157,-0.5,-0.5,103.0,103.5,103.0,103.5,2226.0,1446.0,16623.0,8610.0,False,False
2317,2022-10-26 09:42:44.245285,-0.004830917874396157,-0.004830917874396157,-0.5,-0.5,103.0,103.5,103.0,103.5,2226.0,1444.0,16623.0,8610.0,False,False
2317,2022-10-26 09:42:44.452648,-0.004830917874396157,-0.004830917874396157,-0.5,-0.5,103.0,103.5,103.0,103.5,2226.0,1444.0,16623.0,8610.0,False,False
2317,2022-10-26 09:42:44.788129,-0.004830917874396157,-0.004830917874396157,-0.5,-0.5,103.0,103.5,103.0,103.5,2226.0,1444.0,16623.0,8610.0,False,False
2317,2022-10-26 09:42:46.006341,-0.004830917874396157,-0.004830917874396157,-0.5,-0.5,103.0,103.5,103.0,103.5,2226.0,1444.0,16623.0,8610.0,False,False
2317,2022-10-26 09:42:46.049441,-0.004830917874396157,-0.004830917874396157,-0.5,-0.5,103.0,103.5,103.0,103.5,2226.0,1444.0,16623.0,8610.0,False,False
2317,2022-10-26 09:42:47.436052,-0.004830917874396157,-0.004830917874396157,-0.5,-0.5,103.0,103.5,103.0,103.5,2226.0,1444.0,16633.0,8610.0,True,True
2317,2022-10-26 09:42:48.288113,-0.004830917874396157,-0.004830917874396157,-0.5,-0.5,103.0,103.5,103.0,103.5,2226.0,1444.0,16633.0,8610.0,False,False
2317,2022-10-26 09:42:50.729447,-0.004830917874396157,-0.004830917874396157,-0.5,-0.5,103.0,103.5,103.0,103.5,2226.0,1448.0,16633.0,8610.0,False,False
2317,2022-10-26 09:42:52.183274,-0.004830917874396157,-0.004830917874396157,-0.5,-0.5,103.0,103.5,103.0,103.5,2224.0,1448.0,16633.0,8610.0,False,False
2317,2022-10-26 09:42:53.551892,-0.004830917874396157,-0.004830917874396157,-0.5,-0.5,103.0,103.5,103.0,103.5,2225.0,1448.0,16633.0,8610.0,False,False
2317,2022-10-26 09:42:55.772746,-0.004830917874396157,-0.004830917874396157,-0.5,-0.5,103.0,103.5,103.0,103.5,2226.0,1448.0,16633.0,8610.0,False,False
2317,2022-10-26 09:42:56.204758,-0.004830917874396157,-0.004830917874396157,-0.5,-0.5,103.0,103.5,103.0,103.5,2225.0,1448.0,16633.0,8610.0,False,False
2317,2022-10-26 09:42:57.488436,-0.004830917874396157,-0.004830917874396157,-0.5,-0.5,103.0,103.5,103.0,103.5,2225.0,1448.0,16634.0,8610.0,True,True
2317,2022-10-26 09:42:58.739461,-0.004830917874396157,-0.004830917874396157,-0.5,-0.5,103.0,103.5,103.0,103.5,2406.0,1448.0,16634.0,8610.0,False,False
2317,2022-10-26 09:42:59.240431,-0.004830917874396157,-0.004830917874396157,-0.5,-0.5,103.0,103.5,103.0,103.5,2550.0,1448.0,16634.0,8610.0,False,False
2317,2022-10-26 09:42:59.283043,-0.004830917874396157,-0.004830917874396157,-0.5,-0.5,103.0,103.5,103.0,103.5,2550.0,1448.0,16634.0,8610.0,False,False
2317,2022-10-26 09:43:00.452202,-0.004830917874396157,-0.004830917874396157,-0.5,-0.5,103.0,103.5,103.0,103.5,2550.0,1439.0,16634.0,8610.0,False,False
2317,2022-10-26 09:43:00.514805,-0.004830917874396157,-0.004830917874396157,-0.5,-0.5,103.0,103.5,103.0,103.5,2550.0,1429.0,16634.0,8610.0,False,False
2317,2022-10-26 09:43:00.833548,-0.004830917874396157,-0.004830917874396157,-0.5,-0.5,103.0,103.5,103.0,103.5,2550.0,1429.0,16634.0,8610.0,False,False
2317,2022-10-26 09:43:01.506365,-0.004830917874396157,-0.004830917874396157,-0.5,-0.5,103.0,103.5,103.0,103.5,2550.0,1420.0,16634.0,8610.0,False,False
2317,2022-10-26 09:43:01.507974,-0.004830917874396157,-0.004830917874396157,-0.5,-0.5,103.0,103.5,103.0,103.5,2550.0,1420.0,16634.0,8610.0,False,False
2317,2022-10-26 09:43:01.607764,-0.004830917874396157,-0.004830917874396157,-0.5,-0.5,103.0,103.5,103.0,103.5,2550.0,1411.0,16634.0,8610.0,False,False
2317,2022-10-26 09:43:01.718816,-0.004830917874396157,-0.004830917874396157,-0.5,-0.5,103.0,103.5,103.0,103.5,2369.0,1411.0,16634.0,8610.0,False,False
2317,2022-10-26 09:43:01.877476,-0.004830917874396157,-0.004830917874396157,-0.5,-0.5,103.0,103.5,103.0,103.5,2369.0,1413.0,16634.0,8610.0,False,False
2317,2022-10-26 09:43:02.081570,-0.004830917874396157,-0.004830917874396157,-0.5,-0.5,103.0,103.5,103.0,103.5,2369.0,1413.0,16634.0,8610.0,False,False
2317,2022-10-26 09:43:02.123433,-0.004830917874396157,-0.004830917874396157,-0.5,-0.5,103.0,103.5,103.0,103.5,2369.0,1406.0,16634.0,8610.0,False,False
2317,2022-10-26 09:43:02.513588,-0.004830917874396157,-0.004830917874396157,-0.5,-0.5,103.0,103.5,103.0,103.5,2369.0,1406.0,16634.0,8610.0,False,False
2317,2022-10-26 09:43:03.343185,-0.004830917874396157,-0.004830917874396157,-0.5,-0.5,103.0,103.5,103.0,103.5,2369.0,1407.0,16634.0,8610.0,False,False
2317,2022-10-26 09:43:04.027356,-0.004830917874396157,-0.004830917874396157,-0.5,-0.5,103.0,103.5,103.0,103.5,2368.0,1407.0,16634.0,8610.0,False,False
2317,2022-10-26 09:43:04.228876,-0.004830917874396157,-0.004830917874396157,-0.5,-0.5,103.0,103.5,103.0,103.5,2224.0,1407.0,16634.0,8610.0,False,False
2317,2022-10-26 09:43:05.068162,-0.004830917874396157,-0.004830917874396157,-0.5,-0.5,103.0,103.5,103.0,103.5,2224.0,1407.0,16634.0,8610.0,False,False
2317,2022-10-26 09:43:05.879791,-0.004830917874396157,-0.004830917874396157,-0.5,-0.5,103.0,103.5,103.0,103.5,2224.0,1407.0,16634.0,8610.0,False,False
2317,2022-10-26 09:43:06.400154,-0.004830917874396157,-0.004830917874396157,-0.5,-0.5,103.0,103.5,103.0,103.5,2225.0,1407.0,16634.0,8610.0,False,False
2317,2022-10-26 09:43:06.520086,-0.004830917874396157,-0.004830917874396157,-0.5,-0.5,103.0,103.5,103.0,103.5,2226.0,1407.0,16634.0,8610.0,False,False
2317,2022-10-26 09:43:06.737707,-0.004830917874396157,-0.004830917874396157,-0.5,-0.5,103.0,103.5,103.0,103.5,2226.0,1407.0,15635.0,7611.0,False,True
2317,2022-10-26 09:43:07.138273,-0.004830917874396157,-0.004830917874396157,-0.5,-0.5,103.0,103.5,103.0,103.5,2226.0,1407.0,15635.0,7611.0,False,False
2317,2022-10-26 09:43:07.148310,-0.004830917874396157,-0.004830917874396157,-0.5,-0.5,103.0,103.5,103.0,103.5,2226.0,1405.0,15635.0,7611.0,False,False
2317,2022-10-26 09:43:10.016947,-0.004830917874396157,-0.004830917874396157,-0.5,-0.5,103.0,103.5,103.0,103.5,2226.0,1405.0,15635.0,7611.0,False,False
2317,2022-10-26 09:43:10.079172,-0.004830917874396157,-0.004830917874396157,-0.5,-0.5,103.0,103.5,103.0,103.5,2226.0,1370.0,15635.0,7611.0,False,False
2317,2022-10-26 09:43:10.448918,-0.004830917874396157,-0.004830917874396157,-0.5,-0.5,103.0,103.5,103.0,103.5,2226.0,1370.0,15635.0,7611.0,False,False
2317,2022-10-26 09:43:12.028363,-0.004830917874396157,-0.004830917874396157,-0.5,-0.5,103.0,103.5,103.0,103.5,2226.0,1368.0,15635.0,7611.0,False,False
2317,2022-10-26 09:43:12.053581,-0.004830917874396157,-0.004830917874396157,-0.5,-0.5,103.0,103.5,103.0,103.5,2235.0,1360.0,15635.0,7611.0,False,False
2317,2022-10-26 09:43:12.346780,-0.004830917874396157,-0.004830917874396157,-0.5,-0.5,103.0,103.5,103.0,103.5,2236.0,1360.0,15635.0,7611.0,False,False
2317,2022-10-26 09:43:13.003788,-0.004830917874396157,-0.004830917874396157,-0.5,-0.5,103.0,103.5,103.0,103.5,2236.0,1362.0,15635.0,7611.0,False,False
2317,2022-10-26 09:43:13.515056,-0.004830917874396157,-0.004830917874396157,-0.5,-0.5,103.0,103.5,103.0,103.5,2236.0,1364.0,15635.0,7611.0,False,False
2317,2022-10-26 09:43:13.752612,-0.004830917874396157,-0.004830917874396157,-0.5,-0.5,103.0,103.5,103.0,103.5,2236.0,1361.0,15635.0,7611.0,False,False
2317,2022-10-26 09:43:13.867976,-0.004830917874396157,-0.004830917874396157,-0.5,-0.5,103.0,103.5,103.0,103.5,2236.0,1363.0,15635.0,7611.0,False,False
2317,2022-10-26 09:43:14.177649,-0.004830917874396157,-0.004830917874396157,-0.5,-0.5,103.0,103.5,103.0,103.5,2236.0,1365.0,15635.0,7611.0,False,False
2317,2022-10-26 09:43:14.324493,-0.004830917874396157,-0.004830917874396157,-0.5,-0.5,103.0,103.5,103.0,103.5,2236.0,1365.0,15635.0,7611.0,False,False
2317,2022-10-26 09:43:14.747870,-0.004830917874396157,-0.004830917874396157,-0.5,-0.5,103.0,103.5,103.0,103.5,2236.0,1367.0,15635.0,7611.0,False,False
2317,2022-10-26 09:43:16.368161,-0.004830917874396157,-0.004830917874396157,-0.5,-0.5,103.0,103.5,103.0,103.5,2237.0,1367.0,15635.0,7611.0,False,False
2317,2022-10-26 09:43:16.776722,-0.004830917874396157,-0.004830917874396157,-0.5,-0.5,103.0,103.5,103.0,103.5,2237.0,1367.0,16934.0,8580.0,True,True
2317,2022-10-26 09:43:18.850173,-0.004830917874396157,-0.004830917874396157,-0.5,-0.5,103.0,103.5,103.0,103.5,2237.0,1369.0,16934.0,8580.0,False,False
2317,2022-10-26 09:43:21.028274,-0.004830917874396157,-0.004830917874396157,-0.5,-0.5,103.0,103.5,103.0,103.5,2237.0,1368.0,16934.0,8580.0,False,False
2317,2022-10-26 09:43:21.602989,-0.004830917874396157,-0.004830917874396157,-0.5,-0.5,103.0,103.5,103.0,103.5,2238.0,1368.0,16934.0,8580.0,False,False
2317,2022-10-26 09:43:22.715996,-0.004830917874396157,-0.004830917874396157,-0.5,-0.5,103.0,103.5,103.0,103.5,2238.0,1368.0,16934.0,8580.0,False,False
2317,2022-10-26 09:43:22.720035,-0.004830917874396157,-0.004830917874396157,-0.5,-0.5,103.0,103.5,103.0,103.5,2235.0,1368.0,16934.0,8580.0,False,False
2317,2022-10-26 09:43:22.785928,-0.004830917874396157,-0.004830917874396157,-0.5,-0.5,103.0,103.5,103.0,103.5,2237.0,1368.0,16934.0,8580.0,False,False
2317,2022-10-26 09:43:23.261002,-0.004830917874396157,-0.004830917874396157,-0.5,-0.5,103.0,103.5,103.0,103.5,2237.0,1368.0,16934.0,8580.0,False,False
2317,2022-10-26 09:43:24.738251,-0.004830917874396157,-0.004830917874396157,-0.5,-0.5,103.0,103.5,103.0,103.5,2242.0,1368.0,16934.0,8580.0,False,False
2317,2022-10-26 09:43:24.850461,-0.004830917874396157,-0.004830917874396157,-0.5,-0.5,103.0,103.5,103.0,103.5,2242.0,1368.0,16934.0,8580.0,False,False
2317,2022-10-26 09:43:25.030512,-0.004830917874396157,-0.004830917874396157,-0.5,-0.5,103.0,103.5,103.0,103.5,2241.0,1368.0,16934.0,8580.0,False,False
2317,2022-10-26 09:43:25.344404,-0.004830917874396157,-0.004830917874396157,-0.5,-0.5,103.0,103.5,103.0,103.5,2241.0,1370.0,16934.0,8580.0,False,False
2317,2022-10-26 09:43:25.358698,-0.004830917874396157,-0.004830917874396157,-0.5,-0.5,103.0,103.5,103.0,103.5,2241.0,1367.0,16934.0,8580.0,False,False
2317,2022-10-26 09:43:25.992081,-0.004830917874396157,-0.004830917874396157,-0.5,-0.5,103.0,103.5,103.0,103.5,2241.0,1367.0,16934.0,8580.0,False,False
2317,2022-10-26 09:43:26.791249,-0.004830917874396157,-0.004830917874396157,-0.5,-0.5,103.0,103.5,103.0,103.5,2241.0,1367.0,16934.0,8580.0,False,False
2317,2022-10-26 09:43:26.815532,-0.004830917874396157,-0.004830917874396157,-0.5,-0.5,103.0,103.5,103.0,103.5,2241.0,1367.0,17034.0,8560.0,True,True
2317,2022-10-26 09:43:27.002295,-0.004830917874396157,-0.004830917874396157,-0.5,-0.5,103.0,103.5,103.0,103.5,2241.0,1367.0,17034.0,8560.0,False,False
2317,2022-10-26 09:43:29.940783,-0.004830917874396157,-0.004830917874396157,-0.5,-0.5,103.0,103.5,103.0,103.5,2241.0,1367.0,17034.0,8560.0,False,False
2317,2022-10-26 09:43:29.978401,-0.004830917874396157,-0.004830917874396157,-0.5,-0.5,103.0,103.5,103.0,103.5,2241.0,1365.0,17034.0,8560.0,False,False
2317,2022-10-26 09:43:33.286306,-0.004830917874396157,-0.004830917874396157,-0.5,-0.5,103.0,103.5,103.0,103.5,2243.0,1365.0,17034.0,8560.0,False,False
2317,2022-10-26 09:43:33.746413,-0.004830917874396157,-0.004830917874396157,-0.5,-0.5,103.0,103.5,103.0,103.5,2243.0,1365.0,17034.0,8560.0,False,False
2317,2022-10-26 09:43:34.918553,-0.004830917874396157,-0.004830917874396157,-0.5,-0.5,103.0,103.5,103.0,103.5,2243.0,1365.0,17034.0,8560.0,False,False
2317,2022-10-26 09:43:35.239975,-0.004830917874396157,-0.004830917874396157,-0.5,-0.5,103.0,103.5,103.0,103.5,2242.0,1365.0,17034.0,8560.0,False,False
2317,2022-10-26 09:43:36.077875,-0.004830917874396157,-0.004830917874396157,-0.5,-0.5,103.0,103.5,103.0,103.5,2245.0,1365.0,17034.0,8560.0,False,False
2317,2022-10-26 09:43:36.499151,-0.004830917874396157,-0.004830917874396157,-0.5,-0.5,103.0,103.5,103.0,103.5,2245.0,1365.0,17034.0,8560.0,False,False
2317,2022-10-26 09:43:36.856058,-0.004830917874396157,-0.004830917874396157,-0.5,-0.5,103.0,103.5,103.0,103.5,2245.0,1365.0,17034.0,8564.0,True,True
2317,2022-10-26 09:43:37.047082,-0.004830917874396157,-0.004830917874396157,-0.5,-0.5,103.0,103.5,103.0,103.5,2245.0,1364.0,17034.0,8564.0,False,False
2317,2022-10-26 09:43:37.590259,-0.004830917874396157,-0.004830917874396157,-0.5,-0.5,103.0,103.5,103.0,103.5,2245.0,1365.0,17034.0,8564.0,False,False
2317,2022-10-26 09:43:39.271112,-0.004830917874396157,-0.004830917874396157,-0.5,-0.5,103.0,103.5,103.0,103.5,2245.0,1363.0,17034.0,8564.0,False,False
2317,2022-10-26 09:43:39.856645,-0.004830917874396157,-0.004830917874396157,-0.5,-0.5,103.0,103.5,103.0,103.5,2246.0,1363.0,17034.0,8564.0,False,False
2317,2022-10-26 09:43:41.545920,-0.004830917874396157,-0.004830917874396157,-0.5,-0.5,103.0,103.5,103.0,103.5,2196.0,1363.0,17034.0,8564.0,False,False
2317,2022-10-26 09:43:41.626525,-0.004830917874396157,-0.004830917874396157,-0.5,-0.5,103.0,103.5,103.0,103.5,2196.0,1380.0,17034.0,8564.0,False,False
2317,2022-10-26 09:43:43.681791,-0.004830917874396157,-0.004830917874396157,-0.5,-0.5,103.0,103.5,103.0,103.5,2197.0,1380.0,17034.0,8564.0,False,False
2317,2022-10-26 09:43:46.294608,-0.004830917874396157,-0.004830917874396157,-0.5,-0.5,103.0,103.5,103.0,103.5,2198.0,1380.0,17034.0,8564.0,False,False
2317,2022-10-26 09:43:46.898308,-0.004830917874396157,-0.004830917874396157,-0.5,-0.5,103.0,103.5,103.0,103.5,2198.0,1380.0,17234.0,9345.0,True,True
2317,2022-10-26 09:43:47.684475,-0.004830917874396157,-0.004830917874396157,-0.5,-0.5,103.0,103.5,103.0,103.5,2198.0,1380.0,17234.0,9345.0,False,False
2317,2022-10-26 09:43:47.910356,-0.004830917874396157,-0.004830917874396157,-0.5,-0.5,103.0,103.5,103.0,103.5,2198.0,1380.0,17234.0,9345.0,False,False
2317,2022-10-26 09:43:47.918009,-0.004830917874396157,-0.004830917874396157,-0.5,-0.5,103.0,103.5,103.0,103.5,2200.0,1380.0,17234.0,9345.0,False,False
2317,2022-10-26 09:43:48.077133,-0.004830917874396157,-0.004830917874396157,-0.5,-0.5,103.0,103.5,103.0,103.5,2201.0,1380.0,17234.0,9345.0,False,False
2317,2022-10-26 09:43:51.093473,-0.004830917874396157,-0.004830917874396157,-0.5,-0.5,103.0,103.5,103.0,103.5,2201.0,1380.0,17234.0,9345.0,False,False
2317,2022-10-26 09:43:51.409737,-0.004830917874396157,-0.004830917874396157,-0.5,-0.5,103.0,103.5,103.0,103.5,2201.0,1382.0,17234.0,9345.0,False,False
2317,2022-10-26 09:43:54.965474,-0.004830917874396157,-0.004830917874396157,-0.5,-0.5,103.0,103.5,103.0,103.5,2201.0,1382.0,17234.0,9345.0,False,False
2317,2022-10-26 09:43:55.345630,-0.004830917874396157,-0.004830917874396157,-0.5,-0.5,103.0,103.5,103.0,103.5,2201.0,1382.0,17234.0,9345.0,False,False
2317,2022-10-26 09:43:56.897363,-0.004830917874396157,-0.004830917874396157,-0.5,-0.5,103.0,103.5,103.0,103.5,2201.0,1382.0,17234.0,9345.0,False,False
2317,2022-10-26 09:43:56.940489,-0.004830917874396157,-0.004830917874396157,-0.5,-0.5,103.0,103.5,103.0,103.5,2201.0,1382.0,17234.0,9355.0,True,True
2317,2022-10-26 09:43:56.968504,-0.004830917874396157,-0.004830917874396157,-0.5,-0.5,103.0,103.5,103.0,103.5,2201.0,1383.0,17234.0,9355.0,False,False
2317,2022-10-26 09:43:57.090220,-0.004830917874396157,-0.004830917874396157,-0.5,-0.5,103.0,103.5,103.0,103.5,2201.0,1383.0,17234.0,9355.0,False,False
2317,2022-10-26 09:43:58.737079,-0.004830917874396157,-0.004830917874396157,-0.5,-0.5,103.0,103.5,103.0,103.5,2195.0,1383.0,17234.0,9355.0,False,False
2317,2022-10-26 09:43:59.029841,-0.004830917874396157,-0.004830917874396157,-0.5,-0.5,103.0,103.5,103.0,103.5,2195.0,1384.0,17234.0,9355.0,False,False
2317,2022-10-26 09:44:01.300568,-0.004830917874396157,-0.004830917874396157,-0.5,-0.5,103.0,103.5,103.0,103.5,2195.0,1383.0,17234.0,9355.0,False,False
2317,2022-10-26 09:44:06.275380,-0.004830917874396157,-0.004830917874396157,-0.5,-0.5,103.0,103.5,103.0,103.5,2195.0,1383.0,17234.0,9355.0,False,False
2317,2022-10-26 09:44:06.283747,-0.004830917874396157,-0.004830917874396157,-0.5,-0.5,103.0,103.5,103.0,103.5,2195.0,1385.0,17234.0,9355.0,False,False
2317,2022-10-26 09:44:06.716892,-0.004830917874396157,-0.004830917874396157,-0.5,-0.5,103.0,103.5,103.0,103.5,2196.0,1385.0,17234.0,9355.0,False,False
2317,2022-10-26 09:44:06.983700,-0.004830917874396157,-0.004830917874396157,-0.5,-0.5,103.0,103.5,103.0,103.5,2196.0,1385.0,17234.0,9155.0,True,True
2317,2022-10-26 09:44:07.715977,-0.004830917874396157,-0.004830917874396157,-0.5,-0.5,103.0,103.5,103.0,103.5,2196.0,1384.0,17234.0,9155.0,False,False
2317,2022-10-26 09:44:09.599456,-0.004830917874396157,-0.004830917874396157,-0.5,-0.5,103.0,103.5,103.0,103.5,2196.0,1381.0,17234.0,9155.0,False,False
2317,2022-10-26 09:44:09.663405,-0.004830917874396157,-0.004830917874396157,-0.5,-0.5,103.0,103.5,103.0,103.5,2196.0,1380.0,17234.0,9155.0,False,False
2317,2022-10-26 09:44:09.946595,-0.004830917874396157,-0.004830917874396157,-0.5,-0.5,103.0,103.5,103.0,103.5,2196.0,1380.0,17234.0,9155.0,False,False
2317,2022-10-26 09:44:10.039160,-0.004830917874396157,-0.004830917874396157,-0.5,-0.5,103.0,103.5,103.0,103.5,2193.0,1380.0,17234.0,9155.0,False,False
2317,2022-10-26 09:44:10.119924,-0.004830917874396157,-0.004830917874396157,-0.5,-0.5,103.0,103.5,103.0,103.5,2193.0,1381.0,17234.0,9155.0,False,False
2317,2022-10-26 09:44:12.665147,-0.004830917874396157,-0.004830917874396157,-0.5,-0.5,103.0,103.5,103.0,103.5,2193.0,1381.0,17234.0,9155.0,False,False
2317,2022-10-26 09:44:14.914661,-0.004830917874396157,-0.004830917874396157,-0.5,-0.5,103.0,103.5,103.0,103.5,2193.0,1381.0,17234.0,9155.0,False,False
2317,2022-10-26 09:44:17.023964,-0.004830917874396157,-0.004830917874396157,-0.5,-0.5,103.0,103.5,103.0,103.5,2193.0,1381.0,17239.0,9125.0,True,True
2317,2022-10-26 09:44:17.508472,-0.004830917874396157,-0.004830917874396157,-0.5,-0.5,103.0,103.5,103.0,103.5,2188.0,1381.0,17239.0,9125.0,False,False
2317,2022-10-26 09:44:18.033471,-0.004830917874396157,-0.004830917874396157,-0.5,-0.5,103.0,103.5,103.0,103.5,2190.0,1381.0,17239.0,9125.0,False,False
2317,2022-10-26 09:44:18.147677,-0.004830917874396157,-0.004830917874396157,-0.5,-0.5,103.0,103.5,103.0,103.5,2190.0,1381.0,17239.0,9125.0,False,False
2317,2022-10-26 09:44:19.031658,-0.004830917874396157,-0.004830917874396157,-0.5,-0.5,103.0,103.5,103.0,103.5,2190.0,1381.0,17239.0,9125.0,False,False
2317,2022-10-26 09:44:21.434748,-0.004830917874396157,-0.004830917874396157,-0.5,-0.5,103.0,103.5,103.0,103.5,2190.0,1391.0,17239.0,9125.0,False,False
2317,2022-10-26 09:44:21.476789,-0.004830917874396157,-0.004830917874396157,-0.5,-0.5,103.0,103.5,103.0,103.5,2190.0,1481.0,17239.0,9125.0,False,False
2317,2022-10-26 09:44:22.851196,-0.004830917874396157,-0.004830917874396157,-0.5,-0.5,103.0,103.5,103.0,103.5,2190.0,1481.0,17239.0,9125.0,False,False
2317,2022-10-26 09:44:23.047199,-0.004830917874396157,-0.004830917874396157,-0.5,-0.5,103.0,103.5,103.0,103.5,2190.0,1481.0,17239.0,9125.0,False,False
2317,2022-10-26 09:44:24.181151,-0.004830917874396157,-0.004830917874396157,-0.5,-0.5,103.0,103.5,103.0,103.5,2190.0,1481.0,17239.0,9125.0,False,False
2317,2022-10-26 09:44:26.461956,-0.004830917874396157,-0.004830917874396157,-0.5,-0.5,103.0,103.5,103.0,103.5,2191.0,1481.0,17239.0,9125.0,False,False
2317,2022-10-26 09:44:27.066057,-0.004830917874396157,-0.004830917874396157,-0.5,-0.5,103.0,103.5,103.0,103.5,2191.0,1481.0,17239.0,9225.0,True,True
2317,2022-10-26 09:44:27.507757,-0.004830917874396157,-0.004830917874396157,-0.5,-0.5,103.0,103.5,103.0,103.5,2191.0,1481.0,17239.0,9225.0,False,False
2317,2022-10-26 09:44:28.078654,-0.004830917874396157,-0.004830917874396157,-0.5,-0.5,103.0,103.5,103.0,103.5,2191.0,1481.0,17239.0,9225.0,False,False
2317,2022-10-26 09:44:28.481171,-0.004830917874396157,-0.004830917874396157,-0.5,-0.5,103.0,103.5,103.0,103.5,2191.0,1481.0,17239.0,9225.0,False,False
2317,2022-10-26 09:44:30.107166,-0.004830917874396157,-0.004830917874396157,-0.5,-0.5,103.0,103.5,103.0,103.5,2191.0,1478.0,17239.0,9225.0,False,False
2317,2022-10-26 09:44:30.184392,-0.004830917874396157,-0.004830917874396157,-0.5,-0.5,103.0,103.5,103.0,103.5,2191.0,1477.0,17239.0,9225.0,False,False
2317,2022-10-26 09:44:31.272751,-0.004830917874396157,-0.004830917874396157,-0.5,-0.5,103.0,103.5,103.0,103.5,2191.0,1512.0,17239.0,9225.0,False,False
2317,2022-10-26 09:44:32.583206,-0.004830917874396157,-0.004830917874396157,-0.5,-0.5,103.0,103.5,103.0,103.5,2191.0,1514.0,17239.0,9225.0,False,False
2317,2022-10-26 09:44:32.666656,-0.004830917874396157,-0.004830917874396157,-0.5,-0.5,103.0,103.5,103.0,103.5,2191.0,1515.0,17239.0,9225.0,False,False
2317,2022-10-26 09:44:33.026648,-0.004830917874396157,-0.004830917874396157,-0.5,-0.5,103.0,103.5,103.0,103.5,2191.0,1515.0,17239.0,9225.0,False,False
2317,2022-10-26 09:44:33.192762,-0.004830917874396157,-0.004830917874396157,-0.5,-0.5,103.0,103.5,103.0,103.5,2191.0,1517.0,17239.0,9225.0,False,False
2317,2022-10-26 09:44:33.680217,-0.004830917874396157,-0.004830917874396157,-0.5,-0.5,103.0,103.5,103.0,103.5,2191.0,1519.0,17239.0,9225.0,False,False
2317,2022-10-26 09:44:34.076595,-0.004830917874396157,-0.004830917874396157,-0.5,-0.5,103.0,103.5,103.0,103.5,2191.0,1521.0,17239.0,9225.0,False,False
2317,2022-10-26 09:44:34.510236,-0.004830917874396157,-0.004830917874396157,-0.5,-0.5,103.0,103.5,103.0,103.5,2191.0,1521.0,17239.0,9225.0,False,False
2317,2022-10-26 09:44:34.647351,-0.004830917874396157,-0.004830917874396157,-0.5,-0.5,103.0,103.5,103.0,103.5,2191.0,1523.0,17239.0,9225.0,False,False
2317,2022-10-26 09:44:34.774520,-0.004830917874396157,-0.004830917874396157,-0.5,-0.5,103.0,103.5,103.0,103.5,2191.0,1523.0,17239.0,9225.0,False,False
2317,2022-10-26 09:44:36.568494,-0.004830917874396157,-0.004830917874396157,-0.5,-0.5,103.0,103.5,103.0,103.5,2192.0,1523.0,17239.0,9225.0,False,False
2317,2022-10-26 09:44:37.108360,-0.004830917874396157,-0.004830917874396157,-0.5,-0.5,103.0,103.5,103.0,103.5,2192.0,1523.0,17239.0,9625.0,True,True
2317,2022-10-26 09:44:39.375652,-0.004830917874396157,-0.004830917874396157,-0.5,-0.5,103.0,103.5,103.0,103.5,2192.0,1524.0,17239.0,9625.0,False,False
2317,2022-10-26 09:44:40.451202,-0.004830917874396157,-0.004830917874396157,-0.5,-0.5,103.0,103.5,103.0,103.5,2189.0,1524.0,17239.0,9625.0,False,False
2317,2022-10-26 09:44:40.985149,-0.004830917874396157,-0.004830917874396157,-0.5,-0.5,103.0,103.5,103.0,103.5,2189.0,1523.0,17239.0,9625.0,False,False
2317,2022-10-26 09:44:41.042195,-0.004830917874396157,-0.004830917874396157,-0.5,-0.5,103.0,103.5,103.0,103.5,2189.0,1522.0,17239.0,9625.0,False,False
2317,2022-10-26 09:44:42.295485,-0.004830917874396157,-0.004830917874396157,-0.5,-0.5,103.0,103.5,103.0,103.5,2189.0,1522.0,17239.0,9625.0,False,False
2317,2022-10-26 09:44:43.890280,-0.004830917874396157,-0.004830917874396157,-0.5,-0.5,103.0,103.5,103.0,103.5,2189.0,1522.0,17239.0,9625.0,False,False
2317,2022-10-26 09:44:43.957946,-0.004830917874396157,-0.004830917874396157,-0.5,-0.5,103.0,103.5,103.0,103.5,2189.0,1523.0,17239.0,9625.0,False,False
2317,2022-10-26 09:44:44.751822,-0.004830917874396157,-0.004830917874396157,-0.5,-0.5,103.0,103.5,103.0,103.5,2189.0,1523.0,17239.0,9625.0,False,False
2317,2022-10-26 09:44:47.150469,-0.004830917874396157,-0.004830917874396157,-0.5,-0.5,103.0,103.5,103.0,103.5,2189.0,1523.0,17239.0,9625.0,True,True
2317,2022-10-26 09:44:47.304721,-0.004830917874396157,-0.004830917874396157,-0.5,-0.5,103.0,103.5,103.0,103.5,2189.0,1523.0,17239.0,9625.0,False,False
2317,2022-10-26 09:44:50.016545,-0.004830917874396157,-0.004830917874396157,-0.5,-0.5,103.0,103.5,103.0,103.5,2189.0,1523.0,17239.0,9625.0,False,False
2317,2022-10-26 09:44:50.414246,-0.004830917874396157,-0.004830917874396157,-0.5,-0.5,103.0,103.5,103.0,103.5,2189.0,1523.0,17239.0,9625.0,False,False
2317,2022-10-26 09:44:51.532522,-0.004830917874396157,-0.004830917874396157,-0.5,-0.5,103.0,103.5,103.0,103.5,2189.0,1523.0,17239.0,9625.0,False,False
2317,2022-10-26 09:44:52.326321,-0.004830917874396157,-0.004830917874396157,-0.5,-0.5,103.0,103.5,103.0,103.5,2189.0,1516.0,17239.0,9625.0,False,False
2317,2022-10-26 09:44:52.381639,-0.004830917874396157,-0.004830917874396157,-0.5,-0.5,103.0,103.5,103.0,103.5,2187.0,1516.0,17239.0,9625.0,False,False
2317,2022-10-26 09:44:52.403654,-0.004830917874396157,-0.004830917874396157,-0.5,-0.5,103.0,103.5,103.0,103.5,2183.0,1515.0,17239.0,9625.0,False,False
2317,2022-10-26 09:44:54.548707,-0.004830917874396157,-0.004830917874396157,-0.5,-0.5,103.0,103.5,103.0,103.5,2183.0,1512.0,17239.0,9625.0,False,False
2317,2022-10-26 09:44:54.641492,-0.004830917874396157,-0.004830917874396157,-0.5,-0.5,103.0,103.5,103.0,103.5,2183.0,1512.0,17239.0,9625.0,False,False
2317,2022-10-26 09:44:54.800476,-0.004830917874396157,-0.004830917874396157,-0.5,-0.5,103.0,103.5,103.0,103.5,2183.0,1512.0,17239.0,9625.0,False,False
2317,2022-10-26 09:44:55.320680,-0.004830917874396157,-0.004830917874396157,-0.5,-0.5,103.0,103.5,103.0,103.5,2182.0,1512.0,17239.0,9625.0,False,False
2317,2022-10-26 09:44:55.396686,-0.004830917874396157,-0.004830917874396157,-0.5,-0.5,103.0,103.5,103.0,103.5,2182.0,1513.0,17239.0,9625.0,False,False
2317,2022-10-26 09:44:57.158369,-0.004830917874396157,-0.004830917874396157,-0.5,-0.5,103.0,103.5,103.0,103.5,2182.0,1513.0,17239.0,9715.0,True,True
2317,2022-10-26 09:44:58.216075,-0.004830917874396157,-0.004830917874396157,-0.5,-0.5,103.0,103.5,103.0,103.5,2182.0,1514.0,17239.0,9715.0,False,False
2317,2022-10-26 09:44:59.089916,-0.004830917874396157,-0.004830917874396157,-0.5,-0.5,103.0,103.5,103.0,103.5,2182.0,1514.0,17239.0,9715.0,False,False
2317,2022-10-26 09:44:59.794974,-0.004830917874396157,-0.004830917874396157,-0.5,-0.5,103.0,103.5,103.0,103.5,2183.0,1514.0,17239.0,9715.0,False,False
2317,2022-10-26 09:44:59.956905,-0.004830917874396157,-0.004830917874396157,-0.5,-0.5,103.0,103.5,103.0,103.5,2183.0,1514.0,17239.0,9715.0,False,False
2317,2022-10-26 09:45:00.145644,-0.004830917874396157,-0.004830917874396157,-0.5,-0.5,103.0,103.5,103.0,103.5,2183.0,1514.0,17239.0,9715.0,False,False
2317,2022-10-26 09:45:01.001671,-0.004830917874396157,-0.004830917874396157,-0.5,-0.5,103.0,103.5,103.0,103.5,2178.0,1514.0,17239.0,9715.0,False,False
2317,2022-10-26 09:45:01.281129,-0.004830917874396157,-0.004830917874396157,-0.5,-0.5,103.0,103.5,103.0,103.5,2178.0,1514.0,17239.0,9715.0,False,False
2317,2022-10-26 09:45:06.749234,-0.004830917874396157,-0.004830917874396157,-0.5,-0.5,103.0,103.5,103.0,103.5,2178.0,1514.0,17239.0,9715.0,False,False
2317,2022-10-26 09:45:07.111507,-0.004830917874396157,-0.004830917874396157,-0.5,-0.5,103.0,103.5,103.0,103.5,2178.0,1513.0,17239.0,9715.0,False,False
2317,2022-10-26 09:45:07.190994,-0.004830917874396157,-0.004830917874396157,-0.5,-0.5,103.0,103.5,103.0,103.5,2178.0,1512.0,17239.0,9715.0,False,False
2317,2022-10-26 09:45:07.333539,-0.004830917874396157,-0.004830917874396157,-0.5,-0.5,103.0,103.5,103.0,103.5,2178.0,1512.0,17239.0,9984.0,True,True
2317,2022-10-26 09:45:07.415607,-0.004830917874396157,-0.004830917874396157,-0.5,-0.5,103.0,103.5,103.0,103.5,2178.0,1512.0,17239.0,9984.0,False,False
2317,2022-10-26 09:45:08.364722,-0.004830917874396157,-0.004830917874396157,-0.5,-0.5,103.0,103.5,103.0,103.5,2178.0,1512.0,17239.0,9984.0,False,False
2317,2022-10-26 09:45:08.447013,-0.004830917874396157,-0.004830917874396157,-0.5,-0.5,103.0,103.5,103.0,103.5,2178.0,1513.0,17239.0,9984.0,False,False
2317,2022-10-26 09:45:14.586738,-0.004830917874396157,-0.004830917874396157,-0.5,-0.5,103.0,103.5,103.0,103.5,2178.0,1513.0,17239.0,9984.0,False,False
2317,2022-10-26 09:45:15.366755,-0.004830917874396157,-0.004830917874396157,-0.5,-0.5,103.0,103.5,103.0,103.5,2178.0,1513.0,17239.0,9984.0,False,False
2317,2022-10-26 09:45:15.463341,-0.004830917874396157,-0.004830917874396157,-0.5,-0.5,103.0,103.5,103.0,103.5,2178.0,1513.0,17239.0,9984.0,False,False
2317,2022-10-26 09:45:17.121684,-0.004830917874396157,-0.004830917874396157,-0.5,-0.5,103.0,103.5,103.0,103.5,2179.0,1513.0,17239.0,9984.0,False,False
2317,2022-10-26 09:45:17.337268,-0.004830917874396157,-0.004830917874396157,-0.5,-0.5,103.0,103.5,103.0,103.5,2179.0,1513.0,17239.0,10182.0,True,True
2317,2022-10-26 09:45:17.445094,-0.004830917874396157,-0.004830917874396157,-0.5,-0.5,103.0,103.5,103.0,103.5,2179.0,1513.0,17239.0,10182.0,False,False
2317,2022-10-26 09:45:18.161457,-0.004830917874396157,-0.004830917874396157,-0.5,-0.5,103.0,103.5,103.0,103.5,2179.0,1513.0,17239.0,10182.0,False,False
2317,2022-10-26 09:45:19.095507,-0.004830917874396157,-0.004830917874396157,-0.5,-0.5,103.0,103.5,103.0,103.5,2179.0,1513.0,17239.0,10182.0,False,False
2317,2022-10-26 09:45:19.607615,-0.004830917874396157,-0.004830917874396157,-0.5,-0.5,103.0,103.5,103.0,103.5,2179.0,1513.0,17239.0,10182.0,False,False
2317,2022-10-26 09:45:20.171934,-0.004830917874396157,-0.004830917874396157,-0.5,-0.5,103.0,103.5,103.0,103.5,2179.0,1513.0,17239.0,10182.0,False,False
2317,2022-10-26 09:45:20.995941,-0.004830917874396157,-0.004830917874396157,-0.5,-0.5,103.0,103.5,103.0,103.5,2179.0,1512.0,17239.0,10182.0,False,False
2317,2022-10-26 09:45:21.052394,-0.004830917874396157,-0.004830917874396157,-0.5,-0.5,103.0,103.5,103.0,103.5,2179.0,1511.0,17239.0,10182.0,False,False
2317,2022-10-26 09:45:21.089270,-0.004830917874396157,-0.004830917874396157,-0.5,-0.5,103.0,103.5,103.0,103.5,2089.0,1511.0,17239.0,10182.0,False,False
2317,2022-10-26 09:45:23.414295,-0.004830917874396157,-0.004830917874396157,-0.5,-0.5,103.0,103.5,103.0,103.5,2089.0,1512.0,17239.0,10182.0,False,False
2317,2022-10-26 09:45:23.486732,-0.004830917874396157,-0.004830917874396157,-0.5,-0.5,103.0,103.5,103.0,103.5,2094.0,1512.0,17239.0,10182.0,False,False
2317,2022-10-26 09:45:23.489529,-0.004830917874396157,-0.004830917874396157,-0.5,-0.5,103.0,103.5,103.0,103.5,2094.0,1513.0,17239.0,10182.0,False,False
2317,2022-10-26 09:45:24.150083,-0.004830917874396157,-0.004830917874396157,-0.5,-0.5,103.0,103.5,103.0,103.5,2094.0,1513.0,17239.0,10182.0,False,False
2317,2022-10-26 09:45:24.914701,-0.004830917874396157,-0.004830917874396157,-0.5,-0.5,103.0,103.5,103.0,103.5,2094.0,1513.0,17239.0,10182.0,False,False
2317,2022-10-26 09:45:26.426926,-0.004830917874396157,-0.004830917874396157,-0.5,-0.5,103.0,103.5,103.0,103.5,2094.0,1513.0,17239.0,10182.0,False,False
2317,2022-10-26 09:45:26.503648,-0.004830917874396157,-0.004830917874396157,-0.5,-0.5,103.0,103.5,103.0,103.5,2094.0,1512.0,17239.0,10182.0,False,False
2317,2022-10-26 09:45:26.572647,-0.004830917874396157,-0.004830917874396157,-0.5,-0.5,103.0,103.5,103.0,103.5,2094.0,1511.0,17239.0,10182.0,False,False
2317,2022-10-26 09:45:27.355032,-0.004830917874396157,-0.004830917874396157,-0.5,-0.5,103.0,103.5,103.0,103.5,2094.0,1511.0,17242.0,10182.0,True,True
2317,2022-10-26 09:45:30.067282,-0.004830917874396157,-0.004830917874396157,-0.5,-0.5,103.0,103.5,103.0,103.5,2094.0,1511.0,17242.0,10182.0,False,False
2317,2022-10-26 09:45:30.146322,-0.004830917874396157,-0.004830917874396157,-0.5,-0.5,103.0,103.5,103.0,103.5,2094.0,1512.0,17242.0,10182.0,False,False
2317,2022-10-26 09:45:30.705352,-0.004830917874396157,-0.004830917874396157,-0.5,-0.5,103.0,103.5,103.0,103.5,2094.0,1513.0,17242.0,10182.0,False,False
2317,2022-10-26 09:45:32.399101,-0.004830917874396157,-0.004830917874396157,-0.5,-0.5,103.0,103.5,103.0,103.5,2094.0,1650.0,17242.0,10182.0,False,False
2317,2022-10-26 09:45:32.582805,-0.004830917874396157,-0.004830917874396157,-0.5,-0.5,103.0,103.5,103.0,103.5,2094.0,1650.0,17242.0,10182.0,False,False
2317,2022-10-26 09:45:34.663187,-0.004830917874396157,-0.004830917874396157,-0.5,-0.5,103.0,103.5,103.0,103.5,2095.0,1650.0,17242.0,10182.0,False,False
2317,2022-10-26 09:45:36.421558,-0.004830917874396157,-0.004830917874396157,-0.5,-0.5,103.0,103.5,103.0,103.5,2091.0,1650.0,17242.0,10182.0,False,False
2317,2022-10-26 09:45:37.180737,-0.004830917874396157,-0.004830917874396157,-0.5,-0.5,103.0,103.5,103.0,103.5,2091.0,1650.0,17242.0,10182.0,False,False
2317,2022-10-26 09:45:37.383788,-0.004830917874396157,-0.004830917874396157,-0.5,-0.5,103.0,103.5,103.0,103.5,2091.0,1650.0,17242.0,10182.0,True,True
2317,2022-10-26 09:45:37.365209,-0.004830917874396157,-0.004830917874396157,-0.5,-0.5,103.0,103.5,103.0,103.5,2091.0,1650.0,17242.0,10182.0,False,False
2317,2022-10-26 09:45:37.484867,-0.004830917874396157,-0.004830917874396157,-0.5,-0.5,103.0,103.5,103.0,103.5,2091.0,1650.0,17242.0,10182.0,False,False
2317,2022-10-26 09:45:38.002760,-0.004830917874396157,-0.004830917874396157,-0.5,-0.5,103.0,103.5,103.0,103.5,2091.0,1650.0,17242.0,10182.0,False,False
2317,2022-10-26 09:45:38.494844,-0.004830917874396157,-0.004830917874396157,-0.5,-0.5,103.0,103.5,103.0,103.5,2091.0,1650.0,17242.0,10182.0,False,False
2317,2022-10-26 09:45:40.766843,-0.004830917874396157,-0.004830917874396157,-0.5,-0.5,103.0,103.5,103.0,103.5,2091.0,1647.0,17242.0,10182.0,False,False
2317,2022-10-26 09:45:40.827587,-0.004830917874396157,-0.004830917874396157,-0.5,-0.5,103.0,103.5,103.0,103.5,2091.0,1646.0,17242.0,10182.0,False,False
2317,2022-10-26 09:45:42.078822,-0.004830917874396157,-0.004830917874396157,-0.5,-0.5,103.0,103.5,103.0,103.5,2091.0,1646.0,17242.0,10182.0,False,False
2317,2022-10-26 09:45:45.189216,-0.004830917874396157,-0.004830917874396157,-0.5,-0.5,103.0,103.5,103.0,103.5,2090.0,1646.0,17242.0,10182.0,False,False
2317,2022-10-26 09:45:45.260164,-0.004830917874396157,-0.004830917874396157,-0.5,-0.5,103.0,103.5,103.0,103.5,2090.0,1647.0,17242.0,10182.0,False,False
2317,2022-10-26 09:45:45.385836,-0.004830917874396157,-0.004830917874396157,-0.5,-0.5,103.0,103.5,103.0,103.5,2090.0,1647.0,17242.0,10182.0,False,False
2317,2022-10-26 09:45:45.599329,-0.004830917874396157,-0.004830917874396157,-0.5,-0.5,103.0,103.5,103.0,103.5,2090.0,1648.0,17242.0,10182.0,False,False
2317,2022-10-26 09:45:46.089649,-0.004830917874396157,-0.004830917874396157,-0.5,-0.5,103.0,103.5,103.0,103.5,2090.0,1645.0,17242.0,10182.0,False,False
2317,2022-10-26 09:45:46.151280,-0.004830917874396157,-0.004830917874396157,-0.5,-0.5,103.0,103.5,103.0,103.5,2090.0,1644.0,17242.0,10182.0,False,False
2317,2022-10-26 09:45:46.315611,-0.004830917874396157,-0.004830917874396157,-0.5,-0.5,103.0,103.5,103.0,103.5,2091.0,1644.0,17242.0,10182.0,False,False
2317,2022-10-26 09:45:47.417132,-0.004830917874396157,-0.004830917874396157,-0.5,-0.5,103.0,103.5,103.0,103.5,2091.0,1644.0,17242.0,10259.0,True,True
2317,2022-10-26 09:45:48.315492,-0.004830917874396157,-0.004830917874396157,-0.5,-0.5,103.0,103.5,103.0,103.5,2091.0,1648.0,17242.0,10259.0,False,False
2317,2022-10-26 09:45:51.977529,-0.004830917874396157,-0.004830917874396157,-0.5,-0.5,103.0,103.5,103.0,103.5,2090.0,1648.0,17242.0,10259.0,False,False
2317,2022-10-26 09:45:52.049430,-0.004830917874396157,-0.004830917874396157,-0.5,-0.5,103.0,103.5,103.0,103.5,2090.0,1649.0,17242.0,10259.0,False,False
2317,2022-10-26 09:45:55.612763,-0.004830917874396157,-0.004830917874396157,-0.5,-0.5,103.0,103.5,103.0,103.5,2090.0,1649.0,17242.0,10259.0,False,False
2317,2022-10-26 09:45:56.002367,-0.004830917874396157,-0.004830917874396157,-0.5,-0.5,103.0,103.5,103.0,103.5,2090.0,1649.0,17242.0,10259.0,False,False
2317,2022-10-26 09:45:56.003698,-0.004830917874396157,-0.004830917874396157,-0.5,-0.5,103.0,103.5,103.0,103.5,2090.0,1649.0,17242.0,10259.0,False,False
2317,2022-10-26 09:45:56.122593,-0.004830917874396157,-0.004830917874396157,-0.5,-0.5,103.0,103.5,103.0,103.5,2090.0,1648.0,17242.0,10259.0,False,False
2317,2022-10-26 09:45:56.197610,-0.004830917874396157,-0.004830917874396157,-0.5,-0.5,103.0,103.5,103.0,103.5,2090.0,1647.0,17242.0,10259.0,False,False
2317,2022-10-26 09:45:56.655985,-0.004830917874396157,-0.004830917874396157,-0.5,-0.5,103.0,103.5,103.0,103.5,2090.0,1647.0,17242.0,10259.0,False,False
2317,2022-10-26 09:45:57.445184,-0.004830917874396157,-0.004830917874396157,-0.5,-0.5,103.0,103.5,103.0,103.5,2090.0,1647.0,17342.0,10259.0,True,True
2317,2022-10-26 09:45:59.126062,-0.004830917874396157,-0.004830917874396157,-0.5,-0.5,103.0,103.5,103.0,103.5,2233.0,1647.0,17342.0,10259.0,False,False
2317,2022-10-26 09:45:59.675244,-0.004830917874396157,-0.004830917874396157,-0.5,-0.5,103.0,103.5,103.0,103.5,2233.0,1647.0,17342.0,10259.0,False,False
2317,2022-10-26 09:46:00.105347,-0.004830917874396157,-0.004830917874396157,-0.5,-0.5,103.0,103.5,103.0,103.5,2090.0,1647.0,17342.0,10259.0,False,False
2317,2022-10-26 09:46:00.171078,-0.004830917874396157,-0.004830917874396157,-0.5,-0.5,103.0,103.5,103.0,103.5,2090.0,1648.0,17342.0,10259.0,False,False
2317,2022-10-26 09:46:00.539125,-0.004830917874396157,-0.004830917874396157,-0.5,-0.5,103.0,103.5,103.0,103.5,2090.0,1668.0,17342.0,10259.0,False,False
2317,2022-10-26 09:46:02.139111,-0.004830917874396157,-0.004830917874396157,-0.5,-0.5,103.0,103.5,103.0,103.5,2090.0,1668.0,17342.0,10259.0,False,False
2317,2022-10-26 09:46:03.427069,-0.004830917874396157,-0.004830917874396157,-0.5,-0.5,103.0,103.5,103.0,103.5,2090.0,1669.0,17342.0,10259.0,False,False
2317,2022-10-26 09:46:04.111618,-0.004830917874396157,-0.004830917874396157,-0.5,-0.5,103.0,103.5,103.0,103.5,2233.0,1669.0,17342.0,10259.0,False,False
2317,2022-10-26 09:46:04.445624,-0.004830917874396157,-0.004830917874396157,-0.5,-0.5,103.0,103.5,103.0,103.5,2228.0,1669.0,17342.0,10259.0,False,False
2317,2022-10-26 09:46:04.532597,-0.004830917874396157,-0.004830917874396157,-0.5,-0.5,103.0,103.5,103.0,103.5,2228.0,1700.0,17342.0,10259.0,False,False
2317,2022-10-26 09:46:04.618918,-0.004830917874396157,-0.004830917874396157,-0.5,-0.5,103.0,103.5,103.0,103.5,2228.0,1699.0,17342.0,10259.0,False,False
2317,2022-10-26 09:46:04.642387,-0.004830917874396157,-0.004830917874396157,-0.5,-0.5,103.0,103.5,103.0,103.5,2227.0,1699.0,17342.0,10259.0,False,False
2317,2022-10-26 09:46:04.689089,-0.004830917874396157,-0.004830917874396157,-0.5,-0.5,103.0,103.5,103.0,103.5,2204.0,1699.0,17342.0,10259.0,False,False
2317,2022-10-26 09:46:05.042009,-0.004830917874396157,-0.004830917874396157,-0.5,-0.5,103.0,103.5,103.0,103.5,2204.0,1699.0,17342.0,10259.0,False,False
2317,2022-10-26 09:46:06.870445,-0.004830917874396157,-0.004830917874396157,-0.5,-0.5,103.0,103.5,103.0,103.5,2204.0,1699.0,16343.0,9189.0,False,True
2317,2022-10-26 09:46:07.602751,-0.004830917874396157,-0.004830917874396157,-0.5,-0.5,103.0,103.5,103.0,103.5,2385.0,1699.0,16343.0,9189.0,False,False
2317,2022-10-26 09:46:07.817288,-0.004830917874396157,-0.004830917874396157,-0.5,-0.5,103.0,103.5,103.0,103.5,2454.0,1699.0,16343.0,9189.0,False,False
2317,2022-10-26 09:46:07.947600,-0.004830917874396157,-0.004830917874396157,-0.5,-0.5,103.0,103.5,103.0,103.5,2454.0,1699.0,16343.0,9189.0,False,False
2317,2022-10-26 09:46:08.265635,-0.004830917874396157,-0.004830917874396157,-0.5,-0.5,103.0,103.5,103.0,103.5,2456.0,1699.0,16343.0,9189.0,False,False
2317,2022-10-26 09:46:09.288981,-0.004830917874396157,-0.004830917874396157,-0.5,-0.5,103.0,103.5,103.0,103.5,2456.0,1699.0,16343.0,9189.0,False,False
2317,2022-10-26 09:46:09.308672,-0.004830917874396157,-0.004830917874396157,-0.5,-0.5,103.0,103.5,103.0,103.5,2457.0,1699.0,16343.0,9189.0,False,False
2317,2022-10-26 09:46:09.823117,-0.004830917874396157,-0.004830917874396157,-0.5,-0.5,103.0,103.5,103.0,103.5,2457.0,1699.0,16343.0,9189.0,False,False
2317,2022-10-26 09:46:11.159194,-0.004830917874396157,-0.004830917874396157,-0.5,-0.5,103.0,103.5,103.0,103.5,2457.0,1699.0,16343.0,9189.0,False,False
2317,2022-10-26 09:46:11.680814,-0.004830917874396157,-0.004830917874396157,-0.5,-0.5,103.0,103.5,103.0,103.5,2457.0,1699.0,16343.0,9189.0,False,False
2317,2022-10-26 09:46:12.049139,-0.004830917874396157,-0.004830917874396157,-0.5,-0.5,103.0,103.5,103.0,103.5,2459.0,1699.0,16343.0,9189.0,False,False
2317,2022-10-26 09:46:12.570246,-0.004830917874396157,-0.004830917874396157,-0.5,-0.5,103.0,103.5,103.0,103.5,2461.0,1699.0,16343.0,9189.0,False,False
2317,2022-10-26 09:46:13.378006,-0.004830917874396157,-0.004830917874396157,-0.5,-0.5,103.0,103.5,103.0,103.5,2462.0,1699.0,16343.0,9189.0,False,False
2317,2022-10-26 09:46:13.378308,-0.004830917874396157,-0.004830917874396157,-0.5,-0.5,103.0,103.5,103.0,103.5,2464.0,1699.0,16343.0,9189.0,False,False
2317,2022-10-26 09:46:13.456468,-0.004830917874396157,-0.004830917874396157,-0.5,-0.5,103.0,103.5,103.0,103.5,2461.0,1699.0,16343.0,9189.0,False,False
2317,2022-10-26 09:46:13.447312,-0.004830917874396157,-0.004830917874396157,-0.5,-0.5,103.0,103.5,103.0,103.5,2464.0,1699.0,16343.0,9189.0,False,False
2317,2022-10-26 09:46:13.581465,-0.004830917874396157,-0.004830917874396157,-0.5,-0.5,103.0,103.5,103.0,103.5,2280.0,1699.0,16343.0,9189.0,False,False
2317,2022-10-26 09:46:14.083023,-0.004830917874396157,-0.004830917874396157,-0.5,-0.5,103.0,103.5,103.0,103.5,2280.0,1701.0,16343.0,9189.0,False,False
2317,2022-10-26 09:46:14.589904,-0.004830917874396157,-0.004830917874396157,-0.5,-0.5,103.0,103.5,103.0,103.5,2280.0,1700.0,16343.0,9189.0,False,False
2317,2022-10-26 09:46:14.598592,-0.004830917874396157,-0.004830917874396157,-0.5,-0.5,103.0,103.5,103.0,103.5,2279.0,1700.0,16343.0,9189.0,False,False
2317,2022-10-26 09:46:14.723250,-0.004830917874396157,-0.004830917874396157,-0.5,-0.5,103.0,103.5,103.0,103.5,2280.0,1700.0,16343.0,9189.0,False,False
2317,2022-10-26 09:46:15.138362,-0.004830917874396157,-0.004830917874396157,-0.5,-0.5,103.0,103.5,103.0,103.5,2280.0,1700.0,16343.0,9189.0,False,False
2317,2022-10-26 09:46:16.015628,-0.004830917874396157,-0.004830917874396157,-0.5,-0.5,103.0,103.5,103.0,103.5,2279.0,1700.0,16343.0,9189.0,False,False
2317,2022-10-26 09:46:16.055778,-0.004830917874396157,-0.004830917874396157,-0.5,-0.5,103.0,103.5,103.0,103.5,2277.0,1700.0,16343.0,9189.0,False,False
2317,2022-10-26 09:46:16.208887,-0.004830917874396157,-0.004830917874396157,-0.5,-0.5,103.0,103.5,103.0,103.5,2277.0,1699.0,16343.0,9189.0,False,False
2317,2022-10-26 09:46:16.216217,-0.004830917874396157,-0.004830917874396157,-0.5,-0.5,103.0,103.5,103.0,103.5,2276.0,1699.0,16343.0,9189.0,False,False
2317,2022-10-26 09:46:16.327134,-0.004830917874396157,-0.004830917874396157,-0.5,-0.5,103.0,103.5,103.0,103.5,2276.0,1697.0,16343.0,9189.0,False,False
2317,2022-10-26 09:46:16.394578,-0.004830917874396157,-0.004830917874396157,-0.5,-0.5,103.0,103.5,103.0,103.5,2276.0,1696.0,16343.0,9189.0,False,False
2317,2022-10-26 09:46:16.529480,-0.004830917874396157,-0.004830917874396157,-0.5,-0.5,103.0,103.5,103.0,103.5,2276.0,1696.0,16343.0,9189.0,False,False
2317,2022-10-26 09:46:16.897927,-0.004830917874396157,-0.004830917874396157,-0.5,-0.5,103.0,103.5,103.0,103.5,2276.0,1696.0,17492.0,10138.0,True,True
2317,2022-10-26 09:46:17.006580,-0.004830917874396157,-0.004830917874396157,-0.5,-0.5,103.0,103.5,103.0,103.5,2276.0,1696.0,17492.0,10138.0,False,False
2317,2022-10-26 09:46:17.547458,-0.004830917874396157,-0.004830917874396157,-0.5,-0.5,103.0,103.5,103.0,103.5,2278.0,1696.0,17492.0,10138.0,False,False
2317,2022-10-26 09:46:17.596685,-0.004830917874396157,-0.004830917874396157,-0.5,-0.5,103.0,103.5,103.0,103.5,2459.0,1696.0,17492.0,10138.0,False,False
2317,2022-10-26 09:46:18.521087,-0.004830917874396157,-0.004830917874396157,-0.5,-0.5,103.0,103.5,103.0,103.5,2460.0,1696.0,17492.0,10138.0,False,False
2317,2022-10-26 09:46:18.915025,-0.004830917874396157,-0.004830917874396157,-0.5,-0.5,103.0,103.5,103.0,103.5,2470.0,1696.0,17492.0,10138.0,False,False
2317,2022-10-26 09:46:20.027459,-0.004830917874396157,-0.004830917874396157,-0.5,-0.5,103.0,103.5,103.0,103.5,2470.0,1696.0,17492.0,10138.0,False,False
2317,2022-10-26 09:46:20.099259,-0.004830917874396157,-0.004830917874396157,-0.5,-0.5,103.0,103.5,103.0,103.5,2470.0,1697.0,17492.0,10138.0,False,False
2317,2022-10-26 09:46:21.371130,-0.004830917874396157,-0.004830917874396157,-0.5,-0.5,103.0,103.5,103.0,103.5,2470.0,1697.0,17492.0,10138.0,False,False
2317,2022-10-26 09:46:23.840170,-0.004830917874396157,-0.004830917874396157,-0.5,-0.5,103.0,103.5,103.0,103.5,2472.0,1697.0,17492.0,10138.0,False,False
2317,2022-10-26 09:46:23.933988,-0.004830917874396157,-0.004830917874396157,-0.5,-0.5,103.0,103.5,103.0,103.5,2472.0,1697.0,17492.0,10138.0,False,False
2317,2022-10-26 09:46:24.187954,-0.004830917874396157,-0.004830917874396157,-0.5,-0.5,103.0,103.5,103.0,103.5,2472.0,1697.0,17492.0,10138.0,False,False
2317,2022-10-26 09:46:25.831140,-0.004830917874396157,-0.004830917874396157,-0.5,-0.5,103.0,103.5,103.0,103.5,2472.0,1694.0,17492.0,10138.0,False,False
2317,2022-10-26 09:46:25.887219,-0.004830917874396157,-0.004830917874396157,-0.5,-0.5,103.0,103.5,103.0,103.5,2472.0,1693.0,17492.0,10138.0,False,False
2317,2022-10-26 09:46:26.237175,-0.004830917874396157,-0.004830917874396157,-0.5,-0.5,103.0,103.5,103.0,103.5,2472.0,1694.0,17492.0,10138.0,False,False
2317,2022-10-26 09:46:26.930898,-0.004830917874396157,-0.004830917874396157,-0.5,-0.5,103.0,103.5,103.0,103.5,2472.0,1694.0,17492.0,10138.0,True,True
2317,2022-10-26 09:46:28.707150,-0.004830917874396157,-0.004830917874396157,-0.5,-0.5,103.0,103.5,103.0,103.5,2472.0,1695.0,17492.0,10138.0,False,False
2317,2022-10-26 09:46:29.186849,-0.004830917874396157,-0.004830917874396157,-0.5,-0.5,103.0,103.5,103.0,103.5,2472.0,1696.0,17492.0,10138.0,False,False
2317,2022-10-26 09:46:29.369211,-0.004830917874396157,-0.004830917874396157,-0.5,-0.5,103.0,103.5,103.0,103.5,2462.0,1696.0,17492.0,10138.0,False,False
2317,2022-10-26 09:46:29.570238,-0.004830917874396157,-0.004830917874396157,-0.5,-0.5,103.0,103.5,103.0,103.5,2281.0,1696.0,17492.0,10138.0,False,False
2317,2022-10-26 09:46:30.859505,-0.004830917874396157,-0.004830917874396157,-0.5,-0.5,103.0,103.5,103.0,103.5,2281.0,1695.0,17492.0,10138.0,False,False
2317,2022-10-26 09:46:30.932963,-0.004830917874396157,-0.004830917874396157,-0.5,-0.5,103.0,103.5,103.0,103.5,2281.0,1696.0,17492.0,10138.0,False,False
2317,2022-10-26 09:46:31.084096,-0.004830917874396157,-0.004830917874396157,-0.5,-0.5,103.0,103.5,103.0,103.5,2138.0,1696.0,17492.0,10138.0,False,False
2317,2022-10-26 09:46:31.134624,-0.004830917874396157,-0.004830917874396157,-0.5,-0.5,103.0,103.5,103.0,103.5,2138.0,1695.0,17492.0,10138.0,False,False
2317,2022-10-26 09:46:31.236583,-0.004830917874396157,-0.004830917874396157,-0.5,-0.5,103.0,103.5,103.0,103.5,2139.0,1695.0,17492.0,10138.0,False,False
2317,2022-10-26 09:46:33.655172,-0.004830917874396157,-0.004830917874396157,-0.5,-0.5,103.0,103.5,103.0,103.5,2070.0,1695.0,17492.0,10138.0,False,False
2317,2022-10-26 09:46:33.705847,-0.004830917874396157,-0.004830917874396157,-0.5,-0.5,103.0,103.5,103.0,103.5,2070.0,1695.0,17492.0,10138.0,False,False
2317,2022-10-26 09:46:34.157906,-0.004830917874396157,-0.004830917874396157,-0.5,-0.5,103.0,103.5,103.0,103.5,2070.0,1695.0,17492.0,10138.0,False,False
2317,2022-10-26 09:46:36.965596,-0.004830917874396157,-0.004830917874396157,-0.5,-0.5,103.0,103.5,103.0,103.5,2070.0,1695.0,17492.0,10102.0,True,True
2317,2022-10-26 09:46:39.701733,-0.004830917874396157,-0.004830917874396157,-0.5,-0.5,103.0,103.5,103.0,103.5,2065.0,1695.0,17492.0,10102.0,False,False
2317,2022-10-26 09:46:39.795835,-0.004830917874396157,-0.004830917874396157,-0.5,-0.5,103.0,103.5,103.0,103.5,2065.0,1696.0,17492.0,10102.0,False,False
2317,2022-10-26 09:46:39.831359,-0.004830917874396157,-0.004830917874396157,-0.5,-0.5,103.0,103.5,103.0,103.5,2065.0,1696.0,17492.0,10102.0,False,False
2317,2022-10-26 09:46:40.265793,-0.004830917874396157,-0.004830917874396157,-0.5,-0.5,103.0,103.5,103.0,103.5,2065.0,1696.0,17492.0,10102.0,False,False
2317,2022-10-26 09:46:40.317087,-0.004830917874396157,-0.004830917874396157,-0.5,-0.5,103.0,103.5,103.0,103.5,2062.0,1696.0,17492.0,10102.0,False,False
2317,2022-10-26 09:46:41.966302,-0.004830917874396157,-0.004830917874396157,-0.5,-0.5,103.0,103.5,103.0,103.5,2062.0,1696.0,17492.0,10102.0,False,False
2317,2022-10-26 09:46:44.446474,-0.004830917874396157,-0.004830917874396157,-0.5,-0.5,103.0,103.5,103.0,103.5,2062.0,1694.0,17492.0,10102.0,False,False
2317,2022-10-26 09:46:45.581387,-0.004830917874396157,-0.004830917874396157,-0.5,-0.5,103.0,103.5,103.0,103.5,2245.0,1694.0,17492.0,10102.0,False,False
2317,2022-10-26 09:46:46.094736,-0.004830917874396157,-0.004830917874396157,-0.5,-0.5,103.0,103.5,103.0,103.5,2389.0,1694.0,17492.0,10102.0,False,False
2317,2022-10-26 09:46:46.121006,-0.004830917874396157,-0.004830917874396157,-0.5,-0.5,103.0,103.5,103.0,103.5,2391.0,1694.0,17492.0,10102.0,False,False
2317,2022-10-26 09:46:46.805742,-0.004830917874396157,-0.004830917874396157,-0.5,-0.5,103.0,103.5,103.0,103.5,2392.0,1694.0,17492.0,10102.0,False,False
2317,2022-10-26 09:46:47.000013,-0.004830917874396157,-0.004830917874396157,-0.5,-0.5,103.0,103.5,103.0,103.5,2392.0,1694.0,16503.0,9101.0,True,True
2317,2022-10-26 09:46:48.858572,-0.004830917874396157,-0.004830917874396157,-0.5,-0.5,103.0,103.5,103.0,103.5,2392.0,1694.0,16503.0,9101.0,False,False
2317,2022-10-26 09:46:49.671110,-0.004830917874396157,-0.004830917874396157,-0.5,-0.5,103.0,103.5,103.0,103.5,2461.0,1694.0,16503.0,9101.0,False,False
2317,2022-10-26 09:46:49.892180,-0.004830917874396157,-0.004830917874396157,-0.5,-0.5,103.0,103.5,103.0,103.5,2461.0,1695.0,16503.0,9101.0,False,False
2317,2022-10-26 09:46:51.012855,-0.004830917874396157,-0.004830917874396157,-0.5,-0.5,103.0,103.5,103.0,103.5,2461.0,1685.0,16503.0,9101.0,False,False
2317,2022-10-26 09:46:51.082248,-0.004830917874396157,-0.004830917874396157,-0.5,-0.5,103.0,103.5,103.0,103.5,2461.0,1684.0,16503.0,9101.0,False,False
2317,2022-10-26 09:46:54.327667,-0.004830917874396157,-0.004830917874396157,-0.5,-0.5,103.0,103.5,103.0,103.5,2463.0,1684.0,16503.0,9101.0,False,False
2317,2022-10-26 09:46:54.860079,-0.004830917874396157,-0.004830917874396157,-0.5,-0.5,103.0,103.5,103.0,103.5,2463.0,1674.0,16503.0,9101.0,False,False
2317,2022-10-26 09:46:54.895812,-0.004830917874396157,-0.004830917874396157,-0.5,-0.5,103.0,103.5,103.0,103.5,2463.0,1683.0,16503.0,9101.0,False,False
2317,2022-10-26 09:46:54.989072,-0.004830917874396157,-0.004830917874396157,-0.5,-0.5,103.0,103.5,103.0,103.5,2463.0,1674.0,16503.0,9101.0,False,False
2317,2022-10-26 09:46:56.550964,-0.004830917874396157,-0.004830917874396157,-0.5,-0.5,103.0,103.5,103.0,103.5,2280.0,1674.0,16503.0,9101.0,False,False
2317,2022-10-26 09:46:57.028067,-0.004830917874396157,-0.004830917874396157,-0.5,-0.5,103.0,103.5,103.0,103.5,2280.0,1674.0,16289.0,9189.0,True,True
2317,2022-10-26 09:46:59.071237,-0.004830917874396157,-0.004830917874396157,-0.5,-0.5,103.0,103.5,103.0,103.5,2136.0,1674.0,16289.0,9189.0,False,False
2317,2022-10-26 09:46:59.122920,-0.004830917874396157,-0.004830917874396157,-0.5,-0.5,103.0,103.5,103.0,103.5,2136.0,1674.0,16289.0,9189.0,False,False
2317,2022-10-26 09:46:59.599090,-0.004830917874396157,-0.004830917874396157,-0.5,-0.5,103.0,103.5,103.0,103.5,2136.0,1674.0,16289.0,9189.0,False,False
2317,2022-10-26 09:46:59.664107,-0.004830917874396157,-0.004830917874396157,-0.5,-0.5,103.0,103.5,103.0,103.5,2136.0,1675.0,16289.0,9189.0,False,False
2317,2022-10-26 09:46:59.859209,-0.004830917874396157,-0.004830917874396157,-0.5,-0.5,103.0,103.5,103.0,103.5,2136.0,1675.0,16289.0,9189.0,False,False
2317,2022-10-26 09:47:00.012867,-0.004830917874396157,-0.004830917874396157,-0.5,-0.5,103.0,103.5,103.0,103.5,2136.0,1675.0,16289.0,9189.0,False,False
2317,2022-10-26 09:47:01.160473,-0.004830917874396157,-0.004830917874396157,-0.5,-0.5,103.0,103.5,103.0,103.5,2136.0,1675.0,16289.0,9189.0,False,False
2317,2022-10-26 09:47:01.575737,-0.004830917874396157,-0.004830917874396157,-0.5,-0.5,103.0,103.5,103.0,103.5,2324.0,1675.0,16289.0,9189.0,False,False
2317,2022-10-26 09:47:02.086345,-0.004830917874396157,-0.004830917874396157,-0.5,-0.5,103.0,103.5,103.0,103.5,2470.0,1675.0,16289.0,9189.0,False,False
2317,2022-10-26 09:47:03.017114,-0.004830917874396157,-0.004830917874396157,-0.5,-0.5,103.0,103.5,103.0,103.5,2470.0,1672.0,16289.0,9189.0,False,False
2317,2022-10-26 09:47:03.079183,-0.004830917874396157,-0.004830917874396157,-0.5,-0.5,103.0,103.5,103.0,103.5,2470.0,1671.0,16289.0,9189.0,False,False
2317,2022-10-26 09:47:03.427326,-0.004830917874396157,-0.004830917874396157,-0.5,-0.5,103.0,103.5,103.0,103.5,2470.0,1661.0,16289.0,9189.0,False,False
2317,2022-10-26 09:47:03.502874,-0.004830917874396157,-0.004830917874396157,-0.5,-0.5,103.0,103.5,103.0,103.5,2470.0,1661.0,16289.0,9189.0,False,False
2317,2022-10-26 09:47:03.638065,-0.004830917874396157,-0.004830917874396157,-0.5,-0.5,103.0,103.5,103.0,103.5,2470.0,1652.0,16289.0,9189.0,False,False
2317,2022-10-26 09:47:03.721573,-0.004830917874396157,-0.004830917874396157,-0.5,-0.5,103.0,103.5,103.0,103.5,2470.0,1643.0,16289.0,9189.0,False,False
2317,2022-10-26 09:47:05.857874,-0.004830917874396157,-0.004830917874396157,-0.5,-0.5,103.0,103.5,103.0,103.5,2470.0,1635.0,16289.0,9189.0,False,False
2317,2022-10-26 09:47:06.919143,-0.004830917874396157,-0.004830917874396157,-0.5,-0.5,103.0,103.5,103.0,103.5,2470.0,1640.0,16289.0,9189.0,False,False
2317,2022-10-26 09:47:06.935062,-0.004830917874396157,-0.004830917874396157,-0.5,-0.5,103.0,103.5,103.0,103.5,2470.0,1640.0,16289.0,9189.0,False,False
2317,2022-10-26 09:47:07.058605,-0.004830917874396157,-0.004830917874396157,-0.5,-0.5,103.0,103.5,103.0,103.5,2470.0,1640.0,16309.0,9189.0,True,True
2317,2022-10-26 09:47:07.718909,-0.004830917874396157,-0.004830917874396157,-0.5,-0.5,103.0,103.5,103.0,103.5,2470.0,1640.0,16309.0,9189.0,False,False
2317,2022-10-26 09:47:09.644879,-0.004830917874396157,-0.004830917874396157,-0.5,-0.5,103.0,103.5,103.0,103.5,2474.0,1640.0,16309.0,9189.0,False,False
2317,2022-10-26 09:47:09.705889,-0.004830917874396157,-0.004830917874396157,-0.5,-0.5,103.0,103.5,103.0,103.5,2474.0,1640.0,16309.0,9189.0,False,False
2317,2022-10-26 09:47:09.849090,-0.004830917874396157,-0.004830917874396157,-0.5,-0.5,103.0,103.5,103.0,103.5,2475.0,1640.0,16309.0,9189.0,False,False
2317,2022-10-26 09:47:10.554670,-0.004830917874396157,-0.004830917874396157,-0.5,-0.5,103.0,103.5,103.0,103.5,2475.0,1640.0,16309.0,9189.0,False,False
2317,2022-10-26 09:47:10.619506,-0.004830917874396157,-0.004830917874396157,-0.5,-0.5,103.0,103.5,103.0,103.5,2475.0,1636.0,16309.0,9189.0,False,False
2317,2022-10-26 09:47:10.885011,-0.004830917874396157,-0.004830917874396157,-0.5,-0.5,103.0,103.5,103.0,103.5,2475.0,1635.0,16309.0,9189.0,False,False
2317,2022-10-26 09:47:10.973169,-0.004830917874396157,-0.004830917874396157,-0.5,-0.5,103.0,103.5,103.0,103.5,2475.0,1634.0,16309.0,9189.0,False,False
2317,2022-10-26 09:47:11.010027,-0.004830917874396157,-0.004830917874396157,-0.5,-0.5,103.0,103.5,103.0,103.5,2475.0,1634.0,16309.0,9189.0,False,False
2317,2022-10-26 09:47:11.296933,-0.004830917874396157,-0.004830917874396157,-0.5,-0.5,103.0,103.5,103.0,103.5,2475.0,1624.0,16309.0,9189.0,False,False
2317,2022-10-26 09:47:11.373582,-0.004830917874396157,-0.004830917874396157,-0.5,-0.5,103.0,103.5,103.0,103.5,2475.0,1615.0,16309.0,9189.0,False,False
2317,2022-10-26 09:47:11.881556,-0.004830917874396157,-0.004830917874396157,-0.5,-0.5,103.0,103.5,103.0,103.5,2475.0,1620.0,16309.0,9189.0,False,False
2317,2022-10-26 09:47:12.366673,-0.004830917874396157,-0.004830917874396157,-0.5,-0.5,103.0,103.5,103.0,103.5,2475.0,1617.0,16309.0,9189.0,False,False
2317,2022-10-26 09:47:12.784412,-0.004830917874396157,-0.004830917874396157,-0.5,-0.5,103.0,103.5,103.0,103.5,2475.0,1617.0,16309.0,9189.0,False,False
2317,2022-10-26 09:47:12.818049,-0.004830917874396157,-0.004830917874396157,-0.5,-0.5,103.0,103.5,103.0,103.5,2495.0,1617.0,16309.0,9189.0,False,False
2317,2022-10-26 09:47:13.054401,-0.004830917874396157,-0.004830917874396157,-0.5,-0.5,103.0,103.5,103.0,103.5,2495.0,1617.0,16309.0,9189.0,False,False
2317,2022-10-26 09:47:13.086522,-0.004830917874396157,-0.004830917874396157,-0.5,-0.5,103.0,103.5,103.0,103.5,2492.0,1617.0,16309.0,9189.0,False,False
2317,2022-10-26 09:47:13.169011,-0.004830917874396157,-0.004830917874396157,-0.5,-0.5,103.0,103.5,103.0,103.5,2492.0,1618.0,16309.0,9189.0,False,False
2317,2022-10-26 09:47:15.329526,-0.004830917874396157,-0.004830917874396157,-0.5,-0.5,103.0,103.5,103.0,103.5,2487.0,1618.0,16309.0,9189.0,False,False
2317,2022-10-26 09:47:15.396954,-0.004830917874396157,-0.004830917874396157,-0.5,-0.5,103.0,103.5,103.0,103.5,2487.0,1623.0,16309.0,9189.0,False,False
2317,2022-10-26 09:47:15.539083,-0.004830917874396157,-0.004830917874396157,-0.5,-0.5,103.0,103.5,103.0,103.5,2299.0,1623.0,16309.0,9189.0,False,False
2317,2022-10-26 09:47:17.030096,-0.004830917874396157,-0.004830917874396157,-0.5,-0.5,103.0,103.5,103.0,103.5,2298.0,1623.0,16309.0,9189.0,False,False
2317,2022-10-26 09:47:17.063411,-0.004830917874396157,-0.004830917874396157,-0.5,-0.5,103.0,103.5,103.0,103.5,2152.0,1623.0,16309.0,9189.0,False,False
2317,2022-10-26 09:47:17.088267,-0.004830917874396157,-0.004830917874396157,-0.5,-0.5,103.0,103.5,103.0,103.5,2152.0,1623.0,16309.0,9189.0,True,True
2317,2022-10-26 09:47:17.801870,-0.004830917874396157,-0.004830917874396157,-0.5,-0.5,103.0,103.5,103.0,103.5,2153.0,1623.0,16309.0,9189.0,False,False
2317,2022-10-26 09:47:18.763107,-0.004830917874396157,-0.004830917874396157,-0.5,-0.5,103.0,103.5,103.0,103.5,2153.0,1622.0,16309.0,9189.0,False,False
2317,2022-10-26 09:47:18.835056,-0.004830917874396157,-0.004830917874396157,-0.5,-0.5,103.0,103.5,103.0,103.5,2153.0,1621.0,16309.0,9189.0,False,False
2317,2022-10-26 09:47:19.628793,-0.004830917874396157,-0.004830917874396157,-0.5,-0.5,103.0,103.5,103.0,103.5,2084.0,1621.0,16309.0,9189.0,False,False
2317,2022-10-26 09:47:19.697218,-0.004830917874396157,-0.004830917874396157,-0.5,-0.5,103.0,103.5,103.0,103.5,2084.0,1622.0,16309.0,9189.0,False,False
2317,2022-10-26 09:47:22.180264,-0.004830917874396157,-0.004830917874396157,-0.5,-0.5,103.0,103.5,103.0,103.5,2078.0,1622.0,16309.0,9189.0,False,False
2317,2022-10-26 09:47:22.271751,-0.004830917874396157,-0.004830917874396157,-0.5,-0.5,103.0,103.5,103.0,103.5,2078.0,1622.0,16309.0,9189.0,False,False
2317,2022-10-26 09:47:23.707269,-0.004830917874396157,-0.004830917874396157,-0.5,-0.5,103.0,103.5,103.0,103.5,2078.0,1621.0,16309.0,9189.0,False,False
2317,2022-10-26 09:47:23.923240,-0.004830917874396157,-0.004830917874396157,-0.5,-0.5,103.0,103.5,103.0,103.5,2078.0,1620.0,16309.0,9189.0,False,False
2317,2022-10-26 09:47:24.074113,-0.004830917874396157,-0.004830917874396157,-0.5,-0.5,103.0,103.5,103.0,103.5,2227.0,1620.0,16309.0,9189.0,False,False
2317,2022-10-26 09:47:24.678332,-0.004830917874396157,-0.004830917874396157,-0.5,-0.5,103.0,103.5,103.0,103.5,2227.0,1615.0,16309.0,9189.0,False,False
2317,2022-10-26 09:47:24.733628,-0.004830917874396157,-0.004830917874396157,-0.5,-0.5,103.0,103.5,103.0,103.5,2227.0,1617.0,16309.0,9189.0,False,False
2317,2022-10-26 09:47:24.736679,-0.004830917874396157,-0.004830917874396157,-0.5,-0.5,103.0,103.5,103.0,103.5,2227.0,1616.0,16309.0,9189.0,False,False
2317,2022-10-26 09:47:24.963851,-0.004830917874396157,-0.004830917874396157,-0.5,-0.5,103.0,103.5,103.0,103.5,2227.0,1618.0,16309.0,9189.0,False,False
2317,2022-10-26 09:47:25.563879,-0.004830917874396157,-0.004830917874396157,-0.5,-0.5,103.0,103.5,103.0,103.5,2415.0,1618.0,16309.0,9189.0,False,False
2317,2022-10-26 09:47:26.247706,-0.004830917874396157,-0.004830917874396157,-0.5,-0.5,103.0,103.5,103.0,103.5,2416.0,1618.0,16309.0,9189.0,False,False
2317,2022-10-26 09:47:27.121508,-0.004830917874396157,-0.004830917874396157,-0.5,-0.5,103.0,103.5,103.0,103.5,2416.0,1618.0,16629.0,8671.0,True,True
2317,2022-10-26 09:47:27.645685,-0.004830917874396157,-0.004830917874396157,-0.5,-0.5,103.0,103.5,103.0,103.5,2416.0,1609.0,16629.0,8671.0,False,False
2317,2022-10-26 09:47:27.646494,-0.004830917874396157,-0.004830917874396157,-0.5,-0.5,103.0,103.5,103.0,103.5,2485.0,1609.0,16629.0,8671.0,False,False
2317,2022-10-26 09:47:27.740578,-0.004830917874396157,-0.004830917874396157,-0.5,-0.5,103.0,103.5,103.0,103.5,2485.0,1599.0,16629.0,8671.0,False,False
2317,2022-10-26 09:47:28.002636,-0.004830917874396157,-0.004830917874396157,-0.5,-0.5,103.0,103.5,103.0,103.5,2485.0,1599.0,16629.0,8671.0,False,False
2317,2022-10-26 09:47:28.041607,-0.004830917874396157,-0.004830917874396157,-0.5,-0.5,103.0,103.5,103.0,103.5,2485.0,1599.0,16629.0,8671.0,False,False
2317,2022-10-26 09:47:28.074341,-0.004830917874396157,-0.004830917874396157,-0.5,-0.5,103.0,103.5,103.0,103.5,2485.0,1599.0,16629.0,8671.0,False,False
2317,2022-10-26 09:47:29.033808,-0.004830917874396157,-0.004830917874396157,-0.5,-0.5,103.0,103.5,103.0,103.5,2485.0,1589.0,16629.0,8671.0,False,False
2317,2022-10-26 09:47:29.068809,-0.004830917874396157,-0.004830917874396157,-0.5,-0.5,103.0,103.5,103.0,103.5,2485.0,1499.0,16629.0,8671.0,False,False
2317,2022-10-26 09:47:29.977214,-0.004830917874396157,-0.004830917874396157,-0.5,-0.5,103.0,103.5,103.0,103.5,2485.0,1499.0,16629.0,8671.0,False,False
2317,2022-10-26 09:47:31.101609,-0.004830917874396157,-0.004830917874396157,-0.5,-0.5,103.0,103.5,103.0,103.5,2485.0,1501.0,16629.0,8671.0,False,False
2317,2022-10-26 09:47:31.531560,-0.004830917874396157,-0.004830917874396157,-0.5,-0.5,103.0,103.5,103.0,103.5,2484.0,1501.0,16629.0,8671.0,False,False
2317,2022-10-26 09:47:31.608771,-0.004830917874396157,-0.004830917874396157,-0.5,-0.5,103.0,103.5,103.0,103.5,2484.0,1502.0,16629.0,8671.0,False,False
2317,2022-10-26 09:47:31.876602,-0.004830917874396157,-0.004830917874396157,-0.5,-0.5,103.0,103.5,103.0,103.5,2484.0,1502.0,16629.0,8671.0,False,False
2317,2022-10-26 09:47:32.533654,-0.004830917874396157,-0.004830917874396157,-0.5,-0.5,103.0,103.5,103.0,103.5,2296.0,1502.0,16629.0,8671.0,False,False
2317,2022-10-26 09:47:32.658429,-0.004830917874396157,-0.004830917874396157,-0.5,-0.5,103.0,103.5,103.0,103.5,2296.0,1506.0,16629.0,8671.0,False,False
2317,2022-10-26 09:47:33.292379,-0.004830917874396157,-0.004830917874396157,-0.5,-0.5,103.0,103.5,103.0,103.5,2296.0,1506.0,16629.0,8671.0,False,False
2317,2022-10-26 09:47:34.253288,-0.004830917874396157,-0.004830917874396157,-0.5,-0.5,103.0,103.5,103.0,103.5,2296.0,1508.0,16629.0,8671.0,False,False
2317,2022-10-26 09:47:34.786055,-0.004830917874396157,-0.004830917874396157,-0.5,-0.5,103.0,103.5,103.0,103.5,2297.0,1508.0,16629.0,8671.0,False,False
2317,2022-10-26 09:47:35.143523,-0.004830917874396157,-0.004830917874396157,-0.5,-0.5,103.0,103.5,103.0,103.5,2297.0,1504.0,16629.0,8671.0,False,False
2317,2022-10-26 09:47:35.216905,-0.004830917874396157,-0.004830917874396157,-0.5,-0.5,103.0,103.5,103.0,103.5,2297.0,1503.0,16629.0,8671.0,False,False
2317,2022-10-26 09:47:36.040148,-0.004830917874396157,-0.004830917874396157,-0.5,-0.5,103.0,103.5,103.0,103.5,2296.0,1503.0,16629.0,8671.0,False,False
2317,2022-10-26 09:47:36.112603,-0.004830917874396157,-0.004830917874396157,-0.5,-0.5,103.0,103.5,103.0,103.5,2296.0,1504.0,16629.0,8671.0,False,False
2317,2022-10-26 09:47:36.527545,-0.004830917874396157,-0.004830917874396157,-0.5,-0.5,103.0,103.5,103.0,103.5,2297.0,1504.0,16629.0,8671.0,False,False
2317,2022-10-26 09:47:37.160922,-0.004830917874396157,-0.004830917874396157,-0.5,-0.5,103.0,103.5,103.0,103.5,2297.0,1504.0,16629.0,8771.0,True,True
2317,2022-10-26 09:47:38.637285,-0.004830917874396157,-0.004830917874396157,-0.5,-0.5,103.0,103.5,103.0,103.5,2297.0,1504.0,16629.0,8771.0,False,False
2317,2022-10-26 09:47:41.915641,-0.004830917874396157,-0.004830917874396157,-0.5,-0.5,103.0,103.5,103.0,103.5,2297.0,1504.0,16629.0,8771.0,False,False
2317,2022-10-26 09:47:44.830104,-0.004830917874396157,-0.004830917874396157,-0.5,-0.5,103.0,103.5,103.0,103.5,2295.0,1504.0,16629.0,8771.0,False,False
2317,2022-10-26 09:47:46.249356,-0.004830917874396157,-0.004830917874396157,-0.5,-0.5,103.0,103.5,103.0,103.5,2297.0,1504.0,16629.0,8771.0,False,False
2317,2022-10-26 09:47:46.858268,-0.004830917874396157,-0.004830917874396157,-0.5,-0.5,103.0,103.5,103.0,103.5,2297.0,1499.0,16629.0,8771.0,False,False
2317,2022-10-26 09:47:46.910360,-0.004830917874396157,-0.004830917874396157,-0.5,-0.5,103.0,103.5,103.0,103.5,2297.0,1498.0,16629.0,8771.0,False,False
2317,2022-10-26 09:47:47.187821,-0.004830917874396157,-0.004830917874396157,-0.5,-0.5,103.0,103.5,103.0,103.5,2297.0,1498.0,16629.0,8771.0,True,True
2317,2022-10-26 09:47:47.553972,-0.004830917874396157,-0.004830917874396157,-0.5,-0.5,103.0,103.5,103.0,103.5,2487.0,1498.0,16629.0,8771.0,False,False
2317,2022-10-26 09:47:48.260412,-0.004830917874396157,-0.004830917874396157,-0.5,-0.5,103.0,103.5,103.0,103.5,2487.0,1498.0,16629.0,8771.0,False,False
2317,2022-10-26 09:47:49.526451,-0.004830917874396157,-0.004830917874396157,-0.5,-0.5,103.0,103.5,103.0,103.5,2297.0,1498.0,16629.0,8771.0,False,False
2317,2022-10-26 09:47:50.048144,-0.004830917874396157,-0.004830917874396157,-0.5,-0.5,103.0,103.5,103.0,103.5,2148.0,1498.0,16629.0,8771.0,False,False
2317,2022-10-26 09:47:50.264413,-0.004830917874396157,-0.004830917874396157,-0.5,-0.5,103.0,103.5,103.0,103.5,2148.0,1498.0,16629.0,8771.0,False,False
2317,2022-10-26 09:47:50.653126,-0.004830917874396157,-0.004830917874396157,-0.5,-0.5,103.0,103.5,103.0,103.5,2148.0,1501.0,16629.0,8771.0,False,False
2317,2022-10-26 09:47:50.722866,-0.004830917874396157,-0.004830917874396157,-0.5,-0.5,103.0,103.5,103.0,103.5,2148.0,1502.0,16629.0,8771.0,False,False
2317,2022-10-26 09:47:51.619069,-0.004830917874396157,-0.004830917874396157,-0.5,-0.5,103.0,103.5,103.0,103.5,2079.0,1502.0,16629.0,8771.0,False,False
2317,2022-10-26 09:47:51.650840,-0.004830917874396157,-0.004830917874396157,-0.5,-0.5,103.0,103.5,103.0,103.5,2074.0,1502.0,16629.0,8771.0,False,False
2317,2022-10-26 09:47:54.722006,-0.004830917874396157,-0.004830917874396157,-0.5,-0.5,103.0,103.5,103.0,103.5,2074.0,1502.0,16629.0,8771.0,False,False
2317,2022-10-26 09:47:54.870963,-0.004830917874396157,-0.004830917874396157,-0.5,-0.5,103.0,103.5,103.0,103.5,2074.0,1502.0,16629.0,8771.0,False,False
2317,2022-10-26 09:47:55.851931,-0.004830917874396157,-0.004830917874396157,-0.5,-0.5,103.0,103.5,103.0,103.5,2074.0,1501.0,16629.0,8771.0,False,False
2317,2022-10-26 09:47:55.912341,-0.004830917874396157,-0.004830917874396157,-0.5,-0.5,103.0,103.5,103.0,103.5,2074.0,1500.0,16629.0,8771.0,False,False
2317,2022-10-26 09:47:55.929499,-0.004830917874396157,-0.004830917874396157,-0.5,-0.5,103.0,103.5,103.0,103.5,2074.0,1500.0,16629.0,8771.0,False,False
2317,2022-10-26 09:47:56.982598,-0.004830917874396157,-0.004830917874396157,-0.5,-0.5,103.0,103.5,103.0,103.5,2074.0,1500.0,16629.0,8771.0,False,False
2317,2022-10-26 09:47:57.050161,-0.004830917874396157,-0.004830917874396157,-0.5,-0.5,103.0,103.5,103.0,103.5,2074.0,1501.0,16629.0,8771.0,False,False
2317,2022-10-26 09:47:57.217958,-0.004830917874396157,-0.004830917874396157,-0.5,-0.5,103.0,103.5,103.0,103.5,2074.0,1501.0,16679.0,8751.0,True,True
2317,2022-10-26 09:47:57.299634,-0.004830917874396157,-0.004830917874396157,-0.5,-0.5,103.0,103.5,103.0,103.5,2073.0,1500.0,16679.0,8751.0,False,False
2317,2022-10-26 09:47:57.551218,-0.004830917874396157,-0.004830917874396157,-0.5,-0.5,103.0,103.5,103.0,103.5,2074.0,1500.0,16679.0,8751.0,False,False
2317,2022-10-26 09:47:57.644924,-0.004830917874396157,-0.004830917874396157,-0.5,-0.5,103.0,103.5,103.0,103.5,2075.0,1500.0,16679.0,8751.0,False,False
2317,2022-10-26 09:47:59.013201,-0.004830917874396157,-0.004830917874396157,-0.5,-0.5,103.0,103.5,103.0,103.5,2075.0,1497.0,16679.0,8751.0,False,False
2317,2022-10-26 09:47:59.075176,-0.004830917874396157,-0.004830917874396157,-0.5,-0.5,103.0,103.5,103.0,103.5,2075.0,1496.0,16679.0,8751.0,False,False
2317,2022-10-26 09:47:59.501949,-0.004830917874396157,-0.004830917874396157,-0.5,-0.5,103.0,103.5,103.0,103.5,2074.0,1496.0,16679.0,8751.0,False,False
2317,2022-10-26 09:48:00.478340,-0.004830917874396157,-0.004830917874396157,-0.5,-0.5,103.0,103.5,103.0,103.5,2079.0,1496.0,16679.0,8751.0,False,False
2317,2022-10-26 09:48:03.074937,-0.004830917874396157,-0.004830917874396157,-0.5,-0.5,103.0,103.5,103.0,103.5,2079.0,1497.0,16679.0,8751.0,False,False
2317,2022-10-26 09:48:03.146031,-0.004830917874396157,-0.004830917874396157,-0.5,-0.5,103.0,103.5,103.0,103.5,2079.0,1498.0,16679.0,8751.0,False,False
2317,2022-10-26 09:48:03.229044,-0.004830917874396157,-0.004830917874396157,-0.5,-0.5,103.0,103.5,103.0,103.5,2079.0,1499.0,16679.0,8751.0,False,False
2317,2022-10-26 09:48:04.128777,-0.004830917874396157,-0.004830917874396157,-0.5,-0.5,103.0,103.5,103.0,103.5,2080.0,1499.0,16679.0,8751.0,False,False
2317,2022-10-26 09:48:05.725237,-0.004830917874396157,-0.004830917874396157,-0.5,-0.5,103.0,103.5,103.0,103.5,2080.0,1499.0,16679.0,8751.0,False,False
2317,2022-10-26 09:48:07.247007,-0.004830917874396157,-0.004830917874396157,-0.5,-0.5,103.0,103.5,103.0,103.5,2080.0,1499.0,16684.0,8731.0,True,True
2317,2022-10-26 09:48:08.135550,-0.004830917874396157,-0.004830917874396157,-0.5,-0.5,103.0,103.5,103.0,103.5,2079.0,1499.0,16684.0,8731.0,False,False
2317,2022-10-26 09:48:08.269522,-0.004830917874396157,-0.004830917874396157,-0.5,-0.5,103.0,103.5,103.0,103.5,2079.0,1482.0,16684.0,8731.0,False,False
2317,2022-10-26 09:48:08.277414,-0.004830917874396157,-0.004830917874396157,-0.5,-0.5,103.0,103.5,103.0,103.5,2062.0,1482.0,16684.0,8731.0,False,False
2317,2022-10-26 09:48:08.347874,-0.004830917874396157,-0.004830917874396157,-0.5,-0.5,103.0,103.5,103.0,103.5,2062.0,1471.0,16684.0,8731.0,False,False
2317,2022-10-26 09:48:10.022255,-0.004830917874396157,-0.004830917874396157,-0.5,-0.5,103.0,103.5,103.0,103.5,2062.0,1471.0,16684.0,8731.0,False,False
2317,2022-10-26 09:48:10.056693,-0.004830917874396157,-0.004830917874396157,-0.5,-0.5,103.0,103.5,103.0,103.5,2059.0,1471.0,16684.0,8731.0,False,False
2317,2022-10-26 09:48:11.084252,-0.004830917874396157,-0.004830917874396157,-0.5,-0.5,103.0,103.5,103.0,103.5,2069.0,1471.0,16684.0,8731.0,False,False
2317,2022-10-26 09:48:12.719398,-0.004830917874396157,-0.004830917874396157,-0.5,-0.5,103.0,103.5,103.0,103.5,2069.0,1471.0,16684.0,8731.0,False,False
2317,2022-10-26 09:48:13.108912,-0.004830917874396157,-0.004830917874396157,-0.5,-0.5,103.0,103.5,103.0,103.5,2070.0,1471.0,16684.0,8731.0,False,False
2317,2022-10-26 09:48:14.079295,-0.004830917874396157,-0.004830917874396157,-0.5,-0.5,103.0,103.5,103.0,103.5,2070.0,1473.0,16684.0,8731.0,False,False
2317,2022-10-26 09:48:15.162753,-0.004830917874396157,-0.004830917874396157,-0.5,-0.5,103.0,103.5,103.0,103.5,2070.0,1473.0,16684.0,8731.0,False,False
2317,2022-10-26 09:48:16.980120,-0.004830917874396157,-0.004830917874396157,-0.5,-0.5,103.0,103.5,103.0,103.5,2070.0,1473.0,16684.0,8731.0,False,False
