symbol,datetime,NaOb_r,NbOa_r,NaOb_s,NbOa_s,bid1,ask1,odd_bid1,odd_ask1,bidQty1,askQty1,odd_bidQty1,odd_askQty1,simulate,triggerbyOdd
2603,2022-10-26 09:39:26.451522,-0.007407407407407418,-0.0037174721189591198,-1.0,-0.5,134.0,135.0,134.0,134.5,839.0,649.0,37213.0,1519.0,True,True
2603,2022-10-26 09:39:26.549575,-0.007407407407407418,-0.0037174721189591198,-1.0,-0.5,134.0,135.0,134.0,134.5,839.0,649.0,37213.0,1519.0,False,False
2603,2022-10-26 09:39:27.224028,-0.007407407407407418,-0.0037174721189591198,-1.0,-0.5,134.0,135.0,134.0,134.5,839.0,649.0,37213.0,1519.0,False,False
2603,2022-10-26 09:39:27.307837,-0.007407407407407418,-0.0037174721189591198,-1.0,-0.5,134.0,135.0,134.0,134.5,839.0,649.0,37213.0,1519.0,False,False
2603,2022-10-26 09:39:27.688844,-0.007407407407407418,0.0,-1.0,0.0,134.5,135.0,134.0,134.5,2.0,649.0,37213.0,1519.0,False,False
2603,2022-10-26 09:39:27.712743,-0.007407407407407418,0.0,-1.0,0.0,134.5,135.0,134.0,134.5,2.0,649.0,37213.0,1519.0,False,False
2603,2022-10-26 09:39:27.762841,-0.007407407407407418,0.0,-1.0,0.0,134.5,135.0,134.0,134.5,1.0,503.0,37213.0,1519.0,False,False
2603,2022-10-26 09:39:27.802606,-0.007407407407407418,0.0,-1.0,0.0,134.5,135.0,134.0,134.5,1.0,503.0,37213.0,1519.0,False,False
2603,2022-10-26 09:39:28.823550,-0.007407407407407418,0.0,-1.0,0.0,134.5,135.0,134.0,134.5,1.0,503.0,37213.0,1519.0,False,False
2603,2022-10-26 09:39:28.826334,-0.007407407407407418,0.0,-1.0,0.0,134.5,135.0,134.0,134.5,1.0,503.0,37213.0,1519.0,False,False
2603,2022-10-26 09:39:29.093599,-0.007407407407407418,-0.0037174721189591198,-1.0,-0.5,134.0,135.0,134.0,134.5,838.0,503.0,37213.0,1519.0,False,False
2603,2022-10-26 09:39:29.133848,-0.007407407407407418,-0.0037174721189591198,-1.0,-0.5,134.0,135.0,134.0,134.5,838.0,503.0,37213.0,1519.0,False,False
2603,2022-10-26 09:39:29.210202,-0.007407407407407418,-0.0037174721189591198,-1.0,-0.5,134.0,135.0,134.0,134.5,996.0,661.0,37213.0,1519.0,False,False
2603,2022-10-26 09:39:29.260118,-0.007407407407407418,-0.0037174721189591198,-1.0,-0.5,134.0,135.0,134.0,134.5,996.0,661.0,37213.0,1519.0,False,False
2603,2022-10-26 09:39:29.471521,-0.007407407407407418,-0.0037174721189591198,-1.0,-0.5,134.0,135.0,134.0,134.5,996.0,661.0,37213.0,1519.0,False,False
2603,2022-10-26 09:39:29.477597,-0.007407407407407418,-0.0037174721189591198,-1.0,-0.5,134.0,135.0,134.0,134.5,996.0,661.0,37213.0,1519.0,False,False
2603,2022-10-26 09:39:29.882061,-0.007407407407407418,-0.0037174721189591198,-1.0,-0.5,134.0,135.0,134.0,134.5,997.0,661.0,37213.0,1519.0,False,False
2603,2022-10-26 09:39:30.118255,-0.007407407407407418,-0.0037174721189591198,-1.0,-0.5,134.0,135.0,134.0,134.5,997.0,661.0,37213.0,1519.0,False,False
2603,2022-10-26 09:39:30.195387,-0.007407407407407418,-0.0037174721189591198,-1.0,-0.5,134.0,135.0,134.0,134.5,839.0,661.0,37213.0,1519.0,False,False
2603,2022-10-26 09:39:30.939001,-0.007407407407407418,-0.0037174721189591198,-1.0,-0.5,134.0,135.0,134.0,134.5,839.0,661.0,37213.0,1519.0,False,False
2603,2022-10-26 09:39:31.865168,-0.0037174721189591198,-0.0037174721189591198,-0.5,-0.5,134.0,134.5,134.0,134.5,839.0,1.0,37213.0,1519.0,False,False
2603,2022-10-26 09:39:31.927932,-0.0037174721189591198,-0.0037174721189591198,-0.5,-0.5,134.0,134.5,134.0,134.5,839.0,1.0,37213.0,1519.0,False,False
2603,2022-10-26 09:39:32.075346,-0.0037174721189591198,-0.0037174721189591198,-0.5,-0.5,134.0,134.5,134.0,134.5,839.0,1.0,37213.0,1519.0,False,False
2603,2022-10-26 09:39:32.359363,-0.007407407407407418,-0.0037174721189591198,-1.0,-0.5,134.0,135.0,134.0,134.5,839.0,508.0,37213.0,1519.0,False,False
2603,2022-10-26 09:39:32.390579,-0.007407407407407418,-0.0037174721189591198,-1.0,-0.5,134.0,135.0,134.0,134.5,839.0,508.0,37213.0,1519.0,False,False
2603,2022-10-26 09:39:32.425549,-0.007407407407407418,-0.0037174721189591198,-1.0,-0.5,134.0,135.0,134.0,134.5,839.0,666.0,37213.0,1519.0,False,False
2603,2022-10-26 09:39:32.768336,-0.0037174721189591198,-0.0037174721189591198,-0.5,-0.5,134.0,134.5,134.0,134.5,839.0,1.0,37213.0,1519.0,False,False
2603,2022-10-26 09:39:32.804383,-0.0037174721189591198,-0.0037174721189591198,-0.5,-0.5,134.0,134.5,134.0,134.5,839.0,1.0,37213.0,1519.0,False,False
2603,2022-10-26 09:39:32.832784,-0.0037174721189591198,-0.0037174721189591198,-0.5,-0.5,134.0,134.5,134.0,134.5,839.0,1.0,37213.0,1519.0,False,False
2603,2022-10-26 09:39:34.290907,-0.0037174721189591198,-0.0037174721189591198,-0.5,-0.5,134.0,134.5,134.0,134.5,839.0,1.0,37213.0,1519.0,False,False
2603,2022-10-26 09:39:34.360390,-0.007407407407407418,0.0,-1.0,0.0,134.5,135.0,134.0,134.5,1.0,508.0,37213.0,1519.0,False,False
2603,2022-10-26 09:39:34.400604,-0.007407407407407418,0.0,-1.0,0.0,134.5,135.0,134.0,134.5,1.0,508.0,37213.0,1519.0,False,False
2603,2022-10-26 09:39:34.447275,-0.007407407407407418,-0.0037174721189591198,-1.0,-0.5,134.0,135.0,134.0,134.5,839.0,508.0,37213.0,1519.0,False,False
2603,2022-10-26 09:39:34.432331,-0.007407407407407418,0.0,-1.0,0.0,134.5,135.0,134.0,134.5,1.0,508.0,37213.0,1519.0,False,False
2603,2022-10-26 09:39:34.503688,-0.007407407407407418,-0.0037174721189591198,-1.0,-0.5,134.0,135.0,134.0,134.5,997.0,577.0,37213.0,1519.0,False,False
2603,2022-10-26 09:39:34.637347,-0.007407407407407418,-0.0037174721189591198,-1.0,-0.5,134.0,135.0,134.0,134.5,997.0,577.0,37213.0,1519.0,False,False
2603,2022-10-26 09:39:35.230087,-0.007407407407407418,-0.0037174721189591198,-1.0,-0.5,134.0,135.0,134.0,134.5,998.0,577.0,37213.0,1519.0,False,False
2603,2022-10-26 09:39:35.555816,-0.007407407407407418,-0.0037174721189591198,-1.0,-0.5,134.0,135.0,134.0,134.5,997.0,577.0,37213.0,1519.0,False,False
2603,2022-10-26 09:39:36.009380,-0.007407407407407418,-0.0037174721189591198,-1.0,-0.5,134.0,135.0,134.0,134.5,997.0,577.0,37213.0,1519.0,False,False
2603,2022-10-26 09:39:36.045179,-0.007407407407407418,-0.0037174721189591198,-1.0,-0.5,134.0,135.0,134.0,134.5,908.0,577.0,37213.0,1519.0,False,False
2603,2022-10-26 09:39:36.279134,-0.007407407407407418,-0.0037174721189591198,-1.0,-0.5,134.0,135.0,134.0,134.5,908.0,577.0,37213.0,1519.0,False,False
2603,2022-10-26 09:39:36.401037,-0.007407407407407418,-0.0037174721189591198,-1.0,-0.5,134.0,135.0,134.0,134.5,909.0,577.0,37213.0,1519.0,False,False
2603,2022-10-26 09:39:36.487794,-0.007407407407407418,-0.0037174721189591198,-1.0,-0.5,134.0,135.0,134.0,134.5,909.0,577.0,37900.0,1519.0,True,True
2603,2022-10-26 09:39:36.614645,-0.007407407407407418,-0.0037174721189591198,-1.0,-0.5,134.0,135.0,134.0,134.5,909.0,577.0,37900.0,1519.0,False,False
2603,2022-10-26 09:39:37.435983,-0.007407407407407418,-0.0037174721189591198,-1.0,-0.5,134.0,135.0,134.0,134.5,909.0,576.0,37900.0,1519.0,False,False
2603,2022-10-26 09:39:37.905791,-0.007407407407407418,-0.0037174721189591198,-1.0,-0.5,134.0,135.0,134.0,134.5,909.0,576.0,37900.0,1519.0,False,False
2603,2022-10-26 09:39:38.413951,-0.007407407407407418,-0.0037174721189591198,-1.0,-0.5,134.0,135.0,134.0,134.5,908.0,576.0,37900.0,1519.0,False,False
2603,2022-10-26 09:39:38.757616,-0.007407407407407418,-0.0037174721189591198,-1.0,-0.5,134.0,135.0,134.0,134.5,908.0,576.0,37900.0,1519.0,False,False
2603,2022-10-26 09:39:38.928000,-0.007407407407407418,0.0,-1.0,0.0,134.5,135.0,134.0,134.5,1.0,576.0,37900.0,1519.0,False,False
2603,2022-10-26 09:39:38.960280,-0.007407407407407418,0.0,-1.0,0.0,134.5,135.0,134.0,134.5,1.0,576.0,37900.0,1519.0,False,False
2603,2022-10-26 09:39:38.999942,-0.007407407407407418,-0.0037174721189591198,-1.0,-0.5,134.0,135.0,134.0,134.5,839.0,507.0,37900.0,1519.0,False,False
2603,2022-10-26 09:39:39.062550,-0.007407407407407418,-0.0037174721189591198,-1.0,-0.5,134.0,135.0,134.0,134.5,909.0,665.0,37900.0,1519.0,False,False
2603,2022-10-26 09:39:39.198657,-0.007407407407407418,-0.0037174721189591198,-1.0,-0.5,134.0,135.0,134.0,134.5,909.0,665.0,37900.0,1519.0,False,False
2603,2022-10-26 09:39:39.309802,-0.007407407407407418,-0.0037174721189591198,-1.0,-0.5,134.0,135.0,134.0,134.5,909.0,665.0,37900.0,1519.0,False,False
2603,2022-10-26 09:39:39.552768,-0.007407407407407418,-0.0037174721189591198,-1.0,-0.5,134.0,135.0,134.0,134.5,935.0,665.0,37900.0,1519.0,False,False
2603,2022-10-26 09:39:39.769628,-0.007407407407407418,0.0,-1.0,0.0,134.5,135.0,134.0,134.5,1.0,665.0,37900.0,1519.0,False,False
2603,2022-10-26 09:39:39.805176,-0.007407407407407418,0.0,-1.0,0.0,134.5,135.0,134.0,134.5,1.0,507.0,37900.0,1519.0,False,False
2603,2022-10-26 09:39:39.838344,-0.007407407407407418,0.0,-1.0,0.0,134.5,135.0,134.0,134.5,1.0,507.0,37900.0,1519.0,False,False
2603,2022-10-26 09:39:40.078778,-0.007407407407407418,0.0,-1.0,0.0,134.5,135.0,134.0,134.5,1.0,507.0,37900.0,1519.0,False,False
2603,2022-10-26 09:39:40.310372,-0.007407407407407418,0.0,-1.0,0.0,134.5,135.0,134.0,134.5,1.0,507.0,37900.0,1519.0,False,False
2603,2022-10-26 09:39:40.387210,-0.007407407407407418,-0.0037174721189591198,-1.0,-0.5,134.0,135.0,134.0,134.5,840.0,507.0,37900.0,1519.0,False,False
2603,2022-10-26 09:39:40.413899,-0.007407407407407418,-0.0037174721189591198,-1.0,-0.5,134.0,135.0,134.0,134.5,840.0,507.0,37900.0,1519.0,False,False
2603,2022-10-26 09:39:40.447329,-0.007407407407407418,-0.0037174721189591198,-1.0,-0.5,134.0,135.0,134.0,134.5,909.0,665.0,37900.0,1519.0,False,False
2603,2022-10-26 09:39:41.092928,-0.0037174721189591198,-0.0037174721189591198,-0.5,-0.5,134.0,134.5,134.0,134.5,909.0,1.0,37900.0,1519.0,False,False
2603,2022-10-26 09:39:41.165221,-0.007407407407407418,-0.0037174721189591198,-1.0,-0.5,134.0,135.0,134.0,134.5,840.0,507.0,37900.0,1519.0,False,False
2603,2022-10-26 09:39:41.193618,-0.007407407407407418,-0.0037174721189591198,-1.0,-0.5,134.0,135.0,134.0,134.5,909.0,507.0,37900.0,1519.0,False,False
2603,2022-10-26 09:39:41.210087,-0.007407407407407418,-0.0037174721189591198,-1.0,-0.5,134.0,135.0,134.0,134.5,909.0,507.0,37900.0,1519.0,False,False
2603,2022-10-26 09:39:41.211870,-0.007407407407407418,-0.0037174721189591198,-1.0,-0.5,134.0,135.0,134.0,134.5,909.0,576.0,37900.0,1519.0,False,False
2603,2022-10-26 09:39:41.498898,-0.007407407407407418,0.0,-1.0,0.0,134.5,135.0,134.0,134.5,2.0,576.0,37900.0,1519.0,False,False
2603,2022-10-26 09:39:41.572401,-0.007407407407407418,0.0,-1.0,0.0,134.5,135.0,134.0,134.5,1.0,507.0,37900.0,1519.0,False,False
2603,2022-10-26 09:39:41.558705,-0.007407407407407418,0.0,-1.0,0.0,134.5,135.0,134.0,134.5,2.0,507.0,37900.0,1519.0,False,False
2603,2022-10-26 09:39:41.690466,-0.007407407407407418,0.0,-1.0,0.0,134.5,135.0,134.0,134.5,1.0,507.0,37900.0,1519.0,False,False
2603,2022-10-26 09:39:41.772320,-0.007407407407407418,0.0,-1.0,0.0,134.5,135.0,134.0,134.5,2.0,507.0,37900.0,1519.0,False,False
2603,2022-10-26 09:39:42.394331,-0.007407407407407418,0.0,-1.0,0.0,134.5,135.0,134.0,134.5,2.0,507.0,37900.0,1519.0,False,False
2603,2022-10-26 09:39:43.239342,-0.007407407407407418,0.0,-1.0,0.0,134.5,135.0,134.0,134.5,2.0,507.0,37900.0,1519.0,False,False
2603,2022-10-26 09:39:43.383434,-0.007407407407407418,0.0,-1.0,0.0,134.5,135.0,134.0,134.5,1.0,507.0,37900.0,1519.0,False,False
2603,2022-10-26 09:39:43.897079,-0.007407407407407418,0.0,-1.0,0.0,134.5,135.0,134.0,134.5,1.0,507.0,37900.0,1519.0,False,False
2603,2022-10-26 09:39:44.124086,-0.007407407407407418,0.0,-1.0,0.0,134.5,135.0,134.0,134.5,1.0,521.0,37900.0,1519.0,False,False
2603,2022-10-26 09:39:44.158875,-0.007407407407407418,0.0,-1.0,0.0,134.5,135.0,134.0,134.5,3.0,521.0,37900.0,1519.0,False,False
2603,2022-10-26 09:39:45.291282,-0.007407407407407418,0.0,-1.0,0.0,134.5,135.0,134.0,134.5,4.0,521.0,37900.0,1519.0,False,False
2603,2022-10-26 09:39:45.788129,-0.007407407407407418,0.0,-1.0,0.0,134.5,135.0,134.0,134.5,4.0,521.0,37900.0,1519.0,False,False
2603,2022-10-26 09:39:45.949646,-0.007407407407407418,0.0,-1.0,0.0,134.5,135.0,134.0,134.5,4.0,521.0,37900.0,1519.0,False,False
2603,2022-10-26 09:39:45.964989,-0.007407407407407418,0.0,-1.0,0.0,134.5,135.0,134.0,134.5,5.0,521.0,37900.0,1519.0,False,False
2603,2022-10-26 09:39:46.147298,-0.007407407407407418,0.0,-1.0,0.0,134.5,135.0,134.0,134.5,1.0,521.0,37900.0,1519.0,False,False
2603,2022-10-26 09:39:46.516273,-0.007407407407407418,0.0,-1.0,0.0,134.5,135.0,134.0,134.5,1.0,521.0,38300.0,1519.0,True,True
2603,2022-10-26 09:39:46.564137,-0.007407407407407418,0.0,-1.0,0.0,134.5,135.0,134.0,134.5,1.0,521.0,38300.0,1519.0,False,False
2603,2022-10-26 09:39:47.384342,-0.007407407407407418,-0.0037174721189591198,-1.0,-0.5,134.0,135.0,134.0,134.5,843.0,521.0,38300.0,1519.0,False,False
2603,2022-10-26 09:39:47.414799,-0.007407407407407418,-0.0037174721189591198,-1.0,-0.5,134.0,135.0,134.0,134.5,843.0,521.0,38300.0,1519.0,False,False
2603,2022-10-26 09:39:47.445867,-0.007407407407407418,-0.0037174721189591198,-1.0,-0.5,134.0,135.0,134.0,134.5,912.0,679.0,38300.0,1519.0,False,False
2603,2022-10-26 09:39:47.599229,-0.007407407407407418,-0.0037174721189591198,-1.0,-0.5,134.0,135.0,134.0,134.5,912.0,679.0,38300.0,1519.0,False,False
2603,2022-10-26 09:39:47.805863,-0.0037174721189591198,-0.0037174721189591198,-0.5,-0.5,134.0,134.5,134.0,134.5,912.0,1.0,38300.0,1519.0,False,False
2603,2022-10-26 09:39:47.842425,-0.0037174721189591198,-0.0037174721189591198,-0.5,-0.5,134.0,134.5,134.0,134.5,912.0,1.0,38300.0,1519.0,False,False
2603,2022-10-26 09:39:47.875233,-0.0037174721189591198,-0.0037174721189591198,-0.5,-0.5,134.0,134.5,134.0,134.5,843.0,1.0,38300.0,1519.0,False,False
2603,2022-10-26 09:39:48.367658,-0.0037174721189591198,-0.0037174721189591198,-0.5,-0.5,134.0,134.5,134.0,134.5,843.0,1.0,38300.0,1519.0,False,False
2603,2022-10-26 09:39:49.393914,-0.007407407407407418,-0.0037174721189591198,-1.0,-0.5,134.0,135.0,134.0,134.5,843.0,521.0,38300.0,1519.0,False,False
2603,2022-10-26 09:39:49.424746,-0.007407407407407418,-0.0037174721189591198,-1.0,-0.5,134.0,135.0,134.0,134.5,843.0,521.0,38300.0,1519.0,False,False
2603,2022-10-26 09:39:49.433008,-0.007407407407407418,-0.0037174721189591198,-1.0,-0.5,134.0,135.0,134.0,134.5,843.0,679.0,38300.0,1519.0,False,False
2603,2022-10-26 09:39:49.457591,-0.007407407407407418,-0.0037174721189591198,-1.0,-0.5,134.0,135.0,134.0,134.5,843.0,679.0,38300.0,1519.0,False,False
2603,2022-10-26 09:39:50.134569,-0.007407407407407418,0.0,-1.0,0.0,134.5,135.0,134.0,134.5,1.0,679.0,38300.0,1519.0,False,False
2603,2022-10-26 09:39:50.179057,-0.007407407407407418,0.0,-1.0,0.0,134.5,135.0,134.0,134.5,1.0,521.0,38300.0,1519.0,False,False
2603,2022-10-26 09:39:50.229222,-0.007407407407407418,-0.0037174721189591198,-1.0,-0.5,134.0,135.0,134.0,134.5,843.0,521.0,38300.0,1519.0,False,False
2603,2022-10-26 09:39:50.272880,-0.007407407407407418,-0.0037174721189591198,-1.0,-0.5,134.0,135.0,134.0,134.5,843.0,521.0,38300.0,1519.0,False,False
2603,2022-10-26 09:39:50.403065,-0.007407407407407418,-0.0037174721189591198,-1.0,-0.5,134.0,135.0,134.0,134.5,843.0,521.0,38300.0,1519.0,False,False
2603,2022-10-26 09:39:50.916103,-0.007407407407407418,0.0,-1.0,0.0,134.5,135.0,134.0,134.5,1.0,521.0,38300.0,1519.0,False,False
2603,2022-10-26 09:39:50.946801,-0.007407407407407418,0.0,-1.0,0.0,134.5,135.0,134.0,134.5,1.0,521.0,38300.0,1519.0,False,False
2603,2022-10-26 09:39:50.992753,-0.007407407407407418,0.0,-1.0,0.0,134.5,135.0,134.0,134.5,1.0,521.0,38300.0,1519.0,False,False
2603,2022-10-26 09:39:51.137279,-0.007407407407407418,0.0,-1.0,0.0,134.5,135.0,134.0,134.5,2.0,521.0,38300.0,1519.0,False,False
2603,2022-10-26 09:39:51.384680,-0.007407407407407418,0.0,-1.0,0.0,134.5,135.0,134.0,134.5,2.0,521.0,38300.0,1519.0,False,False
2603,2022-10-26 09:39:51.601486,-0.007407407407407418,0.0,-1.0,0.0,134.5,135.0,134.0,134.5,2.0,521.0,38300.0,1519.0,False,False
2603,2022-10-26 09:39:51.638505,-0.007407407407407418,0.0,-1.0,0.0,134.5,135.0,134.0,134.5,3.0,521.0,38300.0,1519.0,False,False
2603,2022-10-26 09:39:51.975602,-0.007407407407407418,0.0,-1.0,0.0,134.5,135.0,134.0,134.5,3.0,521.0,38300.0,1519.0,False,False
2603,2022-10-26 09:39:53.748441,-0.007407407407407418,0.0,-1.0,0.0,134.5,135.0,134.0,134.5,5.0,521.0,38300.0,1519.0,False,False
2603,2022-10-26 09:39:53.819443,-0.007407407407407418,0.0,-1.0,0.0,134.5,135.0,134.0,134.5,4.0,521.0,38300.0,1519.0,False,False
2603,2022-10-26 09:39:54.101469,-0.007407407407407418,0.0,-1.0,0.0,134.5,135.0,134.0,134.5,6.0,521.0,38300.0,1519.0,False,False
2603,2022-10-26 09:39:54.572519,-0.007407407407407418,0.0,-1.0,0.0,134.5,135.0,134.0,134.5,32.0,521.0,38300.0,1519.0,False,False
2603,2022-10-26 09:39:54.605806,-0.007407407407407418,0.0,-1.0,0.0,134.5,135.0,134.0,134.5,32.0,521.0,38300.0,1519.0,False,False
2603,2022-10-26 09:39:54.648087,-0.007407407407407418,0.0,-1.0,0.0,134.5,135.0,134.0,134.5,30.0,521.0,38300.0,1519.0,False,False
2603,2022-10-26 09:39:54.677353,-0.007407407407407418,0.0,-1.0,0.0,134.5,135.0,134.0,134.5,30.0,521.0,38300.0,1519.0,False,False
2603,2022-10-26 09:39:54.807839,-0.007407407407407418,0.0,-1.0,0.0,134.5,135.0,134.0,134.5,30.0,521.0,38300.0,1519.0,False,False
2603,2022-10-26 09:39:54.985599,-0.007407407407407418,0.0,-1.0,0.0,134.5,135.0,134.0,134.5,30.0,521.0,38300.0,1519.0,False,False
2603,2022-10-26 09:39:55.076103,-0.007407407407407418,0.0,-1.0,0.0,134.5,135.0,134.0,134.5,33.0,521.0,38300.0,1519.0,False,False
2603,2022-10-26 09:39:55.199478,-0.007407407407407418,0.0,-1.0,0.0,134.5,135.0,134.0,134.5,35.0,521.0,38300.0,1519.0,False,False
2603,2022-10-26 09:39:55.887268,-0.007407407407407418,0.0,-1.0,0.0,134.5,135.0,134.0,134.5,35.0,521.0,38300.0,1519.0,False,False
2603,2022-10-26 09:39:55.907167,-0.007407407407407418,0.0,-1.0,0.0,134.5,135.0,134.0,134.5,35.0,521.0,38300.0,1519.0,False,False
2603,2022-10-26 09:39:56.591156,-0.007407407407407418,0.0,-1.0,0.0,134.5,135.0,134.0,134.5,35.0,521.0,38430.0,1519.0,True,True
2603,2022-10-26 09:39:57.426357,-0.007407407407407418,0.0,-1.0,0.0,134.5,135.0,134.0,134.5,34.0,521.0,38430.0,1519.0,False,False
2603,2022-10-26 09:39:58.131872,-0.007407407407407418,0.0,-1.0,0.0,134.5,135.0,134.0,134.5,36.0,521.0,38430.0,1519.0,False,False
2603,2022-10-26 09:39:58.202130,-0.007407407407407418,0.0,-1.0,0.0,134.5,135.0,134.0,134.5,41.0,521.0,38430.0,1519.0,False,False
2603,2022-10-26 09:39:58.687840,-0.007407407407407418,0.0,-1.0,0.0,134.5,135.0,134.0,134.5,43.0,521.0,38430.0,1519.0,False,False
2603,2022-10-26 09:39:58.749849,-0.007407407407407418,0.0,-1.0,0.0,134.5,135.0,134.0,134.5,43.0,521.0,38430.0,1519.0,False,False
2603,2022-10-26 09:39:59.250874,-0.007407407407407418,0.0,-1.0,0.0,134.5,135.0,134.0,134.5,43.0,521.0,38430.0,1519.0,False,False
2603,2022-10-26 09:39:59.473841,-0.007407407407407418,0.0,-1.0,0.0,134.5,135.0,134.0,134.5,43.0,521.0,38430.0,1519.0,False,False
2603,2022-10-26 09:40:00.762829,-0.007407407407407418,0.0,-1.0,0.0,134.5,135.0,134.0,134.5,44.0,521.0,38430.0,1519.0,False,False
2603,2022-10-26 09:40:00.869404,-0.007407407407407418,0.0,-1.0,0.0,134.5,135.0,134.0,134.5,43.0,521.0,38430.0,1519.0,False,False
2603,2022-10-26 09:40:00.884988,-0.007407407407407418,0.0,-1.0,0.0,134.5,135.0,134.0,134.5,44.0,521.0,38430.0,1519.0,False,False
2603,2022-10-26 09:40:01.169274,-0.007407407407407418,0.0,-1.0,0.0,134.5,135.0,134.0,134.5,46.0,521.0,38430.0,1519.0,False,False
2603,2022-10-26 09:40:01.684852,-0.007407407407407418,0.0,-1.0,0.0,134.5,135.0,134.0,134.5,48.0,521.0,38430.0,1519.0,False,False
2603,2022-10-26 09:40:01.891815,-0.007407407407407418,0.0,-1.0,0.0,134.5,135.0,134.0,134.5,49.0,521.0,38430.0,1519.0,False,False
2603,2022-10-26 09:40:01.959984,-0.007407407407407418,0.0,-1.0,0.0,134.5,135.0,134.0,134.5,49.0,522.0,38430.0,1519.0,False,False
2603,2022-10-26 09:40:02.440038,-0.007407407407407418,0.0,-1.0,0.0,134.5,135.0,134.0,134.5,49.0,522.0,38430.0,1519.0,False,False
2603,2022-10-26 09:40:02.676784,-0.007407407407407418,0.0,-1.0,0.0,134.5,135.0,134.0,134.5,51.0,522.0,38430.0,1519.0,False,False
2603,2022-10-26 09:40:03.088627,-0.007407407407407418,0.0,-1.0,0.0,134.5,135.0,134.0,134.5,52.0,522.0,38430.0,1519.0,False,False
2603,2022-10-26 09:40:03.265267,-0.007407407407407418,0.0,-1.0,0.0,134.5,135.0,134.0,134.5,53.0,522.0,38430.0,1519.0,False,False
2603,2022-10-26 09:40:03.418620,-0.007407407407407418,0.0,-1.0,0.0,134.5,135.0,134.0,134.5,52.0,522.0,38430.0,1519.0,False,False
2603,2022-10-26 09:40:03.704040,-0.007407407407407418,0.0,-1.0,0.0,134.5,135.0,134.0,134.5,54.0,522.0,38430.0,1519.0,False,False
2603,2022-10-26 09:40:03.766927,-0.007407407407407418,0.0,-1.0,0.0,134.5,135.0,134.0,134.5,54.0,522.0,38430.0,1519.0,False,False
2603,2022-10-26 09:40:03.998846,-0.007407407407407418,0.0,-1.0,0.0,134.5,135.0,134.0,134.5,54.0,522.0,38430.0,1519.0,False,False
2603,2022-10-26 09:40:04.300518,-0.007407407407407418,0.0,-1.0,0.0,134.5,135.0,134.0,134.5,55.0,522.0,38430.0,1519.0,False,False
2603,2022-10-26 09:40:04.391555,-0.007407407407407418,0.0,-1.0,0.0,134.5,135.0,134.0,134.5,56.0,522.0,38430.0,1519.0,False,False
2603,2022-10-26 09:40:04.319364,-0.007407407407407418,0.0,-1.0,0.0,134.5,135.0,134.0,134.5,57.0,522.0,38430.0,1519.0,False,False
2603,2022-10-26 09:40:04.664251,-0.007407407407407418,0.0,-1.0,0.0,134.5,135.0,134.0,134.5,56.0,520.0,38430.0,1519.0,False,False
2603,2022-10-26 09:40:05.539765,-0.007407407407407418,0.0,-1.0,0.0,134.5,135.0,134.0,134.5,56.0,520.0,38430.0,1519.0,False,False
2603,2022-10-26 09:40:06.085599,-0.007407407407407418,0.0,-1.0,0.0,134.5,135.0,134.0,134.5,56.0,520.0,38530.0,1919.0,False,True
2603,2022-10-26 09:40:07.013853,-0.007407407407407418,0.0,-1.0,0.0,134.5,135.0,134.0,134.5,57.0,520.0,38530.0,1919.0,False,False
2603,2022-10-26 09:40:07.456720,-0.007407407407407418,0.0,-1.0,0.0,134.5,135.0,134.0,134.5,57.0,520.0,38530.0,1919.0,False,False
2603,2022-10-26 09:40:07.718912,-0.007407407407407418,0.0,-1.0,0.0,134.5,135.0,134.0,134.5,57.0,520.0,38530.0,1919.0,False,False
2603,2022-10-26 09:40:08.168398,-0.007407407407407418,0.0,-1.0,0.0,134.5,135.0,134.0,134.5,59.0,520.0,38530.0,1919.0,False,False
2603,2022-10-26 09:40:08.238823,-0.007407407407407418,0.0,-1.0,0.0,134.5,135.0,134.0,134.5,58.0,520.0,38530.0,1919.0,False,False
2603,2022-10-26 09:40:08.258819,-0.007407407407407418,0.0,-1.0,0.0,134.5,135.0,134.0,134.5,57.0,520.0,38530.0,1919.0,False,False
2603,2022-10-26 09:40:08.374709,-0.007407407407407418,0.0,-1.0,0.0,134.5,135.0,134.0,134.5,59.0,520.0,38530.0,1919.0,False,False
2603,2022-10-26 09:40:08.462698,-0.007407407407407418,0.0,-1.0,0.0,134.5,135.0,134.0,134.5,59.0,520.0,38530.0,1919.0,False,False
2603,2022-10-26 09:40:09.192090,-0.007407407407407418,0.0,-1.0,0.0,134.5,135.0,134.0,134.5,59.0,520.0,38530.0,1919.0,False,False
2603,2022-10-26 09:40:09.479782,-0.007407407407407418,0.0,-1.0,0.0,134.5,135.0,134.0,134.5,59.0,520.0,38530.0,1919.0,False,False
2603,2022-10-26 09:40:09.544954,-0.007407407407407418,0.0,-1.0,0.0,134.5,135.0,134.0,134.5,59.0,520.0,38530.0,1919.0,False,False
2603,2022-10-26 09:40:09.581040,-0.007407407407407418,0.0,-1.0,0.0,134.5,135.0,134.0,134.5,59.0,520.0,38530.0,1919.0,False,False
2603,2022-10-26 09:40:10.041437,-0.007407407407407418,0.0,-1.0,0.0,134.5,135.0,134.0,134.5,59.0,520.0,38530.0,1919.0,False,False
2603,2022-10-26 09:40:10.108603,-0.007407407407407418,0.0,-1.0,0.0,134.5,135.0,134.0,134.5,59.0,520.0,38530.0,1919.0,False,False
2603,2022-10-26 09:40:10.216857,-0.007407407407407418,0.0,-1.0,0.0,134.5,135.0,134.0,134.5,59.0,520.0,38530.0,1919.0,False,False
2603,2022-10-26 09:40:10.263641,-0.007407407407407418,0.0,-1.0,0.0,134.5,135.0,134.0,134.5,59.0,519.0,38530.0,1919.0,False,False
2603,2022-10-26 09:40:10.371489,-0.007407407407407418,0.0,-1.0,0.0,134.5,135.0,134.0,134.5,61.0,519.0,38530.0,1919.0,False,False
2603,2022-10-26 09:40:10.604834,-0.007407407407407418,0.0,-1.0,0.0,134.5,135.0,134.0,134.5,61.0,519.0,38530.0,1919.0,False,False
2603,2022-10-26 09:40:10.926031,-0.007407407407407418,0.0,-1.0,0.0,134.5,135.0,134.0,134.5,61.0,519.0,38530.0,1919.0,False,False
2603,2022-10-26 09:40:11.515773,-0.007407407407407418,0.0,-1.0,0.0,134.5,135.0,134.0,134.5,60.0,519.0,38530.0,1919.0,False,False
2603,2022-10-26 09:40:11.607521,-0.007407407407407418,0.0,-1.0,0.0,134.5,135.0,134.0,134.5,61.0,519.0,38530.0,1919.0,False,False
2603,2022-10-26 09:40:13.179171,-0.007407407407407418,0.0,-1.0,0.0,134.5,135.0,134.0,134.5,61.0,519.0,38530.0,1919.0,False,False
2603,2022-10-26 09:40:13.563976,-0.007407407407407418,0.0,-1.0,0.0,134.5,135.0,134.0,134.5,62.0,519.0,38530.0,1919.0,False,False
2603,2022-10-26 09:40:13.803418,-0.007407407407407418,0.0,-1.0,0.0,134.5,135.0,134.0,134.5,62.0,519.0,38530.0,1919.0,False,False
2603,2022-10-26 09:40:13.870710,-0.007407407407407418,0.0,-1.0,0.0,134.5,135.0,134.0,134.5,63.0,519.0,38530.0,1919.0,False,False
2603,2022-10-26 09:40:14.191778,-0.007407407407407418,0.0,-1.0,0.0,134.5,135.0,134.0,134.5,63.0,519.0,38530.0,1919.0,False,False
2603,2022-10-26 09:40:14.346004,-0.007407407407407418,0.0,-1.0,0.0,134.5,135.0,134.0,134.5,63.0,520.0,38530.0,1919.0,False,False
2603,2022-10-26 09:40:14.628286,-0.007407407407407418,0.0,-1.0,0.0,134.5,135.0,134.0,134.5,63.0,520.0,38530.0,1919.0,False,False
2603,2022-10-26 09:40:14.984327,-0.007407407407407418,0.0,-1.0,0.0,134.5,135.0,134.0,134.5,63.0,508.0,38530.0,1919.0,False,False
2603,2022-10-26 09:40:15.069473,-0.007407407407407418,0.0,-1.0,0.0,134.5,135.0,134.0,134.5,62.0,508.0,38530.0,1919.0,False,False
2603,2022-10-26 09:40:15.047446,-0.007407407407407418,0.0,-1.0,0.0,134.5,135.0,134.0,134.5,63.0,508.0,38530.0,1919.0,False,False
2603,2022-10-26 09:40:15.155996,-0.007407407407407418,0.0,-1.0,0.0,134.5,135.0,134.0,134.5,67.0,508.0,38530.0,1919.0,False,False
2603,2022-10-26 09:40:15.201342,-0.007407407407407418,0.0,-1.0,0.0,134.5,135.0,134.0,134.5,67.0,508.0,38530.0,1919.0,False,False
2603,2022-10-26 09:40:16.022784,-0.007407407407407418,0.0,-1.0,0.0,134.5,135.0,134.0,134.5,67.0,508.0,38530.0,1919.0,False,False
2603,2022-10-26 09:40:16.152484,-0.007407407407407418,0.0,-1.0,0.0,134.5,135.0,134.0,134.5,67.0,508.0,38530.0,1919.0,True,True
2603,2022-10-26 09:40:16.179785,-0.007407407407407418,0.0,-1.0,0.0,134.5,135.0,134.0,134.5,67.0,508.0,38530.0,1919.0,False,False
2603,2022-10-26 09:40:16.213357,-0.007407407407407418,0.0,-1.0,0.0,134.5,135.0,134.0,134.5,67.0,508.0,38530.0,1919.0,False,False
2603,2022-10-26 09:40:16.928594,-0.007407407407407418,0.0,-1.0,0.0,134.5,135.0,134.0,134.5,69.0,508.0,38530.0,1919.0,False,False
2603,2022-10-26 09:40:17.276143,-0.007407407407407418,0.0,-1.0,0.0,134.5,135.0,134.0,134.5,69.0,509.0,38530.0,1919.0,False,False
2603,2022-10-26 09:40:17.492574,-0.007407407407407418,0.0,-1.0,0.0,134.5,135.0,134.0,134.5,73.0,509.0,38530.0,1919.0,False,False
2603,2022-10-26 09:40:17.955030,-0.007407407407407418,0.0,-1.0,0.0,134.5,135.0,134.0,134.5,73.0,509.0,38530.0,1919.0,False,False
2603,2022-10-26 09:40:18.539438,-0.007407407407407418,0.0,-1.0,0.0,134.5,135.0,134.0,134.5,72.0,509.0,38530.0,1919.0,False,False
2603,2022-10-26 09:40:19.409274,-0.007407407407407418,0.0,-1.0,0.0,134.5,135.0,134.0,134.5,73.0,509.0,38530.0,1919.0,False,False
2603,2022-10-26 09:40:20.794792,-0.007407407407407418,0.0,-1.0,0.0,134.5,135.0,134.0,134.5,73.0,509.0,38530.0,1919.0,False,False
2603,2022-10-26 09:40:20.938134,-0.007407407407407418,0.0,-1.0,0.0,134.5,135.0,134.0,134.5,73.0,508.0,38530.0,1919.0,False,False
2603,2022-10-26 09:40:21.476353,-0.007407407407407418,0.0,-1.0,0.0,134.5,135.0,134.0,134.5,73.0,508.0,38530.0,1919.0,False,False
2603,2022-10-26 09:40:21.544331,-0.007407407407407418,0.0,-1.0,0.0,134.5,135.0,134.0,134.5,72.0,508.0,38530.0,1919.0,False,False
2603,2022-10-26 09:40:22.569181,-0.007407407407407418,0.0,-1.0,0.0,134.5,135.0,134.0,134.5,67.0,508.0,38530.0,1919.0,False,False
2603,2022-10-26 09:40:23.285369,-0.007407407407407418,0.0,-1.0,0.0,134.5,135.0,134.0,134.5,87.0,508.0,38530.0,1919.0,False,False
2603,2022-10-26 09:40:23.602553,-0.007407407407407418,0.0,-1.0,0.0,134.5,135.0,134.0,134.5,87.0,508.0,38530.0,1919.0,False,False
2603,2022-10-26 09:40:23.745481,-0.007407407407407418,0.0,-1.0,0.0,134.5,135.0,134.0,134.5,87.0,508.0,38530.0,1919.0,False,False
2603,2022-10-26 09:40:23.827331,-0.007407407407407418,0.0,-1.0,0.0,134.5,135.0,134.0,134.5,86.0,508.0,38530.0,1919.0,False,False
2603,2022-10-26 09:40:24.051878,-0.007407407407407418,0.0,-1.0,0.0,134.5,135.0,134.0,134.5,87.0,508.0,38530.0,1919.0,False,False
2603,2022-10-26 09:40:24.757067,-0.007407407407407418,0.0,-1.0,0.0,134.5,135.0,134.0,134.5,87.0,508.0,38530.0,1919.0,False,False
2603,2022-10-26 09:40:24.857615,-0.007407407407407418,0.0,-1.0,0.0,134.5,135.0,134.0,134.5,87.0,508.0,38530.0,1919.0,False,False
2603,2022-10-26 09:40:25.210455,-0.007407407407407418,0.0,-1.0,0.0,134.5,135.0,134.0,134.5,87.0,507.0,38530.0,1919.0,False,False
2603,2022-10-26 09:40:25.264343,-0.007407407407407418,0.0,-1.0,0.0,134.5,135.0,134.0,134.5,97.0,507.0,38530.0,1919.0,False,False
2603,2022-10-26 09:40:25.303065,-0.007407407407407418,0.0,-1.0,0.0,134.5,135.0,134.0,134.5,112.0,507.0,38530.0,1919.0,False,False
2603,2022-10-26 09:40:25.341512,-0.007407407407407418,0.0,-1.0,0.0,134.5,135.0,134.0,134.5,157.0,505.0,38530.0,1919.0,False,False
2603,2022-10-26 09:40:25.436680,-0.007407407407407418,0.0,-1.0,0.0,134.5,135.0,134.0,134.5,157.0,505.0,38530.0,1919.0,False,False
2603,2022-10-26 09:40:25.586058,-0.007407407407407418,0.0,-1.0,0.0,134.5,135.0,134.0,134.5,157.0,499.0,38530.0,1919.0,False,False
2603,2022-10-26 09:40:25.602167,-0.007407407407407418,0.0,-1.0,0.0,134.5,135.0,134.0,134.5,157.0,499.0,38530.0,1919.0,False,False
2603,2022-10-26 09:40:25.814448,-0.007407407407407418,0.0,-1.0,0.0,134.5,135.0,134.0,134.5,157.0,499.0,38530.0,1919.0,False,False
2603,2022-10-26 09:40:26.212278,-0.007407407407407418,0.0,-1.0,0.0,134.5,135.0,134.0,134.5,157.0,499.0,38730.0,2017.0,True,True
2603,2022-10-26 09:40:26.692201,-0.007407407407407418,0.0,-1.0,0.0,134.5,135.0,134.0,134.5,170.0,499.0,38730.0,2017.0,False,False
2603,2022-10-26 09:40:26.906006,-0.007407407407407418,0.0,-1.0,0.0,134.5,135.0,134.0,134.5,165.0,499.0,38730.0,2017.0,False,False
2603,2022-10-26 09:40:26.927964,-0.007407407407407418,0.0,-1.0,0.0,134.5,135.0,134.0,134.5,120.0,499.0,38730.0,2017.0,False,False
2603,2022-10-26 09:40:26.986124,-0.007407407407407418,0.0,-1.0,0.0,134.5,135.0,134.0,134.5,120.0,501.0,38730.0,2017.0,False,False
2603,2022-10-26 09:40:27.509847,-0.007407407407407418,0.0,-1.0,0.0,134.5,135.0,134.0,134.5,120.0,499.0,38730.0,2017.0,False,False
2603,2022-10-26 09:40:27.660119,-0.007407407407407418,0.0,-1.0,0.0,134.5,135.0,134.0,134.5,107.0,499.0,38730.0,2017.0,False,False
2603,2022-10-26 09:40:27.778003,-0.007407407407407418,0.0,-1.0,0.0,134.5,135.0,134.0,134.5,107.0,499.0,38730.0,2017.0,False,False
2603,2022-10-26 09:40:28.238008,-0.007407407407407418,0.0,-1.0,0.0,134.5,135.0,134.0,134.5,107.0,499.0,38730.0,2017.0,False,False
2603,2022-10-26 09:40:28.298113,-0.007407407407407418,0.0,-1.0,0.0,134.5,135.0,134.0,134.5,107.0,501.0,38730.0,2017.0,False,False
2603,2022-10-26 09:40:28.519400,-0.007407407407407418,0.0,-1.0,0.0,134.5,135.0,134.0,134.5,107.0,501.0,38730.0,2017.0,False,False
2603,2022-10-26 09:40:28.534381,-0.007407407407407418,0.0,-1.0,0.0,134.5,135.0,134.0,134.5,106.0,501.0,38730.0,2017.0,False,False
2603,2022-10-26 09:40:28.649389,-0.007407407407407418,0.0,-1.0,0.0,134.5,135.0,134.0,134.5,106.0,503.0,38730.0,2017.0,False,False
2603,2022-10-26 09:40:28.690289,-0.007407407407407418,0.0,-1.0,0.0,134.5,135.0,134.0,134.5,106.0,503.0,38730.0,2017.0,False,False
2603,2022-10-26 09:40:28.890812,-0.007407407407407418,0.0,-1.0,0.0,134.5,135.0,134.0,134.5,106.0,507.0,38730.0,2017.0,False,False
2603,2022-10-26 09:40:28.954796,-0.007407407407407418,0.0,-1.0,0.0,134.5,135.0,134.0,134.5,106.0,507.0,38730.0,2017.0,False,False
2603,2022-10-26 09:40:29.057232,-0.007407407407407418,0.0,-1.0,0.0,134.5,135.0,134.0,134.5,106.0,507.0,38730.0,2017.0,False,False
2603,2022-10-26 09:40:29.272216,-0.007407407407407418,0.0,-1.0,0.0,134.5,135.0,134.0,134.5,105.0,507.0,38730.0,2017.0,False,False
2603,2022-10-26 09:40:30.161744,-0.007407407407407418,0.0,-1.0,0.0,134.5,135.0,134.0,134.5,105.0,506.0,38730.0,2017.0,False,False
2603,2022-10-26 09:40:30.704975,-0.007407407407407418,0.0,-1.0,0.0,134.5,135.0,134.0,134.5,105.0,506.0,38730.0,2017.0,False,False
2603,2022-10-26 09:40:30.826506,-0.007407407407407418,0.0,-1.0,0.0,134.5,135.0,134.0,134.5,105.0,506.0,38730.0,2017.0,False,False
2603,2022-10-26 09:40:31.108774,-0.007407407407407418,0.0,-1.0,0.0,134.5,135.0,134.0,134.5,105.0,506.0,38730.0,2017.0,False,False
2603,2022-10-26 09:40:31.310947,-0.007407407407407418,0.0,-1.0,0.0,134.5,135.0,134.0,134.5,105.0,506.0,38730.0,2017.0,False,False
2603,2022-10-26 09:40:31.910556,-0.007407407407407418,0.0,-1.0,0.0,134.5,135.0,134.0,134.5,105.0,506.0,38730.0,2017.0,False,False
2603,2022-10-26 09:40:32.287449,-0.007407407407407418,0.0,-1.0,0.0,134.5,135.0,134.0,134.5,105.0,506.0,38730.0,2017.0,False,False
2603,2022-10-26 09:40:32.329433,-0.007407407407407418,0.0,-1.0,0.0,134.5,135.0,134.0,134.5,106.0,506.0,38730.0,2017.0,False,False
2603,2022-10-26 09:40:32.408920,-0.007407407407407418,0.0,-1.0,0.0,134.5,135.0,134.0,134.5,105.0,506.0,38730.0,2017.0,False,False
2603,2022-10-26 09:40:32.530059,-0.007407407407407418,0.0,-1.0,0.0,134.5,135.0,134.0,134.5,106.0,506.0,38730.0,2017.0,False,False
2603,2022-10-26 09:40:32.985499,-0.007407407407407418,0.0,-1.0,0.0,134.5,135.0,134.0,134.5,106.0,503.0,38730.0,2017.0,False,False
2603,2022-10-26 09:40:33.361482,-0.007407407407407418,0.0,-1.0,0.0,134.5,135.0,134.0,134.5,106.0,503.0,38730.0,2017.0,False,False
2603,2022-10-26 09:40:34.067292,-0.007407407407407418,0.0,-1.0,0.0,134.5,135.0,134.0,134.5,106.0,502.0,38730.0,2017.0,False,False
2603,2022-10-26 09:40:35.010118,-0.007407407407407418,0.0,-1.0,0.0,134.5,135.0,134.0,134.5,106.0,502.0,38730.0,2017.0,False,False
2603,2022-10-26 09:40:35.221487,-0.007407407407407418,0.0,-1.0,0.0,134.5,135.0,134.0,134.5,101.0,502.0,38730.0,2017.0,False,False
2603,2022-10-26 09:40:35.500590,-0.007407407407407418,0.0,-1.0,0.0,134.5,135.0,134.0,134.5,101.0,502.0,38730.0,2017.0,False,False
2603,2022-10-26 09:40:35.548791,-0.007407407407407418,0.0,-1.0,0.0,134.5,135.0,134.0,134.5,100.0,502.0,38730.0,2017.0,False,False
2603,2022-10-26 09:40:35.587875,-0.007407407407407418,0.0,-1.0,0.0,134.5,135.0,134.0,134.5,101.0,502.0,38730.0,2017.0,False,False
2603,2022-10-26 09:40:35.957893,-0.007407407407407418,0.0,-1.0,0.0,134.5,135.0,134.0,134.5,105.0,502.0,38730.0,2017.0,False,False
2603,2022-10-26 09:40:36.262754,-0.007407407407407418,0.0,-1.0,0.0,134.5,135.0,134.0,134.5,105.0,502.0,38726.0,1613.0,True,True
2603,2022-10-26 09:40:36.435633,-0.007407407407407418,0.0,-1.0,0.0,134.5,135.0,134.0,134.5,105.0,502.0,38726.0,1613.0,False,False
2603,2022-10-26 09:40:36.800670,-0.007407407407407418,0.0,-1.0,0.0,134.5,135.0,134.0,134.5,105.0,504.0,38726.0,1613.0,False,False
2603,2022-10-26 09:40:36.934061,-0.007407407407407418,0.0,-1.0,0.0,134.5,135.0,134.0,134.5,105.0,504.0,38726.0,1613.0,False,False
2603,2022-10-26 09:40:37.648031,-0.007407407407407418,0.0,-1.0,0.0,134.5,135.0,134.0,134.5,105.0,504.0,38726.0,1613.0,False,False
2603,2022-10-26 09:40:37.796394,-0.007407407407407418,0.0,-1.0,0.0,134.5,135.0,134.0,134.5,106.0,504.0,38726.0,1613.0,False,False
2603,2022-10-26 09:40:38.001297,-0.007407407407407418,0.0,-1.0,0.0,134.5,135.0,134.0,134.5,107.0,504.0,38726.0,1613.0,False,False
2603,2022-10-26 09:40:38.047675,-0.007407407407407418,0.0,-1.0,0.0,134.5,135.0,134.0,134.5,105.0,504.0,38726.0,1613.0,False,False
2603,2022-10-26 09:40:38.189471,-0.007407407407407418,0.0,-1.0,0.0,134.5,135.0,134.0,134.5,105.0,504.0,38726.0,1613.0,False,False
2603,2022-10-26 09:40:38.799923,-0.007407407407407418,0.0,-1.0,0.0,134.5,135.0,134.0,134.5,105.0,504.0,38726.0,1613.0,False,False
2603,2022-10-26 09:40:39.587459,-0.007407407407407418,0.0,-1.0,0.0,134.5,135.0,134.0,134.5,104.0,504.0,38726.0,1613.0,False,False
2603,2022-10-26 09:40:40.582860,-0.007407407407407418,0.0,-1.0,0.0,134.5,135.0,134.0,134.5,104.0,504.0,38726.0,1613.0,False,False
2603,2022-10-26 09:40:41.010637,-0.007407407407407418,0.0,-1.0,0.0,134.5,135.0,134.0,134.5,104.0,504.0,38726.0,1613.0,False,False
2603,2022-10-26 09:40:41.730054,-0.007407407407407418,0.0,-1.0,0.0,134.5,135.0,134.0,134.5,105.0,504.0,38726.0,1613.0,False,False
2603,2022-10-26 09:40:42.550741,-0.007407407407407418,0.0,-1.0,0.0,134.5,135.0,134.0,134.5,104.0,504.0,38726.0,1613.0,False,False
2603,2022-10-26 09:40:42.925876,-0.007407407407407418,0.0,-1.0,0.0,134.5,135.0,134.0,134.5,104.0,504.0,38726.0,1613.0,False,False
2603,2022-10-26 09:40:44.224844,-0.007407407407407418,0.0,-1.0,0.0,134.5,135.0,134.0,134.5,104.0,504.0,38726.0,1613.0,False,False
2603,2022-10-26 09:40:44.390735,-0.007407407407407418,0.0,-1.0,0.0,134.5,135.0,134.0,134.5,104.0,504.0,38726.0,1613.0,False,False
2603,2022-10-26 09:40:44.485360,-0.007407407407407418,0.0,-1.0,0.0,134.5,135.0,134.0,134.5,104.0,504.0,38726.0,1613.0,False,False
2603,2022-10-26 09:40:44.967182,-0.007407407407407418,0.0,-1.0,0.0,134.5,135.0,134.0,134.5,104.0,504.0,38726.0,1613.0,False,False
2603,2022-10-26 09:40:45.252202,-0.007407407407407418,0.0,-1.0,0.0,134.5,135.0,134.0,134.5,113.0,504.0,38726.0,1613.0,False,False
2603,2022-10-26 09:40:45.294697,-0.007407407407407418,0.0,-1.0,0.0,134.5,135.0,134.0,134.5,114.0,504.0,38726.0,1613.0,False,False
2603,2022-10-26 09:40:45.542525,-0.007407407407407418,0.0,-1.0,0.0,134.5,135.0,134.0,134.5,114.0,513.0,38726.0,1613.0,False,False
2603,2022-10-26 09:40:45.616065,-0.007407407407407418,0.0,-1.0,0.0,134.5,135.0,134.0,134.5,114.0,513.0,38726.0,1613.0,False,False
2603,2022-10-26 09:40:46.005580,-0.007407407407407418,0.0,-1.0,0.0,134.5,135.0,134.0,134.5,114.0,513.0,38726.0,1613.0,False,False
2603,2022-10-26 09:40:46.092229,-0.007407407407407418,0.0,-1.0,0.0,134.5,135.0,134.0,134.5,115.0,513.0,38726.0,1613.0,False,False
2603,2022-10-26 09:40:46.029349,-0.007407407407407418,0.0,-1.0,0.0,134.5,135.0,134.0,134.5,116.0,513.0,38726.0,1613.0,False,False
2603,2022-10-26 09:40:46.306011,-0.007407407407407418,0.0,-1.0,0.0,134.5,135.0,134.0,134.5,116.0,513.0,38727.0,1613.0,True,True
2603,2022-10-26 09:40:47.322376,-0.007407407407407418,0.0,-1.0,0.0,134.5,135.0,134.0,134.5,115.0,513.0,38727.0,1613.0,False,False
2603,2022-10-26 09:40:48.012759,-0.007407407407407418,0.0,-1.0,0.0,134.5,135.0,134.0,134.5,117.0,513.0,38727.0,1613.0,False,False
2603,2022-10-26 09:40:48.684202,-0.007407407407407418,0.0,-1.0,0.0,134.5,135.0,134.0,134.5,117.0,514.0,38727.0,1613.0,False,False
2603,2022-10-26 09:40:49.557904,-0.007407407407407418,0.0,-1.0,0.0,134.5,135.0,134.0,134.5,116.0,514.0,38727.0,1613.0,False,False
2603,2022-10-26 09:40:49.975471,-0.007407407407407418,0.0,-1.0,0.0,134.5,135.0,134.0,134.5,116.0,514.0,38727.0,1613.0,False,False
2603,2022-10-26 09:40:50.509165,-0.007407407407407418,0.0,-1.0,0.0,134.5,135.0,134.0,134.5,116.0,514.0,38727.0,1613.0,False,False
2603,2022-10-26 09:40:51.267918,-0.007407407407407418,0.0,-1.0,0.0,134.5,135.0,134.0,134.5,116.0,514.0,38727.0,1613.0,False,False
2603,2022-10-26 09:40:51.288918,-0.007407407407407418,0.0,-1.0,0.0,134.5,135.0,134.0,134.5,117.0,514.0,38727.0,1613.0,False,False
2603,2022-10-26 09:40:52.772655,-0.007407407407407418,0.0,-1.0,0.0,134.5,135.0,134.0,134.5,118.0,514.0,38727.0,1613.0,False,False
2603,2022-10-26 09:40:53.567929,-0.007407407407407418,0.0,-1.0,0.0,134.5,135.0,134.0,134.5,117.0,514.0,38727.0,1613.0,False,False
2603,2022-10-26 09:40:53.784595,-0.007407407407407418,0.0,-1.0,0.0,134.5,135.0,134.0,134.5,117.0,516.0,38727.0,1613.0,False,False
2603,2022-10-26 09:40:53.790540,-0.007407407407407418,0.0,-1.0,0.0,134.5,135.0,134.0,134.5,117.0,516.0,38727.0,1613.0,False,False
2603,2022-10-26 09:40:54.386681,-0.007407407407407418,0.0,-1.0,0.0,134.5,135.0,134.0,134.5,111.0,516.0,38727.0,1613.0,False,False
2603,2022-10-26 09:40:55.562173,-0.007407407407407418,0.0,-1.0,0.0,134.5,135.0,134.0,134.5,112.0,516.0,38727.0,1613.0,False,False
2603,2022-10-26 09:40:56.188563,-0.007407407407407418,0.0,-1.0,0.0,134.5,135.0,134.0,134.5,110.0,516.0,38727.0,1613.0,False,False
2603,2022-10-26 09:40:56.353528,-0.007407407407407418,0.0,-1.0,0.0,134.5,135.0,134.0,134.5,110.0,516.0,38737.0,2399.0,True,True
2603,2022-10-26 09:40:56.570867,-0.007407407407407418,0.0,-1.0,0.0,134.5,135.0,134.0,134.5,109.0,516.0,38737.0,2399.0,False,False
2603,2022-10-26 09:40:56.886034,-0.007407407407407418,0.0,-1.0,0.0,134.5,135.0,134.0,134.5,109.0,516.0,38737.0,2399.0,False,False
2603,2022-10-26 09:40:58.114866,-0.007407407407407418,0.0,-1.0,0.0,134.5,135.0,134.0,134.5,110.0,516.0,38737.0,2399.0,False,False
2603,2022-10-26 09:40:58.348026,-0.007407407407407418,0.0,-1.0,0.0,134.5,135.0,134.0,134.5,110.0,516.0,38737.0,2399.0,False,False
2603,2022-10-26 09:40:58.773406,-0.007407407407407418,0.0,-1.0,0.0,134.5,135.0,134.0,134.5,110.0,516.0,38737.0,2399.0,False,False
2603,2022-10-26 09:40:59.727592,-0.007407407407407418,0.0,-1.0,0.0,134.5,135.0,134.0,134.5,111.0,516.0,38737.0,2399.0,False,False
2603,2022-10-26 09:41:00.518751,-0.007407407407407418,0.0,-1.0,0.0,134.5,135.0,134.0,134.5,111.0,516.0,38737.0,2399.0,False,False
2603,2022-10-26 09:41:00.582718,-0.007407407407407418,0.0,-1.0,0.0,134.5,135.0,134.0,134.5,110.0,516.0,38737.0,2399.0,False,False
2603,2022-10-26 09:41:01.676089,-0.007407407407407418,0.0,-1.0,0.0,134.5,135.0,134.0,134.5,90.0,516.0,38737.0,2399.0,False,False
2603,2022-10-26 09:41:01.722822,-0.007407407407407418,0.0,-1.0,0.0,134.5,135.0,134.0,134.5,90.0,516.0,38737.0,2399.0,False,False
2603,2022-10-26 09:41:02.336510,-0.007407407407407418,0.0,-1.0,0.0,134.5,135.0,134.0,134.5,90.0,516.0,38737.0,2399.0,False,False
2603,2022-10-26 09:41:03.590797,-0.007407407407407418,0.0,-1.0,0.0,134.5,135.0,134.0,134.5,89.0,516.0,38737.0,2399.0,False,False
2603,2022-10-26 09:41:03.912913,-0.007407407407407418,0.0,-1.0,0.0,134.5,135.0,134.0,134.5,89.0,516.0,38737.0,2399.0,False,False
2603,2022-10-26 09:41:04.948374,-0.007407407407407418,0.0,-1.0,0.0,134.5,135.0,134.0,134.5,89.0,516.0,38737.0,2399.0,False,False
2603,2022-10-26 09:41:05.540820,-0.007407407407407418,0.0,-1.0,0.0,134.5,135.0,134.0,134.5,89.0,516.0,38737.0,2399.0,False,False
2603,2022-10-26 09:41:05.728962,-0.007407407407407418,0.0,-1.0,0.0,134.5,135.0,134.0,134.5,88.0,516.0,38737.0,2399.0,False,False
2603,2022-10-26 09:41:06.026679,-0.007407407407407418,0.0,-1.0,0.0,134.5,135.0,134.0,134.5,88.0,516.0,38737.0,2399.0,False,False
2603,2022-10-26 09:41:06.310727,-0.007407407407407418,0.0,-1.0,0.0,134.5,135.0,134.0,134.5,88.0,516.0,38737.0,2399.0,False,False
2603,2022-10-26 09:41:06.313215,-0.007407407407407418,0.0,-1.0,0.0,134.5,135.0,134.0,134.5,88.0,516.0,38737.0,2399.0,False,False
2603,2022-10-26 09:41:06.392878,-0.007407407407407418,0.0,-1.0,0.0,134.5,135.0,134.0,134.5,88.0,516.0,38947.0,2394.0,True,True
2603,2022-10-26 09:41:06.624106,-0.007407407407407418,0.0,-1.0,0.0,134.5,135.0,134.0,134.5,90.0,516.0,38947.0,2394.0,False,False
2603,2022-10-26 09:41:06.801941,-0.007407407407407418,0.0,-1.0,0.0,134.5,135.0,134.0,134.5,90.0,526.0,38947.0,2394.0,False,False
2603,2022-10-26 09:41:06.883351,-0.007407407407407418,0.0,-1.0,0.0,134.5,135.0,134.0,134.5,89.0,529.0,38947.0,2394.0,False,False
2603,2022-10-26 09:41:06.831205,-0.007407407407407418,0.0,-1.0,0.0,134.5,135.0,134.0,134.5,90.0,529.0,38947.0,2394.0,False,False
2603,2022-10-26 09:41:07.056754,-0.007407407407407418,0.0,-1.0,0.0,134.5,135.0,134.0,134.5,89.0,529.0,38947.0,2394.0,False,False
2603,2022-10-26 09:41:07.062982,-0.007407407407407418,0.0,-1.0,0.0,134.5,135.0,134.0,134.5,89.0,529.0,38947.0,2394.0,False,False
2603,2022-10-26 09:41:07.730833,-0.007407407407407418,0.0,-1.0,0.0,134.5,135.0,134.0,134.5,106.0,529.0,38947.0,2394.0,False,False
2603,2022-10-26 09:41:08.112593,-0.007407407407407418,0.0,-1.0,0.0,134.5,135.0,134.0,134.5,106.0,529.0,38947.0,2394.0,False,False
2603,2022-10-26 09:41:08.343863,-0.007407407407407418,0.0,-1.0,0.0,134.5,135.0,134.0,134.5,106.0,529.0,38947.0,2394.0,False,False
2603,2022-10-26 09:41:10.613733,-0.007407407407407418,0.0,-1.0,0.0,134.5,135.0,134.0,134.5,105.0,529.0,38947.0,2394.0,False,False
2603,2022-10-26 09:41:11.386084,-0.007407407407407418,0.0,-1.0,0.0,134.5,135.0,134.0,134.5,107.0,529.0,38947.0,2394.0,False,False
2603,2022-10-26 09:41:11.734022,-0.007407407407407418,0.0,-1.0,0.0,134.5,135.0,134.0,134.5,109.0,529.0,38947.0,2394.0,False,False
2603,2022-10-26 09:41:12.735293,-0.007407407407407418,0.0,-1.0,0.0,134.5,135.0,134.0,134.5,109.0,529.0,38947.0,2394.0,False,False
2603,2022-10-26 09:41:14.091287,-0.007407407407407418,0.0,-1.0,0.0,134.5,135.0,134.0,134.5,109.0,529.0,38947.0,2394.0,False,False
2603,2022-10-26 09:41:14.233920,-0.007407407407407418,0.0,-1.0,0.0,134.5,135.0,134.0,134.5,109.0,529.0,38947.0,2394.0,False,False
2603,2022-10-26 09:41:14.534002,-0.007407407407407418,0.0,-1.0,0.0,134.5,135.0,134.0,134.5,109.0,529.0,38947.0,2394.0,False,False
2603,2022-10-26 09:41:14.614590,-0.007407407407407418,0.0,-1.0,0.0,134.5,135.0,134.0,134.5,108.0,529.0,38947.0,2394.0,False,False
2603,2022-10-26 09:41:14.663013,-0.007407407407407418,0.0,-1.0,0.0,134.5,135.0,134.0,134.5,108.0,529.0,38947.0,2394.0,False,False
2603,2022-10-26 09:41:14.720793,-0.007407407407407418,0.0,-1.0,0.0,134.5,135.0,134.0,134.5,108.0,529.0,38947.0,2394.0,False,False
2603,2022-10-26 09:41:15.247210,-0.007407407407407418,0.0,-1.0,0.0,134.5,135.0,134.0,134.5,108.0,529.0,38947.0,2394.0,False,False
2603,2022-10-26 09:41:16.441749,-0.007407407407407418,0.0,-1.0,0.0,134.5,135.0,134.0,134.5,108.0,529.0,38972.0,2374.0,True,True
2603,2022-10-26 09:41:16.619187,-0.007407407407407418,0.0,-1.0,0.0,134.5,135.0,134.0,134.5,103.0,529.0,38972.0,2374.0,False,False
2603,2022-10-26 09:41:16.671649,-0.007407407407407418,0.0,-1.0,0.0,134.5,135.0,134.0,134.5,103.0,529.0,38972.0,2374.0,False,False
2603,2022-10-26 09:41:17.478355,-0.007407407407407418,0.0,-1.0,0.0,134.5,135.0,134.0,134.5,103.0,529.0,38972.0,2374.0,False,False
2603,2022-10-26 09:41:17.481150,-0.007407407407407418,0.0,-1.0,0.0,134.5,135.0,134.0,134.5,103.0,529.0,38972.0,2374.0,False,False
2603,2022-10-26 09:41:17.550002,-0.007407407407407418,0.0,-1.0,0.0,134.5,135.0,134.0,134.5,102.0,529.0,38972.0,2374.0,False,False
2603,2022-10-26 09:41:17.644432,-0.007407407407407418,0.0,-1.0,0.0,134.5,135.0,134.0,134.5,102.0,531.0,38972.0,2374.0,False,False
2603,2022-10-26 09:41:17.865191,-0.007407407407407418,0.0,-1.0,0.0,134.5,135.0,134.0,134.5,102.0,531.0,38972.0,2374.0,False,False
2603,2022-10-26 09:41:18.555903,-0.007407407407407418,0.0,-1.0,0.0,134.5,135.0,134.0,134.5,102.0,531.0,38972.0,2374.0,False,False
2603,2022-10-26 09:41:18.805820,-0.007407407407407418,0.0,-1.0,0.0,134.5,135.0,134.0,134.5,102.0,531.0,38972.0,2374.0,False,False
2603,2022-10-26 09:41:18.873238,-0.007407407407407418,0.0,-1.0,0.0,134.5,135.0,134.0,134.5,103.0,531.0,38972.0,2374.0,False,False
2603,2022-10-26 09:41:19.295169,-0.007407407407407418,0.0,-1.0,0.0,134.5,135.0,134.0,134.5,103.0,531.0,38972.0,2374.0,False,False
2603,2022-10-26 09:41:19.333694,-0.007407407407407418,0.0,-1.0,0.0,134.5,135.0,134.0,134.5,103.0,531.0,38972.0,2374.0,False,False
2603,2022-10-26 09:41:19.802453,-0.007407407407407418,0.0,-1.0,0.0,134.5,135.0,134.0,134.5,116.0,531.0,38972.0,2374.0,False,False
2603,2022-10-26 09:41:19.998546,-0.007407407407407418,0.0,-1.0,0.0,134.5,135.0,134.0,134.5,116.0,531.0,38972.0,2374.0,False,False
2603,2022-10-26 09:41:20.245145,-0.007407407407407418,0.0,-1.0,0.0,134.5,135.0,134.0,134.5,116.0,531.0,38972.0,2374.0,False,False
2603,2022-10-26 09:41:20.931654,-0.007407407407407418,0.0,-1.0,0.0,134.5,135.0,134.0,134.5,116.0,531.0,38972.0,2374.0,False,False
2603,2022-10-26 09:41:21.623582,-0.007407407407407418,0.0,-1.0,0.0,134.5,135.0,134.0,134.5,115.0,531.0,38972.0,2374.0,False,False
2603,2022-10-26 09:41:21.772906,-0.007407407407407418,0.0,-1.0,0.0,134.5,135.0,134.0,134.5,115.0,531.0,38972.0,2374.0,False,False
2603,2022-10-26 09:41:22.622308,-0.007407407407407418,0.0,-1.0,0.0,134.5,135.0,134.0,134.5,115.0,531.0,38972.0,2374.0,False,False
2603,2022-10-26 09:41:22.745587,-0.007407407407407418,0.0,-1.0,0.0,134.5,135.0,134.0,134.5,111.0,531.0,38972.0,2374.0,False,False
2603,2022-10-26 09:41:22.860670,-0.007407407407407418,0.0,-1.0,0.0,134.5,135.0,134.0,134.5,111.0,531.0,38972.0,2374.0,False,False
2603,2022-10-26 09:41:22.874642,-0.007407407407407418,0.0,-1.0,0.0,134.5,135.0,134.0,134.5,111.0,531.0,38972.0,2374.0,False,False
2603,2022-10-26 09:41:23.459052,-0.007407407407407418,0.0,-1.0,0.0,134.5,135.0,134.0,134.5,113.0,531.0,38972.0,2374.0,False,False
2603,2022-10-26 09:41:23.955204,-0.007407407407407418,0.0,-1.0,0.0,134.5,135.0,134.0,134.5,113.0,531.0,38972.0,2374.0,False,False
2603,2022-10-26 09:41:24.409015,-0.007407407407407418,0.0,-1.0,0.0,134.5,135.0,134.0,134.5,113.0,532.0,38972.0,2374.0,False,False
2603,2022-10-26 09:41:24.485398,-0.007407407407407418,0.0,-1.0,0.0,134.5,135.0,134.0,134.5,112.0,532.0,38972.0,2374.0,False,False
2603,2022-10-26 09:41:25.016943,-0.007407407407407418,0.0,-1.0,0.0,134.5,135.0,134.0,134.5,113.0,532.0,38972.0,2374.0,False,False
2603,2022-10-26 09:41:25.058919,-0.007407407407407418,0.0,-1.0,0.0,134.5,135.0,134.0,134.5,113.0,532.0,38972.0,2374.0,False,False
2603,2022-10-26 09:41:25.775463,-0.007407407407407418,0.0,-1.0,0.0,134.5,135.0,134.0,134.5,113.0,532.0,38972.0,2374.0,False,False
2603,2022-10-26 09:41:26.485432,-0.007407407407407418,0.0,-1.0,0.0,134.5,135.0,134.0,134.5,113.0,532.0,39092.0,2374.0,True,True
2603,2022-10-26 09:41:26.969296,-0.007407407407407418,0.0,-1.0,0.0,134.5,135.0,134.0,134.5,113.0,532.0,39092.0,2374.0,False,False
2603,2022-10-26 09:41:27.723073,-0.007407407407407418,0.0,-1.0,0.0,134.5,135.0,134.0,134.5,114.0,532.0,39092.0,2374.0,False,False
2603,2022-10-26 09:41:27.792856,-0.007407407407407418,0.0,-1.0,0.0,134.5,135.0,134.0,134.5,113.0,532.0,39092.0,2374.0,False,False
2603,2022-10-26 09:41:28.856521,-0.007407407407407418,0.0,-1.0,0.0,134.5,135.0,134.0,134.5,113.0,532.0,39092.0,2374.0,False,False
2603,2022-10-26 09:41:29.890645,-0.007407407407407418,0.0,-1.0,0.0,134.5,135.0,134.0,134.5,113.0,534.0,39092.0,2374.0,False,False
2603,2022-10-26 09:41:30.659939,-0.007407407407407418,0.0,-1.0,0.0,134.5,135.0,134.0,134.5,113.0,534.0,39092.0,2374.0,False,False
2603,2022-10-26 09:41:31.261523,-0.007407407407407418,0.0,-1.0,0.0,134.5,135.0,134.0,134.5,113.0,536.0,39092.0,2374.0,False,False
2603,2022-10-26 09:41:31.332435,-0.007407407407407418,0.0,-1.0,0.0,134.5,135.0,134.0,134.5,112.0,536.0,39092.0,2374.0,False,False
2603,2022-10-26 09:41:31.535062,-0.007407407407407418,0.0,-1.0,0.0,134.5,135.0,134.0,134.5,113.0,536.0,39092.0,2374.0,False,False
2603,2022-10-26 09:41:32.336646,-0.007407407407407418,0.0,-1.0,0.0,134.5,135.0,134.0,134.5,113.0,536.0,39092.0,2374.0,False,False
2603,2022-10-26 09:41:32.680487,-0.007407407407407418,0.0,-1.0,0.0,134.5,135.0,134.0,134.5,114.0,536.0,39092.0,2374.0,False,False
2603,2022-10-26 09:41:33.008576,-0.007407407407407418,0.0,-1.0,0.0,134.5,135.0,134.0,134.5,114.0,536.0,39092.0,2374.0,False,False
2603,2022-10-26 09:41:33.054326,-0.007407407407407418,0.0,-1.0,0.0,134.5,135.0,134.0,134.5,115.0,536.0,39092.0,2374.0,False,False
2603,2022-10-26 09:41:33.486742,-0.007407407407407418,0.0,-1.0,0.0,134.5,135.0,134.0,134.5,115.0,536.0,39092.0,2374.0,False,False
2603,2022-10-26 09:41:33.992691,-0.007407407407407418,0.0,-1.0,0.0,134.5,135.0,134.0,134.5,115.0,536.0,39092.0,2374.0,False,False
2603,2022-10-26 09:41:34.492665,-0.007407407407407418,0.0,-1.0,0.0,134.5,135.0,134.0,134.5,115.0,536.0,39092.0,2374.0,False,False
2603,2022-10-26 09:41:34.660213,-0.007407407407407418,0.0,-1.0,0.0,134.5,135.0,134.0,134.5,114.0,536.0,39092.0,2374.0,False,False
2603,2022-10-26 09:41:34.750978,-0.007407407407407418,0.0,-1.0,0.0,134.5,135.0,134.0,134.5,113.0,536.0,39092.0,2374.0,False,False
2603,2022-10-26 09:41:34.822085,-0.007407407407407418,0.0,-1.0,0.0,134.5,135.0,134.0,134.5,112.0,536.0,39092.0,2374.0,False,False
2603,2022-10-26 09:41:35.462281,-0.007407407407407418,0.0,-1.0,0.0,134.5,135.0,134.0,134.5,113.0,536.0,39092.0,2374.0,False,False
2603,2022-10-26 09:41:35.546335,-0.007407407407407418,0.0,-1.0,0.0,134.5,135.0,134.0,134.5,113.0,536.0,39092.0,2374.0,False,False
2603,2022-10-26 09:41:35.756258,-0.007407407407407418,0.0,-1.0,0.0,134.5,135.0,134.0,134.5,114.0,536.0,39092.0,2374.0,False,False
2603,2022-10-26 09:41:36.522566,-0.007407407407407418,0.0,-1.0,0.0,134.5,135.0,134.0,134.5,114.0,536.0,39092.0,2374.0,True,True
2603,2022-10-26 09:41:37.659042,-0.007407407407407418,0.0,-1.0,0.0,134.5,135.0,134.0,134.5,113.0,536.0,39092.0,2374.0,False,False
2603,2022-10-26 09:41:38.433817,-0.007407407407407418,0.0,-1.0,0.0,134.5,135.0,134.0,134.5,113.0,537.0,39092.0,2374.0,False,False
2603,2022-10-26 09:41:39.038863,-0.007407407407407418,0.0,-1.0,0.0,134.5,135.0,134.0,134.5,112.0,537.0,39092.0,2374.0,False,False
2603,2022-10-26 09:41:39.426245,-0.007407407407407418,0.0,-1.0,0.0,134.5,135.0,134.0,134.5,113.0,537.0,39092.0,2374.0,False,False
2603,2022-10-26 09:41:39.948144,-0.007407407407407418,0.0,-1.0,0.0,134.5,135.0,134.0,134.5,114.0,537.0,39092.0,2374.0,False,False
2603,2022-10-26 09:41:39.994838,-0.007407407407407418,0.0,-1.0,0.0,134.5,135.0,134.0,134.5,114.0,537.0,39092.0,2374.0,False,False
2603,2022-10-26 09:41:40.130965,-0.007407407407407418,0.0,-1.0,0.0,134.5,135.0,134.0,134.5,114.0,537.0,39092.0,2374.0,False,False
2603,2022-10-26 09:41:40.260551,-0.007407407407407418,0.0,-1.0,0.0,134.5,135.0,134.0,134.5,115.0,537.0,39092.0,2374.0,False,False
2603,2022-10-26 09:41:42.139383,-0.007407407407407418,0.0,-1.0,0.0,134.5,135.0,134.0,134.5,115.0,538.0,39092.0,2374.0,False,False
2603,2022-10-26 09:41:43.013109,-0.007407407407407418,0.0,-1.0,0.0,134.5,135.0,134.0,134.5,115.0,538.0,39092.0,2374.0,False,False
2603,2022-10-26 09:41:43.346622,-0.007407407407407418,0.0,-1.0,0.0,134.5,135.0,134.0,134.5,115.0,538.0,39092.0,2374.0,False,False
2603,2022-10-26 09:41:43.583069,-0.007407407407407418,0.0,-1.0,0.0,134.5,135.0,134.0,134.5,115.0,538.0,39092.0,2374.0,False,False
2603,2022-10-26 09:41:44.133934,-0.007407407407407418,0.0,-1.0,0.0,134.5,135.0,134.0,134.5,115.0,538.0,39092.0,2374.0,False,False
2603,2022-10-26 09:41:44.433656,-0.007407407407407418,0.0,-1.0,0.0,134.5,135.0,134.0,134.5,115.0,538.0,39092.0,2374.0,False,False
2603,2022-10-26 09:41:44.519778,-0.007407407407407418,0.0,-1.0,0.0,134.5,135.0,134.0,134.5,106.0,538.0,39092.0,2374.0,False,False
2603,2022-10-26 09:41:46.240096,-0.007407407407407418,0.0,-1.0,0.0,134.5,135.0,134.0,134.5,106.0,538.0,39092.0,2374.0,False,False
2603,2022-10-26 09:41:46.244929,-0.007407407407407418,0.0,-1.0,0.0,134.5,135.0,134.0,134.5,106.0,538.0,39092.0,2374.0,False,False
2603,2022-10-26 09:41:46.573220,-0.007407407407407418,0.0,-1.0,0.0,134.5,135.0,134.0,134.5,106.0,538.0,39092.0,2274.0,True,True
2603,2022-10-26 09:41:46.734475,-0.007407407407407418,0.0,-1.0,0.0,134.5,135.0,134.0,134.5,106.0,537.0,39092.0,2274.0,False,False
2603,2022-10-26 09:41:46.862677,-0.007407407407407418,0.0,-1.0,0.0,134.5,135.0,134.0,134.5,106.0,537.0,39092.0,2274.0,False,False
2603,2022-10-26 09:41:47.085124,-0.007407407407407418,0.0,-1.0,0.0,134.5,135.0,134.0,134.5,107.0,537.0,39092.0,2274.0,False,False
2603,2022-10-26 09:41:47.714769,-0.007407407407407418,0.0,-1.0,0.0,134.5,135.0,134.0,134.5,107.0,537.0,39092.0,2274.0,False,False
2603,2022-10-26 09:41:47.924279,-0.007407407407407418,0.0,-1.0,0.0,134.5,135.0,134.0,134.5,107.0,537.0,39092.0,2274.0,False,False
2603,2022-10-26 09:41:49.857836,-0.007407407407407418,0.0,-1.0,0.0,134.5,135.0,134.0,134.5,107.0,537.0,39092.0,2274.0,False,False
2603,2022-10-26 09:41:50.190047,-0.007407407407407418,0.0,-1.0,0.0,134.5,135.0,134.0,134.5,113.0,537.0,39092.0,2274.0,False,False
2603,2022-10-26 09:41:50.741749,-0.007407407407407418,0.0,-1.0,0.0,134.5,135.0,134.0,134.5,116.0,537.0,39092.0,2274.0,False,False
2603,2022-10-26 09:41:52.403014,-0.007407407407407418,0.0,-1.0,0.0,134.5,135.0,134.0,134.5,96.0,537.0,39092.0,2274.0,False,False
2603,2022-10-26 09:41:52.632427,-0.007407407407407418,0.0,-1.0,0.0,134.5,135.0,134.0,134.5,96.0,539.0,39092.0,2274.0,False,False
2603,2022-10-26 09:41:53.514222,-0.007407407407407418,0.0,-1.0,0.0,134.5,135.0,134.0,134.5,96.0,539.0,39092.0,2274.0,False,False
2603,2022-10-26 09:41:53.610086,-0.007407407407407418,0.0,-1.0,0.0,134.5,135.0,134.0,134.5,96.0,539.0,39092.0,2274.0,False,False
2603,2022-10-26 09:41:53.890913,-0.007407407407407418,0.0,-1.0,0.0,134.5,135.0,134.0,134.5,99.0,539.0,39092.0,2274.0,False,False
2603,2022-10-26 09:41:54.112038,-0.007407407407407418,0.0,-1.0,0.0,134.5,135.0,134.0,134.5,99.0,539.0,39092.0,2274.0,False,False
2603,2022-10-26 09:41:54.336124,-0.007407407407407418,0.0,-1.0,0.0,134.5,135.0,134.0,134.5,99.0,539.0,39092.0,2274.0,False,False
2603,2022-10-26 09:41:54.439481,-0.007407407407407418,0.0,-1.0,0.0,134.5,135.0,134.0,134.5,100.0,539.0,39092.0,2274.0,False,False
2603,2022-10-26 09:41:55.186102,-0.007407407407407418,0.0,-1.0,0.0,134.5,135.0,134.0,134.5,99.0,539.0,39092.0,2274.0,False,False
2603,2022-10-26 09:41:56.182900,-0.007407407407407418,0.0,-1.0,0.0,134.5,135.0,134.0,134.5,100.0,539.0,39092.0,2274.0,False,False
2603,2022-10-26 09:41:56.232008,-0.007407407407407418,0.0,-1.0,0.0,134.5,135.0,134.0,134.5,100.0,539.0,39092.0,2274.0,False,False
2603,2022-10-26 09:41:56.441995,-0.007407407407407418,0.0,-1.0,0.0,134.5,135.0,134.0,134.5,101.0,539.0,39092.0,2274.0,False,False
2603,2022-10-26 09:41:56.618477,-0.007407407407407418,0.0,-1.0,0.0,134.5,135.0,134.0,134.5,101.0,539.0,39342.0,2394.0,True,True
2603,2022-10-26 09:41:57.014170,-0.007407407407407418,0.0,-1.0,0.0,134.5,135.0,134.0,134.5,102.0,539.0,39342.0,2394.0,False,False
2603,2022-10-26 09:41:57.438158,-0.007407407407407418,0.0,-1.0,0.0,134.5,135.0,134.0,134.5,102.0,539.0,39342.0,2394.0,False,False
2603,2022-10-26 09:41:57.555892,-0.007407407407407418,0.0,-1.0,0.0,134.5,135.0,134.0,134.5,101.0,539.0,39342.0,2394.0,False,False
2603,2022-10-26 09:41:57.818015,-0.007407407407407418,0.0,-1.0,0.0,134.5,135.0,134.0,134.5,101.0,539.0,39342.0,2394.0,False,False
2603,2022-10-26 09:41:58.498055,-0.007407407407407418,0.0,-1.0,0.0,134.5,135.0,134.0,134.5,101.0,534.0,39342.0,2394.0,False,False
2603,2022-10-26 09:41:58.932668,-0.007407407407407418,0.0,-1.0,0.0,134.5,135.0,134.0,134.5,101.0,534.0,39342.0,2394.0,False,False
2603,2022-10-26 09:41:59.344197,-0.007407407407407418,0.0,-1.0,0.0,134.5,135.0,134.0,134.5,103.0,534.0,39342.0,2394.0,False,False
2603,2022-10-26 09:41:59.472799,-0.007407407407407418,0.0,-1.0,0.0,134.5,135.0,134.0,134.5,103.0,534.0,39342.0,2394.0,False,False
2603,2022-10-26 09:41:59.618818,-0.007407407407407418,0.0,-1.0,0.0,134.5,135.0,134.0,134.5,103.0,534.0,39342.0,2394.0,False,False
2603,2022-10-26 09:41:59.823033,-0.007407407407407418,0.0,-1.0,0.0,134.5,135.0,134.0,134.5,103.0,534.0,39342.0,2394.0,False,False
2603,2022-10-26 09:42:03.453339,-0.007407407407407418,0.0,-1.0,0.0,134.5,135.0,134.0,134.5,103.0,534.0,39342.0,2394.0,False,False
2603,2022-10-26 09:42:04.199668,-0.007407407407407418,0.0,-1.0,0.0,134.5,135.0,134.0,134.5,104.0,534.0,39342.0,2394.0,False,False
2603,2022-10-26 09:42:04.339243,-0.007407407407407418,0.0,-1.0,0.0,134.5,135.0,134.0,134.5,105.0,534.0,39342.0,2394.0,False,False
2603,2022-10-26 09:42:05.426685,-0.007407407407407418,0.0,-1.0,0.0,134.5,135.0,134.0,134.5,105.0,534.0,39342.0,2394.0,False,False
2603,2022-10-26 09:42:05.937929,-0.007407407407407418,0.0,-1.0,0.0,134.5,135.0,134.0,134.5,105.0,534.0,39342.0,2394.0,False,False
2603,2022-10-26 09:42:06.659397,-0.007407407407407418,0.0,-1.0,0.0,134.5,135.0,134.0,134.5,105.0,534.0,39342.0,2094.0,True,True
2603,2022-10-26 09:42:08.415120,-0.007407407407407418,0.0,-1.0,0.0,134.5,135.0,134.0,134.5,105.0,534.0,39342.0,2094.0,False,False
2603,2022-10-26 09:42:08.541128,-0.007407407407407418,0.0,-1.0,0.0,134.5,135.0,134.0,134.5,105.0,534.0,39342.0,2094.0,False,False
2603,2022-10-26 09:42:08.939747,-0.007407407407407418,0.0,-1.0,0.0,134.5,135.0,134.0,134.5,106.0,534.0,39342.0,2094.0,False,False
2603,2022-10-26 09:42:10.649380,-0.007407407407407418,0.0,-1.0,0.0,134.5,135.0,134.0,134.5,106.0,534.0,39342.0,2094.0,False,False
2603,2022-10-26 09:42:10.757970,-0.007407407407407418,0.0,-1.0,0.0,134.5,135.0,134.0,134.5,119.0,534.0,39342.0,2094.0,False,False
2603,2022-10-26 09:42:10.997075,-0.007407407407407418,0.0,-1.0,0.0,134.5,135.0,134.0,134.5,119.0,534.0,39342.0,2094.0,False,False
2603,2022-10-26 09:42:11.007277,-0.007407407407407418,0.0,-1.0,0.0,134.5,135.0,134.0,134.5,119.0,534.0,39342.0,2094.0,False,False
2603,2022-10-26 09:42:11.097082,-0.007407407407407418,0.0,-1.0,0.0,134.5,135.0,134.0,134.5,121.0,534.0,39342.0,2094.0,False,False
2603,2022-10-26 09:42:11.251575,-0.007407407407407418,0.0,-1.0,0.0,134.5,135.0,134.0,134.5,123.0,534.0,39342.0,2094.0,False,False
2603,2022-10-26 09:42:11.531388,-0.007407407407407418,0.0,-1.0,0.0,134.5,135.0,134.0,134.5,124.0,534.0,39342.0,2094.0,False,False
2603,2022-10-26 09:42:11.692171,-0.007407407407407418,0.0,-1.0,0.0,134.5,135.0,134.0,134.5,124.0,534.0,39342.0,2094.0,False,False
2603,2022-10-26 09:42:11.775027,-0.007407407407407418,0.0,-1.0,0.0,134.5,135.0,134.0,134.5,124.0,534.0,39342.0,2094.0,False,False
2603,2022-10-26 09:42:12.396617,-0.007407407407407418,0.0,-1.0,0.0,134.5,135.0,134.0,134.5,122.0,534.0,39342.0,2094.0,False,False
2603,2022-10-26 09:42:13.231603,-0.007407407407407418,0.0,-1.0,0.0,134.5,135.0,134.0,134.5,122.0,533.0,39342.0,2094.0,False,False
2603,2022-10-26 09:42:13.404367,-0.007407407407407418,0.0,-1.0,0.0,134.5,135.0,134.0,134.5,121.0,533.0,39342.0,2094.0,False,False
2603,2022-10-26 09:42:13.587698,-0.007407407407407418,0.0,-1.0,0.0,134.5,135.0,134.0,134.5,121.0,543.0,39342.0,2094.0,False,False
2603,2022-10-26 09:42:13.671179,-0.007407407407407418,0.0,-1.0,0.0,134.5,135.0,134.0,134.5,122.0,543.0,39342.0,2094.0,False,False
2603,2022-10-26 09:42:13.721922,-0.007407407407407418,0.0,-1.0,0.0,134.5,135.0,134.0,134.5,109.0,543.0,39342.0,2094.0,False,False
2603,2022-10-26 09:42:14.076447,-0.007407407407407418,0.0,-1.0,0.0,134.5,135.0,134.0,134.5,121.0,543.0,39342.0,2094.0,False,False
2603,2022-10-26 09:42:15.752207,-0.007407407407407418,0.0,-1.0,0.0,134.5,135.0,134.0,134.5,134.0,543.0,39342.0,2094.0,False,False
2603,2022-10-26 09:42:16.388003,-0.007407407407407418,0.0,-1.0,0.0,134.5,135.0,134.0,134.5,134.0,543.0,39342.0,2094.0,False,False
2603,2022-10-26 09:42:16.464951,-0.007407407407407418,0.0,-1.0,0.0,134.5,135.0,134.0,134.5,136.0,543.0,39342.0,2094.0,False,False
2603,2022-10-26 09:42:16.704933,-0.007407407407407418,0.0,-1.0,0.0,134.5,135.0,134.0,134.5,136.0,543.0,39342.0,1994.0,True,True
2603,2022-10-26 09:42:16.725559,-0.007407407407407418,0.0,-1.0,0.0,134.5,135.0,134.0,134.5,139.0,543.0,39342.0,1994.0,False,False
2603,2022-10-26 09:42:17.400331,-0.007407407407407418,0.0,-1.0,0.0,134.5,135.0,134.0,134.5,138.0,543.0,39342.0,1994.0,False,False
2603,2022-10-26 09:42:17.573899,-0.007407407407407418,0.0,-1.0,0.0,134.5,135.0,134.0,134.5,138.0,543.0,39342.0,1994.0,False,False
2603,2022-10-26 09:42:17.780950,-0.007407407407407418,0.0,-1.0,0.0,134.5,135.0,134.0,134.5,121.0,543.0,39342.0,1994.0,False,False
2603,2022-10-26 09:42:17.834269,-0.007407407407407418,0.0,-1.0,0.0,134.5,135.0,134.0,134.5,139.0,543.0,39342.0,1994.0,False,False
2603,2022-10-26 09:42:18.790900,-0.007407407407407418,0.0,-1.0,0.0,134.5,135.0,134.0,134.5,139.0,549.0,39342.0,1994.0,False,False
2603,2022-10-26 09:42:19.217618,-0.007407407407407418,0.0,-1.0,0.0,134.5,135.0,134.0,134.5,145.0,549.0,39342.0,1994.0,False,False
2603,2022-10-26 09:42:20.399550,-0.007407407407407418,0.0,-1.0,0.0,134.5,135.0,134.0,134.5,150.0,549.0,39342.0,1994.0,False,False
2603,2022-10-26 09:42:21.403901,-0.007407407407407418,0.0,-1.0,0.0,134.5,135.0,134.0,134.5,149.0,549.0,39342.0,1994.0,False,False
2603,2022-10-26 09:42:21.730037,-0.007407407407407418,0.0,-1.0,0.0,134.5,135.0,134.0,134.5,136.0,549.0,39342.0,1994.0,False,False
2603,2022-10-26 09:42:22.488192,-0.007407407407407418,0.0,-1.0,0.0,134.5,135.0,134.0,134.5,137.0,549.0,39342.0,1994.0,False,False
2603,2022-10-26 09:42:23.246947,-0.007407407407407418,0.0,-1.0,0.0,134.5,135.0,134.0,134.5,136.0,549.0,39342.0,1994.0,False,False
2603,2022-10-26 09:42:23.306378,-0.007407407407407418,0.0,-1.0,0.0,134.5,135.0,134.0,134.5,118.0,549.0,39342.0,1994.0,False,False
2603,2022-10-26 09:42:24.235087,-0.007407407407407418,0.0,-1.0,0.0,134.5,135.0,134.0,134.5,116.0,549.0,39342.0,1994.0,False,False
2603,2022-10-26 09:42:24.316221,-0.007407407407407418,0.0,-1.0,0.0,134.5,135.0,134.0,134.5,116.0,549.0,39342.0,1994.0,False,False
2603,2022-10-26 09:42:24.434192,-0.007407407407407418,0.0,-1.0,0.0,134.5,135.0,134.0,134.5,116.0,549.0,39342.0,1994.0,False,False
2603,2022-10-26 09:42:24.715532,-0.007407407407407418,0.0,-1.0,0.0,134.5,135.0,134.0,134.5,109.0,549.0,39342.0,1994.0,False,False
2603,2022-10-26 09:42:25.423399,-0.007407407407407418,0.0,-1.0,0.0,134.5,135.0,134.0,134.5,108.0,549.0,39342.0,1994.0,False,False
2603,2022-10-26 09:42:26.138131,-0.007407407407407418,0.0,-1.0,0.0,134.5,135.0,134.0,134.5,111.0,549.0,39342.0,1994.0,False,False
2603,2022-10-26 09:42:26.754245,-0.007407407407407418,0.0,-1.0,0.0,134.5,135.0,134.0,134.5,111.0,549.0,39342.0,1986.0,True,True
2603,2022-10-26 09:42:28.738117,-0.007407407407407418,0.0,-1.0,0.0,134.5,135.0,134.0,134.5,112.0,549.0,39342.0,1986.0,False,False
2603,2022-10-26 09:42:31.337386,-0.007407407407407418,0.0,-1.0,0.0,134.5,135.0,134.0,134.5,112.0,549.0,39342.0,1986.0,False,False
2603,2022-10-26 09:42:31.687513,-0.007407407407407418,0.0,-1.0,0.0,134.5,135.0,134.0,134.5,113.0,549.0,39342.0,1986.0,False,False
2603,2022-10-26 09:42:33.689595,-0.007407407407407418,0.0,-1.0,0.0,134.5,135.0,134.0,134.5,113.0,549.0,39342.0,1986.0,False,False
2603,2022-10-26 09:42:35.309210,-0.007407407407407418,0.0,-1.0,0.0,134.5,135.0,134.0,134.5,113.0,549.0,39342.0,1986.0,False,False
2603,2022-10-26 09:42:36.414164,-0.007407407407407418,0.0,-1.0,0.0,134.5,135.0,134.0,134.5,115.0,549.0,39342.0,1986.0,False,False
2603,2022-10-26 09:42:36.559612,-0.007407407407407418,0.0,-1.0,0.0,134.5,135.0,134.0,134.5,115.0,549.0,39342.0,1986.0,False,False
2603,2022-10-26 09:42:36.562932,-0.007407407407407418,0.0,-1.0,0.0,134.5,135.0,134.0,134.5,115.0,551.0,39342.0,1986.0,False,False
2603,2022-10-26 09:42:36.791325,-0.007407407407407418,0.0,-1.0,0.0,134.5,135.0,134.0,134.5,115.0,551.0,39342.0,1966.0,True,True
2603,2022-10-26 09:42:36.733996,-0.007407407407407418,0.0,-1.0,0.0,134.5,135.0,134.0,134.5,115.0,551.0,39342.0,1966.0,False,False
2603,2022-10-26 09:42:37.285827,-0.007407407407407418,0.0,-1.0,0.0,134.5,135.0,134.0,134.5,115.0,551.0,39342.0,1966.0,False,False
2603,2022-10-26 09:42:37.770436,-0.007407407407407418,0.0,-1.0,0.0,134.5,135.0,134.0,134.5,115.0,551.0,39342.0,1966.0,False,False
2603,2022-10-26 09:42:37.901862,-0.007407407407407418,0.0,-1.0,0.0,134.5,135.0,134.0,134.5,115.0,550.0,39342.0,1966.0,False,False
2603,2022-10-26 09:42:38.757094,-0.007407407407407418,0.0,-1.0,0.0,134.5,135.0,134.0,134.5,112.0,550.0,39342.0,1966.0,False,False
2603,2022-10-26 09:42:39.131782,-0.007407407407407418,0.0,-1.0,0.0,134.5,135.0,134.0,134.5,113.0,550.0,39342.0,1966.0,False,False
2603,2022-10-26 09:42:40.229060,-0.007407407407407418,0.0,-1.0,0.0,134.5,135.0,134.0,134.5,114.0,550.0,39342.0,1966.0,False,False
2603,2022-10-26 09:42:40.271354,-0.007407407407407418,0.0,-1.0,0.0,134.5,135.0,134.0,134.5,114.0,550.0,39342.0,1966.0,False,False
2603,2022-10-26 09:42:40.331183,-0.007407407407407418,0.0,-1.0,0.0,134.5,135.0,134.0,134.5,113.0,550.0,39342.0,1966.0,False,False
2603,2022-10-26 09:42:41.383532,-0.007407407407407418,0.0,-1.0,0.0,134.5,135.0,134.0,134.5,113.0,550.0,39342.0,1966.0,False,False
2603,2022-10-26 09:42:42.149100,-0.007407407407407418,0.0,-1.0,0.0,134.5,135.0,134.0,134.5,111.0,550.0,39342.0,1966.0,False,False
2603,2022-10-26 09:42:42.275385,-0.007407407407407418,0.0,-1.0,0.0,134.5,135.0,134.0,134.5,110.0,550.0,39342.0,1966.0,False,False
2603,2022-10-26 09:42:42.885337,-0.007407407407407418,0.0,-1.0,0.0,134.5,135.0,134.0,134.5,110.0,550.0,39342.0,1966.0,False,False
2603,2022-10-26 09:42:43.831050,-0.007407407407407418,0.0,-1.0,0.0,134.5,135.0,134.0,134.5,110.0,550.0,39342.0,1966.0,False,False
2603,2022-10-26 09:42:43.914302,-0.007407407407407418,0.0,-1.0,0.0,134.5,135.0,134.0,134.5,113.0,550.0,39342.0,1966.0,False,False
2603,2022-10-26 09:42:45.288477,-0.007407407407407418,0.0,-1.0,0.0,134.5,135.0,134.0,134.5,131.0,550.0,39342.0,1966.0,False,False
2603,2022-10-26 09:42:46.459949,-0.007407407407407418,0.0,-1.0,0.0,134.5,135.0,134.0,134.5,130.0,550.0,39342.0,1966.0,False,False
2603,2022-10-26 09:42:46.832536,-0.007407407407407418,0.0,-1.0,0.0,134.5,135.0,134.0,134.5,130.0,550.0,39392.0,2161.0,True,True
2603,2022-10-26 09:42:49.310895,-0.007407407407407418,0.0,-1.0,0.0,134.5,135.0,134.0,134.5,112.0,550.0,39392.0,2161.0,False,False
2603,2022-10-26 09:42:50.469750,-0.007407407407407418,0.0,-1.0,0.0,134.5,135.0,134.0,134.5,111.0,550.0,39392.0,2161.0,False,False
2603,2022-10-26 09:42:51.464523,-0.007407407407407418,0.0,-1.0,0.0,134.5,135.0,134.0,134.5,111.0,550.0,39392.0,2161.0,False,False
2603,2022-10-26 09:42:51.582931,-0.007407407407407418,0.0,-1.0,0.0,134.5,135.0,134.0,134.5,111.0,550.0,39392.0,2161.0,False,False
2603,2022-10-26 09:42:53.076306,-0.007407407407407418,0.0,-1.0,0.0,134.5,135.0,134.0,134.5,111.0,550.0,39392.0,2161.0,False,False
2603,2022-10-26 09:42:53.380044,-0.007407407407407418,0.0,-1.0,0.0,134.5,135.0,134.0,134.5,111.0,550.0,39392.0,2161.0,False,False
2603,2022-10-26 09:42:53.597892,-0.007407407407407418,0.0,-1.0,0.0,134.5,135.0,134.0,134.5,111.0,550.0,39392.0,2161.0,False,False
2603,2022-10-26 09:42:54.477332,-0.007407407407407418,0.0,-1.0,0.0,134.5,135.0,134.0,134.5,110.0,550.0,39392.0,2161.0,False,False
2603,2022-10-26 09:42:55.060103,-0.007407407407407418,0.0,-1.0,0.0,134.5,135.0,134.0,134.5,110.0,550.0,39392.0,2161.0,False,False
2603,2022-10-26 09:42:55.237260,-0.007407407407407418,0.0,-1.0,0.0,134.5,135.0,134.0,134.5,110.0,550.0,39392.0,2161.0,False,False
2603,2022-10-26 09:42:55.507207,-0.007407407407407418,0.0,-1.0,0.0,134.5,135.0,134.0,134.5,110.0,550.0,39392.0,2161.0,False,False
2603,2022-10-26 09:42:56.886095,-0.007407407407407418,0.0,-1.0,0.0,134.5,135.0,134.0,134.5,110.0,550.0,39492.0,2161.0,True,True
2603,2022-10-26 09:42:58.441986,-0.007407407407407418,0.0,-1.0,0.0,134.5,135.0,134.0,134.5,110.0,545.0,39492.0,2161.0,False,False
2603,2022-10-26 09:42:58.478481,-0.007407407407407418,0.0,-1.0,0.0,134.5,135.0,134.0,134.5,110.0,545.0,39492.0,2161.0,False,False
2603,2022-10-26 09:42:58.520022,-0.007407407407407418,0.0,-1.0,0.0,134.5,135.0,134.0,134.5,184.0,541.0,39492.0,2161.0,False,False
2603,2022-10-26 09:42:58.672313,-0.007407407407407418,0.0,-1.0,0.0,134.5,135.0,134.0,134.5,184.0,530.0,39492.0,2161.0,False,False
2603,2022-10-26 09:42:58.807724,-0.007407407407407418,0.0,-1.0,0.0,134.5,135.0,134.0,134.5,197.0,530.0,39492.0,2161.0,False,False
2603,2022-10-26 09:42:58.856355,-0.007407407407407418,0.0,-1.0,0.0,134.5,135.0,134.0,134.5,197.0,531.0,39492.0,2161.0,False,False
2603,2022-10-26 09:42:59.276277,-0.007407407407407418,0.0,-1.0,0.0,134.5,135.0,134.0,134.5,199.0,531.0,39492.0,2161.0,False,False
2603,2022-10-26 09:42:59.289692,-0.007407407407407418,0.0,-1.0,0.0,134.5,135.0,134.0,134.5,199.0,531.0,39492.0,2161.0,False,False
2603,2022-10-26 09:42:59.340806,-0.007407407407407418,0.0,-1.0,0.0,134.5,135.0,134.0,134.5,217.0,531.0,39492.0,2161.0,False,False
2603,2022-10-26 09:43:00.131664,-0.007407407407407418,0.0,-1.0,0.0,134.5,135.0,134.0,134.5,217.0,531.0,39492.0,2161.0,False,False
2603,2022-10-26 09:43:00.376897,-0.007407407407407418,0.0,-1.0,0.0,134.5,135.0,134.0,134.5,217.0,531.0,39492.0,2161.0,False,False
2603,2022-10-26 09:43:00.446600,-0.007407407407407418,0.0,-1.0,0.0,134.5,135.0,134.0,134.5,217.0,530.0,39492.0,2161.0,False,False
2603,2022-10-26 09:43:00.520145,-0.007407407407407418,0.0,-1.0,0.0,134.5,135.0,134.0,134.5,217.0,528.0,39492.0,2161.0,False,False
2603,2022-10-26 09:43:01.374149,-0.007407407407407418,0.0,-1.0,0.0,134.5,135.0,134.0,134.5,217.0,529.0,39492.0,2161.0,False,False
2603,2022-10-26 09:43:01.517294,-0.007407407407407418,0.0,-1.0,0.0,134.5,135.0,134.0,134.5,217.0,528.0,39492.0,2161.0,False,False
2603,2022-10-26 09:43:01.605159,-0.007407407407407418,0.0,-1.0,0.0,134.5,135.0,134.0,134.5,217.0,527.0,39492.0,2161.0,False,False
2603,2022-10-26 09:43:01.748506,-0.007407407407407418,0.0,-1.0,0.0,134.5,135.0,134.0,134.5,204.0,527.0,39492.0,2161.0,False,False
2603,2022-10-26 09:43:02.278150,-0.007407407407407418,0.0,-1.0,0.0,134.5,135.0,134.0,134.5,204.0,527.0,39492.0,2161.0,False,False
2603,2022-10-26 09:43:02.324068,-0.007407407407407418,0.0,-1.0,0.0,134.5,135.0,134.0,134.5,204.0,447.0,39492.0,2161.0,False,False
2603,2022-10-26 09:43:02.375229,-0.007407407407407418,0.0,-1.0,0.0,134.5,135.0,134.0,134.5,205.0,385.0,39492.0,2161.0,False,False
2603,2022-10-26 09:43:02.919968,-0.007407407407407418,0.0,-1.0,0.0,134.5,135.0,134.0,134.5,205.0,365.0,39492.0,2161.0,False,False
2603,2022-10-26 09:43:02.980032,-0.007407407407407418,0.0,-1.0,0.0,134.5,135.0,134.0,134.5,205.0,365.0,39492.0,2161.0,False,False
2603,2022-10-26 09:43:02.986621,-0.007407407407407418,0.0,-1.0,0.0,134.5,135.0,134.0,134.5,205.0,365.0,39492.0,2161.0,False,False
2603,2022-10-26 09:43:03.244145,-0.007407407407407418,0.0,-1.0,0.0,134.5,135.0,134.0,134.5,205.0,361.0,39492.0,2161.0,False,False
2603,2022-10-26 09:43:03.331348,-0.007407407407407418,0.0,-1.0,0.0,134.5,135.0,134.0,134.5,205.0,341.0,39492.0,2161.0,False,False
2603,2022-10-26 09:43:03.874855,-0.007407407407407418,0.0,-1.0,0.0,134.5,135.0,134.0,134.5,205.0,341.0,39492.0,2161.0,False,False
2603,2022-10-26 09:43:04.268454,-0.007407407407407418,0.0,-1.0,0.0,134.5,135.0,134.0,134.5,203.0,341.0,39492.0,2161.0,False,False
2603,2022-10-26 09:43:04.723596,-0.007407407407407418,0.0,-1.0,0.0,134.5,135.0,134.0,134.5,203.0,341.0,39492.0,2161.0,False,False
2603,2022-10-26 09:43:06.135069,-0.007407407407407418,0.0,-1.0,0.0,134.5,135.0,134.0,134.5,203.0,341.0,44753.0,2061.0,False,True
2603,2022-10-26 09:43:06.625086,-0.007407407407407418,0.0,-1.0,0.0,134.5,135.0,134.0,134.5,203.0,342.0,44753.0,2061.0,False,False
2603,2022-10-26 09:43:07.437804,-0.007407407407407418,0.0,-1.0,0.0,134.5,135.0,134.0,134.5,203.0,342.0,44753.0,2061.0,False,False
2603,2022-10-26 09:43:07.536388,-0.007407407407407418,0.0,-1.0,0.0,134.5,135.0,134.0,134.5,203.0,342.0,44753.0,2061.0,False,False
2603,2022-10-26 09:43:07.671220,-0.007407407407407418,0.0,-1.0,0.0,134.5,135.0,134.0,134.5,203.0,342.0,44753.0,2061.0,False,False
2603,2022-10-26 09:43:07.774093,-0.007407407407407418,0.0,-1.0,0.0,134.5,135.0,134.0,134.5,203.0,342.0,44753.0,2061.0,False,False
2603,2022-10-26 09:43:07.776566,-0.007407407407407418,0.0,-1.0,0.0,134.5,135.0,134.0,134.5,203.0,342.0,44753.0,2061.0,False,False
2603,2022-10-26 09:43:08.354705,-0.007407407407407418,0.0,-1.0,0.0,134.5,135.0,134.0,134.5,203.0,342.0,44753.0,2061.0,False,False
2603,2022-10-26 09:43:08.550538,-0.007407407407407418,0.0,-1.0,0.0,134.5,135.0,134.0,134.5,203.0,341.0,44753.0,2061.0,False,False
2603,2022-10-26 09:43:08.582498,-0.007407407407407418,0.0,-1.0,0.0,134.5,135.0,134.0,134.5,203.0,306.0,44753.0,2061.0,False,False
2603,2022-10-26 09:43:08.585098,-0.007407407407407418,0.0,-1.0,0.0,134.5,135.0,134.0,134.5,203.0,313.0,44753.0,2061.0,False,False
2603,2022-10-26 09:43:08.717570,-0.007407407407407418,0.0,-1.0,0.0,134.5,135.0,134.0,134.5,203.0,313.0,44753.0,2061.0,False,False
2603,2022-10-26 09:43:11.043270,-0.007407407407407418,0.0,-1.0,0.0,134.5,135.0,134.0,134.5,203.0,313.0,44753.0,2061.0,False,False
2603,2022-10-26 09:43:11.066831,-0.007407407407407418,0.0,-1.0,0.0,134.5,135.0,134.0,134.5,198.0,313.0,44753.0,2061.0,False,False
2603,2022-10-26 09:43:11.954273,-0.007407407407407418,0.0,-1.0,0.0,134.5,135.0,134.0,134.5,200.0,313.0,44753.0,2061.0,False,False
2603,2022-10-26 09:43:12.012696,-0.007407407407407418,0.0,-1.0,0.0,134.5,135.0,134.0,134.5,201.0,313.0,44753.0,2061.0,False,False
2603,2022-10-26 09:43:12.469794,-0.007407407407407418,0.0,-1.0,0.0,134.5,135.0,134.0,134.5,207.0,313.0,44753.0,2061.0,False,False
2603,2022-10-26 09:43:12.730865,-0.007407407407407418,0.0,-1.0,0.0,134.5,135.0,134.0,134.5,209.0,313.0,44753.0,2061.0,False,False
2603,2022-10-26 09:43:13.289061,-0.007407407407407418,0.0,-1.0,0.0,134.5,135.0,134.0,134.5,209.0,313.0,44753.0,2061.0,False,False
2603,2022-10-26 09:43:13.811819,-0.007407407407407418,0.0,-1.0,0.0,134.5,135.0,134.0,134.5,209.0,311.0,44753.0,2061.0,False,False
2603,2022-10-26 09:43:14.663912,-0.007407407407407418,0.0,-1.0,0.0,134.5,135.0,134.0,134.5,219.0,311.0,44753.0,2061.0,False,False
2603,2022-10-26 09:43:14.710345,-0.007407407407407418,0.0,-1.0,0.0,134.5,135.0,134.0,134.5,220.0,311.0,44753.0,2061.0,False,False
2603,2022-10-26 09:43:14.917474,-0.007407407407407418,0.0,-1.0,0.0,134.5,135.0,134.0,134.5,221.0,311.0,44753.0,2061.0,False,False
2603,2022-10-26 09:43:16.073111,-0.007407407407407418,0.0,-1.0,0.0,134.5,135.0,134.0,134.5,222.0,311.0,44753.0,2061.0,False,False
2603,2022-10-26 09:43:16.186436,-0.007407407407407418,0.0,-1.0,0.0,134.5,135.0,134.0,134.5,228.0,311.0,44753.0,2061.0,False,False
2603,2022-10-26 09:43:16.174227,-0.007407407407407418,0.0,-1.0,0.0,134.5,135.0,134.0,134.5,228.0,311.0,41612.0,2056.0,True,True
2603,2022-10-26 09:43:17.373879,-0.007407407407407418,0.0,-1.0,0.0,134.5,135.0,134.0,134.5,228.0,310.0,41612.0,2056.0,False,False
2603,2022-10-26 09:43:18.181118,-0.007407407407407418,0.0,-1.0,0.0,134.5,135.0,134.0,134.5,228.0,300.0,41612.0,2056.0,False,False
2603,2022-10-26 09:43:18.445668,-0.007407407407407418,0.0,-1.0,0.0,134.5,135.0,134.0,134.5,228.0,300.0,41612.0,2056.0,False,False
2603,2022-10-26 09:43:18.563336,-0.007407407407407418,0.0,-1.0,0.0,134.5,135.0,134.0,134.5,226.0,298.0,41612.0,2056.0,False,False
2603,2022-10-26 09:43:18.586440,-0.007407407407407418,0.0,-1.0,0.0,134.5,135.0,134.0,134.5,226.0,298.0,41612.0,2056.0,False,False
2603,2022-10-26 09:43:18.955687,-0.007407407407407418,0.0,-1.0,0.0,134.5,135.0,134.0,134.5,226.0,298.0,41612.0,2056.0,False,False
2603,2022-10-26 09:43:18.958588,-0.007407407407407418,0.0,-1.0,0.0,134.5,135.0,134.0,134.5,226.0,298.0,41612.0,2056.0,False,False
2603,2022-10-26 09:43:19.144245,-0.007407407407407418,0.0,-1.0,0.0,134.5,135.0,134.0,134.5,226.0,298.0,41612.0,2056.0,False,False
2603,2022-10-26 09:43:19.145984,-0.007407407407407418,0.0,-1.0,0.0,134.5,135.0,134.0,134.5,226.0,298.0,41612.0,2056.0,False,False
2603,2022-10-26 09:43:19.519091,-0.007407407407407418,0.0,-1.0,0.0,134.5,135.0,134.0,134.5,227.0,298.0,41612.0,2056.0,False,False
2603,2022-10-26 09:43:19.547624,-0.007407407407407418,0.0,-1.0,0.0,134.5,135.0,134.0,134.5,247.0,298.0,41612.0,2056.0,False,False
2603,2022-10-26 09:43:19.684951,-0.007407407407407418,0.0,-1.0,0.0,134.5,135.0,134.0,134.5,247.0,298.0,41612.0,2056.0,False,False
2603,2022-10-26 09:43:19.801522,-0.007407407407407418,0.0,-1.0,0.0,134.5,135.0,134.0,134.5,247.0,298.0,41612.0,2056.0,False,False
2603,2022-10-26 09:43:19.843180,-0.007407407407407418,0.0,-1.0,0.0,134.5,135.0,134.0,134.5,249.0,298.0,41612.0,2056.0,False,False
2603,2022-10-26 09:43:20.687339,-0.007407407407407418,0.0,-1.0,0.0,134.5,135.0,134.0,134.5,249.0,298.0,41612.0,2056.0,False,False
2603,2022-10-26 09:43:21.090165,-0.007407407407407418,0.0,-1.0,0.0,134.5,135.0,134.0,134.5,249.0,288.0,41612.0,2056.0,False,False
2603,2022-10-26 09:43:21.714031,-0.007407407407407418,0.0,-1.0,0.0,134.5,135.0,134.0,134.5,220.0,288.0,41612.0,2056.0,False,False
2603,2022-10-26 09:43:21.729837,-0.007407407407407418,0.0,-1.0,0.0,134.5,135.0,134.0,134.5,175.0,288.0,41612.0,2056.0,False,False
2603,2022-10-26 09:43:21.835050,-0.007407407407407418,0.0,-1.0,0.0,134.5,135.0,134.0,134.5,175.0,297.0,41612.0,2056.0,False,False
2603,2022-10-26 09:43:21.936866,-0.007407407407407418,0.0,-1.0,0.0,134.5,135.0,134.0,134.5,175.0,299.0,41612.0,2056.0,False,False
2603,2022-10-26 09:43:22.028505,-0.007407407407407418,0.0,-1.0,0.0,134.5,135.0,134.0,134.5,175.0,299.0,41612.0,2056.0,False,False
2603,2022-10-26 09:43:22.263595,-0.007407407407407418,0.0,-1.0,0.0,134.5,135.0,134.0,134.5,175.0,299.0,41612.0,2056.0,False,False
2603,2022-10-26 09:43:22.291443,-0.007407407407407418,0.0,-1.0,0.0,134.5,135.0,134.0,134.5,175.0,303.0,41612.0,2056.0,False,False
2603,2022-10-26 09:43:22.513204,-0.007407407407407418,0.0,-1.0,0.0,134.5,135.0,134.0,134.5,175.0,303.0,41612.0,2056.0,False,False
2603,2022-10-26 09:43:23.050324,-0.007407407407407418,0.0,-1.0,0.0,134.5,135.0,134.0,134.5,176.0,303.0,41612.0,2056.0,False,False
2603,2022-10-26 09:43:23.175484,-0.007407407407407418,0.0,-1.0,0.0,134.5,135.0,134.0,134.5,176.0,303.0,41612.0,2056.0,False,False
2603,2022-10-26 09:43:23.249236,-0.007407407407407418,0.0,-1.0,0.0,134.5,135.0,134.0,134.5,176.0,303.0,41612.0,2056.0,False,False
2603,2022-10-26 09:43:23.281322,-0.007407407407407418,0.0,-1.0,0.0,134.5,135.0,134.0,134.5,176.0,303.0,41612.0,2056.0,False,False
2603,2022-10-26 09:43:23.815370,-0.007407407407407418,0.0,-1.0,0.0,134.5,135.0,134.0,134.5,176.0,303.0,41612.0,2056.0,False,False
2603,2022-10-26 09:43:24.007818,-0.007407407407407418,0.0,-1.0,0.0,134.5,135.0,134.0,134.5,176.0,303.0,41612.0,2056.0,False,False
2603,2022-10-26 09:43:24.592473,-0.007407407407407418,0.0,-1.0,0.0,134.5,135.0,134.0,134.5,176.0,313.0,41612.0,2056.0,False,False
2603,2022-10-26 09:43:24.925017,-0.007407407407407418,0.0,-1.0,0.0,134.5,135.0,134.0,134.5,176.0,313.0,41612.0,2056.0,False,False
2603,2022-10-26 09:43:25.075810,-0.007407407407407418,0.0,-1.0,0.0,134.5,135.0,134.0,134.5,176.0,313.0,41612.0,2056.0,False,False
2603,2022-10-26 09:43:25.301174,-0.007407407407407418,0.0,-1.0,0.0,134.5,135.0,134.0,134.5,176.0,313.0,41612.0,2056.0,False,False
2603,2022-10-26 09:43:25.561741,-0.007407407407407418,0.0,-1.0,0.0,134.5,135.0,134.0,134.5,176.0,313.0,41612.0,2056.0,False,False
2603,2022-10-26 09:43:26.213616,-0.0037037037037036535,-0.0037037037037036535,-0.5,-0.5,134.5,135.0,134.5,135.0,176.0,313.0,2959.0,8948.0,True,True
2603,2022-10-26 09:43:26.206017,-0.0037037037037036535,-0.0037037037037036535,-0.5,-0.5,134.5,135.0,134.5,135.0,176.0,313.0,2959.0,8948.0,False,False
2603,2022-10-26 09:43:27.035880,-0.0037037037037036535,-0.0037037037037036535,-0.5,-0.5,134.5,135.0,134.5,135.0,176.0,313.0,2959.0,8948.0,False,False
2603,2022-10-26 09:43:27.259105,-0.0037037037037036535,-0.0037037037037036535,-0.5,-0.5,134.5,135.0,134.5,135.0,175.0,313.0,2959.0,8948.0,False,False
2603,2022-10-26 09:43:27.317944,-0.0037037037037036535,-0.0037037037037036535,-0.5,-0.5,134.5,135.0,134.5,135.0,175.0,313.0,2959.0,8948.0,False,False
2603,2022-10-26 09:43:27.508910,-0.0037037037037036535,-0.0037037037037036535,-0.5,-0.5,134.5,135.0,134.5,135.0,175.0,313.0,2959.0,8948.0,False,False
2603,2022-10-26 09:43:28.500239,-0.0037037037037036535,-0.0037037037037036535,-0.5,-0.5,134.5,135.0,134.5,135.0,175.0,313.0,2959.0,8948.0,False,False
2603,2022-10-26 09:43:28.646959,-0.0037037037037036535,-0.0037037037037036535,-0.5,-0.5,134.5,135.0,134.5,135.0,175.0,312.0,2959.0,8948.0,False,False
2603,2022-10-26 09:43:29.080844,-0.0037037037037036535,-0.0037037037037036535,-0.5,-0.5,134.5,135.0,134.5,135.0,175.0,312.0,2959.0,8948.0,False,False
2603,2022-10-26 09:43:29.154889,-0.0037037037037036535,-0.0037037037037036535,-0.5,-0.5,134.5,135.0,134.5,135.0,175.0,312.0,2959.0,8948.0,False,False
2603,2022-10-26 09:43:30.116895,-0.0037037037037036535,-0.0037037037037036535,-0.5,-0.5,134.5,135.0,134.5,135.0,175.0,312.0,2959.0,8948.0,False,False
2603,2022-10-26 09:43:30.158164,-0.0037037037037036535,-0.0037037037037036535,-0.5,-0.5,134.5,135.0,134.5,135.0,175.0,303.0,2959.0,8948.0,False,False
2603,2022-10-26 09:43:30.290274,-0.0037037037037036535,-0.0037037037037036535,-0.5,-0.5,134.5,135.0,134.5,135.0,173.0,299.0,2959.0,8948.0,False,False
2603,2022-10-26 09:43:30.368857,-0.0037037037037036535,-0.0037037037037036535,-0.5,-0.5,134.5,135.0,134.5,135.0,173.0,297.0,2959.0,8948.0,False,False
2603,2022-10-26 09:43:30.485527,-0.0037037037037036535,-0.0037037037037036535,-0.5,-0.5,134.5,135.0,134.5,135.0,173.0,297.0,2959.0,8948.0,False,False
2603,2022-10-26 09:43:30.748850,-0.0037037037037036535,-0.0037037037037036535,-0.5,-0.5,134.5,135.0,134.5,135.0,173.0,297.0,2959.0,8948.0,False,False
2603,2022-10-26 09:43:31.586854,-0.0037037037037036535,-0.0037037037037036535,-0.5,-0.5,134.5,135.0,134.5,135.0,183.0,297.0,2959.0,8948.0,False,False
2603,2022-10-26 09:43:31.801901,-0.0037037037037036535,-0.0037037037037036535,-0.5,-0.5,134.5,135.0,134.5,135.0,183.0,295.0,2959.0,8948.0,False,False
2603,2022-10-26 09:43:32.209138,-0.0037037037037036535,-0.0037037037037036535,-0.5,-0.5,134.5,135.0,134.5,135.0,183.0,290.0,2959.0,8948.0,False,False
2603,2022-10-26 09:43:32.218144,-0.0037037037037036535,-0.0037037037037036535,-0.5,-0.5,134.5,135.0,134.5,135.0,212.0,290.0,2959.0,8948.0,False,False
2603,2022-10-26 09:43:32.280910,-0.0037037037037036535,-0.0037037037037036535,-0.5,-0.5,134.5,135.0,134.5,135.0,212.0,290.0,2959.0,8948.0,False,False
2603,2022-10-26 09:43:32.605193,-0.0037037037037036535,-0.0037037037037036535,-0.5,-0.5,134.5,135.0,134.5,135.0,212.0,286.0,2959.0,8948.0,False,False
2603,2022-10-26 09:43:32.645948,-0.0037037037037036535,-0.0037037037037036535,-0.5,-0.5,134.5,135.0,134.5,135.0,214.0,286.0,2959.0,8948.0,False,False
2603,2022-10-26 09:43:33.357573,-0.0037037037037036535,-0.0037037037037036535,-0.5,-0.5,134.5,135.0,134.5,135.0,220.0,286.0,2959.0,8948.0,False,False
2603,2022-10-26 09:43:33.385622,-0.0037037037037036535,-0.0037037037037036535,-0.5,-0.5,134.5,135.0,134.5,135.0,220.0,286.0,2959.0,8948.0,False,False
2603,2022-10-26 09:43:33.575424,-0.0037037037037036535,-0.0037037037037036535,-0.5,-0.5,134.5,135.0,134.5,135.0,223.0,286.0,2959.0,8948.0,False,False
2603,2022-10-26 09:43:33.792423,-0.0037037037037036535,-0.0037037037037036535,-0.5,-0.5,134.5,135.0,134.5,135.0,223.0,286.0,2959.0,8948.0,False,False
2603,2022-10-26 09:43:33.795074,-0.0037037037037036535,-0.0037037037037036535,-0.5,-0.5,134.5,135.0,134.5,135.0,223.0,286.0,2959.0,8948.0,False,False
2603,2022-10-26 09:43:34.086358,-0.0037037037037036535,-0.0037037037037036535,-0.5,-0.5,134.5,135.0,134.5,135.0,224.0,286.0,2959.0,8948.0,False,False
2603,2022-10-26 09:43:34.182449,-0.0037037037037036535,-0.0037037037037036535,-0.5,-0.5,134.5,135.0,134.5,135.0,222.0,286.0,2959.0,8948.0,False,False
2603,2022-10-26 09:43:34.514957,-0.0037037037037036535,-0.0037037037037036535,-0.5,-0.5,134.5,135.0,134.5,135.0,222.0,286.0,2959.0,8948.0,False,False
2603,2022-10-26 09:43:34.550421,-0.0037037037037036535,-0.0037037037037036535,-0.5,-0.5,134.5,135.0,134.5,135.0,222.0,286.0,2959.0,8948.0,False,False
2603,2022-10-26 09:43:34.883441,-0.0037037037037036535,-0.0037037037037036535,-0.5,-0.5,134.5,135.0,134.5,135.0,222.0,286.0,2959.0,8948.0,False,False
2603,2022-10-26 09:43:35.373177,-0.0037037037037036535,-0.0037037037037036535,-0.5,-0.5,134.5,135.0,134.5,135.0,222.0,286.0,2959.0,8948.0,False,False
2603,2022-10-26 09:43:36.114612,-0.0037037037037036535,-0.0037037037037036535,-0.5,-0.5,134.5,135.0,134.5,135.0,222.0,285.0,2959.0,8948.0,False,False
2603,2022-10-26 09:43:36.253652,-0.0037037037037036535,-0.0037037037037036535,-0.5,-0.5,134.5,135.0,134.5,135.0,222.0,285.0,2959.0,6948.0,True,True
2603,2022-10-26 09:43:36.320236,-0.0037037037037036535,-0.0037037037037036535,-0.5,-0.5,134.5,135.0,134.5,135.0,222.0,285.0,2959.0,6948.0,False,False
2603,2022-10-26 09:43:36.552276,-0.0037037037037036535,-0.0037037037037036535,-0.5,-0.5,134.5,135.0,134.5,135.0,222.0,285.0,2959.0,6948.0,False,False
2603,2022-10-26 09:43:37.166373,-0.0037037037037036535,-0.0037037037037036535,-0.5,-0.5,134.5,135.0,134.5,135.0,222.0,285.0,2959.0,6948.0,False,False
2603,2022-10-26 09:43:37.752646,-0.0037037037037036535,-0.0037037037037036535,-0.5,-0.5,134.5,135.0,134.5,135.0,222.0,284.0,2959.0,6948.0,False,False
2603,2022-10-26 09:43:38.521654,-0.0037037037037036535,-0.0037037037037036535,-0.5,-0.5,134.5,135.0,134.5,135.0,222.0,285.0,2959.0,6948.0,False,False
2603,2022-10-26 09:43:38.719866,-0.0037037037037036535,-0.0037037037037036535,-0.5,-0.5,134.5,135.0,134.5,135.0,222.0,286.0,2959.0,6948.0,False,False
2603,2022-10-26 09:43:38.907706,-0.0037037037037036535,-0.0037037037037036535,-0.5,-0.5,134.5,135.0,134.5,135.0,222.0,286.0,2959.0,6948.0,False,False
2603,2022-10-26 09:43:39.292066,-0.0037037037037036535,-0.0037037037037036535,-0.5,-0.5,134.5,135.0,134.5,135.0,222.0,286.0,2959.0,6948.0,False,False
2603,2022-10-26 09:43:39.492488,-0.0037037037037036535,-0.0037037037037036535,-0.5,-0.5,134.5,135.0,134.5,135.0,221.0,286.0,2959.0,6948.0,False,False
2603,2022-10-26 09:43:40.482549,-0.0037037037037036535,-0.0037037037037036535,-0.5,-0.5,134.5,135.0,134.5,135.0,221.0,286.0,2959.0,6948.0,False,False
2603,2022-10-26 09:43:40.482602,-0.0037037037037036535,-0.0037037037037036535,-0.5,-0.5,134.5,135.0,134.5,135.0,221.0,286.0,2959.0,6948.0,False,False
2603,2022-10-26 09:43:41.337158,-0.0037037037037036535,-0.0037037037037036535,-0.5,-0.5,134.5,135.0,134.5,135.0,221.0,286.0,2959.0,6948.0,False,False
2603,2022-10-26 09:43:41.476145,-0.0037037037037036535,-0.0037037037037036535,-0.5,-0.5,134.5,135.0,134.5,135.0,221.0,286.0,2959.0,6948.0,False,False
2603,2022-10-26 09:43:41.483758,-0.0037037037037036535,-0.0037037037037036535,-0.5,-0.5,134.5,135.0,134.5,135.0,223.0,286.0,2959.0,6948.0,False,False
2603,2022-10-26 09:43:44.241650,-0.0037037037037036535,-0.0037037037037036535,-0.5,-0.5,134.5,135.0,134.5,135.0,223.0,286.0,2959.0,6948.0,False,False
2603,2022-10-26 09:43:44.327615,-0.0037037037037036535,-0.0037037037037036535,-0.5,-0.5,134.5,135.0,134.5,135.0,223.0,287.0,2959.0,6948.0,False,False
2603,2022-10-26 09:43:44.475164,-0.0037037037037036535,-0.0037037037037036535,-0.5,-0.5,134.5,135.0,134.5,135.0,223.0,287.0,2959.0,6948.0,False,False
2603,2022-10-26 09:43:44.608946,-0.0037037037037036535,-0.0037037037037036535,-0.5,-0.5,134.5,135.0,134.5,135.0,223.0,287.0,2959.0,6948.0,False,False
2603,2022-10-26 09:43:45.000012,-0.0037037037037036535,-0.0037037037037036535,-0.5,-0.5,134.5,135.0,134.5,135.0,217.0,287.0,2959.0,6948.0,False,False
2603,2022-10-26 09:43:45.055856,-0.0037037037037036535,-0.0037037037037036535,-0.5,-0.5,134.5,135.0,134.5,135.0,217.0,287.0,2959.0,6948.0,False,False
2603,2022-10-26 09:43:45.248841,-0.0037037037037036535,-0.0037037037037036535,-0.5,-0.5,134.5,135.0,134.5,135.0,216.0,287.0,2959.0,6948.0,False,False
2603,2022-10-26 09:43:46.160641,-0.0037037037037036535,-0.0037037037037036535,-0.5,-0.5,134.5,135.0,134.5,135.0,216.0,286.0,2959.0,6948.0,False,False
2603,2022-10-26 09:43:46.295931,-0.0037037037037036535,-0.0037037037037036535,-0.5,-0.5,134.5,135.0,134.5,135.0,216.0,286.0,2998.0,6948.0,True,True
2603,2022-10-26 09:43:46.561475,-0.0037037037037036535,-0.0037037037037036535,-0.5,-0.5,134.5,135.0,134.5,135.0,216.0,286.0,2998.0,6948.0,False,False
2603,2022-10-26 09:43:47.172364,-0.0037037037037036535,-0.0037037037037036535,-0.5,-0.5,134.5,135.0,134.5,135.0,217.0,286.0,2998.0,6948.0,False,False
2603,2022-10-26 09:43:49.603124,-0.0037037037037036535,-0.0037037037037036535,-0.5,-0.5,134.5,135.0,134.5,135.0,217.0,286.0,2998.0,6948.0,False,False
2603,2022-10-26 09:43:50.666057,-0.0037037037037036535,-0.0037037037037036535,-0.5,-0.5,134.5,135.0,134.5,135.0,217.0,286.0,2998.0,6948.0,False,False
2603,2022-10-26 09:43:51.066851,-0.0037037037037036535,-0.0037037037037036535,-0.5,-0.5,134.5,135.0,134.5,135.0,217.0,286.0,2998.0,6948.0,False,False
2603,2022-10-26 09:43:53.344259,-0.0037037037037036535,-0.0037037037037036535,-0.5,-0.5,134.5,135.0,134.5,135.0,217.0,286.0,2998.0,6948.0,False,False
2603,2022-10-26 09:43:53.468451,-0.0037037037037036535,-0.0037037037037036535,-0.5,-0.5,134.5,135.0,134.5,135.0,218.0,280.0,2998.0,6948.0,False,False
2603,2022-10-26 09:43:54.040047,-0.0037037037037036535,-0.0037037037037036535,-0.5,-0.5,134.5,135.0,134.5,135.0,219.0,280.0,2998.0,6948.0,False,False
2603,2022-10-26 09:43:54.105424,-0.0037037037037036535,-0.0037037037037036535,-0.5,-0.5,134.5,135.0,134.5,135.0,219.0,280.0,2998.0,6948.0,False,False
2603,2022-10-26 09:43:54.491178,-0.0037037037037036535,-0.0037037037037036535,-0.5,-0.5,134.5,135.0,134.5,135.0,220.0,280.0,2998.0,6948.0,False,False
2603,2022-10-26 09:43:54.588015,-0.0037037037037036535,-0.0037037037037036535,-0.5,-0.5,134.5,135.0,134.5,135.0,220.0,280.0,2998.0,6948.0,False,False
2603,2022-10-26 09:43:54.625583,-0.0037037037037036535,-0.0037037037037036535,-0.5,-0.5,134.5,135.0,134.5,135.0,220.0,280.0,2998.0,6948.0,False,False
2603,2022-10-26 09:43:54.817832,-0.0037037037037036535,-0.0037037037037036535,-0.5,-0.5,134.5,135.0,134.5,135.0,220.0,280.0,2998.0,6948.0,False,False
2603,2022-10-26 09:43:54.945649,-0.0037037037037036535,-0.0037037037037036535,-0.5,-0.5,134.5,135.0,134.5,135.0,221.0,280.0,2998.0,6948.0,False,False
2603,2022-10-26 09:43:54.974528,-0.0037037037037036535,-0.0037037037037036535,-0.5,-0.5,134.5,135.0,134.5,135.0,221.0,280.0,2998.0,6948.0,False,False
2603,2022-10-26 09:43:55.707843,-0.0037037037037036535,-0.0037037037037036535,-0.5,-0.5,134.5,135.0,134.5,135.0,221.0,280.0,2998.0,6948.0,False,False
2603,2022-10-26 09:43:56.002260,-0.0037037037037036535,-0.0037037037037036535,-0.5,-0.5,134.5,135.0,134.5,135.0,221.0,270.0,2998.0,6948.0,False,False
2603,2022-10-26 09:43:56.338181,-0.0037037037037036535,-0.0037037037037036535,-0.5,-0.5,134.5,135.0,134.5,135.0,221.0,270.0,3185.0,6928.0,True,True
2603,2022-10-26 09:43:56.457196,-0.0037037037037036535,-0.0037037037037036535,-0.5,-0.5,134.5,135.0,134.5,135.0,221.0,270.0,3185.0,6928.0,False,False
2603,2022-10-26 09:43:56.664712,-0.0037037037037036535,-0.0037037037037036535,-0.5,-0.5,134.5,135.0,134.5,135.0,223.0,270.0,3185.0,6928.0,False,False
2603,2022-10-26 09:43:56.699859,-0.0037037037037036535,-0.0037037037037036535,-0.5,-0.5,134.5,135.0,134.5,135.0,224.0,270.0,3185.0,6928.0,False,False
2603,2022-10-26 09:43:57.703864,-0.0037037037037036535,-0.0037037037037036535,-0.5,-0.5,134.5,135.0,134.5,135.0,224.0,270.0,3185.0,6928.0,False,False
2603,2022-10-26 09:43:58.261151,-0.0037037037037036535,-0.0037037037037036535,-0.5,-0.5,134.5,135.0,134.5,135.0,224.0,270.0,3185.0,6928.0,False,False
2603,2022-10-26 09:43:58.700536,-0.0037037037037036535,-0.0037037037037036535,-0.5,-0.5,134.5,135.0,134.5,135.0,224.0,290.0,3185.0,6928.0,False,False
2603,2022-10-26 09:43:59.912417,-0.0037037037037036535,-0.0037037037037036535,-0.5,-0.5,134.5,135.0,134.5,135.0,224.0,290.0,3185.0,6928.0,False,False
2603,2022-10-26 09:44:00.148477,-0.0037037037037036535,-0.0037037037037036535,-0.5,-0.5,134.5,135.0,134.5,135.0,224.0,290.0,3185.0,6928.0,False,False
2603,2022-10-26 09:44:00.767848,-0.0037037037037036535,-0.0037037037037036535,-0.5,-0.5,134.5,135.0,134.5,135.0,224.0,289.0,3185.0,6928.0,False,False
2603,2022-10-26 09:44:00.888707,-0.0037037037037036535,-0.0037037037037036535,-0.5,-0.5,134.5,135.0,134.5,135.0,225.0,289.0,3185.0,6928.0,False,False
2603,2022-10-26 09:44:02.901673,-0.0037037037037036535,-0.0037037037037036535,-0.5,-0.5,134.5,135.0,134.5,135.0,227.0,289.0,3185.0,6928.0,False,False
2603,2022-10-26 09:44:03.046153,-0.0037037037037036535,-0.0037037037037036535,-0.5,-0.5,134.5,135.0,134.5,135.0,227.0,289.0,3185.0,6928.0,False,False
2603,2022-10-26 09:44:03.156856,-0.0037037037037036535,-0.0037037037037036535,-0.5,-0.5,134.5,135.0,134.5,135.0,228.0,289.0,3185.0,6928.0,False,False
2603,2022-10-26 09:44:03.237653,-0.0037037037037036535,-0.0037037037037036535,-0.5,-0.5,134.5,135.0,134.5,135.0,228.0,289.0,3185.0,6928.0,False,False
2603,2022-10-26 09:44:03.583929,-0.0037037037037036535,-0.0037037037037036535,-0.5,-0.5,134.5,135.0,134.5,135.0,228.0,289.0,3185.0,6928.0,False,False
2603,2022-10-26 09:44:03.682757,-0.0037037037037036535,-0.0037037037037036535,-0.5,-0.5,134.5,135.0,134.5,135.0,229.0,289.0,3185.0,6928.0,False,False
2603,2022-10-26 09:44:03.982933,-0.0037037037037036535,-0.0037037037037036535,-0.5,-0.5,134.5,135.0,134.5,135.0,229.0,289.0,3185.0,6928.0,False,False
2603,2022-10-26 09:44:04.566027,-0.0037037037037036535,-0.0037037037037036535,-0.5,-0.5,134.5,135.0,134.5,135.0,229.0,289.0,3185.0,6928.0,False,False
2603,2022-10-26 09:44:04.727394,-0.0037037037037036535,-0.0037037037037036535,-0.5,-0.5,134.5,135.0,134.5,135.0,229.0,289.0,3185.0,6928.0,False,False
2603,2022-10-26 09:44:04.777243,-0.0037037037037036535,-0.0037037037037036535,-0.5,-0.5,134.5,135.0,134.5,135.0,229.0,289.0,3185.0,6928.0,False,False
2603,2022-10-26 09:44:05.939832,-0.0037037037037036535,-0.0037037037037036535,-0.5,-0.5,134.5,135.0,134.5,135.0,231.0,289.0,3185.0,6928.0,False,False
2603,2022-10-26 09:44:05.992314,-0.0037037037037036535,-0.0037037037037036535,-0.5,-0.5,134.5,135.0,134.5,135.0,231.0,289.0,3185.0,6928.0,False,False
2603,2022-10-26 09:44:06.381339,-0.0037037037037036535,-0.0037037037037036535,-0.5,-0.5,134.5,135.0,134.5,135.0,231.0,289.0,3390.0,6928.0,True,True
2603,2022-10-26 09:44:06.521285,-0.0037037037037036535,-0.0037037037037036535,-0.5,-0.5,134.5,135.0,134.5,135.0,231.0,289.0,3390.0,6928.0,False,False
2603,2022-10-26 09:44:06.738436,-0.0037037037037036535,-0.0037037037037036535,-0.5,-0.5,134.5,135.0,134.5,135.0,231.0,291.0,3390.0,6928.0,False,False
2603,2022-10-26 09:44:06.778128,-0.0037037037037036535,-0.0037037037037036535,-0.5,-0.5,134.5,135.0,134.5,135.0,232.0,298.0,3390.0,6928.0,False,False
2603,2022-10-26 09:44:07.807296,-0.0037037037037036535,-0.0037037037037036535,-0.5,-0.5,134.5,135.0,134.5,135.0,232.0,298.0,3390.0,6928.0,False,False
2603,2022-10-26 09:44:08.007214,-0.0037037037037036535,-0.0037037037037036535,-0.5,-0.5,134.5,135.0,134.5,135.0,232.0,298.0,3390.0,6928.0,False,False
2603,2022-10-26 09:44:09.923328,-0.0037037037037036535,-0.0037037037037036535,-0.5,-0.5,134.5,135.0,134.5,135.0,230.0,298.0,3390.0,6928.0,False,False
2603,2022-10-26 09:44:10.165925,-0.0037037037037036535,-0.0037037037037036535,-0.5,-0.5,134.5,135.0,134.5,135.0,230.0,298.0,3390.0,6928.0,False,False
2603,2022-10-26 09:44:10.615670,-0.0037037037037036535,-0.0037037037037036535,-0.5,-0.5,134.5,135.0,134.5,135.0,230.0,298.0,3390.0,6928.0,False,False
2603,2022-10-26 09:44:10.919455,-0.0037037037037036535,-0.0037037037037036535,-0.5,-0.5,134.5,135.0,134.5,135.0,230.0,298.0,3390.0,6928.0,False,False
2603,2022-10-26 09:44:11.031085,-0.0037037037037036535,-0.0037037037037036535,-0.5,-0.5,134.5,135.0,134.5,135.0,230.0,298.0,3390.0,6928.0,False,False
2603,2022-10-26 09:44:13.516363,-0.0037037037037036535,-0.0037037037037036535,-0.5,-0.5,134.5,135.0,134.5,135.0,230.0,298.0,3390.0,6928.0,False,False
2603,2022-10-26 09:44:13.725980,-0.0037037037037036535,-0.0037037037037036535,-0.5,-0.5,134.5,135.0,134.5,135.0,230.0,296.0,3390.0,6928.0,False,False
2603,2022-10-26 09:44:13.869153,-0.0037037037037036535,-0.0037037037037036535,-0.5,-0.5,134.5,135.0,134.5,135.0,230.0,296.0,3390.0,6928.0,False,False
2603,2022-10-26 09:44:14.224328,-0.0037037037037036535,-0.0037037037037036535,-0.5,-0.5,134.5,135.0,134.5,135.0,230.0,296.0,3390.0,6928.0,False,False
2603,2022-10-26 09:44:14.784049,-0.0037037037037036535,-0.0037037037037036535,-0.5,-0.5,134.5,135.0,134.5,135.0,232.0,296.0,3390.0,6928.0,False,False
2603,2022-10-26 09:44:14.829915,-0.0037037037037036535,-0.0037037037037036535,-0.5,-0.5,134.5,135.0,134.5,135.0,233.0,296.0,3390.0,6928.0,False,False
2603,2022-10-26 09:44:16.421643,-0.0037037037037036535,-0.0037037037037036535,-0.5,-0.5,134.5,135.0,134.5,135.0,233.0,296.0,3650.0,6928.0,True,True
2603,2022-10-26 09:44:17.031382,-0.0037037037037036535,-0.0037037037037036535,-0.5,-0.5,134.5,135.0,134.5,135.0,233.0,296.0,3650.0,6928.0,False,False
2603,2022-10-26 09:44:18.248518,-0.0037037037037036535,-0.0037037037037036535,-0.5,-0.5,134.5,135.0,134.5,135.0,232.0,296.0,3650.0,6928.0,False,False
2603,2022-10-26 09:44:18.607709,-0.0037037037037036535,-0.0037037037037036535,-0.5,-0.5,134.5,135.0,134.5,135.0,232.0,296.0,3650.0,6928.0,False,False
2603,2022-10-26 09:44:18.848756,-0.0037037037037036535,-0.0037037037037036535,-0.5,-0.5,134.5,135.0,134.5,135.0,232.0,296.0,3650.0,6928.0,False,False
2603,2022-10-26 09:44:19.067200,-0.0037037037037036535,-0.0037037037037036535,-0.5,-0.5,134.5,135.0,134.5,135.0,232.0,295.0,3650.0,6928.0,False,False
2603,2022-10-26 09:44:19.451100,-0.0037037037037036535,-0.0037037037037036535,-0.5,-0.5,134.5,135.0,134.5,135.0,232.0,295.0,3650.0,6928.0,False,False
2603,2022-10-26 09:44:20.047731,-0.0037037037037036535,-0.0037037037037036535,-0.5,-0.5,134.5,135.0,134.5,135.0,232.0,295.0,3650.0,6928.0,False,False
