symbol,datetime,NaOb_r,NbOa_r,NaOb_s,NbOa_s,bid1,ask1,odd_bid1,odd_ask1,bidQty1,askQty1,odd_bidQty1,odd_askQty1,simulate,triggerbyOdd
2887,2022-10-26 09:39:27.886381,-0.007547169811320753,0.0,-0.09999999999999964,0.0,13.2,13.25,13.15,13.2,345.0,546.0,6563.0,1688.0,True,True
2887,2022-10-26 09:39:28.601254,-0.007547169811320753,0.0,-0.09999999999999964,0.0,13.2,13.25,13.15,13.2,345.0,547.0,6563.0,1688.0,False,False
2887,2022-10-26 09:39:31.173388,-0.007547169811320753,0.0,-0.09999999999999964,0.0,13.2,13.25,13.15,13.2,345.0,547.0,6563.0,1688.0,False,False
2887,2022-10-26 09:39:31.556099,-0.007547169811320753,0.0,-0.09999999999999964,0.0,13.2,13.25,13.15,13.2,345.0,547.0,6563.0,1688.0,False,False
2887,2022-10-26 09:39:33.182288,-0.007547169811320753,0.0,-0.09999999999999964,0.0,13.2,13.25,13.15,13.2,345.0,547.0,6563.0,1688.0,False,False
2887,2022-10-26 09:39:34.381722,-0.007547169811320753,0.0,-0.09999999999999964,0.0,13.2,13.25,13.15,13.2,345.0,548.0,6563.0,1688.0,False,False
2887,2022-10-26 09:39:36.837589,-0.007547169811320753,0.0,-0.09999999999999964,0.0,13.2,13.25,13.15,13.2,345.0,558.0,6563.0,1688.0,False,False
2887,2022-10-26 09:39:37.280901,-0.007547169811320753,0.0,-0.09999999999999964,0.0,13.2,13.25,13.15,13.2,345.0,558.0,6563.0,1688.0,False,False
2887,2022-10-26 09:39:37.916571,-0.007547169811320753,0.0,-0.09999999999999964,0.0,13.2,13.25,13.15,13.2,345.0,558.0,6563.0,2465.0,True,True
2887,2022-10-26 09:39:38.080588,-0.007547169811320753,0.0,-0.09999999999999964,0.0,13.2,13.25,13.15,13.2,345.0,558.0,6563.0,2465.0,False,False
2887,2022-10-26 09:39:38.636465,-0.007547169811320753,0.0,-0.09999999999999964,0.0,13.2,13.25,13.15,13.2,344.0,558.0,6563.0,2465.0,False,False
2887,2022-10-26 09:39:38.683945,-0.007547169811320753,0.0,-0.09999999999999964,0.0,13.2,13.25,13.15,13.2,311.0,558.0,6563.0,2465.0,False,False
2887,2022-10-26 09:39:39.209020,-0.007547169811320753,0.0,-0.09999999999999964,0.0,13.2,13.25,13.15,13.2,311.0,558.0,6563.0,2465.0,False,False
2887,2022-10-26 09:39:42.957846,-0.007547169811320753,0.0,-0.09999999999999964,0.0,13.2,13.25,13.15,13.2,311.0,558.0,6563.0,2465.0,False,False
2887,2022-10-26 09:39:53.063780,-0.007547169811320753,0.0,-0.09999999999999964,0.0,13.2,13.25,13.15,13.2,312.0,558.0,6563.0,2465.0,False,False
2887,2022-10-26 09:40:01.026383,-0.007547169811320753,0.0,-0.09999999999999964,0.0,13.2,13.25,13.15,13.2,310.0,558.0,6563.0,2465.0,False,False
2887,2022-10-26 09:40:01.723938,-0.007547169811320753,0.0,-0.09999999999999964,0.0,13.2,13.25,13.15,13.2,310.0,577.0,6563.0,2465.0,False,False
2887,2022-10-26 09:40:01.764322,-0.007547169811320753,0.0,-0.09999999999999964,0.0,13.2,13.25,13.15,13.2,290.0,577.0,6563.0,2465.0,False,False
2887,2022-10-26 09:40:01.764358,-0.007547169811320753,0.0,-0.09999999999999964,0.0,13.2,13.25,13.15,13.2,290.0,597.0,6563.0,2465.0,False,False
2887,2022-10-26 09:40:02.234291,-0.007547169811320753,0.0,-0.09999999999999964,0.0,13.2,13.25,13.15,13.2,290.0,597.0,6563.0,2465.0,False,False
2887,2022-10-26 09:40:05.189312,-0.007547169811320753,0.0,-0.09999999999999964,0.0,13.2,13.25,13.15,13.2,213.0,597.0,6563.0,2465.0,False,False
2887,2022-10-26 09:40:05.580195,-0.007547169811320753,0.0,-0.09999999999999964,0.0,13.2,13.25,13.15,13.2,213.0,597.0,6563.0,2465.0,False,False
2887,2022-10-26 09:40:06.179791,-0.007547169811320753,0.0,-0.09999999999999964,0.0,13.2,13.25,13.15,13.2,213.0,597.0,6563.0,2465.0,False,False
2887,2022-10-26 09:40:06.213979,-0.007547169811320753,0.0,-0.09999999999999964,0.0,13.2,13.25,13.15,13.2,160.0,597.0,6563.0,2465.0,False,False
2887,2022-10-26 09:40:07.522382,-0.007547169811320753,0.0,-0.09999999999999964,0.0,13.2,13.25,13.15,13.2,160.0,597.0,8460.0,2365.0,False,True
2887,2022-10-26 09:40:09.366319,-0.007547169811320753,0.0,-0.09999999999999964,0.0,13.2,13.25,13.15,13.2,170.0,597.0,8460.0,2365.0,False,False
2887,2022-10-26 09:40:12.553869,-0.007547169811320753,0.0,-0.09999999999999964,0.0,13.2,13.25,13.15,13.2,169.0,597.0,8460.0,2365.0,False,False
2887,2022-10-26 09:40:14.463251,-0.007547169811320753,0.0,-0.09999999999999964,0.0,13.2,13.25,13.15,13.2,169.0,596.0,8460.0,2365.0,False,False
2887,2022-10-26 09:40:14.494390,-0.007547169811320753,0.0,-0.09999999999999964,0.0,13.2,13.25,13.15,13.2,264.0,596.0,8460.0,2365.0,False,False
2887,2022-10-26 09:40:17.593793,-0.007547169811320753,0.0,-0.09999999999999964,0.0,13.2,13.25,13.15,13.2,264.0,596.0,8460.0,2414.0,True,True
2887,2022-10-26 09:40:20.384872,-0.007547169811320753,0.0,-0.09999999999999964,0.0,13.2,13.25,13.15,13.2,264.0,597.0,8460.0,2414.0,False,False
2887,2022-10-26 09:40:20.414409,-0.007547169811320753,0.0,-0.09999999999999964,0.0,13.2,13.25,13.15,13.2,169.0,597.0,8460.0,2414.0,False,False
2887,2022-10-26 09:40:21.211249,-0.007547169811320753,0.0,-0.09999999999999964,0.0,13.2,13.25,13.15,13.2,169.0,597.0,8460.0,2414.0,False,False
2887,2022-10-26 09:40:21.415305,-0.007547169811320753,0.0,-0.09999999999999964,0.0,13.2,13.25,13.15,13.2,169.0,597.0,8460.0,2414.0,False,False
2887,2022-10-26 09:40:23.473646,-0.007547169811320753,0.0,-0.09999999999999964,0.0,13.2,13.25,13.15,13.2,169.0,597.0,8460.0,2414.0,False,False
2887,2022-10-26 09:40:25.155143,-0.007547169811320753,0.0,-0.09999999999999964,0.0,13.2,13.25,13.15,13.2,169.0,596.0,8460.0,2414.0,False,False
2887,2022-10-26 09:40:25.471618,-0.007547169811320753,0.0,-0.09999999999999964,0.0,13.2,13.25,13.15,13.2,179.0,596.0,8460.0,2414.0,False,False
2887,2022-10-26 09:40:26.201813,-0.007547169811320753,0.0,-0.09999999999999964,0.0,13.2,13.25,13.15,13.2,179.0,596.0,8460.0,2414.0,False,False
2887,2022-10-26 09:40:26.724910,-0.007547169811320753,0.0,-0.09999999999999964,0.0,13.2,13.25,13.15,13.2,338.0,596.0,8460.0,2414.0,False,False
2887,2022-10-26 09:40:26.760899,-0.007547169811320753,0.0,-0.09999999999999964,0.0,13.2,13.25,13.15,13.2,358.0,596.0,8460.0,2414.0,False,False
2887,2022-10-26 09:40:27.652312,-0.007547169811320753,0.0,-0.09999999999999964,0.0,13.2,13.25,13.15,13.2,358.0,596.0,8460.0,2364.0,True,True
2887,2022-10-26 09:40:27.688383,-0.007547169811320753,0.0,-0.09999999999999964,0.0,13.2,13.25,13.15,13.2,199.0,596.0,8460.0,2364.0,False,False
2887,2022-10-26 09:40:27.726029,-0.007547169811320753,0.0,-0.09999999999999964,0.0,13.2,13.25,13.15,13.2,179.0,596.0,8460.0,2364.0,False,False
2887,2022-10-26 09:40:28.038537,-0.007547169811320753,0.0,-0.09999999999999964,0.0,13.2,13.25,13.15,13.2,179.0,595.0,8460.0,2364.0,False,False
2887,2022-10-26 09:40:28.472081,-0.007547169811320753,0.0,-0.09999999999999964,0.0,13.2,13.25,13.15,13.2,179.0,596.0,8460.0,2364.0,False,False
2887,2022-10-26 09:40:28.897296,-0.007547169811320753,0.0,-0.09999999999999964,0.0,13.2,13.25,13.15,13.2,177.0,596.0,8460.0,2364.0,False,False
2887,2022-10-26 09:40:34.090099,-0.007547169811320753,0.0,-0.09999999999999964,0.0,13.2,13.25,13.15,13.2,187.0,596.0,8460.0,2364.0,False,False
2887,2022-10-26 09:40:36.845135,-0.007547169811320753,0.0,-0.09999999999999964,0.0,13.2,13.25,13.15,13.2,187.0,596.0,8460.0,2364.0,False,False
2887,2022-10-26 09:40:40.924329,-0.007547169811320753,0.0,-0.09999999999999964,0.0,13.2,13.25,13.15,13.2,187.0,596.0,8460.0,2364.0,False,False
2887,2022-10-26 09:40:41.256503,-0.007547169811320753,0.0,-0.09999999999999964,0.0,13.2,13.25,13.15,13.2,187.0,596.0,8460.0,2364.0,False,False
2887,2022-10-26 09:40:42.953510,-0.007547169811320753,0.0,-0.09999999999999964,0.0,13.2,13.25,13.15,13.2,187.0,598.0,8460.0,2364.0,False,False
2887,2022-10-26 09:40:45.819682,-0.007547169811320753,0.0,-0.09999999999999964,0.0,13.2,13.25,13.15,13.2,188.0,598.0,8460.0,2364.0,False,False
2887,2022-10-26 09:40:45.820068,-0.007547169811320753,0.0,-0.09999999999999964,0.0,13.2,13.25,13.15,13.2,189.0,598.0,8460.0,2364.0,False,False
2887,2022-10-26 09:40:46.991893,-0.007547169811320753,0.0,-0.09999999999999964,0.0,13.2,13.25,13.15,13.2,189.0,598.0,8460.0,2364.0,False,False
2887,2022-10-26 09:40:50.027406,-0.007547169811320753,0.0,-0.09999999999999964,0.0,13.2,13.25,13.15,13.2,189.0,596.0,8460.0,2364.0,False,False
2887,2022-10-26 09:40:50.627449,-0.007547169811320753,0.0,-0.09999999999999964,0.0,13.2,13.25,13.15,13.2,189.0,595.0,8460.0,2364.0,False,False
2887,2022-10-26 09:40:53.225824,-0.007547169811320753,0.0,-0.09999999999999964,0.0,13.2,13.25,13.15,13.2,189.0,595.0,8460.0,2364.0,False,False
2887,2022-10-26 09:40:53.579168,-0.007547169811320753,0.0,-0.09999999999999964,0.0,13.2,13.25,13.15,13.2,190.0,595.0,8460.0,2364.0,False,False
2887,2022-10-26 09:40:55.683555,-0.007547169811320753,0.0,-0.09999999999999964,0.0,13.2,13.25,13.15,13.2,191.0,595.0,8460.0,2364.0,False,False
2887,2022-10-26 09:40:56.381422,-0.007547169811320753,0.0,-0.09999999999999964,0.0,13.2,13.25,13.15,13.2,199.0,595.0,8460.0,2364.0,False,False
2887,2022-10-26 09:40:57.786056,-0.007547169811320753,0.0,-0.09999999999999964,0.0,13.2,13.25,13.15,13.2,199.0,595.0,8460.0,2264.0,True,True
2887,2022-10-26 09:40:58.787982,-0.007547169811320753,0.0,-0.09999999999999964,0.0,13.2,13.25,13.15,13.2,199.0,595.0,8460.0,2264.0,False,False
2887,2022-10-26 09:41:07.038649,-0.007547169811320753,0.0,-0.09999999999999964,0.0,13.2,13.25,13.15,13.2,199.0,595.0,8460.0,2264.0,False,False
2887,2022-10-26 09:41:07.834466,-0.007547169811320753,0.0,-0.09999999999999964,0.0,13.2,13.25,13.15,13.2,199.0,595.0,8460.0,1764.0,True,True
2887,2022-10-26 09:41:08.819801,-0.007547169811320753,0.0,-0.09999999999999964,0.0,13.2,13.25,13.15,13.2,199.0,595.0,8460.0,1764.0,False,False
2887,2022-10-26 09:41:09.228422,-0.007547169811320753,0.0,-0.09999999999999964,0.0,13.2,13.25,13.15,13.2,199.0,594.0,8460.0,1764.0,False,False
2887,2022-10-26 09:41:11.426615,-0.007547169811320753,0.0,-0.09999999999999964,0.0,13.2,13.25,13.15,13.2,199.0,594.0,8460.0,1764.0,False,False
2887,2022-10-26 09:41:13.697378,-0.007547169811320753,0.0,-0.09999999999999964,0.0,13.2,13.25,13.15,13.2,199.0,594.0,8460.0,1764.0,False,False
2887,2022-10-26 09:41:15.824231,-0.007547169811320753,0.0,-0.09999999999999964,0.0,13.2,13.25,13.15,13.2,199.0,593.0,8460.0,1764.0,False,False
2887,2022-10-26 09:41:16.543141,-0.007547169811320753,0.0,-0.09999999999999964,0.0,13.2,13.25,13.15,13.2,199.0,593.0,8460.0,1764.0,False,False
2887,2022-10-26 09:41:17.627041,-0.007547169811320753,0.0,-0.09999999999999964,0.0,13.2,13.25,13.15,13.2,199.0,593.0,8460.0,1764.0,False,False
2887,2022-10-26 09:41:17.876210,-0.007547169811320753,0.0,-0.09999999999999964,0.0,13.2,13.25,13.15,13.2,199.0,593.0,8460.0,1715.0,True,True
2887,2022-10-26 09:41:21.166272,-0.007547169811320753,0.0,-0.09999999999999964,0.0,13.2,13.25,13.15,13.2,199.0,594.0,8460.0,1715.0,False,False
2887,2022-10-26 09:41:21.233804,-0.007547169811320753,0.0,-0.09999999999999964,0.0,13.2,13.25,13.15,13.2,199.0,594.0,8460.0,1715.0,False,False
2887,2022-10-26 09:41:21.342328,-0.007547169811320753,0.0,-0.09999999999999964,0.0,13.2,13.25,13.15,13.2,199.0,593.0,8460.0,1715.0,False,False
2887,2022-10-26 09:41:22.080865,-0.007547169811320753,0.0,-0.09999999999999964,0.0,13.2,13.25,13.15,13.2,199.0,593.0,8460.0,1715.0,False,False
2887,2022-10-26 09:41:22.413993,-0.007547169811320753,0.0,-0.09999999999999964,0.0,13.2,13.25,13.15,13.2,199.0,593.0,8460.0,1715.0,False,False
2887,2022-10-26 09:41:22.618436,-0.007547169811320753,0.0,-0.09999999999999964,0.0,13.2,13.25,13.15,13.2,198.0,593.0,8460.0,1715.0,False,False
2887,2022-10-26 09:41:27.825204,-0.007547169811320753,0.0,-0.09999999999999964,0.0,13.2,13.25,13.15,13.2,199.0,593.0,8460.0,1715.0,False,False
2887,2022-10-26 09:41:32.095524,-0.007547169811320753,0.0,-0.09999999999999964,0.0,13.2,13.25,13.15,13.2,198.0,593.0,8460.0,1715.0,False,False
2887,2022-10-26 09:41:32.137214,-0.007547169811320753,0.0,-0.09999999999999964,0.0,13.2,13.25,13.15,13.2,198.0,594.0,8460.0,1715.0,False,False
2887,2022-10-26 09:41:32.218077,-0.007547169811320753,0.0,-0.09999999999999964,0.0,13.2,13.25,13.15,13.2,198.0,594.0,8460.0,1715.0,False,False
2887,2022-10-26 09:41:33.333880,-0.007547169811320753,0.0,-0.09999999999999964,0.0,13.2,13.25,13.15,13.2,198.0,596.0,8460.0,1715.0,False,False
2887,2022-10-26 09:41:34.156438,-0.007547169811320753,0.0,-0.09999999999999964,0.0,13.2,13.25,13.15,13.2,198.0,595.0,8460.0,1715.0,False,False
2887,2022-10-26 09:41:35.183465,-0.007547169811320753,0.0,-0.09999999999999964,0.0,13.2,13.25,13.15,13.2,198.0,595.0,8460.0,1715.0,False,False
2887,2022-10-26 09:41:36.287799,-0.007547169811320753,0.0,-0.09999999999999964,0.0,13.2,13.25,13.15,13.2,200.0,595.0,8460.0,1715.0,False,False
2887,2022-10-26 09:41:36.791344,-0.007547169811320753,0.0,-0.09999999999999964,0.0,13.2,13.25,13.15,13.2,200.0,595.0,8460.0,1715.0,False,False
2887,2022-10-26 09:41:37.223836,-0.007547169811320753,0.0,-0.09999999999999964,0.0,13.2,13.25,13.15,13.2,200.0,594.0,8460.0,1715.0,False,False
2887,2022-10-26 09:41:37.958010,-0.007547169811320753,0.0,-0.09999999999999964,0.0,13.2,13.25,13.15,13.2,200.0,594.0,8460.0,1913.0,True,True
2887,2022-10-26 09:41:39.208166,-0.007547169811320753,0.0,-0.09999999999999964,0.0,13.2,13.25,13.15,13.2,200.0,596.0,8460.0,1913.0,False,False
2887,2022-10-26 09:41:41.455264,-0.007547169811320753,0.0,-0.09999999999999964,0.0,13.2,13.25,13.15,13.2,200.0,598.0,8460.0,1913.0,False,False
2887,2022-10-26 09:41:42.036688,-0.007547169811320753,0.0,-0.09999999999999964,0.0,13.2,13.25,13.15,13.2,200.0,598.0,8460.0,1913.0,False,False
2887,2022-10-26 09:41:43.188003,-0.007547169811320753,0.0,-0.09999999999999964,0.0,13.2,13.25,13.15,13.2,200.0,600.0,8460.0,1913.0,False,False
2887,2022-10-26 09:41:44.292485,-0.007547169811320753,0.0,-0.09999999999999964,0.0,13.2,13.25,13.15,13.2,201.0,600.0,8460.0,1913.0,False,False
2887,2022-10-26 09:41:44.842598,-0.007547169811320753,0.0,-0.09999999999999964,0.0,13.2,13.25,13.15,13.2,201.0,600.0,8460.0,1913.0,False,False
2887,2022-10-26 09:41:46.677047,-0.007547169811320753,0.0,-0.09999999999999964,0.0,13.2,13.25,13.15,13.2,202.0,600.0,8460.0,1913.0,False,False
2887,2022-10-26 09:41:47.937323,-0.007547169811320753,0.0,-0.09999999999999964,0.0,13.2,13.25,13.15,13.2,203.0,600.0,8460.0,1913.0,False,False
2887,2022-10-26 09:41:47.993903,-0.007547169811320753,0.0,-0.09999999999999964,0.0,13.2,13.25,13.15,13.2,203.0,600.0,8460.0,2469.0,True,True
2887,2022-10-26 09:41:50.818360,-0.007547169811320753,0.0,-0.09999999999999964,0.0,13.2,13.25,13.15,13.2,203.0,600.0,8460.0,2469.0,False,False
2887,2022-10-26 09:41:50.955823,-0.007547169811320753,0.0,-0.09999999999999964,0.0,13.2,13.25,13.15,13.2,203.0,600.0,8460.0,2469.0,False,False
2887,2022-10-26 09:41:56.235127,-0.007547169811320753,0.0,-0.09999999999999964,0.0,13.2,13.25,13.15,13.2,203.0,600.0,8460.0,2469.0,False,False
2887,2022-10-26 09:41:56.384389,-0.007547169811320753,0.0,-0.09999999999999964,0.0,13.2,13.25,13.15,13.2,204.0,600.0,8460.0,2469.0,False,False
2887,2022-10-26 09:41:58.035214,-0.007547169811320753,0.0,-0.09999999999999964,0.0,13.2,13.25,13.15,13.2,204.0,600.0,8460.0,2766.0,True,True
2887,2022-10-26 09:41:58.834256,-0.007547169811320753,0.0,-0.09999999999999964,0.0,13.2,13.25,13.15,13.2,204.0,600.0,8460.0,2766.0,False,False
2887,2022-10-26 09:42:01.448952,-0.007547169811320753,0.0,-0.09999999999999964,0.0,13.2,13.25,13.15,13.2,204.0,600.0,8460.0,2766.0,False,False
2887,2022-10-26 09:42:01.485033,-0.007547169811320753,0.0,-0.09999999999999964,0.0,13.2,13.25,13.15,13.2,209.0,600.0,8460.0,2766.0,False,False
2887,2022-10-26 09:42:02.956721,-0.007547169811320753,0.0,-0.09999999999999964,0.0,13.2,13.25,13.15,13.2,211.0,600.0,8460.0,2766.0,False,False
2887,2022-10-26 09:42:03.029769,-0.007547169811320753,0.0,-0.09999999999999964,0.0,13.2,13.25,13.15,13.2,211.0,600.0,8460.0,2766.0,False,False
2887,2022-10-26 09:42:07.516197,-0.007547169811320753,0.0,-0.09999999999999964,0.0,13.2,13.25,13.15,13.2,231.0,600.0,8460.0,2766.0,False,False
2887,2022-10-26 09:42:07.554726,-0.007547169811320753,0.0,-0.09999999999999964,0.0,13.2,13.25,13.15,13.2,231.0,600.0,8460.0,2766.0,False,False
2887,2022-10-26 09:42:08.063361,-0.007547169811320753,0.0,-0.09999999999999964,0.0,13.2,13.25,13.15,13.2,231.0,599.0,8460.0,2766.0,False,False
2887,2022-10-26 09:42:08.080687,-0.007547169811320753,0.0,-0.09999999999999964,0.0,13.2,13.25,13.15,13.2,231.0,599.0,8460.0,2766.0,True,True
2887,2022-10-26 09:42:08.734521,-0.007547169811320753,0.0,-0.09999999999999964,0.0,13.2,13.25,13.15,13.2,231.0,599.0,8460.0,2766.0,False,False
2887,2022-10-26 09:42:10.793614,-0.007547169811320753,0.0,-0.09999999999999964,0.0,13.2,13.25,13.15,13.2,389.0,599.0,8460.0,2766.0,False,False
2887,2022-10-26 09:42:10.833099,-0.007547169811320753,0.0,-0.09999999999999964,0.0,13.2,13.25,13.15,13.2,409.0,599.0,8460.0,2766.0,False,False
2887,2022-10-26 09:42:11.126413,-0.007547169811320753,0.0,-0.09999999999999964,0.0,13.2,13.25,13.15,13.2,417.0,599.0,8460.0,2766.0,False,False
2887,2022-10-26 09:42:11.199997,-0.007547169811320753,0.0,-0.09999999999999964,0.0,13.2,13.25,13.15,13.2,417.0,599.0,8460.0,2766.0,False,False
2887,2022-10-26 09:42:11.275736,-0.007547169811320753,0.0,-0.09999999999999964,0.0,13.2,13.25,13.15,13.2,541.0,599.0,8460.0,2766.0,False,False
2887,2022-10-26 09:42:11.317601,-0.007547169811320753,0.0,-0.09999999999999964,0.0,13.2,13.25,13.15,13.2,542.0,579.0,8460.0,2766.0,False,False
2887,2022-10-26 09:42:11.436786,-0.007547169811320753,0.0,-0.09999999999999964,0.0,13.2,13.25,13.15,13.2,553.0,579.0,8460.0,2766.0,False,False
2887,2022-10-26 09:42:12.126452,-0.007547169811320753,0.0,-0.09999999999999964,0.0,13.2,13.25,13.15,13.2,553.0,575.0,8460.0,2766.0,False,False
2887,2022-10-26 09:42:13.743642,-0.007547169811320753,0.0,-0.09999999999999964,0.0,13.2,13.25,13.15,13.2,395.0,575.0,8460.0,2766.0,False,False
2887,2022-10-26 09:42:13.956144,-0.007547169811320753,0.0,-0.09999999999999964,0.0,13.2,13.25,13.15,13.2,395.0,576.0,8460.0,2766.0,False,False
2887,2022-10-26 09:42:14.271097,-0.007547169811320753,0.0,-0.09999999999999964,0.0,13.2,13.25,13.15,13.2,390.0,576.0,8460.0,2766.0,False,False
2887,2022-10-26 09:42:15.253864,-0.007547169811320753,0.0,-0.09999999999999964,0.0,13.2,13.25,13.15,13.2,390.0,578.0,8460.0,2766.0,False,False
2887,2022-10-26 09:42:15.825363,-0.007547169811320753,0.0,-0.09999999999999964,0.0,13.2,13.25,13.15,13.2,547.0,578.0,8460.0,2766.0,False,False
2887,2022-10-26 09:42:16.274891,-0.007547169811320753,0.0,-0.09999999999999964,0.0,13.2,13.25,13.15,13.2,551.0,578.0,8460.0,2766.0,False,False
2887,2022-10-26 09:42:17.984715,-0.007547169811320753,0.0,-0.09999999999999964,0.0,13.2,13.25,13.15,13.2,551.0,578.0,8460.0,2766.0,False,False
2887,2022-10-26 09:42:19.168589,-0.007547169811320753,0.0,-0.09999999999999964,0.0,13.2,13.25,13.15,13.2,551.0,578.0,8460.0,2766.0,False,False
2887,2022-10-26 09:42:21.752876,-0.007547169811320753,0.0,-0.09999999999999964,0.0,13.2,13.25,13.15,13.2,394.0,578.0,8460.0,2766.0,False,False
2887,2022-10-26 09:42:24.262810,-0.007547169811320753,0.0,-0.09999999999999964,0.0,13.2,13.25,13.15,13.2,270.0,578.0,8460.0,2766.0,False,False
2887,2022-10-26 09:42:24.396954,-0.007547169811320753,0.0,-0.09999999999999964,0.0,13.2,13.25,13.15,13.2,259.0,578.0,8460.0,2766.0,False,False
2887,2022-10-26 09:42:24.407533,-0.007547169811320753,0.0,-0.09999999999999964,0.0,13.2,13.25,13.15,13.2,259.0,598.0,8460.0,2766.0,False,False
2887,2022-10-26 09:42:24.470836,-0.007547169811320753,0.0,-0.09999999999999964,0.0,13.2,13.25,13.15,13.2,252.0,598.0,8460.0,2766.0,False,False
2887,2022-10-26 09:42:25.469227,-0.007547169811320753,0.0,-0.09999999999999964,0.0,13.2,13.25,13.15,13.2,252.0,598.0,8460.0,2766.0,False,False
2887,2022-10-26 09:42:26.139148,-0.007547169811320753,0.0,-0.09999999999999964,0.0,13.2,13.25,13.15,13.2,278.0,598.0,8460.0,2766.0,False,False
2887,2022-10-26 09:42:29.107137,-0.007547169811320753,0.0,-0.09999999999999964,0.0,13.2,13.25,13.15,13.2,278.0,601.0,8460.0,2766.0,False,False
2887,2022-10-26 09:42:30.595537,-0.007547169811320753,0.0,-0.09999999999999964,0.0,13.2,13.25,13.15,13.2,278.0,603.0,8460.0,2766.0,False,False
2887,2022-10-26 09:42:35.933272,-0.007547169811320753,0.0,-0.09999999999999964,0.0,13.2,13.25,13.15,13.2,279.0,603.0,8460.0,2766.0,False,False
2887,2022-10-26 09:42:41.689716,-0.007547169811320753,0.0,-0.09999999999999964,0.0,13.2,13.25,13.15,13.2,280.0,603.0,8460.0,2766.0,False,False
2887,2022-10-26 09:42:43.427077,-0.007547169811320753,0.0,-0.09999999999999964,0.0,13.2,13.25,13.15,13.2,280.0,604.0,8460.0,2766.0,False,False
2887,2022-10-26 09:42:44.274798,-0.007547169811320753,0.0,-0.09999999999999964,0.0,13.2,13.25,13.15,13.2,275.0,604.0,8460.0,2766.0,False,False
2887,2022-10-26 09:42:45.337276,-0.007547169811320753,0.0,-0.09999999999999964,0.0,13.2,13.25,13.15,13.2,275.0,606.0,8460.0,2766.0,False,False
2887,2022-10-26 09:42:48.247680,-0.007547169811320753,0.0,-0.09999999999999964,0.0,13.2,13.25,13.15,13.2,275.0,606.0,8460.0,2766.0,False,False
2887,2022-10-26 09:42:56.042326,-0.007547169811320753,0.0,-0.09999999999999964,0.0,13.2,13.25,13.15,13.2,275.0,606.0,8460.0,2766.0,False,False
2887,2022-10-26 09:42:56.496611,-0.007547169811320753,0.0,-0.09999999999999964,0.0,13.2,13.25,13.15,13.2,275.0,608.0,8460.0,2766.0,False,False
2887,2022-10-26 09:42:56.889715,-0.007547169811320753,0.0,-0.09999999999999964,0.0,13.2,13.25,13.15,13.2,277.0,608.0,8460.0,2766.0,False,False
2887,2022-10-26 09:42:57.473040,-0.007547169811320753,0.0,-0.09999999999999964,0.0,13.2,13.25,13.15,13.2,277.0,608.0,8460.0,2766.0,False,False
2887,2022-10-26 09:42:58.292814,-0.007547169811320753,0.0,-0.09999999999999964,0.0,13.2,13.25,13.15,13.2,277.0,608.0,8460.0,2484.0,True,True
2887,2022-10-26 09:42:58.815738,-0.007547169811320753,0.0,-0.09999999999999964,0.0,13.2,13.25,13.15,13.2,435.0,608.0,8460.0,2484.0,False,False
2887,2022-10-26 09:42:59.191872,-0.007547169811320753,0.0,-0.09999999999999964,0.0,13.2,13.25,13.15,13.2,435.0,606.0,8460.0,2484.0,False,False
2887,2022-10-26 09:42:59.299486,-0.007547169811320753,0.0,-0.09999999999999964,0.0,13.2,13.25,13.15,13.2,559.0,606.0,8460.0,2484.0,False,False
2887,2022-10-26 09:42:59.324598,-0.007547169811320753,0.0,-0.09999999999999964,0.0,13.2,13.25,13.15,13.2,559.0,586.0,8460.0,2484.0,False,False
2887,2022-10-26 09:42:59.570996,-0.007547169811320753,0.0,-0.09999999999999964,0.0,13.2,13.25,13.15,13.2,568.0,586.0,8460.0,2484.0,False,False
2887,2022-10-26 09:42:59.823488,-0.007547169811320753,0.0,-0.09999999999999964,0.0,13.2,13.25,13.15,13.2,568.0,611.0,8460.0,2484.0,False,False
2887,2022-10-26 09:42:59.851129,-0.007547169811320753,0.0,-0.09999999999999964,0.0,13.2,13.25,13.15,13.2,568.0,611.0,8460.0,2484.0,False,False
2887,2022-10-26 09:42:59.988912,-0.007547169811320753,0.0,-0.09999999999999964,0.0,13.2,13.25,13.15,13.2,568.0,612.0,8460.0,2484.0,False,False
2887,2022-10-26 09:43:00.455838,-0.007547169811320753,0.0,-0.09999999999999964,0.0,13.2,13.25,13.15,13.2,568.0,604.0,8460.0,2484.0,False,False
2887,2022-10-26 09:43:00.525189,-0.007547169811320753,0.0,-0.09999999999999964,0.0,13.2,13.25,13.15,13.2,568.0,596.0,8460.0,2484.0,False,False
2887,2022-10-26 09:43:00.589818,-0.007547169811320753,0.0,-0.09999999999999964,0.0,13.2,13.25,13.15,13.2,568.0,577.0,8460.0,2484.0,False,False
2887,2022-10-26 09:43:00.593195,-0.007547169811320753,0.0,-0.09999999999999964,0.0,13.2,13.25,13.15,13.2,625.0,577.0,8460.0,2484.0,False,False
2887,2022-10-26 09:43:00.707226,-0.007547169811320753,0.0,-0.09999999999999964,0.0,13.2,13.25,13.15,13.2,627.0,577.0,8460.0,2484.0,False,False
2887,2022-10-26 09:43:01.510895,-0.007547169811320753,0.0,-0.09999999999999964,0.0,13.2,13.25,13.15,13.2,627.0,568.0,8460.0,2484.0,False,False
2887,2022-10-26 09:43:01.580019,-0.007547169811320753,0.0,-0.09999999999999964,0.0,13.2,13.25,13.15,13.2,684.0,568.0,8460.0,2484.0,False,False
2887,2022-10-26 09:43:01.617920,-0.007547169811320753,0.0,-0.09999999999999964,0.0,13.2,13.25,13.15,13.2,684.0,560.0,8460.0,2484.0,False,False
2887,2022-10-26 09:43:01.776515,-0.007547169811320753,0.0,-0.09999999999999964,0.0,13.2,13.25,13.15,13.2,526.0,560.0,8460.0,2484.0,False,False
2887,2022-10-26 09:43:01.860702,-0.007547169811320753,0.0,-0.09999999999999964,0.0,13.2,13.25,13.15,13.2,543.0,560.0,8460.0,2484.0,False,False
2887,2022-10-26 09:43:03.349259,-0.007547169811320753,0.0,-0.09999999999999964,0.0,13.2,13.25,13.15,13.2,632.0,560.0,8460.0,2484.0,False,False
2887,2022-10-26 09:43:04.291124,-0.007547169811320753,0.0,-0.09999999999999964,0.0,13.2,13.25,13.15,13.2,508.0,560.0,8460.0,2484.0,False,False
2887,2022-10-26 09:43:06.381938,-0.007547169811320753,0.0,-0.09999999999999964,0.0,13.2,13.25,13.15,13.2,508.0,558.0,8460.0,2484.0,False,False
2887,2022-10-26 09:43:07.533034,-0.007547169811320753,0.0,-0.09999999999999964,0.0,13.2,13.25,13.15,13.2,508.0,558.0,8460.0,2484.0,False,True
2887,2022-10-26 09:43:11.061121,-0.007547169811320753,0.0,-0.09999999999999964,0.0,13.2,13.25,13.15,13.2,508.0,560.0,8460.0,2484.0,False,False
2887,2022-10-26 09:43:12.558074,-0.007547169811320753,0.0,-0.09999999999999964,0.0,13.2,13.25,13.15,13.2,508.0,560.0,8460.0,2484.0,False,False
2887,2022-10-26 09:43:12.695436,-0.007547169811320753,0.0,-0.09999999999999964,0.0,13.2,13.25,13.15,13.2,508.0,560.0,8460.0,2484.0,False,False
2887,2022-10-26 09:43:15.897973,-0.007547169811320753,0.0,-0.09999999999999964,0.0,13.2,13.25,13.15,13.2,508.0,560.0,8460.0,2484.0,False,False
2887,2022-10-26 09:43:17.572985,-0.007547169811320753,0.0,-0.09999999999999964,0.0,13.2,13.25,13.15,13.2,508.0,560.0,8460.0,2484.0,True,True
2887,2022-10-26 09:43:19.879055,-0.007547169811320753,0.0,-0.09999999999999964,0.0,13.2,13.25,13.15,13.2,508.0,560.0,8460.0,2484.0,False,False
2887,2022-10-26 09:43:20.699978,-0.007547169811320753,0.0,-0.09999999999999964,0.0,13.2,13.25,13.15,13.2,508.0,562.0,8460.0,2484.0,False,False
2887,2022-10-26 09:43:20.950225,-0.007547169811320753,0.0,-0.09999999999999964,0.0,13.2,13.25,13.15,13.2,508.0,562.0,8460.0,2484.0,False,False
2887,2022-10-26 09:43:22.688156,-0.007547169811320753,0.0,-0.09999999999999964,0.0,13.2,13.25,13.15,13.2,508.0,560.0,8460.0,2484.0,False,False
2887,2022-10-26 09:43:25.093600,-0.007547169811320753,0.0,-0.09999999999999964,0.0,13.2,13.25,13.15,13.2,508.0,562.0,8460.0,2484.0,False,False
2887,2022-10-26 09:43:29.967048,-0.007547169811320753,0.0,-0.09999999999999964,0.0,13.2,13.25,13.15,13.2,509.0,562.0,8460.0,2484.0,False,False
2887,2022-10-26 09:43:32.061449,-0.007547169811320753,0.0,-0.09999999999999964,0.0,13.2,13.25,13.15,13.2,509.0,562.0,8460.0,2484.0,False,False
2887,2022-10-26 09:43:33.910296,-0.007547169811320753,0.0,-0.09999999999999964,0.0,13.2,13.25,13.15,13.2,499.0,562.0,8460.0,2484.0,False,False
2887,2022-10-26 09:43:33.938589,-0.007547169811320753,0.0,-0.09999999999999964,0.0,13.2,13.25,13.15,13.2,442.0,562.0,8460.0,2484.0,False,False
2887,2022-10-26 09:43:34.810125,-0.007547169811320753,0.0,-0.09999999999999964,0.0,13.2,13.25,13.15,13.2,442.0,562.0,8460.0,2484.0,False,False
2887,2022-10-26 09:43:36.844851,-0.007547169811320753,0.0,-0.09999999999999964,0.0,13.2,13.25,13.15,13.2,442.0,561.0,8460.0,2484.0,False,False
2887,2022-10-26 09:43:36.878105,-0.007547169811320753,0.0,-0.09999999999999964,0.0,13.2,13.25,13.15,13.2,499.0,561.0,8460.0,2484.0,False,False
2887,2022-10-26 09:43:36.967598,-0.007547169811320753,0.0,-0.09999999999999964,0.0,13.2,13.25,13.15,13.2,499.0,561.0,8460.0,2484.0,False,False
2887,2022-10-26 09:43:37.654352,-0.007547169811320753,0.0,-0.09999999999999964,0.0,13.2,13.25,13.15,13.2,499.0,561.0,8460.0,2474.0,True,True
2887,2022-10-26 09:43:40.020579,-0.007547169811320753,0.0,-0.09999999999999964,0.0,13.2,13.25,13.15,13.2,499.0,543.0,8460.0,2474.0,False,False
2887,2022-10-26 09:43:40.646522,-0.007547169811320753,0.0,-0.09999999999999964,0.0,13.2,13.25,13.15,13.2,499.0,542.0,8460.0,2474.0,False,False
2887,2022-10-26 09:43:40.794354,-0.007547169811320753,0.0,-0.09999999999999964,0.0,13.2,13.25,13.15,13.2,499.0,542.0,8460.0,2474.0,False,False
2887,2022-10-26 09:43:41.704234,-0.007547169811320753,0.0,-0.09999999999999964,0.0,13.2,13.25,13.15,13.2,499.0,542.0,8460.0,2474.0,False,False
2887,2022-10-26 09:43:46.103928,-0.007547169811320753,0.0,-0.09999999999999964,0.0,13.2,13.25,13.15,13.2,501.0,542.0,8460.0,2474.0,False,False
2887,2022-10-26 09:43:46.457137,-0.007547169811320753,0.0,-0.09999999999999964,0.0,13.2,13.25,13.15,13.2,501.0,542.0,8460.0,2474.0,False,False
2887,2022-10-26 09:43:47.696544,-0.007547169811320753,0.0,-0.09999999999999964,0.0,13.2,13.25,13.15,13.2,501.0,542.0,7960.0,2468.0,True,True
2887,2022-10-26 09:43:49.162926,-0.007547169811320753,0.0,-0.09999999999999964,0.0,13.2,13.25,13.15,13.2,501.0,541.0,7960.0,2468.0,False,False
2887,2022-10-26 09:43:49.745900,-0.007547169811320753,0.0,-0.09999999999999964,0.0,13.2,13.25,13.15,13.2,501.0,541.0,7960.0,2468.0,False,False
2887,2022-10-26 09:43:50.302501,-0.007547169811320753,0.0,-0.09999999999999964,0.0,13.2,13.25,13.15,13.2,501.0,541.0,7960.0,2468.0,False,False
2887,2022-10-26 09:43:52.031544,-0.007547169811320753,0.0,-0.09999999999999964,0.0,13.2,13.25,13.15,13.2,501.0,541.0,7960.0,2468.0,False,False
2887,2022-10-26 09:44:04.100504,-0.007547169811320753,0.0,-0.09999999999999964,0.0,13.2,13.25,13.15,13.2,501.0,540.0,7960.0,2468.0,False,False
2887,2022-10-26 09:44:05.827437,-0.007547169811320753,0.0,-0.09999999999999964,0.0,13.2,13.25,13.15,13.2,509.0,540.0,7960.0,2468.0,False,False
2887,2022-10-26 09:44:06.530254,-0.007547169811320753,0.0,-0.09999999999999964,0.0,13.2,13.25,13.15,13.2,509.0,540.0,7960.0,2468.0,False,False
2887,2022-10-26 09:44:10.345202,-0.007547169811320753,0.0,-0.09999999999999964,0.0,13.2,13.25,13.15,13.2,509.0,541.0,7960.0,2468.0,False,False
2887,2022-10-26 09:44:10.838827,-0.007547169811320753,0.0,-0.09999999999999964,0.0,13.2,13.25,13.15,13.2,509.0,537.0,7960.0,2468.0,False,False
2887,2022-10-26 09:44:10.876451,-0.007547169811320753,0.0,-0.09999999999999964,0.0,13.2,13.25,13.15,13.2,509.0,537.0,7960.0,2468.0,False,False
2887,2022-10-26 09:44:11.240581,-0.007547169811320753,0.0,-0.09999999999999964,0.0,13.2,13.25,13.15,13.2,509.0,539.0,7960.0,2468.0,False,False
2887,2022-10-26 09:44:16.497409,-0.007547169811320753,0.0,-0.09999999999999964,0.0,13.2,13.25,13.15,13.2,509.0,534.0,7960.0,2468.0,False,False
2887,2022-10-26 09:44:17.816008,-0.007547169811320753,0.0,-0.09999999999999964,0.0,13.2,13.25,13.15,13.2,509.0,534.0,7960.0,2369.0,True,True
2887,2022-10-26 09:44:19.362311,-0.007547169811320753,0.0,-0.09999999999999964,0.0,13.2,13.25,13.15,13.2,509.0,534.0,7960.0,2369.0,False,False
2887,2022-10-26 09:44:27.181550,-0.007547169811320753,0.0,-0.09999999999999964,0.0,13.2,13.25,13.15,13.2,499.0,524.0,7960.0,2369.0,False,False
2887,2022-10-26 09:44:27.226942,-0.007547169811320753,0.0,-0.09999999999999964,0.0,13.2,13.25,13.15,13.2,499.0,523.0,7960.0,2369.0,False,False
2887,2022-10-26 09:44:27.229397,-0.007547169811320753,0.0,-0.09999999999999964,0.0,13.2,13.25,13.15,13.2,499.0,522.0,7960.0,2369.0,False,False
2887,2022-10-26 09:44:27.363706,-0.007547169811320753,0.0,-0.09999999999999964,0.0,13.2,13.25,13.15,13.2,499.0,520.0,7960.0,2369.0,False,False
2887,2022-10-26 09:44:29.688014,-0.007547169811320753,0.0,-0.09999999999999964,0.0,13.2,13.25,13.15,13.2,499.0,520.0,7960.0,2369.0,False,False
2887,2022-10-26 09:44:30.921012,-0.007547169811320753,0.0,-0.09999999999999964,0.0,13.2,13.25,13.15,13.2,499.0,520.0,7960.0,2369.0,False,False
2887,2022-10-26 09:44:33.597465,-0.007547169811320753,0.0,-0.09999999999999964,0.0,13.2,13.25,13.15,13.2,499.0,520.0,7960.0,2369.0,False,False
2887,2022-10-26 09:44:35.686347,-0.007547169811320753,0.0,-0.09999999999999964,0.0,13.2,13.25,13.15,13.2,499.0,520.0,7960.0,2369.0,False,False
2887,2022-10-26 09:44:36.041337,-0.007547169811320753,0.0,-0.09999999999999964,0.0,13.2,13.25,13.15,13.2,499.0,519.0,7960.0,2369.0,False,False
2887,2022-10-26 09:44:36.270065,-0.007547169811320753,0.0,-0.09999999999999964,0.0,13.2,13.25,13.15,13.2,489.0,519.0,7960.0,2369.0,False,False
2887,2022-10-26 09:44:36.298728,-0.007547169811320753,0.0,-0.09999999999999964,0.0,13.2,13.25,13.15,13.2,432.0,519.0,7960.0,2369.0,False,False
2887,2022-10-26 09:44:36.457012,-0.007547169811320753,0.0,-0.09999999999999964,0.0,13.2,13.25,13.15,13.2,451.0,519.0,7960.0,2369.0,False,False
2887,2022-10-26 09:44:36.489063,-0.007547169811320753,0.0,-0.09999999999999964,0.0,13.2,13.25,13.15,13.2,446.0,519.0,7960.0,2369.0,False,False
2887,2022-10-26 09:44:37.174144,-0.007547169811320753,0.0,-0.09999999999999964,0.0,13.2,13.25,13.15,13.2,441.0,519.0,7960.0,2369.0,False,False
2887,2022-10-26 09:44:37.898405,-0.007547169811320753,0.0,-0.09999999999999964,0.0,13.2,13.25,13.15,13.2,441.0,519.0,7960.0,2330.0,True,True
2887,2022-10-26 09:44:43.448065,-0.007547169811320753,0.0,-0.09999999999999964,0.0,13.2,13.25,13.15,13.2,444.0,519.0,7960.0,2330.0,False,False
2887,2022-10-26 09:44:44.830168,-0.007547169811320753,0.0,-0.09999999999999964,0.0,13.2,13.25,13.15,13.2,443.0,519.0,7960.0,2330.0,False,False
2887,2022-10-26 09:44:44.875719,-0.007547169811320753,0.0,-0.09999999999999964,0.0,13.2,13.25,13.15,13.2,442.0,519.0,7960.0,2330.0,False,False
2887,2022-10-26 09:44:47.936082,-0.007547169811320753,0.0,-0.09999999999999964,0.0,13.2,13.25,13.15,13.2,442.0,519.0,7960.0,2478.0,True,True
2887,2022-10-26 09:44:49.434497,-0.007547169811320753,0.0,-0.09999999999999964,0.0,13.2,13.25,13.15,13.2,442.0,519.0,7960.0,2478.0,False,False
2887,2022-10-26 09:44:51.880809,-0.007547169811320753,0.0,-0.09999999999999964,0.0,13.2,13.25,13.15,13.2,442.0,519.0,7960.0,2478.0,False,False
2887,2022-10-26 09:44:52.122268,-0.007547169811320753,0.0,-0.09999999999999964,0.0,13.2,13.25,13.15,13.2,442.0,519.0,7960.0,2478.0,False,False
2887,2022-10-26 09:44:52.904182,-0.007547169811320753,0.0,-0.09999999999999964,0.0,13.2,13.25,13.15,13.2,442.0,519.0,7960.0,2478.0,False,False
2887,2022-10-26 09:44:53.017452,-0.007547169811320753,0.0,-0.09999999999999964,0.0,13.2,13.25,13.15,13.2,444.0,519.0,7960.0,2478.0,False,False
2887,2022-10-26 09:44:58.024913,-0.007547169811320753,0.0,-0.09999999999999964,0.0,13.2,13.25,13.15,13.2,444.0,539.0,7960.0,2478.0,False,False
2887,2022-10-26 09:44:58.055562,-0.007547169811320753,0.0,-0.09999999999999964,0.0,13.2,13.25,13.15,13.2,444.0,560.0,7960.0,2478.0,False,False
2887,2022-10-26 09:44:58.131829,-0.007547169811320753,0.0,-0.09999999999999964,0.0,13.2,13.25,13.15,13.2,444.0,560.0,7760.0,2478.0,True,True
2887,2022-10-26 09:44:58.770815,-0.007547169811320753,0.0,-0.09999999999999964,0.0,13.2,13.25,13.15,13.2,444.0,560.0,7760.0,2478.0,False,False
2887,2022-10-26 09:45:00.793609,-0.007547169811320753,0.0,-0.09999999999999964,0.0,13.2,13.25,13.15,13.2,444.0,560.0,7760.0,2478.0,False,False
2887,2022-10-26 09:45:01.131918,-0.007547169811320753,0.0,-0.09999999999999964,0.0,13.2,13.25,13.15,13.2,444.0,560.0,7760.0,2478.0,False,False
2887,2022-10-26 09:45:03.245965,-0.007547169811320753,0.0,-0.09999999999999964,0.0,13.2,13.25,13.15,13.2,444.0,558.0,7760.0,2478.0,False,False
2887,2022-10-26 09:45:03.298974,-0.007547169811320753,0.0,-0.09999999999999964,0.0,13.2,13.25,13.15,13.2,447.0,558.0,7760.0,2478.0,False,False
2887,2022-10-26 09:45:03.818261,-0.007547169811320753,0.0,-0.09999999999999964,0.0,13.2,13.25,13.15,13.2,447.0,558.0,7760.0,2478.0,False,False
2887,2022-10-26 09:45:04.577186,-0.007547169811320753,0.0,-0.09999999999999964,0.0,13.2,13.25,13.15,13.2,447.0,558.0,7760.0,2478.0,False,False
2887,2022-10-26 09:45:07.167560,-0.007547169811320753,0.0,-0.09999999999999964,0.0,13.2,13.25,13.15,13.2,453.0,558.0,7760.0,2478.0,False,False
2887,2022-10-26 09:45:07.206795,-0.007547169811320753,0.0,-0.09999999999999964,0.0,13.2,13.25,13.15,13.2,453.0,553.0,7760.0,2478.0,False,False
2887,2022-10-26 09:45:07.490685,-0.007547169811320753,0.0,-0.09999999999999964,0.0,13.2,13.25,13.15,13.2,453.0,553.0,7760.0,2478.0,False,False
2887,2022-10-26 09:45:08.310691,-0.007547169811320753,0.0,-0.09999999999999964,0.0,13.2,13.25,13.15,13.2,453.0,553.0,7760.0,2478.0,True,True
2887,2022-10-26 09:45:08.458244,-0.007547169811320753,0.0,-0.09999999999999964,0.0,13.2,13.25,13.15,13.2,453.0,553.0,7760.0,2478.0,False,False
2887,2022-10-26 09:45:10.521847,-0.007547169811320753,0.0,-0.09999999999999964,0.0,13.2,13.25,13.15,13.2,453.0,553.0,7760.0,2478.0,False,False
2887,2022-10-26 09:45:11.335552,-0.007547169811320753,0.0,-0.09999999999999964,0.0,13.2,13.25,13.15,13.2,453.0,552.0,7760.0,2478.0,False,False
2887,2022-10-26 09:45:11.504920,-0.007547169811320753,0.0,-0.09999999999999964,0.0,13.2,13.25,13.15,13.2,453.0,538.0,7760.0,2478.0,False,False
2887,2022-10-26 09:45:12.752901,-0.007547169811320753,0.0,-0.09999999999999964,0.0,13.2,13.25,13.15,13.2,453.0,538.0,7760.0,2478.0,False,False
2887,2022-10-26 09:45:20.525374,-0.007547169811320753,0.0,-0.09999999999999964,0.0,13.2,13.25,13.15,13.2,453.0,537.0,7760.0,2478.0,False,False
2887,2022-10-26 09:45:20.856057,-0.007547169811320753,0.0,-0.09999999999999964,0.0,13.2,13.25,13.15,13.2,453.0,537.0,7760.0,2478.0,False,False
2887,2022-10-26 09:45:21.044547,-0.007547169811320753,0.0,-0.09999999999999964,0.0,13.2,13.25,13.15,13.2,453.0,536.0,7760.0,2478.0,False,False
2887,2022-10-26 09:45:21.731362,-0.007547169811320753,0.0,-0.09999999999999964,0.0,13.2,13.25,13.15,13.2,453.0,536.0,7760.0,2478.0,False,False
2887,2022-10-26 09:45:23.203070,-0.007547169811320753,0.0,-0.09999999999999964,0.0,13.2,13.25,13.15,13.2,453.0,536.0,7760.0,2478.0,False,False
2887,2022-10-26 09:45:27.299738,-0.007547169811320753,0.0,-0.09999999999999964,0.0,13.2,13.25,13.15,13.2,453.0,536.0,7760.0,2478.0,False,False
2887,2022-10-26 09:45:27.486035,-0.007547169811320753,0.0,-0.09999999999999964,0.0,13.2,13.25,13.15,13.2,453.0,536.0,7760.0,2478.0,False,False
2887,2022-10-26 09:45:29.605676,-0.007547169811320753,0.0,-0.09999999999999964,0.0,13.2,13.25,13.15,13.2,453.0,636.0,7760.0,2478.0,False,False
2887,2022-10-26 09:45:29.644780,-0.007547169811320753,0.0,-0.09999999999999964,0.0,13.2,13.25,13.15,13.2,453.0,638.0,7760.0,2478.0,False,False
2887,2022-10-26 09:45:30.515420,-0.007547169811320753,0.0,-0.09999999999999964,0.0,13.2,13.25,13.15,13.2,453.0,638.0,7760.0,2478.0,False,False
2887,2022-10-26 09:45:30.564760,-0.007547169811320753,0.0,-0.09999999999999964,0.0,13.2,13.25,13.15,13.2,453.0,637.0,7760.0,2478.0,False,False
2887,2022-10-26 09:45:30.846186,-0.007547169811320753,0.0,-0.09999999999999964,0.0,13.2,13.25,13.15,13.2,453.0,637.0,7760.0,2478.0,False,False
2887,2022-10-26 09:45:32.431434,-0.007547169811320753,0.0,-0.09999999999999964,0.0,13.2,13.25,13.15,13.2,453.0,637.0,7760.0,2478.0,False,False
2887,2022-10-26 09:45:33.418227,-0.007547169811320753,0.0,-0.09999999999999964,0.0,13.2,13.25,13.15,13.2,453.0,637.0,7760.0,2478.0,False,False
2887,2022-10-26 09:45:35.168237,-0.007547169811320753,0.0,-0.09999999999999964,0.0,13.2,13.25,13.15,13.2,453.0,637.0,7760.0,2478.0,False,False
2887,2022-10-26 09:45:37.734005,-0.007547169811320753,0.0,-0.09999999999999964,0.0,13.2,13.25,13.15,13.2,453.0,637.0,7760.0,2478.0,False,False
2887,2022-10-26 09:45:38.356877,-0.007547169811320753,0.0,-0.09999999999999964,0.0,13.2,13.25,13.15,13.2,453.0,637.0,7760.0,2371.0,True,True
2887,2022-10-26 09:45:38.928334,-0.007547169811320753,0.0,-0.09999999999999964,0.0,13.2,13.25,13.15,13.2,453.0,637.0,7760.0,2371.0,False,False
2887,2022-10-26 09:45:40.078854,-0.007547169811320753,0.0,-0.09999999999999964,0.0,13.2,13.25,13.15,13.2,453.0,637.0,7760.0,2371.0,False,False
2887,2022-10-26 09:45:40.419210,-0.007547169811320753,0.0,-0.09999999999999964,0.0,13.2,13.25,13.15,13.2,453.0,647.0,7760.0,2371.0,False,False
2887,2022-10-26 09:45:41.248125,-0.007547169811320753,0.0,-0.09999999999999964,0.0,13.2,13.25,13.15,13.2,453.0,647.0,7760.0,2371.0,False,False
2887,2022-10-26 09:45:48.588304,-0.007547169811320753,0.0,-0.09999999999999964,0.0,13.2,13.25,13.15,13.2,453.0,648.0,7760.0,2371.0,False,False
2887,2022-10-26 09:45:49.702482,-0.007547169811320753,0.0,-0.09999999999999964,0.0,13.2,13.25,13.15,13.2,453.0,648.0,7760.0,2371.0,False,False
2887,2022-10-26 09:45:50.903232,-0.007547169811320753,0.0,-0.09999999999999964,0.0,13.2,13.25,13.15,13.2,453.0,648.0,7760.0,2371.0,False,False
2887,2022-10-26 09:45:52.621993,-0.007547169811320753,0.0,-0.09999999999999964,0.0,13.2,13.25,13.15,13.2,453.0,648.0,7760.0,2371.0,False,False
2887,2022-10-26 09:45:53.593234,-0.007547169811320753,0.0,-0.09999999999999964,0.0,13.2,13.25,13.15,13.2,460.0,648.0,7760.0,2371.0,False,False
2887,2022-10-26 09:45:55.615704,-0.007547169811320753,0.0,-0.09999999999999964,0.0,13.2,13.25,13.15,13.2,460.0,648.0,7760.0,2371.0,False,False
2887,2022-10-26 09:45:57.483879,-0.007547169811320753,0.0,-0.09999999999999964,0.0,13.2,13.25,13.15,13.2,464.0,648.0,7760.0,2371.0,False,False
2887,2022-10-26 09:45:57.609424,-0.007547169811320753,0.0,-0.09999999999999964,0.0,13.2,13.25,13.15,13.2,463.0,648.0,7760.0,2371.0,False,False
2887,2022-10-26 09:45:57.650892,-0.007547169811320753,0.0,-0.09999999999999964,0.0,13.2,13.25,13.15,13.2,460.0,648.0,7760.0,2371.0,False,False
2887,2022-10-26 09:45:58.409483,-0.007547169811320753,0.0,-0.09999999999999964,0.0,13.2,13.25,13.15,13.2,460.0,648.0,7760.0,2281.0,True,True
2887,2022-10-26 09:45:59.189995,-0.007547169811320753,0.0,-0.09999999999999964,0.0,13.2,13.25,13.15,13.2,583.0,648.0,7760.0,2281.0,False,False
2887,2022-10-26 09:46:00.149241,-0.007547169811320753,0.0,-0.09999999999999964,0.0,13.2,13.25,13.15,13.2,460.0,648.0,7760.0,2281.0,False,False
2887,2022-10-26 09:46:02.045135,-0.007547169811320753,0.0,-0.09999999999999964,0.0,13.2,13.25,13.15,13.2,461.0,648.0,7760.0,2281.0,False,False
2887,2022-10-26 09:46:03.296841,-0.007547169811320753,0.0,-0.09999999999999964,0.0,13.2,13.25,13.15,13.2,461.0,648.0,7760.0,2281.0,False,False
2887,2022-10-26 09:46:04.173223,-0.007547169811320753,0.0,-0.09999999999999964,0.0,13.2,13.25,13.15,13.2,584.0,648.0,7760.0,2281.0,False,False
2887,2022-10-26 09:46:04.867705,-0.007547169811320753,0.0,-0.09999999999999964,0.0,13.2,13.25,13.15,13.2,582.0,646.0,7760.0,2281.0,False,False
2887,2022-10-26 09:46:04.914090,-0.007547169811320753,0.0,-0.09999999999999964,0.0,13.2,13.25,13.15,13.2,599.0,646.0,7760.0,2281.0,False,False
2887,2022-10-26 09:46:07.070560,-0.007547169811320753,0.0,-0.09999999999999964,0.0,13.2,13.25,13.15,13.2,599.0,647.0,7760.0,2281.0,False,False
2887,2022-10-26 09:46:07.637262,-0.007547169811320753,0.0,-0.09999999999999964,0.0,13.2,13.25,13.15,13.2,599.0,647.0,7760.0,2281.0,False,True
2887,2022-10-26 09:46:07.684046,-0.007547169811320753,0.0,-0.09999999999999964,0.0,13.2,13.25,13.15,13.2,756.0,647.0,7760.0,2281.0,False,False
2887,2022-10-26 09:46:07.754444,-0.007547169811320753,0.0,-0.09999999999999964,0.0,13.2,13.25,13.15,13.2,756.0,608.0,7760.0,2281.0,False,False
2887,2022-10-26 09:46:07.920722,-0.007547169811320753,0.0,-0.09999999999999964,0.0,13.2,13.25,13.15,13.2,815.0,608.0,7760.0,2281.0,False,False
2887,2022-10-26 09:46:08.408930,-0.007547169811320753,0.0,-0.09999999999999964,0.0,13.2,13.25,13.15,13.2,824.0,608.0,7760.0,2281.0,False,False
2887,2022-10-26 09:46:11.584178,-0.007547169811320753,0.0,-0.09999999999999964,0.0,13.2,13.25,13.15,13.2,824.0,606.0,7760.0,2281.0,False,False
2887,2022-10-26 09:46:13.634267,-0.007547169811320753,0.0,-0.09999999999999964,0.0,13.2,13.25,13.15,13.2,667.0,606.0,7760.0,2281.0,False,False
2887,2022-10-26 09:46:14.322312,-0.007547169811320753,0.0,-0.09999999999999964,0.0,13.2,13.25,13.15,13.2,667.0,606.0,7760.0,2281.0,False,False
2887,2022-10-26 09:46:17.675591,-0.007547169811320753,0.0,-0.09999999999999964,0.0,13.2,13.25,13.15,13.2,825.0,606.0,7760.0,2281.0,False,False
2887,2022-10-26 09:46:20.802903,-0.007547169811320753,0.0,-0.09999999999999964,0.0,13.2,13.25,13.15,13.2,1022.0,606.0,7760.0,2281.0,False,False
2887,2022-10-26 09:46:20.948134,-0.007547169811320753,0.0,-0.09999999999999964,0.0,13.2,13.25,13.15,13.2,1028.0,606.0,7760.0,2281.0,False,False
2887,2022-10-26 09:46:20.993431,-0.007547169811320753,0.0,-0.09999999999999964,0.0,13.2,13.25,13.15,13.2,1020.0,606.0,7760.0,2281.0,False,False
2887,2022-10-26 09:46:21.107614,-0.007547169811320753,0.0,-0.09999999999999964,0.0,13.2,13.25,13.15,13.2,1040.0,606.0,7760.0,2281.0,False,False
2887,2022-10-26 09:46:21.147939,-0.007547169811320753,0.0,-0.09999999999999964,0.0,13.2,13.25,13.15,13.2,1040.0,601.0,7760.0,2281.0,False,False
2887,2022-10-26 09:46:21.722955,-0.007547169811320753,0.0,-0.09999999999999964,0.0,13.2,13.25,13.15,13.2,1040.0,601.0,7760.0,2281.0,False,False
2887,2022-10-26 09:46:22.049613,-0.007547169811320753,0.0,-0.09999999999999964,0.0,13.2,13.25,13.15,13.2,1039.0,601.0,7760.0,2281.0,False,False
2887,2022-10-26 09:46:23.994392,-0.007547169811320753,0.0,-0.09999999999999964,0.0,13.2,13.25,13.15,13.2,1039.0,603.0,7760.0,2281.0,False,False
2887,2022-10-26 09:46:26.607470,-0.007547169811320753,0.0,-0.09999999999999964,0.0,13.2,13.25,13.15,13.2,1039.0,603.0,7760.0,2281.0,False,False
2887,2022-10-26 09:46:27.315307,-0.007547169811320753,0.0,-0.09999999999999964,0.0,13.2,13.25,13.15,13.2,1039.0,603.0,7760.0,2281.0,False,False
2887,2022-10-26 09:46:28.497017,-0.007547169811320753,0.0,-0.09999999999999964,0.0,13.2,13.25,13.15,13.2,1039.0,604.0,7760.0,2281.0,False,False
2887,2022-10-26 09:46:29.626081,-0.007547169811320753,0.0,-0.09999999999999964,0.0,13.2,13.25,13.15,13.2,881.0,604.0,7760.0,2281.0,False,False
2887,2022-10-26 09:46:29.664862,-0.007547169811320753,0.0,-0.09999999999999964,0.0,13.2,13.25,13.15,13.2,784.0,604.0,7760.0,2281.0,False,False
2887,2022-10-26 09:46:30.254407,-0.007547169811320753,0.0,-0.09999999999999964,0.0,13.2,13.25,13.15,13.2,785.0,604.0,7760.0,2281.0,False,False
2887,2022-10-26 09:46:30.762261,-0.007547169811320753,0.0,-0.09999999999999964,0.0,13.2,13.25,13.15,13.2,779.0,604.0,7760.0,2281.0,False,False
2887,2022-10-26 09:46:31.130406,-0.007547169811320753,0.0,-0.09999999999999964,0.0,13.2,13.25,13.15,13.2,656.0,604.0,7760.0,2281.0,False,False
2887,2022-10-26 09:46:33.698892,-0.007547169811320753,0.0,-0.09999999999999964,0.0,13.2,13.25,13.15,13.2,597.0,604.0,7760.0,2281.0,False,False
2887,2022-10-26 09:46:33.848197,-0.007547169811320753,0.0,-0.09999999999999964,0.0,13.2,13.25,13.15,13.2,597.0,604.0,7760.0,2281.0,False,False
2887,2022-10-26 09:46:34.277078,-0.007547169811320753,0.0,-0.09999999999999964,0.0,13.2,13.25,13.15,13.2,592.0,604.0,7760.0,2281.0,False,False
2887,2022-10-26 09:46:40.532233,-0.007547169811320753,0.0,-0.09999999999999964,0.0,13.2,13.25,13.15,13.2,592.0,604.0,7760.0,2281.0,False,False
2887,2022-10-26 09:46:41.656650,-0.007547169811320753,0.0,-0.09999999999999964,0.0,13.2,13.25,13.15,13.2,592.0,604.0,7760.0,2281.0,False,False
2887,2022-10-26 09:46:42.430040,-0.007547169811320753,0.0,-0.09999999999999964,0.0,13.2,13.25,13.15,13.2,592.0,613.0,7760.0,2281.0,False,False
2887,2022-10-26 09:46:43.480442,-0.007547169811320753,0.0,-0.09999999999999964,0.0,13.2,13.25,13.15,13.2,592.0,613.0,7760.0,2281.0,False,False
2887,2022-10-26 09:46:45.667821,-0.007547169811320753,0.0,-0.09999999999999964,0.0,13.2,13.25,13.15,13.2,748.0,613.0,7760.0,2281.0,False,False
2887,2022-10-26 09:46:45.763432,-0.007547169811320753,0.0,-0.09999999999999964,0.0,13.2,13.25,13.15,13.2,747.0,613.0,7760.0,2281.0,False,False
2887,2022-10-26 09:46:46.157980,-0.007547169811320753,0.0,-0.09999999999999964,0.0,13.2,13.25,13.15,13.2,872.0,613.0,7760.0,2281.0,False,False
2887,2022-10-26 09:46:46.646360,-0.007547169811320753,0.0,-0.09999999999999964,0.0,13.2,13.25,13.15,13.2,880.0,613.0,7760.0,2281.0,False,False
2887,2022-10-26 09:46:47.751559,-0.007547169811320753,0.0,-0.09999999999999964,0.0,13.2,13.25,13.15,13.2,880.0,613.0,7820.0,2201.0,True,True
2887,2022-10-26 09:46:48.484676,-0.007547169811320753,0.0,-0.09999999999999964,0.0,13.2,13.25,13.15,13.2,880.0,613.0,7820.0,2201.0,False,False
2887,2022-10-26 09:46:48.685638,-0.007547169811320753,0.0,-0.09999999999999964,0.0,13.2,13.25,13.15,13.2,880.0,613.0,7820.0,2201.0,False,False
2887,2022-10-26 09:46:49.767719,-0.007547169811320753,0.0,-0.09999999999999964,0.0,13.2,13.25,13.15,13.2,939.0,613.0,7820.0,2201.0,False,False
2887,2022-10-26 09:46:51.064072,-0.007547169811320753,0.0,-0.09999999999999964,0.0,13.2,13.25,13.15,13.2,939.0,613.0,7820.0,2201.0,False,False
2887,2022-10-26 09:46:51.557381,-0.007547169811320753,0.0,-0.09999999999999964,0.0,13.2,13.25,13.15,13.2,940.0,613.0,7820.0,2201.0,False,False
2887,2022-10-26 09:46:53.336776,-0.007547169811320753,0.0,-0.09999999999999964,0.0,13.2,13.25,13.15,13.2,940.0,613.0,7820.0,2201.0,False,False
2887,2022-10-26 09:46:54.419911,-0.007547169811320753,0.0,-0.09999999999999964,0.0,13.2,13.25,13.15,13.2,940.0,611.0,7820.0,2201.0,False,False
2887,2022-10-26 09:46:54.886664,-0.007547169811320753,0.0,-0.09999999999999964,0.0,13.2,13.25,13.15,13.2,940.0,603.0,7820.0,2201.0,False,False
2887,2022-10-26 09:46:54.982612,-0.007547169811320753,0.0,-0.09999999999999964,0.0,13.2,13.25,13.15,13.2,940.0,595.0,7820.0,2201.0,False,False
2887,2022-10-26 09:46:55.028847,-0.007547169811320753,0.0,-0.09999999999999964,0.0,13.2,13.25,13.15,13.2,947.0,595.0,7820.0,2201.0,False,False
2887,2022-10-26 09:46:55.956712,-0.007547169811320753,0.0,-0.09999999999999964,0.0,13.2,13.25,13.15,13.2,945.0,595.0,7820.0,2201.0,False,False
2887,2022-10-26 09:46:56.606389,-0.007547169811320753,0.0,-0.09999999999999964,0.0,13.2,13.25,13.15,13.2,789.0,595.0,7820.0,2201.0,False,False
2887,2022-10-26 09:46:57.586239,-0.007547169811320753,0.0,-0.09999999999999964,0.0,13.2,13.25,13.15,13.2,789.0,595.0,7820.0,2201.0,False,False
2887,2022-10-26 09:46:57.779604,-0.007547169811320753,0.0,-0.09999999999999964,0.0,13.2,13.25,13.15,13.2,789.0,595.0,7720.0,2248.0,True,True
2887,2022-10-26 09:46:59.115232,-0.007547169811320753,0.0,-0.09999999999999964,0.0,13.2,13.25,13.15,13.2,664.0,595.0,7720.0,2248.0,False,False
2887,2022-10-26 09:46:59.373640,-0.007547169811320753,0.0,-0.09999999999999964,0.0,13.2,13.25,13.15,13.2,659.0,595.0,7720.0,2248.0,False,False
2887,2022-10-26 09:47:01.029199,-0.007547169811320753,0.0,-0.09999999999999964,0.0,13.2,13.25,13.15,13.2,659.0,594.0,7720.0,2248.0,False,False
2887,2022-10-26 09:47:01.659743,-0.007547169811320753,0.0,-0.09999999999999964,0.0,13.2,13.25,13.15,13.2,817.0,594.0,7720.0,2248.0,False,False
2887,2022-10-26 09:47:01.691671,-0.007547169811320753,0.0,-0.09999999999999964,0.0,13.2,13.25,13.15,13.2,817.0,96.0,7720.0,2248.0,False,False
2887,2022-10-26 09:47:01.725712,-0.011278195488721776,0.0,-0.15000000000000036,0.0,13.2,13.3,13.15,13.2,817.0,601.0,7720.0,2248.0,False,False
2887,2022-10-26 09:47:01.747089,-0.011278195488721776,0.0037878787878788955,-0.15000000000000036,0.05000000000000071,13.25,13.3,13.15,13.2,236.0,543.0,7720.0,2248.0,False,False
2887,2022-10-26 09:47:01.752151,-0.011278195488721776,0.0037878787878788955,-0.15000000000000036,0.05000000000000071,13.25,13.3,13.15,13.2,330.0,543.0,7720.0,2248.0,False,False
2887,2022-10-26 09:47:01.780204,-0.011278195488721776,0.0037878787878788955,-0.15000000000000036,0.05000000000000071,13.25,13.3,13.15,13.2,353.0,561.0,7720.0,2248.0,False,False
2887,2022-10-26 09:47:01.782853,-0.011278195488721776,0.0037878787878788955,-0.15000000000000036,0.05000000000000071,13.25,13.3,13.15,13.2,353.0,561.0,7720.0,2248.0,False,False
2887,2022-10-26 09:47:01.821582,-0.011278195488721776,0.0037878787878788955,-0.15000000000000036,0.05000000000000071,13.25,13.3,13.15,13.2,452.0,561.0,7720.0,2248.0,False,False
2887,2022-10-26 09:47:02.147615,-0.011278195488721776,0.0037878787878788955,-0.15000000000000036,0.05000000000000071,13.25,13.3,13.15,13.2,578.0,561.0,7720.0,2248.0,False,False
2887,2022-10-26 09:47:02.255476,-0.011278195488721776,0.0037878787878788955,-0.15000000000000036,0.05000000000000071,13.25,13.3,13.15,13.2,667.0,561.0,7720.0,2248.0,False,False
2887,2022-10-26 09:47:02.528280,-0.011278195488721776,0.0037878787878788955,-0.15000000000000036,0.05000000000000071,13.25,13.3,13.15,13.2,666.0,561.0,7720.0,2248.0,False,False
2887,2022-10-26 09:47:02.528879,-0.011278195488721776,0.0037878787878788955,-0.15000000000000036,0.05000000000000071,13.25,13.3,13.15,13.2,666.0,561.0,7720.0,2248.0,False,False
2887,2022-10-26 09:47:02.606943,-0.011278195488721776,0.0037878787878788955,-0.15000000000000036,0.05000000000000071,13.25,13.3,13.15,13.2,824.0,561.0,7720.0,2248.0,False,False
2887,2022-10-26 09:47:02.817483,-0.011278195488721776,0.0037878787878788955,-0.15000000000000036,0.05000000000000071,13.25,13.3,13.15,13.2,824.0,561.0,7720.0,2248.0,False,False
2887,2022-10-26 09:47:02.881052,-0.011278195488721776,0.0037878787878788955,-0.15000000000000036,0.05000000000000071,13.25,13.3,13.15,13.2,835.0,561.0,7720.0,2248.0,False,False
2887,2022-10-26 09:47:02.993287,-0.011278195488721776,0.0037878787878788955,-0.15000000000000036,0.05000000000000071,13.25,13.3,13.15,13.2,835.0,561.0,7720.0,2248.0,False,False
2887,2022-10-26 09:47:03.092789,-0.011278195488721776,0.0037878787878788955,-0.15000000000000036,0.05000000000000071,13.25,13.3,13.15,13.2,825.0,561.0,7720.0,2248.0,False,False
2887,2022-10-26 09:47:03.404701,-0.011278195488721776,0.0037878787878788955,-0.15000000000000036,0.05000000000000071,13.25,13.3,13.15,13.2,825.0,561.0,7720.0,2248.0,False,False
2887,2022-10-26 09:47:03.455841,-0.011278195488721776,0.0037878787878788955,-0.15000000000000036,0.05000000000000071,13.25,13.3,13.15,13.2,825.0,559.0,7720.0,2248.0,False,False
2887,2022-10-26 09:47:03.654452,-0.011278195488721776,0.0037878787878788955,-0.15000000000000036,0.05000000000000071,13.25,13.3,13.15,13.2,825.0,551.0,7720.0,2248.0,False,False
2887,2022-10-26 09:47:03.729739,-0.011278195488721776,0.0037878787878788955,-0.15000000000000036,0.05000000000000071,13.25,13.3,13.15,13.2,825.0,551.0,7720.0,2248.0,False,False
2887,2022-10-26 09:47:03.738423,-0.011278195488721776,0.0037878787878788955,-0.15000000000000036,0.05000000000000071,13.25,13.3,13.15,13.2,825.0,543.0,7720.0,2248.0,False,False
2887,2022-10-26 09:47:03.734826,-0.011278195488721776,0.0037878787878788955,-0.15000000000000036,0.05000000000000071,13.25,13.3,13.15,13.2,825.0,551.0,7720.0,2248.0,False,False
2887,2022-10-26 09:47:03.889317,-0.011278195488721776,0.0037878787878788955,-0.15000000000000036,0.05000000000000071,13.25,13.3,13.15,13.2,938.0,537.0,7720.0,2248.0,False,False
2887,2022-10-26 09:47:03.914433,-0.011278195488721776,0.0037878787878788955,-0.15000000000000036,0.05000000000000071,13.25,13.3,13.15,13.2,926.0,537.0,7720.0,2248.0,False,False
2887,2022-10-26 09:47:03.978991,-0.011278195488721776,0.0037878787878788955,-0.15000000000000036,0.05000000000000071,13.25,13.3,13.15,13.2,926.0,525.0,7720.0,2248.0,False,False
2887,2022-10-26 09:47:04.205525,-0.011278195488721776,0.0037878787878788955,-0.15000000000000036,0.05000000000000071,13.25,13.3,13.15,13.2,944.0,525.0,7720.0,2248.0,False,False
2887,2022-10-26 09:47:04.252048,-0.011278195488721776,0.0037878787878788955,-0.15000000000000036,0.05000000000000071,13.25,13.3,13.15,13.2,944.0,525.0,7720.0,2248.0,False,False
2887,2022-10-26 09:47:04.344506,-0.011278195488721776,0.0037878787878788955,-0.15000000000000036,0.05000000000000071,13.25,13.3,13.15,13.2,963.0,525.0,7720.0,2248.0,False,False
2887,2022-10-26 09:47:04.305685,-0.011278195488721776,0.0037878787878788955,-0.15000000000000036,0.05000000000000071,13.25,13.3,13.15,13.2,971.0,525.0,7720.0,2248.0,False,False
2887,2022-10-26 09:47:05.684362,-0.011278195488721776,0.0037878787878788955,-0.15000000000000036,0.05000000000000071,13.25,13.3,13.15,13.2,963.0,525.0,7720.0,2248.0,False,False
2887,2022-10-26 09:47:05.782483,-0.011278195488721776,0.0037878787878788955,-0.15000000000000036,0.05000000000000071,13.25,13.3,13.15,13.2,1022.0,519.0,7720.0,2248.0,False,False
2887,2022-10-26 09:47:06.384904,-0.011278195488721776,0.0037878787878788955,-0.15000000000000036,0.05000000000000071,13.25,13.3,13.15,13.2,1027.0,519.0,7720.0,2248.0,False,False
2887,2022-10-26 09:47:06.981712,-0.011278195488721776,0.0037878787878788955,-0.15000000000000036,0.05000000000000071,13.25,13.3,13.15,13.2,931.0,519.0,7720.0,2248.0,False,False
2887,2022-10-26 09:47:07.345115,-0.011278195488721776,0.0037878787878788955,-0.15000000000000036,0.05000000000000071,13.25,13.3,13.15,13.2,835.0,519.0,7720.0,2248.0,False,False
2887,2022-10-26 09:47:07.805614,-0.011278195488721776,0.0037878787878788955,-0.15000000000000036,0.05000000000000071,13.25,13.3,13.15,13.2,835.0,519.0,7720.0,140.0,True,True
2887,2022-10-26 09:47:08.805971,-0.011278195488721776,0.0037878787878788955,-0.15000000000000036,0.05000000000000071,13.25,13.3,13.15,13.2,831.0,519.0,7720.0,140.0,False,False
2887,2022-10-26 09:47:11.303033,-0.011278195488721776,0.0037878787878788955,-0.15000000000000036,0.05000000000000071,13.25,13.3,13.15,13.2,831.0,510.0,7720.0,140.0,False,False
2887,2022-10-26 09:47:11.375262,-0.011278195488721776,0.0037878787878788955,-0.15000000000000036,0.05000000000000071,13.25,13.3,13.15,13.2,831.0,502.0,7720.0,140.0,False,False
2887,2022-10-26 09:47:11.813067,-0.011278195488721776,0.0037878787878788955,-0.15000000000000036,0.05000000000000071,13.25,13.3,13.15,13.2,830.0,502.0,7720.0,140.0,False,False
2887,2022-10-26 09:47:12.116935,-0.011278195488721776,0.0037878787878788955,-0.15000000000000036,0.05000000000000071,13.25,13.3,13.15,13.2,830.0,502.0,7720.0,140.0,False,False
2887,2022-10-26 09:47:12.121994,-0.011278195488721776,0.0037878787878788955,-0.15000000000000036,0.05000000000000071,13.25,13.3,13.15,13.2,830.0,502.0,7720.0,140.0,False,False
2887,2022-10-26 09:47:15.600327,-0.011278195488721776,0.0037878787878788955,-0.15000000000000036,0.05000000000000071,13.25,13.3,13.15,13.2,672.0,502.0,7720.0,140.0,False,False
2887,2022-10-26 09:47:16.255946,-0.011278195488721776,0.0037878787878788955,-0.15000000000000036,0.05000000000000071,13.25,13.3,13.15,13.2,671.0,502.0,7720.0,140.0,False,False
2887,2022-10-26 09:47:16.257194,-0.011278195488721776,0.0037878787878788955,-0.15000000000000036,0.05000000000000071,13.25,13.3,13.15,13.2,668.0,502.0,7720.0,140.0,False,False
2887,2022-10-26 09:47:16.635262,-0.011278195488721776,0.0037878787878788955,-0.15000000000000036,0.05000000000000071,13.25,13.3,13.15,13.2,668.0,501.0,7720.0,140.0,False,False
2887,2022-10-26 09:47:16.788567,-0.011278195488721776,0.0037878787878788955,-0.15000000000000036,0.05000000000000071,13.25,13.3,13.15,13.2,670.0,501.0,7720.0,140.0,False,False
2887,2022-10-26 09:47:17.107507,-0.011278195488721776,0.0037878787878788955,-0.15000000000000036,0.05000000000000071,13.25,13.3,13.15,13.2,544.0,501.0,7720.0,140.0,False,False
2887,2022-10-26 09:47:17.834721,-0.011278195488721776,0.0037878787878788955,-0.15000000000000036,0.05000000000000071,13.25,13.3,13.15,13.2,544.0,501.0,7720.0,140.0,True,True
2887,2022-10-26 09:47:19.675434,-0.011278195488721776,0.0037878787878788955,-0.15000000000000036,0.05000000000000071,13.25,13.3,13.15,13.2,485.0,501.0,7720.0,140.0,False,False
2887,2022-10-26 09:47:20.230618,-0.011278195488721776,0.0037878787878788955,-0.15000000000000036,0.05000000000000071,13.25,13.3,13.15,13.2,390.0,501.0,7720.0,140.0,False,False
2887,2022-10-26 09:47:20.263250,-0.011278195488721776,0.0037878787878788955,-0.15000000000000036,0.05000000000000071,13.25,13.3,13.15,13.2,322.0,501.0,7720.0,140.0,False,False
2887,2022-10-26 09:47:20.286572,-0.011278195488721776,0.0037878787878788955,-0.15000000000000036,0.05000000000000071,13.25,13.3,13.15,13.2,315.0,501.0,7720.0,140.0,False,False
2887,2022-10-26 09:47:20.855484,-0.011278195488721776,0.0037878787878788955,-0.15000000000000036,0.05000000000000071,13.25,13.3,13.15,13.2,309.0,501.0,7720.0,140.0,False,False
2887,2022-10-26 09:47:20.889870,-0.011278195488721776,0.0037878787878788955,-0.15000000000000036,0.05000000000000071,13.25,13.3,13.15,13.2,309.0,525.0,7720.0,140.0,False,False
2887,2022-10-26 09:47:20.923991,-0.011278195488721776,0.0037878787878788955,-0.15000000000000036,0.05000000000000071,13.25,13.3,13.15,13.2,309.0,550.0,7720.0,140.0,False,False
2887,2022-10-26 09:47:24.140020,-0.011278195488721776,0.0037878787878788955,-0.15000000000000036,0.05000000000000071,13.25,13.3,13.15,13.2,438.0,550.0,7720.0,140.0,False,False
2887,2022-10-26 09:47:24.170021,-0.011278195488721776,0.0037878787878788955,-0.15000000000000036,0.05000000000000071,13.25,13.3,13.15,13.2,462.0,550.0,7720.0,140.0,False,False
2887,2022-10-26 09:47:24.222653,-0.011278195488721776,0.0037878787878788955,-0.15000000000000036,0.05000000000000071,13.25,13.3,13.15,13.2,463.0,550.0,7720.0,140.0,False,False
2887,2022-10-26 09:47:25.643895,-0.011278195488721776,0.0037878787878788955,-0.15000000000000036,0.05000000000000071,13.25,13.3,13.15,13.2,620.0,550.0,7720.0,140.0,False,False
2887,2022-10-26 09:47:26.297404,-0.011278195488721776,0.0037878787878788955,-0.15000000000000036,0.05000000000000071,13.25,13.3,13.15,13.2,626.0,550.0,7720.0,140.0,False,False
2887,2022-10-26 09:47:27.663942,-0.011278195488721776,0.0037878787878788955,-0.15000000000000036,0.05000000000000071,13.25,13.3,13.15,13.2,626.0,542.0,7720.0,140.0,False,False
2887,2022-10-26 09:47:27.715625,-0.011278195488721776,0.0037878787878788955,-0.15000000000000036,0.05000000000000071,13.25,13.3,13.15,13.2,626.0,517.0,7720.0,140.0,False,False
2887,2022-10-26 09:47:27.729524,-0.011278195488721776,0.0037878787878788955,-0.15000000000000036,0.05000000000000071,13.25,13.3,13.15,13.2,655.0,518.0,7720.0,140.0,False,False
2887,2022-10-26 09:47:27.749590,-0.011278195488721776,0.0037878787878788955,-0.15000000000000036,0.05000000000000071,13.25,13.3,13.15,13.2,655.0,510.0,7720.0,140.0,False,False
2887,2022-10-26 09:47:27.861134,-0.011278195488721776,0.0037878787878788955,-0.15000000000000036,0.05000000000000071,13.25,13.3,13.15,13.2,655.0,510.0,7720.0,141.0,True,True
2887,2022-10-26 09:47:27.791635,-0.011278195488721776,0.0037878787878788955,-0.15000000000000036,0.05000000000000071,13.25,13.3,13.15,13.2,714.0,486.0,7720.0,141.0,False,False
2887,2022-10-26 09:47:28.345533,-0.011278195488721776,0.0037878787878788955,-0.15000000000000036,0.05000000000000071,13.25,13.3,13.15,13.2,714.0,486.0,7720.0,141.0,False,False
2887,2022-10-26 09:47:28.407200,-0.011278195488721776,0.0037878787878788955,-0.15000000000000036,0.05000000000000071,13.25,13.3,13.15,13.2,715.0,486.0,7720.0,141.0,False,False
2887,2022-10-26 09:47:29.511798,-0.011278195488721776,0.0037878787878788955,-0.15000000000000036,0.05000000000000071,13.25,13.3,13.15,13.2,710.0,486.0,7720.0,141.0,False,False
2887,2022-10-26 09:47:30.565356,-0.011278195488721776,0.0037878787878788955,-0.15000000000000036,0.05000000000000071,13.25,13.3,13.15,13.2,710.0,489.0,7720.0,141.0,False,False
2887,2022-10-26 09:47:31.977067,-0.011278195488721776,0.0037878787878788955,-0.15000000000000036,0.05000000000000071,13.25,13.3,13.15,13.2,710.0,489.0,7720.0,141.0,False,False
2887,2022-10-26 09:47:32.583653,-0.011278195488721776,0.0037878787878788955,-0.15000000000000036,0.05000000000000071,13.25,13.3,13.15,13.2,553.0,489.0,7720.0,141.0,False,False
2887,2022-10-26 09:47:33.093964,-0.011278195488721776,0.0037878787878788955,-0.15000000000000036,0.05000000000000071,13.25,13.3,13.15,13.2,553.0,489.0,7720.0,141.0,False,False
2887,2022-10-26 09:47:37.894256,-0.007518796992481258,0.0,-0.10000000000000142,0.0,13.25,13.3,13.2,13.25,553.0,489.0,758.0,3712.0,True,True
2887,2022-10-26 09:47:39.052857,-0.007518796992481258,0.0,-0.10000000000000142,0.0,13.25,13.3,13.2,13.25,553.0,489.0,758.0,3712.0,False,False
2887,2022-10-26 09:47:39.394972,-0.007518796992481258,0.0,-0.10000000000000142,0.0,13.25,13.3,13.2,13.25,553.0,490.0,758.0,3712.0,False,False
2887,2022-10-26 09:47:42.265471,-0.007518796992481258,0.0,-0.10000000000000142,0.0,13.25,13.3,13.2,13.25,553.0,493.0,758.0,3712.0,False,False
2887,2022-10-26 09:47:45.130866,-0.007518796992481258,0.0,-0.10000000000000142,0.0,13.25,13.3,13.2,13.25,553.0,493.0,758.0,3712.0,False,False
2887,2022-10-26 09:47:46.620190,-0.007518796992481258,0.0,-0.10000000000000142,0.0,13.25,13.3,13.2,13.25,553.0,494.0,758.0,3712.0,False,False
2887,2022-10-26 09:47:46.885088,-0.007518796992481258,0.0,-0.10000000000000142,0.0,13.25,13.3,13.2,13.25,553.0,493.0,758.0,3712.0,False,False
2887,2022-10-26 09:47:47.634628,-0.007518796992481258,0.0,-0.10000000000000142,0.0,13.25,13.3,13.2,13.25,708.0,493.0,758.0,3712.0,False,False
2887,2022-10-26 09:47:47.925679,-0.007518796992481258,0.0,-0.10000000000000142,0.0,13.25,13.3,13.2,13.25,708.0,493.0,758.0,3760.0,True,True
2887,2022-10-26 09:47:48.110167,-0.007518796992481258,0.0,-0.10000000000000142,0.0,13.25,13.3,13.2,13.25,708.0,493.0,758.0,3760.0,False,False
2887,2022-10-26 09:47:49.576660,-0.007518796992481258,0.0,-0.10000000000000142,0.0,13.25,13.3,13.2,13.25,553.0,493.0,758.0,3760.0,False,False
2887,2022-10-26 09:47:50.095453,-0.007518796992481258,0.0,-0.10000000000000142,0.0,13.25,13.3,13.2,13.25,424.0,493.0,758.0,3760.0,False,False
2887,2022-10-26 09:47:51.224974,-0.007518796992481258,0.0,-0.10000000000000142,0.0,13.25,13.3,13.2,13.25,424.0,493.0,758.0,3760.0,False,False
2887,2022-10-26 09:47:51.317099,-0.007518796992481258,0.0,-0.10000000000000142,0.0,13.25,13.3,13.2,13.25,420.0,493.0,758.0,3760.0,False,False
2887,2022-10-26 09:47:51.662605,-0.007518796992481258,0.0,-0.10000000000000142,0.0,13.25,13.3,13.2,13.25,361.0,493.0,758.0,3760.0,False,False
2887,2022-10-26 09:47:52.574824,-0.007518796992481258,0.0,-0.10000000000000142,0.0,13.25,13.3,13.2,13.25,361.0,518.0,758.0,3760.0,False,False
2887,2022-10-26 09:47:52.805424,-0.007518796992481258,0.0,-0.10000000000000142,0.0,13.25,13.3,13.2,13.25,361.0,518.0,758.0,3760.0,False,False
2887,2022-10-26 09:47:53.107568,-0.007518796992481258,0.0,-0.10000000000000142,0.0,13.25,13.3,13.2,13.25,361.0,542.0,758.0,3760.0,False,False
2887,2022-10-26 09:47:53.717226,-0.007518796992481258,0.0,-0.10000000000000142,0.0,13.25,13.3,13.2,13.25,361.0,545.0,758.0,3760.0,False,False
2887,2022-10-26 09:47:54.456928,-0.007518796992481258,0.0,-0.10000000000000142,0.0,13.25,13.3,13.2,13.25,361.0,546.0,758.0,3760.0,False,False
2887,2022-10-26 09:47:54.471105,-0.007518796992481258,0.0,-0.10000000000000142,0.0,13.25,13.3,13.2,13.25,361.0,545.0,758.0,3760.0,False,False
2887,2022-10-26 09:47:55.879989,-0.007518796992481258,0.0,-0.10000000000000142,0.0,13.25,13.3,13.2,13.25,361.0,545.0,758.0,3760.0,False,False
2887,2022-10-26 09:47:56.908859,-0.007518796992481258,0.0,-0.10000000000000142,0.0,13.25,13.3,13.2,13.25,361.0,545.0,758.0,3760.0,False,False
2887,2022-10-26 09:47:57.951503,-0.007518796992481258,0.0,-0.10000000000000142,0.0,13.25,13.3,13.2,13.25,361.0,545.0,1064.0,3760.0,True,True
2887,2022-10-26 09:47:59.130221,-0.007518796992481258,0.0,-0.10000000000000142,0.0,13.25,13.3,13.2,13.25,361.0,545.0,1064.0,3760.0,False,False
2887,2022-10-26 09:48:00.071045,-0.007518796992481258,0.0,-0.10000000000000142,0.0,13.25,13.3,13.2,13.25,369.0,545.0,1064.0,3760.0,False,False
2887,2022-10-26 09:48:00.546565,-0.007518796992481258,0.0,-0.10000000000000142,0.0,13.25,13.3,13.2,13.25,369.0,547.0,1064.0,3760.0,False,False
2887,2022-10-26 09:48:00.873052,-0.007518796992481258,0.0,-0.10000000000000142,0.0,13.25,13.3,13.2,13.25,369.0,547.0,1064.0,3760.0,False,False
2887,2022-10-26 09:48:01.740798,-0.007518796992481258,0.0,-0.10000000000000142,0.0,13.25,13.3,13.2,13.25,346.0,547.0,1064.0,3760.0,False,False
2887,2022-10-26 09:48:02.280462,-0.007518796992481258,0.0,-0.10000000000000142,0.0,13.25,13.3,13.2,13.25,346.0,547.0,1064.0,3760.0,False,False
2887,2022-10-26 09:48:04.412398,-0.007518796992481258,0.0,-0.10000000000000142,0.0,13.25,13.3,13.2,13.25,346.0,547.0,1064.0,3760.0,False,False
2887,2022-10-26 09:48:04.810831,-0.007518796992481258,0.0,-0.10000000000000142,0.0,13.25,13.3,13.2,13.25,346.0,547.0,1064.0,3760.0,False,False
2887,2022-10-26 09:48:05.537016,-0.007518796992481258,0.0,-0.10000000000000142,0.0,13.25,13.3,13.2,13.25,346.0,517.0,1064.0,3760.0,False,False
2887,2022-10-26 09:48:05.691437,-0.007518796992481258,0.0,-0.10000000000000142,0.0,13.25,13.3,13.2,13.25,346.0,517.0,1064.0,3760.0,False,False
2887,2022-10-26 09:48:06.901478,-0.007518796992481258,0.0,-0.10000000000000142,0.0,13.25,13.3,13.2,13.25,346.0,507.0,1064.0,3760.0,False,False
2887,2022-10-26 09:48:07.537726,-0.007518796992481258,0.0,-0.10000000000000142,0.0,13.25,13.3,13.2,13.25,346.0,507.0,1064.0,3760.0,False,False
2887,2022-10-26 09:48:07.874661,-0.007518796992481258,0.0,-0.10000000000000142,0.0,13.25,13.3,13.2,13.25,346.0,511.0,1064.0,3760.0,False,False
2887,2022-10-26 09:48:07.981248,-0.007518796992481258,0.0,-0.10000000000000142,0.0,13.25,13.3,13.2,13.25,346.0,511.0,1074.0,3760.0,True,True
2887,2022-10-26 09:48:10.036830,-0.007518796992481258,0.0,-0.10000000000000142,0.0,13.25,13.3,13.2,13.25,347.0,511.0,1074.0,3760.0,False,False
2887,2022-10-26 09:48:10.145646,-0.007518796992481258,0.0,-0.10000000000000142,0.0,13.25,13.3,13.2,13.25,347.0,511.0,1074.0,3760.0,False,False
2887,2022-10-26 09:48:11.217558,-0.007518796992481258,0.0,-0.10000000000000142,0.0,13.25,13.3,13.2,13.25,348.0,511.0,1074.0,3760.0,False,False
2887,2022-10-26 09:48:11.575538,-0.007518796992481258,0.0,-0.10000000000000142,0.0,13.25,13.3,13.2,13.25,348.0,511.0,1074.0,3760.0,False,False
2887,2022-10-26 09:48:12.563756,-0.007518796992481258,0.0,-0.10000000000000142,0.0,13.25,13.3,13.2,13.25,348.0,511.0,1074.0,3760.0,False,False
2887,2022-10-26 09:48:15.119849,-0.007518796992481258,0.0,-0.10000000000000142,0.0,13.25,13.3,13.2,13.25,348.0,507.0,1074.0,3760.0,False,False
2887,2022-10-26 09:48:15.121705,-0.007518796992481258,0.0,-0.10000000000000142,0.0,13.25,13.3,13.2,13.25,346.0,507.0,1074.0,3760.0,False,False
2887,2022-10-26 09:48:15.124391,-0.007518796992481258,0.0,-0.10000000000000142,0.0,13.25,13.3,13.2,13.25,342.0,507.0,1074.0,3760.0,False,False
2887,2022-10-26 09:48:15.573646,-0.007518796992481258,0.0,-0.10000000000000142,0.0,13.25,13.3,13.2,13.25,342.0,507.0,1074.0,3760.0,False,False
2887,2022-10-26 09:48:17.976244,-0.007518796992481258,0.0,-0.10000000000000142,0.0,13.25,13.3,13.2,13.25,340.0,507.0,1074.0,3760.0,False,False
2887,2022-10-26 09:48:18.200516,-0.007518796992481258,0.0,-0.10000000000000142,0.0,13.25,13.3,13.2,13.25,340.0,507.0,1074.0,3760.0,False,False
2887,2022-10-26 09:48:18.210605,-0.007518796992481258,0.0,-0.10000000000000142,0.0,13.25,13.3,13.2,13.25,341.0,507.0,1074.0,3760.0,False,False
2887,2022-10-26 09:48:18.524023,-0.007518796992481258,0.0,-0.10000000000000142,0.0,13.25,13.3,13.2,13.25,344.0,507.0,1074.0,3760.0,False,False
2887,2022-10-26 09:48:19.224408,-0.007518796992481258,0.0,-0.10000000000000142,0.0,13.25,13.3,13.2,13.25,344.0,508.0,1074.0,3760.0,False,False
2887,2022-10-26 09:48:19.647246,-0.007518796992481258,0.0,-0.10000000000000142,0.0,13.25,13.3,13.2,13.25,344.0,508.0,1074.0,3760.0,False,False
2887,2022-10-26 09:48:19.874703,-0.007518796992481258,0.0,-0.10000000000000142,0.0,13.25,13.3,13.2,13.25,344.0,505.0,1074.0,3760.0,False,False
2887,2022-10-26 09:48:24.897456,-0.007518796992481258,0.0,-0.10000000000000142,0.0,13.25,13.3,13.2,13.25,344.0,505.0,1074.0,3760.0,False,False
2887,2022-10-26 09:48:28.041506,-0.007518796992481258,0.0,-0.10000000000000142,0.0,13.25,13.3,13.2,13.25,344.0,505.0,1074.0,3850.0,True,True
2887,2022-10-26 09:48:28.176010,-0.007518796992481258,0.0,-0.10000000000000142,0.0,13.25,13.3,13.2,13.25,345.0,505.0,1074.0,3850.0,False,False
2887,2022-10-26 09:48:29.932090,-0.007518796992481258,0.0,-0.10000000000000142,0.0,13.25,13.3,13.2,13.25,345.0,506.0,1074.0,3850.0,False,False
2887,2022-10-26 09:48:30.163909,-0.007518796992481258,0.0,-0.10000000000000142,0.0,13.25,13.3,13.2,13.25,345.0,508.0,1074.0,3850.0,False,False
2887,2022-10-26 09:48:30.309791,-0.007518796992481258,0.0,-0.10000000000000142,0.0,13.25,13.3,13.2,13.25,345.0,510.0,1074.0,3850.0,False,False
2887,2022-10-26 09:48:36.702626,-0.007518796992481258,0.0,-0.10000000000000142,0.0,13.25,13.3,13.2,13.25,345.0,510.0,1074.0,3850.0,False,False
2887,2022-10-26 09:48:38.069593,-0.007518796992481258,0.0,-0.10000000000000142,0.0,13.25,13.3,13.2,13.25,345.0,510.0,1014.0,3850.0,True,True
2887,2022-10-26 09:48:38.357909,-0.007518796992481258,0.0,-0.10000000000000142,0.0,13.25,13.3,13.2,13.25,333.0,510.0,1014.0,3850.0,False,False
2887,2022-10-26 09:48:39.903043,-0.007518796992481258,0.0,-0.10000000000000142,0.0,13.25,13.3,13.2,13.25,333.0,510.0,1014.0,3850.0,False,False
2887,2022-10-26 09:48:40.131760,-0.007518796992481258,0.0,-0.10000000000000142,0.0,13.25,13.3,13.2,13.25,333.0,510.0,1014.0,3850.0,False,False
2887,2022-10-26 09:48:40.600206,-0.007518796992481258,0.0,-0.10000000000000142,0.0,13.25,13.3,13.2,13.25,333.0,510.0,1014.0,3850.0,False,False
2887,2022-10-26 09:48:41.944937,-0.007518796992481258,0.0,-0.10000000000000142,0.0,13.25,13.3,13.2,13.25,333.0,509.0,1014.0,3850.0,False,False
2887,2022-10-26 09:48:46.909530,-0.007518796992481258,0.0,-0.10000000000000142,0.0,13.25,13.3,13.2,13.25,333.0,509.0,1014.0,3850.0,False,False
2887,2022-10-26 09:48:47.231833,-0.007518796992481258,0.0,-0.10000000000000142,0.0,13.25,13.3,13.2,13.25,333.0,509.0,1014.0,3850.0,False,False
2887,2022-10-26 09:48:48.100750,-0.007518796992481258,0.0,-0.10000000000000142,0.0,13.25,13.3,13.2,13.25,333.0,509.0,1014.0,3850.0,True,True
2887,2022-10-26 09:48:50.122921,-0.007518796992481258,0.0,-0.10000000000000142,0.0,13.25,13.3,13.2,13.25,333.0,510.0,1014.0,3850.0,False,False
2887,2022-10-26 09:48:50.226788,-0.007518796992481258,0.0,-0.10000000000000142,0.0,13.25,13.3,13.2,13.25,215.0,510.0,1014.0,3850.0,False,False
2887,2022-10-26 09:48:53.190276,-0.007518796992481258,0.0,-0.10000000000000142,0.0,13.25,13.3,13.2,13.25,215.0,511.0,1014.0,3850.0,False,False
2887,2022-10-26 09:48:53.250686,-0.007518796992481258,0.0,-0.10000000000000142,0.0,13.25,13.3,13.2,13.25,215.0,510.0,1014.0,3850.0,False,False
2887,2022-10-26 09:48:54.038342,-0.007518796992481258,0.0,-0.10000000000000142,0.0,13.25,13.3,13.2,13.25,215.0,510.0,1014.0,3850.0,False,False
2887,2022-10-26 09:48:54.298787,-0.007518796992481258,0.0,-0.10000000000000142,0.0,13.25,13.3,13.2,13.25,215.0,510.0,1014.0,3850.0,False,False
2887,2022-10-26 09:48:55.162999,-0.007518796992481258,0.0,-0.10000000000000142,0.0,13.25,13.3,13.2,13.25,215.0,512.0,1014.0,3850.0,False,False
2887,2022-10-26 09:48:55.692880,-0.007518796992481258,0.0,-0.10000000000000142,0.0,13.25,13.3,13.2,13.25,215.0,507.0,1014.0,3850.0,False,False
2887,2022-10-26 09:48:57.754314,-0.007518796992481258,0.0,-0.10000000000000142,0.0,13.25,13.3,13.2,13.25,216.0,507.0,1014.0,3850.0,False,False
2887,2022-10-26 09:48:57.798505,-0.007518796992481258,0.0,-0.10000000000000142,0.0,13.25,13.3,13.2,13.25,216.0,508.0,1014.0,3850.0,False,False
2887,2022-10-26 09:48:58.126772,-0.007518796992481258,0.0,-0.10000000000000142,0.0,13.25,13.3,13.2,13.25,216.0,508.0,3322.0,3950.0,True,True
2887,2022-10-26 09:48:58.475355,-0.007518796992481258,0.0,-0.10000000000000142,0.0,13.25,13.3,13.2,13.25,216.0,509.0,3322.0,3950.0,False,False
2887,2022-10-26 09:48:58.991480,-0.007518796992481258,0.0,-0.10000000000000142,0.0,13.25,13.3,13.2,13.25,213.0,506.0,3322.0,3950.0,False,False
2887,2022-10-26 09:49:01.841358,-0.007518796992481258,0.0,-0.10000000000000142,0.0,13.25,13.3,13.2,13.25,213.0,506.0,3322.0,3950.0,False,False
2887,2022-10-26 09:49:05.639912,-0.007518796992481258,0.0,-0.10000000000000142,0.0,13.25,13.3,13.2,13.25,223.0,506.0,3322.0,3950.0,False,False
2887,2022-10-26 09:49:06.185846,-0.007518796992481258,0.0,-0.10000000000000142,0.0,13.25,13.3,13.2,13.25,223.0,516.0,3322.0,3950.0,False,False
2887,2022-10-26 09:49:07.759786,-0.007518796992481258,0.0,-0.10000000000000142,0.0,13.25,13.3,13.2,13.25,223.0,516.0,5471.0,3940.0,False,True
2887,2022-10-26 09:49:09.004001,-0.007518796992481258,0.0,-0.10000000000000142,0.0,13.25,13.3,13.2,13.25,223.0,516.0,5471.0,3940.0,False,False
2887,2022-10-26 09:49:09.224309,-0.007518796992481258,0.0,-0.10000000000000142,0.0,13.25,13.3,13.2,13.25,223.0,516.0,5471.0,3940.0,False,False
2887,2022-10-26 09:49:09.449763,-0.007518796992481258,0.0,-0.10000000000000142,0.0,13.25,13.3,13.2,13.25,223.0,516.0,5471.0,3940.0,False,False
2887,2022-10-26 09:49:12.354605,-0.007518796992481258,0.0,-0.10000000000000142,0.0,13.25,13.3,13.2,13.25,223.0,546.0,5471.0,3940.0,False,False
2887,2022-10-26 09:49:12.646080,-0.007518796992481258,0.0,-0.10000000000000142,0.0,13.25,13.3,13.2,13.25,223.0,506.0,5471.0,3940.0,False,False
2887,2022-10-26 09:49:16.082428,-0.007518796992481258,0.0,-0.10000000000000142,0.0,13.25,13.3,13.2,13.25,223.0,507.0,5471.0,3940.0,False,False
2887,2022-10-26 09:49:17.786181,-0.007518796992481258,0.0,-0.10000000000000142,0.0,13.25,13.3,13.2,13.25,223.0,507.0,6553.0,3940.0,True,True
2887,2022-10-26 09:49:18.528331,-0.007518796992481258,0.0,-0.10000000000000142,0.0,13.25,13.3,13.2,13.25,225.0,507.0,6553.0,3940.0,False,False
2887,2022-10-26 09:49:18.736673,-0.007518796992481258,0.0,-0.10000000000000142,0.0,13.25,13.3,13.2,13.25,225.0,507.0,6553.0,3940.0,False,False
2887,2022-10-26 09:49:18.847848,-0.007518796992481258,0.0,-0.10000000000000142,0.0,13.25,13.3,13.2,13.25,225.0,507.0,6553.0,3940.0,False,False
2887,2022-10-26 09:49:19.481409,-0.007518796992481258,0.0,-0.10000000000000142,0.0,13.25,13.3,13.2,13.25,226.0,507.0,6553.0,3940.0,False,False
2887,2022-10-26 09:49:19.620807,-0.007518796992481258,0.0,-0.10000000000000142,0.0,13.25,13.3,13.2,13.25,226.0,497.0,6553.0,3940.0,False,False
2887,2022-10-26 09:49:20.277544,-0.007518796992481258,0.0,-0.10000000000000142,0.0,13.25,13.3,13.2,13.25,226.0,499.0,6553.0,3940.0,False,False
2887,2022-10-26 09:49:22.584849,-0.007518796992481258,0.0,-0.10000000000000142,0.0,13.25,13.3,13.2,13.25,226.0,489.0,6553.0,3940.0,False,False
2887,2022-10-26 09:49:25.936397,-0.007518796992481258,0.0,-0.10000000000000142,0.0,13.25,13.3,13.2,13.25,227.0,489.0,6553.0,3940.0,False,False
2887,2022-10-26 09:49:27.813906,-0.007518796992481258,0.0,-0.10000000000000142,0.0,13.25,13.3,13.2,13.25,227.0,489.0,6325.0,3940.0,True,True
2887,2022-10-26 09:49:28.586874,-0.007518796992481258,0.0,-0.10000000000000142,0.0,13.25,13.3,13.2,13.25,227.0,489.0,6325.0,3940.0,False,False
2887,2022-10-26 09:49:29.532287,-0.007518796992481258,0.0,-0.10000000000000142,0.0,13.25,13.3,13.2,13.25,229.0,489.0,6325.0,3940.0,False,False
2887,2022-10-26 09:49:31.722159,-0.007518796992481258,0.0,-0.10000000000000142,0.0,13.25,13.3,13.2,13.25,229.0,488.0,6325.0,3940.0,False,False
2887,2022-10-26 09:49:32.032829,-0.007518796992481258,0.0,-0.10000000000000142,0.0,13.25,13.3,13.2,13.25,229.0,489.0,6325.0,3940.0,False,False
2887,2022-10-26 09:49:32.335447,-0.007518796992481258,0.0,-0.10000000000000142,0.0,13.25,13.3,13.2,13.25,228.0,489.0,6325.0,3940.0,False,False
2887,2022-10-26 09:49:32.732616,-0.007518796992481258,0.0,-0.10000000000000142,0.0,13.25,13.3,13.2,13.25,228.0,489.0,6325.0,3940.0,False,False
2887,2022-10-26 09:49:33.154576,-0.007518796992481258,0.0,-0.10000000000000142,0.0,13.25,13.3,13.2,13.25,228.0,489.0,6325.0,3940.0,False,False
2887,2022-10-26 09:49:33.627407,-0.007518796992481258,0.0,-0.10000000000000142,0.0,13.25,13.3,13.2,13.25,228.0,489.0,6325.0,3940.0,False,False
2887,2022-10-26 09:49:34.208735,-0.007518796992481258,0.0,-0.10000000000000142,0.0,13.25,13.3,13.2,13.25,228.0,489.0,6325.0,3940.0,False,False
2887,2022-10-26 09:49:37.847856,-0.007518796992481258,0.0,-0.10000000000000142,0.0,13.25,13.3,13.2,13.25,228.0,489.0,6350.0,4040.0,True,True
2887,2022-10-26 09:49:39.161734,-0.007518796992481258,0.0,-0.10000000000000142,0.0,13.25,13.3,13.2,13.25,230.0,489.0,6350.0,4040.0,False,False
2887,2022-10-26 09:49:39.988024,-0.007518796992481258,0.0,-0.10000000000000142,0.0,13.25,13.3,13.2,13.25,230.0,491.0,6350.0,4040.0,False,False
2887,2022-10-26 09:49:41.125535,-0.007518796992481258,0.0,-0.10000000000000142,0.0,13.25,13.3,13.2,13.25,229.0,491.0,6350.0,4040.0,False,False
2887,2022-10-26 09:49:41.280410,-0.007518796992481258,0.0,-0.10000000000000142,0.0,13.25,13.3,13.2,13.25,230.0,491.0,6350.0,4040.0,False,False
2887,2022-10-26 09:49:45.014233,-0.007518796992481258,0.0,-0.10000000000000142,0.0,13.25,13.3,13.2,13.25,230.0,491.0,6350.0,4040.0,False,False
2887,2022-10-26 09:49:47.029465,-0.007518796992481258,0.0,-0.10000000000000142,0.0,13.25,13.3,13.2,13.25,231.0,491.0,6350.0,4040.0,False,False
2887,2022-10-26 09:49:47.884396,-0.007518796992481258,0.0,-0.10000000000000142,0.0,13.25,13.3,13.2,13.25,231.0,491.0,6350.0,4269.0,True,True
2887,2022-10-26 09:49:49.526929,-0.007518796992481258,0.0,-0.10000000000000142,0.0,13.25,13.3,13.2,13.25,231.0,491.0,6350.0,4269.0,False,False
2887,2022-10-26 09:49:52.142104,-0.007518796992481258,0.0,-0.10000000000000142,0.0,13.25,13.3,13.2,13.25,241.0,491.0,6350.0,4269.0,False,False
2887,2022-10-26 09:49:53.196257,-0.007518796992481258,0.0,-0.10000000000000142,0.0,13.25,13.3,13.2,13.25,241.0,496.0,6350.0,4269.0,False,False
2887,2022-10-26 09:49:54.527604,-0.007518796992481258,0.0,-0.10000000000000142,0.0,13.25,13.3,13.2,13.25,241.0,498.0,6350.0,4269.0,False,False
2887,2022-10-26 09:49:56.728119,-0.007518796992481258,0.0,-0.10000000000000142,0.0,13.25,13.3,13.2,13.25,241.0,498.0,6350.0,4269.0,False,False
2887,2022-10-26 09:49:57.969844,-0.007518796992481258,0.0,-0.10000000000000142,0.0,13.25,13.3,13.2,13.25,241.0,498.0,6350.0,4269.0,True,True
2887,2022-10-26 09:49:59.165287,-0.007518796992481258,0.0,-0.10000000000000142,0.0,13.25,13.3,13.2,13.25,241.0,498.0,6350.0,4269.0,False,False
2887,2022-10-26 09:49:59.296121,-0.007518796992481258,0.0,-0.10000000000000142,0.0,13.25,13.3,13.2,13.25,241.0,501.0,6350.0,4269.0,False,False
2887,2022-10-26 09:50:00.652884,-0.007518796992481258,0.0,-0.10000000000000142,0.0,13.25,13.3,13.2,13.25,396.0,501.0,6350.0,4269.0,False,False
2887,2022-10-26 09:50:00.683064,-0.007518796992481258,0.0,-0.10000000000000142,0.0,13.25,13.3,13.2,13.25,421.0,501.0,6350.0,4269.0,False,False
2887,2022-10-26 09:50:00.944824,-0.007518796992481258,0.0,-0.10000000000000142,0.0,13.25,13.3,13.2,13.25,421.0,500.0,6350.0,4269.0,False,False
2887,2022-10-26 09:50:01.425208,-0.007518796992481258,0.0,-0.10000000000000142,0.0,13.25,13.3,13.2,13.25,427.0,500.0,6350.0,4269.0,False,False
2887,2022-10-26 09:50:01.539840,-0.007518796992481258,0.0,-0.10000000000000142,0.0,13.25,13.3,13.2,13.25,427.0,500.0,6350.0,4269.0,False,False
2887,2022-10-26 09:50:01.974255,-0.007518796992481258,0.0,-0.10000000000000142,0.0,13.25,13.3,13.2,13.25,427.0,497.0,6350.0,4269.0,False,False
2887,2022-10-26 09:50:02.284556,-0.007518796992481258,0.0,-0.10000000000000142,0.0,13.25,13.3,13.2,13.25,427.0,447.0,6350.0,4269.0,False,False
2887,2022-10-26 09:50:02.306759,-0.007518796992481258,0.0,-0.10000000000000142,0.0,13.25,13.3,13.2,13.25,427.0,398.0,6350.0,4269.0,False,False
2887,2022-10-26 09:50:02.359705,-0.007518796992481258,0.0,-0.10000000000000142,0.0,13.25,13.3,13.2,13.25,427.0,371.0,6350.0,4269.0,False,False
2887,2022-10-26 09:50:02.607709,-0.007518796992481258,0.0,-0.10000000000000142,0.0,13.25,13.3,13.2,13.25,272.0,371.0,6350.0,4269.0,False,False
2887,2022-10-26 09:50:02.782821,-0.007518796992481258,0.0,-0.10000000000000142,0.0,13.25,13.3,13.2,13.25,268.0,371.0,6350.0,4269.0,False,False
2887,2022-10-26 09:50:03.034804,-0.007518796992481258,0.0,-0.10000000000000142,0.0,13.25,13.3,13.2,13.25,268.0,371.0,6350.0,4269.0,False,False
2887,2022-10-26 09:50:05.186996,-0.007518796992481258,0.0,-0.10000000000000142,0.0,13.25,13.3,13.2,13.25,273.0,371.0,6350.0,4269.0,False,False
2887,2022-10-26 09:50:05.767730,-0.007518796992481258,0.0,-0.10000000000000142,0.0,13.25,13.3,13.2,13.25,273.0,379.0,6350.0,4269.0,False,False
2887,2022-10-26 09:50:06.068819,-0.007518796992481258,0.0,-0.10000000000000142,0.0,13.25,13.3,13.2,13.25,273.0,379.0,6350.0,4269.0,False,False
2887,2022-10-26 09:50:08.058229,-0.007518796992481258,0.0,-0.10000000000000142,0.0,13.25,13.3,13.2,13.25,273.0,379.0,5919.0,4269.0,True,True
2887,2022-10-26 09:50:12.066081,-0.007518796992481258,0.0,-0.10000000000000142,0.0,13.25,13.3,13.2,13.25,273.0,378.0,5919.0,4269.0,False,False
2887,2022-10-26 09:50:12.137777,-0.007518796992481258,0.0,-0.10000000000000142,0.0,13.25,13.3,13.2,13.25,273.0,378.0,5919.0,4269.0,False,False
2887,2022-10-26 09:50:12.382904,-0.007518796992481258,0.0,-0.10000000000000142,0.0,13.25,13.3,13.2,13.25,273.0,379.0,5919.0,4269.0,False,False
2887,2022-10-26 09:50:14.132329,-0.007518796992481258,0.0,-0.10000000000000142,0.0,13.25,13.3,13.2,13.25,274.0,379.0,5919.0,4269.0,False,False
2887,2022-10-26 09:50:15.346389,-0.007518796992481258,0.0,-0.10000000000000142,0.0,13.25,13.3,13.2,13.25,274.0,380.0,5919.0,4269.0,False,False
2887,2022-10-26 09:50:16.316745,-0.007518796992481258,0.0,-0.10000000000000142,0.0,13.25,13.3,13.2,13.25,274.0,376.0,5919.0,4269.0,False,False
2887,2022-10-26 09:50:16.642517,-0.007518796992481258,0.0,-0.10000000000000142,0.0,13.25,13.3,13.2,13.25,274.0,376.0,5919.0,4269.0,False,False
2887,2022-10-26 09:50:17.131689,-0.007518796992481258,0.0,-0.10000000000000142,0.0,13.25,13.3,13.2,13.25,275.0,376.0,5919.0,4269.0,False,False
2887,2022-10-26 09:50:17.688788,-0.007518796992481258,0.0,-0.10000000000000142,0.0,13.25,13.3,13.2,13.25,275.0,377.0,5919.0,4269.0,False,False
2887,2022-10-26 09:50:18.122587,-0.007518796992481258,0.0,-0.10000000000000142,0.0,13.25,13.3,13.2,13.25,275.0,377.0,6399.0,4269.0,True,True
2887,2022-10-26 09:50:19.678682,-0.007518796992481258,0.0,-0.10000000000000142,0.0,13.25,13.3,13.2,13.25,275.0,377.0,6399.0,4269.0,False,False
2887,2022-10-26 09:50:20.891302,-0.007518796992481258,0.0,-0.10000000000000142,0.0,13.25,13.3,13.2,13.25,275.0,377.0,6399.0,4269.0,False,False
2887,2022-10-26 09:50:21.701084,-0.007518796992481258,0.0,-0.10000000000000142,0.0,13.25,13.3,13.2,13.25,275.0,377.0,6399.0,4269.0,False,False
2887,2022-10-26 09:50:22.041173,-0.007518796992481258,0.0,-0.10000000000000142,0.0,13.25,13.3,13.2,13.25,275.0,376.0,6399.0,4269.0,False,False
2887,2022-10-26 09:50:22.680998,-0.007518796992481258,0.0,-0.10000000000000142,0.0,13.25,13.3,13.2,13.25,275.0,376.0,6399.0,4269.0,False,False
2887,2022-10-26 09:50:22.780959,-0.007518796992481258,0.0,-0.10000000000000142,0.0,13.25,13.3,13.2,13.25,275.0,377.0,6399.0,4269.0,False,False
2887,2022-10-26 09:50:24.247293,-0.007518796992481258,0.0,-0.10000000000000142,0.0,13.25,13.3,13.2,13.25,275.0,377.0,6399.0,4269.0,False,False
2887,2022-10-26 09:50:24.602724,-0.007518796992481258,0.0,-0.10000000000000142,0.0,13.25,13.3,13.2,13.25,275.0,377.0,6399.0,4269.0,False,False
2887,2022-10-26 09:50:27.856280,-0.007518796992481258,0.0,-0.10000000000000142,0.0,13.25,13.3,13.2,13.25,275.0,376.0,6399.0,4269.0,False,False
2887,2022-10-26 09:50:28.174443,-0.007518796992481258,0.0,-0.10000000000000142,0.0,13.25,13.3,13.2,13.25,275.0,376.0,6499.0,4269.0,True,True
2887,2022-10-26 09:50:29.725002,-0.007518796992481258,0.0,-0.10000000000000142,0.0,13.25,13.3,13.2,13.25,430.0,376.0,6499.0,4269.0,False,False
2887,2022-10-26 09:50:29.770335,-0.007518796992481258,0.0,-0.10000000000000142,0.0,13.25,13.3,13.2,13.25,449.0,376.0,6499.0,4269.0,False,False
2887,2022-10-26 09:50:32.235604,-0.007518796992481258,0.0,-0.10000000000000142,0.0,13.25,13.3,13.2,13.25,580.0,376.0,6499.0,4269.0,False,False
2887,2022-10-26 09:50:32.309857,-0.007518796992481258,0.0,-0.10000000000000142,0.0,13.25,13.3,13.2,13.25,581.0,376.0,6499.0,4269.0,False,False
2887,2022-10-26 09:50:32.664494,-0.007518796992481258,0.0,-0.10000000000000142,0.0,13.25,13.3,13.2,13.25,581.0,376.0,6499.0,4269.0,False,False
2887,2022-10-26 09:50:33.183898,-0.007518796992481258,0.0,-0.10000000000000142,0.0,13.25,13.3,13.2,13.25,586.0,376.0,6499.0,4269.0,False,False
2887,2022-10-26 09:50:33.606190,-0.007518796992481258,0.0,-0.10000000000000142,0.0,13.25,13.3,13.2,13.25,586.0,376.0,6499.0,4269.0,False,False
2887,2022-10-26 09:50:33.908007,-0.007518796992481258,0.0,-0.10000000000000142,0.0,13.25,13.3,13.2,13.25,586.0,376.0,6499.0,4269.0,False,False
2887,2022-10-26 09:50:34.385764,-0.007518796992481258,0.0,-0.10000000000000142,0.0,13.25,13.3,13.2,13.25,586.0,374.0,6499.0,4269.0,False,False
2887,2022-10-26 09:50:36.082484,-0.007518796992481258,0.0,-0.10000000000000142,0.0,13.25,13.3,13.2,13.25,586.0,374.0,6499.0,4269.0,False,False
2887,2022-10-26 09:50:36.684290,-0.007518796992481258,0.0,-0.10000000000000142,0.0,13.25,13.3,13.2,13.25,431.0,374.0,6499.0,4269.0,False,False
2887,2022-10-26 09:50:37.192200,-0.007518796992481258,0.0,-0.10000000000000142,0.0,13.25,13.3,13.2,13.25,300.0,374.0,6499.0,4269.0,False,False
2887,2022-10-26 09:50:37.257115,-0.007518796992481258,0.0,-0.10000000000000142,0.0,13.25,13.3,13.2,13.25,300.0,374.0,6499.0,4269.0,False,False
2887,2022-10-26 09:50:37.322999,-0.007518796992481258,0.0,-0.10000000000000142,0.0,13.25,13.3,13.2,13.25,293.0,374.0,6499.0,4269.0,False,False
2887,2022-10-26 09:50:38.226868,-0.007518796992481258,0.0,-0.10000000000000142,0.0,13.25,13.3,13.2,13.25,293.0,374.0,6499.0,4269.0,True,True
2887,2022-10-26 09:50:40.465630,-0.007518796992481258,0.0,-0.10000000000000142,0.0,13.25,13.3,13.2,13.25,293.0,379.0,6499.0,4269.0,False,False
2887,2022-10-26 09:50:41.779129,-0.007518796992481258,0.0,-0.10000000000000142,0.0,13.25,13.3,13.2,13.25,293.0,381.0,6499.0,4269.0,False,False
2887,2022-10-26 09:50:43.093513,-0.007518796992481258,0.0,-0.10000000000000142,0.0,13.25,13.3,13.2,13.25,298.0,381.0,6499.0,4269.0,False,False
2887,2022-10-26 09:50:46.680177,-0.007518796992481258,0.0,-0.10000000000000142,0.0,13.25,13.3,13.2,13.25,328.0,381.0,6499.0,4269.0,False,False
2887,2022-10-26 09:50:47.067247,-0.007518796992481258,0.0,-0.10000000000000142,0.0,13.25,13.3,13.2,13.25,328.0,381.0,6499.0,4269.0,False,False
2887,2022-10-26 09:50:47.850346,-0.007518796992481258,0.0,-0.10000000000000142,0.0,13.25,13.3,13.2,13.25,328.0,381.0,6499.0,4269.0,False,False
2887,2022-10-26 09:50:48.269752,-0.007518796992481258,0.0,-0.10000000000000142,0.0,13.25,13.3,13.2,13.25,328.0,381.0,6499.0,4269.0,True,True
2887,2022-10-26 09:50:50.296715,-0.007518796992481258,0.0,-0.10000000000000142,0.0,13.25,13.3,13.2,13.25,328.0,381.0,6499.0,4269.0,False,False
2887,2022-10-26 09:50:53.473566,-0.007518796992481258,0.0,-0.10000000000000142,0.0,13.25,13.3,13.2,13.25,328.0,381.0,6499.0,4269.0,False,False
2887,2022-10-26 09:50:54.106646,-0.007518796992481258,0.0,-0.10000000000000142,0.0,13.25,13.3,13.2,13.25,329.0,381.0,6499.0,4269.0,False,False
2887,2022-10-26 09:50:54.176288,-0.007518796992481258,0.0,-0.10000000000000142,0.0,13.25,13.3,13.2,13.25,329.0,381.0,6499.0,4269.0,False,False
2887,2022-10-26 09:50:54.593362,-0.007518796992481258,0.0,-0.10000000000000142,0.0,13.25,13.3,13.2,13.25,329.0,381.0,6499.0,4269.0,False,False
2887,2022-10-26 09:50:54.673962,-0.007518796992481258,0.0,-0.10000000000000142,0.0,13.25,13.3,13.2,13.25,329.0,391.0,6499.0,4269.0,False,False
2887,2022-10-26 09:50:54.737541,-0.007518796992481258,0.0,-0.10000000000000142,0.0,13.25,13.3,13.2,13.25,328.0,391.0,6499.0,4269.0,False,False
2887,2022-10-26 09:50:55.687072,-0.007518796992481258,0.0,-0.10000000000000142,0.0,13.25,13.3,13.2,13.25,328.0,391.0,6499.0,4269.0,False,False
2887,2022-10-26 09:50:55.937085,-0.007518796992481258,0.0,-0.10000000000000142,0.0,13.25,13.3,13.2,13.25,328.0,391.0,6499.0,4269.0,False,False
2887,2022-10-26 09:50:56.617139,-0.007518796992481258,0.0,-0.10000000000000142,0.0,13.25,13.3,13.2,13.25,328.0,391.0,6499.0,4269.0,False,False
2887,2022-10-26 09:50:57.990724,-0.007518796992481258,0.0,-0.10000000000000142,0.0,13.25,13.3,13.2,13.25,328.0,415.0,6499.0,4269.0,False,False
2887,2022-10-26 09:50:58.004661,-0.007518796992481258,0.0,-0.10000000000000142,0.0,13.25,13.3,13.2,13.25,328.0,440.0,6499.0,4269.0,False,False
2887,2022-10-26 09:50:58.012268,-0.007518796992481258,0.0,-0.10000000000000142,0.0,13.25,13.3,13.2,13.25,328.0,441.0,6499.0,4269.0,False,False
2887,2022-10-26 09:50:58.277415,-0.007518796992481258,0.0,-0.10000000000000142,0.0,13.25,13.3,13.2,13.25,303.0,441.0,6499.0,4269.0,False,False
2887,2022-10-26 09:51:00.279931,-0.007518796992481258,0.0,-0.10000000000000142,0.0,13.25,13.3,13.2,13.25,298.0,441.0,6499.0,4269.0,False,False
2887,2022-10-26 09:51:00.955492,-0.007518796992481258,0.0,-0.10000000000000142,0.0,13.25,13.3,13.2,13.25,298.0,437.0,6499.0,4269.0,False,False
2887,2022-10-26 09:51:05.687596,-0.007518796992481258,0.0,-0.10000000000000142,0.0,13.25,13.3,13.2,13.25,298.0,437.0,6499.0,4269.0,False,False
2887,2022-10-26 09:51:07.026052,-0.007518796992481258,0.0,-0.10000000000000142,0.0,13.25,13.3,13.2,13.25,298.0,447.0,6499.0,4269.0,False,False
2887,2022-10-26 09:51:07.427626,-0.007518796992481258,0.0,-0.10000000000000142,0.0,13.25,13.3,13.2,13.25,298.0,447.0,6499.0,4269.0,False,False
2887,2022-10-26 09:51:08.348970,-0.007518796992481258,0.0,-0.10000000000000142,0.0,13.25,13.3,13.2,13.25,298.0,447.0,6635.0,4269.0,True,True
2887,2022-10-26 09:51:08.714072,-0.007518796992481258,0.0,-0.10000000000000142,0.0,13.25,13.3,13.2,13.25,298.0,447.0,6635.0,4269.0,False,False
2887,2022-10-26 09:51:08.767939,-0.007518796992481258,0.0,-0.10000000000000142,0.0,13.25,13.3,13.2,13.25,453.0,447.0,6635.0,4269.0,False,False
2887,2022-10-26 09:51:08.869092,-0.007518796992481258,0.0,-0.10000000000000142,0.0,13.25,13.3,13.2,13.25,478.0,447.0,6635.0,4269.0,False,False
2887,2022-10-26 09:51:09.078461,-0.007518796992481258,0.0,-0.10000000000000142,0.0,13.25,13.3,13.2,13.25,483.0,447.0,6635.0,4269.0,False,False
2887,2022-10-26 09:51:09.455782,-0.007518796992481258,0.0,-0.10000000000000142,0.0,13.25,13.3,13.2,13.25,483.0,422.0,6635.0,4269.0,False,False
2887,2022-10-26 09:51:09.642832,-0.007518796992481258,0.0,-0.10000000000000142,0.0,13.25,13.3,13.2,13.25,483.0,422.0,6635.0,4269.0,False,False
2887,2022-10-26 09:51:09.696398,-0.007518796992481258,0.0,-0.10000000000000142,0.0,13.25,13.3,13.2,13.25,328.0,422.0,6635.0,4269.0,False,False
2887,2022-10-26 09:51:09.757041,-0.007518796992481258,0.0,-0.10000000000000142,0.0,13.25,13.3,13.2,13.25,328.0,422.0,6635.0,4269.0,False,False
2887,2022-10-26 09:51:10.086568,-0.007518796992481258,0.0,-0.10000000000000142,0.0,13.25,13.3,13.2,13.25,328.0,424.0,6635.0,4269.0,False,False
2887,2022-10-26 09:51:10.283148,-0.007518796992481258,0.0,-0.10000000000000142,0.0,13.25,13.3,13.2,13.25,383.0,424.0,6635.0,4269.0,False,False
2887,2022-10-26 09:51:11.907109,-0.007518796992481258,0.0,-0.10000000000000142,0.0,13.25,13.3,13.2,13.25,383.0,444.0,6635.0,4269.0,False,False
2887,2022-10-26 09:51:12.016753,-0.007518796992481258,0.0,-0.10000000000000142,0.0,13.25,13.3,13.2,13.25,383.0,444.0,6635.0,4269.0,False,False
2887,2022-10-26 09:51:13.422395,-0.007518796992481258,0.0,-0.10000000000000142,0.0,13.25,13.3,13.2,13.25,383.0,441.0,6635.0,4269.0,False,False
2887,2022-10-26 09:51:13.769161,-0.007518796992481258,0.0,-0.10000000000000142,0.0,13.25,13.3,13.2,13.25,538.0,441.0,6635.0,4269.0,False,False
2887,2022-10-26 09:51:13.865539,-0.007518796992481258,0.0,-0.10000000000000142,0.0,13.25,13.3,13.2,13.25,538.0,441.0,6635.0,4269.0,False,False
2887,2022-10-26 09:51:14.265327,-0.007518796992481258,0.0,-0.10000000000000142,0.0,13.25,13.3,13.2,13.25,538.0,440.0,6635.0,4269.0,False,False
2887,2022-10-26 09:51:14.448570,-0.007518796992481258,0.0,-0.10000000000000142,0.0,13.25,13.3,13.2,13.25,538.0,440.0,6635.0,4269.0,False,False
2887,2022-10-26 09:51:14.712029,-0.007518796992481258,0.0,-0.10000000000000142,0.0,13.25,13.3,13.2,13.25,383.0,440.0,6635.0,4269.0,False,False
2887,2022-10-26 09:51:18.543055,-0.007518796992481258,0.0,-0.10000000000000142,0.0,13.25,13.3,13.2,13.25,383.0,439.0,6635.0,4269.0,False,False
2887,2022-10-26 09:51:19.763940,-0.007518796992481258,0.0,-0.10000000000000142,0.0,13.25,13.3,13.2,13.25,538.0,439.0,6635.0,4269.0,False,False
2887,2022-10-26 09:51:20.816669,-0.007518796992481258,0.0,-0.10000000000000142,0.0,13.25,13.3,13.2,13.25,538.0,439.0,6635.0,4269.0,False,False
2887,2022-10-26 09:51:21.488126,-0.007518796992481258,0.0,-0.10000000000000142,0.0,13.25,13.3,13.2,13.25,538.0,437.0,6635.0,4269.0,False,False
2887,2022-10-26 09:51:22.072344,-0.007518796992481258,0.0,-0.10000000000000142,0.0,13.25,13.3,13.2,13.25,553.0,437.0,6635.0,4269.0,False,False
2887,2022-10-26 09:51:22.347020,-0.007518796992481258,0.0,-0.10000000000000142,0.0,13.25,13.3,13.2,13.25,553.0,444.0,6635.0,4269.0,False,False
2887,2022-10-26 09:51:22.717934,-0.007518796992481258,0.0,-0.10000000000000142,0.0,13.25,13.3,13.2,13.25,398.0,444.0,6635.0,4269.0,False,False
2887,2022-10-26 09:51:25.569237,-0.007518796992481258,0.0,-0.10000000000000142,0.0,13.25,13.3,13.2,13.25,398.0,444.0,6635.0,4269.0,False,False
2887,2022-10-26 09:51:25.812576,-0.007518796992481258,0.0,-0.10000000000000142,0.0,13.25,13.3,13.2,13.25,398.0,446.0,6635.0,4269.0,False,False
2887,2022-10-26 09:51:28.429091,-0.007518796992481258,0.0,-0.10000000000000142,0.0,13.25,13.3,13.2,13.25,398.0,446.0,6635.0,4069.0,True,True
2887,2022-10-26 09:51:29.433408,-0.007518796992481258,0.0,-0.10000000000000142,0.0,13.25,13.3,13.2,13.25,398.0,450.0,6635.0,4069.0,False,False
2887,2022-10-26 09:51:29.700856,-0.007518796992481258,0.0,-0.10000000000000142,0.0,13.25,13.3,13.2,13.25,398.0,450.0,6635.0,4069.0,False,False
2887,2022-10-26 09:51:29.976494,-0.007518796992481258,0.0,-0.10000000000000142,0.0,13.25,13.3,13.2,13.25,399.0,450.0,6635.0,4069.0,False,False
2887,2022-10-26 09:51:31.825900,-0.007518796992481258,0.0,-0.10000000000000142,0.0,13.25,13.3,13.2,13.25,399.0,475.0,6635.0,4069.0,False,False
2887,2022-10-26 09:51:32.243915,-0.007518796992481258,0.0,-0.10000000000000142,0.0,13.25,13.3,13.2,13.25,399.0,475.0,6635.0,4069.0,False,False
2887,2022-10-26 09:51:32.769010,-0.007518796992481258,0.0,-0.10000000000000142,0.0,13.25,13.3,13.2,13.25,554.0,475.0,6635.0,4069.0,False,False
2887,2022-10-26 09:51:32.918255,-0.007518796992481258,0.0,-0.10000000000000142,0.0,13.25,13.3,13.2,13.25,554.0,470.0,6635.0,4069.0,False,False
2887,2022-10-26 09:51:33.028471,-0.007518796992481258,0.0,-0.10000000000000142,0.0,13.25,13.3,13.2,13.25,554.0,520.0,6635.0,4069.0,False,False
2887,2022-10-26 09:51:33.068254,-0.007518796992481258,0.0,-0.10000000000000142,0.0,13.25,13.3,13.2,13.25,554.0,522.0,6635.0,4069.0,False,False
2887,2022-10-26 09:51:33.266814,-0.007518796992481258,0.0,-0.10000000000000142,0.0,13.25,13.3,13.2,13.25,684.0,522.0,6635.0,4069.0,False,False
2887,2022-10-26 09:51:33.661153,-0.007518796992481258,0.0,-0.10000000000000142,0.0,13.25,13.3,13.2,13.25,684.0,497.0,6635.0,4069.0,False,False
2887,2022-10-26 09:51:34.145040,-0.007518796992481258,0.0,-0.10000000000000142,0.0,13.25,13.3,13.2,13.25,690.0,497.0,6635.0,4069.0,False,False
2887,2022-10-26 09:51:35.836894,-0.007518796992481258,0.0,-0.10000000000000142,0.0,13.25,13.3,13.2,13.25,690.0,496.0,6635.0,4069.0,False,False
2887,2022-10-26 09:51:40.407243,-0.007518796992481258,0.0,-0.10000000000000142,0.0,13.25,13.3,13.2,13.25,690.0,493.0,6635.0,4069.0,False,False
2887,2022-10-26 09:51:41.821343,-0.007518796992481258,0.0,-0.10000000000000142,0.0,13.25,13.3,13.2,13.25,690.0,493.0,6635.0,4069.0,False,False
2887,2022-10-26 09:51:43.171655,-0.007518796992481258,0.0,-0.10000000000000142,0.0,13.25,13.3,13.2,13.25,691.0,493.0,6635.0,4069.0,False,False
2887,2022-10-26 09:51:43.205450,-0.007518796992481258,0.0,-0.10000000000000142,0.0,13.25,13.3,13.2,13.25,691.0,493.0,6635.0,4069.0,False,False
2887,2022-10-26 09:51:49.008310,-0.007518796992481258,0.0,-0.10000000000000142,0.0,13.25,13.3,13.2,13.25,691.0,493.0,6635.0,4069.0,False,False
2887,2022-10-26 09:51:50.816662,-0.007518796992481258,0.0,-0.10000000000000142,0.0,13.25,13.3,13.2,13.25,691.0,493.0,6635.0,4069.0,False,False
2887,2022-10-26 09:51:52.219334,-0.007518796992481258,0.0,-0.10000000000000142,0.0,13.25,13.3,13.2,13.25,691.0,481.0,6635.0,4069.0,False,False
2887,2022-10-26 09:51:52.658976,-0.007518796992481258,0.0,-0.10000000000000142,0.0,13.25,13.3,13.2,13.25,691.0,457.0,6635.0,4069.0,False,False
2887,2022-10-26 09:51:54.369936,-0.007518796992481258,0.0,-0.10000000000000142,0.0,13.25,13.3,13.2,13.25,694.0,457.0,6635.0,4069.0,False,False
2887,2022-10-26 09:51:55.244211,-0.007518796992481258,0.0,-0.10000000000000142,0.0,13.25,13.3,13.2,13.25,564.0,457.0,6635.0,4069.0,False,False
2887,2022-10-26 09:51:55.737611,-0.007518796992481258,0.0,-0.10000000000000142,0.0,13.25,13.3,13.2,13.25,409.0,457.0,6635.0,4069.0,False,False
2887,2022-10-26 09:51:56.186706,-0.007518796992481258,0.0,-0.10000000000000142,0.0,13.25,13.3,13.2,13.25,403.0,457.0,6635.0,4069.0,False,False
2887,2022-10-26 09:51:56.612924,-0.007518796992481258,0.0,-0.10000000000000142,0.0,13.25,13.3,13.2,13.25,403.0,458.0,6635.0,4069.0,False,False
2887,2022-10-26 09:51:58.244427,-0.007518796992481258,0.0,-0.10000000000000142,0.0,13.25,13.3,13.2,13.25,403.0,448.0,6635.0,4069.0,False,False
