symbol,datetime,NaOb_r,NbOa_r,NaOb_s,NbOa_s,bid1,ask1,odd_bid1,odd_ask1,bidQty1,askQty1,odd_bidQty1,odd_askQty1,simulate,triggerbyOdd
2892,2022-10-26 09:39:19.829619,-0.004016064257028051,0.0,-0.09999999999999787,0.0,24.85,24.9,24.8,24.85,116.0,350.0,1692.0,2465.0,True,True
2892,2022-10-26 09:39:19.943094,-0.004016064257028051,0.0,-0.09999999999999787,0.0,24.85,24.9,24.8,24.85,116.0,350.0,1692.0,2465.0,False,False
2892,2022-10-26 09:39:19.948738,-0.004016064257028051,0.0,-0.09999999999999787,0.0,24.85,24.9,24.8,24.85,129.0,350.0,1692.0,2465.0,False,False
2892,2022-10-26 09:39:20.097539,-0.004016064257028051,0.0,-0.09999999999999787,0.0,24.85,24.9,24.8,24.85,129.0,350.0,1692.0,2465.0,False,False
2892,2022-10-26 09:39:20.504726,-0.004016064257028051,0.0,-0.09999999999999787,0.0,24.85,24.9,24.8,24.85,129.0,350.0,1692.0,2465.0,False,False
2892,2022-10-26 09:39:20.811753,-0.004016064257028051,0.0,-0.09999999999999787,0.0,24.85,24.9,24.8,24.85,129.0,350.0,1692.0,2465.0,False,False
2892,2022-10-26 09:39:20.812239,-0.004016064257028051,0.0,-0.09999999999999787,0.0,24.85,24.9,24.8,24.85,129.0,350.0,1692.0,2465.0,False,False
2892,2022-10-26 09:39:20.867546,-0.004016064257028051,0.0,-0.09999999999999787,0.0,24.85,24.9,24.8,24.85,139.0,350.0,1692.0,2465.0,False,False
2892,2022-10-26 09:39:21.004266,-0.004016064257028051,0.0,-0.09999999999999787,0.0,24.85,24.9,24.8,24.85,156.0,350.0,1692.0,2465.0,False,False
2892,2022-10-26 09:39:21.561672,-0.004016064257028051,0.0,-0.09999999999999787,0.0,24.85,24.9,24.8,24.85,156.0,360.0,1692.0,2465.0,False,False
2892,2022-10-26 09:39:22.839747,-0.004016064257028051,0.0,-0.09999999999999787,0.0,24.85,24.9,24.8,24.85,159.0,360.0,1692.0,2465.0,False,False
2892,2022-10-26 09:39:23.267451,-0.004016064257028051,0.0,-0.09999999999999787,0.0,24.85,24.9,24.8,24.85,159.0,360.0,1692.0,2465.0,False,False
2892,2022-10-26 09:39:24.345375,-0.004016064257028051,0.0,-0.09999999999999787,0.0,24.85,24.9,24.8,24.85,159.0,360.0,1692.0,2465.0,False,False
2892,2022-10-26 09:39:25.641794,-0.004016064257028051,0.0,-0.09999999999999787,0.0,24.85,24.9,24.8,24.85,159.0,360.0,1692.0,2465.0,False,False
2892,2022-10-26 09:39:25.642104,-0.004016064257028051,0.0,-0.09999999999999787,0.0,24.85,24.9,24.8,24.85,159.0,360.0,1692.0,2465.0,False,False
2892,2022-10-26 09:39:26.658178,-0.004016064257028051,0.0,-0.09999999999999787,0.0,24.85,24.9,24.8,24.85,159.0,358.0,1692.0,2465.0,False,False
2892,2022-10-26 09:39:27.162772,-0.004016064257028051,0.0,-0.09999999999999787,0.0,24.85,24.9,24.8,24.85,159.0,358.0,1692.0,2465.0,False,False
2892,2022-10-26 09:39:27.162793,-0.004016064257028051,0.0,-0.09999999999999787,0.0,24.85,24.9,24.8,24.85,159.0,358.0,1692.0,2465.0,False,False
2892,2022-10-26 09:39:27.662305,-0.004016064257028051,0.0,-0.09999999999999787,0.0,24.85,24.9,24.8,24.85,165.0,358.0,1692.0,2465.0,False,False
2892,2022-10-26 09:39:28.866615,-0.004016064257028051,0.0,-0.09999999999999787,0.0,24.85,24.9,24.8,24.85,165.0,358.0,1692.0,2465.0,False,False
2892,2022-10-26 09:39:28.901388,-0.004016064257028051,0.0,-0.09999999999999787,0.0,24.85,24.9,24.8,24.85,165.0,354.0,1692.0,2465.0,False,False
2892,2022-10-26 09:39:29.425760,-0.004016064257028051,0.0,-0.09999999999999787,0.0,24.85,24.9,24.8,24.85,166.0,354.0,1692.0,2465.0,False,False
2892,2022-10-26 09:39:29.863416,-0.004016064257028051,0.0,-0.09999999999999787,0.0,24.85,24.9,24.8,24.85,166.0,354.0,1692.0,2401.0,True,True
2892,2022-10-26 09:39:30.040659,-0.004016064257028051,0.0,-0.09999999999999787,0.0,24.85,24.9,24.8,24.85,166.0,355.0,1692.0,2401.0,False,False
2892,2022-10-26 09:39:30.885981,-0.004016064257028051,0.0,-0.09999999999999787,0.0,24.85,24.9,24.8,24.85,166.0,355.0,1692.0,2401.0,False,False
2892,2022-10-26 09:39:30.917924,-0.004016064257028051,0.0,-0.09999999999999787,0.0,24.85,24.9,24.8,24.85,186.0,355.0,1692.0,2401.0,False,False
2892,2022-10-26 09:39:30.994952,-0.004016064257028051,0.0,-0.09999999999999787,0.0,24.85,24.9,24.8,24.85,188.0,355.0,1692.0,2401.0,False,False
2892,2022-10-26 09:39:37.425640,-0.004016064257028051,0.0,-0.09999999999999787,0.0,24.85,24.9,24.8,24.85,188.0,355.0,1692.0,2401.0,False,False
2892,2022-10-26 09:39:37.724013,-0.004016064257028051,0.0,-0.09999999999999787,0.0,24.85,24.9,24.8,24.85,189.0,355.0,1692.0,2401.0,False,False
2892,2022-10-26 09:39:37.842800,-0.004016064257028051,0.0,-0.09999999999999787,0.0,24.85,24.9,24.8,24.85,189.0,355.0,1692.0,2401.0,False,False
2892,2022-10-26 09:39:37.882396,-0.004016064257028051,0.0,-0.09999999999999787,0.0,24.85,24.9,24.8,24.85,240.0,355.0,1692.0,2401.0,False,False
2892,2022-10-26 09:39:38.753983,-0.004016064257028051,0.0,-0.09999999999999787,0.0,24.85,24.9,24.8,24.85,252.0,355.0,1692.0,2401.0,False,False
2892,2022-10-26 09:39:39.210960,-0.004016064257028051,0.0,-0.09999999999999787,0.0,24.85,24.9,24.8,24.85,252.0,345.0,1692.0,2401.0,False,False
2892,2022-10-26 09:39:40.380239,-0.004016064257028051,0.0,-0.09999999999999787,0.0,24.85,24.9,24.8,24.85,252.0,344.0,1692.0,2401.0,False,False
2892,2022-10-26 09:39:42.078363,-0.004016064257028051,0.0,-0.09999999999999787,0.0,24.85,24.9,24.8,24.85,252.0,344.0,1692.0,2401.0,False,False
2892,2022-10-26 09:39:42.516070,-0.004016064257028051,0.0,-0.09999999999999787,0.0,24.85,24.9,24.8,24.85,252.0,357.0,1692.0,2401.0,False,False
2892,2022-10-26 09:39:42.525297,-0.004016064257028051,0.0,-0.09999999999999787,0.0,24.85,24.9,24.8,24.85,252.0,371.0,1692.0,2401.0,False,False
2892,2022-10-26 09:39:42.584925,-0.004016064257028051,0.0,-0.09999999999999787,0.0,24.85,24.9,24.8,24.85,252.0,371.0,1692.0,2401.0,False,False
2892,2022-10-26 09:39:44.877821,-0.004016064257028051,0.0,-0.09999999999999787,0.0,24.85,24.9,24.8,24.85,249.0,371.0,1692.0,2401.0,False,False
2892,2022-10-26 09:39:44.917638,-0.004016064257028051,0.0,-0.09999999999999787,0.0,24.85,24.9,24.8,24.85,249.0,372.0,1692.0,2401.0,False,False
2892,2022-10-26 09:39:48.744174,-0.004016064257028051,0.0,-0.09999999999999787,0.0,24.85,24.9,24.8,24.85,249.0,368.0,1692.0,2401.0,False,False
2892,2022-10-26 09:39:49.927133,-0.004016064257028051,0.0,-0.09999999999999787,0.0,24.85,24.9,24.8,24.85,249.0,368.0,1692.0,2341.0,True,True
2892,2022-10-26 09:39:57.422560,-0.004016064257028051,0.0,-0.09999999999999787,0.0,24.85,24.9,24.8,24.85,249.0,368.0,1692.0,2341.0,False,False
2892,2022-10-26 09:39:59.967738,-0.004016064257028051,0.0,-0.09999999999999787,0.0,24.85,24.9,24.8,24.85,249.0,368.0,1692.0,2341.0,False,False
2892,2022-10-26 09:40:00.026719,-0.004016064257028051,0.0,-0.09999999999999787,0.0,24.85,24.9,24.8,24.85,249.0,368.0,1692.0,2791.0,True,True
2892,2022-10-26 09:40:03.000027,-0.004016064257028051,0.0,-0.09999999999999787,0.0,24.85,24.9,24.8,24.85,250.0,368.0,1692.0,2791.0,False,False
2892,2022-10-26 09:40:03.293746,-0.004016064257028051,0.0,-0.09999999999999787,0.0,24.85,24.9,24.8,24.85,255.0,368.0,1692.0,2791.0,False,False
2892,2022-10-26 09:40:09.511632,-0.004016064257028051,0.0,-0.09999999999999787,0.0,24.85,24.9,24.8,24.85,255.0,368.0,1692.0,2291.0,False,True
2892,2022-10-26 09:40:09.561318,-0.004016064257028051,0.0,-0.09999999999999787,0.0,24.85,24.9,24.8,24.85,255.0,368.0,1692.0,2291.0,False,False
2892,2022-10-26 09:40:10.181587,-0.004016064257028051,0.0,-0.09999999999999787,0.0,24.85,24.9,24.8,24.85,255.0,368.0,1692.0,2291.0,False,False
2892,2022-10-26 09:40:10.392145,-0.004016064257028051,0.0,-0.09999999999999787,0.0,24.85,24.9,24.8,24.85,255.0,368.0,1692.0,2291.0,False,False
2892,2022-10-26 09:40:11.205293,-0.004016064257028051,0.0,-0.09999999999999787,0.0,24.85,24.9,24.8,24.85,255.0,368.0,1692.0,2291.0,False,False
2892,2022-10-26 09:40:11.641209,-0.004016064257028051,0.0,-0.09999999999999787,0.0,24.85,24.9,24.8,24.85,255.0,369.0,1692.0,2291.0,False,False
2892,2022-10-26 09:40:12.792095,-0.004016064257028051,0.0,-0.09999999999999787,0.0,24.85,24.9,24.8,24.85,255.0,369.0,1692.0,2291.0,False,False
2892,2022-10-26 09:40:13.182458,-0.004016064257028051,0.0,-0.09999999999999787,0.0,24.85,24.9,24.8,24.85,255.0,369.0,1692.0,2291.0,False,False
2892,2022-10-26 09:40:13.234001,-0.004016064257028051,0.0,-0.09999999999999787,0.0,24.85,24.9,24.8,24.85,253.0,369.0,1692.0,2291.0,False,False
2892,2022-10-26 09:40:17.002366,-0.004016064257028051,0.0,-0.09999999999999787,0.0,24.85,24.9,24.8,24.85,253.0,379.0,1692.0,2291.0,False,False
2892,2022-10-26 09:40:18.157204,-0.004016064257028051,0.0,-0.09999999999999787,0.0,24.85,24.9,24.8,24.85,254.0,379.0,1692.0,2291.0,False,False
2892,2022-10-26 09:40:18.167601,-0.004016064257028051,0.0,-0.09999999999999787,0.0,24.85,24.9,24.8,24.85,255.0,379.0,1692.0,2291.0,False,False
2892,2022-10-26 09:40:18.751637,-0.004016064257028051,0.0,-0.09999999999999787,0.0,24.85,24.9,24.8,24.85,256.0,379.0,1692.0,2291.0,False,False
2892,2022-10-26 09:40:19.509576,-0.004016064257028051,0.0,-0.09999999999999787,0.0,24.85,24.9,24.8,24.85,256.0,379.0,1692.0,2291.0,False,False
2892,2022-10-26 09:40:19.573679,-0.004016064257028051,0.0,-0.09999999999999787,0.0,24.85,24.9,24.8,24.85,256.0,379.0,1742.0,2291.0,True,True
2892,2022-10-26 09:40:20.132804,-0.004016064257028051,0.0,-0.09999999999999787,0.0,24.85,24.9,24.8,24.85,256.0,379.0,1742.0,2291.0,False,False
2892,2022-10-26 09:40:21.554989,-0.004016064257028051,0.0,-0.09999999999999787,0.0,24.85,24.9,24.8,24.85,273.0,379.0,1742.0,2291.0,False,False
2892,2022-10-26 09:40:22.164914,-0.004016064257028051,0.0,-0.09999999999999787,0.0,24.85,24.9,24.8,24.85,273.0,379.0,1742.0,2291.0,False,False
2892,2022-10-26 09:40:22.288283,-0.004016064257028051,0.0,-0.09999999999999787,0.0,24.85,24.9,24.8,24.85,273.0,379.0,1742.0,2291.0,False,False
2892,2022-10-26 09:40:25.073878,-0.004016064257028051,0.0,-0.09999999999999787,0.0,24.85,24.9,24.8,24.85,273.0,379.0,1742.0,2291.0,False,False
2892,2022-10-26 09:40:25.759769,-0.004016064257028051,0.0,-0.09999999999999787,0.0,24.85,24.9,24.8,24.85,273.0,379.0,1742.0,2291.0,False,False
2892,2022-10-26 09:40:26.733683,-0.004016064257028051,0.0,-0.09999999999999787,0.0,24.85,24.9,24.8,24.85,324.0,379.0,1742.0,2291.0,False,False
2892,2022-10-26 09:40:26.939109,-0.004016064257028051,0.0,-0.09999999999999787,0.0,24.85,24.9,24.8,24.85,312.0,379.0,1742.0,2291.0,False,False
2892,2022-10-26 09:40:27.412434,-0.004016064257028051,0.0,-0.09999999999999787,0.0,24.85,24.9,24.8,24.85,312.0,404.0,1742.0,2291.0,False,False
2892,2022-10-26 09:40:27.694958,-0.004016064257028051,0.0,-0.09999999999999787,0.0,24.85,24.9,24.8,24.85,261.0,404.0,1742.0,2291.0,False,False
2892,2022-10-26 09:40:29.097769,-0.004016064257028051,0.0,-0.09999999999999787,0.0,24.85,24.9,24.8,24.85,265.0,404.0,1742.0,2291.0,False,False
2892,2022-10-26 09:40:29.202173,-0.004016064257028051,0.0,-0.09999999999999787,0.0,24.85,24.9,24.8,24.85,281.0,404.0,1742.0,2291.0,False,False
2892,2022-10-26 09:40:29.630344,-0.004016064257028051,0.0,-0.09999999999999787,0.0,24.85,24.9,24.8,24.85,281.0,404.0,1742.0,2291.0,True,True
2892,2022-10-26 09:40:38.981542,-0.004016064257028051,0.0,-0.09999999999999787,0.0,24.85,24.9,24.8,24.85,281.0,404.0,1742.0,2291.0,False,False
2892,2022-10-26 09:40:38.998048,-0.004016064257028051,0.0,-0.09999999999999787,0.0,24.85,24.9,24.8,24.85,281.0,404.0,1742.0,2291.0,False,False
2892,2022-10-26 09:40:40.639289,-0.004016064257028051,0.0,-0.09999999999999787,0.0,24.85,24.9,24.8,24.85,281.0,404.0,1742.0,2291.0,False,False
2892,2022-10-26 09:40:45.013068,-0.004016064257028051,0.0,-0.09999999999999787,0.0,24.85,24.9,24.8,24.85,281.0,403.0,1742.0,2291.0,False,False
2892,2022-10-26 09:40:45.522624,-0.004016064257028051,0.0,-0.09999999999999787,0.0,24.85,24.9,24.8,24.85,281.0,403.0,1742.0,2291.0,False,False
2892,2022-10-26 09:40:46.418711,-0.004016064257028051,0.0,-0.09999999999999787,0.0,24.85,24.9,24.8,24.85,286.0,403.0,1742.0,2291.0,False,False
2892,2022-10-26 09:40:49.562075,-0.004016064257028051,0.0,-0.09999999999999787,0.0,24.85,24.9,24.8,24.85,270.0,403.0,1742.0,2291.0,False,False
2892,2022-10-26 09:40:49.569695,-0.004016064257028051,0.0,-0.09999999999999787,0.0,24.85,24.9,24.8,24.85,228.0,403.0,1742.0,2291.0,False,False
2892,2022-10-26 09:40:49.726804,-0.004016064257028051,0.0,-0.09999999999999787,0.0,24.85,24.9,24.8,24.85,228.0,403.0,1942.0,2291.0,True,True
2892,2022-10-26 09:40:52.948193,-0.004016064257028051,0.0,-0.09999999999999787,0.0,24.85,24.9,24.8,24.85,228.0,403.0,1942.0,2291.0,False,False
2892,2022-10-26 09:40:53.944846,-0.004016064257028051,0.0,-0.09999999999999787,0.0,24.85,24.9,24.8,24.85,228.0,402.0,1942.0,2291.0,False,False
2892,2022-10-26 09:40:54.340600,-0.004016064257028051,0.0,-0.09999999999999787,0.0,24.85,24.9,24.8,24.85,228.0,401.0,1942.0,2291.0,False,False
2892,2022-10-26 09:40:54.365934,-0.004016064257028051,0.0,-0.09999999999999787,0.0,24.85,24.9,24.8,24.85,228.0,402.0,1942.0,2291.0,False,False
2892,2022-10-26 09:40:56.057500,-0.004016064257028051,0.0,-0.09999999999999787,0.0,24.85,24.9,24.8,24.85,228.0,402.0,1942.0,2291.0,False,False
2892,2022-10-26 09:40:57.703775,-0.004016064257028051,0.0,-0.09999999999999787,0.0,24.85,24.9,24.8,24.85,228.0,403.0,1942.0,2291.0,False,False
2892,2022-10-26 09:40:58.254896,-0.004016064257028051,0.0,-0.09999999999999787,0.0,24.85,24.9,24.8,24.85,229.0,403.0,1942.0,2291.0,False,False
2892,2022-10-26 09:40:59.625965,-0.004016064257028051,0.0,-0.09999999999999787,0.0,24.85,24.9,24.8,24.85,233.0,403.0,1942.0,2291.0,False,False
2892,2022-10-26 09:41:00.354044,-0.004016064257028051,0.0,-0.09999999999999787,0.0,24.85,24.9,24.8,24.85,233.0,403.0,1942.0,2291.0,False,False
2892,2022-10-26 09:41:02.465311,-0.004016064257028051,0.0,-0.09999999999999787,0.0,24.85,24.9,24.8,24.85,233.0,403.0,1942.0,2291.0,False,False
2892,2022-10-26 09:41:03.445421,-0.004016064257028051,0.0,-0.09999999999999787,0.0,24.85,24.9,24.8,24.85,233.0,404.0,1942.0,2291.0,False,False
2892,2022-10-26 09:41:06.386317,-0.004016064257028051,0.0,-0.09999999999999787,0.0,24.85,24.9,24.8,24.85,233.0,394.0,1942.0,2291.0,False,False
2892,2022-10-26 09:41:06.675193,-0.004016064257028051,0.0,-0.09999999999999787,0.0,24.85,24.9,24.8,24.85,233.0,395.0,1942.0,2291.0,False,False
2892,2022-10-26 09:41:06.689741,-0.004016064257028051,0.0,-0.09999999999999787,0.0,24.85,24.9,24.8,24.85,233.0,396.0,1942.0,2291.0,False,False
2892,2022-10-26 09:41:08.223428,-0.004016064257028051,0.0,-0.09999999999999787,0.0,24.85,24.9,24.8,24.85,233.0,396.0,1942.0,2291.0,False,False
2892,2022-10-26 09:41:12.209333,-0.004016064257028051,0.0,-0.09999999999999787,0.0,24.85,24.9,24.8,24.85,233.0,396.0,1942.0,2291.0,False,False
2892,2022-10-26 09:41:13.583283,-0.004016064257028051,0.0,-0.09999999999999787,0.0,24.85,24.9,24.8,24.85,223.0,396.0,1942.0,2291.0,False,False
2892,2022-10-26 09:41:16.744410,-0.004016064257028051,0.0,-0.09999999999999787,0.0,24.85,24.9,24.8,24.85,233.0,396.0,1942.0,2291.0,False,False
2892,2022-10-26 09:41:20.067106,-0.004016064257028051,0.0,-0.09999999999999787,0.0,24.85,24.9,24.8,24.85,230.0,396.0,1942.0,2291.0,False,False
2892,2022-10-26 09:41:20.199029,-0.004016064257028051,0.0,-0.09999999999999787,0.0,24.85,24.9,24.8,24.85,230.0,397.0,1942.0,2291.0,False,False
2892,2022-10-26 09:41:20.251170,-0.004016064257028051,0.0,-0.09999999999999787,0.0,24.85,24.9,24.8,24.85,230.0,559.0,1942.0,2291.0,False,False
2892,2022-10-26 09:41:20.302140,-0.004016064257028051,0.0,-0.09999999999999787,0.0,24.85,24.9,24.8,24.85,230.0,446.0,1942.0,2291.0,False,False
2892,2022-10-26 09:41:24.043495,-0.004016064257028051,0.0,-0.09999999999999787,0.0,24.85,24.9,24.8,24.85,230.0,441.0,1942.0,2291.0,False,False
2892,2022-10-26 09:41:25.424883,-0.004016064257028051,0.0,-0.09999999999999787,0.0,24.85,24.9,24.8,24.85,230.0,441.0,1942.0,2291.0,False,False
2892,2022-10-26 09:41:25.477723,-0.004016064257028051,0.0,-0.09999999999999787,0.0,24.85,24.9,24.8,24.85,231.0,392.0,1942.0,2291.0,False,False
2892,2022-10-26 09:41:27.924439,-0.004016064257028051,0.0,-0.09999999999999787,0.0,24.85,24.9,24.8,24.85,231.0,392.0,1942.0,2291.0,False,False
2892,2022-10-26 09:41:29.898080,-0.004016064257028051,0.0,-0.09999999999999787,0.0,24.85,24.9,24.8,24.85,231.0,392.0,1942.0,2317.0,True,True
2892,2022-10-26 09:41:30.719391,-0.004016064257028051,0.0,-0.09999999999999787,0.0,24.85,24.9,24.8,24.85,231.0,393.0,1942.0,2317.0,False,False
2892,2022-10-26 09:41:32.134132,-0.004016064257028051,0.0,-0.09999999999999787,0.0,24.85,24.9,24.8,24.85,237.0,393.0,1942.0,2317.0,False,False
2892,2022-10-26 09:41:34.817819,-0.004016064257028051,0.0,-0.09999999999999787,0.0,24.85,24.9,24.8,24.85,237.0,394.0,1942.0,2317.0,False,False
2892,2022-10-26 09:41:39.380999,-0.004016064257028051,0.0,-0.09999999999999787,0.0,24.85,24.9,24.8,24.85,237.0,395.0,1942.0,2317.0,False,False
2892,2022-10-26 09:41:47.160140,-0.004016064257028051,0.0,-0.09999999999999787,0.0,24.85,24.9,24.8,24.85,237.0,394.0,1942.0,2317.0,False,False
2892,2022-10-26 09:41:47.217205,-0.004016064257028051,0.0,-0.09999999999999787,0.0,24.85,24.9,24.8,24.85,237.0,394.0,1942.0,2317.0,False,False
2892,2022-10-26 09:41:47.591743,-0.004016064257028051,0.0,-0.09999999999999787,0.0,24.85,24.9,24.8,24.85,240.0,394.0,1942.0,2317.0,False,False
2892,2022-10-26 09:41:48.969841,-0.004016064257028051,0.0,-0.09999999999999787,0.0,24.85,24.9,24.8,24.85,240.0,393.0,1942.0,2317.0,False,False
2892,2022-10-26 09:41:49.987804,-0.004016064257028051,0.0,-0.09999999999999787,0.0,24.85,24.9,24.8,24.85,240.0,393.0,943.0,1275.0,True,True
2892,2022-10-26 09:41:50.729682,-0.004016064257028051,0.0,-0.09999999999999787,0.0,24.85,24.9,24.8,24.85,241.0,393.0,943.0,1275.0,False,False
2892,2022-10-26 09:41:51.958897,-0.004016064257028051,0.0,-0.09999999999999787,0.0,24.85,24.9,24.8,24.85,241.0,402.0,943.0,1275.0,False,False
2892,2022-10-26 09:41:56.699258,-0.004016064257028051,0.0,-0.09999999999999787,0.0,24.85,24.9,24.8,24.85,250.0,402.0,943.0,1275.0,False,False
2892,2022-10-26 09:41:58.815325,-0.004016064257028051,0.0,-0.09999999999999787,0.0,24.85,24.9,24.8,24.85,250.0,398.0,943.0,1275.0,False,False
2892,2022-10-26 09:41:59.237495,-0.004016064257028051,0.0,-0.09999999999999787,0.0,24.85,24.9,24.8,24.85,250.0,395.0,943.0,1275.0,False,False
2892,2022-10-26 09:42:02.595348,-0.004016064257028051,0.0,-0.09999999999999787,0.0,24.85,24.9,24.8,24.85,250.0,385.0,943.0,1275.0,False,False
2892,2022-10-26 09:42:02.638182,-0.004016064257028051,0.0,-0.09999999999999787,0.0,24.85,24.9,24.8,24.85,250.0,385.0,943.0,1275.0,False,False
2892,2022-10-26 09:42:05.595575,-0.004016064257028051,0.0,-0.09999999999999787,0.0,24.85,24.9,24.8,24.85,265.0,385.0,943.0,1275.0,False,False
2892,2022-10-26 09:42:05.602032,-0.004016064257028051,0.0,-0.09999999999999787,0.0,24.85,24.9,24.8,24.85,265.0,383.0,943.0,1275.0,False,False
2892,2022-10-26 09:42:05.604205,-0.004016064257028051,0.0,-0.09999999999999787,0.0,24.85,24.9,24.8,24.85,265.0,382.0,943.0,1275.0,False,False
2892,2022-10-26 09:42:05.601154,-0.004016064257028051,0.0,-0.09999999999999787,0.0,24.85,24.9,24.8,24.85,265.0,384.0,943.0,1275.0,False,False
2892,2022-10-26 09:42:06.421110,-0.004016064257028051,0.0,-0.09999999999999787,0.0,24.85,24.9,24.8,24.85,265.0,382.0,943.0,1275.0,False,False
2892,2022-10-26 09:42:06.722769,-0.004016064257028051,0.0,-0.09999999999999787,0.0,24.85,24.9,24.8,24.85,265.0,382.0,943.0,1275.0,False,False
2892,2022-10-26 09:42:07.258960,-0.004016064257028051,0.0,-0.09999999999999787,0.0,24.85,24.9,24.8,24.85,265.0,381.0,943.0,1275.0,False,False
2892,2022-10-26 09:42:08.739175,-0.004016064257028051,0.0,-0.09999999999999787,0.0,24.85,24.9,24.8,24.85,265.0,382.0,943.0,1275.0,False,False
2892,2022-10-26 09:42:10.801124,-0.004016064257028051,0.0,-0.09999999999999787,0.0,24.85,24.9,24.8,24.85,316.0,382.0,943.0,1275.0,False,False
2892,2022-10-26 09:42:11.282256,-0.004016064257028051,0.0,-0.09999999999999787,0.0,24.85,24.9,24.8,24.85,332.0,382.0,943.0,1275.0,False,False
2892,2022-10-26 09:42:11.968119,-0.004016064257028051,0.0,-0.09999999999999787,0.0,24.85,24.9,24.8,24.85,335.0,382.0,943.0,1275.0,False,False
2892,2022-10-26 09:42:13.754274,-0.004016064257028051,0.0,-0.09999999999999787,0.0,24.85,24.9,24.8,24.85,284.0,382.0,943.0,1275.0,False,False
2892,2022-10-26 09:42:15.827817,-0.004016064257028051,0.0,-0.09999999999999787,0.0,24.85,24.9,24.8,24.85,335.0,382.0,943.0,1275.0,False,False
2892,2022-10-26 09:42:20.598555,-0.004016064257028051,0.0,-0.09999999999999787,0.0,24.85,24.9,24.8,24.85,335.0,381.0,943.0,1275.0,False,False
2892,2022-10-26 09:42:21.756222,-0.004016064257028051,0.0,-0.09999999999999787,0.0,24.85,24.9,24.8,24.85,284.0,381.0,943.0,1275.0,False,False
2892,2022-10-26 09:42:22.240737,-0.004016064257028051,0.0,-0.09999999999999787,0.0,24.85,24.9,24.8,24.85,284.0,381.0,943.0,1275.0,False,False
2892,2022-10-26 09:42:24.261699,-0.004016064257028051,0.0,-0.09999999999999787,0.0,24.85,24.9,24.8,24.85,268.0,381.0,943.0,1275.0,False,False
2892,2022-10-26 09:42:25.088371,-0.004016064257028051,0.0,-0.09999999999999787,0.0,24.85,24.9,24.8,24.85,268.0,380.0,943.0,1275.0,False,False
2892,2022-10-26 09:42:26.139344,-0.004016064257028051,0.0,-0.09999999999999787,0.0,24.85,24.9,24.8,24.85,292.0,380.0,943.0,1275.0,False,False
2892,2022-10-26 09:42:26.631272,-0.004016064257028051,0.0,-0.09999999999999787,0.0,24.85,24.9,24.8,24.85,292.0,381.0,943.0,1275.0,False,False
2892,2022-10-26 09:42:28.609597,-0.004016064257028051,0.0,-0.09999999999999787,0.0,24.85,24.9,24.8,24.85,292.0,381.0,943.0,1275.0,False,False
2892,2022-10-26 09:42:30.166872,-0.004016064257028051,0.0,-0.09999999999999787,0.0,24.85,24.9,24.8,24.85,292.0,381.0,943.0,1270.0,True,True
2892,2022-10-26 09:42:30.222817,-0.004016064257028051,0.0,-0.09999999999999787,0.0,24.85,24.9,24.8,24.85,292.0,381.0,943.0,1270.0,False,False
2892,2022-10-26 09:42:30.464420,-0.004016064257028051,0.0,-0.09999999999999787,0.0,24.85,24.9,24.8,24.85,292.0,301.0,943.0,1270.0,False,False
2892,2022-10-26 09:42:30.499915,-0.004016064257028051,0.0,-0.09999999999999787,0.0,24.85,24.9,24.8,24.85,292.0,301.0,943.0,1270.0,False,False
2892,2022-10-26 09:42:31.086871,-0.004016064257028051,0.0,-0.09999999999999787,0.0,24.85,24.9,24.8,24.85,292.0,301.0,943.0,1270.0,False,False
2892,2022-10-26 09:42:31.353067,-0.004016064257028051,0.0,-0.09999999999999787,0.0,24.85,24.9,24.8,24.85,292.0,301.0,943.0,1270.0,False,False
2892,2022-10-26 09:42:31.356195,-0.004016064257028051,0.0,-0.09999999999999787,0.0,24.85,24.9,24.8,24.85,292.0,290.0,943.0,1270.0,False,False
2892,2022-10-26 09:42:33.069001,-0.004016064257028051,0.0,-0.09999999999999787,0.0,24.85,24.9,24.8,24.85,292.0,290.0,943.0,1270.0,False,False
2892,2022-10-26 09:42:33.088898,-0.004016064257028051,0.0,-0.09999999999999787,0.0,24.85,24.9,24.8,24.85,292.0,286.0,943.0,1270.0,False,False
2892,2022-10-26 09:42:33.276528,-0.004016064257028051,0.0,-0.09999999999999787,0.0,24.85,24.9,24.8,24.85,292.0,288.0,943.0,1270.0,False,False
2892,2022-10-26 09:42:34.094727,-0.004016064257028051,0.0,-0.09999999999999787,0.0,24.85,24.9,24.8,24.85,292.0,287.0,943.0,1270.0,False,False
2892,2022-10-26 09:42:35.841145,-0.004016064257028051,0.0,-0.09999999999999787,0.0,24.85,24.9,24.8,24.85,292.0,287.0,943.0,1270.0,False,False
2892,2022-10-26 09:42:38.754257,-0.004016064257028051,0.0,-0.09999999999999787,0.0,24.85,24.9,24.8,24.85,292.0,288.0,943.0,1270.0,False,False
2892,2022-10-26 09:42:39.255563,-0.004016064257028051,0.0,-0.09999999999999787,0.0,24.85,24.9,24.8,24.85,292.0,288.0,943.0,1270.0,False,False
2892,2022-10-26 09:42:40.203967,-0.004016064257028051,0.0,-0.09999999999999787,0.0,24.85,24.9,24.8,24.85,292.0,288.0,943.0,1270.0,True,True
2892,2022-10-26 09:42:41.987732,-0.004016064257028051,0.0,-0.09999999999999787,0.0,24.85,24.9,24.8,24.85,292.0,287.0,943.0,1270.0,False,False
2892,2022-10-26 09:42:45.751723,-0.004016064257028051,0.0,-0.09999999999999787,0.0,24.85,24.9,24.8,24.85,292.0,286.0,943.0,1270.0,False,False
2892,2022-10-26 09:42:50.250292,-0.004016064257028051,0.0,-0.09999999999999787,0.0,24.85,24.9,24.8,24.85,292.0,286.0,943.0,1220.0,True,True
2892,2022-10-26 09:42:53.699977,-0.004016064257028051,0.0,-0.09999999999999787,0.0,24.85,24.9,24.8,24.85,292.0,286.0,943.0,1220.0,False,False
2892,2022-10-26 09:42:56.117002,-0.004016064257028051,0.0,-0.09999999999999787,0.0,24.85,24.9,24.8,24.85,289.0,286.0,943.0,1220.0,False,False
2892,2022-10-26 09:42:56.164227,-0.004016064257028051,0.0,-0.09999999999999787,0.0,24.85,24.9,24.8,24.85,284.0,286.0,943.0,1220.0,False,False
2892,2022-10-26 09:42:58.683430,-0.004016064257028051,0.0,-0.09999999999999787,0.0,24.85,24.9,24.8,24.85,284.0,286.0,943.0,1220.0,False,False
2892,2022-10-26 09:42:58.822250,-0.004016064257028051,0.0,-0.09999999999999787,0.0,24.85,24.9,24.8,24.85,335.0,286.0,943.0,1220.0,False,False
2892,2022-10-26 09:42:59.305668,-0.004016064257028051,0.0,-0.09999999999999787,0.0,24.85,24.9,24.8,24.85,351.0,286.0,943.0,1220.0,False,False
2892,2022-10-26 09:42:59.416928,-0.004016064257028051,0.0,-0.09999999999999787,0.0,24.85,24.9,24.8,24.85,355.0,286.0,943.0,1220.0,False,False
2892,2022-10-26 09:43:00.304850,-0.004016064257028051,0.0,-0.09999999999999787,0.0,24.85,24.9,24.8,24.85,355.0,286.0,943.0,1220.0,True,True
2892,2022-10-26 09:43:00.356760,-0.004016064257028051,0.0,-0.09999999999999787,0.0,24.85,24.9,24.8,24.85,355.0,286.0,943.0,1220.0,False,False
2892,2022-10-26 09:43:00.456567,-0.004016064257028051,0.0,-0.09999999999999787,0.0,24.85,24.9,24.8,24.85,355.0,277.0,943.0,1220.0,False,False
2892,2022-10-26 09:43:00.517519,-0.004016064257028051,0.0,-0.09999999999999787,0.0,24.85,24.9,24.8,24.85,355.0,268.0,943.0,1220.0,False,False
2892,2022-10-26 09:43:00.942177,-0.004016064257028051,0.0,-0.09999999999999787,0.0,24.85,24.9,24.8,24.85,355.0,268.0,943.0,1220.0,False,False
2892,2022-10-26 09:43:01.015934,-0.004016064257028051,0.0,-0.09999999999999787,0.0,24.85,24.9,24.8,24.85,355.0,265.0,943.0,1220.0,False,False
2892,2022-10-26 09:43:01.019239,-0.004016064257028051,0.0,-0.09999999999999787,0.0,24.85,24.9,24.8,24.85,346.0,265.0,943.0,1220.0,False,False
2892,2022-10-26 09:43:01.059939,-0.004016064257028051,0.0,-0.09999999999999787,0.0,24.85,24.9,24.8,24.85,346.0,265.0,943.0,1220.0,False,False
2892,2022-10-26 09:43:01.074775,-0.004016064257028051,0.0,-0.09999999999999787,0.0,24.85,24.9,24.8,24.85,346.0,263.0,943.0,1220.0,False,False
2892,2022-10-26 09:43:01.516414,-0.004016064257028051,0.0,-0.09999999999999787,0.0,24.85,24.9,24.8,24.85,346.0,254.0,943.0,1220.0,False,False
2892,2022-10-26 09:43:01.610584,-0.004016064257028051,0.0,-0.09999999999999787,0.0,24.85,24.9,24.8,24.85,346.0,245.0,943.0,1220.0,False,False
2892,2022-10-26 09:43:01.782451,-0.004016064257028051,0.0,-0.09999999999999787,0.0,24.85,24.9,24.8,24.85,295.0,245.0,943.0,1220.0,False,False
2892,2022-10-26 09:43:02.155093,-0.004016064257028051,0.0,-0.09999999999999787,0.0,24.85,24.9,24.8,24.85,295.0,244.0,943.0,1220.0,False,False
2892,2022-10-26 09:43:02.216432,-0.004016064257028051,0.0,-0.09999999999999787,0.0,24.85,24.9,24.8,24.85,295.0,244.0,943.0,1220.0,False,False
2892,2022-10-26 09:43:02.264709,-0.004016064257028051,0.0,-0.09999999999999787,0.0,24.85,24.9,24.8,24.85,295.0,241.0,943.0,1220.0,False,False
2892,2022-10-26 09:43:02.407658,-0.004016064257028051,0.0,-0.09999999999999787,0.0,24.85,24.9,24.8,24.85,295.0,237.0,943.0,1220.0,False,False
2892,2022-10-26 09:43:02.425253,-0.004016064257028051,0.0,-0.09999999999999787,0.0,24.85,24.9,24.8,24.85,295.0,235.0,943.0,1220.0,False,False
2892,2022-10-26 09:43:03.862239,-0.004016064257028051,0.0,-0.09999999999999787,0.0,24.85,24.9,24.8,24.85,294.0,234.0,943.0,1220.0,False,False
2892,2022-10-26 09:43:04.290042,-0.004016064257028051,0.0,-0.09999999999999787,0.0,24.85,24.9,24.8,24.85,278.0,234.0,943.0,1220.0,False,False
2892,2022-10-26 09:43:05.339380,-0.004016064257028051,0.0,-0.09999999999999787,0.0,24.85,24.9,24.8,24.85,292.0,234.0,943.0,1220.0,False,False
2892,2022-10-26 09:43:05.344135,-0.004016064257028051,0.0,-0.09999999999999787,0.0,24.85,24.9,24.8,24.85,292.0,230.0,943.0,1220.0,False,False
2892,2022-10-26 09:43:05.934988,-0.004016064257028051,0.0,-0.09999999999999787,0.0,24.85,24.9,24.8,24.85,292.0,230.0,943.0,1220.0,False,False
2892,2022-10-26 09:43:05.978764,-0.004016064257028051,0.0,-0.09999999999999787,0.0,24.85,24.9,24.8,24.85,292.0,230.0,943.0,1220.0,False,False
2892,2022-10-26 09:43:08.280993,-0.004016064257028051,0.0,-0.09999999999999787,0.0,24.85,24.9,24.8,24.85,292.0,231.0,943.0,1220.0,False,False
2892,2022-10-26 09:43:09.235482,-0.004016064257028051,0.0,-0.09999999999999787,0.0,24.85,24.9,24.8,24.85,293.0,231.0,943.0,1220.0,False,False
2892,2022-10-26 09:43:09.549938,-0.004016064257028051,0.0,-0.09999999999999787,0.0,24.85,24.9,24.8,24.85,293.0,231.0,943.0,1220.0,False,True
2892,2022-10-26 09:43:14.609156,-0.004016064257028051,0.0,-0.09999999999999787,0.0,24.85,24.9,24.8,24.85,293.0,231.0,943.0,1220.0,False,False
2892,2022-10-26 09:43:14.772396,-0.004016064257028051,0.0,-0.09999999999999787,0.0,24.85,24.9,24.8,24.85,293.0,232.0,943.0,1220.0,False,False
2892,2022-10-26 09:43:18.271605,-0.004016064257028051,0.0,-0.09999999999999787,0.0,24.85,24.9,24.8,24.85,294.0,232.0,943.0,1220.0,False,False
2892,2022-10-26 09:43:18.605100,-0.004016064257028051,0.0,-0.09999999999999787,0.0,24.85,24.9,24.8,24.85,294.0,232.0,943.0,1220.0,False,False
2892,2022-10-26 09:43:18.614101,-0.004016064257028051,0.0,-0.09999999999999787,0.0,24.85,24.9,24.8,24.85,294.0,231.0,943.0,1220.0,False,False
2892,2022-10-26 09:43:19.586988,-0.004016064257028051,0.0,-0.09999999999999787,0.0,24.85,24.9,24.8,24.85,294.0,231.0,943.0,1220.0,True,True
2892,2022-10-26 09:43:22.279221,-0.004016064257028051,0.0,-0.09999999999999787,0.0,24.85,24.9,24.8,24.85,294.0,240.0,943.0,1220.0,False,False
2892,2022-10-26 09:43:23.282153,-0.004016064257028051,0.0,-0.09999999999999787,0.0,24.85,24.9,24.8,24.85,295.0,240.0,943.0,1220.0,False,False
2892,2022-10-26 09:43:23.283346,-0.004016064257028051,0.0,-0.09999999999999787,0.0,24.85,24.9,24.8,24.85,296.0,240.0,943.0,1220.0,False,False
2892,2022-10-26 09:43:23.651778,-0.004016064257028051,0.0,-0.09999999999999787,0.0,24.85,24.9,24.8,24.85,296.0,236.0,943.0,1220.0,False,False
2892,2022-10-26 09:43:24.461291,-0.004016064257028051,0.0,-0.09999999999999787,0.0,24.85,24.9,24.8,24.85,297.0,236.0,943.0,1220.0,False,False
2892,2022-10-26 09:43:24.671433,-0.004016064257028051,0.0,-0.09999999999999787,0.0,24.85,24.9,24.8,24.85,297.0,235.0,943.0,1220.0,False,False
2892,2022-10-26 09:43:24.743182,-0.004016064257028051,0.0,-0.09999999999999787,0.0,24.85,24.9,24.8,24.85,298.0,235.0,943.0,1220.0,False,False
2892,2022-10-26 09:43:25.053279,-0.004016064257028051,0.0,-0.09999999999999787,0.0,24.85,24.9,24.8,24.85,299.0,235.0,943.0,1220.0,False,False
2892,2022-10-26 09:43:26.064395,-0.004016064257028051,0.0,-0.09999999999999787,0.0,24.85,24.9,24.8,24.85,299.0,235.0,943.0,1220.0,False,False
2892,2022-10-26 09:43:27.965400,-0.004016064257028051,0.0,-0.09999999999999787,0.0,24.85,24.9,24.8,24.85,299.0,235.0,943.0,1220.0,False,False
2892,2022-10-26 09:43:29.627151,-0.004016064257028051,0.0,-0.09999999999999787,0.0,24.85,24.9,24.8,24.85,299.0,235.0,943.0,1120.0,True,True
2892,2022-10-26 09:43:30.453835,-0.004016064257028051,0.0,-0.09999999999999787,0.0,24.85,24.9,24.8,24.85,299.0,235.0,943.0,1120.0,False,False
2892,2022-10-26 09:43:31.280467,-0.004016064257028051,0.0,-0.09999999999999787,0.0,24.85,24.9,24.8,24.85,299.0,234.0,943.0,1120.0,False,False
2892,2022-10-26 09:43:33.085136,-0.004016064257028051,0.0,-0.09999999999999787,0.0,24.85,24.9,24.8,24.85,299.0,236.0,943.0,1120.0,False,False
2892,2022-10-26 09:43:38.158457,-0.004016064257028051,0.0,-0.09999999999999787,0.0,24.85,24.9,24.8,24.85,298.0,236.0,943.0,1120.0,False,False
2892,2022-10-26 09:43:39.068672,-0.004016064257028051,0.0,-0.09999999999999787,0.0,24.85,24.9,24.8,24.85,298.0,236.0,943.0,1120.0,False,False
2892,2022-10-26 09:43:41.464160,-0.004016064257028051,0.0,-0.09999999999999787,0.0,24.85,24.9,24.8,24.85,298.0,236.0,943.0,1120.0,False,False
2892,2022-10-26 09:43:44.092846,-0.004016064257028051,0.0,-0.09999999999999787,0.0,24.85,24.9,24.8,24.85,298.0,235.0,943.0,1120.0,False,False
2892,2022-10-26 09:43:48.664725,-0.004016064257028051,0.0,-0.09999999999999787,0.0,24.85,24.9,24.8,24.85,299.0,235.0,943.0,1120.0,False,False
2892,2022-10-26 09:43:49.395752,-0.004016064257028051,0.0,-0.09999999999999787,0.0,24.85,24.9,24.8,24.85,299.0,233.0,943.0,1120.0,False,False
2892,2022-10-26 09:43:49.708594,-0.004016064257028051,0.0,-0.09999999999999787,0.0,24.85,24.9,24.8,24.85,299.0,233.0,943.0,1081.0,True,True
2892,2022-10-26 09:43:51.433476,-0.004016064257028051,0.0,-0.09999999999999787,0.0,24.85,24.9,24.8,24.85,299.0,232.0,943.0,1081.0,False,False
2892,2022-10-26 09:43:51.505012,-0.004016064257028051,0.0,-0.09999999999999787,0.0,24.85,24.9,24.8,24.85,299.0,232.0,943.0,1081.0,False,False
2892,2022-10-26 09:43:52.287567,-0.004016064257028051,0.0,-0.09999999999999787,0.0,24.85,24.9,24.8,24.85,275.0,232.0,943.0,1081.0,False,False
2892,2022-10-26 09:43:55.383297,-0.004016064257028051,0.0,-0.09999999999999787,0.0,24.85,24.9,24.8,24.85,275.0,212.0,943.0,1081.0,False,False
2892,2022-10-26 09:43:55.536410,-0.004016064257028051,0.0,-0.09999999999999787,0.0,24.85,24.9,24.8,24.85,275.0,208.0,943.0,1081.0,False,False
2892,2022-10-26 09:44:00.718641,-0.004016064257028051,0.0,-0.09999999999999787,0.0,24.85,24.9,24.8,24.85,275.0,203.0,943.0,1081.0,False,False
2892,2022-10-26 09:44:01.397714,-0.004016064257028051,0.0,-0.09999999999999787,0.0,24.85,24.9,24.8,24.85,281.0,203.0,943.0,1081.0,False,False
2892,2022-10-26 09:44:02.891902,-0.004016064257028051,0.0,-0.09999999999999787,0.0,24.85,24.9,24.8,24.85,281.0,203.0,943.0,1081.0,False,False
2892,2022-10-26 09:44:03.475461,-0.004016064257028051,0.0,-0.09999999999999787,0.0,24.85,24.9,24.8,24.85,281.0,201.0,943.0,1081.0,False,False
2892,2022-10-26 09:44:05.168394,-0.004016064257028051,0.0,-0.09999999999999787,0.0,24.85,24.9,24.8,24.85,281.0,200.0,943.0,1081.0,False,False
2892,2022-10-26 09:44:10.669638,-0.004016064257028051,0.0,-0.09999999999999787,0.0,24.85,24.9,24.8,24.85,281.0,199.0,943.0,1081.0,False,False
2892,2022-10-26 09:44:11.801793,-0.004016064257028051,0.0,-0.09999999999999787,0.0,24.85,24.9,24.8,24.85,281.0,199.0,943.0,1081.0,False,False
2892,2022-10-26 09:44:14.471877,-0.004016064257028051,0.0,-0.09999999999999787,0.0,24.85,24.9,24.8,24.85,281.0,195.0,943.0,1081.0,False,False
2892,2022-10-26 09:44:15.322518,-0.004016064257028051,0.0,-0.09999999999999787,0.0,24.85,24.9,24.8,24.85,281.0,195.0,943.0,1081.0,False,False
2892,2022-10-26 09:44:19.580463,-0.004016064257028051,0.0,-0.09999999999999787,0.0,24.85,24.9,24.8,24.85,281.0,195.0,943.0,1081.0,False,False
2892,2022-10-26 09:44:19.835097,-0.004016064257028051,0.0,-0.09999999999999787,0.0,24.85,24.9,24.8,24.85,281.0,195.0,943.0,1131.0,True,True
2892,2022-10-26 09:44:22.437170,-0.004016064257028051,0.0,-0.09999999999999787,0.0,24.85,24.9,24.8,24.85,281.0,196.0,943.0,1131.0,False,False
2892,2022-10-26 09:44:22.520074,-0.004016064257028051,0.0,-0.09999999999999787,0.0,24.85,24.9,24.8,24.85,281.0,196.0,943.0,1131.0,False,False
2892,2022-10-26 09:44:24.808688,-0.004016064257028051,0.0,-0.09999999999999787,0.0,24.85,24.9,24.8,24.85,281.0,198.0,943.0,1131.0,False,False
2892,2022-10-26 09:44:24.887507,-0.004016064257028051,0.0,-0.09999999999999787,0.0,24.85,24.9,24.8,24.85,281.0,196.0,943.0,1131.0,False,False
2892,2022-10-26 09:44:27.495428,-0.004016064257028051,0.0,-0.09999999999999787,0.0,24.85,24.9,24.8,24.85,281.0,195.0,943.0,1131.0,False,False
2892,2022-10-26 09:44:28.815090,-0.004016064257028051,0.0,-0.09999999999999787,0.0,24.85,24.9,24.8,24.85,282.0,195.0,943.0,1131.0,False,False
2892,2022-10-26 09:44:29.877304,-0.004016064257028051,0.0,-0.09999999999999787,0.0,24.85,24.9,24.8,24.85,282.0,195.0,1143.0,1131.0,True,True
2892,2022-10-26 09:44:30.297170,-0.004016064257028051,0.0,-0.09999999999999787,0.0,24.85,24.9,24.8,24.85,282.0,193.0,1143.0,1131.0,False,False
2892,2022-10-26 09:44:31.161619,-0.004016064257028051,0.0,-0.09999999999999787,0.0,24.85,24.9,24.8,24.85,279.0,193.0,1143.0,1131.0,False,False
2892,2022-10-26 09:44:31.253817,-0.004016064257028051,0.0,-0.09999999999999787,0.0,24.85,24.9,24.8,24.85,279.0,192.0,1143.0,1131.0,False,False
2892,2022-10-26 09:44:32.840302,-0.004016064257028051,0.0,-0.09999999999999787,0.0,24.85,24.9,24.8,24.85,279.0,192.0,1143.0,1131.0,False,False
2892,2022-10-26 09:44:33.321686,-0.004016064257028051,0.0,-0.09999999999999787,0.0,24.85,24.9,24.8,24.85,283.0,192.0,1143.0,1131.0,False,False
2892,2022-10-26 09:44:39.919633,-0.004016064257028051,0.0,-0.09999999999999787,0.0,24.85,24.9,24.8,24.85,283.0,192.0,1143.0,815.0,True,True
2892,2022-10-26 09:44:41.260707,-0.004016064257028051,0.0,-0.09999999999999787,0.0,24.85,24.9,24.8,24.85,283.0,191.0,1143.0,815.0,False,False
2892,2022-10-26 09:44:42.005106,-0.004016064257028051,0.0,-0.09999999999999787,0.0,24.85,24.9,24.8,24.85,283.0,191.0,1143.0,815.0,False,False
2892,2022-10-26 09:44:42.277422,-0.004016064257028051,0.0,-0.09999999999999787,0.0,24.85,24.9,24.8,24.85,283.0,176.0,1143.0,815.0,False,False
2892,2022-10-26 09:44:44.845962,-0.004016064257028051,0.0,-0.09999999999999787,0.0,24.85,24.9,24.8,24.85,283.0,173.0,1143.0,815.0,False,False
2892,2022-10-26 09:44:45.357544,-0.004016064257028051,0.0,-0.09999999999999787,0.0,24.85,24.9,24.8,24.85,283.0,171.0,1143.0,815.0,False,False
2892,2022-10-26 09:44:46.203651,-0.004016064257028051,0.0,-0.09999999999999787,0.0,24.85,24.9,24.8,24.85,283.0,177.0,1143.0,815.0,False,False
2892,2022-10-26 09:44:47.291820,-0.004016064257028051,0.0,-0.09999999999999787,0.0,24.85,24.9,24.8,24.85,283.0,179.0,1143.0,815.0,False,False
2892,2022-10-26 09:44:49.111863,-0.004016064257028051,0.0,-0.09999999999999787,0.0,24.85,24.9,24.8,24.85,283.0,178.0,1143.0,815.0,False,False
2892,2022-10-26 09:44:49.964887,-0.00200803212851397,-0.00200803212851397,-0.04999999999999716,-0.04999999999999716,24.85,24.9,24.85,24.9,283.0,178.0,182.0,849.0,True,True
2892,2022-10-26 09:44:52.061287,-0.00200803212851397,-0.00200803212851397,-0.04999999999999716,-0.04999999999999716,24.85,24.9,24.85,24.9,283.0,177.0,182.0,849.0,False,False
2892,2022-10-26 09:44:55.800395,-0.00200803212851397,-0.00200803212851397,-0.04999999999999716,-0.04999999999999716,24.85,24.9,24.85,24.9,285.0,177.0,182.0,849.0,False,False
2892,2022-10-26 09:44:56.382712,-0.00200803212851397,-0.00200803212851397,-0.04999999999999716,-0.04999999999999716,24.85,24.9,24.85,24.9,285.0,164.0,182.0,849.0,False,False
2892,2022-10-26 09:44:57.054119,-0.00200803212851397,-0.00200803212851397,-0.04999999999999716,-0.04999999999999716,24.85,24.9,24.85,24.9,284.0,164.0,182.0,849.0,False,False
2892,2022-10-26 09:45:00.976896,-0.00200803212851397,-0.00200803212851397,-0.04999999999999716,-0.04999999999999716,24.85,24.9,24.85,24.9,284.0,164.0,182.0,849.0,False,False
2892,2022-10-26 09:45:02.848376,-0.00200803212851397,-0.00200803212851397,-0.04999999999999716,-0.04999999999999716,24.85,24.9,24.85,24.9,282.0,162.0,182.0,849.0,False,False
2892,2022-10-26 09:45:06.380107,-0.00200803212851397,-0.00200803212851397,-0.04999999999999716,-0.04999999999999716,24.85,24.9,24.85,24.9,282.0,164.0,182.0,849.0,False,False
2892,2022-10-26 09:45:07.225673,-0.00200803212851397,-0.00200803212851397,-0.04999999999999716,-0.04999999999999716,24.85,24.9,24.85,24.9,282.0,159.0,182.0,849.0,False,False
2892,2022-10-26 09:45:07.387194,-0.00200803212851397,-0.00200803212851397,-0.04999999999999716,-0.04999999999999716,24.85,24.9,24.85,24.9,282.0,160.0,182.0,849.0,False,False
2892,2022-10-26 09:45:07.453135,-0.00200803212851397,-0.00200803212851397,-0.04999999999999716,-0.04999999999999716,24.85,24.9,24.85,24.9,282.0,160.0,182.0,849.0,False,False
2892,2022-10-26 09:45:08.276144,-0.00200803212851397,-0.00200803212851397,-0.04999999999999716,-0.04999999999999716,24.85,24.9,24.85,24.9,282.0,160.0,182.0,849.0,False,False
2892,2022-10-26 09:45:10.332483,-0.00200803212851397,-0.00200803212851397,-0.04999999999999716,-0.04999999999999716,24.85,24.9,24.85,24.9,282.0,160.0,582.0,849.0,True,True
2892,2022-10-26 09:45:13.824793,-0.00200803212851397,-0.00200803212851397,-0.04999999999999716,-0.04999999999999716,24.85,24.9,24.85,24.9,282.0,155.0,582.0,849.0,False,False
2892,2022-10-26 09:45:14.666386,-0.00200803212851397,-0.00200803212851397,-0.04999999999999716,-0.04999999999999716,24.85,24.9,24.85,24.9,282.0,155.0,582.0,849.0,False,False
2892,2022-10-26 09:45:18.326347,-0.00200803212851397,-0.00200803212851397,-0.04999999999999716,-0.04999999999999716,24.85,24.9,24.85,24.9,282.0,155.0,582.0,849.0,False,False
2892,2022-10-26 09:45:18.571143,-0.00200803212851397,-0.00200803212851397,-0.04999999999999716,-0.04999999999999716,24.85,24.9,24.85,24.9,282.0,155.0,582.0,849.0,False,False
2892,2022-10-26 09:45:18.572689,-0.00200803212851397,-0.00200803212851397,-0.04999999999999716,-0.04999999999999716,24.85,24.9,24.85,24.9,302.0,155.0,582.0,849.0,False,False
2892,2022-10-26 09:45:20.341977,-0.00200803212851397,-0.00200803212851397,-0.04999999999999716,-0.04999999999999716,24.85,24.9,24.85,24.9,302.0,155.0,592.0,849.0,True,True
2892,2022-10-26 09:45:21.489970,-0.00200803212851397,-0.00200803212851397,-0.04999999999999716,-0.04999999999999716,24.85,24.9,24.85,24.9,302.0,155.0,592.0,849.0,False,False
2892,2022-10-26 09:45:21.491752,-0.00200803212851397,-0.00200803212851397,-0.04999999999999716,-0.04999999999999716,24.85,24.9,24.85,24.9,302.0,155.0,592.0,849.0,False,False
2892,2022-10-26 09:45:23.035562,-0.00200803212851397,-0.00200803212851397,-0.04999999999999716,-0.04999999999999716,24.85,24.9,24.85,24.9,302.0,166.0,592.0,849.0,False,False
2892,2022-10-26 09:45:24.514294,-0.00200803212851397,-0.00200803212851397,-0.04999999999999716,-0.04999999999999716,24.85,24.9,24.85,24.9,302.0,166.0,592.0,849.0,False,False
2892,2022-10-26 09:45:30.363756,-0.00200803212851397,-0.00200803212851397,-0.04999999999999716,-0.04999999999999716,24.85,24.9,24.85,24.9,302.0,166.0,648.0,849.0,True,True
2892,2022-10-26 09:45:30.577820,-0.00200803212851397,-0.00200803212851397,-0.04999999999999716,-0.04999999999999716,24.85,24.9,24.85,24.9,302.0,166.0,648.0,849.0,False,False
2892,2022-10-26 09:45:32.962735,-0.00200803212851397,-0.00200803212851397,-0.04999999999999716,-0.04999999999999716,24.85,24.9,24.85,24.9,301.0,166.0,648.0,849.0,False,False
2892,2022-10-26 09:45:33.435862,-0.00200803212851397,-0.00200803212851397,-0.04999999999999716,-0.04999999999999716,24.85,24.9,24.85,24.9,301.0,166.0,648.0,849.0,False,False
2892,2022-10-26 09:45:40.393483,-0.00200803212851397,-0.00200803212851397,-0.04999999999999716,-0.04999999999999716,24.85,24.9,24.85,24.9,301.0,166.0,548.0,849.0,True,True
2892,2022-10-26 09:45:41.849078,-0.00200803212851397,-0.00200803212851397,-0.04999999999999716,-0.04999999999999716,24.85,24.9,24.85,24.9,301.0,186.0,548.0,849.0,False,False
2892,2022-10-26 09:45:43.652627,-0.00200803212851397,-0.00200803212851397,-0.04999999999999716,-0.04999999999999716,24.85,24.9,24.85,24.9,301.0,188.0,548.0,849.0,False,False
2892,2022-10-26 09:45:46.037607,-0.00200803212851397,-0.00200803212851397,-0.04999999999999716,-0.04999999999999716,24.85,24.9,24.85,24.9,301.0,187.0,548.0,849.0,False,False
2892,2022-10-26 09:45:50.331356,-0.00200803212851397,-0.00200803212851397,-0.04999999999999716,-0.04999999999999716,24.85,24.9,24.85,24.9,301.0,237.0,548.0,849.0,False,False
2892,2022-10-26 09:45:50.423390,-0.00200803212851397,-0.00200803212851397,-0.04999999999999716,-0.04999999999999716,24.85,24.9,24.85,24.9,301.0,237.0,1048.0,849.0,True,True
2892,2022-10-26 09:45:51.488755,-0.00200803212851397,-0.00200803212851397,-0.04999999999999716,-0.04999999999999716,24.85,24.9,24.85,24.9,301.0,237.0,1048.0,849.0,False,False
2892,2022-10-26 09:45:52.491613,-0.00200803212851397,-0.00200803212851397,-0.04999999999999716,-0.04999999999999716,24.85,24.9,24.85,24.9,301.0,236.0,1048.0,849.0,False,False
2892,2022-10-26 09:45:53.102170,-0.00200803212851397,-0.00200803212851397,-0.04999999999999716,-0.04999999999999716,24.85,24.9,24.85,24.9,301.0,234.0,1048.0,849.0,False,False
2892,2022-10-26 09:45:54.368017,-0.00200803212851397,-0.00200803212851397,-0.04999999999999716,-0.04999999999999716,24.85,24.9,24.85,24.9,301.0,235.0,1048.0,849.0,False,False
2892,2022-10-26 09:45:55.148132,-0.00200803212851397,-0.00200803212851397,-0.04999999999999716,-0.04999999999999716,24.85,24.9,24.85,24.9,301.0,232.0,1048.0,849.0,False,False
2892,2022-10-26 09:45:55.195450,-0.00200803212851397,-0.00200803212851397,-0.04999999999999716,-0.04999999999999716,24.85,24.9,24.85,24.9,300.0,232.0,1048.0,849.0,False,False
2892,2022-10-26 09:45:55.196068,-0.00200803212851397,-0.00200803212851397,-0.04999999999999716,-0.04999999999999716,24.85,24.9,24.85,24.9,298.0,232.0,1048.0,849.0,False,False
2892,2022-10-26 09:45:59.201641,-0.00200803212851397,-0.00200803212851397,-0.04999999999999716,-0.04999999999999716,24.85,24.9,24.85,24.9,316.0,232.0,1048.0,849.0,False,False
2892,2022-10-26 09:46:00.157401,-0.00200803212851397,-0.00200803212851397,-0.04999999999999716,-0.04999999999999716,24.85,24.9,24.85,24.9,298.0,232.0,1048.0,849.0,False,False
2892,2022-10-26 09:46:00.253823,-0.00200803212851397,-0.00200803212851397,-0.04999999999999716,-0.04999999999999716,24.85,24.9,24.85,24.9,298.0,231.0,1048.0,849.0,False,False
2892,2022-10-26 09:46:00.453929,-0.00200803212851397,-0.00200803212851397,-0.04999999999999716,-0.04999999999999716,24.85,24.9,24.85,24.9,298.0,231.0,1058.0,849.0,True,True
2892,2022-10-26 09:46:04.180514,-0.00200803212851397,-0.00200803212851397,-0.04999999999999716,-0.04999999999999716,24.85,24.9,24.85,24.9,316.0,231.0,1058.0,849.0,False,False
2892,2022-10-26 09:46:05.056640,-0.00200803212851397,-0.00200803212851397,-0.04999999999999716,-0.04999999999999716,24.85,24.9,24.85,24.9,316.0,231.0,1058.0,849.0,False,False
2892,2022-10-26 09:46:06.988555,-0.00200803212851397,-0.00200803212851397,-0.04999999999999716,-0.04999999999999716,24.85,24.9,24.85,24.9,313.0,231.0,1058.0,849.0,False,False
2892,2022-10-26 09:46:07.557717,-0.00200803212851397,-0.00200803212851397,-0.04999999999999716,-0.04999999999999716,24.85,24.9,24.85,24.9,313.0,230.0,1058.0,849.0,False,False
2892,2022-10-26 09:46:07.692167,-0.00200803212851397,-0.00200803212851397,-0.04999999999999716,-0.04999999999999716,24.85,24.9,24.85,24.9,364.0,230.0,1058.0,849.0,False,False
2892,2022-10-26 09:46:07.936935,-0.00200803212851397,-0.00200803212851397,-0.04999999999999716,-0.04999999999999716,24.85,24.9,24.85,24.9,422.0,230.0,1058.0,849.0,False,False
2892,2022-10-26 09:46:09.678717,-0.00200803212851397,-0.00200803212851397,-0.04999999999999716,-0.04999999999999716,24.85,24.9,24.85,24.9,422.0,230.0,1058.0,849.0,False,True
2892,2022-10-26 09:46:11.975247,-0.00200803212851397,-0.00200803212851397,-0.04999999999999716,-0.04999999999999716,24.85,24.9,24.85,24.9,422.0,230.0,1058.0,849.0,False,False
2892,2022-10-26 09:46:12.602661,-0.00200803212851397,-0.00200803212851397,-0.04999999999999716,-0.04999999999999716,24.85,24.9,24.85,24.9,422.0,238.0,1058.0,849.0,False,False
2892,2022-10-26 09:46:13.080694,-0.00200803212851397,-0.00200803212851397,-0.04999999999999716,-0.04999999999999716,24.85,24.9,24.85,24.9,408.0,238.0,1058.0,849.0,False,False
2892,2022-10-26 09:46:13.641673,-0.00200803212851397,-0.00200803212851397,-0.04999999999999716,-0.04999999999999716,24.85,24.9,24.85,24.9,357.0,238.0,1058.0,849.0,False,False
2892,2022-10-26 09:46:17.683793,-0.00200803212851397,-0.00200803212851397,-0.04999999999999716,-0.04999999999999716,24.85,24.9,24.85,24.9,408.0,238.0,1058.0,849.0,False,False
2892,2022-10-26 09:46:18.645570,-0.00200803212851397,-0.00200803212851397,-0.04999999999999716,-0.04999999999999716,24.85,24.9,24.85,24.9,408.0,268.0,1058.0,849.0,False,False
2892,2022-10-26 09:46:19.706262,-0.00200803212851397,-0.00200803212851397,-0.04999999999999716,-0.04999999999999716,24.85,24.9,24.85,24.9,408.0,268.0,1058.0,849.0,True,True
2892,2022-10-26 09:46:21.745117,-0.00200803212851397,-0.00200803212851397,-0.04999999999999716,-0.04999999999999716,24.85,24.9,24.85,24.9,413.0,268.0,1058.0,849.0,False,False
2892,2022-10-26 09:46:23.147187,-0.00200803212851397,-0.00200803212851397,-0.04999999999999716,-0.04999999999999716,24.85,24.9,24.85,24.9,413.0,269.0,1058.0,849.0,False,False
2892,2022-10-26 09:46:24.820789,-0.00200803212851397,-0.00200803212851397,-0.04999999999999716,-0.04999999999999716,24.85,24.9,24.85,24.9,413.0,277.0,1058.0,849.0,False,False
2892,2022-10-26 09:46:25.443003,-0.00200803212851397,-0.00200803212851397,-0.04999999999999716,-0.04999999999999716,24.85,24.9,24.85,24.9,413.0,276.0,1058.0,849.0,False,False
2892,2022-10-26 09:46:25.595255,-0.00200803212851397,-0.00200803212851397,-0.04999999999999716,-0.04999999999999716,24.85,24.9,24.85,24.9,417.0,276.0,1058.0,849.0,False,False
2892,2022-10-26 09:46:29.633853,-0.00200803212851397,-0.00200803212851397,-0.04999999999999716,-0.04999999999999716,24.85,24.9,24.85,24.9,366.0,276.0,1058.0,849.0,False,False
2892,2022-10-26 09:46:29.668844,-0.00200803212851397,-0.00200803212851397,-0.04999999999999716,-0.04999999999999716,24.85,24.9,24.85,24.9,366.0,272.0,1058.0,849.0,False,False
2892,2022-10-26 09:46:29.739167,-0.00200803212851397,-0.00200803212851397,-0.04999999999999716,-0.04999999999999716,24.85,24.9,24.85,24.9,366.0,272.0,1158.0,849.0,True,True
2892,2022-10-26 09:46:29.888569,-0.00200803212851397,-0.00200803212851397,-0.04999999999999716,-0.04999999999999716,24.85,24.9,24.85,24.9,366.0,272.0,1158.0,849.0,False,False
2892,2022-10-26 09:46:30.895490,-0.00200803212851397,-0.00200803212851397,-0.04999999999999716,-0.04999999999999716,24.85,24.9,24.85,24.9,362.0,272.0,1158.0,849.0,False,False
2892,2022-10-26 09:46:30.896674,-0.00200803212851397,-0.00200803212851397,-0.04999999999999716,-0.04999999999999716,24.85,24.9,24.85,24.9,361.0,272.0,1158.0,849.0,False,False
2892,2022-10-26 09:46:31.138975,-0.00200803212851397,-0.00200803212851397,-0.04999999999999716,-0.04999999999999716,24.85,24.9,24.85,24.9,343.0,272.0,1158.0,849.0,False,False
2892,2022-10-26 09:46:31.821043,-0.00200803212851397,-0.00200803212851397,-0.04999999999999716,-0.04999999999999716,24.85,24.9,24.85,24.9,343.0,274.0,1158.0,849.0,False,False
2892,2022-10-26 09:46:33.082855,-0.00200803212851397,-0.00200803212851397,-0.04999999999999716,-0.04999999999999716,24.85,24.9,24.85,24.9,365.0,274.0,1158.0,849.0,False,False
2892,2022-10-26 09:46:33.708059,-0.00200803212851397,-0.00200803212851397,-0.04999999999999716,-0.04999999999999716,24.85,24.9,24.85,24.9,307.0,274.0,1158.0,849.0,False,False
2892,2022-10-26 09:46:35.475232,-0.00200803212851397,-0.00200803212851397,-0.04999999999999716,-0.04999999999999716,24.85,24.9,24.85,24.9,277.0,274.0,1158.0,849.0,False,False
2892,2022-10-26 09:46:37.228694,-0.00200803212851397,-0.00200803212851397,-0.04999999999999716,-0.04999999999999716,24.85,24.9,24.85,24.9,277.0,274.0,1158.0,849.0,False,False
2892,2022-10-26 09:46:39.776403,-0.00200803212851397,-0.00200803212851397,-0.04999999999999716,-0.04999999999999716,24.85,24.9,24.85,24.9,277.0,274.0,1158.0,849.0,True,True
2892,2022-10-26 09:46:45.676042,-0.00200803212851397,-0.00200803212851397,-0.04999999999999716,-0.04999999999999716,24.85,24.9,24.85,24.9,327.0,274.0,1158.0,849.0,False,False
2892,2022-10-26 09:46:45.875546,-0.00200803212851397,-0.00200803212851397,-0.04999999999999716,-0.04999999999999716,24.85,24.9,24.85,24.9,327.0,282.0,1158.0,849.0,False,False
2892,2022-10-26 09:46:46.165967,-0.00200803212851397,-0.00200803212851397,-0.04999999999999716,-0.04999999999999716,24.85,24.9,24.85,24.9,345.0,282.0,1158.0,849.0,False,False
2892,2022-10-26 09:46:46.581405,-0.00200803212851397,-0.00200803212851397,-0.04999999999999716,-0.04999999999999716,24.85,24.9,24.85,24.9,350.0,282.0,1158.0,849.0,False,False
2892,2022-10-26 09:46:49.781722,-0.00200803212851397,-0.00200803212851397,-0.04999999999999716,-0.04999999999999716,24.85,24.9,24.85,24.9,408.0,282.0,1158.0,849.0,False,False
2892,2022-10-26 09:46:49.808125,-0.00200803212851397,-0.00200803212851397,-0.04999999999999716,-0.04999999999999716,24.85,24.9,24.85,24.9,408.0,282.0,1158.0,806.0,True,True
2892,2022-10-26 09:46:51.795631,-0.00200803212851397,-0.00200803212851397,-0.04999999999999716,-0.04999999999999716,24.85,24.9,24.85,24.9,406.0,282.0,1158.0,806.0,False,False
2892,2022-10-26 09:46:53.073440,-0.00200803212851397,-0.00200803212851397,-0.04999999999999716,-0.04999999999999716,24.85,24.9,24.85,24.9,391.0,282.0,1158.0,806.0,False,False
2892,2022-10-26 09:46:53.236418,-0.00200803212851397,-0.00200803212851397,-0.04999999999999716,-0.04999999999999716,24.85,24.9,24.85,24.9,391.0,282.0,1158.0,806.0,False,False
2892,2022-10-26 09:46:54.741336,-0.00200803212851397,-0.00200803212851397,-0.04999999999999716,-0.04999999999999716,24.85,24.9,24.85,24.9,391.0,282.0,1158.0,806.0,False,False
2892,2022-10-26 09:46:54.882985,-0.00200803212851397,-0.00200803212851397,-0.04999999999999716,-0.04999999999999716,24.85,24.9,24.85,24.9,391.0,273.0,1158.0,806.0,False,False
2892,2022-10-26 09:46:54.986736,-0.00200803212851397,-0.00200803212851397,-0.04999999999999716,-0.04999999999999716,24.85,24.9,24.85,24.9,391.0,264.0,1158.0,806.0,False,False
2892,2022-10-26 09:46:55.087708,-0.00200803212851397,-0.00200803212851397,-0.04999999999999716,-0.04999999999999716,24.85,24.9,24.85,24.9,391.0,89.0,1158.0,806.0,False,False
2892,2022-10-26 09:46:55.158168,-0.004008016032064021,-0.00200803212851397,-0.09999999999999787,-0.04999999999999716,24.85,24.95,24.85,24.9,391.0,378.0,1158.0,806.0,False,False
2892,2022-10-26 09:46:55.176319,-0.00200803212851397,-0.00200803212851397,-0.04999999999999716,-0.04999999999999716,24.85,24.9,24.85,24.9,391.0,1.0,1158.0,806.0,False,False
2892,2022-10-26 09:46:55.190653,-0.004008016032064021,0.0,-0.09999999999999787,0.0,24.9,24.95,24.85,24.9,27.0,378.0,1158.0,806.0,False,False
2892,2022-10-26 09:46:55.252624,-0.004008016032064021,0.0,-0.09999999999999787,0.0,24.9,24.95,24.85,24.9,32.0,374.0,1158.0,806.0,False,False
2892,2022-10-26 09:46:55.289136,-0.004008016032064021,0.0,-0.09999999999999787,0.0,24.9,24.95,24.85,24.9,37.0,374.0,1158.0,806.0,False,False
2892,2022-10-26 09:46:55.376227,-0.004008016032064021,0.0,-0.09999999999999787,0.0,24.9,24.95,24.85,24.9,37.0,374.0,1158.0,806.0,False,False
2892,2022-10-26 09:46:55.430014,-0.004008016032064021,0.0,-0.09999999999999787,0.0,24.9,24.95,24.85,24.9,37.0,365.0,1158.0,806.0,False,False
2892,2022-10-26 09:46:55.460684,-0.004008016032064021,0.0,-0.09999999999999787,0.0,24.9,24.95,24.85,24.9,39.0,365.0,1158.0,806.0,False,False
2892,2022-10-26 09:46:55.639075,-0.004008016032064021,0.0,-0.09999999999999787,0.0,24.9,24.95,24.85,24.9,159.0,365.0,1158.0,806.0,False,False
2892,2022-10-26 09:46:55.833061,-0.004008016032064021,0.0,-0.09999999999999787,0.0,24.9,24.95,24.85,24.9,159.0,369.0,1158.0,806.0,False,False
2892,2022-10-26 09:46:55.899171,-0.004008016032064021,0.0,-0.09999999999999787,0.0,24.9,24.95,24.85,24.9,219.0,369.0,1158.0,806.0,False,False
2892,2022-10-26 09:46:56.039042,-0.004008016032064021,0.0,-0.09999999999999787,0.0,24.9,24.95,24.85,24.9,219.0,369.0,1158.0,806.0,False,False
2892,2022-10-26 09:46:56.095402,-0.004008016032064021,0.0,-0.09999999999999787,0.0,24.9,24.95,24.85,24.9,250.0,369.0,1158.0,806.0,False,False
2892,2022-10-26 09:46:56.314024,-0.004008016032064021,0.0,-0.09999999999999787,0.0,24.9,24.95,24.85,24.9,249.0,369.0,1158.0,806.0,False,False
2892,2022-10-26 09:46:56.357489,-0.004008016032064021,0.0,-0.09999999999999787,0.0,24.9,24.95,24.85,24.9,249.0,369.0,1158.0,806.0,False,False
2892,2022-10-26 09:46:56.452616,-0.004008016032064021,0.0,-0.09999999999999787,0.0,24.9,24.95,24.85,24.9,249.0,369.0,1158.0,806.0,False,False
2892,2022-10-26 09:46:56.619677,-0.004008016032064021,0.0,-0.09999999999999787,0.0,24.9,24.95,24.85,24.9,199.0,369.0,1158.0,806.0,False,False
2892,2022-10-26 09:46:56.707278,-0.004008016032064021,0.0,-0.09999999999999787,0.0,24.9,24.95,24.85,24.9,199.0,369.0,1158.0,806.0,False,False
2892,2022-10-26 09:46:58.132855,-0.004008016032064021,0.0,-0.09999999999999787,0.0,24.9,24.95,24.85,24.9,199.0,369.0,1158.0,806.0,False,False
2892,2022-10-26 09:46:58.132984,-0.004008016032064021,0.0,-0.09999999999999787,0.0,24.9,24.95,24.85,24.9,199.0,369.0,1158.0,806.0,False,False
2892,2022-10-26 09:46:58.383400,-0.004008016032064021,0.0,-0.09999999999999787,0.0,24.9,24.95,24.85,24.9,149.0,369.0,1158.0,806.0,False,False
2892,2022-10-26 09:46:58.394823,-0.004008016032064021,0.0,-0.09999999999999787,0.0,24.9,24.95,24.85,24.9,135.0,369.0,1158.0,806.0,False,False
2892,2022-10-26 09:46:58.451856,-0.004008016032064021,0.0,-0.09999999999999787,0.0,24.9,24.95,24.85,24.9,135.0,369.0,1158.0,806.0,False,False
2892,2022-10-26 09:46:58.492863,-0.004008016032064021,0.0,-0.09999999999999787,0.0,24.9,24.95,24.85,24.9,142.0,369.0,1158.0,806.0,False,False
2892,2022-10-26 09:46:59.113900,-0.004008016032064021,0.0,-0.09999999999999787,0.0,24.9,24.95,24.85,24.9,143.0,369.0,1158.0,806.0,False,False
2892,2022-10-26 09:46:59.126884,-0.004008016032064021,0.0,-0.09999999999999787,0.0,24.9,24.95,24.85,24.9,126.0,369.0,1158.0,806.0,False,False
2892,2022-10-26 09:46:59.255236,-0.004008016032064021,0.0,-0.09999999999999787,0.0,24.9,24.95,24.85,24.9,126.0,369.0,1158.0,806.0,False,False
2892,2022-10-26 09:46:59.296232,-0.004008016032064021,0.0,-0.09999999999999787,0.0,24.9,24.95,24.85,24.9,157.0,369.0,1158.0,806.0,False,False
2892,2022-10-26 09:46:59.600220,-0.004008016032064021,0.0,-0.09999999999999787,0.0,24.9,24.95,24.85,24.9,157.0,369.0,1158.0,806.0,False,False
2892,2022-10-26 09:46:59.642724,-0.004008016032064021,0.0,-0.09999999999999787,0.0,24.9,24.95,24.85,24.9,157.0,369.0,1158.0,806.0,False,False
2892,2022-10-26 09:46:59.836454,-0.004008016032064021,0.0,-0.09999999999999787,0.0,24.9,24.95,24.85,24.9,157.0,369.0,1158.0,806.0,True,True
2892,2022-10-26 09:47:00.148618,-0.004008016032064021,0.0,-0.09999999999999787,0.0,24.9,24.95,24.85,24.9,165.0,369.0,1158.0,806.0,False,False
2892,2022-10-26 09:47:00.220887,-0.004008016032064021,0.0,-0.09999999999999787,0.0,24.9,24.95,24.85,24.9,165.0,369.0,1158.0,806.0,False,False
2892,2022-10-26 09:47:01.189276,-0.004008016032064021,0.0,-0.09999999999999787,0.0,24.9,24.95,24.85,24.9,138.0,369.0,1158.0,806.0,False,False
2892,2022-10-26 09:47:01.669352,-0.004008016032064021,0.0,-0.09999999999999787,0.0,24.9,24.95,24.85,24.9,189.0,369.0,1158.0,806.0,False,False
2892,2022-10-26 09:47:02.179986,-0.004008016032064021,0.0,-0.09999999999999787,0.0,24.9,24.95,24.85,24.9,209.0,369.0,1158.0,806.0,False,False
2892,2022-10-26 09:47:03.443512,-0.004008016032064021,0.0,-0.09999999999999787,0.0,24.9,24.95,24.85,24.9,209.0,367.0,1158.0,806.0,False,False
2892,2022-10-26 09:47:03.655724,-0.004008016032064021,0.0,-0.09999999999999787,0.0,24.9,24.95,24.85,24.9,209.0,358.0,1158.0,806.0,False,False
2892,2022-10-26 09:47:03.740986,-0.004008016032064021,0.0,-0.09999999999999787,0.0,24.9,24.95,24.85,24.9,209.0,350.0,1158.0,806.0,False,False
2892,2022-10-26 09:47:05.258024,-0.004008016032064021,0.0,-0.09999999999999787,0.0,24.9,24.95,24.85,24.9,209.0,350.0,1158.0,806.0,False,False
2892,2022-10-26 09:47:05.258040,-0.004008016032064021,0.0,-0.09999999999999787,0.0,24.9,24.95,24.85,24.9,209.0,350.0,1158.0,806.0,False,False
2892,2022-10-26 09:47:05.513452,-0.004008016032064021,0.0,-0.09999999999999787,0.0,24.9,24.95,24.85,24.9,209.0,350.0,1158.0,806.0,False,False
2892,2022-10-26 09:47:05.547246,-0.004008016032064021,0.0,-0.09999999999999787,0.0,24.9,24.95,24.85,24.9,209.0,346.0,1158.0,806.0,False,False
2892,2022-10-26 09:47:05.686448,-0.004008016032064021,0.0,-0.09999999999999787,0.0,24.9,24.95,24.85,24.9,209.0,346.0,1158.0,806.0,False,False
2892,2022-10-26 09:47:05.751446,-0.004008016032064021,0.0,-0.09999999999999787,0.0,24.9,24.95,24.85,24.9,267.0,346.0,1158.0,806.0,False,False
2892,2022-10-26 09:47:09.866573,-0.004008016032064021,0.0,-0.09999999999999787,0.0,24.9,24.95,24.85,24.9,267.0,346.0,1258.0,806.0,True,True
2892,2022-10-26 09:47:10.625148,-0.004008016032064021,0.0,-0.09999999999999787,0.0,24.9,24.95,24.85,24.9,267.0,341.0,1258.0,806.0,False,False
2892,2022-10-26 09:47:11.305482,-0.004008016032064021,0.0,-0.09999999999999787,0.0,24.9,24.95,24.85,24.9,267.0,332.0,1258.0,806.0,False,False
2892,2022-10-26 09:47:11.379119,-0.004008016032064021,0.0,-0.09999999999999787,0.0,24.9,24.95,24.85,24.9,267.0,323.0,1258.0,806.0,False,False
2892,2022-10-26 09:47:11.413973,-0.004008016032064021,0.0,-0.09999999999999787,0.0,24.9,24.95,24.85,24.9,267.0,323.0,1258.0,806.0,False,False
2892,2022-10-26 09:47:11.465836,-0.004008016032064021,0.0,-0.09999999999999787,0.0,24.9,24.95,24.85,24.9,267.0,322.0,1258.0,806.0,False,False
2892,2022-10-26 09:47:12.536746,-0.004008016032064021,0.0,-0.09999999999999787,0.0,24.9,24.95,24.85,24.9,267.0,326.0,1258.0,806.0,False,False
2892,2022-10-26 09:47:12.555510,-0.004008016032064021,0.0,-0.09999999999999787,0.0,24.9,24.95,24.85,24.9,267.0,326.0,1258.0,806.0,False,False
2892,2022-10-26 09:47:12.676921,-0.004008016032064021,0.0,-0.09999999999999787,0.0,24.9,24.95,24.85,24.9,267.0,326.0,1258.0,806.0,False,False
2892,2022-10-26 09:47:12.739348,-0.004008016032064021,0.0,-0.09999999999999787,0.0,24.9,24.95,24.85,24.9,341.0,326.0,1258.0,806.0,False,False
2892,2022-10-26 09:47:12.819249,-0.004008016032064021,0.0,-0.09999999999999787,0.0,24.9,24.95,24.85,24.9,341.0,321.0,1258.0,806.0,False,False
2892,2022-10-26 09:47:12.956401,-0.004008016032064021,0.0,-0.09999999999999787,0.0,24.9,24.95,24.85,24.9,342.0,321.0,1258.0,806.0,False,False
2892,2022-10-26 09:47:13.928083,-0.004008016032064021,0.0,-0.09999999999999787,0.0,24.9,24.95,24.85,24.9,342.0,321.0,1258.0,806.0,False,False
2892,2022-10-26 09:47:15.606311,-0.004008016032064021,0.0,-0.09999999999999787,0.0,24.9,24.95,24.85,24.9,291.0,321.0,1258.0,806.0,False,False
2892,2022-10-26 09:47:17.115288,-0.004008016032064021,0.0,-0.09999999999999787,0.0,24.9,24.95,24.85,24.9,271.0,321.0,1258.0,806.0,False,False
2892,2022-10-26 09:47:17.143852,-0.004008016032064021,0.0,-0.09999999999999787,0.0,24.9,24.95,24.85,24.9,271.0,321.0,1258.0,806.0,False,False
2892,2022-10-26 09:47:18.018961,-0.004008016032064021,0.0,-0.09999999999999787,0.0,24.9,24.95,24.85,24.9,271.0,324.0,1258.0,806.0,False,False
2892,2022-10-26 09:47:19.679970,-0.004008016032064021,0.0,-0.09999999999999787,0.0,24.9,24.95,24.85,24.9,213.0,324.0,1258.0,806.0,False,False
2892,2022-10-26 09:47:19.898959,-0.004008016032064021,0.0,-0.09999999999999787,0.0,24.9,24.95,24.85,24.9,213.0,324.0,1258.0,706.0,True,True
2892,2022-10-26 09:47:24.148234,-0.004008016032064021,0.0,-0.09999999999999787,0.0,24.9,24.95,24.85,24.9,236.0,324.0,1258.0,706.0,False,False
2892,2022-10-26 09:47:25.593584,-0.004008016032064021,0.0,-0.09999999999999787,0.0,24.9,24.95,24.85,24.9,236.0,325.0,1258.0,706.0,False,False
2892,2022-10-26 09:47:25.651481,-0.004008016032064021,0.0,-0.09999999999999787,0.0,24.9,24.95,24.85,24.9,287.0,325.0,1258.0,706.0,False,False
2892,2022-10-26 09:47:25.986007,-0.004008016032064021,0.0,-0.09999999999999787,0.0,24.9,24.95,24.85,24.9,287.0,324.0,1258.0,706.0,False,False
2892,2022-10-26 09:47:26.183181,-0.004008016032064021,0.0,-0.09999999999999787,0.0,24.9,24.95,24.85,24.9,290.0,324.0,1258.0,706.0,False,False
2892,2022-10-26 09:47:27.509746,-0.004008016032064021,0.0,-0.09999999999999787,0.0,24.9,24.95,24.85,24.9,290.0,324.0,1258.0,706.0,False,False
2892,2022-10-26 09:47:27.664742,-0.004008016032064021,0.0,-0.09999999999999787,0.0,24.9,24.95,24.85,24.9,290.0,315.0,1258.0,706.0,False,False
2892,2022-10-26 09:47:27.743948,-0.004008016032064021,0.0,-0.09999999999999787,0.0,24.9,24.95,24.85,24.9,290.0,306.0,1258.0,706.0,False,False
2892,2022-10-26 09:47:27.788057,-0.004008016032064021,0.0,-0.09999999999999787,0.0,24.9,24.95,24.85,24.9,348.0,306.0,1258.0,706.0,False,False
2892,2022-10-26 09:47:28.634353,-0.004008016032064021,0.0,-0.09999999999999787,0.0,24.9,24.95,24.85,24.9,351.0,306.0,1258.0,706.0,False,False
2892,2022-10-26 09:47:28.856476,-0.004008016032064021,0.0,-0.09999999999999787,0.0,24.9,24.95,24.85,24.9,355.0,306.0,1258.0,706.0,False,False
2892,2022-10-26 09:47:29.935859,-0.004008016032064021,0.0,-0.09999999999999787,0.0,24.9,24.95,24.85,24.9,355.0,306.0,1378.0,706.0,True,True
2892,2022-10-26 09:47:30.533639,-0.004008016032064021,0.0,-0.09999999999999787,0.0,24.9,24.95,24.85,24.9,355.0,303.0,1378.0,706.0,False,False
2892,2022-10-26 09:47:30.813209,-0.004008016032064021,0.0,-0.09999999999999787,0.0,24.9,24.95,24.85,24.9,356.0,303.0,1378.0,706.0,False,False
2892,2022-10-26 09:47:30.822550,-0.004008016032064021,0.0,-0.09999999999999787,0.0,24.9,24.95,24.85,24.9,356.0,303.0,1378.0,706.0,False,False
2892,2022-10-26 09:47:31.676044,-0.004008016032064021,0.0,-0.09999999999999787,0.0,24.9,24.95,24.85,24.9,356.0,293.0,1378.0,706.0,False,False
2892,2022-10-26 09:47:32.170988,-0.004008016032064021,0.0,-0.09999999999999787,0.0,24.9,24.95,24.85,24.9,398.0,293.0,1378.0,706.0,False,False
2892,2022-10-26 09:47:32.601193,-0.004008016032064021,0.0,-0.09999999999999787,0.0,24.9,24.95,24.85,24.9,347.0,293.0,1378.0,706.0,False,False
2892,2022-10-26 09:47:34.936882,-0.004008016032064021,0.0,-0.09999999999999787,0.0,24.9,24.95,24.85,24.9,353.0,293.0,1378.0,706.0,False,False
2892,2022-10-26 09:47:36.838556,-0.004008016032064021,0.0,-0.09999999999999787,0.0,24.9,24.95,24.85,24.9,352.0,293.0,1378.0,706.0,False,False
2892,2022-10-26 09:47:37.481634,-0.004008016032064021,0.0,-0.09999999999999787,0.0,24.9,24.95,24.85,24.9,352.0,292.0,1378.0,706.0,False,False
2892,2022-10-26 09:47:39.969189,-0.004008016032064021,0.0,-0.09999999999999787,0.0,24.9,24.95,24.85,24.9,352.0,292.0,1378.0,1156.0,True,True
2892,2022-10-26 09:47:40.221115,-0.004008016032064021,0.0,-0.09999999999999787,0.0,24.9,24.95,24.85,24.9,353.0,292.0,1378.0,1156.0,False,False
2892,2022-10-26 09:47:40.393326,-0.004008016032064021,0.0,-0.09999999999999787,0.0,24.9,24.95,24.85,24.9,353.0,282.0,1378.0,1156.0,False,False
2892,2022-10-26 09:47:41.938539,-0.004008016032064021,0.0,-0.09999999999999787,0.0,24.9,24.95,24.85,24.9,350.0,282.0,1378.0,1156.0,False,False
2892,2022-10-26 09:47:43.379726,-0.004008016032064021,0.0,-0.09999999999999787,0.0,24.9,24.95,24.85,24.9,350.0,282.0,1378.0,1156.0,False,False
2892,2022-10-26 09:47:43.585478,-0.004008016032064021,0.0,-0.09999999999999787,0.0,24.9,24.95,24.85,24.9,350.0,283.0,1378.0,1156.0,False,False
2892,2022-10-26 09:47:47.296430,-0.004008016032064021,0.0,-0.09999999999999787,0.0,24.9,24.95,24.85,24.9,350.0,283.0,1378.0,1156.0,False,False
2892,2022-10-26 09:47:47.642746,-0.004008016032064021,0.0,-0.09999999999999787,0.0,24.9,24.95,24.85,24.9,400.0,283.0,1378.0,1156.0,False,False
2892,2022-10-26 09:47:49.588169,-0.004008016032064021,0.0,-0.09999999999999787,0.0,24.9,24.95,24.85,24.9,350.0,283.0,1378.0,1156.0,False,False
2892,2022-10-26 09:47:49.997262,-0.004008016032064021,0.0,-0.09999999999999787,0.0,24.9,24.95,24.85,24.9,350.0,283.0,1378.0,1156.0,True,True
2892,2022-10-26 09:47:50.096520,-0.004008016032064021,0.0,-0.09999999999999787,0.0,24.9,24.95,24.85,24.9,327.0,283.0,1378.0,1156.0,False,False
2892,2022-10-26 09:47:51.670046,-0.004008016032064021,0.0,-0.09999999999999787,0.0,24.9,24.95,24.85,24.9,269.0,283.0,1378.0,1156.0,False,False
2892,2022-10-26 09:47:53.807785,-0.004008016032064021,0.0,-0.09999999999999787,0.0,24.9,24.95,24.85,24.9,269.0,283.0,1378.0,1156.0,False,False
2892,2022-10-26 09:47:54.984350,-0.004008016032064021,0.0,-0.09999999999999787,0.0,24.9,24.95,24.85,24.9,270.0,283.0,1378.0,1156.0,False,False
2892,2022-10-26 09:47:55.156741,-0.004008016032064021,0.0,-0.09999999999999787,0.0,24.9,24.95,24.85,24.9,285.0,283.0,1378.0,1156.0,False,False
2892,2022-10-26 09:47:58.081944,-0.004008016032064021,0.0,-0.09999999999999787,0.0,24.9,24.95,24.85,24.9,285.0,283.0,1378.0,1156.0,False,False
2892,2022-10-26 09:48:00.026351,-0.004008016032064021,0.0,-0.09999999999999787,0.0,24.9,24.95,24.85,24.9,285.0,283.0,1423.0,1142.0,True,True
2892,2022-10-26 09:48:00.147989,-0.004008016032064021,0.0,-0.09999999999999787,0.0,24.9,24.95,24.85,24.9,285.0,283.0,1423.0,1142.0,False,False
2892,2022-10-26 09:48:02.078046,-0.004008016032064021,0.0,-0.09999999999999787,0.0,24.9,24.95,24.85,24.9,285.0,283.0,1423.0,1142.0,False,False
2892,2022-10-26 09:48:02.993969,-0.004008016032064021,0.0,-0.09999999999999787,0.0,24.9,24.95,24.85,24.9,280.0,283.0,1423.0,1142.0,False,False
2892,2022-10-26 09:48:03.431181,-0.004008016032064021,0.0,-0.09999999999999787,0.0,24.9,24.95,24.85,24.9,289.0,283.0,1423.0,1142.0,False,False
2892,2022-10-26 09:48:04.062252,-0.004008016032064021,0.0,-0.09999999999999787,0.0,24.9,24.95,24.85,24.9,289.0,283.0,1423.0,1142.0,False,False
2892,2022-10-26 09:48:06.371358,-0.004008016032064021,0.0,-0.09999999999999787,0.0,24.9,24.95,24.85,24.9,286.0,283.0,1423.0,1142.0,False,False
2892,2022-10-26 09:48:08.859761,-0.004008016032064021,0.0,-0.09999999999999787,0.0,24.9,24.95,24.85,24.9,286.0,283.0,1423.0,1142.0,False,False
2892,2022-10-26 09:48:09.284363,-0.004008016032064021,0.0,-0.09999999999999787,0.0,24.9,24.95,24.85,24.9,286.0,282.0,1423.0,1142.0,False,False
2892,2022-10-26 09:48:09.834516,-0.004008016032064021,0.0,-0.09999999999999787,0.0,24.9,24.95,24.85,24.9,286.0,283.0,1423.0,1142.0,False,False
2892,2022-10-26 09:48:11.076149,-0.004008016032064021,0.0,-0.09999999999999787,0.0,24.9,24.95,24.85,24.9,286.0,283.0,1423.0,1142.0,False,False
2892,2022-10-26 09:48:13.414812,-0.004008016032064021,0.0,-0.09999999999999787,0.0,24.9,24.95,24.85,24.9,285.0,283.0,1423.0,1142.0,False,False
2892,2022-10-26 09:48:17.965011,-0.004008016032064021,0.0,-0.09999999999999787,0.0,24.9,24.95,24.85,24.9,280.0,283.0,1423.0,1142.0,False,False
2892,2022-10-26 09:48:18.471925,-0.004008016032064021,0.0,-0.09999999999999787,0.0,24.9,24.95,24.85,24.9,280.0,283.0,1423.0,1142.0,False,False
2892,2022-10-26 09:48:19.224764,-0.004008016032064021,0.0,-0.09999999999999787,0.0,24.9,24.95,24.85,24.9,288.0,283.0,1423.0,1142.0,False,False
2892,2022-10-26 09:48:21.538855,-0.004008016032064021,0.0,-0.09999999999999787,0.0,24.9,24.95,24.85,24.9,280.0,283.0,1423.0,1142.0,False,False
2892,2022-10-26 09:48:21.567937,-0.004008016032064021,0.0,-0.09999999999999787,0.0,24.9,24.95,24.85,24.9,280.0,284.0,1423.0,1142.0,False,False
2892,2022-10-26 09:48:22.146256,-0.004008016032064021,0.0,-0.09999999999999787,0.0,24.9,24.95,24.85,24.9,288.0,284.0,1423.0,1142.0,False,False
2892,2022-10-26 09:48:26.440719,-0.004008016032064021,0.0,-0.09999999999999787,0.0,24.9,24.95,24.85,24.9,288.0,284.0,1423.0,1142.0,False,False
2892,2022-10-26 09:48:28.833046,-0.004008016032064021,0.0,-0.09999999999999787,0.0,24.9,24.95,24.85,24.9,288.0,284.0,1423.0,1142.0,False,False
2892,2022-10-26 09:48:30.135186,-0.004008016032064021,0.0,-0.09999999999999787,0.0,24.9,24.95,24.85,24.9,288.0,284.0,1423.0,942.0,True,True
2892,2022-10-26 09:48:30.399982,-0.004008016032064021,0.0,-0.09999999999999787,0.0,24.9,24.95,24.85,24.9,288.0,283.0,1423.0,942.0,False,False
2892,2022-10-26 09:48:32.318530,-0.004008016032064021,0.0,-0.09999999999999787,0.0,24.9,24.95,24.85,24.9,280.0,283.0,1423.0,942.0,False,False
2892,2022-10-26 09:48:32.322297,-0.004008016032064021,0.0,-0.09999999999999787,0.0,24.9,24.95,24.85,24.9,263.0,283.0,1423.0,942.0,False,False
2892,2022-10-26 09:48:34.502511,-0.004008016032064021,0.0,-0.09999999999999787,0.0,24.9,24.95,24.85,24.9,263.0,288.0,1423.0,942.0,False,False
2892,2022-10-26 09:48:39.290291,-0.004008016032064021,0.0,-0.09999999999999787,0.0,24.9,24.95,24.85,24.9,263.0,293.0,1423.0,942.0,False,False
2892,2022-10-26 09:48:40.182859,-0.004008016032064021,0.0,-0.09999999999999787,0.0,24.9,24.95,24.85,24.9,267.0,293.0,1423.0,942.0,False,False
2892,2022-10-26 09:48:42.356123,-0.004008016032064021,0.0,-0.09999999999999787,0.0,24.9,24.95,24.85,24.9,267.0,294.0,1423.0,942.0,False,False
2892,2022-10-26 09:48:44.076042,-0.004008016032064021,0.0,-0.09999999999999787,0.0,24.9,24.95,24.85,24.9,263.0,294.0,1423.0,942.0,False,False
2892,2022-10-26 09:48:44.077855,-0.004008016032064021,0.0,-0.09999999999999787,0.0,24.9,24.95,24.85,24.9,263.0,290.0,1423.0,942.0,False,False
2892,2022-10-26 09:48:47.058455,-0.004008016032064021,0.0,-0.09999999999999787,0.0,24.9,24.95,24.85,24.9,263.0,287.0,1423.0,942.0,False,False
2892,2022-10-26 09:48:49.188041,-0.004008016032064021,0.0,-0.09999999999999787,0.0,24.9,24.95,24.85,24.9,263.0,286.0,1423.0,942.0,False,False
2892,2022-10-26 09:48:50.209704,-0.004008016032064021,0.0,-0.09999999999999787,0.0,24.9,24.95,24.85,24.9,263.0,286.0,1423.0,902.0,True,True
2892,2022-10-26 09:48:51.349453,-0.004008016032064021,0.0,-0.09999999999999787,0.0,24.9,24.95,24.85,24.9,263.0,286.0,1423.0,902.0,False,False
2892,2022-10-26 09:48:51.761547,-0.004008016032064021,0.0,-0.09999999999999787,0.0,24.9,24.95,24.85,24.9,263.0,285.0,1423.0,902.0,False,False
2892,2022-10-26 09:48:52.295544,-0.004008016032064021,0.0,-0.09999999999999787,0.0,24.9,24.95,24.85,24.9,269.0,285.0,1423.0,902.0,False,False
2892,2022-10-26 09:48:53.646258,-0.004008016032064021,0.0,-0.09999999999999787,0.0,24.9,24.95,24.85,24.9,269.0,285.0,1423.0,902.0,False,False
2892,2022-10-26 09:48:56.823843,-0.004008016032064021,0.0,-0.09999999999999787,0.0,24.9,24.95,24.85,24.9,269.0,285.0,1423.0,902.0,False,False
2892,2022-10-26 09:48:58.297080,-0.004008016032064021,0.0,-0.09999999999999787,0.0,24.9,24.95,24.85,24.9,269.0,286.0,1423.0,902.0,False,False
2892,2022-10-26 09:48:59.692225,-0.004008016032064021,0.0,-0.09999999999999787,0.0,24.9,24.95,24.85,24.9,269.0,290.0,1423.0,902.0,False,False
2892,2022-10-26 09:49:00.252097,-0.004008016032064021,0.0,-0.09999999999999787,0.0,24.9,24.95,24.85,24.9,269.0,290.0,1423.0,402.0,True,True
2892,2022-10-26 09:49:00.410842,-0.004008016032064021,0.0,-0.09999999999999787,0.0,24.9,24.95,24.85,24.9,269.0,292.0,1423.0,402.0,False,False
2892,2022-10-26 09:49:00.455615,-0.004008016032064021,0.0,-0.09999999999999787,0.0,24.9,24.95,24.85,24.9,269.0,292.0,1423.0,402.0,False,False
2892,2022-10-26 09:49:01.046495,-0.004008016032064021,0.0,-0.09999999999999787,0.0,24.9,24.95,24.85,24.9,269.0,293.0,1423.0,402.0,False,False
2892,2022-10-26 09:49:01.137161,-0.004008016032064021,0.0,-0.09999999999999787,0.0,24.9,24.95,24.85,24.9,269.0,293.0,1423.0,402.0,False,False
2892,2022-10-26 09:49:02.959685,-0.004008016032064021,0.0,-0.09999999999999787,0.0,24.9,24.95,24.85,24.9,269.0,293.0,1423.0,402.0,False,False
2892,2022-10-26 09:49:03.041433,-0.004008016032064021,0.0,-0.09999999999999787,0.0,24.9,24.95,24.85,24.9,270.0,293.0,1423.0,402.0,False,False
2892,2022-10-26 09:49:03.042741,-0.004008016032064021,0.0,-0.09999999999999787,0.0,24.9,24.95,24.85,24.9,271.0,293.0,1423.0,402.0,False,False
2892,2022-10-26 09:49:03.646662,-0.004008016032064021,0.0,-0.09999999999999787,0.0,24.9,24.95,24.85,24.9,271.0,293.0,1423.0,402.0,False,False
2892,2022-10-26 09:49:03.843855,-0.004008016032064021,0.0,-0.09999999999999787,0.0,24.9,24.95,24.85,24.9,271.0,293.0,1423.0,402.0,False,False
2892,2022-10-26 09:49:03.884582,-0.004008016032064021,0.0,-0.09999999999999787,0.0,24.9,24.95,24.85,24.9,271.0,333.0,1423.0,402.0,False,False
2892,2022-10-26 09:49:06.903255,-0.004008016032064021,0.0,-0.09999999999999787,0.0,24.9,24.95,24.85,24.9,271.0,332.0,1423.0,402.0,False,False
2892,2022-10-26 09:49:09.686773,-0.004008016032064021,0.0,-0.09999999999999787,0.0,24.9,24.95,24.85,24.9,271.0,332.0,1423.0,452.0,False,True
2892,2022-10-26 09:49:12.050332,-0.004008016032064021,0.0,-0.09999999999999787,0.0,24.9,24.95,24.85,24.9,271.0,322.0,1423.0,452.0,False,False
2892,2022-10-26 09:49:13.697177,-0.004008016032064021,0.0,-0.09999999999999787,0.0,24.9,24.95,24.85,24.9,278.0,322.0,1423.0,452.0,False,False
2892,2022-10-26 09:49:13.700781,-0.004008016032064021,0.0,-0.09999999999999787,0.0,24.9,24.95,24.85,24.9,278.0,316.0,1423.0,452.0,False,False
2892,2022-10-26 09:49:15.867840,-0.004008016032064021,0.0,-0.09999999999999787,0.0,24.9,24.95,24.85,24.9,278.0,315.0,1423.0,452.0,False,False
2892,2022-10-26 09:49:17.895334,-0.004008016032064021,0.0,-0.09999999999999787,0.0,24.9,24.95,24.85,24.9,275.0,315.0,1423.0,452.0,False,False
2892,2022-10-26 09:49:20.248343,-0.004008016032064021,0.0,-0.09999999999999787,0.0,24.9,24.95,24.85,24.9,275.0,315.0,1423.0,452.0,False,False
2892,2022-10-26 09:49:20.327992,-0.004008016032064021,0.0,-0.09999999999999787,0.0,24.9,24.95,24.85,24.9,275.0,312.0,1423.0,452.0,False,False
2892,2022-10-26 09:49:21.067384,-0.004008016032064021,0.0,-0.09999999999999787,0.0,24.9,24.95,24.85,24.9,275.0,326.0,1423.0,452.0,False,False
2892,2022-10-26 09:49:21.869376,-0.004008016032064021,0.0,-0.09999999999999787,0.0,24.9,24.95,24.85,24.9,275.0,325.0,1423.0,452.0,False,False
2892,2022-10-26 09:49:21.871851,-0.004008016032064021,0.0,-0.09999999999999787,0.0,24.9,24.95,24.85,24.9,275.0,331.0,1423.0,452.0,False,False
2892,2022-10-26 09:49:22.724814,-0.004008016032064021,0.0,-0.09999999999999787,0.0,24.9,24.95,24.85,24.9,274.0,330.0,1423.0,452.0,False,False
2892,2022-10-26 09:49:23.078799,-0.004008016032064021,0.0,-0.09999999999999787,0.0,24.9,24.95,24.85,24.9,271.0,327.0,1423.0,452.0,False,False
2892,2022-10-26 09:49:27.220101,-0.004008016032064021,0.0,-0.09999999999999787,0.0,24.9,24.95,24.85,24.9,271.0,327.0,1423.0,452.0,False,False
2892,2022-10-26 09:49:27.637932,-0.004008016032064021,0.0,-0.09999999999999787,0.0,24.9,24.95,24.85,24.9,271.0,327.0,1423.0,452.0,False,False
2892,2022-10-26 09:49:29.656154,-0.004008016032064021,0.0,-0.09999999999999787,0.0,24.9,24.95,24.85,24.9,272.0,327.0,1423.0,452.0,False,False
2892,2022-10-26 09:49:29.979668,-0.004008016032064021,0.0,-0.09999999999999787,0.0,24.9,24.95,24.85,24.9,273.0,327.0,1423.0,452.0,False,False
2892,2022-10-26 09:49:31.613260,-0.004008016032064021,0.0,-0.09999999999999787,0.0,24.9,24.95,24.85,24.9,273.0,327.0,1423.0,452.0,False,False
2892,2022-10-26 09:49:32.865588,-0.004008016032064021,0.0,-0.09999999999999787,0.0,24.9,24.95,24.85,24.9,273.0,327.0,1423.0,452.0,False,False
2892,2022-10-26 09:49:33.675112,-0.004008016032064021,0.0,-0.09999999999999787,0.0,24.9,24.95,24.85,24.9,281.0,327.0,1423.0,452.0,False,False
2892,2022-10-26 09:49:33.769098,-0.004008016032064021,0.0,-0.09999999999999787,0.0,24.9,24.95,24.85,24.9,281.0,327.0,1423.0,452.0,False,False
2892,2022-10-26 09:49:33.841497,-0.004008016032064021,0.0,-0.09999999999999787,0.0,24.9,24.95,24.85,24.9,283.0,327.0,1423.0,452.0,False,False
2892,2022-10-26 09:49:34.351664,-0.004008016032064021,0.0,-0.09999999999999787,0.0,24.9,24.95,24.85,24.9,283.0,327.0,1423.0,452.0,False,False
2892,2022-10-26 09:49:34.419747,-0.004008016032064021,0.0,-0.09999999999999787,0.0,24.9,24.95,24.85,24.9,283.0,328.0,1423.0,452.0,False,False
2892,2022-10-26 09:49:35.790865,-0.004008016032064021,0.0,-0.09999999999999787,0.0,24.9,24.95,24.85,24.9,283.0,325.0,1423.0,452.0,False,False
2892,2022-10-26 09:49:39.153331,-0.004008016032064021,0.0,-0.09999999999999787,0.0,24.9,24.95,24.85,24.9,283.0,325.0,1423.0,452.0,False,False
2892,2022-10-26 09:49:39.795646,-0.004008016032064021,0.0,-0.09999999999999787,0.0,24.9,24.95,24.85,24.9,283.0,325.0,1423.0,282.0,True,True
2892,2022-10-26 09:49:43.528979,-0.004008016032064021,0.0,-0.09999999999999787,0.0,24.9,24.95,24.85,24.9,283.0,326.0,1423.0,282.0,False,False
2892,2022-10-26 09:49:44.798009,-0.004008016032064021,0.0,-0.09999999999999787,0.0,24.9,24.95,24.85,24.9,283.0,337.0,1423.0,282.0,False,False
2892,2022-10-26 09:49:44.848587,-0.004008016032064021,0.0,-0.09999999999999787,0.0,24.9,24.95,24.85,24.9,283.0,338.0,1423.0,282.0,False,False
2892,2022-10-26 09:49:44.891117,-0.004008016032064021,0.0,-0.09999999999999787,0.0,24.9,24.95,24.85,24.9,283.0,340.0,1423.0,282.0,False,False
2892,2022-10-26 09:49:47.755858,-0.004008016032064021,0.0,-0.09999999999999787,0.0,24.9,24.95,24.85,24.9,283.0,340.0,1423.0,282.0,False,False
2892,2022-10-26 09:49:49.079079,-0.004008016032064021,0.0,-0.09999999999999787,0.0,24.9,24.95,24.85,24.9,283.0,340.0,1423.0,282.0,False,False
2892,2022-10-26 09:49:49.823418,-0.004008016032064021,0.0,-0.09999999999999787,0.0,24.9,24.95,24.85,24.9,283.0,340.0,1453.0,282.0,True,True
2892,2022-10-26 09:49:50.066836,-0.004008016032064021,0.0,-0.09999999999999787,0.0,24.9,24.95,24.85,24.9,283.0,341.0,1453.0,282.0,False,False
2892,2022-10-26 09:49:51.212361,-0.004008016032064021,0.0,-0.09999999999999787,0.0,24.9,24.95,24.85,24.9,283.0,341.0,1453.0,282.0,False,False
2892,2022-10-26 09:49:53.429929,-0.004008016032064021,0.0,-0.09999999999999787,0.0,24.9,24.95,24.85,24.9,283.0,341.0,1453.0,282.0,False,False
2892,2022-10-26 09:49:53.644712,-0.004008016032064021,0.0,-0.09999999999999787,0.0,24.9,24.95,24.85,24.9,283.0,341.0,1453.0,282.0,False,False
2892,2022-10-26 09:49:54.173888,-0.004008016032064021,0.0,-0.09999999999999787,0.0,24.9,24.95,24.85,24.9,283.0,341.0,1453.0,282.0,False,False
2892,2022-10-26 09:49:54.535996,-0.004008016032064021,0.0,-0.09999999999999787,0.0,24.9,24.95,24.85,24.9,283.0,341.0,1453.0,282.0,False,False
2892,2022-10-26 09:49:58.461240,-0.004008016032064021,0.0,-0.09999999999999787,0.0,24.9,24.95,24.85,24.9,283.0,341.0,1453.0,282.0,False,False
2892,2022-10-26 09:49:58.505832,-0.004008016032064021,0.0,-0.09999999999999787,0.0,24.9,24.95,24.85,24.9,283.0,511.0,1453.0,282.0,False,False
2892,2022-10-26 09:49:58.598718,-0.004008016032064021,0.0,-0.09999999999999787,0.0,24.9,24.95,24.85,24.9,283.0,511.0,1453.0,282.0,False,False
2892,2022-10-26 09:49:58.706974,-0.004008016032064021,0.0,-0.09999999999999787,0.0,24.9,24.95,24.85,24.9,283.0,434.0,1453.0,282.0,False,False
2892,2022-10-26 09:50:00.659234,-0.004008016032064021,0.0,-0.09999999999999787,0.0,24.9,24.95,24.85,24.9,333.0,434.0,1453.0,282.0,False,False
2892,2022-10-26 09:50:00.734341,-0.004008016032064021,0.0,-0.09999999999999787,0.0,24.9,24.95,24.85,24.9,333.0,341.0,1453.0,282.0,False,False
2892,2022-10-26 09:50:01.015368,-0.004008016032064021,0.0,-0.09999999999999787,0.0,24.9,24.95,24.85,24.9,337.0,341.0,1453.0,282.0,False,False
2892,2022-10-26 09:50:02.608828,-0.004008016032064021,0.0,-0.09999999999999787,0.0,24.9,24.95,24.85,24.9,287.0,341.0,1453.0,282.0,False,False
2892,2022-10-26 09:50:02.644069,-0.004008016032064021,0.0,-0.09999999999999787,0.0,24.9,24.95,24.85,24.9,287.0,400.0,1453.0,282.0,False,False
2892,2022-10-26 09:50:03.443491,-0.004008016032064021,0.0,-0.09999999999999787,0.0,24.9,24.95,24.85,24.9,287.0,400.0,1453.0,282.0,False,False
2892,2022-10-26 09:50:04.237574,-0.004008016032064021,0.0,-0.09999999999999787,0.0,24.9,24.95,24.85,24.9,297.0,400.0,1453.0,282.0,False,False
2892,2022-10-26 09:50:04.266098,-0.004008016032064021,0.0,-0.09999999999999787,0.0,24.9,24.95,24.85,24.9,297.0,341.0,1453.0,282.0,False,False
2892,2022-10-26 09:50:04.472522,-0.004008016032064021,0.0,-0.09999999999999787,0.0,24.9,24.95,24.85,24.9,297.0,340.0,1453.0,282.0,False,False
2892,2022-10-26 09:50:05.180896,-0.004008016032064021,0.0,-0.09999999999999787,0.0,24.9,24.95,24.85,24.9,297.0,340.0,1453.0,282.0,False,False
2892,2022-10-26 09:50:07.222975,-0.004008016032064021,0.0,-0.09999999999999787,0.0,24.9,24.95,24.85,24.9,297.0,343.0,1453.0,282.0,False,False
2892,2022-10-26 09:50:10.027289,-0.004008016032064021,0.0,-0.09999999999999787,0.0,24.9,24.95,24.85,24.9,297.0,343.0,1453.0,207.0,True,True
2892,2022-10-26 09:50:10.634179,-0.004008016032064021,0.0,-0.09999999999999787,0.0,24.9,24.95,24.85,24.9,297.0,344.0,1453.0,207.0,False,False
2892,2022-10-26 09:50:10.669091,-0.004008016032064021,0.0,-0.09999999999999787,0.0,24.9,24.95,24.85,24.9,297.0,403.0,1453.0,207.0,False,False
2892,2022-10-26 09:50:11.371737,-0.004008016032064021,0.0,-0.09999999999999787,0.0,24.9,24.95,24.85,24.9,297.0,405.0,1453.0,207.0,False,False
2892,2022-10-26 09:50:11.581053,-0.004008016032064021,0.0,-0.09999999999999787,0.0,24.9,24.95,24.85,24.9,296.0,405.0,1453.0,207.0,False,False
2892,2022-10-26 09:50:12.516686,-0.004008016032064021,0.0,-0.09999999999999787,0.0,24.9,24.95,24.85,24.9,296.0,401.0,1453.0,207.0,False,False
2892,2022-10-26 09:50:13.117275,-0.004008016032064021,0.0,-0.09999999999999787,0.0,24.9,24.95,24.85,24.9,296.0,400.0,1453.0,207.0,False,False
2892,2022-10-26 09:50:13.790669,-0.004008016032064021,0.0,-0.09999999999999787,0.0,24.9,24.95,24.85,24.9,296.0,395.0,1453.0,207.0,False,False
2892,2022-10-26 09:50:13.793571,-0.004008016032064021,0.0,-0.09999999999999787,0.0,24.9,24.95,24.85,24.9,289.0,395.0,1453.0,207.0,False,False
2892,2022-10-26 09:50:15.923397,-0.004008016032064021,0.0,-0.09999999999999787,0.0,24.9,24.95,24.85,24.9,290.0,395.0,1453.0,207.0,False,False
2892,2022-10-26 09:50:16.000464,-0.004008016032064021,0.0,-0.09999999999999787,0.0,24.9,24.95,24.85,24.9,290.0,395.0,1453.0,207.0,False,False
2892,2022-10-26 09:50:17.017985,-0.004008016032064021,0.0,-0.09999999999999787,0.0,24.9,24.95,24.85,24.9,290.0,395.0,1453.0,207.0,False,False
2892,2022-10-26 09:50:17.398200,-0.004008016032064021,0.0,-0.09999999999999787,0.0,24.9,24.95,24.85,24.9,290.0,395.0,1453.0,207.0,False,False
2892,2022-10-26 09:50:19.320027,-0.004008016032064021,0.0,-0.09999999999999787,0.0,24.9,24.95,24.85,24.9,290.0,395.0,1453.0,207.0,False,False
2892,2022-10-26 09:50:19.321875,-0.004008016032064021,0.0,-0.09999999999999787,0.0,24.9,24.95,24.85,24.9,310.0,395.0,1453.0,207.0,False,False
2892,2022-10-26 09:50:19.353552,-0.004008016032064021,0.0,-0.09999999999999787,0.0,24.9,24.95,24.85,24.9,310.0,336.0,1453.0,207.0,False,False
2892,2022-10-26 09:50:20.091608,-0.004008016032064021,0.0,-0.09999999999999787,0.0,24.9,24.95,24.85,24.9,310.0,336.0,1553.0,207.0,True,True
2892,2022-10-26 09:50:20.752765,-0.004008016032064021,0.0,-0.09999999999999787,0.0,24.9,24.95,24.85,24.9,310.0,336.0,1553.0,207.0,False,False
2892,2022-10-26 09:50:22.355397,-0.004008016032064021,0.0,-0.09999999999999787,0.0,24.9,24.95,24.85,24.9,310.0,336.0,1553.0,207.0,False,False
2892,2022-10-26 09:50:22.357700,-0.004008016032064021,0.0,-0.09999999999999787,0.0,24.9,24.95,24.85,24.9,310.0,337.0,1553.0,207.0,False,False
2892,2022-10-26 09:50:22.973979,-0.004008016032064021,0.0,-0.09999999999999787,0.0,24.9,24.95,24.85,24.9,310.0,407.0,1553.0,207.0,False,False
2892,2022-10-26 09:50:29.635725,-0.004008016032064021,0.0,-0.09999999999999787,0.0,24.9,24.95,24.85,24.9,310.0,411.0,1553.0,207.0,False,False
2892,2022-10-26 09:50:29.734368,-0.004008016032064021,0.0,-0.09999999999999787,0.0,24.9,24.95,24.85,24.9,360.0,411.0,1553.0,207.0,False,False
2892,2022-10-26 09:50:30.144211,-0.002004008016032066,-0.002004008016032066,-0.05000000000000071,-0.05000000000000071,24.9,24.95,24.9,24.95,360.0,411.0,93.0,841.0,True,True
2892,2022-10-26 09:50:30.415303,-0.002004008016032066,-0.002004008016032066,-0.05000000000000071,-0.05000000000000071,24.9,24.95,24.9,24.95,360.0,411.0,93.0,841.0,False,False
2892,2022-10-26 09:50:31.035999,-0.002004008016032066,-0.002004008016032066,-0.05000000000000071,-0.05000000000000071,24.9,24.95,24.9,24.95,360.0,411.0,93.0,841.0,False,False
2892,2022-10-26 09:50:31.862004,-0.002004008016032066,-0.002004008016032066,-0.05000000000000071,-0.05000000000000071,24.9,24.95,24.9,24.95,360.0,411.0,93.0,841.0,False,False
2892,2022-10-26 09:50:32.244993,-0.002004008016032066,-0.002004008016032066,-0.05000000000000071,-0.05000000000000071,24.9,24.95,24.9,24.95,386.0,411.0,93.0,841.0,False,False
2892,2022-10-26 09:50:32.779156,-0.002004008016032066,-0.002004008016032066,-0.05000000000000071,-0.05000000000000071,24.9,24.95,24.9,24.95,386.0,411.0,93.0,841.0,False,False
2892,2022-10-26 09:50:32.810901,-0.002004008016032066,-0.002004008016032066,-0.05000000000000071,-0.05000000000000071,24.9,24.95,24.9,24.95,390.0,411.0,93.0,841.0,False,False
2892,2022-10-26 09:50:33.818825,-0.002004008016032066,-0.002004008016032066,-0.05000000000000071,-0.05000000000000071,24.9,24.95,24.9,24.95,402.0,411.0,93.0,841.0,False,False
2892,2022-10-26 09:50:34.746789,-0.002004008016032066,-0.002004008016032066,-0.05000000000000071,-0.05000000000000071,24.9,24.95,24.9,24.95,402.0,413.0,93.0,841.0,False,False
2892,2022-10-26 09:50:35.451866,-0.002004008016032066,-0.002004008016032066,-0.05000000000000071,-0.05000000000000071,24.9,24.95,24.9,24.95,402.0,413.0,93.0,841.0,False,False
2892,2022-10-26 09:50:36.128065,-0.002004008016032066,-0.002004008016032066,-0.05000000000000071,-0.05000000000000071,24.9,24.95,24.9,24.95,402.0,414.0,93.0,841.0,False,False
2892,2022-10-26 09:50:36.232330,-0.002004008016032066,-0.002004008016032066,-0.05000000000000071,-0.05000000000000071,24.9,24.95,24.9,24.95,402.0,414.0,93.0,841.0,False,False
2892,2022-10-26 09:50:36.616571,-0.002004008016032066,-0.002004008016032066,-0.05000000000000071,-0.05000000000000071,24.9,24.95,24.9,24.95,402.0,414.0,93.0,841.0,False,False
2892,2022-10-26 09:50:36.691357,-0.002004008016032066,-0.002004008016032066,-0.05000000000000071,-0.05000000000000071,24.9,24.95,24.9,24.95,352.0,414.0,93.0,841.0,False,False
2892,2022-10-26 09:50:37.068578,-0.002004008016032066,-0.002004008016032066,-0.05000000000000071,-0.05000000000000071,24.9,24.95,24.9,24.95,352.0,415.0,93.0,841.0,False,False
2892,2022-10-26 09:50:37.199766,-0.002004008016032066,-0.002004008016032066,-0.05000000000000071,-0.05000000000000071,24.9,24.95,24.9,24.95,326.0,415.0,93.0,841.0,False,False
2892,2022-10-26 09:50:38.390133,-0.002004008016032066,-0.002004008016032066,-0.05000000000000071,-0.05000000000000071,24.9,24.95,24.9,24.95,325.0,415.0,93.0,841.0,False,False
2892,2022-10-26 09:50:40.197449,-0.002004008016032066,-0.002004008016032066,-0.05000000000000071,-0.05000000000000071,24.9,24.95,24.9,24.95,325.0,415.0,93.0,841.0,True,True
2892,2022-10-26 09:50:42.667312,-0.002004008016032066,-0.002004008016032066,-0.05000000000000071,-0.05000000000000071,24.9,24.95,24.9,24.95,325.0,415.0,93.0,841.0,False,False
2892,2022-10-26 09:50:43.132942,-0.002004008016032066,-0.002004008016032066,-0.05000000000000071,-0.05000000000000071,24.9,24.95,24.9,24.95,325.0,420.0,93.0,841.0,False,False
2892,2022-10-26 09:50:44.566190,-0.002004008016032066,-0.002004008016032066,-0.05000000000000071,-0.05000000000000071,24.9,24.95,24.9,24.95,325.0,420.0,93.0,841.0,False,False
2892,2022-10-26 09:50:45.659258,-0.002004008016032066,-0.002004008016032066,-0.05000000000000071,-0.05000000000000071,24.9,24.95,24.9,24.95,325.0,420.0,93.0,841.0,False,False
2892,2022-10-26 09:50:46.768518,-0.002004008016032066,-0.002004008016032066,-0.05000000000000071,-0.05000000000000071,24.9,24.95,24.9,24.95,325.0,420.0,93.0,841.0,False,False
2892,2022-10-26 09:50:47.052576,-0.002004008016032066,-0.002004008016032066,-0.05000000000000071,-0.05000000000000071,24.9,24.95,24.9,24.95,325.0,419.0,93.0,841.0,False,False
2892,2022-10-26 09:50:48.586818,-0.002004008016032066,-0.002004008016032066,-0.05000000000000071,-0.05000000000000071,24.9,24.95,24.9,24.95,325.0,418.0,93.0,841.0,False,False
2892,2022-10-26 09:50:48.616763,-0.002004008016032066,-0.002004008016032066,-0.05000000000000071,-0.05000000000000071,24.9,24.95,24.9,24.95,325.0,419.0,93.0,841.0,False,False
2892,2022-10-26 09:50:48.654629,-0.002004008016032066,-0.002004008016032066,-0.05000000000000071,-0.05000000000000071,24.9,24.95,24.9,24.95,325.0,419.0,93.0,841.0,False,False
2892,2022-10-26 09:50:49.621005,-0.002004008016032066,-0.002004008016032066,-0.05000000000000071,-0.05000000000000071,24.9,24.95,24.9,24.95,325.0,419.0,93.0,841.0,False,False
2892,2022-10-26 09:50:50.205616,-0.002004008016032066,-0.002004008016032066,-0.05000000000000071,-0.05000000000000071,24.9,24.95,24.9,24.95,325.0,416.0,93.0,841.0,False,False
2892,2022-10-26 09:50:50.241941,-0.002004008016032066,-0.002004008016032066,-0.05000000000000071,-0.05000000000000071,24.9,24.95,24.9,24.95,325.0,416.0,540.0,841.0,True,True
2892,2022-10-26 09:50:50.260516,-0.002004008016032066,-0.002004008016032066,-0.05000000000000071,-0.05000000000000071,24.9,24.95,24.9,24.95,325.0,416.0,540.0,841.0,False,False
2892,2022-10-26 09:50:51.538044,-0.002004008016032066,-0.002004008016032066,-0.05000000000000071,-0.05000000000000071,24.9,24.95,24.9,24.95,325.0,418.0,540.0,841.0,False,False
2892,2022-10-26 09:50:51.887394,-0.002004008016032066,-0.002004008016032066,-0.05000000000000071,-0.05000000000000071,24.9,24.95,24.9,24.95,325.0,420.0,540.0,841.0,False,False
2892,2022-10-26 09:50:53.049325,-0.002004008016032066,-0.002004008016032066,-0.05000000000000071,-0.05000000000000071,24.9,24.95,24.9,24.95,322.0,420.0,540.0,841.0,False,False
2892,2022-10-26 09:50:53.825464,-0.002004008016032066,-0.002004008016032066,-0.05000000000000071,-0.05000000000000071,24.9,24.95,24.9,24.95,314.0,420.0,540.0,841.0,False,False
2892,2022-10-26 09:50:53.955204,-0.002004008016032066,-0.002004008016032066,-0.05000000000000071,-0.05000000000000071,24.9,24.95,24.9,24.95,314.0,417.0,540.0,841.0,False,False
2892,2022-10-26 09:50:56.546408,-0.002004008016032066,-0.002004008016032066,-0.05000000000000071,-0.05000000000000071,24.9,24.95,24.9,24.95,314.0,417.0,540.0,841.0,False,False
2892,2022-10-26 09:51:04.498655,-0.002004008016032066,-0.002004008016032066,-0.05000000000000071,-0.05000000000000071,24.9,24.95,24.9,24.95,314.0,417.0,540.0,841.0,False,False
2892,2022-10-26 09:51:07.778125,-0.002004008016032066,-0.002004008016032066,-0.05000000000000071,-0.05000000000000071,24.9,24.95,24.9,24.95,314.0,413.0,540.0,841.0,False,False
2892,2022-10-26 09:51:08.005792,-0.002004008016032066,-0.002004008016032066,-0.05000000000000071,-0.05000000000000071,24.9,24.95,24.9,24.95,314.0,413.0,540.0,841.0,False,False
2892,2022-10-26 09:51:08.775298,-0.002004008016032066,-0.002004008016032066,-0.05000000000000071,-0.05000000000000071,24.9,24.95,24.9,24.95,364.0,413.0,540.0,841.0,False,False
2892,2022-10-26 09:51:09.709863,-0.002004008016032066,-0.002004008016032066,-0.05000000000000071,-0.05000000000000071,24.9,24.95,24.9,24.95,314.0,413.0,540.0,841.0,False,False
2892,2022-10-26 09:51:13.779606,-0.002004008016032066,-0.002004008016032066,-0.05000000000000071,-0.05000000000000071,24.9,24.95,24.9,24.95,364.0,413.0,540.0,841.0,False,False
2892,2022-10-26 09:51:13.850091,-0.002004008016032066,-0.002004008016032066,-0.05000000000000071,-0.05000000000000071,24.9,24.95,24.9,24.95,381.0,413.0,540.0,841.0,False,False
2892,2022-10-26 09:51:14.716395,-0.002004008016032066,-0.002004008016032066,-0.05000000000000071,-0.05000000000000071,24.9,24.95,24.9,24.95,331.0,413.0,540.0,841.0,False,False
2892,2022-10-26 09:51:19.769537,-0.002004008016032066,-0.002004008016032066,-0.05000000000000071,-0.05000000000000071,24.9,24.95,24.9,24.95,381.0,413.0,540.0,841.0,False,False
2892,2022-10-26 09:51:20.208371,-0.002004008016032066,-0.002004008016032066,-0.05000000000000071,-0.05000000000000071,24.9,24.95,24.9,24.95,381.0,508.0,540.0,841.0,False,False
2892,2022-10-26 09:51:20.381926,-0.002004008016032066,-0.002004008016032066,-0.05000000000000071,-0.05000000000000071,24.9,24.95,24.9,24.95,381.0,508.0,1040.0,841.0,True,True
2892,2022-10-26 09:51:22.724621,-0.002004008016032066,-0.002004008016032066,-0.05000000000000071,-0.05000000000000071,24.9,24.95,24.9,24.95,331.0,508.0,1040.0,841.0,False,False
2892,2022-10-26 09:51:23.845532,-0.002004008016032066,-0.002004008016032066,-0.05000000000000071,-0.05000000000000071,24.9,24.95,24.9,24.95,331.0,508.0,1040.0,841.0,False,False
2892,2022-10-26 09:51:26.960196,-0.002004008016032066,-0.002004008016032066,-0.05000000000000071,-0.05000000000000071,24.9,24.95,24.9,24.95,331.0,507.0,1040.0,841.0,False,False
2892,2022-10-26 09:51:30.428446,-0.002004008016032066,-0.002004008016032066,-0.05000000000000071,-0.05000000000000071,24.9,24.95,24.9,24.95,331.0,507.0,1140.0,841.0,True,True
2892,2022-10-26 09:51:32.775347,-0.002004008016032066,-0.002004008016032066,-0.05000000000000071,-0.05000000000000071,24.9,24.95,24.9,24.95,381.0,507.0,1140.0,841.0,False,False
2892,2022-10-26 09:51:32.856844,-0.002004008016032066,-0.002004008016032066,-0.05000000000000071,-0.05000000000000071,24.9,24.95,24.9,24.95,381.0,412.0,1140.0,841.0,False,False
2892,2022-10-26 09:51:33.274508,-0.002004008016032066,-0.002004008016032066,-0.05000000000000071,-0.05000000000000071,24.9,24.95,24.9,24.95,407.0,412.0,1140.0,841.0,False,False
2892,2022-10-26 09:51:34.634173,-0.002004008016032066,-0.002004008016032066,-0.05000000000000071,-0.05000000000000071,24.9,24.95,24.9,24.95,407.0,412.0,1140.0,841.0,False,False
2892,2022-10-26 09:51:35.758036,-0.002004008016032066,-0.002004008016032066,-0.05000000000000071,-0.05000000000000071,24.9,24.95,24.9,24.95,407.0,409.0,1140.0,841.0,False,False
2892,2022-10-26 09:51:37.750809,-0.002004008016032066,-0.002004008016032066,-0.05000000000000071,-0.05000000000000071,24.9,24.95,24.9,24.95,407.0,410.0,1140.0,841.0,False,False
2892,2022-10-26 09:51:38.553135,-0.002004008016032066,-0.002004008016032066,-0.05000000000000071,-0.05000000000000071,24.9,24.95,24.9,24.95,406.0,410.0,1140.0,841.0,False,False
2892,2022-10-26 09:51:39.562811,-0.002004008016032066,-0.002004008016032066,-0.05000000000000071,-0.05000000000000071,24.9,24.95,24.9,24.95,406.0,406.0,1140.0,841.0,False,False
2892,2022-10-26 09:51:40.471829,-0.002004008016032066,-0.002004008016032066,-0.05000000000000071,-0.05000000000000071,24.9,24.95,24.9,24.95,406.0,406.0,1240.0,841.0,True,True
2892,2022-10-26 09:51:46.703089,-0.002004008016032066,-0.002004008016032066,-0.05000000000000071,-0.05000000000000071,24.9,24.95,24.9,24.95,406.0,405.0,1240.0,841.0,False,False
2892,2022-10-26 09:51:47.240955,-0.002004008016032066,-0.002004008016032066,-0.05000000000000071,-0.05000000000000071,24.9,24.95,24.9,24.95,406.0,410.0,1240.0,841.0,False,False
2892,2022-10-26 09:51:49.243229,-0.002004008016032066,-0.002004008016032066,-0.05000000000000071,-0.05000000000000071,24.9,24.95,24.9,24.95,406.0,411.0,1240.0,841.0,False,False
2892,2022-10-26 09:51:50.523262,-0.002004008016032066,-0.002004008016032066,-0.05000000000000071,-0.05000000000000071,24.9,24.95,24.9,24.95,406.0,411.0,1360.0,841.0,True,True
2892,2022-10-26 09:51:55.251579,-0.002004008016032066,-0.002004008016032066,-0.05000000000000071,-0.05000000000000071,24.9,24.95,24.9,24.95,380.0,411.0,1360.0,841.0,False,False
2892,2022-10-26 09:51:55.745831,-0.002004008016032066,-0.002004008016032066,-0.05000000000000071,-0.05000000000000071,24.9,24.95,24.9,24.95,330.0,411.0,1360.0,841.0,False,False
2892,2022-10-26 09:51:57.733274,-0.002004008016032066,-0.002004008016032066,-0.05000000000000071,-0.05000000000000071,24.9,24.95,24.9,24.95,330.0,413.0,1360.0,841.0,False,False
2892,2022-10-26 09:52:00.323051,-0.002004008016032066,-0.002004008016032066,-0.05000000000000071,-0.05000000000000071,24.9,24.95,24.9,24.95,330.0,412.0,1360.0,841.0,False,False
2892,2022-10-26 09:52:00.578035,-0.002004008016032066,-0.002004008016032066,-0.05000000000000071,-0.05000000000000071,24.9,24.95,24.9,24.95,330.0,412.0,1495.0,476.0,True,True
2892,2022-10-26 09:52:09.609611,-0.002004008016032066,-0.002004008016032066,-0.05000000000000071,-0.05000000000000071,24.9,24.95,24.9,24.95,331.0,412.0,1495.0,476.0,False,False
2892,2022-10-26 09:52:09.812708,-0.002004008016032066,-0.002004008016032066,-0.05000000000000071,-0.05000000000000071,24.9,24.95,24.9,24.95,331.0,412.0,1445.0,809.0,False,True
2892,2022-10-26 09:52:12.764311,-0.002004008016032066,-0.002004008016032066,-0.05000000000000071,-0.05000000000000071,24.9,24.95,24.9,24.95,331.0,412.0,1445.0,809.0,False,False
2892,2022-10-26 09:52:12.796214,-0.002004008016032066,-0.002004008016032066,-0.05000000000000071,-0.05000000000000071,24.9,24.95,24.9,24.95,331.0,490.0,1445.0,809.0,False,False
2892,2022-10-26 09:52:14.525461,-0.002004008016032066,-0.002004008016032066,-0.05000000000000071,-0.05000000000000071,24.9,24.95,24.9,24.95,331.0,491.0,1445.0,809.0,False,False
2892,2022-10-26 09:52:19.852869,-0.002004008016032066,-0.002004008016032066,-0.05000000000000071,-0.05000000000000071,24.9,24.95,24.9,24.95,331.0,491.0,1445.0,795.0,True,True
2892,2022-10-26 09:52:24.104329,-0.002004008016032066,-0.002004008016032066,-0.05000000000000071,-0.05000000000000071,24.9,24.95,24.9,24.95,331.0,491.0,1445.0,795.0,False,False
2892,2022-10-26 09:52:24.462929,-0.002004008016032066,-0.002004008016032066,-0.05000000000000071,-0.05000000000000071,24.9,24.95,24.9,24.95,331.0,491.0,1445.0,795.0,False,False
2892,2022-10-26 09:52:27.171198,-0.002004008016032066,-0.002004008016032066,-0.05000000000000071,-0.05000000000000071,24.9,24.95,24.9,24.95,331.0,490.0,1445.0,795.0,False,False
