symbol,datetime,NaOb_r,NbOa_r,NaOb_s,NbOa_s,bid1,ask1,odd_bid1,odd_ask1,bidQty1,askQty1,odd_bidQty1,odd_askQty1,simulate,triggerbyOdd
3481,2022-10-26 09:39:19.227937,-0.0080971659919028,0.0,-0.09999999999999964,0.0,12.3,12.35,12.25,12.3,612.0,378.0,52417.0,1670.0,True,True
3481,2022-10-26 09:39:20.026058,-0.0080971659919028,0.0,-0.09999999999999964,0.0,12.3,12.35,12.25,12.3,612.0,368.0,52417.0,1670.0,False,False
3481,2022-10-26 09:39:20.188917,-0.0080971659919028,0.0,-0.09999999999999964,0.0,12.3,12.35,12.25,12.3,612.0,367.0,52417.0,1670.0,False,False
3481,2022-10-26 09:39:20.703282,-0.0080971659919028,0.0,-0.09999999999999964,0.0,12.3,12.35,12.25,12.3,610.0,367.0,52417.0,1670.0,False,False
3481,2022-10-26 09:39:21.018433,-0.0080971659919028,0.0,-0.09999999999999964,0.0,12.3,12.35,12.25,12.3,610.0,372.0,52417.0,1670.0,False,False
3481,2022-10-26 09:39:21.751786,-0.0080971659919028,0.0,-0.09999999999999964,0.0,12.3,12.35,12.25,12.3,595.0,372.0,52417.0,1670.0,False,False
3481,2022-10-26 09:39:22.398648,-0.0080971659919028,0.0,-0.09999999999999964,0.0,12.3,12.35,12.25,12.3,595.0,372.0,52417.0,1670.0,False,False
3481,2022-10-26 09:39:22.520132,-0.0080971659919028,0.0,-0.09999999999999964,0.0,12.3,12.35,12.25,12.3,595.0,372.0,52417.0,1670.0,False,False
3481,2022-10-26 09:39:23.037423,-0.0080971659919028,0.0,-0.09999999999999964,0.0,12.3,12.35,12.25,12.3,600.0,372.0,52417.0,1670.0,False,False
3481,2022-10-26 09:39:23.321960,-0.0080971659919028,0.0,-0.09999999999999964,0.0,12.3,12.35,12.25,12.3,600.0,372.0,52417.0,1670.0,False,False
3481,2022-10-26 09:39:23.568899,-0.0080971659919028,0.0,-0.09999999999999964,0.0,12.3,12.35,12.25,12.3,600.0,365.0,52417.0,1670.0,False,False
3481,2022-10-26 09:39:23.743710,-0.0080971659919028,0.0,-0.09999999999999964,0.0,12.3,12.35,12.25,12.3,600.0,365.0,52417.0,1670.0,False,False
3481,2022-10-26 09:39:25.350150,-0.0080971659919028,0.0,-0.09999999999999964,0.0,12.3,12.35,12.25,12.3,600.0,364.0,52417.0,1670.0,False,False
3481,2022-10-26 09:39:26.696934,-0.0080971659919028,0.0,-0.09999999999999964,0.0,12.3,12.35,12.25,12.3,600.0,364.0,52417.0,1670.0,False,False
3481,2022-10-26 09:39:28.940423,-0.0080971659919028,0.0,-0.09999999999999964,0.0,12.3,12.35,12.25,12.3,600.0,364.0,52417.0,1670.0,False,False
3481,2022-10-26 09:39:29.260992,-0.0080971659919028,0.0,-0.09999999999999964,0.0,12.3,12.35,12.25,12.3,600.0,364.0,52527.0,1670.0,True,True
3481,2022-10-26 09:39:29.669674,-0.0080971659919028,0.0,-0.09999999999999964,0.0,12.3,12.35,12.25,12.3,598.0,364.0,52527.0,1670.0,False,False
3481,2022-10-26 09:39:31.306343,-0.0080971659919028,0.0,-0.09999999999999964,0.0,12.3,12.35,12.25,12.3,598.0,363.0,52527.0,1670.0,False,False
3481,2022-10-26 09:39:31.527842,-0.0080971659919028,0.0,-0.09999999999999964,0.0,12.3,12.35,12.25,12.3,598.0,373.0,52527.0,1670.0,False,False
3481,2022-10-26 09:39:31.603907,-0.0080971659919028,0.0,-0.09999999999999964,0.0,12.3,12.35,12.25,12.3,600.0,373.0,52527.0,1670.0,False,False
3481,2022-10-26 09:39:32.034108,-0.0080971659919028,0.0,-0.09999999999999964,0.0,12.3,12.35,12.25,12.3,600.0,373.0,52527.0,1670.0,False,False
3481,2022-10-26 09:39:32.404446,-0.0080971659919028,0.0,-0.09999999999999964,0.0,12.3,12.35,12.25,12.3,602.0,373.0,52527.0,1670.0,False,False
3481,2022-10-26 09:39:32.678239,-0.0080971659919028,0.0,-0.09999999999999964,0.0,12.3,12.35,12.25,12.3,614.0,373.0,52527.0,1670.0,False,False
3481,2022-10-26 09:39:32.965345,-0.0080971659919028,0.0,-0.09999999999999964,0.0,12.3,12.35,12.25,12.3,615.0,373.0,52527.0,1670.0,False,False
3481,2022-10-26 09:39:34.710682,-0.0080971659919028,0.0,-0.09999999999999964,0.0,12.3,12.35,12.25,12.3,615.0,373.0,52527.0,1670.0,False,False
3481,2022-10-26 09:39:34.924317,-0.0080971659919028,0.0,-0.09999999999999964,0.0,12.3,12.35,12.25,12.3,616.0,373.0,52527.0,1670.0,False,False
3481,2022-10-26 09:39:35.273278,-0.0080971659919028,0.0,-0.09999999999999964,0.0,12.3,12.35,12.25,12.3,619.0,373.0,52527.0,1670.0,False,False
3481,2022-10-26 09:39:35.332716,-0.0080971659919028,0.0,-0.09999999999999964,0.0,12.3,12.35,12.25,12.3,619.0,373.0,52527.0,1670.0,False,False
3481,2022-10-26 09:39:36.261516,-0.0080971659919028,0.0,-0.09999999999999964,0.0,12.3,12.35,12.25,12.3,621.0,373.0,52527.0,1670.0,False,False
3481,2022-10-26 09:39:36.903279,-0.0080971659919028,0.0,-0.09999999999999964,0.0,12.3,12.35,12.25,12.3,631.0,373.0,52527.0,1670.0,False,False
3481,2022-10-26 09:39:38.284839,-0.0080971659919028,0.0,-0.09999999999999964,0.0,12.3,12.35,12.25,12.3,631.0,374.0,52527.0,1670.0,False,False
3481,2022-10-26 09:39:38.725593,-0.0080971659919028,0.0,-0.09999999999999964,0.0,12.3,12.35,12.25,12.3,629.0,374.0,52527.0,1670.0,False,False
3481,2022-10-26 09:39:38.826386,-0.0080971659919028,0.0,-0.09999999999999964,0.0,12.3,12.35,12.25,12.3,629.0,374.0,52527.0,1670.0,False,False
3481,2022-10-26 09:39:38.926252,-0.0080971659919028,0.0,-0.09999999999999964,0.0,12.3,12.35,12.25,12.3,639.0,374.0,52527.0,1670.0,False,False
3481,2022-10-26 09:39:39.294205,-0.0080971659919028,0.0,-0.09999999999999964,0.0,12.3,12.35,12.25,12.3,639.0,374.0,52537.0,1670.0,True,True
3481,2022-10-26 09:39:41.212905,-0.0080971659919028,0.0,-0.09999999999999964,0.0,12.3,12.35,12.25,12.3,639.0,374.0,52537.0,1670.0,False,False
3481,2022-10-26 09:39:41.484466,-0.0080971659919028,0.0,-0.09999999999999964,0.0,12.3,12.35,12.25,12.3,639.0,373.0,52537.0,1670.0,False,False
3481,2022-10-26 09:39:41.620291,-0.0080971659919028,0.0,-0.09999999999999964,0.0,12.3,12.35,12.25,12.3,639.0,366.0,52537.0,1670.0,False,False
3481,2022-10-26 09:39:41.794373,-0.0080971659919028,0.0,-0.09999999999999964,0.0,12.3,12.35,12.25,12.3,639.0,367.0,52537.0,1670.0,False,False
3481,2022-10-26 09:39:42.738827,-0.0080971659919028,0.0,-0.09999999999999964,0.0,12.3,12.35,12.25,12.3,639.0,367.0,52537.0,1670.0,False,False
3481,2022-10-26 09:39:43.731878,-0.0080971659919028,0.0,-0.09999999999999964,0.0,12.3,12.35,12.25,12.3,640.0,367.0,52537.0,1670.0,False,False
3481,2022-10-26 09:39:45.725600,-0.0080971659919028,0.0,-0.09999999999999964,0.0,12.3,12.35,12.25,12.3,640.0,367.0,52537.0,1670.0,False,False
3481,2022-10-26 09:39:47.534866,-0.0080971659919028,0.0,-0.09999999999999964,0.0,12.3,12.35,12.25,12.3,638.0,367.0,52537.0,1670.0,False,False
3481,2022-10-26 09:39:48.092368,-0.0080971659919028,0.0,-0.09999999999999964,0.0,12.3,12.35,12.25,12.3,639.0,367.0,52537.0,1670.0,False,False
3481,2022-10-26 09:39:48.388547,-0.0080971659919028,0.0,-0.09999999999999964,0.0,12.3,12.35,12.25,12.3,639.0,366.0,52537.0,1670.0,False,False
3481,2022-10-26 09:39:48.507956,-0.0080971659919028,0.0,-0.09999999999999964,0.0,12.3,12.35,12.25,12.3,659.0,366.0,52537.0,1670.0,False,False
3481,2022-10-26 09:39:48.673493,-0.0080971659919028,0.0,-0.09999999999999964,0.0,12.3,12.35,12.25,12.3,659.0,365.0,52537.0,1670.0,False,False
3481,2022-10-26 09:39:48.676842,-0.0080971659919028,0.0,-0.09999999999999964,0.0,12.3,12.35,12.25,12.3,659.0,365.0,52537.0,1670.0,False,False
3481,2022-10-26 09:39:49.316714,-0.0080971659919028,0.0,-0.09999999999999964,0.0,12.3,12.35,12.25,12.3,659.0,365.0,52537.0,1670.0,False,False
3481,2022-10-26 09:39:49.325332,-0.0080971659919028,0.0,-0.09999999999999964,0.0,12.3,12.35,12.25,12.3,659.0,365.0,52537.0,1670.0,True,True
3481,2022-10-26 09:39:50.526958,-0.0080971659919028,0.0,-0.09999999999999964,0.0,12.3,12.35,12.25,12.3,659.0,365.0,52537.0,1670.0,False,False
3481,2022-10-26 09:39:50.804438,-0.0080971659919028,0.0,-0.09999999999999964,0.0,12.3,12.35,12.25,12.3,659.0,360.0,52537.0,1670.0,False,False
3481,2022-10-26 09:39:53.093453,-0.0080971659919028,0.0,-0.09999999999999964,0.0,12.3,12.35,12.25,12.3,657.0,360.0,52537.0,1670.0,False,False
3481,2022-10-26 09:39:54.472327,-0.0080971659919028,0.0,-0.09999999999999964,0.0,12.3,12.35,12.25,12.3,657.0,355.0,52537.0,1670.0,False,False
3481,2022-10-26 09:39:54.779220,-0.0080971659919028,0.0,-0.09999999999999964,0.0,12.3,12.35,12.25,12.3,657.0,355.0,52537.0,1670.0,False,False
3481,2022-10-26 09:39:55.235992,-0.0080971659919028,0.0,-0.09999999999999964,0.0,12.3,12.35,12.25,12.3,657.0,355.0,52537.0,1670.0,False,False
3481,2022-10-26 09:39:55.768794,-0.0080971659919028,0.0,-0.09999999999999964,0.0,12.3,12.35,12.25,12.3,657.0,349.0,52537.0,1670.0,False,False
3481,2022-10-26 09:39:56.763396,-0.0080971659919028,0.0,-0.09999999999999964,0.0,12.3,12.35,12.25,12.3,655.0,349.0,52537.0,1670.0,False,False
3481,2022-10-26 09:39:57.279668,-0.0080971659919028,0.0,-0.09999999999999964,0.0,12.3,12.35,12.25,12.3,655.0,349.0,52537.0,1670.0,False,False
3481,2022-10-26 09:39:58.060516,-0.0080971659919028,0.0,-0.09999999999999964,0.0,12.3,12.35,12.25,12.3,655.0,349.0,52537.0,1670.0,False,False
3481,2022-10-26 09:39:59.421631,-0.0080971659919028,0.0,-0.09999999999999964,0.0,12.3,12.35,12.25,12.3,655.0,349.0,53928.0,1670.0,True,True
3481,2022-10-26 09:39:59.578043,-0.0080971659919028,0.0,-0.09999999999999964,0.0,12.3,12.35,12.25,12.3,655.0,355.0,53928.0,1670.0,False,False
3481,2022-10-26 09:39:59.622534,-0.0080971659919028,0.0,-0.09999999999999964,0.0,12.3,12.35,12.25,12.3,655.0,355.0,53928.0,1670.0,False,False
3481,2022-10-26 09:40:01.066366,-0.0080971659919028,0.0,-0.09999999999999964,0.0,12.3,12.35,12.25,12.3,655.0,353.0,53928.0,1670.0,False,False
3481,2022-10-26 09:40:01.872474,-0.0080971659919028,0.0,-0.09999999999999964,0.0,12.3,12.35,12.25,12.3,660.0,353.0,53928.0,1670.0,False,False
3481,2022-10-26 09:40:03.265284,-0.0080971659919028,0.0,-0.09999999999999964,0.0,12.3,12.35,12.25,12.3,660.0,353.0,53928.0,1670.0,False,False
3481,2022-10-26 09:40:03.990964,-0.0080971659919028,0.0,-0.09999999999999964,0.0,12.3,12.35,12.25,12.3,660.0,353.0,53928.0,1670.0,False,False
3481,2022-10-26 09:40:04.281901,-0.0080971659919028,0.0,-0.09999999999999964,0.0,12.3,12.35,12.25,12.3,660.0,350.0,53928.0,1670.0,False,False
3481,2022-10-26 09:40:05.415297,-0.0080971659919028,0.0,-0.09999999999999964,0.0,12.3,12.35,12.25,12.3,662.0,350.0,53928.0,1670.0,False,False
3481,2022-10-26 09:40:05.677354,-0.0080971659919028,0.0,-0.09999999999999964,0.0,12.3,12.35,12.25,12.3,660.0,350.0,53928.0,1670.0,False,False
3481,2022-10-26 09:40:06.792519,-0.0080971659919028,0.0,-0.09999999999999964,0.0,12.3,12.35,12.25,12.3,660.0,350.0,53928.0,1670.0,False,False
3481,2022-10-26 09:40:07.095958,-0.0080971659919028,0.0,-0.09999999999999964,0.0,12.3,12.35,12.25,12.3,700.0,350.0,53928.0,1670.0,False,False
3481,2022-10-26 09:40:07.951317,-0.0080971659919028,0.0,-0.09999999999999964,0.0,12.3,12.35,12.25,12.3,700.0,350.0,53928.0,1670.0,False,False
3481,2022-10-26 09:40:07.999926,-0.0080971659919028,0.0,-0.09999999999999964,0.0,12.3,12.35,12.25,12.3,700.0,350.0,53928.0,1670.0,False,False
3481,2022-10-26 09:40:08.745851,-0.0080971659919028,0.0,-0.09999999999999964,0.0,12.3,12.35,12.25,12.3,705.0,350.0,53928.0,1670.0,False,False
3481,2022-10-26 09:40:08.907218,-0.0080971659919028,0.0,-0.09999999999999964,0.0,12.3,12.35,12.25,12.3,705.0,350.0,53244.0,671.0,False,True
3481,2022-10-26 09:40:08.948267,-0.0080971659919028,0.0,-0.09999999999999964,0.0,12.3,12.35,12.25,12.3,705.0,350.0,53244.0,671.0,False,False
3481,2022-10-26 09:40:08.948901,-0.0080971659919028,0.0,-0.09999999999999964,0.0,12.3,12.35,12.25,12.3,698.0,350.0,53244.0,671.0,False,False
3481,2022-10-26 09:40:08.989779,-0.0080971659919028,0.0,-0.09999999999999964,0.0,12.3,12.35,12.25,12.3,697.0,350.0,53244.0,671.0,False,False
3481,2022-10-26 09:40:10.385390,-0.0080971659919028,0.0,-0.09999999999999964,0.0,12.3,12.35,12.25,12.3,717.0,350.0,53244.0,671.0,False,False
3481,2022-10-26 09:40:12.132164,-0.0080971659919028,0.0,-0.09999999999999964,0.0,12.3,12.35,12.25,12.3,718.0,350.0,53244.0,671.0,False,False
3481,2022-10-26 09:40:12.627123,-0.0080971659919028,0.0,-0.09999999999999964,0.0,12.3,12.35,12.25,12.3,718.0,350.0,53244.0,671.0,False,False
3481,2022-10-26 09:40:14.926096,-0.0080971659919028,0.0,-0.09999999999999964,0.0,12.3,12.35,12.25,12.3,716.0,350.0,53244.0,671.0,False,False
3481,2022-10-26 09:40:16.753796,-0.0080971659919028,0.0,-0.09999999999999964,0.0,12.3,12.35,12.25,12.3,716.0,350.0,53244.0,671.0,False,False
3481,2022-10-26 09:40:17.425023,-0.0080971659919028,0.0,-0.09999999999999964,0.0,12.3,12.35,12.25,12.3,715.0,350.0,53244.0,671.0,False,False
3481,2022-10-26 09:40:18.970160,-0.004048582995951344,-0.004048582995951344,-0.049999999999998934,-0.049999999999998934,12.3,12.35,12.3,12.35,715.0,350.0,328.0,5339.0,True,True
3481,2022-10-26 09:40:19.253221,-0.004048582995951344,-0.004048582995951344,-0.049999999999998934,-0.049999999999998934,12.3,12.35,12.3,12.35,715.0,350.0,328.0,5339.0,False,False
3481,2022-10-26 09:40:20.591487,-0.004048582995951344,-0.004048582995951344,-0.049999999999998934,-0.049999999999998934,12.3,12.35,12.3,12.35,715.0,350.0,328.0,5339.0,False,False
3481,2022-10-26 09:40:21.526829,-0.004048582995951344,-0.004048582995951344,-0.049999999999998934,-0.049999999999998934,12.3,12.35,12.3,12.35,715.0,352.0,328.0,5339.0,False,False
3481,2022-10-26 09:40:21.733230,-0.004048582995951344,-0.004048582995951344,-0.049999999999998934,-0.049999999999998934,12.3,12.35,12.3,12.35,715.0,359.0,328.0,5339.0,False,False
3481,2022-10-26 09:40:21.735048,-0.004048582995951344,-0.004048582995951344,-0.049999999999998934,-0.049999999999998934,12.3,12.35,12.3,12.35,715.0,359.0,328.0,5339.0,False,False
3481,2022-10-26 09:40:21.986677,-0.004048582995951344,-0.004048582995951344,-0.049999999999998934,-0.049999999999998934,12.3,12.35,12.3,12.35,715.0,359.0,328.0,5339.0,False,False
3481,2022-10-26 09:40:23.582363,-0.004048582995951344,-0.004048582995951344,-0.049999999999998934,-0.049999999999998934,12.3,12.35,12.3,12.35,715.0,357.0,328.0,5339.0,False,False
3481,2022-10-26 09:40:23.958421,-0.004048582995951344,-0.004048582995951344,-0.049999999999998934,-0.049999999999998934,12.3,12.35,12.3,12.35,713.0,357.0,328.0,5339.0,False,False
3481,2022-10-26 09:40:24.728773,-0.004048582995951344,-0.004048582995951344,-0.049999999999998934,-0.049999999999998934,12.3,12.35,12.3,12.35,713.0,363.0,328.0,5339.0,False,False
3481,2022-10-26 09:40:25.955176,-0.004048582995951344,-0.004048582995951344,-0.049999999999998934,-0.049999999999998934,12.3,12.35,12.3,12.35,713.0,375.0,328.0,5339.0,False,False
3481,2022-10-26 09:40:26.643380,-0.004048582995951344,-0.004048582995951344,-0.049999999999998934,-0.049999999999998934,12.3,12.35,12.3,12.35,713.0,375.0,328.0,5339.0,False,False
3481,2022-10-26 09:40:26.752250,-0.004048582995951344,-0.004048582995951344,-0.049999999999998934,-0.049999999999998934,12.3,12.35,12.3,12.35,861.0,375.0,328.0,5339.0,False,False
3481,2022-10-26 09:40:26.877235,-0.004048582995951344,-0.004048582995951344,-0.049999999999998934,-0.049999999999998934,12.3,12.35,12.3,12.35,861.0,376.0,328.0,5339.0,False,False
3481,2022-10-26 09:40:27.705387,-0.004048582995951344,-0.004048582995951344,-0.049999999999998934,-0.049999999999998934,12.3,12.35,12.3,12.35,713.0,376.0,328.0,5339.0,False,False
3481,2022-10-26 09:40:28.669107,-0.004048582995951344,-0.004048582995951344,-0.049999999999998934,-0.049999999999998934,12.3,12.35,12.3,12.35,712.0,376.0,328.0,5339.0,False,False
3481,2022-10-26 09:40:28.697677,-0.004048582995951344,-0.004048582995951344,-0.049999999999998934,-0.049999999999998934,12.3,12.35,12.3,12.35,711.0,376.0,328.0,5339.0,False,False
3481,2022-10-26 09:40:29.027340,-0.004048582995951344,-0.004048582995951344,-0.049999999999998934,-0.049999999999998934,12.3,12.35,12.3,12.35,711.0,376.0,803.0,5339.0,True,True
3481,2022-10-26 09:40:29.050791,-0.004048582995951344,-0.004048582995951344,-0.049999999999998934,-0.049999999999998934,12.3,12.35,12.3,12.35,713.0,376.0,803.0,5339.0,False,False
3481,2022-10-26 09:40:29.305230,-0.004048582995951344,-0.004048582995951344,-0.049999999999998934,-0.049999999999998934,12.3,12.35,12.3,12.35,714.0,376.0,803.0,5339.0,False,False
3481,2022-10-26 09:40:30.891306,-0.004048582995951344,-0.004048582995951344,-0.049999999999998934,-0.049999999999998934,12.3,12.35,12.3,12.35,716.0,376.0,803.0,5339.0,False,False
3481,2022-10-26 09:40:31.198206,-0.004048582995951344,-0.004048582995951344,-0.049999999999998934,-0.049999999999998934,12.3,12.35,12.3,12.35,716.0,377.0,803.0,5339.0,False,False
3481,2022-10-26 09:40:31.286058,-0.004048582995951344,-0.004048582995951344,-0.049999999999998934,-0.049999999999998934,12.3,12.35,12.3,12.35,704.0,377.0,803.0,5339.0,False,False
3481,2022-10-26 09:40:31.800800,-0.004048582995951344,-0.004048582995951344,-0.049999999999998934,-0.049999999999998934,12.3,12.35,12.3,12.35,704.0,377.0,803.0,5339.0,False,False
3481,2022-10-26 09:40:31.941582,-0.004048582995951344,-0.004048582995951344,-0.049999999999998934,-0.049999999999998934,12.3,12.35,12.3,12.35,704.0,377.0,803.0,5339.0,False,False
3481,2022-10-26 09:40:32.229438,-0.004048582995951344,-0.004048582995951344,-0.049999999999998934,-0.049999999999998934,12.3,12.35,12.3,12.35,704.0,377.0,803.0,5339.0,False,False
3481,2022-10-26 09:40:32.835964,-0.004048582995951344,-0.004048582995951344,-0.049999999999998934,-0.049999999999998934,12.3,12.35,12.3,12.35,702.0,377.0,803.0,5339.0,False,False
3481,2022-10-26 09:40:32.866230,-0.004048582995951344,-0.004048582995951344,-0.049999999999998934,-0.049999999999998934,12.3,12.35,12.3,12.35,703.0,377.0,803.0,5339.0,False,False
3481,2022-10-26 09:40:32.968411,-0.004048582995951344,-0.004048582995951344,-0.049999999999998934,-0.049999999999998934,12.3,12.35,12.3,12.35,703.0,377.0,803.0,5339.0,False,False
3481,2022-10-26 09:40:34.035390,-0.004048582995951344,-0.004048582995951344,-0.049999999999998934,-0.049999999999998934,12.3,12.35,12.3,12.35,703.0,377.0,803.0,5339.0,False,False
3481,2022-10-26 09:40:34.312248,-0.004048582995951344,-0.004048582995951344,-0.049999999999998934,-0.049999999999998934,12.3,12.35,12.3,12.35,702.0,377.0,803.0,5339.0,False,False
3481,2022-10-26 09:40:35.733758,-0.004048582995951344,-0.004048582995951344,-0.049999999999998934,-0.049999999999998934,12.3,12.35,12.3,12.35,697.0,372.0,803.0,5339.0,False,False
3481,2022-10-26 09:40:36.108228,-0.004048582995951344,-0.004048582995951344,-0.049999999999998934,-0.049999999999998934,12.3,12.35,12.3,12.35,697.0,404.0,803.0,5339.0,False,False
3481,2022-10-26 09:40:36.654396,-0.004048582995951344,-0.004048582995951344,-0.049999999999998934,-0.049999999999998934,12.3,12.35,12.3,12.35,698.0,404.0,803.0,5339.0,False,False
3481,2022-10-26 09:40:38.282968,-0.004048582995951344,-0.004048582995951344,-0.049999999999998934,-0.049999999999998934,12.3,12.35,12.3,12.35,698.0,404.0,803.0,5339.0,False,False
3481,2022-10-26 09:40:38.921869,-0.004048582995951344,-0.004048582995951344,-0.049999999999998934,-0.049999999999998934,12.3,12.35,12.3,12.35,698.0,404.0,803.0,5339.0,False,False
3481,2022-10-26 09:40:39.075677,-0.004048582995951344,-0.004048582995951344,-0.049999999999998934,-0.049999999999998934,12.3,12.35,12.3,12.35,698.0,404.0,188.0,5339.0,True,True
3481,2022-10-26 09:40:40.443492,-0.004048582995951344,-0.004048582995951344,-0.049999999999998934,-0.049999999999998934,12.3,12.35,12.3,12.35,698.0,404.0,188.0,5339.0,False,False
3481,2022-10-26 09:40:41.234508,-0.004048582995951344,-0.004048582995951344,-0.049999999999998934,-0.049999999999998934,12.3,12.35,12.3,12.35,698.0,404.0,188.0,5339.0,False,False
3481,2022-10-26 09:40:42.067147,-0.004048582995951344,-0.004048582995951344,-0.049999999999998934,-0.049999999999998934,12.3,12.35,12.3,12.35,696.0,404.0,188.0,5339.0,False,False
3481,2022-10-26 09:40:43.939259,-0.004048582995951344,-0.004048582995951344,-0.049999999999998934,-0.049999999999998934,12.3,12.35,12.3,12.35,696.0,406.0,188.0,5339.0,False,False
3481,2022-10-26 09:40:44.026150,-0.004048582995951344,-0.004048582995951344,-0.049999999999998934,-0.049999999999998934,12.3,12.35,12.3,12.35,695.0,406.0,188.0,5339.0,False,False
3481,2022-10-26 09:40:44.515349,-0.004048582995951344,-0.004048582995951344,-0.049999999999998934,-0.049999999999998934,12.3,12.35,12.3,12.35,695.0,406.0,188.0,5339.0,False,False
3481,2022-10-26 09:40:46.125217,-0.004048582995951344,-0.004048582995951344,-0.049999999999998934,-0.049999999999998934,12.3,12.35,12.3,12.35,695.0,406.0,188.0,5339.0,False,False
3481,2022-10-26 09:40:46.156988,-0.004048582995951344,-0.004048582995951344,-0.049999999999998934,-0.049999999999998934,12.3,12.35,12.3,12.35,695.0,406.0,188.0,5339.0,False,False
3481,2022-10-26 09:40:46.884728,-0.004048582995951344,-0.004048582995951344,-0.049999999999998934,-0.049999999999998934,12.3,12.35,12.3,12.35,695.0,409.0,188.0,5339.0,False,False
3481,2022-10-26 09:40:47.060611,-0.004048582995951344,-0.004048582995951344,-0.049999999999998934,-0.049999999999998934,12.3,12.35,12.3,12.35,683.0,409.0,188.0,5339.0,False,False
3481,2022-10-26 09:40:49.056881,-0.004048582995951344,-0.004048582995951344,-0.049999999999998934,-0.049999999999998934,12.3,12.35,12.3,12.35,684.0,409.0,188.0,5339.0,False,False
3481,2022-10-26 09:40:49.822282,-0.004048582995951344,-0.004048582995951344,-0.049999999999998934,-0.049999999999998934,12.3,12.35,12.3,12.35,684.0,409.0,188.0,5339.0,False,False
3481,2022-10-26 09:40:49.957555,-0.004048582995951344,-0.004048582995951344,-0.049999999999998934,-0.049999999999998934,12.3,12.35,12.3,12.35,684.0,404.0,188.0,5339.0,False,False
3481,2022-10-26 09:40:50.070972,-0.004048582995951344,-0.004048582995951344,-0.049999999999998934,-0.049999999999998934,12.3,12.35,12.3,12.35,684.0,404.0,188.0,5339.0,False,False
3481,2022-10-26 09:40:50.687624,-0.004048582995951344,-0.004048582995951344,-0.049999999999998934,-0.049999999999998934,12.3,12.35,12.3,12.35,685.0,404.0,188.0,5339.0,False,False
3481,2022-10-26 09:40:50.734848,-0.004048582995951344,-0.004048582995951344,-0.049999999999998934,-0.049999999999998934,12.3,12.35,12.3,12.35,685.0,478.0,188.0,5339.0,False,False
3481,2022-10-26 09:40:50.845615,-0.004048582995951344,-0.004048582995951344,-0.049999999999998934,-0.049999999999998934,12.3,12.35,12.3,12.35,683.0,478.0,188.0,5339.0,False,False
3481,2022-10-26 09:40:50.878238,-0.004048582995951344,-0.004048582995951344,-0.049999999999998934,-0.049999999999998934,12.3,12.35,12.3,12.35,645.0,478.0,188.0,5339.0,False,False
3481,2022-10-26 09:40:50.896813,-0.004048582995951344,-0.004048582995951344,-0.049999999999998934,-0.049999999999998934,12.3,12.35,12.3,12.35,645.0,485.0,188.0,5339.0,False,False
3481,2022-10-26 09:40:52.592765,-0.004048582995951344,-0.004048582995951344,-0.049999999999998934,-0.049999999999998934,12.3,12.35,12.3,12.35,646.0,485.0,188.0,5339.0,False,False
3481,2022-10-26 09:40:52.749393,-0.004048582995951344,-0.004048582995951344,-0.049999999999998934,-0.049999999999998934,12.3,12.35,12.3,12.35,646.0,485.0,188.0,5339.0,False,False
3481,2022-10-26 09:40:53.426956,-0.004048582995951344,-0.004048582995951344,-0.049999999999998934,-0.049999999999998934,12.3,12.35,12.3,12.35,646.0,485.0,188.0,5339.0,False,False
3481,2022-10-26 09:40:53.579327,-0.004048582995951344,-0.004048582995951344,-0.049999999999998934,-0.049999999999998934,12.3,12.35,12.3,12.35,646.0,488.0,188.0,5339.0,False,False
3481,2022-10-26 09:40:55.252936,-0.004048582995951344,-0.004048582995951344,-0.049999999999998934,-0.049999999999998934,12.3,12.35,12.3,12.35,646.0,488.0,188.0,5339.0,False,False
3481,2022-10-26 09:40:56.402594,-0.004048582995951344,-0.004048582995951344,-0.049999999999998934,-0.049999999999998934,12.3,12.35,12.3,12.35,646.0,488.0,188.0,5339.0,False,False
3481,2022-10-26 09:40:56.811394,-0.004048582995951344,-0.004048582995951344,-0.049999999999998934,-0.049999999999998934,12.3,12.35,12.3,12.35,646.0,489.0,188.0,5339.0,False,False
3481,2022-10-26 09:40:57.871526,-0.004048582995951344,-0.004048582995951344,-0.049999999999998934,-0.049999999999998934,12.3,12.35,12.3,12.35,646.0,589.0,188.0,5339.0,False,False
3481,2022-10-26 09:40:58.034268,-0.004048582995951344,-0.004048582995951344,-0.049999999999998934,-0.049999999999998934,12.3,12.35,12.3,12.35,646.0,589.0,188.0,5339.0,False,False
3481,2022-10-26 09:40:58.444761,-0.004048582995951344,-0.004048582995951344,-0.049999999999998934,-0.049999999999998934,12.3,12.35,12.3,12.35,614.0,589.0,188.0,5339.0,False,False
3481,2022-10-26 09:40:59.065323,-0.004048582995951344,-0.004048582995951344,-0.049999999999998934,-0.049999999999998934,12.3,12.35,12.3,12.35,620.0,589.0,188.0,5339.0,False,False
3481,2022-10-26 09:40:59.165270,-0.0080971659919028,0.0,-0.09999999999999964,0.0,12.3,12.35,12.25,12.3,620.0,589.0,54243.0,522.0,True,True
3481,2022-10-26 09:40:59.864551,-0.0080971659919028,0.0,-0.09999999999999964,0.0,12.3,12.35,12.25,12.3,618.0,589.0,54243.0,522.0,False,False
3481,2022-10-26 09:41:00.066678,-0.0080971659919028,0.0,-0.09999999999999964,0.0,12.3,12.35,12.25,12.3,544.0,515.0,54243.0,522.0,False,False
3481,2022-10-26 09:41:00.105492,-0.0080971659919028,0.0,-0.09999999999999964,0.0,12.3,12.35,12.25,12.3,544.0,519.0,54243.0,522.0,False,False
3481,2022-10-26 09:41:00.115889,-0.0080971659919028,0.0,-0.09999999999999964,0.0,12.3,12.35,12.25,12.3,285.0,519.0,54243.0,522.0,False,False
3481,2022-10-26 09:41:00.226173,-0.0080971659919028,0.0,-0.09999999999999964,0.0,12.3,12.35,12.25,12.3,265.0,592.0,54243.0,522.0,False,False
3481,2022-10-26 09:41:00.374994,-0.0080971659919028,0.0,-0.09999999999999964,0.0,12.3,12.35,12.25,12.3,703.0,592.0,54243.0,522.0,False,False
3481,2022-10-26 09:41:01.886062,-0.0080971659919028,0.0,-0.09999999999999964,0.0,12.3,12.35,12.25,12.3,703.0,592.0,54243.0,522.0,False,False
3481,2022-10-26 09:41:03.518027,-0.0080971659919028,0.0,-0.09999999999999964,0.0,12.3,12.35,12.25,12.3,703.0,592.0,54243.0,522.0,False,False
3481,2022-10-26 09:41:04.906894,-0.0080971659919028,0.0,-0.09999999999999964,0.0,12.3,12.35,12.25,12.3,704.0,592.0,54243.0,522.0,False,False
3481,2022-10-26 09:41:04.949878,-0.0080971659919028,0.0,-0.09999999999999964,0.0,12.3,12.35,12.25,12.3,704.0,588.0,54243.0,522.0,False,False
3481,2022-10-26 09:41:06.734751,-0.0080971659919028,0.0,-0.09999999999999964,0.0,12.3,12.35,12.25,12.3,705.0,588.0,54243.0,522.0,False,False
3481,2022-10-26 09:41:07.343257,-0.0080971659919028,0.0,-0.09999999999999964,0.0,12.3,12.35,12.25,12.3,705.0,588.0,54243.0,522.0,False,False
3481,2022-10-26 09:41:07.515916,-0.0080971659919028,0.0,-0.09999999999999964,0.0,12.3,12.35,12.25,12.3,705.0,515.0,54243.0,522.0,False,False
3481,2022-10-26 09:41:08.860462,-0.0080971659919028,0.0,-0.09999999999999964,0.0,12.3,12.35,12.25,12.3,703.0,515.0,54243.0,522.0,False,False
3481,2022-10-26 09:41:08.956465,-0.0080971659919028,0.0,-0.09999999999999964,0.0,12.3,12.35,12.25,12.3,703.0,588.0,54243.0,522.0,False,False
3481,2022-10-26 09:41:09.204264,-0.0080971659919028,0.0,-0.09999999999999964,0.0,12.3,12.35,12.25,12.3,703.0,588.0,54243.0,442.0,True,True
3481,2022-10-26 09:41:10.119329,-0.0080971659919028,0.0,-0.09999999999999964,0.0,12.3,12.35,12.25,12.3,705.0,588.0,54243.0,442.0,False,False
3481,2022-10-26 09:41:11.825800,-0.0080971659919028,0.0,-0.09999999999999964,0.0,12.3,12.35,12.25,12.3,705.0,618.0,54243.0,442.0,False,False
3481,2022-10-26 09:41:12.498921,-0.0080971659919028,0.0,-0.09999999999999964,0.0,12.3,12.35,12.25,12.3,705.0,617.0,54243.0,442.0,False,False
3481,2022-10-26 09:41:12.677825,-0.0080971659919028,0.0,-0.09999999999999964,0.0,12.3,12.35,12.25,12.3,705.0,618.0,54243.0,442.0,False,False
3481,2022-10-26 09:41:13.363536,-0.0080971659919028,0.0,-0.09999999999999964,0.0,12.3,12.35,12.25,12.3,705.0,618.0,54243.0,442.0,False,False
3481,2022-10-26 09:41:14.203117,-0.0080971659919028,0.0,-0.09999999999999964,0.0,12.3,12.35,12.25,12.3,706.0,618.0,54243.0,442.0,False,False
3481,2022-10-26 09:41:16.015088,-0.0080971659919028,0.0,-0.09999999999999964,0.0,12.3,12.35,12.25,12.3,706.0,641.0,54243.0,442.0,False,False
3481,2022-10-26 09:41:17.472059,-0.0080971659919028,0.0,-0.09999999999999964,0.0,12.3,12.35,12.25,12.3,706.0,641.0,54243.0,442.0,False,False
3481,2022-10-26 09:41:17.834381,-0.0080971659919028,0.0,-0.09999999999999964,0.0,12.3,12.35,12.25,12.3,686.0,641.0,54243.0,442.0,False,False
3481,2022-10-26 09:41:17.869844,-0.0080971659919028,0.0,-0.09999999999999964,0.0,12.3,12.35,12.25,12.3,248.0,641.0,54243.0,442.0,False,False
3481,2022-10-26 09:41:17.899387,-0.0080971659919028,0.0,-0.09999999999999964,0.0,12.3,12.35,12.25,12.3,248.0,645.0,54243.0,442.0,False,False
3481,2022-10-26 09:41:17.917409,-0.0080971659919028,0.0,-0.09999999999999964,0.0,12.3,12.35,12.25,12.3,246.0,645.0,54243.0,442.0,False,False
3481,2022-10-26 09:41:18.369614,-0.0080971659919028,0.0,-0.09999999999999964,0.0,12.3,12.35,12.25,12.3,252.0,645.0,54243.0,442.0,False,False
3481,2022-10-26 09:41:19.254148,-0.0080971659919028,0.0,-0.09999999999999964,0.0,12.3,12.35,12.25,12.3,252.0,645.0,54243.0,442.0,True,True
3481,2022-10-26 09:41:20.129339,-0.0080971659919028,0.0,-0.09999999999999964,0.0,12.3,12.35,12.25,12.3,252.0,645.0,54243.0,442.0,False,False
3481,2022-10-26 09:41:23.615416,-0.0080971659919028,0.0,-0.09999999999999964,0.0,12.3,12.35,12.25,12.3,252.0,665.0,54243.0,442.0,False,False
3481,2022-10-26 09:41:24.573930,-0.0080971659919028,0.0,-0.09999999999999964,0.0,12.3,12.35,12.25,12.3,252.0,665.0,54243.0,442.0,False,False
3481,2022-10-26 09:41:24.727679,-0.0080971659919028,0.0,-0.09999999999999964,0.0,12.3,12.35,12.25,12.3,252.0,666.0,54243.0,442.0,False,False
3481,2022-10-26 09:41:25.396054,-0.0080971659919028,0.0,-0.09999999999999964,0.0,12.3,12.35,12.25,12.3,253.0,666.0,54243.0,442.0,False,False
3481,2022-10-26 09:41:26.539815,-0.0080971659919028,0.0,-0.09999999999999964,0.0,12.3,12.35,12.25,12.3,253.0,666.0,54243.0,442.0,False,False
3481,2022-10-26 09:41:26.698803,-0.0080971659919028,0.0,-0.09999999999999964,0.0,12.3,12.35,12.25,12.3,253.0,666.0,54243.0,442.0,False,False
3481,2022-10-26 09:41:26.759955,-0.0080971659919028,0.0,-0.09999999999999964,0.0,12.3,12.35,12.25,12.3,247.0,666.0,54243.0,442.0,False,False
3481,2022-10-26 09:41:26.986248,-0.0080971659919028,0.0,-0.09999999999999964,0.0,12.3,12.35,12.25,12.3,245.0,666.0,54243.0,442.0,False,False
3481,2022-10-26 09:41:28.203709,-0.0080971659919028,0.0,-0.09999999999999964,0.0,12.3,12.35,12.25,12.3,230.0,666.0,54243.0,442.0,False,False
3481,2022-10-26 09:41:28.583684,-0.0080971659919028,0.0,-0.09999999999999964,0.0,12.3,12.35,12.25,12.3,230.0,666.0,54243.0,442.0,False,False
3481,2022-10-26 09:41:28.915693,-0.0080971659919028,0.0,-0.09999999999999964,0.0,12.3,12.35,12.25,12.3,230.0,672.0,54243.0,442.0,False,False
3481,2022-10-26 09:41:29.295652,-0.0080971659919028,0.0,-0.09999999999999964,0.0,12.3,12.35,12.25,12.3,230.0,672.0,54243.0,462.0,True,True
3481,2022-10-26 09:41:31.090299,-0.0080971659919028,0.0,-0.09999999999999964,0.0,12.3,12.35,12.25,12.3,230.0,671.0,54243.0,462.0,False,False
3481,2022-10-26 09:41:34.421272,-0.0080971659919028,0.0,-0.09999999999999964,0.0,12.3,12.35,12.25,12.3,224.0,671.0,54243.0,462.0,False,False
3481,2022-10-26 09:41:36.006895,-0.0080971659919028,0.0,-0.09999999999999964,0.0,12.3,12.35,12.25,12.3,222.0,671.0,54243.0,462.0,False,False
3481,2022-10-26 09:41:36.737409,-0.0080971659919028,0.0,-0.09999999999999964,0.0,12.3,12.35,12.25,12.3,220.0,671.0,54243.0,462.0,False,False
3481,2022-10-26 09:41:37.622763,-0.0080971659919028,0.0,-0.09999999999999964,0.0,12.3,12.35,12.25,12.3,220.0,671.0,54243.0,462.0,False,False
3481,2022-10-26 09:41:38.158312,-0.0080971659919028,0.0,-0.09999999999999964,0.0,12.3,12.35,12.25,12.3,215.0,671.0,54243.0,462.0,False,False
3481,2022-10-26 09:41:39.344153,-0.0080971659919028,0.0,-0.09999999999999964,0.0,12.3,12.35,12.25,12.3,215.0,671.0,54623.0,542.0,True,True
3481,2022-10-26 09:41:39.528475,-0.0080971659919028,0.0,-0.09999999999999964,0.0,12.3,12.35,12.25,12.3,213.0,671.0,54623.0,542.0,False,False
3481,2022-10-26 09:41:39.722571,-0.0080971659919028,0.0,-0.09999999999999964,0.0,12.3,12.35,12.25,12.3,213.0,672.0,54623.0,542.0,False,False
3481,2022-10-26 09:41:39.829809,-0.0080971659919028,0.0,-0.09999999999999964,0.0,12.3,12.35,12.25,12.3,143.0,672.0,54623.0,542.0,False,False
3481,2022-10-26 09:41:39.885850,-0.0080971659919028,0.0,-0.09999999999999964,0.0,12.3,12.35,12.25,12.3,144.0,672.0,54623.0,542.0,False,False
3481,2022-10-26 09:41:39.886923,-0.0080971659919028,0.0,-0.09999999999999964,0.0,12.3,12.35,12.25,12.3,145.0,672.0,54623.0,542.0,False,False
3481,2022-10-26 09:41:40.155728,-0.0080971659919028,0.0,-0.09999999999999964,0.0,12.3,12.35,12.25,12.3,140.0,672.0,54623.0,542.0,False,False
3481,2022-10-26 09:41:43.913238,-0.0080971659919028,0.0,-0.09999999999999964,0.0,12.3,12.35,12.25,12.3,140.0,676.0,54623.0,542.0,False,False
3481,2022-10-26 09:41:43.970272,-0.0080971659919028,0.0,-0.09999999999999964,0.0,12.3,12.35,12.25,12.3,40.0,576.0,54623.0,542.0,False,False
3481,2022-10-26 09:41:44.007235,-0.0080971659919028,0.0,-0.09999999999999964,0.0,12.3,12.35,12.25,12.3,18.0,576.0,54623.0,542.0,False,False
3481,2022-10-26 09:41:44.182117,-0.0080971659919028,0.0,-0.09999999999999964,0.0,12.3,12.35,12.25,12.3,19.0,576.0,54623.0,542.0,False,False
3481,2022-10-26 09:41:45.027439,-0.0080971659919028,0.0,-0.09999999999999964,0.0,12.3,12.35,12.25,12.3,17.0,576.0,54623.0,542.0,False,False
3481,2022-10-26 09:41:46.963049,-0.0080971659919028,0.0,-0.09999999999999964,0.0,12.3,12.35,12.25,12.3,17.0,576.0,54623.0,542.0,False,False
3481,2022-10-26 09:41:47.246264,-0.0080971659919028,0.0,-0.09999999999999964,0.0,12.3,12.35,12.25,12.3,17.0,576.0,54623.0,542.0,False,False
3481,2022-10-26 09:41:48.254200,-0.0080971659919028,0.0,-0.09999999999999964,0.0,12.3,12.35,12.25,12.3,15.0,574.0,54623.0,542.0,False,False
3481,2022-10-26 09:41:48.973128,-0.0080971659919028,0.0,-0.09999999999999964,0.0,12.3,12.35,12.25,12.3,15.0,574.0,54623.0,542.0,False,False
3481,2022-10-26 09:41:49.686206,-0.0080971659919028,0.0,-0.09999999999999964,0.0,12.3,12.35,12.25,12.3,15.0,574.0,54623.0,542.0,False,False
3481,2022-10-26 09:41:49.725184,-0.0080971659919028,0.0,-0.09999999999999964,0.0,12.3,12.35,12.25,12.3,14.0,574.0,54623.0,542.0,False,False
3481,2022-10-26 09:41:52.328945,-0.0080971659919028,0.0,-0.09999999999999964,0.0,12.3,12.35,12.25,12.3,14.0,571.0,54623.0,542.0,False,False
3481,2022-10-26 09:41:52.345895,-0.0080971659919028,0.0,-0.09999999999999964,0.0,12.3,12.35,12.25,12.3,22.0,571.0,54623.0,542.0,False,False
3481,2022-10-26 09:41:52.828133,-0.0080971659919028,0.0,-0.09999999999999964,0.0,12.3,12.35,12.25,12.3,22.0,573.0,54623.0,542.0,False,False
3481,2022-10-26 09:41:53.693104,-0.0080971659919028,0.0,-0.09999999999999964,0.0,12.3,12.35,12.25,12.3,22.0,574.0,54623.0,542.0,False,False
3481,2022-10-26 09:41:53.982306,-0.0080971659919028,0.0,-0.09999999999999964,0.0,12.3,12.35,12.25,12.3,20.0,574.0,54623.0,542.0,False,False
3481,2022-10-26 09:41:54.754835,-0.0080971659919028,0.0,-0.09999999999999964,0.0,12.3,12.35,12.25,12.3,20.0,564.0,54623.0,542.0,False,False
3481,2022-10-26 09:41:54.770858,-0.0080971659919028,0.0,-0.09999999999999964,0.0,12.3,12.35,12.25,12.3,27.0,564.0,54623.0,542.0,False,False
3481,2022-10-26 09:41:55.718810,-0.0080971659919028,0.0,-0.09999999999999964,0.0,12.3,12.35,12.25,12.3,24.0,564.0,54623.0,542.0,False,False
3481,2022-10-26 09:41:56.330597,-0.0080971659919028,0.0,-0.09999999999999964,0.0,12.3,12.35,12.25,12.3,21.0,564.0,54623.0,542.0,False,False
3481,2022-10-26 09:41:57.991540,-0.0080971659919028,0.0,-0.09999999999999964,0.0,12.3,12.35,12.25,12.3,21.0,564.0,54623.0,542.0,False,False
3481,2022-10-26 09:41:58.522378,-0.0080971659919028,0.0,-0.09999999999999964,0.0,12.3,12.35,12.25,12.3,26.0,564.0,54623.0,542.0,False,False
3481,2022-10-26 09:41:58.895460,-0.0080971659919028,0.0,-0.09999999999999964,0.0,12.3,12.35,12.25,12.3,28.0,564.0,54623.0,542.0,False,False
3481,2022-10-26 09:41:59.331795,-0.0080971659919028,0.0,-0.09999999999999964,0.0,12.3,12.35,12.25,12.3,28.0,564.0,54623.0,542.0,False,False
3481,2022-10-26 09:41:59.429644,-0.0080971659919028,0.0,-0.09999999999999964,0.0,12.3,12.35,12.25,12.3,28.0,564.0,54623.0,447.0,True,True
3481,2022-10-26 09:42:00.580312,-0.0080971659919028,0.0,-0.09999999999999964,0.0,12.3,12.35,12.25,12.3,27.0,564.0,54623.0,447.0,False,False
3481,2022-10-26 09:42:02.994694,-0.0080971659919028,0.0,-0.09999999999999964,0.0,12.3,12.35,12.25,12.3,25.0,564.0,54623.0,447.0,False,False
3481,2022-10-26 09:42:03.296177,-0.0080971659919028,0.0,-0.09999999999999964,0.0,12.3,12.35,12.25,12.3,25.0,559.0,54623.0,447.0,False,False
3481,2022-10-26 09:42:04.088861,-0.0080971659919028,0.0,-0.09999999999999964,0.0,12.3,12.35,12.25,12.3,25.0,560.0,54623.0,447.0,False,False
3481,2022-10-26 09:42:05.346631,-0.0080971659919028,0.0,-0.09999999999999964,0.0,12.3,12.35,12.25,12.3,25.0,560.0,54623.0,447.0,False,False
3481,2022-10-26 09:42:05.754922,-0.0080971659919028,0.0,-0.09999999999999964,0.0,12.3,12.35,12.25,12.3,26.0,560.0,54623.0,447.0,False,False
3481,2022-10-26 09:42:06.936800,-0.0080971659919028,0.0,-0.09999999999999964,0.0,12.3,12.35,12.25,12.3,24.0,560.0,54623.0,447.0,False,False
3481,2022-10-26 09:42:07.333494,-0.0080971659919028,0.0,-0.09999999999999964,0.0,12.3,12.35,12.25,12.3,29.0,560.0,54623.0,447.0,False,False
3481,2022-10-26 09:42:07.710306,-0.0080971659919028,0.0,-0.09999999999999964,0.0,12.3,12.35,12.25,12.3,29.0,560.0,54623.0,447.0,False,False
3481,2022-10-26 09:42:08.923489,-0.0080971659919028,0.0,-0.09999999999999964,0.0,12.3,12.35,12.25,12.3,29.0,560.0,54623.0,447.0,False,False
3481,2022-10-26 09:42:09.473960,-0.0080971659919028,0.0,-0.09999999999999964,0.0,12.3,12.35,12.25,12.3,29.0,560.0,54623.0,162.0,True,True
3481,2022-10-26 09:42:10.823205,-0.0080971659919028,0.0,-0.09999999999999964,0.0,12.3,12.35,12.25,12.3,178.0,560.0,54623.0,162.0,False,False
3481,2022-10-26 09:42:10.954919,-0.0080971659919028,0.0,-0.09999999999999964,0.0,12.3,12.35,12.25,12.3,178.0,561.0,54623.0,162.0,False,False
3481,2022-10-26 09:42:10.997655,-0.0080971659919028,0.0,-0.09999999999999964,0.0,12.3,12.35,12.25,12.3,178.0,561.0,54623.0,162.0,False,False
3481,2022-10-26 09:42:11.293367,-0.0080971659919028,0.0,-0.09999999999999964,0.0,12.3,12.35,12.25,12.3,282.0,561.0,54623.0,162.0,False,False
3481,2022-10-26 09:42:11.355537,-0.0080971659919028,0.0,-0.09999999999999964,0.0,12.3,12.35,12.25,12.3,756.0,557.0,54623.0,162.0,False,False
3481,2022-10-26 09:42:11.418656,-0.0080971659919028,0.0,-0.09999999999999964,0.0,12.3,12.35,12.25,12.3,756.0,484.0,54623.0,162.0,False,False
3481,2022-10-26 09:42:11.626926,-0.0080971659919028,0.0,-0.09999999999999964,0.0,12.3,12.35,12.25,12.3,757.0,484.0,54623.0,162.0,False,False
3481,2022-10-26 09:42:12.033665,-0.0080971659919028,0.0,-0.09999999999999964,0.0,12.3,12.35,12.25,12.3,763.0,484.0,54623.0,162.0,False,False
3481,2022-10-26 09:42:12.045156,-0.0080971659919028,0.0,-0.09999999999999964,0.0,12.3,12.35,12.25,12.3,761.0,484.0,54623.0,162.0,False,False
3481,2022-10-26 09:42:13.763532,-0.0080971659919028,0.0,-0.09999999999999964,0.0,12.3,12.35,12.25,12.3,612.0,484.0,54623.0,162.0,False,False
3481,2022-10-26 09:42:14.172808,-0.0080971659919028,0.0,-0.09999999999999964,0.0,12.3,12.35,12.25,12.3,612.0,484.0,54623.0,162.0,False,False
3481,2022-10-26 09:42:14.282971,-0.0080971659919028,0.0,-0.09999999999999964,0.0,12.3,12.35,12.25,12.3,220.0,482.0,54623.0,162.0,False,False
3481,2022-10-26 09:42:14.288191,-0.0080971659919028,0.0,-0.09999999999999964,0.0,12.3,12.35,12.25,12.3,210.0,475.0,54623.0,162.0,False,False
3481,2022-10-26 09:42:14.285776,-0.0080971659919028,0.0,-0.09999999999999964,0.0,12.3,12.35,12.25,12.3,220.0,475.0,54623.0,162.0,False,False
3481,2022-10-26 09:42:14.382446,-0.0080971659919028,0.0,-0.09999999999999964,0.0,12.3,12.35,12.25,12.3,210.0,550.0,54623.0,162.0,False,False
3481,2022-10-26 09:42:14.462215,-0.0080971659919028,0.0,-0.09999999999999964,0.0,12.3,12.35,12.25,12.3,209.0,550.0,54623.0,162.0,False,False
3481,2022-10-26 09:42:15.841131,-0.0080971659919028,0.0,-0.09999999999999964,0.0,12.3,12.35,12.25,12.3,357.0,550.0,54623.0,162.0,False,False
3481,2022-10-26 09:42:15.873857,-0.0080971659919028,0.0,-0.09999999999999964,0.0,12.3,12.35,12.25,12.3,799.0,550.0,54623.0,162.0,False,False
3481,2022-10-26 09:42:16.210975,-0.0080971659919028,0.0,-0.09999999999999964,0.0,12.3,12.35,12.25,12.3,800.0,550.0,54623.0,162.0,False,False
3481,2022-10-26 09:42:18.193416,-0.0080971659919028,0.0,-0.09999999999999964,0.0,12.3,12.35,12.25,12.3,800.0,550.0,54623.0,162.0,False,False
3481,2022-10-26 09:42:18.902888,-0.0080971659919028,0.0,-0.09999999999999964,0.0,12.3,12.35,12.25,12.3,800.0,550.0,54623.0,162.0,False,False
3481,2022-10-26 09:42:19.384399,-0.0080971659919028,0.0,-0.09999999999999964,0.0,12.3,12.35,12.25,12.3,800.0,552.0,54623.0,162.0,False,False
3481,2022-10-26 09:42:20.237339,-0.0080971659919028,0.0,-0.09999999999999964,0.0,12.3,12.35,12.25,12.3,748.0,552.0,54623.0,162.0,False,False
3481,2022-10-26 09:42:21.066689,-0.0080971659919028,0.0,-0.09999999999999964,0.0,12.3,12.35,12.25,12.3,746.0,552.0,54623.0,162.0,False,False
3481,2022-10-26 09:42:21.773640,-0.0080971659919028,0.0,-0.09999999999999964,0.0,12.3,12.35,12.25,12.3,598.0,552.0,54623.0,162.0,False,False
3481,2022-10-26 09:42:21.799354,-0.0080971659919028,0.0,-0.09999999999999964,0.0,12.3,12.35,12.25,12.3,156.0,552.0,54623.0,162.0,False,False
3481,2022-10-26 09:42:21.877519,-0.0080971659919028,0.0,-0.09999999999999964,0.0,12.3,12.35,12.25,12.3,205.0,552.0,54623.0,162.0,False,False
3481,2022-10-26 09:42:24.236319,-0.0080971659919028,0.0,-0.09999999999999964,0.0,12.3,12.35,12.25,12.3,205.0,552.0,54623.0,162.0,False,False
3481,2022-10-26 09:42:24.267258,-0.0080971659919028,0.0,-0.09999999999999964,0.0,12.3,12.35,12.25,12.3,101.0,552.0,54623.0,162.0,False,False
3481,2022-10-26 09:42:24.295562,-0.0080971659919028,0.0,-0.09999999999999964,0.0,12.3,12.35,12.25,12.3,52.0,552.0,54623.0,162.0,False,False
3481,2022-10-26 09:42:25.413550,-0.0080971659919028,0.0,-0.09999999999999964,0.0,12.3,12.35,12.25,12.3,52.0,552.0,54623.0,162.0,False,False
3481,2022-10-26 09:42:25.525717,-0.0080971659919028,0.0,-0.09999999999999964,0.0,12.3,12.35,12.25,12.3,52.0,552.0,54623.0,162.0,False,False
3481,2022-10-26 09:42:25.548072,-0.0080971659919028,0.0,-0.09999999999999964,0.0,12.3,12.35,12.25,12.3,60.0,552.0,54623.0,162.0,False,False
3481,2022-10-26 09:42:26.184977,-0.0080971659919028,0.0,-0.09999999999999964,0.0,12.3,12.35,12.25,12.3,60.0,552.0,54623.0,162.0,False,False
3481,2022-10-26 09:42:26.700715,-0.0080971659919028,0.0,-0.09999999999999964,0.0,12.3,12.35,12.25,12.3,60.0,552.0,54623.0,162.0,False,False
3481,2022-10-26 09:42:27.295502,-0.0080971659919028,0.0,-0.09999999999999964,0.0,12.3,12.35,12.25,12.3,61.0,552.0,54623.0,162.0,False,False
3481,2022-10-26 09:42:27.795675,-0.0080971659919028,0.0,-0.09999999999999964,0.0,12.3,12.35,12.25,12.3,60.0,552.0,54623.0,162.0,False,False
3481,2022-10-26 09:42:29.161271,-0.0080971659919028,0.0,-0.09999999999999964,0.0,12.3,12.35,12.25,12.3,70.0,552.0,54623.0,162.0,False,False
3481,2022-10-26 09:42:29.564461,-0.0080971659919028,0.0,-0.09999999999999964,0.0,12.3,12.35,12.25,12.3,70.0,552.0,54623.0,162.0,True,True
3481,2022-10-26 09:42:29.751064,-0.0080971659919028,0.0,-0.09999999999999964,0.0,12.3,12.35,12.25,12.3,70.0,552.0,54623.0,162.0,False,False
3481,2022-10-26 09:42:30.090808,-0.0080971659919028,0.0,-0.09999999999999964,0.0,12.3,12.35,12.25,12.3,68.0,552.0,54623.0,162.0,False,False
3481,2022-10-26 09:42:30.377797,-0.0080971659919028,0.0,-0.09999999999999964,0.0,12.3,12.35,12.25,12.3,68.0,552.0,54623.0,162.0,False,False
3481,2022-10-26 09:42:31.370939,-0.0080971659919028,0.0,-0.09999999999999964,0.0,12.3,12.35,12.25,12.3,75.0,552.0,54623.0,162.0,False,False
3481,2022-10-26 09:42:31.807836,-0.0080971659919028,0.0,-0.09999999999999964,0.0,12.3,12.35,12.25,12.3,69.0,552.0,54623.0,162.0,False,False
3481,2022-10-26 09:42:36.001555,-0.0080971659919028,0.0,-0.09999999999999964,0.0,12.3,12.35,12.25,12.3,69.0,552.0,54623.0,162.0,False,False
3481,2022-10-26 09:42:39.146704,-0.0080971659919028,0.0,-0.09999999999999964,0.0,12.3,12.35,12.25,12.3,69.0,552.0,54623.0,162.0,False,False
3481,2022-10-26 09:42:39.165936,-0.0080971659919028,0.0,-0.09999999999999964,0.0,12.3,12.35,12.25,12.3,67.0,552.0,54623.0,162.0,False,False
3481,2022-10-26 09:42:39.195654,-0.0080971659919028,0.0,-0.09999999999999964,0.0,12.3,12.35,12.25,12.3,67.0,558.0,54623.0,162.0,False,False
3481,2022-10-26 09:42:39.601551,-0.0080971659919028,0.0,-0.09999999999999964,0.0,12.3,12.35,12.25,12.3,67.0,558.0,54623.0,162.0,True,True
3481,2022-10-26 09:42:39.651064,-0.0080971659919028,0.0,-0.09999999999999964,0.0,12.3,12.35,12.25,12.3,62.0,558.0,54623.0,162.0,False,False
3481,2022-10-26 09:42:41.343167,-0.0080971659919028,0.0,-0.09999999999999964,0.0,12.3,12.35,12.25,12.3,62.0,558.0,54623.0,162.0,False,False
3481,2022-10-26 09:42:42.806466,-0.0080971659919028,0.0,-0.09999999999999964,0.0,12.3,12.35,12.25,12.3,62.0,558.0,54623.0,162.0,False,False
3481,2022-10-26 09:42:43.103594,-0.0080971659919028,0.0,-0.09999999999999964,0.0,12.3,12.35,12.25,12.3,62.0,560.0,54623.0,162.0,False,False
3481,2022-10-26 09:42:44.565702,-0.0080971659919028,0.0,-0.09999999999999964,0.0,12.3,12.35,12.25,12.3,62.0,560.0,54623.0,162.0,False,False
3481,2022-10-26 09:42:46.696810,-0.0080971659919028,0.0,-0.09999999999999964,0.0,12.3,12.35,12.25,12.3,52.0,560.0,54623.0,162.0,False,False
3481,2022-10-26 09:42:47.004845,-0.0080971659919028,0.0,-0.09999999999999964,0.0,12.3,12.35,12.25,12.3,53.0,560.0,54623.0,162.0,False,False
3481,2022-10-26 09:42:47.424319,-0.0080971659919028,0.0,-0.09999999999999964,0.0,12.3,12.35,12.25,12.3,54.0,560.0,54623.0,162.0,False,False
3481,2022-10-26 09:42:48.138411,-0.0080971659919028,0.0,-0.09999999999999964,0.0,12.3,12.35,12.25,12.3,52.0,560.0,54623.0,162.0,False,False
3481,2022-10-26 09:42:48.142522,-0.0080971659919028,0.0,-0.09999999999999964,0.0,12.3,12.35,12.25,12.3,36.0,560.0,54623.0,162.0,False,False
3481,2022-10-26 09:42:48.813071,-0.0080971659919028,0.0,-0.09999999999999964,0.0,12.3,12.35,12.25,12.3,41.0,560.0,54623.0,162.0,False,False
3481,2022-10-26 09:42:49.109276,-0.0080971659919028,0.0,-0.09999999999999964,0.0,12.3,12.35,12.25,12.3,40.0,560.0,54623.0,162.0,False,False
3481,2022-10-26 09:42:49.277771,-0.0080971659919028,0.0,-0.09999999999999964,0.0,12.3,12.35,12.25,12.3,39.0,560.0,54623.0,162.0,False,False
3481,2022-10-26 09:42:49.647937,-0.0080971659919028,0.0,-0.09999999999999964,0.0,12.3,12.35,12.25,12.3,39.0,560.0,54623.0,163.0,True,True
3481,2022-10-26 09:42:49.941083,-0.0080971659919028,0.0,-0.09999999999999964,0.0,12.3,12.35,12.25,12.3,39.0,561.0,54623.0,163.0,False,False
3481,2022-10-26 09:42:50.631229,-0.0080971659919028,0.0,-0.09999999999999964,0.0,12.3,12.35,12.25,12.3,39.0,561.0,54623.0,163.0,False,False
3481,2022-10-26 09:42:51.941159,-0.0080971659919028,0.0,-0.09999999999999964,0.0,12.3,12.35,12.25,12.3,39.0,561.0,54623.0,163.0,False,False
3481,2022-10-26 09:42:52.029067,-0.0080971659919028,0.0,-0.09999999999999964,0.0,12.3,12.35,12.25,12.3,38.0,561.0,54623.0,163.0,False,False
3481,2022-10-26 09:42:52.837281,-0.0080971659919028,0.0,-0.09999999999999964,0.0,12.3,12.35,12.25,12.3,38.0,560.0,54623.0,163.0,False,False
3481,2022-10-26 09:42:53.701478,-0.0080971659919028,0.0,-0.09999999999999964,0.0,12.3,12.35,12.25,12.3,38.0,561.0,54623.0,163.0,False,False
3481,2022-10-26 09:42:55.404119,-0.0080971659919028,0.0,-0.09999999999999964,0.0,12.3,12.35,12.25,12.3,38.0,561.0,54623.0,163.0,False,False
3481,2022-10-26 09:42:55.431374,-0.0080971659919028,0.0,-0.09999999999999964,0.0,12.3,12.35,12.25,12.3,38.0,561.0,54623.0,163.0,False,False
3481,2022-10-26 09:42:57.200751,-0.0080971659919028,0.0,-0.09999999999999964,0.0,12.3,12.35,12.25,12.3,36.0,561.0,54623.0,163.0,False,False
3481,2022-10-26 09:42:58.837382,-0.0080971659919028,0.0,-0.09999999999999964,0.0,12.3,12.35,12.25,12.3,185.0,561.0,54623.0,163.0,False,False
3481,2022-10-26 09:42:59.315090,-0.0080971659919028,0.0,-0.09999999999999964,0.0,12.3,12.35,12.25,12.3,290.0,561.0,54623.0,163.0,False,False
3481,2022-10-26 09:42:59.344890,-0.0080971659919028,0.0,-0.09999999999999964,0.0,12.3,12.35,12.25,12.3,290.0,555.0,54623.0,163.0,False,False
3481,2022-10-26 09:42:59.375512,-0.0080971659919028,0.0,-0.09999999999999964,0.0,12.3,12.35,12.25,12.3,764.0,555.0,54623.0,163.0,False,False
3481,2022-10-26 09:42:59.702676,-0.0080971659919028,0.0,-0.09999999999999964,0.0,12.3,12.35,12.25,12.3,764.0,555.0,54673.0,163.0,True,True
3481,2022-10-26 09:43:00.339881,-0.0080971659919028,0.0,-0.09999999999999964,0.0,12.3,12.35,12.25,12.3,764.0,555.0,54673.0,163.0,False,False
3481,2022-10-26 09:43:00.440437,-0.0080971659919028,0.0,-0.09999999999999964,0.0,12.3,12.35,12.25,12.3,764.0,551.0,54673.0,163.0,False,False
3481,2022-10-26 09:43:00.507104,-0.0080971659919028,0.0,-0.09999999999999964,0.0,12.3,12.35,12.25,12.3,764.0,546.0,54673.0,163.0,False,False
3481,2022-10-26 09:43:00.520377,-0.0080971659919028,0.0,-0.09999999999999964,0.0,12.3,12.35,12.25,12.3,784.0,546.0,54673.0,163.0,False,False
3481,2022-10-26 09:43:00.579000,-0.0080971659919028,0.0,-0.09999999999999964,0.0,12.3,12.35,12.25,12.3,784.0,473.0,54673.0,163.0,False,False
3481,2022-10-26 09:43:01.518047,-0.0080971659919028,0.0,-0.09999999999999964,0.0,12.3,12.35,12.25,12.3,784.0,469.0,54673.0,163.0,False,False
3481,2022-10-26 09:43:01.564933,-0.0080971659919028,0.0,-0.09999999999999964,0.0,12.3,12.35,12.25,12.3,784.0,437.0,54673.0,163.0,False,False
3481,2022-10-26 09:43:01.595551,-0.0080971659919028,0.0,-0.09999999999999964,0.0,12.3,12.35,12.25,12.3,784.0,433.0,54673.0,163.0,False,False
3481,2022-10-26 09:43:01.790274,-0.0080971659919028,0.0,-0.09999999999999964,0.0,12.3,12.35,12.25,12.3,635.0,433.0,54673.0,163.0,False,False
3481,2022-10-26 09:43:02.132074,-0.0080971659919028,0.0,-0.09999999999999964,0.0,12.3,12.35,12.25,12.3,635.0,433.0,54673.0,163.0,False,False
3481,2022-10-26 09:43:02.404093,-0.0080971659919028,0.0,-0.09999999999999964,0.0,12.3,12.35,12.25,12.3,635.0,433.0,54673.0,163.0,False,False
3481,2022-10-26 09:43:04.187213,-0.0080971659919028,0.0,-0.09999999999999964,0.0,12.3,12.35,12.25,12.3,635.0,433.0,54673.0,163.0,False,False
3481,2022-10-26 09:43:04.296162,-0.0080971659919028,0.0,-0.09999999999999964,0.0,12.3,12.35,12.25,12.3,530.0,433.0,54673.0,163.0,False,False
3481,2022-10-26 09:43:04.323635,-0.0080971659919028,0.0,-0.09999999999999964,0.0,12.3,12.35,12.25,12.3,609.0,433.0,54673.0,163.0,False,False
3481,2022-10-26 09:43:05.383720,-0.0080971659919028,0.0,-0.09999999999999964,0.0,12.3,12.35,12.25,12.3,609.0,434.0,54673.0,163.0,False,False
3481,2022-10-26 09:43:06.268430,-0.0080971659919028,0.0,-0.09999999999999964,0.0,12.3,12.35,12.25,12.3,607.0,434.0,54673.0,163.0,False,False
3481,2022-10-26 09:43:06.547758,-0.0080971659919028,0.0,-0.09999999999999964,0.0,12.3,12.35,12.25,12.3,607.0,434.0,54673.0,163.0,False,False
3481,2022-10-26 09:43:08.920713,-0.0080971659919028,0.0,-0.09999999999999964,0.0,12.3,12.35,12.25,12.3,608.0,434.0,54673.0,163.0,False,False
3481,2022-10-26 09:43:08.947538,-0.0080971659919028,0.0,-0.09999999999999964,0.0,12.3,12.35,12.25,12.3,608.0,434.0,54768.0,1162.0,False,True
3481,2022-10-26 09:43:09.943328,-0.0080971659919028,0.0,-0.09999999999999964,0.0,12.3,12.35,12.25,12.3,608.0,439.0,54768.0,1162.0,False,False
3481,2022-10-26 09:43:11.176882,-0.0080971659919028,0.0,-0.09999999999999964,0.0,12.3,12.35,12.25,12.3,608.0,439.0,54768.0,1162.0,False,False
3481,2022-10-26 09:43:11.214954,-0.0080971659919028,0.0,-0.09999999999999964,0.0,12.3,12.35,12.25,12.3,608.0,439.0,54768.0,1162.0,False,False
3481,2022-10-26 09:43:12.338858,-0.0080971659919028,0.0,-0.09999999999999964,0.0,12.3,12.35,12.25,12.3,608.0,439.0,54768.0,1162.0,False,False
3481,2022-10-26 09:43:12.767223,-0.0080971659919028,0.0,-0.09999999999999964,0.0,12.3,12.35,12.25,12.3,608.0,457.0,54768.0,1162.0,False,False
3481,2022-10-26 09:43:13.398382,-0.0080971659919028,0.0,-0.09999999999999964,0.0,12.3,12.35,12.25,12.3,608.0,469.0,54768.0,1162.0,False,False
3481,2022-10-26 09:43:14.118761,-0.0080971659919028,0.0,-0.09999999999999964,0.0,12.3,12.35,12.25,12.3,607.0,469.0,54768.0,1162.0,False,False
3481,2022-10-26 09:43:14.728793,-0.0080971659919028,0.0,-0.09999999999999964,0.0,12.3,12.35,12.25,12.3,607.0,469.0,54768.0,1162.0,False,False
3481,2022-10-26 09:43:15.134092,-0.0080971659919028,0.0,-0.09999999999999964,0.0,12.3,12.35,12.25,12.3,605.0,469.0,54768.0,1162.0,False,False
3481,2022-10-26 09:43:15.170973,-0.0080971659919028,0.0,-0.09999999999999964,0.0,12.3,12.35,12.25,12.3,585.0,469.0,54768.0,1162.0,False,False
3481,2022-10-26 09:43:17.147734,-0.0080971659919028,0.0,-0.09999999999999964,0.0,12.3,12.35,12.25,12.3,585.0,468.0,54768.0,1162.0,False,False
3481,2022-10-26 09:43:18.984683,-0.0080971659919028,0.0,-0.09999999999999964,0.0,12.3,12.35,12.25,12.3,585.0,468.0,54768.0,363.0,True,True
3481,2022-10-26 09:43:19.117425,-0.0080971659919028,0.0,-0.09999999999999964,0.0,12.3,12.35,12.25,12.3,585.0,468.0,54768.0,363.0,False,False
3481,2022-10-26 09:43:19.756700,-0.0080971659919028,0.0,-0.09999999999999964,0.0,12.3,12.35,12.25,12.3,585.0,468.0,54768.0,363.0,False,False
3481,2022-10-26 09:43:22.018773,-0.0080971659919028,0.0,-0.09999999999999964,0.0,12.3,12.35,12.25,12.3,585.0,468.0,54768.0,363.0,False,False
3481,2022-10-26 09:43:22.023527,-0.0080971659919028,0.0,-0.09999999999999964,0.0,12.3,12.35,12.25,12.3,585.0,469.0,54768.0,363.0,False,False
3481,2022-10-26 09:43:22.982658,-0.0080971659919028,0.0,-0.09999999999999964,0.0,12.3,12.35,12.25,12.3,585.0,468.0,54768.0,363.0,False,False
3481,2022-10-26 09:43:23.415170,-0.0080971659919028,0.0,-0.09999999999999964,0.0,12.3,12.35,12.25,12.3,585.0,438.0,54768.0,363.0,False,False
3481,2022-10-26 09:43:23.437369,-0.0080971659919028,0.0,-0.09999999999999964,0.0,12.3,12.35,12.25,12.3,506.0,438.0,54768.0,363.0,False,False
3481,2022-10-26 09:43:23.544005,-0.0080971659919028,0.0,-0.09999999999999964,0.0,12.3,12.35,12.25,12.3,506.0,470.0,54768.0,363.0,False,False
3481,2022-10-26 09:43:23.656478,-0.0080971659919028,0.0,-0.09999999999999964,0.0,12.3,12.35,12.25,12.3,62.0,468.0,54768.0,363.0,False,False
3481,2022-10-26 09:43:23.650609,-0.0080971659919028,0.0,-0.09999999999999964,0.0,12.3,12.35,12.25,12.3,64.0,468.0,54768.0,363.0,False,False
3481,2022-10-26 09:43:23.733983,-0.0080971659919028,0.0,-0.09999999999999964,0.0,12.3,12.35,12.25,12.3,62.0,541.0,54768.0,363.0,False,False
3481,2022-10-26 09:43:24.217171,-0.0080971659919028,0.0,-0.09999999999999964,0.0,12.3,12.35,12.25,12.3,60.0,541.0,54768.0,363.0,False,False
3481,2022-10-26 09:43:24.398986,-0.0080971659919028,0.0,-0.09999999999999964,0.0,12.3,12.35,12.25,12.3,60.0,541.0,54768.0,363.0,False,False
3481,2022-10-26 09:43:26.026289,-0.0080971659919028,0.0,-0.09999999999999964,0.0,12.3,12.35,12.25,12.3,60.0,542.0,54768.0,363.0,False,False
3481,2022-10-26 09:43:26.534525,-0.0080971659919028,0.0,-0.09999999999999964,0.0,12.3,12.35,12.25,12.3,58.0,542.0,54768.0,363.0,False,False
3481,2022-10-26 09:43:27.465507,-0.0080971659919028,0.0,-0.09999999999999964,0.0,12.3,12.35,12.25,12.3,58.0,542.0,54768.0,363.0,False,False
3481,2022-10-26 09:43:29.024865,-0.0080971659919028,0.0,-0.09999999999999964,0.0,12.3,12.35,12.25,12.3,58.0,542.0,54818.0,453.0,True,True
3481,2022-10-26 09:43:29.093007,-0.0080971659919028,0.0,-0.09999999999999964,0.0,12.3,12.35,12.25,12.3,58.0,542.0,54818.0,453.0,False,False
3481,2022-10-26 09:43:32.127249,-0.0080971659919028,0.0,-0.09999999999999964,0.0,12.3,12.35,12.25,12.3,68.0,542.0,54818.0,453.0,False,False
3481,2022-10-26 09:43:32.748561,-0.0080971659919028,0.0,-0.09999999999999964,0.0,12.3,12.35,12.25,12.3,67.0,542.0,54818.0,453.0,False,False
3481,2022-10-26 09:43:33.270644,-0.0080971659919028,0.0,-0.09999999999999964,0.0,12.3,12.35,12.25,12.3,65.0,542.0,54818.0,453.0,False,False
3481,2022-10-26 09:43:36.459013,-0.0080971659919028,0.0,-0.09999999999999964,0.0,12.3,12.35,12.25,12.3,66.0,542.0,54818.0,453.0,False,False
3481,2022-10-26 09:43:37.026618,-0.0080971659919028,0.0,-0.09999999999999964,0.0,12.3,12.35,12.25,12.3,76.0,542.0,54818.0,453.0,False,False
3481,2022-10-26 09:43:38.525478,-0.0080971659919028,0.0,-0.09999999999999964,0.0,12.3,12.35,12.25,12.3,76.0,552.0,54818.0,453.0,False,False
3481,2022-10-26 09:43:38.868146,-0.0080971659919028,0.0,-0.09999999999999964,0.0,12.3,12.35,12.25,12.3,76.0,553.0,54818.0,453.0,False,False
3481,2022-10-26 09:43:38.920831,-0.0080971659919028,0.0,-0.09999999999999964,0.0,12.3,12.35,12.25,12.3,81.0,553.0,54818.0,453.0,False,False
3481,2022-10-26 09:43:39.065513,-0.0080971659919028,0.0,-0.09999999999999964,0.0,12.3,12.35,12.25,12.3,81.0,553.0,54818.0,358.0,True,True
3481,2022-10-26 09:43:39.162067,-0.0080971659919028,0.0,-0.09999999999999964,0.0,12.3,12.35,12.25,12.3,78.0,553.0,54818.0,358.0,False,False
3481,2022-10-26 09:43:41.931261,-0.0080971659919028,0.0,-0.09999999999999964,0.0,12.3,12.35,12.25,12.3,79.0,553.0,54818.0,358.0,False,False
3481,2022-10-26 09:43:42.039312,-0.0080971659919028,0.0,-0.09999999999999964,0.0,12.3,12.35,12.25,12.3,77.0,553.0,54818.0,358.0,False,False
3481,2022-10-26 09:43:42.997724,-0.0080971659919028,0.0,-0.09999999999999964,0.0,12.3,12.35,12.25,12.3,71.0,553.0,54818.0,358.0,False,False
3481,2022-10-26 09:43:44.796327,-0.0080971659919028,0.0,-0.09999999999999964,0.0,12.3,12.35,12.25,12.3,72.0,553.0,54818.0,358.0,False,False
3481,2022-10-26 09:43:45.745176,-0.0080971659919028,0.0,-0.09999999999999964,0.0,12.3,12.35,12.25,12.3,72.0,553.0,54818.0,358.0,False,False
3481,2022-10-26 09:43:45.829822,-0.0080971659919028,0.0,-0.09999999999999964,0.0,12.3,12.35,12.25,12.3,73.0,553.0,54818.0,358.0,False,False
3481,2022-10-26 09:43:47.398146,-0.0080971659919028,0.0,-0.09999999999999964,0.0,12.3,12.35,12.25,12.3,73.0,554.0,54818.0,358.0,False,False
3481,2022-10-26 09:43:47.764299,-0.0080971659919028,0.0,-0.09999999999999964,0.0,12.3,12.35,12.25,12.3,73.0,584.0,54818.0,358.0,False,False
3481,2022-10-26 09:43:49.105860,-0.0080971659919028,0.0,-0.09999999999999964,0.0,12.3,12.35,12.25,12.3,73.0,584.0,54818.0,217.0,True,True
3481,2022-10-26 09:43:49.189835,-0.0080971659919028,0.0,-0.09999999999999964,0.0,12.3,12.35,12.25,12.3,73.0,593.0,54818.0,217.0,False,False
3481,2022-10-26 09:43:50.095817,-0.0080971659919028,0.0,-0.09999999999999964,0.0,12.3,12.35,12.25,12.3,73.0,593.0,54818.0,217.0,False,False
3481,2022-10-26 09:43:51.060324,-0.0080971659919028,0.0,-0.09999999999999964,0.0,12.3,12.35,12.25,12.3,71.0,593.0,54818.0,217.0,False,False
3481,2022-10-26 09:43:51.747536,-0.0080971659919028,0.0,-0.09999999999999964,0.0,12.3,12.35,12.25,12.3,72.0,593.0,54818.0,217.0,False,False
3481,2022-10-26 09:43:52.380192,-0.0080971659919028,0.0,-0.09999999999999964,0.0,12.3,12.35,12.25,12.3,40.0,593.0,54818.0,217.0,False,False
3481,2022-10-26 09:43:52.931175,-0.0080971659919028,0.0,-0.09999999999999964,0.0,12.3,12.35,12.25,12.3,39.0,593.0,54818.0,217.0,False,False
3481,2022-10-26 09:43:53.579773,-0.0080971659919028,0.0,-0.09999999999999964,0.0,12.3,12.35,12.25,12.3,39.0,593.0,54818.0,217.0,False,False
3481,2022-10-26 09:43:53.743581,-0.0080971659919028,0.0,-0.09999999999999964,0.0,12.3,12.35,12.25,12.3,39.0,593.0,54818.0,217.0,False,False
3481,2022-10-26 09:43:55.093034,-0.0080971659919028,0.0,-0.09999999999999964,0.0,12.3,12.35,12.25,12.3,38.0,593.0,54818.0,217.0,False,False
3481,2022-10-26 09:43:56.156097,-0.0080971659919028,0.0,-0.09999999999999964,0.0,12.3,12.35,12.25,12.3,38.0,594.0,54818.0,217.0,False,False
3481,2022-10-26 09:43:56.694959,-0.0080971659919028,0.0,-0.09999999999999964,0.0,12.3,12.35,12.25,12.3,38.0,594.0,54818.0,217.0,False,False
3481,2022-10-26 09:43:56.717887,-0.0080971659919028,0.0,-0.09999999999999964,0.0,12.3,12.35,12.25,12.3,44.0,594.0,54818.0,217.0,False,False
3481,2022-10-26 09:43:56.973315,-0.0080971659919028,0.0,-0.09999999999999964,0.0,12.3,12.35,12.25,12.3,49.0,594.0,54818.0,217.0,False,False
3481,2022-10-26 09:43:59.774753,-0.0080971659919028,0.0,-0.09999999999999964,0.0,12.3,12.35,12.25,12.3,46.0,594.0,54818.0,217.0,False,False
3481,2022-10-26 09:43:59.836906,-0.0080971659919028,0.0,-0.09999999999999964,0.0,12.3,12.35,12.25,12.3,41.0,594.0,54818.0,217.0,False,False
3481,2022-10-26 09:44:00.161219,-0.0080971659919028,0.0,-0.09999999999999964,0.0,12.3,12.35,12.25,12.3,41.0,595.0,54818.0,217.0,False,False
3481,2022-10-26 09:44:00.343419,-0.0080971659919028,0.0,-0.09999999999999964,0.0,12.3,12.35,12.25,12.3,39.0,595.0,54818.0,217.0,False,False
3481,2022-10-26 09:44:00.675306,-0.0080971659919028,0.0,-0.09999999999999964,0.0,12.3,12.35,12.25,12.3,39.0,595.0,54818.0,217.0,False,False
3481,2022-10-26 09:44:00.937785,-0.0080971659919028,0.0,-0.09999999999999964,0.0,12.3,12.35,12.25,12.3,40.0,595.0,54818.0,217.0,False,False
3481,2022-10-26 09:44:02.316933,-0.0080971659919028,0.0,-0.09999999999999964,0.0,12.3,12.35,12.25,12.3,40.0,565.0,54818.0,217.0,False,False
3481,2022-10-26 09:44:03.984658,-0.0080971659919028,0.0,-0.09999999999999964,0.0,12.3,12.35,12.25,12.3,39.0,565.0,54818.0,217.0,False,False
3481,2022-10-26 09:44:04.012887,-0.0080971659919028,0.0,-0.09999999999999964,0.0,12.3,12.35,12.25,12.3,39.0,565.0,54818.0,217.0,False,False
3481,2022-10-26 09:44:04.672070,-0.0080971659919028,0.0,-0.09999999999999964,0.0,12.3,12.35,12.25,12.3,44.0,565.0,54818.0,217.0,False,False
3481,2022-10-26 09:44:04.726321,-0.0080971659919028,0.0,-0.09999999999999964,0.0,12.3,12.35,12.25,12.3,44.0,567.0,54818.0,217.0,False,False
3481,2022-10-26 09:44:04.999992,-0.0080971659919028,0.0,-0.09999999999999964,0.0,12.3,12.35,12.25,12.3,44.0,587.0,54818.0,217.0,False,False
3481,2022-10-26 09:44:05.073040,-0.0080971659919028,0.0,-0.09999999999999964,0.0,12.3,12.35,12.25,12.3,44.0,587.0,54818.0,217.0,False,False
3481,2022-10-26 09:44:06.978449,-0.0080971659919028,0.0,-0.09999999999999964,0.0,12.3,12.35,12.25,12.3,54.0,587.0,54818.0,217.0,False,False
3481,2022-10-26 09:44:08.208083,-0.0080971659919028,0.0,-0.09999999999999964,0.0,12.3,12.35,12.25,12.3,54.0,587.0,54818.0,217.0,False,False
3481,2022-10-26 09:44:09.161174,-0.0080971659919028,0.0,-0.09999999999999964,0.0,12.3,12.35,12.25,12.3,52.0,587.0,54818.0,217.0,False,False
3481,2022-10-26 09:44:09.192626,-0.0080971659919028,0.0,-0.09999999999999964,0.0,12.3,12.35,12.25,12.3,52.0,587.0,54818.0,217.0,True,True
3481,2022-10-26 09:44:11.742773,-0.0080971659919028,0.0,-0.09999999999999964,0.0,12.3,12.35,12.25,12.3,50.0,587.0,54818.0,217.0,False,False
3481,2022-10-26 09:44:14.128852,-0.0080971659919028,0.0,-0.09999999999999964,0.0,12.3,12.35,12.25,12.3,50.0,587.0,54818.0,217.0,False,False
3481,2022-10-26 09:44:16.122570,-0.0080971659919028,0.0,-0.09999999999999964,0.0,12.3,12.35,12.25,12.3,50.0,587.0,54818.0,217.0,False,False
3481,2022-10-26 09:44:17.252527,-0.0080971659919028,0.0,-0.09999999999999964,0.0,12.3,12.35,12.25,12.3,50.0,587.0,54818.0,217.0,False,False
3481,2022-10-26 09:44:18.229000,-0.0080971659919028,0.0,-0.09999999999999964,0.0,12.3,12.35,12.25,12.3,48.0,587.0,54818.0,217.0,False,False
3481,2022-10-26 09:44:19.232705,-0.0080971659919028,0.0,-0.09999999999999964,0.0,12.3,12.35,12.25,12.3,48.0,587.0,54818.0,669.0,True,True
3481,2022-10-26 09:44:21.401076,-0.0080971659919028,0.0,-0.09999999999999964,0.0,12.3,12.35,12.25,12.3,48.0,587.0,54818.0,669.0,False,False
3481,2022-10-26 09:44:21.587310,-0.0080971659919028,0.0,-0.09999999999999964,0.0,12.3,12.35,12.25,12.3,48.0,587.0,54818.0,669.0,False,False
3481,2022-10-26 09:44:21.725005,-0.0080971659919028,0.0,-0.09999999999999964,0.0,12.3,12.35,12.25,12.3,43.0,587.0,54818.0,669.0,False,False
3481,2022-10-26 09:44:22.904507,-0.0080971659919028,0.0,-0.09999999999999964,0.0,12.3,12.35,12.25,12.3,43.0,588.0,54818.0,669.0,False,False
3481,2022-10-26 09:44:24.065023,-0.0080971659919028,0.0,-0.09999999999999964,0.0,12.3,12.35,12.25,12.3,43.0,588.0,54818.0,669.0,False,False
3481,2022-10-26 09:44:26.386219,-0.0080971659919028,0.0,-0.09999999999999964,0.0,12.3,12.35,12.25,12.3,44.0,588.0,54818.0,669.0,False,False
3481,2022-10-26 09:44:27.192382,-0.0080971659919028,0.0,-0.09999999999999964,0.0,12.3,12.35,12.25,12.3,42.0,588.0,54818.0,669.0,False,False
3481,2022-10-26 09:44:28.667342,-0.0080971659919028,0.0,-0.09999999999999964,0.0,12.3,12.35,12.25,12.3,52.0,588.0,54818.0,669.0,False,False
3481,2022-10-26 09:44:29.274983,-0.004048582995951344,-0.004048582995951344,-0.049999999999998934,-0.049999999999998934,12.3,12.35,12.3,12.35,52.0,588.0,129.0,5339.0,True,True
3481,2022-10-26 09:44:34.911462,-0.004048582995951344,-0.004048582995951344,-0.049999999999998934,-0.049999999999998934,12.3,12.35,12.3,12.35,51.0,588.0,129.0,5339.0,False,False
3481,2022-10-26 09:44:36.172874,-0.004048582995951344,-0.004048582995951344,-0.049999999999998934,-0.049999999999998934,12.3,12.35,12.3,12.35,51.0,617.0,129.0,5339.0,False,False
3481,2022-10-26 09:44:36.204213,-0.004048582995951344,-0.004048582995951344,-0.049999999999998934,-0.049999999999998934,12.3,12.35,12.3,12.35,49.0,617.0,129.0,5339.0,False,False
3481,2022-10-26 09:44:36.609538,-0.004048582995951344,-0.004048582995951344,-0.049999999999998934,-0.049999999999998934,12.3,12.35,12.3,12.35,49.0,617.0,129.0,5339.0,False,False
3481,2022-10-26 09:44:36.685956,-0.004048582995951344,-0.004048582995951344,-0.049999999999998934,-0.049999999999998934,12.3,12.35,12.3,12.35,49.0,622.0,129.0,5339.0,False,False
3481,2022-10-26 09:44:37.839360,-0.004048582995951344,-0.004048582995951344,-0.049999999999998934,-0.049999999999998934,12.3,12.35,12.3,12.35,49.0,619.0,129.0,5339.0,False,False
3481,2022-10-26 09:44:38.026553,-0.004048582995951344,-0.004048582995951344,-0.049999999999998934,-0.049999999999998934,12.3,12.35,12.3,12.35,49.0,619.0,129.0,5339.0,False,False
3481,2022-10-26 09:44:39.317178,-0.0080971659919028,0.0,-0.09999999999999964,0.0,12.3,12.35,12.25,12.3,49.0,619.0,54818.0,374.0,True,True
3481,2022-10-26 09:44:43.078583,-0.0080971659919028,0.0,-0.09999999999999964,0.0,12.3,12.35,12.25,12.3,49.0,620.0,54818.0,374.0,False,False
3481,2022-10-26 09:44:43.130224,-0.0080971659919028,0.0,-0.09999999999999964,0.0,12.3,12.35,12.25,12.3,49.0,618.0,54818.0,374.0,False,False
3481,2022-10-26 09:44:45.277659,-0.0080971659919028,0.0,-0.09999999999999964,0.0,12.3,12.35,12.25,12.3,47.0,618.0,54818.0,374.0,False,False
3481,2022-10-26 09:44:45.302763,-0.0080971659919028,0.0,-0.09999999999999964,0.0,12.3,12.35,12.25,12.3,47.0,625.0,54818.0,374.0,False,False
3481,2022-10-26 09:44:45.345373,-0.0080971659919028,0.0,-0.09999999999999964,0.0,12.3,12.35,12.25,12.3,37.0,625.0,54818.0,374.0,False,False
3481,2022-10-26 09:44:46.289196,-0.0080971659919028,0.0,-0.09999999999999964,0.0,12.3,12.35,12.25,12.3,37.0,624.0,54818.0,374.0,False,False
3481,2022-10-26 09:44:46.902408,-0.0080971659919028,0.0,-0.09999999999999964,0.0,12.3,12.35,12.25,12.3,39.0,624.0,54818.0,374.0,False,False
3481,2022-10-26 09:44:48.013585,-0.0080971659919028,0.0,-0.09999999999999964,0.0,12.3,12.35,12.25,12.3,39.0,624.0,54818.0,374.0,False,False
3481,2022-10-26 09:44:49.362417,-0.0080971659919028,0.0,-0.09999999999999964,0.0,12.3,12.35,12.25,12.3,39.0,624.0,54818.0,374.0,True,True
3481,2022-10-26 09:44:49.656253,-0.0080971659919028,0.0,-0.09999999999999964,0.0,12.3,12.35,12.25,12.3,41.0,624.0,54818.0,374.0,False,False
3481,2022-10-26 09:44:49.765664,-0.0080971659919028,0.0,-0.09999999999999964,0.0,12.3,12.35,12.25,12.3,41.0,624.0,54818.0,374.0,False,False
3481,2022-10-26 09:44:52.339924,-0.0080971659919028,0.0,-0.09999999999999964,0.0,12.3,12.35,12.25,12.3,51.0,624.0,54818.0,374.0,False,False
3481,2022-10-26 09:44:52.759950,-0.0080971659919028,0.0,-0.09999999999999964,0.0,12.3,12.35,12.25,12.3,46.0,624.0,54818.0,374.0,False,False
3481,2022-10-26 09:44:54.284803,-0.0080971659919028,0.0,-0.09999999999999964,0.0,12.3,12.35,12.25,12.3,44.0,624.0,54818.0,374.0,False,False
3481,2022-10-26 09:44:54.948541,-0.0080971659919028,0.0,-0.09999999999999964,0.0,12.3,12.35,12.25,12.3,44.0,624.0,54818.0,374.0,False,False
3481,2022-10-26 09:44:55.257007,-0.0080971659919028,0.0,-0.09999999999999964,0.0,12.3,12.35,12.25,12.3,44.0,624.0,54818.0,374.0,False,False
3481,2022-10-26 09:44:55.691281,-0.0080971659919028,0.0,-0.09999999999999964,0.0,12.3,12.35,12.25,12.3,44.0,624.0,54818.0,374.0,False,False
3481,2022-10-26 09:44:56.102980,-0.0080971659919028,0.0,-0.09999999999999964,0.0,12.3,12.35,12.25,12.3,59.0,624.0,54818.0,374.0,False,False
3481,2022-10-26 09:44:56.635985,-0.0080971659919028,0.0,-0.09999999999999964,0.0,12.3,12.35,12.25,12.3,69.0,624.0,54818.0,374.0,False,False
3481,2022-10-26 09:44:56.947730,-0.0080971659919028,0.0,-0.09999999999999964,0.0,12.3,12.35,12.25,12.3,69.0,624.0,54818.0,374.0,False,False
3481,2022-10-26 09:44:57.243190,-0.0080971659919028,0.0,-0.09999999999999964,0.0,12.3,12.35,12.25,12.3,69.0,624.0,54818.0,374.0,False,False
3481,2022-10-26 09:44:57.266635,-0.0080971659919028,0.0,-0.09999999999999964,0.0,12.3,12.35,12.25,12.3,75.0,624.0,54818.0,374.0,False,False
3481,2022-10-26 09:44:59.023394,-0.0080971659919028,0.0,-0.09999999999999964,0.0,12.3,12.35,12.25,12.3,74.0,624.0,54818.0,374.0,False,False
3481,2022-10-26 09:45:00.101305,-0.0080971659919028,0.0,-0.09999999999999964,0.0,12.3,12.35,12.25,12.3,74.0,624.0,54818.0,374.0,False,False
3481,2022-10-26 09:45:00.284666,-0.0080971659919028,0.0,-0.09999999999999964,0.0,12.3,12.35,12.25,12.3,75.0,624.0,54818.0,374.0,False,False
3481,2022-10-26 09:45:00.513975,-0.0080971659919028,0.0,-0.09999999999999964,0.0,12.3,12.35,12.25,12.3,76.0,624.0,54818.0,374.0,False,False
3481,2022-10-26 09:45:01.681005,-0.0080971659919028,0.0,-0.09999999999999964,0.0,12.3,12.35,12.25,12.3,71.0,624.0,54818.0,374.0,False,False
3481,2022-10-26 09:45:03.236562,-0.0080971659919028,0.0,-0.09999999999999964,0.0,12.3,12.35,12.25,12.3,69.0,624.0,54818.0,374.0,False,False
3481,2022-10-26 09:45:03.240365,-0.0080971659919028,0.0,-0.09999999999999964,0.0,12.3,12.35,12.25,12.3,69.0,625.0,54818.0,374.0,False,False
3481,2022-10-26 09:45:03.609174,-0.0080971659919028,0.0,-0.09999999999999964,0.0,12.3,12.35,12.25,12.3,69.0,625.0,54818.0,374.0,False,False
3481,2022-10-26 09:45:04.382085,-0.0080971659919028,0.0,-0.09999999999999964,0.0,12.3,12.35,12.25,12.3,70.0,625.0,54818.0,374.0,False,False
3481,2022-10-26 09:45:05.442492,-0.0080971659919028,0.0,-0.09999999999999964,0.0,12.3,12.35,12.25,12.3,63.0,625.0,54818.0,374.0,False,False
3481,2022-10-26 09:45:06.713560,-0.0080971659919028,0.0,-0.09999999999999964,0.0,12.3,12.35,12.25,12.3,62.0,625.0,54818.0,374.0,False,False
3481,2022-10-26 09:45:06.741083,-0.0080971659919028,0.0,-0.09999999999999964,0.0,12.3,12.35,12.25,12.3,56.0,618.0,54818.0,374.0,False,False
3481,2022-10-26 09:45:11.075882,-0.0080971659919028,0.0,-0.09999999999999964,0.0,12.3,12.35,12.25,12.3,6.0,618.0,54818.0,374.0,False,False
3481,2022-10-26 09:45:11.182165,-0.0080971659919028,0.0,-0.09999999999999964,0.0,12.3,12.35,12.25,12.3,6.0,618.0,54818.0,374.0,False,False
3481,2022-10-26 09:45:11.199949,-0.0080971659919028,-0.004065040650406582,-0.09999999999999964,-0.05000000000000071,12.25,12.35,12.25,12.3,1247.0,618.0,54818.0,374.0,False,False
3481,2022-10-26 09:45:11.233427,-0.0080971659919028,0.0,-0.09999999999999964,0.0,12.3,12.35,12.25,12.3,24.0,618.0,54818.0,374.0,False,False
3481,2022-10-26 09:45:11.338862,-0.0080971659919028,0.0,-0.09999999999999964,0.0,12.3,12.35,12.25,12.3,2.0,618.0,54818.0,374.0,False,False
3481,2022-10-26 09:45:11.402617,-0.0080971659919028,0.0,-0.09999999999999964,0.0,12.3,12.35,12.25,12.3,1.0,618.0,54818.0,374.0,False,False
3481,2022-10-26 09:45:11.440135,-0.0080971659919028,0.0,-0.09999999999999964,0.0,12.3,12.35,12.25,12.3,1.0,618.0,54818.0,374.0,False,False
3481,2022-10-26 09:45:11.541176,-0.0080971659919028,0.0,-0.09999999999999964,0.0,12.3,12.35,12.25,12.3,1.0,618.0,54818.0,374.0,False,False
3481,2022-10-26 09:45:12.096053,-0.0080971659919028,0.0,-0.09999999999999964,0.0,12.3,12.35,12.25,12.3,1.0,618.0,54818.0,374.0,False,False
3481,2022-10-26 09:45:12.168121,-0.0080971659919028,-0.004065040650406582,-0.09999999999999964,-0.05000000000000071,12.25,12.35,12.25,12.3,1246.0,618.0,54818.0,374.0,False,False
3481,2022-10-26 09:45:12.195461,-0.0080971659919028,0.0,-0.09999999999999964,0.0,12.3,12.35,12.25,12.3,24.0,618.0,54818.0,374.0,False,False
3481,2022-10-26 09:45:12.227303,-0.0080971659919028,-0.004065040650406582,-0.09999999999999964,-0.05000000000000071,12.25,12.35,12.25,12.3,1246.0,625.0,54818.0,374.0,False,False
3481,2022-10-26 09:45:12.371781,-0.0080971659919028,-0.004065040650406582,-0.09999999999999964,-0.05000000000000071,12.25,12.35,12.25,12.3,1246.0,625.0,54818.0,374.0,False,False
3481,2022-10-26 09:45:12.496443,-0.0080971659919028,-0.004065040650406582,-0.09999999999999964,-0.05000000000000071,12.25,12.35,12.25,12.3,1246.0,625.0,54818.0,374.0,False,False
3481,2022-10-26 09:45:12.608510,-0.0080971659919028,0.0,-0.09999999999999964,0.0,12.3,12.35,12.25,12.3,24.0,625.0,54818.0,374.0,False,False
3481,2022-10-26 09:45:12.728954,-0.0080971659919028,0.0,-0.09999999999999964,0.0,12.3,12.35,12.25,12.3,6.0,625.0,54818.0,374.0,False,False
3481,2022-10-26 09:45:12.841668,-0.0080971659919028,0.0,-0.09999999999999964,0.0,12.3,12.35,12.25,12.3,3.0,625.0,54818.0,374.0,False,False
3481,2022-10-26 09:45:12.859513,-0.0080971659919028,-0.004065040650406582,-0.09999999999999964,-0.05000000000000071,12.25,12.35,12.25,12.3,1246.0,625.0,54818.0,374.0,False,False
3481,2022-10-26 09:45:12.994670,-0.0080971659919028,0.0,-0.09999999999999964,0.0,12.3,12.35,12.25,12.3,6.0,625.0,54818.0,374.0,False,False
3481,2022-10-26 09:45:13.112704,-0.0080971659919028,0.0,-0.09999999999999964,0.0,12.3,12.35,12.25,12.3,6.0,627.0,54818.0,374.0,False,False
3481,2022-10-26 09:45:13.237881,-0.0080971659919028,-0.004065040650406582,-0.09999999999999964,-0.05000000000000071,12.25,12.35,12.25,12.3,1246.0,627.0,54818.0,374.0,False,False
3481,2022-10-26 09:45:13.343344,-0.0080971659919028,-0.004065040650406582,-0.09999999999999964,-0.05000000000000071,12.25,12.35,12.25,12.3,1246.0,627.0,54818.0,374.0,False,False
3481,2022-10-26 09:45:13.441486,-0.0080971659919028,0.0,-0.09999999999999964,0.0,12.3,12.35,12.25,12.3,30.0,627.0,54818.0,374.0,False,False
3481,2022-10-26 09:45:14.382791,-0.0080971659919028,0.0,-0.09999999999999964,0.0,12.3,12.35,12.25,12.3,32.0,627.0,54818.0,374.0,False,False
3481,2022-10-26 09:45:14.541894,-0.0080971659919028,0.0,-0.09999999999999964,0.0,12.3,12.35,12.25,12.3,32.0,627.0,54818.0,374.0,False,False
3481,2022-10-26 09:45:14.654484,-0.0080971659919028,0.0,-0.09999999999999964,0.0,12.3,12.35,12.25,12.3,32.0,627.0,54818.0,374.0,False,False
3481,2022-10-26 09:45:14.819383,-0.0080971659919028,0.0,-0.09999999999999964,0.0,12.3,12.35,12.25,12.3,39.0,627.0,54818.0,374.0,False,False
3481,2022-10-26 09:45:16.153938,-0.0080971659919028,0.0,-0.09999999999999964,0.0,12.3,12.35,12.25,12.3,39.0,632.0,54818.0,374.0,False,False
3481,2022-10-26 09:45:16.183178,-0.0080971659919028,0.0,-0.09999999999999964,0.0,12.3,12.35,12.25,12.3,39.0,625.0,54818.0,374.0,False,False
3481,2022-10-26 09:45:18.648223,-0.0080971659919028,0.0,-0.09999999999999964,0.0,12.3,12.35,12.25,12.3,39.0,625.0,54818.0,374.0,False,False
3481,2022-10-26 09:45:19.356465,-0.0080971659919028,0.0,-0.09999999999999964,0.0,12.3,12.35,12.25,12.3,39.0,625.0,54818.0,374.0,False,False
3481,2022-10-26 09:45:19.357161,-0.0080971659919028,0.0,-0.09999999999999964,0.0,12.3,12.35,12.25,12.3,39.0,628.0,54818.0,374.0,False,False
3481,2022-10-26 09:45:21.210486,-0.0080971659919028,0.0,-0.09999999999999964,0.0,12.3,12.35,12.25,12.3,37.0,628.0,54818.0,374.0,False,False
3481,2022-10-26 09:45:24.293205,-0.0080971659919028,0.0,-0.09999999999999964,0.0,12.3,12.35,12.25,12.3,37.0,653.0,54818.0,374.0,False,False
3481,2022-10-26 09:45:24.317725,-0.0080971659919028,0.0,-0.09999999999999964,0.0,12.3,12.35,12.25,12.3,37.0,661.0,54818.0,374.0,False,False
3481,2022-10-26 09:45:25.594920,-0.0080971659919028,0.0,-0.09999999999999964,0.0,12.3,12.35,12.25,12.3,37.0,662.0,54818.0,374.0,False,False
3481,2022-10-26 09:45:25.595467,-0.0080971659919028,0.0,-0.09999999999999964,0.0,12.3,12.35,12.25,12.3,37.0,662.0,54818.0,374.0,False,False
3481,2022-10-26 09:45:26.208600,-0.0080971659919028,0.0,-0.09999999999999964,0.0,12.3,12.35,12.25,12.3,47.0,662.0,54818.0,374.0,False,False
3481,2022-10-26 09:45:26.238984,-0.0080971659919028,0.0,-0.09999999999999964,0.0,12.3,12.35,12.25,12.3,41.0,662.0,54818.0,374.0,False,False
3481,2022-10-26 09:45:26.773028,-0.0080971659919028,0.0,-0.09999999999999964,0.0,12.3,12.35,12.25,12.3,38.0,662.0,54818.0,374.0,False,False
3481,2022-10-26 09:45:28.313074,-0.0080971659919028,0.0,-0.09999999999999964,0.0,12.3,12.35,12.25,12.3,38.0,662.0,54818.0,374.0,False,False
3481,2022-10-26 09:45:28.316438,-0.0080971659919028,0.0,-0.09999999999999964,0.0,12.3,12.35,12.25,12.3,38.0,666.0,54818.0,374.0,False,False
3481,2022-10-26 09:45:28.355180,-0.0080971659919028,0.0,-0.09999999999999964,0.0,12.3,12.35,12.25,12.3,43.0,666.0,54818.0,374.0,False,False
3481,2022-10-26 09:45:29.761019,-0.0080971659919028,0.0,-0.09999999999999964,0.0,12.3,12.35,12.25,12.3,43.0,666.0,54818.0,1184.0,True,True
3481,2022-10-26 09:45:30.251020,-0.0080971659919028,0.0,-0.09999999999999964,0.0,12.3,12.35,12.25,12.3,41.0,666.0,54818.0,1184.0,False,False
3481,2022-10-26 09:45:34.231474,-0.0080971659919028,0.0,-0.09999999999999964,0.0,12.3,12.35,12.25,12.3,41.0,666.0,54818.0,1184.0,False,False
3481,2022-10-26 09:45:34.522574,-0.0080971659919028,0.0,-0.09999999999999964,0.0,12.3,12.35,12.25,12.3,24.0,666.0,54818.0,1184.0,False,False
3481,2022-10-26 09:45:35.005267,-0.0080971659919028,0.0,-0.09999999999999964,0.0,12.3,12.35,12.25,12.3,26.0,666.0,54818.0,1184.0,False,False
3481,2022-10-26 09:45:37.367155,-0.0080971659919028,0.0,-0.09999999999999964,0.0,12.3,12.35,12.25,12.3,26.0,666.0,54818.0,1184.0,False,False
3481,2022-10-26 09:45:39.257045,-0.0080971659919028,0.0,-0.09999999999999964,0.0,12.3,12.35,12.25,12.3,24.0,666.0,54818.0,1184.0,False,False
3481,2022-10-26 09:45:39.281203,-0.0080971659919028,0.0,-0.09999999999999964,0.0,12.3,12.35,12.25,12.3,24.0,666.0,54818.0,1184.0,False,False
3481,2022-10-26 09:45:39.303416,-0.0080971659919028,0.0,-0.09999999999999964,0.0,12.3,12.35,12.25,12.3,25.0,666.0,54818.0,1184.0,False,False
3481,2022-10-26 09:45:39.396781,-0.0080971659919028,0.0,-0.09999999999999964,0.0,12.3,12.35,12.25,12.3,25.0,666.0,54818.0,1184.0,False,False
3481,2022-10-26 09:45:39.789850,-0.0080971659919028,0.0,-0.09999999999999964,0.0,12.3,12.35,12.25,12.3,25.0,666.0,54818.0,2184.0,True,True
3481,2022-10-26 09:45:39.828557,-0.0080971659919028,-0.004065040650406582,-0.09999999999999964,-0.05000000000000071,12.25,12.35,12.25,12.3,1176.0,666.0,54818.0,2184.0,False,False
3481,2022-10-26 09:45:39.843786,-0.0080971659919028,-0.004065040650406582,-0.09999999999999964,-0.05000000000000071,12.25,12.35,12.25,12.3,1094.0,666.0,54818.0,2184.0,False,False
3481,2022-10-26 09:45:39.866077,-0.0080971659919028,-0.004065040650406582,-0.09999999999999964,-0.05000000000000071,12.25,12.35,12.25,12.3,1094.0,666.0,54818.0,2184.0,False,False
3481,2022-10-26 09:45:40.101599,-0.0080971659919028,-0.004065040650406582,-0.09999999999999964,-0.05000000000000071,12.25,12.35,12.25,12.3,1094.0,666.0,54818.0,2184.0,False,False
3481,2022-10-26 09:45:40.465054,-0.0080971659919028,-0.004065040650406582,-0.09999999999999964,-0.05000000000000071,12.25,12.35,12.25,12.3,1094.0,666.0,54818.0,2184.0,False,False
3481,2022-10-26 09:45:40.813647,-0.0080971659919028,-0.004065040650406582,-0.09999999999999964,-0.05000000000000071,12.25,12.35,12.25,12.3,1094.0,666.0,54818.0,2184.0,False,False
3481,2022-10-26 09:45:43.007911,-0.0080971659919028,-0.004065040650406582,-0.09999999999999964,-0.05000000000000071,12.25,12.35,12.25,12.3,1090.0,666.0,54818.0,2184.0,False,False
3481,2022-10-26 09:45:43.947154,-0.0080971659919028,-0.004065040650406582,-0.09999999999999964,-0.05000000000000071,12.25,12.35,12.25,12.3,1089.0,666.0,54818.0,2184.0,False,False
3481,2022-10-26 09:45:44.366020,-0.0080971659919028,-0.004065040650406582,-0.09999999999999964,-0.05000000000000071,12.25,12.35,12.25,12.3,1093.0,666.0,54818.0,2184.0,False,False
3481,2022-10-26 09:45:44.928654,-0.0080971659919028,-0.004065040650406582,-0.09999999999999964,-0.05000000000000071,12.25,12.35,12.25,12.3,1093.0,665.0,54818.0,2184.0,False,False
3481,2022-10-26 09:45:45.042240,-0.0080971659919028,-0.004065040650406582,-0.09999999999999964,-0.05000000000000071,12.25,12.35,12.25,12.3,1093.0,665.0,54818.0,2184.0,False,False
3481,2022-10-26 09:45:45.074186,-0.0080971659919028,-0.004065040650406582,-0.09999999999999964,-0.05000000000000071,12.25,12.35,12.25,12.3,1091.0,665.0,54818.0,2184.0,False,False
3481,2022-10-26 09:45:46.573614,-0.0080971659919028,-0.004065040650406582,-0.09999999999999964,-0.05000000000000071,12.25,12.35,12.25,12.3,1091.0,665.0,54818.0,2184.0,False,False
3481,2022-10-26 09:45:46.588890,-0.0080971659919028,-0.004065040650406582,-0.09999999999999964,-0.05000000000000071,12.25,12.35,12.25,12.3,1091.0,665.0,54818.0,2184.0,False,False
3481,2022-10-26 09:45:48.260755,-0.0080971659919028,-0.004065040650406582,-0.09999999999999964,-0.05000000000000071,12.25,12.35,12.25,12.3,1089.0,665.0,54818.0,2184.0,False,False
3481,2022-10-26 09:45:49.380257,-0.0080971659919028,-0.004065040650406582,-0.09999999999999964,-0.05000000000000071,12.25,12.35,12.25,12.3,1089.0,665.0,54818.0,2184.0,False,False
3481,2022-10-26 09:45:50.371394,-0.0080971659919028,-0.004065040650406582,-0.09999999999999964,-0.05000000000000071,12.25,12.35,12.25,12.3,1089.0,715.0,54818.0,2184.0,False,False
3481,2022-10-26 09:45:50.551481,-0.0080971659919028,-0.004065040650406582,-0.09999999999999964,-0.05000000000000071,12.25,12.35,12.25,12.3,1088.0,715.0,54818.0,2184.0,False,False
3481,2022-10-26 09:45:52.757419,-0.0080971659919028,-0.004065040650406582,-0.09999999999999964,-0.05000000000000071,12.25,12.35,12.25,12.3,1089.0,715.0,54818.0,2184.0,False,False
3481,2022-10-26 09:45:53.510961,-0.0080971659919028,-0.004065040650406582,-0.09999999999999964,-0.05000000000000071,12.25,12.35,12.25,12.3,1089.0,715.0,54818.0,2184.0,False,False
3481,2022-10-26 09:45:56.713184,-0.0080971659919028,-0.004065040650406582,-0.09999999999999964,-0.05000000000000071,12.25,12.35,12.25,12.3,1089.0,715.0,54818.0,2184.0,False,False
3481,2022-10-26 09:45:56.810652,-0.0080971659919028,0.0,-0.09999999999999964,0.0,12.3,12.35,12.25,12.3,3.0,715.0,54818.0,2184.0,False,False
3481,2022-10-26 09:45:56.916214,-0.0080971659919028,0.0,-0.09999999999999964,0.0,12.3,12.35,12.25,12.3,1.0,715.0,54818.0,2184.0,False,False
3481,2022-10-26 09:45:56.870077,-0.0080971659919028,0.0,-0.09999999999999964,0.0,12.3,12.35,12.25,12.3,3.0,715.0,54818.0,2184.0,False,False
3481,2022-10-26 09:45:56.971041,-0.0080971659919028,-0.004065040650406582,-0.09999999999999964,-0.05000000000000071,12.25,12.35,12.25,12.3,1170.0,715.0,54818.0,2184.0,False,False
3481,2022-10-26 09:45:57.052046,-0.0080971659919028,0.0,-0.09999999999999964,0.0,12.3,12.35,12.25,12.3,24.0,715.0,54818.0,2184.0,False,False
3481,2022-10-26 09:45:57.172684,-0.0080971659919028,0.0,-0.09999999999999964,0.0,12.3,12.35,12.25,12.3,13.0,715.0,54818.0,2184.0,False,False
3481,2022-10-26 09:45:57.297653,-0.0080971659919028,0.0,-0.09999999999999964,0.0,12.3,12.35,12.25,12.3,37.0,715.0,54818.0,2184.0,False,False
3481,2022-10-26 09:45:57.495323,-0.0080971659919028,0.0,-0.09999999999999964,0.0,12.3,12.35,12.25,12.3,37.0,715.0,54818.0,2184.0,False,False
3481,2022-10-26 09:45:57.709208,-0.0080971659919028,0.0,-0.09999999999999964,0.0,12.3,12.35,12.25,12.3,37.0,715.0,54818.0,2184.0,False,False
3481,2022-10-26 09:45:58.303548,-0.0080971659919028,0.0,-0.09999999999999964,0.0,12.3,12.35,12.25,12.3,43.0,715.0,54818.0,2184.0,False,False
3481,2022-10-26 09:45:58.480629,-0.0080971659919028,0.0,-0.09999999999999964,0.0,12.3,12.35,12.25,12.3,38.0,715.0,54818.0,2184.0,False,False
3481,2022-10-26 09:45:59.211528,-0.0080971659919028,0.0,-0.09999999999999964,0.0,12.3,12.35,12.25,12.3,142.0,715.0,54818.0,2184.0,False,False
3481,2022-10-26 09:45:59.245807,-0.0080971659919028,0.0,-0.09999999999999964,0.0,12.3,12.35,12.25,12.3,142.0,715.0,54818.0,2184.0,False,False
3481,2022-10-26 09:45:59.568638,-0.0080971659919028,0.0,-0.09999999999999964,0.0,12.3,12.35,12.25,12.3,143.0,715.0,54818.0,2184.0,False,False
3481,2022-10-26 09:45:59.636213,-0.0080971659919028,0.0,-0.09999999999999964,0.0,12.3,12.35,12.25,12.3,143.0,715.0,54818.0,2184.0,False,False
3481,2022-10-26 09:45:59.639524,-0.0080971659919028,0.0,-0.09999999999999964,0.0,12.3,12.35,12.25,12.3,142.0,715.0,54818.0,2184.0,False,False
3481,2022-10-26 09:45:59.852089,-0.0080971659919028,0.0,-0.09999999999999964,0.0,12.3,12.35,12.25,12.3,142.0,715.0,54818.0,2037.0,True,True
3481,2022-10-26 09:46:00.162180,-0.0080971659919028,0.0,-0.09999999999999964,0.0,12.3,12.35,12.25,12.3,38.0,715.0,54818.0,2037.0,False,False
3481,2022-10-26 09:46:00.186072,-0.0080971659919028,0.0,-0.09999999999999964,0.0,12.3,12.35,12.25,12.3,38.0,715.0,54818.0,2037.0,False,False
3481,2022-10-26 09:46:00.200984,-0.0080971659919028,0.0,-0.09999999999999964,0.0,12.3,12.35,12.25,12.3,20.0,715.0,54818.0,2037.0,False,False
3481,2022-10-26 09:46:01.567911,-0.0080971659919028,0.0,-0.09999999999999964,0.0,12.3,12.35,12.25,12.3,19.0,715.0,54818.0,2037.0,False,False
3481,2022-10-26 09:46:01.890247,-0.0080971659919028,0.0,-0.09999999999999964,0.0,12.3,12.35,12.25,12.3,19.0,715.0,54818.0,2037.0,False,False
3481,2022-10-26 09:46:02.170211,-0.0080971659919028,0.0,-0.09999999999999964,0.0,12.3,12.35,12.25,12.3,19.0,716.0,54818.0,2037.0,False,False
3481,2022-10-26 09:46:03.512774,-0.0080971659919028,0.0,-0.09999999999999964,0.0,12.3,12.35,12.25,12.3,18.0,716.0,54818.0,2037.0,False,False
3481,2022-10-26 09:46:04.191954,-0.0080971659919028,0.0,-0.09999999999999964,0.0,12.3,12.35,12.25,12.3,122.0,716.0,54818.0,2037.0,False,False
3481,2022-10-26 09:46:04.229683,-0.0080971659919028,0.0,-0.09999999999999964,0.0,12.3,12.35,12.25,12.3,122.0,716.0,54818.0,2037.0,False,False
3481,2022-10-26 09:46:04.567437,-0.0080971659919028,0.0,-0.09999999999999964,0.0,12.3,12.35,12.25,12.3,123.0,716.0,54818.0,2037.0,False,False
3481,2022-10-26 09:46:06.026746,-0.0080971659919028,0.0,-0.09999999999999964,0.0,12.3,12.35,12.25,12.3,121.0,716.0,54818.0,2037.0,False,False
3481,2022-10-26 09:46:06.432100,-0.0080971659919028,0.0,-0.09999999999999964,0.0,12.3,12.35,12.25,12.3,122.0,716.0,54818.0,2037.0,False,False
3481,2022-10-26 09:46:07.710380,-0.0080971659919028,0.0,-0.09999999999999964,0.0,12.3,12.35,12.25,12.3,271.0,716.0,54818.0,2037.0,False,False
3481,2022-10-26 09:46:07.777254,-0.0080971659919028,0.0,-0.09999999999999964,0.0,12.3,12.35,12.25,12.3,786.0,708.0,54818.0,2037.0,False,False
3481,2022-10-26 09:46:07.953897,-0.0080971659919028,0.0,-0.09999999999999964,0.0,12.3,12.35,12.25,12.3,810.0,708.0,54818.0,2037.0,False,False
3481,2022-10-26 09:46:08.055295,-0.0080971659919028,0.0,-0.09999999999999964,0.0,12.3,12.35,12.25,12.3,810.0,635.0,54818.0,2037.0,False,False
3481,2022-10-26 09:46:08.518170,-0.0080971659919028,0.0,-0.09999999999999964,0.0,12.3,12.35,12.25,12.3,810.0,603.0,54818.0,2037.0,False,False
3481,2022-10-26 09:46:08.523850,-0.0080971659919028,0.0,-0.09999999999999964,0.0,12.3,12.35,12.25,12.3,812.0,603.0,54818.0,2037.0,False,False
3481,2022-10-26 09:46:08.606482,-0.0080971659919028,0.0,-0.09999999999999964,0.0,12.3,12.35,12.25,12.3,812.0,603.0,54818.0,2037.0,False,False
3481,2022-10-26 09:46:08.927930,-0.0080971659919028,0.0,-0.09999999999999964,0.0,12.3,12.35,12.25,12.3,812.0,603.0,54818.0,2037.0,False,False
3481,2022-10-26 09:46:08.929035,-0.0080971659919028,0.0,-0.09999999999999964,0.0,12.3,12.35,12.25,12.3,812.0,603.0,54818.0,2037.0,False,False
3481,2022-10-26 09:46:09.076887,-0.0080971659919028,0.0,-0.09999999999999964,0.0,12.3,12.35,12.25,12.3,812.0,603.0,54818.0,3941.0,False,True
3481,2022-10-26 09:46:09.080987,-0.0080971659919028,0.0,-0.09999999999999964,0.0,12.3,12.35,12.25,12.3,822.0,603.0,54818.0,3941.0,False,False
3481,2022-10-26 09:46:09.106650,-0.0080971659919028,0.0,-0.09999999999999964,0.0,12.3,12.35,12.25,12.3,902.0,603.0,54818.0,3941.0,False,False
3481,2022-10-26 09:46:09.553226,-0.0080971659919028,0.0,-0.09999999999999964,0.0,12.3,12.35,12.25,12.3,902.0,603.0,54818.0,3941.0,False,False
3481,2022-10-26 09:46:09.568625,-0.0080971659919028,0.0,-0.09999999999999964,0.0,12.3,12.35,12.25,12.3,901.0,603.0,54818.0,3941.0,False,False
3481,2022-10-26 09:46:09.729488,-0.0080971659919028,0.0,-0.09999999999999964,0.0,12.3,12.35,12.25,12.3,924.0,603.0,54818.0,3941.0,False,False
3481,2022-10-26 09:46:09.759791,-0.0080971659919028,0.0,-0.09999999999999964,0.0,12.3,12.35,12.25,12.3,924.0,603.0,54818.0,3941.0,False,False
3481,2022-10-26 09:46:10.108211,-0.0080971659919028,0.0,-0.09999999999999964,0.0,12.3,12.35,12.25,12.3,925.0,603.0,54818.0,3941.0,False,False
3481,2022-10-26 09:46:13.038514,-0.0080971659919028,0.0,-0.09999999999999964,0.0,12.3,12.35,12.25,12.3,925.0,603.0,54818.0,3941.0,False,False
3481,2022-10-26 09:46:13.653915,-0.0080971659919028,0.0,-0.09999999999999964,0.0,12.3,12.35,12.25,12.3,776.0,603.0,54818.0,3941.0,False,False
3481,2022-10-26 09:46:14.070686,-0.0080971659919028,0.0,-0.09999999999999964,0.0,12.3,12.35,12.25,12.3,777.0,603.0,54818.0,3941.0,False,False
3481,2022-10-26 09:46:14.856676,-0.0080971659919028,0.0,-0.09999999999999964,0.0,12.3,12.35,12.25,12.3,777.0,553.0,54818.0,3941.0,False,False
3481,2022-10-26 09:46:15.031528,-0.0080971659919028,0.0,-0.09999999999999964,0.0,12.3,12.35,12.25,12.3,775.0,553.0,54818.0,3941.0,False,False
3481,2022-10-26 09:46:17.315855,-0.0080971659919028,0.0,-0.09999999999999964,0.0,12.3,12.35,12.25,12.3,775.0,554.0,54818.0,3941.0,False,False
3481,2022-10-26 09:46:17.699011,-0.0080971659919028,0.0,-0.09999999999999964,0.0,12.3,12.35,12.25,12.3,924.0,554.0,54818.0,3941.0,False,False
3481,2022-10-26 09:46:18.382014,-0.0080971659919028,0.0,-0.09999999999999964,0.0,12.3,12.35,12.25,12.3,924.0,553.0,54818.0,3941.0,False,False
3481,2022-10-26 09:46:19.104457,-0.0080971659919028,0.0,-0.09999999999999964,0.0,12.3,12.35,12.25,12.3,924.0,553.0,54818.0,2562.0,True,True
3481,2022-10-26 09:46:19.435422,-0.0080971659919028,0.0,-0.09999999999999964,0.0,12.3,12.35,12.25,12.3,923.0,553.0,54818.0,2562.0,False,False
3481,2022-10-26 09:46:19.495449,-0.0080971659919028,0.0,-0.09999999999999964,0.0,12.3,12.35,12.25,12.3,923.0,553.0,54818.0,2562.0,False,False
3481,2022-10-26 09:46:22.484025,-0.0080971659919028,0.0,-0.09999999999999964,0.0,12.3,12.35,12.25,12.3,922.0,553.0,54818.0,2562.0,False,False
3481,2022-10-26 09:46:22.918401,-0.0080971659919028,0.0,-0.09999999999999964,0.0,12.3,12.35,12.25,12.3,922.0,553.0,54818.0,2562.0,False,False
3481,2022-10-26 09:46:24.088690,-0.0080971659919028,0.0,-0.09999999999999964,0.0,12.3,12.35,12.25,12.3,920.0,553.0,54818.0,2562.0,False,False
3481,2022-10-26 09:46:24.355927,-0.0080971659919028,0.0,-0.09999999999999964,0.0,12.3,12.35,12.25,12.3,920.0,553.0,54818.0,2562.0,False,False
3481,2022-10-26 09:46:24.396279,-0.0080971659919028,0.0,-0.09999999999999964,0.0,12.3,12.35,12.25,12.3,921.0,553.0,54818.0,2562.0,False,False
3481,2022-10-26 09:46:25.611122,-0.0080971659919028,0.0,-0.09999999999999964,0.0,12.3,12.35,12.25,12.3,921.0,553.0,54818.0,2562.0,False,False
3481,2022-10-26 09:46:25.920370,-0.0080971659919028,0.0,-0.09999999999999964,0.0,12.3,12.35,12.25,12.3,921.0,548.0,54818.0,2562.0,False,False
3481,2022-10-26 09:46:25.949854,-0.0080971659919028,0.0,-0.09999999999999964,0.0,12.3,12.35,12.25,12.3,916.0,548.0,54818.0,2562.0,False,False
3481,2022-10-26 09:46:27.094757,-0.0080971659919028,0.0,-0.09999999999999964,0.0,12.3,12.35,12.25,12.3,916.0,548.0,54818.0,2562.0,False,False
3481,2022-10-26 09:46:27.379836,-0.0080971659919028,0.0,-0.09999999999999964,0.0,12.3,12.35,12.25,12.3,916.0,550.0,54818.0,2562.0,False,False
3481,2022-10-26 09:46:27.726596,-0.0080971659919028,0.0,-0.09999999999999964,0.0,12.3,12.35,12.25,12.3,916.0,550.0,54818.0,2562.0,False,False
3481,2022-10-26 09:46:28.452140,-0.0080971659919028,0.0,-0.09999999999999964,0.0,12.3,12.35,12.25,12.3,916.0,562.0,54818.0,2562.0,False,False
3481,2022-10-26 09:46:29.644444,-0.0080971659919028,0.0,-0.09999999999999964,0.0,12.3,12.35,12.25,12.3,916.0,562.0,54818.0,2562.0,False,False
3481,2022-10-26 09:46:29.644608,-0.0080971659919028,0.0,-0.09999999999999964,0.0,12.3,12.35,12.25,12.3,767.0,562.0,54818.0,2562.0,False,False
3481,2022-10-26 09:46:29.847501,-0.0080971659919028,0.0,-0.09999999999999964,0.0,12.3,12.35,12.25,12.3,772.0,562.0,54818.0,2562.0,False,False
3481,2022-10-26 09:46:31.146524,-0.0080971659919028,0.0,-0.09999999999999964,0.0,12.3,12.35,12.25,12.3,668.0,562.0,54818.0,2562.0,False,False
3481,2022-10-26 09:46:31.318251,-0.0080971659919028,0.0,-0.09999999999999964,0.0,12.3,12.35,12.25,12.3,668.0,562.0,54818.0,2562.0,False,False
3481,2022-10-26 09:46:31.778790,-0.0080971659919028,0.0,-0.09999999999999964,0.0,12.3,12.35,12.25,12.3,698.0,562.0,54818.0,2562.0,False,False
3481,2022-10-26 09:46:32.180678,-0.0080971659919028,0.0,-0.09999999999999964,0.0,12.3,12.35,12.25,12.3,696.0,562.0,54818.0,2562.0,False,False
3481,2022-10-26 09:46:32.427522,-0.0080971659919028,0.0,-0.09999999999999964,0.0,12.3,12.35,12.25,12.3,686.0,562.0,54818.0,2562.0,False,False
3481,2022-10-26 09:46:32.663660,-0.0080971659919028,0.0,-0.09999999999999964,0.0,12.3,12.35,12.25,12.3,686.0,562.0,54818.0,2562.0,False,False
3481,2022-10-26 09:46:33.105836,-0.0080971659919028,0.0,-0.09999999999999964,0.0,12.3,12.35,12.25,12.3,684.0,562.0,54818.0,2562.0,False,False
3481,2022-10-26 09:46:33.715010,-0.0080971659919028,0.0,-0.09999999999999964,0.0,12.3,12.35,12.25,12.3,660.0,562.0,54818.0,2562.0,False,False
3481,2022-10-26 09:46:33.717169,-0.0080971659919028,0.0,-0.09999999999999964,0.0,12.3,12.35,12.25,12.3,637.0,562.0,54818.0,2562.0,False,False
3481,2022-10-26 09:46:35.691769,-0.0080971659919028,0.0,-0.09999999999999964,0.0,12.3,12.35,12.25,12.3,637.0,562.0,54818.0,2562.0,False,False
3481,2022-10-26 09:46:39.174688,-0.0080971659919028,0.0,-0.09999999999999964,0.0,12.3,12.35,12.25,12.3,637.0,562.0,53819.0,2101.0,True,True
3481,2022-10-26 09:46:39.420810,-0.0080971659919028,0.0,-0.09999999999999964,0.0,12.3,12.35,12.25,12.3,637.0,562.0,53819.0,2101.0,False,False
3481,2022-10-26 09:46:39.966763,-0.0080971659919028,0.0,-0.09999999999999964,0.0,12.3,12.35,12.25,12.3,582.0,562.0,53819.0,2101.0,False,False
3481,2022-10-26 09:46:40.002547,-0.0080971659919028,0.0,-0.09999999999999964,0.0,12.3,12.35,12.25,12.3,502.0,562.0,53819.0,2101.0,False,False
3481,2022-10-26 09:46:40.003112,-0.0080971659919028,0.0,-0.09999999999999964,0.0,12.3,12.35,12.25,12.3,502.0,562.0,53819.0,2101.0,False,False
3481,2022-10-26 09:46:40.094333,-0.0080971659919028,0.0,-0.09999999999999964,0.0,12.3,12.35,12.25,12.3,504.0,659.0,53819.0,2101.0,False,False
3481,2022-10-26 09:46:40.840705,-0.0080971659919028,0.0,-0.09999999999999964,0.0,12.3,12.35,12.25,12.3,504.0,659.0,53819.0,2101.0,False,False
3481,2022-10-26 09:46:41.127748,-0.0080971659919028,0.0,-0.09999999999999964,0.0,12.3,12.35,12.25,12.3,504.0,659.0,53819.0,2101.0,False,False
3481,2022-10-26 09:46:42.119984,-0.0080971659919028,0.0,-0.09999999999999964,0.0,12.3,12.35,12.25,12.3,502.0,659.0,53819.0,2101.0,False,False
3481,2022-10-26 09:46:42.446599,-0.0080971659919028,0.0,-0.09999999999999964,0.0,12.3,12.35,12.25,12.3,502.0,657.0,53819.0,2101.0,False,False
3481,2022-10-26 09:46:43.513965,-0.0080971659919028,0.0,-0.09999999999999964,0.0,12.3,12.35,12.25,12.3,502.0,663.0,53819.0,2101.0,False,False
3481,2022-10-26 09:46:45.094607,-0.0080971659919028,0.0,-0.09999999999999964,0.0,12.3,12.35,12.25,12.3,503.0,663.0,53819.0,2101.0,False,False
3481,2022-10-26 09:46:45.565895,-0.0080971659919028,0.0,-0.09999999999999964,0.0,12.3,12.35,12.25,12.3,503.0,663.0,53819.0,2101.0,False,False
3481,2022-10-26 09:46:45.693349,-0.0080971659919028,0.0,-0.09999999999999964,0.0,12.3,12.35,12.25,12.3,653.0,663.0,53819.0,2101.0,False,False
3481,2022-10-26 09:46:45.824072,-0.0080971659919028,0.0,-0.09999999999999964,0.0,12.3,12.35,12.25,12.3,653.0,590.0,53819.0,2101.0,False,False
3481,2022-10-26 09:46:45.861465,-0.0080971659919028,0.0,-0.09999999999999964,0.0,12.3,12.35,12.25,12.3,653.0,566.0,53819.0,2101.0,False,False
3481,2022-10-26 09:46:46.054147,-0.0080971659919028,0.0,-0.09999999999999964,0.0,12.3,12.35,12.25,12.3,653.0,560.0,53819.0,2101.0,False,False
3481,2022-10-26 09:46:46.082886,-0.0080971659919028,0.0,-0.09999999999999964,0.0,12.3,12.35,12.25,12.3,653.0,560.0,53819.0,2101.0,False,False
3481,2022-10-26 09:46:46.175044,-0.0080971659919028,0.0,-0.09999999999999964,0.0,12.3,12.35,12.25,12.3,758.0,560.0,53819.0,2101.0,False,False
3481,2022-10-26 09:46:46.330120,-0.0080971659919028,0.0,-0.09999999999999964,0.0,12.3,12.35,12.25,12.3,758.0,540.0,53819.0,2101.0,False,False
3481,2022-10-26 09:46:46.335144,-0.0080971659919028,0.0,-0.09999999999999964,0.0,12.3,12.35,12.25,12.3,758.0,540.0,53819.0,2101.0,False,False
3481,2022-10-26 09:46:46.540591,-0.0080971659919028,0.0,-0.09999999999999964,0.0,12.3,12.35,12.25,12.3,758.0,540.0,53819.0,2101.0,False,False
3481,2022-10-26 09:46:46.822384,-0.0080971659919028,0.0,-0.09999999999999964,0.0,12.3,12.35,12.25,12.3,760.0,540.0,53819.0,2101.0,False,False
3481,2022-10-26 09:46:46.924038,-0.0080971659919028,0.0,-0.09999999999999964,0.0,12.3,12.35,12.25,12.3,760.0,540.0,53819.0,2101.0,False,False
3481,2022-10-26 09:46:47.011548,-0.0080971659919028,0.0,-0.09999999999999964,0.0,12.3,12.35,12.25,12.3,760.0,540.0,53819.0,2101.0,False,False
3481,2022-10-26 09:46:47.174494,-0.0080971659919028,0.0,-0.09999999999999964,0.0,12.3,12.35,12.25,12.3,770.0,540.0,53819.0,2101.0,False,False
3481,2022-10-26 09:46:48.044724,-0.0080971659919028,0.0,-0.09999999999999964,0.0,12.3,12.35,12.25,12.3,770.0,538.0,53819.0,2101.0,False,False
3481,2022-10-26 09:46:48.046962,-0.0080971659919028,0.0,-0.09999999999999964,0.0,12.3,12.35,12.25,12.3,764.0,532.0,53819.0,2101.0,False,False
3481,2022-10-26 09:46:48.045712,-0.0080971659919028,0.0,-0.09999999999999964,0.0,12.3,12.35,12.25,12.3,770.0,532.0,53819.0,2101.0,False,False
3481,2022-10-26 09:46:48.618008,-0.0080971659919028,0.0,-0.09999999999999964,0.0,12.3,12.35,12.25,12.3,765.0,532.0,53819.0,2101.0,False,False
3481,2022-10-26 09:46:49.206623,-0.0080971659919028,0.0,-0.09999999999999964,0.0,12.3,12.35,12.25,12.3,765.0,532.0,53819.0,2101.0,True,True
3481,2022-10-26 09:46:49.447358,-0.0080971659919028,0.0,-0.09999999999999964,0.0,12.3,12.35,12.25,12.3,765.0,532.0,53819.0,2101.0,False,False
3481,2022-10-26 09:46:49.795641,-0.0080971659919028,0.0,-0.09999999999999964,0.0,12.3,12.35,12.25,12.3,812.0,532.0,53819.0,2101.0,False,False
3481,2022-10-26 09:46:51.086502,-0.0080971659919028,0.0,-0.09999999999999964,0.0,12.3,12.35,12.25,12.3,810.0,532.0,53819.0,2101.0,False,False
3481,2022-10-26 09:46:51.609175,-0.0080971659919028,0.0,-0.09999999999999964,0.0,12.3,12.35,12.25,12.3,810.0,532.0,53819.0,2101.0,False,False
3481,2022-10-26 09:46:51.979995,-0.0080971659919028,0.0,-0.09999999999999964,0.0,12.3,12.35,12.25,12.3,810.0,532.0,53819.0,2101.0,False,False
3481,2022-10-26 09:46:51.983251,-0.0080971659919028,0.0,-0.09999999999999964,0.0,12.3,12.35,12.25,12.3,810.0,532.0,53819.0,2101.0,False,False
3481,2022-10-26 09:46:53.120419,-0.0080971659919028,0.0,-0.09999999999999964,0.0,12.3,12.35,12.25,12.3,810.0,531.0,53819.0,2101.0,False,False
3481,2022-10-26 09:46:53.653426,-0.0080971659919028,0.0,-0.09999999999999964,0.0,12.3,12.35,12.25,12.3,810.0,554.0,53819.0,2101.0,False,False
3481,2022-10-26 09:46:54.875591,-0.0080971659919028,0.0,-0.09999999999999964,0.0,12.3,12.35,12.25,12.3,810.0,549.0,53819.0,2101.0,False,False
3481,2022-10-26 09:46:54.971785,-0.0080971659919028,0.0,-0.09999999999999964,0.0,12.3,12.35,12.25,12.3,810.0,545.0,53819.0,2101.0,False,False
3481,2022-10-26 09:46:54.984654,-0.0080971659919028,0.0,-0.09999999999999964,0.0,12.3,12.35,12.25,12.3,810.0,545.0,53819.0,2101.0,False,False
3481,2022-10-26 09:46:55.980575,-0.0080971659919028,0.0,-0.09999999999999964,0.0,12.3,12.35,12.25,12.3,810.0,546.0,53819.0,2101.0,False,False
3481,2022-10-26 09:46:56.634553,-0.0080971659919028,0.0,-0.09999999999999964,0.0,12.3,12.35,12.25,12.3,660.0,546.0,53819.0,2101.0,False,False
3481,2022-10-26 09:46:58.026283,-0.0080971659919028,0.0,-0.09999999999999964,0.0,12.3,12.35,12.25,12.3,660.0,546.0,53819.0,2101.0,False,False
3481,2022-10-26 09:46:58.611628,-0.0080971659919028,0.0,-0.09999999999999964,0.0,12.3,12.35,12.25,12.3,660.0,546.0,53819.0,2101.0,False,False
