ts,close,volume,bid_price,bid_volume,ask_price,ask_volume,tick_type,datetime
1659949209431198000,29.95,406,29.85,8,29.95,39,0,2022-08-08 09:00:09
1659949209468677000,29.85,8,29.8,1,29.95,39,2,2022-08-08 09:00:09
1659949209500893000,29.8,1,29.75,2,29.95,39,2,2022-08-08 09:00:09
1659949209501514000,29.95,1,29.75,2,29.95,38,1,2022-08-08 09:00:09
1659949209514728000,29.85,1,29.7,8,29.95,43,2,2022-08-08 09:00:09
1659949209514728000,29.75,2,29.7,8,29.95,43,2,2022-08-08 09:00:09
1659949209514728000,29.7,1,29.7,8,29.95,43,2,2022-08-08 09:00:09
1659949209514777000,29.7,1,29.7,7,29.95,43,2,2022-08-08 09:00:09
1659949209521450000,29.7,1,29.7,6,29.95,43,2,2022-08-08 09:00:09
1659949209573740000,29.8,1,29.7,6,29.9,5,1,2022-08-08 09:00:09
1659949209587449000,29.85,1,29.7,6,29.85,4,1,2022-08-08 09:00:09
1659949209650469000,29.75,1,29.55,24,29.85,4,2,2022-08-08 09:00:09
1659949209650469000,29.7,7,29.55,24,29.85,4,2,2022-08-08 09:00:09
1659949209650469000,29.65,2,29.55,24,29.85,4,2,2022-08-08 09:00:09
1659949209650469000,29.6,5,29.55,24,29.85,4,2,2022-08-08 09:00:09
1659949209650469000,29.55,2,29.55,24,29.85,4,2,2022-08-08 09:00:09
1659949209963541000,29.8,1,29.6,5,29.8,3,1,2022-08-08 09:00:09
1659949210667444000,29.8,1,29.65,1,29.8,2,1,2022-08-08 09:00:10
1659949211185964000,29.75,1,29.65,1,29.85,1,2,2022-08-08 09:00:11
1659949211185964000,29.65,1,29.65,1,29.85,1,2,2022-08-08 09:00:11
1659949212137112000,29.65,7,29.55,11,29.85,1,2,2022-08-08 09:00:12
1659949212137112000,29.55,13,29.55,11,29.85,1,2,2022-08-08 09:00:12
1659949212254330000,29.65,5,29.6,6,29.8,1,1,2022-08-08 09:00:12
1659949212254434000,29.6,6,29.55,16,29.6,5,2,2022-08-08 09:00:12
1659949212262236000,29.6,4,29.55,16,29.6,23,1,2022-08-08 09:00:12
1659949212267016000,29.55,1,29.55,15,29.6,23,2,2022-08-08 09:00:12
1659949212286239000,29.6,5,29.55,15,29.6,18,1,2022-08-08 09:00:12
1659949212287196000,29.6,5,29.55,15,29.6,13,1,2022-08-08 09:00:12
1659949212288892000,29.6,13,29.55,15,29.8,1,1,2022-08-08 09:00:12
1659949212704840000,29.55,1,29.55,9,29.8,1,2,2022-08-08 09:00:12
1659949213443094000,29.55,2,29.55,7,29.7,1,2,2022-08-08 09:00:13
1659949213660261000,29.55,2,29.55,9,29.7,1,2,2022-08-08 09:00:13
1659949214075502000,29.7,1,29.55,7,29.8,3,1,2022-08-08 09:00:14
1659949214075502000,29.8,2,29.55,7,29.8,3,1,2022-08-08 09:00:14
1659949215132479000,29.75,1,29.6,7,29.85,1,1,2022-08-08 09:00:15
1659949215270104000,29.6,6,29.55,5,29.8,3,2,2022-08-08 09:00:15
1659949215695972000,29.8,3,29.6,10,29.85,5,1,2022-08-08 09:00:15
1659949215695972000,29.85,1,29.6,10,29.85,5,1,2022-08-08 09:00:15
1659949217003046000,29.7,4,29.6,11,29.85,2,2,2022-08-08 09:00:17
1659949217003046000,29.6,4,29.6,11,29.85,2,2,2022-08-08 09:00:17
1659949217054570000,29.8,1,29.6,11,29.85,2,1,2022-08-08 09:00:17
1659949217054570000,29.85,1,29.6,11,29.85,2,1,2022-08-08 09:00:17
1659949217190539000,29.85,2,29.85,8,29.95,51,1,2022-08-08 09:00:17
1659949217219161000,29.85,1,29.85,7,29.95,51,2,2022-08-08 09:00:17
1659949217219305000,29.85,6,29.85,1,29.95,51,2,2022-08-08 09:00:17
1659949217219435000,29.85,1,29.65,2,29.95,49,2,2022-08-08 09:00:17
1659949217358123000,29.65,2,29.6,11,29.85,5,2,2022-08-08 09:00:17
1659949218039775000,29.6,1,29.6,10,29.9,5,2,2022-08-08 09:00:18
1659949218267707000,29.8,1,29.6,10,29.85,5,1,2022-08-08 09:00:18
1659949218610591000,29.8,1,29.65,1,29.85,5,1,2022-08-08 09:00:18
1659949219081092000,29.65,1,29.6,5,29.8,5,2,2022-08-08 09:00:19
1659949219081092000,29.6,5,29.6,5,29.8,5,2,2022-08-08 09:00:19
1659949219311928000,29.75,1,29.6,5,29.8,5,1,2022-08-08 09:00:19
1659949221406140000,29.7,1,29.6,5,29.8,6,2,2022-08-08 09:00:21
1659949222814842000,29.6,1,29.6,6,29.8,11,2,2022-08-08 09:00:22
1659949224191355000,29.6,2,29.6,4,29.7,1,2,2022-08-08 09:00:24
1659949225683313000,29.6,11,29.55,8,29.7,1,2,2022-08-08 09:00:25
1659949226919523000,29.55,8,29.5,31,29.7,8,2,2022-08-08 09:00:26
1659949227210580000,29.6,1,29.5,31,29.7,8,1,2022-08-08 09:00:27
1659949227704895000,29.7,4,29.5,31,29.7,4,1,2022-08-08 09:00:27
1659949228483230000,29.5,7,29.5,24,29.7,5,2,2022-08-08 09:00:28
1659949228734908000,29.65,5,29.5,25,29.75,22,1,2022-08-08 09:00:28
1659949229419197000,29.55,1,29.55,4,29.75,22,2,2022-08-08 09:00:29
1659949229808476000,29.6,2,29.55,2,29.75,18,2,2022-08-08 09:00:29
1659949229808476000,29.55,2,29.55,2,29.75,18,2,2022-08-08 09:00:29
1659949230819248000,29.55,2,29.55,2,29.75,26,2,2022-08-08 09:00:30
1659949232047820000,29.55,10,29.5,16,29.75,27,2,2022-08-08 09:00:32
1659949232047820000,29.5,10,29.5,16,29.75,27,2,2022-08-08 09:00:32
1659949232110374000,29.7,2,29.5,16,29.7,8,1,2022-08-08 09:00:32
1659949232125160000,29.5,5,29.5,11,29.7,8,2,2022-08-08 09:00:32
1659949232171687000,29.55,2,29.5,11,29.65,3,2,2022-08-08 09:00:32
1659949232430586000,29.5,4,29.5,7,29.7,5,2,2022-08-08 09:00:32
1659949232700209000,29.6,2,29.5,7,29.7,5,2,2022-08-08 09:00:32
1659949234328193000,29.55,1,29.5,79,29.55,1,1,2022-08-08 09:00:34
1659949235617137000,29.5,1,29.5,80,29.7,5,2,2022-08-08 09:00:35
1659949236309815000,29.5,2,29.5,80,29.6,2,2,2022-08-08 09:00:36
1659949236887130000,29.6,1,29.55,3,29.6,1,1,2022-08-08 09:00:36
1659949237190511000,29.55,2,29.55,1,29.6,1,2,2022-08-08 09:00:37
1659949237486120000,29.6,1,29.55,5,29.65,25,1,2022-08-08 09:00:37
1659949238675417000,29.55,5,29.5,80,29.65,13,2,2022-08-08 09:00:38
1659949239507720000,29.55,2,29.5,78,29.65,13,2,2022-08-08 09:00:39
1659949239507720000,29.5,2,29.5,78,29.65,13,2,2022-08-08 09:00:39
1659949241251520000,29.55,5,29.5,40,29.65,13,2,2022-08-08 09:00:41
1659949241251520000,29.5,39,29.5,40,29.65,13,2,2022-08-08 09:00:41
1659949241782282000,29.6,1,29.55,5,29.6,1,1,2022-08-08 09:00:41
1659949241921329000,29.55,1,29.55,4,29.65,13,2,2022-08-08 09:00:41
1659949242132707000,29.55,4,29.5,40,29.6,2,2,2022-08-08 09:00:42
1659949242585195000,29.55,1,29.5,40,29.6,2,1,2022-08-08 09:00:42
1659949242603922000,29.5,12,29.5,28,29.6,2,2,2022-08-08 09:00:42
1659949242847797000,29.5,18,29.5,28,29.55,8,2,2022-08-08 09:00:42
1659949242880947000,29.5,10,29.45,2,29.55,8,2,2022-08-08 09:00:42
1659949243110834000,29.45,2,29.4,3,29.45,10,2,2022-08-08 09:00:43
1659949243171220000,29.4,1,29.4,2,29.45,10,2,2022-08-08 09:00:43
1659949243188944000,29.4,2,29.35,2,29.45,10,2,2022-08-08 09:00:43
1659949243327438000,29.45,1,29.35,2,29.45,9,1,2022-08-08 09:00:43
1659949243689786000,29.4,5,29.35,2,29.4,2,1,2022-08-08 09:00:43
1659949243723050000,29.4,2,29.35,2,29.45,9,1,2022-08-08 09:00:43
1659949244102889000,29.35,1,29.35,1,29.4,3,2,2022-08-08 09:00:44
1659949244120788000,29.4,3,29.35,1,29.45,7,1,2022-08-08 09:00:44
1659949244120788000,29.45,2,29.35,1,29.45,7,1,2022-08-08 09:00:44
1659949244902614000,29.4,1,29.35,1,29.4,1,1,2022-08-08 09:00:44
1659949244974034000,29.4,1,29.35,6,29.45,7,1,2022-08-08 09:00:44
1659949247461928000,29.35,1,29.3,6,29.45,7,2,2022-08-08 09:00:47
1659949247461928000,29.3,1,29.3,6,29.45,7,2,2022-08-08 09:00:47
1659949247634054000,29.3,1,29.3,10,29.45,7,2,2022-08-08 09:00:47
1659949247846084000,29.45,7,29.3,10,29.5,4,1,2022-08-08 09:00:47
1659949247846084000,29.5,3,29.3,10,29.5,4,1,2022-08-08 09:00:47
1659949247926839000,29.35,1,29.35,4,29.5,4,2,2022-08-08 09:00:47
1659949249708616000,29.3,10,29.3,4,29.5,4,2,2022-08-08 09:00:49
1659949250908917000,29.3,1,29.3,8,29.4,1,2,2022-08-08 09:00:50
1659949251317901000,29.4,1,29.3,8,29.45,5,1,2022-08-08 09:00:51
1659949251593835000,29.35,1,29.35,24,29.5,4,2,2022-08-08 09:00:51
1659949252268820000,29.35,1,29.35,23,29.5,4,2,2022-08-08 09:00:52
1659949252537543000,29.35,1,29.35,17,29.5,4,2,2022-08-08 09:00:52
1659949252724833000,29.35,2,29.35,15,29.5,4,2,2022-08-08 09:00:52
1659949254299408000,29.35,14,29.35,1,29.5,4,2,2022-08-08 09:00:54
1659949254330191000,29.35,1,29.3,8,29.5,4,2,2022-08-08 09:00:54
1659949254610392000,29.35,1,29.3,3,29.4,1,1,2022-08-08 09:00:54
1659949255081751000,29.4,1,29.3,3,29.4,15,1,2022-08-08 09:00:55
1659949255381878000,29.3,1,29.3,2,29.35,2,2,2022-08-08 09:00:55
1659949256418731000,29.3,3,29.25,9,29.35,2,2,2022-08-08 09:00:56
1659949256418731000,29.25,2,29.25,9,29.35,2,2,2022-08-08 09:00:56
1659949256631490000,29.25,5,29.25,4,29.35,3,2,2022-08-08 09:00:56
1659949256666263000,29.25,4,29.2,5,29.35,3,2,2022-08-08 09:00:56
1659949256822408000,29.2,5,29.2,10,29.35,8,2,2022-08-08 09:00:56
1659949257022214000,29.15,5,29.15,3,29.35,8,2,2022-08-08 09:00:57
1659949257212516000,29.15,3,29.1,30,29.35,13,2,2022-08-08 09:00:57
1659949257212516000,29.1,2,29.1,30,29.35,13,2,2022-08-08 09:00:57
1659949257361193000,29.2,3,29.1,33,29.3,1,2,2022-08-08 09:00:57
1659949257361193000,29.1,2,29.1,33,29.3,1,2,2022-08-08 09:00:57
1659949257961383000,29.3,6,29.3,4,29.35,10,1,2022-08-08 09:00:57
1659949257999677000,29.35,1,29.3,4,29.35,4,1,2022-08-08 09:00:57
1659949258750441000,29.35,1,29.3,4,29.35,3,1,2022-08-08 09:00:58
1659949260127872000,29.3,1,29.3,3,29.35,4,2,2022-08-08 09:01:00
1659949260235475000,29.3,1,29.3,2,29.35,16,2,2022-08-08 09:01:00
1659949260439299000,29.3,1,29.3,1,29.35,16,2,2022-08-08 09:01:00
1659949260636466000,29.35,1,29.3,1,29.35,15,1,2022-08-08 09:01:00
1659949260884064000,29.3,1,29.15,5,29.25,4,2,2022-08-08 09:01:00
1659949261350090000,29.25,4,29.15,6,29.35,15,1,2022-08-08 09:01:01
1659949261751138000,29.35,15,29.3,3,29.4,15,1,2022-08-08 09:01:01
1659949261839051000,29.3,1,29.3,3,29.4,15,2,2022-08-08 09:01:01
1659949261940361000,29.3,1,29.3,1,29.4,15,2,2022-08-08 09:01:01
1659949262463876000,29.3,1,29.25,5,29.3,7,2,2022-08-08 09:01:02
1659949262499484000,29.25,2,29.25,3,29.3,7,2,2022-08-08 09:01:02
1659949262504367000,29.3,7,29.25,3,29.4,15,1,2022-08-08 09:01:02
1659949263644625000,29.35,2,29.25,3,29.4,15,1,2022-08-08 09:01:03
1659949264975665000,29.3,3,29.25,10,29.4,15,1,2022-08-08 09:01:04
1659949265803239000,29.3,1,29.3,1,29.4,20,2,2022-08-08 09:01:05
1659949266335125000,29.4,5,29.3,2,29.4,15,1,2022-08-08 09:01:06
1659949266371957000,29.4,7,29.3,2,29.4,8,1,2022-08-08 09:01:06
1659949266904837000,29.3,2,29.25,8,29.4,8,2,2022-08-08 09:01:06
1659949267787058000,29.3,1,29.25,13,29.4,8,1,2022-08-08 09:01:07
1659949269569194000,29.35,2,29.3,7,29.4,8,1,2022-08-08 09:01:09
1659949269779170000,29.4,8,29.3,7,29.5,8,1,2022-08-08 09:01:09
1659949269863902000,29.4,1,29.35,1,29.4,1,1,2022-08-08 09:01:09
1659949269863902000,29.5,4,29.35,1,29.4,1,1,2022-08-08 09:01:09
1659949270316983000,29.35,5,29.3,12,29.5,5,2,2022-08-08 09:01:10
1659949270789808000,29.3,3,29.3,10,29.45,1,2,2022-08-08 09:01:10
1659949271478120000,29.45,1,29.3,5,29.45,5,1,2022-08-08 09:01:11
1659949272320920000,29.45,2,29.35,3,29.5,5,1,2022-08-08 09:01:12
1659949274524891000,29.5,1,29.35,3,29.5,5,1,2022-08-08 09:01:14
1659949276165439000,29.45,2,29.35,3,29.5,4,2,2022-08-08 09:01:16
1659949276312432000,29.5,2,29.4,2,29.5,7,1,2022-08-08 09:01:16
1659949276342039000,29.45,8,29.4,2,29.5,1,1,2022-08-08 09:01:16
1659949276342039000,29.5,1,29.4,2,29.5,1,1,2022-08-08 09:01:16
1659949277810238000,29.5,1,29.4,2,29.5,6,1,2022-08-08 09:01:17
1659949278155173000,29.45,1,29.45,1,29.5,6,1,2022-08-08 09:01:18
1659949279639544000,29.5,1,29.45,1,29.5,5,1,2022-08-08 09:01:19
1659949279827553000,29.5,5,29.45,1,29.55,5,1,2022-08-08 09:01:19
1659949280472318000,29.45,1,29.4,7,29.55,5,2,2022-08-08 09:01:20
1659949282413828000,29.45,3,29.4,4,29.55,6,2,2022-08-08 09:01:22
1659949282413828000,29.4,5,29.4,4,29.55,6,2,2022-08-08 09:01:22
1659949282977122000,29.45,1,29.4,3,29.45,1,2,2022-08-08 09:01:22
1659949284304754000,29.45,1,29.4,3,29.45,1,1,2022-08-08 09:01:24
1659949284918325000,29.45,1,29.4,3,29.5,13,1,2022-08-08 09:01:24
1659949286089620000,29.4,1,29.4,2,29.5,13,2,2022-08-08 09:01:26
1659949286244953000,29.4,2,29.35,10,29.5,13,2,2022-08-08 09:01:26
1659949286892148000,29.45,1,29.4,5,29.45,1,1,2022-08-08 09:01:26
1659949286925441000,29.45,1,29.4,5,29.5,17,2,2022-08-08 09:01:26
1659949287212932000,29.45,1,29.4,5,29.5,13,2,2022-08-08 09:01:27
1659949287331745000,29.45,2,29.45,2,29.5,13,2,2022-08-08 09:01:27
1659949287816752000,29.5,2,29.4,6,29.5,13,1,2022-08-08 09:01:27
1659949289329306000,29.4,5,29.4,4,29.5,11,2,2022-08-08 09:01:29
1659949289465960000,29.45,2,29.4,4,29.5,11,2,2022-08-08 09:01:29
1659949291014163000,29.45,1,29.4,4,29.5,12,2,2022-08-08 09:01:31
1659949291862270000,29.4,1,29.4,4,29.5,14,2,2022-08-08 09:01:31
1659949292895813000,29.45,2,29.4,11,29.45,2,1,2022-08-08 09:01:32
1659949292895813000,29.5,8,29.4,11,29.45,2,1,2022-08-08 09:01:32
1659949293253124000,29.45,1,29.45,1,29.5,6,2,2022-08-08 09:01:33
1659949293489413000,29.45,1,29.4,11,29.5,6,2,2022-08-08 09:01:33
1659949296270685000,29.45,1,29.4,33,29.5,6,1,2022-08-08 09:01:36
1659949297176162000,29.5,5,29.45,1,29.5,1,1,2022-08-08 09:01:37
1659949300867015000,29.5,1,29.5,1,29.55,9,1,2022-08-08 09:01:40
1659949300899910000,29.5,1,29.5,1,29.55,8,2,2022-08-08 09:01:40
1659949301154265000,29.5,1,29.45,6,29.55,8,2,2022-08-08 09:01:41
1659949303761896000,29.5,1,29.5,9,29.55,8,1,2022-08-08 09:01:43
1659949303798269000,29.5,9,29.45,8,29.55,8,2,2022-08-08 09:01:43
1659949303798344000,29.55,8,29.45,8,29.6,10,1,2022-08-08 09:01:43
1659949307390794000,29.55,1,29.55,2,29.6,17,2,2022-08-08 09:01:47
1659949307421349000,29.55,1,29.5,3,29.6,17,2,2022-08-08 09:01:47
1659949310709436000,29.5,1,29.5,9,29.55,1,2,2022-08-08 09:01:50
1659949310722392000,29.5,9,29.45,15,29.55,1,2,2022-08-08 09:01:50
1659949310776378000,29.45,13,29.45,2,29.55,6,2,2022-08-08 09:01:50
1659949310797135000,29.45,2,29.4,30,29.55,7,2,2022-08-08 09:01:50
1659949311388437000,29.4,10,29.4,23,29.5,20,2,2022-08-08 09:01:51
1659949311921522000,29.4,17,29.4,6,29.5,26,2,2022-08-08 09:01:51
1659949311923966000,29.4,6,29.35,8,29.5,26,2,2022-08-08 09:01:51
1659949312006226000,29.45,1,29.35,8,29.45,4,1,2022-08-08 09:01:52
1659949313576203000,29.35,1,29.35,9,29.45,3,2,2022-08-08 09:01:53
1659949316215207000,29.4,6,29.4,4,29.45,2,1,2022-08-08 09:01:56
1659949316395828000,29.45,1,29.4,4,29.45,5,1,2022-08-08 09:01:56
1659949316671910000,29.4,1,29.4,3,29.45,5,2,2022-08-08 09:01:56
1659949317723481000,29.4,5,29.35,15,29.45,5,2,2022-08-08 09:01:57
1659949320190695000,29.4,3,29.35,25,29.45,1,2,2022-08-08 09:02:00
1659949321427898000,29.35,2,29.35,24,29.45,7,2,2022-08-08 09:02:01
1659949322749823000,29.35,10,29.35,12,29.45,7,2,2022-08-08 09:02:02
1659949323692247000,29.45,8,29.4,1,29.5,14,1,2022-08-08 09:02:03
1659949323692247000,29.5,12,29.4,1,29.5,14,1,2022-08-08 09:02:03
1659949324168908000,29.4,1,29.35,16,29.5,10,2,2022-08-08 09:02:04
1659949325407164000,29.4,2,29.35,16,29.4,3,2,2022-08-08 09:02:05
1659949329983817000,29.4,2,29.35,15,29.4,1,1,2022-08-08 09:02:09
1659949332307199000,29.35,5,29.35,10,29.4,2,2,2022-08-08 09:02:12
1659949332338211000,29.4,1,29.35,10,29.4,1,1,2022-08-08 09:02:12
1659949332709524000,29.4,1,29.35,10,29.45,18,1,2022-08-08 09:02:12
1659949333603020000,29.35,8,29.35,12,29.45,18,2,2022-08-08 09:02:13
1659949334428256000,29.35,1,29.35,13,29.4,1,2,2022-08-08 09:02:14
1659949334525516000,29.4,1,29.35,12,29.45,22,1,2022-08-08 09:02:14
1659949334593848000,29.45,5,29.35,12,29.45,17,1,2022-08-08 09:02:14
1659949342467926000,29.45,10,29.4,6,29.45,9,1,2022-08-08 09:02:22
1659949344839622000,29.45,2,29.4,8,29.45,9,1,2022-08-08 09:02:24
1659949346108548000,29.45,1,29.4,8,29.45,6,1,2022-08-08 09:02:26
1659949346215247000,29.45,6,29.4,8,29.5,29,1,2022-08-08 09:02:26
1659949348025971000,29.45,1,29.45,12,29.5,29,2,2022-08-08 09:02:28
1659949348941531000,29.5,10,29.45,12,29.5,19,1,2022-08-08 09:02:28
1659949349648843000,29.45,1,29.45,12,29.5,19,2,2022-08-08 09:02:29
1659949350481333000,29.5,10,29.45,12,29.5,10,1,2022-08-08 09:02:30
1659949350867297000,29.45,3,29.45,10,29.5,10,2,2022-08-08 09:02:30
1659949355422991000,29.5,1,29.45,10,29.5,10,1,2022-08-08 09:02:35
1659949356478957000,29.45,5,29.45,6,29.5,10,2,2022-08-08 09:02:36
1659949357020228000,29.5,4,29.45,6,29.5,6,1,2022-08-08 09:02:37
1659949358392327000,29.5,1,29.45,6,29.5,5,1,2022-08-08 09:02:38
1659949361226627000,29.45,1,29.45,6,29.5,6,2,2022-08-08 09:02:41
1659949363362478000,29.5,2,29.45,10,29.5,6,1,2022-08-08 09:02:43
1659949363934166000,29.45,1,29.45,9,29.5,4,2,2022-08-08 09:02:43
1659949364170756000,29.5,4,29.5,6,29.55,9,1,2022-08-08 09:02:44
1659949365440567000,29.55,1,29.5,8,29.55,9,1,2022-08-08 09:02:45
1659949368691816000,29.55,1,29.5,14,29.55,7,1,2022-08-08 09:02:48
1659949371803197000,29.55,5,29.5,14,29.55,2,1,2022-08-08 09:02:51
1659949374882757000,29.55,2,29.5,15,29.6,16,1,2022-08-08 09:02:54
1659949377278794000,29.55,5,29.5,14,29.6,16,2,2022-08-08 09:02:57
1659949377896766000,29.55,1,29.5,14,29.6,16,2,2022-08-08 09:02:57
1659949380174362000,29.55,3,29.5,14,29.6,16,2,2022-08-08 09:03:00
1659949382354786000,29.55,1,29.55,2,29.6,16,1,2022-08-08 09:03:02
1659949383421543000,29.6,1,29.55,2,29.6,15,1,2022-08-08 09:03:03
1659949383422665000,29.55,2,29.5,14,29.55,8,2,2022-08-08 09:03:03
1659949385148623000,29.55,1,29.5,14,29.55,7,1,2022-08-08 09:03:05
1659949385169082000,29.55,2,29.5,14,29.55,5,1,2022-08-08 09:03:05
1659949386475922000,29.55,2,29.5,14,29.55,3,1,2022-08-08 09:03:06
1659949386954814000,29.55,4,29.55,1,29.6,15,1,2022-08-08 09:03:06
1659949387263646000,29.6,4,29.55,1,29.6,16,1,2022-08-08 09:03:07
1659949388079204000,29.55,1,29.5,10,29.6,12,2,2022-08-08 09:03:08
1659949389408504000,29.5,5,29.5,6,29.6,12,2,2022-08-08 09:03:09
1659949390893981000,29.55,14,29.55,2,29.6,13,2,2022-08-08 09:03:10
1659949392805161000,29.55,1,29.55,2,29.6,15,2,2022-08-08 09:03:12
1659949393274743000,29.6,2,29.55,1,29.6,13,1,2022-08-08 09:03:13
1659949395202822000,29.55,1,29.5,15,29.55,1,2,2022-08-08 09:03:15
1659949395354573000,29.55,1,29.55,1,29.6,13,1,2022-08-08 09:03:15
1659949396515894000,29.55,1,29.55,3,29.6,13,2,2022-08-08 09:03:16
1659949396608192000,29.55,1,29.55,3,29.6,13,2,2022-08-08 09:03:16
1659949396828248000,29.55,1,29.55,2,29.6,13,2,2022-08-08 09:03:16
1659949398332662000,29.6,10,29.55,2,29.6,3,1,2022-08-08 09:03:18
1659949398375307000,29.55,2,29.55,1,29.6,3,2,2022-08-08 09:03:18
1659949403959412000,29.55,1,29.5,21,29.6,11,1,2022-08-08 09:03:23
1659949403960321000,29.5,6,29.5,15,29.6,11,2,2022-08-08 09:03:23
1659949413153171000,29.55,2,29.55,16,29.6,12,2,2022-08-08 09:03:33
1659949420010867000,29.55,5,29.55,7,29.6,15,2,2022-08-08 09:03:40
1659949420094910000,29.55,2,29.55,5,29.6,15,2,2022-08-08 09:03:40
1659949421860558000,29.55,4,29.55,3,29.6,15,2,2022-08-08 09:03:41
1659949422159110000,29.55,3,29.5,15,29.55,2,2,2022-08-08 09:03:42
1659949423382391000,29.55,5,29.5,14,29.55,5,1,2022-08-08 09:03:43
1659949424191338000,29.55,1,29.5,14,29.55,11,1,2022-08-08 09:03:44
1659949425115707000,29.5,5,29.5,9,29.55,13,2,2022-08-08 09:03:45
1659949426628462000,29.5,2,29.5,7,29.55,13,2,2022-08-08 09:03:46
1659949427771009000,29.5,1,29.5,6,29.55,13,2,2022-08-08 09:03:47
1659949427834426000,29.5,6,29.45,9,29.55,16,2,2022-08-08 09:03:47
1659949428253687000,29.45,1,29.45,9,29.5,1,2,2022-08-08 09:03:48
1659949430569975000,29.5,1,29.45,8,29.5,1,1,2022-08-08 09:03:50
1659949430645490000,29.45,1,29.45,7,29.5,1,2,2022-08-08 09:03:50
1659949431506835000,29.45,1,29.45,6,29.5,2,2,2022-08-08 09:03:51
1659949431926958000,29.45,1,29.45,6,29.5,2,2,2022-08-08 09:03:51
1659949434686082000,29.45,1,29.45,5,29.5,3,2,2022-08-08 09:03:54
1659949436801742000,29.5,2,29.45,5,29.5,6,1,2022-08-08 09:03:56
1659949437006967000,29.5,6,29.45,6,29.55,14,1,2022-08-08 09:03:57
1659949438470005000,29.45,5,29.45,3,29.55,14,2,2022-08-08 09:03:58
1659949439737704000,29.5,1,29.45,1,29.55,14,1,2022-08-08 09:03:59
1659949440168110000,29.45,2,29.4,19,29.45,6,2,2022-08-08 09:04:00
1659949440191009000,29.45,6,29.4,19,29.5,3,1,2022-08-08 09:04:00
1659949440409648000,29.45,7,29.4,10,29.5,3,2,2022-08-08 09:04:00
1659949440409648000,29.4,9,29.4,10,29.5,3,2,2022-08-08 09:04:00
1659949441296633000,29.45,1,29.4,11,29.5,3,1,2022-08-08 09:04:01
1659949441724714000,29.5,3,29.4,12,29.55,14,1,2022-08-08 09:04:01
1659949443208709000,29.5,3,29.45,5,29.55,14,1,2022-08-08 09:04:03
1659949443453784000,29.5,2,29.45,5,29.55,14,1,2022-08-08 09:04:03
1659949443525368000,29.45,2,29.45,3,29.55,14,2,2022-08-08 09:04:03
1659949443885563000,29.45,1,29.45,3,29.55,14,2,2022-08-08 09:04:03
1659949444716758000,29.45,1,29.45,2,29.55,14,2,2022-08-08 09:04:04
1659949446911065000,29.5,2,29.45,3,29.55,14,1,2022-08-08 09:04:06
1659949447686235000,29.45,2,29.45,1,29.5,1,2,2022-08-08 09:04:07
1659949447713122000,29.45,1,29.4,12,29.5,1,2,2022-08-08 09:04:07
1659949447761622000,29.4,1,29.4,13,29.5,1,2,2022-08-08 09:04:07
1659949451735076000,29.5,1,29.45,1,29.5,7,1,2022-08-08 09:04:11
1659949451771965000,29.5,7,29.45,1,29.5,8,1,2022-08-08 09:04:11
1659949452997686000,29.5,1,29.45,2,29.55,12,1,2022-08-08 09:04:12
1659949454527416000,29.45,1,29.45,1,29.5,3,2,2022-08-08 09:04:14
1659949456305490000,29.45,1,29.4,16,29.5,3,2,2022-08-08 09:04:16
1659949456338014000,29.5,2,29.4,16,29.5,1,1,2022-08-08 09:04:16
1659949456422696000,29.5,1,29.4,16,29.5,1,1,2022-08-08 09:04:16
1659949462291605000,29.5,1,29.45,8,29.5,2,1,2022-08-08 09:04:22
1659949462321049000,29.5,2,29.45,8,29.55,12,1,2022-08-08 09:04:22
1659949472301160000,29.5,4,29.45,8,29.55,12,1,2022-08-08 09:04:32
1659949472368466000,29.5,1,29.45,8,29.55,12,1,2022-08-08 09:04:32
1659949472797919000,29.5,4,29.5,1,29.55,13,1,2022-08-08 09:04:32
1659949472826160000,29.55,13,29.5,1,29.6,17,1,2022-08-08 09:04:32
1659949473647603000,29.55,1,29.55,15,29.6,15,2,2022-08-08 09:04:33
1659949474316449000,29.55,1,29.55,13,29.6,15,2,2022-08-08 09:04:34
1659949475535486000,29.55,2,29.55,11,29.6,15,2,2022-08-08 09:04:35
1659949476356633000,29.55,5,29.55,6,29.6,16,2,2022-08-08 09:04:36
1659949476385363000,29.55,3,29.55,3,29.6,16,2,2022-08-08 09:04:36
1659949476385771000,29.55,3,29.5,1,29.6,16,2,2022-08-08 09:04:36
1659949478563132000,29.55,1,29.5,1,29.6,16,1,2022-08-08 09:04:38
1659949479672451000,29.5,1,29.45,4,29.6,16,2,2022-08-08 09:04:39
1659949479672451000,29.45,2,29.45,4,29.6,16,2,2022-08-08 09:04:39
1659949485402706000,29.5,1,29.5,1,29.55,6,1,2022-08-08 09:04:45
1659949488261590000,29.55,1,29.5,2,29.55,1,1,2022-08-08 09:04:48
1659949498946112000,29.6,1,29.55,1,29.6,13,1,2022-08-08 09:04:58
1659949500280080000,29.55,1,29.5,3,29.6,17,2,2022-08-08 09:05:00
1659949500890138000,29.6,1,29.5,4,29.6,16,1,2022-08-08 09:05:00
1659949504614513000,29.6,15,29.55,12,29.65,8,1,2022-08-08 09:05:04
1659949504724941000,29.55,7,29.55,6,29.65,8,2,2022-08-08 09:05:04
1659949506401696000,29.65,2,29.55,34,29.65,7,1,2022-08-08 09:05:06
1659949506401944000,29.65,7,29.55,34,29.7,10,1,2022-08-08 09:05:06
1659949506514986000,29.7,6,29.6,1,29.7,3,1,2022-08-08 09:05:06
1659949506594619000,29.7,3,29.65,1,29.75,8,1,2022-08-08 09:05:06
1659949506658794000,29.75,1,29.65,1,29.75,7,1,2022-08-08 09:05:06
1659949507489182000,29.65,2,29.65,5,29.75,7,2,2022-08-08 09:05:07
1659949507598491000,29.75,7,29.65,5,29.8,12,1,2022-08-08 09:05:07
1659949508688719000,29.8,3,29.65,11,29.8,9,1,2022-08-08 09:05:08
1659949508737053000,29.8,2,29.7,1,29.8,6,1,2022-08-08 09:05:08
1659949508761029000,29.8,2,29.7,1,29.8,4,1,2022-08-08 09:05:08
1659949508989553000,29.8,4,29.7,14,29.85,8,1,2022-08-08 09:05:08
1659949514545117000,29.85,1,29.75,1,29.85,7,1,2022-08-08 09:05:14
1659949515054877000,29.8,1,29.75,1,29.85,7,2,2022-08-08 09:05:15
1659949515817168000,29.8,1,29.75,1,29.85,7,1,2022-08-08 09:05:15
1659949518035446000,29.85,2,29.75,9,29.85,5,1,2022-08-08 09:05:18
1659949518873553000,29.85,1,29.8,10,29.85,13,1,2022-08-08 09:05:18
1659949519760368000,29.85,2,29.8,13,29.85,14,1,2022-08-08 09:05:19
1659949522184384000,29.85,3,29.8,13,29.85,9,1,2022-08-08 09:05:22
1659949522843135000,29.85,4,29.8,13,29.85,7,1,2022-08-08 09:05:22
1659949524065189000,29.85,2,29.8,13,29.85,4,1,2022-08-08 09:05:24
1659949524310478000,29.85,2,29.8,14,29.85,2,1,2022-08-08 09:05:24
1659949524336384000,29.85,1,29.8,14,29.85,1,1,2022-08-08 09:05:24
1659949525128792000,29.85,1,29.8,14,29.85,2,1,2022-08-08 09:05:25
1659949526494712000,29.85,2,29.85,3,29.9,10,1,2022-08-08 09:05:26
1659949526635987000,29.9,5,29.85,4,29.9,10,1,2022-08-08 09:05:26
1659949526986928000,29.9,5,29.85,4,29.95,49,1,2022-08-08 09:05:26
1659949531187549000,29.9,1,29.85,22,29.9,1,1,2022-08-08 09:05:31
1659949531340902000,29.95,1,29.85,22,29.95,49,1,2022-08-08 09:05:31
1659949532208647000,29.95,10,29.85,22,29.95,39,1,2022-08-08 09:05:32
1659949532224354000,29.95,38,29.85,23,30.0,35,1,2022-08-08 09:05:32
1659949533177782000,30.0,2,29.9,1,30.0,33,1,2022-08-08 09:05:33
1659949533217391000,30.0,2,29.9,2,30.0,31,1,2022-08-08 09:05:33
1659949535646043000,29.95,1,29.95,1,30.0,31,1,2022-08-08 09:05:35
1659949536125053000,30.0,2,29.95,1,30.0,32,1,2022-08-08 09:05:36
1659949536501177000,29.95,1,29.9,4,29.95,1,2,2022-08-08 09:05:36
1659949536629526000,29.95,1,29.9,4,30.0,32,1,2022-08-08 09:05:36
1659949538380997000,29.95,1,29.9,7,30.0,32,1,2022-08-08 09:05:38
1659949538774414000,30.0,3,29.9,7,30.0,29,1,2022-08-08 09:05:38
1659949538817021000,29.9,3,29.9,5,30.0,28,2,2022-08-08 09:05:38
1659949540861421000,29.95,1,29.9,4,29.95,19,1,2022-08-08 09:05:40
1659949542115723000,29.9,8,29.85,20,29.95,24,2,2022-08-08 09:05:42
1659949542412663000,29.9,1,29.85,19,29.9,5,1,2022-08-08 09:05:42
1659949543371693000,29.9,6,29.9,24,29.95,23,1,2022-08-08 09:05:43
1659949546463340000,29.9,1,29.9,28,29.95,19,2,2022-08-08 09:05:46
1659949546491271000,29.9,28,29.85,19,29.95,19,2,2022-08-08 09:05:46
1659949546743690000,29.9,1,29.85,19,29.9,1,1,2022-08-08 09:05:46
1659949547497975000,29.85,18,29.85,1,29.95,21,2,2022-08-08 09:05:47
1659949547534267000,29.85,1,29.8,23,29.9,1,2,2022-08-08 09:05:47
1659949550788191000,29.9,4,29.8,23,29.9,9,1,2022-08-08 09:05:50
1659949552343138000,29.9,10,29.8,13,29.9,1,1,2022-08-08 09:05:52
1659949552538948000,29.8,10,29.8,3,29.9,7,2,2022-08-08 09:05:52
1659949553635478000,29.85,1,29.8,3,29.9,7,2,2022-08-08 09:05:53
1659949553903360000,29.9,1,29.8,3,29.9,6,1,2022-08-08 09:05:53
1659949554052603000,29.9,6,29.9,4,29.95,28,1,2022-08-08 09:05:54
1659949554074431000,29.9,4,29.8,3,29.95,28,2,2022-08-08 09:05:54
1659949554398526000,29.85,4,29.9,4,29.95,28,1,2022-08-08 09:05:54
1659949554420485000,29.9,4,29.8,3,29.95,28,2,2022-08-08 09:05:54
1659949555122330000,29.9,1,29.8,5,29.9,5,1,2022-08-08 09:05:55
1659949555392530000,29.8,5,29.75,14,29.8,5,2,2022-08-08 09:05:55
1659949555494149000,29.8,3,29.75,14,29.8,2,1,2022-08-08 09:05:55
1659949555610859000,29.8,1,29.75,14,29.8,1,1,2022-08-08 09:05:55
1659949555688768000,29.8,1,29.75,22,29.95,29,1,2022-08-08 09:05:55
1659949556736816000,29.8,1,29.75,23,29.8,1,1,2022-08-08 09:05:56
1659949556749974000,29.8,1,29.75,23,29.8,2,1,2022-08-08 09:05:56
1659949559083786000,29.8,1,29.8,5,29.9,13,2,2022-08-08 09:05:59
1659949560177827000,29.8,3,29.8,7,29.9,18,2,2022-08-08 09:06:00
1659949560204605000,29.8,7,29.8,1,29.9,18,2,2022-08-08 09:06:00
1659949560312391000,29.85,1,29.8,1,29.9,16,1,2022-08-08 09:06:00
1659949560312391000,29.9,2,29.8,1,29.9,16,1,2022-08-08 09:06:00
1659949563029604000,29.85,1,29.8,3,29.9,19,1,2022-08-08 09:06:03
1659949564040700000,29.8,1,29.8,8,29.85,1,2,2022-08-08 09:06:04
1659949568705183000,29.85,1,29.8,13,29.85,6,1,2022-08-08 09:06:08
1659949569092964000,29.85,5,29.8,13,29.9,14,1,2022-08-08 09:06:09
1659949569092964000,29.9,5,29.8,13,29.9,14,1,2022-08-08 09:06:09
1659949569837268000,29.85,1,29.8,16,29.85,1,1,2022-08-08 09:06:09
1659949574180392000,29.85,1,29.8,23,29.85,8,1,2022-08-08 09:06:14
1659949575270554000,29.85,1,29.8,23,29.85,8,1,2022-08-08 09:06:15
1659949575746007000,29.85,5,29.8,23,29.85,3,1,2022-08-08 09:06:15
1659949578432675000,29.85,1,29.8,42,29.85,7,1,2022-08-08 09:06:18
1659949579066018000,29.85,1,29.8,42,29.85,7,1,2022-08-08 09:06:19
1659949579932246000,29.85,1,29.8,42,29.85,6,1,2022-08-08 09:06:19
1659949580266026000,29.85,2,29.8,42,29.85,4,1,2022-08-08 09:06:20
1659949580407330000,29.85,2,29.8,42,29.85,2,1,2022-08-08 09:06:20
1659949580758267000,29.85,1,29.8,42,29.85,1,1,2022-08-08 09:06:20
1659949582822713000,29.85,1,29.85,4,29.9,11,1,2022-08-08 09:06:22
1659949584882849000,29.85,1,29.85,26,29.9,11,2,2022-08-08 09:06:24
1659949586871118000,29.85,1,29.85,25,29.9,11,2,2022-08-08 09:06:26
1659949588064002000,29.85,25,29.75,9,29.8,32,2,2022-08-08 09:06:28
1659949588064002000,29.8,43,29.75,9,29.8,32,2,2022-08-08 09:06:28
1659949588134417000,29.75,1,29.75,7,29.8,32,2,2022-08-08 09:06:28
1659949589402937000,29.8,1,29.75,7,29.8,31,1,2022-08-08 09:06:29
1659949589458116000,29.75,2,29.75,5,29.8,31,2,2022-08-08 09:06:29
1659949592095963000,29.8,1,29.75,5,29.8,30,1,2022-08-08 09:06:32
1659949594277547000,29.75,1,29.75,4,29.8,30,2,2022-08-08 09:06:34
1659949594406650000,29.75,2,29.75,2,29.8,30,2,2022-08-08 09:06:34
1659949596605089000,29.75,2,29.75,1,29.8,30,2,2022-08-08 09:06:36
1659949597515625000,29.75,1,29.7,15,29.75,4,2,2022-08-08 09:06:37
1659949597653873000,29.75,4,29.7,15,29.8,30,1,2022-08-08 09:06:37
1659949600481812000,29.75,1,29.7,15,29.75,1,1,2022-08-08 09:06:40
1659949602658560000,29.75,2,29.7,15,29.8,27,1,2022-08-08 09:06:42
1659949602658560000,29.8,3,29.7,15,29.8,27,1,2022-08-08 09:06:42
1659949602717068000,29.75,1,29.7,16,29.75,2,1,2022-08-08 09:06:42
1659949603087826000,29.75,1,29.75,4,29.8,27,1,2022-08-08 09:06:43
1659949603252989000,29.75,1,29.75,5,29.8,27,2,2022-08-08 09:06:43
1659949603667949000,29.8,10,29.75,4,29.8,17,1,2022-08-08 09:06:43
1659949603733078000,29.8,11,29.75,4,29.8,27,1,2022-08-08 09:06:43
1659949603802535000,29.8,4,29.75,5,29.8,2,1,2022-08-08 09:06:43
1659949603859565000,29.8,1,29.75,5,29.8,1,1,2022-08-08 09:06:43
1659949604382438000,29.75,1,29.75,6,29.8,1,2,2022-08-08 09:06:44
1659949608673309000,29.8,1,29.75,11,29.8,2,1,2022-08-08 09:06:48
1659949610418198000,29.8,1,29.75,13,29.8,1,1,2022-08-08 09:06:50
1659949610930595000,29.8,1,29.75,15,29.85,2,1,2022-08-08 09:06:50
1659949612416224000,29.8,1,29.8,1,29.85,23,2,2022-08-08 09:06:52
1659949612449342000,29.8,1,29.75,19,29.85,23,2,2022-08-08 09:06:52
1659949614547385000,29.8,5,29.75,20,29.8,1,2,2022-08-08 09:06:54
1659949616095062000,29.8,1,29.75,20,29.8,2,1,2022-08-08 09:06:56
1659949617536176000,29.8,1,29.8,2,29.85,25,1,2022-08-08 09:06:57
1659949619770024000,29.85,6,29.8,5,29.85,18,1,2022-08-08 09:06:59
1659949620167539000,29.8,5,29.8,5,29.85,18,2,2022-08-08 09:07:00
1659949620723469000,29.8,1,29.8,1,29.85,18,2,2022-08-08 09:07:00
1659949622241861000,29.8,1,29.8,1,29.85,18,2,2022-08-08 09:07:02
1659949623974481000,29.8,1,29.75,74,29.8,4,1,2022-08-08 09:07:03
1659949624034070000,29.8,1,29.75,74,29.8,3,1,2022-08-08 09:07:04
1659949624504809000,29.8,3,29.75,74,29.85,1,1,2022-08-08 09:07:04
1659949624504809000,29.85,17,29.75,74,29.85,1,1,2022-08-08 09:07:04
1659949625046870000,29.8,4,29.75,86,29.8,2,1,2022-08-08 09:07:05
1659949625117333000,29.8,1,29.75,86,29.8,6,1,2022-08-08 09:07:05
1659949626248807000,29.8,1,29.8,4,29.85,1,1,2022-08-08 09:07:06
1659949628323084000,29.85,1,29.8,24,29.85,1,1,2022-08-08 09:07:08
1659949629456424000,29.85,1,29.85,2,29.9,22,1,2022-08-08 09:07:09
1659949629528337000,29.9,6,29.85,2,29.9,16,1,2022-08-08 09:07:09
1659949629578842000,29.9,9,29.85,2,29.9,7,1,2022-08-08 09:07:09
1659949629693546000,29.9,1,29.85,3,29.9,6,1,2022-08-08 09:07:09
1659949632602182000,29.9,4,29.85,15,29.9,3,1,2022-08-08 09:07:12
1659949632630433000,29.9,3,29.85,15,29.95,22,1,2022-08-08 09:07:12
1659949632714000000,29.95,1,29.85,20,29.95,21,1,2022-08-08 09:07:12
1659949632760175000,29.95,15,29.85,20,29.95,5,1,2022-08-08 09:07:12
1659949632790558000,29.95,3,29.9,1,29.95,2,1,2022-08-08 09:07:12
1659949632855855000,29.95,2,29.9,3,30.0,47,1,2022-08-08 09:07:12
1659949632998505000,30.0,17,29.85,20,30.0,30,1,2022-08-08 09:07:12
1659949633050584000,30.0,1,29.9,1,30.0,29,1,2022-08-08 09:07:13
1659949633051054000,30.0,2,29.9,1,30.0,27,1,2022-08-08 09:07:13
1659949633088916000,30.0,2,29.9,4,30.0,25,1,2022-08-08 09:07:13
1659949633158257000,30.0,1,29.9,4,30.0,24,1,2022-08-08 09:07:13
1659949633170016000,30.0,3,29.9,4,30.0,21,1,2022-08-08 09:07:13
1659949633192813000,29.9,1,29.9,4,30.0,27,2,2022-08-08 09:07:13
1659949633413005000,30.0,1,29.9,1,30.0,21,1,2022-08-08 09:07:13
1659949634263279000,30.0,1,29.9,6,30.0,20,1,2022-08-08 09:07:14
1659949637797698000,29.9,5,29.9,6,30.0,20,2,2022-08-08 09:07:17
1659949646531211000,29.95,1,29.9,9,29.95,1,1,2022-08-08 09:07:26
1659949647641331000,29.95,1,29.9,9,30.0,20,1,2022-08-08 09:07:27
1659949647641331000,30.0,1,29.9,9,30.0,20,1,2022-08-08 09:07:27
1659949652864760000,29.95,3,29.95,4,30.0,21,2,2022-08-08 09:07:32
1659949655650434000,30.0,1,29.95,4,30.0,24,1,2022-08-08 09:07:35
1659949656064289000,30.0,5,29.95,4,30.0,18,1,2022-08-08 09:07:36
1659949656700428000,29.95,2,29.95,2,30.0,17,2,2022-08-08 09:07:36
1659949657158728000,30.0,1,29.95,2,30.0,16,1,2022-08-08 09:07:37
1659949657633381000,30.0,3,29.95,4,30.0,14,1,2022-08-08 09:07:37
1659949658316028000,30.0,1,29.95,12,30.0,13,1,2022-08-08 09:07:38
1659949658680169000,30.0,2,29.95,14,30.0,11,1,2022-08-08 09:07:38
1659949658721219000,30.0,2,29.95,14,30.0,13,1,2022-08-08 09:07:38
1659949659218528000,30.0,1,29.95,14,30.0,9,1,2022-08-08 09:07:39
1659949659563272000,30.0,1,29.95,14,30.0,7,1,2022-08-08 09:07:39
1659949659651195000,30.0,7,30.0,13,30.05,12,1,2022-08-08 09:07:39
1659949659668275000,30.05,7,30.0,13,30.05,5,1,2022-08-08 09:07:39
1659949659716542000,30.05,2,30.0,13,30.05,3,1,2022-08-08 09:07:39
1659949660168620000,30.05,1,30.0,16,30.05,3,1,2022-08-08 09:07:40
1659949660244826000,30.05,1,30.0,16,30.05,1,1,2022-08-08 09:07:40
1659949660794090000,30.05,1,30.0,16,30.1,13,1,2022-08-08 09:07:40
1659949662234839000,30.0,1,30.0,17,30.05,3,2,2022-08-08 09:07:42
1659949663337067000,30.05,2,30.0,18,30.05,1,1,2022-08-08 09:07:43
1659949663954472000,30.05,1,30.0,19,30.1,12,1,2022-08-08 09:07:43
1659949664000831000,30.0,10,30.0,9,30.1,13,2,2022-08-08 09:07:44
1659949664033760000,30.0,9,29.95,15,30.1,13,2,2022-08-08 09:07:44
1659949664064200000,30.05,1,30.05,1,30.1,14,2,2022-08-08 09:07:44
1659949664331215000,30.1,1,30.05,1,30.1,13,1,2022-08-08 09:07:44
1659949665328527000,30.05,1,30.0,22,30.1,13,2,2022-08-08 09:07:45
1659949665424301000,30.05,1,30.0,22,30.1,13,2,2022-08-08 09:07:45
1659949665491181000,30.0,2,30.0,21,30.1,13,2,2022-08-08 09:07:45
1659949666233897000,30.05,1,30.0,29,30.1,13,2,2022-08-08 09:07:46
1659949666624275000,30.05,1,30.0,29,30.05,10,1,2022-08-08 09:07:46
1659949666739187000,30.05,1,30.0,29,30.05,8,1,2022-08-08 09:07:46
1659949666768827000,30.05,1,30.0,29,30.05,7,1,2022-08-08 09:07:46
1659949667050082000,30.0,10,30.0,19,30.05,10,2,2022-08-08 09:07:47
1659949667075305000,30.0,19,29.95,15,30.05,10,2,2022-08-08 09:07:47
1659949667112955000,30.0,1,29.95,15,30.05,10,1,2022-08-08 09:07:47
1659949667300538000,30.0,1,29.95,15,30.05,14,2,2022-08-08 09:07:47
1659949667447805000,30.0,3,29.95,18,30.05,12,2,2022-08-08 09:07:47
1659949667472369000,30.05,3,29.95,18,30.05,9,1,2022-08-08 09:07:47
1659949667570685000,30.0,1,29.95,18,30.05,9,2,2022-08-08 09:07:47
1659949667929007000,30.0,1,29.95,19,30.05,8,1,2022-08-08 09:07:47
1659949668018866000,30.05,3,29.95,19,30.05,5,1,2022-08-08 09:07:48
1659949668354030000,30.0,1,29.95,19,30.05,5,2,2022-08-08 09:07:48
1659949668715407000,30.05,2,29.95,19,30.05,5,1,2022-08-08 09:07:48
1659949669696417000,30.0,1,29.95,19,30.05,4,1,2022-08-08 09:07:49
1659949670141576000,30.05,1,29.95,19,30.05,9,1,2022-08-08 09:07:50
1659949670821324000,30.05,1,29.95,19,30.05,7,1,2022-08-08 09:07:50
1659949670838327000,30.05,1,29.95,19,30.05,6,1,2022-08-08 09:07:50
1659949671439667000,30.05,6,29.95,18,30.1,9,1,2022-08-08 09:07:51
1659949671439667000,30.1,14,29.95,18,30.1,9,1,2022-08-08 09:07:51
1659949673058898000,30.05,2,30.05,4,30.1,9,2,2022-08-08 09:07:53
1659949673105034000,30.1,4,30.05,6,30.1,9,1,2022-08-08 09:07:53
1659949673246552000,30.1,4,30.05,4,30.1,1,1,2022-08-08 09:07:53
1659949673576475000,30.1,1,30.1,4,30.15,12,1,2022-08-08 09:07:53
1659949673875985000,30.1,2,30.1,2,30.15,12,2,2022-08-08 09:07:53
1659949675811300000,30.15,1,30.1,5,30.15,10,1,2022-08-08 09:07:55
1659949675980822000,30.15,1,30.1,5,30.15,9,1,2022-08-08 09:07:55
1659949676023448000,30.1,2,30.1,3,30.15,9,2,2022-08-08 09:07:56
1659949676060645000,30.15,3,30.1,3,30.15,6,1,2022-08-08 09:07:56
1659949676133543000,30.15,1,30.1,3,30.15,6,1,2022-08-08 09:07:56
1659949676679595000,30.1,2,30.1,3,30.15,6,2,2022-08-08 09:07:56
1659949677073079000,30.15,1,30.1,3,30.15,5,1,2022-08-08 09:07:57
1659949677248262000,30.1,2,30.1,4,30.15,5,2,2022-08-08 09:07:57
1659949678837391000,30.15,2,30.1,4,30.15,5,1,2022-08-08 09:07:58
1659949679207122000,30.15,1,30.1,5,30.15,4,1,2022-08-08 09:07:59
1659949679207247000,30.15,1,30.1,5,30.15,3,1,2022-08-08 09:07:59
1659949679258427000,30.15,2,30.1,7,30.15,1,1,2022-08-08 09:07:59
1659949679295677000,30.15,1,30.1,15,30.2,33,1,2022-08-08 09:07:59
1659949679420894000,30.15,1,30.1,16,30.2,33,2,2022-08-08 09:07:59
1659949681144369000,30.15,1,30.15,4,30.2,34,2,2022-08-08 09:08:01
1659949681238585000,30.15,4,30.15,5,30.2,34,2,2022-08-08 09:08:01
1659949682319280000,30.15,1,30.1,24,30.2,33,2,2022-08-08 09:08:02
1659949682319280000,30.1,4,30.1,24,30.2,33,2,2022-08-08 09:08:02
1659949682352394000,30.1,22,30.1,2,30.2,33,2,2022-08-08 09:08:02
1659949682373300000,30.2,5,30.1,2,30.2,28,1,2022-08-08 09:08:02
1659949683731804000,30.2,2,30.15,10,30.2,28,1,2022-08-08 09:08:03
1659949684050889000,30.15,1,30.15,9,30.2,26,2,2022-08-08 09:08:04
1659949684064553000,30.15,2,30.15,7,30.2,26,2,2022-08-08 09:08:04
1659949684218179000,30.15,4,30.15,3,30.2,26,2,2022-08-08 09:08:04
1659949685103225000,30.15,1,30.15,4,30.2,26,2,2022-08-08 09:08:05
1659949685217158000,30.2,1,30.15,4,30.2,26,1,2022-08-08 09:08:05
1659949685778897000,30.2,8,30.15,4,30.2,25,1,2022-08-08 09:08:05
1659949686325673000,30.2,2,30.15,9,30.2,15,1,2022-08-08 09:08:06
1659949686507540000,30.2,10,30.15,9,30.2,5,1,2022-08-08 09:08:06
1659949686523286000,30.2,3,30.15,9,30.2,2,1,2022-08-08 09:08:06
1659949687078910000,30.15,1,30.15,9,30.2,2,2,2022-08-08 09:08:07
1659949687552974000,30.15,1,30.15,7,30.2,3,2,2022-08-08 09:08:07
1659949688705865000,30.2,3,30.2,13,30.25,45,1,2022-08-08 09:08:08
1659949688734622000,30.2,1,30.2,12,30.25,45,2,2022-08-08 09:08:08
1659949688782913000,30.2,1,30.2,12,30.25,45,2,2022-08-08 09:08:08
1659949689015646000,30.2,1,30.2,10,30.25,45,2,2022-08-08 09:08:09
1659949689686227000,30.2,1,30.2,9,30.25,45,2,2022-08-08 09:08:09
1659949690182846000,30.2,4,30.2,5,30.25,45,2,2022-08-08 09:08:10
1659949691183984000,30.25,1,30.2,5,30.25,45,1,2022-08-08 09:08:11
1659949691235461000,30.2,1,30.2,5,30.25,46,2,2022-08-08 09:08:11
1659949691327563000,30.2,1,30.2,3,30.25,45,2,2022-08-08 09:08:11
1659949691351823000,30.2,2,30.2,1,30.25,45,2,2022-08-08 09:08:11
1659949691382116000,30.2,1,30.2,3,30.25,45,2,2022-08-08 09:08:11
1659949691382872000,30.2,1,30.2,2,30.25,46,2,2022-08-08 09:08:11
1659949691415026000,30.2,2,30.15,10,30.25,45,2,2022-08-08 09:08:11
1659949693110062000,30.2,1,30.15,10,30.2,1,1,2022-08-08 09:08:13
1659949694420664000,30.2,2,30.2,2,30.25,44,2,2022-08-08 09:08:14
1659949694703267000,30.2,2,30.15,10,30.25,45,2,2022-08-08 09:08:14
1659949695160348000,30.2,1,30.15,10,30.25,46,2,2022-08-08 09:08:15
1659949695306897000,30.2,1,30.15,10,30.2,1,1,2022-08-08 09:08:15
1659949696152952000,30.25,20,30.2,5,30.25,28,1,2022-08-08 09:08:16
1659949696169282000,30.2,1,30.2,5,30.25,48,2,2022-08-08 09:08:16
1659949696404344000,30.2,1,30.2,3,30.25,28,2,2022-08-08 09:08:16
1659949696545251000,30.2,3,30.2,1,30.25,28,2,2022-08-08 09:08:16
1659949696561632000,30.25,1,30.2,1,30.25,27,1,2022-08-08 09:08:16
1659949696771518000,30.2,1,30.15,10,30.25,27,2,2022-08-08 09:08:16
1659949697007058000,30.2,10,30.15,10,30.25,27,1,2022-08-08 09:08:17
1659949697482945000,30.2,2,30.15,11,30.2,3,2,2022-08-08 09:08:17
1659949697669522000,30.2,1,30.15,11,30.2,2,1,2022-08-08 09:08:17
1659949697722198000,30.2,2,30.15,11,30.25,27,1,2022-08-08 09:08:17
1659949697907958000,30.2,1,30.15,11,30.2,4,2,2022-08-08 09:08:17
1659949697917882000,30.2,2,30.15,11,30.2,2,1,2022-08-08 09:08:17
1659949697948960000,30.15,1,30.15,10,30.2,2,2,2022-08-08 09:08:17
1659949698370724000,30.2,1,30.15,9,30.2,1,1,2022-08-08 09:08:18
1659949698716946000,30.15,5,30.15,4,30.2,44,2,2022-08-08 09:08:18
1659949699004340000,30.2,1,30.15,4,30.2,44,1,2022-08-08 09:08:19
1659949699402509000,30.2,1,30.15,5,30.2,45,1,2022-08-08 09:08:19
1659949699739390000,30.15,1,30.15,4,30.2,47,2,2022-08-08 09:08:19
1659949699769188000,30.15,4,30.15,2,30.2,47,2,2022-08-08 09:08:19
1659949699770830000,30.15,2,30.1,16,30.15,12,2,2022-08-08 09:08:19
1659949699950676000,30.15,1,30.1,16,30.15,11,1,2022-08-08 09:08:19
1659949699995400000,30.15,1,30.1,16,30.15,10,1,2022-08-08 09:08:19
1659949700037619000,30.15,1,30.1,16,30.15,9,1,2022-08-08 09:08:20
1659949700435364000,30.15,3,30.1,16,30.15,7,1,2022-08-08 09:08:20
1659949700436197000,30.15,1,30.1,16,30.15,6,1,2022-08-08 09:08:20
1659949700501238000,30.1,1,30.1,15,30.15,6,2,2022-08-08 09:08:20
1659949700895754000,30.15,5,30.1,15,30.15,2,1,2022-08-08 09:08:20
1659949700943760000,30.15,1,30.1,15,30.15,1,1,2022-08-08 09:08:20
1659949701280609000,30.15,1,30.1,15,30.2,51,1,2022-08-08 09:08:21
1659949701280609000,30.2,4,30.1,15,30.2,51,1,2022-08-08 09:08:21
1659949702227914000,30.15,1,30.1,15,30.15,2,1,2022-08-08 09:08:22
1659949702321872000,30.1,1,30.1,14,30.15,2,2,2022-08-08 09:08:22
1659949702993844000,30.15,1,30.1,16,30.15,2,1,2022-08-08 09:08:22
1659949703390087000,30.1,1,30.1,15,30.15,6,2,2022-08-08 09:08:23
1659949703580899000,30.1,7,30.1,8,30.15,6,2,2022-08-08 09:08:23
1659949703616975000,30.1,8,30.05,9,30.15,6,2,2022-08-08 09:08:23
1659949703642307000,30.15,2,30.05,9,30.15,4,1,2022-08-08 09:08:23
1659949703889407000,30.15,3,30.05,9,30.15,7,1,2022-08-08 09:08:23
1659949703931640000,30.15,1,30.05,9,30.15,6,1,2022-08-08 09:08:23
1659949704411330000,30.05,1,30.05,8,30.15,7,2,2022-08-08 09:08:24
1659949704884162000,30.1,1,30.1,9,30.15,2,2,2022-08-08 09:08:24
1659949705336565000,30.1,1,30.1,8,30.15,2,2,2022-08-08 09:08:25
1659949706271898000,30.1,3,30.1,7,30.15,3,2,2022-08-08 09:08:26
1659949706301800000,30.1,7,30.05,8,30.15,3,2,2022-08-08 09:08:26
1659949707244130000,30.1,3,30.05,8,30.15,7,1,2022-08-08 09:08:27
1659949707244130000,30.15,2,30.05,8,30.15,7,1,2022-08-08 09:08:27
1659949707799350000,30.15,1,30.05,8,30.15,6,1,2022-08-08 09:08:27
1659949707854112000,30.1,1,30.1,2,30.15,6,2,2022-08-08 09:08:27
1659949707894134000,30.1,1,30.05,8,30.15,6,2,2022-08-08 09:08:27
1659949709317485000,30.1,1,30.05,9,30.1,1,1,2022-08-08 09:08:29
1659949709634750000,30.1,1,30.05,9,30.15,10,2,2022-08-08 09:08:29
1659949710057666000,30.1,1,30.05,19,30.15,10,1,2022-08-08 09:08:30
1659949711068982000,30.15,1,30.05,19,30.15,12,1,2022-08-08 09:08:31
1659949711408682000,30.1,1,30.05,19,30.1,2,2,2022-08-08 09:08:31
1659949711932402000,30.1,1,30.05,19,30.1,1,1,2022-08-08 09:08:31
1659949712627795000,30.1,1,30.1,1,30.15,17,1,2022-08-08 09:08:32
1659949712689306000,30.1,1,30.05,18,30.15,19,2,2022-08-08 09:08:32
1659949713324208000,30.1,1,30.05,18,30.1,1,1,2022-08-08 09:08:33
1659949713324208000,30.15,1,30.05,18,30.1,1,1,2022-08-08 09:08:33
1659949715062887000,30.1,3,30.1,4,30.15,18,2,2022-08-08 09:08:35
1659949715483564000,30.1,11,30.05,19,30.15,18,2,2022-08-08 09:08:35
1659949715979143000,30.1,1,30.15,3,30.2,60,1,2022-08-08 09:08:35
1659949715979143000,30.15,16,30.15,3,30.2,60,1,2022-08-08 09:08:35
1659949716003325000,30.15,3,30.05,19,30.2,61,2,2022-08-08 09:08:36
1659949716027539000,30.05,2,30.05,17,30.15,1,2,2022-08-08 09:08:36
1659949716595062000,30.1,1,30.05,22,30.15,3,1,2022-08-08 09:08:36
1659949716959798000,30.1,3,30.1,13,30.15,5,2,2022-08-08 09:08:36
1659949717049194000,30.15,1,30.1,13,30.15,5,1,2022-08-08 09:08:37
1659949717112376000,30.15,4,30.1,13,30.2,54,1,2022-08-08 09:08:37
1659949717112376000,30.2,6,30.1,13,30.2,54,1,2022-08-08 09:08:37
1659949718226954000,30.15,3,30.1,15,30.15,3,1,2022-08-08 09:08:38
1659949719905480000,30.15,1,30.15,11,30.2,55,2,2022-08-08 09:08:39
1659949720290606000,30.2,2,30.15,13,30.2,53,1,2022-08-08 09:08:40
1659949722848235000,30.15,1,30.15,17,30.2,55,2,2022-08-08 09:08:42
1659949724097586000,30.15,1,30.15,16,30.2,55,2,2022-08-08 09:08:44
1659949724164846000,30.2,5,30.15,18,30.2,50,1,2022-08-08 09:08:44
1659949724500611000,30.2,6,30.15,19,30.2,50,1,2022-08-08 09:08:44
1659949725253802000,30.2,2,30.15,19,30.2,42,1,2022-08-08 09:08:45
1659949725789855000,30.2,1,30.15,19,30.2,41,1,2022-08-08 09:08:45
1659949726895292000,30.2,3,30.15,22,30.2,38,1,2022-08-08 09:08:46
1659949726912620000,30.2,5,30.15,22,30.2,33,1,2022-08-08 09:08:46
1659949726936113000,30.2,11,30.15,22,30.2,22,1,2022-08-08 09:08:46
1659949726966688000,30.2,22,30.15,22,30.25,24,1,2022-08-08 09:08:46
1659949727361593000,30.2,1,30.2,13,30.25,24,2,2022-08-08 09:08:47
1659949728228324000,30.25,1,30.2,43,30.25,23,1,2022-08-08 09:08:48
1659949728262383000,30.25,14,30.2,43,30.25,9,1,2022-08-08 09:08:48
1659949728306402000,30.25,9,30.2,53,30.3,36,1,2022-08-08 09:08:48
1659949729195908000,30.25,1,30.25,24,30.3,41,2,2022-08-08 09:08:49
1659949729259935000,30.3,8,30.25,24,30.3,33,1,2022-08-08 09:08:49
1659949729700402000,30.3,10,30.25,16,30.3,23,1,2022-08-08 09:08:49
1659949729809541000,30.3,1,30.25,21,30.3,22,1,2022-08-08 09:08:49
1659949729908666000,30.3,3,30.25,17,30.3,19,1,2022-08-08 09:08:49
1659949730295116000,30.25,2,30.25,14,30.3,19,2,2022-08-08 09:08:50
1659949730323606000,30.3,4,30.25,14,30.3,19,1,2022-08-08 09:08:50
1659949730427143000,30.25,2,30.25,12,30.3,15,2,2022-08-08 09:08:50
1659949730446857000,30.3,1,30.25,12,30.3,14,1,2022-08-08 09:08:50
1659949731381022000,30.3,10,30.25,16,30.3,14,1,2022-08-08 09:08:51
1659949731728919000,30.3,3,30.25,18,30.3,1,1,2022-08-08 09:08:51
1659949731801899000,30.3,1,30.25,19,30.35,29,1,2022-08-08 09:08:51
1659949732051827000,30.25,1,30.25,18,30.35,30,2,2022-08-08 09:08:52
1659949732251935000,30.35,10,30.3,3,30.35,30,1,2022-08-08 09:08:52
1659949732613009000,30.35,16,30.3,3,30.35,3,1,2022-08-08 09:08:52
1659949732727120000,30.3,1,30.3,3,30.35,19,2,2022-08-08 09:08:52
1659949733262789000,30.35,3,30.3,2,30.35,3,1,2022-08-08 09:08:53
1659949734135924000,30.4,2,30.3,13,30.4,16,1,2022-08-08 09:08:54
1659949734653104000,30.3,14,30.25,7,30.3,11,2,2022-08-08 09:08:54
1659949734691400000,30.25,1,30.25,6,30.3,11,2,2022-08-08 09:08:54
1659949734803356000,30.3,1,30.25,6,30.3,10,1,2022-08-08 09:08:54
1659949735672431000,30.25,1,30.25,5,30.3,10,2,2022-08-08 09:08:55
1659949737357331000,30.3,3,30.25,7,30.3,12,1,2022-08-08 09:08:57
1659949737495859000,30.25,5,30.25,2,30.3,9,2,2022-08-08 09:08:57
1659949737507102000,30.3,5,30.25,2,30.3,4,1,2022-08-08 09:08:57
1659949737607550000,30.3,1,30.25,2,30.3,3,1,2022-08-08 09:08:57
1659949738259135000,30.3,1,30.25,3,30.3,2,1,2022-08-08 09:08:58
1659949738450372000,30.3,2,30.3,8,30.35,2,1,2022-08-08 09:08:58
1659949738471784000,30.3,8,30.25,3,30.35,2,2,2022-08-08 09:08:58
1659949738533055000,30.3,1,30.25,3,30.35,4,2,2022-08-08 09:08:58
1659949739861042000,30.3,1,30.25,7,30.3,1,1,2022-08-08 09:08:59
1659949741157738000,30.3,3,30.25,14,30.35,9,1,2022-08-08 09:09:01
1659949741408851000,30.3,1,30.25,14,30.35,9,2,2022-08-08 09:09:01
1659949741652402000,30.3,1,30.25,14,30.35,9,2,2022-08-08 09:09:01
1659949742714933000,30.3,1,30.25,17,30.35,18,2,2022-08-08 09:09:02
1659949743378767000,30.3,1,30.25,18,30.3,1,1,2022-08-08 09:09:03
1659949743549063000,30.3,3,30.25,18,30.35,18,2,2022-08-08 09:09:03
1659949743761968000,30.3,2,30.3,2,30.35,18,2,2022-08-08 09:09:03
1659949743762103000,30.3,2,30.25,18,30.35,18,2,2022-08-08 09:09:03
1659949744204593000,30.25,18,30.2,28,30.3,7,2,2022-08-08 09:09:04
1659949744327733000,30.2,7,30.2,21,30.25,8,2,2022-08-08 09:09:04
1659949744359771000,30.2,8,30.2,13,30.25,8,2,2022-08-08 09:09:04
1659949744362289000,30.2,13,30.15,11,30.25,8,2,2022-08-08 09:09:04
1659949744418963000,30.15,2,30.15,9,30.2,2,2,2022-08-08 09:09:04
1659949744801204000,30.2,1,30.15,9,30.2,1,1,2022-08-08 09:09:04
1659949744871227000,30.2,1,30.15,9,30.25,9,1,2022-08-08 09:09:04
1659949745755196000,30.2,1,30.15,11,30.25,10,1,2022-08-08 09:09:05
1659949745827431000,30.25,1,30.15,11,30.25,9,1,2022-08-08 09:09:05
1659949746219385000,30.2,1,30.15,11,30.2,1,1,2022-08-08 09:09:06
1659949746244734000,30.15,1,30.15,10,30.2,1,2,2022-08-08 09:09:06
1659949746274358000,30.15,10,30.15,11,30.2,2,2,2022-08-08 09:09:06
1659949746808235000,30.2,2,30.1,32,30.25,5,1,2022-08-08 09:09:06
1659949746808235000,30.25,3,30.1,32,30.25,5,1,2022-08-08 09:09:06
1659949749052839000,30.2,1,30.15,10,30.2,4,1,2022-08-08 09:09:09
1659949750008096000,30.2,1,30.15,12,30.2,3,1,2022-08-08 09:09:10
1659949750466550000,30.15,12,30.1,37,30.2,3,2,2022-08-08 09:09:10
1659949750874840000,30.15,1,30.1,37,30.15,1,1,2022-08-08 09:09:10
1659949750874840000,30.2,2,30.1,37,30.15,1,1,2022-08-08 09:09:10
1659949751073279000,30.2,2,30.1,37,30.2,2,1,2022-08-08 09:09:11
1659949752949971000,30.15,1,30.15,9,30.2,2,1,2022-08-08 09:09:12
1659949753894485000,30.15,10,30.15,10,30.2,4,2,2022-08-08 09:09:13
1659949754386441000,30.1,25,30.1,38,30.15,1,2,2022-08-08 09:09:14
1659949754420139000,30.1,1,30.1,12,30.15,1,2,2022-08-08 09:09:14
1659949754442228000,30.1,1,30.1,11,30.15,1,2,2022-08-08 09:09:14
1659949754455290000,30.1,1,30.1,10,30.15,1,2,2022-08-08 09:09:14
1659949754482340000,30.1,10,30.05,24,30.15,1,2,2022-08-08 09:09:14
1659949755534213000,30.05,5,30.05,20,30.1,26,2,2022-08-08 09:09:15
1659949756275901000,30.1,2,30.05,20,30.1,24,1,2022-08-08 09:09:16
1659949756529869000,30.05,1,30.05,19,30.1,24,2,2022-08-08 09:09:16
1659949756836437000,30.1,1,30.05,19,30.1,23,1,2022-08-08 09:09:16
1659949757990505000,30.1,1,30.05,19,30.1,22,1,2022-08-08 09:09:17
1659949768011245000,30.05,20,30.0,41,30.1,27,2,2022-08-08 09:09:28
1659949769250011000,30.05,1,30.0,41,30.05,10,1,2022-08-08 09:09:29
1659949770012202000,30.0,1,30.0,41,30.05,9,2,2022-08-08 09:09:30
1659949770111840000,30.05,2,30.0,41,30.05,8,1,2022-08-08 09:09:30
1659949771432910000,30.0,37,29.95,19,30.0,13,2,2022-08-08 09:09:31
1659949771470359000,29.95,1,29.95,18,30.0,13,2,2022-08-08 09:09:31
1659949771471307000,29.95,1,29.95,17,30.0,13,2,2022-08-08 09:09:31
1659949771475751000,29.95,1,29.95,16,30.0,13,2,2022-08-08 09:09:31
1659949771482072000,29.95,1,29.95,15,30.0,13,2,2022-08-08 09:09:31
1659949771488107000,29.95,1,29.95,14,30.0,13,2,2022-08-08 09:09:31
1659949771894069000,29.95,1,29.95,13,30.0,26,2,2022-08-08 09:09:31
1659949771894088000,29.95,13,29.9,16,30.0,26,2,2022-08-08 09:09:31
1659949772179741000,29.95,1,29.9,16,29.95,1,1,2022-08-08 09:09:32
1659949777842054000,29.9,1,29.9,17,29.95,4,2,2022-08-08 09:09:37
1659949779264833000,29.9,1,29.9,17,29.95,10,2,2022-08-08 09:09:39
1659949779885197000,29.95,5,29.9,16,29.95,6,1,2022-08-08 09:09:39
1659949780736210000,29.9,2,29.9,14,29.95,6,2,2022-08-08 09:09:40
1659949783880287000,29.9,18,29.85,15,29.9,2,2,2022-08-08 09:09:43
1659949783899309000,29.85,1,29.85,14,29.9,2,2,2022-08-08 09:09:43
1659949783914520000,29.85,1,29.85,13,29.9,2,2,2022-08-08 09:09:43
1659949783914754000,29.85,1,29.85,15,29.9,2,2,2022-08-08 09:09:43
1659949784619941000,29.85,12,29.8,10,29.9,12,2,2022-08-08 09:09:44
1659949785226713000,29.9,1,29.8,12,29.9,21,1,2022-08-08 09:09:45
1659949787970873000,29.9,7,29.85,2,29.9,14,1,2022-08-08 09:09:47
1659949788025385000,29.85,1,29.85,1,29.9,14,2,2022-08-08 09:09:48
1659949788952501000,29.85,1,29.8,24,29.9,15,2,2022-08-08 09:09:48
1659949789066322000,29.9,10,29.8,24,29.9,5,1,2022-08-08 09:09:49
1659949789953165000,29.9,3,29.8,27,29.9,2,1,2022-08-08 09:09:49
1659949793957211000,29.85,4,29.8,26,29.9,10,2,2022-08-08 09:09:53
1659949794582563000,29.85,1,29.8,23,29.85,3,1,2022-08-08 09:09:54
1659949795447433000,29.85,2,29.8,23,29.85,2,1,2022-08-08 09:09:55
1659949795447433000,29.9,3,29.8,23,29.85,2,1,2022-08-08 09:09:55
1659949796681710000,29.85,1,29.8,23,29.9,9,2,2022-08-08 09:09:56
1659949800561163000,29.85,1,29.85,18,29.9,15,2,2022-08-08 09:10:00
1659949800594556000,29.85,11,29.85,7,29.9,15,2,2022-08-08 09:10:00
1659949801492768000,29.9,1,29.85,8,29.9,15,1,2022-08-08 09:10:01
1659949801607778000,29.85,9,29.8,24,29.9,15,2,2022-08-08 09:10:01
1659949801861307000,29.8,2,29.8,24,29.9,16,2,2022-08-08 09:10:01
1659949802042223000,29.85,1,29.8,22,29.9,16,2,2022-08-08 09:10:02
1659949803700155000,29.8,2,29.8,22,29.85,9,2,2022-08-08 09:10:03
1659949803714201000,29.8,3,29.8,19,29.85,9,2,2022-08-08 09:10:03
1659949803740504000,29.8,1,29.8,18,29.85,10,2,2022-08-08 09:10:03
1659949803765071000,29.8,1,29.8,17,29.85,10,2,2022-08-08 09:10:03
1659949804388034000,29.8,1,29.8,17,29.85,13,2,2022-08-08 09:10:04
1659949804689416000,29.8,15,29.8,1,29.85,13,2,2022-08-08 09:10:04
1659949804691881000,29.85,5,29.8,1,29.85,8,1,2022-08-08 09:10:04
1659949804725676000,29.8,1,29.75,12,29.85,8,2,2022-08-08 09:10:04
1659949804971348000,29.8,1,29.75,12,29.85,8,1,2022-08-08 09:10:04
1659949806008182000,29.8,1,29.75,12,29.85,9,2,2022-08-08 09:10:06
1659949807701540000,29.85,1,29.8,3,29.85,12,1,2022-08-08 09:10:07
1659949808958923000,29.8,2,29.8,3,29.85,11,2,2022-08-08 09:10:08
1659949809175482000,29.8,3,29.75,10,29.85,11,2,2022-08-08 09:10:09
1659949809175482000,29.75,4,29.75,10,29.85,11,2,2022-08-08 09:10:09
1659949809407666000,29.8,1,29.75,11,29.8,1,1,2022-08-08 09:10:09
1659949810414249000,29.8,2,29.8,11,29.85,11,2,2022-08-08 09:10:10
1659949810640098000,29.8,10,29.75,11,29.8,22,2,2022-08-08 09:10:10
1659949811768172000,29.8,1,29.75,11,29.8,22,1,2022-08-08 09:10:11
1659949811788897000,29.75,11,29.7,9,29.8,22,2,2022-08-08 09:10:11
1659949812359469000,29.75,2,29.7,9,29.8,22,1,2022-08-08 09:10:12
1659949813188892000,29.8,6,29.7,9,29.8,17,1,2022-08-08 09:10:13
1659949813495778000,29.7,1,29.7,12,29.8,17,2,2022-08-08 09:10:13
1659949813704474000,29.7,1,29.7,7,29.8,17,2,2022-08-08 09:10:13
1659949816095900000,29.75,1,29.7,15,29.75,19,2,2022-08-08 09:10:16
1659949816450550000,29.75,1,29.7,15,29.75,19,1,2022-08-08 09:10:16
1659949817936779000,29.7,1,29.7,14,29.75,18,2,2022-08-08 09:10:17
1659949818050887000,29.7,1,29.7,14,29.75,18,2,2022-08-08 09:10:18
1659949820577878000,29.7,1,29.7,15,29.75,26,2,2022-08-08 09:10:20
1659949821250645000,29.75,26,29.7,26,29.8,18,1,2022-08-08 09:10:21
1659949821275974000,29.8,18,29.7,28,29.85,16,1,2022-08-08 09:10:21
1659949821308296000,29.75,1,29.7,27,29.85,16,1,2022-08-08 09:10:21
1659949821945799000,29.7,2,29.7,29,29.85,16,2,2022-08-08 09:10:21
1659949822296842000,29.7,1,29.7,27,29.8,1,2,2022-08-08 09:10:22
1659949824850102000,29.75,1,29.75,7,29.8,1,2,2022-08-08 09:10:24
1659949825570606000,29.8,1,29.8,2,29.85,15,1,2022-08-08 09:10:25
1659949829247112000,29.8,5,29.8,19,29.85,10,2,2022-08-08 09:10:29
1659949832274909000,29.85,10,29.8,22,29.9,26,1,2022-08-08 09:10:32
1659949835379266000,29.85,1,29.8,23,29.85,1,2,2022-08-08 09:10:35
1659949836217117000,29.85,1,29.85,1,29.9,26,1,2022-08-08 09:10:36
1659949836248085000,29.85,1,29.8,22,29.9,26,2,2022-08-08 09:10:36
1659949839649377000,29.85,1,29.85,5,29.9,26,1,2022-08-08 09:10:39
1659949840937302000,29.85,1,29.85,5,29.9,26,2,2022-08-08 09:10:40
1659949840952188000,29.85,1,29.85,6,29.9,26,2,2022-08-08 09:10:40
1659949841581004000,29.9,1,29.85,4,29.9,24,1,2022-08-08 09:10:41
1659949841603317000,29.85,4,29.8,23,29.9,24,2,2022-08-08 09:10:41
1659949842346017000,29.85,2,29.8,23,29.85,22,1,2022-08-08 09:10:42
1659949843780770000,29.85,1,29.8,24,29.85,29,1,2022-08-08 09:10:43
1659949844230214000,29.85,3,29.8,24,29.85,26,1,2022-08-08 09:10:44
1659949845891559000,29.85,1,29.8,26,29.85,25,1,2022-08-08 09:10:45
1659949847067442000,29.85,5,29.8,26,29.85,20,1,2022-08-08 09:10:47
1659949847092672000,29.85,1,29.8,26,29.85,19,1,2022-08-08 09:10:47
1659949848333131000,29.85,5,29.8,26,29.85,14,1,2022-08-08 09:10:48
1659949849131693000,29.85,5,29.8,30,29.85,9,1,2022-08-08 09:10:49
1659949849156348000,29.85,2,29.8,30,29.85,7,1,2022-08-08 09:10:49
1659949850542218000,29.85,7,29.85,10,29.9,33,1,2022-08-08 09:10:50
1659949850965530000,29.85,12,29.8,9,29.9,33,2,2022-08-08 09:10:50
1659949851038947000,29.8,1,29.8,9,29.85,25,2,2022-08-08 09:10:51
1659949851305246000,29.8,9,29.8,9,29.85,25,2,2022-08-08 09:10:51
1659949852460024000,29.75,9,29.7,51,29.8,7,2,2022-08-08 09:10:52
1659949852863881000,29.75,1,29.7,50,29.75,32,1,2022-08-08 09:10:52
1659949854358952000,29.7,2,29.7,50,29.75,31,2,2022-08-08 09:10:54
1659949854423398000,29.7,1,29.7,49,29.75,31,2,2022-08-08 09:10:54
1659949854964135000,29.75,10,29.7,49,29.75,21,1,2022-08-08 09:10:54
1659949855089035000,29.75,1,29.7,49,29.75,20,1,2022-08-08 09:10:55
1659949858005941000,29.75,6,29.7,49,29.75,16,1,2022-08-08 09:10:58
1659949858038464000,29.7,1,29.7,48,29.75,16,2,2022-08-08 09:10:58
1659949858229228000,29.75,1,29.7,48,29.75,15,1,2022-08-08 09:10:58
1659949858837865000,29.75,2,29.7,48,29.75,13,1,2022-08-08 09:10:58
1659949860709755000,29.75,1,29.7,50,29.75,12,1,2022-08-08 09:11:00
1659949864467853000,29.75,7,29.7,42,29.75,5,1,2022-08-08 09:11:04
1659949864519670000,29.7,1,29.7,41,29.75,5,2,2022-08-08 09:11:04
1659949865386344000,29.75,2,29.7,41,29.75,3,1,2022-08-08 09:11:05
1659949865965858000,29.75,1,29.7,41,29.75,2,1,2022-08-08 09:11:05
1659949871466193000,29.7,4,29.7,39,29.75,3,2,2022-08-08 09:11:11
1659949871493793000,29.7,6,29.7,33,29.75,3,2,2022-08-08 09:11:11
1659949872310921000,29.75,2,29.7,33,29.75,1,1,2022-08-08 09:11:12
1659949872341225000,29.7,33,29.65,4,29.75,1,2,2022-08-08 09:11:12
1659949872524510000,29.7,9,29.65,4,29.75,26,1,2022-08-08 09:11:12
1659949872582978000,29.7,1,29.7,8,29.75,26,2,2022-08-08 09:11:12
1659949872595566000,29.7,1,29.7,7,29.75,26,2,2022-08-08 09:11:12
1659949872669829000,29.7,7,29.65,4,29.7,25,2,2022-08-08 09:11:12
1659949872706924000,29.65,1,29.65,3,29.7,25,2,2022-08-08 09:11:12
1659949872744166000,29.65,3,29.6,24,29.7,25,2,2022-08-08 09:11:12
1659949872911589000,29.6,8,29.6,16,29.65,2,2,2022-08-08 09:11:12
1659949873163942000,29.6,6,29.6,11,29.65,2,2,2022-08-08 09:11:13
1659949873345391000,29.6,2,29.6,11,29.65,2,2,2022-08-08 09:11:13
1659949873891551000,29.65,1,29.6,9,29.65,1,1,2022-08-08 09:11:13
1659949873994084000,29.6,1,29.6,8,29.65,1,2,2022-08-08 09:11:13
1659949874252051000,29.65,1,29.6,8,29.7,50,1,2022-08-08 09:11:14
1659949874329680000,29.6,2,29.6,6,29.65,1,2,2022-08-08 09:11:14
1659949875188575000,29.65,1,29.6,6,29.65,2,1,2022-08-08 09:11:15
1659949877482639000,29.65,1,29.6,6,29.65,1,1,2022-08-08 09:11:17
1659949878077647000,29.6,1,29.6,6,29.65,1,2,2022-08-08 09:11:18
1659949878105059000,29.65,1,29.6,6,29.7,27,1,2022-08-08 09:11:18
1659949880213095000,29.7,1,29.6,6,29.7,27,1,2022-08-08 09:11:20
1659949880307767000,29.7,2,29.6,6,29.7,25,1,2022-08-08 09:11:20
1659949880629296000,29.6,1,29.6,5,29.7,24,2,2022-08-08 09:11:20
1659949881248620000,29.65,1,29.6,5,29.7,25,1,2022-08-08 09:11:21
1659949884611483000,29.65,2,29.6,7,29.65,2,1,2022-08-08 09:11:24
1659949884921158000,29.65,2,29.6,7,29.7,24,1,2022-08-08 09:11:24
1659949885672615000,29.65,1,29.6,7,29.65,1,2,2022-08-08 09:11:25
1659949886765660000,29.65,1,29.6,7,29.7,24,1,2022-08-08 09:11:26
1659949888939763000,29.6,1,29.6,7,29.65,1,2,2022-08-08 09:11:28
1659949889804354000,29.65,1,29.6,7,29.65,1,1,2022-08-08 09:11:29
1659949890576772000,29.6,1,29.6,6,29.65,1,2,2022-08-08 09:11:30
1659949890579092000,29.65,1,29.65,1,29.7,24,1,2022-08-08 09:11:30
1659949890612720000,29.65,1,29.6,6,29.7,24,2,2022-08-08 09:11:30
1659949891145398000,29.6,3,29.6,5,29.7,24,2,2022-08-08 09:11:31
1659949894820453000,29.65,1,29.6,10,29.7,24,1,2022-08-08 09:11:34
1659949896865200000,29.65,1,29.65,1,29.7,24,2,2022-08-08 09:11:36
1659949898628117000,29.7,2,29.65,2,29.7,2,1,2022-08-08 09:11:38
1659949898776707000,29.65,1,29.65,1,29.7,2,2,2022-08-08 09:11:38
1659949899132629000,29.65,1,29.6,10,29.7,2,2,2022-08-08 09:11:39
1659949899820857000,29.6,10,29.55,27,29.7,2,2,2022-08-08 09:11:39
1659949899820857000,29.55,10,29.55,27,29.7,2,2,2022-08-08 09:11:39
1659949901333156000,29.65,1,29.55,26,29.65,3,1,2022-08-08 09:11:41
1659949901507761000,29.6,1,29.55,26,29.6,1,1,2022-08-08 09:11:41
1659949904870451000,29.55,1,29.55,28,29.65,8,2,2022-08-08 09:11:44
1659949906559583000,29.55,1,29.55,42,29.65,8,2,2022-08-08 09:11:46
1659949908056193000,29.6,1,29.55,42,29.65,8,1,2022-08-08 09:11:48
1659949908119588000,29.6,1,29.55,43,29.65,5,1,2022-08-08 09:11:48
1659949908119588000,29.65,3,29.55,43,29.65,5,1,2022-08-08 09:11:48
1659949908963133000,29.65,2,29.55,43,29.65,3,1,2022-08-08 09:11:48
1659949909423138000,29.65,3,29.55,44,29.7,8,1,2022-08-08 09:11:49
1659949913363493000,29.6,1,29.6,2,29.65,1,2,2022-08-08 09:11:53
1659949914098266000,29.65,2,29.65,2,29.7,8,1,2022-08-08 09:11:54
1659949916369341000,29.65,4,29.6,23,29.65,19,2,2022-08-08 09:11:56
1659949918283528000,29.65,3,29.6,23,29.65,16,1,2022-08-08 09:11:58
1659949920533503000,29.65,1,29.6,23,29.65,16,1,2022-08-08 09:12:00
1659949921187722000,29.65,15,29.6,23,29.7,10,1,2022-08-08 09:12:01
1659949921733210000,29.7,1,29.6,23,29.7,9,1,2022-08-08 09:12:01
1659949926041221000,29.65,1,29.6,27,29.65,5,1,2022-08-08 09:12:06
1659949926325914000,29.65,1,29.6,27,29.65,4,1,2022-08-08 09:12:06
1659949926750154000,29.65,1,29.6,27,29.65,3,1,2022-08-08 09:12:06
1659949926755176000,29.65,1,29.6,27,29.65,2,1,2022-08-08 09:12:06
1659949927702580000,29.6,2,29.6,25,29.65,2,2,2022-08-08 09:12:07
1659949929130671000,29.65,2,29.6,25,29.7,17,1,2022-08-08 09:12:09
1659949930291610000,29.65,1,29.65,1,29.7,17,2,2022-08-08 09:12:10
1659949942206147000,29.65,14,29.65,20,29.7,18,2,2022-08-08 09:12:22
1659949942234374000,29.65,20,29.6,34,29.7,18,2,2022-08-08 09:12:22
1659949942951944000,29.6,34,29.55,59,29.6,9,2,2022-08-08 09:12:22
1659949942986685000,29.6,9,29.55,59,29.65,25,1,2022-08-08 09:12:22
1659949942989969000,29.55,2,29.55,57,29.65,25,2,2022-08-08 09:12:22
1659949943039955000,29.55,14,29.55,43,29.65,26,2,2022-08-08 09:12:23
1659949943075344000,29.55,8,29.55,35,29.6,1,2,2022-08-08 09:12:23
1659949943075943000,29.55,3,29.55,32,29.6,1,2,2022-08-08 09:12:23
1659949943126120000,29.55,16,29.55,16,29.6,2,2,2022-08-08 09:12:23
1659949943154877000,29.55,16,29.5,86,29.6,2,2,2022-08-08 09:12:23
1659949945056251000,29.55,2,29.5,90,29.6,6,1,2022-08-08 09:12:25
1659949945235364000,29.55,28,29.5,90,29.6,2,1,2022-08-08 09:12:25
1659949946306562000,29.5,1,29.5,90,29.6,2,2,2022-08-08 09:12:26
1659949948440415000,29.5,5,29.5,84,29.55,7,2,2022-08-08 09:12:28
1659949948650013000,29.55,3,29.5,84,29.55,4,1,2022-08-08 09:12:28
1659949950302080000,29.5,1,29.5,83,29.55,4,2,2022-08-08 09:12:30
1659949950466563000,29.55,4,29.5,83,29.6,2,1,2022-08-08 09:12:30
1659949950466563000,29.6,1,29.5,83,29.6,2,1,2022-08-08 09:12:30
1659949954562285000,29.55,1,29.5,96,29.6,5,1,2022-08-08 09:12:34
1659949955597559000,29.55,2,29.5,97,29.55,9,1,2022-08-08 09:12:35
1659949957998419000,29.55,2,29.5,97,29.55,7,1,2022-08-08 09:12:37
1659949960063654000,29.55,1,29.5,97,29.55,7,1,2022-08-08 09:12:40
1659949960722343000,29.5,1,29.5,96,29.55,8,2,2022-08-08 09:12:40
1659949962093918000,29.55,1,29.5,96,29.55,7,1,2022-08-08 09:12:42
1659949967874693000,29.55,2,29.5,98,29.55,14,1,2022-08-08 09:12:47
1659949968149377000,29.55,1,29.5,98,29.55,13,1,2022-08-08 09:12:48
1659949968593205000,29.55,1,29.5,98,29.55,13,1,2022-08-08 09:12:48
1659949968784300000,29.5,1,29.5,97,29.55,13,2,2022-08-08 09:12:48
1659949968942501000,29.5,3,29.5,74,29.55,13,2,2022-08-08 09:12:48
1659949969065645000,29.55,1,29.5,77,29.55,13,1,2022-08-08 09:12:49
1659949969173583000,29.5,1,29.5,73,29.55,12,2,2022-08-08 09:12:49
1659949970379429000,29.55,1,29.5,74,29.55,11,1,2022-08-08 09:12:50
1659949982153463000,29.55,5,29.5,74,29.55,5,1,2022-08-08 09:13:02
1659949982166379000,29.55,1,29.5,74,29.55,4,1,2022-08-08 09:13:02
1659949982373080000,29.5,2,29.5,72,29.55,4,2,2022-08-08 09:13:02
1659949982392615000,29.5,19,29.5,53,29.55,4,2,2022-08-08 09:13:02
1659949982466340000,29.5,1,29.5,53,29.55,4,2,2022-08-08 09:13:02
1659949983871820000,29.5,1,29.5,51,29.55,4,2,2022-08-08 09:13:03
1659949983980430000,29.5,7,29.5,52,29.55,4,2,2022-08-08 09:13:03
1659949984203387000,29.5,4,29.5,40,29.55,4,2,2022-08-08 09:13:04
1659949984659381000,29.5,14,29.5,26,29.55,4,2,2022-08-08 09:13:04
1659949985347114000,29.55,1,29.5,26,29.55,3,1,2022-08-08 09:13:05
1659949985522558000,29.5,5,29.5,21,29.55,3,2,2022-08-08 09:13:05
1659949985746489000,29.5,1,29.5,20,29.55,3,2,2022-08-08 09:13:05
1659949986527482000,29.5,1,29.5,19,29.55,3,2,2022-08-08 09:13:06
1659949986535552000,29.5,1,29.5,18,29.55,3,2,2022-08-08 09:13:06
1659949986579449000,29.5,1,29.5,17,29.55,3,2,2022-08-08 09:13:06
1659949990809763000,29.5,17,29.45,28,29.5,3,2,2022-08-08 09:13:10
1659949990836207000,29.45,1,29.45,27,29.5,6,2,2022-08-08 09:13:10
1659949990854729000,29.45,1,29.45,26,29.5,6,2,2022-08-08 09:13:10
1659949990855260000,29.45,1,29.45,25,29.5,6,2,2022-08-08 09:13:10
1659949991322830000,29.5,1,29.45,25,29.5,5,1,2022-08-08 09:13:11
1659949991340705000,29.5,5,29.45,25,29.55,3,1,2022-08-08 09:13:11
1659949991958305000,29.5,2,29.5,2,29.55,5,2,2022-08-08 09:13:11
1659949991958305000,29.45,2,29.5,2,29.55,5,2,2022-08-08 09:13:11
1659949994320433000,29.5,1,29.45,23,29.5,1,1,2022-08-08 09:13:14
1659949995221143000,29.45,2,29.45,22,29.5,1,2,2022-08-08 09:13:15
1659949995587041000,29.45,1,29.45,21,29.5,1,2,2022-08-08 09:13:15
1659949996314623000,29.45,1,29.45,20,29.5,2,2,2022-08-08 09:13:16
1659949998326744000,29.45,1,29.45,19,29.5,3,2,2022-08-08 09:13:18
1659949999294219000,29.45,1,29.45,18,29.5,3,2,2022-08-08 09:13:19
1659949999481668000,29.45,4,29.45,14,29.5,3,2,2022-08-08 09:13:19
1659950000089121000,29.45,1,29.45,13,29.5,4,2,2022-08-08 09:13:20
1659950000170906000,29.5,1,29.45,13,29.5,3,1,2022-08-08 09:13:20
1659950000177324000,29.45,1,29.45,12,29.5,3,2,2022-08-08 09:13:20
1659950000264893000,29.45,1,29.45,11,29.5,3,2,2022-08-08 09:13:20
1659950000792747000,29.45,1,29.45,10,29.5,3,2,2022-08-08 09:13:20
1659950002034847000,29.45,1,29.45,9,29.5,3,2,2022-08-08 09:13:22
1659950003455692000,29.45,2,29.45,7,29.5,3,2,2022-08-08 09:13:23
1659950004218115000,29.45,9,29.4,16,29.45,4,2,2022-08-08 09:13:24
1659950004247947000,29.45,4,29.4,18,29.5,3,1,2022-08-08 09:13:24
1659950005666469000,29.45,2,29.45,5,29.5,2,2,2022-08-08 09:13:25
1659950006251302000,29.5,2,29.5,1,29.55,20,1,2022-08-08 09:13:26
1659950006282477000,29.5,1,29.4,19,29.55,20,2,2022-08-08 09:13:26
1659950006282477000,29.45,3,29.4,19,29.55,20,2,2022-08-08 09:13:26
1659950007011984000,29.45,2,29.4,19,29.5,30,2,2022-08-08 09:13:27
1659950009447413000,29.5,3,29.45,3,29.5,27,1,2022-08-08 09:13:29
1659950009932170000,29.45,3,29.4,20,29.45,2,2,2022-08-08 09:13:29
1659950009981055000,29.45,2,29.4,19,29.5,27,1,2022-08-08 09:13:29
1659950010052901000,29.4,2,29.4,17,29.5,27,2,2022-08-08 09:13:30
1659950010278566000,29.4,2,29.4,15,29.5,27,2,2022-08-08 09:13:30
1659950012192485000,29.45,2,29.45,4,29.5,27,1,2022-08-08 09:13:32
1659950012232917000,29.45,1,29.45,4,29.5,27,2,2022-08-08 09:13:32
1659950013916488000,29.45,3,29.4,13,29.5,27,2,2022-08-08 09:13:33
1659950013916488000,29.4,2,29.4,13,29.5,27,2,2022-08-08 09:13:33
1659950015602744000,29.4,7,29.4,7,29.45,1,2,2022-08-08 09:13:35
1659950016170525000,29.45,1,29.4,7,29.5,29,1,2022-08-08 09:13:36
1659950020174390000,29.5,30,29.4,18,29.55,23,1,2022-08-08 09:13:40
1659950020238304000,29.45,1,29.4,24,29.45,1,1,2022-08-08 09:13:40
1659950020260676000,29.45,1,29.4,24,29.55,23,1,2022-08-08 09:13:40
1659950022262228000,29.55,23,29.45,3,29.6,14,1,2022-08-08 09:13:42
1659950023901439000,29.5,1,29.5,2,29.6,14,2,2022-08-08 09:13:43
1659950026504099000,29.5,1,29.45,13,29.6,16,2,2022-08-08 09:13:46
1659950026504099000,29.45,2,29.45,13,29.6,16,2,2022-08-08 09:13:46
1659950026575510000,29.6,3,29.45,15,29.6,16,1,2022-08-08 09:13:46
1659950028192057000,29.6,13,29.5,2,29.65,6,1,2022-08-08 09:13:48
1659950028295198000,29.5,2,29.5,7,29.65,7,2,2022-08-08 09:13:48
1659950031574150000,29.5,2,29.45,16,29.6,10,1,2022-08-08 09:13:51
1659950034472602000,29.6,10,29.5,4,29.65,7,1,2022-08-08 09:13:54
1659950035342125000,29.55,1,29.5,5,29.65,7,1,2022-08-08 09:13:55
1659950035587404000,29.5,1,29.5,5,29.65,7,2,2022-08-08 09:13:55
1659950042329746000,29.55,2,29.55,7,29.65,7,2,2022-08-08 09:14:02
1659950043463027000,29.55,1,29.55,6,29.65,7,2,2022-08-08 09:14:03
1659950047410648000,29.6,1,29.55,7,29.65,7,1,2022-08-08 09:14:07
1659950047435689000,29.65,7,29.55,7,29.7,6,1,2022-08-08 09:14:07
1659950051216936000,29.7,5,29.55,11,29.75,2,1,2022-08-08 09:14:11
1659950053504699000,29.75,1,29.6,3,29.75,4,1,2022-08-08 09:14:13
1659950054209341000,29.75,1,29.6,5,29.75,3,1,2022-08-08 09:14:14
1659950055259875000,29.75,1,29.6,4,29.8,17,2,2022-08-08 09:14:15
1659950056801791000,29.6,1,29.6,3,29.75,4,2,2022-08-08 09:14:16
1659950073935880000,29.65,2,29.65,2,29.7,2,2,2022-08-08 09:14:33
1659950073963720000,29.65,1,29.65,1,29.7,2,2,2022-08-08 09:14:33
1659950073995062000,29.65,1,29.6,11,29.7,2,2,2022-08-08 09:14:33
1659950080468908000,29.6,1,29.6,14,29.65,5,2,2022-08-08 09:14:40
1659950080541972000,29.6,9,29.6,5,29.65,5,2,2022-08-08 09:14:40
1659950080577277000,29.6,5,29.55,11,29.65,5,2,2022-08-08 09:14:40
1659950083993027000,29.6,2,29.55,9,29.6,3,2,2022-08-08 09:14:43
1659950088603345000,29.6,3,29.6,7,29.65,7,1,2022-08-08 09:14:48
1659950090812172000,29.6,5,29.6,2,29.65,2,2,2022-08-08 09:14:50
1659950091804447000,29.7,1,29.6,2,29.7,6,1,2022-08-08 09:14:51
1659950095241504000,29.65,2,29.65,5,29.7,2,2,2022-08-08 09:14:55
1659950095268387000,29.65,5,29.6,5,29.7,2,2,2022-08-08 09:14:55
1659950096322545000,29.7,2,29.6,5,29.7,3,1,2022-08-08 09:14:56
1659950096828745000,29.7,1,29.7,1,29.75,10,2,2022-08-08 09:14:56
1659950096837327000,29.7,1,29.6,5,29.75,10,2,2022-08-08 09:14:56
1659950101352584000,29.75,1,29.65,1,29.75,6,1,2022-08-08 09:15:01
1659950101549444000,29.7,1,29.65,1,29.75,6,2,2022-08-08 09:15:01
1659950107479832000,29.7,1,29.7,4,29.75,6,1,2022-08-08 09:15:07
1659950107523305000,29.7,1,29.7,3,29.75,7,2,2022-08-08 09:15:07
1659950107556598000,29.7,3,29.65,1,29.75,9,2,2022-08-08 09:15:07
1659950108653735000,29.7,1,29.65,1,29.75,13,2,2022-08-08 09:15:08
1659950114205274000,29.65,3,29.6,6,29.7,17,2,2022-08-08 09:15:14
1659950114373514000,29.65,1,29.65,1,29.7,19,2,2022-08-08 09:15:14
1659950118230326000,29.6,6,29.55,11,29.65,8,2,2022-08-08 09:15:18
1659950118777215000,29.65,4,29.55,11,29.7,16,1,2022-08-08 09:15:18
1659950118777215000,29.7,6,29.55,11,29.7,16,1,2022-08-08 09:15:18
1659950122853917000,29.7,1,29.6,2,29.7,16,1,2022-08-08 09:15:22
1659950123679762000,29.6,2,29.55,11,29.65,10,2,2022-08-08 09:15:23
1659950123679762000,29.55,3,29.55,11,29.65,10,2,2022-08-08 09:15:23
1659950123873894000,29.6,1,29.55,11,29.65,10,2,2022-08-08 09:15:23
1659950124764250000,29.65,1,29.6,2,29.65,10,1,2022-08-08 09:15:24
1659950125805797000,29.65,5,29.6,2,29.65,4,1,2022-08-08 09:15:25
1659950147379352000,29.65,10,29.6,17,29.65,7,1,2022-08-08 09:15:47
1659950147424648000,29.6,1,29.6,16,29.65,7,2,2022-08-08 09:15:47
1659950153993687000,29.6,5,29.6,9,29.65,17,2,2022-08-08 09:15:53
1659950155137010000,29.6,1,29.6,8,29.65,17,2,2022-08-08 09:15:55
1659950155371353000,29.6,1,29.6,7,29.65,17,2,2022-08-08 09:15:55
1659950157791083000,29.6,8,29.55,14,29.65,16,2,2022-08-08 09:15:57
1659950166629421000,29.6,1,29.55,15,29.65,16,1,2022-08-08 09:16:06
1659950167023987000,29.55,1,29.55,14,29.65,16,2,2022-08-08 09:16:07
1659950169771979000,29.6,2,29.55,15,29.65,16,2,2022-08-08 09:16:09
1659950169829380000,29.6,1,29.55,15,29.65,16,1,2022-08-08 09:16:09
1659950174017960000,29.65,16,29.6,2,29.7,13,1,2022-08-08 09:16:14
1659950176743570000,29.7,11,29.6,3,29.75,2,1,2022-08-08 09:16:16
1659950178942292000,29.6,1,29.6,7,29.8,4,2,2022-08-08 09:16:18
1659950184989305000,29.75,1,29.6,3,29.75,3,1,2022-08-08 09:16:24
1659950188443658000,29.65,1,29.6,5,29.8,4,2,2022-08-08 09:16:28
1659950190620188000,29.6,1,29.6,5,29.8,4,2,2022-08-08 09:16:30
1659950197999494000,29.65,1,29.65,3,29.75,16,2,2022-08-08 09:16:37
1659950198027573000,29.75,1,29.65,3,29.75,15,1,2022-08-08 09:16:38
1659950201962270000,29.65,1,29.6,8,29.7,6,2,2022-08-08 09:16:41
1659950201962270000,29.6,1,29.6,8,29.7,6,2,2022-08-08 09:16:41
1659950208048948000,29.65,1,29.6,7,29.7,7,2,2022-08-08 09:16:48
1659950210825425000,29.7,1,29.6,8,29.7,6,1,2022-08-08 09:16:50
1659950210855681000,29.7,1,29.6,8,29.7,5,1,2022-08-08 09:16:50
1659950221327896000,29.7,8,29.65,11,29.7,8,1,2022-08-08 09:17:01
1659950225138205000,29.75,1,29.65,14,29.75,17,1,2022-08-08 09:17:05
1659950234574814000,29.65,1,29.65,13,29.75,17,2,2022-08-08 09:17:14
1659950250392132000,29.75,1,29.65,18,29.75,16,1,2022-08-08 09:17:30
1659950265739251000,29.65,5,29.65,12,29.75,28,2,2022-08-08 09:17:45
1659950273182576000,29.65,3,29.65,10,29.7,1,2,2022-08-08 09:17:53
1659950277007071000,29.65,1,29.65,9,29.7,1,2,2022-08-08 09:17:57
1659950279781225000,29.65,5,29.65,4,29.7,1,2,2022-08-08 09:17:59
1659950279804257000,29.65,4,29.6,19,29.7,1,2,2022-08-08 09:17:59
1659950280697547000,29.65,1,29.65,2,29.7,4,2,2022-08-08 09:18:00
1659950284100609000,29.65,2,29.65,11,29.7,3,2,2022-08-08 09:18:04
1659950285260074000,29.65,5,29.65,6,29.7,1,2,2022-08-08 09:18:05
1659950298434026000,29.65,1,29.65,5,29.7,12,2,2022-08-08 09:18:18
1659950300218933000,29.7,12,29.7,3,29.75,19,1,2022-08-08 09:18:20
1659950316248769000,29.7,2,29.7,2,29.75,18,2,2022-08-08 09:18:36
1659950326445929000,29.7,1,29.7,3,29.75,18,2,2022-08-08 09:18:46
1659950329971310000,29.7,1,29.7,1,29.75,18,2,2022-08-08 09:18:49
1659950333679406000,29.65,1,29.65,6,29.7,2,2,2022-08-08 09:18:53
1659950336857241000,29.7,1,29.65,6,29.7,2,1,2022-08-08 09:18:56
1659950338435113000,29.65,2,29.65,4,29.7,2,2,2022-08-08 09:18:58
1659950339099630000,29.65,4,29.6,22,29.7,3,2,2022-08-08 09:18:59
1659950341333324000,29.65,1,29.6,24,29.65,1,1,2022-08-08 09:19:01
1659950349346258000,29.65,1,29.6,23,29.65,3,1,2022-08-08 09:19:09
1659950349396632000,29.65,1,29.6,23,29.65,2,1,2022-08-08 09:19:09
1659950350301185000,29.65,2,29.6,23,29.7,7,1,2022-08-08 09:19:10
1659950354749538000,29.65,1,29.65,1,29.7,12,1,2022-08-08 09:19:14
1659950354775892000,29.65,1,29.6,21,29.7,12,2,2022-08-08 09:19:14
1659950356580857000,29.65,3,29.6,21,29.7,13,2,2022-08-08 09:19:16
1659950356580873000,29.6,21,29.55,18,29.7,13,2,2022-08-08 09:19:16
1659950356974183000,29.6,1,29.55,20,29.7,14,1,2022-08-08 09:19:16
1659950358020926000,29.7,1,29.55,20,29.7,13,1,2022-08-08 09:19:18
1659950363973953000,29.6,1,29.55,17,29.6,2,1,2022-08-08 09:19:23
1659950364204988000,29.6,2,29.55,19,29.65,6,1,2022-08-08 09:19:24
1659950371984609000,29.65,13,29.65,2,29.7,20,1,2022-08-08 09:19:31
1659950372008729000,29.65,2,29.55,21,29.7,20,2,2022-08-08 09:19:32
1659950378083572000,29.6,1,29.55,24,29.7,15,1,2022-08-08 09:19:38
1659950388619000000,29.65,1,29.6,14,29.7,15,1,2022-08-08 09:19:48
1659950391171201000,29.6,1,29.6,14,29.7,15,2,2022-08-08 09:19:51
1659950395327188000,29.6,1,29.6,14,29.7,15,2,2022-08-08 09:19:55
1659950402718388000,29.6,1,29.6,17,29.7,19,2,2022-08-08 09:20:02
1659950405448890000,29.65,1,29.6,14,29.7,19,1,2022-08-08 09:20:05
1659950415229081000,29.6,5,29.6,12,29.65,10,2,2022-08-08 09:20:15
1659950415254832000,29.6,12,29.55,25,29.65,11,2,2022-08-08 09:20:15
1659950424185950000,29.6,1,29.55,24,29.65,12,2,2022-08-08 09:20:24
1659950427777720000,29.6,1,29.55,23,29.65,12,1,2022-08-08 09:20:27
1659950437685437000,29.6,1,29.55,23,29.65,14,2,2022-08-08 09:20:37
1659950441169594000,29.6,1,29.55,26,29.65,14,2,2022-08-08 09:20:41
1659950449783274000,29.6,1,29.55,29,29.65,14,1,2022-08-08 09:20:49
1659950460069422000,29.6,1,29.55,31,29.6,1,1,2022-08-08 09:21:00
1659950460897338000,29.6,1,29.55,31,29.65,14,1,2022-08-08 09:21:00
1659950468581948000,29.6,1,29.55,31,29.65,14,2,2022-08-08 09:21:08
1659950470637328000,29.6,1,29.55,29,29.65,14,1,2022-08-08 09:21:10
1659950470670371000,29.65,14,29.55,29,29.7,31,1,2022-08-08 09:21:10
1659950470890664000,29.7,2,29.65,1,29.7,29,1,2022-08-08 09:21:10
1659950470923301000,29.7,29,29.65,1,29.75,16,1,2022-08-08 09:21:10
1659950471172310000,29.75,3,29.7,13,29.75,13,1,2022-08-08 09:21:11
1659950471173867000,29.75,13,29.7,13,29.8,17,1,2022-08-08 09:21:11
1659950471313557000,29.8,11,29.75,3,29.8,6,1,2022-08-08 09:21:11
1659950471358390000,29.8,3,29.75,3,29.8,3,1,2022-08-08 09:21:11
1659950471395527000,29.8,3,29.75,3,29.85,8,1,2022-08-08 09:21:11
1659950471512870000,29.85,2,29.75,3,29.85,7,1,2022-08-08 09:21:11
1659950471628088000,29.85,2,29.75,4,29.85,5,1,2022-08-08 09:21:11
1659950471679793000,29.85,1,29.75,4,29.85,4,1,2022-08-08 09:21:11
1659950471706839000,29.85,1,29.75,4,29.85,3,1,2022-08-08 09:21:11
1659950471793746000,29.75,3,29.75,1,29.85,3,2,2022-08-08 09:21:11
1659950476863447000,29.8,1,29.75,8,29.85,2,1,2022-08-08 09:21:16
1659950476955501000,29.8,1,29.75,8,29.85,3,2,2022-08-08 09:21:16
1659950484692946000,29.8,4,29.8,6,29.85,2,1,2022-08-08 09:21:24
1659950484720314000,29.8,6,29.75,7,29.85,2,2,2022-08-08 09:21:24
1659950486344381000,29.8,1,29.75,7,29.85,2,2,2022-08-08 09:21:26
1659950491087251000,29.85,1,29.8,10,29.85,3,1,2022-08-08 09:21:31
1659950498308944000,29.85,5,29.8,12,29.9,10,1,2022-08-08 09:21:38
1659950505678562000,29.85,1,29.8,13,29.9,11,1,2022-08-08 09:21:45
1659950507124737000,29.8,5,29.8,6,29.85,2,2,2022-08-08 09:21:47
1659950507161015000,29.8,4,29.8,2,29.85,2,2,2022-08-08 09:21:47
1659950507193833000,29.8,2,29.75,8,29.85,2,2,2022-08-08 09:21:47
1659950510118105000,29.8,2,29.75,8,29.8,3,1,2022-08-08 09:21:50
1659950510298342000,29.8,1,29.75,8,29.8,2,1,2022-08-08 09:21:50
1659950514408334000,29.8,1,29.75,9,29.8,4,1,2022-08-08 09:21:54
1659950514425619000,29.8,2,29.75,9,29.8,2,1,2022-08-08 09:21:54
1659950516219427000,29.8,2,29.75,10,29.85,6,1,2022-08-08 09:21:56
1659950524421267000,29.85,1,29.75,12,29.85,2,1,2022-08-08 09:22:04
1659950527542809000,29.85,7,29.85,8,29.9,12,1,2022-08-08 09:22:07
1659950530128957000,29.85,1,29.85,9,29.9,12,2,2022-08-08 09:22:10
1659950535176479000,29.85,1,29.85,8,29.9,12,2,2022-08-08 09:22:15
1659950545806693000,29.85,1,29.85,9,29.9,12,2,2022-08-08 09:22:25
1659950546611364000,29.9,1,29.85,9,29.9,11,1,2022-08-08 09:22:26
1659950548546440000,29.85,3,29.85,6,29.9,11,2,2022-08-08 09:22:28
1659950552959617000,29.85,1,29.85,6,29.9,10,2,2022-08-08 09:22:32
1659950553125605000,29.9,2,29.85,6,29.9,8,1,2022-08-08 09:22:33
1659950555060966000,29.9,1,29.85,7,29.9,9,1,2022-08-08 09:22:35
1659950555957888000,29.85,2,29.85,5,29.9,9,2,2022-08-08 09:22:35
1659950557035510000,29.9,3,29.85,3,29.9,6,1,2022-08-08 09:22:37
1659950557146586000,29.9,6,29.85,3,29.95,16,1,2022-08-08 09:22:37
1659950559507906000,29.95,5,29.9,13,29.95,12,1,2022-08-08 09:22:39
1659950559540517000,29.95,7,29.9,14,29.95,5,1,2022-08-08 09:22:39
1659950559543642000,29.95,4,29.9,14,29.95,1,1,2022-08-08 09:22:39
1659950559572581000,29.95,1,29.9,14,30.0,54,1,2022-08-08 09:22:39
1659950559615202000,30.0,1,29.9,14,30.0,54,1,2022-08-08 09:22:39
1659950561198079000,30.0,3,29.95,4,30.0,50,1,2022-08-08 09:22:41
1659950561251462000,30.0,12,29.95,7,30.0,38,1,2022-08-08 09:22:41
1659950561326455000,30.0,1,29.95,8,30.0,37,1,2022-08-08 09:22:41
1659950561362207000,30.0,14,29.95,8,30.0,23,1,2022-08-08 09:22:41
1659950561394065000,30.0,5,29.95,8,30.0,18,1,2022-08-08 09:22:41
1659950561394198000,30.0,4,29.95,8,30.0,14,1,2022-08-08 09:22:41
1659950561421982000,30.0,2,29.95,8,30.0,12,1,2022-08-08 09:22:41
1659950561449828000,30.0,2,29.95,8,30.0,10,1,2022-08-08 09:22:41
1659950561457611000,30.0,10,29.95,8,30.05,19,1,2022-08-08 09:22:41
1659950561571795000,30.05,2,29.95,8,30.05,17,1,2022-08-08 09:22:41
1659950561576122000,30.05,4,29.95,8,30.05,13,1,2022-08-08 09:22:41
1659950561603546000,30.05,5,29.95,8,30.05,8,1,2022-08-08 09:22:41
1659950561603624000,30.05,4,29.95,8,30.05,4,1,2022-08-08 09:22:41
1659950561644114000,30.05,1,29.95,8,30.05,3,1,2022-08-08 09:22:41
1659950561681260000,30.05,2,30.0,1,30.05,1,1,2022-08-08 09:22:41
1659950561684573000,30.05,1,30.0,1,30.1,42,1,2022-08-08 09:22:41
1659950561754844000,30.1,1,29.95,8,30.1,41,1,2022-08-08 09:22:41
1659950561770002000,30.1,1,29.95,8,30.1,40,1,2022-08-08 09:22:41
1659950561789617000,30.1,1,29.95,8,30.1,39,1,2022-08-08 09:22:41
1659950561867646000,30.1,2,29.95,10,30.1,39,1,2022-08-08 09:22:41
1659950562483280000,30.1,2,30.0,1,30.1,35,1,2022-08-08 09:22:42
1659950563114424000,30.1,1,30.05,2,30.1,34,1,2022-08-08 09:22:43
1659950566396711000,30.1,1,30.05,4,30.1,33,1,2022-08-08 09:22:46
1659950566430001000,30.1,2,30.05,4,30.1,31,1,2022-08-08 09:22:46
1659950566579689000,30.1,1,30.05,4,30.1,30,1,2022-08-08 09:22:46
1659950566812251000,30.05,1,30.05,3,30.1,30,2,2022-08-08 09:22:46
1659950566813297000,30.05,3,30.0,1,30.05,4,2,2022-08-08 09:22:46
1659950567975927000,30.05,3,30.0,1,30.05,2,1,2022-08-08 09:22:47
1659950568317715000,30.05,2,30.0,1,30.1,27,1,2022-08-08 09:22:48
1659950568317715000,30.1,3,30.0,1,30.1,27,1,2022-08-08 09:22:48
1659950568948029000,30.0,1,29.95,9,30.05,1,2,2022-08-08 09:22:48
1659950569779088000,30.05,1,30.0,1,30.1,28,1,2022-08-08 09:22:49
1659950570439857000,30.05,1,30.0,1,30.1,28,2,2022-08-08 09:22:50
1659950571907628000,30.05,1,30.0,1,30.1,28,2,2022-08-08 09:22:51
1659950572761106000,30.0,1,30.0,2,30.1,28,2,2022-08-08 09:22:52
1659950575313356000,30.05,1,30.05,3,30.1,31,1,2022-08-08 09:22:55
1659950575344232000,30.05,3,30.0,5,30.1,31,2,2022-08-08 09:22:55
1659950577100967000,30.05,5,30.0,7,30.05,1,1,2022-08-08 09:22:57
1659950577127900000,30.0,1,30.0,6,30.05,1,2,2022-08-08 09:22:57
1659950577693612000,30.0,2,30.0,5,30.05,1,2,2022-08-08 09:22:57
1659950578403710000,30.05,1,30.0,6,30.05,1,1,2022-08-08 09:22:58
1659950578846303000,30.05,1,30.05,19,30.1,32,2,2022-08-08 09:22:58
1659950579180271000,30.05,5,30.05,20,30.1,34,2,2022-08-08 09:22:59
1659950579203781000,30.05,11,30.05,9,30.1,34,2,2022-08-08 09:22:59
1659950579207739000,30.05,1,30.05,8,30.1,34,2,2022-08-08 09:22:59
1659950579223986000,30.05,8,30.0,6,30.1,34,2,2022-08-08 09:22:59
1659950579620225000,30.1,1,30.0,6,30.1,34,1,2022-08-08 09:22:59
1659950579841263000,30.0,3,30.0,3,30.1,33,2,2022-08-08 09:22:59
1659950580501097000,30.05,1,30.0,3,30.05,1,2,2022-08-08 09:23:00
1659950580861058000,30.0,3,29.95,15,30.0,9,2,2022-08-08 09:23:00
1659950586812886000,30.0,1,29.95,17,30.0,8,1,2022-08-08 09:23:06
1659950587657637000,30.0,2,29.95,17,30.0,6,1,2022-08-08 09:23:07
1659950588270561000,30.0,1,29.95,17,30.0,6,1,2022-08-08 09:23:08
1659950590116515000,30.0,6,30.0,4,30.05,39,1,2022-08-08 09:23:10
1659950590150142000,30.0,1,30.0,3,30.05,39,2,2022-08-08 09:23:10
1659950595282727000,30.0,1,30.0,10,30.05,39,2,2022-08-08 09:23:15
1659950595556156000,30.0,1,30.0,9,30.05,39,2,2022-08-08 09:23:15
1659950596574756000,30.0,1,30.0,8,30.05,39,2,2022-08-08 09:23:16
1659950597237693000,30.0,3,30.0,5,30.05,39,2,2022-08-08 09:23:17
1659950597412638000,30.0,1,30.0,4,30.05,39,2,2022-08-08 09:23:17
1659950598809913000,30.0,5,30.0,4,30.05,39,2,2022-08-08 09:23:18
1659950598874741000,30.0,1,30.0,3,30.05,39,2,2022-08-08 09:23:18
1659950599417927000,30.05,2,30.0,3,30.05,37,1,2022-08-08 09:23:19
1659950600024998000,30.0,1,30.0,2,30.05,37,2,2022-08-08 09:23:20
1659950600369079000,30.0,2,29.95,17,30.05,36,2,2022-08-08 09:23:20
1659950602013725000,30.0,1,29.95,19,30.0,1,1,2022-08-08 09:23:22
1659950602879938000,29.95,3,29.95,18,30.05,33,2,2022-08-08 09:23:22
1659950605333907000,30.0,1,29.95,18,30.05,33,1,2022-08-08 09:23:25
1659950605517127000,30.05,8,29.95,18,30.05,33,1,2022-08-08 09:23:25
1659950605596551000,30.0,1,29.95,18,30.05,25,1,2022-08-08 09:23:25
1659950606812124000,30.0,2,30.0,8,30.05,26,2,2022-08-08 09:23:26
1659950607220733000,30.0,1,30.0,7,30.05,26,2,2022-08-08 09:23:27
1659950607366630000,30.0,7,29.95,16,30.0,3,2,2022-08-08 09:23:27
1659950607911371000,30.0,1,29.95,16,30.0,2,1,2022-08-08 09:23:27
1659950608470102000,30.0,2,29.95,16,30.05,26,1,2022-08-08 09:23:28
1659950611632048000,30.0,8,30.0,2,30.05,27,1,2022-08-08 09:23:31
1659950611641451000,30.0,1,30.0,1,30.05,27,2,2022-08-08 09:23:31
1659950614599005000,30.0,1,30.0,5,30.05,28,2,2022-08-08 09:23:34
1659950614619908000,30.0,1,30.0,4,30.05,28,2,2022-08-08 09:23:34
1659950614716541000,30.05,1,30.0,4,30.05,27,1,2022-08-08 09:23:34
1659950617793784000,30.0,1,30.0,7,30.05,27,2,2022-08-08 09:23:37
1659950619355796000,30.05,1,30.0,7,30.05,26,1,2022-08-08 09:23:39
1659950621008499000,30.0,1,30.0,7,30.05,30,2,2022-08-08 09:23:41
1659950623518271000,30.0,1,30.0,8,30.05,30,2,2022-08-08 09:23:43
1659950625151848000,30.0,1,30.0,9,30.05,30,2,2022-08-08 09:23:45
1659950625807728000,30.0,1,30.0,8,30.05,31,2,2022-08-08 09:23:45
1659950626168222000,30.0,1,30.0,7,30.05,31,2,2022-08-08 09:23:46
1659950629345153000,30.0,1,30.0,8,30.05,31,2,2022-08-08 09:23:49
1659950629376297000,30.0,1,30.0,7,30.05,31,2,2022-08-08 09:23:49
1659950629957466000,30.0,1,30.0,6,30.05,31,2,2022-08-08 09:23:49
1659950632910484000,30.0,5,30.0,1,30.05,32,2,2022-08-08 09:23:52
1659950632964523000,30.05,1,30.0,1,30.05,31,1,2022-08-08 09:23:52
1659950633326461000,30.0,1,29.95,18,30.05,30,2,2022-08-08 09:23:53
1659950633437955000,30.05,1,29.95,18,30.05,29,1,2022-08-08 09:23:53
1659950634526762000,30.0,1,30.0,8,30.05,29,2,2022-08-08 09:23:54
1659950640573511000,30.0,5,30.0,3,30.05,29,2,2022-08-08 09:24:00
1659950640609977000,30.0,1,30.0,2,30.05,29,2,2022-08-08 09:24:00
1659950640678886000,30.05,29,30.0,14,30.1,42,1,2022-08-08 09:24:00
1659950640799708000,30.1,5,30.05,9,30.1,37,1,2022-08-08 09:24:00
1659950640820664000,30.1,11,30.05,9,30.1,26,1,2022-08-08 09:24:00
1659950640821043000,30.1,12,30.05,9,30.1,14,1,2022-08-08 09:24:00
1659950640841272000,30.1,14,30.05,9,30.15,28,1,2022-08-08 09:24:00
1659950640987838000,30.15,10,30.05,10,30.15,18,1,2022-08-08 09:24:00
1659950641097425000,30.15,12,30.05,10,30.15,6,1,2022-08-08 09:24:01
1659950641121984000,30.15,6,30.05,10,30.2,43,1,2022-08-08 09:24:01
1659950641209975000,30.2,2,30.05,10,30.2,41,1,2022-08-08 09:24:01
1659950641257818000,30.2,1,30.1,1,30.2,40,1,2022-08-08 09:24:01
1659950641258046000,30.2,2,30.1,1,30.2,38,1,2022-08-08 09:24:01
1659950641309689000,30.2,1,30.05,13,30.2,37,1,2022-08-08 09:24:01
1659950641341542000,30.2,3,30.1,1,30.2,34,1,2022-08-08 09:24:01
1659950641522604000,30.2,1,30.1,1,30.2,33,1,2022-08-08 09:24:01
1659950641587152000,30.2,5,30.1,1,30.2,28,1,2022-08-08 09:24:01
1659950641682589000,30.2,1,30.1,2,30.2,27,1,2022-08-08 09:24:01
1659950641706289000,30.2,1,30.1,2,30.2,26,1,2022-08-08 09:24:01
1659950641757283000,30.2,5,30.1,2,30.2,21,1,2022-08-08 09:24:01
1659950641837988000,30.2,1,30.1,2,30.2,20,1,2022-08-08 09:24:01
1659950641945720000,30.1,2,30.1,4,30.2,20,2,2022-08-08 09:24:01
1659950642065459000,30.15,1,30.1,5,30.2,20,1,2022-08-08 09:24:02
1659950642625917000,30.1,4,30.05,7,30.2,20,2,2022-08-08 09:24:02
1659950642625917000,30.05,6,30.05,7,30.2,20,2,2022-08-08 09:24:02
1659950646981431000,30.2,1,30.05,17,30.2,20,1,2022-08-08 09:24:06
1659950648164216000,30.2,1,30.05,17,30.2,19,1,2022-08-08 09:24:08
1659950648975456000,30.15,5,30.1,1,30.2,22,2,2022-08-08 09:24:08
1659950649127656000,30.15,1,30.1,1,30.2,22,2,2022-08-08 09:24:09
1659950649662395000,30.1,1,30.05,12,30.2,22,2,2022-08-08 09:24:09
1659950649706733000,30.05,3,30.05,9,30.2,22,2,2022-08-08 09:24:09
1659950652895469000,30.1,1,30.05,11,30.1,1,1,2022-08-08 09:24:12
1659950653262040000,30.05,1,30.05,10,30.1,1,2,2022-08-08 09:24:13
1659950653796653000,30.1,1,30.05,11,30.15,8,1,2022-08-08 09:24:13
1659950654223652000,30.05,10,30.05,2,30.15,7,2,2022-08-08 09:24:14
1659950654612516000,30.05,1,30.05,3,30.1,1,2,2022-08-08 09:24:14
1659950662018639000,30.05,2,30.05,18,30.1,2,2,2022-08-08 09:24:22
1659950664283433000,30.1,5,30.05,18,30.1,6,1,2022-08-08 09:24:24
1659950664824774000,30.1,1,30.05,18,30.1,5,1,2022-08-08 09:24:24
1659950666411213000,30.1,2,30.05,13,30.1,5,1,2022-08-08 09:24:26
1659950666896630000,30.1,1,30.05,14,30.1,2,1,2022-08-08 09:24:26
1659950668781677000,30.1,2,30.1,3,30.15,6,1,2022-08-08 09:24:28
1659950668950231000,30.1,1,30.1,2,30.15,6,2,2022-08-08 09:24:28
1659950669705303000,30.1,1,30.1,3,30.15,6,2,2022-08-08 09:24:29
1659950670399065000,30.1,1,30.1,1,30.15,7,2,2022-08-08 09:24:30
1659950670432286000,30.1,1,30.05,27,30.15,7,2,2022-08-08 09:24:30
1659950670504208000,30.15,1,30.05,27,30.15,10,1,2022-08-08 09:24:30
1659950676770610000,30.15,1,30.1,20,30.15,4,1,2022-08-08 09:24:36
1659950677711802000,30.15,3,30.1,20,30.15,1,1,2022-08-08 09:24:37
1659950680347891000,30.15,1,30.1,21,30.15,1,1,2022-08-08 09:24:40
1659950681078438000,30.15,1,30.1,21,30.15,2,1,2022-08-08 09:24:41
1659950681697762000,30.15,1,30.1,31,30.15,2,1,2022-08-08 09:24:41
1659950683981678000,30.1,20,30.1,11,30.15,24,2,2022-08-08 09:24:43
1659950683983035000,30.1,11,30.1,11,30.15,25,2,2022-08-08 09:24:43
1659950684071901000,30.1,1,30.05,19,30.15,20,1,2022-08-08 09:24:44
1659950684071901000,30.15,9,30.05,19,30.15,20,1,2022-08-08 09:24:44
1659950684365264000,30.15,1,30.05,19,30.15,20,1,2022-08-08 09:24:44
1659950686283707000,30.15,2,30.05,19,30.15,17,1,2022-08-08 09:24:46
1659950686493717000,30.1,20,30.05,19,30.15,17,2,2022-08-08 09:24:46
1659950686632297000,30.05,14,30.05,5,30.1,33,2,2022-08-08 09:24:46
1659950686645098000,30.1,1,30.05,5,30.1,32,1,2022-08-08 09:24:46
1659950686663875000,30.05,5,30.0,45,30.1,32,2,2022-08-08 09:24:46
1659950687217251000,30.0,5,30.0,40,30.05,1,2,2022-08-08 09:24:47
1659950687323899000,30.05,1,30.0,40,30.1,31,1,2022-08-08 09:24:47
1659950687323899000,30.1,1,30.0,40,30.1,31,1,2022-08-08 09:24:47
1659950687413893000,30.0,5,30.0,35,30.1,31,2,2022-08-08 09:24:47
1659950689288462000,30.1,5,30.0,37,30.1,26,1,2022-08-08 09:24:49
1659950691345482000,30.0,1,30.0,36,30.1,26,2,2022-08-08 09:24:51
1659950693244642000,30.0,1,30.0,35,30.1,26,2,2022-08-08 09:24:53
1659950695809705000,30.05,2,30.0,39,30.05,5,1,2022-08-08 09:24:55
1659950699424901000,30.05,1,30.0,45,30.05,7,1,2022-08-08 09:24:59
1659950700695608000,30.0,20,30.0,25,30.05,11,2,2022-08-08 09:25:00
1659950700722730000,30.0,21,30.0,4,30.05,12,2,2022-08-08 09:25:00
1659950700726785000,30.0,1,30.0,3,30.05,12,2,2022-08-08 09:25:00
1659950700729066000,30.0,1,30.0,2,30.05,12,2,2022-08-08 09:25:00
1659950700751200000,30.0,1,30.0,3,30.05,12,2,2022-08-08 09:25:00
1659950700755890000,30.0,3,29.95,19,30.05,12,2,2022-08-08 09:25:00
1659950701455204000,29.95,1,29.95,18,30.0,2,2,2022-08-08 09:25:01
1659950704833730000,29.95,1,29.95,20,30.0,3,2,2022-08-08 09:25:04
1659950704865404000,29.95,2,29.95,18,30.0,3,2,2022-08-08 09:25:04
1659950705461290000,29.95,1,29.95,18,30.0,3,2,2022-08-08 09:25:05
1659950710936779000,30.0,3,29.95,17,30.0,9,1,2022-08-08 09:25:10
1659950711909949000,30.0,1,29.95,17,30.0,5,1,2022-08-08 09:25:11
1659950717709226000,29.95,1,29.95,26,30.0,78,2,2022-08-08 09:25:17
1659950719706433000,30.0,1,29.95,36,30.0,79,1,2022-08-08 09:25:19
1659950720985049000,29.95,1,29.95,35,30.0,79,2,2022-08-08 09:25:20
1659950725128543000,30.0,1,29.95,35,30.0,83,1,2022-08-08 09:25:25
1659950735329901000,29.95,3,29.95,35,30.0,95,2,2022-08-08 09:25:35
1659950736930737000,29.95,1,29.95,34,30.0,96,2,2022-08-08 09:25:36
1659950739264824000,29.95,1,29.95,33,30.0,96,2,2022-08-08 09:25:39
1659950741359149000,29.95,1,29.95,33,30.0,99,2,2022-08-08 09:25:41
1659950741899045000,29.95,2,29.95,32,30.0,99,2,2022-08-08 09:25:41
1659950743766688000,29.95,1,29.95,31,30.0,99,2,2022-08-08 09:25:43
1659950744074092000,29.95,1,29.95,30,30.0,99,2,2022-08-08 09:25:44
1659950744136649000,29.95,1,29.95,29,30.0,99,2,2022-08-08 09:25:44
1659950744160868000,29.95,1,29.95,28,30.0,99,2,2022-08-08 09:25:44
1659950745564473000,29.95,1,29.95,27,30.0,100,2,2022-08-08 09:25:45
1659950746267918000,29.95,2,29.95,25,30.0,100,2,2022-08-08 09:25:46
1659950746314281000,29.95,1,29.95,24,30.0,100,2,2022-08-08 09:25:46
1659950746345702000,29.95,1,29.95,23,30.0,101,2,2022-08-08 09:25:46
1659950746379445000,29.95,2,29.95,21,30.0,101,2,2022-08-08 09:25:46
1659950746542787000,29.95,5,29.95,26,30.0,100,2,2022-08-08 09:25:46
1659950746940871000,29.95,1,29.95,25,30.0,99,2,2022-08-08 09:25:46
1659950747537656000,29.95,1,29.95,30,30.0,99,2,2022-08-08 09:25:47
1659950747574986000,29.95,1,29.95,29,30.0,99,2,2022-08-08 09:25:47
1659950751031892000,29.95,2,29.95,27,30.0,99,2,2022-08-08 09:25:51
1659950751428253000,29.95,2,29.95,27,30.0,99,2,2022-08-08 09:25:51
1659950752057850000,29.95,1,29.95,24,30.0,99,2,2022-08-08 09:25:52
1659950752383636000,29.95,1,29.95,23,30.0,99,2,2022-08-08 09:25:52
1659950752754846000,29.95,1,29.95,22,30.0,99,2,2022-08-08 09:25:52
1659950752772154000,29.95,1,29.95,21,30.0,99,2,2022-08-08 09:25:52
1659950752776587000,29.95,3,29.95,18,30.0,99,2,2022-08-08 09:25:52
1659950755202193000,29.95,10,29.95,13,30.0,99,2,2022-08-08 09:25:55
1659950755260735000,29.95,1,29.95,12,30.0,99,2,2022-08-08 09:25:55
1659950757449239000,29.95,1,29.95,11,30.0,100,2,2022-08-08 09:25:57
1659950757554501000,29.95,3,29.95,8,30.0,100,2,2022-08-08 09:25:57
1659950757578437000,29.95,6,29.95,2,30.0,100,2,2022-08-08 09:25:57
1659950761706855000,29.95,2,29.9,39,29.95,3,2,2022-08-08 09:26:01
1659950761738272000,29.95,1,29.9,39,29.95,2,1,2022-08-08 09:26:01
1659950761761455000,29.95,2,29.9,39,30.0,101,1,2022-08-08 09:26:01
1659950763077046000,29.95,1,29.9,40,30.0,101,1,2022-08-08 09:26:03
1659950763221459000,30.0,101,29.9,50,30.05,9,1,2022-08-08 09:26:03
1659950763284133000,30.05,1,30.0,1,30.05,10,1,2022-08-08 09:26:03
1659950763330759000,30.0,1,29.95,5,30.05,10,2,2022-08-08 09:26:03
1659950763348957000,30.05,9,29.95,5,30.05,1,1,2022-08-08 09:26:03
1659950763379052000,30.05,1,30.0,1,30.1,28,1,2022-08-08 09:26:03
1659950763448584000,30.0,1,30.0,5,30.1,28,2,2022-08-08 09:26:03
1659950764686878000,29.95,1,29.95,4,30.1,28,2,2022-08-08 09:26:04
1659950770553167000,30.0,1,29.95,9,30.1,30,1,2022-08-08 09:26:10
1659950771391001000,29.95,9,29.9,52,29.95,16,2,2022-08-08 09:26:11
1659950771408321000,29.95,1,29.9,52,29.95,15,1,2022-08-08 09:26:11
1659950771408400000,29.95,15,29.9,52,30.1,5,1,2022-08-08 09:26:11
1659950775053343000,30.0,1,30.0,1,30.05,2,2,2022-08-08 09:26:15
1659950776934516000,30.05,2,30.0,2,30.1,6,1,2022-08-08 09:26:16
1659950780595461000,30.0,1,30.0,4,30.1,7,2,2022-08-08 09:26:20
1659950782240799000,30.0,5,30.0,10,30.1,6,2,2022-08-08 09:26:22
1659950782329050000,30.0,2,30.0,8,30.1,6,2,2022-08-08 09:26:22
1659950782966323000,30.1,2,30.0,8,30.1,5,1,2022-08-08 09:26:22
1659950783148733000,30.1,1,30.0,8,30.1,4,1,2022-08-08 09:26:23
1659950783455983000,30.0,5,30.0,3,30.1,4,2,2022-08-08 09:26:23
1659950784158532000,30.0,3,29.95,7,30.0,2,2,2022-08-08 09:26:24
1659950784293596000,30.0,1,29.95,8,30.0,1,1,2022-08-08 09:26:24
1659950788196267000,30.0,1,29.95,7,30.0,5,1,2022-08-08 09:26:28
1659950789645682000,30.0,2,29.95,7,30.0,3,1,2022-08-08 09:26:29
1659950789669176000,30.0,3,29.95,7,30.05,3,1,2022-08-08 09:26:29
1659950794844990000,30.0,1,29.95,17,30.05,7,2,2022-08-08 09:26:34
1659950797770365000,29.95,4,29.95,16,30.05,7,2,2022-08-08 09:26:37
1659950799948600000,30.0,2,29.95,21,30.0,1,2,2022-08-08 09:26:39
1659950805912093000,30.0,1,30.0,1,30.05,9,1,2022-08-08 09:26:45
1659950806589417000,30.0,1,29.95,23,30.0,1,2,2022-08-08 09:26:46
1659950816228153000,30.0,2,29.95,17,30.0,13,1,2022-08-08 09:26:56
1659950820728142000,29.95,10,29.95,5,30.0,13,2,2022-08-08 09:27:00
1659950820769537000,29.95,5,29.9,52,30.0,14,2,2022-08-08 09:27:00
1659950822775279000,29.95,2,29.9,55,30.0,16,1,2022-08-08 09:27:02
1659950823221259000,29.9,1,29.9,55,29.95,1,2,2022-08-08 09:27:03
1659950824431975000,29.95,1,29.9,54,30.0,11,1,2022-08-08 09:27:04
1659950824431975000,30.0,6,29.9,54,30.0,11,1,2022-08-08 09:27:04
1659950831052655000,29.95,2,29.9,55,29.95,3,1,2022-08-08 09:27:11
1659950831083122000,29.95,3,29.9,55,30.0,11,1,2022-08-08 09:27:11
1659950831919086000,29.95,1,29.9,55,29.95,1,1,2022-08-08 09:27:11
1659950837286654000,30.0,1,29.9,53,30.0,11,1,2022-08-08 09:27:17
1659950838427678000,29.95,1,29.9,53,29.95,1,1,2022-08-08 09:27:18
1659950846023420000,29.95,4,29.9,53,30.0,8,2,2022-08-08 09:27:26
1659950846023420000,29.9,1,29.9,53,30.0,8,2,2022-08-08 09:27:26
1659950849689846000,30.0,10,30.0,20,30.05,10,1,2022-08-08 09:27:29
1659950849744105000,30.0,1,30.0,19,30.05,10,2,2022-08-08 09:27:29
1659950850628024000,30.05,8,30.0,21,30.1,25,1,2022-08-08 09:27:30
1659950850770232000,30.1,24,30.05,7,30.15,23,1,2022-08-08 09:27:30
1659950851008588000,30.15,9,30.05,7,30.15,14,1,2022-08-08 09:27:31
1659950851133527000,30.15,14,30.05,12,30.2,42,1,2022-08-08 09:27:31
1659950852014410000,30.2,7,30.1,5,30.2,35,1,2022-08-08 09:27:32
1659950852050870000,30.2,4,30.1,5,30.2,32,1,2022-08-08 09:27:32
1659950852100691000,30.2,25,30.1,5,30.2,7,1,2022-08-08 09:27:32
1659950852130537000,30.2,6,30.1,5,30.2,1,1,2022-08-08 09:27:32
1659950853376298000,30.2,1,30.1,12,30.25,39,1,2022-08-08 09:27:33
1659950853376298000,30.25,4,30.1,12,30.25,39,1,2022-08-08 09:27:33
1659950853894296000,30.2,1,30.1,12,30.25,39,1,2022-08-08 09:27:33
1659950855198410000,30.2,1,30.1,12,30.25,39,1,2022-08-08 09:27:35
1659950860557032000,30.2,1,30.1,16,30.2,2,1,2022-08-08 09:27:40
1659950861778965000,30.15,1,30.1,15,30.2,6,2,2022-08-08 09:27:41
1659950864951868000,30.15,1,30.1,14,30.2,10,1,2022-08-08 09:27:44
1659950864951868000,30.2,1,30.1,14,30.2,10,1,2022-08-08 09:27:44
1659950866435643000,30.2,3,30.1,14,30.2,9,1,2022-08-08 09:27:46
1659950872307389000,30.15,1,30.1,11,30.2,9,1,2022-08-08 09:27:52
1659950875448518000,30.15,1,30.1,13,30.15,3,1,2022-08-08 09:27:55
1659950876603829000,30.15,3,30.15,2,30.2,11,1,2022-08-08 09:27:56
1659950876625673000,30.15,2,30.1,13,30.2,11,2,2022-08-08 09:27:56
1659950878574024000,30.15,1,30.1,11,30.15,1,1,2022-08-08 09:27:58
1659950878796989000,30.15,1,30.1,11,30.2,9,1,2022-08-08 09:27:58
1659950881748484000,30.2,3,30.1,11,30.2,7,1,2022-08-08 09:28:01
1659950882042064000,30.15,1,30.1,11,30.2,7,2,2022-08-08 09:28:02
1659950882626014000,30.2,8,30.2,2,30.25,40,1,2022-08-08 09:28:02
1659950882650851000,30.2,2,30.1,11,30.25,40,2,2022-08-08 09:28:02
1659950885901675000,30.15,1,30.15,2,30.25,40,2,2022-08-08 09:28:05
1659950886008516000,30.15,1,30.15,1,30.25,40,2,2022-08-08 09:28:06
1659950886070226000,30.25,1,30.15,1,30.25,39,1,2022-08-08 09:28:06
1659950886362014000,30.15,1,30.1,7,30.2,5,2,2022-08-08 09:28:06
1659950886759812000,30.15,1,30.15,1,30.2,6,2,2022-08-08 09:28:06
1659950887305302000,30.15,1,30.1,5,30.2,6,2,2022-08-08 09:28:07
1659950888654546000,30.2,1,30.1,3,30.2,5,1,2022-08-08 09:28:08
1659950889326934000,30.2,1,30.1,3,30.2,4,1,2022-08-08 09:28:09
1659950890613482000,30.1,3,30.0,17,30.2,25,2,2022-08-08 09:28:10
1659950890613482000,30.0,7,30.0,17,30.2,25,2,2022-08-08 09:28:10
1659950890719165000,30.15,1,30.05,1,30.15,8,1,2022-08-08 09:28:10
1659950891363055000,30.15,2,30.05,1,30.15,6,1,2022-08-08 09:28:11
1659950891891813000,30.15,1,30.05,1,30.15,5,1,2022-08-08 09:28:11
1659950892857832000,30.15,1,30.05,1,30.15,4,1,2022-08-08 09:28:12
1659950893587882000,30.15,1,30.1,1,30.2,31,2,2022-08-08 09:28:13
1659950895039243000,30.15,2,30.1,1,30.2,29,2,2022-08-08 09:28:15
1659950896601875000,30.15,1,30.15,1,30.2,29,1,2022-08-08 09:28:16
1659950896629539000,30.15,1,30.1,1,30.2,29,2,2022-08-08 09:28:16
1659950901973241000,30.15,1,30.15,4,30.2,30,1,2022-08-08 09:28:21
1659950903478189000,30.15,1,30.15,5,30.2,30,2,2022-08-08 09:28:23
1659950903929818000,30.15,2,30.15,3,30.2,30,2,2022-08-08 09:28:23
1659950905111332000,30.15,1,30.15,3,30.2,31,2,2022-08-08 09:28:25
1659950908668473000,30.2,1,30.15,18,30.2,30,1,2022-08-08 09:28:28
1659950910456087000,30.15,1,30.15,20,30.2,30,2,2022-08-08 09:28:30
1659950911326565000,30.2,1,30.15,20,30.2,29,1,2022-08-08 09:28:31
1659950911367499000,30.2,10,30.15,20,30.2,19,1,2022-08-08 09:28:31
1659950911400998000,30.2,14,30.15,21,30.2,5,1,2022-08-08 09:28:31
1659950911439318000,30.2,5,30.15,21,30.25,65,1,2022-08-08 09:28:31
1659950913533608000,30.2,2,30.15,13,30.25,65,2,2022-08-08 09:28:33
1659950913533608000,30.15,8,30.15,13,30.25,65,2,2022-08-08 09:28:33
1659950914293955000,30.2,1,30.15,16,30.2,1,1,2022-08-08 09:28:34
1659950916755456000,30.2,1,30.2,1,30.25,65,1,2022-08-08 09:28:36
1659950916772007000,30.2,1,30.15,18,30.2,1,2,2022-08-08 09:28:36
1659950917682803000,30.2,1,30.15,17,30.25,61,1,2022-08-08 09:28:37
1659950917682803000,30.25,4,30.15,17,30.25,61,1,2022-08-08 09:28:37
1659950918352762000,30.15,1,30.15,17,30.25,61,2,2022-08-08 09:28:38
1659950921877877000,30.2,1,30.15,20,30.25,62,2,2022-08-08 09:28:41
1659950922613729000,30.2,1,30.2,5,30.25,62,1,2022-08-08 09:28:42
1659950923921105000,30.2,2,30.2,3,30.25,62,2,2022-08-08 09:28:43
1659950925801947000,30.2,1,30.2,3,30.25,64,2,2022-08-08 09:28:45
1659950925895725000,30.2,1,30.2,2,30.25,64,2,2022-08-08 09:28:45
1659950926810599000,30.2,2,30.2,1,30.25,64,2,2022-08-08 09:28:46
