ts,close,volume,bid_price,bid_volume,ask_price,ask_volume,tick_type,datetime
1659949201802868000,14.0,145,13.95,1,14.0,33,2,2022-08-08 09:00:01
1659949201831895000,13.95,1,13.85,1,14.0,33,2,2022-08-08 09:00:01
1659949204581759000,13.95,1,13.85,1,13.95,6,1,2022-08-08 09:00:04
1659949204853147000,13.85,1,13.8,4,13.95,6,2,2022-08-08 09:00:04
1659949204853147000,13.8,39,13.8,4,13.95,6,2,2022-08-08 09:00:04
1659949211858520000,13.8,1,13.75,9,13.95,9,2,2022-08-08 09:00:11
1659949212440836000,13.95,5,13.75,9,13.95,4,1,2022-08-08 09:00:12
1659949214382496000,13.8,1,13.75,9,13.8,1,2,2022-08-08 09:00:14
1659949216705868000,13.8,1,13.75,9,13.95,2,1,2022-08-08 09:00:16
1659949217845320000,13.95,1,13.85,1,13.95,1,1,2022-08-08 09:00:17
1659949220226113000,13.85,1,13.8,4,13.95,1,2,2022-08-08 09:00:20
1659949229856889000,13.85,2,13.8,4,13.95,1,2,2022-08-08 09:00:29
1659949229856889000,13.8,6,13.8,4,13.95,1,2,2022-08-08 09:00:29
1659949234307747000,13.85,1,13.8,5,13.85,1,1,2022-08-08 09:00:34
1659949247268119000,13.85,1,13.85,7,13.9,13,2,2022-08-08 09:00:47
1659949247301188000,13.85,7,13.8,8,13.9,13,2,2022-08-08 09:00:47
1659949248290546000,13.9,5,13.8,8,13.9,8,1,2022-08-08 09:00:48
1659949248317893000,13.9,8,13.8,8,14.0,36,1,2022-08-08 09:00:48
1659949252847184000,14.0,2,13.8,18,14.0,34,1,2022-08-08 09:00:52
1659949257671152000,13.9,1,13.8,19,13.9,9,2,2022-08-08 09:00:57
1659949257742416000,13.9,1,13.8,19,13.9,8,1,2022-08-08 09:00:57
1659949265292772000,13.9,1,13.8,19,13.9,7,1,2022-08-08 09:01:05
1659949265978844000,13.8,5,13.8,14,13.9,7,2,2022-08-08 09:01:05
1659949275311069000,13.85,1,13.85,9,13.9,11,1,2022-08-08 09:01:15
1659949287751666000,13.9,1,13.85,15,13.9,10,1,2022-08-08 09:01:27
1659949299714253000,13.9,4,13.85,15,13.9,6,1,2022-08-08 09:01:39
1659949301068708000,13.9,1,13.85,15,13.9,6,1,2022-08-08 09:01:41
1659949301360038000,13.9,6,13.85,15,13.95,10,1,2022-08-08 09:01:41
1659949307356750000,13.95,10,13.9,12,14.0,31,1,2022-08-08 09:01:47
1659949308483946000,14.0,1,13.9,12,14.0,30,1,2022-08-08 09:01:48
1659949311961993000,14.0,1,13.9,17,14.0,29,1,2022-08-08 09:01:51
1659949323337352000,13.95,2,13.95,24,14.0,29,2,2022-08-08 09:02:03
1659949323457827000,13.95,1,13.95,23,14.0,29,2,2022-08-08 09:02:03
1659949323858988000,13.95,15,13.95,8,14.0,29,2,2022-08-08 09:02:03
1659949324322227000,14.0,1,13.95,8,14.0,28,1,2022-08-08 09:02:04
1659949324713098000,13.95,4,13.95,4,14.0,28,2,2022-08-08 09:02:04
1659949327895109000,13.95,1,13.95,3,14.0,28,2,2022-08-08 09:02:07
1659949332308062000,13.95,3,13.9,47,13.95,5,2,2022-08-08 09:02:12
1659949333060905000,13.95,5,13.9,47,14.0,23,1,2022-08-08 09:02:13
1659949333060905000,14.0,5,13.9,47,14.0,23,1,2022-08-08 09:02:13
1659949340779650000,14.0,1,13.95,6,14.0,24,1,2022-08-08 09:02:20
1659949343816833000,13.95,6,13.9,49,13.95,4,2,2022-08-08 09:02:23
1659949344667502000,13.95,1,13.9,49,13.95,3,1,2022-08-08 09:02:24
1659949354070412000,13.95,3,13.9,39,13.95,1,1,2022-08-08 09:02:34
1659949356666889000,13.95,1,13.9,39,14.0,25,1,2022-08-08 09:02:36
1659949365135651000,13.95,1,13.95,4,14.0,25,2,2022-08-08 09:02:45
1659949367248411000,13.95,4,13.9,39,13.95,1,2,2022-08-08 09:02:47
1659949367367719000,13.95,1,13.95,1,14.0,25,1,2022-08-08 09:02:47
1659949371099809000,14.0,10,13.95,1,14.0,13,1,2022-08-08 09:02:51
1659949371140037000,14.0,13,13.95,1,14.05,21,1,2022-08-08 09:02:51
1659949372319786000,13.95,2,13.9,39,13.95,8,2,2022-08-08 09:02:52
1659949372871198000,13.9,1,13.9,38,13.95,8,2,2022-08-08 09:02:52
1659949380759399000,13.95,10,13.9,49,14.0,2,1,2022-08-08 09:03:00
1659949394683592000,13.95,2,13.9,59,13.95,8,2,2022-08-08 09:03:14
1659949414902123000,13.95,1,13.9,61,13.95,8,1,2022-08-08 09:03:34
1659949418039885000,13.95,1,13.9,61,13.95,7,1,2022-08-08 09:03:38
1659949418069445000,13.95,7,13.9,61,14.0,10,1,2022-08-08 09:03:38
1659949437002044000,13.95,6,13.9,63,13.95,4,2,2022-08-08 09:03:57
1659949445685909000,13.9,3,13.9,60,13.95,5,2,2022-08-08 09:04:05
1659949451445802000,13.9,1,13.9,59,13.95,5,2,2022-08-08 09:04:11
1659949452793930000,13.95,1,13.9,59,13.95,4,1,2022-08-08 09:04:12
1659949457919130000,13.95,2,13.9,62,13.95,2,1,2022-08-08 09:04:17
1659949457949667000,13.95,2,13.9,62,14.0,7,1,2022-08-08 09:04:17
1659949459940771000,14.0,2,13.9,62,14.0,5,1,2022-08-08 09:04:19
1659949477232340000,14.0,1,13.95,2,14.0,8,1,2022-08-08 09:04:37
1659949490750640000,14.0,5,13.95,5,14.0,3,1,2022-08-08 09:04:50
1659949495601532000,14.0,1,13.95,5,14.0,2,1,2022-08-08 09:04:55
1659949495987855000,14.0,2,13.95,5,14.05,6,1,2022-08-08 09:04:55
1659949495987855000,14.05,3,13.95,5,14.05,6,1,2022-08-08 09:04:55
1659949510339219000,14.0,1,14.0,1,14.05,8,2,2022-08-08 09:05:10
1659949513476675000,14.0,1,13.95,13,14.0,9,2,2022-08-08 09:05:13
1659949514138604000,14.0,2,13.95,13,14.0,7,1,2022-08-08 09:05:14
1659949516557485000,14.0,1,13.95,13,14.0,6,1,2022-08-08 09:05:16
1659949525446578000,14.0,1,13.95,15,14.0,12,1,2022-08-08 09:05:25
1659949529327365000,14.0,5,13.95,25,14.0,9,1,2022-08-08 09:05:29
1659949536293012000,13.95,3,13.95,22,14.0,7,2,2022-08-08 09:05:36
1659949538989593000,13.95,2,13.95,20,14.0,7,2,2022-08-08 09:05:38
1659949539514556000,14.0,1,13.95,20,14.0,6,1,2022-08-08 09:05:39
1659949547966338000,13.95,5,13.95,15,14.0,8,2,2022-08-08 09:05:47
1659949547993804000,13.95,11,13.95,4,14.0,8,2,2022-08-08 09:05:47
1659949551280304000,13.95,2,13.95,2,14.0,8,2,2022-08-08 09:05:51
1659949551305140000,13.95,2,13.9,57,14.0,8,2,2022-08-08 09:05:51
1659949564821248000,13.95,1,13.9,59,13.95,16,1,2022-08-08 09:06:04
1659949568870105000,13.9,1,13.9,58,13.95,13,2,2022-08-08 09:06:08
1659949578930415000,13.9,10,13.9,48,13.95,18,2,2022-08-08 09:06:18
1659949580651108000,13.9,2,13.9,46,13.95,18,2,2022-08-08 09:06:20
1659949581222566000,13.9,29,13.9,17,13.95,18,2,2022-08-08 09:06:21
1659949581239033000,13.9,17,13.85,19,13.95,18,2,2022-08-08 09:06:21
1659949586925269000,13.9,1,13.85,19,13.95,1,1,2022-08-08 09:06:26
1659949586925269000,13.95,17,13.85,19,13.95,1,1,2022-08-08 09:06:26
1659949591960486000,13.95,1,13.85,19,14.0,21,1,2022-08-08 09:06:31
1659949611933076000,13.95,1,13.95,2,14.0,21,1,2022-08-08 09:06:51
1659949622039423000,13.95,2,13.95,3,14.0,19,2,2022-08-08 09:07:02
1659949640249541000,13.95,2,13.95,1,14.0,19,2,2022-08-08 09:07:20
1659949640522735000,13.95,1,13.9,7,13.95,2,2,2022-08-08 09:07:20
1659949654296125000,13.9,4,13.85,39,13.9,6,2,2022-08-08 09:07:34
1659949661060999000,13.85,10,13.85,29,13.9,6,2,2022-08-08 09:07:41
1659949661298059000,13.9,2,13.85,29,13.9,4,1,2022-08-08 09:07:41
1659949678217758000,13.9,1,13.85,29,13.9,8,1,2022-08-08 09:07:58
1659949681795766000,13.9,8,13.9,2,13.95,9,1,2022-08-08 09:08:01
1659949703192464000,13.9,2,13.85,29,13.95,11,2,2022-08-08 09:08:23
1659949703192464000,13.85,1,13.85,29,13.95,11,2,2022-08-08 09:08:23
1659949714549749000,13.9,3,13.9,7,13.95,11,1,2022-08-08 09:08:34
1659949718256447000,13.9,2,13.9,5,13.95,11,2,2022-08-08 09:08:38
1659949736645693000,13.9,3,13.9,3,13.95,9,2,2022-08-08 09:08:56
1659949761887927000,13.9,2,13.9,1,13.95,9,2,2022-08-08 09:09:21
1659949769998486000,13.9,3,13.85,40,13.9,5,2,2022-08-08 09:09:29
1659949782630856000,13.9,1,13.85,39,13.9,4,1,2022-08-08 09:09:42
1659949782721651000,13.85,2,13.85,37,13.9,4,2,2022-08-08 09:09:42
1659949785148983000,13.9,2,13.85,37,13.9,2,1,2022-08-08 09:09:45
1659949810871249000,13.9,1,13.85,28,13.9,1,1,2022-08-08 09:10:10
1659949816404258000,13.9,1,13.9,4,13.95,9,1,2022-08-08 09:10:16
1659949842147979000,13.9,2,13.9,11,13.95,9,2,2022-08-08 09:10:42
1659949858287571000,13.9,1,13.9,10,13.95,9,2,2022-08-08 09:10:58
1659949863755462000,13.95,3,13.9,7,13.95,6,1,2022-08-08 09:11:03
1659949864830502000,13.9,7,13.85,29,13.9,3,2,2022-08-08 09:11:04
1659949870898609000,13.9,4,13.9,1,13.95,6,1,2022-08-08 09:11:10
1659949874050712000,13.9,1,13.85,29,13.95,6,2,2022-08-08 09:11:14
1659949880924004000,13.85,5,13.85,23,13.95,6,2,2022-08-08 09:11:20
1659949897644590000,13.9,5,13.9,10,13.95,11,2,2022-08-08 09:11:37
1659949913148059000,13.9,10,13.85,24,13.95,12,2,2022-08-08 09:11:53
1659949918187922000,13.95,1,13.85,23,13.95,11,1,2022-08-08 09:11:58
1659949944168276000,13.9,4,13.9,1,13.95,11,1,2022-08-08 09:12:24
1659949944692192000,13.9,1,13.85,25,13.95,11,2,2022-08-08 09:12:24
1659949979421081000,13.9,10,13.9,2,13.95,13,2,2022-08-08 09:12:59
1659949979451949000,13.9,2,13.85,25,13.95,13,2,2022-08-08 09:12:59
1659949995572789000,13.85,1,13.85,23,13.9,10,2,2022-08-08 09:13:15
1659950000966263000,13.85,1,13.85,22,13.9,10,2,2022-08-08 09:13:20
1659950005731756000,13.9,5,13.85,22,13.9,5,1,2022-08-08 09:13:25
1659950007211881000,13.85,1,13.85,21,13.9,5,2,2022-08-08 09:13:27
1659950022454488000,13.85,1,13.85,20,13.9,14,2,2022-08-08 09:13:42
1659950024945793000,13.85,1,13.85,19,13.9,14,2,2022-08-08 09:13:44
1659950028945548000,13.85,1,13.85,18,13.9,14,2,2022-08-08 09:13:48
1659950039690072000,13.85,2,13.85,16,13.9,16,2,2022-08-08 09:13:59
1659950055050838000,13.85,3,13.85,13,13.9,14,2,2022-08-08 09:14:15
1659950055071327000,13.85,13,13.8,23,13.9,14,2,2022-08-08 09:14:15
1659950068764953000,13.85,1,13.85,9,13.9,12,1,2022-08-08 09:14:28
1659950075702167000,13.85,1,13.85,8,13.9,12,2,2022-08-08 09:14:35
1659950076335635000,13.85,4,13.85,4,13.9,8,2,2022-08-08 09:14:36
1659950076362372000,13.85,4,13.8,23,13.9,8,2,2022-08-08 09:14:36
1659950091469548000,13.9,3,13.85,2,13.9,8,1,2022-08-08 09:14:51
1659950095894309000,13.85,2,13.8,22,13.9,8,2,2022-08-08 09:14:55
1659950095894309000,13.8,1,13.8,22,13.9,8,2,2022-08-08 09:14:55
1659950114202821000,13.85,5,13.8,22,13.9,8,2,2022-08-08 09:15:14
1659950122022152000,13.9,8,13.9,2,13.95,12,1,2022-08-08 09:15:22
1659950129441700000,13.9,1,13.9,1,13.95,12,2,2022-08-08 09:15:29
1659950129471239000,13.9,1,13.85,5,13.95,12,2,2022-08-08 09:15:29
1659950134585910000,13.85,5,13.8,24,13.95,12,2,2022-08-08 09:15:34
1659950195727840000,13.8,1,13.8,29,13.85,7,2,2022-08-08 09:16:35
1659950199343509000,13.85,1,13.8,29,13.85,6,1,2022-08-08 09:16:39
1659950201823408000,13.85,1,13.8,29,13.85,5,1,2022-08-08 09:16:41
1659950204226791000,13.8,2,13.8,27,13.85,5,2,2022-08-08 09:16:44
1659950209687711000,13.8,4,13.8,23,13.85,6,2,2022-08-08 09:16:49
1659950210905543000,13.85,1,13.8,23,13.85,5,1,2022-08-08 09:16:50
1659950214864817000,13.85,1,13.8,23,13.85,9,1,2022-08-08 09:16:54
1659950218844393000,13.85,1,13.8,23,13.85,8,1,2022-08-08 09:16:58
1659950219994214000,13.85,3,13.8,23,13.85,5,1,2022-08-08 09:16:59
1659950221433952000,13.85,1,13.8,23,13.85,4,1,2022-08-08 09:17:01
1659950222954523000,13.85,2,13.8,23,13.85,2,1,2022-08-08 09:17:02
1659950226801541000,13.85,1,13.8,16,13.85,1,1,2022-08-08 09:17:06
1659950230240592000,13.85,1,13.8,18,13.9,5,1,2022-08-08 09:17:10
1659950259461864000,13.8,1,13.8,17,13.85,3,2,2022-08-08 09:17:39
1659950267884592000,13.8,2,13.8,15,13.85,3,2,2022-08-08 09:17:47
1659950274553728000,13.8,1,13.8,16,13.85,3,2,2022-08-08 09:17:54
1659950283473595000,13.8,1,13.8,15,13.85,3,2,2022-08-08 09:18:03
1659950284586095000,13.8,1,13.8,14,13.85,3,2,2022-08-08 09:18:04
1659950284609893000,13.8,14,13.75,16,13.85,3,2,2022-08-08 09:18:04
1659950291424023000,13.8,1,13.8,9,13.85,3,2,2022-08-08 09:18:11
1659950297183693000,13.8,9,13.75,16,13.85,5,2,2022-08-08 09:18:17
1659950297183693000,13.75,1,13.75,16,13.85,5,2,2022-08-08 09:18:17
1659950306149236000,13.75,1,13.75,16,13.85,5,2,2022-08-08 09:18:26
1659950310445265000,13.75,10,13.75,6,13.85,7,2,2022-08-08 09:18:30
1659950310457082000,13.75,6,13.7,28,13.85,7,2,2022-08-08 09:18:30
1659950318787180000,13.75,1,13.7,29,13.75,1,2,2022-08-08 09:18:38
1659950324955012000,13.7,10,13.7,18,13.75,1,2,2022-08-08 09:18:44
1659950326617666000,13.7,10,13.7,9,13.75,1,2,2022-08-08 09:18:46
1659950326634884000,13.7,9,13.65,6,13.75,1,2,2022-08-08 09:18:46
1659950327904319000,13.75,1,13.75,2,13.85,7,1,2022-08-08 09:18:47
1659950328770100000,13.75,2,13.65,8,13.7,1,2,2022-08-08 09:18:48
1659950328770100000,13.7,2,13.65,8,13.7,1,2,2022-08-08 09:18:48
1659950328778395000,13.7,1,13.65,8,13.85,7,1,2022-08-08 09:18:48
1659950352328898000,13.7,1,13.7,4,13.8,2,2,2022-08-08 09:19:12
1659950356412473000,13.75,1,13.75,4,13.8,2,2,2022-08-08 09:19:16
1659950356436140000,13.75,4,13.7,4,13.8,2,2,2022-08-08 09:19:16
1659950356666104000,13.7,1,13.7,3,13.8,2,2,2022-08-08 09:19:16
1659950364211043000,13.7,4,13.6,35,13.65,6,2,2022-08-08 09:19:24
1659950364211043000,13.65,4,13.6,35,13.65,6,2,2022-08-08 09:19:24
1659950367144229000,13.65,3,13.6,38,13.65,3,1,2022-08-08 09:19:27
1659950369549843000,13.6,10,13.6,28,13.65,3,2,2022-08-08 09:19:29
1659950369619426000,13.65,1,13.6,28,13.65,2,1,2022-08-08 09:19:29
1659950369668121000,13.65,1,13.6,28,13.65,1,1,2022-08-08 09:19:29
1659950369690292000,13.65,1,13.6,28,13.8,2,1,2022-08-08 09:19:29
1659950373957136000,13.7,1,13.7,1,13.8,2,2,2022-08-08 09:19:33
1659950373957136000,13.65,2,13.7,1,13.8,2,2,2022-08-08 09:19:33
1659950381699676000,13.65,3,13.6,20,13.8,3,2,2022-08-08 09:19:41
1659950381699676000,13.6,7,13.6,20,13.8,3,2,2022-08-08 09:19:41
1659950382288827000,13.65,2,13.6,20,13.8,3,2,2022-08-08 09:19:42
1659950388668835000,13.7,5,13.6,20,13.8,3,2,2022-08-08 09:19:48
1659950393909659000,13.7,2,13.6,13,13.8,3,2,2022-08-08 09:19:53
1659950393909659000,13.65,1,13.6,13,13.8,3,2,2022-08-08 09:19:53
1659950393909659000,13.6,7,13.6,13,13.8,3,2,2022-08-08 09:19:53
1659950400426852000,13.6,1,13.6,12,13.7,7,2,2022-08-08 09:20:00
1659950401578249000,13.6,1,13.6,11,13.7,7,2,2022-08-08 09:20:01
1659950403056377000,13.6,10,13.6,1,13.7,7,2,2022-08-08 09:20:03
1659950403089694000,13.6,1,13.55,12,13.7,7,2,2022-08-08 09:20:03
1659950411311291000,13.6,6,13.55,8,13.7,7,2,2022-08-08 09:20:11
1659950411311291000,13.55,4,13.55,8,13.7,7,2,2022-08-08 09:20:11
1659950411339247000,13.55,1,13.55,9,13.7,7,2,2022-08-08 09:20:11
1659950414758780000,13.6,1,13.55,9,13.7,7,2,2022-08-08 09:20:14
1659950419452620000,13.6,2,13.55,1,13.7,6,2,2022-08-08 09:20:19
1659950419452620000,13.55,8,13.55,1,13.7,6,2,2022-08-08 09:20:19
1659950423885574000,13.6,1,13.6,3,13.7,6,2,2022-08-08 09:20:23
1659950426457441000,13.65,1,13.65,4,13.7,6,2,2022-08-08 09:20:26
1659950426466079000,13.65,4,13.6,3,13.7,6,2,2022-08-08 09:20:26
1659950433077442000,13.65,1,13.65,4,13.7,7,2,2022-08-08 09:20:33
1659950433102026000,13.65,4,13.6,3,13.7,7,2,2022-08-08 09:20:33
1659950435382906000,13.6,3,13.5,35,13.7,7,2,2022-08-08 09:20:35
1659950435382906000,13.55,2,13.5,35,13.7,7,2,2022-08-08 09:20:35
1659950435382906000,13.5,5,13.5,35,13.7,7,2,2022-08-08 09:20:35
1659950437784448000,13.55,1,13.5,28,13.7,7,2,2022-08-08 09:20:37
1659950437784448000,13.5,8,13.5,28,13.7,7,2,2022-08-08 09:20:37
1659950450008672000,13.6,7,13.55,3,13.7,5,2,2022-08-08 09:20:50
1659950450008672000,13.55,3,13.55,3,13.7,5,2,2022-08-08 09:20:50
1659950452434596000,13.6,1,13.55,4,13.6,1,1,2022-08-08 09:20:52
1659950454887226000,13.6,2,13.55,4,13.6,1,1,2022-08-08 09:20:54
1659950458389150000,13.6,1,13.55,5,13.7,4,1,2022-08-08 09:20:58
1659950458462402000,13.6,1,13.55,5,13.6,5,1,2022-08-08 09:20:58
1659950458559668000,13.6,1,13.55,5,13.6,4,1,2022-08-08 09:20:58
1659950464249597000,13.55,1,13.55,4,13.6,4,2,2022-08-08 09:21:04
1659950474440275000,13.55,9,13.5,30,13.6,4,2,2022-08-08 09:21:14
1659950474440275000,13.5,1,13.5,30,13.6,4,2,2022-08-08 09:21:14
1659950480907825000,13.6,1,13.55,1,13.6,3,1,2022-08-08 09:21:20
1659950481696000000,13.6,3,13.55,1,13.7,4,1,2022-08-08 09:21:21
1659950486954740000,13.55,1,13.5,36,13.55,1,2,2022-08-08 09:21:26
1659950492436635000,13.55,1,13.55,1,13.6,2,1,2022-08-08 09:21:32
1659950498922004000,13.55,5,13.5,33,13.6,2,2,2022-08-08 09:21:38
1659950498922004000,13.5,5,13.5,33,13.6,2,2,2022-08-08 09:21:38
1659950505699777000,13.6,2,13.65,24,13.7,4,1,2022-08-08 09:21:45
1659950505734985000,13.65,24,13.55,3,13.7,4,2,2022-08-08 09:21:45
1659950520211307000,13.65,2,13.5,31,13.8,4,2,2022-08-08 09:22:00
1659950520211307000,13.6,1,13.5,31,13.8,4,2,2022-08-08 09:22:00
1659950520211307000,13.55,4,13.5,31,13.8,4,2,2022-08-08 09:22:00
1659950520211307000,13.5,3,13.5,31,13.8,4,2,2022-08-08 09:22:00
1659950530453718000,13.55,6,13.5,26,13.8,4,2,2022-08-08 09:22:10
1659950530453718000,13.5,4,13.5,26,13.8,4,2,2022-08-08 09:22:10
1659950540625042000,13.55,3,13.5,21,13.8,4,2,2022-08-08 09:22:20
1659950540625042000,13.5,7,13.5,21,13.8,4,2,2022-08-08 09:22:20
1659950551590159000,13.6,1,13.5,16,13.7,1,2,2022-08-08 09:22:31
1659950551590159000,13.5,8,13.5,16,13.7,1,2,2022-08-08 09:22:31
1659950551755696000,13.5,10,13.5,6,13.7,1,2,2022-08-08 09:22:31
1659950551798880000,13.5,6,13.45,7,13.7,1,2,2022-08-08 09:22:31
1659950564950810000,13.5,10,13.5,21,13.7,7,2,2022-08-08 09:22:44
1659950578138699000,13.6,1,13.55,8,13.7,7,2,2022-08-08 09:22:58
1659950578138699000,13.55,9,13.55,8,13.7,7,2,2022-08-08 09:22:58
1659950590287304000,13.6,2,13.6,9,13.7,6,2,2022-08-08 09:23:10
1659950598867714000,13.7,6,13.7,4,13.75,4,1,2022-08-08 09:23:18
1659950604664504000,13.75,4,13.75,1,13.8,8,1,2022-08-08 09:23:24
1659950605237654000,13.75,1,13.7,4,13.8,8,2,2022-08-08 09:23:25
1659950615436516000,13.7,1,13.7,19,13.8,8,2,2022-08-08 09:23:35
1659950616351660000,13.8,8,13.75,2,13.85,1,1,2022-08-08 09:23:36
1659950622538820000,13.85,1,13.8,1,13.9,100,1,2022-08-08 09:23:42
1659950632775246000,13.9,1,13.85,1,13.9,99,1,2022-08-08 09:23:52
1659950643134804000,13.9,2,13.85,1,13.9,97,1,2022-08-08 09:24:03
1659950646168059000,13.85,1,13.85,1,13.9,97,2,2022-08-08 09:24:06
1659950646547995000,13.85,1,13.75,2,13.85,8,1,2022-08-08 09:24:06
1659950647385692000,13.85,1,13.75,2,13.85,7,1,2022-08-08 09:24:07
1659950648203316000,13.85,2,13.75,2,13.85,5,1,2022-08-08 09:24:08
1659950655653041000,13.85,2,13.75,2,13.85,3,1,2022-08-08 09:24:15
1659950658753589000,13.85,2,13.75,2,13.85,1,1,2022-08-08 09:24:18
1659950658788317000,13.85,1,13.75,2,13.9,97,1,2022-08-08 09:24:18
1659950675025073000,13.85,2,13.8,3,13.9,97,1,2022-08-08 09:24:35
1659950710464236000,13.9,20,13.8,8,13.9,77,1,2022-08-08 09:25:10
1659950727807372000,13.9,1,13.8,9,13.9,85,1,2022-08-08 09:25:27
1659950728679037000,13.9,10,13.8,9,13.9,75,1,2022-08-08 09:25:28
1659950735385981000,13.85,4,13.8,9,13.85,6,1,2022-08-08 09:25:35
1659950740117820000,13.85,6,13.8,9,13.9,75,1,2022-08-08 09:25:40
1659950741836897000,13.9,15,13.8,9,13.9,60,1,2022-08-08 09:25:41
1659950744302692000,13.85,5,13.85,3,13.9,60,2,2022-08-08 09:25:44
1659950744327916000,13.85,1,13.85,2,13.9,60,2,2022-08-08 09:25:44
1659950767295226000,13.85,3,13.85,3,13.9,60,2,2022-08-08 09:26:07
1659950792316124000,13.85,3,13.8,9,13.85,1,2,2022-08-08 09:26:32
1659950808540516000,13.8,2,13.8,7,13.85,1,2,2022-08-08 09:26:48
1659950818642172000,13.8,1,13.8,6,13.85,1,2,2022-08-08 09:26:58
1659950835845563000,13.85,1,13.8,10,13.85,2,1,2022-08-08 09:27:15
1659950859960678000,13.8,2,13.8,8,13.85,7,2,2022-08-08 09:27:39
1659950881699252000,13.8,2,13.8,6,13.85,7,2,2022-08-08 09:28:01
1659950882046790000,13.8,3,13.8,3,13.85,7,2,2022-08-08 09:28:02
1659950883241475000,13.8,1,13.8,2,13.85,7,2,2022-08-08 09:28:03
1659950883369076000,13.8,1,13.8,1,13.85,7,2,2022-08-08 09:28:03
1659950903637949000,13.8,1,13.75,2,13.8,2,2,2022-08-08 09:28:23
1659951044868449000,13.8,2,13.75,12,13.8,13,1,2022-08-08 09:30:44
1659951047509566000,13.8,1,13.75,12,13.8,12,1,2022-08-08 09:30:47
1659951057964888000,13.8,10,13.75,12,13.8,2,1,2022-08-08 09:30:57
1659951057999203000,13.8,2,13.75,12,13.85,8,1,2022-08-08 09:30:57
1659951069614129000,13.85,2,13.8,2,13.85,6,1,2022-08-08 09:31:09
1659951086576423000,13.85,8,13.85,7,13.9,60,1,2022-08-08 09:31:26
1659951097430712000,13.9,2,13.85,11,13.9,58,1,2022-08-08 09:31:37
1659951123683638000,13.9,5,13.85,12,13.9,53,1,2022-08-08 09:32:03
1659951139107758000,13.85,10,13.85,2,13.9,53,2,2022-08-08 09:32:19
1659951147772404000,13.9,2,13.85,2,13.9,51,1,2022-08-08 09:32:27
1659951156597148000,13.85,2,13.8,17,13.85,8,2,2022-08-08 09:32:36
1659951176783475000,13.85,8,13.8,17,13.9,51,1,2022-08-08 09:32:56
1659951199832416000,13.85,1,13.8,16,13.9,51,2,2022-08-08 09:33:19
1659951199832416000,13.8,1,13.8,16,13.9,51,2,2022-08-08 09:33:19
1659951261388524000,13.8,1,13.8,19,13.9,52,2,2022-08-08 09:34:21
1659951271869136000,13.9,2,13.8,17,13.9,50,1,2022-08-08 09:34:31
1659951290171046000,13.9,3,13.8,17,13.9,47,1,2022-08-08 09:34:50
1659951296424579000,13.9,2,13.8,17,13.9,45,1,2022-08-08 09:34:56
1659951309233815000,13.9,1,13.85,17,13.9,44,1,2022-08-08 09:35:09
1659951319862747000,13.9,10,13.85,9,13.9,34,1,2022-08-08 09:35:19
1659951323089176000,13.9,2,13.85,10,13.9,33,1,2022-08-08 09:35:23
1659951337841679000,13.85,10,13.8,7,13.9,33,2,2022-08-08 09:35:37
1659951337841679000,13.8,10,13.8,7,13.9,33,2,2022-08-08 09:35:37
1659951350769850000,13.9,5,13.8,11,13.9,28,1,2022-08-08 09:35:50
1659951361576218000,13.9,8,13.8,16,13.9,20,1,2022-08-08 09:36:01
1659951361604851000,13.9,12,13.8,16,13.9,8,1,2022-08-08 09:36:01
1659951394344285000,13.9,3,13.8,16,13.9,15,1,2022-08-08 09:36:34
1659951394370249000,13.9,7,13.8,16,13.9,8,1,2022-08-08 09:36:34
1659951403377919000,13.9,8,13.9,7,13.95,16,1,2022-08-08 09:36:43
1659951419685785000,13.9,9,13.8,17,13.9,1,2,2022-08-08 09:36:59
1659951444057241000,13.9,1,13.85,8,13.9,5,1,2022-08-08 09:37:24
1659951456685593000,13.9,5,13.9,5,13.95,16,1,2022-08-08 09:37:36
1659951475294800000,13.9,5,13.9,8,13.95,16,2,2022-08-08 09:37:55
1659951482848462000,13.9,8,13.85,8,13.9,2,2,2022-08-08 09:38:02
1659951487868598000,13.9,2,13.9,4,13.95,16,1,2022-08-08 09:38:07
1659951489339674000,13.95,2,13.9,4,13.95,14,1,2022-08-08 09:38:09
1659951516328133000,13.9,12,13.85,13,13.9,43,2,2022-08-08 09:38:36
1659951532936942000,13.9,5,13.85,13,13.9,38,1,2022-08-08 09:38:52
1659951542491608000,13.9,5,13.85,13,13.9,33,1,2022-08-08 09:39:02
1659951554114257000,13.9,1,13.85,23,13.9,32,1,2022-08-08 09:39:14
1659951558418731000,13.85,1,13.85,22,13.9,32,2,2022-08-08 09:39:18
1659951598424310000,13.85,1,13.85,11,13.9,33,2,2022-08-08 09:39:58
1659951610489353000,13.85,11,13.8,18,13.85,9,2,2022-08-08 09:40:10
1659951639950773000,13.85,1,13.8,19,13.85,28,1,2022-08-08 09:40:39
1659951640911149000,13.8,2,13.8,17,13.85,28,2,2022-08-08 09:40:40
1659951660800633000,13.8,1,13.8,16,13.85,39,2,2022-08-08 09:41:00
1659951679087311000,13.8,2,13.8,13,13.85,39,2,2022-08-08 09:41:19
1659951682513194000,13.8,13,13.75,12,13.8,7,2,2022-08-08 09:41:22
1659951716735694000,13.8,2,13.75,16,13.8,5,1,2022-08-08 09:41:56
1659951719919654000,13.8,1,13.75,16,13.8,4,1,2022-08-08 09:41:59
1659951721622571000,13.8,2,13.75,16,13.8,2,1,2022-08-08 09:42:01
1659951741645807000,13.8,1,13.75,16,13.8,1,1,2022-08-08 09:42:21
1659951781852424000,13.8,1,13.8,4,13.85,39,1,2022-08-08 09:43:01
1659951811730322000,13.85,1,13.8,8,13.85,38,1,2022-08-08 09:43:31
1659951848043012000,13.85,5,13.8,9,13.85,32,1,2022-08-08 09:44:08
1659951871638349000,13.85,2,13.8,9,13.85,30,1,2022-08-08 09:44:31
1659951880080776000,13.85,1,13.8,9,13.85,29,1,2022-08-08 09:44:40
1659952007941412000,13.85,1,13.8,13,13.85,28,1,2022-08-08 09:46:47
1659952070993977000,13.85,8,13.8,14,13.85,20,1,2022-08-08 09:47:50
1659952071028577000,13.85,7,13.8,14,13.85,13,1,2022-08-08 09:47:51
1659952115718323000,13.85,1,13.8,14,13.85,12,1,2022-08-08 09:48:35
1659952165919923000,13.85,10,13.8,14,13.85,2,1,2022-08-08 09:49:25
1659952165944107000,13.85,2,13.8,14,13.9,33,1,2022-08-08 09:49:25
1659952223125462000,13.85,1,13.8,13,13.85,16,2,2022-08-08 09:50:23
1659952225719376000,13.85,1,13.8,13,13.85,15,1,2022-08-08 09:50:25
1659952274736800000,13.8,1,13.8,14,13.85,15,2,2022-08-08 09:51:14
1659952382019038000,13.85,1,13.8,17,13.85,14,1,2022-08-08 09:53:02
1659952384333127000,13.85,10,13.8,17,13.85,4,1,2022-08-08 09:53:04
1659952384361608000,13.85,4,13.8,17,13.9,33,1,2022-08-08 09:53:04
1659952478131264000,13.85,2,13.8,27,13.9,33,2,2022-08-08 09:54:38
1659952516789786000,13.85,1,13.8,27,13.9,33,2,2022-08-08 09:55:16
1659952547721386000,13.85,1,13.85,1,13.9,33,2,2022-08-08 09:55:47
1659952560954045000,13.85,3,13.8,26,13.9,33,2,2022-08-08 09:56:00
1659952562962959000,13.85,2,13.8,26,13.85,2,1,2022-08-08 09:56:02
1659952566495288000,13.85,1,13.8,26,13.85,1,1,2022-08-08 09:56:06
1659952597547953000,13.8,10,13.8,25,13.85,1,2,2022-08-08 09:56:37
1659952664912796000,13.85,2,13.8,25,13.85,1,1,2022-08-08 09:57:44
1659952701161592000,13.85,1,13.85,9,13.9,34,1,2022-08-08 09:58:21
1659952722957849000,13.85,1,13.85,9,13.9,34,2,2022-08-08 09:58:42
1659952749129170000,13.85,3,13.85,6,13.9,35,2,2022-08-08 09:59:09
1659952802352098000,13.85,1,13.85,7,13.9,35,2,2022-08-08 10:00:02
1659952927655433000,13.85,4,13.85,4,13.9,36,2,2022-08-08 10:02:07
1659953088875118000,13.85,6,13.8,29,13.9,38,2,2022-08-08 10:04:48
1659953183802637000,13.85,2,13.8,29,13.85,5,1,2022-08-08 10:06:23
1659953201166719000,13.8,2,13.8,28,13.85,4,2,2022-08-08 10:06:41
1659953210135973000,13.85,4,13.85,1,13.9,35,1,2022-08-08 10:06:50
1659953220842757000,13.85,1,13.8,29,13.9,37,2,2022-08-08 10:07:00
1659953251962062000,13.85,1,13.85,5,13.9,37,2,2022-08-08 10:07:31
1659953267581138000,13.85,1,13.85,7,13.9,37,2,2022-08-08 10:07:47
1659953308139661000,13.85,5,13.85,8,13.9,35,2,2022-08-08 10:08:28
1659953341854819000,13.85,8,13.8,32,13.85,2,2,2022-08-08 10:09:01
1659953365090683000,13.85,2,13.85,3,13.9,35,1,2022-08-08 10:09:25
1659953445139028000,13.9,10,13.85,14,13.9,25,1,2022-08-08 10:10:45
1659953445289124000,13.9,1,13.85,14,13.9,24,1,2022-08-08 10:10:45
1659953475279293000,13.9,2,13.85,15,13.9,22,1,2022-08-08 10:11:15
1659953479571074000,13.9,1,13.85,15,13.9,21,1,2022-08-08 10:11:19
1659953480277997000,13.9,10,13.85,15,13.9,11,1,2022-08-08 10:11:20
1659953480306140000,13.9,11,13.85,15,13.95,12,1,2022-08-08 10:11:20
1659953498865114000,13.9,4,13.9,1,13.95,12,2,2022-08-08 10:11:38
1659953588195724000,13.9,1,13.85,16,13.95,12,2,2022-08-08 10:13:08
1659953601340650000,13.9,1,13.85,16,14.0,6,1,2022-08-08 10:13:21
1659953601340650000,13.95,12,13.85,16,14.0,6,1,2022-08-08 10:13:21
1659953601340650000,14.0,7,13.85,16,14.0,6,1,2022-08-08 10:13:21
1659953624106027000,14.0,1,13.9,3,14.0,5,1,2022-08-08 10:13:44
1659953634529476000,14.0,1,13.95,5,14.0,5,1,2022-08-08 10:13:54
1659953636110765000,14.0,1,13.95,5,14.0,4,1,2022-08-08 10:13:56
1659953649391209000,14.0,2,13.95,5,14.0,2,1,2022-08-08 10:14:09
1659953649426474000,14.0,2,13.95,5,14.05,6,1,2022-08-08 10:14:09
1659953666530750000,14.05,9,14.0,7,14.1,19,1,2022-08-08 10:14:26
1659953666530750000,14.1,1,14.0,7,14.1,19,1,2022-08-08 10:14:26
1659953689250514000,14.05,1,14.05,1,14.1,21,2,2022-08-08 10:14:49
1659953690685638000,14.1,3,14.05,1,14.1,18,1,2022-08-08 10:14:50
1659953701568265000,14.1,3,14.05,1,14.1,15,1,2022-08-08 10:15:01
1659953715927819000,14.1,1,14.05,1,14.1,14,1,2022-08-08 10:15:15
1659953734938020000,14.1,1,14.05,1,14.1,15,1,2022-08-08 10:15:34
1659953742576990000,14.05,1,14.05,1,14.1,15,2,2022-08-08 10:15:42
1659953745445984000,14.05,1,14.0,22,14.05,9,2,2022-08-08 10:15:45
1659953749772244000,14.05,2,14.0,22,14.05,7,1,2022-08-08 10:15:49
1659953753960406000,14.05,5,14.0,22,14.05,2,1,2022-08-08 10:15:53
1659953831626291000,14.05,4,14.0,13,14.05,3,1,2022-08-08 10:17:11
1659953848828753000,14.05,1,14.0,14,14.05,2,1,2022-08-08 10:17:28
1659953857743397000,14.05,1,14.0,14,14.05,1,1,2022-08-08 10:17:37
1659953865276672000,14.05,1,14.0,14,14.1,15,1,2022-08-08 10:17:45
1659953893830382000,14.0,2,14.0,12,14.05,5,2,2022-08-08 10:18:13
1659953896411159000,14.0,5,14.0,7,14.05,5,2,2022-08-08 10:18:16
1659953900146167000,14.0,5,14.0,2,14.05,5,2,2022-08-08 10:18:20
1659953908656990000,14.0,2,13.95,5,14.05,10,2,2022-08-08 10:18:28
1659953963770754000,13.95,5,13.9,6,13.95,5,2,2022-08-08 10:19:23
1659953992595395000,13.95,2,13.9,6,13.95,3,1,2022-08-08 10:19:52
1659954016138951000,13.95,1,13.9,6,13.95,2,1,2022-08-08 10:20:16
1659954043054655000,13.9,3,13.9,3,13.95,2,2,2022-08-08 10:20:43
1659954121330696000,13.9,1,13.9,3,13.95,7,2,2022-08-08 10:22:01
1659954132136949000,13.9,1,13.9,2,13.95,7,2,2022-08-08 10:22:12
1659954143442199000,13.9,1,13.9,2,13.95,7,2,2022-08-08 10:22:23
1659954338658897000,13.95,3,13.9,13,14.0,26,1,2022-08-08 10:25:38
1659954338658897000,14.0,2,13.9,13,14.0,26,1,2022-08-08 10:25:38
1659954343557017000,13.9,1,13.9,12,14.0,26,2,2022-08-08 10:25:43
1659954362459563000,13.9,1,13.9,11,14.0,26,2,2022-08-08 10:26:02
1659954416236377000,13.9,10,13.9,11,14.0,31,2,2022-08-08 10:26:56
1659954537494681000,13.9,9,13.9,2,14.0,31,2,2022-08-08 10:28:57
1659954552008082000,13.9,2,13.85,10,14.0,31,2,2022-08-08 10:29:12
1659954795633721000,13.95,1,13.9,13,14.0,31,1,2022-08-08 10:33:15
1659954917574101000,13.95,1,13.95,1,14.0,8,1,2022-08-08 10:35:17
1659954933651937000,14.0,1,13.95,2,14.0,7,1,2022-08-08 10:35:33
1659955040692786000,13.95,1,13.95,2,14.0,8,2,2022-08-08 10:37:20
1659955089529770000,13.95,2,13.9,14,14.0,8,2,2022-08-08 10:38:09
1659955180637983000,13.95,10,13.95,2,14.0,8,2,2022-08-08 10:39:40
1659955238430127000,13.95,2,13.9,14,14.0,8,2,2022-08-08 10:40:38
1659955270395703000,13.9,4,13.9,20,14.0,8,2,2022-08-08 10:41:10
1659955295797842000,14.0,3,13.9,20,14.0,5,1,2022-08-08 10:41:35
1659955296449205000,13.9,1,13.9,19,14.0,5,2,2022-08-08 10:41:36
1659955310301144000,13.9,1,13.9,20,14.0,5,2,2022-08-08 10:41:50
1659955406578386000,13.95,1,13.9,26,14.0,5,1,2022-08-08 10:43:26
1659955438162855000,13.95,1,13.9,26,14.0,5,1,2022-08-08 10:43:58
1659955660107933000,13.9,1,13.9,45,14.0,10,2,2022-08-08 10:47:40
1659956188399646000,13.95,3,13.95,2,14.0,16,2,2022-08-08 10:56:28
1659956418213935000,14.0,10,13.95,12,14.0,6,1,2022-08-08 11:00:18
1659956447931196000,14.0,1,13.95,12,14.0,6,1,2022-08-08 11:00:47
1659956479413367000,14.0,1,13.95,12,14.0,5,1,2022-08-08 11:01:19
1659956508348598000,14.0,5,13.95,12,14.05,13,1,2022-08-08 11:01:48
1659956553137939000,14.0,1,14.0,2,14.05,13,2,2022-08-08 11:02:33
1659956588650118000,14.05,2,14.0,2,14.05,11,1,2022-08-08 11:03:08
1659956613584137000,14.05,3,14.0,2,14.05,8,1,2022-08-08 11:03:33
1659956702037803000,14.05,8,14.05,12,14.1,35,1,2022-08-08 11:05:02
1659956770940029000,14.1,2,14.05,12,14.1,33,1,2022-08-08 11:06:10
1659956783774476000,14.1,3,14.05,14,14.1,30,1,2022-08-08 11:06:23
1659956788264824000,14.1,1,14.05,14,14.1,29,1,2022-08-08 11:06:28
1659956812444146000,14.05,6,14.05,9,14.1,29,2,2022-08-08 11:06:52
1659956818943124000,14.1,1,14.05,9,14.1,28,1,2022-08-08 11:06:58
1659956833403797000,14.1,5,14.05,9,14.1,23,1,2022-08-08 11:07:13
1659956850913139000,14.1,5,14.05,9,14.1,18,1,2022-08-08 11:07:30
1659956876679316000,14.1,3,14.05,9,14.1,15,1,2022-08-08 11:07:56
1659957050773424000,14.05,10,14.05,4,14.1,15,2,2022-08-08 11:10:50
1659957098417390000,14.05,1,14.05,4,14.1,15,2,2022-08-08 11:11:38
1659957109306907000,14.05,3,14.05,1,14.1,15,2,2022-08-08 11:11:49
1659957132874077000,14.05,1,14.0,9,14.05,9,2,2022-08-08 11:12:12
1659957252591973000,14.05,1,14.0,9,14.05,8,1,2022-08-08 11:14:12
1659957310974159000,14.05,3,14.0,9,14.05,5,1,2022-08-08 11:15:10
1659957545484881000,14.05,1,14.0,21,14.05,5,1,2022-08-08 11:19:05
1659957567075829000,14.05,1,14.0,21,14.05,3,1,2022-08-08 11:19:27
1659957571738994000,14.0,1,14.0,20,14.05,3,2,2022-08-08 11:19:31
1659957588247071000,14.05,3,14.05,27,14.1,20,1,2022-08-08 11:19:48
1659957663809637000,14.1,5,14.05,28,14.1,15,1,2022-08-08 11:21:03
1659957670978982000,14.1,1,14.05,28,14.1,14,1,2022-08-08 11:21:10
1659957675000492000,14.1,5,14.05,28,14.1,9,1,2022-08-08 11:21:15
1659957679748271000,14.1,6,14.05,28,14.1,3,1,2022-08-08 11:21:19
1659957679780541000,14.1,2,14.05,28,14.1,1,1,2022-08-08 11:21:19
1659957679811632000,14.1,1,14.05,28,14.15,30,1,2022-08-08 11:21:19
1659957729971813000,14.15,1,14.1,14,14.15,29,1,2022-08-08 11:22:09
1659957743561733000,14.15,1,14.1,14,14.15,29,1,2022-08-08 11:22:23
1659957769962963000,14.15,20,14.1,14,14.15,9,1,2022-08-08 11:22:49
1659957788985167000,14.15,10,14.1,4,14.15,4,1,2022-08-08 11:23:08
1659957796998309000,14.15,3,14.1,5,14.15,1,1,2022-08-08 11:23:16
1659957797033431000,14.15,1,14.1,5,14.2,35,1,2022-08-08 11:23:17
1659957825532488000,14.2,1,14.15,4,14.2,34,1,2022-08-08 11:23:45
1659957857192901000,14.2,1,14.15,11,14.2,33,1,2022-08-08 11:24:17
1659957878675808000,14.2,1,14.15,11,14.2,32,1,2022-08-08 11:24:38
1659957923632145000,14.2,2,14.15,9,14.2,30,1,2022-08-08 11:25:23
1659957959795152000,14.2,1,14.15,9,14.2,39,1,2022-08-08 11:25:59
1659957980190202000,14.2,2,14.15,9,14.2,37,1,2022-08-08 11:26:20
1659958002984693000,14.15,2,14.15,7,14.2,37,2,2022-08-08 11:26:42
1659958010326382000,14.15,6,14.15,1,14.2,38,2,2022-08-08 11:26:50
1659958010361449000,14.15,1,14.1,5,14.2,38,2,2022-08-08 11:26:50
1659958081157699000,14.15,1,14.15,1,14.2,40,1,2022-08-08 11:28:01
1659958192679647000,14.15,1,14.15,1,14.2,40,2,2022-08-08 11:29:52
1659958194961205000,14.15,1,14.1,17,14.15,2,2,2022-08-08 11:29:54
1659958358741557000,14.1,10,14.1,7,14.15,2,2,2022-08-08 11:32:38
1659958371627863000,14.1,1,14.1,6,14.15,2,2,2022-08-08 11:32:51
1659958392447329000,14.15,1,14.1,8,14.15,1,1,2022-08-08 11:33:12
1659958392461627000,14.1,2,14.1,6,14.15,1,2,2022-08-08 11:33:12
1659958430536559000,14.1,1,14.1,5,14.15,1,2,2022-08-08 11:33:50
1659958516571017000,14.1,1,14.1,7,14.15,7,2,2022-08-08 11:35:16
1659958638940153000,14.1,1,14.1,7,14.15,7,2,2022-08-08 11:37:18
1659958645221761000,14.1,1,14.1,6,14.15,7,2,2022-08-08 11:37:25
1659958688688713000,14.1,6,14.05,33,14.15,7,2,2022-08-08 11:38:08
1659958759656408000,14.05,34,14.0,11,14.05,16,2,2022-08-08 11:39:19
1659958856738255000,14.0,12,13.95,15,14.0,88,2,2022-08-08 11:40:56
1659958895996068000,13.95,5,13.95,10,14.0,88,2,2022-08-08 11:41:35
1659958920450888000,14.0,50,13.95,10,14.0,38,1,2022-08-08 11:42:00
1659958920487220000,14.0,22,13.95,10,14.0,16,1,2022-08-08 11:42:00
1659958929816915000,14.0,7,13.95,11,14.0,9,1,2022-08-08 11:42:09
1659958939573177000,14.0,5,13.95,11,14.0,4,1,2022-08-08 11:42:19
1659958940875433000,14.0,2,13.95,11,14.0,2,1,2022-08-08 11:42:20
1659958940909670000,14.0,2,13.95,11,14.1,2,1,2022-08-08 11:42:20
1659959007108328000,13.95,8,13.95,1,14.1,2,2,2022-08-08 11:43:27
1659959013784324000,14.1,1,13.95,1,14.1,1,1,2022-08-08 11:43:33
1659959033510395000,14.1,1,14.1,1,14.15,7,1,2022-08-08 11:43:53
1659959064214822000,14.1,1,14.0,1,14.15,7,2,2022-08-08 11:44:24
1659959625074122000,14.0,4,14.0,46,14.05,25,2,2022-08-08 11:53:45
1659959678055632000,14.05,2,14.0,46,14.05,24,1,2022-08-08 11:54:38
1659959705679223000,14.0,49,13.95,10,14.0,1,2,2022-08-08 11:55:05
1659959787583354000,13.95,1,13.95,2,14.0,1,2,2022-08-08 11:56:27
1659959940264070000,13.95,1,13.95,3,14.0,3,2,2022-08-08 11:59:00
1659960103778889000,14.0,2,14.0,47,14.05,20,1,2022-08-08 12:01:43
1659960119520858000,14.05,20,14.05,29,14.1,21,1,2022-08-08 12:01:59
1659960130238177000,14.05,29,14.0,48,14.05,2,2,2022-08-08 12:02:10
1659960139689237000,14.0,48,13.95,55,14.0,2,2,2022-08-08 12:02:19
1659960140835793000,14.0,2,14.05,45,14.1,21,1,2022-08-08 12:02:20
1659960140835793000,14.05,2,14.05,45,14.1,21,1,2022-08-08 12:02:20
1659960147523274000,14.05,45,13.95,56,14.05,5,2,2022-08-08 12:02:27
1659960230685367000,14.1,10,14.0,55,14.1,11,1,2022-08-08 12:03:50
1659960240265388000,14.05,3,14.0,50,14.05,2,1,2022-08-08 12:04:00
1659960240290571000,14.05,2,14.0,50,14.1,11,1,2022-08-08 12:04:00
1659960337468674000,14.05,5,14.0,50,14.05,4,2,2022-08-08 12:05:37
1659960440368063000,14.05,1,14.0,50,14.05,13,1,2022-08-08 12:07:20
1659960452856030000,14.05,2,14.0,50,14.05,11,1,2022-08-08 12:07:32
1659960456392738000,14.0,50,13.95,53,14.05,11,2,2022-08-08 12:07:36
1659960650192374000,13.95,31,13.95,23,14.0,30,2,2022-08-08 12:10:50
1659960759445121000,13.95,1,13.95,21,14.0,30,2,2022-08-08 12:12:39
1659960805973339000,13.95,1,13.95,20,14.0,30,2,2022-08-08 12:13:25
1659960849537874000,13.95,20,13.9,75,13.95,10,2,2022-08-08 12:14:09
1659960849667517000,13.95,1,13.9,75,13.95,9,1,2022-08-08 12:14:09
1659960882224388000,13.95,1,13.9,76,13.95,8,1,2022-08-08 12:14:42
1659960910505741000,13.95,8,13.9,78,14.05,15,1,2022-08-08 12:15:10
1659960916912822000,13.9,10,13.9,68,14.05,15,2,2022-08-08 12:15:16
1659960959133422000,13.95,2,13.95,32,14.0,2,2,2022-08-08 12:15:59
1659961011646007000,14.0,3,13.95,28,14.05,15,1,2022-08-08 12:16:51
1659961187244439000,14.0,20,14.0,29,14.05,15,2,2022-08-08 12:19:47
1659961221345043000,14.0,10,14.0,19,14.05,5,2,2022-08-08 12:20:21
1659961227916039000,14.05,1,14.0,19,14.05,4,1,2022-08-08 12:20:27
1659961273862941000,14.0,19,13.95,28,14.0,1,2,2022-08-08 12:21:13
1659961307374278000,14.0,1,13.95,28,14.05,5,1,2022-08-08 12:21:47
1659961338410482000,14.05,4,13.95,28,14.05,1,1,2022-08-08 12:22:18
1659961417140497000,14.0,1,13.95,26,14.05,13,2,2022-08-08 12:23:37
1659961417140497000,13.95,2,13.95,26,14.05,13,2,2022-08-08 12:23:37
1659961469161056000,14.05,13,14.05,87,14.1,22,1,2022-08-08 12:24:29
1659961478684554000,14.1,20,14.05,87,14.1,2,1,2022-08-08 12:24:38
1659961478704593000,14.1,2,14.05,87,14.15,54,1,2022-08-08 12:24:38
1659961502627884000,14.05,25,14.05,62,14.15,54,2,2022-08-08 12:25:02
1659961573021692000,14.1,2,14.1,18,14.15,60,2,2022-08-08 12:26:13
1659961618747254000,14.15,60,14.15,40,14.2,46,1,2022-08-08 12:26:58
1659961632667442000,14.2,46,14.2,4,14.25,32,1,2022-08-08 12:27:12
1659961649045250000,14.25,1,14.2,21,14.25,31,1,2022-08-08 12:27:29
1659961653355112000,14.25,20,14.2,21,14.25,11,1,2022-08-08 12:27:33
1659961653375570000,14.25,11,14.2,21,14.3,65,1,2022-08-08 12:27:33
1659961657261730000,14.3,50,14.2,21,14.3,15,1,2022-08-08 12:27:37
1659961657270790000,14.3,15,14.2,21,14.35,17,1,2022-08-08 12:27:37
1659961659703751000,14.2,19,14.2,2,14.35,17,2,2022-08-08 12:27:39
1659961670534028000,14.25,10,14.25,12,14.35,17,2,2022-08-08 12:27:50
1659961692031899000,14.35,5,14.3,78,14.35,12,1,2022-08-08 12:28:12
1659961692164640000,14.35,8,14.3,78,14.35,4,1,2022-08-08 12:28:12
1659961692244577000,14.35,1,14.3,78,14.35,3,1,2022-08-08 12:28:12
1659961692359263000,14.35,2,14.3,78,14.35,1,1,2022-08-08 12:28:12
1659961695984901000,14.35,1,14.3,79,14.35,1,1,2022-08-08 12:28:15
1659961698185344000,14.35,1,14.35,9,14.4,48,1,2022-08-08 12:28:18
1659961709537724000,14.35,3,14.35,18,14.4,43,2,2022-08-08 12:28:29
1659961716259883000,14.4,10,14.35,18,14.4,33,1,2022-08-08 12:28:36
1659961716490775000,14.35,1,14.35,17,14.4,33,2,2022-08-08 12:28:36
1659961727035947000,14.4,1,14.35,48,14.4,32,1,2022-08-08 12:28:47
1659961732397566000,14.4,1,14.35,48,14.4,31,1,2022-08-08 12:28:52
1659961738315078000,14.35,2,14.35,48,14.4,31,2,2022-08-08 12:28:58
1659961775451184000,14.35,3,14.35,60,14.4,33,2,2022-08-08 12:29:35
1659961781902048000,14.35,1,14.35,59,14.4,33,2,2022-08-08 12:29:41
1659961784781961000,14.35,1,14.35,58,14.4,33,2,2022-08-08 12:29:44
1659961787796299000,14.35,13,14.35,46,14.4,33,2,2022-08-08 12:29:47
1659961793877067000,14.4,2,14.35,46,14.4,31,1,2022-08-08 12:29:53
1659961800493887000,14.35,12,14.35,34,14.4,31,2,2022-08-08 12:30:00
1659961802316129000,14.35,10,14.35,24,14.4,31,2,2022-08-08 12:30:02
1659961807410795000,14.4,1,14.35,24,14.4,30,1,2022-08-08 12:30:07
1659961812012917000,14.35,10,14.35,14,14.4,30,2,2022-08-08 12:30:12
1659961813811547000,14.35,1,14.35,13,14.4,30,2,2022-08-08 12:30:13
1659961835872197000,14.35,5,14.35,2,14.4,30,2,2022-08-08 12:30:35
1659961837400363000,14.35,2,14.3,237,14.35,3,2,2022-08-08 12:30:37
1659961851410729000,14.35,1,14.3,258,14.35,4,1,2022-08-08 12:30:51
1659961857637467000,14.35,4,14.35,2,14.4,30,1,2022-08-08 12:30:57
1659961872170463000,14.35,6,14.35,26,14.4,30,2,2022-08-08 12:31:12
1659961912689100000,14.35,1,14.35,36,14.4,40,2,2022-08-08 12:31:52
1659961916993170000,14.35,4,14.35,32,14.4,40,2,2022-08-08 12:31:56
1659961932966085000,14.35,1,14.35,31,14.4,40,2,2022-08-08 12:32:12
1659961964281623000,14.35,1,14.35,30,14.4,41,2,2022-08-08 12:32:44
1659961972243415000,14.35,1,14.35,30,14.4,42,2,2022-08-08 12:32:52
1659961978137061000,14.35,9,14.35,21,14.4,42,2,2022-08-08 12:32:58
1659961983964228000,14.35,7,14.35,14,14.4,42,2,2022-08-08 12:33:03
1659961989158037000,14.35,1,14.35,13,14.4,41,2,2022-08-08 12:33:09
1659961994208816000,14.4,2,14.35,13,14.4,39,1,2022-08-08 12:33:14
1659961994332808000,14.35,5,14.35,8,14.4,39,2,2022-08-08 12:33:14
1659962102736335000,14.35,1,14.35,18,14.4,41,2,2022-08-08 12:35:02
1659962120704202000,14.35,1,14.35,17,14.4,41,2,2022-08-08 12:35:20
1659962142051013000,14.35,1,14.35,18,14.4,41,2,2022-08-08 12:35:42
1659962175588413000,14.35,1,14.35,17,14.4,46,2,2022-08-08 12:36:15
1659962178565270000,14.35,1,14.35,16,14.4,46,2,2022-08-08 12:36:18
1659962184883132000,14.35,2,14.35,18,14.4,46,2,2022-08-08 12:36:24
1659962191235946000,14.35,1,14.35,17,14.4,46,2,2022-08-08 12:36:31
1659962198529187000,14.35,1,14.35,16,14.4,46,2,2022-08-08 12:36:38
1659962201373170000,14.35,1,14.35,15,14.4,46,2,2022-08-08 12:36:41
1659962202291438000,14.35,5,14.35,10,14.4,46,2,2022-08-08 12:36:42
1659962205330184000,14.35,10,14.3,261,14.35,5,2,2022-08-08 12:36:45
1659962219058571000,14.35,7,14.35,9,14.4,45,1,2022-08-08 12:36:59
1659962221148117000,14.35,2,14.35,7,14.4,45,2,2022-08-08 12:37:01
1659962225685012000,14.35,5,14.35,2,14.4,45,2,2022-08-08 12:37:05
1659962238358066000,14.35,1,14.35,5,14.4,44,2,2022-08-08 12:37:18
1659962242110824000,14.35,2,14.35,3,14.4,44,2,2022-08-08 12:37:22
1659962273233942000,14.4,10,14.35,3,14.4,34,1,2022-08-08 12:37:53
1659962280567654000,14.4,1,14.35,3,14.4,33,1,2022-08-08 12:38:00
1659962282847407000,14.35,3,14.3,321,14.35,17,2,2022-08-08 12:38:02
1659962295350769000,14.35,1,14.3,321,14.35,18,1,2022-08-08 12:38:15
1659962296739438000,14.35,5,14.3,321,14.35,13,1,2022-08-08 12:38:16
1659962305012944000,14.35,1,14.3,321,14.35,12,1,2022-08-08 12:38:25
1659962336604695000,14.35,1,14.3,321,14.35,14,1,2022-08-08 12:38:56
1659962369110184000,14.35,5,14.3,317,14.35,9,1,2022-08-08 12:39:29
1659962395251415000,14.35,1,14.3,317,14.35,9,1,2022-08-08 12:39:55
1659962456888600000,14.35,3,14.3,319,14.35,6,1,2022-08-08 12:40:56
1659962468977401000,14.35,14,14.3,319,14.35,2,1,2022-08-08 12:41:08
1659962471157717000,14.35,1,14.3,319,14.35,1,1,2022-08-08 12:41:11
1659962472002995000,14.35,1,14.3,319,14.4,43,1,2022-08-08 12:41:12
1659962475109184000,14.35,1,14.3,319,14.35,2,1,2022-08-08 12:41:15
1659962479059676000,14.35,2,14.35,8,14.4,43,1,2022-08-08 12:41:19
1659962551990294000,14.35,20,14.35,1,14.4,44,2,2022-08-08 12:42:31
1659962572193354000,14.35,2,14.3,320,14.35,8,2,2022-08-08 12:42:52
1659962599623127000,14.3,100,14.3,220,14.35,10,2,2022-08-08 12:43:19
1659962626547708000,14.3,1,14.3,219,14.35,12,2,2022-08-08 12:43:46
1659962639027189000,14.3,2,14.3,217,14.35,17,2,2022-08-08 12:43:59
1659962644809115000,14.3,5,14.3,212,14.35,17,2,2022-08-08 12:44:04
1659962667125891000,14.3,1,14.3,211,14.35,19,2,2022-08-08 12:44:27
1659962673064136000,14.3,1,14.3,210,14.35,19,2,2022-08-08 12:44:33
1659962703992361000,14.3,5,14.3,205,14.35,18,2,2022-08-08 12:45:03
1659962752368054000,14.35,10,14.3,205,14.35,8,1,2022-08-08 12:45:52
1659962760500754000,14.35,1,14.3,216,14.35,8,1,2022-08-08 12:46:00
1659962769531743000,14.35,8,14.3,216,14.4,24,1,2022-08-08 12:46:09
1659962769531743000,14.4,8,14.3,216,14.4,24,1,2022-08-08 12:46:09
1659962787425882000,14.4,1,14.3,219,14.4,25,1,2022-08-08 12:46:27
1659962789793591000,14.4,2,14.3,219,14.4,23,1,2022-08-08 12:46:29
1659962795086960000,14.4,4,14.3,219,14.4,19,1,2022-08-08 12:46:35
1659962796766095000,14.4,2,14.3,219,14.4,17,1,2022-08-08 12:46:36
1659962803445777000,14.4,18,14.4,44,14.45,37,1,2022-08-08 12:46:43
1659962803497177000,14.4,1,14.4,43,14.45,37,2,2022-08-08 12:46:43
1659962810297667000,14.4,2,14.4,89,14.45,37,2,2022-08-08 12:46:50
1659962831458953000,14.45,2,14.4,90,14.45,37,1,2022-08-08 12:47:11
1659962839742518000,14.45,3,14.4,94,14.45,34,1,2022-08-08 12:47:19
1659962841310823000,14.45,20,14.4,94,14.45,14,1,2022-08-08 12:47:21
1659962851104391000,14.45,14,14.4,96,14.5,70,1,2022-08-08 12:47:31
1659962854145625000,14.5,1,14.4,111,14.5,69,1,2022-08-08 12:47:34
1659962859856602000,14.5,3,14.45,7,14.5,66,1,2022-08-08 12:47:39
1659962864356314000,14.5,2,14.45,17,14.5,64,1,2022-08-08 12:47:44
1659962865378911000,14.5,1,14.45,17,14.5,63,1,2022-08-08 12:47:45
1659962867687222000,14.45,4,14.45,14,14.5,64,2,2022-08-08 12:47:47
1659962873171146000,14.45,1,14.45,15,14.5,64,2,2022-08-08 12:47:53
1659962877489942000,14.5,2,14.45,15,14.5,62,1,2022-08-08 12:47:57
1659962887546509000,14.5,1,14.45,48,14.5,62,1,2022-08-08 12:48:07
1659962889669277000,14.5,7,14.45,48,14.5,55,1,2022-08-08 12:48:09
1659962891405432000,14.5,30,14.45,18,14.5,25,1,2022-08-08 12:48:11
1659962891440761000,14.5,3,14.45,18,14.5,22,1,2022-08-08 12:48:11
1659962891461459000,14.5,1,14.45,18,14.5,21,1,2022-08-08 12:48:11
1659962891502401000,14.5,5,14.45,18,14.5,16,1,2022-08-08 12:48:11
1659962891656140000,14.5,1,14.45,11,14.5,15,1,2022-08-08 12:48:11
1659962891689554000,14.5,4,14.45,25,14.5,11,1,2022-08-08 12:48:11
1659962891761530000,14.5,7,14.45,25,14.5,4,1,2022-08-08 12:48:11
1659962891792363000,14.5,4,14.45,25,14.5,15,1,2022-08-08 12:48:11
1659962892499116000,14.55,2,14.45,25,14.55,31,1,2022-08-08 12:48:12
1659962896600467000,14.55,33,14.5,19,14.6,20,1,2022-08-08 12:48:16
1659962896600467000,14.6,16,14.5,19,14.6,20,1,2022-08-08 12:48:16
1659962897481551000,14.6,14,14.5,19,14.6,6,1,2022-08-08 12:48:17
1659962897514603000,14.6,6,14.5,13,14.7,4,1,2022-08-08 12:48:17
1659962904849047000,14.7,2,14.5,34,14.7,2,1,2022-08-08 12:48:24
1659962906526142000,14.5,1,14.5,33,14.6,1,2,2022-08-08 12:48:26
1659962908502690000,14.6,1,14.7,17,14.75,2,1,2022-08-08 12:48:28
1659962908502690000,14.7,2,14.7,17,14.75,2,1,2022-08-08 12:48:28
1659962917315974000,14.75,1,14.7,18,14.75,1,1,2022-08-08 12:48:37
1659962919157979000,14.75,1,14.75,9,14.8,20,1,2022-08-08 12:48:39
1659962926379627000,14.8,17,14.75,16,14.8,3,1,2022-08-08 12:48:46
1659962929468589000,14.8,1,14.75,17,14.8,2,1,2022-08-08 12:48:49
1659962929593138000,14.8,1,14.75,17,14.8,1,1,2022-08-08 12:48:49
1659962929700534000,14.8,1,14.75,17,14.85,6,1,2022-08-08 12:48:49
1659962939704672000,14.8,1,14.75,41,14.8,1,1,2022-08-08 12:48:59
1659962942176542000,14.8,1,14.75,41,14.85,6,1,2022-08-08 12:49:02
1659962954540855000,14.8,3,14.8,25,14.85,8,2,2022-08-08 12:49:14
1659962955267781000,14.8,3,14.8,22,14.85,8,2,2022-08-08 12:49:15
1659962956888983000,14.8,1,14.8,21,14.85,8,2,2022-08-08 12:49:16
1659962957294369000,14.85,1,14.8,21,14.85,7,1,2022-08-08 12:49:17
1659962957884135000,14.85,7,14.8,21,14.9,44,1,2022-08-08 12:49:17
1659962957884135000,14.9,8,14.8,21,14.9,44,1,2022-08-08 12:49:17
1659962961289596000,14.8,1,14.8,20,14.85,1,2,2022-08-08 12:49:21
1659962964313338000,14.8,5,14.8,15,14.85,1,2,2022-08-08 12:49:24
1659962966139718000,14.85,1,14.8,15,14.9,35,1,2022-08-08 12:49:26
1659962966139718000,14.9,9,14.8,15,14.9,35,1,2022-08-08 12:49:26
1659962969470596000,14.8,1,14.8,14,14.9,37,2,2022-08-08 12:49:29
1659962970328578000,14.85,1,14.8,14,14.9,37,2,2022-08-08 12:49:30
1659962977926132000,14.9,1,14.8,14,14.9,36,1,2022-08-08 12:49:37
1659962987943239000,14.9,1,14.85,2,14.9,35,1,2022-08-08 12:49:47
1659962993592075000,14.85,2,14.8,14,14.85,8,2,2022-08-08 12:49:53
1659962998794494000,14.85,1,14.8,14,14.85,13,1,2022-08-08 12:49:58
1659963002655299000,14.85,1,14.8,16,14.85,18,1,2022-08-08 12:50:02
1659963010422388000,14.85,1,14.8,28,14.85,16,1,2022-08-08 12:50:10
1659963011072427000,14.85,1,14.8,28,14.85,15,1,2022-08-08 12:50:11
1659963014700913000,14.85,2,14.8,28,14.85,14,1,2022-08-08 12:50:14
1659963017749220000,14.85,1,14.8,28,14.85,13,1,2022-08-08 12:50:17
1659963018404966000,14.85,1,14.8,28,14.85,12,1,2022-08-08 12:50:18
1659963019385936000,14.85,1,14.8,28,14.85,11,1,2022-08-08 12:50:19
1659963019520929000,14.85,2,14.8,28,14.85,9,1,2022-08-08 12:50:19
1659963022780661000,14.8,1,14.8,26,14.85,9,2,2022-08-08 12:50:22
1659963024541292000,14.85,3,14.8,26,14.85,6,1,2022-08-08 12:50:24
1659963025250407000,14.85,6,14.8,26,14.9,26,1,2022-08-08 12:50:25
1659963025250407000,14.9,10,14.8,26,14.9,26,1,2022-08-08 12:50:25
1659963031802484000,14.9,1,14.85,30,14.9,25,1,2022-08-08 12:50:31
1659963033863930000,14.9,1,14.85,30,14.9,24,1,2022-08-08 12:50:33
1659963035888231000,14.9,1,14.85,30,14.9,23,1,2022-08-08 12:50:35
1659963037281549000,14.9,1,14.85,30,14.9,22,1,2022-08-08 12:50:37
1659963038992289000,14.9,1,14.85,30,14.9,21,1,2022-08-08 12:50:38
1659963046491339000,14.85,1,14.85,30,14.9,21,2,2022-08-08 12:50:46
1659963053837903000,14.9,2,14.85,30,14.9,19,1,2022-08-08 12:50:53
1659963058484796000,14.85,5,14.85,25,14.9,19,2,2022-08-08 12:50:58
1659963067465712000,14.85,1,14.85,26,14.9,20,2,2022-08-08 12:51:07
1659963073655291000,14.9,2,14.85,27,14.9,23,1,2022-08-08 12:51:13
1659963077364009000,14.9,1,14.85,27,14.9,22,1,2022-08-08 12:51:17
1659963077757496000,14.85,5,14.85,22,14.9,22,2,2022-08-08 12:51:17
1659963078584093000,14.85,2,14.85,20,14.9,22,2,2022-08-08 12:51:18
1659963078608103000,14.85,5,14.85,15,14.9,22,2,2022-08-08 12:51:18
1659963078628573000,14.85,8,14.85,7,14.9,22,2,2022-08-08 12:51:18
1659963081049372000,14.85,1,14.85,6,14.9,27,2,2022-08-08 12:51:21
1659963081180079000,14.85,1,14.85,5,14.9,27,2,2022-08-08 12:51:21
1659963081787343000,14.85,1,14.85,4,14.9,27,2,2022-08-08 12:51:21
1659963082389043000,14.9,20,14.85,4,14.9,8,1,2022-08-08 12:51:22
1659963083079024000,14.9,1,14.85,5,14.9,7,1,2022-08-08 12:51:23
1659963084904678000,14.85,1,14.85,4,14.9,7,2,2022-08-08 12:51:24
1659963103780289000,14.85,1,14.85,17,14.9,8,2,2022-08-08 12:51:43
1659963108642168000,14.9,1,14.85,17,14.9,7,1,2022-08-08 12:51:48
1659963110279042000,14.85,10,14.85,8,14.9,7,2,2022-08-08 12:51:50
1659963115650968000,14.85,2,14.85,6,14.9,7,2,2022-08-08 12:51:55
1659963120377912000,14.9,7,14.85,6,14.95,31,1,2022-08-08 12:52:00
1659963120442755000,14.95,1,14.85,6,14.95,30,1,2022-08-08 12:52:00
1659963120532997000,14.85,1,14.85,5,14.95,30,2,2022-08-08 12:52:00
1659963125908312000,14.85,1,14.85,5,14.9,20,2,2022-08-08 12:52:05
1659963128814150000,14.85,2,14.85,3,14.9,20,2,2022-08-08 12:52:08
1659963128991238000,14.85,3,14.75,2,14.8,20,2,2022-08-08 12:52:08
1659963128991238000,14.8,12,14.75,2,14.8,20,2,2022-08-08 12:52:08
1659963138129169000,14.75,2,14.55,3,14.8,20,2,2022-08-08 12:52:18
1659963143124880000,14.8,5,14.55,3,14.8,15,1,2022-08-08 12:52:23
1659963147119377000,14.8,1,14.55,3,14.8,14,1,2022-08-08 12:52:27
1659963148758743000,14.55,2,14.55,1,14.8,14,2,2022-08-08 12:52:28
1659963149881494000,14.8,5,14.55,1,14.8,9,1,2022-08-08 12:52:29
1659963162253679000,14.8,3,14.6,1,14.8,6,1,2022-08-08 12:52:42
1659963162581617000,14.8,3,14.6,1,14.8,3,1,2022-08-08 12:52:42
1659963162601445000,14.8,3,14.6,1,14.85,3,1,2022-08-08 12:52:42
1659963201234915000,14.8,3,14.65,1,14.8,17,1,2022-08-08 12:53:21
1659963202494363000,14.75,1,14.65,1,14.8,13,1,2022-08-08 12:53:22
1659963202494363000,14.8,4,14.65,1,14.8,13,1,2022-08-08 12:53:22
1659963204721270000,14.8,3,14.65,1,14.8,10,1,2022-08-08 12:53:24
1659963214927233000,14.8,1,14.7,2,14.8,9,1,2022-08-08 12:53:34
1659963232111304000,14.7,2,14.7,1,14.8,10,2,2022-08-08 12:53:52
1659963276561988000,14.75,1,14.75,2,14.8,9,1,2022-08-08 12:54:36
1659963283803007000,14.75,2,14.7,16,14.8,9,2,2022-08-08 12:54:43
1659963297191311000,14.8,9,14.8,3,14.85,1,1,2022-08-08 12:54:57
1659963307087284000,14.8,2,14.8,1,14.85,1,2,2022-08-08 12:55:07
1659963322648523000,14.8,2,14.75,1,14.8,1,2,2022-08-08 12:55:22
1659963346194601000,14.8,1,14.75,2,14.85,4,1,2022-08-08 12:55:46
1659963355069059000,14.85,5,14.75,2,14.9,41,1,2022-08-08 12:55:55
1659963355069059000,14.9,5,14.75,2,14.9,41,1,2022-08-08 12:55:55
1659963374380560000,14.9,1,14.75,5,14.9,40,1,2022-08-08 12:56:14
1659963375542018000,14.85,1,14.75,5,14.9,40,1,2022-08-08 12:56:15
1659963389774631000,14.75,5,14.7,2,14.9,47,2,2022-08-08 12:56:29
1659963389774631000,14.7,5,14.7,2,14.9,47,2,2022-08-08 12:56:29
1659963398544279000,14.8,1,14.75,1,14.9,52,2,2022-08-08 12:56:38
1659963416147685000,14.8,1,14.75,4,14.85,3,2,2022-08-08 12:56:56
1659963426380355000,14.8,1,14.8,2,14.85,7,2,2022-08-08 12:57:06
1659963430297196000,14.8,2,14.75,4,14.85,7,2,2022-08-08 12:57:10
1659963445701785000,14.75,4,14.7,3,14.75,1,2,2022-08-08 12:57:25
1659963449597875000,14.7,1,14.7,2,14.75,1,2,2022-08-08 12:57:29
1659963466973612000,14.7,1,14.65,2,14.7,1,2,2022-08-08 12:57:46
1659963467365352000,14.7,1,14.65,2,14.75,1,1,2022-08-08 12:57:47
1659963482019171000,14.65,1,14.65,1,14.75,3,2,2022-08-08 12:58:02
1659963501221707000,14.65,1,14.6,17,14.7,1,2,2022-08-08 12:58:21
1659963515728125000,14.65,1,14.65,1,14.7,3,1,2022-08-08 12:58:35
1659963517551336000,14.65,1,14.6,16,14.65,16,2,2022-08-08 12:58:37
1659963531828840000,14.6,1,14.6,15,14.65,16,2,2022-08-08 12:58:51
1659963547868263000,14.6,17,14.55,84,14.65,23,2,2022-08-08 12:59:07
1659963557193336000,14.6,1,14.55,84,14.65,23,1,2022-08-08 12:59:17
1659963564339434000,14.6,2,14.55,84,14.65,23,1,2022-08-08 12:59:24
1659963577434295000,14.6,1,14.55,84,14.6,3,1,2022-08-08 12:59:37
1659963593171221000,14.6,18,14.6,22,14.65,23,1,2022-08-08 12:59:53
1659963603395532000,14.6,10,14.6,53,14.65,23,2,2022-08-08 13:00:03
1659963605574463000,14.6,5,14.6,48,14.65,23,2,2022-08-08 13:00:05
1659963622484147000,14.6,1,14.6,47,14.65,23,2,2022-08-08 13:00:22
1659963622843868000,14.65,1,14.6,47,14.65,22,1,2022-08-08 13:00:22
1659963638800707000,14.65,1,14.6,48,14.65,21,1,2022-08-08 13:00:38
1659963664882977000,14.65,32,14.65,17,14.7,2,1,2022-08-08 13:01:04
1659963668232520000,14.7,2,14.65,17,14.85,2,1,2022-08-08 13:01:08
1659963668232520000,14.75,1,14.65,17,14.85,2,1,2022-08-08 13:01:08
1659963668232520000,14.8,7,14.65,17,14.85,2,1,2022-08-08 13:01:08
1659963668232520000,14.85,10,14.65,17,14.85,2,1,2022-08-08 13:01:08
1659963694568123000,14.85,1,14.65,17,14.85,1,1,2022-08-08 13:01:34
1659963746987518000,14.85,10,14.65,32,14.85,26,1,2022-08-08 13:02:26
1659963775473338000,14.7,5,14.7,45,14.85,32,2,2022-08-08 13:02:55
1659963816126316000,14.8,2,14.75,1,14.85,38,2,2022-08-08 13:03:36
1659963846527764000,14.8,1,14.75,1,14.85,55,2,2022-08-08 13:04:06
1659963913178127000,14.75,2,14.7,49,14.8,6,2,2022-08-08 13:05:13
1659963925361471000,14.7,8,14.7,41,14.8,10,2,2022-08-08 13:05:25
1659963931749425000,14.7,5,14.7,36,14.8,12,2,2022-08-08 13:05:31
1659963939164168000,14.7,10,14.7,26,14.8,12,2,2022-08-08 13:05:39
1659963951137009000,14.7,1,14.7,25,14.8,13,2,2022-08-08 13:05:51
1659963956179258000,14.7,1,14.7,26,14.75,5,2,2022-08-08 13:05:56
1659963968258325000,14.7,2,14.7,24,14.75,5,2,2022-08-08 13:06:08
1659963975133994000,14.75,5,14.7,24,14.8,4,1,2022-08-08 13:06:15
1659963975133994000,14.8,5,14.7,24,14.8,4,1,2022-08-08 13:06:15
1659963977452322000,14.7,14,14.7,10,14.8,4,2,2022-08-08 13:06:17
1659964002886284000,14.75,2,14.7,8,14.8,4,1,2022-08-08 13:06:42
1659964007639910000,14.7,1,14.7,7,14.8,4,2,2022-08-08 13:06:47
1659964010433307000,14.7,7,14.65,20,14.7,3,2,2022-08-08 13:06:50
1659964011847977000,14.7,3,14.75,7,14.8,4,1,2022-08-08 13:06:51
1659964016669012000,14.75,1,14.75,6,14.8,4,2,2022-08-08 13:06:56
1659964025442260000,14.8,1,14.75,6,14.8,6,1,2022-08-08 13:07:05
1659964074190120000,14.8,1,14.75,8,14.8,20,1,2022-08-08 13:07:54
1659964077952554000,14.8,3,14.75,8,14.8,17,1,2022-08-08 13:07:57
1659964096983197000,14.8,2,14.75,8,14.8,22,1,2022-08-08 13:08:16
1659964102380886000,14.75,3,14.75,5,14.8,22,2,2022-08-08 13:08:22
1659964103144463000,14.8,1,14.75,5,14.8,21,1,2022-08-08 13:08:23
1659964105198108000,14.75,1,14.75,4,14.8,21,2,2022-08-08 13:08:25
1659964107398279000,14.8,1,14.75,4,14.8,20,1,2022-08-08 13:08:27
1659964114335205000,14.8,1,14.75,4,14.8,19,1,2022-08-08 13:08:34
1659964128151320000,14.8,20,14.75,5,14.85,57,1,2022-08-08 13:08:48
1659964129419343000,14.75,1,14.75,4,14.85,57,2,2022-08-08 13:08:49
1659964158729187000,14.8,1,14.8,16,14.85,57,1,2022-08-08 13:09:18
1659964193456666000,14.85,20,14.8,16,14.85,37,1,2022-08-08 13:09:53
1659964195248402000,14.8,1,14.8,15,14.85,36,2,2022-08-08 13:09:55
1659964205008683000,14.8,10,14.8,7,14.85,36,2,2022-08-08 13:10:05
1659964219333548000,14.8,1,14.8,6,14.85,37,2,2022-08-08 13:10:19
1659964221619453000,14.8,6,14.75,12,14.85,37,2,2022-08-08 13:10:21
1659964265356895000,14.8,1,14.75,8,14.8,14,1,2022-08-08 13:11:05
1659964285343902000,14.75,1,14.75,7,14.8,24,2,2022-08-08 13:11:25
1659964295880373000,14.75,1,14.75,6,14.8,31,2,2022-08-08 13:11:35
1659964305946172000,14.75,7,14.7,6,14.75,3,2,2022-08-08 13:11:45
1659964340692916000,14.75,2,14.7,10,14.75,5,1,2022-08-08 13:12:20
1659964367512438000,14.75,2,14.7,12,14.75,3,1,2022-08-08 13:12:47
1659964377712321000,14.7,2,14.7,10,14.75,3,2,2022-08-08 13:12:57
1659964385472027000,14.7,10,14.6,7,14.75,3,2,2022-08-08 13:13:05
1659964385472027000,14.65,6,14.6,7,14.75,3,2,2022-08-08 13:13:05
1659964385472027000,14.6,2,14.6,7,14.75,3,2,2022-08-08 13:13:05
1659964394953231000,14.6,3,14.6,4,14.7,10,2,2022-08-08 13:13:14
1659964410432360000,14.6,3,14.6,1,14.7,10,2,2022-08-08 13:13:30
1659964423977866000,14.7,10,14.6,12,14.75,5,1,2022-08-08 13:13:43
1659964455096228000,14.75,3,14.6,16,14.75,7,1,2022-08-08 13:14:15
1659964455970578000,14.6,3,14.6,13,14.75,8,2,2022-08-08 13:14:15
1659964494954402000,14.6,2,14.6,22,14.75,9,2,2022-08-08 13:14:54
1659964507316119000,14.6,2,14.6,18,14.75,9,2,2022-08-08 13:15:07
1659964542855384000,14.65,2,14.65,3,14.7,4,2,2022-08-08 13:15:42
1659964563906512000,14.7,3,14.65,1,14.7,11,1,2022-08-08 13:16:03
1659964565310461000,14.65,1,14.6,17,14.65,1,2,2022-08-08 13:16:05
1659964611785413000,14.65,6,14.6,18,14.7,61,1,2022-08-08 13:16:51
1659964612430758000,14.6,10,14.6,8,14.7,61,2,2022-08-08 13:16:52
1659964617525091000,14.6,1,14.6,7,14.7,61,2,2022-08-08 13:16:57
1659964625525128000,14.7,10,14.6,7,14.7,51,1,2022-08-08 13:17:05
1659964640895876000,14.7,1,14.6,3,14.7,50,1,2022-08-08 13:17:20
1659964649669694000,14.65,1,14.65,1,14.7,50,2,2022-08-08 13:17:29
1659964663969859000,14.65,1,14.6,4,14.65,14,2,2022-08-08 13:17:43
1659964664832454000,14.65,14,14.6,4,14.7,46,1,2022-08-08 13:17:44
1659964664832454000,14.7,6,14.6,4,14.7,46,1,2022-08-08 13:17:44
1659964677279029000,14.7,10,14.6,4,14.7,37,1,2022-08-08 13:17:57
1659964679495670000,14.7,10,14.6,4,14.7,27,1,2022-08-08 13:17:59
1659964681704273000,14.7,27,14.7,13,14.75,9,1,2022-08-08 13:18:01
1659964687072274000,14.75,3,14.7,23,14.75,6,1,2022-08-08 13:18:07
1659964695582589000,14.7,1,14.7,28,14.75,6,2,2022-08-08 13:18:15
1659964714204712000,14.7,1,14.7,27,14.75,6,2,2022-08-08 13:18:34
1659964715397831000,14.7,2,14.7,25,14.75,6,2,2022-08-08 13:18:35
1659964732702449000,14.75,6,14.75,4,14.8,34,1,2022-08-08 13:18:52
1659964735462860000,14.75,4,14.7,80,14.75,1,2,2022-08-08 13:18:55
1659964742239110000,14.75,1,14.7,100,14.8,34,1,2022-08-08 13:19:02
1659964768479756000,14.75,1,14.75,3,14.8,34,2,2022-08-08 13:19:28
1659964780957243000,14.8,2,14.75,4,14.8,32,1,2022-08-08 13:19:40
1659964805317666000,14.75,6,14.75,2,14.8,44,2,2022-08-08 13:20:05
1659964814781724000,14.75,1,14.75,1,14.8,45,2,2022-08-08 13:20:14
1659964826231845000,14.75,1,14.7,113,14.75,1,2,2022-08-08 13:20:26
1659964837362518000,14.75,1,14.75,11,14.8,46,1,2022-08-08 13:20:37
1659964844101439000,14.75,1,14.75,11,14.8,46,2,2022-08-08 13:20:44
1659964897552698000,14.75,2,14.75,13,14.8,47,2,2022-08-08 13:21:37
1659964924459713000,14.8,2,14.75,12,14.8,46,1,2022-08-08 13:22:04
1659964924994461000,14.75,1,14.75,11,14.8,46,2,2022-08-08 13:22:04
1659964960731626000,14.8,2,14.75,13,14.8,45,1,2022-08-08 13:22:40
1659964972354380000,14.8,2,14.75,13,14.8,43,1,2022-08-08 13:22:52
1659964982695915000,14.8,1,14.75,13,14.8,42,1,2022-08-08 13:23:02
1659964982718004000,14.8,1,14.75,13,14.8,41,1,2022-08-08 13:23:02
1659964999029582000,14.75,1,14.75,12,14.8,46,2,2022-08-08 13:23:19
1659965008728629000,14.8,2,14.75,16,14.8,44,1,2022-08-08 13:23:28
1659965041574216000,14.75,1,14.75,16,14.8,51,2,2022-08-08 13:24:01
1659965047069679000,14.75,2,14.75,14,14.8,51,2,2022-08-08 13:24:07
1659965047776343000,14.8,1,14.75,14,14.8,50,1,2022-08-08 13:24:07
1659965048449259000,14.8,5,14.75,14,14.8,45,1,2022-08-08 13:24:08
1659965049817546000,14.75,1,14.75,13,14.8,44,2,2022-08-08 13:24:09
1659965053282975000,14.75,1,14.75,12,14.8,43,2,2022-08-08 13:24:13
1659965053718427000,14.8,1,14.75,12,14.8,42,1,2022-08-08 13:24:13
1659965064792729000,14.75,10,14.75,7,14.8,42,2,2022-08-08 13:24:24
1659965065922527000,14.75,2,14.75,5,14.8,42,2,2022-08-08 13:24:25
1659965068876472000,14.75,2,14.75,3,14.8,42,2,2022-08-08 13:24:28
1659965088660557000,14.75,1,14.75,7,14.8,59,2,2022-08-08 13:24:48
1659965091121325000,14.75,1,14.75,6,14.8,59,2,2022-08-08 13:24:51
1659965095547160000,14.75,1,14.75,5,14.8,69,2,2022-08-08 13:24:55
1659965400000000000,14.8,57,14.75,15,14.8,61,1,2022-08-08 13:30:00
