ts,close,volume,bid_price,bid_volume,ask_price,ask_volume,tick_type,datetime
1659949212844334000,53.9,579,53.8,1,53.9,32,0,2022-08-08 09:00:12
1659949212891283000,53.8,1,53.7,3,53.9,32,2,2022-08-08 09:00:12
1659949214027456000,53.9,10,53.7,3,53.9,40,1,2022-08-08 09:00:14
1659949214029292000,53.9,1,53.7,3,53.9,39,1,2022-08-08 09:00:14
1659949214059787000,53.7,1,53.7,2,53.9,39,2,2022-08-08 09:00:14
1659949214787449000,53.9,1,53.7,2,53.9,41,1,2022-08-08 09:00:14
1659949214819931000,53.7,2,53.6,7,53.9,41,2,2022-08-08 09:00:14
1659949215119505000,53.9,3,53.6,7,53.9,38,1,2022-08-08 09:00:15
1659949216577413000,53.9,1,53.6,7,53.9,37,1,2022-08-08 09:00:16
1659949216629813000,53.9,3,53.6,7,53.9,34,1,2022-08-08 09:00:16
1659949216822824000,53.9,5,53.6,7,53.9,29,1,2022-08-08 09:00:16
1659949217155945000,53.9,1,53.6,7,53.9,28,1,2022-08-08 09:00:17
1659949217402155000,53.9,5,53.6,7,53.9,23,1,2022-08-08 09:00:17
1659949218624070000,53.8,1,53.6,7,53.9,23,1,2022-08-08 09:00:18
1659949219519214000,53.9,1,53.6,7,53.9,22,1,2022-08-08 09:00:19
1659949220166563000,53.9,1,53.6,7,53.9,31,1,2022-08-08 09:00:20
1659949220622700000,53.9,4,53.6,7,53.9,27,1,2022-08-08 09:00:20
1659949221471345000,53.9,29,53.9,51,54.0,85,1,2022-08-08 09:00:21
1659949221502963000,53.9,2,53.9,49,54.0,85,2,2022-08-08 09:00:21
1659949221503190000,53.9,4,53.9,45,54.0,85,2,2022-08-08 09:00:21
1659949221503235000,53.9,27,53.9,18,54.0,85,2,2022-08-08 09:00:21
1659949221503260000,53.9,18,53.6,7,54.0,85,2,2022-08-08 09:00:21
1659949222538226000,53.8,1,53.9,4,54.0,85,1,2022-08-08 09:00:22
1659949222569669000,53.9,4,53.6,7,54.0,85,2,2022-08-08 09:00:22
1659949222941104000,53.8,1,53.7,1,54.0,85,2,2022-08-08 09:00:22
1659949222941104000,53.7,1,53.7,1,54.0,85,2,2022-08-08 09:00:22
1659949223098506000,53.7,1,53.6,7,54.0,85,2,2022-08-08 09:00:23
1659949223449891000,53.7,1,53.7,9,54.0,85,2,2022-08-08 09:00:23
1659949224855470000,53.9,2,53.7,9,53.9,2,1,2022-08-08 09:00:24
1659949225610937000,54.0,10,53.7,9,54.0,75,1,2022-08-08 09:00:25
1659949225700568000,53.7,2,53.7,7,54.0,75,2,2022-08-08 09:00:25
1659949226396872000,53.7,4,53.7,3,54.0,75,2,2022-08-08 09:00:26
1659949226861390000,53.9,2,53.7,3,54.0,77,2,2022-08-08 09:00:26
1659949227924465000,53.7,1,53.7,2,53.9,5,2,2022-08-08 09:00:27
1659949229843172000,53.8,2,53.7,6,53.8,18,1,2022-08-08 09:00:29
1659949229848452000,53.8,2,53.7,6,53.8,16,1,2022-08-08 09:00:29
1659949230298592000,53.8,5,53.7,8,53.8,11,1,2022-08-08 09:00:30
1659949230660401000,53.8,1,53.7,10,53.8,10,1,2022-08-08 09:00:30
1659949230978370000,53.8,10,53.7,17,53.8,10,1,2022-08-08 09:00:30
1659949233024191000,53.9,2,53.8,1,53.9,4,1,2022-08-08 09:00:33
1659949235527115000,53.9,2,53.8,28,53.9,10,1,2022-08-08 09:00:35
1659949236141129000,53.9,1,53.8,28,53.9,9,1,2022-08-08 09:00:36
1659949237198044000,53.9,5,53.8,28,53.9,5,1,2022-08-08 09:00:37
1659949237384178000,53.9,2,53.8,28,53.9,3,1,2022-08-08 09:00:37
1659949237531337000,53.9,2,53.8,28,53.9,3,1,2022-08-08 09:00:37
1659949237624916000,53.9,2,53.8,28,53.9,1,1,2022-08-08 09:00:37
1659949238770863000,53.9,1,53.8,28,53.9,2,1,2022-08-08 09:00:38
1659949239123384000,53.9,1,53.9,8,54.0,78,1,2022-08-08 09:00:39
1659949239182404000,53.9,5,53.9,3,54.0,78,2,2022-08-08 09:00:39
1659949241391847000,53.9,1,53.9,11,54.0,93,2,2022-08-08 09:00:41
1659949242356720000,53.9,1,53.9,12,54.0,93,2,2022-08-08 09:00:42
1659949243239708000,53.9,1,53.9,14,54.0,93,2,2022-08-08 09:00:43
1659949244383050000,53.9,5,53.9,10,54.0,93,2,2022-08-08 09:00:44
1659949244992288000,53.9,10,53.8,44,53.9,5,2,2022-08-08 09:00:44
1659949245133151000,53.9,1,53.8,44,53.9,4,1,2022-08-08 09:00:45
1659949245271377000,53.9,2,53.8,44,53.9,5,1,2022-08-08 09:00:45
1659949245437926000,53.9,3,53.8,44,53.9,3,1,2022-08-08 09:00:45
1659949247823361000,53.9,2,53.9,15,54.0,73,2,2022-08-08 09:00:47
1659949248725591000,53.9,3,53.9,14,54.0,71,2,2022-08-08 09:00:48
1659949249988670000,53.9,2,53.9,15,54.0,87,2,2022-08-08 09:00:49
1659949250520566000,53.9,1,53.9,12,54.0,87,2,2022-08-08 09:00:50
1659949250850542000,54.0,1,53.9,13,54.0,87,1,2022-08-08 09:00:50
1659949250995987000,53.9,1,53.9,12,54.0,86,2,2022-08-08 09:00:50
1659949257696845000,53.9,1,53.9,26,54.0,84,2,2022-08-08 09:00:57
1659949257802687000,54.0,2,53.9,26,54.0,82,1,2022-08-08 09:00:57
1659949257835737000,54.0,82,53.9,26,54.1,14,1,2022-08-08 09:00:57
1659949258139133000,54.1,14,53.9,29,54.2,91,1,2022-08-08 09:00:58
1659949258851429000,54.2,4,54.0,1,54.2,91,1,2022-08-08 09:00:58
1659949259616638000,54.0,1,53.9,30,54.2,87,2,2022-08-08 09:00:59
1659949260071354000,53.9,1,53.9,29,54.2,87,2,2022-08-08 09:01:00
1659949260618882000,54.2,1,53.9,28,54.2,87,1,2022-08-08 09:01:00
1659949260978784000,53.9,2,53.9,26,54.2,86,2,2022-08-08 09:01:00
1659949261829970000,54.0,4,54.0,6,54.2,86,2,2022-08-08 09:01:01
1659949262049699000,54.2,1,54.0,2,54.2,85,1,2022-08-08 09:01:02
1659949262815697000,54.1,2,54.0,4,54.2,85,2,2022-08-08 09:01:02
1659949263740362000,54.2,2,54.0,4,54.2,83,1,2022-08-08 09:01:03
1659949264143072000,54.1,3,54.0,5,54.1,7,1,2022-08-08 09:01:04
1659949265224285000,54.1,1,54.0,5,54.1,6,1,2022-08-08 09:01:05
1659949265699754000,54.1,1,54.0,7,54.1,8,1,2022-08-08 09:01:05
1659949266319347000,54.0,7,53.9,31,54.0,3,2,2022-08-08 09:01:06
1659949266538158000,54.0,1,53.9,30,54.0,2,1,2022-08-08 09:01:06
1659949266853019000,54.0,1,53.9,30,54.0,2,1,2022-08-08 09:01:06
1659949267774316000,54.0,1,53.9,21,54.0,1,1,2022-08-08 09:01:07
1659949267944056000,54.0,1,53.9,21,54.0,42,1,2022-08-08 09:01:07
1659949267957546000,53.9,6,53.9,15,54.0,42,2,2022-08-08 09:01:07
1659949267957570000,53.9,15,53.8,45,54.0,42,2,2022-08-08 09:01:07
1659949268727677000,53.9,1,53.9,1,54.0,42,2,2022-08-08 09:01:08
1659949268735434000,54.0,1,53.9,2,54.0,42,1,2022-08-08 09:01:08
1659949268945989000,54.0,5,53.9,1,54.0,36,1,2022-08-08 09:01:08
1659949269332486000,54.0,1,53.9,1,54.0,35,1,2022-08-08 09:01:09
1659949269469500000,54.0,1,53.9,1,54.0,34,1,2022-08-08 09:01:09
1659949269587943000,54.0,1,53.9,1,54.0,33,1,2022-08-08 09:01:09
1659949270561854000,54.0,3,53.9,1,54.0,30,1,2022-08-08 09:01:10
1659949270841802000,54.0,1,53.9,1,54.0,29,1,2022-08-08 09:01:10
1659949271228608000,54.0,10,53.9,1,54.0,19,1,2022-08-08 09:01:11
1659949271839315000,53.9,2,53.9,4,54.0,19,2,2022-08-08 09:01:11
1659949272264155000,54.0,2,53.9,3,54.0,17,1,2022-08-08 09:01:12
1659949272802198000,54.0,10,53.9,5,54.0,17,1,2022-08-08 09:01:12
1659949272991174000,54.0,1,53.9,5,54.0,6,1,2022-08-08 09:01:12
1659949273205846000,53.9,7,53.9,7,54.0,6,2,2022-08-08 09:01:13
1659949273205846000,53.8,43,53.9,7,54.0,6,2,2022-08-08 09:01:13
1659949273600140000,53.9,1,53.8,2,54.0,6,1,2022-08-08 09:01:13
1659949273849362000,53.9,1,53.9,1,54.0,6,2,2022-08-08 09:01:13
1659949273940963000,53.9,4,53.8,2,54.0,6,1,2022-08-08 09:01:13
1659949275596291000,54.0,1,53.9,17,54.0,5,1,2022-08-08 09:01:15
1659949275720017000,53.9,2,53.9,23,54.0,5,2,2022-08-08 09:01:15
1659949276087890000,54.0,1,53.9,21,54.0,4,1,2022-08-08 09:01:16
1659949276513950000,54.0,1,53.9,23,54.0,3,1,2022-08-08 09:01:16
1659949277135408000,54.0,2,53.9,23,54.0,1,1,2022-08-08 09:01:17
1659949277779484000,53.9,1,53.9,22,54.0,1,2,2022-08-08 09:01:17
1659949278721169000,53.9,1,53.9,22,54.0,2,2,2022-08-08 09:01:18
1659949278753725000,53.9,22,53.8,5,54.0,2,2,2022-08-08 09:01:18
1659949279079680000,54.0,1,53.9,5,54.0,4,1,2022-08-08 09:01:19
1659949281012107000,54.0,1,53.9,11,54.0,4,1,2022-08-08 09:01:21
1659949282585921000,54.0,3,53.9,22,54.0,1,1,2022-08-08 09:01:22
1659949283037083000,54.0,1,53.9,22,54.0,2,1,2022-08-08 09:01:23
1659949283687986000,54.0,1,53.9,22,54.0,1,1,2022-08-08 09:01:23
1659949283736161000,53.9,10,53.9,12,54.0,1,2,2022-08-08 09:01:23
1659949284658559000,54.0,1,53.9,13,54.0,2,1,2022-08-08 09:01:24
1659949284680705000,54.0,1,53.9,13,54.0,1,1,2022-08-08 09:01:24
1659949285184795000,54.0,2,53.9,13,54.0,2,1,2022-08-08 09:01:25
1659949285271043000,54.0,1,53.9,13,54.0,4,1,2022-08-08 09:01:25
1659949285406923000,54.0,1,54.0,9,54.1,10,1,2022-08-08 09:01:25
1659949285439143000,54.0,9,53.9,13,54.1,10,2,2022-08-08 09:01:25
1659949285685155000,54.0,1,53.9,13,54.0,11,1,2022-08-08 09:01:25
1659949285833874000,54.0,2,53.9,13,54.0,9,1,2022-08-08 09:01:25
1659949285923836000,54.0,1,53.9,13,54.0,8,1,2022-08-08 09:01:25
1659949286567647000,54.0,1,53.9,13,54.0,11,1,2022-08-08 09:01:26
1659949286596690000,53.9,13,53.8,10,54.0,11,2,2022-08-08 09:01:26
1659949286848105000,54.0,1,53.8,10,54.0,20,1,2022-08-08 09:01:26
1659949286861504000,54.0,3,53.8,10,54.0,21,1,2022-08-08 09:01:26
1659949287342320000,53.9,1,53.9,1,54.0,13,2,2022-08-08 09:01:27
1659949289292432000,54.0,14,54.0,6,54.1,12,1,2022-08-08 09:01:29
1659949289318738000,54.0,6,53.9,3,54.1,12,2,2022-08-08 09:01:29
1659949290000087000,53.9,1,53.9,3,54.0,4,2,2022-08-08 09:01:30
1659949291988859000,53.9,1,53.9,2,54.0,6,2,2022-08-08 09:01:31
1659949292024791000,53.9,2,53.8,10,54.0,6,2,2022-08-08 09:01:32
1659949292772916000,53.9,1,53.9,1,54.0,9,1,2022-08-08 09:01:32
1659949293270668000,53.9,1,53.8,10,54.0,9,2,2022-08-08 09:01:33
1659949294647765000,53.9,5,53.8,10,54.0,12,2,2022-08-08 09:01:34
1659949296957431000,53.8,3,53.8,7,53.9,50,2,2022-08-08 09:01:36
1659949296989698000,53.8,6,53.7,19,53.9,50,2,2022-08-08 09:01:36
1659949297063389000,53.7,1,53.7,18,53.9,50,2,2022-08-08 09:01:37
1659949300249985000,53.7,18,53.5,8,53.8,9,2,2022-08-08 09:01:40
1659949300249985000,53.6,13,53.5,8,53.8,9,2,2022-08-08 09:01:40
1659949300249985000,53.5,37,53.5,8,53.8,9,2,2022-08-08 09:01:40
1659949300280186000,53.5,8,53.2,3,53.8,9,2,2022-08-08 09:01:40
1659949300647489000,53.5,1,53.2,3,53.5,2,1,2022-08-08 09:01:40
1659949300703762000,53.5,1,53.2,3,53.5,1,1,2022-08-08 09:01:40
1659949301272451000,53.5,1,53.2,3,53.6,8,1,2022-08-08 09:01:41
1659949301998692000,53.3,3,53.2,6,53.3,3,1,2022-08-08 09:01:41
1659949303203757000,53.5,1,53.2,6,53.6,8,1,2022-08-08 09:01:43
1659949304424283000,53.2,1,53.2,5,53.5,3,2,2022-08-08 09:01:44
1659949307411834000,53.2,2,53.2,6,53.5,3,2,2022-08-08 09:01:47
1659949308073417000,53.2,1,53.2,15,53.5,3,2,2022-08-08 09:01:48
1659949309018278000,53.2,1,53.2,14,53.5,4,2,2022-08-08 09:01:49
1659949310368285000,53.3,2,53.3,2,53.5,5,2,2022-08-08 09:01:50
1659949310368285000,53.2,3,53.3,2,53.5,5,2,2022-08-08 09:01:50
1659949312305835000,53.2,1,53.2,10,53.5,5,2,2022-08-08 09:01:52
1659949312670211000,53.2,2,53.2,8,53.5,5,2,2022-08-08 09:01:52
1659949312970684000,53.2,1,53.2,7,53.5,5,2,2022-08-08 09:01:52
1659949313608588000,53.2,1,53.2,6,53.4,4,2,2022-08-08 09:01:53
1659949313790091000,53.2,1,53.2,5,53.4,4,2,2022-08-08 09:01:53
1659949314268403000,53.3,1,53.3,9,53.4,4,2,2022-08-08 09:01:54
1659949315195428000,53.4,4,53.3,9,53.5,4,1,2022-08-08 09:01:55
1659949315195428000,53.5,1,53.3,9,53.5,4,1,2022-08-08 09:01:55
1659949315488170000,53.3,1,53.3,8,53.5,4,2,2022-08-08 09:01:55
1659949315909663000,53.3,1,53.3,10,53.5,4,2,2022-08-08 09:01:55
1659949319403878000,53.3,1,53.3,8,53.4,6,2,2022-08-08 09:01:59
1659949319803957000,53.4,2,53.3,12,53.4,6,1,2022-08-08 09:01:59
1659949321563386000,53.3,5,53.3,8,53.4,4,2,2022-08-08 09:02:01
1659949321800177000,53.3,1,53.3,7,53.4,4,2,2022-08-08 09:02:01
1659949322711548000,53.4,1,53.3,7,53.4,3,1,2022-08-08 09:02:02
1659949322732915000,53.4,3,53.3,7,53.5,3,1,2022-08-08 09:02:02
1659949323412097000,53.5,3,53.4,1,53.5,3,1,2022-08-08 09:02:03
1659949323504016000,53.6,2,53.4,1,53.7,4,1,2022-08-08 09:02:03
1659949325522942000,53.4,1,53.4,5,53.7,6,2,2022-08-08 09:02:05
1659949326912937000,53.5,1,53.5,3,53.7,5,2,2022-08-08 09:02:06
1659949327109685000,53.6,1,53.5,2,53.6,1,1,2022-08-08 09:02:07
1659949329126145000,53.5,1,53.5,1,53.7,5,2,2022-08-08 09:02:09
1659949329153726000,53.5,1,53.4,9,53.7,5,2,2022-08-08 09:02:09
1659949329852184000,53.7,1,53.4,17,53.7,4,1,2022-08-08 09:02:09
1659949330061723000,53.6,1,53.4,17,53.7,4,1,2022-08-08 09:02:10
1659949331480404000,53.5,1,53.5,3,53.7,4,2,2022-08-08 09:02:11
1659949331643406000,53.6,1,53.5,3,53.7,4,1,2022-08-08 09:02:11
1659949332326927000,53.6,1,53.5,7,53.6,1,1,2022-08-08 09:02:12
1659949332850646000,53.7,4,53.5,7,53.8,3,1,2022-08-08 09:02:12
1659949333049634000,53.8,3,53.6,12,53.9,52,1,2022-08-08 09:02:13
1659949334677972000,53.6,1,53.6,42,53.9,54,2,2022-08-08 09:02:14
1659949335728272000,53.9,54,53.7,10,54.0,12,1,2022-08-08 09:02:15
1659949335925236000,54.0,1,53.8,4,54.0,12,1,2022-08-08 09:02:15
1659949335962827000,54.0,11,53.8,4,54.1,15,1,2022-08-08 09:02:15
1659949336132897000,53.8,1,53.8,11,54.1,15,2,2022-08-08 09:02:16
1659949336186508000,54.1,4,53.8,12,54.1,15,1,2022-08-08 09:02:16
1659949337757552000,54.0,1,53.8,11,54.1,11,1,2022-08-08 09:02:17
1659949343697127000,54.0,1,53.9,1,54.0,9,1,2022-08-08 09:02:23
1659949345911420000,54.0,1,53.9,1,54.0,14,1,2022-08-08 09:02:25
1659949346285916000,54.0,2,53.9,2,54.0,12,1,2022-08-08 09:02:26
1659949346990546000,54.0,1,53.9,2,54.0,11,1,2022-08-08 09:02:26
1659949350780612000,54.0,1,53.9,5,54.0,15,1,2022-08-08 09:02:30
1659949351912434000,54.0,2,53.9,5,54.0,13,1,2022-08-08 09:02:31
1659949353164510000,54.0,2,53.9,8,54.0,11,1,2022-08-08 09:02:33
1659949353229539000,54.0,1,53.9,8,54.0,10,1,2022-08-08 09:02:33
1659949353771278000,53.9,1,53.9,8,54.0,10,2,2022-08-08 09:02:33
1659949354134529000,54.0,1,53.9,8,54.0,10,1,2022-08-08 09:02:34
1659949354388906000,54.0,10,54.0,5,54.1,19,1,2022-08-08 09:02:34
1659949354420340000,54.0,5,53.9,8,54.1,19,2,2022-08-08 09:02:34
1659949358596735000,54.0,4,54.0,6,54.1,23,1,2022-08-08 09:02:38
1659949358627222000,54.0,6,53.9,10,54.1,23,2,2022-08-08 09:02:38
1659949360287799000,54.0,1,54.0,1,54.1,58,2,2022-08-08 09:02:40
1659949361180302000,54.0,5,53.9,20,54.1,58,2,2022-08-08 09:02:41
1659949363750742000,54.0,1,53.9,20,54.1,59,1,2022-08-08 09:02:43
1659949365774274000,54.0,1,53.9,22,54.0,3,1,2022-08-08 09:02:45
1659949366387685000,54.0,1,53.9,22,54.0,2,1,2022-08-08 09:02:46
1659949367125034000,53.9,23,53.8,11,54.0,10,2,2022-08-08 09:02:47
1659949367157337000,53.8,11,53.8,11,54.0,12,2,2022-08-08 09:02:47
1659949368229524000,53.9,5,53.7,11,54.0,12,2,2022-08-08 09:02:48
1659949368825480000,54.0,1,53.7,11,54.0,12,1,2022-08-08 09:02:48
1659949369904732000,54.0,1,53.7,11,54.0,11,1,2022-08-08 09:02:49
1659949370517461000,54.0,1,53.7,11,54.0,10,1,2022-08-08 09:02:50
1659949370909089000,53.9,10,53.6,1,54.0,10,2,2022-08-08 09:02:50
1659949370909089000,53.7,11,53.6,1,54.0,10,2,2022-08-08 09:02:50
1659949370909089000,53.6,34,53.6,1,54.0,10,2,2022-08-08 09:02:50
1659949377279605000,53.6,1,53.5,12,53.8,55,2,2022-08-08 09:02:57
1659949382954047000,53.6,1,53.6,5,53.8,57,2,2022-08-08 09:03:02
1659949383662053000,53.8,1,53.6,19,53.8,56,1,2022-08-08 09:03:03
1659949389412396000,53.7,1,53.6,25,53.7,8,1,2022-08-08 09:03:09
1659949390718730000,53.6,1,53.6,24,53.7,8,2,2022-08-08 09:03:10
1659949394518793000,53.7,1,53.6,24,53.7,8,1,2022-08-08 09:03:14
1659949404712022000,53.7,1,53.6,26,53.7,12,1,2022-08-08 09:03:24
1659949404827316000,53.7,10,53.6,26,53.7,2,1,2022-08-08 09:03:24
1659949405059871000,53.6,1,53.6,25,53.7,2,2,2022-08-08 09:03:25
1659949405083908000,53.7,2,53.6,25,53.8,56,1,2022-08-08 09:03:25
1659949406001117000,53.6,1,53.6,24,53.8,56,2,2022-08-08 09:03:26
1659949406118355000,53.7,1,53.7,1,53.8,54,2,2022-08-08 09:03:26
1659949413646590000,53.7,1,53.7,22,53.8,54,2,2022-08-08 09:03:33
1659949415938761000,53.7,1,53.7,21,53.8,54,2,2022-08-08 09:03:35
1659949425484961000,53.7,2,53.7,32,53.8,54,2,2022-08-08 09:03:45
1659949425941654000,53.7,1,53.7,31,53.8,54,2,2022-08-08 09:03:45
1659949426592708000,53.7,15,53.7,21,53.8,54,2,2022-08-08 09:03:46
1659949428530899000,53.8,1,53.7,31,53.8,53,1,2022-08-08 09:03:48
1659949428739552000,53.7,3,53.7,28,53.8,53,2,2022-08-08 09:03:48
1659949429033480000,53.7,3,53.7,45,53.8,53,2,2022-08-08 09:03:49
1659949430368950000,53.7,1,53.7,46,53.8,53,2,2022-08-08 09:03:50
1659949431247683000,53.7,1,53.7,45,53.8,53,2,2022-08-08 09:03:51
1659949431388442000,53.8,53,53.7,45,53.9,5,1,2022-08-08 09:03:51
1659949432763651000,53.9,5,53.8,16,53.9,6,1,2022-08-08 09:03:52
1659949436181578000,53.9,2,53.8,23,53.9,1,1,2022-08-08 09:03:56
1659949438061227000,53.9,1,53.8,23,54.0,28,1,2022-08-08 09:03:58
1659949439646004000,53.9,2,53.8,23,53.9,35,1,2022-08-08 09:03:59
1659949440274309000,53.9,35,53.8,23,54.0,28,1,2022-08-08 09:04:00
1659949442236504000,54.0,27,53.9,14,54.1,56,1,2022-08-08 09:04:02
1659949443240812000,54.1,6,53.9,15,54.1,50,1,2022-08-08 09:04:03
1659949447052461000,54.1,2,54.0,2,54.1,46,1,2022-08-08 09:04:07
1659949447424011000,54.1,1,54.0,2,54.1,45,1,2022-08-08 09:04:07
1659949448029913000,54.0,1,54.0,1,54.1,45,2,2022-08-08 09:04:08
1659949448090335000,54.1,3,54.0,1,54.1,42,1,2022-08-08 09:04:08
1659949448092767000,54.1,5,54.0,1,54.1,37,1,2022-08-08 09:04:08
1659949448554445000,54.0,1,53.9,8,54.0,9,2,2022-08-08 09:04:08
1659949449269441000,54.0,1,53.9,6,54.0,8,1,2022-08-08 09:04:09
1659949449765763000,54.0,4,53.9,6,54.0,4,1,2022-08-08 09:04:09
1659949451281199000,54.0,2,53.9,6,54.0,2,1,2022-08-08 09:04:11
1659949451628399000,54.0,1,53.9,6,54.0,1,1,2022-08-08 09:04:11
1659949453094150000,54.0,1,53.9,6,54.0,2,1,2022-08-08 09:04:13
1659949453296582000,54.0,2,53.9,6,54.1,37,1,2022-08-08 09:04:13
1659949457046843000,54.0,1,54.0,30,54.1,36,2,2022-08-08 09:04:17
1659949457886361000,54.0,1,54.0,29,54.1,36,2,2022-08-08 09:04:17
1659949458610084000,54.1,2,54.0,31,54.1,36,1,2022-08-08 09:04:18
1659949460871886000,54.1,5,54.0,31,54.1,29,1,2022-08-08 09:04:20
1659949460985861000,54.0,5,54.0,26,54.1,29,2,2022-08-08 09:04:20
1659949461726392000,54.1,5,54.0,26,54.1,24,1,2022-08-08 09:04:21
1659949461819163000,54.1,1,54.0,26,54.1,23,1,2022-08-08 09:04:21
1659949461996332000,54.1,1,54.0,26,54.1,22,1,2022-08-08 09:04:21
1659949462177149000,54.1,1,54.0,26,54.1,21,1,2022-08-08 09:04:22
1659949463011001000,54.1,1,54.0,26,54.1,20,1,2022-08-08 09:04:23
1659949463261235000,54.1,1,54.0,25,54.1,19,1,2022-08-08 09:04:23
1659949463935115000,54.1,3,54.0,27,54.1,16,1,2022-08-08 09:04:23
1659949464256659000,54.1,1,54.0,27,54.1,20,1,2022-08-08 09:04:24
1659949465005881000,54.1,10,54.0,27,54.1,11,1,2022-08-08 09:04:25
1659949465450294000,54.1,2,54.0,27,54.1,9,1,2022-08-08 09:04:25
1659949465910140000,54.1,9,54.1,11,54.2,89,1,2022-08-08 09:04:25
1659949467533046000,54.1,2,54.1,12,54.2,89,2,2022-08-08 09:04:27
1659949468420964000,54.2,1,54.1,14,54.2,87,1,2022-08-08 09:04:28
1659949469445028000,54.1,5,54.1,10,54.2,87,2,2022-08-08 09:04:29
1659949469475214000,54.1,10,54.0,13,54.2,87,2,2022-08-08 09:04:29
1659949470884039000,54.2,1,54.1,12,54.2,86,1,2022-08-08 09:04:30
1659949473997938000,54.2,1,54.1,17,54.2,85,1,2022-08-08 09:04:33
1659949475463077000,54.1,1,54.1,16,54.2,85,2,2022-08-08 09:04:35
1659949477319179000,54.2,1,54.1,16,54.2,84,1,2022-08-08 09:04:37
1659949477805217000,54.2,1,54.1,16,54.2,83,1,2022-08-08 09:04:37
1659949480036850000,54.2,2,54.1,18,54.2,81,1,2022-08-08 09:04:40
1659949481330878000,54.2,1,54.1,19,54.2,80,1,2022-08-08 09:04:41
1659949482344204000,54.2,1,54.1,19,54.2,79,1,2022-08-08 09:04:42
1659949482363390000,54.2,1,54.1,19,54.2,78,1,2022-08-08 09:04:42
1659949483234364000,54.2,1,54.1,20,54.2,88,1,2022-08-08 09:04:43
1659949483988077000,54.2,1,54.1,20,54.2,86,1,2022-08-08 09:04:43
1659949484030385000,54.1,20,54.0,24,54.1,10,2,2022-08-08 09:04:44
1659949484055847000,54.0,24,53.9,17,54.1,10,2,2022-08-08 09:04:44
1659949484712355000,54.1,1,53.9,17,54.1,15,1,2022-08-08 09:04:44
1659949485216911000,54.1,1,53.9,17,54.1,14,1,2022-08-08 09:04:45
1659949485464542000,54.1,5,53.9,17,54.1,9,1,2022-08-08 09:04:45
1659949487023048000,54.1,9,53.9,17,54.2,85,1,2022-08-08 09:04:47
1659949487023048000,54.2,1,53.9,17,54.2,85,1,2022-08-08 09:04:47
1659949487686491000,54.2,1,53.9,17,54.2,84,1,2022-08-08 09:04:47
1659949489422909000,54.0,1,53.9,17,54.1,8,2,2022-08-08 09:04:49
1659949489457057000,53.9,17,53.8,19,54.1,8,2,2022-08-08 09:04:49
1659949489742999000,54.1,2,53.8,19,54.1,11,1,2022-08-08 09:04:49
1659949490572794000,53.8,1,53.8,18,53.9,1,2,2022-08-08 09:04:50
1659949490648329000,53.9,1,53.8,18,54.1,9,1,2022-08-08 09:04:50
1659949491310509000,54.1,1,54.0,20,54.1,8,1,2022-08-08 09:04:51
1659949492999310000,54.1,1,54.0,28,54.1,14,1,2022-08-08 09:04:52
1659949493052026000,54.1,10,54.0,28,54.1,4,1,2022-08-08 09:04:53
1659949493622221000,54.1,3,54.0,28,54.1,3,1,2022-08-08 09:04:53
1659949493622221000,54.2,17,54.0,28,54.1,3,1,2022-08-08 09:04:53
1659949493959064000,54.2,1,54.0,28,54.2,70,1,2022-08-08 09:04:53
1659949494293781000,54.0,28,53.8,2,54.2,74,2,2022-08-08 09:04:54
1659949494293781000,53.9,1,53.8,2,54.2,74,2,2022-08-08 09:04:54
1659949494293781000,53.8,16,53.8,2,54.2,74,2,2022-08-08 09:04:54
1659949495772299000,54.2,1,53.8,2,54.2,76,1,2022-08-08 09:04:55
1659949497895324000,54.1,1,53.8,2,54.1,16,1,2022-08-08 09:04:57
1659949498700898000,53.9,3,53.8,1,54.1,20,2,2022-08-08 09:04:58
1659949501023297000,54.0,1,53.9,1,54.0,5,1,2022-08-08 09:05:01
1659949502386901000,53.9,1,53.8,6,54.0,12,2,2022-08-08 09:05:02
1659949502409863000,53.8,3,53.8,3,54.0,12,2,2022-08-08 09:05:02
1659949508079325000,53.9,15,53.8,8,54.0,28,2,2022-08-08 09:05:08
1659949508102340000,53.8,8,53.8,1,54.0,28,2,2022-08-08 09:05:08
1659949509563631000,53.8,1,53.7,29,53.9,23,2,2022-08-08 09:05:09
1659949509939515000,53.9,13,53.7,29,53.9,10,1,2022-08-08 09:05:09
1659949522138263000,53.8,1,53.8,28,53.9,16,2,2022-08-08 09:05:22
1659949522822072000,53.9,1,53.8,30,53.9,15,1,2022-08-08 09:05:22
1659949528835857000,53.9,1,53.8,33,53.9,12,1,2022-08-08 09:05:28
1659949528836516000,53.9,2,53.8,33,53.9,10,1,2022-08-08 09:05:28
1659949529753723000,53.9,3,53.8,34,53.9,7,1,2022-08-08 09:05:29
1659949529779461000,53.9,2,53.8,34,53.9,5,1,2022-08-08 09:05:29
1659949529812292000,53.9,2,53.8,34,53.9,3,1,2022-08-08 09:05:29
1659949529847331000,53.9,2,53.8,34,53.9,1,1,2022-08-08 09:05:29
1659949529847350000,53.9,1,53.8,34,54.0,34,1,2022-08-08 09:05:29
1659949536426179000,54.0,3,53.9,11,54.0,37,1,2022-08-08 09:05:36
1659949536759359000,53.9,5,53.9,6,54.0,37,2,2022-08-08 09:05:36
1659949541801014000,54.0,1,53.9,30,54.0,25,1,2022-08-08 09:05:41
1659949549262803000,53.9,1,53.9,30,54.0,27,2,2022-08-08 09:05:49
1659949549546564000,54.0,1,53.9,30,54.0,26,1,2022-08-08 09:05:49
1659949549792959000,54.0,1,53.9,30,54.0,25,1,2022-08-08 09:05:49
1659949553690828000,54.0,10,53.9,32,54.0,19,1,2022-08-08 09:05:53
1659949553948134000,53.9,1,53.9,31,54.0,19,2,2022-08-08 09:05:53
1659949556985159000,54.0,2,53.9,32,54.0,17,1,2022-08-08 09:05:56
1659949557075172000,54.0,5,53.9,32,54.0,12,1,2022-08-08 09:05:57
1659949558329142000,54.0,10,53.9,36,54.0,2,1,2022-08-08 09:05:58
1659949558350401000,54.0,1,53.9,36,54.0,1,1,2022-08-08 09:05:58
1659949559039348000,54.0,1,53.9,37,54.1,34,1,2022-08-08 09:05:59
1659949560493046000,54.0,1,53.9,44,54.0,19,1,2022-08-08 09:06:00
1659949560975937000,54.0,1,53.9,44,54.0,18,1,2022-08-08 09:06:00
1659949562014036000,54.0,3,53.9,44,54.0,15,1,2022-08-08 09:06:02
1659949562491643000,54.0,1,53.9,44,54.0,14,1,2022-08-08 09:06:02
1659949563720153000,54.0,1,53.9,45,54.0,13,1,2022-08-08 09:06:03
1659949565226956000,54.0,2,53.9,45,54.0,11,1,2022-08-08 09:06:05
1659949568148084000,54.0,2,53.9,47,54.0,9,1,2022-08-08 09:06:08
1659949568756255000,54.0,5,53.9,47,54.0,4,1,2022-08-08 09:06:08
1659949568877687000,54.0,1,53.9,47,54.0,3,1,2022-08-08 09:06:08
1659949569484666000,54.0,1,53.9,47,54.0,2,1,2022-08-08 09:06:09
1659949570011145000,54.0,2,54.0,3,54.1,36,1,2022-08-08 09:06:10
1659949570032316000,54.0,3,53.9,47,54.1,36,2,2022-08-08 09:06:10
1659949570289693000,54.0,1,53.9,47,54.0,2,1,2022-08-08 09:06:10
1659949570887056000,54.0,2,54.0,1,54.1,36,1,2022-08-08 09:06:10
1659949570942559000,54.0,1,53.9,47,54.1,36,2,2022-08-08 09:06:10
1659949573982212000,54.0,4,53.9,67,54.0,1,2,2022-08-08 09:06:13
1659949574078748000,54.0,1,53.9,66,54.1,36,1,2022-08-08 09:06:14
1659949574252476000,54.0,1,53.9,66,54.0,4,1,2022-08-08 09:06:14
1659949576028183000,54.0,4,53.9,56,54.1,36,1,2022-08-08 09:06:16
1659949576435571000,54.0,1,54.0,2,54.1,36,1,2022-08-08 09:06:16
1659949581317998000,54.0,1,54.0,22,54.1,37,2,2022-08-08 09:06:21
1659949581347872000,54.0,19,54.0,3,54.1,37,2,2022-08-08 09:06:21
1659949581378588000,54.0,3,53.9,58,54.1,37,2,2022-08-08 09:06:21
1659949582791747000,54.0,1,53.9,58,54.1,37,2,2022-08-08 09:06:22
1659949586425256000,54.0,2,54.0,8,54.1,39,2,2022-08-08 09:06:26
1659949586447765000,54.0,8,53.9,60,54.1,39,2,2022-08-08 09:06:26
1659949588440637000,54.1,1,53.9,70,54.1,38,1,2022-08-08 09:06:28
1659949591613107000,54.0,3,54.0,7,54.1,38,1,2022-08-08 09:06:31
1659949591734177000,54.0,2,54.0,5,54.1,38,2,2022-08-08 09:06:31
1659949594527127000,54.0,4,54.0,2,54.1,38,2,2022-08-08 09:06:34
1659949595411951000,54.1,1,54.0,2,54.1,37,1,2022-08-08 09:06:35
1659949596367320000,54.0,7,53.9,71,54.0,3,2,2022-08-08 09:06:36
1659949597347306000,54.0,2,53.9,71,54.0,3,1,2022-08-08 09:06:37
1659949598767201000,54.0,1,53.9,70,54.0,2,1,2022-08-08 09:06:38
1659949599078932000,54.0,1,53.9,70,54.0,1,1,2022-08-08 09:06:39
1659949599562976000,54.0,1,53.9,70,54.1,37,1,2022-08-08 09:06:39
1659949601111002000,54.1,1,54.0,1,54.1,36,1,2022-08-08 09:06:41
1659949601981326000,54.0,2,54.0,4,54.1,36,2,2022-08-08 09:06:41
1659949607414956000,54.1,2,54.0,14,54.1,39,1,2022-08-08 09:06:47
1659949608617588000,54.1,2,54.0,15,54.1,37,1,2022-08-08 09:06:48
1659949608712891000,54.0,1,54.0,15,54.1,39,2,2022-08-08 09:06:48
1659949608834843000,54.0,1,54.0,13,54.1,37,2,2022-08-08 09:06:48
1659949608978882000,54.0,1,54.0,12,54.1,37,2,2022-08-08 09:06:48
1659949612696842000,54.1,1,54.0,26,54.1,36,1,2022-08-08 09:06:52
1659949612703941000,54.0,10,54.0,16,54.1,36,2,2022-08-08 09:06:52
1659949613970497000,54.0,1,54.0,15,54.1,36,2,2022-08-08 09:06:53
1659949617176867000,54.0,5,54.0,26,54.1,36,2,2022-08-08 09:06:57
1659949618277240000,54.0,1,54.0,20,54.1,36,2,2022-08-08 09:06:58
1659949618297575000,54.0,20,53.9,79,54.1,36,2,2022-08-08 09:06:58
1659949619774866000,54.0,2,54.0,1,54.1,36,2,2022-08-08 09:06:59
1659949625752412000,54.0,1,54.0,3,54.1,35,2,2022-08-08 09:07:05
1659949627990878000,54.0,3,54.0,2,54.1,35,2,2022-08-08 09:07:07
1659949628424247000,54.0,1,54.0,1,54.1,35,2,2022-08-08 09:07:08
1659949628826554000,54.0,1,53.9,77,54.1,35,2,2022-08-08 09:07:08
1659949628826554000,53.9,1,53.9,77,54.1,35,2,2022-08-08 09:07:08
1659949630672472000,54.0,1,53.9,77,54.1,35,2,2022-08-08 09:07:10
1659949633114427000,54.0,1,53.9,77,54.0,10,1,2022-08-08 09:07:13
1659949638411093000,53.9,6,53.9,71,54.0,12,2,2022-08-08 09:07:18
1659949640766793000,54.0,1,53.9,72,54.0,12,1,2022-08-08 09:07:20
1659949641352126000,54.0,12,54.0,3,54.1,33,1,2022-08-08 09:07:21
1659949641610531000,54.0,3,53.9,72,54.1,33,2,2022-08-08 09:07:21
1659949641680376000,53.9,3,53.9,69,54.1,33,2,2022-08-08 09:07:21
1659949649810149000,54.0,1,53.9,89,54.0,9,1,2022-08-08 09:07:29
1659949650853813000,54.0,5,53.9,90,54.0,4,1,2022-08-08 09:07:30
1659949651463649000,53.9,1,53.9,92,54.0,4,2,2022-08-08 09:07:31
1659949654665003000,54.0,1,53.9,91,54.0,5,1,2022-08-08 09:07:34
1659949656278118000,54.0,1,53.9,101,54.0,4,1,2022-08-08 09:07:36
1659949657749058000,54.0,1,53.9,101,54.0,4,1,2022-08-08 09:07:37
1659949659197234000,54.0,1,53.9,102,54.0,3,1,2022-08-08 09:07:39
1659949660927479000,54.0,2,53.9,102,54.0,1,1,2022-08-08 09:07:40
1659949661866356000,54.0,1,53.9,102,54.1,34,1,2022-08-08 09:07:41
1659949664953203000,54.0,1,54.0,6,54.1,34,2,2022-08-08 09:07:44
1659949666367812000,54.0,6,53.9,96,54.0,4,2,2022-08-08 09:07:46
1659949666757825000,54.0,1,53.9,96,54.0,6,1,2022-08-08 09:07:46
1659949667567645000,54.0,1,53.9,96,54.0,15,1,2022-08-08 09:07:47
1659949671069214000,54.0,1,53.9,96,54.0,16,1,2022-08-08 09:07:51
1659949671985525000,54.0,2,53.9,96,54.0,14,1,2022-08-08 09:07:51
1659949673720561000,54.0,1,53.9,96,54.0,13,1,2022-08-08 09:07:53
1659949675932392000,53.9,5,53.9,92,54.0,18,2,2022-08-08 09:07:55
1659949678800066000,53.9,14,53.9,87,54.0,18,2,2022-08-08 09:07:58
1659949678925678000,54.0,2,53.9,87,54.0,16,1,2022-08-08 09:07:58
1659949680814010000,53.9,15,53.9,73,54.0,19,2,2022-08-08 09:08:00
1659949684561246000,53.9,1,53.9,70,54.0,19,2,2022-08-08 09:08:04
1659949684583028000,53.9,34,53.9,36,54.0,19,2,2022-08-08 09:08:04
1659949684586475000,53.9,1,53.9,35,54.0,19,2,2022-08-08 09:08:04
1659949684616152000,53.9,12,53.9,23,54.0,24,2,2022-08-08 09:08:04
1659949686034850000,53.9,5,53.9,18,54.0,24,2,2022-08-08 09:08:06
1659949687992698000,54.0,24,53.9,69,54.1,33,1,2022-08-08 09:08:07
1659949688479236000,53.9,5,53.9,64,54.1,40,2,2022-08-08 09:08:08
1659949689603819000,53.9,10,53.9,4,54.1,40,2,2022-08-08 09:08:09
1659949689830133000,53.9,1,53.9,3,54.1,40,2,2022-08-08 09:08:09
1659949696014483000,54.0,1,53.9,4,54.1,37,2,2022-08-08 09:08:16
1659949698345527000,53.9,1,53.9,7,54.1,37,2,2022-08-08 09:08:18
1659949704055157000,53.9,1,53.9,11,54.1,37,2,2022-08-08 09:08:24
1659949704294783000,53.9,2,53.9,9,54.1,37,2,2022-08-08 09:08:24
1659949707217772000,53.9,1,53.9,9,54.1,37,2,2022-08-08 09:08:27
1659949710637655000,53.9,10,53.8,44,54.1,37,2,2022-08-08 09:08:30
1659949714859341000,53.8,22,53.8,21,54.1,38,2,2022-08-08 09:08:34
1659949722028856000,53.8,1,53.8,20,54.0,16,2,2022-08-08 09:08:42
1659949723185468000,53.8,10,53.8,20,53.9,3,2,2022-08-08 09:08:43
1659949729205723000,53.8,1,53.8,16,53.9,6,2,2022-08-08 09:08:49
1659949730695154000,53.8,1,53.8,15,53.9,6,2,2022-08-08 09:08:50
1659949731878942000,53.8,4,53.8,11,53.9,6,2,2022-08-08 09:08:51
1659949732318845000,53.9,1,53.8,11,53.9,5,1,2022-08-08 09:08:52
1659949737875252000,53.8,2,53.8,9,53.9,5,2,2022-08-08 09:08:57
1659949740709211000,53.8,1,53.8,21,53.9,5,2,2022-08-08 09:09:00
1659949748107342000,53.8,2,53.8,19,53.9,5,2,2022-08-08 09:09:08
1659949748943979000,53.9,5,53.9,1,54.0,23,1,2022-08-08 09:09:08
1659949758282691000,53.9,1,53.9,1,54.0,26,2,2022-08-08 09:09:18
1659949764805217000,53.9,1,53.9,1,54.0,31,2,2022-08-08 09:09:24
1659949773452047000,53.9,1,53.8,39,54.0,31,2,2022-08-08 09:09:33
1659949793226297000,53.9,1,53.9,4,54.0,36,1,2022-08-08 09:09:53
1659949794312227000,53.9,1,53.9,3,54.0,36,2,2022-08-08 09:09:54
1659949794534597000,53.9,1,53.9,2,54.0,36,2,2022-08-08 09:09:54
1659949797537385000,53.9,1,53.9,2,54.0,36,2,2022-08-08 09:09:57
1659949798228784000,53.9,2,53.7,19,53.8,59,2,2022-08-08 09:09:58
1659949798228784000,53.8,39,53.7,19,53.8,59,2,2022-08-08 09:09:58
1659949798317171000,53.8,1,53.7,19,53.8,58,1,2022-08-08 09:09:58
1659949798556329000,53.8,5,53.7,19,53.8,53,1,2022-08-08 09:09:58
1659949800951886000,53.8,17,53.7,69,53.8,36,1,2022-08-08 09:10:00
1659949800951951000,53.8,36,53.7,69,53.9,2,1,2022-08-08 09:10:00
1659949800965358000,53.9,2,53.8,42,54.0,36,1,2022-08-08 09:10:00
1659949801072272000,54.0,2,53.9,28,54.0,34,1,2022-08-08 09:10:01
1659949802714428000,53.9,5,53.9,28,54.0,34,2,2022-08-08 09:10:02
1659949803533167000,54.0,7,53.9,23,54.0,26,1,2022-08-08 09:10:03
1659949803918132000,54.0,5,53.9,76,54.0,21,1,2022-08-08 09:10:03
1659949803953297000,54.0,21,53.9,76,54.0,26,1,2022-08-08 09:10:03
1659949804076934000,54.1,5,53.9,131,54.1,37,1,2022-08-08 09:10:04
1659949804353188000,54.1,1,53.9,181,54.1,36,1,2022-08-08 09:10:04
1659949804486278000,54.1,1,53.9,231,54.1,35,1,2022-08-08 09:10:04
1659949805023798000,54.1,6,53.9,233,54.1,29,1,2022-08-08 09:10:05
1659949806201355000,54.1,20,54.0,50,54.1,9,1,2022-08-08 09:10:06
1659949806231395000,54.1,6,54.0,50,54.1,3,1,2022-08-08 09:10:06
1659949806278532000,54.1,2,54.0,52,54.1,1,1,2022-08-08 09:10:06
1659949806364510000,54.1,1,54.0,111,54.2,68,1,2022-08-08 09:10:06
1659949806416445000,54.2,9,54.0,111,54.2,56,1,2022-08-08 09:10:06
1659949806465202000,54.2,5,54.0,118,54.2,51,1,2022-08-08 09:10:06
1659949806499087000,54.2,1,54.0,118,54.2,50,1,2022-08-08 09:10:06
1659949806569283000,54.2,1,54.0,168,54.2,49,1,2022-08-08 09:10:06
1659949806620247000,54.2,2,54.0,168,54.2,47,1,2022-08-08 09:10:06
1659949806625537000,54.0,1,54.0,167,54.2,47,2,2022-08-08 09:10:06
1659949809560195000,54.2,3,54.0,19,54.2,35,1,2022-08-08 09:10:09
1659949815868672000,54.2,1,54.0,22,54.2,44,1,2022-08-08 09:10:15
1659949819073116000,54.2,1,54.1,1,54.2,43,1,2022-08-08 09:10:19
1659949819527510000,54.2,1,54.1,1,54.2,42,1,2022-08-08 09:10:19
1659949821440279000,54.1,2,54.0,24,54.1,11,2,2022-08-08 09:10:21
1659949821467590000,54.1,1,54.0,24,54.1,10,1,2022-08-08 09:10:21
1659949821517085000,54.1,1,54.0,21,54.1,9,1,2022-08-08 09:10:21
1659949821585495000,54.1,7,54.0,31,54.1,2,1,2022-08-08 09:10:21
1659949821641688000,54.1,1,54.0,31,54.1,9,1,2022-08-08 09:10:21
1659949823900206000,54.1,1,54.0,31,54.2,46,1,2022-08-08 09:10:23
1659949823900206000,54.2,1,54.0,31,54.2,46,1,2022-08-08 09:10:23
1659949826400320000,54.1,1,54.0,31,54.1,1,1,2022-08-08 09:10:26
1659949827382976000,54.1,1,54.0,31,54.2,45,1,2022-08-08 09:10:27
1659949831595823000,54.2,5,54.1,9,54.2,36,1,2022-08-08 09:10:31
1659949832649553000,54.2,1,54.1,10,54.2,36,1,2022-08-08 09:10:32
1659949833483361000,54.1,1,54.1,9,54.2,36,2,2022-08-08 09:10:33
1659949834182567000,54.1,10,54.0,35,54.1,2,2,2022-08-08 09:10:34
1659949835676027000,54.1,1,54.0,83,54.1,1,1,2022-08-08 09:10:35
1659949835867509000,54.1,1,54.0,133,54.2,36,1,2022-08-08 09:10:35
1659949835867509000,54.2,1,54.0,133,54.2,36,1,2022-08-08 09:10:35
1659949837820611000,54.2,5,54.0,34,54.2,39,1,2022-08-08 09:10:37
1659949838606359000,54.1,5,54.0,34,54.2,29,1,2022-08-08 09:10:38
1659949838606359000,54.2,5,54.0,34,54.2,29,1,2022-08-08 09:10:38
1659949840014970000,54.2,1,54.1,1,54.2,26,1,2022-08-08 09:10:40
1659949840927224000,54.2,2,54.1,1,54.2,32,1,2022-08-08 09:10:40
1659949841922094000,54.1,1,54.0,37,54.1,9,2,2022-08-08 09:10:41
1659949841948211000,54.1,1,54.0,34,54.1,8,1,2022-08-08 09:10:41
1659949842246855000,54.1,8,54.1,2,54.2,36,1,2022-08-08 09:10:42
1659949848513188000,54.1,4,54.1,11,54.2,46,2,2022-08-08 09:10:48
1659949848887746000,54.2,5,54.1,12,54.2,46,1,2022-08-08 09:10:48
1659949849506854000,54.1,1,54.1,11,54.2,37,2,2022-08-08 09:10:49
1659949849709395000,54.1,1,54.1,10,54.2,37,2,2022-08-08 09:10:49
1659949851232949000,54.1,4,54.1,6,54.2,37,2,2022-08-08 09:10:51
1659949851908781000,54.1,4,54.1,2,54.2,40,2,2022-08-08 09:10:51
1659949854104564000,54.1,5,54.0,43,54.2,40,2,2022-08-08 09:10:54
1659949855347632000,54.0,1,54.0,42,54.1,9,2,2022-08-08 09:10:55
1659949858392145000,54.1,1,54.0,42,54.1,18,1,2022-08-08 09:10:58
1659949858885584000,54.1,1,54.0,42,54.1,17,1,2022-08-08 09:10:58
1659949859654268000,54.0,3,54.0,39,54.1,17,2,2022-08-08 09:10:59
1659949860905860000,54.0,2,54.0,37,54.1,17,2,2022-08-08 09:11:00
1659949862423058000,54.0,8,54.0,30,54.1,20,2,2022-08-08 09:11:02
1659949863888172000,54.0,1,54.0,29,54.1,20,2,2022-08-08 09:11:03
1659949864168874000,54.0,1,54.0,29,54.1,20,2,2022-08-08 09:11:04
1659949864421518000,54.0,9,54.0,20,54.1,20,2,2022-08-08 09:11:04
1659949864432531000,54.0,20,53.9,47,54.1,20,2,2022-08-08 09:11:04
1659949864432531000,53.9,5,53.9,47,54.1,20,2,2022-08-08 09:11:04
1659949865007902000,53.9,4,53.9,40,54.0,4,2,2022-08-08 09:11:05
1659949865068591000,54.0,1,53.9,40,54.0,5,1,2022-08-08 09:11:05
1659949865781165000,54.0,3,53.9,21,54.0,4,1,2022-08-08 09:11:05
1659949869680726000,54.0,2,53.9,21,54.0,4,1,2022-08-08 09:11:09
1659949869997743000,54.0,1,53.9,22,54.0,3,1,2022-08-08 09:11:09
1659949870083083000,53.9,1,53.9,21,54.0,3,2,2022-08-08 09:11:10
1659949872250538000,53.9,5,53.9,16,54.0,4,2,2022-08-08 09:11:12
1659949872485781000,54.0,1,53.9,16,54.0,3,1,2022-08-08 09:11:12
1659949878300760000,53.9,14,53.8,3,54.0,35,2,2022-08-08 09:11:18
1659949879516811000,53.8,7,53.6,4,54.0,40,2,2022-08-08 09:11:19
1659949879516811000,53.7,20,53.6,4,54.0,40,2,2022-08-08 09:11:19
1659949879516811000,53.6,13,53.6,4,54.0,40,2,2022-08-08 09:11:19
1659949879727299000,53.6,2,53.6,11,53.9,2,2,2022-08-08 09:11:19
1659949880496913000,53.9,1,53.6,9,53.9,2,1,2022-08-08 09:11:20
1659949880534639000,53.9,1,53.6,9,54.0,43,1,2022-08-08 09:11:20
1659949883003422000,53.9,1,53.9,1,54.0,47,2,2022-08-08 09:11:23
1659949883164299000,54.0,2,53.7,10,54.0,45,1,2022-08-08 09:11:23
1659949883849033000,53.7,4,53.7,6,54.0,45,2,2022-08-08 09:11:23
1659949888882945000,53.7,1,53.7,9,53.9,4,2,2022-08-08 09:11:28
1659949888936064000,53.7,5,53.7,10,53.9,4,2,2022-08-08 09:11:28
1659949890687624000,53.7,3,53.6,23,53.8,1,2,2022-08-08 09:11:30
1659949890687624000,53.6,5,53.6,23,53.8,1,2,2022-08-08 09:11:30
1659949890975367000,53.6,1,53.7,3,53.8,1,2,2022-08-08 09:11:30
1659949891784745000,53.8,1,53.6,22,53.9,6,1,2022-08-08 09:11:31
1659949893296940000,53.6,1,53.6,21,53.9,12,2,2022-08-08 09:11:33
1659949893950411000,53.7,2,53.7,2,53.8,5,2,2022-08-08 09:11:33
1659949896447635000,53.6,8,53.6,13,53.8,5,2,2022-08-08 09:11:36
1659949896716106000,53.6,8,53.6,5,53.8,8,2,2022-08-08 09:11:36
1659949896754627000,53.6,1,53.6,4,53.8,8,2,2022-08-08 09:11:36
1659949896754979000,53.6,4,53.5,51,53.8,8,2,2022-08-08 09:11:36
1659949898689609000,53.5,5,53.5,46,53.6,5,2,2022-08-08 09:11:38
1659949898720559000,53.5,46,53.4,10,53.6,5,2,2022-08-08 09:11:38
1659949899009856000,53.6,1,53.4,10,53.6,4,1,2022-08-08 09:11:39
1659949903553622000,53.4,5,53.4,5,53.6,1,2,2022-08-08 09:11:43
1659949903564819000,53.4,3,53.4,2,53.6,1,2,2022-08-08 09:11:43
1659949903599730000,53.4,1,53.4,1,53.6,4,2,2022-08-08 09:11:43
1659949903827484000,53.6,1,53.4,1,53.6,3,1,2022-08-08 09:11:43
1659949904447818000,53.5,5,53.6,2,53.7,1,1,2022-08-08 09:11:44
1659949904447818000,53.6,3,53.6,2,53.7,1,1,2022-08-08 09:11:44
1659949904474735000,53.6,2,53.4,2,53.7,1,2,2022-08-08 09:11:44
1659949909301102000,53.5,1,53.5,9,53.7,1,2,2022-08-08 09:11:49
1659949909715456000,53.5,2,53.5,7,53.6,1,2,2022-08-08 09:11:49
1659949909933637000,53.6,1,53.5,7,53.8,11,1,2022-08-08 09:11:49
1659949910636206000,53.5,8,53.5,2,53.6,3,2,2022-08-08 09:11:50
1659949910666946000,53.5,2,53.4,2,53.6,3,2,2022-08-08 09:11:50
1659949911445804000,53.5,5,53.4,2,53.5,20,1,2022-08-08 09:11:51
1659949914996462000,53.4,1,53.4,1,53.5,16,2,2022-08-08 09:11:54
1659949918402655000,53.4,1,53.4,1,53.5,21,2,2022-08-08 09:11:58
1659949920982201000,53.4,2,53.3,19,53.5,23,2,2022-08-08 09:12:00
1659949924071946000,53.4,1,53.3,24,53.4,1,2,2022-08-08 09:12:04
1659949924350569000,53.3,4,53.3,20,53.4,1,2,2022-08-08 09:12:04
1659949925688175000,53.3,3,53.3,17,53.4,2,2,2022-08-08 09:12:05
1659949927705177000,53.3,10,53.3,5,53.4,5,2,2022-08-08 09:12:07
1659949928623802000,53.3,5,53.2,23,53.3,4,2,2022-08-08 09:12:08
1659949930372183000,53.3,1,53.2,33,53.3,3,1,2022-08-08 09:12:10
1659949930409821000,53.3,3,53.2,33,53.4,3,1,2022-08-08 09:12:10
1659949931485687000,53.2,1,53.2,33,53.3,3,2,2022-08-08 09:12:11
1659949932858797000,53.2,15,53.2,17,53.3,6,2,2022-08-08 09:12:12
1659949933748211000,53.3,5,53.2,17,53.3,1,1,2022-08-08 09:12:13
1659949934289920000,53.3,1,53.3,2,53.4,11,1,2022-08-08 09:12:14
1659949934879497000,53.3,2,53.2,17,53.4,11,2,2022-08-08 09:12:14
1659949935820140000,53.3,1,53.2,20,53.4,14,1,2022-08-08 09:12:15
1659949941755257000,53.3,3,53.3,2,53.4,11,2,2022-08-08 09:12:21
1659949942463824000,53.3,3,53.3,1,53.4,11,2,2022-08-08 09:12:22
1659949943008193000,53.3,1,53.2,20,53.3,4,2,2022-08-08 09:12:23
1659949943849725000,53.3,1,53.2,20,53.3,4,1,2022-08-08 09:12:23
1659949946135142000,53.3,1,53.2,20,53.3,5,1,2022-08-08 09:12:26
1659949946380179000,53.2,6,53.2,14,53.3,5,2,2022-08-08 09:12:26
1659949947045398000,53.3,1,53.2,11,53.3,5,1,2022-08-08 09:12:27
1659949947428221000,53.2,1,53.2,10,53.3,5,2,2022-08-08 09:12:27
1659949948051443000,53.2,10,53.0,41,53.3,5,2,2022-08-08 09:12:28
1659949948051443000,53.1,3,53.0,41,53.3,5,2,2022-08-08 09:12:28
1659949948051443000,53.0,6,53.0,41,53.3,5,2,2022-08-08 09:12:28
1659949952853955000,53.1,8,53.0,40,53.2,5,1,2022-08-08 09:12:32
1659949953812325000,53.0,1,53.0,39,53.2,5,2,2022-08-08 09:12:33
1659949955973534000,53.1,1,53.0,38,53.2,5,2,2022-08-08 09:12:35
1659949956390993000,53.0,1,53.0,37,53.2,13,2,2022-08-08 09:12:36
1659949957336748000,53.0,1,53.0,35,53.2,17,2,2022-08-08 09:12:37
1659949958974512000,53.0,10,53.0,24,53.1,4,2,2022-08-08 09:12:38
1659949959530800000,53.0,1,53.0,24,53.1,4,2,2022-08-08 09:12:39
1659949960150067000,53.0,3,53.0,21,53.1,4,2,2022-08-08 09:12:40
1659949960812839000,53.0,2,53.0,19,53.1,6,2,2022-08-08 09:12:40
1659949960864587000,53.0,1,53.0,18,53.1,6,2,2022-08-08 09:12:40
1659949961160509000,53.0,1,53.0,17,53.1,6,2,2022-08-08 09:12:41
1659949961322544000,53.0,6,53.0,11,53.1,6,2,2022-08-08 09:12:41
1659949961652106000,53.0,6,53.0,5,53.1,6,2,2022-08-08 09:12:41
1659949962654487000,53.0,2,53.0,8,53.1,6,2,2022-08-08 09:12:42
1659949962777323000,53.0,2,53.0,6,53.1,6,2,2022-08-08 09:12:42
1659949963208057000,53.0,1,53.0,5,53.1,6,2,2022-08-08 09:12:43
1659949963523181000,53.0,1,53.0,4,53.1,6,2,2022-08-08 09:12:43
1659949965538162000,53.0,5,52.9,6,53.0,10,2,2022-08-08 09:12:45
1659949965598984000,53.0,10,52.9,9,53.1,6,1,2022-08-08 09:12:45
1659949969250418000,53.0,1,52.9,9,53.0,14,1,2022-08-08 09:12:49
1659949970831807000,52.9,1,52.9,8,53.0,14,2,2022-08-08 09:12:50
1659949971270048000,53.0,1,52.9,8,53.0,13,1,2022-08-08 09:12:51
1659949973427486000,52.9,4,52.9,4,53.0,11,2,2022-08-08 09:12:53
1659949975349271000,53.0,1,52.9,4,53.0,17,1,2022-08-08 09:12:55
1659949975624861000,53.0,5,52.9,4,53.0,11,1,2022-08-08 09:12:55
1659949975728673000,52.9,1,52.9,3,53.0,11,2,2022-08-08 09:12:55
1659949976512821000,53.0,2,52.9,2,53.0,11,1,2022-08-08 09:12:56
1659949978844702000,52.9,1,52.9,1,53.0,18,2,2022-08-08 09:12:58
1659949978891635000,52.9,1,52.8,22,52.9,1,2,2022-08-08 09:12:58
1659949978981228000,52.9,1,52.8,29,53.0,18,1,2022-08-08 09:12:58
1659949981066064000,52.9,1,52.9,2,53.0,26,2,2022-08-08 09:13:01
1659949981941671000,52.9,1,52.9,4,53.0,25,2,2022-08-08 09:13:01
1659949982616929000,52.9,1,52.9,4,53.0,25,2,2022-08-08 09:13:02
1659949982623551000,52.9,1,52.9,3,53.0,25,2,2022-08-08 09:13:02
1659949984883026000,52.9,1,52.9,6,53.0,26,2,2022-08-08 09:13:04
1659949986758697000,52.9,1,52.9,14,53.0,26,2,2022-08-08 09:13:06
1659949987465530000,52.9,1,52.9,13,53.0,26,2,2022-08-08 09:13:07
1659949988450456000,53.0,27,52.9,24,53.1,1,1,2022-08-08 09:13:08
1659949988747477000,52.9,6,52.9,21,53.1,1,2,2022-08-08 09:13:08
1659949988894160000,52.9,1,52.9,20,53.1,1,2,2022-08-08 09:13:08
1659949989851683000,52.9,1,52.9,19,53.0,8,2,2022-08-08 09:13:09
1659949990054588000,53.0,1,52.9,20,53.0,8,1,2022-08-08 09:13:10
1659949991064821000,53.0,1,52.9,20,53.0,6,1,2022-08-08 09:13:11
1659949991088548000,53.0,6,52.9,20,53.1,4,1,2022-08-08 09:13:11
1659949991723254000,53.1,1,53.0,20,53.1,1,1,2022-08-08 09:13:11
1659949992870435000,53.0,1,53.0,20,53.2,14,2,2022-08-08 09:13:12
1659949994669369000,53.0,1,53.0,24,53.2,14,2,2022-08-08 09:13:14
1659949995392155000,53.0,7,53.0,17,53.2,14,2,2022-08-08 09:13:15
1659949995447680000,53.0,1,53.0,16,53.2,14,2,2022-08-08 09:13:15
1659949995786473000,53.0,1,53.0,15,53.2,17,2,2022-08-08 09:13:15
1659949995860242000,53.0,1,53.0,16,53.2,17,2,2022-08-08 09:13:15
1659949997578682000,53.0,4,53.0,9,53.1,10,2,2022-08-08 09:13:17
1659949997691805000,53.0,3,53.0,7,53.1,10,2,2022-08-08 09:13:17
1659949997887039000,53.0,2,53.0,8,53.1,10,2,2022-08-08 09:13:17
1659949999661567000,53.1,1,53.0,18,53.1,9,1,2022-08-08 09:13:19
1659949999849021000,53.0,1,53.0,18,53.1,9,2,2022-08-08 09:13:19
1659950001577955000,53.1,14,53.0,27,53.2,17,1,2022-08-08 09:13:21
1659950002101765000,53.2,1,53.0,42,53.2,16,1,2022-08-08 09:13:22
1659950003524759000,53.0,1,53.0,21,53.2,13,2,2022-08-08 09:13:23
1659950005377554000,53.1,2,53.1,2,53.2,12,2,2022-08-08 09:13:25
1659950006409008000,53.0,5,53.0,28,53.2,22,2,2022-08-08 09:13:26
1659950014439185000,53.1,2,53.0,37,53.2,22,2,2022-08-08 09:13:34
1659950016273954000,53.0,1,53.0,34,53.1,1,2,2022-08-08 09:13:36
1659950018066007000,53.1,1,53.0,36,53.2,22,1,2022-08-08 09:13:38
1659950018413530000,53.0,1,53.0,35,53.2,22,2,2022-08-08 09:13:38
1659950019534058000,53.1,1,53.0,36,53.2,25,2,2022-08-08 09:13:39
1659950020211757000,53.0,13,53.0,24,53.1,2,2,2022-08-08 09:13:40
1659950020249943000,53.0,2,53.0,22,53.1,2,2,2022-08-08 09:13:40
1659950021427976000,53.0,1,53.0,22,53.1,2,2,2022-08-08 09:13:41
1659950021930620000,53.1,1,53.0,22,53.1,1,1,2022-08-08 09:13:41
1659950021972011000,53.0,1,53.0,21,53.1,1,2,2022-08-08 09:13:41
1659950022086983000,53.0,1,53.0,20,53.1,2,2,2022-08-08 09:13:42
1659950022298837000,53.0,2,53.0,20,53.1,6,2,2022-08-08 09:13:42
1659950022933087000,53.0,1,53.0,18,53.1,6,2,2022-08-08 09:13:42
1659950023834743000,53.1,3,53.0,18,53.1,3,1,2022-08-08 09:13:43
1659950026203017000,53.1,1,53.0,19,53.1,2,1,2022-08-08 09:13:46
1659950028191857000,53.0,19,52.9,29,53.1,3,2,2022-08-08 09:13:48
1659950028532552000,53.1,3,52.9,29,53.1,1,1,2022-08-08 09:13:48
1659950035208073000,53.1,1,53.0,7,53.2,28,2,2022-08-08 09:13:55
1659950037519844000,53.1,1,53.0,12,53.1,3,1,2022-08-08 09:13:57
1659950038012792000,53.1,1,53.0,12,53.1,2,1,2022-08-08 09:13:58
1659950038152058000,53.1,1,53.0,12,53.1,1,1,2022-08-08 09:13:58
1659950041741735000,53.1,1,53.0,14,53.1,1,1,2022-08-08 09:14:01
1659950047530088000,53.1,2,53.0,15,53.2,33,1,2022-08-08 09:14:07
1659950047702107000,53.1,1,53.0,16,53.2,33,2,2022-08-08 09:14:07
1659950049855444000,53.2,1,53.0,18,53.2,32,1,2022-08-08 09:14:09
1659950052209437000,53.1,1,53.1,1,53.2,32,2,2022-08-08 09:14:12
1659950052294543000,53.1,1,53.0,18,53.2,32,2,2022-08-08 09:14:12
1659950052853776000,53.1,1,53.0,18,53.2,32,2,2022-08-08 09:14:12
1659950054244658000,53.2,1,53.0,19,53.2,31,1,2022-08-08 09:14:14
1659950054407761000,53.0,1,53.0,18,53.2,31,2,2022-08-08 09:14:14
1659950054993849000,53.1,1,53.1,1,53.2,31,2,2022-08-08 09:14:14
1659950056403520000,53.0,2,53.0,17,53.2,31,2,2022-08-08 09:14:16
1659950057275379000,53.0,2,53.0,16,53.2,34,2,2022-08-08 09:14:17
1659950057802437000,53.1,1,53.1,1,53.2,31,2,2022-08-08 09:14:17
1659950061174735000,53.0,1,53.0,20,53.1,1,2,2022-08-08 09:14:21
1659950061258653000,53.0,20,52.9,26,53.1,1,2,2022-08-08 09:14:21
1659950065007836000,53.0,2,52.9,27,53.0,48,2,2022-08-08 09:14:25
1659950067028229000,52.9,1,52.9,26,53.0,48,2,2022-08-08 09:14:27
1659950067051566000,52.9,26,52.8,26,53.0,48,2,2022-08-08 09:14:27
1659950069643867000,52.8,2,52.8,27,53.0,48,2,2022-08-08 09:14:29
1659950069674438000,52.8,1,52.8,26,53.0,48,2,2022-08-08 09:14:29
1659950069757103000,52.8,1,52.8,25,53.0,48,2,2022-08-08 09:14:29
1659950074290820000,52.8,1,52.8,24,52.9,6,2,2022-08-08 09:14:34
1659950074578714000,52.9,1,52.8,21,52.9,5,1,2022-08-08 09:14:34
1659950075200930000,52.9,1,52.8,21,52.9,4,1,2022-08-08 09:14:35
1659950075879828000,52.8,1,52.8,20,52.9,4,2,2022-08-08 09:14:35
1659950076055716000,52.9,3,52.8,21,52.9,1,1,2022-08-08 09:14:36
1659950078614164000,52.9,1,52.9,9,53.0,49,1,2022-08-08 09:14:38
1659950079632117000,52.9,1,52.9,8,53.0,49,2,2022-08-08 09:14:39
1659950084066028000,52.9,10,52.9,6,53.0,49,2,2022-08-08 09:14:44
1659950086818622000,52.9,2,52.9,4,53.0,51,2,2022-08-08 09:14:46
1659950086977360000,52.9,1,52.9,3,53.0,51,2,2022-08-08 09:14:46
1659950087744061000,53.0,1,52.9,3,53.0,50,1,2022-08-08 09:14:47
1659950088006177000,52.9,2,52.9,1,53.0,50,2,2022-08-08 09:14:48
1659950088047676000,52.9,1,52.8,21,53.0,50,2,2022-08-08 09:14:48
1659950091475437000,52.9,4,52.8,24,52.9,1,2,2022-08-08 09:14:51
1659950091857365000,52.8,1,52.8,23,52.9,1,2,2022-08-08 09:14:51
1659950095606304000,52.8,1,52.8,22,52.9,5,2,2022-08-08 09:14:55
1659950096147469000,52.8,1,52.8,71,52.9,9,2,2022-08-08 09:14:56
1659950096149655000,52.9,9,52.8,71,53.0,54,1,2022-08-08 09:14:56
1659950100925927000,52.9,10,52.8,283,53.0,59,1,2022-08-08 09:15:00
1659950102149555000,52.9,10,52.8,283,53.0,59,2,2022-08-08 09:15:02
1659950102909014000,52.8,1,52.8,282,53.0,63,2,2022-08-08 09:15:02
1659950102910768000,52.8,1,52.8,281,53.0,63,2,2022-08-08 09:15:02
1659950103991251000,52.8,1,52.8,277,52.9,11,2,2022-08-08 09:15:03
1659950105538956000,52.8,1,52.8,276,52.9,11,2,2022-08-08 09:15:05
1659950105805840000,52.9,1,52.8,276,52.9,10,1,2022-08-08 09:15:05
1659950106071017000,52.9,1,52.8,276,52.9,9,1,2022-08-08 09:15:06
1659950106103535000,52.9,9,52.8,276,53.0,64,1,2022-08-08 09:15:06
1659950106450259000,53.0,1,52.9,30,53.0,63,1,2022-08-08 09:15:06
1659950113080407000,52.9,1,52.9,1027,53.0,73,2,2022-08-08 09:15:13
1659950113208302000,53.0,1,52.9,1027,53.0,72,1,2022-08-08 09:15:13
1659950114106323000,53.0,1,52.9,1027,53.0,73,1,2022-08-08 09:15:14
1659950114190295000,53.0,1,52.9,1027,53.0,72,1,2022-08-08 09:15:14
1659950117229656000,52.9,33,52.8,782,52.9,17,2,2022-08-08 09:15:17
1659950119442776000,52.8,22,52.7,25,52.8,1,2,2022-08-08 09:15:19
1659950120282863000,52.8,1,52.7,25,52.9,13,1,2022-08-08 09:15:20
1659950120282863000,52.9,4,52.7,25,52.9,13,1,2022-08-08 09:15:20
1659950126316392000,52.9,1,52.8,2,52.9,16,1,2022-08-08 09:15:26
1659950128986950000,52.9,1,52.8,14,52.9,15,1,2022-08-08 09:15:28
1659950130338622000,52.8,1,52.8,19,52.9,19,2,2022-08-08 09:15:30
1659950132995634000,52.8,1,52.8,17,52.9,19,2,2022-08-08 09:15:32
1659950136691383000,52.8,1,52.8,18,52.9,23,2,2022-08-08 09:15:36
1659950140707262000,52.8,6,52.8,15,52.9,24,2,2022-08-08 09:15:40
1659950141329706000,52.8,6,52.8,9,52.9,24,2,2022-08-08 09:15:41
1659950142506570000,52.8,3,52.8,6,52.9,24,2,2022-08-08 09:15:42
1659950144988907000,52.8,2,52.8,5,52.9,24,2,2022-08-08 09:15:44
1659950145438683000,52.8,1,52.8,4,52.9,25,2,2022-08-08 09:15:45
1659950147077560000,52.8,1,52.8,4,52.9,27,2,2022-08-08 09:15:47
1659950147104181000,52.8,4,52.7,26,52.8,6,2,2022-08-08 09:15:47
1659950149336712000,52.8,1,52.7,26,52.8,6,1,2022-08-08 09:15:49
1659950151015302000,52.7,1,52.7,25,52.8,9,2,2022-08-08 09:15:51
1659950156058285000,52.8,1,52.7,24,52.8,13,1,2022-08-08 09:15:56
1659950156322131000,52.7,4,52.7,20,52.8,13,2,2022-08-08 09:15:56
1659950156574481000,52.7,1,52.7,19,52.8,13,2,2022-08-08 09:15:56
1659950157242310000,52.7,1,52.7,18,52.8,13,2,2022-08-08 09:15:57
1659950159414530000,52.8,1,52.7,18,52.8,16,1,2022-08-08 09:15:59
1659950159797480000,52.8,2,52.7,18,52.8,14,1,2022-08-08 09:15:59
1659950160392856000,52.7,1,52.7,17,52.8,14,2,2022-08-08 09:16:00
1659950160610797000,52.7,1,52.7,16,52.8,14,2,2022-08-08 09:16:00
1659950163406714000,52.7,2,52.7,14,52.8,15,2,2022-08-08 09:16:03
1659950164069531000,52.7,2,52.7,12,52.8,25,2,2022-08-08 09:16:04
1659950164409014000,52.7,1,52.7,11,52.8,25,2,2022-08-08 09:16:04
1659950164794380000,52.7,1,52.7,10,52.8,25,2,2022-08-08 09:16:04
1659950167364617000,52.7,1,52.7,10,52.8,27,2,2022-08-08 09:16:07
1659950167372349000,52.7,6,52.7,4,52.8,27,2,2022-08-08 09:16:07
1659950169562321000,52.7,4,52.6,33,52.8,27,2,2022-08-08 09:16:09
1659950169562321000,52.6,2,52.6,33,52.8,27,2,2022-08-08 09:16:09
1659950170073251000,52.6,8,52.6,50,52.8,31,2,2022-08-08 09:16:10
1659950170674591000,52.7,5,52.6,50,52.8,31,1,2022-08-08 09:16:10
1659950171158838000,52.7,1,52.6,50,52.8,31,1,2022-08-08 09:16:11
1659950171443052000,52.7,1,52.6,50,52.8,31,1,2022-08-08 09:16:11
1659950171777403000,52.7,1,52.6,50,52.8,31,1,2022-08-08 09:16:11
1659950172063961000,52.7,1,52.6,50,52.8,29,2,2022-08-08 09:16:12
1659950174028350000,52.8,3,52.7,1,52.8,26,1,2022-08-08 09:16:14
1659950174477395000,52.7,1,52.6,49,52.8,25,2,2022-08-08 09:16:14
1659950175561469000,52.8,17,52.7,1,52.8,8,1,2022-08-08 09:16:15
1659950175577483000,52.8,8,52.7,1,52.9,23,1,2022-08-08 09:16:15
1659950175767940000,52.8,1,52.7,1,52.9,23,2,2022-08-08 09:16:15
1659950177017214000,52.8,3,52.8,11,52.9,23,2,2022-08-08 09:16:17
1659950177296580000,52.8,1,52.8,10,52.9,23,2,2022-08-08 09:16:17
1659950180011173000,52.8,10,52.8,2,52.9,23,2,2022-08-08 09:16:20
1659950187439774000,52.8,1,52.8,1,52.9,24,2,2022-08-08 09:16:27
1659950188305503000,52.8,1,52.7,12,52.9,24,2,2022-08-08 09:16:28
1659950188391371000,52.9,1,52.8,1,52.9,23,1,2022-08-08 09:16:28
1659950188457005000,52.8,1,52.7,15,52.9,23,2,2022-08-08 09:16:28
1659950188766242000,52.8,2,52.7,16,52.9,23,1,2022-08-08 09:16:28
1659950188837836000,52.9,1,52.7,16,52.8,2,1,2022-08-08 09:16:28
1659950189127690000,52.8,1,52.8,5,52.9,22,2,2022-08-08 09:16:29
1659950194809350000,52.8,1,52.8,5,52.9,22,2,2022-08-08 09:16:34
1659950195696848000,52.8,1,52.8,4,52.9,23,2,2022-08-08 09:16:35
1659950195699758000,52.8,4,52.7,18,52.8,1,2,2022-08-08 09:16:35
1659950195731192000,52.8,1,52.7,18,52.9,23,1,2022-08-08 09:16:35
1659950198528859000,52.8,2,52.7,6,52.9,24,2,2022-08-08 09:16:38
1659950198528859000,52.7,12,52.7,6,52.9,24,2,2022-08-08 09:16:38
1659950203367906000,52.8,3,52.8,1,52.9,23,2,2022-08-08 09:16:43
1659950204944488000,52.8,1,52.8,1,52.9,23,2,2022-08-08 09:16:44
1659950206678975000,52.8,1,52.7,11,52.9,23,2,2022-08-08 09:16:46
1659950208389801000,52.8,1,52.7,11,52.9,22,1,2022-08-08 09:16:48
1659950210629790000,52.7,1,52.7,10,52.9,22,2,2022-08-08 09:16:50
1659950211197900000,52.8,1,52.8,1,52.9,22,2,2022-08-08 09:16:51
1659950212170990000,52.8,1,52.7,9,52.9,22,2,2022-08-08 09:16:52
1659950212170990000,52.7,1,52.7,9,52.9,22,2,2022-08-08 09:16:52
1659950214477414000,52.8,2,52.7,12,52.9,22,1,2022-08-08 09:16:54
1659950215939746000,52.7,1,52.7,8,52.9,22,2,2022-08-08 09:16:55
1659950216665820000,52.8,2,52.7,8,52.9,22,1,2022-08-08 09:16:56
1659950216784095000,52.7,1,52.7,7,52.9,22,2,2022-08-08 09:16:56
1659950218242050000,52.8,1,52.7,8,52.9,21,1,2022-08-08 09:16:58
1659950220427374000,52.8,2,52.6,21,52.9,22,2,2022-08-08 09:17:00
1659950220427374000,52.7,8,52.6,21,52.9,22,2,2022-08-08 09:17:00
1659950220427374000,52.6,33,52.6,21,52.9,22,2,2022-08-08 09:17:00
1659950222550190000,52.8,1,52.8,4,52.9,27,2,2022-08-08 09:17:02
1659950226683514000,52.8,1,52.8,4,52.9,22,2,2022-08-08 09:17:06
1659950228663104000,52.8,1,52.8,4,52.9,22,2,2022-08-08 09:17:08
1659950229354313000,52.8,3,52.8,1,52.9,22,2,2022-08-08 09:17:09
1659950229445989000,52.8,1,52.7,12,52.9,22,2,2022-08-08 09:17:09
1659950229910479000,52.9,10,52.7,12,52.9,12,1,2022-08-08 09:17:09
1659950235027110000,52.7,12,52.6,2,52.7,4,2,2022-08-08 09:17:15
1659950240182877000,52.6,1,52.6,1,52.7,5,2,2022-08-08 09:17:20
1659950240985175000,52.7,5,52.6,1,52.9,1,1,2022-08-08 09:17:20
1659950240985175000,52.8,3,52.6,1,52.9,1,1,2022-08-08 09:17:20
1659950240985175000,52.9,12,52.6,1,52.9,1,1,2022-08-08 09:17:20
1659950249378318000,52.9,2,52.7,102,52.9,1,1,2022-08-08 09:17:29
1659950251291218000,52.9,2,52.7,102,52.9,13,1,2022-08-08 09:17:31
1659950254445459000,52.9,5,52.8,100,52.9,6,1,2022-08-08 09:17:34
1659950254466255000,52.9,6,52.8,100,53.0,95,1,2022-08-08 09:17:34
1659950257281680000,52.9,5,52.9,145,53.0,94,2,2022-08-08 09:17:37
1659950259746262000,52.9,1,52.9,1,53.0,93,2,2022-08-08 09:17:39
1659950261794166000,52.9,2,52.9,2,53.0,93,2,2022-08-08 09:17:41
1659950274056555000,52.9,2,52.8,10,52.9,1,1,2022-08-08 09:17:54
1659950274797914000,52.9,1,52.9,1,53.0,95,1,2022-08-08 09:17:54
1659950274824447000,52.9,1,52.8,10,53.0,95,2,2022-08-08 09:17:54
1659950276325422000,52.9,1,52.8,10,52.9,1,1,2022-08-08 09:17:56
1659950278481411000,52.9,1,52.8,12,53.0,95,2,2022-08-08 09:17:58
1659950282114980000,52.9,1,52.8,13,52.9,1,1,2022-08-08 09:18:02
1659950282502767000,52.9,1,52.8,13,53.0,94,1,2022-08-08 09:18:02
1659950282502767000,53.0,1,52.8,13,53.0,94,1,2022-08-08 09:18:02
1659950282733858000,53.0,5,52.8,13,53.0,89,1,2022-08-08 09:18:02
1659950284246180000,52.8,1,52.8,12,53.0,89,2,2022-08-08 09:18:04
1659950287959842000,52.9,1,52.8,13,53.0,91,2,2022-08-08 09:18:07
1659950293236314000,52.9,7,52.9,10,53.0,88,2,2022-08-08 09:18:13
1659950300224078000,53.0,1,52.9,6,53.0,87,1,2022-08-08 09:18:20
1659950301082657000,52.9,2,52.9,6,53.0,87,2,2022-08-08 09:18:21
1659950340847165000,52.9,23,52.8,16,53.0,105,2,2022-08-08 09:19:00
1659950341812721000,52.8,2,52.8,14,52.9,3,2,2022-08-08 09:19:01
1659950341897709000,52.8,10,52.8,4,52.9,3,2,2022-08-08 09:19:01
1659950341926947000,52.8,4,52.7,21,52.9,3,2,2022-08-08 09:19:01
1659950351433256000,52.7,2,52.7,19,52.9,14,2,2022-08-08 09:19:11
1659950361534290000,52.8,3,52.7,19,52.9,10,1,2022-08-08 09:19:21
1659950362126884000,52.8,3,52.8,2,52.9,10,2,2022-08-08 09:19:22
1659950362128148000,52.8,1,52.8,1,52.9,10,2,2022-08-08 09:19:22
1659950362160950000,52.8,1,52.8,5,52.9,10,2,2022-08-08 09:19:22
1659950363060009000,52.7,2,52.7,19,52.9,11,2,2022-08-08 09:19:23
1659950382155720000,52.7,1,52.7,30,52.8,15,2,2022-08-08 09:19:42
1659950395284185000,52.8,1,52.7,33,52.8,16,1,2022-08-08 09:19:55
1659950402741725000,52.8,16,52.8,4,52.9,14,1,2022-08-08 09:20:02
1659950405485836000,52.8,2,52.8,3,52.9,10,2,2022-08-08 09:20:05
1659950413891845000,52.8,1,52.8,3,52.9,10,2,2022-08-08 09:20:13
1659950417917441000,52.8,1,52.8,6,52.9,12,2,2022-08-08 09:20:17
1659950426495033000,52.8,2,52.8,6,52.9,12,2,2022-08-08 09:20:26
1659950435509227000,52.8,1,52.8,6,52.9,12,2,2022-08-08 09:20:35
1659950462358581000,52.8,2,52.8,4,52.9,12,2,2022-08-08 09:21:02
1659950480766610000,52.8,1,52.8,15,52.9,13,2,2022-08-08 09:21:20
1659950488835579000,52.9,1,52.8,37,52.9,14,1,2022-08-08 09:21:28
1659950490042771000,52.8,2,52.8,35,52.9,14,2,2022-08-08 09:21:30
1659950490154919000,52.9,1,52.8,35,52.9,13,1,2022-08-08 09:21:30
1659950490446352000,52.8,7,52.8,28,52.9,13,2,2022-08-08 09:21:30
1659950497898906000,52.8,1,52.8,28,52.9,13,2,2022-08-08 09:21:37
1659950502200660000,52.8,1,52.8,27,52.9,14,2,2022-08-08 09:21:42
1659950504801017000,52.9,7,52.8,27,52.9,7,1,2022-08-08 09:21:44
1659950505559917000,52.8,1,52.8,26,52.9,7,2,2022-08-08 09:21:45
1659950512391435000,52.9,1,52.8,26,52.9,6,1,2022-08-08 09:21:52
1659950518662346000,52.9,1,52.8,27,52.9,5,1,2022-08-08 09:21:58
1659950520020193000,52.9,1,52.8,27,52.9,4,1,2022-08-08 09:22:00
1659950522547891000,52.9,2,52.8,27,52.9,2,1,2022-08-08 09:22:02
1659950540239008000,52.9,1,52.8,31,52.9,1,1,2022-08-08 09:22:20
1659950540337162000,52.9,1,52.8,31,53.0,128,1,2022-08-08 09:22:20
1659950561899413000,52.9,1,52.9,18,53.0,133,2,2022-08-08 09:22:41
1659950566833628000,52.9,1,52.9,17,53.0,137,2,2022-08-08 09:22:46
1659950567135717000,52.9,15,52.9,2,53.0,137,2,2022-08-08 09:22:47
1659950567288315000,52.9,1,52.9,1,53.0,137,2,2022-08-08 09:22:47
1659950567955655000,52.9,1,52.8,35,53.0,137,2,2022-08-08 09:22:47
1659950592064107000,52.9,1,52.8,33,52.9,5,1,2022-08-08 09:23:12
1659950592514773000,52.9,1,52.8,33,52.9,4,1,2022-08-08 09:23:12
1659950592796177000,52.9,1,52.8,33,52.9,3,1,2022-08-08 09:23:12
1659950594958581000,52.9,1,52.8,33,52.9,2,1,2022-08-08 09:23:14
1659950602461060000,52.9,1,52.8,32,52.9,2,1,2022-08-08 09:23:22
1659950606621678000,52.8,1,52.8,32,52.9,2,2,2022-08-08 09:23:26
1659950620692842000,52.9,1,52.8,32,52.9,1,1,2022-08-08 09:23:40
1659950620863954000,52.8,3,52.8,29,52.9,1,2,2022-08-08 09:23:40
1659950648595697000,52.8,1,52.8,27,52.9,1,2,2022-08-08 09:24:08
1659950650405998000,52.8,1,52.8,26,52.9,1,2,2022-08-08 09:24:10
1659950651960940000,52.9,1,52.8,26,53.0,136,1,2022-08-08 09:24:11
1659950691220850000,53.0,2,52.9,7,53.0,134,1,2022-08-08 09:24:51
1659950692741666000,52.9,4,52.9,3,53.0,134,2,2022-08-08 09:24:52
1659950696259324000,52.9,1,52.9,2,53.0,134,2,2022-08-08 09:24:56
1659950696999067000,52.9,2,52.8,32,52.9,1,2,2022-08-08 09:24:56
1659950705129766000,52.8,2,52.8,28,52.9,1,2,2022-08-08 09:25:05
1659950705598779000,52.9,1,52.9,2,53.0,134,1,2022-08-08 09:25:05
1659950710353873000,52.9,2,52.9,1,53.0,134,2,2022-08-08 09:25:10
1659950712623364000,52.9,1,52.8,31,53.0,134,2,2022-08-08 09:25:12
1659950720719419000,52.8,2,52.8,29,52.9,2,2,2022-08-08 09:25:20
1659950726370486000,52.9,1,52.8,26,52.9,3,1,2022-08-08 09:25:26
1659950737356278000,52.9,1,52.8,63,52.9,3,1,2022-08-08 09:25:37
1659950738712594000,52.9,1,52.8,63,52.9,2,1,2022-08-08 09:25:38
1659950740954328000,52.8,1,52.8,62,52.9,2,2,2022-08-08 09:25:40
1659950749249649000,52.9,2,52.8,62,53.0,131,1,2022-08-08 09:25:49
1659950754712317000,52.9,3,52.8,312,53.0,131,1,2022-08-08 09:25:54
1659950765560028000,52.9,1,52.8,62,53.0,132,2,2022-08-08 09:26:05
1659950770607725000,52.9,2,52.9,4,53.0,132,2,2022-08-08 09:26:10
1659950792889892000,52.9,8,52.8,62,53.0,135,2,2022-08-08 09:26:32
1659950838927865000,52.9,1,52.9,4,53.0,150,2,2022-08-08 09:27:18
1659950838947962000,52.9,4,52.8,62,53.0,150,2,2022-08-08 09:27:18
1659950845016987000,52.9,1,52.9,199,53.0,151,2,2022-08-08 09:27:25
1659950847426251000,52.9,37,52.9,63,53.0,150,2,2022-08-08 09:27:27
1659950853509001000,52.8,65,52.7,39,52.8,5,2,2022-08-08 09:27:33
1659950861109660000,52.8,2,52.7,1159,52.8,3,1,2022-08-08 09:27:41
1659950861137563000,52.8,3,52.7,1159,52.9,5,1,2022-08-08 09:27:41
1659950863768594000,52.9,2,52.7,41,52.9,8,1,2022-08-08 09:27:43
1659950866121490000,52.7,4,52.7,36,52.8,1,2,2022-08-08 09:27:46
1659950880351896000,52.7,1,52.7,33,52.9,12,2,2022-08-08 09:28:00
1659950884676244000,52.7,2,52.7,33,52.9,12,2,2022-08-08 09:28:04
1659950888632993000,52.7,1,52.7,32,52.8,1,2,2022-08-08 09:28:08
1659950888785252000,52.7,4,52.7,28,52.8,1,2,2022-08-08 09:28:08
1659950890510964000,52.8,1,52.7,26,52.9,12,1,2022-08-08 09:28:10
1659950902670923000,52.8,1,52.7,26,52.9,7,2,2022-08-08 09:28:22
1659950904395594000,52.7,1,52.7,27,52.9,12,2,2022-08-08 09:28:24
1659950916360886000,52.8,1,52.7,28,52.9,7,2,2022-08-08 09:28:36
1659950917919732000,52.8,1,52.8,13,52.9,7,2,2022-08-08 09:28:37
1659950932158974000,52.9,1,52.8,14,52.9,10,1,2022-08-08 09:28:52
1659950945764786000,52.9,1,52.8,25,52.9,13,1,2022-08-08 09:29:05
1659950968668380000,52.8,15,52.8,12,52.9,14,2,2022-08-08 09:29:28
1659950987285743000,52.8,14,52.7,46,52.8,1,2,2022-08-08 09:29:47
1659950997687179000,52.8,1,52.7,37,52.8,2,1,2022-08-08 09:29:57
1659951001395283000,52.8,2,52.7,37,52.9,17,1,2022-08-08 09:30:01
1659951003019755000,52.7,37,52.5,90,52.9,17,2,2022-08-08 09:30:03
1659951003019755000,52.6,60,52.5,90,52.9,17,2,2022-08-08 09:30:03
1659951003019755000,52.5,3,52.5,90,52.9,17,2,2022-08-08 09:30:03
1659951005101442000,52.7,1,52.7,1,52.8,70,2,2022-08-08 09:30:05
1659951010043596000,52.8,2,52.5,88,52.8,17,1,2022-08-08 09:30:10
1659951014853625000,52.6,2,52.5,73,52.8,15,2,2022-08-08 09:30:14
1659951014853625000,52.5,12,52.5,73,52.8,15,2,2022-08-08 09:30:14
1659951015110162000,52.5,2,52.5,72,52.8,19,2,2022-08-08 09:30:15
1659951022836612000,52.5,1,52.5,70,52.7,10,2,2022-08-08 09:30:22
1659951023248382000,52.5,1,52.5,69,52.7,11,2,2022-08-08 09:30:23
1659951023299926000,52.5,69,52.3,20,52.7,11,2,2022-08-08 09:30:23
1659951023299926000,52.4,46,52.3,20,52.7,11,2,2022-08-08 09:30:23
1659951023299926000,52.3,47,52.3,20,52.7,11,2,2022-08-08 09:30:23
1659951023351084000,52.3,2,52.3,16,52.7,15,2,2022-08-08 09:30:23
1659951026968310000,52.3,12,52.3,13,52.5,4,2,2022-08-08 09:30:26
1659951031682206000,52.3,1,52.3,14,52.5,4,2,2022-08-08 09:30:31
1659951031691740000,52.5,1,52.3,14,52.5,3,1,2022-08-08 09:30:31
1659951032147487000,52.5,1,52.3,14,52.5,2,1,2022-08-08 09:30:32
1659951033087725000,52.3,1,52.3,13,52.5,2,2,2022-08-08 09:30:33
1659951036077017000,52.4,1,52.3,15,52.4,9,1,2022-08-08 09:30:36
1659951039030131000,52.3,1,52.3,16,52.4,9,2,2022-08-08 09:30:39
1659951040039069000,52.4,2,52.3,16,52.4,7,1,2022-08-08 09:30:40
1659951054583921000,52.4,1,52.3,22,52.4,5,1,2022-08-08 09:30:54
1659951056232720000,52.3,1,52.3,21,52.4,6,2,2022-08-08 09:30:56
1659951057470407000,52.3,5,52.3,16,52.4,6,2,2022-08-08 09:30:57
1659951058658893000,52.3,19,52.2,22,52.3,6,2,2022-08-08 09:30:58
1659951059230848000,52.2,1,52.2,31,52.3,7,2,2022-08-08 09:30:59
1659951059274975000,52.2,2,52.2,29,52.3,7,2,2022-08-08 09:30:59
1659951060714016000,52.3,7,52.2,54,52.4,10,1,2022-08-08 09:31:00
1659951061716081000,52.2,30,52.2,100,52.4,10,2,2022-08-08 09:31:01
1659951062457098000,52.2,1,52.1,33,52.4,16,2,2022-08-08 09:31:02
1659951062663856000,52.1,33,52.0,59,52.4,16,2,2022-08-08 09:31:02
1659951062663856000,52.0,22,52.0,59,52.4,16,2,2022-08-08 09:31:02
1659951063103741000,52.0,1,52.0,65,52.4,20,2,2022-08-08 09:31:03
1659951063570811000,52.0,1,52.0,63,52.4,20,2,2022-08-08 09:31:03
1659951064311380000,52.2,1,52.0,63,52.2,1,1,2022-08-08 09:31:04
1659951064449214000,52.1,1,52.0,63,52.1,1,1,2022-08-08 09:31:04
1659951068065106000,52.1,4,52.0,55,52.2,2,2,2022-08-08 09:31:08
1659951068065106000,52.0,6,52.0,55,52.2,2,2,2022-08-08 09:31:08
1659951068093077000,52.2,2,52.0,55,52.4,15,1,2022-08-08 09:31:08
1659951070175391000,52.1,1,52.0,40,52.4,18,2,2022-08-08 09:31:10
1659951070175391000,52.0,15,52.0,40,52.4,18,2,2022-08-08 09:31:10
1659951071099862000,52.1,1,52.1,12,52.4,19,2,2022-08-08 09:31:11
1659951071396815000,52.1,1,52.1,10,52.4,19,2,2022-08-08 09:31:11
1659951071961210000,52.2,1,52.1,10,52.4,18,1,2022-08-08 09:31:11
1659951073817698000,52.1,6,52.1,4,52.4,18,2,2022-08-08 09:31:13
1659951073915535000,52.1,1,52.1,3,52.4,18,2,2022-08-08 09:31:13
1659951073940508000,52.1,1,52.1,2,52.4,18,2,2022-08-08 09:31:13
1659951075510569000,52.2,1,52.1,4,52.4,19,2,2022-08-08 09:31:15
1659951077035295000,52.2,2,52.1,14,52.2,2,1,2022-08-08 09:31:17
1659951079006997000,52.2,2,52.1,16,52.3,2,1,2022-08-08 09:31:19
1659951082089586000,52.2,2,52.1,20,52.3,24,2,2022-08-08 09:31:22
1659951082119776000,52.1,5,52.1,16,52.3,24,2,2022-08-08 09:31:22
1659951086637620000,52.2,2,52.2,2,52.3,23,2,2022-08-08 09:31:26
1659951093623113000,52.1,1,52.1,17,52.3,23,2,2022-08-08 09:31:33
1659951093981269000,52.2,1,52.1,17,52.3,23,1,2022-08-08 09:31:33
1659951095594404000,52.2,2,52.1,21,52.2,1,2,2022-08-08 09:31:35
1659951095692501000,52.1,3,52.1,17,52.2,1,2,2022-08-08 09:31:35
1659951102660170000,52.1,7,52.1,13,52.2,18,2,2022-08-08 09:31:42
1659951104040468000,52.2,43,52.1,63,52.3,22,1,2022-08-08 09:31:44
1659951105320394000,52.2,1,52.2,4,52.3,22,2,2022-08-08 09:31:45
1659951106299479000,52.2,1,52.2,10,52.3,22,2,2022-08-08 09:31:46
1659951107078911000,52.2,10,52.1,18,52.2,15,2,2022-08-08 09:31:47
1659951108256102000,52.2,2,52.1,14,52.2,13,1,2022-08-08 09:31:48
1659951108306186000,52.2,13,52.1,39,52.3,22,1,2022-08-08 09:31:48
1659951111437647000,52.2,1,52.1,18,52.3,24,2,2022-08-08 09:31:51
1659951112046117000,52.2,1,52.2,1,52.3,23,2,2022-08-08 09:31:52
1659951113757289000,52.3,1,52.2,5,52.3,22,1,2022-08-08 09:31:53
1659951114130885000,52.2,1,52.2,5,52.3,27,2,2022-08-08 09:31:54
1659951114151461000,52.2,1,52.2,6,52.3,27,2,2022-08-08 09:31:54
1659951117045072000,52.3,1,52.2,6,52.3,38,1,2022-08-08 09:31:57
1659951117402184000,52.2,2,52.2,4,52.3,37,2,2022-08-08 09:31:57
1659951119185986000,52.2,1,52.2,3,52.3,37,2,2022-08-08 09:31:59
1659951119727638000,52.3,3,52.2,3,52.3,34,1,2022-08-08 09:31:59
1659951121465088000,52.3,1,52.2,3,52.3,33,1,2022-08-08 09:32:01
1659951127236374000,52.2,1,52.2,6,52.3,33,2,2022-08-08 09:32:07
1659951136497388000,52.2,1,52.2,19,52.3,32,2,2022-08-08 09:32:16
1659951137672054000,52.2,5,52.2,31,52.3,32,2,2022-08-08 09:32:17
1659951138212524000,52.3,5,52.2,26,52.3,27,1,2022-08-08 09:32:18
1659951142256741000,52.3,1,52.2,33,52.3,26,1,2022-08-08 09:32:22
1659951144296185000,52.3,5,52.2,35,52.3,21,1,2022-08-08 09:32:24
1659951146652536000,52.3,2,52.2,35,52.3,19,1,2022-08-08 09:32:26
1659951149048754000,52.3,1,52.2,36,52.3,18,1,2022-08-08 09:32:29
1659951149361183000,52.3,1,52.2,36,52.3,17,1,2022-08-08 09:32:29
1659951149890173000,52.3,10,52.2,38,52.3,12,1,2022-08-08 09:32:29
1659951149946043000,52.3,1,52.2,38,52.3,11,1,2022-08-08 09:32:29
1659951150007765000,52.3,5,52.2,38,52.3,6,1,2022-08-08 09:32:30
1659951150033012000,52.3,1,52.2,38,52.3,5,1,2022-08-08 09:32:30
1659951150368330000,52.3,5,52.2,38,52.4,36,1,2022-08-08 09:32:30
1659951153597122000,52.3,7,52.2,38,52.3,13,2,2022-08-08 09:32:33
1659951155086712000,52.3,1,52.2,38,52.3,12,1,2022-08-08 09:32:35
1659951156719680000,52.3,1,52.2,39,52.3,11,1,2022-08-08 09:32:36
1659951158301287000,52.3,1,52.2,38,52.3,10,1,2022-08-08 09:32:38
1659951158515984000,52.3,1,52.2,38,52.3,9,1,2022-08-08 09:32:38
1659951158646039000,52.3,1,52.2,38,52.3,8,1,2022-08-08 09:32:38
1659951159650616000,52.3,5,52.2,38,52.3,3,1,2022-08-08 09:32:39
1659951159730334000,52.3,2,52.2,38,52.3,1,1,2022-08-08 09:32:39
1659951159850695000,52.3,1,52.2,38,52.4,33,1,2022-08-08 09:32:39
1659951160817138000,52.4,1,52.2,38,52.4,32,1,2022-08-08 09:32:40
1659951162034816000,52.3,1,52.2,38,52.3,6,1,2022-08-08 09:32:42
1659951162150212000,52.3,2,52.2,38,52.3,7,1,2022-08-08 09:32:42
1659951163003272000,52.3,1,52.2,38,52.3,3,1,2022-08-08 09:32:43
1659951163368217000,52.3,2,52.2,38,52.3,1,1,2022-08-08 09:32:43
1659951164017862000,52.3,1,52.3,29,52.4,32,1,2022-08-08 09:32:44
1659951170209509000,52.4,1,52.3,41,52.4,33,1,2022-08-08 09:32:50
1659951174474272000,52.4,1,52.3,42,52.4,32,1,2022-08-08 09:32:54
1659951175279388000,52.4,2,52.3,42,52.4,30,1,2022-08-08 09:32:55
1659951177517920000,52.4,2,52.3,42,52.4,28,1,2022-08-08 09:32:57
1659951179723196000,52.3,4,52.3,41,52.4,28,2,2022-08-08 09:32:59
1659951180161498000,52.4,28,52.4,7,52.5,9,1,2022-08-08 09:33:00
1659951180300881000,52.4,7,52.3,42,52.5,9,2,2022-08-08 09:33:00
1659951180826378000,52.4,7,52.4,1,52.5,9,2,2022-08-08 09:33:00
1659951180859927000,52.4,1,52.4,8,52.5,9,2,2022-08-08 09:33:00
1659951180861430000,52.4,1,52.4,7,52.5,9,2,2022-08-08 09:33:00
1659951180894450000,52.4,7,52.4,9,52.5,9,2,2022-08-08 09:33:00
1659951182174946000,52.4,1,52.3,42,52.5,15,2,2022-08-08 09:33:02
1659951182755696000,52.4,1,52.4,1,52.5,17,2,2022-08-08 09:33:02
1659951184563592000,52.4,2,52.3,43,52.4,1,2,2022-08-08 09:33:04
1659951186337278000,52.4,1,52.3,41,52.5,25,1,2022-08-08 09:33:06
1659951187185104000,52.4,2,52.4,2,52.5,25,2,2022-08-08 09:33:07
1659951188755416000,52.5,2,52.3,45,52.5,23,1,2022-08-08 09:33:08
1659951194834257000,52.5,2,52.4,23,52.5,23,1,2022-08-08 09:33:14
1659951197818626000,52.5,1,52.4,25,52.5,22,1,2022-08-08 09:33:17
1659951199033142000,52.4,6,52.4,19,52.5,22,2,2022-08-08 09:33:19
1659951199062252000,52.4,19,52.3,45,52.5,22,2,2022-08-08 09:33:19
1659951199123374000,52.5,2,52.3,45,52.5,22,1,2022-08-08 09:33:19
1659951200829977000,52.4,1,52.3,45,52.4,2,1,2022-08-08 09:33:20
1659951202462361000,52.4,2,52.3,45,52.5,20,1,2022-08-08 09:33:22
1659951203635911000,52.4,1,52.3,45,52.4,1,1,2022-08-08 09:33:23
1659951204677874000,52.5,2,52.3,45,52.5,16,1,2022-08-08 09:33:24
1659951208128403000,52.4,1,52.4,3,52.5,17,2,2022-08-08 09:33:28
1659951209323029000,52.4,1,52.4,2,52.5,17,2,2022-08-08 09:33:29
1659951215819058000,52.4,1,52.4,3,52.5,17,2,2022-08-08 09:33:35
1659951224310144000,52.5,2,52.4,22,52.5,15,1,2022-08-08 09:33:44
1659951229234778000,52.5,1,52.4,22,52.5,14,1,2022-08-08 09:33:49
1659951230401373000,52.5,1,52.4,22,52.5,13,1,2022-08-08 09:33:50
1659951234027802000,52.5,2,52.4,23,52.5,11,1,2022-08-08 09:33:54
1659951240725316000,52.4,3,52.4,38,52.5,13,2,2022-08-08 09:34:00
1659951240887852000,52.5,1,52.4,38,52.5,12,1,2022-08-08 09:34:00
1659951253505211000,52.5,1,52.4,39,52.5,12,1,2022-08-08 09:34:13
1659951256584347000,52.5,2,52.4,39,52.5,10,1,2022-08-08 09:34:16
1659951260433310000,52.5,1,52.4,39,52.5,9,1,2022-08-08 09:34:20
1659951260971815000,52.5,1,52.4,39,52.5,8,1,2022-08-08 09:34:20
1659951262217799000,52.5,8,52.5,2,52.6,26,1,2022-08-08 09:34:22
1659951262991080000,52.5,1,52.5,1,52.6,21,2,2022-08-08 09:34:22
1659951267687847000,52.5,1,52.5,9,52.6,21,2,2022-08-08 09:34:27
1659951268923788000,52.6,1,52.5,9,52.6,20,1,2022-08-08 09:34:28
1659951272278853000,52.6,1,52.5,12,52.6,19,1,2022-08-08 09:34:32
1659951279648119000,52.6,20,52.6,15,52.7,24,1,2022-08-08 09:34:39
1659951292557642000,52.6,1,52.6,25,52.7,21,2,2022-08-08 09:34:52
1659951295271755000,52.6,5,52.6,21,52.7,21,2,2022-08-08 09:34:55
1659951297840529000,52.6,3,52.6,18,52.7,23,2,2022-08-08 09:34:57
1659951297851528000,52.6,15,52.6,3,52.7,23,2,2022-08-08 09:34:57
1659951297877523000,52.6,1,52.6,2,52.7,23,2,2022-08-08 09:34:57
1659951299796936000,52.6,2,52.5,22,52.7,23,2,2022-08-08 09:34:59
1659951301163296000,52.7,1,52.5,22,52.7,28,1,2022-08-08 09:35:01
1659951304450704000,52.6,1,52.5,22,52.6,5,1,2022-08-08 09:35:04
1659951305484327000,52.6,1,52.5,22,52.6,4,1,2022-08-08 09:35:05
1659951306403410000,52.5,22,52.4,42,52.5,3,2,2022-08-08 09:35:06
1659951306751424000,52.5,1,52.4,42,52.5,3,1,2022-08-08 09:35:06
1659951311063102000,52.5,2,52.4,42,52.5,3,1,2022-08-08 09:35:11
1659951311317621000,52.5,1,52.4,42,52.5,2,1,2022-08-08 09:35:11
1659951313125950000,52.5,2,52.5,3,52.6,7,1,2022-08-08 09:35:13
1659951317731179000,52.5,1,52.5,3,52.6,7,2,2022-08-08 09:35:17
1659951319671089000,52.5,4,52.4,42,52.5,6,2,2022-08-08 09:35:19
1659951337305892000,52.5,1,52.4,42,52.5,10,1,2022-08-08 09:35:37
1659951338077207000,52.5,2,52.4,42,52.5,8,1,2022-08-08 09:35:38
1659951339217147000,52.5,1,52.4,42,52.5,22,1,2022-08-08 09:35:39
1659951349907039000,52.4,19,52.4,23,52.5,23,2,2022-08-08 09:35:49
1659951350040842000,52.4,23,52.3,103,52.4,377,2,2022-08-08 09:35:50
1659951350191224000,52.3,1,52.3,102,52.4,377,2,2022-08-08 09:35:50
1659951361281188000,52.3,14,52.3,443,52.4,6,2,2022-08-08 09:36:01
1659951363718872000,52.3,1,52.3,442,52.4,6,2,2022-08-08 09:36:03
1659951364411418000,52.4,6,52.3,442,52.5,10,1,2022-08-08 09:36:04
1659951367426699000,52.4,1,52.4,16,52.5,15,2,2022-08-08 09:36:07
1659951371922788000,52.4,1,52.4,415,52.5,10,2,2022-08-08 09:36:11
1659951376520552000,52.4,4,52.4,11,52.5,11,2,2022-08-08 09:36:16
1659951377217390000,52.4,11,52.3,42,52.4,14,2,2022-08-08 09:36:17
1659951385281924000,52.4,3,52.3,56,52.4,12,1,2022-08-08 09:36:25
1659951390119427000,52.3,1,52.3,55,52.4,16,2,2022-08-08 09:36:30
1659951396657679000,52.4,6,52.3,54,52.4,10,1,2022-08-08 09:36:36
1659951405793325000,52.3,4,52.3,55,52.4,41,2,2022-08-08 09:36:45
1659951418632651000,52.3,4,52.3,51,52.4,42,2,2022-08-08 09:36:58
1659951421489602000,52.3,2,52.3,50,52.4,42,2,2022-08-08 09:37:01
1659951422029392000,52.4,1,52.3,50,52.4,41,1,2022-08-08 09:37:02
1659951426437740000,52.4,1,52.3,52,52.4,41,1,2022-08-08 09:37:06
1659951427878101000,52.3,1,52.3,51,52.4,41,2,2022-08-08 09:37:07
1659951435416002000,52.4,3,52.3,50,52.4,39,1,2022-08-08 09:37:15
1659951442793413000,52.4,1,52.3,52,52.4,38,1,2022-08-08 09:37:22
1659951443809893000,52.4,3,52.3,52,52.4,35,1,2022-08-08 09:37:23
1659951446851859000,52.4,1,52.3,52,52.4,34,1,2022-08-08 09:37:26
1659951447193008000,52.4,1,52.3,52,52.4,33,1,2022-08-08 09:37:27
1659951447782864000,52.4,1,52.3,52,52.4,32,1,2022-08-08 09:37:27
1659951449815767000,52.4,1,52.3,52,52.4,31,1,2022-08-08 09:37:29
1659951452522307000,52.4,1,52.3,52,52.4,30,1,2022-08-08 09:37:32
1659951453884152000,52.4,5,52.3,52,52.4,25,1,2022-08-08 09:37:33
1659951459196828000,52.4,5,52.3,52,52.4,20,1,2022-08-08 09:37:39
1659951461633660000,52.4,1,52.3,51,52.4,19,1,2022-08-08 09:37:41
1659951461657945000,52.4,1,52.3,51,52.4,18,1,2022-08-08 09:37:41
1659951463444838000,52.4,5,52.3,51,52.4,13,1,2022-08-08 09:37:43
1659951466250400000,52.4,10,52.3,51,52.4,5,1,2022-08-08 09:37:46
1659951466270071000,52.4,1,52.3,51,52.4,4,1,2022-08-08 09:37:46
1659951466306105000,52.4,4,52.3,51,52.5,7,1,2022-08-08 09:37:46
1659951471880119000,52.4,1,52.3,52,52.5,9,2,2022-08-08 09:37:51
1659951487025306000,52.4,1,52.4,2,52.5,20,2,2022-08-08 09:38:07
1659951491622084000,52.4,3,52.3,52,52.4,7,2,2022-08-08 09:38:11
1659951493855830000,52.4,1,52.3,52,52.4,10,1,2022-08-08 09:38:13
1659951500086056000,52.3,52,52.2,31,52.3,1,2,2022-08-08 09:38:20
1659951504329588000,52.3,1,52.2,137,52.3,10,1,2022-08-08 09:38:24
1659951507252152000,52.2,16,52.2,121,52.3,11,2,2022-08-08 09:38:27
1659951516863637000,52.3,1,52.2,15,52.3,12,1,2022-08-08 09:38:36
1659951517490882000,52.3,2,52.2,15,52.3,10,1,2022-08-08 09:38:37
1659951526278418000,52.3,2,52.2,17,52.3,8,1,2022-08-08 09:38:46
1659951530369881000,52.3,1,52.2,17,52.3,16,1,2022-08-08 09:38:50
1659951535331164000,52.2,1,52.2,17,52.3,16,2,2022-08-08 09:38:55
1659951535908643000,52.3,1,52.2,17,52.3,15,1,2022-08-08 09:38:55
1659951541280261000,52.3,1,52.2,48,52.3,14,1,2022-08-08 09:39:01
1659951543201626000,52.3,1,52.2,48,52.3,13,1,2022-08-08 09:39:03
1659951549914098000,52.3,1,52.2,48,52.3,14,1,2022-08-08 09:39:09
1659951550138040000,52.3,1,52.2,48,52.3,13,1,2022-08-08 09:39:10
1659951552274033000,52.3,1,52.2,48,52.3,16,1,2022-08-08 09:39:12
1659951560213770000,52.3,1,52.2,48,52.3,16,1,2022-08-08 09:39:20
1659951563119487000,52.3,1,52.2,50,52.3,15,1,2022-08-08 09:39:23
1659951565694486000,52.3,1,52.2,50,52.3,14,1,2022-08-08 09:39:25
1659951566218366000,52.3,1,52.2,50,52.3,13,1,2022-08-08 09:39:26
1659951570739937000,52.3,1,52.2,70,52.3,14,1,2022-08-08 09:39:30
1659951574058950000,52.3,1,52.2,70,52.3,13,1,2022-08-08 09:39:34
1659951574891514000,52.3,2,52.2,70,52.3,11,1,2022-08-08 09:39:34
1659951575198728000,52.3,1,52.2,70,52.3,16,1,2022-08-08 09:39:35
1659951579523495000,52.3,5,52.2,71,52.3,10,1,2022-08-08 09:39:39
1659951584851486000,52.3,1,52.2,72,52.3,11,1,2022-08-08 09:39:44
1659951585652534000,52.3,1,52.2,72,52.3,10,1,2022-08-08 09:39:45
1659951586354647000,52.3,1,52.2,72,52.3,9,1,2022-08-08 09:39:46
1659951590612252000,52.3,1,52.2,73,52.3,9,1,2022-08-08 09:39:50
1659951592312930000,52.2,1,52.2,72,52.3,9,2,2022-08-08 09:39:52
1659951593231097000,52.3,1,52.2,72,52.3,10,1,2022-08-08 09:39:53
1659951595329759000,52.2,1,52.2,71,52.3,10,2,2022-08-08 09:39:55
1659951597729357000,52.3,1,52.2,71,52.3,9,1,2022-08-08 09:39:57
1659951599677462000,52.3,2,52.2,71,52.3,11,1,2022-08-08 09:39:59
1659951600227444000,52.3,1,52.2,71,52.3,8,1,2022-08-08 09:40:00
1659951604001639000,52.3,2,52.2,73,52.3,8,1,2022-08-08 09:40:04
1659951604344717000,52.3,1,52.2,73,52.3,7,1,2022-08-08 09:40:04
1659951607101503000,52.3,1,52.2,73,52.3,10,1,2022-08-08 09:40:07
1659951608231317000,52.3,1,52.2,73,52.3,10,1,2022-08-08 09:40:08
1659951610111469000,52.3,1,52.2,73,52.3,9,1,2022-08-08 09:40:10
1659951613380627000,52.3,1,52.2,73,52.3,12,1,2022-08-08 09:40:13
1659951616297368000,52.3,1,52.2,76,52.3,14,1,2022-08-08 09:40:16
1659951618658530000,52.3,1,52.2,76,52.3,13,1,2022-08-08 09:40:18
1659951620568854000,52.3,1,52.2,75,52.3,12,1,2022-08-08 09:40:20
1659951624153338000,52.3,2,52.2,75,52.3,21,1,2022-08-08 09:40:24
1659951624685809000,52.3,1,52.2,75,52.3,20,1,2022-08-08 09:40:24
1659951624701398000,52.3,2,52.2,75,52.3,18,1,2022-08-08 09:40:24
1659951634166827000,52.3,1,52.2,75,52.3,25,1,2022-08-08 09:40:34
1659951634432949000,52.3,1,52.2,75,52.3,24,1,2022-08-08 09:40:34
1659951637332456000,52.3,1,52.2,76,52.3,23,1,2022-08-08 09:40:37
1659951671027178000,52.3,1,52.2,36,52.3,22,1,2022-08-08 09:41:11
1659951680471456000,52.3,1,52.2,41,52.3,21,1,2022-08-08 09:41:20
1659951681229165000,52.3,1,52.2,41,52.3,20,1,2022-08-08 09:41:21
1659951681871548000,52.3,20,52.2,41,52.4,27,1,2022-08-08 09:41:21
1659951692327816000,52.4,1,52.3,12,52.4,26,1,2022-08-08 09:41:32
1659951704223767000,52.4,1,52.3,13,52.4,25,1,2022-08-08 09:41:44
1659951704723376000,52.4,1,52.3,13,52.4,24,1,2022-08-08 09:41:44
1659951712733342000,52.3,15,52.2,33,52.3,5,2,2022-08-08 09:41:52
1659951716469107000,52.3,5,52.2,33,52.4,24,1,2022-08-08 09:41:56
1659951718247761000,52.3,9,52.3,1,52.4,24,1,2022-08-08 09:41:58
1659951720361210000,52.4,1,52.3,1,52.4,23,1,2022-08-08 09:42:00
1659951735074478000,52.4,1,52.3,10,52.4,23,1,2022-08-08 09:42:15
1659951737552995000,52.4,1,52.3,13,52.4,22,1,2022-08-08 09:42:17
1659951741457083000,52.4,1,52.3,14,52.4,21,1,2022-08-08 09:42:21
1659951741559861000,52.4,1,52.3,14,52.4,20,1,2022-08-08 09:42:21
1659951741786864000,52.4,1,52.3,15,52.4,19,1,2022-08-08 09:42:21
1659951746850361000,52.4,1,52.3,15,52.4,18,1,2022-08-08 09:42:26
1659951753456210000,52.4,2,52.3,16,52.4,17,1,2022-08-08 09:42:33
1659951756480890000,52.4,2,52.3,16,52.4,15,1,2022-08-08 09:42:36
1659951759346693000,52.4,10,52.3,17,52.4,5,1,2022-08-08 09:42:39
1659951759726107000,52.4,1,52.3,17,52.4,4,1,2022-08-08 09:42:39
1659951760053717000,52.4,4,52.4,1,52.5,40,1,2022-08-08 09:42:40
1659951761681015000,52.4,1,52.4,7,52.5,40,2,2022-08-08 09:42:41
1659951762727419000,52.5,1,52.4,6,52.5,39,1,2022-08-08 09:42:42
1659951780942194000,52.5,1,52.4,8,52.5,38,1,2022-08-08 09:43:00
1659951781592285000,52.5,1,52.4,8,52.5,37,1,2022-08-08 09:43:01
1659951785355953000,52.5,2,52.4,10,52.5,35,1,2022-08-08 09:43:05
1659951787706982000,52.4,10,52.3,38,52.5,35,2,2022-08-08 09:43:07
1659951792395398000,52.4,1,52.3,38,52.4,9,1,2022-08-08 09:43:12
1659951798001752000,52.4,1,52.3,40,52.4,9,1,2022-08-08 09:43:18
1659951798376898000,52.4,1,52.3,40,52.4,8,1,2022-08-08 09:43:18
1659951809227242000,52.4,1,52.3,40,52.4,9,1,2022-08-08 09:43:29
1659951821516769000,52.4,1,52.3,43,52.4,11,1,2022-08-08 09:43:41
1659951834726050000,52.4,1,52.3,42,52.4,10,1,2022-08-08 09:43:54
1659951835443639000,52.4,1,52.3,42,52.4,9,1,2022-08-08 09:43:55
1659951836491594000,52.4,1,52.3,42,52.4,8,1,2022-08-08 09:43:56
1659951844162351000,52.3,2,52.3,40,52.4,8,2,2022-08-08 09:44:04
1659951844904635000,52.4,1,52.3,41,52.4,7,1,2022-08-08 09:44:04
1659951845072574000,52.4,2,52.3,39,52.4,5,1,2022-08-08 09:44:05
1659951872945944000,52.4,1,52.3,46,52.4,8,1,2022-08-08 09:44:32
1659951880056746000,52.4,5,52.3,46,52.4,3,1,2022-08-08 09:44:40
1659951883045697000,52.4,1,52.3,46,52.4,2,1,2022-08-08 09:44:43
1659951883636375000,52.4,1,52.3,46,52.4,1,1,2022-08-08 09:44:43
1659951885118358000,52.4,1,52.3,46,52.5,40,1,2022-08-08 09:44:45
1659951909137351000,52.4,6,52.3,47,52.5,40,2,2022-08-08 09:45:09
1659951911339218000,52.4,5,52.3,47,52.5,40,2,2022-08-08 09:45:11
1659951920380627000,52.4,1,52.3,47,52.5,40,2,2022-08-08 09:45:20
1659951933869848000,52.4,1,52.3,47,52.5,40,2,2022-08-08 09:45:33
1659951959198351000,52.5,1,52.4,6,52.5,39,1,2022-08-08 09:45:59
1659951969437968000,52.5,1,52.4,19,52.5,38,1,2022-08-08 09:46:09
1659951973838488000,52.5,5,52.4,20,52.5,33,1,2022-08-08 09:46:13
1659951980037005000,52.5,1,52.4,30,52.5,33,1,2022-08-08 09:46:20
1659951999135047000,52.5,1,52.4,33,52.5,32,1,2022-08-08 09:46:39
1659952004546408000,52.5,4,52.4,33,52.5,28,1,2022-08-08 09:46:44
1659952005002968000,52.5,1,52.4,33,52.5,27,1,2022-08-08 09:46:45
1659952005288012000,52.5,1,52.4,33,52.5,26,1,2022-08-08 09:46:45
1659952010339772000,52.5,1,52.4,34,52.5,27,1,2022-08-08 09:46:50
1659952011309782000,52.5,2,52.4,34,52.5,25,1,2022-08-08 09:46:51
1659952011860200000,52.5,25,52.5,15,52.6,19,1,2022-08-08 09:46:51
1659952014427262000,52.6,1,52.5,17,52.6,19,1,2022-08-08 09:46:54
1659952030344694000,52.6,1,52.5,21,52.6,18,1,2022-08-08 09:47:10
1659952032710626000,52.6,1,52.5,21,52.6,17,1,2022-08-08 09:47:12
1659952034071222000,52.6,1,52.5,21,52.6,16,1,2022-08-08 09:47:14
1659952034118736000,52.6,1,52.5,21,52.6,15,1,2022-08-08 09:47:14
1659952034933835000,52.6,1,52.5,23,52.6,14,1,2022-08-08 09:47:14
1659952035478031000,52.6,1,52.5,23,52.6,13,1,2022-08-08 09:47:15
1659952036935947000,52.6,1,52.5,23,52.6,12,1,2022-08-08 09:47:16
1659952039269320000,52.6,3,52.5,24,52.6,9,1,2022-08-08 09:47:19
1659952042939030000,52.6,1,52.5,24,52.6,8,1,2022-08-08 09:47:22
1659952044843791000,52.6,1,52.5,24,52.6,7,1,2022-08-08 09:47:24
1659952047308229000,52.6,1,52.5,26,52.6,6,1,2022-08-08 09:47:27
1659952047658329000,52.6,1,52.5,26,52.6,5,1,2022-08-08 09:47:27
1659952048123274000,52.6,1,52.5,26,52.6,4,1,2022-08-08 09:47:28
1659952048608153000,52.6,2,52.5,26,52.6,2,1,2022-08-08 09:47:28
1659952048626866000,52.6,2,52.5,26,52.7,26,1,2022-08-08 09:47:28
1659952050104185000,52.6,1,52.5,27,52.7,29,2,2022-08-08 09:47:30
1659952050377027000,52.6,1,52.6,1,52.7,31,2,2022-08-08 09:47:30
1659952055671949000,52.6,1,52.5,27,52.6,1,1,2022-08-08 09:47:35
1659952061378626000,52.6,1,52.5,27,52.7,35,2,2022-08-08 09:47:41
1659952072637959000,52.6,10,52.5,30,52.6,3,1,2022-08-08 09:47:52
1659952072660879000,52.6,1,52.5,30,52.6,2,1,2022-08-08 09:47:52
1659952078294280000,52.6,7,52.6,1,52.7,29,2,2022-08-08 09:47:58
1659952078430991000,52.6,1,52.5,30,52.7,29,2,2022-08-08 09:47:58
1659952079600603000,52.6,3,52.5,30,52.7,29,2,2022-08-08 09:47:59
1659952079931554000,52.6,1,52.5,30,52.7,29,2,2022-08-08 09:47:59
1659952083636231000,52.6,2,52.5,29,52.7,29,2,2022-08-08 09:48:03
1659952084646096000,52.6,2,52.6,1,52.7,29,2,2022-08-08 09:48:04
1659952088683095000,52.6,1,52.5,41,52.7,29,2,2022-08-08 09:48:08
1659952099167350000,52.6,1,52.5,45,52.6,7,2,2022-08-08 09:48:19
1659952104318235000,52.6,2,52.5,43,52.6,5,1,2022-08-08 09:48:24
1659952109933737000,52.6,1,52.5,34,52.6,4,1,2022-08-08 09:48:29
1659952116510728000,52.6,1,52.5,35,52.6,3,1,2022-08-08 09:48:36
1659952116981519000,52.6,1,52.5,35,52.6,2,1,2022-08-08 09:48:36
1659952120965503000,52.5,2,52.5,33,52.6,3,2,2022-08-08 09:48:40
1659952122613594000,52.6,2,52.5,33,52.6,1,1,2022-08-08 09:48:42
1659952125193451000,52.6,1,52.5,33,52.6,2,1,2022-08-08 09:48:45
1659952182873323000,52.6,1,52.5,42,52.6,14,1,2022-08-08 09:49:42
1659952184223002000,52.6,1,52.5,43,52.6,13,1,2022-08-08 09:49:44
1659952189711172000,52.5,9,52.5,34,52.6,13,2,2022-08-08 09:49:49
1659952192599517000,52.6,1,52.5,34,52.6,13,1,2022-08-08 09:49:52
1659952192736791000,52.5,1,52.5,33,52.6,13,2,2022-08-08 09:49:52
1659952203948496000,52.6,13,52.6,17,52.7,29,1,2022-08-08 09:50:03
1659952213813412000,52.7,1,52.6,18,52.7,29,1,2022-08-08 09:50:13
1659952216747755000,52.6,4,52.6,14,52.7,29,2,2022-08-08 09:50:16
1659952220298585000,52.6,15,52.5,34,52.6,5,2,2022-08-08 09:50:20
1659952220436014000,52.6,1,52.5,34,52.6,4,1,2022-08-08 09:50:20
1659952220602502000,52.6,1,52.5,34,52.6,3,1,2022-08-08 09:50:20
1659952221060540000,52.6,1,52.5,34,52.6,3,1,2022-08-08 09:50:21
1659952221753499000,52.6,1,52.5,34,52.6,2,1,2022-08-08 09:50:21
1659952224143703000,52.6,2,52.6,5,52.7,28,1,2022-08-08 09:50:24
1659952226531004000,52.6,5,52.5,35,52.7,30,2,2022-08-08 09:50:26
1659952253489798000,52.6,1,52.6,22,52.7,30,2,2022-08-08 09:50:53
1659952255194802000,52.6,22,52.5,44,52.6,4,2,2022-08-08 09:50:55
1659952255321707000,52.6,2,52.5,45,52.6,2,1,2022-08-08 09:50:55
1659952257007011000,52.6,2,52.6,4,52.7,30,1,2022-08-08 09:50:57
1659952259384877000,52.7,1,52.6,9,52.7,29,1,2022-08-08 09:50:59
1659952259719083000,52.6,1,52.6,8,52.7,29,2,2022-08-08 09:50:59
1659952266717233000,52.7,1,52.6,8,52.7,27,1,2022-08-08 09:51:06
1659952297034157000,52.6,12,52.5,38,52.6,8,2,2022-08-08 09:51:37
1659952297119199000,52.5,1,52.5,37,52.6,8,2,2022-08-08 09:51:37
1659952314753560000,52.6,2,52.5,41,52.6,7,1,2022-08-08 09:51:54
1659952319808253000,52.6,1,52.5,41,52.6,6,1,2022-08-08 09:51:59
1659952325818116000,52.6,1,52.5,42,52.6,5,1,2022-08-08 09:52:05
1659952325948483000,52.6,2,52.5,42,52.6,3,1,2022-08-08 09:52:05
1659952329569057000,52.6,2,52.5,42,52.6,1,1,2022-08-08 09:52:09
1659952331039777000,52.6,1,52.5,42,52.7,27,1,2022-08-08 09:52:11
1659952350871501000,52.7,1,52.6,5,52.7,29,1,2022-08-08 09:52:30
1659952357646227000,52.6,11,52.5,41,52.6,9,2,2022-08-08 09:52:37
1659952357764210000,52.6,1,52.5,41,52.6,8,1,2022-08-08 09:52:37
1659952357951129000,52.6,2,52.5,41,52.6,6,1,2022-08-08 09:52:37
1659952358068579000,52.6,2,52.5,41,52.6,4,1,2022-08-08 09:52:38
1659952368230054000,52.6,1,52.5,42,52.6,3,1,2022-08-08 09:52:48
1659952370570586000,52.6,1,52.5,42,52.6,2,1,2022-08-08 09:52:50
1659952374678903000,52.6,2,52.6,3,52.7,29,1,2022-08-08 09:52:54
1659952375095528000,52.7,2,52.6,3,52.7,27,1,2022-08-08 09:52:55
1659952380740566000,52.7,1,52.6,5,52.7,26,1,2022-08-08 09:53:00
1659952389210895000,52.6,5,52.5,46,52.7,26,2,2022-08-08 09:53:09
1659952430323690000,52.6,1,52.5,47,52.6,1,1,2022-08-08 09:53:50
1659952439566378000,52.6,1,52.5,47,52.6,1,1,2022-08-08 09:53:59
1659952447259609000,52.6,1,52.5,47,52.7,26,1,2022-08-08 09:54:07
1659952450142523000,52.6,1,52.5,47,52.6,4,1,2022-08-08 09:54:10
1659952456669183000,52.6,1,52.5,47,52.6,3,1,2022-08-08 09:54:16
1659952460021918000,52.6,1,52.5,47,52.6,2,1,2022-08-08 09:54:20
1659952460647482000,52.6,1,52.5,47,52.6,1,1,2022-08-08 09:54:20
1659952464452067000,52.6,1,52.5,47,52.7,30,1,2022-08-08 09:54:24
1659952473927221000,52.6,1,52.5,47,52.7,27,2,2022-08-08 09:54:33
1659952476516456000,52.6,1,52.6,1,52.7,27,2,2022-08-08 09:54:36
1659952480576202000,52.7,1,52.5,48,52.7,26,1,2022-08-08 09:54:40
1659952489305714000,52.6,1,52.5,48,52.7,26,1,2022-08-08 09:54:49
1659952543830875000,52.7,5,52.6,12,52.7,21,1,2022-08-08 09:55:43
1659952550467590000,52.7,1,52.6,14,52.7,20,1,2022-08-08 09:55:50
1659952551625719000,52.6,1,52.6,13,52.7,20,2,2022-08-08 09:55:51
1659952570000500000,52.7,1,52.6,19,52.7,20,1,2022-08-08 09:56:10
1659952576770187000,52.7,2,52.6,18,52.7,18,1,2022-08-08 09:56:16
1659952584578798000,52.7,2,52.6,119,52.7,15,1,2022-08-08 09:56:24
1659952609853429000,52.7,1,52.6,33,52.7,14,1,2022-08-08 09:56:49
1659952626170774000,52.7,1,52.6,38,52.7,17,1,2022-08-08 09:57:06
1659952631460795000,52.7,1,52.6,37,52.7,16,1,2022-08-08 09:57:11
1659952633264330000,52.7,4,52.6,37,52.7,12,1,2022-08-08 09:57:13
1659952636836060000,52.7,4,52.6,37,52.7,8,1,2022-08-08 09:57:16
1659952638797754000,52.7,1,52.6,36,52.7,7,1,2022-08-08 09:57:18
1659952639836603000,52.7,1,52.6,36,52.7,6,1,2022-08-08 09:57:19
1659952640067026000,52.7,1,52.6,36,52.7,5,1,2022-08-08 09:57:20
1659952641099733000,52.7,1,52.6,36,52.7,4,1,2022-08-08 09:57:21
1659952642553378000,52.7,1,52.6,36,52.7,3,1,2022-08-08 09:57:22
1659952645256703000,52.7,1,52.6,36,52.7,2,1,2022-08-08 09:57:25
1659952645800552000,52.7,1,52.6,36,52.7,1,1,2022-08-08 09:57:25
1659952662269843000,52.7,1,52.6,36,52.8,22,1,2022-08-08 09:57:42
1659952675874508000,52.8,1,52.7,11,52.8,16,1,2022-08-08 09:57:55
1659952683431225000,52.8,1,52.7,33,52.8,13,1,2022-08-08 09:58:03
1659952685580051000,52.8,1,52.7,32,52.8,12,1,2022-08-08 09:58:05
1659952686986461000,52.8,5,52.7,32,52.8,7,1,2022-08-08 09:58:06
1659952687532111000,52.8,1,52.7,30,52.8,6,1,2022-08-08 09:58:07
1659952687940855000,52.8,2,52.7,30,52.8,4,1,2022-08-08 09:58:07
1659952689015444000,52.8,1,52.7,30,52.8,3,1,2022-08-08 09:58:09
1659952689117451000,52.8,1,52.7,30,52.8,2,1,2022-08-08 09:58:09
1659952691398103000,52.8,2,52.7,31,52.9,44,1,2022-08-08 09:58:11
1659952704069194000,52.9,1,52.8,9,52.9,38,1,2022-08-08 09:58:24
1659952710632546000,52.8,1,52.8,8,52.9,45,2,2022-08-08 09:58:30
1659952712676808000,52.9,1,52.8,8,52.9,44,1,2022-08-08 09:58:32
1659952716353086000,52.8,2,52.8,7,52.9,44,2,2022-08-08 09:58:36
1659952716550666000,52.9,1,52.8,7,52.9,43,1,2022-08-08 09:58:36
1659952725665747000,52.9,1,52.8,8,52.9,45,1,2022-08-08 09:58:45
1659952735505920000,52.8,1,52.8,7,52.9,45,2,2022-08-08 09:58:55
1659952737650141000,52.9,1,52.8,7,52.9,44,1,2022-08-08 09:58:57
1659952743360142000,52.8,1,52.8,9,52.9,44,2,2022-08-08 09:59:03
1659952753962356000,52.9,1,52.8,10,52.9,43,1,2022-08-08 09:59:13
1659952756633388000,52.9,1,52.8,10,52.9,42,1,2022-08-08 09:59:16
1659952764704585000,52.9,3,52.8,11,52.9,39,1,2022-08-08 09:59:24
1659952772439268000,52.9,2,52.8,11,52.9,39,1,2022-08-08 09:59:32
1659952778297720000,52.8,2,52.8,9,52.9,40,2,2022-08-08 09:59:38
1659952780186036000,52.8,1,52.8,8,52.9,40,2,2022-08-08 09:59:40
1659952781507272000,52.9,1,52.8,8,52.9,39,1,2022-08-08 09:59:41
1659952782151940000,52.8,5,52.8,3,52.9,39,2,2022-08-08 09:59:42
1659952782179510000,52.8,3,52.7,34,52.9,39,2,2022-08-08 09:59:42
1659952783424913000,52.8,1,52.7,34,52.8,5,1,2022-08-08 09:59:43
1659952785430317000,52.8,2,52.7,33,52.8,3,1,2022-08-08 09:59:45
1659952786356341000,52.8,1,52.7,33,52.8,3,1,2022-08-08 09:59:46
1659952798792037000,52.7,2,52.7,31,52.8,7,2,2022-08-08 09:59:58
1659952800510472000,52.8,7,52.8,13,52.9,42,1,2022-08-08 10:00:00
1659952809201379000,52.8,6,52.8,7,52.9,38,2,2022-08-08 10:00:09
1659952809235943000,52.8,6,52.8,1,52.9,38,2,2022-08-08 10:00:09
1659952809328236000,52.8,1,52.7,31,52.9,38,2,2022-08-08 10:00:09
1659952810489003000,52.8,2,52.7,31,52.8,4,1,2022-08-08 10:00:10
1659952811103985000,52.8,3,52.7,31,52.8,1,1,2022-08-08 10:00:11
1659952814682529000,52.8,1,52.8,1,52.9,39,1,2022-08-08 10:00:14
1659952814802934000,52.8,1,52.7,31,52.9,38,2,2022-08-08 10:00:14
1659952842406563000,52.7,1,52.7,30,52.8,7,2,2022-08-08 10:00:42
1659952877743896000,52.8,1,52.7,35,52.8,9,1,2022-08-08 10:01:17
1659952878848880000,52.7,1,52.7,34,52.8,9,2,2022-08-08 10:01:18
1659952882002694000,52.8,1,52.7,34,52.8,8,1,2022-08-08 10:01:22
1659952890520501000,52.7,1,52.7,34,52.8,10,2,2022-08-08 10:01:30
1659952903789812000,52.7,34,52.6,36,52.7,1,2,2022-08-08 10:01:43
1659952904388987000,52.7,1,52.6,36,52.8,7,1,2022-08-08 10:01:44
1659952904388987000,52.8,4,52.6,36,52.8,7,1,2022-08-08 10:01:44
1659952909796370000,52.7,1,52.6,36,52.7,7,1,2022-08-08 10:01:49
1659952921257351000,52.7,1,52.6,22,52.7,7,1,2022-08-08 10:02:01
1659952922679961000,52.7,1,52.6,22,52.7,6,1,2022-08-08 10:02:02
1659952923578896000,52.7,1,52.6,22,52.7,5,1,2022-08-08 10:02:03
1659952927328943000,52.7,1,52.6,20,52.7,4,1,2022-08-08 10:02:07
1659952960639613000,52.7,1,52.6,21,52.7,4,1,2022-08-08 10:02:40
1659952967617516000,52.7,1,52.6,20,52.7,3,1,2022-08-08 10:02:47
1659952985267384000,52.7,1,52.6,20,52.7,2,1,2022-08-08 10:03:05
1659952987278542000,52.7,1,52.6,20,52.7,1,1,2022-08-08 10:03:07
1659952993111946000,52.7,1,52.6,21,52.8,21,1,2022-08-08 10:03:13
1659953024232469000,52.7,1,52.6,23,52.7,8,1,2022-08-08 10:03:44
1659953050403013000,52.6,22,52.5,51,52.7,11,2,2022-08-08 10:04:10
1659953051580777000,52.6,5,52.5,51,52.7,12,2,2022-08-08 10:04:11
1659953064075611000,52.6,2,52.5,51,52.6,4,1,2022-08-08 10:04:24
1659953092092374000,52.5,1,52.5,50,52.6,11,2,2022-08-08 10:04:52
1659953095479256000,52.5,1,52.5,49,52.6,11,2,2022-08-08 10:04:55
1659953095585008000,52.5,33,52.5,16,52.6,11,2,2022-08-08 10:04:55
1659953095615357000,52.5,1,52.5,15,52.6,12,2,2022-08-08 10:04:55
1659953095651451000,52.5,1,52.5,14,52.6,12,2,2022-08-08 10:04:55
1659953095673043000,52.5,4,52.5,10,52.6,12,2,2022-08-08 10:04:55
1659953095723582000,52.5,4,52.5,6,52.6,12,2,2022-08-08 10:04:55
1659953095735188000,52.5,1,52.5,5,52.6,12,2,2022-08-08 10:04:55
1659953095889396000,52.5,1,52.5,5,52.6,13,2,2022-08-08 10:04:55
1659953099971125000,52.5,1,52.5,3,52.6,14,2,2022-08-08 10:04:59
1659953100024798000,52.5,2,52.5,1,52.6,14,2,2022-08-08 10:05:00
1659953100051878000,52.5,1,52.4,24,52.6,14,2,2022-08-08 10:05:00
1659953117303747000,52.4,2,52.4,22,52.5,16,2,2022-08-08 10:05:17
1659953117446860000,52.4,1,52.4,21,52.5,16,2,2022-08-08 10:05:17
1659953123774107000,52.4,1,52.4,20,52.5,16,2,2022-08-08 10:05:23
1659953123789493000,52.5,3,52.4,20,52.5,13,1,2022-08-08 10:05:23
1659953126725908000,52.4,1,52.4,19,52.5,13,2,2022-08-08 10:05:26
1659953133642544000,52.4,1,52.4,18,52.5,13,2,2022-08-08 10:05:33
1659953139102825000,52.4,1,52.4,17,52.5,13,2,2022-08-08 10:05:39
1659953149755226000,52.4,2,52.4,19,52.5,14,2,2022-08-08 10:05:49
1659953168197527000,52.4,5,52.4,12,52.5,5,2,2022-08-08 10:06:08
1659953175582370000,52.4,4,52.4,8,52.5,5,2,2022-08-08 10:06:15
1659953185256569000,52.4,1,52.4,7,52.5,5,2,2022-08-08 10:06:25
1659953198809047000,52.4,1,52.4,6,52.5,5,2,2022-08-08 10:06:38
1659953199593409000,52.4,1,52.4,5,52.5,5,2,2022-08-08 10:06:39
1659953216139782000,52.4,1,52.4,12,52.5,7,2,2022-08-08 10:06:56
1659953221486162000,52.4,1,52.4,8,52.5,7,2,2022-08-08 10:07:01
1659953227151703000,52.4,8,52.3,54,52.4,2,2,2022-08-08 10:07:07
1659953227190714000,52.4,2,52.3,54,52.5,6,1,2022-08-08 10:07:07
1659953236967212000,52.3,2,52.3,52,52.5,27,2,2022-08-08 10:07:16
1659953255038680000,52.3,1,52.3,52,52.4,6,2,2022-08-08 10:07:35
1659953258213585000,52.3,1,52.3,51,52.4,6,2,2022-08-08 10:07:38
1659953267700166000,52.3,10,52.3,41,52.4,6,2,2022-08-08 10:07:47
1659953267932680000,52.4,1,52.3,41,52.4,9,1,2022-08-08 10:07:47
1659953274355487000,52.3,1,52.3,40,52.4,9,2,2022-08-08 10:07:54
1659953290589041000,52.3,1,52.3,40,52.4,11,2,2022-08-08 10:08:10
1659953317002511000,52.4,7,52.3,46,52.4,7,1,2022-08-08 10:08:37
1659953317800152000,52.4,1,52.3,46,52.5,24,1,2022-08-08 10:08:37
1659953367928311000,52.4,2,52.4,12,52.5,24,2,2022-08-08 10:09:27
1659953396111231000,52.5,1,52.4,14,52.5,23,1,2022-08-08 10:09:56
1659953396517999000,52.4,1,52.4,13,52.5,23,2,2022-08-08 10:09:56
1659953429114747000,52.4,18,52.3,42,52.4,2,2,2022-08-08 10:10:29
1659953431958173000,52.4,3,52.4,2,52.5,23,1,2022-08-08 10:10:31
1659953434826990000,52.5,23,52.4,4,52.6,3,1,2022-08-08 10:10:34
1659953434919067000,52.5,4,52.4,8,52.6,3,1,2022-08-08 10:10:34
1659953469453237000,52.5,1,52.4,8,52.5,1,1,2022-08-08 10:11:09
1659953493382729000,52.5,1,52.4,8,52.5,1,1,2022-08-08 10:11:33
1659953494795298000,52.5,1,52.4,8,52.6,12,1,2022-08-08 10:11:34
1659953559456357000,52.5,1,52.4,16,52.5,3,1,2022-08-08 10:12:39
1659953563522413000,52.5,2,52.4,16,52.5,1,1,2022-08-08 10:12:43
1659953563526272000,52.5,1,52.4,16,52.6,12,1,2022-08-08 10:12:43
1659953621874442000,52.5,6,52.4,18,52.5,4,2,2022-08-08 10:13:41
1659953639143517000,52.5,4,52.4,20,52.5,1,1,2022-08-08 10:13:59
1659953639167401000,52.5,1,52.4,20,52.6,15,1,2022-08-08 10:13:59
1659953655571561000,52.6,2,52.4,21,52.6,13,1,2022-08-08 10:14:15
1659953660740203000,52.5,1,52.4,23,52.5,7,2,2022-08-08 10:14:20
1659953673034883000,52.4,1,52.4,20,52.5,8,2,2022-08-08 10:14:33
1659953674922021000,52.5,8,52.4,20,52.5,1,1,2022-08-08 10:14:34
1659953674946832000,52.5,1,52.4,20,52.6,13,1,2022-08-08 10:14:34
1659953704606302000,52.5,16,52.4,25,52.6,13,1,2022-08-08 10:15:04
1659953711520316000,52.5,4,52.4,25,52.6,13,1,2022-08-08 10:15:11
1659953718007343000,52.5,1,52.4,25,52.6,16,1,2022-08-08 10:15:18
1659953769865473000,52.5,1,52.5,7,52.6,13,2,2022-08-08 10:16:09
1659953778857092000,52.5,10,52.4,22,52.6,13,2,2022-08-08 10:16:18
1659953799799529000,52.5,1,52.4,23,52.6,13,1,2022-08-08 10:16:39
1659953809402692000,52.6,10,52.4,23,52.6,6,1,2022-08-08 10:16:49
1659953810856926000,52.6,3,52.5,5,52.7,6,1,2022-08-08 10:16:50
1659953812319699000,52.7,4,52.5,5,52.7,2,1,2022-08-08 10:16:52
1659953825074867000,52.7,1,52.5,13,52.7,1,1,2022-08-08 10:17:05
1659953826037227000,52.7,1,52.5,13,52.8,16,1,2022-08-08 10:17:06
1659953826037227000,52.8,4,52.5,13,52.8,16,1,2022-08-08 10:17:06
1659953826228412000,52.7,5,52.5,13,52.8,16,1,2022-08-08 10:17:06
1659953826355713000,52.7,1,52.5,13,52.7,1,1,2022-08-08 10:17:06
1659953827563185000,52.7,1,52.5,13,52.8,17,2,2022-08-08 10:17:07
1659953854742475000,52.7,1,52.6,6,52.8,17,2,2022-08-08 10:17:34
1659953880334452000,52.6,3,52.5,19,52.7,1,2,2022-08-08 10:18:00
1659953888940596000,52.5,2,52.5,17,52.7,7,2,2022-08-08 10:18:08
1659953892772458000,52.6,2,52.5,14,53.0,80,1,2022-08-08 10:18:12
1659953892772458000,52.7,7,52.5,14,53.0,80,1,2022-08-08 10:18:12
1659953892772458000,52.8,21,52.5,14,53.0,80,1,2022-08-08 10:18:12
1659953892772458000,52.9,27,52.5,14,53.0,80,1,2022-08-08 10:18:12
1659953892772458000,53.0,43,52.5,14,53.0,80,1,2022-08-08 10:18:12
1659953892919717000,52.5,1,52.5,12,52.9,9,2,2022-08-08 10:18:12
1659953896522643000,52.6,1,52.5,12,52.9,16,2,2022-08-08 10:18:16
1659953896745433000,52.9,15,52.5,12,53.0,1,1,2022-08-08 10:18:16
1659953896745433000,53.0,85,52.5,12,53.0,1,1,2022-08-08 10:18:16
1659953899646881000,52.8,3,52.5,15,52.9,12,1,2022-08-08 10:18:19
1659953904428053000,52.8,1,52.5,18,52.8,1,1,2022-08-08 10:18:24
1659953905218831000,52.8,1,52.5,18,52.8,3,1,2022-08-08 10:18:25
1659953905703230000,52.8,1,52.5,18,52.8,2,1,2022-08-08 10:18:25
1659953907875303000,52.9,11,52.8,20,53.0,1,1,2022-08-08 10:18:27
1659953910688251000,53.0,1,52.9,1,53.0,2,1,2022-08-08 10:18:30
1659953910705768000,53.0,2,52.9,1,53.1,7,1,2022-08-08 10:18:30
1659953912872162000,52.9,2,52.8,20,53.1,10,2,2022-08-08 10:18:32
1659953920281452000,53.0,1,52.9,1,53.0,11,1,2022-08-08 10:18:40
1659953926892674000,53.0,1,52.9,2,53.0,11,1,2022-08-08 10:18:46
1659953930337300000,52.9,3,52.8,23,53.0,12,2,2022-08-08 10:18:50
1659953951328983000,52.9,12,52.8,23,52.9,3,2,2022-08-08 10:19:11
1659953955010117000,52.8,1,52.8,21,52.9,3,2,2022-08-08 10:19:15
1659953955595911000,52.8,1,52.8,20,52.9,4,2,2022-08-08 10:19:15
1659953961035491000,52.8,1,52.8,23,52.9,5,2,2022-08-08 10:19:21
1659953964846139000,52.8,1,52.8,24,52.9,5,2,2022-08-08 10:19:24
1659953971689036000,52.8,1,52.8,23,52.9,6,2,2022-08-08 10:19:31
1659953985491066000,52.8,8,52.8,16,52.9,7,2,2022-08-08 10:19:45
1659953992393546000,52.8,10,52.8,5,52.9,9,2,2022-08-08 10:19:52
1659953992422905000,52.8,5,52.7,12,52.9,9,2,2022-08-08 10:19:52
1659954002633448000,52.7,13,52.6,5,52.8,6,2,2022-08-08 10:20:02
1659954007883778000,52.6,2,52.6,3,52.7,6,2,2022-08-08 10:20:07
1659954008809464000,52.6,2,52.6,1,52.7,6,2,2022-08-08 10:20:08
1659954008923648000,52.6,1,52.5,17,52.7,6,2,2022-08-08 10:20:08
1659954016049224000,52.6,2,52.5,14,52.6,3,1,2022-08-08 10:20:16
1659954028445625000,52.6,4,52.5,14,52.6,14,1,2022-08-08 10:20:28
1659954049389413000,52.5,5,52.5,10,52.6,15,2,2022-08-08 10:20:49
1659954054697587000,52.5,4,52.5,6,52.6,11,2,2022-08-08 10:20:54
1659954058436514000,52.6,2,52.5,5,52.6,9,1,2022-08-08 10:20:58
1659954059137154000,52.6,5,52.5,5,52.6,4,1,2022-08-08 10:20:59
1659954072061987000,52.6,1,52.5,4,52.7,21,1,2022-08-08 10:21:12
1659954094235953000,52.6,4,52.6,1,52.7,21,1,2022-08-08 10:21:34
