ts,close,volume,bid_price,bid_volume,ask_price,ask_volume,tick_type,datetime
1659949214529988000,76.0,578,76.0,48,76.1,16,2,2022-08-08 09:00:14
1659949214553607000,76.1,16,76.0,48,76.3,6,1,2022-08-08 09:00:14
1659949214554568000,76.0,1,76.0,47,76.3,6,2,2022-08-08 09:00:14
1659949214561429000,76.0,10,76.0,37,76.3,6,2,2022-08-08 09:00:14
1659949214611578000,76.0,1,76.0,36,76.3,6,2,2022-08-08 09:00:14
1659949215549733000,76.2,1,76.1,1,76.2,1,1,2022-08-08 09:00:15
1659949215583994000,76.2,1,76.1,1,76.3,6,1,2022-08-08 09:00:15
1659949216257152000,76.3,1,76.1,2,76.3,5,1,2022-08-08 09:00:16
1659949216287521000,76.3,5,76.1,2,76.3,6,1,2022-08-08 09:00:16
1659949217460939000,76.7,1,76.2,1,76.7,2,1,2022-08-08 09:00:17
1659949217895458000,76.1,1,76.1,9,76.7,2,2,2022-08-08 09:00:17
1659949219073246000,76.1,4,76.0,21,76.7,2,2,2022-08-08 09:00:19
1659949219073246000,76.0,15,76.0,21,76.7,2,2,2022-08-08 09:00:19
1659949219218137000,76.6,1,76.0,21,76.7,2,1,2022-08-08 09:00:19
1659949220182784000,76.2,1,76.1,3,76.6,5,2,2022-08-08 09:00:20
1659949220182784000,76.1,4,76.1,3,76.6,5,2,2022-08-08 09:00:20
1659949221366026000,76.3,3,76.1,3,76.5,4,2,2022-08-08 09:00:21
1659949222266910000,76.3,1,76.3,1,76.4,1,2,2022-08-08 09:00:22
1659949222266910000,76.2,4,76.3,1,76.4,1,2,2022-08-08 09:00:22
1659949223505767000,76.4,1,76.3,10,76.5,3,1,2022-08-08 09:00:23
1659949223505767000,76.5,1,76.3,10,76.5,3,1,2022-08-08 09:00:23
1659949225259881000,76.5,4,76.3,16,76.5,4,1,2022-08-08 09:00:25
1659949225259881000,76.6,2,76.3,16,76.5,4,1,2022-08-08 09:00:25
1659949226059308000,76.6,1,76.3,17,76.6,4,1,2022-08-08 09:00:26
1659949226565313000,76.3,1,76.3,16,76.6,3,2,2022-08-08 09:00:26
1659949227282378000,76.6,1,76.5,5,76.6,2,1,2022-08-08 09:00:27
1659949227574713000,76.6,2,76.5,5,76.7,2,1,2022-08-08 09:00:27
1659949227606176000,76.7,2,76.5,5,76.9,4,1,2022-08-08 09:00:27
1659949228230780000,76.5,10,76.5,1,76.9,4,2,2022-08-08 09:00:28
1659949228819897000,76.6,1,76.4,12,76.6,7,1,2022-08-08 09:00:28
1659949229322680000,76.5,1,76.5,2,76.6,7,2,2022-08-08 09:00:29
1659949229380087000,76.6,9,76.5,2,77.0,22,1,2022-08-08 09:00:29
1659949229380087000,76.8,5,76.5,2,77.0,22,1,2022-08-08 09:00:29
1659949229380087000,76.9,4,76.5,2,77.0,22,1,2022-08-08 09:00:29
1659949229380087000,77.0,2,76.5,2,77.0,22,1,2022-08-08 09:00:29
1659949229550046000,77.0,1,76.6,3,77.0,21,1,2022-08-08 09:00:29
1659949230236229000,76.6,1,76.6,2,77.0,21,2,2022-08-08 09:00:30
1659949230363343000,76.6,1,76.6,27,77.0,21,2,2022-08-08 09:00:30
1659949230650903000,76.9,2,76.9,2,77.0,21,2,2022-08-08 09:00:30
1659949232413600000,76.7,1,76.6,33,76.8,1,2,2022-08-08 09:00:32
1659949232520158000,76.8,1,76.6,33,76.9,2,1,2022-08-08 09:00:32
1659949233784593000,76.7,5,76.7,7,76.8,6,2,2022-08-08 09:00:33
1659949234053781000,76.7,5,76.7,2,76.8,6,2,2022-08-08 09:00:34
1659949234082305000,76.7,2,76.6,32,76.8,6,2,2022-08-08 09:00:34
1659949234547241000,76.8,1,76.7,2,76.8,5,1,2022-08-08 09:00:34
1659949234645736000,76.8,1,76.7,2,76.8,4,1,2022-08-08 09:00:34
1659949234956531000,76.7,1,76.7,1,76.8,4,2,2022-08-08 09:00:34
1659949235335577000,76.7,1,76.6,32,76.8,8,2,2022-08-08 09:00:35
1659949235395970000,76.8,1,76.6,32,76.8,7,1,2022-08-08 09:00:35
1659949235458188000,76.8,1,76.7,1,76.8,8,1,2022-08-08 09:00:35
1659949236042409000,76.7,1,76.6,32,76.8,6,1,2022-08-08 09:00:36
1659949236594560000,76.7,1,76.7,1,76.8,6,2,2022-08-08 09:00:36
1659949236594560000,76.6,9,76.7,1,76.8,6,2,2022-08-08 09:00:36
1659949237063731000,76.6,10,76.6,17,76.8,6,2,2022-08-08 09:00:37
1659949237147210000,76.6,7,76.6,10,76.8,6,2,2022-08-08 09:00:37
1659949237178212000,76.6,2,76.6,8,76.8,6,2,2022-08-08 09:00:37
1659949237211093000,76.6,2,76.6,6,76.8,6,2,2022-08-08 09:00:37
1659949237250368000,76.6,4,76.6,6,76.8,6,2,2022-08-08 09:00:37
1659949237280658000,76.6,2,76.5,4,76.8,6,2,2022-08-08 09:00:37
1659949237607326000,76.8,1,76.5,4,76.8,5,1,2022-08-08 09:00:37
1659949237824835000,76.6,1,76.5,4,76.6,9,2,2022-08-08 09:00:37
1659949237853620000,76.5,4,76.4,14,76.6,9,2,2022-08-08 09:00:37
1659949239659199000,76.6,1,76.5,1,76.6,10,1,2022-08-08 09:00:39
1659949239951267000,76.5,1,76.4,10,76.6,10,2,2022-08-08 09:00:39
1659949239951267000,76.4,4,76.4,10,76.6,10,2,2022-08-08 09:00:39
1659949240686890000,76.6,1,76.4,10,76.6,9,1,2022-08-08 09:00:40
1659949240814793000,76.6,8,76.4,10,76.6,1,1,2022-08-08 09:00:40
1659949240844803000,76.6,1,76.4,10,76.7,3,1,2022-08-08 09:00:40
1659949240844803000,76.7,3,76.4,10,76.7,3,1,2022-08-08 09:00:40
1659949241413335000,76.4,1,76.4,9,76.7,3,2,2022-08-08 09:00:41
1659949241803061000,76.4,4,76.4,5,76.5,3,2,2022-08-08 09:00:41
1659949242003554000,76.5,1,76.4,5,76.5,2,1,2022-08-08 09:00:42
1659949242518190000,76.5,2,76.6,1,76.7,3,1,2022-08-08 09:00:42
1659949242551907000,76.6,1,76.4,6,76.7,3,2,2022-08-08 09:00:42
1659949242589526000,76.4,1,76.4,5,76.7,3,2,2022-08-08 09:00:42
1659949243045067000,76.6,1,76.4,5,76.6,5,1,2022-08-08 09:00:43
1659949244149612000,76.4,5,76.3,17,76.6,9,2,2022-08-08 09:00:44
1659949245068549000,76.5,2,76.3,17,76.5,2,1,2022-08-08 09:00:45
1659949245612842000,76.3,5,76.3,12,76.6,9,2,2022-08-08 09:00:45
1659949245844940000,76.5,2,76.3,13,76.5,3,1,2022-08-08 09:00:45
1659949246831000000,76.5,4,76.4,1,76.6,8,1,2022-08-08 09:00:46
1659949246831000000,76.6,1,76.4,1,76.6,8,1,2022-08-08 09:00:46
1659949247463663000,76.4,2,76.3,11,76.6,8,2,2022-08-08 09:00:47
1659949247463663000,76.3,3,76.3,11,76.6,8,2,2022-08-08 09:00:47
1659949247725989000,76.6,1,76.3,11,76.6,7,1,2022-08-08 09:00:47
1659949248820336000,76.4,1,76.3,12,76.5,10,1,2022-08-08 09:00:48
1659949248934183000,76.5,1,76.3,12,76.5,9,1,2022-08-08 09:00:48
1659949249080497000,76.5,1,76.3,12,76.5,8,1,2022-08-08 09:00:49
1659949249128362000,76.5,1,76.3,12,76.5,9,1,2022-08-08 09:00:49
1659949249732481000,76.5,1,76.4,1,76.5,7,1,2022-08-08 09:00:49
1659949249927929000,76.4,1,76.3,12,76.4,4,2,2022-08-08 09:00:49
1659949249989012000,76.4,4,76.3,12,76.5,6,1,2022-08-08 09:00:49
1659949250065983000,76.3,2,76.3,10,76.5,6,2,2022-08-08 09:00:50
1659949251300883000,76.4,5,76.3,10,76.4,15,1,2022-08-08 09:00:51
1659949251300920000,76.3,1,76.3,9,76.4,15,2,2022-08-08 09:00:51
1659949251803081000,76.3,9,76.2,2,76.4,20,2,2022-08-08 09:00:51
1659949251803081000,76.2,1,76.2,2,76.4,20,2,2022-08-08 09:00:51
1659949251845199000,76.4,1,76.2,2,76.4,19,1,2022-08-08 09:00:51
1659949252137457000,76.2,2,76.1,7,76.4,19,2,2022-08-08 09:00:52
1659949252329699000,76.3,1,76.1,7,76.3,4,1,2022-08-08 09:00:52
1659949252341389000,76.3,1,76.1,7,76.3,3,1,2022-08-08 09:00:52
1659949252473535000,76.1,3,76.1,7,76.3,3,2,2022-08-08 09:00:52
1659949253405504000,76.3,8,76.1,4,76.4,17,1,2022-08-08 09:00:53
1659949253405504000,76.4,2,76.1,4,76.4,17,1,2022-08-08 09:00:53
1659949253467981000,76.4,1,76.1,4,76.4,16,1,2022-08-08 09:00:53
1659949253749037000,76.4,6,76.1,4,76.4,16,1,2022-08-08 09:00:53
1659949254096524000,76.4,1,76.3,2,76.4,10,1,2022-08-08 09:00:54
1659949254537653000,76.3,2,76.3,2,76.4,9,2,2022-08-08 09:00:54
1659949255066326000,76.3,2,76.1,4,76.3,6,1,2022-08-08 09:00:55
1659949255170872000,76.3,1,76.1,4,76.3,5,1,2022-08-08 09:00:55
1659949255506141000,76.1,5,76.1,5,76.3,5,2,2022-08-08 09:00:55
1659949255506141000,76.0,1,76.1,5,76.3,5,2,2022-08-08 09:00:55
1659949255768295000,76.0,1,76.0,30,76.3,5,2,2022-08-08 09:00:55
1659949256278450000,76.3,2,76.0,30,76.3,3,1,2022-08-08 09:00:56
1659949257481338000,76.3,3,76.1,11,76.4,11,1,2022-08-08 09:00:57
1659949257798749000,76.4,5,76.1,11,76.4,6,1,2022-08-08 09:00:57
1659949259717542000,76.2,1,76.2,1,76.4,8,2,2022-08-08 09:00:59
1659949259793360000,76.4,8,76.5,4,76.6,4,1,2022-08-08 09:00:59
1659949259793360000,76.5,8,76.5,4,76.6,4,1,2022-08-08 09:00:59
1659949260000292000,76.5,4,76.1,13,76.2,1,2,2022-08-08 09:01:00
1659949260000292000,76.2,1,76.1,13,76.2,1,2,2022-08-08 09:01:00
1659949260034251000,76.2,1,76.1,13,76.6,4,1,2022-08-08 09:01:00
1659949260846547000,76.2,1,76.2,5,76.6,4,2,2022-08-08 09:01:00
1659949261177029000,76.5,1,76.2,10,76.6,2,1,2022-08-08 09:01:01
1659949261177029000,76.6,2,76.2,10,76.6,2,1,2022-08-08 09:01:01
1659949261309893000,76.2,10,76.2,1,76.6,2,2,2022-08-08 09:01:01
1659949262413193000,76.4,1,76.3,1,76.5,5,1,2022-08-08 09:01:02
1659949263243919000,76.3,1,76.2,8,76.5,5,2,2022-08-08 09:01:03
1659949264097102000,76.5,5,76.2,13,76.5,5,1,2022-08-08 09:01:04
1659949264097102000,76.6,1,76.2,13,76.5,5,1,2022-08-08 09:01:04
1659949264662628000,76.6,3,76.2,13,76.7,2,2,2022-08-08 09:01:04
1659949264973999000,76.4,1,76.2,13,76.7,2,1,2022-08-08 09:01:04
1659949265826867000,76.3,1,76.2,13,76.5,1,2,2022-08-08 09:01:05
1659949265826867000,76.2,1,76.2,13,76.5,1,2,2022-08-08 09:01:05
1659949271958164000,76.3,1,76.2,23,76.3,1,2,2022-08-08 09:01:11
1659949271986412000,76.3,1,76.2,23,76.5,6,1,2022-08-08 09:01:11
1659949275374813000,76.3,2,76.3,2,76.4,15,2,2022-08-08 09:01:15
1659949275567767000,76.3,2,76.2,33,76.4,15,2,2022-08-08 09:01:15
1659949275567767000,76.2,3,76.2,33,76.4,15,2,2022-08-08 09:01:15
1659949276576456000,76.3,8,76.3,3,76.4,15,2,2022-08-08 09:01:16
1659949279102890000,76.3,1,76.3,9,76.4,15,2,2022-08-08 09:01:19
1659949279125092000,76.3,1,76.3,8,76.4,15,2,2022-08-08 09:01:19
1659949279247506000,76.3,1,76.3,7,76.4,15,2,2022-08-08 09:01:19
1659949280075504000,76.3,1,76.3,8,76.4,17,2,2022-08-08 09:01:20
1659949280293290000,76.3,2,76.3,5,76.4,17,2,2022-08-08 09:01:20
1659949280724542000,76.3,6,76.3,6,76.4,17,2,2022-08-08 09:01:20
1659949280724542000,76.2,9,76.3,6,76.4,17,2,2022-08-08 09:01:20
1659949281625920000,76.3,1,76.3,1,76.4,17,2,2022-08-08 09:01:21
1659949281625920000,76.2,1,76.3,1,76.4,17,2,2022-08-08 09:01:21
1659949281937828000,76.4,1,76.2,24,76.4,16,1,2022-08-08 09:01:21
1659949282825635000,76.3,1,76.2,5,76.4,16,2,2022-08-08 09:01:22
1659949282825635000,76.2,19,76.2,5,76.4,16,2,2022-08-08 09:01:22
1659949283375336000,76.4,1,76.2,5,76.4,16,1,2022-08-08 09:01:23
1659949284219282000,76.3,1,76.2,5,76.3,6,1,2022-08-08 09:01:24
1659949284422108000,76.2,5,76.1,17,76.3,5,2,2022-08-08 09:01:24
1659949286512245000,76.3,6,76.3,4,76.4,16,1,2022-08-08 09:01:26
1659949286710315000,76.3,1,76.3,4,76.4,16,2,2022-08-08 09:01:26
1659949287108060000,76.4,1,76.3,3,76.4,15,1,2022-08-08 09:01:27
1659949287243602000,76.3,3,76.3,3,76.4,15,2,2022-08-08 09:01:27
1659949287243602000,76.2,7,76.3,3,76.4,15,2,2022-08-08 09:01:27
1659949288400205000,76.2,1,76.2,9,76.4,15,2,2022-08-08 09:01:28
1659949288873449000,76.3,1,76.3,9,76.4,15,2,2022-08-08 09:01:28
1659949290872514000,76.4,1,76.3,10,76.4,14,1,2022-08-08 09:01:30
1659949290964292000,76.3,1,76.3,9,76.4,14,2,2022-08-08 09:01:30
1659949292410754000,76.3,5,76.3,8,76.4,14,2,2022-08-08 09:01:32
1659949292621559000,76.3,5,76.3,3,76.4,14,2,2022-08-08 09:01:32
1659949293370734000,76.3,1,76.3,2,76.4,14,2,2022-08-08 09:01:33
1659949293964472000,76.3,2,76.2,21,76.4,12,2,2022-08-08 09:01:33
1659949294447479000,76.3,1,76.2,21,76.3,7,1,2022-08-08 09:01:34
1659949294482692000,76.3,7,76.2,21,76.4,12,1,2022-08-08 09:01:34
1659949295046289000,76.2,5,76.2,16,76.3,1,2,2022-08-08 09:01:35
1659949295185785000,76.2,1,76.2,15,76.3,1,2,2022-08-08 09:01:35
1659949295530056000,76.3,1,76.2,15,76.4,12,1,2022-08-08 09:01:35
1659949296177611000,76.2,3,76.2,12,76.4,16,2,2022-08-08 09:01:36
1659949296861122000,76.3,3,76.2,13,76.3,7,1,2022-08-08 09:01:36
1659949296861519000,76.2,1,76.2,12,76.3,7,2,2022-08-08 09:01:36
1659949297899225000,76.3,1,76.2,13,76.3,7,1,2022-08-08 09:01:37
1659949299047687000,76.3,1,76.2,13,76.3,7,1,2022-08-08 09:01:39
1659949300618805000,76.2,5,76.2,8,76.3,7,2,2022-08-08 09:01:40
1659949300956146000,76.3,1,76.2,8,76.3,6,1,2022-08-08 09:01:40
1659949301049703000,76.3,1,76.2,8,76.3,5,1,2022-08-08 09:01:41
1659949301202867000,76.3,2,76.2,8,76.3,3,1,2022-08-08 09:01:41
1659949301229856000,76.2,5,76.2,3,76.3,3,2,2022-08-08 09:01:41
1659949301819535000,76.2,2,76.2,2,76.3,3,2,2022-08-08 09:01:41
1659949302063963000,76.3,3,76.2,2,76.4,14,1,2022-08-08 09:01:42
1659949302063963000,76.4,2,76.2,2,76.4,14,1,2022-08-08 09:01:42
1659949303084880000,76.2,2,76.2,4,76.4,14,2,2022-08-08 09:01:43
1659949304790305000,76.3,1,76.3,1,76.4,14,2,2022-08-08 09:01:44
1659949305600546000,76.3,1,76.2,6,76.4,14,2,2022-08-08 09:01:45
1659949306440681000,76.4,1,76.2,6,76.4,13,1,2022-08-08 09:01:46
1659949306614242000,76.4,1,76.2,6,76.4,12,1,2022-08-08 09:01:46
1659949306795837000,76.3,1,76.2,6,76.3,4,1,2022-08-08 09:01:46
1659949308235303000,76.3,1,76.2,17,76.3,4,1,2022-08-08 09:01:48
1659949308356313000,76.3,1,76.2,17,76.3,2,1,2022-08-08 09:01:48
1659949308380666000,76.3,2,76.2,17,76.4,12,1,2022-08-08 09:01:48
1659949310097557000,76.2,14,76.2,6,76.4,12,2,2022-08-08 09:01:50
1659949310646192000,76.2,2,76.2,11,76.4,12,2,2022-08-08 09:01:50
1659949310760722000,76.2,9,76.1,4,76.4,12,2,2022-08-08 09:01:50
1659949310760722000,76.1,17,76.1,4,76.4,12,2,2022-08-08 09:01:50
1659949311944090000,76.2,1,76.0,55,76.4,12,2,2022-08-08 09:01:51
1659949311944090000,76.1,2,76.0,55,76.4,12,2,2022-08-08 09:01:51
1659949311944090000,76.0,2,76.0,55,76.4,12,2,2022-08-08 09:01:51
1659949312193785000,76.3,1,76.0,55,76.4,12,2,2022-08-08 09:01:52
1659949312632250000,76.2,2,76.2,2,76.3,1,2,2022-08-08 09:01:52
1659949312632250000,76.0,3,76.2,2,76.3,1,2,2022-08-08 09:01:52
1659949313407771000,76.2,1,76.0,52,76.3,2,2,2022-08-08 09:01:53
1659949313500636000,76.0,5,76.0,47,76.3,2,2,2022-08-08 09:01:53
1659949315089615000,76.3,2,76.3,8,76.4,12,1,2022-08-08 09:01:55
1659949315140097000,76.3,5,76.3,3,76.4,12,2,2022-08-08 09:01:55
1659949315171604000,76.3,3,76.2,1,76.4,12,2,2022-08-08 09:01:55
1659949315398377000,76.2,1,76.0,47,76.4,12,2,2022-08-08 09:01:55
1659949316630937000,76.0,1,76.0,47,76.4,12,2,2022-08-08 09:01:56
1659949318510371000,76.2,1,76.1,1,76.3,2,2,2022-08-08 09:01:58
1659949320790474000,76.2,1,76.1,1,76.2,4,1,2022-08-08 09:02:00
1659949320793626000,76.2,4,76.1,1,76.3,1,1,2022-08-08 09:02:00
1659949320793626000,76.3,1,76.1,1,76.3,1,1,2022-08-08 09:02:00
1659949321811709000,76.3,2,76.3,8,76.4,12,1,2022-08-08 09:02:01
1659949322504962000,76.3,1,76.3,9,76.4,12,2,2022-08-08 09:02:02
1659949322754773000,76.3,3,76.3,6,76.4,12,2,2022-08-08 09:02:02
1659949322900261000,76.3,5,76.3,1,76.4,12,2,2022-08-08 09:02:02
1659949324208442000,76.3,1,76.2,2,76.4,12,2,2022-08-08 09:02:04
1659949324921814000,76.2,1,76.2,1,76.3,1,2,2022-08-08 09:02:04
1659949325140032000,76.2,1,76.2,7,76.3,1,2,2022-08-08 09:02:05
1659949325954603000,76.3,1,76.2,6,76.4,10,1,2022-08-08 09:02:05
1659949325954603000,76.4,2,76.2,6,76.4,10,1,2022-08-08 09:02:05
1659949325992076000,76.4,10,76.2,6,76.5,2,1,2022-08-08 09:02:05
1659949327498578000,76.3,1,76.3,5,76.5,3,2,2022-08-08 09:02:07
1659949327881893000,76.3,5,76.0,30,76.5,3,2,2022-08-08 09:02:07
1659949327881893000,76.2,8,76.0,30,76.5,3,2,2022-08-08 09:02:07
1659949327881893000,76.1,15,76.0,30,76.5,3,2,2022-08-08 09:02:07
1659949327881893000,76.0,22,76.0,30,76.5,3,2,2022-08-08 09:02:07
1659949327918781000,76.0,1,76.0,29,76.5,3,2,2022-08-08 09:02:07
1659949328166370000,76.0,2,76.0,29,76.5,3,2,2022-08-08 09:02:08
1659949328819544000,76.0,9,76.0,19,76.5,3,2,2022-08-08 09:02:08
1659949331176072000,76.0,2,76.0,22,76.2,1,2,2022-08-08 09:02:11
1659949331215270000,76.0,10,76.0,22,76.2,2,2,2022-08-08 09:02:11
1659949331739340000,76.0,1,76.0,11,76.2,2,2,2022-08-08 09:02:11
1659949332280722000,76.0,2,76.0,9,76.2,2,2,2022-08-08 09:02:12
1659949332369593000,76.2,1,76.0,9,76.2,1,1,2022-08-08 09:02:12
1659949332384478000,76.2,1,76.0,9,76.5,3,1,2022-08-08 09:02:12
1659949332743417000,76.1,1,76.1,5,76.5,2,2,2022-08-08 09:02:12
1659949332774105000,76.1,1,76.1,4,76.5,2,2,2022-08-08 09:02:12
1659949332778506000,76.1,4,76.0,8,76.5,2,2,2022-08-08 09:02:12
1659949332778506000,76.0,1,76.0,8,76.5,2,2,2022-08-08 09:02:12
1659949333209337000,76.2,1,76.2,2,76.4,6,2,2022-08-08 09:02:13
1659949333238777000,76.2,1,76.0,8,76.3,3,2,2022-08-08 09:02:13
1659949333949671000,76.2,1,76.0,8,76.2,2,1,2022-08-08 09:02:13
1659949334150340000,76.0,1,76.0,7,76.2,2,2,2022-08-08 09:02:14
1659949335264869000,76.2,2,76.0,8,76.4,6,1,2022-08-08 09:02:15
1659949336226395000,76.2,1,76.2,3,76.4,6,2,2022-08-08 09:02:16
1659949336533111000,76.2,3,76.0,8,76.2,17,2,2022-08-08 09:02:16
1659949336812912000,76.2,1,76.0,8,76.2,16,1,2022-08-08 09:02:16
1659949337264013000,76.0,1,76.0,7,76.2,16,2,2022-08-08 09:02:17
1659949340545951000,76.1,3,76.0,6,76.2,17,2,2022-08-08 09:02:20
1659949340545951000,76.0,2,76.0,6,76.2,17,2,2022-08-08 09:02:20
1659949340887411000,76.0,5,76.0,2,76.2,17,2,2022-08-08 09:02:20
1659949342980080000,76.0,2,76.0,10,76.1,1,2,2022-08-08 09:02:22
1659949343102528000,76.1,1,76.0,10,76.2,18,1,2022-08-08 09:02:23
1659949343955563000,76.0,1,76.0,11,76.2,18,2,2022-08-08 09:02:23
1659949344390743000,76.0,1,76.0,11,76.2,18,2,2022-08-08 09:02:24
1659949347487346000,76.1,1,76.0,12,76.2,18,1,2022-08-08 09:02:27
1659949347570646000,76.1,6,76.0,12,76.1,6,1,2022-08-08 09:02:27
1659949347851370000,76.0,1,76.0,11,76.2,18,2,2022-08-08 09:02:27
1659949348075828000,76.2,1,76.0,12,76.2,18,1,2022-08-08 09:02:28
1659949348651461000,76.2,17,76.0,16,76.3,2,1,2022-08-08 09:02:28
1659949349589599000,76.1,1,76.1,2,76.3,5,2,2022-08-08 09:02:29
1659949350448129000,76.3,5,76.2,1,76.4,2,1,2022-08-08 09:02:30
1659949352888064000,76.4,2,76.3,4,76.5,4,1,2022-08-08 09:02:32
1659949354644400000,76.5,1,76.3,4,76.5,3,1,2022-08-08 09:02:34
1659949355827774000,76.5,3,76.3,4,76.6,4,1,2022-08-08 09:02:35
1659949356475561000,76.6,1,76.4,1,76.6,4,1,2022-08-08 09:02:36
1659949357001598000,76.4,1,76.3,4,76.4,1,2,2022-08-08 09:02:37
1659949357028966000,76.4,1,76.3,4,76.6,4,1,2022-08-08 09:02:37
1659949360142775000,76.6,3,76.5,2,76.6,3,1,2022-08-08 09:02:40
1659949361535716000,76.5,3,76.3,6,76.4,3,2,2022-08-08 09:02:41
1659949361535716000,76.4,4,76.3,6,76.4,3,2,2022-08-08 09:02:41
1659949361562097000,76.4,3,76.3,6,76.7,3,1,2022-08-08 09:02:41
1659949366901668000,76.6,2,76.6,1,76.7,3,2,2022-08-08 09:02:46
1659949366991299000,76.7,1,76.6,1,76.7,2,1,2022-08-08 09:02:46
1659949367022574000,76.7,2,76.6,1,76.8,13,1,2022-08-08 09:02:47
1659949369273760000,76.7,1,76.7,1,76.8,13,2,2022-08-08 09:02:49
1659949370992602000,76.7,1,76.7,4,76.8,13,2,2022-08-08 09:02:50
1659949371248925000,76.8,10,76.7,3,76.8,3,1,2022-08-08 09:02:51
1659949371255846000,76.7,3,76.6,4,76.8,3,2,2022-08-08 09:02:51
1659949372098433000,76.7,1,76.6,4,76.7,1,1,2022-08-08 09:02:52
1659949372254294000,76.7,1,76.8,1,76.9,15,1,2022-08-08 09:02:52
1659949372254294000,76.8,3,76.8,1,76.9,15,1,2022-08-08 09:02:52
1659949372268203000,76.8,1,76.6,4,76.9,15,2,2022-08-08 09:02:52
1659949378672592000,76.8,2,76.8,3,76.9,16,2,2022-08-08 09:02:58
1659949379497434000,76.8,1,76.8,1,76.9,16,2,2022-08-08 09:02:59
1659949379529714000,76.9,2,76.8,1,76.9,14,1,2022-08-08 09:02:59
1659949380006475000,76.8,1,76.8,10,76.9,14,2,2022-08-08 09:03:00
1659949380096374000,76.8,10,76.7,8,76.9,14,2,2022-08-08 09:03:00
1659949380421078000,76.8,1,76.6,6,76.7,1,2,2022-08-08 09:03:00
1659949380421078000,76.7,8,76.6,6,76.7,1,2,2022-08-08 09:03:00
1659949381055410000,76.7,1,76.6,6,76.9,14,1,2022-08-08 09:03:01
1659949381055410000,76.8,3,76.6,6,76.9,14,1,2022-08-08 09:03:01
1659949382407115000,76.8,1,76.6,6,76.8,4,1,2022-08-08 09:03:02
1659949382888640000,76.8,1,76.7,1,76.8,3,1,2022-08-08 09:03:02
1659949382892126000,76.7,1,76.6,6,76.8,3,2,2022-08-08 09:03:02
1659949382936064000,76.8,1,76.6,6,76.8,2,1,2022-08-08 09:03:02
1659949383345730000,76.6,6,76.5,8,76.6,6,2,2022-08-08 09:03:03
1659949383731861000,76.6,1,76.5,8,76.6,5,1,2022-08-08 09:03:03
1659949383738435000,76.6,5,76.5,8,76.7,1,1,2022-08-08 09:03:03
1659949383990407000,76.7,1,76.7,1,76.8,5,1,2022-08-08 09:03:03
1659949384023214000,76.7,1,76.5,8,76.8,5,2,2022-08-08 09:03:04
1659949385865613000,76.6,1,76.5,8,76.7,5,2,2022-08-08 09:03:05
1659949386163527000,76.5,3,76.5,5,76.7,5,2,2022-08-08 09:03:06
1659949386189906000,76.5,4,76.5,1,76.7,5,2,2022-08-08 09:03:06
1659949386220900000,76.5,1,76.4,8,76.7,5,2,2022-08-08 09:03:06
1659949386903770000,76.7,2,76.4,8,76.7,3,1,2022-08-08 09:03:06
1659949387194671000,76.7,1,76.4,8,76.7,2,1,2022-08-08 09:03:07
1659949387263041000,76.4,1,76.4,7,76.7,2,2,2022-08-08 09:03:07
1659949387483812000,76.7,1,76.4,7,76.7,1,1,2022-08-08 09:03:07
1659949388589179000,76.6,1,76.4,8,76.7,1,2,2022-08-08 09:03:08
1659949388790533000,76.7,1,76.4,9,76.8,5,1,2022-08-08 09:03:08
1659949388790533000,76.8,2,76.4,9,76.8,5,1,2022-08-08 09:03:08
1659949389037402000,76.8,5,76.4,9,76.9,16,1,2022-08-08 09:03:09
1659949393090564000,76.7,2,76.7,2,76.8,9,2,2022-08-08 09:03:13
1659949393256630000,76.6,1,76.5,1,76.8,9,2,2022-08-08 09:03:13
1659949393433363000,76.8,1,76.5,1,76.8,8,1,2022-08-08 09:03:13
1659949394164665000,76.8,1,76.5,2,76.8,7,1,2022-08-08 09:03:14
1659949396017708000,76.7,1,76.5,3,76.8,10,2,2022-08-08 09:03:16
1659949396825045000,76.8,2,76.5,4,76.8,17,1,2022-08-08 09:03:16
1659949397131316000,76.8,1,76.5,4,76.8,18,1,2022-08-08 09:03:17
1659949398602084000,76.8,1,76.6,3,76.8,15,1,2022-08-08 09:03:18
1659949399201216000,76.8,10,76.7,1,76.8,17,1,2022-08-08 09:03:19
1659949399338947000,76.7,1,76.6,3,76.8,7,2,2022-08-08 09:03:19
1659949399577288000,76.7,1,76.6,3,76.7,1,1,2022-08-08 09:03:19
1659949399577288000,76.8,2,76.6,3,76.7,1,1,2022-08-08 09:03:19
1659949403449537000,76.7,1,76.6,6,76.8,18,2,2022-08-08 09:03:23
1659949403573485000,76.7,1,76.7,1,76.8,18,2,2022-08-08 09:03:23
1659949404631597000,76.7,1,76.7,1,76.8,19,2,2022-08-08 09:03:24
1659949405890095000,76.7,1,76.6,6,76.7,4,1,2022-08-08 09:03:25
1659949406850030000,76.7,1,76.6,6,76.7,3,1,2022-08-08 09:03:26
1659949407349808000,76.6,1,76.6,5,76.7,3,2,2022-08-08 09:03:27
1659949407427032000,76.6,1,76.6,4,76.7,3,2,2022-08-08 09:03:27
1659949407617787000,76.7,1,76.6,4,76.7,2,1,2022-08-08 09:03:27
1659949407698952000,76.7,1,76.6,4,76.7,1,1,2022-08-08 09:03:27
1659949409706675000,76.7,1,76.6,4,76.8,31,1,2022-08-08 09:03:29
1659949413097050000,76.7,1,76.6,4,76.7,4,1,2022-08-08 09:03:33
1659949414252678000,76.7,1,76.6,4,76.7,5,1,2022-08-08 09:03:34
1659949414518296000,76.7,1,76.6,4,76.7,4,1,2022-08-08 09:03:34
1659949414535340000,76.6,1,76.6,3,76.7,4,2,2022-08-08 09:03:34
1659949414653751000,76.7,4,76.7,2,76.8,31,1,2022-08-08 09:03:34
1659949417016556000,76.8,3,76.7,4,76.8,28,1,2022-08-08 09:03:37
1659949417479181000,76.8,1,76.7,4,76.8,27,1,2022-08-08 09:03:37
1659949417510029000,76.8,27,76.7,4,76.9,16,1,2022-08-08 09:03:37
1659949418255235000,76.8,3,76.7,4,76.9,16,1,2022-08-08 09:03:38
1659949418614663000,76.9,3,76.7,5,76.9,16,1,2022-08-08 09:03:38
1659949419103571000,76.9,2,76.7,6,76.9,13,1,2022-08-08 09:03:39
1659949419383759000,76.9,5,76.7,6,76.9,6,1,2022-08-08 09:03:39
1659949419410878000,76.9,6,76.7,6,77.0,15,1,2022-08-08 09:03:39
1659949420288921000,77.0,1,76.8,3,77.0,14,1,2022-08-08 09:03:40
1659949421005652000,77.0,1,76.8,3,77.0,13,1,2022-08-08 09:03:41
1659949421260558000,77.0,5,76.8,3,77.0,8,1,2022-08-08 09:03:41
1659949422643113000,77.0,2,76.8,8,77.0,6,1,2022-08-08 09:03:42
1659949422680583000,77.0,4,76.8,8,77.0,2,1,2022-08-08 09:03:42
1659949422681529000,77.0,2,76.8,8,77.1,5,1,2022-08-08 09:03:42
1659949423361332000,77.1,5,76.8,8,77.2,5,1,2022-08-08 09:03:43
1659949426008043000,77.0,12,76.8,8,77.0,6,2,2022-08-08 09:03:46
1659949426268743000,77.0,1,76.8,7,77.0,5,1,2022-08-08 09:03:46
1659949426584160000,77.0,5,76.8,7,77.2,5,1,2022-08-08 09:03:46
1659949427087941000,77.2,1,76.8,7,77.2,4,1,2022-08-08 09:03:47
1659949428158238000,77.0,4,77.0,1,77.1,4,2,2022-08-08 09:03:48
1659949428188808000,77.0,1,76.8,7,77.1,4,2,2022-08-08 09:03:48
1659949428963764000,76.8,6,76.7,12,77.0,2,2,2022-08-08 09:03:48
1659949429071143000,77.0,1,76.7,11,77.0,2,1,2022-08-08 09:03:49
1659949429427302000,76.8,1,76.7,11,77.0,2,2,2022-08-08 09:03:49
1659949429428011000,77.0,2,76.7,11,77.1,28,1,2022-08-08 09:03:49
1659949429523577000,77.1,1,76.8,1,77.0,2,1,2022-08-08 09:03:49
1659949431181052000,76.8,1,76.8,1,77.0,1,2,2022-08-08 09:03:51
1659949431209140000,76.8,1,76.7,11,77.0,1,2,2022-08-08 09:03:51
1659949431781666000,76.9,3,76.9,3,77.0,1,2,2022-08-08 09:03:51
1659949432828386000,76.9,1,76.8,5,77.0,1,2,2022-08-08 09:03:52
1659949433055827000,77.0,1,76.8,5,77.1,27,1,2022-08-08 09:03:53
1659949434146720000,76.9,1,76.9,1,77.1,28,2,2022-08-08 09:03:54
1659949434291325000,76.9,1,76.8,7,77.1,28,2,2022-08-08 09:03:54
1659949435200928000,76.8,7,76.7,11,77.0,10,2,2022-08-08 09:03:55
1659949435788269000,77.0,1,76.7,11,77.0,9,1,2022-08-08 09:03:55
1659949436126817000,76.8,1,76.7,11,76.8,1,1,2022-08-08 09:03:56
1659949436471772000,77.0,1,76.7,11,77.0,8,1,2022-08-08 09:03:56
1659949436472773000,77.0,1,76.7,11,77.0,7,1,2022-08-08 09:03:56
1659949437501171000,77.0,1,76.7,12,77.0,8,1,2022-08-08 09:03:57
1659949438238700000,76.9,1,76.8,1,76.9,3,1,2022-08-08 09:03:58
1659949438933217000,76.9,2,76.8,1,76.9,1,1,2022-08-08 09:03:58
1659949439072436000,76.9,1,76.8,1,76.9,1,1,2022-08-08 09:03:59
1659949439309057000,77.0,13,77.0,2,77.1,28,1,2022-08-08 09:03:59
1659949439337993000,77.0,2,76.8,1,77.1,28,2,2022-08-08 09:03:59
1659949439592909000,77.1,1,76.8,1,77.1,27,1,2022-08-08 09:03:59
1659949441069615000,76.9,1,76.9,1,77.0,1,2,2022-08-08 09:04:01
1659949442257891000,77.0,1,76.8,19,77.0,1,1,2022-08-08 09:04:02
1659949443378392000,76.9,1,76.8,19,76.9,10,1,2022-08-08 09:04:03
1659949443524661000,76.9,1,76.8,19,76.9,9,1,2022-08-08 09:04:03
1659949443808400000,76.9,1,76.8,20,76.9,8,1,2022-08-08 09:04:03
1659949444107613000,76.9,4,76.8,20,76.9,4,1,2022-08-08 09:04:04
1659949444170691000,76.8,1,76.8,19,76.9,4,2,2022-08-08 09:04:04
1659949445922802000,76.9,1,76.8,28,76.9,3,1,2022-08-08 09:04:05
1659949446362176000,76.9,1,76.8,28,76.9,2,1,2022-08-08 09:04:06
1659949447526424000,76.9,1,76.8,29,76.9,1,1,2022-08-08 09:04:07
1659949447625558000,76.8,1,76.8,28,77.0,8,2,2022-08-08 09:04:07
1659949447866705000,77.0,1,76.8,28,77.0,7,1,2022-08-08 09:04:07
1659949447972543000,76.8,1,76.8,27,77.0,7,2,2022-08-08 09:04:07
1659949448185188000,76.9,1,76.9,1,77.0,7,2,2022-08-08 09:04:08
1659949448928962000,77.0,11,76.9,1,77.1,14,1,2022-08-08 09:04:08
1659949448928962000,77.1,9,76.9,1,77.1,14,1,2022-08-08 09:04:08
1659949450402492000,77.1,1,76.9,15,77.1,13,1,2022-08-08 09:04:10
1659949453438949000,77.1,1,77.0,2,77.1,13,1,2022-08-08 09:04:13
1659949453832967000,77.0,2,77.0,2,77.1,13,2,2022-08-08 09:04:13
1659949454308009000,77.1,1,77.0,2,77.1,12,1,2022-08-08 09:04:14
1659949455427682000,77.1,1,77.0,4,77.1,11,1,2022-08-08 09:04:15
1659949457544570000,77.1,2,77.0,7,77.1,9,1,2022-08-08 09:04:17
1659949459396036000,77.0,1,77.0,8,77.1,11,2,2022-08-08 09:04:19
1659949459570513000,77.1,2,77.0,9,77.1,11,1,2022-08-08 09:04:19
1659949460291396000,77.0,5,77.0,3,77.1,9,2,2022-08-08 09:04:20
1659949460317991000,77.1,9,77.1,1,77.2,10,1,2022-08-08 09:04:20
1659949460355733000,77.2,3,77.1,1,77.2,7,1,2022-08-08 09:04:20
1659949460872177000,77.2,7,77.1,1,77.3,7,1,2022-08-08 09:04:20
1659949460872177000,77.3,3,77.1,1,77.3,7,1,2022-08-08 09:04:20
1659949462181816000,77.3,1,77.1,1,77.3,7,1,2022-08-08 09:04:22
1659949462278024000,77.1,1,77.0,7,77.1,9,2,2022-08-08 09:04:22
1659949462285837000,77.1,1,77.0,7,77.1,8,1,2022-08-08 09:04:22
1659949464297917000,77.1,1,77.0,7,77.1,7,1,2022-08-08 09:04:24
1659949464449746000,77.1,1,77.0,7,77.1,6,1,2022-08-08 09:04:24
1659949464675118000,77.1,1,77.0,7,77.1,5,1,2022-08-08 09:04:24
1659949465097965000,77.1,1,77.0,7,77.1,4,1,2022-08-08 09:04:25
1659949466353838000,77.1,1,77.0,7,77.1,3,1,2022-08-08 09:04:26
1659949466402181000,77.1,1,77.0,7,77.1,2,1,2022-08-08 09:04:26
1659949467707490000,77.1,2,77.1,3,77.2,3,1,2022-08-08 09:04:27
1659949467711139000,77.2,1,77.1,3,77.2,2,1,2022-08-08 09:04:27
1659949469985196000,77.2,2,77.1,15,77.3,6,1,2022-08-08 09:04:29
1659949470392653000,77.3,1,77.1,16,77.3,5,1,2022-08-08 09:04:30
1659949470626022000,77.1,1,77.1,15,77.3,5,2,2022-08-08 09:04:30
1659949470649386000,77.3,3,77.1,15,77.3,2,1,2022-08-08 09:04:30
1659949470717650000,77.3,1,77.1,15,77.3,1,1,2022-08-08 09:04:30
1659949470861470000,77.1,1,77.1,14,77.3,1,2,2022-08-08 09:04:30
1659949470893628000,77.3,1,77.1,14,77.4,26,1,2022-08-08 09:04:30
1659949475254588000,77.3,3,77.2,3,77.3,2,2,2022-08-08 09:04:35
1659949475865028000,77.3,2,77.2,4,77.4,26,1,2022-08-08 09:04:35
1659949476043066000,77.4,1,77.2,4,77.4,25,1,2022-08-08 09:04:36
1659949479345765000,77.4,1,77.3,3,77.4,24,1,2022-08-08 09:04:39
1659949479732850000,77.4,1,77.3,3,77.4,23,1,2022-08-08 09:04:39
1659949480482640000,77.3,9,77.2,2,77.3,1,2,2022-08-08 09:04:40
1659949481101402000,77.3,1,77.2,2,77.4,23,1,2022-08-08 09:04:41
1659949483461709000,77.3,2,77.2,5,77.4,24,1,2022-08-08 09:04:43
1659949483629703000,77.4,1,77.2,5,77.4,23,1,2022-08-08 09:04:43
1659949483894422000,77.2,1,77.2,4,77.4,23,2,2022-08-08 09:04:43
1659949483898812000,77.4,1,77.2,4,77.4,22,1,2022-08-08 09:04:43
1659949483972810000,77.4,1,77.2,4,77.4,21,1,2022-08-08 09:04:43
1659949484496183000,77.2,1,77.2,12,77.4,21,2,2022-08-08 09:04:44
1659949485104894000,77.3,1,77.3,1,77.4,21,1,2022-08-08 09:04:45
1659949485486771000,77.3,1,77.2,12,77.4,21,2,2022-08-08 09:04:45
1659949485707618000,77.3,1,77.2,12,77.4,21,2,2022-08-08 09:04:45
1659949486605197000,77.3,3,77.2,12,77.3,7,2,2022-08-08 09:04:46
1659949486669369000,77.3,1,77.3,3,77.4,21,1,2022-08-08 09:04:46
1659949487828560000,77.2,10,77.2,3,77.3,11,2,2022-08-08 09:04:47
1659949487860740000,77.2,3,77.2,5,77.3,11,2,2022-08-08 09:04:47
1659949487892346000,77.2,5,77.1,3,77.3,11,2,2022-08-08 09:04:47
1659949488256360000,77.3,1,77.1,3,77.3,10,1,2022-08-08 09:04:48
1659949489702181000,77.2,1,77.2,1,77.3,11,2,2022-08-08 09:04:49
1659949489926512000,77.3,1,77.1,4,77.3,10,1,2022-08-08 09:04:49
1659949490349162000,77.3,1,77.1,4,77.3,9,1,2022-08-08 09:04:50
1659949491846464000,77.2,1,77.1,4,77.3,11,1,2022-08-08 09:04:51
1659949491876355000,77.1,1,77.1,3,77.3,11,2,2022-08-08 09:04:51
1659949493499255000,77.2,1,77.1,23,77.3,9,1,2022-08-08 09:04:53
1659949493499255000,77.3,2,77.1,23,77.3,9,1,2022-08-08 09:04:53
1659949493873964000,77.1,1,77.1,23,77.2,10,2,2022-08-08 09:04:53
1659949494007391000,77.2,1,77.1,23,77.2,9,1,2022-08-08 09:04:54
1659949494036126000,77.2,1,77.1,23,77.2,8,1,2022-08-08 09:04:54
1659949496770281000,77.2,2,77.1,25,77.2,6,1,2022-08-08 09:04:56
1659949497089044000,77.2,1,77.1,25,77.2,5,1,2022-08-08 09:04:57
1659949497364587000,77.2,2,77.1,25,77.2,3,1,2022-08-08 09:04:57
1659949497464622000,77.1,2,77.1,24,77.2,3,2,2022-08-08 09:04:57
1659949498972530000,77.1,2,77.1,23,77.2,3,2,2022-08-08 09:04:58
1659949500409194000,77.1,12,77.1,12,77.2,3,2,2022-08-08 09:05:00
1659949500429910000,77.1,11,77.1,1,77.2,4,2,2022-08-08 09:05:00
1659949500451070000,77.1,1,77.0,16,77.2,4,2,2022-08-08 09:05:00
1659949500844120000,77.2,4,77.2,8,77.3,14,1,2022-08-08 09:05:00
1659949501030261000,77.2,8,77.0,16,77.3,14,2,2022-08-08 09:05:01
1659949501030261000,77.0,2,77.0,16,77.3,14,2,2022-08-08 09:05:01
1659949501085159000,77.0,1,77.0,15,77.3,14,2,2022-08-08 09:05:01
1659949501288417000,77.0,15,77.2,8,77.3,14,2,2022-08-08 09:05:01
1659949501288417000,76.9,22,77.2,8,77.3,14,2,2022-08-08 09:05:01
1659949501574585000,76.8,5,76.8,23,76.9,13,2,2022-08-08 09:05:01
1659949502272390000,76.9,1,76.8,23,76.9,12,1,2022-08-08 09:05:02
1659949502367997000,76.9,1,76.8,23,76.9,11,1,2022-08-08 09:05:02
1659949504808106000,76.8,8,76.8,14,76.9,11,2,2022-08-08 09:05:04
1659949505045910000,76.8,1,76.8,13,76.9,11,2,2022-08-08 09:05:05
1659949506902222000,76.9,1,76.8,16,76.9,10,1,2022-08-08 09:05:06
1659949507504657000,76.8,5,76.8,11,76.9,11,2,2022-08-08 09:05:07
1659949509106439000,76.8,2,76.8,9,76.9,11,2,2022-08-08 09:05:09
1659949511142208000,76.8,1,76.8,10,76.9,1,2,2022-08-08 09:05:11
1659949511218003000,76.8,5,76.8,5,76.9,1,2,2022-08-08 09:05:11
1659949512559625000,76.9,1,76.8,5,77.1,9,1,2022-08-08 09:05:12
1659949512738527000,76.8,1,76.8,5,77.1,6,2,2022-08-08 09:05:12
1659949512769045000,76.8,1,76.8,6,77.1,6,2,2022-08-08 09:05:12
1659949513224042000,76.8,2,76.8,2,77.1,6,2,2022-08-08 09:05:13
1659949513956132000,76.8,4,76.7,14,76.8,1,2,2022-08-08 09:05:13
1659949515220683000,76.7,11,76.7,2,76.8,3,2,2022-08-08 09:05:15
1659949515389238000,76.8,2,76.7,2,76.8,1,1,2022-08-08 09:05:15
1659949515456239000,76.7,1,76.7,1,76.8,1,2,2022-08-08 09:05:15
1659949516704685000,76.7,1,76.6,7,76.8,1,2,2022-08-08 09:05:16
1659949518622869000,76.8,1,76.7,1,77.1,7,1,2022-08-08 09:05:18
1659949522339981000,76.7,1,76.7,4,77.0,6,2,2022-08-08 09:05:22
1659949528836457000,77.0,3,76.8,13,77.0,6,1,2022-08-08 09:05:28
1659949531274287000,76.9,1,76.8,14,77.0,3,2,2022-08-08 09:05:31
1659949532746113000,77.0,3,76.9,5,77.1,8,1,2022-08-08 09:05:32
1659949533371848000,77.0,1,76.9,5,77.1,7,2,2022-08-08 09:05:33
1659949534173805000,77.0,1,76.9,5,77.1,7,1,2022-08-08 09:05:34
1659949534572540000,77.0,1,76.9,5,77.1,1,2,2022-08-08 09:05:34
1659949535550398000,77.1,1,77.0,3,77.2,2,1,2022-08-08 09:05:35
1659949535847682000,77.2,1,77.0,3,77.2,2,1,2022-08-08 09:05:35
1659949535970662000,77.0,2,77.0,1,77.2,1,2,2022-08-08 09:05:35
1659949539497453000,77.0,1,77.0,2,77.2,1,2,2022-08-08 09:05:39
1659949539994278000,77.2,1,77.0,2,77.2,1,1,2022-08-08 09:05:39
1659949541058741000,77.0,3,76.9,7,77.0,7,2,2022-08-08 09:05:41
1659949542249415000,76.9,1,76.9,5,77.0,7,2,2022-08-08 09:05:42
1659949542621035000,77.0,1,76.9,10,77.0,6,1,2022-08-08 09:05:42
1659949545409013000,77.0,1,76.9,10,77.0,5,1,2022-08-08 09:05:45
1659949545421313000,76.9,2,76.9,8,77.0,5,2,2022-08-08 09:05:45
1659949546011629000,77.0,1,76.9,8,77.0,4,1,2022-08-08 09:05:46
1659949547818500000,76.9,7,76.7,14,77.0,4,2,2022-08-08 09:05:47
1659949547818500000,76.8,18,76.7,14,77.0,4,2,2022-08-08 09:05:47
1659949548640014000,77.0,1,76.7,14,77.0,4,1,2022-08-08 09:05:48
1659949552421771000,76.9,1,76.8,1,76.9,9,1,2022-08-08 09:05:52
1659949553852082000,76.9,1,76.8,1,76.9,8,1,2022-08-08 09:05:53
1659949557403749000,76.9,3,76.8,6,76.9,5,1,2022-08-08 09:05:57
1659949562901252000,76.8,3,76.8,5,76.9,7,2,2022-08-08 09:06:02
1659949563070657000,76.8,2,76.8,3,76.9,7,2,2022-08-08 09:06:03
1659949563387395000,76.9,2,76.8,3,76.9,5,1,2022-08-08 09:06:03
1659949565116615000,76.9,5,76.8,4,76.9,1,1,2022-08-08 09:06:05
1659949565513428000,76.8,1,76.8,4,76.9,1,2,2022-08-08 09:06:05
1659949565548136000,76.9,1,76.8,4,77.0,10,1,2022-08-08 09:06:05
1659949565548136000,77.0,1,76.8,4,77.0,10,1,2022-08-08 09:06:05
1659949566184397000,77.0,10,76.8,4,77.1,7,1,2022-08-08 09:06:06
1659949568306976000,76.9,6,76.7,13,77.1,7,2,2022-08-08 09:06:08
1659949568306976000,76.8,4,76.7,13,77.1,7,2,2022-08-08 09:06:08
1659949572634868000,76.9,1,76.9,7,77.0,2,2,2022-08-08 09:06:12
1659949573170057000,77.0,2,76.9,6,77.1,7,1,2022-08-08 09:06:13
1659949575234334000,76.9,1,76.9,6,77.0,1,2,2022-08-08 09:06:15
1659949577359058000,76.9,1,76.9,5,77.0,1,2,2022-08-08 09:06:17
1659949577830158000,77.0,1,76.9,6,77.0,1,1,2022-08-08 09:06:17
1659949578792032000,76.9,1,76.9,6,77.0,2,2,2022-08-08 09:06:18
1659949578991203000,77.0,1,76.9,5,77.0,1,1,2022-08-08 09:06:18
1659949580270736000,77.0,1,76.9,6,77.0,1,1,2022-08-08 09:06:20
1659949580290440000,77.0,1,76.9,6,77.1,4,1,2022-08-08 09:06:20
1659949580290440000,77.1,3,76.9,6,77.1,4,1,2022-08-08 09:06:20
1659949583018061000,77.0,2,76.9,10,77.1,4,1,2022-08-08 09:06:23
1659949583379066000,77.1,1,76.9,10,77.1,4,1,2022-08-08 09:06:23
1659949584290446000,77.0,1,76.9,1,77.1,4,2,2022-08-08 09:06:24
1659949584290446000,76.9,9,76.9,1,77.1,4,2,2022-08-08 09:06:24
1659949585750754000,77.0,1,77.0,1,77.1,6,2,2022-08-08 09:06:25
1659949585844311000,77.0,1,77.0,1,77.1,5,2,2022-08-08 09:06:25
1659949586404770000,76.9,2,76.8,7,76.9,8,2,2022-08-08 09:06:26
1659949587030377000,76.9,1,76.8,7,76.9,7,1,2022-08-08 09:06:27
1659949587408013000,76.9,1,76.8,7,76.9,6,1,2022-08-08 09:06:27
1659949591273151000,76.9,5,76.8,7,76.9,1,1,2022-08-08 09:06:31
1659949591307772000,76.9,1,76.8,8,77.0,1,1,2022-08-08 09:06:31
1659949594273191000,77.0,1,76.9,8,77.0,2,1,2022-08-08 09:06:34
1659949594698382000,77.0,1,76.9,8,77.0,1,1,2022-08-08 09:06:34
1659949597206061000,77.1,2,77.0,14,77.1,3,1,2022-08-08 09:06:37
1659949597775858000,77.0,1,77.0,13,77.1,3,2,2022-08-08 09:06:37
1659949600817308000,77.1,3,77.1,1,77.2,11,1,2022-08-08 09:06:40
1659949601281060000,77.1,1,77.0,18,77.2,11,2,2022-08-08 09:06:41
1659949604898405000,77.2,5,77.1,2,77.2,6,1,2022-08-08 09:06:44
1659949607295391000,77.2,5,77.1,5,77.2,1,1,2022-08-08 09:06:47
1659949607329362000,77.2,1,77.1,5,77.3,14,1,2022-08-08 09:06:47
1659949607748215000,77.3,1,77.1,6,77.3,13,1,2022-08-08 09:06:47
1659949610059809000,77.3,5,77.1,7,77.3,8,1,2022-08-08 09:06:50
1659949611806441000,77.3,1,77.1,7,77.3,8,1,2022-08-08 09:06:51
1659949612554831000,77.3,1,77.1,11,77.3,7,1,2022-08-08 09:06:52
1659949614424540000,77.3,1,77.1,24,77.3,6,1,2022-08-08 09:06:54
1659949614488074000,77.3,1,77.1,24,77.3,5,1,2022-08-08 09:06:54
1659949615021721000,77.3,1,77.1,24,77.3,4,1,2022-08-08 09:06:55
1659949615533989000,77.3,1,77.1,14,77.3,3,1,2022-08-08 09:06:55
1659949615635961000,77.3,1,77.1,14,77.3,2,1,2022-08-08 09:06:55
1659949615919851000,77.3,2,77.3,2,77.4,18,1,2022-08-08 09:06:55
1659949617102918000,77.3,2,77.3,5,77.4,18,2,2022-08-08 09:06:57
1659949619891306000,77.3,2,77.3,3,77.4,18,2,2022-08-08 09:06:59
1659949620914848000,77.3,1,77.3,3,77.4,18,2,2022-08-08 09:07:00
1659949626837028000,77.4,1,77.3,14,77.4,17,1,2022-08-08 09:07:06
1659949627285891000,77.4,1,77.3,15,77.4,16,1,2022-08-08 09:07:07
1659949627663769000,77.4,1,77.3,15,77.4,15,1,2022-08-08 09:07:07
1659949628505258000,77.3,2,77.3,13,77.4,15,2,2022-08-08 09:07:08
1659949629157986000,77.4,10,77.3,13,77.4,5,1,2022-08-08 09:07:09
1659949629939881000,77.3,1,77.3,12,77.4,7,2,2022-08-08 09:07:09
1659949629963428000,77.4,1,77.3,12,77.4,6,1,2022-08-08 09:07:09
1659949630177199000,77.3,1,77.3,11,77.4,6,2,2022-08-08 09:07:10
1659949630194752000,77.4,1,77.3,11,77.4,5,1,2022-08-08 09:07:10
1659949630678389000,77.4,1,77.3,12,77.4,4,1,2022-08-08 09:07:10
1659949630715988000,77.4,1,77.3,12,77.4,3,1,2022-08-08 09:07:10
1659949631331520000,77.4,3,77.3,12,77.5,15,1,2022-08-08 09:07:11
1659949632949612000,77.4,1,77.3,12,77.4,4,2,2022-08-08 09:07:12
1659949633226326000,77.3,12,77.2,11,77.4,5,2,2022-08-08 09:07:13
1659949634115768000,77.3,1,77.2,10,77.4,7,1,2022-08-08 09:07:14
1659949634155431000,77.2,10,77.1,12,77.4,7,2,2022-08-08 09:07:14
1659949634759923000,77.4,2,77.1,10,77.4,5,1,2022-08-08 09:07:14
1659949634893601000,77.3,1,77.3,1,77.4,5,2,2022-08-08 09:07:14
1659949635936367000,77.3,1,77.1,10,77.4,4,1,2022-08-08 09:07:15
1659949635936367000,77.4,2,77.1,10,77.4,4,1,2022-08-08 09:07:15
1659949637994695000,77.4,5,77.2,10,77.4,1,1,2022-08-08 09:07:17
1659949638334548000,77.4,1,77.3,1,77.4,6,1,2022-08-08 09:07:18
1659949639409236000,77.4,1,77.3,6,77.4,5,1,2022-08-08 09:07:19
1659949640237654000,77.4,1,77.3,7,77.4,3,1,2022-08-08 09:07:20
1659949640366901000,77.4,1,77.3,7,77.4,3,1,2022-08-08 09:07:20
1659949641448239000,77.4,1,77.3,8,77.4,3,1,2022-08-08 09:07:21
1659949642330408000,77.3,2,77.3,7,77.4,4,2,2022-08-08 09:07:22
1659949645081942000,77.4,1,77.3,9,77.4,4,1,2022-08-08 09:07:25
1659949645530573000,77.4,1,77.3,9,77.4,3,1,2022-08-08 09:07:25
1659949646014093000,77.3,1,77.3,8,77.4,3,2,2022-08-08 09:07:26
1659949647165254000,77.4,2,77.3,8,77.4,1,1,2022-08-08 09:07:27
1659949647707416000,77.4,1,77.4,2,77.5,15,1,2022-08-08 09:07:27
1659949648871667000,77.4,5,77.3,8,77.4,5,2,2022-08-08 09:07:28
1659949650552356000,77.4,1,77.3,9,77.4,5,1,2022-08-08 09:07:30
1659949652041072000,77.4,1,77.3,8,77.4,5,1,2022-08-08 09:07:32
1659949652213358000,77.3,8,77.1,12,77.4,5,2,2022-08-08 09:07:32
1659949652213358000,77.2,12,77.1,12,77.4,5,2,2022-08-08 09:07:32
1659949652763746000,77.3,2,77.1,12,77.4,6,1,2022-08-08 09:07:32
1659949652763746000,77.4,3,77.1,12,77.4,6,1,2022-08-08 09:07:32
1659949652795700000,77.4,1,77.1,12,77.4,5,1,2022-08-08 09:07:32
1659949656004713000,77.3,1,77.1,16,77.3,2,2,2022-08-08 09:07:36
1659949657862074000,77.3,2,77.1,16,77.4,4,1,2022-08-08 09:07:37
1659949657862074000,77.4,4,77.1,16,77.4,4,1,2022-08-08 09:07:37
1659949658291515000,77.4,2,77.1,16,77.4,2,1,2022-08-08 09:07:38
1659949660455478000,77.4,1,77.1,16,77.4,1,1,2022-08-08 09:07:40
1659949661968836000,77.4,1,77.3,3,77.5,15,1,2022-08-08 09:07:41
1659949662824757000,77.3,1,77.3,2,77.4,1,2,2022-08-08 09:07:42
1659949662857610000,77.3,2,77.2,1,77.4,1,2,2022-08-08 09:07:42
1659949664189778000,77.3,3,77.2,1,77.4,1,2,2022-08-08 09:07:44
1659949664189778000,77.2,1,77.2,1,77.4,1,2,2022-08-08 09:07:44
1659949664422134000,77.4,1,77.2,1,77.4,1,1,2022-08-08 09:07:44
1659949664839957000,77.5,2,77.4,9,77.5,14,1,2022-08-08 09:07:44
1659949667273039000,77.5,10,77.4,11,77.5,2,1,2022-08-08 09:07:47
1659949667797374000,77.5,2,77.4,11,77.6,55,1,2022-08-08 09:07:47
1659949667797374000,77.6,1,77.4,11,77.6,55,1,2022-08-08 09:07:47
1659949667836721000,77.4,1,77.4,10,77.6,55,2,2022-08-08 09:07:47
1659949670822275000,77.5,1,77.4,10,77.5,3,2,2022-08-08 09:07:50
1659949670947224000,77.5,3,77.4,11,77.6,48,1,2022-08-08 09:07:50
1659949670947224000,77.6,7,77.4,11,77.6,48,1,2022-08-08 09:07:50
1659949673171081000,77.5,1,77.5,5,77.6,48,2,2022-08-08 09:07:53
1659949673479127000,77.5,1,77.5,4,77.6,48,2,2022-08-08 09:07:53
1659949674251186000,77.5,2,77.5,2,77.6,48,2,2022-08-08 09:07:54
1659949675640915000,77.5,1,77.5,3,77.6,49,2,2022-08-08 09:07:55
1659949676065469000,77.5,4,77.5,5,77.6,49,2,2022-08-08 09:07:56
1659949678290683000,77.6,1,77.5,11,77.6,48,1,2022-08-08 09:07:58
1659949678625792000,77.6,1,77.5,11,77.6,47,1,2022-08-08 09:07:58
1659949679491399000,77.5,1,77.5,12,77.6,47,2,2022-08-08 09:07:59
1659949682798779000,77.5,2,77.5,29,77.6,50,2,2022-08-08 09:08:02
1659949683226869000,77.5,1,77.5,28,77.6,50,2,2022-08-08 09:08:03
1659949683556725000,77.5,10,77.5,18,77.6,50,2,2022-08-08 09:08:03
1659949684258462000,77.5,1,77.5,18,77.6,50,2,2022-08-08 09:08:04
1659949684968078000,77.5,3,77.5,20,77.6,50,2,2022-08-08 09:08:04
1659949688782911000,77.5,1,77.5,19,77.6,49,2,2022-08-08 09:08:08
1659949689238896000,77.5,1,77.5,17,77.6,49,2,2022-08-08 09:08:09
1659949689563395000,77.5,10,77.5,6,77.6,49,2,2022-08-08 09:08:09
1659949690645767000,77.5,1,77.5,5,77.6,49,2,2022-08-08 09:08:10
1659949691244695000,77.5,2,77.5,4,77.6,49,2,2022-08-08 09:08:11
1659949691375472000,77.5,1,77.5,3,77.6,49,2,2022-08-08 09:08:11
1659949692118506000,77.5,3,77.5,1,77.6,49,2,2022-08-08 09:08:12
1659949693044214000,77.5,1,77.4,38,77.6,49,2,2022-08-08 09:08:13
1659949693567893000,77.4,2,77.4,36,77.5,2,2,2022-08-08 09:08:13
1659949693674526000,77.5,1,77.4,36,77.5,2,1,2022-08-08 09:08:13
1659949694662754000,77.5,1,77.4,36,77.5,1,1,2022-08-08 09:08:14
1659949696354246000,77.5,1,77.4,36,77.5,1,1,2022-08-08 09:08:16
1659949696525282000,77.5,1,77.4,36,77.6,49,1,2022-08-08 09:08:16
1659949697556820000,77.5,1,77.4,36,77.6,49,2,2022-08-08 09:08:17
1659949697983266000,77.6,20,77.5,2,77.6,29,1,2022-08-08 09:08:17
1659949698997542000,77.6,3,77.5,2,77.6,25,1,2022-08-08 09:08:18
1659949699067354000,77.5,1,77.5,2,77.6,25,2,2022-08-08 09:08:19
1659949699448968000,77.6,10,77.5,3,77.6,15,1,2022-08-08 09:08:19
1659949699480478000,77.6,15,77.5,3,77.6,25,1,2022-08-08 09:08:19
1659949700433033000,77.6,1,77.6,3,77.7,15,2,2022-08-08 09:08:20
1659949702317808000,77.6,1,77.6,7,77.7,15,2,2022-08-08 09:08:22
1659949702965047000,77.7,1,77.6,6,77.7,15,1,2022-08-08 09:08:22
1659949703279214000,77.6,1,77.6,6,77.7,14,2,2022-08-08 09:08:23
1659949703712592000,77.7,1,77.6,5,77.7,13,1,2022-08-08 09:08:23
1659949704480656000,77.7,1,77.6,5,77.7,12,1,2022-08-08 09:08:24
1659949704481091000,77.6,2,77.6,3,77.7,12,2,2022-08-08 09:08:24
1659949704537445000,77.7,3,77.6,3,77.7,9,1,2022-08-08 09:08:24
1659949705669420000,77.7,4,77.6,9,77.7,5,1,2022-08-08 09:08:25
1659949705710082000,77.7,2,77.6,9,77.7,3,1,2022-08-08 09:08:25
1659949705982263000,77.7,3,77.6,10,77.7,3,1,2022-08-08 09:08:25
1659949705982263000,77.8,2,77.6,10,77.7,3,1,2022-08-08 09:08:25
1659949706166799000,77.7,1,77.7,1,77.8,34,2,2022-08-08 09:08:26
1659949706608609000,77.8,1,77.7,1,77.8,33,1,2022-08-08 09:08:26
1659949706908106000,77.8,5,77.7,3,77.8,33,1,2022-08-08 09:08:26
1659949707797315000,77.8,5,77.7,6,77.8,28,1,2022-08-08 09:08:27
1659949709091190000,77.8,1,77.7,7,77.8,22,1,2022-08-08 09:08:29
1659949709748640000,77.7,1,77.7,6,77.8,22,2,2022-08-08 09:08:29
1659949710569277000,77.8,2,77.7,17,77.8,20,1,2022-08-08 09:08:30
1659949710938824000,77.8,1,77.7,18,77.8,20,1,2022-08-08 09:08:30
1659949711100176000,77.8,1,77.7,18,77.8,18,1,2022-08-08 09:08:31
1659949711651341000,77.8,1,77.7,20,77.8,18,1,2022-08-08 09:08:31
1659949711655818000,77.8,2,77.7,20,77.8,16,1,2022-08-08 09:08:31
1659949712381820000,77.8,2,77.7,21,77.8,14,1,2022-08-08 09:08:32
1659949712401333000,77.8,2,77.7,21,77.8,12,1,2022-08-08 09:08:32
1659949712715350000,77.8,1,77.7,21,77.8,11,1,2022-08-08 09:08:32
1659949713547367000,77.8,5,77.7,22,77.8,6,1,2022-08-08 09:08:33
1659949713800362000,77.8,1,77.7,22,77.8,5,1,2022-08-08 09:08:33
1659949713818227000,77.8,2,77.7,23,77.8,3,1,2022-08-08 09:08:33
1659949713828679000,77.8,3,77.8,9,77.9,54,1,2022-08-08 09:08:33
1659949714268247000,77.9,1,77.8,14,77.9,53,1,2022-08-08 09:08:34
1659949714375391000,77.9,1,77.8,14,77.9,52,1,2022-08-08 09:08:34
1659949714399355000,77.9,1,77.8,14,77.9,51,1,2022-08-08 09:08:34
1659949714574687000,77.9,1,77.8,16,77.9,50,1,2022-08-08 09:08:34
1659949715744872000,77.8,2,77.8,23,77.9,50,2,2022-08-08 09:08:35
1659949715955370000,77.9,1,77.8,25,77.9,50,1,2022-08-08 09:08:35
1659949718177138000,77.8,3,77.8,38,77.9,49,2,2022-08-08 09:08:38
1659949718316370000,77.9,2,77.8,38,77.9,47,1,2022-08-08 09:08:38
1659949718348323000,77.9,1,77.8,38,77.9,46,1,2022-08-08 09:08:38
1659949718940609000,77.9,1,77.8,43,77.9,50,1,2022-08-08 09:08:38
1659949719447494000,77.9,10,77.8,43,77.9,39,1,2022-08-08 09:08:39
1659949720150504000,77.9,5,77.8,48,77.9,35,1,2022-08-08 09:08:40
1659949720451537000,77.9,1,77.8,51,77.9,35,1,2022-08-08 09:08:40
1659949721597491000,77.9,2,77.8,51,77.9,32,1,2022-08-08 09:08:41
1659949721610966000,77.9,2,77.8,51,77.9,30,1,2022-08-08 09:08:41
1659949721889896000,77.9,1,77.8,51,77.9,29,1,2022-08-08 09:08:41
1659949721992680000,77.9,1,77.8,51,77.9,28,1,2022-08-08 09:08:41
1659949722571833000,77.9,2,77.8,49,77.9,27,1,2022-08-08 09:08:42
1659949722730801000,77.9,3,77.8,49,77.9,24,1,2022-08-08 09:08:42
1659949722756313000,77.9,1,77.8,49,77.9,23,1,2022-08-08 09:08:42
1659949722930750000,77.9,2,77.8,49,77.9,21,1,2022-08-08 09:08:42
1659949723192634000,77.9,1,77.8,49,77.9,20,1,2022-08-08 09:08:43
1659949723494360000,77.9,1,77.8,50,77.9,20,1,2022-08-08 09:08:43
1659949723565521000,77.9,1,77.8,50,77.9,18,1,2022-08-08 09:08:43
1659949723590515000,77.9,18,77.9,2,78.0,48,1,2022-08-08 09:08:43
1659949725649061000,77.9,1,77.9,11,78.0,48,2,2022-08-08 09:08:45
1659949725672831000,77.9,11,77.8,52,78.0,48,2,2022-08-08 09:08:45
1659949726146228000,77.9,1,77.8,52,78.0,48,2,2022-08-08 09:08:46
1659949726208711000,78.0,2,77.8,52,78.0,46,1,2022-08-08 09:08:46
1659949726355204000,77.9,1,77.9,1,78.0,46,2,2022-08-08 09:08:46
1659949727113788000,77.9,1,77.9,1,78.0,46,2,2022-08-08 09:08:47
1659949727146030000,77.9,1,77.8,53,78.0,46,2,2022-08-08 09:08:47
1659949727323753000,78.0,2,77.9,1,78.0,44,1,2022-08-08 09:08:47
1659949727355064000,77.9,1,77.9,1,78.0,46,2,2022-08-08 09:08:47
1659949727603328000,77.9,1,77.9,2,78.0,44,2,2022-08-08 09:08:47
1659949727614661000,78.0,26,77.9,2,78.0,18,1,2022-08-08 09:08:47
1659949727631893000,77.9,2,77.8,53,78.0,18,2,2022-08-08 09:08:47
1659949728334549000,78.0,1,77.9,3,78.0,18,1,2022-08-08 09:08:48
1659949728351448000,78.0,2,77.9,3,78.0,19,1,2022-08-08 09:08:48
1659949728851430000,78.0,5,77.9,3,78.0,16,1,2022-08-08 09:08:48
1659949729591391000,78.0,1,77.9,4,78.0,10,1,2022-08-08 09:08:49
1659949729599555000,77.9,1,77.9,3,78.0,10,2,2022-08-08 09:08:49
1659949729631636000,78.0,10,77.9,3,78.1,24,1,2022-08-08 09:08:49
1659949730470182000,77.9,1,77.9,5,78.1,24,2,2022-08-08 09:08:50
1659949730886663000,78.0,6,78.0,6,78.1,24,2,2022-08-08 09:08:50
1659949731236019000,77.9,1,77.9,5,78.1,24,2,2022-08-08 09:08:51
1659949731312171000,78.0,1,77.9,5,78.1,23,1,2022-08-08 09:08:51
1659949731312171000,78.1,1,77.9,5,78.1,23,1,2022-08-08 09:08:51
1659949731355632000,78.1,1,77.9,17,78.1,22,1,2022-08-08 09:08:51
1659949731744211000,77.9,1,77.9,22,78.1,22,2,2022-08-08 09:08:51
1659949732222905000,78.1,10,77.9,23,78.1,12,1,2022-08-08 09:08:52
1659949732508200000,78.1,2,77.9,24,78.1,10,1,2022-08-08 09:08:52
1659949732802813000,77.9,5,77.9,20,78.0,1,2,2022-08-08 09:08:52
1659949732832724000,78.0,1,77.9,20,78.1,10,1,2022-08-08 09:08:52
1659949734299022000,78.1,2,78.0,1,78.1,8,1,2022-08-08 09:08:54
1659949735603434000,78.1,5,78.0,4,78.1,3,1,2022-08-08 09:08:55
1659949736820550000,78.1,3,78.0,8,78.2,35,1,2022-08-08 09:08:56
1659949736820550000,78.2,1,78.0,8,78.2,35,1,2022-08-08 09:08:56
1659949736845720000,78.2,1,78.0,8,78.2,34,1,2022-08-08 09:08:56
1659949737015049000,78.2,1,78.0,8,78.2,34,1,2022-08-08 09:08:57
1659949737128872000,78.0,1,78.0,7,78.2,34,2,2022-08-08 09:08:57
1659949738163243000,78.2,1,78.1,1,78.2,33,1,2022-08-08 09:08:58
1659949738237499000,78.2,2,78.1,1,78.2,30,1,2022-08-08 09:08:58
1659949738793352000,78.1,1,78.1,5,78.2,30,2,2022-08-08 09:08:58
1659949738930702000,78.1,1,78.1,4,78.2,30,2,2022-08-08 09:08:58
1659949739113746000,78.1,1,78.1,5,78.2,30,2,2022-08-08 09:08:59
1659949739707769000,78.2,1,78.1,12,78.2,30,1,2022-08-08 09:08:59
1659949739859924000,78.2,1,78.1,12,78.2,29,1,2022-08-08 09:08:59
1659949740243422000,78.2,3,78.1,12,78.2,26,1,2022-08-08 09:09:00
1659949740561079000,78.1,1,78.1,11,78.2,26,2,2022-08-08 09:09:00
1659949740707328000,78.1,2,78.1,9,78.2,26,2,2022-08-08 09:09:00
1659949740730025000,78.1,2,78.1,7,78.2,26,2,2022-08-08 09:09:00
1659949741125189000,78.2,10,78.1,7,78.2,17,1,2022-08-08 09:09:01
1659949741138566000,78.2,1,78.1,7,78.2,16,1,2022-08-08 09:09:01
1659949741434992000,78.2,1,78.1,7,78.2,15,1,2022-08-08 09:09:01
1659949741911157000,78.2,1,78.1,9,78.2,14,1,2022-08-08 09:09:01
1659949741959956000,78.2,1,78.1,9,78.2,14,1,2022-08-08 09:09:01
1659949743399763000,78.2,1,78.1,12,78.2,12,1,2022-08-08 09:09:03
1659949743500590000,78.2,1,78.1,12,78.2,11,1,2022-08-08 09:09:03
1659949743620767000,78.2,1,78.1,12,78.2,10,1,2022-08-08 09:09:03
1659949743663962000,78.2,2,78.1,12,78.2,8,1,2022-08-08 09:09:03
1659949743780869000,78.2,1,78.1,12,78.2,7,1,2022-08-08 09:09:03
1659949743792119000,78.2,1,78.1,12,78.2,6,1,2022-08-08 09:09:03
1659949743829943000,78.2,3,78.1,12,78.2,7,1,2022-08-08 09:09:03
1659949744712150000,78.1,1,78.1,11,78.2,5,2,2022-08-08 09:09:04
1659949744746612000,78.2,2,78.1,11,78.2,3,1,2022-08-08 09:09:04
1659949745001524000,78.2,2,78.1,13,78.2,3,1,2022-08-08 09:09:05
1659949745058062000,78.2,1,78.1,13,78.3,22,1,2022-08-08 09:09:05
1659949746086178000,78.3,2,78.2,6,78.3,20,1,2022-08-08 09:09:06
1659949746194246000,78.2,2,78.2,4,78.3,20,2,2022-08-08 09:09:06
1659949746398719000,78.3,1,78.2,9,78.3,19,1,2022-08-08 09:09:06
1659949746856402000,78.2,1,78.2,11,78.3,19,2,2022-08-08 09:09:06
1659949746998216000,78.3,1,78.2,11,78.3,19,1,2022-08-08 09:09:06
1659949747392158000,78.3,10,78.2,11,78.3,8,1,2022-08-08 09:09:07
1659949747777316000,78.2,4,78.2,12,78.3,8,2,2022-08-08 09:09:07
1659949747926485000,78.3,1,78.2,13,78.3,8,1,2022-08-08 09:09:07
1659949749319598000,78.3,2,78.2,27,78.3,15,1,2022-08-08 09:09:09
1659949749332309000,78.3,1,78.2,27,78.3,14,1,2022-08-08 09:09:09
1659949749612952000,78.3,1,78.2,33,78.3,13,1,2022-08-08 09:09:09
1659949749721094000,78.3,1,78.2,33,78.3,12,1,2022-08-08 09:09:09
1659949749788573000,78.3,1,78.2,34,78.3,12,1,2022-08-08 09:09:09
1659949749961827000,78.3,1,78.2,34,78.3,11,1,2022-08-08 09:09:09
1659949750730344000,78.3,1,78.2,35,78.3,10,1,2022-08-08 09:09:10
1659949750973045000,78.3,5,78.2,36,78.3,5,1,2022-08-08 09:09:10
1659949751394819000,78.3,2,78.2,40,78.3,4,1,2022-08-08 09:09:11
1659949751417941000,78.3,4,78.3,6,78.4,36,1,2022-08-08 09:09:11
1659949751418173000,78.3,5,78.3,1,78.4,36,2,2022-08-08 09:09:11
1659949751759266000,78.4,1,78.3,5,78.4,35,1,2022-08-08 09:09:11
1659949752297472000,78.4,20,78.3,5,78.4,15,1,2022-08-08 09:09:12
1659949752413323000,78.4,12,78.3,7,78.4,3,1,2022-08-08 09:09:12
1659949752638996000,78.4,3,78.3,17,78.5,13,1,2022-08-08 09:09:12
1659949752638996000,78.5,11,78.3,17,78.5,13,1,2022-08-08 09:09:12
1659949752745750000,78.5,5,78.3,17,78.5,9,1,2022-08-08 09:09:12
1659949753005244000,78.5,1,78.3,17,78.5,14,1,2022-08-08 09:09:13
1659949753500238000,78.3,1,78.3,21,78.5,8,2,2022-08-08 09:09:13
1659949753651494000,78.5,1,78.3,20,78.5,7,1,2022-08-08 09:09:13
1659949753676597000,78.5,1,78.3,20,78.5,6,1,2022-08-08 09:09:13
1659949754867795000,78.5,1,78.4,3,78.5,15,1,2022-08-08 09:09:14
1659949755465656000,78.5,3,78.4,3,78.5,15,1,2022-08-08 09:09:15
1659949755549957000,78.5,1,78.4,3,78.5,11,1,2022-08-08 09:09:15
1659949755762030000,78.4,3,78.3,37,78.4,2,2,2022-08-08 09:09:15
1659949755967711000,78.4,1,78.3,37,78.4,7,1,2022-08-08 09:09:15
1659949756126481000,78.4,1,78.3,37,78.4,5,1,2022-08-08 09:09:16
1659949756308114000,78.4,1,78.3,37,78.4,4,1,2022-08-08 09:09:16
1659949756400280000,78.4,1,78.3,37,78.4,3,1,2022-08-08 09:09:16
1659949756540756000,78.4,1,78.3,37,78.4,2,1,2022-08-08 09:09:16
1659949756662494000,78.4,1,78.3,37,78.4,2,1,2022-08-08 09:09:16
1659949757140066000,78.4,1,78.3,38,78.4,1,1,2022-08-08 09:09:17
1659949757181884000,78.4,1,78.3,38,78.5,5,1,2022-08-08 09:09:17
1659949757181884000,78.5,9,78.3,38,78.5,5,1,2022-08-08 09:09:17
1659949757364933000,78.4,1,78.3,38,78.5,4,1,2022-08-08 09:09:17
1659949757364933000,78.5,1,78.3,38,78.5,4,1,2022-08-08 09:09:17
1659949757408195000,78.4,1,78.3,38,78.4,1,1,2022-08-08 09:09:17
1659949757613599000,78.5,3,78.3,38,78.5,1,1,2022-08-08 09:09:17
1659949757661783000,78.5,1,78.3,38,78.6,26,1,2022-08-08 09:09:17
1659949757905278000,78.5,1,78.4,1,78.6,26,2,2022-08-08 09:09:17
1659949757941401000,78.4,1,78.4,1,78.6,26,2,2022-08-08 09:09:17
1659949758318009000,78.6,1,78.5,1,78.6,25,1,2022-08-08 09:09:18
1659949758365800000,78.5,1,78.4,2,78.6,25,2,2022-08-08 09:09:18
1659949758451347000,78.6,1,78.4,2,78.6,24,1,2022-08-08 09:09:18
1659949758633705000,78.4,1,78.4,11,78.6,24,2,2022-08-08 09:09:18
1659949758704234000,78.5,10,78.4,11,78.6,24,2,2022-08-08 09:09:18
1659949759008432000,78.5,1,78.5,1,78.6,24,2,2022-08-08 09:09:19
1659949759188206000,78.6,1,78.4,11,78.6,23,1,2022-08-08 09:09:19
1659949759936799000,78.6,1,78.5,1,78.6,28,1,2022-08-08 09:09:19
1659949760576811000,78.5,1,78.4,14,78.6,32,2,2022-08-08 09:09:20
1659949760660530000,78.5,1,78.4,14,78.6,32,2,2022-08-08 09:09:20
1659949761529490000,78.6,3,78.5,2,78.6,29,1,2022-08-08 09:09:21
1659949761609736000,78.5,1,78.5,1,78.6,29,2,2022-08-08 09:09:21
1659949761685067000,78.6,2,78.5,1,78.6,27,1,2022-08-08 09:09:21
1659949761739085000,78.6,1,78.5,1,78.6,26,1,2022-08-08 09:09:21
1659949761844067000,78.6,2,78.5,1,78.6,24,1,2022-08-08 09:09:21
1659949761896686000,78.5,1,78.4,24,78.6,29,2,2022-08-08 09:09:21
1659949761939602000,78.5,1,78.4,24,78.5,2,1,2022-08-08 09:09:21
1659949762369614000,78.5,1,78.4,24,78.5,1,1,2022-08-08 09:09:22
1659949762747887000,78.5,2,78.4,24,78.6,29,1,2022-08-08 09:09:22
1659949763201111000,78.5,1,78.4,25,78.5,4,1,2022-08-08 09:09:23
1659949763464886000,78.5,4,78.5,1,78.6,33,1,2022-08-08 09:09:23
1659949763503897000,78.5,1,78.4,26,78.5,4,2,2022-08-08 09:09:23
1659949763712004000,78.5,1,78.4,27,78.5,4,1,2022-08-08 09:09:23
1659949763790440000,78.5,4,78.4,27,78.6,33,1,2022-08-08 09:09:23
1659949763956797000,78.5,1,78.4,27,78.6,32,2,2022-08-08 09:09:23
1659949763966204000,78.6,1,78.4,27,78.6,31,1,2022-08-08 09:09:23
1659949763978831000,78.6,2,78.5,1,78.6,32,1,2022-08-08 09:09:23
1659949764190708000,78.6,1,78.5,4,78.6,28,1,2022-08-08 09:09:24
1659949764331436000,78.5,1,78.5,3,78.6,28,2,2022-08-08 09:09:24
1659949764334923000,78.5,1,78.5,2,78.6,28,2,2022-08-08 09:09:24
1659949764354765000,78.5,3,78.3,34,78.4,17,2,2022-08-08 09:09:24
1659949764354765000,78.4,27,78.3,34,78.4,17,2,2022-08-08 09:09:24
1659949764401237000,78.3,1,78.3,33,78.4,17,2,2022-08-08 09:09:24
1659949765006062000,78.4,1,78.3,32,78.4,17,1,2022-08-08 09:09:25
1659949765071097000,78.4,1,78.3,32,78.4,15,1,2022-08-08 09:09:25
1659949765381698000,78.4,2,78.3,32,78.4,13,1,2022-08-08 09:09:25
1659949765388396000,78.4,1,78.3,32,78.4,12,1,2022-08-08 09:09:25
1659949765409057000,78.3,1,78.3,31,78.4,12,2,2022-08-08 09:09:25
1659949765523173000,78.3,1,78.3,32,78.4,15,2,2022-08-08 09:09:25
1659949765680685000,78.4,1,78.3,30,78.4,11,1,2022-08-08 09:09:25
1659949765725720000,78.3,1,78.3,29,78.4,11,2,2022-08-08 09:09:25
1659949765903105000,78.4,5,78.3,29,78.4,6,1,2022-08-08 09:09:25
1659949765920954000,78.4,1,78.3,29,78.4,5,1,2022-08-08 09:09:25
1659949765964617000,78.3,1,78.3,28,78.4,5,2,2022-08-08 09:09:25
1659949766117723000,78.3,25,78.3,4,78.4,5,2,2022-08-08 09:09:26
1659949766122912000,78.4,2,78.3,4,78.4,3,1,2022-08-08 09:09:26
1659949766143381000,78.3,4,78.2,26,78.4,3,2,2022-08-08 09:09:26
1659949766544003000,78.2,25,78.2,1,78.3,6,2,2022-08-08 09:09:26
1659949766581682000,78.2,1,78.1,15,78.3,6,2,2022-08-08 09:09:26
1659949766669691000,78.1,2,78.1,13,78.2,2,2,2022-08-08 09:09:26
1659949766704681000,78.1,13,78.0,29,78.2,2,2,2022-08-08 09:09:26
1659949767256975000,78.1,1,78.0,29,78.1,1,1,2022-08-08 09:09:27
1659949767389361000,78.1,1,78.0,29,78.3,4,1,2022-08-08 09:09:27
1659949767389361000,78.2,2,78.0,29,78.3,4,1,2022-08-08 09:09:27
1659949767389361000,78.3,2,78.0,29,78.3,4,1,2022-08-08 09:09:27
1659949767476852000,78.3,1,78.0,29,78.3,3,1,2022-08-08 09:09:27
1659949767898052000,78.0,10,78.0,19,78.3,3,2,2022-08-08 09:09:27
1659949767917678000,78.3,3,78.0,19,78.4,3,1,2022-08-08 09:09:27
1659949767917678000,78.4,1,78.0,19,78.4,3,1,2022-08-08 09:09:27
1659949767923825000,78.0,13,78.0,6,78.4,3,2,2022-08-08 09:09:27
1659949768009225000,78.0,1,78.0,6,78.2,2,2,2022-08-08 09:09:28
1659949768417729000,78.1,1,78.0,5,78.5,8,1,2022-08-08 09:09:28
1659949768417729000,78.2,2,78.0,5,78.5,8,1,2022-08-08 09:09:28
1659949768417729000,78.3,3,78.0,5,78.5,8,1,2022-08-08 09:09:28
1659949768417729000,78.4,5,78.0,5,78.5,8,1,2022-08-08 09:09:28
1659949768417729000,78.5,9,78.0,5,78.5,8,1,2022-08-08 09:09:28
1659949768661095000,78.3,1,78.0,6,78.3,5,1,2022-08-08 09:09:28
1659949769177869000,78.0,1,78.0,5,78.3,7,2,2022-08-08 09:09:29
1659949769336203000,78.0,1,78.0,4,78.3,7,2,2022-08-08 09:09:29
1659949769421268000,78.2,1,78.0,4,78.2,1,1,2022-08-08 09:09:29
1659949769495761000,78.2,1,78.0,3,78.3,7,1,2022-08-08 09:09:29
1659949769518714000,78.3,1,78.0,3,78.2,1,1,2022-08-08 09:09:29
1659949769647899000,78.0,2,78.0,1,78.3,7,2,2022-08-08 09:09:29
1659949769688668000,78.3,4,78.0,1,78.3,3,1,2022-08-08 09:09:29
1659949769712451000,78.3,2,78.0,1,78.3,1,1,2022-08-08 09:09:29
1659949770110977000,78.3,1,78.3,1,78.4,1,1,2022-08-08 09:09:30
1659949770464056000,78.3,3,77.9,45,78.0,2,2,2022-08-08 09:09:30
1659949770464056000,78.1,3,77.9,45,78.0,2,2,2022-08-08 09:09:30
1659949770464056000,78.0,2,77.9,45,78.0,2,2,2022-08-08 09:09:30
1659949770621784000,78.0,2,77.9,45,78.5,6,1,2022-08-08 09:09:30
1659949770621784000,78.4,1,77.9,45,78.5,6,1,2022-08-08 09:09:30
1659949770621784000,78.5,2,77.9,45,78.5,6,1,2022-08-08 09:09:30
1659949770913462000,78.3,1,78.0,1,78.5,6,2,2022-08-08 09:09:30
1659949770913462000,78.1,4,78.0,1,78.5,6,2,2022-08-08 09:09:30
1659949770913462000,78.0,5,78.0,1,78.5,6,2,2022-08-08 09:09:30
1659949771053978000,78.3,1,78.0,1,78.4,5,2,2022-08-08 09:09:31
1659949771674405000,78.4,5,78.0,2,78.5,9,1,2022-08-08 09:09:31
1659949773170877000,78.2,2,78.1,2,78.3,4,2,2022-08-08 09:09:33
1659949773323114000,78.3,2,78.1,2,78.3,2,1,2022-08-08 09:09:33
1659949773834115000,78.3,1,78.1,4,78.3,1,1,2022-08-08 09:09:33
1659949773894268000,78.3,1,78.1,4,78.4,7,1,2022-08-08 09:09:33
1659949775064214000,78.3,1,78.1,9,78.3,7,1,2022-08-08 09:09:35
1659949775375364000,78.3,2,78.1,9,78.3,8,1,2022-08-08 09:09:35
1659949775572275000,78.3,5,78.1,9,78.3,1,1,2022-08-08 09:09:35
1659949775619894000,78.3,1,78.1,9,78.5,16,1,2022-08-08 09:09:35
1659949775619894000,78.4,8,78.1,9,78.5,16,1,2022-08-08 09:09:35
1659949775619894000,78.5,1,78.1,9,78.5,16,1,2022-08-08 09:09:35
1659949776570344000,78.3,1,78.1,10,78.3,1,1,2022-08-08 09:09:36
1659949776691555000,78.3,1,78.1,10,78.5,18,1,2022-08-08 09:09:36
1659949776744101000,78.5,1,78.1,10,78.5,17,1,2022-08-08 09:09:36
1659949776858476000,78.5,1,78.1,10,78.5,18,1,2022-08-08 09:09:36
1659949777590444000,78.3,1,78.1,11,78.4,2,2,2022-08-08 09:09:37
1659949778518713000,78.3,1,78.2,1,78.3,1,1,2022-08-08 09:09:38
1659949778778663000,78.2,1,78.1,12,78.4,7,2,2022-08-08 09:09:38
1659949779022305000,78.4,2,78.1,13,78.4,7,1,2022-08-08 09:09:39
1659949779075555000,78.4,1,78.1,13,78.4,4,1,2022-08-08 09:09:39
1659949779567387000,78.4,1,78.3,2,78.4,3,1,2022-08-08 09:09:39
1659949779694143000,78.4,4,78.3,4,78.5,18,1,2022-08-08 09:09:39
1659949779694143000,78.5,1,78.3,4,78.5,18,1,2022-08-08 09:09:39
1659949780386801000,78.4,2,78.3,4,78.5,23,1,2022-08-08 09:09:40
1659949780961372000,78.4,1,78.3,4,78.5,23,1,2022-08-08 09:09:40
1659949781098518000,78.4,1,78.3,4,78.5,24,2,2022-08-08 09:09:41
1659949781525522000,78.4,1,78.3,4,78.4,5,1,2022-08-08 09:09:41
1659949781737996000,78.4,4,78.3,4,78.5,18,1,2022-08-08 09:09:41
1659949781737996000,78.5,6,78.3,4,78.5,18,1,2022-08-08 09:09:41
1659949781950327000,78.3,1,78.3,3,78.5,18,2,2022-08-08 09:09:41
1659949782468820000,78.3,1,78.3,3,78.4,1,2,2022-08-08 09:09:42
1659949784365188000,78.4,1,78.3,9,78.4,11,1,2022-08-08 09:09:44
1659949784627622000,78.4,1,78.3,10,78.4,10,1,2022-08-08 09:09:44
1659949785023545000,78.3,5,78.3,10,78.4,14,2,2022-08-08 09:09:45
1659949786014818000,78.3,5,78.3,9,78.4,14,2,2022-08-08 09:09:46
1659949786479130000,78.3,5,78.2,2,78.3,2,2,2022-08-08 09:09:46
1659949786512874000,78.2,1,78.3,5,78.4,14,2,2022-08-08 09:09:46
1659949786520416000,78.3,1,78.2,1,78.3,1,1,2022-08-08 09:09:46
1659949786638332000,78.3,1,78.2,1,78.4,14,1,2022-08-08 09:09:46
1659949786753101000,78.4,1,78.2,2,78.4,15,1,2022-08-08 09:09:46
1659949787139607000,78.3,1,78.2,2,78.4,14,1,2022-08-08 09:09:47
1659949787865386000,78.4,1,78.3,1,78.4,14,1,2022-08-08 09:09:47
1659949788073774000,78.3,1,78.2,2,78.4,13,2,2022-08-08 09:09:48
1659949788091537000,78.4,1,78.2,2,78.4,12,1,2022-08-08 09:09:48
1659949788335509000,78.4,6,78.3,3,78.4,5,1,2022-08-08 09:09:48
1659949788515895000,78.3,1,78.3,2,78.4,5,2,2022-08-08 09:09:48
1659949788799808000,78.4,1,78.3,2,78.4,5,1,2022-08-08 09:09:48
1659949789065516000,78.4,1,78.3,2,78.4,3,1,2022-08-08 09:09:49
1659949789224704000,78.3,2,78.1,25,78.4,3,2,2022-08-08 09:09:49
1659949789224704000,78.2,2,78.1,25,78.4,3,2,2022-08-08 09:09:49
1659949789224704000,78.1,1,78.1,25,78.4,3,2,2022-08-08 09:09:49
1659949789470721000,78.4,1,78.1,25,78.4,3,1,2022-08-08 09:09:49
1659949789513877000,78.3,1,78.1,25,78.4,2,2,2022-08-08 09:09:49
1659949789809196000,78.4,2,78.4,3,78.5,24,1,2022-08-08 09:09:49
1659949789955038000,78.4,1,78.4,2,78.5,24,2,2022-08-08 09:09:49
1659949790224011000,78.5,2,78.4,2,78.5,22,1,2022-08-08 09:09:50
1659949791162225000,78.4,1,78.4,1,78.5,22,2,2022-08-08 09:09:51
1659949791291254000,78.4,1,78.3,9,78.5,22,2,2022-08-08 09:09:51
1659949791451140000,78.5,1,78.3,11,78.5,22,1,2022-08-08 09:09:51
1659949792597454000,78.5,6,78.4,1,78.5,15,1,2022-08-08 09:09:52
1659949793767557000,78.4,1,78.4,2,78.5,15,2,2022-08-08 09:09:53
1659949794382648000,78.5,1,78.4,1,78.5,14,1,2022-08-08 09:09:54
1659949794437426000,78.4,1,78.4,1,78.5,14,2,2022-08-08 09:09:54
1659949794986054000,78.5,2,78.4,1,78.5,12,1,2022-08-08 09:09:54
1659949795155250000,78.5,1,78.4,1,78.5,11,1,2022-08-08 09:09:55
1659949795377836000,78.5,1,78.4,1,78.5,10,1,2022-08-08 09:09:55
1659949795631249000,78.5,3,78.4,1,78.5,6,1,2022-08-08 09:09:55
1659949795817362000,78.5,2,78.4,1,78.5,5,1,2022-08-08 09:09:55
1659949796727295000,78.5,6,78.4,4,78.6,25,1,2022-08-08 09:09:56
1659949796727295000,78.6,1,78.4,4,78.6,25,1,2022-08-08 09:09:56
1659949796924440000,78.5,1,78.5,1,78.6,25,2,2022-08-08 09:09:56
1659949797425026000,78.5,1,78.4,6,78.5,1,1,2022-08-08 09:09:57
1659949797462388000,78.6,7,78.5,4,78.6,18,1,2022-08-08 09:09:57
1659949797593472000,78.5,4,78.4,5,78.6,18,2,2022-08-08 09:09:57
1659949797593472000,78.4,1,78.4,5,78.6,18,2,2022-08-08 09:09:57
1659949798094206000,78.6,1,78.4,16,78.6,17,1,2022-08-08 09:09:58
1659949798670106000,78.5,2,78.4,17,78.5,2,2,2022-08-08 09:09:58
1659949798670418000,78.5,2,78.5,3,78.6,22,1,2022-08-08 09:09:58
1659949798769061000,78.6,3,78.5,3,78.6,19,1,2022-08-08 09:09:58
1659949798916848000,78.6,1,78.5,3,78.6,19,1,2022-08-08 09:09:58
1659949798987378000,78.6,5,78.5,3,78.6,13,1,2022-08-08 09:09:58
1659949799457759000,78.5,1,78.5,3,78.6,18,2,2022-08-08 09:09:59
1659949799656999000,78.6,3,78.5,3,78.6,15,1,2022-08-08 09:09:59
1659949800105660000,78.5,3,78.4,21,78.5,5,2,2022-08-08 09:10:00
1659949800130996000,78.4,7,78.4,14,78.5,5,2,2022-08-08 09:10:00
1659949800131076000,78.4,14,78.3,18,78.5,5,2,2022-08-08 09:10:00
1659949800146369000,78.5,1,78.3,18,78.5,4,1,2022-08-08 09:10:00
1659949800196988000,78.4,1,78.4,9,78.5,4,1,2022-08-08 09:10:00
1659949800439421000,78.5,1,78.4,13,78.5,3,1,2022-08-08 09:10:00
1659949800580391000,78.5,1,78.4,13,78.5,5,1,2022-08-08 09:10:00
1659949800797607000,78.5,2,78.4,13,78.5,3,1,2022-08-08 09:10:00
1659949800827710000,78.5,3,78.4,13,78.6,10,1,2022-08-08 09:10:00
1659949800827710000,78.6,5,78.4,13,78.6,10,1,2022-08-08 09:10:00
1659949800981351000,78.6,1,78.5,1,78.6,10,1,2022-08-08 09:10:00
1659949801727251000,78.6,2,78.5,1,78.6,8,1,2022-08-08 09:10:01
1659949801739605000,78.6,1,78.5,1,78.6,7,1,2022-08-08 09:10:01
1659949801878634000,78.5,1,78.4,15,78.6,7,2,2022-08-08 09:10:01
1659949802010614000,78.5,1,78.4,15,78.6,7,2,2022-08-08 09:10:02
1659949803757877000,78.5,1,78.5,6,78.6,8,2,2022-08-08 09:10:03
1659949803784896000,78.5,6,78.4,16,78.6,10,2,2022-08-08 09:10:03
1659949804100376000,78.6,1,78.4,16,78.6,10,1,2022-08-08 09:10:04
1659949804172813000,78.4,1,78.4,16,78.6,11,2,2022-08-08 09:10:04
1659949804644013000,78.4,5,78.4,10,78.6,10,2,2022-08-08 09:10:04
1659949805330262000,78.5,1,78.4,11,78.5,5,1,2022-08-08 09:10:05
1659949805406292000,78.5,1,78.4,11,78.5,6,1,2022-08-08 09:10:05
1659949805616195000,78.5,4,78.4,11,78.6,4,1,2022-08-08 09:10:05
1659949805616195000,78.6,6,78.4,11,78.6,4,1,2022-08-08 09:10:05
1659949805736727000,78.6,2,78.4,11,78.6,2,1,2022-08-08 09:10:05
1659949806293971000,78.6,1,78.5,1,78.6,4,1,2022-08-08 09:10:06
1659949806437334000,78.5,1,78.4,11,78.6,3,2,2022-08-08 09:10:06
1659949806683625000,78.6,1,78.5,1,78.6,2,1,2022-08-08 09:10:06
1659949807319844000,78.6,2,78.5,2,78.7,45,1,2022-08-08 09:10:07
1659949807331757000,78.5,2,78.4,15,78.7,45,2,2022-08-08 09:10:07
1659949807331757000,78.4,8,78.4,15,78.7,45,2,2022-08-08 09:10:07
1659949807846293000,78.6,1,78.5,2,78.6,6,1,2022-08-08 09:10:07
1659949808207024000,78.6,5,78.5,2,78.6,1,1,2022-08-08 09:10:08
1659949808636641000,78.6,3,78.6,2,78.7,45,1,2022-08-08 09:10:08
1659949808899528000,78.6,1,78.6,2,78.7,45,2,2022-08-08 09:10:08
1659949808983495000,78.7,1,78.6,1,78.7,44,1,2022-08-08 09:10:08
1659949809356490000,78.7,1,78.6,1,78.7,45,1,2022-08-08 09:10:09
1659949809989882000,78.7,2,78.6,1,78.7,41,1,2022-08-08 09:10:09
1659949810750276000,78.7,1,78.6,2,78.7,46,1,2022-08-08 09:10:10
1659949811757633000,78.7,5,78.6,2,78.7,40,1,2022-08-08 09:10:11
1659949811816123000,78.7,1,78.6,2,78.7,39,1,2022-08-08 09:10:11
1659949811866101000,78.6,2,78.5,6,78.7,39,2,2022-08-08 09:10:11
1659949811866101000,78.5,3,78.5,6,78.7,39,2,2022-08-08 09:10:11
1659949812172849000,78.5,5,78.5,7,78.7,39,2,2022-08-08 09:10:12
1659949812888514000,78.7,1,78.5,2,78.7,39,1,2022-08-08 09:10:12
1659949812952412000,78.7,5,78.5,3,78.7,34,1,2022-08-08 09:10:12
1659949813191287000,78.6,1,78.5,3,78.7,34,2,2022-08-08 09:10:13
1659949814556856000,78.6,1,78.5,3,78.6,5,1,2022-08-08 09:10:14
1659949814903508000,78.6,1,78.5,4,78.6,4,1,2022-08-08 09:10:14
1659949815630974000,78.6,1,78.5,4,78.6,4,1,2022-08-08 09:10:15
1659949816059311000,78.6,1,78.5,7,78.6,3,1,2022-08-08 09:10:16
1659949816154257000,78.5,5,78.5,3,78.6,3,2,2022-08-08 09:10:16
1659949816335050000,78.6,3,78.5,3,78.7,37,1,2022-08-08 09:10:16
1659949816367852000,78.5,1,78.5,8,78.6,3,2,2022-08-08 09:10:16
1659949816540008000,78.6,1,78.5,2,78.6,2,1,2022-08-08 09:10:16
1659949817469857000,78.6,2,78.6,4,78.7,37,1,2022-08-08 09:10:17
1659949817494763000,78.6,4,78.5,2,78.6,6,2,2022-08-08 09:10:17
1659949817802313000,78.5,1,78.5,2,78.6,6,2,2022-08-08 09:10:17
1659949818079232000,78.6,1,78.5,7,78.6,5,1,2022-08-08 09:10:18
1659949818423836000,78.6,1,78.5,8,78.6,4,1,2022-08-08 09:10:18
1659949818425457000,78.6,1,78.5,8,78.6,3,1,2022-08-08 09:10:18
1659949818425662000,78.6,3,78.6,2,78.7,32,1,2022-08-08 09:10:18
1659949819142097000,78.6,2,78.5,8,78.7,35,2,2022-08-08 09:10:19
1659949819142097000,78.5,3,78.5,8,78.7,35,2,2022-08-08 09:10:19
1659949819785598000,78.6,1,78.5,8,78.6,9,1,2022-08-08 09:10:19
1659949821281373000,78.6,3,78.5,8,78.6,9,1,2022-08-08 09:10:21
1659949822064222000,78.6,1,78.5,8,78.6,6,1,2022-08-08 09:10:22
1659949822164817000,78.5,2,78.5,6,78.6,9,2,2022-08-08 09:10:22
1659949822177920000,78.6,9,78.6,1,78.7,36,1,2022-08-08 09:10:22
1659949822279032000,78.6,1,78.5,8,78.6,9,2,2022-08-08 09:10:22
1659949822475968000,78.5,1,78.5,5,78.6,2,2,2022-08-08 09:10:22
1659949823096074000,78.5,10,78.5,1,78.6,3,2,2022-08-08 09:10:23
1659949823158899000,78.5,1,78.4,24,78.6,3,2,2022-08-08 09:10:23
1659949824430297000,78.6,1,78.5,3,78.6,4,1,2022-08-08 09:10:24
1659949824570914000,78.5,3,78.3,20,78.4,73,2,2022-08-08 09:10:24
1659949824570914000,78.4,24,78.3,20,78.4,73,2,2022-08-08 09:10:24
1659949824597477000,78.3,1,78.3,19,78.4,73,2,2022-08-08 09:10:24
1659949824602339000,78.3,1,78.3,20,78.4,73,2,2022-08-08 09:10:24
1659949825111172000,78.4,1,78.3,18,78.4,72,1,2022-08-08 09:10:25
1659949825430563000,78.3,1,78.3,17,78.4,72,2,2022-08-08 09:10:25
1659949825457637000,78.3,17,78.2,20,78.4,72,2,2022-08-08 09:10:25
1659949826038879000,78.3,1,78.2,20,78.3,2,1,2022-08-08 09:10:26
1659949826318384000,78.3,1,78.2,20,78.3,3,1,2022-08-08 09:10:26
1659949826435807000,78.3,2,78.2,21,78.4,73,1,2022-08-08 09:10:26
1659949826589135000,78.4,1,78.2,21,78.4,73,1,2022-08-08 09:10:26
1659949827287870000,78.2,3,78.2,21,78.4,72,2,2022-08-08 09:10:27
1659949827576241000,78.4,1,78.2,18,78.4,71,1,2022-08-08 09:10:27
1659949829092152000,78.3,1,78.2,16,78.4,71,1,2022-08-08 09:10:29
1659949830074907000,78.4,5,78.3,1,78.4,66,1,2022-08-08 09:10:30
1659949831322211000,78.4,10,78.3,1,78.4,66,1,2022-08-08 09:10:31
1659949831382107000,78.3,1,78.2,16,78.4,56,2,2022-08-08 09:10:31
1659949831471413000,78.4,2,78.2,16,78.4,54,1,2022-08-08 09:10:31
1659949831576833000,78.2,2,78.2,14,78.4,54,2,2022-08-08 09:10:31
1659949833008416000,78.4,1,78.3,7,78.4,55,1,2022-08-08 09:10:33
1659949833830597000,78.4,1,78.3,10,78.4,54,1,2022-08-08 09:10:33
1659949834003552000,78.4,5,78.3,10,78.4,49,1,2022-08-08 09:10:34
1659949834046475000,78.3,1,78.3,9,78.4,49,2,2022-08-08 09:10:34
1659949834355716000,78.3,1,78.3,8,78.4,49,2,2022-08-08 09:10:34
1659949834972825000,78.4,4,78.3,8,78.4,45,1,2022-08-08 09:10:34
1659949835018078000,78.3,1,78.3,7,78.4,45,2,2022-08-08 09:10:35
1659949835054869000,78.3,1,78.3,6,78.4,45,2,2022-08-08 09:10:35
1659949835279670000,78.3,1,78.3,5,78.4,45,2,2022-08-08 09:10:35
1659949836798864000,78.3,5,78.3,7,78.4,45,2,2022-08-08 09:10:36
1659949837552962000,78.3,1,78.3,2,78.4,45,2,2022-08-08 09:10:37
1659949837684739000,78.3,2,78.2,17,78.4,45,2,2022-08-08 09:10:37
1659949838407589000,78.3,6,78.3,1,78.4,45,1,2022-08-08 09:10:38
1659949838447994000,78.3,1,78.2,17,78.4,45,2,2022-08-08 09:10:38
1659949839625314000,78.4,1,78.2,17,78.4,44,1,2022-08-08 09:10:39
1659949840748911000,78.3,1,78.2,17,78.3,3,1,2022-08-08 09:10:40
1659949841329150000,78.3,2,78.2,20,78.3,2,1,2022-08-08 09:10:41
1659949842157303000,78.4,1,78.3,4,78.4,45,1,2022-08-08 09:10:42
1659949843471537000,78.3,1,78.3,4,78.4,46,2,2022-08-08 09:10:43
1659949843499735000,78.3,4,78.2,20,78.3,1,2,2022-08-08 09:10:43
1659949844974673000,78.3,1,78.2,20,78.3,3,1,2022-08-08 09:10:44
1659949845204298000,78.3,1,78.2,20,78.3,2,1,2022-08-08 09:10:45
1659949846831723000,78.3,1,78.2,42,78.3,1,1,2022-08-08 09:10:46
1659949847096388000,78.3,1,78.2,42,78.3,1,1,2022-08-08 09:10:47
1659949847579143000,78.2,1,78.2,41,78.4,47,2,2022-08-08 09:10:47
1659949848752564000,78.3,1,78.3,9,78.4,47,2,2022-08-08 09:10:48
1659949848861195000,78.4,1,78.3,10,78.4,47,1,2022-08-08 09:10:48
1659949849269161000,78.3,1,78.3,9,78.4,46,2,2022-08-08 09:10:49
1659949850791194000,78.3,2,78.3,8,78.4,45,2,2022-08-08 09:10:50
1659949851062005000,78.3,1,78.3,5,78.4,45,2,2022-08-08 09:10:51
1659949852743942000,78.3,1,78.3,5,78.4,46,2,2022-08-08 09:10:52
1659949852916332000,78.3,1,78.3,4,78.4,46,2,2022-08-08 09:10:52
1659949853305227000,78.3,4,78.2,41,78.3,1,2,2022-08-08 09:10:53
1659949854519841000,78.3,2,78.3,3,78.4,46,1,2022-08-08 09:10:54
1659949854544583000,78.3,1,78.3,2,78.4,46,2,2022-08-08 09:10:54
1659949855826359000,78.3,2,78.3,2,78.4,46,2,2022-08-08 09:10:55
1659949855858846000,78.3,2,78.3,4,78.4,46,2,2022-08-08 09:10:55
1659949857636986000,78.3,2,78.3,1,78.4,46,2,2022-08-08 09:10:57
1659949858020889000,78.3,1,78.2,45,78.4,46,2,2022-08-08 09:10:58
1659949858559813000,78.3,1,78.2,45,78.3,1,2,2022-08-08 09:10:58
1659949858641732000,78.3,1,78.3,1,78.4,46,1,2022-08-08 09:10:58
1659949858722333000,78.3,1,78.2,45,78.3,1,2,2022-08-08 09:10:58
1659949859717572000,78.3,1,78.2,43,78.4,42,1,2022-08-08 09:10:59
1659949859717572000,78.4,4,78.2,43,78.4,42,1,2022-08-08 09:10:59
1659949860799587000,78.4,2,78.3,1,78.4,40,1,2022-08-08 09:11:00
1659949861041797000,78.3,1,78.2,43,78.4,40,2,2022-08-08 09:11:01
1659949863063741000,78.3,1,78.2,43,78.4,40,1,2022-08-08 09:11:03
1659949865188141000,78.4,2,78.3,14,78.4,40,1,2022-08-08 09:11:05
1659949865644142000,78.4,10,78.3,14,78.4,28,1,2022-08-08 09:11:05
1659949865674795000,78.4,3,78.3,19,78.4,25,1,2022-08-08 09:11:05
1659949865674991000,78.4,17,78.3,19,78.4,8,1,2022-08-08 09:11:05
1659949865705780000,78.4,8,78.3,19,78.5,3,1,2022-08-08 09:11:05
1659949865846105000,78.5,3,78.3,19,78.4,28,1,2022-08-08 09:11:05
1659949865846105000,78.6,7,78.3,19,78.4,28,1,2022-08-08 09:11:05
1659949866211636000,78.6,7,78.6,3,78.7,36,1,2022-08-08 09:11:06
1659949866349799000,78.7,2,78.6,3,78.7,36,1,2022-08-08 09:11:06
1659949866580159000,78.7,2,78.6,6,78.7,32,1,2022-08-08 09:11:06
1659949867033843000,78.6,6,78.5,2,78.6,4,2,2022-08-08 09:11:07
1659949867548662000,78.6,2,78.5,2,78.6,2,1,2022-08-08 09:11:07
1659949867757245000,78.5,1,78.5,1,78.6,2,2,2022-08-08 09:11:07
1659949868503792000,78.6,2,78.5,2,78.7,29,1,2022-08-08 09:11:08
1659949868503792000,78.7,3,78.5,2,78.7,29,1,2022-08-08 09:11:08
1659949868818561000,78.5,2,78.5,2,78.6,2,2,2022-08-08 09:11:08
1659949869139726000,78.4,1,78.4,2,78.7,29,2,2022-08-08 09:11:09
1659949870181014000,78.7,2,78.6,1,78.7,29,1,2022-08-08 09:11:10
1659949871000360000,78.7,4,78.6,1,78.7,23,1,2022-08-08 09:11:11
1659949873106919000,78.7,5,78.6,2,78.7,20,1,2022-08-08 09:11:13
1659949873118059000,78.7,1,78.6,2,78.7,19,1,2022-08-08 09:11:13
1659949873202337000,78.7,2,78.6,2,78.7,25,1,2022-08-08 09:11:13
1659949873682439000,78.7,5,78.6,2,78.7,12,1,2022-08-08 09:11:13
1659949874029647000,78.7,1,78.6,2,78.7,11,1,2022-08-08 09:11:14
1659949874395586000,78.7,1,78.6,2,78.7,10,1,2022-08-08 09:11:14
1659949874601490000,78.7,1,78.6,2,78.7,9,1,2022-08-08 09:11:14
1659949875179314000,78.7,5,78.6,3,78.7,4,1,2022-08-08 09:11:15
1659949875377075000,78.7,2,78.6,5,78.7,2,1,2022-08-08 09:11:15
1659949875404440000,78.7,2,78.6,5,78.8,31,1,2022-08-08 09:11:15
1659949875751664000,78.6,1,78.6,4,78.8,31,2,2022-08-08 09:11:15
1659949876024214000,78.8,5,78.6,4,78.8,26,1,2022-08-08 09:11:16
1659949876078428000,78.8,1,78.6,4,78.8,25,1,2022-08-08 09:11:16
1659949876745474000,78.7,1,78.7,2,78.8,25,2,2022-08-08 09:11:16
1659949877038379000,78.8,1,78.7,2,78.8,24,1,2022-08-08 09:11:17
1659949877363931000,78.8,1,78.7,2,78.8,23,1,2022-08-08 09:11:17
1659949878656836000,78.7,2,78.6,2,78.8,24,2,2022-08-08 09:11:18
1659949878656836000,78.6,2,78.6,2,78.8,24,2,2022-08-08 09:11:18
1659949878957060000,78.8,1,78.6,1,78.8,23,1,2022-08-08 09:11:18
1659949880026500000,78.7,1,78.7,5,78.8,23,2,2022-08-08 09:11:20
1659949880060398000,78.8,10,78.7,5,78.8,13,1,2022-08-08 09:11:20
1659949880247751000,78.8,1,78.7,6,78.8,13,1,2022-08-08 09:11:20
1659949881623776000,78.8,1,78.7,8,78.8,13,1,2022-08-08 09:11:21
1659949881769767000,78.7,1,78.7,7,78.8,13,2,2022-08-08 09:11:21
1659949882216818000,78.8,2,78.7,7,78.8,16,1,2022-08-08 09:11:22
1659949882352562000,78.8,2,78.7,7,78.8,18,1,2022-08-08 09:11:22
1659949883266112000,78.8,1,78.7,7,78.8,13,1,2022-08-08 09:11:23
1659949883441407000,78.8,5,78.7,7,78.8,9,1,2022-08-08 09:11:23
1659949884307386000,78.8,2,78.7,7,78.8,7,1,2022-08-08 09:11:24
1659949884629571000,78.8,1,78.7,8,78.8,6,1,2022-08-08 09:11:24
1659949884720534000,78.8,1,78.7,8,78.8,5,1,2022-08-08 09:11:24
1659949884811555000,78.8,1,78.7,8,78.8,4,1,2022-08-08 09:11:24
1659949885081898000,78.7,1,78.7,7,78.8,4,2,2022-08-08 09:11:25
1659949885509179000,78.8,1,78.7,7,78.8,3,1,2022-08-08 09:11:25
1659949885601044000,78.8,1,78.7,7,78.8,2,1,2022-08-08 09:11:25
1659949885739262000,78.8,1,78.7,7,78.8,1,1,2022-08-08 09:11:25
1659949885765118000,78.8,1,78.8,1,78.9,46,1,2022-08-08 09:11:25
1659949885790400000,78.8,1,78.7,7,78.9,46,2,2022-08-08 09:11:25
1659949886194202000,78.9,1,78.7,8,78.9,45,1,2022-08-08 09:11:26
1659949886258729000,78.7,1,78.7,7,78.9,45,2,2022-08-08 09:11:26
1659949886328013000,78.8,1,78.8,1,78.9,45,2,2022-08-08 09:11:26
1659949886493795000,78.8,1,78.7,7,78.9,45,2,2022-08-08 09:11:26
1659949886596217000,78.8,2,78.7,7,78.9,45,2,2022-08-08 09:11:26
1659949887019965000,78.8,2,78.7,7,78.9,45,2,2022-08-08 09:11:27
1659949887685893000,78.8,3,78.7,9,78.8,4,1,2022-08-08 09:11:27
1659949887864962000,78.8,1,78.7,9,78.8,3,1,2022-08-08 09:11:27
1659949887892174000,78.7,1,78.7,8,78.8,3,2,2022-08-08 09:11:27
1659949888451464000,78.8,2,78.7,8,78.8,1,1,2022-08-08 09:11:28
1659949888629825000,78.8,1,78.8,2,78.9,45,1,2022-08-08 09:11:28
1659949888656546000,78.8,2,78.7,8,78.8,1,2,2022-08-08 09:11:28
1659949888992482000,78.8,1,78.7,8,78.9,45,2,2022-08-08 09:11:28
1659949888992541000,78.7,8,78.6,3,78.9,45,2,2022-08-08 09:11:28
1659949889396963000,78.8,2,78.6,3,78.9,44,1,2022-08-08 09:11:29
1659949889396963000,78.9,1,78.6,3,78.9,44,1,2022-08-08 09:11:29
1659949890288770000,78.8,1,78.6,3,78.8,9,1,2022-08-08 09:11:30
1659949890351953000,78.6,3,78.4,6,78.5,4,2,2022-08-08 09:11:30
1659949890351953000,78.5,13,78.4,6,78.5,4,2,2022-08-08 09:11:30
1659949890391057000,78.4,1,78.4,5,78.5,4,2,2022-08-08 09:11:30
1659949890503525000,78.4,2,78.4,3,78.5,4,2,2022-08-08 09:11:30
1659949890657585000,78.5,4,78.7,16,78.8,9,1,2022-08-08 09:11:30
1659949890670350000,78.7,2,78.7,14,78.8,9,2,2022-08-08 09:11:30
1659949890670770000,78.7,14,78.4,3,78.8,9,2,2022-08-08 09:11:30
1659949890759518000,78.7,2,78.4,4,78.7,3,1,2022-08-08 09:11:30
1659949891164069000,78.6,1,78.4,4,78.6,9,2,2022-08-08 09:11:31
1659949891507246000,78.6,9,78.4,4,78.8,10,1,2022-08-08 09:11:31
1659949891507246000,78.7,1,78.4,4,78.8,10,1,2022-08-08 09:11:31
1659949891606616000,78.7,1,78.4,4,78.8,6,1,2022-08-08 09:11:31
1659949891606616000,78.8,4,78.4,4,78.8,6,1,2022-08-08 09:11:31
1659949891973274000,78.7,1,78.4,6,78.7,3,1,2022-08-08 09:11:31
1659949892807854000,78.7,3,78.4,4,78.7,5,1,2022-08-08 09:11:32
1659949895424113000,78.7,1,78.4,11,78.7,4,1,2022-08-08 09:11:35
1659949896198980000,78.7,1,78.4,11,78.7,3,1,2022-08-08 09:11:36
1659949896421444000,78.7,2,78.4,11,78.7,1,1,2022-08-08 09:11:36
1659949896494226000,78.7,1,78.4,11,78.8,12,1,2022-08-08 09:11:36
1659949897456341000,78.7,2,78.7,1,78.8,12,1,2022-08-08 09:11:37
1659949897483289000,78.7,1,78.5,7,78.8,12,2,2022-08-08 09:11:37
1659949898384492000,78.7,1,78.5,7,78.7,2,1,2022-08-08 09:11:38
1659949898395461000,78.7,1,78.5,7,78.7,1,1,2022-08-08 09:11:38
1659949899087519000,78.7,1,78.5,7,78.8,13,1,2022-08-08 09:11:39
1659949900497425000,78.7,1,78.5,8,78.8,14,2,2022-08-08 09:11:40
1659949900937637000,78.7,1,78.5,24,78.8,14,2,2022-08-08 09:11:40
1659949901083002000,78.7,2,78.5,24,78.8,14,2,2022-08-08 09:11:41
1659949901338996000,78.7,2,78.5,24,78.8,14,2,2022-08-08 09:11:41
1659949901893845000,78.7,2,78.6,1,78.8,15,1,2022-08-08 09:11:41
1659949903132069000,78.7,1,78.6,5,78.8,18,1,2022-08-08 09:11:43
1659949903753982000,78.8,2,78.6,5,78.8,23,1,2022-08-08 09:11:43
1659949904786562000,78.7,1,78.7,2,78.8,26,2,2022-08-08 09:11:44
1659949904810951000,78.7,1,78.7,3,78.8,26,2,2022-08-08 09:11:44
1659949905710916000,78.7,1,78.7,2,78.8,27,2,2022-08-08 09:11:45
1659949906447247000,78.7,1,78.7,2,78.8,27,2,2022-08-08 09:11:46
1659949908367513000,78.8,10,78.7,2,78.8,17,1,2022-08-08 09:11:48
1659949909690605000,78.7,1,78.7,15,78.8,29,2,2022-08-08 09:11:49
1659949909725275000,78.7,1,78.7,16,78.8,29,2,2022-08-08 09:11:49
1659949910385759000,78.7,1,78.7,13,78.8,29,2,2022-08-08 09:11:50
1659949910872557000,78.8,1,78.7,13,78.8,28,1,2022-08-08 09:11:50
1659949911130711000,78.8,1,78.7,18,78.8,27,1,2022-08-08 09:11:51
1659949911734538000,78.7,5,78.7,19,78.8,29,2,2022-08-08 09:11:51
1659949912160458000,78.7,1,78.7,14,78.8,29,2,2022-08-08 09:11:52
1659949913881774000,78.7,1,78.7,16,78.8,29,2,2022-08-08 09:11:53
1659949913916279000,78.8,4,78.7,16,78.8,25,1,2022-08-08 09:11:53
1659949914922869000,78.7,3,78.7,23,78.8,25,2,2022-08-08 09:11:54
1659949915462067000,78.8,1,78.7,24,78.8,25,1,2022-08-08 09:11:55
1659949915848012000,78.8,1,78.7,24,78.8,23,1,2022-08-08 09:11:55
1659949916455361000,78.8,1,78.7,29,78.8,22,1,2022-08-08 09:11:56
1659949916518057000,78.8,1,78.7,29,78.8,23,1,2022-08-08 09:11:56
1659949916889217000,78.8,5,78.7,29,78.8,16,1,2022-08-08 09:11:56
1659949916982523000,78.8,1,78.7,29,78.8,15,1,2022-08-08 09:11:56
1659949917154810000,78.7,29,78.4,19,78.5,40,2,2022-08-08 09:11:57
1659949917154810000,78.6,4,78.4,19,78.5,40,2,2022-08-08 09:11:57
1659949917154810000,78.5,27,78.4,19,78.5,40,2,2022-08-08 09:11:57
1659949917187555000,78.4,1,78.4,17,78.5,40,2,2022-08-08 09:11:57
1659949917187778000,78.4,1,78.4,16,78.5,40,2,2022-08-08 09:11:57
1659949917200597000,78.4,1,78.4,15,78.5,40,2,2022-08-08 09:11:57
1659949917207747000,78.4,1,78.4,14,78.5,40,2,2022-08-08 09:11:57
1659949917255821000,78.4,2,78.4,18,78.5,40,2,2022-08-08 09:11:57
1659949917635359000,78.5,1,78.4,12,78.5,39,1,2022-08-08 09:11:57
1659949918306919000,78.5,1,78.4,12,78.5,38,1,2022-08-08 09:11:58
1659949919183581000,78.5,2,78.4,12,78.5,36,1,2022-08-08 09:11:59
1659949919314026000,78.5,1,78.4,13,78.5,36,1,2022-08-08 09:11:59
1659949919371901000,78.5,1,78.4,13,78.5,34,1,2022-08-08 09:11:59
1659949920649836000,78.5,1,78.4,13,78.5,38,1,2022-08-08 09:12:00
1659949921968079000,78.5,1,78.4,18,78.5,37,1,2022-08-08 09:12:01
1659949922169332000,78.5,5,78.4,18,78.5,32,1,2022-08-08 09:12:02
1659949923977115000,78.5,1,78.4,18,78.5,31,1,2022-08-08 09:12:03
1659949924184616000,78.4,1,78.4,17,78.5,31,2,2022-08-08 09:12:04
1659949924433027000,78.4,1,78.4,16,78.5,31,2,2022-08-08 09:12:04
1659949924760355000,78.5,5,78.4,15,78.5,31,1,2022-08-08 09:12:04
1659949925019848000,78.5,1,78.4,15,78.5,25,1,2022-08-08 09:12:05
1659949925072381000,78.4,1,78.4,14,78.5,25,2,2022-08-08 09:12:05
1659949925117752000,78.4,1,78.4,13,78.5,25,2,2022-08-08 09:12:05
1659949925127837000,78.4,1,78.4,12,78.5,25,2,2022-08-08 09:12:05
1659949925140240000,78.4,1,78.4,11,78.5,25,2,2022-08-08 09:12:05
1659949925158779000,78.5,2,78.4,11,78.5,23,1,2022-08-08 09:12:05
1659949925212888000,78.5,1,78.4,15,78.5,26,1,2022-08-08 09:12:05
1659949925349083000,78.4,1,78.4,10,78.5,22,2,2022-08-08 09:12:05
1659949925562333000,78.5,5,78.4,10,78.5,17,1,2022-08-08 09:12:05
1659949925601522000,78.4,1,78.4,9,78.5,17,2,2022-08-08 09:12:05
1659949925623236000,78.4,1,78.4,8,78.5,17,2,2022-08-08 09:12:05
1659949925817561000,78.5,1,78.4,8,78.5,16,1,2022-08-08 09:12:05
1659949925871545000,78.4,1,78.4,7,78.5,16,2,2022-08-08 09:12:05
1659949925956240000,78.5,1,78.4,7,78.5,15,1,2022-08-08 09:12:05
1659949926191222000,78.4,1,78.4,6,78.5,15,2,2022-08-08 09:12:06
1659949926425985000,78.5,3,78.4,6,78.5,12,1,2022-08-08 09:12:06
1659949927118374000,78.4,1,78.4,7,78.5,12,2,2022-08-08 09:12:07
1659949927445776000,78.4,1,78.4,6,78.5,12,2,2022-08-08 09:12:07
1659949927508406000,78.5,1,78.4,6,78.5,11,1,2022-08-08 09:12:07
1659949928319240000,78.5,1,78.4,6,78.5,9,1,2022-08-08 09:12:08
1659949928355147000,78.5,1,78.4,6,78.5,7,1,2022-08-08 09:12:08
1659949929418240000,78.5,5,78.4,7,78.5,2,1,2022-08-08 09:12:09
1659949929452744000,78.5,2,78.4,7,78.6,1,1,2022-08-08 09:12:09
1659949929458923000,78.4,1,78.4,6,78.6,1,2,2022-08-08 09:12:09
1659949930704127000,78.6,1,78.5,1,78.7,7,1,2022-08-08 09:12:10
1659949931518376000,78.5,1,78.5,1,78.6,2,2,2022-08-08 09:12:11
1659949934716993000,78.6,1,78.5,26,78.6,1,1,2022-08-08 09:12:14
1659949934752046000,78.5,1,78.5,25,78.6,1,2,2022-08-08 09:12:14
1659949937217187000,78.6,1,78.5,27,78.7,7,1,2022-08-08 09:12:17
1659949937217187000,78.7,1,78.5,27,78.7,7,1,2022-08-08 09:12:17
1659949938156129000,78.6,1,78.5,30,78.7,7,1,2022-08-08 09:12:18
1659949939679948000,78.6,1,78.6,1,78.7,7,2,2022-08-08 09:12:19
1659949940033115000,78.6,1,78.6,1,78.7,1,2,2022-08-08 09:12:20
1659949942359497000,78.7,1,78.6,3,78.7,7,1,2022-08-08 09:12:22
1659949942854893000,78.7,5,78.6,3,78.7,2,1,2022-08-08 09:12:22
1659949943794334000,78.6,3,78.6,18,78.7,2,2,2022-08-08 09:12:23
1659949944291445000,78.6,1,78.6,15,78.7,3,2,2022-08-08 09:12:24
1659949945188386000,78.7,1,78.6,15,78.7,2,1,2022-08-08 09:12:25
1659949947239914000,78.6,2,78.6,18,78.7,2,2,2022-08-08 09:12:27
1659949948572813000,78.7,1,78.6,19,78.7,1,1,2022-08-08 09:12:28
1659949949273111000,78.7,1,78.6,20,78.8,11,1,2022-08-08 09:12:29
1659949949273111000,78.8,9,78.6,20,78.8,11,1,2022-08-08 09:12:29
1659949952332309000,78.8,1,78.7,5,78.8,10,1,2022-08-08 09:12:32
1659949952570355000,78.8,2,78.7,6,78.8,8,1,2022-08-08 09:12:32
1659949952955196000,78.8,1,78.7,6,78.8,7,1,2022-08-08 09:12:32
1659949952963831000,78.7,1,78.7,5,78.8,7,2,2022-08-08 09:12:32
1659949953601144000,78.8,5,78.7,7,78.8,7,1,2022-08-08 09:12:33
1659949953854339000,78.8,2,78.7,7,78.9,50,1,2022-08-08 09:12:33
1659949954267281000,78.9,10,78.7,7,78.9,40,1,2022-08-08 09:12:34
1659949954392998000,78.8,1,78.8,3,78.9,40,2,2022-08-08 09:12:34
1659949955663082000,78.9,1,78.8,5,78.9,39,1,2022-08-08 09:12:35
1659949955762548000,78.9,1,78.8,5,78.9,40,1,2022-08-08 09:12:35
1659949955865894000,78.8,1,78.8,4,78.9,38,2,2022-08-08 09:12:35
1659949956191234000,78.9,10,78.8,6,78.9,38,1,2022-08-08 09:12:36
1659949956406140000,78.9,10,78.8,6,78.9,18,1,2022-08-08 09:12:36
1659949957223776000,78.9,1,78.8,5,78.9,17,1,2022-08-08 09:12:37
1659949957278933000,78.9,2,78.8,5,78.9,15,1,2022-08-08 09:12:37
1659949957382262000,78.9,2,78.8,5,78.9,13,1,2022-08-08 09:12:37
1659949957438523000,78.9,2,78.8,5,78.9,13,1,2022-08-08 09:12:37
1659949958154378000,78.9,1,78.8,5,78.9,10,1,2022-08-08 09:12:38
1659949958580544000,78.9,1,78.8,4,78.9,9,1,2022-08-08 09:12:38
1659949959389380000,78.9,2,78.8,5,78.9,7,1,2022-08-08 09:12:39
1659949959650609000,78.9,1,78.8,5,78.9,6,1,2022-08-08 09:12:39
1659949960153200000,78.9,3,78.8,6,78.9,3,1,2022-08-08 09:12:40
1659949960176419000,78.9,1,78.8,7,78.9,2,1,2022-08-08 09:12:40
1659949960215429000,78.9,2,78.8,7,79.0,90,1,2022-08-08 09:12:40
1659949960338559000,79.0,1,78.9,1,79.0,89,1,2022-08-08 09:12:40
1659949960598071000,79.0,1,78.9,1,79.0,88,1,2022-08-08 09:12:40
1659949960806207000,78.9,1,78.9,1,79.0,89,2,2022-08-08 09:12:40
1659949961177021000,78.9,1,78.9,2,79.0,87,2,2022-08-08 09:12:41
1659949961177542000,78.9,1,78.9,3,79.0,88,2,2022-08-08 09:12:41
1659949961404270000,79.0,10,78.9,1,79.0,77,1,2022-08-08 09:12:41
1659949961578850000,79.0,1,78.9,2,79.0,77,1,2022-08-08 09:12:41
1659949962264152000,78.9,6,78.9,7,79.0,76,2,2022-08-08 09:12:42
1659949962756274000,79.0,5,78.9,1,79.0,71,1,2022-08-08 09:12:42
1659949964606913000,78.9,1,78.9,1,79.0,71,2,2022-08-08 09:12:44
1659949965033977000,79.0,1,78.9,1,79.0,70,1,2022-08-08 09:12:45
1659949965342972000,78.9,1,78.8,9,78.9,4,2,2022-08-08 09:12:45
1659949965658644000,78.9,1,78.8,9,78.9,3,1,2022-08-08 09:12:45
1659949965667256000,78.8,1,78.8,8,78.9,3,2,2022-08-08 09:12:45
1659949965714269000,78.9,1,78.8,9,78.9,4,1,2022-08-08 09:12:45
1659949966361578000,78.8,1,78.8,7,78.9,2,2,2022-08-08 09:12:46
1659949966621735000,78.9,1,78.8,12,78.9,1,1,2022-08-08 09:12:46
1659949967159198000,78.9,1,78.8,12,78.9,1,1,2022-08-08 09:12:47
1659949968157696000,78.9,1,78.9,6,79.0,70,2,2022-08-08 09:12:48
1659949968495473000,79.0,1,78.9,6,79.0,69,1,2022-08-08 09:12:48
1659949969277947000,78.9,1,78.9,7,79.0,69,2,2022-08-08 09:12:49
1659949969497874000,79.0,5,78.9,6,79.0,64,1,2022-08-08 09:12:49
1659949970017849000,79.0,2,78.9,6,79.0,64,1,2022-08-08 09:12:50
1659949970746897000,79.0,1,78.9,6,79.0,63,1,2022-08-08 09:12:50
1659949970802475000,79.0,2,78.9,6,79.0,64,1,2022-08-08 09:12:50
1659949970889915000,79.0,2,78.9,6,79.0,59,1,2022-08-08 09:12:50
1659949971957182000,79.0,10,78.9,9,79.0,49,1,2022-08-08 09:12:51
1659949972022344000,79.0,2,78.9,9,79.0,47,1,2022-08-08 09:12:52
1659949972386696000,79.0,2,78.9,9,79.0,45,1,2022-08-08 09:12:52
1659949972500367000,78.9,5,78.9,4,79.0,45,2,2022-08-08 09:12:52
1659949972756904000,79.0,1,78.9,4,79.0,48,1,2022-08-08 09:12:52
1659949973085036000,79.0,2,78.9,4,79.0,45,1,2022-08-08 09:12:53
1659949973367435000,79.0,2,78.9,4,79.0,43,1,2022-08-08 09:12:53
1659949973670928000,79.0,1,78.9,3,79.0,42,1,2022-08-08 09:12:53
1659949973677365000,79.0,2,78.9,3,79.0,40,1,2022-08-08 09:12:53
1659949973749338000,79.0,2,78.9,3,79.0,38,1,2022-08-08 09:12:53
1659949973932891000,79.0,1,78.9,4,79.0,37,1,2022-08-08 09:12:53
1659949974071161000,79.0,5,78.9,4,79.0,32,1,2022-08-08 09:12:54
1659949974421717000,79.0,1,78.9,5,79.0,31,1,2022-08-08 09:12:54
1659949974603048000,79.0,5,78.9,5,79.0,26,1,2022-08-08 09:12:54
1659949974637201000,79.0,26,78.9,5,79.1,36,1,2022-08-08 09:12:54
1659949974637201000,79.1,4,78.9,5,79.1,36,1,2022-08-08 09:12:54
1659949976133222000,79.0,3,79.0,27,79.1,36,2,2022-08-08 09:12:56
1659949976171061000,79.0,1,79.0,26,79.1,36,2,2022-08-08 09:12:56
1659949976240846000,79.0,2,79.0,30,79.1,36,2,2022-08-08 09:12:56
1659949976394277000,79.1,1,79.0,24,79.1,35,1,2022-08-08 09:12:56
1659949977211888000,79.1,1,79.0,25,79.1,34,1,2022-08-08 09:12:57
1659949977773490000,79.0,1,79.0,37,79.1,34,2,2022-08-08 09:12:57
1659949978098954000,79.1,1,79.0,36,79.1,35,1,2022-08-08 09:12:58
1659949978829235000,79.1,5,79.0,38,79.1,35,1,2022-08-08 09:12:58
1659949978902443000,79.1,1,79.0,38,79.1,29,1,2022-08-08 09:12:58
1659949980614832000,79.0,3,79.0,43,79.1,31,2,2022-08-08 09:13:00
1659949980893248000,79.1,1,79.0,43,79.1,30,1,2022-08-08 09:13:00
1659949981232423000,79.1,1,79.0,43,79.1,29,1,2022-08-08 09:13:01
1659949981311618000,79.1,1,79.0,43,79.1,28,1,2022-08-08 09:13:01
1659949981381527000,79.1,2,79.0,43,79.1,26,1,2022-08-08 09:13:01
1659949981454813000,79.1,1,79.0,43,79.1,26,1,2022-08-08 09:13:01
1659949981654002000,79.1,1,79.0,44,79.1,25,1,2022-08-08 09:13:01
1659949981719718000,79.1,1,79.0,44,79.1,24,1,2022-08-08 09:13:01
1659949981763417000,79.1,1,79.0,44,79.1,26,1,2022-08-08 09:13:01
1659949982595567000,79.1,5,79.0,48,79.1,23,1,2022-08-08 09:13:02
1659949982974536000,79.1,3,79.0,45,79.1,20,1,2022-08-08 09:13:02
1659949983092694000,79.1,1,79.0,45,79.1,19,1,2022-08-08 09:13:03
1659949983139135000,79.1,2,79.0,45,79.1,17,1,2022-08-08 09:13:03
1659949983311848000,79.1,1,79.0,45,79.1,17,1,2022-08-08 09:13:03
1659949983452871000,79.1,1,79.0,46,79.1,15,1,2022-08-08 09:13:03
1659949983896221000,79.1,10,79.0,47,79.1,5,1,2022-08-08 09:13:03
1659949983912091000,79.1,1,79.0,47,79.1,4,1,2022-08-08 09:13:03
1659949983925309000,79.1,1,79.0,47,79.1,3,1,2022-08-08 09:13:03
1659949984148048000,79.1,2,79.0,47,79.1,8,1,2022-08-08 09:13:04
1659949984517714000,79.1,1,79.0,47,79.1,5,1,2022-08-08 09:13:04
1659949984545067000,79.1,1,79.0,47,79.1,4,1,2022-08-08 09:13:04
1659949984818290000,79.1,2,79.0,27,79.1,4,1,2022-08-08 09:13:04
1659949984866964000,79.1,1,79.0,27,79.1,1,1,2022-08-08 09:13:04
1659949984921656000,79.1,1,79.1,2,79.2,30,1,2022-08-08 09:13:04
1659949984970791000,79.2,1,79.1,4,79.2,29,1,2022-08-08 09:13:04
1659949985329042000,79.2,1,79.1,9,79.2,28,1,2022-08-08 09:13:05
1659949985439419000,79.2,1,79.1,15,79.2,28,1,2022-08-08 09:13:05
1659949986048435000,79.1,1,79.1,18,79.2,27,2,2022-08-08 09:13:06
1659949987020750000,79.2,2,79.1,25,79.2,25,1,2022-08-08 09:13:07
1659949987408805000,79.2,1,79.1,25,79.2,24,1,2022-08-08 09:13:07
1659949987453880000,79.1,5,79.1,21,79.2,24,2,2022-08-08 09:13:07
1659949987725441000,79.1,5,79.1,17,79.2,27,2,2022-08-08 09:13:07
1659949987743067000,79.1,2,79.1,22,79.2,27,2,2022-08-08 09:13:07
1659949988286336000,79.1,1,79.1,15,79.2,28,2,2022-08-08 09:13:08
1659949988814756000,79.1,5,79.1,14,79.2,28,2,2022-08-08 09:13:08
1659949988837294000,79.1,2,79.1,7,79.2,28,2,2022-08-08 09:13:08
1659949989630467000,79.1,1,79.1,10,79.2,28,2,2022-08-08 09:13:09
1659949989776179000,79.2,1,79.1,10,79.2,29,1,2022-08-08 09:13:09
1659949990398617000,79.2,1,79.1,10,79.2,27,1,2022-08-08 09:13:10
1659949990878729000,79.1,1,79.1,9,79.2,27,2,2022-08-08 09:13:10
1659949991087418000,79.2,1,79.1,11,79.2,26,1,2022-08-08 09:13:11
1659949991755270000,79.1,1,79.1,13,79.2,26,2,2022-08-08 09:13:11
1659949992129697000,79.1,1,79.1,11,79.2,27,2,2022-08-08 09:13:12
1659949992422778000,79.1,3,79.1,8,79.2,27,2,2022-08-08 09:13:12
1659949992452464000,79.1,1,79.1,7,79.2,27,2,2022-08-08 09:13:12
1659949993306678000,79.1,2,79.1,9,79.2,28,2,2022-08-08 09:13:13
1659949993339375000,79.1,7,78.9,4,79.0,61,2,2022-08-08 09:13:13
1659949993339375000,79.0,32,78.9,4,79.0,61,2,2022-08-08 09:13:13
1659949993378436000,78.9,1,78.9,3,79.0,61,2,2022-08-08 09:13:13
1659949993401398000,79.0,2,78.9,3,79.0,59,1,2022-08-08 09:13:13
1659949993404125000,78.9,1,78.9,2,79.0,59,2,2022-08-08 09:13:13
1659949993404774000,78.9,1,78.9,1,79.0,59,2,2022-08-08 09:13:13
1659949993423338000,78.9,1,78.8,21,79.0,59,2,2022-08-08 09:13:13
1659949993658895000,78.9,1,78.8,21,78.9,1,1,2022-08-08 09:13:13
1659949994195480000,79.0,1,78.8,21,79.0,58,1,2022-08-08 09:13:14
1659949994261686000,79.0,3,78.8,21,79.0,59,1,2022-08-08 09:13:14
1659949994329616000,79.0,1,78.8,21,79.0,54,1,2022-08-08 09:13:14
1659949994416122000,78.9,3,78.8,21,78.9,7,1,2022-08-08 09:13:14
1659949994904863000,78.9,1,78.8,21,78.9,24,1,2022-08-08 09:13:14
1659949994955974000,78.9,1,78.8,21,78.9,23,1,2022-08-08 09:13:14
1659949995462867000,78.8,1,78.8,20,78.9,25,2,2022-08-08 09:13:15
1659949995513305000,78.9,1,78.8,20,78.9,24,1,2022-08-08 09:13:15
1659949995545843000,78.8,20,78.7,18,78.9,24,2,2022-08-08 09:13:15
1659949995596548000,78.8,1,78.7,18,78.8,2,1,2022-08-08 09:13:15
1659949996534788000,78.8,1,78.7,18,78.8,5,1,2022-08-08 09:13:16
1659949996567929000,78.7,1,78.7,17,78.8,7,2,2022-08-08 09:13:16
1659949998137335000,78.8,1,78.7,15,78.8,7,1,2022-08-08 09:13:18
1659949998712002000,78.7,2,78.7,13,78.8,6,2,2022-08-08 09:13:18
1659949999159734000,78.7,2,78.7,13,78.8,6,2,2022-08-08 09:13:19
1659949999713420000,78.8,1,78.7,11,78.8,8,1,2022-08-08 09:13:19
1659950000808092000,78.8,1,78.7,13,78.8,7,1,2022-08-08 09:13:20
1659950001411574000,78.8,3,78.7,13,78.8,3,1,2022-08-08 09:13:21
1659950001695282000,78.8,3,78.7,13,78.8,4,1,2022-08-08 09:13:21
1659950002475137000,78.8,1,78.7,13,78.8,13,1,2022-08-08 09:13:22
1659950002512821000,78.8,4,78.7,13,78.8,14,1,2022-08-08 09:13:22
1659950003236377000,78.8,1,78.7,13,78.8,9,1,2022-08-08 09:13:23
1659950003673464000,78.8,1,78.7,13,78.8,7,1,2022-08-08 09:13:23
1659950004584645000,78.7,1,78.7,13,78.8,18,2,2022-08-08 09:13:24
1659950004586092000,78.8,4,78.7,14,78.8,18,1,2022-08-08 09:13:24
1659950005148181000,78.8,1,78.7,13,78.8,13,1,2022-08-08 09:13:25
1659950005629545000,78.8,1,78.7,13,78.8,12,1,2022-08-08 09:13:25
1659950006204791000,78.8,1,78.7,17,78.8,11,1,2022-08-08 09:13:26
1659950008121497000,78.8,5,78.7,27,78.8,15,1,2022-08-08 09:13:28
1659950008148129000,78.7,1,78.7,26,78.8,15,2,2022-08-08 09:13:28
1659950008214272000,78.7,1,78.7,27,78.8,20,2,2022-08-08 09:13:28
1659950008358918000,78.7,1,78.7,24,78.8,15,2,2022-08-08 09:13:28
1659950008613036000,78.8,2,78.7,25,78.8,13,1,2022-08-08 09:13:28
1659950008661860000,78.8,2,78.7,25,78.8,11,1,2022-08-08 09:13:28
1659950008722261000,78.7,1,78.7,25,78.8,15,2,2022-08-08 09:13:28
1659950009419049000,78.8,1,78.7,24,78.8,13,1,2022-08-08 09:13:29
1659950009551070000,78.8,5,78.7,24,78.8,8,1,2022-08-08 09:13:29
1659950009765221000,78.8,3,78.7,24,78.8,18,1,2022-08-08 09:13:29
1659950010916292000,78.8,2,78.7,24,78.8,13,1,2022-08-08 09:13:30
1659950011295610000,78.7,1,78.7,23,78.8,13,2,2022-08-08 09:13:31
1659950011934437000,78.8,1,78.7,23,78.8,12,1,2022-08-08 09:13:31
1659950012111610000,78.8,2,78.7,23,78.8,10,1,2022-08-08 09:13:32
1659950012193895000,78.8,1,78.7,23,78.8,9,1,2022-08-08 09:13:32
1659950013407388000,78.8,1,78.7,23,78.8,8,1,2022-08-08 09:13:33
1659950013584523000,78.7,20,78.7,3,78.8,8,2,2022-08-08 09:13:33
1659950013626837000,78.7,1,78.7,2,78.8,8,2,2022-08-08 09:13:33
1659950013627687000,78.7,1,78.7,1,78.8,8,2,2022-08-08 09:13:33
1659950013629301000,78.7,1,78.6,22,78.8,8,2,2022-08-08 09:13:33
1659950013629608000,78.8,1,78.6,22,78.8,7,1,2022-08-08 09:13:33
1659950013981467000,78.8,1,78.6,22,78.8,11,1,2022-08-08 09:13:33
1659950014686725000,78.7,1,78.6,22,78.7,3,1,2022-08-08 09:13:34
1659950015149547000,78.7,3,78.6,22,78.8,15,1,2022-08-08 09:13:35
1659950015149547000,78.8,2,78.6,22,78.8,15,1,2022-08-08 09:13:35
1659950015257698000,78.8,2,78.6,22,78.8,16,1,2022-08-08 09:13:35
1659950015503766000,78.8,3,78.6,22,78.8,11,1,2022-08-08 09:13:35
1659950015942531000,78.8,2,78.6,22,78.8,9,1,2022-08-08 09:13:35
1659950016026264000,78.8,1,78.6,22,78.8,8,1,2022-08-08 09:13:36
1659950016377661000,78.7,1,78.8,1,78.9,7,1,2022-08-08 09:13:36
1659950016377661000,78.8,8,78.8,1,78.9,7,1,2022-08-08 09:13:36
1659950016560462000,78.8,1,78.6,22,78.7,1,2,2022-08-08 09:13:36
1659950017442848000,78.7,2,78.6,20,78.8,2,2,2022-08-08 09:13:37
1659950017442848000,78.6,2,78.6,20,78.8,2,2,2022-08-08 09:13:37
1659950018262654000,78.8,2,78.6,20,79.0,64,1,2022-08-08 09:13:38
1659950018262654000,78.9,7,78.6,20,79.0,64,1,2022-08-08 09:13:38
1659950018262654000,79.0,1,78.6,20,79.0,64,1,2022-08-08 09:13:38
1659950018997582000,78.7,1,78.6,19,78.7,9,2,2022-08-08 09:13:38
1659950019908173000,78.7,1,78.6,21,78.7,8,1,2022-08-08 09:13:39
1659950020641946000,78.7,1,78.6,21,78.7,7,1,2022-08-08 09:13:40
1659950023821848000,78.7,3,78.6,22,78.7,4,1,2022-08-08 09:13:43
1659950023846269000,78.7,4,78.6,22,78.8,2,1,2022-08-08 09:13:43
1659950023850040000,78.6,1,78.6,21,78.8,2,2,2022-08-08 09:13:43
1659950023857595000,78.6,1,78.6,20,78.8,2,2,2022-08-08 09:13:43
1659950023908303000,78.7,1,78.7,1,78.8,2,1,2022-08-08 09:13:43
1659950025135105000,78.8,2,78.7,2,78.9,12,1,2022-08-08 09:13:45
1659950025135105000,78.9,1,78.7,2,78.9,12,1,2022-08-08 09:13:45
1659950026847240000,78.7,1,78.7,1,78.9,12,2,2022-08-08 09:13:46
1659950026924235000,78.9,1,78.7,4,78.9,11,1,2022-08-08 09:13:46
1659950031072619000,78.9,15,78.7,20,78.9,1,1,2022-08-08 09:13:51
1659950031525891000,78.8,1,78.7,20,78.9,1,1,2022-08-08 09:13:51
1659950033599358000,78.9,2,78.7,20,79.0,57,1,2022-08-08 09:13:53
1659950033599358000,79.0,8,78.7,20,79.0,57,1,2022-08-08 09:13:53
1659950034723408000,78.9,1,78.8,7,78.9,1,1,2022-08-08 09:13:54
1659950038746743000,79.0,1,78.9,3,79.0,57,1,2022-08-08 09:13:58
1659950038747334000,79.0,1,78.9,3,79.0,56,1,2022-08-08 09:13:58
1659950038753738000,79.0,1,78.9,3,79.0,55,1,2022-08-08 09:13:58
1659950039099680000,79.0,1,78.9,3,79.0,54,1,2022-08-08 09:13:59
1659950040431502000,79.0,1,78.9,5,79.0,53,1,2022-08-08 09:14:00
1659950041341794000,79.0,1,78.9,5,79.0,52,1,2022-08-08 09:14:01
1659950041693435000,78.9,1,78.9,6,79.0,52,2,2022-08-08 09:14:01
1659950042705625000,79.0,1,78.9,5,79.0,52,1,2022-08-08 09:14:02
1659950044247694000,78.9,1,78.9,7,79.0,51,2,2022-08-08 09:14:04
1659950044883737000,78.9,6,78.8,12,78.9,4,2,2022-08-08 09:14:04
1659950046202707000,78.8,1,78.8,11,78.9,10,2,2022-08-08 09:14:06
1659950048565103000,78.9,1,78.8,11,78.9,13,1,2022-08-08 09:14:08
1659950049526502000,78.9,1,78.8,11,78.9,12,1,2022-08-08 09:14:09
1659950050301025000,78.8,4,78.8,12,78.9,18,2,2022-08-08 09:14:10
1659950050447801000,78.9,1,78.8,8,78.9,17,1,2022-08-08 09:14:10
