ts,close,volume,bid_price,bid_volume,ask_price,ask_volume,tick_type,datetime
1646902926663758000,121.5,1958,121.5,215,122.0,169,1,2022-03-10 09:02:06
1646902926702841000,122.0,169,121.5,216,122.5,202,1,2022-03-10 09:02:06
1646902926720931000,122.5,3,121.5,216,122.5,199,1,2022-03-10 09:02:06
1646902926747079000,122.0,1,121.5,216,122.0,12,1,2022-03-10 09:02:06
1646902926764361000,121.5,1,121.5,215,122.0,12,2,2022-03-10 09:02:06
1646902926771572000,122.0,12,121.5,215,122.5,202,1,2022-03-10 09:02:06
1646902926928841000,121.5,2,121.5,214,122.0,11,2,2022-03-10 09:02:06
1646902926958114000,121.5,1,121.5,213,122.0,11,2,2022-03-10 09:02:06
1646902926961338000,121.5,1,121.5,212,122.0,11,2,2022-03-10 09:02:06
1646902927189623000,122.0,1,121.5,213,122.0,10,1,2022-03-10 09:02:07
1646902927484763000,122.0,3,121.5,214,122.0,7,1,2022-03-10 09:02:07
1646902927864312000,121.5,4,121.5,211,122.0,7,2,2022-03-10 09:02:07
1646902927898399000,122.0,7,121.5,211,122.5,287,1,2022-03-10 09:02:07
1646902928781373000,122.5,1,121.5,212,122.5,287,1,2022-03-10 09:02:08
1646902928976141000,122.0,1,121.5,213,122.5,286,1,2022-03-10 09:02:08
1646902928976141000,122.5,1,121.5,213,122.5,286,1,2022-03-10 09:02:08
1646902928991563000,122.5,1,121.5,213,122.5,285,1,2022-03-10 09:02:08
1646902929193853000,122.5,2,122.0,1,122.5,283,1,2022-03-10 09:02:09
1646902929397784000,122.0,1,122.0,12,122.5,283,2,2022-03-10 09:02:09
1646902929407475000,122.5,1,122.0,12,122.5,282,1,2022-03-10 09:02:09
1646902929438449000,122.5,59,122.0,14,122.5,223,1,2022-03-10 09:02:09
1646902930135921000,122.0,14,121.5,213,122.5,223,2,2022-03-10 09:02:10
1646902930261483000,122.5,5,122.0,1,122.5,218,1,2022-03-10 09:02:10
1646902930534746000,122.5,2,122.0,14,122.5,216,1,2022-03-10 09:02:10
1646902930695365000,122.5,1,122.0,15,122.5,215,1,2022-03-10 09:02:10
1646902930794227000,122.0,15,121.5,206,122.5,215,2,2022-03-10 09:02:10
1646902930794227000,121.5,7,121.5,206,122.5,215,2,2022-03-10 09:02:10
1646902930808487000,121.5,3,121.5,203,122.5,215,2,2022-03-10 09:02:10
1646902930815813000,122.0,1,122.0,31,122.5,215,1,2022-03-10 09:02:10
1646902931031628000,122.5,1,122.0,34,122.5,214,1,2022-03-10 09:02:11
1646902931032415000,122.5,4,122.0,34,122.5,210,1,2022-03-10 09:02:11
1646902931045133000,122.0,22,122.0,13,122.5,210,2,2022-03-10 09:02:11
1646902931075788000,122.5,22,122.0,13,122.5,188,1,2022-03-10 09:02:11
1646902931297037000,122.0,8,122.0,5,122.5,188,2,2022-03-10 09:02:11
1646902931301078000,122.0,5,121.5,202,122.5,188,2,2022-03-10 09:02:11
1646902931301078000,121.5,1,121.5,202,122.5,188,2,2022-03-10 09:02:11
1646902931378627000,122.0,1,121.5,202,122.5,188,1,2022-03-10 09:02:11
1646902931459667000,122.5,1,121.5,202,122.5,187,1,2022-03-10 09:02:11
1646902931677382000,122.5,1,122.0,12,122.5,186,1,2022-03-10 09:02:11
1646902932082336000,122.5,1,122.0,15,122.5,185,1,2022-03-10 09:02:12
1646902932165699000,122.5,1,122.0,16,122.5,184,1,2022-03-10 09:02:12
1646902932418224000,122.5,1,122.0,16,122.5,183,1,2022-03-10 09:02:12
1646902932475664000,122.5,1,122.0,17,122.5,182,1,2022-03-10 09:02:12
1646902932508119000,122.5,1,122.0,17,122.5,181,1,2022-03-10 09:02:12
1646902932764806000,122.0,2,122.0,17,122.5,181,2,2022-03-10 09:02:12
1646902932863614000,122.5,1,122.0,17,122.5,180,1,2022-03-10 09:02:12
1646902933035898000,122.5,1,122.0,22,122.5,179,1,2022-03-10 09:02:13
1646902933080176000,122.0,1,122.0,21,122.5,179,2,2022-03-10 09:02:13
1646902933100335000,122.5,1,122.0,26,122.5,178,1,2022-03-10 09:02:13
1646902933166348000,122.5,1,122.0,26,122.5,177,1,2022-03-10 09:02:13
1646902933209035000,122.0,1,122.0,25,122.5,177,2,2022-03-10 09:02:13
1646902933269138000,122.5,2,122.0,25,122.5,175,1,2022-03-10 09:02:13
1646902933664130000,122.5,2,122.0,28,122.5,173,1,2022-03-10 09:02:13
1646902933858829000,122.5,2,122.0,30,122.5,181,1,2022-03-10 09:02:13
1646902933922404000,122.5,2,122.0,30,122.5,179,1,2022-03-10 09:02:13
1646902933993544000,122.5,1,122.0,30,122.5,178,1,2022-03-10 09:02:13
1646902934081038000,122.0,10,122.0,20,122.5,178,2,2022-03-10 09:02:14
1646902934142741000,122.5,10,122.0,21,122.5,168,1,2022-03-10 09:02:14
1646902934359436000,122.5,2,122.0,22,122.5,168,1,2022-03-10 09:02:14
1646902934385955000,122.5,168,122.0,22,123.0,238,1,2022-03-10 09:02:14
1646902934511554000,122.5,1,122.0,22,123.0,225,2,2022-03-10 09:02:14
1646902934593640000,122.5,1,122.0,23,122.5,1,1,2022-03-10 09:02:14
1646902934625257000,122.5,1,122.0,23,123.0,226,1,2022-03-10 09:02:14
1646902934857118000,122.5,4,122.0,26,122.5,36,1,2022-03-10 09:02:14
1646902934879494000,122.5,1,122.0,26,122.5,35,1,2022-03-10 09:02:14
1646902934889042000,122.5,2,122.0,26,122.5,33,1,2022-03-10 09:02:14
1646902935004182000,122.0,1,122.0,26,122.5,33,2,2022-03-10 09:02:15
1646902935038892000,122.5,1,122.0,28,122.5,32,1,2022-03-10 09:02:15
1646902935063989000,122.5,15,122.0,28,122.5,17,1,2022-03-10 09:02:15
1646902935128638000,122.5,17,122.0,29,123.0,227,1,2022-03-10 09:02:15
1646902935131114000,123.0,1,122.0,29,123.0,226,1,2022-03-10 09:02:15
1646902935135848000,122.0,1,122.0,28,123.0,226,2,2022-03-10 09:02:15
1646902935266293000,122.5,3,122.0,28,123.0,226,2,2022-03-10 09:02:15
1646902935282407000,122.0,1,122.0,27,123.0,226,2,2022-03-10 09:02:15
1646902935400523000,122.5,2,122.5,3,123.0,226,2,2022-03-10 09:02:15
1646902935495841000,123.0,10,122.5,9,123.0,216,1,2022-03-10 09:02:15
1646902935564214000,123.0,1,122.5,9,123.0,215,1,2022-03-10 09:02:15
1646902935834683000,122.5,5,122.5,18,123.0,215,2,2022-03-10 09:02:15
1646902935839757000,123.0,1,122.5,18,123.0,214,1,2022-03-10 09:02:15
1646902936190992000,122.5,1,122.5,22,123.0,217,2,2022-03-10 09:02:16
1646902936232143000,123.0,1,122.5,22,123.0,216,1,2022-03-10 09:02:16
1646902936377171000,123.0,1,122.5,22,123.0,215,1,2022-03-10 09:02:16
1646902936577958000,123.0,1,122.5,22,123.0,215,1,2022-03-10 09:02:16
1646902936620821000,123.0,2,122.5,22,123.0,213,1,2022-03-10 09:02:16
1646902936706517000,123.0,1,122.5,23,123.0,212,1,2022-03-10 09:02:16
1646902936974692000,123.0,2,122.5,28,123.0,211,1,2022-03-10 09:02:16
1646902937116264000,123.0,1,122.5,30,123.0,210,1,2022-03-10 09:02:17
1646902937220817000,122.5,1,122.5,30,123.0,210,2,2022-03-10 09:02:17
1646902937303674000,123.0,1,122.5,33,123.0,209,1,2022-03-10 09:02:17
1646902937426069000,122.5,28,122.5,17,123.0,209,2,2022-03-10 09:02:17
1646902937496172000,122.5,3,122.5,14,123.0,209,2,2022-03-10 09:02:17
1646902937873246000,122.5,19,122.0,71,123.0,214,2,2022-03-10 09:02:17
1646902937881648000,123.0,1,122.0,71,123.0,213,1,2022-03-10 09:02:17
1646902937945649000,122.5,1,122.5,4,123.0,213,2,2022-03-10 09:02:17
1646902938064719000,123.0,1,122.5,4,123.0,212,1,2022-03-10 09:02:18
1646902938193579000,123.0,1,122.5,7,123.0,211,1,2022-03-10 09:02:18
1646902938194525000,123.0,1,122.5,7,123.0,210,1,2022-03-10 09:02:18
1646902938258617000,122.5,1,122.5,6,123.0,210,2,2022-03-10 09:02:18
1646902938347495000,123.0,8,122.5,7,123.0,202,1,2022-03-10 09:02:18
1646902938358247000,123.0,3,122.5,7,123.0,199,1,2022-03-10 09:02:18
1646902938493797000,123.0,1,122.5,7,123.0,198,1,2022-03-10 09:02:18
1646902938495751000,123.0,1,122.5,7,123.0,197,1,2022-03-10 09:02:18
1646902938559099000,123.0,1,122.5,8,123.0,196,1,2022-03-10 09:02:18
1646902938631453000,123.0,1,122.5,13,123.0,195,1,2022-03-10 09:02:18
1646902938649890000,123.0,5,122.5,13,123.0,190,1,2022-03-10 09:02:18
1646902938711832000,123.0,4,122.5,13,123.0,186,1,2022-03-10 09:02:18
1646902938735029000,122.5,1,122.5,17,123.0,186,2,2022-03-10 09:02:18
1646902938737524000,123.0,1,122.5,17,123.0,185,1,2022-03-10 09:02:18
1646902938775412000,123.0,1,122.5,18,123.0,184,1,2022-03-10 09:02:18
1646902938781129000,123.0,1,122.5,18,123.0,183,1,2022-03-10 09:02:18
1646902938982030000,123.0,1,122.5,20,123.0,183,1,2022-03-10 09:02:18
1646902938997386000,122.5,21,122.0,78,122.5,19,2,2022-03-10 09:02:18
1646902939084350000,122.5,2,122.0,78,122.5,19,1,2022-03-10 09:02:19
1646902939094527000,122.5,1,122.0,78,122.5,18,1,2022-03-10 09:02:19
1646902939122739000,122.0,1,122.0,77,122.5,18,2,2022-03-10 09:02:19
1646902939181251000,122.5,2,122.0,78,122.5,16,1,2022-03-10 09:02:19
1646902939189046000,122.5,16,122.0,78,123.0,48,1,2022-03-10 09:02:19
1646902939189046000,123.0,134,122.0,78,123.0,48,1,2022-03-10 09:02:19
1646902939381593000,122.5,1,122.0,78,123.0,53,2,2022-03-10 09:02:19
1646902939403161000,123.0,1,122.0,78,123.0,52,1,2022-03-10 09:02:19
1646902939403466000,122.0,10,122.0,68,123.0,52,2,2022-03-10 09:02:19
1646902939453085000,122.5,1,122.0,68,122.5,1,1,2022-03-10 09:02:19
1646902939468348000,122.5,1,122.0,68,123.0,52,1,2022-03-10 09:02:19
1646902939536124000,123.0,5,122.5,5,123.0,47,1,2022-03-10 09:02:19
1646902939690003000,123.0,3,122.5,5,123.0,44,1,2022-03-10 09:02:19
1646902939731739000,122.5,3,122.5,2,123.0,44,2,2022-03-10 09:02:19
1646902939897766000,123.0,3,122.5,2,123.0,42,1,2022-03-10 09:02:19
1646902939916958000,123.0,1,122.5,2,123.0,41,1,2022-03-10 09:02:19
1646902939928725000,123.0,1,122.5,2,123.0,40,1,2022-03-10 09:02:19
1646902940039698000,122.5,2,122.0,68,122.5,8,2,2022-03-10 09:02:20
1646902940071386000,122.5,1,122.0,68,122.5,7,1,2022-03-10 09:02:20
1646902940075671000,122.5,8,122.0,68,122.5,1,1,2022-03-10 09:02:20
1646902940106091000,122.5,1,122.0,68,123.0,40,1,2022-03-10 09:02:20
1646902940114555000,123.0,1,122.0,68,123.0,39,1,2022-03-10 09:02:20
1646902940172097000,122.5,1,122.0,68,123.0,39,2,2022-03-10 09:02:20
1646902940262662000,123.0,4,122.5,1,123.0,35,1,2022-03-10 09:02:20
1646902940349864000,123.0,1,122.5,1,123.0,34,1,2022-03-10 09:02:20
1646902940366531000,122.5,1,122.0,69,122.5,4,2,2022-03-10 09:02:20
1646902940391834000,122.5,4,122.0,69,123.0,34,1,2022-03-10 09:02:20
1646902940396856000,123.0,5,122.0,69,123.0,29,1,2022-03-10 09:02:20
1646902940409576000,122.5,2,122.0,69,123.0,29,1,2022-03-10 09:02:20
1646902940494129000,123.0,1,122.5,2,123.0,28,1,2022-03-10 09:02:20
1646902940753136000,123.0,3,122.5,13,123.0,25,1,2022-03-10 09:02:20
1646902940868384000,123.0,2,122.5,21,123.0,24,1,2022-03-10 09:02:20
1646902940979750000,123.0,2,122.5,23,123.0,22,1,2022-03-10 09:02:20
1646902941066116000,123.0,4,122.5,24,123.0,18,1,2022-03-10 09:02:21
1646902941148251000,123.0,1,122.5,24,123.0,17,1,2022-03-10 09:02:21
1646902941249117000,122.5,2,122.5,23,123.0,17,2,2022-03-10 09:02:21
1646902941365289000,123.0,1,122.5,26,123.0,16,1,2022-03-10 09:02:21
1646902941382167000,123.0,1,122.5,27,123.0,15,1,2022-03-10 09:02:21
1646902941394534000,123.0,10,122.5,27,123.0,5,1,2022-03-10 09:02:21
1646902941418916000,123.0,1,122.5,27,123.0,4,1,2022-03-10 09:02:21
1646902941424894000,123.0,1,122.5,32,123.0,3,1,2022-03-10 09:02:21
1646902941433607000,123.0,5,122.5,32,123.5,63,1,2022-03-10 09:02:21
1646902941487664000,123.0,2,123.0,2,123.5,63,2,2022-03-10 09:02:21
1646902941576289000,123.5,1,123.0,3,123.5,62,1,2022-03-10 09:02:21
1646902941604242000,123.5,1,123.0,3,123.5,61,1,2022-03-10 09:02:21
1646902941631382000,123.5,1,123.0,3,123.5,60,1,2022-03-10 09:02:21
1646902941792370000,123.5,1,123.0,8,123.5,59,1,2022-03-10 09:02:21
1646902941793990000,123.5,1,123.0,8,123.5,58,1,2022-03-10 09:02:21
1646902941816210000,123.5,1,123.0,8,123.5,57,1,2022-03-10 09:02:21
1646902941914223000,123.5,2,123.0,10,123.5,55,1,2022-03-10 09:02:21
1646902941955033000,123.0,10,123.0,16,123.5,55,2,2022-03-10 09:02:21
1646902941991911000,123.0,2,123.0,14,123.5,55,2,2022-03-10 09:02:21
1646902941997628000,123.5,1,123.0,14,123.5,54,1,2022-03-10 09:02:21
1646902942013862000,123.5,5,123.0,14,123.5,49,1,2022-03-10 09:02:22
1646902942032453000,123.0,1,123.0,13,123.5,49,2,2022-03-10 09:02:22
1646902942195435000,123.5,2,123.0,18,123.5,47,1,2022-03-10 09:02:22
1646902942387293000,123.0,1,123.0,19,123.5,48,2,2022-03-10 09:02:22
1646902942515233000,123.5,5,123.0,21,123.5,43,1,2022-03-10 09:02:22
1646902942522867000,123.5,11,123.0,21,123.5,32,1,2022-03-10 09:02:22
1646902942562558000,123.0,22,122.5,33,123.5,32,2,2022-03-10 09:02:22
1646902942562558000,122.5,18,122.5,33,123.5,32,2,2022-03-10 09:02:22
1646902942774499000,123.5,1,123.0,3,123.5,31,1,2022-03-10 09:02:22
1646902942783380000,123.5,1,123.0,3,123.5,30,1,2022-03-10 09:02:22
1646902942856229000,123.0,1,123.0,2,123.5,30,2,2022-03-10 09:02:22
1646902942905602000,123.5,1,123.0,2,123.5,29,1,2022-03-10 09:02:22
1646902942927865000,123.0,1,123.0,2,123.5,29,2,2022-03-10 09:02:22
1646902942984004000,123.5,1,123.0,4,123.5,28,1,2022-03-10 09:02:22
1646902943116745000,123.0,1,123.0,3,123.5,28,2,2022-03-10 09:02:23
1646902943164851000,123.5,1,123.0,3,123.5,27,1,2022-03-10 09:02:23
1646902943195397000,123.0,4,122.5,47,123.0,1,2,2022-03-10 09:02:23
1646902943229158000,123.0,1,122.5,47,123.5,27,1,2022-03-10 09:02:23
1646902943370098000,123.5,1,123.0,4,123.5,146,1,2022-03-10 09:02:23
1646902943470276000,123.5,2,123.0,5,123.5,144,1,2022-03-10 09:02:23
1646902943489874000,123.5,1,123.0,5,123.5,143,1,2022-03-10 09:02:23
1646902943501851000,123.0,5,122.5,54,123.0,5,2,2022-03-10 09:02:23
1646902943508186000,123.0,1,122.5,54,123.0,4,1,2022-03-10 09:02:23
1646902943514103000,123.0,2,122.5,54,123.0,2,1,2022-03-10 09:02:23
1646902943524115000,123.0,1,122.5,54,123.0,1,1,2022-03-10 09:02:23
1646902943534572000,123.0,3,123.0,3,123.5,143,1,2022-03-10 09:02:23
1646902943609980000,123.5,3,123.0,6,123.5,145,1,2022-03-10 09:02:23
1646902943611132000,123.0,1,123.0,5,123.5,145,2,2022-03-10 09:02:23
1646902943640585000,123.5,2,123.0,5,123.5,143,1,2022-03-10 09:02:23
1646902943690692000,123.5,3,123.0,7,123.5,141,1,2022-03-10 09:02:23
1646902943742815000,123.5,2,123.0,8,123.5,139,1,2022-03-10 09:02:23
1646902943747816000,123.5,1,123.0,8,123.5,138,1,2022-03-10 09:02:23
1646902943750216000,123.5,1,123.0,8,123.5,137,1,2022-03-10 09:02:23
1646902943761263000,123.5,1,123.0,8,123.5,136,1,2022-03-10 09:02:23
1646902943872046000,123.5,10,123.0,9,123.5,126,1,2022-03-10 09:02:23
1646902943973237000,123.0,2,123.0,7,123.5,126,2,2022-03-10 09:02:23
1646902943979770000,123.5,5,123.0,8,123.5,121,1,2022-03-10 09:02:23
1646902944237636000,123.5,1,123.0,16,123.5,120,1,2022-03-10 09:02:24
1646902944284237000,123.5,1,123.0,16,123.5,120,1,2022-03-10 09:02:24
1646902944465754000,123.5,1,123.0,20,123.5,119,1,2022-03-10 09:02:24
1646902944592844000,123.5,1,123.0,24,123.5,118,1,2022-03-10 09:02:24
1646902944609966000,123.0,1,123.0,23,123.5,118,2,2022-03-10 09:02:24
1646902944906619000,123.5,5,123.0,30,123.5,114,1,2022-03-10 09:02:24
1646902945025531000,123.5,1,123.0,31,123.5,113,1,2022-03-10 09:02:25
1646902945122266000,123.0,10,123.0,22,123.5,113,2,2022-03-10 09:02:25
1646902945215058000,123.0,1,123.0,22,123.5,113,2,2022-03-10 09:02:25
1646902945277947000,123.5,1,123.0,22,123.5,113,1,2022-03-10 09:02:25
1646902945285079000,123.5,20,123.0,22,123.5,93,1,2022-03-10 09:02:25
1646902945425345000,123.5,1,123.0,25,123.5,92,1,2022-03-10 09:02:25
1646902945437389000,123.5,1,123.0,25,123.5,91,1,2022-03-10 09:02:25
1646902945704925000,123.0,23,123.0,14,123.5,91,2,2022-03-10 09:02:25
1646902945728202000,123.5,1,123.0,14,123.5,90,1,2022-03-10 09:02:25
1646902945846802000,123.5,1,123.0,15,123.5,89,1,2022-03-10 09:02:25
1646902945850253000,123.0,1,123.0,14,123.5,89,2,2022-03-10 09:02:25
1646902946087311000,123.5,2,123.0,16,123.5,87,1,2022-03-10 09:02:26
1646902946190264000,123.5,1,123.0,21,123.5,86,1,2022-03-10 09:02:26
1646902946275670000,123.5,2,123.0,23,123.5,84,1,2022-03-10 09:02:26
1646902946300768000,123.5,2,123.0,23,123.5,82,1,2022-03-10 09:02:26
1646902946327613000,123.5,3,123.0,23,123.5,79,1,2022-03-10 09:02:26
1646902946392592000,123.5,6,123.0,23,123.5,73,1,2022-03-10 09:02:26
1646902946418786000,123.0,7,123.0,18,123.5,73,2,2022-03-10 09:02:26
1646902946557137000,123.5,1,123.0,32,123.5,72,1,2022-03-10 09:02:26
1646902946624687000,123.5,2,123.0,32,123.5,70,1,2022-03-10 09:02:26
1646902946681877000,123.5,5,123.0,33,123.5,65,1,2022-03-10 09:02:26
1646902946713455000,123.5,1,123.0,33,123.5,64,1,2022-03-10 09:02:26
1646902946715148000,123.5,64,123.0,33,124.0,128,1,2022-03-10 09:02:26
1646902946800735000,123.5,3,123.0,35,124.0,128,2,2022-03-10 09:02:26
1646902946884418000,124.0,1,123.0,43,124.0,127,1,2022-03-10 09:02:26
1646902946935544000,123.5,1,123.0,45,124.0,127,2,2022-03-10 09:02:26
1646902947012338000,123.0,1,123.0,45,123.5,3,2,2022-03-10 09:02:27
1646902947021880000,123.5,1,123.0,46,123.5,2,1,2022-03-10 09:02:27
1646902947033977000,123.5,1,123.0,46,123.5,1,1,2022-03-10 09:02:27
1646902947156057000,123.0,10,123.0,41,123.5,6,2,2022-03-10 09:02:27
1646902947169070000,123.0,1,123.0,40,123.5,6,2,2022-03-10 09:02:27
1646902947184313000,123.5,1,123.0,40,123.5,5,1,2022-03-10 09:02:27
1646902947265789000,123.0,1,123.0,39,123.5,7,2,2022-03-10 09:02:27
1646902947342651000,123.5,2,123.0,40,123.5,5,1,2022-03-10 09:02:27
1646902947379918000,123.0,2,123.0,39,123.5,5,2,2022-03-10 09:02:27
1646902947417911000,123.5,1,123.0,39,123.5,4,1,2022-03-10 09:02:27
1646902947443345000,123.5,4,123.5,11,124.0,129,1,2022-03-10 09:02:27
1646902947480602000,123.5,5,123.5,8,124.0,129,2,2022-03-10 09:02:27
1646902947527740000,123.5,1,123.5,9,124.0,129,2,2022-03-10 09:02:27
1646902947533186000,124.0,1,123.5,9,124.0,128,1,2022-03-10 09:02:27
1646902947783602000,124.0,20,123.5,29,124.0,108,1,2022-03-10 09:02:27
1646902947812442000,124.0,1,123.5,29,124.0,107,1,2022-03-10 09:02:27
1646902947832126000,124.0,3,123.5,29,124.0,108,1,2022-03-10 09:02:27
1646902947926750000,124.0,1,123.5,31,124.0,107,1,2022-03-10 09:02:27
1646902947996836000,124.0,1,123.5,31,124.0,106,1,2022-03-10 09:02:27
1646902948011300000,124.0,1,123.5,31,124.0,105,1,2022-03-10 09:02:28
1646902948136088000,123.5,1,123.5,30,124.0,105,2,2022-03-10 09:02:28
1646902948582169000,124.0,1,123.5,59,124.0,104,1,2022-03-10 09:02:28
1646902948679459000,123.5,1,123.5,58,124.0,104,2,2022-03-10 09:02:28
1646902948904022000,124.0,3,123.5,59,124.0,101,1,2022-03-10 09:02:28
1646902948986512000,123.5,1,123.5,70,124.0,101,2,2022-03-10 09:02:28
1646902949011659000,123.5,1,123.5,70,124.0,100,2,2022-03-10 09:02:29
1646902949062397000,124.0,1,123.5,71,124.0,99,1,2022-03-10 09:02:29
1646902949096573000,123.5,1,123.5,70,124.0,99,2,2022-03-10 09:02:29
1646902949116039000,124.0,1,123.5,70,124.0,98,1,2022-03-10 09:02:29
1646902949223528000,123.5,10,123.5,63,124.0,98,2,2022-03-10 09:02:29
1646902949229468000,124.0,1,123.5,64,124.0,97,1,2022-03-10 09:02:29
1646902949387535000,124.0,1,123.5,64,124.0,96,1,2022-03-10 09:02:29
1646902949430334000,124.0,1,123.5,64,124.0,95,1,2022-03-10 09:02:29
1646902949572671000,123.5,1,123.5,63,124.0,95,2,2022-03-10 09:02:29
1646902949786382000,123.5,2,123.5,64,124.0,95,2,2022-03-10 09:02:29
1646902949883799000,123.5,1,123.5,64,124.0,95,2,2022-03-10 09:02:29
1646902949958407000,123.5,30,123.5,34,124.0,95,2,2022-03-10 09:02:29
1646902949973000000,124.0,1,123.5,34,124.0,94,1,2022-03-10 09:02:29
1646902950151883000,124.0,1,123.5,42,124.0,93,1,2022-03-10 09:02:30
1646902950522069000,124.0,1,123.5,51,124.0,93,1,2022-03-10 09:02:30
1646902950672186000,124.0,1,123.5,51,124.0,92,1,2022-03-10 09:02:30
1646902950700303000,123.5,5,123.5,46,124.0,92,2,2022-03-10 09:02:30
1646902950710784000,124.0,1,123.5,47,124.0,91,1,2022-03-10 09:02:30
1646902950733486000,124.0,1,123.5,47,124.0,91,1,2022-03-10 09:02:30
1646902950790226000,124.0,3,123.5,47,124.0,88,1,2022-03-10 09:02:30
1646902950832226000,124.0,1,123.5,48,124.0,87,1,2022-03-10 09:02:30
1646902950953593000,124.0,5,123.5,53,124.0,82,1,2022-03-10 09:02:30
1646902951030276000,123.5,15,123.5,40,124.0,82,2,2022-03-10 09:02:31
1646902951039964000,123.5,15,123.5,25,124.0,82,2,2022-03-10 09:02:31
1646902951062225000,124.0,1,123.5,26,124.0,81,1,2022-03-10 09:02:31
1646902951205011000,123.5,2,123.5,27,124.0,82,2,2022-03-10 09:02:31
1646902951259964000,124.0,1,123.5,28,124.0,82,1,2022-03-10 09:02:31
1646902951453854000,123.5,30,123.0,94,124.0,82,2,2022-03-10 09:02:31
1646902951456902000,124.0,5,123.0,94,124.0,77,1,2022-03-10 09:02:31
1646902951464226000,124.0,1,123.0,94,124.0,76,1,2022-03-10 09:02:31
1646902951544273000,124.0,1,123.5,4,124.0,75,1,2022-03-10 09:02:31
1646902951562461000,123.5,2,123.5,2,124.0,75,2,2022-03-10 09:02:31
1646902951664903000,124.0,2,123.5,7,124.0,73,1,2022-03-10 09:02:31
1646902951707667000,124.0,2,123.5,7,124.0,71,1,2022-03-10 09:02:31
1646902951755148000,124.0,4,123.5,7,124.0,67,1,2022-03-10 09:02:31
1646902951902053000,124.0,6,123.5,8,124.0,61,1,2022-03-10 09:02:31
1646902951924415000,124.0,3,123.5,8,124.0,58,1,2022-03-10 09:02:31
1646902952009796000,124.0,1,123.5,9,124.0,57,1,2022-03-10 09:02:32
1646902952102166000,124.0,5,123.5,9,124.0,52,1,2022-03-10 09:02:32
1646902952138118000,124.0,10,123.5,9,124.0,38,1,2022-03-10 09:02:32
1646902952241324000,124.0,1,123.5,10,124.0,38,1,2022-03-10 09:02:32
1646902952269175000,124.0,1,123.5,11,124.0,37,1,2022-03-10 09:02:32
1646902952300435000,124.0,1,123.5,11,124.0,36,1,2022-03-10 09:02:32
1646902952343420000,123.5,2,123.5,9,124.0,36,2,2022-03-10 09:02:32
1646902952376872000,124.0,3,123.5,13,124.0,33,1,2022-03-10 09:02:32
1646902952410443000,124.0,33,123.5,14,124.5,34,1,2022-03-10 09:02:32
1646902952410443000,124.5,77,123.5,14,124.5,34,1,2022-03-10 09:02:32
1646902952455468000,124.5,1,123.5,19,124.5,33,1,2022-03-10 09:02:32
1646902952529344000,124.5,2,124.0,6,124.5,31,1,2022-03-10 09:02:32
1646902952573165000,124.0,1,124.0,5,124.5,31,2,2022-03-10 09:02:32
1646902952586179000,124.0,5,123.5,21,124.5,31,2,2022-03-10 09:02:32
1646902952589662000,124.5,2,123.5,21,124.5,29,1,2022-03-10 09:02:32
1646902952614208000,124.5,1,123.5,21,124.5,28,1,2022-03-10 09:02:32
1646902952623985000,124.5,1,123.5,21,124.5,27,1,2022-03-10 09:02:32
1646902952670127000,123.5,1,123.5,21,124.5,27,2,2022-03-10 09:02:32
1646902952764395000,124.0,1,123.5,22,124.0,3,1,2022-03-10 09:02:32
1646902952788256000,124.0,2,123.5,22,124.0,1,1,2022-03-10 09:02:32
1646902952813615000,124.0,1,123.5,22,124.5,27,1,2022-03-10 09:02:32
1646902952835395000,124.5,5,123.5,22,124.5,22,1,2022-03-10 09:02:32
1646902952941668000,124.0,1,123.5,22,124.0,31,2,2022-03-10 09:02:32
1646902952944007000,124.0,1,123.5,22,124.0,30,1,2022-03-10 09:02:32
1646902952951585000,124.0,1,123.5,22,124.0,29,1,2022-03-10 09:02:32
1646902953064553000,124.0,1,123.5,26,124.0,30,1,2022-03-10 09:02:33
1646902953121717000,124.0,1,123.5,26,124.0,29,1,2022-03-10 09:02:33
1646902953181195000,124.0,1,123.5,28,124.0,30,1,2022-03-10 09:02:33
1646902953242655000,124.0,2,123.5,28,124.0,28,1,2022-03-10 09:02:33
1646902953245202000,124.0,1,123.5,28,124.0,27,1,2022-03-10 09:02:33
1646902953413835000,124.0,1,123.5,29,124.0,31,1,2022-03-10 09:02:33
1646902953437372000,124.0,1,123.5,29,124.0,30,1,2022-03-10 09:02:33
1646902953445154000,123.5,1,123.5,29,124.0,30,2,2022-03-10 09:02:33
1646902953473592000,124.0,10,123.5,29,124.0,20,1,2022-03-10 09:02:33
1646902953500739000,124.0,1,123.5,29,124.0,19,1,2022-03-10 09:02:33
1646902953503153000,124.0,1,123.5,29,124.0,18,1,2022-03-10 09:02:33
1646902953559436000,124.0,1,123.5,30,124.0,17,1,2022-03-10 09:02:33
1646902953615688000,124.0,1,123.5,30,124.0,16,1,2022-03-10 09:02:33
1646902953662172000,124.0,1,123.5,30,124.0,15,1,2022-03-10 09:02:33
1646902953800542000,124.0,1,123.5,31,124.0,14,1,2022-03-10 09:02:33
1646902953802058000,124.0,1,123.5,31,124.0,13,1,2022-03-10 09:02:33
1646902953832687000,124.0,1,123.5,31,124.0,12,1,2022-03-10 09:02:33
1646902953921593000,123.5,15,123.5,18,124.0,13,2,2022-03-10 09:02:33
1646902953989703000,124.0,1,123.5,20,124.0,13,1,2022-03-10 09:02:33
1646902953990296000,124.0,2,123.5,20,124.0,11,1,2022-03-10 09:02:33
1646902954045485000,123.5,1,123.5,19,124.0,16,2,2022-03-10 09:02:34
1646902954077509000,124.0,2,123.5,20,124.0,14,1,2022-03-10 09:02:34
1646902954151371000,124.0,1,123.5,20,124.0,13,1,2022-03-10 09:02:34
1646902954218291000,124.0,1,123.5,21,124.0,12,1,2022-03-10 09:02:34
1646902954226010000,124.0,1,123.5,23,124.0,11,1,2022-03-10 09:02:34
1646902954230709000,124.0,1,123.5,23,124.0,10,1,2022-03-10 09:02:34
1646902954264621000,124.0,1,123.5,23,124.0,9,1,2022-03-10 09:02:34
1646902954265812000,123.5,1,123.5,22,124.0,9,2,2022-03-10 09:02:34
1646902954272843000,124.0,1,123.5,22,124.0,8,1,2022-03-10 09:02:34
1646902954274981000,124.0,1,123.5,22,124.0,7,1,2022-03-10 09:02:34
1646902954290481000,123.5,7,123.5,15,124.0,7,2,2022-03-10 09:02:34
1646902954297931000,124.0,1,123.5,15,124.0,6,1,2022-03-10 09:02:34
1646902954324930000,124.0,1,123.5,16,124.0,5,1,2022-03-10 09:02:34
1646902954352273000,124.0,1,123.5,16,124.0,4,1,2022-03-10 09:02:34
1646902954362973000,124.0,1,123.5,16,124.0,3,1,2022-03-10 09:02:34
1646902954397614000,124.0,1,123.5,16,124.0,2,1,2022-03-10 09:02:34
1646902954454072000,124.0,1,123.5,16,124.0,1,1,2022-03-10 09:02:34
1646902954493574000,124.0,1,123.5,16,124.5,27,1,2022-03-10 09:02:34
1646902954552359000,124.5,2,124.0,4,124.5,25,1,2022-03-10 09:02:34
1646902954666422000,124.5,13,124.0,5,124.5,12,1,2022-03-10 09:02:34
1646902954683858000,124.0,1,124.0,4,124.5,12,2,2022-03-10 09:02:34
1646902954756059000,124.0,1,124.0,4,124.5,12,2,2022-03-10 09:02:34
1646902954856815000,124.0,4,123.5,23,124.0,16,2,2022-03-10 09:02:34
1646902954877706000,124.0,1,123.5,23,124.0,15,1,2022-03-10 09:02:34
1646902954894463000,124.0,1,123.5,24,124.0,14,1,2022-03-10 09:02:34
1646902954913759000,124.0,1,123.5,24,124.0,13,1,2022-03-10 09:02:34
1646902954968481000,124.0,1,123.5,24,124.0,12,1,2022-03-10 09:02:34
1646902955051847000,124.0,1,123.5,25,124.0,11,1,2022-03-10 09:02:35
1646902955073217000,124.0,2,123.5,25,124.0,9,1,2022-03-10 09:02:35
1646902955077686000,124.0,1,123.5,25,124.0,8,1,2022-03-10 09:02:35
1646902955137667000,124.0,1,123.5,25,124.0,8,1,2022-03-10 09:02:35
1646902955147735000,124.0,1,123.5,25,124.0,7,1,2022-03-10 09:02:35
1646902955155260000,124.0,1,123.5,25,124.0,6,1,2022-03-10 09:02:35
1646902955183551000,124.0,2,123.5,25,124.0,4,1,2022-03-10 09:02:35
1646902955200106000,124.0,4,124.0,16,124.5,14,1,2022-03-10 09:02:35
1646902955298608000,124.5,10,124.0,17,124.5,4,1,2022-03-10 09:02:35
1646902955302602000,124.0,1,124.0,16,124.5,4,2,2022-03-10 09:02:35
1646902955351249000,124.5,1,124.0,17,124.5,3,1,2022-03-10 09:02:35
1646902955469282000,124.0,2,124.0,16,124.5,5,2,2022-03-10 09:02:35
1646902955528362000,124.5,1,124.0,17,124.5,8,1,2022-03-10 09:02:35
1646902955585768000,124.0,2,124.0,17,124.5,8,2,2022-03-10 09:02:35
1646902955816909000,124.0,1,124.0,28,124.5,8,2,2022-03-10 09:02:35
1646902955824283000,124.0,12,124.0,16,124.5,8,2,2022-03-10 09:02:35
1646902955864048000,124.5,2,124.0,17,124.5,6,1,2022-03-10 09:02:35
1646902955892634000,124.5,1,124.0,17,124.5,5,1,2022-03-10 09:02:35
1646902955984734000,124.0,1,124.0,30,124.5,5,2,2022-03-10 09:02:35
1646902956109431000,124.0,7,124.0,34,124.5,5,2,2022-03-10 09:02:36
1646902956121818000,124.5,1,124.0,34,124.5,4,1,2022-03-10 09:02:36
1646902956148997000,124.0,3,124.0,31,124.5,4,2,2022-03-10 09:02:36
1646902956242678000,124.5,1,124.0,41,124.5,6,1,2022-03-10 09:02:36
1646902956285998000,124.5,1,124.0,44,124.5,6,1,2022-03-10 09:02:36
1646902956454079000,124.0,10,124.0,36,124.5,7,2,2022-03-10 09:02:36
1646902956527063000,124.0,2,124.0,35,124.5,9,2,2022-03-10 09:02:36
1646902956542186000,124.5,1,124.0,35,124.5,8,1,2022-03-10 09:02:36
1646902956591857000,124.0,20,124.0,15,124.5,8,2,2022-03-10 09:02:36
1646902956615662000,124.0,15,123.5,40,124.5,8,2,2022-03-10 09:02:36
1646902956723104000,124.0,1,124.0,1,124.5,9,2,2022-03-10 09:02:36
1646902956724013000,124.5,1,124.0,1,124.5,8,1,2022-03-10 09:02:36
1646902956758515000,124.0,1,123.5,41,124.0,4,2,2022-03-10 09:02:36
1646902956768708000,124.0,1,123.5,41,124.0,3,1,2022-03-10 09:02:36
1646902956790865000,124.0,1,123.5,41,124.0,2,1,2022-03-10 09:02:36
1646902956880476000,124.0,1,123.5,41,124.0,7,1,2022-03-10 09:02:36
1646902956884620000,124.0,1,123.5,41,124.0,6,1,2022-03-10 09:02:36
1646902957027293000,124.0,1,123.5,48,124.0,5,1,2022-03-10 09:02:37
1646902957135908000,123.5,1,123.5,47,124.0,6,2,2022-03-10 09:02:37
1646902957225145000,124.0,1,123.5,47,124.0,8,1,2022-03-10 09:02:37
1646902957303382000,124.0,1,123.5,47,124.0,7,1,2022-03-10 09:02:37
1646902957401297000,124.0,1,123.5,48,124.0,6,1,2022-03-10 09:02:37
1646902957406026000,124.0,1,123.5,48,124.0,5,1,2022-03-10 09:02:37
1646902957424848000,124.0,1,123.5,48,124.0,4,1,2022-03-10 09:02:37
1646902957577064000,124.0,1,123.5,49,124.0,3,1,2022-03-10 09:02:37
1646902957645595000,124.0,2,123.5,50,124.0,1,1,2022-03-10 09:02:37
1646902957732547000,124.0,1,123.5,50,124.5,13,1,2022-03-10 09:02:37
1646902957757718000,124.5,1,123.5,50,124.5,12,1,2022-03-10 09:02:37
1646902957780487000,124.5,1,123.5,50,124.5,11,1,2022-03-10 09:02:37
1646902957881123000,124.0,1,123.5,50,124.0,4,1,2022-03-10 09:02:37
1646902957889708000,123.5,1,123.5,50,124.0,4,2,2022-03-10 09:02:37
1646902957905331000,124.0,1,123.5,50,124.0,3,1,2022-03-10 09:02:37
1646902957935726000,124.0,1,123.5,50,124.0,2,1,2022-03-10 09:02:37
1646902958071410000,124.0,2,123.5,56,124.0,1,1,2022-03-10 09:02:38
1646902958164710000,124.0,1,123.5,56,124.5,11,1,2022-03-10 09:02:38
1646902958360477000,124.0,2,123.5,53,124.5,14,2,2022-03-10 09:02:38
1646902958360477000,123.5,3,123.5,53,124.5,14,2,2022-03-10 09:02:38
1646902958488364000,124.5,1,124.0,2,124.5,13,1,2022-03-10 09:02:38
1646902958611605000,124.0,3,124.0,1,124.5,53,2,2022-03-10 09:02:38
1646902958611671000,124.0,1,123.5,59,124.5,53,2,2022-03-10 09:02:38
1646902958667830000,124.0,1,124.0,1,124.5,53,2,2022-03-10 09:02:38
1646902958759527000,124.5,50,124.0,1,124.5,3,1,2022-03-10 09:02:38
1646902958794873000,124.0,1,124.0,5,124.5,3,2,2022-03-10 09:02:38
1646902958802483000,124.5,1,124.0,5,124.5,2,1,2022-03-10 09:02:38
1646902959185798000,124.5,1,124.0,33,124.5,16,1,2022-03-10 09:02:39
1646902959188981000,124.0,1,124.0,32,124.5,16,2,2022-03-10 09:02:39
1646902959212770000,124.0,1,124.0,31,124.5,17,2,2022-03-10 09:02:39
1646902959298434000,124.5,2,124.0,31,124.5,15,1,2022-03-10 09:02:39
1646902959338185000,124.0,3,124.0,28,124.5,15,2,2022-03-10 09:02:39
1646902959460848000,124.0,30,123.5,71,124.5,41,2,2022-03-10 09:02:39
1646902959473645000,123.5,1,123.5,70,124.5,41,2,2022-03-10 09:02:39
1646902959589872000,124.0,2,124.0,1,124.5,42,1,2022-03-10 09:02:39
1646902959628443000,124.0,1,124.0,1,124.5,42,2,2022-03-10 09:02:39
1646902959628508000,124.0,1,123.5,70,124.5,42,2,2022-03-10 09:02:39
1646902959704229000,124.0,1,123.5,72,124.5,42,2,2022-03-10 09:02:39
1646902959738693000,124.0,7,124.0,1,124.5,42,2,2022-03-10 09:02:39
1646902959749790000,124.0,1,123.5,73,124.5,42,2,2022-03-10 09:02:39
1646902959861611000,124.0,1,123.5,73,124.0,3,1,2022-03-10 09:02:39
1646902959905618000,124.0,1,123.5,73,124.0,2,1,2022-03-10 09:02:39
1646902959935674000,124.0,1,123.5,73,124.0,1,1,2022-03-10 09:02:39
1646902960020077000,123.5,1,123.5,72,124.0,1,2,2022-03-10 09:02:40
1646902960075424000,124.0,2,123.5,72,124.5,68,1,2022-03-10 09:02:40
1646902960116469000,124.0,1,123.5,72,124.5,69,2,2022-03-10 09:02:40
1646902960254230000,124.0,1,123.5,72,124.0,1,1,2022-03-10 09:02:40
1646902960301633000,124.0,1,123.5,72,124.5,75,1,2022-03-10 09:02:40
1646902960305123000,124.5,1,123.5,72,124.5,74,1,2022-03-10 09:02:40
1646902960464910000,124.0,1,123.5,74,124.5,75,2,2022-03-10 09:02:40
1646902960496872000,124.0,2,123.5,76,124.5,75,2,2022-03-10 09:02:40
1646902960580694000,124.5,1,123.5,76,124.5,75,1,2022-03-10 09:02:40
1646902960599730000,124.5,2,123.5,76,124.5,73,1,2022-03-10 09:02:40
1646902960650595000,124.5,1,124.0,2,124.5,128,1,2022-03-10 09:02:40
1646902960652580000,124.0,1,124.0,1,124.5,128,2,2022-03-10 09:02:40
1646902960652913000,124.0,1,123.5,76,124.5,128,2,2022-03-10 09:02:40
1646902960696259000,124.5,1,124.0,1,124.5,127,1,2022-03-10 09:02:40
1646902960711075000,124.0,1,123.5,76,124.5,137,2,2022-03-10 09:02:40
1646902960756897000,124.0,1,123.5,78,124.5,137,1,2022-03-10 09:02:40
1646902960802954000,124.5,1,123.5,80,124.5,136,1,2022-03-10 09:02:40
1646902960842379000,124.0,1,123.5,83,124.5,136,2,2022-03-10 09:02:40
1646902960988663000,124.0,1,123.5,83,124.5,137,2,2022-03-10 09:02:40
1646902961113072000,124.0,1,123.5,83,124.0,2,1,2022-03-10 09:02:41
1646902961187651000,124.0,1,123.5,83,124.0,1,1,2022-03-10 09:02:41
1646902961367033000,124.0,2,123.5,83,124.5,136,1,2022-03-10 09:02:41
1646902961367033000,124.5,3,123.5,83,124.5,136,1,2022-03-10 09:02:41
1646902961512677000,124.0,1,123.5,84,124.5,138,2,2022-03-10 09:02:41
1646902961714978000,124.0,2,124.0,5,124.5,138,1,2022-03-10 09:02:41
1646902961750295000,124.0,5,124.0,1,124.5,138,2,2022-03-10 09:02:41
1646902961751476000,124.0,1,123.5,93,124.5,138,2,2022-03-10 09:02:41
1646902961909253000,124.0,1,123.5,100,124.5,142,1,2022-03-10 09:02:41
1646902962021642000,124.0,7,124.0,14,124.5,147,2,2022-03-10 09:02:42
1646902962046345000,124.0,2,124.0,12,124.5,147,2,2022-03-10 09:02:42
1646902962054480000,124.0,12,123.5,101,124.5,147,2,2022-03-10 09:02:42
1646902962115091000,123.5,20,123.5,81,124.5,147,2,2022-03-10 09:02:42
1646902962191204000,124.0,1,123.5,85,124.5,147,2,2022-03-10 09:02:42
1646902962301339000,124.0,1,123.5,85,124.0,14,1,2022-03-10 09:02:42
1646902962302143000,124.0,1,123.5,85,124.0,13,1,2022-03-10 09:02:42
1646902962307242000,123.5,5,123.5,80,124.0,13,2,2022-03-10 09:02:42
1646902962319473000,123.5,9,123.5,71,124.0,13,2,2022-03-10 09:02:42
1646902962363148000,124.0,5,123.5,71,124.0,8,1,2022-03-10 09:02:42
1646902962381583000,124.0,1,123.5,72,124.0,7,1,2022-03-10 09:02:42
1646902962384490000,124.0,1,123.5,72,124.0,6,1,2022-03-10 09:02:42
1646902962389325000,124.0,2,123.5,72,124.0,6,1,2022-03-10 09:02:42
1646902962397933000,123.5,1,123.5,71,124.0,6,2,2022-03-10 09:02:42
1646902962428365000,123.5,2,123.5,69,124.0,6,2,2022-03-10 09:02:42
1646902962462500000,124.0,1,123.5,69,124.0,5,1,2022-03-10 09:02:42
1646902962611358000,124.0,1,123.5,70,124.0,6,1,2022-03-10 09:02:42
1646902962620031000,124.0,1,123.5,70,124.0,5,1,2022-03-10 09:02:42
1646902962621295000,124.0,1,123.5,70,124.0,4,1,2022-03-10 09:02:42
1646902962648336000,123.5,5,123.5,65,124.0,4,2,2022-03-10 09:02:42
1646902962991703000,124.0,1,123.5,65,124.0,6,1,2022-03-10 09:02:42
1646902963149941000,123.5,43,123.5,22,124.0,36,2,2022-03-10 09:02:43
1646902963182334000,123.5,22,123.0,125,124.0,36,2,2022-03-10 09:02:43
1646902963315108000,124.0,1,123.0,126,124.0,35,1,2022-03-10 09:02:43
1646902963345162000,124.0,1,123.0,126,124.0,34,1,2022-03-10 09:02:43
1646902963541417000,124.0,1,123.5,10,124.0,39,1,2022-03-10 09:02:43
1646902963884943000,123.5,5,123.5,6,124.0,42,2,2022-03-10 09:02:43
1646902964035429000,124.0,1,123.5,8,124.0,45,1,2022-03-10 09:02:44
1646902964069586000,123.5,4,123.5,4,124.0,45,2,2022-03-10 09:02:44
1646902964096301000,124.0,1,123.5,4,124.0,45,1,2022-03-10 09:02:44
1646902964102133000,123.5,4,123.0,137,124.0,45,2,2022-03-10 09:02:44
1646902964135592000,124.0,2,123.0,138,124.0,43,1,2022-03-10 09:02:44
1646902964224052000,124.0,3,123.0,138,124.0,42,1,2022-03-10 09:02:44
1646902964229254000,124.0,1,123.0,138,124.0,41,1,2022-03-10 09:02:44
1646902964258021000,124.0,1,123.0,138,124.0,40,1,2022-03-10 09:02:44
1646902964285116000,124.0,2,123.0,138,124.0,39,1,2022-03-10 09:02:44
1646902964453805000,124.0,1,123.0,138,124.0,44,1,2022-03-10 09:02:44
1646902964489063000,124.0,1,123.0,138,124.0,43,1,2022-03-10 09:02:44
1646902964492649000,124.0,2,123.0,138,124.0,41,1,2022-03-10 09:02:44
1646902964670263000,124.0,2,123.5,1,124.0,40,1,2022-03-10 09:02:44
1646902964687046000,123.5,1,123.0,139,124.0,40,2,2022-03-10 09:02:44
1646902964732444000,124.0,4,123.0,139,124.0,36,1,2022-03-10 09:02:44
1646902964736078000,124.0,1,123.0,139,124.0,35,1,2022-03-10 09:02:44
1646902964757006000,123.0,1,123.0,138,124.0,35,2,2022-03-10 09:02:44
1646902964850066000,123.5,1,123.0,135,124.0,46,1,2022-03-10 09:02:44
1646902964920874000,123.5,1,123.0,135,124.0,57,1,2022-03-10 09:02:44
1646902964927464000,124.0,2,123.0,135,124.0,55,1,2022-03-10 09:02:44
1646902964986560000,123.5,1,123.0,135,123.5,2,1,2022-03-10 09:02:44
1646902965023248000,123.5,1,123.0,135,123.5,1,1,2022-03-10 09:02:45
1646902965175209000,123.5,1,123.0,125,124.0,60,1,2022-03-10 09:02:45
1646902965175209000,124.0,1,123.0,125,124.0,60,1,2022-03-10 09:02:45
1646902965204897000,124.0,5,123.0,125,124.0,56,1,2022-03-10 09:02:45
1646902965245956000,124.0,1,123.5,1,124.0,55,1,2022-03-10 09:02:45
1646902965252241000,123.5,1,123.0,125,124.0,55,2,2022-03-10 09:02:45
1646902965259568000,124.0,1,123.0,125,124.0,54,1,2022-03-10 09:02:45
1646902965464871000,124.0,1,123.5,12,124.0,56,1,2022-03-10 09:02:45
1646902965533849000,124.0,1,123.5,28,124.0,55,1,2022-03-10 09:02:45
1646902965582058000,124.0,1,123.5,28,124.0,55,1,2022-03-10 09:02:45
1646902965690014000,124.0,2,123.5,29,124.0,54,1,2022-03-10 09:02:45
1646902965758066000,124.0,2,123.5,29,124.0,53,1,2022-03-10 09:02:45
1646902965776121000,124.0,1,123.5,29,124.0,52,1,2022-03-10 09:02:45
1646902965864924000,124.0,5,123.5,34,124.0,62,1,2022-03-10 09:02:45
1646902965921316000,124.0,2,123.5,34,124.0,60,1,2022-03-10 09:02:45
1646902965975603000,123.5,1,123.5,33,124.0,60,2,2022-03-10 09:02:45
1646902966300603000,124.0,1,123.5,34,124.0,69,1,2022-03-10 09:02:46
1646902966451190000,124.0,1,123.5,34,124.0,70,1,2022-03-10 09:02:46
1646902966664830000,124.0,1,123.5,39,124.0,72,1,2022-03-10 09:02:46
1646902966805729000,124.0,1,123.5,42,124.0,72,1,2022-03-10 09:02:46
1646902966905592000,124.0,2,123.5,43,124.0,70,1,2022-03-10 09:02:46
1646902966935423000,124.0,2,123.5,43,124.0,68,1,2022-03-10 09:02:46
1646902967167686000,124.0,1,123.5,43,124.0,67,1,2022-03-10 09:02:47
1646902967172279000,124.0,1,123.5,43,124.0,66,1,2022-03-10 09:02:47
1646902967190291000,124.0,15,123.5,44,124.0,51,1,2022-03-10 09:02:47
1646902967220851000,124.0,1,123.5,45,124.0,50,1,2022-03-10 09:02:47
1646902967318076000,123.5,1,123.5,44,124.0,101,2,2022-03-10 09:02:47
1646902967480682000,124.0,1,123.5,44,124.0,103,1,2022-03-10 09:02:47
1646902967522298000,124.0,3,123.5,44,124.0,100,1,2022-03-10 09:02:47
1646902967586194000,123.5,5,123.5,39,124.0,100,2,2022-03-10 09:02:47
1646902967891331000,124.0,1,123.5,40,124.0,99,1,2022-03-10 09:02:47
1646902967937128000,124.0,10,123.5,40,124.0,89,1,2022-03-10 09:02:47
1646902968019736000,124.0,1,123.5,40,124.0,132,1,2022-03-10 09:02:48
1646902968106177000,124.0,1,123.5,42,124.0,133,1,2022-03-10 09:02:48
1646902968206243000,124.0,2,123.5,42,124.0,132,1,2022-03-10 09:02:48
1646902968210791000,124.0,15,123.5,42,124.0,117,1,2022-03-10 09:02:48
1646902968698108000,124.0,1,123.5,43,124.0,119,1,2022-03-10 09:02:48
1646902969048854000,124.0,1,123.5,49,124.0,120,1,2022-03-10 09:02:49
1646902969220098000,124.0,5,123.5,52,124.0,116,1,2022-03-10 09:02:49
1646902969245286000,124.0,1,123.5,52,124.0,115,1,2022-03-10 09:02:49
1646902969275658000,124.0,1,123.5,53,124.0,114,1,2022-03-10 09:02:49
1646902969301328000,124.0,2,123.5,53,124.0,112,1,2022-03-10 09:02:49
1646902969385334000,123.5,20,123.5,33,124.0,113,2,2022-03-10 09:02:49
1646902969400723000,124.0,2,123.5,33,124.0,112,1,2022-03-10 09:02:49
1646902969414155000,124.0,1,123.5,33,124.0,111,1,2022-03-10 09:02:49
1646902969425340000,123.5,33,123.0,138,124.0,111,2,2022-03-10 09:02:49
1646902969547111000,124.0,1,123.0,138,124.0,112,1,2022-03-10 09:02:49
1646902969579232000,123.0,1,123.0,137,124.0,112,2,2022-03-10 09:02:49
1646902969913889000,124.0,1,123.5,72,124.0,123,1,2022-03-10 09:02:49
1646902969943787000,123.5,1,123.5,71,124.0,123,2,2022-03-10 09:02:49
1646902970050400000,123.5,1,123.5,71,124.0,124,2,2022-03-10 09:02:50
1646902970221527000,124.0,1,123.5,72,124.0,124,1,2022-03-10 09:02:50
1646902970338062000,123.5,1,123.5,71,124.0,135,2,2022-03-10 09:02:50
1646902970687905000,124.0,1,123.5,76,124.0,134,1,2022-03-10 09:02:50
1646902970745055000,124.0,1,123.5,77,124.0,133,1,2022-03-10 09:02:50
1646902971010784000,123.5,1,123.5,76,124.0,142,2,2022-03-10 09:02:51
1646902971037330000,123.5,4,123.5,72,124.0,142,2,2022-03-10 09:02:51
1646902971341184000,124.0,1,123.5,73,124.0,142,1,2022-03-10 09:02:51
1646902971357416000,124.0,1,123.5,73,124.0,141,1,2022-03-10 09:02:51
1646902971368482000,123.5,1,123.5,72,124.0,141,2,2022-03-10 09:02:51
1646902971502874000,124.0,1,123.5,72,124.0,141,1,2022-03-10 09:02:51
1646902971540913000,123.5,1,123.5,76,124.0,141,2,2022-03-10 09:02:51
1646902971668412000,124.0,1,123.5,79,124.0,143,1,2022-03-10 09:02:51
1646902971783700000,123.5,2,123.5,77,124.0,143,2,2022-03-10 09:02:51
1646902971971301000,124.0,2,123.5,79,124.0,141,1,2022-03-10 09:02:51
1646902971975892000,124.0,1,123.5,79,124.0,140,1,2022-03-10 09:02:51
1646902972370547000,123.5,1,123.5,87,124.0,150,2,2022-03-10 09:02:52
1646902972431563000,124.0,20,123.5,87,124.0,133,1,2022-03-10 09:02:52
1646902972446402000,124.0,1,123.5,87,124.0,132,1,2022-03-10 09:02:52
1646902972708598000,124.0,5,123.5,87,124.0,128,1,2022-03-10 09:02:52
1646902972854067000,124.0,20,123.5,88,124.0,110,1,2022-03-10 09:02:52
1646902973287719000,123.5,5,123.5,108,124.0,110,2,2022-03-10 09:02:53
1646902973290532000,124.0,10,123.5,108,124.0,100,1,2022-03-10 09:02:53
1646902973690959000,124.0,15,123.5,110,124.0,90,1,2022-03-10 09:02:53
1646902974238066000,124.0,5,123.5,117,124.0,89,1,2022-03-10 09:02:54
1646902974380376000,124.0,1,123.5,121,124.0,92,1,2022-03-10 09:02:54
1646902974435793000,124.0,50,123.5,121,124.0,44,1,2022-03-10 09:02:54
1646902974511137000,123.5,1,123.5,120,124.0,44,2,2022-03-10 09:02:54
1646902974646059000,124.0,1,123.5,127,124.0,43,1,2022-03-10 09:02:54
1646902974821432000,123.5,1,123.5,126,124.0,44,2,2022-03-10 09:02:54
1646902974968472000,123.5,1,123.5,127,124.0,44,2,2022-03-10 09:02:54
1646902974990682000,124.0,20,123.5,127,124.0,24,1,2022-03-10 09:02:54
1646902975002301000,123.5,2,123.5,125,124.0,24,2,2022-03-10 09:02:55
1646902975008877000,124.0,5,123.5,125,124.0,19,1,2022-03-10 09:02:55
1646902975024358000,124.0,1,123.5,125,124.0,18,1,2022-03-10 09:02:55
1646902975183029000,124.0,1,123.5,125,124.0,17,1,2022-03-10 09:02:55
1646902975258722000,123.5,1,123.5,124,124.0,17,2,2022-03-10 09:02:55
1646902975279536000,124.0,1,123.5,124,124.0,16,1,2022-03-10 09:02:55
1646902975367375000,124.0,3,123.5,124,124.0,16,1,2022-03-10 09:02:55
1646902975431290000,124.0,1,123.5,125,124.0,15,1,2022-03-10 09:02:55
1646902975586236000,124.0,2,123.5,135,124.0,13,1,2022-03-10 09:02:55
1646902975677625000,124.0,3,123.5,135,124.0,11,1,2022-03-10 09:02:55
1646902975753573000,124.0,1,123.5,135,124.0,10,1,2022-03-10 09:02:55
1646902975771362000,124.0,1,123.5,135,124.0,9,1,2022-03-10 09:02:55
1646902975873362000,124.0,1,123.5,135,124.0,8,1,2022-03-10 09:02:55
1646902975879243000,124.0,1,123.5,135,124.0,7,1,2022-03-10 09:02:55
1646902976011267000,124.0,5,123.5,135,124.0,2,1,2022-03-10 09:02:56
1646902976156268000,124.0,2,124.0,8,124.5,195,1,2022-03-10 09:02:56
1646902976189359000,124.0,8,123.5,136,124.5,195,2,2022-03-10 09:02:56
1646902976204925000,124.5,1,123.5,136,124.5,194,1,2022-03-10 09:02:56
1646902976380941000,124.0,1,124.0,1,124.5,194,2,2022-03-10 09:02:56
1646902976680415000,124.5,1,124.0,7,124.5,195,1,2022-03-10 09:02:56
1646902976733121000,124.5,1,124.0,7,124.5,194,1,2022-03-10 09:02:56
1646902976765300000,124.0,1,124.0,7,124.5,194,2,2022-03-10 09:02:56
1646902977000111000,124.5,3,124.0,8,124.5,191,1,2022-03-10 09:02:57
1646902977016693000,124.5,1,124.0,8,124.5,190,1,2022-03-10 09:02:57
1646902977067577000,124.0,1,124.0,8,124.5,190,2,2022-03-10 09:02:57
1646902977598729000,124.5,1,124.0,18,124.5,192,1,2022-03-10 09:02:57
1646902977849460000,124.5,1,124.0,42,124.5,191,1,2022-03-10 09:02:57
1646902977971326000,124.0,5,124.0,40,124.5,191,2,2022-03-10 09:02:57
1646902978213443000,124.0,1,124.0,40,124.5,135,2,2022-03-10 09:02:58
1646902978242167000,124.0,2,124.0,38,124.5,138,2,2022-03-10 09:02:58
1646902978780042000,124.5,5,124.0,43,124.5,134,1,2022-03-10 09:02:58
1646902979001912000,124.0,1,124.0,48,124.5,134,2,2022-03-10 09:02:59
1646902979083870000,124.5,35,124.0,60,124.5,99,1,2022-03-10 09:02:59
1646902979097468000,124.5,30,124.0,60,124.5,69,1,2022-03-10 09:02:59
1646902979233003000,124.5,1,124.0,66,124.5,68,1,2022-03-10 09:02:59
1646902979436032000,124.0,5,124.0,65,124.5,68,2,2022-03-10 09:02:59
1646902979547445000,124.0,1,124.0,64,124.5,68,2,2022-03-10 09:02:59
1646902979765462000,124.0,1,124.0,63,124.5,68,2,2022-03-10 09:02:59
1646902979827413000,124.0,1,124.0,63,124.5,68,2,2022-03-10 09:02:59
1646902979886604000,124.0,2,124.0,61,124.5,68,2,2022-03-10 09:02:59
1646902980122669000,124.0,1,124.0,62,124.5,68,2,2022-03-10 09:03:00
1646902980200245000,124.5,1,124.0,63,124.5,67,1,2022-03-10 09:03:00
1646902980469945000,124.0,2,124.0,75,124.5,68,2,2022-03-10 09:03:00
1646902980696830000,124.0,3,124.0,78,124.5,68,2,2022-03-10 09:03:00
1646902980754062000,124.5,1,124.0,79,124.5,68,1,2022-03-10 09:03:00
1646902980933507000,124.0,3,124.0,78,124.5,68,2,2022-03-10 09:03:00
1646902980935739000,124.0,3,124.0,75,124.5,68,2,2022-03-10 09:03:00
1646902980938063000,124.0,1,124.0,74,124.5,68,2,2022-03-10 09:03:00
1646902980939916000,124.0,1,124.0,73,124.5,68,2,2022-03-10 09:03:00
1646902980968676000,124.0,3,124.0,70,124.5,69,2,2022-03-10 09:03:00
1646902981093293000,124.5,2,124.0,76,124.5,68,1,2022-03-10 09:03:01
1646902981246903000,124.5,2,124.0,76,124.5,66,1,2022-03-10 09:03:01
1646902981319143000,124.0,1,124.0,75,124.5,66,2,2022-03-10 09:03:01
1646902981343967000,124.5,1,124.0,75,124.5,65,1,2022-03-10 09:03:01
1646902981501627000,124.5,1,124.0,78,124.5,64,1,2022-03-10 09:03:01
1646902981699107000,124.5,1,124.0,79,124.5,63,1,2022-03-10 09:03:01
1646902982054021000,124.5,1,124.0,82,124.5,62,1,2022-03-10 09:03:02
1646902982061386000,124.0,1,124.0,81,124.5,62,2,2022-03-10 09:03:02
1646902982093235000,124.5,1,124.0,81,124.5,61,1,2022-03-10 09:03:02
1646902982292373000,124.5,1,124.0,85,124.5,60,1,2022-03-10 09:03:02
1646902982468051000,124.5,2,124.0,91,124.5,58,1,2022-03-10 09:03:02
1646902982493900000,124.5,2,124.0,91,124.5,56,1,2022-03-10 09:03:02
1646902982564609000,124.5,1,124.0,93,124.5,55,1,2022-03-10 09:03:02
1646902982804724000,124.5,1,124.0,100,124.5,53,1,2022-03-10 09:03:02
1646902982983210000,124.5,5,124.0,107,124.5,48,1,2022-03-10 09:03:02
1646902983390057000,124.0,10,124.0,97,124.5,49,2,2022-03-10 09:03:03
1646902983674057000,124.0,1,124.0,100,124.5,50,2,2022-03-10 09:03:03
1646902983787033000,124.5,2,124.0,101,124.5,48,1,2022-03-10 09:03:03
1646902983865407000,124.5,5,124.0,97,124.5,43,1,2022-03-10 09:03:03
1646902983948899000,124.5,1,124.0,97,124.5,42,1,2022-03-10 09:03:03
1646902983963534000,124.5,1,124.0,97,124.5,41,1,2022-03-10 09:03:03
1646902984421682000,124.0,10,124.0,97,124.5,42,2,2022-03-10 09:03:04
1646902984424224000,124.5,1,124.0,97,124.5,41,1,2022-03-10 09:03:04
1646902984619327000,124.0,2,124.0,98,124.5,41,2,2022-03-10 09:03:04
1646902984743380000,124.5,1,124.0,99,124.5,40,1,2022-03-10 09:03:04
1646902984748669000,124.0,1,124.0,98,124.5,40,2,2022-03-10 09:03:04
1646902984880363000,124.5,1,124.0,98,124.5,39,1,2022-03-10 09:03:04
1646902985076170000,124.5,1,124.0,150,124.5,39,1,2022-03-10 09:03:05
1646902985131913000,124.0,2,124.0,148,124.5,39,2,2022-03-10 09:03:05
1646902985211634000,124.5,1,124.0,150,124.5,38,1,2022-03-10 09:03:05
1646902985255386000,124.5,20,124.0,150,124.5,19,1,2022-03-10 09:03:05
1646902985440524000,124.5,1,124.0,151,124.5,19,1,2022-03-10 09:03:05
1646902985551186000,124.5,1,124.0,151,124.5,18,1,2022-03-10 09:03:05
1646902985661064000,124.5,1,124.0,150,124.5,17,1,2022-03-10 09:03:05
1646902985667582000,124.5,1,124.0,150,124.5,16,1,2022-03-10 09:03:05
1646902985780182000,124.5,15,124.0,154,124.5,2,1,2022-03-10 09:03:05
1646902985844445000,124.5,1,124.0,161,124.5,1,1,2022-03-10 09:03:05
1646902985891898000,124.5,1,124.0,161,125.0,424,1,2022-03-10 09:03:05
1646902985940170000,124.5,1,124.0,161,125.0,415,1,2022-03-10 09:03:05
1646902985940170000,125.0,9,124.0,161,125.0,415,1,2022-03-10 09:03:05
1646902985992241000,124.5,1,124.0,161,125.0,415,2,2022-03-10 09:03:05
1646902985993264000,125.0,1,124.0,161,125.0,414,1,2022-03-10 09:03:05
1646902985994348000,125.0,6,124.0,161,125.0,408,1,2022-03-10 09:03:05
1646902986203772000,124.5,2,124.0,161,125.0,408,2,2022-03-10 09:03:06
1646902986306985000,124.5,1,124.0,161,125.0,408,2,2022-03-10 09:03:06
1646902986339494000,125.0,1,124.0,159,125.0,407,1,2022-03-10 09:03:06
1646902986418893000,124.5,1,124.0,159,125.0,409,2,2022-03-10 09:03:06
1646902986469995000,124.0,1,124.0,158,125.0,409,2,2022-03-10 09:03:06
1646902986586128000,124.5,1,124.5,2,125.0,409,2,2022-03-10 09:03:06
1646902986625477000,124.5,1,124.5,2,125.0,416,2,2022-03-10 09:03:06
1646902986647577000,124.5,1,124.5,1,125.0,416,2,2022-03-10 09:03:06
1646902986946665000,125.0,1,124.5,4,125.0,418,1,2022-03-10 09:03:06
1646902987385951000,125.0,1,124.5,18,125.0,417,1,2022-03-10 09:03:07
1646902987437137000,125.0,1,124.5,21,125.0,419,1,2022-03-10 09:03:07
1646902987661356000,125.0,1,124.5,32,125.0,419,1,2022-03-10 09:03:07
1646902987778520000,124.5,1,124.5,33,125.0,419,2,2022-03-10 09:03:07
1646902988174896000,125.0,1,124.5,35,125.0,417,1,2022-03-10 09:03:08
1646902988422916000,124.5,9,124.5,27,125.0,418,2,2022-03-10 09:03:08
1646902988434306000,124.5,1,124.5,26,125.0,418,2,2022-03-10 09:03:08
1646902988553941000,125.0,1,124.5,27,125.0,418,1,2022-03-10 09:03:08
1646902988597798000,124.5,1,124.5,26,125.0,418,2,2022-03-10 09:03:08
1646902988746129000,124.5,1,124.5,27,125.0,418,2,2022-03-10 09:03:08
1646902989552963000,124.5,1,124.5,49,125.0,441,2,2022-03-10 09:03:09
1646902989688472000,125.0,1,124.5,52,125.0,441,1,2022-03-10 09:03:09
1646902989709532000,125.0,1,124.5,52,125.0,440,1,2022-03-10 09:03:09
1646902989825633000,124.5,1,124.5,56,125.0,439,2,2022-03-10 09:03:09
1646902989827719000,124.5,1,124.5,55,125.0,439,2,2022-03-10 09:03:09
1646902989994650000,125.0,1,124.5,56,125.0,440,1,2022-03-10 09:03:09
1646902990285225000,124.5,10,124.5,46,125.0,443,2,2022-03-10 09:03:10
1646902990418617000,125.0,1,124.5,47,125.0,442,1,2022-03-10 09:03:10
1646902990438450000,125.0,1,124.5,47,125.0,441,1,2022-03-10 09:03:10
1646902990844756000,125.0,1,124.5,49,125.0,442,1,2022-03-10 09:03:10
1646902990955405000,124.5,1,124.5,50,125.0,442,2,2022-03-10 09:03:10
1646902991152540000,125.0,1,124.5,52,125.0,441,1,2022-03-10 09:03:11
1646902991234224000,124.5,1,124.5,51,125.0,441,2,2022-03-10 09:03:11
1646902991491933000,124.5,44,124.5,13,125.0,442,2,2022-03-10 09:03:11
1646902991532723000,124.5,1,124.5,15,125.0,442,2,2022-03-10 09:03:11
1646902991535657000,124.5,1,124.5,14,125.0,442,2,2022-03-10 09:03:11
1646902991535682000,124.5,13,124.5,1,125.0,442,2,2022-03-10 09:03:11
1646902991535861000,124.5,1,124.0,207,125.0,442,2,2022-03-10 09:03:11
1646902991571538000,124.0,80,124.0,127,125.0,442,2,2022-03-10 09:03:11
1646902991571873000,124.0,6,124.0,121,125.0,442,2,2022-03-10 09:03:11
1646902991650917000,124.5,2,124.0,121,125.0,449,1,2022-03-10 09:03:11
1646902991750894000,124.5,1,124.0,121,125.0,449,2,2022-03-10 09:03:11
1646902991794674000,124.5,1,124.0,121,125.0,479,2,2022-03-10 09:03:11
1646902991862249000,125.0,2,124.0,123,125.0,476,1,2022-03-10 09:03:11
1646902991890924000,125.0,5,124.5,1,125.0,471,1,2022-03-10 09:03:11
1646902991908495000,124.5,1,124.0,123,125.0,471,2,2022-03-10 09:03:11
1646902992098366000,125.0,1,124.5,1,125.0,470,1,2022-03-10 09:03:12
1646902992123874000,124.5,1,124.0,124,125.0,470,2,2022-03-10 09:03:12
1646902992213712000,124.5,1,124.0,124,125.0,470,2,2022-03-10 09:03:12
1646902992298559000,124.5,1,124.0,124,124.5,49,2,2022-03-10 09:03:12
1646902992338887000,124.5,4,124.0,124,124.5,53,1,2022-03-10 09:03:12
1646902992345791000,124.0,1,124.0,123,124.5,73,2,2022-03-10 09:03:12
1646902992429301000,124.0,1,124.0,122,124.5,73,2,2022-03-10 09:03:12
1646902992507001000,124.5,1,124.0,121,124.5,75,1,2022-03-10 09:03:12
1646902992516433000,124.5,6,124.0,121,124.5,69,1,2022-03-10 09:03:12
1646902992648944000,124.5,2,124.0,121,124.5,67,1,2022-03-10 09:03:12
1646902992655131000,124.5,5,124.0,121,124.5,62,1,2022-03-10 09:03:12
1646902992675282000,124.5,1,124.0,121,124.5,61,1,2022-03-10 09:03:12
1646902992890447000,124.5,1,124.0,123,124.5,68,1,2022-03-10 09:03:12
1646902993032748000,124.5,1,124.0,123,124.5,71,1,2022-03-10 09:03:13
1646902993074340000,124.5,1,124.0,124,124.5,70,1,2022-03-10 09:03:13
1646902993135373000,124.5,2,124.0,125,124.5,68,1,2022-03-10 09:03:13
1646902993146236000,124.5,1,124.0,125,124.5,67,1,2022-03-10 09:03:13
1646902993196621000,124.5,1,124.0,125,124.5,66,1,2022-03-10 09:03:13
1646902993210037000,124.5,1,124.0,125,124.5,66,1,2022-03-10 09:03:13
1646902993220120000,124.5,1,124.0,125,124.5,65,1,2022-03-10 09:03:13
1646902993360425000,124.5,1,124.0,125,124.5,65,1,2022-03-10 09:03:13
1646902993382626000,124.0,10,124.0,117,124.5,70,2,2022-03-10 09:03:13
1646902993400340000,124.5,2,124.0,117,124.5,68,1,2022-03-10 09:03:13
1646902993650242000,124.5,1,124.0,118,124.5,70,1,2022-03-10 09:03:13
1646902993673618000,124.0,4,124.0,114,124.5,70,2,2022-03-10 09:03:13
1646902993727743000,124.5,1,124.0,114,124.5,70,1,2022-03-10 09:03:13
1646902993997378000,124.5,5,124.0,118,124.5,83,1,2022-03-10 09:03:13
1646902994543977000,124.5,1,124.0,124,124.5,88,1,2022-03-10 09:03:14
1646902994558986000,124.0,124,123.5,192,124.5,90,2,2022-03-10 09:03:14
1646902994652268000,124.5,2,123.5,193,124.5,91,1,2022-03-10 09:03:14
1646902994821219000,124.5,1,123.5,194,124.5,100,1,2022-03-10 09:03:14
1646902995007203000,124.0,1,123.5,194,124.5,104,1,2022-03-10 09:03:15
1646902995144184000,124.5,1,124.0,1,124.5,103,1,2022-03-10 09:03:15
1646902995175728000,124.5,2,124.0,1,124.5,102,1,2022-03-10 09:03:15
1646902995290908000,124.0,1,123.5,195,124.0,14,2,2022-03-10 09:03:15
1646902995369647000,124.0,3,123.5,194,124.0,11,1,2022-03-10 09:03:15
1646902995435422000,124.0,5,123.5,195,124.0,6,1,2022-03-10 09:03:15
1646902995449468000,124.0,1,123.5,195,124.0,5,1,2022-03-10 09:03:15
1646902995632455000,124.0,1,123.5,200,124.0,4,1,2022-03-10 09:03:15
1646902995736038000,124.0,1,123.5,200,124.0,3,1,2022-03-10 09:03:15
1646902995751337000,124.0,1,123.5,200,124.0,2,1,2022-03-10 09:03:15
1646902995767629000,124.0,1,123.5,200,124.0,1,1,2022-03-10 09:03:15
1646902995824679000,124.0,1,123.5,200,124.0,5,1,2022-03-10 09:03:15
1646902995920775000,124.0,1,123.5,200,124.0,4,1,2022-03-10 09:03:15
1646902996131518000,124.0,1,123.5,200,124.0,4,1,2022-03-10 09:03:16
1646902996133605000,124.0,2,123.5,200,124.0,2,1,2022-03-10 09:03:16
1646902996254619000,123.5,1,123.5,198,124.0,22,2,2022-03-10 09:03:16
1646902996255176000,124.0,1,123.5,197,124.0,21,1,2022-03-10 09:03:16
1646902996319713000,124.0,1,123.5,196,124.0,21,1,2022-03-10 09:03:16
1646902996326663000,124.0,1,123.5,196,124.0,20,1,2022-03-10 09:03:16
1646902996331488000,124.0,1,123.5,196,124.0,19,1,2022-03-10 09:03:16
1646902996462222000,123.5,1,123.5,195,124.0,19,2,2022-03-10 09:03:16
1646902996480165000,124.0,1,123.5,194,124.0,18,1,2022-03-10 09:03:16
1646902996569351000,124.0,1,123.5,194,124.0,17,1,2022-03-10 09:03:16
1646902996604663000,124.0,1,123.5,194,124.0,16,1,2022-03-10 09:03:16
1646902996674995000,124.0,1,123.5,194,124.0,22,1,2022-03-10 09:03:16
1646902996737056000,124.0,2,123.5,194,124.0,20,1,2022-03-10 09:03:16
1646902997024197000,123.5,194,123.0,142,124.0,21,2,2022-03-10 09:03:17
1646902997088559000,123.0,1,123.0,147,124.0,31,2,2022-03-10 09:03:17
1646902997131215000,123.0,1,123.0,146,124.0,31,2,2022-03-10 09:03:17
1646902997170756000,124.0,2,123.0,146,124.0,29,1,2022-03-10 09:03:17
1646902997211957000,123.0,1,123.0,145,124.0,29,2,2022-03-10 09:03:17
1646902997633431000,124.0,1,123.5,1,124.0,33,1,2022-03-10 09:03:17
1646902997705215000,124.0,2,123.5,1,124.0,31,1,2022-03-10 09:03:17
1646902997736992000,124.0,1,123.5,1,124.0,30,1,2022-03-10 09:03:17
1646902997891513000,124.0,1,123.5,1,124.0,32,1,2022-03-10 09:03:17
1646902997908563000,123.5,1,123.0,143,124.0,32,2,2022-03-10 09:03:17
1646902997919690000,124.0,1,123.0,142,124.0,31,1,2022-03-10 09:03:17
1646902998205026000,124.0,1,123.5,1,124.0,44,1,2022-03-10 09:03:18
1646902998299646000,124.0,1,123.5,1,124.0,44,1,2022-03-10 09:03:18
1646902998435842000,124.0,1,123.5,1,124.0,44,1,2022-03-10 09:03:18
1646902998765548000,124.0,1,123.5,3,124.0,56,1,2022-03-10 09:03:18
1646902998894145000,124.0,1,123.5,3,124.0,55,1,2022-03-10 09:03:18
1646902999087318000,124.0,2,123.5,3,124.0,103,1,2022-03-10 09:03:19
1646902999160097000,124.0,1,123.5,3,124.0,102,1,2022-03-10 09:03:19
1646902999219122000,123.5,3,123.0,140,124.0,102,2,2022-03-10 09:03:19
1646902999222395000,124.0,1,123.0,140,124.0,101,1,2022-03-10 09:03:19
1646902999289934000,124.0,1,123.0,140,124.0,100,1,2022-03-10 09:03:19
1646902999732688000,124.0,1,123.0,140,124.0,102,1,2022-03-10 09:03:19
1646902999806310000,124.0,2,123.0,140,124.0,100,1,2022-03-10 09:03:19
1646902999877797000,124.0,1,123.0,140,124.0,99,1,2022-03-10 09:03:19
1646902999901879000,124.0,1,123.0,140,124.0,98,1,2022-03-10 09:03:19
1646903000084361000,124.0,10,123.0,139,124.0,88,1,2022-03-10 09:03:20
1646903000183260000,123.5,2,123.0,139,123.5,17,2,2022-03-10 09:03:20
1646903000270630000,123.5,1,123.0,139,123.5,16,1,2022-03-10 09:03:20
1646903000327298000,123.5,1,123.0,139,123.5,15,1,2022-03-10 09:03:20
1646903000566481000,123.5,2,123.0,140,123.5,13,1,2022-03-10 09:03:20
1646903000621971000,123.5,2,123.0,145,123.5,11,1,2022-03-10 09:03:20
1646903000784774000,123.5,1,123.0,145,123.5,10,1,2022-03-10 09:03:20
1646903000943475000,123.5,1,123.0,145,123.5,9,1,2022-03-10 09:03:20
1646903000958798000,123.5,1,123.0,144,123.5,8,1,2022-03-10 09:03:20
1646903001022710000,123.5,1,123.0,145,123.5,8,1,2022-03-10 09:03:21
1646903001088522000,123.5,1,123.0,144,123.5,27,1,2022-03-10 09:03:21
1646903001243315000,123.0,4,123.0,142,123.5,27,2,2022-03-10 09:03:21
1646903001345178000,123.5,5,123.0,142,123.5,29,1,2022-03-10 09:03:21
1646903002044894000,123.5,1,123.0,147,123.5,8,1,2022-03-10 09:03:22
1646903002149760000,123.5,5,123.0,147,123.5,9,1,2022-03-10 09:03:22
1646903002328870000,123.5,1,123.0,148,123.5,8,1,2022-03-10 09:03:22
1646903002515524000,123.0,1,123.0,148,123.5,9,2,2022-03-10 09:03:22
1646903002611458000,123.5,1,123.0,148,123.5,8,1,2022-03-10 09:03:22
1646903002624406000,123.5,1,123.0,148,123.5,16,1,2022-03-10 09:03:22
1646903002654956000,123.5,1,123.0,147,123.5,15,1,2022-03-10 09:03:22
1646903002698576000,123.5,1,123.0,148,123.5,14,1,2022-03-10 09:03:22
1646903002847423000,123.5,1,123.0,147,123.5,13,1,2022-03-10 09:03:22
1646903002958706000,123.5,1,123.0,147,123.5,14,1,2022-03-10 09:03:22
1646903003057108000,123.5,10,123.0,145,123.5,4,1,2022-03-10 09:03:23
1646903003120444000,123.5,3,123.0,145,123.5,1,1,2022-03-10 09:03:23
1646903003172242000,123.0,1,123.0,144,123.5,1,2,2022-03-10 09:03:23
1646903003227787000,123.5,1,123.0,144,124.0,101,1,2022-03-10 09:03:23
1646903003294990000,123.0,1,123.0,143,124.0,100,2,2022-03-10 09:03:23
1646903003532349000,124.0,1,123.0,152,124.0,101,1,2022-03-10 09:03:23
1646903004137645000,123.5,2,123.0,155,123.5,1,1,2022-03-10 09:03:24
1646903004177170000,123.5,1,123.5,8,124.0,101,1,2022-03-10 09:03:24
1646903004241871000,123.5,4,123.5,5,124.0,100,2,2022-03-10 09:03:24
1646903004268338000,123.5,5,123.0,155,124.0,100,2,2022-03-10 09:03:24
1646903004550174000,124.0,1,123.0,158,124.0,100,1,2022-03-10 09:03:24
1646903004787094000,123.5,3,123.0,159,123.5,7,1,2022-03-10 09:03:24
1646903004883733000,123.5,1,123.0,159,123.5,6,1,2022-03-10 09:03:24
1646903004922207000,123.5,1,123.0,159,123.5,5,1,2022-03-10 09:03:24
1646903005063825000,123.5,1,123.0,159,123.5,4,1,2022-03-10 09:03:25
1646903005083205000,123.5,1,123.0,159,123.5,3,1,2022-03-10 09:03:25
1646903005096755000,123.5,1,123.0,159,123.5,2,1,2022-03-10 09:03:25
1646903005268296000,123.5,1,123.0,161,123.5,1,1,2022-03-10 09:03:25
1646903005348423000,123.5,1,123.0,162,124.0,103,1,2022-03-10 09:03:25
1646903005348423000,124.0,1,123.0,162,124.0,103,1,2022-03-10 09:03:25
1646903005442102000,123.0,12,123.0,150,123.5,14,2,2022-03-10 09:03:25
1646903005643283000,123.5,10,123.0,150,123.5,4,1,2022-03-10 09:03:25
1646903005695251000,123.5,1,123.0,151,123.5,3,1,2022-03-10 09:03:25
1646903006023900000,123.5,1,123.0,151,123.5,10,1,2022-03-10 09:03:26
1646903006059538000,123.0,1,123.0,150,123.5,10,2,2022-03-10 09:03:26
1646903006338169000,123.5,1,123.0,152,123.5,12,1,2022-03-10 09:03:26
1646903006609634000,123.5,2,123.0,153,123.5,12,1,2022-03-10 09:03:26
1646903006612796000,123.5,1,123.0,153,123.5,11,1,2022-03-10 09:03:26
1646903006691691000,123.5,1,123.0,153,123.5,10,1,2022-03-10 09:03:26
1646903006744787000,123.5,3,123.0,153,123.5,7,1,2022-03-10 09:03:26
1646903006843247000,123.5,1,123.0,155,123.5,6,1,2022-03-10 09:03:26
1646903007195290000,123.5,1,123.0,156,123.5,6,1,2022-03-10 09:03:27
1646903007298468000,123.5,1,123.0,158,123.5,5,1,2022-03-10 09:03:27
1646903007519518000,123.5,2,123.0,169,123.5,6,1,2022-03-10 09:03:27
1646903007574726000,123.5,1,123.0,169,123.5,5,1,2022-03-10 09:03:27
1646903007856104000,123.5,1,123.0,170,123.5,6,1,2022-03-10 09:03:27
1646903007931506000,123.0,1,123.0,170,123.5,6,2,2022-03-10 09:03:27
1646903008005010000,123.5,1,123.0,170,123.5,5,1,2022-03-10 09:03:28
1646903008166510000,123.5,1,123.0,170,123.5,4,1,2022-03-10 09:03:28
1646903008471855000,123.0,1,123.0,170,123.5,7,2,2022-03-10 09:03:28
1646903008509200000,123.5,3,123.0,170,123.5,4,1,2022-03-10 09:03:28
1646903008830452000,123.5,1,123.0,172,123.5,5,1,2022-03-10 09:03:28
1646903009124434000,123.5,1,123.0,174,123.5,4,1,2022-03-10 09:03:29
1646903009177465000,123.5,1,123.0,174,123.5,4,1,2022-03-10 09:03:29
1646903009259470000,123.0,1,123.0,174,123.5,4,2,2022-03-10 09:03:29
1646903009265955000,123.5,3,123.0,174,123.5,1,1,2022-03-10 09:03:29
1646903009409015000,123.0,1,123.0,175,123.5,6,2,2022-03-10 09:03:29
1646903009691500000,123.5,5,123.0,174,123.5,2,1,2022-03-10 09:03:29
1646903009810280000,123.5,2,123.0,174,123.5,10,1,2022-03-10 09:03:29
1646903009871601000,123.5,1,123.0,175,123.5,10,1,2022-03-10 09:03:29
1646903009967173000,123.5,2,123.0,176,123.5,8,1,2022-03-10 09:03:29
1646903010007551000,123.5,2,123.0,177,123.5,8,1,2022-03-10 09:03:30
1646903010053410000,123.5,2,123.0,177,123.5,6,1,2022-03-10 09:03:30
1646903010156246000,123.5,1,123.0,177,123.5,5,1,2022-03-10 09:03:30
1646903010205247000,123.5,1,123.0,178,123.5,5,1,2022-03-10 09:03:30
1646903010316943000,123.5,1,123.0,177,123.5,9,1,2022-03-10 09:03:30
1646903010446958000,123.0,1,123.0,176,123.5,10,2,2022-03-10 09:03:30
1646903010854389000,123.5,3,123.0,176,123.5,12,1,2022-03-10 09:03:30
1646903010870449000,123.5,1,123.0,176,123.5,11,1,2022-03-10 09:03:30
1646903011451449000,123.5,1,123.0,177,123.5,23,1,2022-03-10 09:03:31
1646903011479406000,123.5,10,123.0,177,123.5,13,1,2022-03-10 09:03:31
1646903011498547000,123.5,2,123.0,177,123.5,11,1,2022-03-10 09:03:31
1646903011756906000,123.5,3,123.0,177,123.5,8,1,2022-03-10 09:03:31
1646903011832155000,123.5,1,123.0,178,123.5,7,1,2022-03-10 09:03:31
1646903012288725000,123.5,1,123.0,179,123.5,6,1,2022-03-10 09:03:32
1646903012298576000,123.5,5,123.0,179,123.5,1,1,2022-03-10 09:03:32
1646903012882862000,123.0,1,123.0,177,123.5,5,2,2022-03-10 09:03:32
1646903013539581000,123.5,2,123.0,178,123.5,5,1,2022-03-10 09:03:33
1646903013688555000,123.5,1,123.0,179,123.5,6,1,2022-03-10 09:03:33
1646903013901499000,123.5,1,123.0,189,123.5,6,1,2022-03-10 09:03:33
1646903014050686000,123.5,1,123.0,190,123.5,6,1,2022-03-10 09:03:34
1646903014096758000,123.5,1,123.0,190,123.5,5,1,2022-03-10 09:03:34
1646903014131602000,123.5,1,123.0,190,123.5,5,1,2022-03-10 09:03:34
1646903014516875000,123.5,1,123.0,190,123.5,4,1,2022-03-10 09:03:34
1646903014743710000,123.5,2,123.0,190,123.5,2,1,2022-03-10 09:03:34
1646903015164630000,123.5,2,123.5,2,124.0,123,1,2022-03-10 09:03:35
1646903015242122000,123.5,4,123.0,192,124.0,123,2,2022-03-10 09:03:35
1646903015530799000,123.5,1,123.0,191,124.0,123,2,2022-03-10 09:03:35
1646903015588774000,123.0,1,123.0,190,124.0,123,2,2022-03-10 09:03:35
1646903016320503000,123.5,10,123.5,17,124.0,124,2,2022-03-10 09:03:36
1646903017585670000,124.0,1,123.5,32,124.0,120,1,2022-03-10 09:03:37
1646903017955733000,123.5,2,123.5,31,124.0,120,2,2022-03-10 09:03:37
1646903018022127000,123.5,1,123.5,30,124.0,121,2,2022-03-10 09:03:38
1646903018025273000,123.5,1,123.5,29,124.0,121,2,2022-03-10 09:03:38
1646903018066068000,123.5,1,123.5,28,124.0,121,2,2022-03-10 09:03:38
1646903018379328000,123.5,1,123.5,32,124.0,121,2,2022-03-10 09:03:38
1646903018420069000,124.0,1,123.5,32,124.0,120,1,2022-03-10 09:03:38
1646903018619442000,123.5,1,123.5,32,124.0,122,2,2022-03-10 09:03:38
1646903018704527000,123.5,1,123.5,33,124.0,122,2,2022-03-10 09:03:38
1646903018820943000,123.5,1,123.5,37,124.0,121,2,2022-03-10 09:03:38
1646903019076302000,124.0,1,123.5,44,124.0,120,1,2022-03-10 09:03:39
1646903019187838000,123.5,3,123.5,42,124.0,120,2,2022-03-10 09:03:39
1646903019336968000,123.5,2,123.5,42,124.0,120,2,2022-03-10 09:03:39
1646903019359916000,123.5,5,123.5,38,124.0,120,2,2022-03-10 09:03:39
1646903019605593000,124.0,4,123.5,38,124.0,117,1,2022-03-10 09:03:39
1646903019693320000,123.5,1,123.5,39,124.0,115,2,2022-03-10 09:03:39
1646903020654258000,123.5,1,123.5,40,124.0,117,2,2022-03-10 09:03:40
1646903021184654000,123.5,5,123.5,36,124.0,118,2,2022-03-10 09:03:41
1646903021233488000,124.0,1,123.5,36,124.0,118,1,2022-03-10 09:03:41
1646903021454933000,123.5,10,123.5,27,124.0,117,2,2022-03-10 09:03:41
1646903021661365000,123.5,1,123.5,26,124.0,119,2,2022-03-10 09:03:41
1646903021677490000,123.5,1,123.5,25,124.0,119,2,2022-03-10 09:03:41
1646903021768898000,123.5,3,123.5,22,124.0,119,2,2022-03-10 09:03:41
1646903022379387000,124.0,1,123.5,20,124.0,119,1,2022-03-10 09:03:42
1646903022428341000,123.5,2,123.5,18,124.0,119,2,2022-03-10 09:03:42
1646903023040211000,123.5,7,123.5,27,124.0,118,2,2022-03-10 09:03:43
1646903023150050000,123.5,1,123.5,26,124.0,119,2,2022-03-10 09:03:43
1646903023189132000,124.0,4,123.5,26,124.0,115,1,2022-03-10 09:03:43
1646903023249883000,124.0,2,123.5,26,124.0,112,1,2022-03-10 09:03:43
1646903023251729000,123.5,1,123.5,25,124.0,112,2,2022-03-10 09:03:43
1646903023745857000,123.5,1,123.5,32,124.0,114,2,2022-03-10 09:03:43
1646903023797782000,123.5,1,123.5,32,124.0,114,2,2022-03-10 09:03:43
1646903024586210000,123.5,20,123.5,14,124.0,116,2,2022-03-10 09:03:44
1646903025099115000,123.5,5,123.5,11,124.0,119,2,2022-03-10 09:03:45
1646903025199859000,123.5,1,123.5,10,124.0,119,2,2022-03-10 09:03:45
1646903025421225000,123.5,1,123.5,11,124.0,121,2,2022-03-10 09:03:45
1646903025511430000,123.5,2,123.5,9,124.0,121,2,2022-03-10 09:03:45
1646903025677196000,123.5,4,123.5,5,124.0,121,2,2022-03-10 09:03:45
1646903025690787000,123.5,5,123.0,198,123.5,5,2,2022-03-10 09:03:45
1646903025707168000,123.5,1,123.0,198,123.5,4,1,2022-03-10 09:03:45
1646903025752475000,123.0,1,123.0,207,123.5,5,2,2022-03-10 09:03:45
1646903025813569000,123.5,1,123.0,207,123.5,4,1,2022-03-10 09:03:45
1646903027097443000,123.5,2,123.0,210,123.5,14,1,2022-03-10 09:03:47
1646903027207240000,123.5,2,123.0,209,123.5,13,1,2022-03-10 09:03:47
1646903027337721000,123.5,1,123.0,210,123.5,13,1,2022-03-10 09:03:47
1646903027397209000,123.5,13,123.5,2,124.0,122,1,2022-03-10 09:03:47
1646903027431368000,123.5,2,123.0,211,123.5,8,2,2022-03-10 09:03:47
1646903027966887000,123.5,5,123.0,212,123.5,11,1,2022-03-10 09:03:47
1646903028734501000,123.0,1,123.0,214,123.5,21,2,2022-03-10 09:03:48
1646903029001943000,123.5,2,123.0,214,123.5,28,1,2022-03-10 09:03:49
1646903029553062000,123.5,2,123.0,213,123.5,29,1,2022-03-10 09:03:49
1646903029917613000,123.0,7,123.0,206,123.5,37,2,2022-03-10 09:03:49
1646903029945122000,123.5,1,123.0,206,123.5,36,1,2022-03-10 09:03:49
1646903030839847000,123.5,1,123.0,207,123.5,37,1,2022-03-10 09:03:50
1646903030844585000,123.5,2,123.0,207,123.5,35,1,2022-03-10 09:03:50
1646903031485848000,123.5,1,123.0,210,123.5,35,1,2022-03-10 09:03:51
1646903032466330000,123.5,2,123.0,209,123.5,47,1,2022-03-10 09:03:52
1646903032622717000,123.0,1,123.0,209,123.5,49,2,2022-03-10 09:03:52
1646903032631517000,123.5,1,123.0,209,123.5,48,1,2022-03-10 09:03:52
1646903032922123000,123.5,1,123.0,209,123.5,50,1,2022-03-10 09:03:52
1646903033464979000,123.5,1,123.0,206,123.5,65,1,2022-03-10 09:03:53
1646903033654803000,123.5,1,123.0,206,123.5,64,1,2022-03-10 09:03:53
1646903033656471000,123.5,6,123.0,206,123.5,58,1,2022-03-10 09:03:53
1646903033736852000,123.5,1,123.0,207,123.5,57,1,2022-03-10 09:03:53
1646903033741099000,123.5,1,123.0,207,123.5,56,1,2022-03-10 09:03:53
1646903033866232000,123.0,1,123.0,206,123.5,56,2,2022-03-10 09:03:53
1646903034053028000,123.0,1,123.0,205,123.5,57,2,2022-03-10 09:03:54
1646903034098375000,123.5,3,123.0,203,123.5,54,1,2022-03-10 09:03:54
1646903034517687000,123.5,1,123.0,205,123.5,56,1,2022-03-10 09:03:54
1646903035012150000,123.5,1,123.0,207,123.5,55,1,2022-03-10 09:03:55
1646903035031611000,123.0,1,123.0,206,123.5,55,2,2022-03-10 09:03:55
1646903035092489000,123.5,1,123.0,206,123.5,54,1,2022-03-10 09:03:55
1646903035636229000,123.5,1,123.0,205,123.5,56,1,2022-03-10 09:03:55
1646903036273496000,123.5,1,123.0,204,123.5,57,1,2022-03-10 09:03:56
1646903036539465000,123.5,1,123.0,203,123.5,57,1,2022-03-10 09:03:56
1646903036879751000,123.5,2,123.0,205,123.5,57,1,2022-03-10 09:03:56
1646903037156073000,123.5,1,123.0,205,123.5,58,1,2022-03-10 09:03:57
1646903037658848000,123.0,1,123.0,203,123.5,59,2,2022-03-10 09:03:57
1646903037684506000,123.5,1,123.0,203,123.5,60,1,2022-03-10 09:03:57
1646903037890152000,123.5,10,123.0,202,123.5,53,1,2022-03-10 09:03:57
1646903038452363000,123.5,4,123.0,205,123.5,49,1,2022-03-10 09:03:58
1646903038605959000,123.5,1,123.0,205,123.5,48,1,2022-03-10 09:03:58
1646903039030872000,123.5,1,123.0,207,123.5,48,1,2022-03-10 09:03:59
1646903039217036000,123.5,1,123.0,209,123.5,48,1,2022-03-10 09:03:59
1646903039580950000,123.5,2,123.0,206,123.5,47,1,2022-03-10 09:03:59
1646903040442002000,123.5,1,123.0,208,123.5,48,1,2022-03-10 09:04:00
1646903040762526000,123.5,10,123.0,208,123.5,39,1,2022-03-10 09:04:00
1646903040948554000,123.0,1,123.0,207,123.5,39,2,2022-03-10 09:04:00
1646903041145990000,123.5,2,123.0,207,123.5,39,1,2022-03-10 09:04:01
1646903041295343000,123.0,1,123.0,206,123.5,39,2,2022-03-10 09:04:01
1646903041420979000,123.5,1,123.0,206,123.5,39,1,2022-03-10 09:04:01
1646903041421792000,123.5,1,123.0,206,123.5,38,1,2022-03-10 09:04:01
1646903041488118000,123.5,1,123.0,206,123.5,37,1,2022-03-10 09:04:01
1646903041693340000,123.5,5,123.0,208,123.5,32,1,2022-03-10 09:04:01
1646903042197155000,123.5,1,123.0,208,123.5,33,1,2022-03-10 09:04:02
1646903042768440000,123.0,1,123.0,207,123.5,33,2,2022-03-10 09:04:02
1646903042931763000,123.5,1,123.0,209,123.5,32,1,2022-03-10 09:04:02
1646903043329956000,123.0,5,123.0,204,123.5,33,2,2022-03-10 09:04:03
1646903043814796000,123.0,1,123.0,206,123.5,37,2,2022-03-10 09:04:03
1646903044027177000,123.5,3,123.0,207,123.5,34,1,2022-03-10 09:04:04
1646903044116747000,123.5,15,123.0,207,123.5,19,1,2022-03-10 09:04:04
1646903044283580000,123.5,19,123.0,207,123.5,1,1,2022-03-10 09:04:04
1646903044296978000,123.5,1,123.0,207,124.0,144,1,2022-03-10 09:04:04
1646903044316915000,123.5,1,123.0,207,124.0,144,1,2022-03-10 09:04:04
1646903044387281000,123.5,1,123.0,208,124.0,143,2,2022-03-10 09:04:04
1646903044461276000,123.5,5,123.0,208,124.0,144,2,2022-03-10 09:04:04
1646903044684738000,124.0,10,123.5,1,124.0,134,1,2022-03-10 09:04:04
1646903044997599000,124.0,1,123.5,10,124.0,132,1,2022-03-10 09:04:04
1646903045231184000,123.5,1,123.5,13,124.0,132,2,2022-03-10 09:04:05
1646903045951384000,123.5,1,123.5,13,124.0,133,2,2022-03-10 09:04:05
1646903045990609000,123.5,1,123.5,12,124.0,132,2,2022-03-10 09:04:05
1646903046847263000,123.5,1,123.5,14,124.0,132,2,2022-03-10 09:04:06
1646903047345523000,123.5,5,123.5,13,124.0,132,2,2022-03-10 09:04:07
1646903048122826000,123.5,2,123.5,22,124.0,136,2,2022-03-10 09:04:08
1646903048522280000,124.0,3,123.5,25,124.0,133,1,2022-03-10 09:04:08
1646903049507287000,123.5,1,123.5,30,124.0,135,2,2022-03-10 09:04:09
1646903050036041000,123.5,1,123.5,32,124.0,140,2,2022-03-10 09:04:10
1646903051051152000,123.5,23,123.5,14,124.0,140,2,2022-03-10 09:04:11
1646903052687054000,123.5,1,123.5,35,124.0,139,2,2022-03-10 09:04:12
1646903053286947000,123.5,5,123.5,36,124.0,139,2,2022-03-10 09:04:13
1646903053321155000,123.5,1,123.5,35,124.0,139,2,2022-03-10 09:04:13
1646903053739823000,123.5,4,123.5,33,124.0,139,2,2022-03-10 09:04:13
1646903053982724000,124.0,2,123.5,33,124.0,137,1,2022-03-10 09:04:13
1646903054003372000,123.5,1,123.5,32,124.0,137,2,2022-03-10 09:04:14
1646903054437956000,123.5,1,123.5,35,124.0,137,2,2022-03-10 09:04:14
1646903054578588000,124.0,2,123.5,35,124.0,134,1,2022-03-10 09:04:14
1646903054613132000,123.5,2,123.5,33,124.0,134,2,2022-03-10 09:04:14
1646903054921721000,124.0,1,123.5,33,124.0,134,1,2022-03-10 09:04:14
1646903055734251000,124.0,1,123.5,37,124.0,133,1,2022-03-10 09:04:15
1646903055910130000,123.5,1,123.5,36,124.0,133,2,2022-03-10 09:04:15
1646903056530917000,123.5,1,123.5,35,124.0,133,2,2022-03-10 09:04:16
1646903056994098000,124.0,2,123.5,42,124.0,131,1,2022-03-10 09:04:16
1646903057018128000,123.5,1,123.5,41,124.0,131,2,2022-03-10 09:04:17
1646903057337964000,123.5,1,123.5,41,124.0,135,2,2022-03-10 09:04:17
1646903057625999000,123.5,1,123.5,40,124.0,136,2,2022-03-10 09:04:17
1646903057909049000,124.0,1,123.5,40,124.0,135,1,2022-03-10 09:04:17
1646903057933596000,123.5,1,123.5,39,124.0,135,2,2022-03-10 09:04:17
1646903058413507000,124.0,1,123.5,40,124.0,135,1,2022-03-10 09:04:18
1646903058438834000,123.5,4,123.5,36,124.0,135,2,2022-03-10 09:04:18
1646903058509025000,124.0,1,123.5,41,124.0,134,1,2022-03-10 09:04:18
1646903058920916000,124.0,1,123.5,43,124.0,133,1,2022-03-10 09:04:18
1646903059235777000,124.0,2,123.5,43,124.0,131,1,2022-03-10 09:04:19
1646903059286190000,123.5,1,123.5,42,124.0,131,2,2022-03-10 09:04:19
1646903059440271000,123.5,5,123.5,37,124.0,131,2,2022-03-10 09:04:19
1646903059778185000,124.0,1,123.5,39,124.0,130,1,2022-03-10 09:04:19
1646903060534970000,123.5,10,123.5,36,124.0,131,2,2022-03-10 09:04:20
1646903061911312000,123.5,3,123.5,42,124.0,132,2,2022-03-10 09:04:21
1646903062356516000,123.5,3,123.5,39,124.0,132,2,2022-03-10 09:04:22
1646903063346212000,124.0,10,123.5,39,124.0,122,1,2022-03-10 09:04:23
1646903064812874000,123.5,34,123.5,14,124.0,123,2,2022-03-10 09:04:24
1646903064831305000,123.5,7,123.5,7,124.0,123,2,2022-03-10 09:04:24
1646903064847335000,123.5,2,123.5,5,124.0,123,2,2022-03-10 09:04:24
1646903064850381000,123.5,5,123.0,243,124.0,123,2,2022-03-10 09:04:24
1646903064999604000,124.0,1,123.5,3,124.0,123,1,2022-03-10 09:04:24
1646903065037950000,124.0,1,123.5,3,124.0,122,1,2022-03-10 09:04:25
1646903065084849000,123.5,1,123.5,2,124.0,121,2,2022-03-10 09:04:25
1646903065995029000,123.5,2,123.5,5,124.0,124,2,2022-03-10 09:04:25
1646903066227958000,123.5,1,123.5,4,124.0,125,2,2022-03-10 09:04:26
1646903066532062000,123.5,2,123.5,4,124.0,127,2,2022-03-10 09:04:26
1646903067012551000,123.5,2,123.5,6,124.0,134,2,2022-03-10 09:04:27
1646903067043442000,123.5,1,123.5,5,124.0,134,2,2022-03-10 09:04:27
1646903067110245000,123.5,1,123.5,4,124.0,134,2,2022-03-10 09:04:27
1646903067314870000,123.5,2,123.5,2,124.0,135,2,2022-03-10 09:04:27
1646903067359262000,123.5,2,123.0,249,123.5,8,2,2022-03-10 09:04:27
1646903067701110000,123.5,2,123.0,247,123.5,7,1,2022-03-10 09:04:27
1646903067812217000,123.5,3,123.0,247,123.5,12,1,2022-03-10 09:04:27
1646903067817168000,123.5,1,123.0,247,123.5,11,1,2022-03-10 09:04:27
1646903068729066000,123.5,1,123.0,247,123.5,11,1,2022-03-10 09:04:28
1646903069245178000,123.5,1,123.0,248,123.5,17,1,2022-03-10 09:04:29
1646903069545591000,123.5,1,123.0,248,123.5,16,1,2022-03-10 09:04:29
1646903070095035000,123.5,1,123.0,245,123.5,17,1,2022-03-10 09:04:30
1646903070268837000,123.5,1,123.0,244,123.5,16,1,2022-03-10 09:04:30
1646903070613444000,123.5,1,123.0,244,123.5,16,1,2022-03-10 09:04:30
1646903071338892000,123.5,2,123.0,240,123.5,19,1,2022-03-10 09:04:31
1646903071831512000,123.5,1,123.0,240,123.5,19,1,2022-03-10 09:04:31
1646903071876730000,123.5,1,123.0,240,123.5,18,1,2022-03-10 09:04:31
1646903072087715000,123.5,1,123.0,241,123.5,17,1,2022-03-10 09:04:32
1646903072941317000,123.5,1,123.0,241,123.5,30,1,2022-03-10 09:04:32
1646903073161124000,123.0,1,123.0,240,123.5,30,2,2022-03-10 09:04:33
1646903073452742000,123.5,1,123.0,240,123.5,45,1,2022-03-10 09:04:33
1646903073453078000,123.5,2,123.0,240,123.5,43,1,2022-03-10 09:04:33
1646903073642975000,123.5,2,123.0,231,123.5,41,1,2022-03-10 09:04:33
1646903073879594000,123.5,1,123.0,230,123.5,40,1,2022-03-10 09:04:33
1646903073946889000,123.5,1,123.0,210,123.5,39,1,2022-03-10 09:04:33
1646903074347425000,123.5,1,123.0,210,123.5,38,1,2022-03-10 09:04:34
1646903074458947000,123.5,1,123.0,210,123.5,37,1,2022-03-10 09:04:34
1646903074623792000,123.0,3,123.0,207,123.5,41,2,2022-03-10 09:04:34
1646903075362890000,123.5,1,123.0,207,123.5,41,1,2022-03-10 09:04:35
1646903075592487000,123.5,1,123.0,207,123.5,45,1,2022-03-10 09:04:35
1646903076521462000,123.5,1,123.0,205,123.5,46,1,2022-03-10 09:04:36
1646903077183036000,123.5,1,123.0,204,123.5,50,1,2022-03-10 09:04:37
1646903077499025000,123.5,1,123.0,204,123.5,49,1,2022-03-10 09:04:37
1646903077512268000,123.5,1,123.0,203,123.5,48,1,2022-03-10 09:04:37
1646903077632298000,123.5,1,123.0,203,123.5,47,1,2022-03-10 09:04:37
1646903077690736000,123.5,1,123.0,203,123.5,47,1,2022-03-10 09:04:37
1646903078349939000,123.0,1,123.0,202,123.5,48,2,2022-03-10 09:04:38
1646903079040685000,123.5,1,123.0,202,123.5,48,1,2022-03-10 09:04:39
1646903079676237000,123.5,2,123.0,210,123.5,46,1,2022-03-10 09:04:39
1646903079804379000,123.5,1,123.0,210,123.5,45,1,2022-03-10 09:04:39
1646903080210162000,123.0,1,123.0,209,123.5,66,2,2022-03-10 09:04:40
1646903080404730000,123.5,1,123.0,209,123.5,65,1,2022-03-10 09:04:40
1646903080474812000,123.0,5,123.0,204,123.5,65,2,2022-03-10 09:04:40
1646903080894442000,123.5,5,123.0,204,123.5,60,1,2022-03-10 09:04:40
1646903081106868000,123.5,2,123.0,208,123.5,58,1,2022-03-10 09:04:41
1646903081468665000,123.5,1,123.0,208,123.5,64,1,2022-03-10 09:04:41
1646903081568649000,123.5,5,123.0,207,123.5,61,1,2022-03-10 09:04:41
1646903082207935000,123.5,1,123.0,209,123.5,70,1,2022-03-10 09:04:42
1646903082732337000,123.5,1,123.0,209,123.5,71,1,2022-03-10 09:04:42
1646903083027342000,123.5,1,123.0,211,123.5,72,1,2022-03-10 09:04:43
1646903084135852000,123.5,1,123.0,212,123.5,84,1,2022-03-10 09:04:44
1646903085729212000,123.5,2,123.0,214,123.5,88,1,2022-03-10 09:04:45
1646903085931047000,123.5,1,123.0,214,123.5,87,1,2022-03-10 09:04:45
1646903086017604000,123.5,2,123.0,214,123.5,85,1,2022-03-10 09:04:46
1646903086029536000,123.5,2,123.0,214,123.5,83,1,2022-03-10 09:04:46
1646903086636418000,123.5,1,123.0,214,123.5,82,1,2022-03-10 09:04:46
1646903087011036000,123.0,1,123.0,213,123.5,82,2,2022-03-10 09:04:47
1646903087785745000,123.0,1,123.0,212,123.5,82,2,2022-03-10 09:04:47
1646903088822392000,123.5,1,123.0,213,123.5,91,1,2022-03-10 09:04:48
1646903090403048000,123.5,1,123.0,216,123.5,93,1,2022-03-10 09:04:50
1646903091883109000,123.5,1,123.0,223,123.5,93,1,2022-03-10 09:04:51
1646903091969323000,123.5,3,123.0,225,123.5,90,1,2022-03-10 09:04:51
1646903091970690000,123.5,2,123.0,225,123.5,88,1,2022-03-10 09:04:51
1646903094498133000,123.5,2,123.0,230,123.5,93,1,2022-03-10 09:04:54
1646903095057723000,123.5,1,123.0,230,123.5,94,1,2022-03-10 09:04:55
1646903095862225000,123.5,5,123.0,237,123.5,72,1,2022-03-10 09:04:55
1646903096166310000,123.5,2,123.0,237,123.5,72,1,2022-03-10 09:04:56
1646903096345918000,123.0,5,123.0,232,123.5,73,2,2022-03-10 09:04:56
1646903097077142000,123.5,1,123.0,232,123.5,72,1,2022-03-10 09:04:57
1646903097406185000,123.5,3,123.0,235,123.5,69,1,2022-03-10 09:04:57
1646903097412950000,123.5,3,123.0,235,123.5,66,1,2022-03-10 09:04:57
1646903097463198000,123.5,2,123.0,235,123.5,64,1,2022-03-10 09:04:57
1646903097977031000,123.5,1,123.0,239,123.5,66,1,2022-03-10 09:04:57
1646903098364510000,123.5,1,123.0,239,123.5,64,1,2022-03-10 09:04:58
1646903098671692000,123.0,2,123.0,237,123.5,64,2,2022-03-10 09:04:58
1646903098757738000,123.5,2,123.0,236,123.5,62,1,2022-03-10 09:04:58
1646903099490000000,123.5,1,123.0,236,123.5,62,1,2022-03-10 09:04:59
1646903100109276000,123.5,1,123.0,237,123.5,65,1,2022-03-10 09:05:00
1646903100302612000,123.5,1,123.0,237,123.5,65,1,2022-03-10 09:05:00
1646903100414467000,123.0,5,123.0,232,123.5,66,2,2022-03-10 09:05:00
1646903100420670000,123.0,4,123.0,228,123.5,66,2,2022-03-10 09:05:00
1646903100422877000,123.0,2,123.0,226,123.5,66,2,2022-03-10 09:05:00
1646903100465804000,123.0,2,123.0,221,123.5,66,2,2022-03-10 09:05:00
1646903100475413000,123.0,2,123.0,219,123.5,66,2,2022-03-10 09:05:00
1646903100628846000,123.0,2,123.0,217,123.5,66,2,2022-03-10 09:05:00
1646903100633310000,123.0,1,123.0,216,123.5,66,2,2022-03-10 09:05:00
1646903100651831000,123.0,2,123.0,214,123.5,66,2,2022-03-10 09:05:00
1646903100860357000,123.5,1,123.0,214,123.5,66,1,2022-03-10 09:05:00
1646903101279818000,123.5,5,123.0,214,123.5,61,1,2022-03-10 09:05:01
1646903101344197000,123.5,2,123.0,214,123.5,59,1,2022-03-10 09:05:01
1646903101633920000,123.5,1,123.0,214,123.5,68,1,2022-03-10 09:05:01
1646903101755750000,123.5,1,123.0,214,123.5,67,1,2022-03-10 09:05:01
1646903101778677000,123.5,1,123.0,214,123.5,66,1,2022-03-10 09:05:01
1646903102307314000,123.5,1,123.0,215,123.5,72,1,2022-03-10 09:05:02
1646903102364382000,123.5,1,123.0,215,123.5,71,1,2022-03-10 09:05:02
1646903102375337000,123.0,2,123.0,213,123.5,71,2,2022-03-10 09:05:02
1646903103062624000,123.5,1,123.0,214,123.5,69,1,2022-03-10 09:05:03
1646903103096310000,123.0,1,123.0,213,123.5,69,2,2022-03-10 09:05:03
1646903103389123000,123.5,10,123.0,213,123.5,59,1,2022-03-10 09:05:03
1646903104231728000,123.5,1,123.0,216,123.5,58,1,2022-03-10 09:05:04
1646903105120738000,123.0,1,123.0,216,123.5,59,2,2022-03-10 09:05:05
1646903105178926000,123.5,1,123.0,216,123.5,58,1,2022-03-10 09:05:05
1646903105249146000,123.5,3,123.0,216,123.5,55,1,2022-03-10 09:05:05
1646903105269403000,123.5,2,123.0,216,123.5,53,1,2022-03-10 09:05:05
1646903105697949000,123.5,2,123.0,216,123.5,57,1,2022-03-10 09:05:05
1646903105891048000,123.5,1,123.0,216,123.5,56,1,2022-03-10 09:05:05
1646903106116009000,123.5,1,123.0,216,123.5,54,1,2022-03-10 09:05:06
1646903106495212000,123.5,2,123.0,214,123.5,53,1,2022-03-10 09:05:06
1646903106564437000,123.5,1,123.0,215,123.5,53,1,2022-03-10 09:05:06
1646903106629457000,123.5,1,123.0,215,123.5,52,1,2022-03-10 09:05:06
1646903106903355000,123.5,1,123.0,215,123.5,51,1,2022-03-10 09:05:06
1646903107240779000,123.5,51,123.0,218,124.0,176,1,2022-03-10 09:05:07
1646903107268690000,123.0,1,123.0,217,124.0,177,2,2022-03-10 09:05:07
1646903107708146000,123.5,1,123.0,217,123.5,5,1,2022-03-10 09:05:07
1646903108070132000,123.5,5,123.0,219,123.5,1,1,2022-03-10 09:05:08
1646903108116461000,123.5,1,123.0,219,124.0,186,1,2022-03-10 09:05:08
1646903108316705000,123.5,17,123.0,219,123.5,97,2,2022-03-10 09:05:08
1646903108359100000,123.5,1,123.0,218,123.5,96,1,2022-03-10 09:05:08
1646903108646379000,123.5,1,123.0,219,123.5,97,1,2022-03-10 09:05:08
1646903108794949000,123.0,1,123.0,218,123.5,97,2,2022-03-10 09:05:08
1646903108850621000,123.5,2,123.0,218,123.5,105,1,2022-03-10 09:05:08
1646903108928747000,123.5,1,123.0,219,123.5,104,1,2022-03-10 09:05:08
1646903109012342000,123.5,1,123.0,219,123.5,103,1,2022-03-10 09:05:09
1646903109316066000,123.5,1,123.0,219,123.5,102,1,2022-03-10 09:05:09
1646903109851222000,123.5,1,123.0,222,123.5,101,1,2022-03-10 09:05:09
1646903110144189000,123.5,1,123.0,222,123.5,103,1,2022-03-10 09:05:10
1646903110207789000,123.5,2,123.0,222,123.5,101,1,2022-03-10 09:05:10
1646903110308574000,123.0,1,123.0,221,123.5,101,2,2022-03-10 09:05:10
1646903110594434000,123.5,1,123.0,221,123.5,100,1,2022-03-10 09:05:10
1646903110782333000,123.0,1,123.0,219,123.5,100,2,2022-03-10 09:05:10
1646903111106387000,123.5,1,123.0,221,123.5,100,1,2022-03-10 09:05:11
1646903111156632000,123.5,1,123.0,221,123.5,99,1,2022-03-10 09:05:11
1646903111348677000,123.5,1,123.0,221,123.5,98,1,2022-03-10 09:05:11
1646903111921907000,123.5,2,123.0,221,123.5,98,1,2022-03-10 09:05:11
1646903113424133000,123.5,10,123.0,228,123.5,88,1,2022-03-10 09:05:13
1646903113454328000,123.5,1,123.0,228,123.5,87,1,2022-03-10 09:05:13
1646903114716891000,123.5,1,123.0,234,123.5,87,1,2022-03-10 09:05:14
1646903114745892000,123.5,3,123.0,234,123.5,84,1,2022-03-10 09:05:14
1646903115037249000,123.0,1,123.0,234,123.5,85,2,2022-03-10 09:05:15
1646903115826203000,123.5,1,123.0,233,123.5,84,1,2022-03-10 09:05:15
1646903115855135000,123.5,10,123.0,233,123.5,74,1,2022-03-10 09:05:15
1646903116399272000,123.5,1,123.0,234,123.5,74,1,2022-03-10 09:05:16
1646903116539208000,123.5,1,123.0,234,123.5,73,1,2022-03-10 09:05:16
1646903117481155000,123.5,1,123.0,241,123.5,77,1,2022-03-10 09:05:17
1646903117511646000,123.5,2,123.0,241,123.5,75,1,2022-03-10 09:05:17
1646903117654956000,123.5,5,123.0,242,123.5,86,1,2022-03-10 09:05:17
1646903117966464000,123.5,1,123.0,242,123.5,85,1,2022-03-10 09:05:17
1646903118139237000,123.5,1,123.0,243,123.5,84,1,2022-03-10 09:05:18
1646903118695602000,123.0,1,123.0,241,123.5,83,2,2022-03-10 09:05:18
1646903118711922000,123.0,2,123.0,239,123.5,83,2,2022-03-10 09:05:18
1646903118855462000,123.5,1,123.0,238,123.5,82,1,2022-03-10 09:05:18
1646903118991664000,123.5,1,123.0,242,123.5,81,1,2022-03-10 09:05:18
1646903119418882000,123.5,1,123.0,242,123.5,80,1,2022-03-10 09:05:19
1646903119429607000,123.5,2,123.0,242,123.5,78,1,2022-03-10 09:05:19
1646903119892604000,123.5,1,123.0,244,123.5,77,1,2022-03-10 09:05:19
1646903119955637000,123.5,1,123.0,244,123.5,76,1,2022-03-10 09:05:19
1646903120399933000,123.5,1,123.0,245,123.5,75,1,2022-03-10 09:05:20
1646903120495756000,123.5,2,123.0,245,123.5,73,1,2022-03-10 09:05:20
1646903120816162000,123.5,1,123.0,246,123.5,72,1,2022-03-10 09:05:20
1646903121241290000,123.5,1,123.0,248,123.5,71,1,2022-03-10 09:05:21
1646903121535590000,123.5,2,123.0,248,123.5,69,1,2022-03-10 09:05:21
1646903121878885000,123.5,2,123.0,250,123.5,67,1,2022-03-10 09:05:21
1646903121898338000,123.5,1,123.0,250,123.5,66,1,2022-03-10 09:05:21
1646903122093248000,123.5,6,123.0,250,123.5,60,1,2022-03-10 09:05:22
1646903122291961000,123.0,3,123.0,247,123.5,60,2,2022-03-10 09:05:22
1646903122380847000,123.5,1,123.0,247,123.5,59,1,2022-03-10 09:05:22
1646903123721777000,123.5,1,123.0,253,123.5,61,1,2022-03-10 09:05:23
1646903123798908000,123.5,1,123.0,253,123.5,60,1,2022-03-10 09:05:23
1646903123818484000,123.5,1,123.0,253,123.5,59,1,2022-03-10 09:05:23
1646903123927393000,123.5,1,123.0,253,123.5,59,1,2022-03-10 09:05:23
1646903123993917000,123.5,2,123.0,253,123.5,58,1,2022-03-10 09:05:23
1646903124307477000,123.0,10,123.0,243,123.5,58,2,2022-03-10 09:05:24
1646903124332245000,123.5,1,123.0,242,123.5,57,1,2022-03-10 09:05:24
1646903124430704000,123.5,1,123.0,242,123.5,56,1,2022-03-10 09:05:24
1646903124580876000,123.5,5,123.0,243,123.5,51,1,2022-03-10 09:05:24
1646903124671864000,123.0,2,123.0,241,123.5,49,2,2022-03-10 09:05:24
1646903124714916000,123.5,1,123.0,241,123.5,48,1,2022-03-10 09:05:24
1646903125457792000,123.5,1,123.0,252,123.5,48,1,2022-03-10 09:05:25
1646903125543925000,123.5,1,123.0,252,123.5,47,1,2022-03-10 09:05:25
1646903125604178000,123.5,1,123.0,252,123.5,46,1,2022-03-10 09:05:25
1646903125653782000,123.5,3,123.0,262,123.5,43,1,2022-03-10 09:05:25
1646903125760721000,123.5,4,123.0,262,123.5,39,1,2022-03-10 09:05:25
1646903125982677000,123.5,20,123.0,268,123.5,19,1,2022-03-10 09:05:25
1646903126021516000,123.5,19,123.0,268,124.0,186,1,2022-03-10 09:05:26
1646903126196785000,124.0,1,123.5,4,124.0,177,1,2022-03-10 09:05:26
1646903126216399000,123.5,1,123.5,3,124.0,177,2,2022-03-10 09:05:26
1646903126415947000,123.5,1,123.5,2,124.0,178,2,2022-03-10 09:05:26
1646903126738691000,123.5,2,123.5,2,124.0,178,2,2022-03-10 09:05:26
1646903127877691000,123.5,4,123.0,274,123.5,1,2,2022-03-10 09:05:27
1646903127904414000,123.5,1,123.0,274,124.0,179,1,2022-03-10 09:05:27
1646903128151677000,123.5,1,123.5,8,124.0,179,2,2022-03-10 09:05:28
1646903128470347000,123.5,1,123.5,9,124.0,179,2,2022-03-10 09:05:28
1646903128659514000,123.5,1,123.5,9,124.0,179,2,2022-03-10 09:05:28
1646903129893162000,123.5,1,123.5,31,124.0,179,2,2022-03-10 09:05:29
1646903130072004000,124.0,1,123.5,31,124.0,181,1,2022-03-10 09:05:30
1646903130234522000,124.0,1,123.5,42,124.0,180,1,2022-03-10 09:05:30
1646903130333565000,123.5,3,123.5,39,124.0,180,2,2022-03-10 09:05:30
1646903130455989000,123.5,3,123.5,39,124.0,180,2,2022-03-10 09:05:30
1646903130513360000,123.5,25,123.5,14,124.0,180,2,2022-03-10 09:05:30
1646903130529014000,123.5,14,123.0,286,124.0,180,2,2022-03-10 09:05:30
1646903130680702000,123.5,1,123.0,292,124.0,181,2,2022-03-10 09:05:30
1646903130914180000,123.5,1,123.0,292,124.0,181,2,2022-03-10 09:05:30
1646903131879726000,123.5,11,123.5,6,124.0,177,2,2022-03-10 09:05:31
1646903131982820000,124.0,5,123.5,7,124.0,172,1,2022-03-10 09:05:31
1646903132623698000,123.5,1,123.5,6,124.0,172,2,2022-03-10 09:05:32
1646903132675317000,123.5,1,123.5,5,124.0,172,2,2022-03-10 09:05:32
1646903132889276000,123.5,10,123.5,1,124.0,172,2,2022-03-10 09:05:32
1646903133418399000,123.5,1,123.0,293,124.0,172,2,2022-03-10 09:05:33
1646903133447087000,123.5,1,123.0,293,124.0,172,1,2022-03-10 09:05:33
1646903133551646000,123.0,1,123.0,286,124.0,172,2,2022-03-10 09:05:33
1646903134422095000,123.5,1,123.5,5,124.0,174,2,2022-03-10 09:05:34
1646903134751468000,123.5,1,123.5,4,124.0,174,2,2022-03-10 09:05:34
1646903135827578000,123.5,1,123.5,6,124.0,173,2,2022-03-10 09:05:35
1646903135956912000,123.5,1,123.5,5,124.0,174,2,2022-03-10 09:05:35
1646903136143166000,123.5,3,123.5,2,124.0,174,2,2022-03-10 09:05:36
1646903136193171000,123.5,2,123.5,1,124.0,174,2,2022-03-10 09:05:36
1646903136225731000,123.5,1,123.0,283,124.0,174,2,2022-03-10 09:05:36
1646903136772580000,123.5,2,123.0,283,124.0,175,1,2022-03-10 09:05:36
1646903136920325000,123.5,1,123.0,283,124.0,174,1,2022-03-10 09:05:36
1646903137406034000,123.5,1,123.0,284,124.0,171,1,2022-03-10 09:05:37
1646903137453027000,123.5,1,123.0,284,124.0,171,2,2022-03-10 09:05:37
1646903138282913000,123.5,1,123.5,2,124.0,174,2,2022-03-10 09:05:38
1646903139233562000,123.5,1,123.5,3,124.0,174,2,2022-03-10 09:05:39
1646903139427983000,124.0,2,123.5,3,124.0,171,1,2022-03-10 09:05:39
1646903139807408000,123.5,1,123.5,12,124.0,171,2,2022-03-10 09:05:39
1646903140806743000,124.0,5,123.5,12,124.0,166,1,2022-03-10 09:05:40
1646903140992090000,123.5,1,123.5,13,124.0,165,2,2022-03-10 09:05:40
1646903141003787000,124.0,1,123.5,13,124.0,164,1,2022-03-10 09:05:41
1646903141253402000,123.5,1,123.5,13,124.0,164,2,2022-03-10 09:05:41
1646903141383837000,123.5,1,123.5,13,124.0,165,2,2022-03-10 09:05:41
1646903141748306000,124.0,1,123.5,13,124.0,164,1,2022-03-10 09:05:41
1646903142103082000,123.5,13,123.0,296,123.5,2,2,2022-03-10 09:05:42
1646903142220574000,123.5,1,123.0,296,123.5,1,1,2022-03-10 09:05:42
1646903142246105000,123.5,1,123.0,296,124.0,165,1,2022-03-10 09:05:42
1646903142655793000,123.5,1,123.0,305,124.0,165,2,2022-03-10 09:05:42
1646903144647364000,123.5,1,123.0,305,123.5,1,2,2022-03-10 09:05:44
1646903144850917000,123.5,2,123.0,297,123.5,10,1,2022-03-10 09:05:44
1646903145095351000,123.5,1,123.0,297,123.5,19,1,2022-03-10 09:05:45
1646903145298707000,123.5,1,123.0,297,123.5,18,1,2022-03-10 09:05:45
1646903145669347000,123.5,2,123.0,298,123.5,16,1,2022-03-10 09:05:45
1646903146684215000,123.5,1,123.0,299,123.5,30,1,2022-03-10 09:05:46
1646903146720996000,123.5,1,123.0,299,123.5,29,1,2022-03-10 09:05:46
1646903146731451000,123.5,1,123.0,299,123.5,28,1,2022-03-10 09:05:46
1646903146792702000,123.5,1,123.0,299,123.5,27,1,2022-03-10 09:05:46
1646903147166545000,123.5,10,123.0,299,123.5,18,1,2022-03-10 09:05:47
1646903147427843000,123.5,2,123.0,299,123.5,17,1,2022-03-10 09:05:47
1646903147796181000,123.5,2,123.0,299,123.5,15,1,2022-03-10 09:05:47
1646903147847807000,123.0,1,123.0,298,123.5,15,2,2022-03-10 09:05:47
1646903147857763000,123.5,2,123.0,298,123.5,13,1,2022-03-10 09:05:47
1646903147924952000,123.5,1,123.0,298,123.5,12,1,2022-03-10 09:05:47
1646903148018200000,123.5,2,123.0,296,123.5,10,1,2022-03-10 09:05:48
1646903148242612000,123.5,1,123.0,296,123.5,9,1,2022-03-10 09:05:48
1646903148283337000,123.5,1,123.0,296,123.5,8,1,2022-03-10 09:05:48
1646903148502446000,123.0,2,123.0,294,123.5,8,2,2022-03-10 09:05:48
1646903148509485000,123.5,1,123.0,294,123.5,7,1,2022-03-10 09:05:48
1646903149024102000,123.5,1,123.0,294,123.5,7,1,2022-03-10 09:05:49
1646903149631386000,123.5,1,123.0,292,123.5,8,1,2022-03-10 09:05:49
1646903150137438000,123.5,1,123.0,293,123.5,7,1,2022-03-10 09:05:50
1646903150817732000,123.5,2,123.0,293,123.5,7,1,2022-03-10 09:05:50
1646903150823954000,123.5,2,123.0,293,123.5,5,1,2022-03-10 09:05:50
1646903150827097000,123.5,1,123.0,293,123.5,4,1,2022-03-10 09:05:50
1646903151521741000,123.5,2,123.0,297,123.5,2,1,2022-03-10 09:05:51
1646903151754063000,123.5,1,123.0,298,123.5,1,1,2022-03-10 09:05:51
1646903151789519000,123.0,5,123.0,293,123.5,1,2,2022-03-10 09:05:51
1646903152562875000,123.5,1,123.0,293,124.0,191,1,2022-03-10 09:05:52
1646903152662741000,123.5,1,123.0,293,124.0,198,2,2022-03-10 09:05:52
1646903153557538000,123.5,1,123.0,293,124.0,201,1,2022-03-10 09:05:53
1646903154357480000,123.5,1,123.0,293,124.0,194,2,2022-03-10 09:05:54
1646903154575427000,123.5,1,123.5,4,124.0,194,2,2022-03-10 09:05:54
1646903154758102000,123.5,1,123.5,5,124.0,194,2,2022-03-10 09:05:54
1646903154981500000,123.5,5,123.5,1,124.0,194,2,2022-03-10 09:05:54
1646903156180518000,123.5,5,123.5,5,124.0,200,2,2022-03-10 09:05:56
1646903156251321000,123.5,1,123.5,4,124.0,200,2,2022-03-10 09:05:56
1646903156789002000,123.5,3,123.5,3,124.0,200,2,2022-03-10 09:05:56
1646903156859216000,123.5,3,123.0,312,123.5,2,2,2022-03-10 09:05:56
1646903157288219000,123.5,1,123.0,315,123.5,2,1,2022-03-10 09:05:57
1646903157473545000,123.5,1,123.0,314,123.5,1,1,2022-03-10 09:05:57
1646903157474012000,123.5,1,123.5,4,124.0,200,1,2022-03-10 09:05:57
1646903158293915000,123.5,1,123.5,8,124.0,201,2,2022-03-10 09:05:58
1646903159268356000,123.5,1,123.5,10,124.0,202,2,2022-03-10 09:05:59
1646903160066826000,123.5,1,123.5,13,124.0,202,2,2022-03-10 09:06:00
1646903160242820000,123.5,1,123.5,12,124.0,202,2,2022-03-10 09:06:00
1646903160276817000,123.5,1,123.5,11,124.0,202,2,2022-03-10 09:06:00
1646903160291883000,123.5,2,123.5,9,124.0,202,2,2022-03-10 09:06:00
1646903160375120000,124.0,1,123.5,11,124.0,202,1,2022-03-10 09:06:00
1646903160410568000,123.5,2,123.5,9,124.0,202,2,2022-03-10 09:06:00
1646903160432696000,123.5,2,123.5,7,124.0,202,2,2022-03-10 09:06:00
1646903160692834000,123.5,1,123.5,6,124.0,202,2,2022-03-10 09:06:00
1646903160792836000,124.0,1,123.5,6,124.0,202,1,2022-03-10 09:06:00
1646903160886761000,124.0,1,123.5,6,124.0,201,1,2022-03-10 09:06:00
1646903161897958000,124.0,3,123.5,17,124.0,198,1,2022-03-10 09:06:01
1646903161943497000,123.5,3,123.5,17,124.0,197,2,2022-03-10 09:06:01
1646903162245560000,123.5,3,123.5,15,124.0,197,2,2022-03-10 09:06:02
1646903162803059000,124.0,1,123.5,16,124.0,197,1,2022-03-10 09:06:02
1646903163111630000,123.5,2,123.5,19,124.0,196,2,2022-03-10 09:06:03
1646903163647593000,123.5,10,123.5,10,124.0,198,2,2022-03-10 09:06:03
1646903164582722000,124.0,2,123.5,12,124.0,196,1,2022-03-10 09:06:04
1646903164825958000,124.0,1,123.5,15,124.0,194,1,2022-03-10 09:06:04
1646903166639337000,124.0,8,123.5,25,124.0,187,1,2022-03-10 09:06:06
1646903166834076000,124.0,1,123.5,26,124.0,187,1,2022-03-10 09:06:06
1646903167445336000,123.5,1,123.5,26,124.0,188,2,2022-03-10 09:06:07
1646903168036497000,124.0,8,123.5,27,124.0,180,1,2022-03-10 09:06:08
1646903168201848000,124.0,3,123.5,30,124.0,177,1,2022-03-10 09:06:08
1646903168312001000,124.0,1,123.5,30,124.0,176,1,2022-03-10 09:06:08
1646903168435391000,123.5,1,123.5,29,124.0,176,2,2022-03-10 09:06:08
1646903168861064000,124.0,1,123.5,32,124.0,175,1,2022-03-10 09:06:08
1646903168930457000,123.5,1,123.5,31,124.0,175,2,2022-03-10 09:06:08
1646903169585866000,124.0,10,123.5,34,124.0,165,1,2022-03-10 09:06:09
1646903170210445000,123.5,1,123.5,34,124.0,165,2,2022-03-10 09:06:10
1646903170881255000,124.0,1,123.5,37,124.0,165,1,2022-03-10 09:06:10
1646903171437545000,123.5,1,123.5,38,124.0,165,2,2022-03-10 09:06:11
1646903171572553000,124.0,6,123.5,41,124.0,159,1,2022-03-10 09:06:11
1646903171646688000,124.0,1,123.5,43,124.0,158,1,2022-03-10 09:06:11
1646903171771753000,123.5,1,123.5,42,124.0,158,2,2022-03-10 09:06:11
1646903172232675000,124.0,142,123.5,57,124.0,16,1,2022-03-10 09:06:12
1646903172260478000,124.0,16,123.5,58,124.5,204,1,2022-03-10 09:06:12
1646903172488024000,124.0,1,123.5,66,124.5,204,1,2022-03-10 09:06:12
1646903172803950000,124.5,1,123.5,68,124.5,203,1,2022-03-10 09:06:12
1646903173190264000,124.0,10,123.5,69,124.5,203,2,2022-03-10 09:06:13
1646903173275047000,124.0,6,123.5,69,124.0,4,2,2022-03-10 09:06:13
1646903173302822000,124.0,4,123.5,69,124.5,203,1,2022-03-10 09:06:13
1646903174566762000,124.5,1,124.0,6,124.5,203,1,2022-03-10 09:06:14
1646903174823292000,124.5,1,124.0,6,124.5,202,1,2022-03-10 09:06:14
1646903174918588000,124.5,1,124.0,7,124.5,201,1,2022-03-10 09:06:14
1646903175236542000,124.5,1,124.0,7,124.5,200,1,2022-03-10 09:06:15
1646903175279967000,124.0,3,124.0,5,124.5,200,2,2022-03-10 09:06:15
1646903175557476000,124.0,1,124.0,7,124.5,198,2,2022-03-10 09:06:15
1646903176214633000,124.0,1,124.0,8,124.5,199,2,2022-03-10 09:06:16
1646903176403796000,124.0,1,124.0,7,124.5,198,2,2022-03-10 09:06:16
1646903176836163000,124.5,1,124.0,8,124.5,195,1,2022-03-10 09:06:16
1646903177131861000,124.0,9,123.5,99,124.5,194,2,2022-03-10 09:06:17
1646903177131861000,123.5,1,123.5,99,124.5,194,2,2022-03-10 09:06:17
1646903177516299000,124.5,1,123.5,99,124.5,193,1,2022-03-10 09:06:17
1646903178585259000,124.5,1,124.0,6,124.5,188,1,2022-03-10 09:06:18
1646903178886294000,124.5,1,124.0,6,124.5,187,1,2022-03-10 09:06:18
1646903179481382000,124.5,1,124.0,10,124.5,186,1,2022-03-10 09:06:19
1646903180156802000,124.0,1,124.0,9,124.5,187,2,2022-03-10 09:06:20
1646903180199965000,124.5,10,124.0,9,124.5,177,1,2022-03-10 09:06:20
1646903180348229000,124.5,1,124.0,10,124.5,176,1,2022-03-10 09:06:20
1646903180648410000,124.5,1,124.0,10,124.5,176,1,2022-03-10 09:06:20
1646903180784628000,124.5,10,124.0,10,124.5,167,1,2022-03-10 09:06:20
1646903180866533000,124.5,1,124.0,12,124.5,166,1,2022-03-10 09:06:20
1646903181257680000,124.0,1,124.0,13,124.5,169,2,2022-03-10 09:06:21
1646903181295966000,124.0,13,123.5,98,124.5,169,2,2022-03-10 09:06:21
1646903181295966000,123.5,12,123.5,98,124.5,169,2,2022-03-10 09:06:21
1646903181884467000,124.0,1,124.0,7,124.5,168,2,2022-03-10 09:06:21
1646903182145578000,124.5,1,124.0,8,124.5,167,1,2022-03-10 09:06:22
1646903182275159000,124.5,2,124.0,8,124.5,165,1,2022-03-10 09:06:22
1646903182356763000,124.5,1,124.0,10,124.5,164,1,2022-03-10 09:06:22
1646903182863932000,124.5,1,124.0,12,124.5,163,1,2022-03-10 09:06:22
1646903183603541000,124.5,8,124.0,13,124.5,156,1,2022-03-10 09:06:23
1646903183871851000,124.0,14,123.5,118,124.0,6,2,2022-03-10 09:06:23
1646903183899789000,124.0,6,123.5,118,124.5,156,1,2022-03-10 09:06:23
1646903184014013000,124.5,1,123.5,120,124.5,155,1,2022-03-10 09:06:24
1646903184862235000,124.5,1,124.0,8,124.5,158,1,2022-03-10 09:06:24
1646903185575567000,124.5,4,124.0,10,124.5,151,1,2022-03-10 09:06:25
1646903186228217000,124.5,1,124.0,15,124.5,152,1,2022-03-10 09:06:26
1646903186519744000,124.5,1,124.0,15,124.5,151,1,2022-03-10 09:06:26
1646903186575719000,124.5,9,124.0,15,124.5,142,1,2022-03-10 09:06:26
1646903186577892000,124.5,2,124.0,15,124.5,140,1,2022-03-10 09:06:26
1646903186982731000,124.5,1,124.0,19,124.5,140,1,2022-03-10 09:06:26
1646903187017831000,124.5,1,124.0,21,124.5,139,1,2022-03-10 09:06:27
1646903187773390000,124.0,1,124.0,33,124.5,148,2,2022-03-10 09:06:27
1646903188260739000,124.5,5,124.0,37,124.5,144,1,2022-03-10 09:06:28
1646903188881670000,124.5,1,124.0,41,124.5,146,1,2022-03-10 09:06:28
1646903188897408000,124.5,1,124.0,41,124.5,145,1,2022-03-10 09:06:28
1646903188899756000,124.5,1,124.0,41,124.5,144,1,2022-03-10 09:06:28
1646903188917459000,124.5,1,124.0,41,124.5,143,1,2022-03-10 09:06:28
1646903189274569000,124.0,1,124.0,47,124.5,143,2,2022-03-10 09:06:29
