symbol,datetime,NaOb_r,NbOa_r,NaOb_s,NbOa_s,bid1,ask1,odd_bid1,odd_ask1,bidQty1,askQty1,odd_bidQty1,odd_askQty1,simulate,triggerbyOdd
2317,2022-10-27 09:33:57.911119,-0.004784688995215336,-0.004784688995215336,-0.5,-0.5,104.0,104.5,104.0,104.5,4691.0,1608.0,9607.0,4023.0,True,True
2317,2022-10-27 09:33:58.501147,-0.004784688995215336,-0.004784688995215336,-0.5,-0.5,104.0,104.5,104.0,104.5,4691.0,1608.0,9607.0,4023.0,False,False
2317,2022-10-27 09:33:59.461624,-0.004784688995215336,-0.004784688995215336,-0.5,-0.5,104.0,104.5,104.0,104.5,4691.0,1608.0,9607.0,4023.0,False,False
2317,2022-10-27 09:34:00.321185,-0.004784688995215336,-0.004784688995215336,-0.5,-0.5,104.0,104.5,104.0,104.5,4692.0,1608.0,9607.0,4023.0,False,False
2317,2022-10-27 09:34:02.743542,-0.004784688995215336,-0.004784688995215336,-0.5,-0.5,104.0,104.5,104.0,104.5,4692.0,1608.0,9607.0,4023.0,False,False
2317,2022-10-27 09:34:04.034038,-0.004784688995215336,-0.004784688995215336,-0.5,-0.5,104.0,104.5,104.0,104.5,4692.0,1608.0,9607.0,4023.0,False,False
2317,2022-10-27 09:34:04.128883,-0.004784688995215336,-0.004784688995215336,-0.5,-0.5,104.0,104.5,104.0,104.5,4691.0,1608.0,9607.0,4023.0,False,False
2317,2022-10-27 09:34:04.955802,-0.004784688995215336,-0.004784688995215336,-0.5,-0.5,104.0,104.5,104.0,104.5,4691.0,1611.0,9607.0,4023.0,False,False
2317,2022-10-27 09:34:05.602134,-0.004784688995215336,-0.004784688995215336,-0.5,-0.5,104.0,104.5,104.0,104.5,4691.0,1611.0,9607.0,4023.0,False,False
2317,2022-10-27 09:34:06.846444,-0.004784688995215336,-0.004784688995215336,-0.5,-0.5,104.0,104.5,104.0,104.5,4691.0,1611.0,9607.0,4023.0,False,False
2317,2022-10-27 09:34:07.356064,-0.004784688995215336,-0.004784688995215336,-0.5,-0.5,104.0,104.5,104.0,104.5,4691.0,1611.0,9622.0,3988.0,False,True
2317,2022-10-27 09:34:07.778290,-0.004784688995215336,-0.004784688995215336,-0.5,-0.5,104.0,104.5,104.0,104.5,4691.0,1611.0,9622.0,3988.0,False,False
2317,2022-10-27 09:34:08.022169,-0.004784688995215336,-0.004784688995215336,-0.5,-0.5,104.0,104.5,104.0,104.5,4692.0,1611.0,9622.0,3988.0,False,False
2317,2022-10-27 09:34:08.108638,-0.004784688995215336,-0.004784688995215336,-0.5,-0.5,104.0,104.5,104.0,104.5,4692.0,1611.0,9622.0,3988.0,False,False
2317,2022-10-27 09:34:08.418626,-0.004784688995215336,-0.004784688995215336,-0.5,-0.5,104.0,104.5,104.0,104.5,4692.0,1611.0,9622.0,3988.0,False,False
2317,2022-10-27 09:34:09.077464,-0.004784688995215336,-0.004784688995215336,-0.5,-0.5,104.0,104.5,104.0,104.5,4692.0,1611.0,9622.0,3988.0,False,False
2317,2022-10-27 09:34:09.191366,-0.004784688995215336,-0.004784688995215336,-0.5,-0.5,104.0,104.5,104.0,104.5,4692.0,1612.0,9622.0,3988.0,False,False
2317,2022-10-27 09:34:10.245623,-0.004784688995215336,-0.004784688995215336,-0.5,-0.5,104.0,104.5,104.0,104.5,4692.0,1613.0,9622.0,3988.0,False,False
2317,2022-10-27 09:34:11.697737,-0.004784688995215336,-0.004784688995215336,-0.5,-0.5,104.0,104.5,104.0,104.5,4940.0,1613.0,9622.0,3988.0,False,False
2317,2022-10-27 09:34:12.326390,-0.004784688995215336,-0.004784688995215336,-0.5,-0.5,104.0,104.5,104.0,104.5,4941.0,1613.0,9622.0,3988.0,False,False
2317,2022-10-27 09:34:12.611542,-0.004784688995215336,-0.004784688995215336,-0.5,-0.5,104.0,104.5,104.0,104.5,4942.0,1613.0,9622.0,3988.0,False,False
2317,2022-10-27 09:34:14.005688,-0.004784688995215336,-0.004784688995215336,-0.5,-0.5,104.0,104.5,104.0,104.5,4942.0,1613.0,9622.0,3988.0,False,False
2317,2022-10-27 09:34:14.607403,-0.004784688995215336,-0.004784688995215336,-0.5,-0.5,104.0,104.5,104.0,104.5,4942.0,1627.0,9622.0,3988.0,False,False
2317,2022-10-27 09:34:14.863667,-0.004784688995215336,-0.004784688995215336,-0.5,-0.5,104.0,104.5,104.0,104.5,4942.0,1627.0,9622.0,3988.0,False,False
2317,2022-10-27 09:34:15.127049,-0.004784688995215336,-0.004784688995215336,-0.5,-0.5,104.0,104.5,104.0,104.5,4942.0,1627.0,9622.0,3988.0,False,False
2317,2022-10-27 09:34:15.925462,-0.004784688995215336,-0.004784688995215336,-0.5,-0.5,104.0,104.5,104.0,104.5,4942.0,1627.0,9622.0,3988.0,False,False
2317,2022-10-27 09:34:17.393133,-0.004784688995215336,-0.004784688995215336,-0.5,-0.5,104.0,104.5,104.0,104.5,4942.0,1627.0,9622.0,4318.0,True,True
2317,2022-10-27 09:34:18.278619,-0.004784688995215336,-0.004784688995215336,-0.5,-0.5,104.0,104.5,104.0,104.5,4942.0,1627.0,9622.0,4318.0,False,False
2317,2022-10-27 09:34:18.511705,-0.004784688995215336,-0.004784688995215336,-0.5,-0.5,104.0,104.5,104.0,104.5,4942.0,1627.0,9622.0,4318.0,False,False
2317,2022-10-27 09:34:18.810950,-0.004784688995215336,-0.004784688995215336,-0.5,-0.5,104.0,104.5,104.0,104.5,5070.0,1627.0,9622.0,4318.0,False,False
2317,2022-10-27 09:34:19.313655,-0.004784688995215336,-0.004784688995215336,-0.5,-0.5,104.0,104.5,104.0,104.5,5070.0,1627.0,9622.0,4318.0,False,False
2317,2022-10-27 09:34:19.540324,-0.004784688995215336,-0.004784688995215336,-0.5,-0.5,104.0,104.5,104.0,104.5,5070.0,1627.0,9622.0,4318.0,False,False
2317,2022-10-27 09:34:19.663643,-0.004784688995215336,-0.004784688995215336,-0.5,-0.5,104.0,104.5,104.0,104.5,5070.0,1628.0,9622.0,4318.0,False,False
2317,2022-10-27 09:34:19.694834,-0.004784688995215336,-0.004784688995215336,-0.5,-0.5,104.0,104.5,104.0,104.5,5070.0,1627.0,9622.0,4318.0,False,False
2317,2022-10-27 09:34:21.729312,-0.004784688995215336,-0.004784688995215336,-0.5,-0.5,104.0,104.5,104.0,104.5,5070.0,1627.0,9622.0,4318.0,False,False
2317,2022-10-27 09:34:22.281535,-0.004784688995215336,-0.004784688995215336,-0.5,-0.5,104.0,104.5,104.0,104.5,5071.0,1627.0,9622.0,4318.0,False,False
2317,2022-10-27 09:34:22.829425,-0.004784688995215336,-0.004784688995215336,-0.5,-0.5,104.0,104.5,104.0,104.5,5071.0,1627.0,9622.0,4318.0,False,False
2317,2022-10-27 09:34:23.629538,-0.004784688995215336,-0.004784688995215336,-0.5,-0.5,104.0,104.5,104.0,104.5,5071.0,1626.0,9622.0,4318.0,False,False
2317,2022-10-27 09:34:24.676139,-0.004784688995215336,-0.004784688995215336,-0.5,-0.5,104.0,104.5,104.0,104.5,4823.0,1626.0,9622.0,4318.0,False,False
2317,2022-10-27 09:34:26.261837,-0.004784688995215336,-0.004784688995215336,-0.5,-0.5,104.0,104.5,104.0,104.5,4823.0,1631.0,9622.0,4318.0,False,False
2317,2022-10-27 09:34:26.586418,-0.004784688995215336,-0.004784688995215336,-0.5,-0.5,104.0,104.5,104.0,104.5,4822.0,1631.0,9622.0,4318.0,False,False
2317,2022-10-27 09:34:26.773085,-0.004784688995215336,-0.004784688995215336,-0.5,-0.5,104.0,104.5,104.0,104.5,4822.0,1626.0,9622.0,4318.0,False,False
2317,2022-10-27 09:34:26.774062,-0.004784688995215336,-0.004784688995215336,-0.5,-0.5,104.0,104.5,104.0,104.5,4822.0,1626.0,9622.0,4318.0,False,False
2317,2022-10-27 09:34:26.868612,-0.004784688995215336,-0.004784688995215336,-0.5,-0.5,104.0,104.5,104.0,104.5,4822.0,1626.0,9622.0,4318.0,False,False
2317,2022-10-27 09:34:26.928917,-0.004784688995215336,-0.004784688995215336,-0.5,-0.5,104.0,104.5,104.0,104.5,4822.0,1630.0,9622.0,4318.0,False,False
2317,2022-10-27 09:34:27.126846,-0.004784688995215336,-0.004784688995215336,-0.5,-0.5,104.0,104.5,104.0,104.5,4822.0,1630.0,9622.0,4318.0,False,False
2317,2022-10-27 09:34:27.433368,-0.004784688995215336,-0.004784688995215336,-0.5,-0.5,104.0,104.5,104.0,104.5,4822.0,1630.0,9622.0,3419.0,True,True
2317,2022-10-27 09:34:28.036455,-0.004784688995215336,-0.004784688995215336,-0.5,-0.5,104.0,104.5,104.0,104.5,4822.0,1633.0,9622.0,3419.0,False,False
2317,2022-10-27 09:34:29.867293,-0.004784688995215336,-0.004784688995215336,-0.5,-0.5,104.0,104.5,104.0,104.5,4822.0,1633.0,9622.0,3419.0,False,False
2317,2022-10-27 09:34:30.070697,-0.004784688995215336,-0.004784688995215336,-0.5,-0.5,104.0,104.5,104.0,104.5,4822.0,1629.0,9622.0,3419.0,False,False
2317,2022-10-27 09:34:30.284056,-0.004784688995215336,-0.004784688995215336,-0.5,-0.5,104.0,104.5,104.0,104.5,4822.0,1629.0,9622.0,3419.0,False,False
2317,2022-10-27 09:34:30.593132,-0.004784688995215336,-0.004784688995215336,-0.5,-0.5,104.0,104.5,104.0,104.5,4822.0,1629.0,9622.0,3419.0,False,False
2317,2022-10-27 09:34:30.789902,-0.004784688995215336,-0.004784688995215336,-0.5,-0.5,104.0,104.5,104.0,104.5,4694.0,1629.0,9622.0,3419.0,False,False
2317,2022-10-27 09:34:30.802632,-0.004784688995215336,-0.004784688995215336,-0.5,-0.5,104.0,104.5,104.0,104.5,4694.0,1630.0,9622.0,3419.0,False,False
2317,2022-10-27 09:34:30.855725,-0.004784688995215336,-0.004784688995215336,-0.5,-0.5,104.0,104.5,104.0,104.5,4695.0,1630.0,9622.0,3419.0,False,False
2317,2022-10-27 09:34:33.108767,-0.004784688995215336,-0.004784688995215336,-0.5,-0.5,104.0,104.5,104.0,104.5,4695.0,1631.0,9622.0,3419.0,False,False
2317,2022-10-27 09:34:33.382374,-0.004784688995215336,-0.004784688995215336,-0.5,-0.5,104.0,104.5,104.0,104.5,4695.0,1632.0,9622.0,3419.0,False,False
2317,2022-10-27 09:34:33.714673,-0.004784688995215336,-0.004784688995215336,-0.5,-0.5,104.0,104.5,104.0,104.5,4695.0,1632.0,9622.0,3419.0,False,False
2317,2022-10-27 09:34:34.196591,-0.004784688995215336,-0.004784688995215336,-0.5,-0.5,104.0,104.5,104.0,104.5,4695.0,1632.0,9622.0,3419.0,False,False
2317,2022-10-27 09:34:35.194178,-0.004784688995215336,-0.004784688995215336,-0.5,-0.5,104.0,104.5,104.0,104.5,4692.0,1632.0,9622.0,3419.0,False,False
2317,2022-10-27 09:34:35.381419,-0.004784688995215336,-0.004784688995215336,-0.5,-0.5,104.0,104.5,104.0,104.5,4692.0,1633.0,9622.0,3419.0,False,False
2317,2022-10-27 09:34:36.645958,-0.004784688995215336,-0.004784688995215336,-0.5,-0.5,104.0,104.5,104.0,104.5,4691.0,1632.0,9622.0,3419.0,False,False
2317,2022-10-27 09:34:37.101412,-0.004784688995215336,-0.004784688995215336,-0.5,-0.5,104.0,104.5,104.0,104.5,4691.0,1632.0,9622.0,3419.0,False,False
2317,2022-10-27 09:34:37.360072,-0.004784688995215336,-0.004784688995215336,-0.5,-0.5,104.0,104.5,104.0,104.5,4691.0,1632.0,9622.0,3419.0,False,False
2317,2022-10-27 09:34:37.471410,-0.004784688995215336,-0.004784688995215336,-0.5,-0.5,104.0,104.5,104.0,104.5,4691.0,1632.0,9862.0,3419.0,True,True
2317,2022-10-27 09:34:37.977188,-0.004784688995215336,-0.004784688995215336,-0.5,-0.5,104.0,104.5,104.0,104.5,4691.0,1632.0,9862.0,3419.0,False,False
2317,2022-10-27 09:34:38.174836,-0.004784688995215336,-0.004784688995215336,-0.5,-0.5,104.0,104.5,104.0,104.5,4691.0,1632.0,9862.0,3419.0,False,False
2317,2022-10-27 09:34:38.771980,-0.004784688995215336,-0.004784688995215336,-0.5,-0.5,104.0,104.5,104.0,104.5,4692.0,1632.0,9862.0,3419.0,False,False
2317,2022-10-27 09:34:39.142174,-0.004784688995215336,-0.004784688995215336,-0.5,-0.5,104.0,104.5,104.0,104.5,4692.0,1627.0,9862.0,3419.0,False,False
2317,2022-10-27 09:34:40.603565,-0.004784688995215336,-0.004784688995215336,-0.5,-0.5,104.0,104.5,104.0,104.5,4692.0,1627.0,9862.0,3419.0,False,False
2317,2022-10-27 09:34:41.672494,-0.004784688995215336,-0.004784688995215336,-0.5,-0.5,104.0,104.5,104.0,104.5,4695.0,1627.0,9862.0,3419.0,False,False
2317,2022-10-27 09:34:41.710228,-0.004784688995215336,-0.004784688995215336,-0.5,-0.5,104.0,104.5,104.0,104.5,4695.0,1628.0,9862.0,3419.0,False,False
2317,2022-10-27 09:34:41.908152,-0.004784688995215336,-0.004784688995215336,-0.5,-0.5,104.0,104.5,104.0,104.5,4695.0,1628.0,9862.0,3419.0,False,False
2317,2022-10-27 09:34:43.025496,-0.004784688995215336,-0.004784688995215336,-0.5,-0.5,104.0,104.5,104.0,104.5,4695.0,1628.0,9862.0,3419.0,False,False
2317,2022-10-27 09:34:43.558107,-0.004784688995215336,-0.004784688995215336,-0.5,-0.5,104.0,104.5,104.0,104.5,4695.0,1627.0,9862.0,3419.0,False,False
2317,2022-10-27 09:34:44.985364,-0.004784688995215336,-0.004784688995215336,-0.5,-0.5,104.0,104.5,104.0,104.5,4695.0,1628.0,9862.0,3419.0,False,False
2317,2022-10-27 09:34:45.578524,-0.004784688995215336,-0.004784688995215336,-0.5,-0.5,104.0,104.5,104.0,104.5,4695.0,1628.0,9862.0,3419.0,False,False
2317,2022-10-27 09:34:46.897792,-0.004784688995215336,-0.004784688995215336,-0.5,-0.5,104.0,104.5,104.0,104.5,4695.0,1628.0,9862.0,3419.0,False,False
2317,2022-10-27 09:34:47.129963,-0.004784688995215336,-0.004784688995215336,-0.5,-0.5,104.0,104.5,104.0,104.5,4695.0,1628.0,9862.0,3419.0,False,False
2317,2022-10-27 09:34:47.511598,-0.004784688995215336,-0.004784688995215336,-0.5,-0.5,104.0,104.5,104.0,104.5,4695.0,1628.0,9962.0,3419.0,True,True
2317,2022-10-27 09:34:47.601832,-0.004784688995215336,-0.004784688995215336,-0.5,-0.5,104.0,104.5,104.0,104.5,4694.0,1628.0,9962.0,3419.0,False,False
2317,2022-10-27 09:34:47.634254,-0.004784688995215336,-0.004784688995215336,-0.5,-0.5,104.0,104.5,104.0,104.5,4694.0,1625.0,9962.0,3419.0,False,False
2317,2022-10-27 09:34:47.716217,-0.004784688995215336,-0.004784688995215336,-0.5,-0.5,104.0,104.5,104.0,104.5,4798.0,1625.0,9962.0,3419.0,False,False
2317,2022-10-27 09:34:48.843501,-0.004784688995215336,-0.004784688995215336,-0.5,-0.5,104.0,104.5,104.0,104.5,4798.0,1624.0,9962.0,3419.0,False,False
2317,2022-10-27 09:34:50.330262,-0.004784688995215336,-0.004784688995215336,-0.5,-0.5,104.0,104.5,104.0,104.5,4798.0,1624.0,9962.0,3419.0,False,False
2317,2022-10-27 09:34:50.755631,-0.004784688995215336,-0.004784688995215336,-0.5,-0.5,104.0,104.5,104.0,104.5,4799.0,1624.0,9962.0,3419.0,False,False
2317,2022-10-27 09:34:50.953632,-0.004784688995215336,-0.004784688995215336,-0.5,-0.5,104.0,104.5,104.0,104.5,4799.0,1624.0,9962.0,3419.0,False,False
2317,2022-10-27 09:34:51.327302,-0.004784688995215336,-0.004784688995215336,-0.5,-0.5,104.0,104.5,104.0,104.5,4799.0,1627.0,9962.0,3419.0,False,False
2317,2022-10-27 09:34:53.357038,-0.004784688995215336,-0.004784688995215336,-0.5,-0.5,104.0,104.5,104.0,104.5,4799.0,1627.0,9962.0,3419.0,False,False
2317,2022-10-27 09:34:53.964506,-0.004784688995215336,-0.004784688995215336,-0.5,-0.5,104.0,104.5,104.0,104.5,4798.0,1627.0,9962.0,3419.0,False,False
2317,2022-10-27 09:34:54.429321,-0.004784688995215336,-0.004784688995215336,-0.5,-0.5,104.0,104.5,104.0,104.5,4798.0,1627.0,9962.0,3419.0,False,False
2317,2022-10-27 09:34:55.156285,-0.004784688995215336,-0.004784688995215336,-0.5,-0.5,104.0,104.5,104.0,104.5,4798.0,1627.0,9962.0,3419.0,False,False
2317,2022-10-27 09:34:57.521236,-0.004784688995215336,-0.004784688995215336,-0.5,-0.5,104.0,104.5,104.0,104.5,4798.0,1627.0,9962.0,4319.0,True,True
2317,2022-10-27 09:34:58.567955,-0.004784688995215336,-0.004784688995215336,-0.5,-0.5,104.0,104.5,104.0,104.5,4798.0,1625.0,9962.0,4319.0,False,False
2317,2022-10-27 09:34:59.245139,-0.004784688995215336,-0.004784688995215336,-0.5,-0.5,104.0,104.5,104.0,104.5,4798.0,1627.0,9962.0,4319.0,False,False
2317,2022-10-27 09:35:00.044134,-0.004784688995215336,-0.004784688995215336,-0.5,-0.5,104.0,104.5,104.0,104.5,4798.0,1627.0,9962.0,4319.0,False,False
2317,2022-10-27 09:35:03.608936,-0.004784688995215336,-0.004784688995215336,-0.5,-0.5,104.0,104.5,104.0,104.5,4798.0,1629.0,9962.0,4319.0,False,False
2317,2022-10-27 09:35:03.648313,-0.004784688995215336,-0.004784688995215336,-0.5,-0.5,104.0,104.5,104.0,104.5,4798.0,1630.0,9962.0,4319.0,False,False
2317,2022-10-27 09:35:03.737478,-0.004784688995215336,-0.004784688995215336,-0.5,-0.5,104.0,104.5,104.0,104.5,4828.0,1630.0,9962.0,4319.0,False,False
2317,2022-10-27 09:35:05.825962,-0.004784688995215336,-0.004784688995215336,-0.5,-0.5,104.0,104.5,104.0,104.5,4829.0,1630.0,9962.0,4319.0,False,False
2317,2022-10-27 09:35:06.771344,-0.004784688995215336,-0.004784688995215336,-0.5,-0.5,104.0,104.5,104.0,104.5,4829.0,1630.0,9962.0,4319.0,False,False
2317,2022-10-27 09:35:06.807475,-0.004784688995215336,-0.004784688995215336,-0.5,-0.5,104.0,104.5,104.0,104.5,4830.0,1630.0,9962.0,4319.0,False,False
2317,2022-10-27 09:35:07.096484,-0.004784688995215336,-0.004784688995215336,-0.5,-0.5,104.0,104.5,104.0,104.5,4830.0,1630.0,9962.0,4319.0,False,False
2317,2022-10-27 09:35:07.582237,-0.004784688995215336,-0.004784688995215336,-0.5,-0.5,104.0,104.5,104.0,104.5,4831.0,1630.0,9962.0,4319.0,False,False
2317,2022-10-27 09:35:07.696089,-0.004784688995215336,-0.004784688995215336,-0.5,-0.5,104.0,104.5,104.0,104.5,4831.0,1630.0,10122.0,5099.0,True,True
2317,2022-10-27 09:35:08.306621,-0.004784688995215336,-0.004784688995215336,-0.5,-0.5,104.0,104.5,104.0,104.5,4830.0,1630.0,10122.0,5099.0,False,False
2317,2022-10-27 09:35:08.696570,-0.004784688995215336,-0.004784688995215336,-0.5,-0.5,104.0,104.5,104.0,104.5,4830.0,1630.0,10122.0,5099.0,False,False
2317,2022-10-27 09:35:09.078667,-0.004784688995215336,-0.004784688995215336,-0.5,-0.5,104.0,104.5,104.0,104.5,4830.0,1630.0,10122.0,5099.0,False,False
2317,2022-10-27 09:35:11.462058,-0.004784688995215336,-0.004784688995215336,-0.5,-0.5,104.0,104.5,104.0,104.5,4830.0,1630.0,10122.0,5099.0,False,False
2317,2022-10-27 09:35:11.462438,-0.004784688995215336,-0.004784688995215336,-0.5,-0.5,104.0,104.5,104.0,104.5,4830.0,1277.0,10122.0,5099.0,False,False
2317,2022-10-27 09:35:11.495602,-0.004784688995215336,-0.004784688995215336,-0.5,-0.5,104.0,104.5,104.0,104.5,4830.0,1251.0,10122.0,5099.0,False,False
2317,2022-10-27 09:35:11.903792,-0.004784688995215336,-0.004784688995215336,-0.5,-0.5,104.0,104.5,104.0,104.5,4830.0,1251.0,10122.0,5099.0,False,False
2317,2022-10-27 09:35:11.976687,-0.004784688995215336,-0.004784688995215336,-0.5,-0.5,104.0,104.5,104.0,104.5,4830.0,1250.0,10122.0,5099.0,False,False
2317,2022-10-27 09:35:12.213549,-0.004784688995215336,-0.004784688995215336,-0.5,-0.5,104.0,104.5,104.0,104.5,4830.0,1250.0,10122.0,5099.0,False,False
2317,2022-10-27 09:35:12.383926,-0.004784688995215336,-0.004784688995215336,-0.5,-0.5,104.0,104.5,104.0,104.5,4830.0,1251.0,10122.0,5099.0,False,False
2317,2022-10-27 09:35:12.525248,-0.004784688995215336,-0.004784688995215336,-0.5,-0.5,104.0,104.5,104.0,104.5,4830.0,1248.0,10122.0,5099.0,False,False
2317,2022-10-27 09:35:13.298075,-0.004784688995215336,-0.004784688995215336,-0.5,-0.5,104.0,104.5,104.0,104.5,4830.0,1245.0,10122.0,5099.0,False,False
2317,2022-10-27 09:35:14.374729,-0.004784688995215336,-0.004784688995215336,-0.5,-0.5,104.0,104.5,104.0,104.5,4830.0,1245.0,10122.0,5099.0,False,False
2317,2022-10-27 09:35:14.405172,-0.004784688995215336,-0.004784688995215336,-0.5,-0.5,104.0,104.5,104.0,104.5,4830.0,1245.0,10122.0,5099.0,False,False
2317,2022-10-27 09:35:14.709582,-0.004784688995215336,-0.004784688995215336,-0.5,-0.5,104.0,104.5,104.0,104.5,4830.0,1220.0,10122.0,5099.0,False,False
2317,2022-10-27 09:35:15.673014,-0.004784688995215336,-0.004784688995215336,-0.5,-0.5,104.0,104.5,104.0,104.5,4830.0,1220.0,10122.0,5099.0,False,False
2317,2022-10-27 09:35:15.683669,-0.004784688995215336,-0.004784688995215336,-0.5,-0.5,104.0,104.5,104.0,104.5,4892.0,1220.0,10122.0,5099.0,False,False
2317,2022-10-27 09:35:15.813250,-0.004784688995215336,-0.004784688995215336,-0.5,-0.5,104.0,104.5,104.0,104.5,4900.0,1220.0,10122.0,5099.0,False,False
2317,2022-10-27 09:35:15.946613,-0.004784688995215336,-0.004784688995215336,-0.5,-0.5,104.0,104.5,104.0,104.5,4922.0,1220.0,10122.0,5099.0,False,False
2317,2022-10-27 09:35:15.997895,-0.004784688995215336,-0.004784688995215336,-0.5,-0.5,104.0,104.5,104.0,104.5,4922.0,1220.0,10122.0,5099.0,False,False
2317,2022-10-27 09:35:16.135827,-0.004784688995215336,-0.004784688995215336,-0.5,-0.5,104.0,104.5,104.0,104.5,4932.0,1220.0,10122.0,5099.0,False,False
2317,2022-10-27 09:35:16.594104,-0.004784688995215336,-0.004784688995215336,-0.5,-0.5,104.0,104.5,104.0,104.5,4932.0,1220.0,10122.0,5099.0,False,False
2317,2022-10-27 09:35:17.696881,-0.004784688995215336,-0.004784688995215336,-0.5,-0.5,104.0,104.5,104.0,104.5,4932.0,1220.0,12170.0,4864.0,True,True
2317,2022-10-27 09:35:18.955701,-0.004784688995215336,-0.004784688995215336,-0.5,-0.5,104.0,104.5,104.0,104.5,4932.0,1219.0,12170.0,4864.0,False,False
2317,2022-10-27 09:35:19.464689,-0.004784688995215336,-0.004784688995215336,-0.5,-0.5,104.0,104.5,104.0,104.5,4931.0,1219.0,12170.0,4864.0,False,False
2317,2022-10-27 09:35:19.961252,-0.004784688995215336,-0.004784688995215336,-0.5,-0.5,104.0,104.5,104.0,104.5,4931.0,1219.0,12170.0,4864.0,False,False
2317,2022-10-27 09:35:20.030917,-0.004784688995215336,-0.004784688995215336,-0.5,-0.5,104.0,104.5,104.0,104.5,4930.0,1219.0,12170.0,4864.0,False,False
2317,2022-10-27 09:35:20.577565,-0.004784688995215336,-0.004784688995215336,-0.5,-0.5,104.0,104.5,104.0,104.5,5183.0,1219.0,12170.0,4864.0,False,False
2317,2022-10-27 09:35:20.925325,-0.004784688995215336,-0.004784688995215336,-0.5,-0.5,104.0,104.5,104.0,104.5,5183.0,1206.0,12170.0,4864.0,False,False
2317,2022-10-27 09:35:22.335480,-0.004784688995215336,-0.004784688995215336,-0.5,-0.5,104.0,104.5,104.0,104.5,5183.0,1206.0,12170.0,4864.0,False,False
2317,2022-10-27 09:35:22.335568,-0.004784688995215336,-0.004784688995215336,-0.5,-0.5,104.0,104.5,104.0,104.5,5183.0,1202.0,12170.0,4864.0,False,False
2317,2022-10-27 09:35:22.365220,-0.004784688995215336,-0.004784688995215336,-0.5,-0.5,104.0,104.5,104.0,104.5,5183.0,1203.0,12170.0,4864.0,False,False
2317,2022-10-27 09:35:23.011578,-0.004784688995215336,-0.004784688995215336,-0.5,-0.5,104.0,104.5,104.0,104.5,5182.0,1203.0,12170.0,4864.0,False,False
2317,2022-10-27 09:35:23.500392,-0.004784688995215336,-0.004784688995215336,-0.5,-0.5,104.0,104.5,104.0,104.5,5182.0,1176.0,12170.0,4864.0,False,False
2317,2022-10-27 09:35:24.616697,-0.004784688995215336,-0.004784688995215336,-0.5,-0.5,104.0,104.5,104.0,104.5,5182.0,1176.0,12170.0,4864.0,False,False
2317,2022-10-27 09:35:24.732364,-0.004784688995215336,-0.004784688995215336,-0.5,-0.5,104.0,104.5,104.0,104.5,5183.0,1176.0,12170.0,4864.0,False,False
2317,2022-10-27 09:35:24.814267,-0.004784688995215336,-0.004784688995215336,-0.5,-0.5,104.0,104.5,104.0,104.5,5183.0,1176.0,12170.0,4864.0,False,False
2317,2022-10-27 09:35:26.545971,-0.004784688995215336,-0.004784688995215336,-0.5,-0.5,104.0,104.5,104.0,104.5,4930.0,1176.0,12170.0,4864.0,False,False
2317,2022-10-27 09:35:26.691154,-0.004784688995215336,-0.004784688995215336,-0.5,-0.5,104.0,104.5,104.0,104.5,4929.0,1176.0,12170.0,4864.0,False,False
2317,2022-10-27 09:35:26.717208,-0.004784688995215336,-0.004784688995215336,-0.5,-0.5,104.0,104.5,104.0,104.5,4929.0,1176.0,12170.0,4864.0,False,False
2317,2022-10-27 09:35:26.881769,-0.004784688995215336,-0.004784688995215336,-0.5,-0.5,104.0,104.5,104.0,104.5,4929.0,1176.0,12170.0,4864.0,False,False
2317,2022-10-27 09:35:27.498171,-0.004784688995215336,-0.004784688995215336,-0.5,-0.5,104.0,104.5,104.0,104.5,4929.0,1176.0,12170.0,4864.0,False,False
2317,2022-10-27 09:35:27.710984,-0.004784688995215336,-0.004784688995215336,-0.5,-0.5,104.0,104.5,104.0,104.5,4929.0,1176.0,12170.0,4766.0,True,True
2317,2022-10-27 09:35:29.501390,-0.004784688995215336,-0.004784688995215336,-0.5,-0.5,104.0,104.5,104.0,104.5,4929.0,1176.0,12170.0,4766.0,False,False
2317,2022-10-27 09:35:30.081321,-0.004784688995215336,-0.004784688995215336,-0.5,-0.5,104.0,104.5,104.0,104.5,4929.0,1176.0,12170.0,4766.0,False,False
2317,2022-10-27 09:35:30.902411,-0.004784688995215336,-0.004784688995215336,-0.5,-0.5,104.0,104.5,104.0,104.5,4929.0,1176.0,12170.0,4766.0,False,False
2317,2022-10-27 09:35:32.596364,-0.004784688995215336,-0.004784688995215336,-0.5,-0.5,104.0,104.5,104.0,104.5,5180.0,1176.0,12170.0,4766.0,False,False
2317,2022-10-27 09:35:32.711334,-0.004784688995215336,-0.004784688995215336,-0.5,-0.5,104.0,104.5,104.0,104.5,5180.0,1176.0,12170.0,4766.0,False,False
2317,2022-10-27 09:35:33.539875,-0.004784688995215336,-0.004784688995215336,-0.5,-0.5,104.0,104.5,104.0,104.5,4929.0,1176.0,12170.0,4766.0,False,False
2317,2022-10-27 09:35:34.073410,-0.004784688995215336,-0.004784688995215336,-0.5,-0.5,104.0,104.5,104.0,104.5,4929.0,1176.0,12170.0,4766.0,False,False
2317,2022-10-27 09:35:35.462299,-0.004784688995215336,-0.004784688995215336,-0.5,-0.5,104.0,104.5,104.0,104.5,4929.0,1177.0,12170.0,4766.0,False,False
2317,2022-10-27 09:35:36.135890,-0.004784688995215336,-0.004784688995215336,-0.5,-0.5,104.0,104.5,104.0,104.5,4929.0,1178.0,12170.0,4766.0,False,False
2317,2022-10-27 09:35:36.553165,-0.004784688995215336,-0.004784688995215336,-0.5,-0.5,104.0,104.5,104.0,104.5,5186.0,1178.0,12170.0,4766.0,False,False
2317,2022-10-27 09:35:36.958433,-0.004784688995215336,-0.004784688995215336,-0.5,-0.5,104.0,104.5,104.0,104.5,5186.0,1178.0,12170.0,4766.0,False,False
2317,2022-10-27 09:35:37.476258,-0.004784688995215336,-0.004784688995215336,-0.5,-0.5,104.0,104.5,104.0,104.5,5186.0,1175.0,12170.0,4766.0,False,False
2317,2022-10-27 09:35:37.733012,-0.004784688995215336,-0.004784688995215336,-0.5,-0.5,104.0,104.5,104.0,104.5,5186.0,1175.0,12170.0,4766.0,True,True
2317,2022-10-27 09:35:38.750437,-0.004784688995215336,-0.004784688995215336,-0.5,-0.5,104.0,104.5,104.0,104.5,5186.0,1175.0,12170.0,4766.0,False,False
2317,2022-10-27 09:35:39.879115,-0.004784688995215336,-0.004784688995215336,-0.5,-0.5,104.0,104.5,104.0,104.5,5186.0,1176.0,12170.0,4766.0,False,False
2317,2022-10-27 09:35:40.449867,-0.004784688995215336,-0.004784688995215336,-0.5,-0.5,104.0,104.5,104.0,104.5,5186.0,1174.0,12170.0,4766.0,False,False
2317,2022-10-27 09:35:41.002211,-0.004784688995215336,-0.004784688995215336,-0.5,-0.5,104.0,104.5,104.0,104.5,5186.0,1174.0,12170.0,4766.0,False,False
2317,2022-10-27 09:35:41.239809,-0.004784688995215336,-0.004784688995215336,-0.5,-0.5,104.0,104.5,104.0,104.5,5187.0,1174.0,12170.0,4766.0,False,False
2317,2022-10-27 09:35:42.117173,-0.004784688995215336,-0.004784688995215336,-0.5,-0.5,104.0,104.5,104.0,104.5,5187.0,1173.0,12170.0,4766.0,False,False
2317,2022-10-27 09:35:43.223994,-0.004784688995215336,-0.004784688995215336,-0.5,-0.5,104.0,104.5,104.0,104.5,5187.0,1174.0,12170.0,4766.0,False,False
2317,2022-10-27 09:35:43.293081,-0.004784688995215336,-0.004784688995215336,-0.5,-0.5,104.0,104.5,104.0,104.5,5187.0,1174.0,12170.0,4766.0,False,False
2317,2022-10-27 09:35:44.186514,-0.004784688995215336,-0.004784688995215336,-0.5,-0.5,104.0,104.5,104.0,104.5,5187.0,1174.0,12170.0,4766.0,False,False
2317,2022-10-27 09:35:44.817137,-0.004784688995215336,-0.004784688995215336,-0.5,-0.5,104.0,104.5,104.0,104.5,5187.0,1174.0,12170.0,4766.0,False,False
2317,2022-10-27 09:35:45.072573,-0.004784688995215336,-0.004784688995215336,-0.5,-0.5,104.0,104.5,104.0,104.5,5187.0,1174.0,12170.0,4766.0,False,False
2317,2022-10-27 09:35:46.435783,-0.004784688995215336,-0.004784688995215336,-0.5,-0.5,104.0,104.5,104.0,104.5,5187.0,1174.0,12170.0,4766.0,False,False
2317,2022-10-27 09:35:46.526451,-0.004784688995215336,-0.004784688995215336,-0.5,-0.5,104.0,104.5,104.0,104.5,4930.0,1174.0,12170.0,4766.0,False,False
2317,2022-10-27 09:35:47.546981,-0.004784688995215336,-0.004784688995215336,-0.5,-0.5,104.0,104.5,104.0,104.5,5181.0,1174.0,12170.0,4766.0,False,False
2317,2022-10-27 09:35:47.757078,-0.004784688995215336,-0.004784688995215336,-0.5,-0.5,104.0,104.5,104.0,104.5,5181.0,1174.0,12170.0,4738.0,True,True
2317,2022-10-27 09:35:48.361952,-0.004784688995215336,-0.004784688995215336,-0.5,-0.5,104.0,104.5,104.0,104.5,5181.0,1174.0,12170.0,4738.0,False,False
2317,2022-10-27 09:35:48.367650,-0.004784688995215336,-0.004784688995215336,-0.5,-0.5,104.0,104.5,104.0,104.5,5181.0,1174.0,12170.0,4738.0,False,False
2317,2022-10-27 09:35:48.537069,-0.004784688995215336,-0.004784688995215336,-0.5,-0.5,104.0,104.5,104.0,104.5,5181.0,1174.0,12170.0,4738.0,False,False
2317,2022-10-27 09:35:48.558420,-0.004784688995215336,-0.004784688995215336,-0.5,-0.5,104.0,104.5,104.0,104.5,5181.0,1173.0,12170.0,4738.0,False,False
2317,2022-10-27 09:35:50.951589,-0.004784688995215336,-0.004784688995215336,-0.5,-0.5,104.0,104.5,104.0,104.5,5181.0,1175.0,12170.0,4738.0,False,False
2317,2022-10-27 09:35:53.223077,-0.004784688995215336,-0.004784688995215336,-0.5,-0.5,104.0,104.5,104.0,104.5,5181.0,1175.0,12170.0,4738.0,False,False
2317,2022-10-27 09:35:53.775705,-0.004784688995215336,-0.004784688995215336,-0.5,-0.5,104.0,104.5,104.0,104.5,5182.0,1175.0,12170.0,4738.0,False,False
2317,2022-10-27 09:35:54.091271,-0.004784688995215336,-0.004784688995215336,-0.5,-0.5,104.0,104.5,104.0,104.5,5182.0,1176.0,12170.0,4738.0,False,False
2317,2022-10-27 09:35:55.535166,-0.004784688995215336,-0.004784688995215336,-0.5,-0.5,104.0,104.5,104.0,104.5,5182.0,1176.0,12170.0,4738.0,False,False
2317,2022-10-27 09:35:57.336850,-0.004784688995215336,-0.004784688995215336,-0.5,-0.5,104.0,104.5,104.0,104.5,5182.0,1174.0,12170.0,4738.0,False,False
2317,2022-10-27 09:35:57.794274,-0.004784688995215336,-0.004784688995215336,-0.5,-0.5,104.0,104.5,104.0,104.5,5182.0,1174.0,12678.0,4838.0,True,True
2317,2022-10-27 09:35:58.000757,-0.004784688995215336,-0.004784688995215336,-0.5,-0.5,104.0,104.5,104.0,104.5,5182.0,1182.0,12678.0,4838.0,False,False
2317,2022-10-27 09:35:58.325055,-0.004784688995215336,-0.004784688995215336,-0.5,-0.5,104.0,104.5,104.0,104.5,5182.0,1182.0,12678.0,4838.0,False,False
2317,2022-10-27 09:36:01.036542,-0.004784688995215336,-0.004784688995215336,-0.5,-0.5,104.0,104.5,104.0,104.5,5182.0,1183.0,12678.0,4838.0,False,False
2317,2022-10-27 09:36:01.574446,-0.004784688995215336,-0.004784688995215336,-0.5,-0.5,104.0,104.5,104.0,104.5,5182.0,1176.0,12678.0,4838.0,False,False
2317,2022-10-27 09:36:02.226775,-0.004784688995215336,-0.004784688995215336,-0.5,-0.5,104.0,104.5,104.0,104.5,5182.0,1176.0,12678.0,4838.0,False,False
2317,2022-10-27 09:36:02.391505,-0.004784688995215336,-0.004784688995215336,-0.5,-0.5,104.0,104.5,104.0,104.5,5182.0,1176.0,12678.0,4838.0,False,False
2317,2022-10-27 09:36:02.452276,-0.004784688995215336,-0.004784688995215336,-0.5,-0.5,104.0,104.5,104.0,104.5,5182.0,1173.0,12678.0,4838.0,False,False
2317,2022-10-27 09:36:03.022369,-0.004784688995215336,-0.004784688995215336,-0.5,-0.5,104.0,104.5,104.0,104.5,5182.0,1173.0,12678.0,4838.0,False,False
2317,2022-10-27 09:36:04.511977,-0.004784688995215336,-0.004784688995215336,-0.5,-0.5,104.0,104.5,104.0,104.5,4931.0,1173.0,12678.0,4838.0,False,False
2317,2022-10-27 09:36:05.018369,-0.004784688995215336,-0.004784688995215336,-0.5,-0.5,104.0,104.5,104.0,104.5,4931.0,1173.0,12678.0,4838.0,False,False
2317,2022-10-27 09:36:05.340501,-0.004784688995215336,-0.004784688995215336,-0.5,-0.5,104.0,104.5,104.0,104.5,4931.0,1173.0,12678.0,4838.0,False,False
2317,2022-10-27 09:36:05.886955,-0.004784688995215336,-0.004784688995215336,-0.5,-0.5,104.0,104.5,104.0,104.5,4931.0,1173.0,12678.0,4838.0,False,False
2317,2022-10-27 09:36:06.066083,-0.004784688995215336,-0.004784688995215336,-0.5,-0.5,104.0,104.5,104.0,104.5,4930.0,1173.0,12678.0,4838.0,False,False
2317,2022-10-27 09:36:07.149082,-0.004784688995215336,-0.004784688995215336,-0.5,-0.5,104.0,104.5,104.0,104.5,4930.0,1173.0,12678.0,4838.0,False,False
2317,2022-10-27 09:36:07.169094,-0.004784688995215336,-0.004784688995215336,-0.5,-0.5,104.0,104.5,104.0,104.5,4930.0,1173.0,12678.0,4838.0,False,False
2317,2022-10-27 09:36:07.627462,-0.004784688995215336,-0.004784688995215336,-0.5,-0.5,104.0,104.5,104.0,104.5,5179.0,1173.0,12678.0,4838.0,False,False
2317,2022-10-27 09:36:07.800286,-0.004784688995215336,-0.004784688995215336,-0.5,-0.5,104.0,104.5,104.0,104.5,5179.0,1173.0,12678.0,4838.0,False,False
2317,2022-10-27 09:36:07.819177,-0.004784688995215336,-0.004784688995215336,-0.5,-0.5,104.0,104.5,104.0,104.5,5179.0,1173.0,12778.0,4742.0,True,True
2317,2022-10-27 09:36:08.356924,-0.004784688995215336,-0.004784688995215336,-0.5,-0.5,104.0,104.5,104.0,104.5,5179.0,1175.0,12778.0,4742.0,False,False
2317,2022-10-27 09:36:08.394396,-0.004784688995215336,-0.004784688995215336,-0.5,-0.5,104.0,104.5,104.0,104.5,5179.0,1176.0,12778.0,4742.0,False,False
2317,2022-10-27 09:36:08.816073,-0.004784688995215336,-0.004784688995215336,-0.5,-0.5,104.0,104.5,104.0,104.5,5179.0,1176.0,12778.0,4742.0,False,False
2317,2022-10-27 09:36:08.926140,-0.004784688995215336,-0.004784688995215336,-0.5,-0.5,104.0,104.5,104.0,104.5,5169.0,1176.0,12778.0,4742.0,False,False
2317,2022-10-27 09:36:08.986745,-0.004784688995215336,-0.004784688995215336,-0.5,-0.5,104.0,104.5,104.0,104.5,5169.0,1173.0,12778.0,4742.0,False,False
2317,2022-10-27 09:36:10.328501,-0.004784688995215336,-0.004784688995215336,-0.5,-0.5,104.0,104.5,104.0,104.5,5169.0,1173.0,12778.0,4742.0,False,False
2317,2022-10-27 09:36:10.527942,-0.004784688995215336,-0.004784688995215336,-0.5,-0.5,104.0,104.5,104.0,104.5,5169.0,1173.0,12778.0,4742.0,False,False
2317,2022-10-27 09:36:11.012395,-0.004784688995215336,-0.004784688995215336,-0.5,-0.5,104.0,104.5,104.0,104.5,5169.0,1173.0,12778.0,4742.0,False,False
2317,2022-10-27 09:36:11.505983,-0.004784688995215336,-0.004784688995215336,-0.5,-0.5,104.0,104.5,104.0,104.5,4920.0,1173.0,12778.0,4742.0,False,False
2317,2022-10-27 09:36:11.741170,-0.004784688995215336,-0.004784688995215336,-0.5,-0.5,104.0,104.5,104.0,104.5,4920.0,1173.0,12778.0,4742.0,False,False
2317,2022-10-27 09:36:11.944098,-0.004784688995215336,-0.004784688995215336,-0.5,-0.5,104.0,104.5,104.0,104.5,4921.0,1173.0,12778.0,4742.0,False,False
2317,2022-10-27 09:36:12.343474,-0.004784688995215336,-0.004784688995215336,-0.5,-0.5,104.0,104.5,104.0,104.5,4921.0,1173.0,12778.0,4742.0,False,False
2317,2022-10-27 09:36:12.410497,-0.004784688995215336,-0.004784688995215336,-0.5,-0.5,104.0,104.5,104.0,104.5,4920.0,1173.0,12778.0,4742.0,False,False
2317,2022-10-27 09:36:13.714601,-0.004784688995215336,-0.004784688995215336,-0.5,-0.5,104.0,104.5,104.0,104.5,4920.0,1173.0,12778.0,4742.0,False,False
2317,2022-10-27 09:36:13.972450,-0.004784688995215336,-0.004784688995215336,-0.5,-0.5,104.0,104.5,104.0,104.5,4921.0,1173.0,12778.0,4742.0,False,False
2317,2022-10-27 09:36:14.032526,-0.004784688995215336,-0.004784688995215336,-0.5,-0.5,104.0,104.5,104.0,104.5,4921.0,1172.0,12778.0,4742.0,False,False
2317,2022-10-27 09:36:14.035947,-0.004784688995215336,-0.004784688995215336,-0.5,-0.5,104.0,104.5,104.0,104.5,4921.0,1172.0,12778.0,4742.0,False,False
2317,2022-10-27 09:36:14.233203,-0.004784688995215336,-0.004784688995215336,-0.5,-0.5,104.0,104.5,104.0,104.5,4921.0,1172.0,12778.0,4742.0,False,False
2317,2022-10-27 09:36:15.297439,-0.004784688995215336,-0.004784688995215336,-0.5,-0.5,104.0,104.5,104.0,104.5,4921.0,1172.0,12778.0,4742.0,False,False
2317,2022-10-27 09:36:16.320258,-0.004784688995215336,-0.004784688995215336,-0.5,-0.5,104.0,104.5,104.0,104.5,4921.0,1172.0,12778.0,4742.0,False,False
2317,2022-10-27 09:36:17.847685,-0.004784688995215336,-0.004784688995215336,-0.5,-0.5,104.0,104.5,104.0,104.5,4921.0,1172.0,12778.0,4792.0,True,True
2317,2022-10-27 09:36:18.611144,-0.004784688995215336,-0.004784688995215336,-0.5,-0.5,104.0,104.5,104.0,104.5,4921.0,1378.0,12778.0,4792.0,False,False
2317,2022-10-27 09:36:18.611618,-0.004784688995215336,-0.004784688995215336,-0.5,-0.5,104.0,104.5,104.0,104.5,4921.0,1378.0,12778.0,4792.0,False,False
2317,2022-10-27 09:36:18.674660,-0.004784688995215336,-0.004784688995215336,-0.5,-0.5,104.0,104.5,104.0,104.5,4921.0,1377.0,12778.0,4792.0,False,False
2317,2022-10-27 09:36:19.947736,-0.004784688995215336,-0.004784688995215336,-0.5,-0.5,104.0,104.5,104.0,104.5,4921.0,1377.0,12778.0,4792.0,False,False
2317,2022-10-27 09:36:20.394605,-0.004784688995215336,-0.004784688995215336,-0.5,-0.5,104.0,104.5,104.0,104.5,4921.0,1377.0,12778.0,4792.0,False,False
2317,2022-10-27 09:36:22.260333,-0.004784688995215336,-0.004784688995215336,-0.5,-0.5,104.0,104.5,104.0,104.5,4921.0,1377.0,12778.0,4792.0,False,False
2317,2022-10-27 09:36:22.808434,-0.004784688995215336,-0.004784688995215336,-0.5,-0.5,104.0,104.5,104.0,104.5,4921.0,1403.0,12778.0,4792.0,False,False
2317,2022-10-27 09:36:23.057994,-0.004784688995215336,-0.004784688995215336,-0.5,-0.5,104.0,104.5,104.0,104.5,4921.0,1403.0,12778.0,4792.0,False,False
2317,2022-10-27 09:36:24.193110,-0.004784688995215336,-0.004784688995215336,-0.5,-0.5,104.0,104.5,104.0,104.5,4921.0,1403.0,12778.0,4792.0,False,False
2317,2022-10-27 09:36:24.451504,-0.004784688995215336,-0.004784688995215336,-0.5,-0.5,104.0,104.5,104.0,104.5,4921.0,1393.0,12778.0,4792.0,False,False
2317,2022-10-27 09:36:25.436318,-0.004784688995215336,-0.004784688995215336,-0.5,-0.5,104.0,104.5,104.0,104.5,4921.0,1393.0,12778.0,4792.0,False,False
2317,2022-10-27 09:36:25.613817,-0.004784688995215336,-0.004784688995215336,-0.5,-0.5,104.0,104.5,104.0,104.5,4923.0,1393.0,12778.0,4792.0,False,False
2317,2022-10-27 09:36:27.440585,-0.004784688995215336,-0.004784688995215336,-0.5,-0.5,104.0,104.5,104.0,104.5,4923.0,1390.0,12778.0,4792.0,False,False
2317,2022-10-27 09:36:27.878806,-0.004784688995215336,-0.004784688995215336,-0.5,-0.5,104.0,104.5,104.0,104.5,4923.0,1390.0,12778.0,4811.0,True,True
2317,2022-10-27 09:36:28.221730,-0.004784688995215336,-0.004784688995215336,-0.5,-0.5,104.0,104.5,104.0,104.5,4924.0,1390.0,12778.0,4811.0,False,False
2317,2022-10-27 09:36:29.100635,-0.004784688995215336,-0.004784688995215336,-0.5,-0.5,104.0,104.5,104.0,104.5,4924.0,1392.0,12778.0,4811.0,False,False
2317,2022-10-27 09:36:30.316732,-0.004784688995215336,-0.004784688995215336,-0.5,-0.5,104.0,104.5,104.0,104.5,4925.0,1392.0,12778.0,4811.0,False,False
2317,2022-10-27 09:36:30.519757,-0.004784688995215336,-0.004784688995215336,-0.5,-0.5,104.0,104.5,104.0,104.5,5181.0,1392.0,12778.0,4811.0,False,False
2317,2022-10-27 09:36:31.825617,-0.004784688995215336,-0.004784688995215336,-0.5,-0.5,104.0,104.5,104.0,104.5,5181.0,1392.0,12778.0,4811.0,False,False
2317,2022-10-27 09:36:31.858506,-0.004784688995215336,-0.004784688995215336,-0.5,-0.5,104.0,104.5,104.0,104.5,5181.0,1366.0,12778.0,4811.0,False,False
2317,2022-10-27 09:36:32.091038,-0.004784688995215336,-0.004784688995215336,-0.5,-0.5,104.0,104.5,104.0,104.5,5181.0,1366.0,12778.0,4811.0,False,False
2317,2022-10-27 09:36:33.746310,-0.004784688995215336,-0.004784688995215336,-0.5,-0.5,104.0,104.5,104.0,104.5,5181.0,1366.0,12778.0,4811.0,False,False
2317,2022-10-27 09:36:33.777866,-0.004784688995215336,-0.004784688995215336,-0.5,-0.5,104.0,104.5,104.0,104.5,5181.0,1392.0,12778.0,4811.0,False,False
2317,2022-10-27 09:36:33.781855,-0.004784688995215336,-0.004784688995215336,-0.5,-0.5,104.0,104.5,104.0,104.5,5181.0,1392.0,12778.0,4811.0,False,False
2317,2022-10-27 09:36:34.970558,-0.004784688995215336,-0.004784688995215336,-0.5,-0.5,104.0,104.5,104.0,104.5,5181.0,1388.0,12778.0,4811.0,False,False
2317,2022-10-27 09:36:35.006931,-0.004784688995215336,-0.004784688995215336,-0.5,-0.5,104.0,104.5,104.0,104.5,5181.0,1362.0,12778.0,4811.0,False,False
2317,2022-10-27 09:36:35.936014,-0.004784688995215336,-0.004784688995215336,-0.5,-0.5,104.0,104.5,104.0,104.5,5181.0,1362.0,12778.0,4811.0,False,False
2317,2022-10-27 09:36:37.186869,-0.004784688995215336,-0.004784688995215336,-0.5,-0.5,104.0,104.5,104.0,104.5,5181.0,1362.0,12778.0,4811.0,False,False
2317,2022-10-27 09:36:37.909550,-0.004784688995215336,-0.004784688995215336,-0.5,-0.5,104.0,104.5,104.0,104.5,5181.0,1362.0,12798.0,4634.0,True,True
2317,2022-10-27 09:36:38.315719,-0.004784688995215336,-0.004784688995215336,-0.5,-0.5,104.0,104.5,104.0,104.5,5181.0,1362.0,12798.0,4634.0,False,False
2317,2022-10-27 09:36:38.543838,-0.004784688995215336,-0.004784688995215336,-0.5,-0.5,104.0,104.5,104.0,104.5,5181.0,1362.0,12798.0,4634.0,False,False
2317,2022-10-27 09:36:39.209085,-0.004784688995215336,-0.004784688995215336,-0.5,-0.5,104.0,104.5,104.0,104.5,5182.0,1362.0,12798.0,4634.0,False,False
2317,2022-10-27 09:36:39.344207,-0.004784688995215336,-0.004784688995215336,-0.5,-0.5,104.0,104.5,104.0,104.5,5182.0,1362.0,12798.0,4634.0,False,False
2317,2022-10-27 09:36:40.624379,-0.004784688995215336,-0.004784688995215336,-0.5,-0.5,104.0,104.5,104.0,104.5,5310.0,1362.0,12798.0,4634.0,False,False
2317,2022-10-27 09:36:41.953778,-0.004784688995215336,-0.004784688995215336,-0.5,-0.5,104.0,104.5,104.0,104.5,5309.0,1362.0,12798.0,4634.0,False,False
2317,2022-10-27 09:36:42.684843,-0.004784688995215336,-0.004784688995215336,-0.5,-0.5,104.0,104.5,104.0,104.5,5309.0,1361.0,12798.0,4634.0,False,False
2317,2022-10-27 09:36:43.379048,-0.004784688995215336,-0.004784688995215336,-0.5,-0.5,104.0,104.5,104.0,104.5,5309.0,1361.0,12798.0,4634.0,False,False
2317,2022-10-27 09:36:43.516039,-0.004784688995215336,-0.004784688995215336,-0.5,-0.5,104.0,104.5,104.0,104.5,5310.0,1361.0,12798.0,4634.0,False,False
2317,2022-10-27 09:36:43.762463,-0.004784688995215336,-0.004784688995215336,-0.5,-0.5,104.0,104.5,104.0,104.5,5310.0,1361.0,12798.0,4634.0,False,False
2317,2022-10-27 09:36:44.940258,-0.004784688995215336,-0.004784688995215336,-0.5,-0.5,104.0,104.5,104.0,104.5,5310.0,1361.0,12798.0,4634.0,False,False
2317,2022-10-27 09:36:45.440850,-0.004784688995215336,-0.004784688995215336,-0.5,-0.5,104.0,104.5,104.0,104.5,5310.0,1361.0,12798.0,4634.0,False,False
2317,2022-10-27 09:36:45.473176,-0.004784688995215336,-0.004784688995215336,-0.5,-0.5,104.0,104.5,104.0,104.5,5310.0,1387.0,12798.0,4634.0,False,False
2317,2022-10-27 09:36:47.938009,-0.004784688995215336,-0.004784688995215336,-0.5,-0.5,104.0,104.5,104.0,104.5,5310.0,1387.0,12798.0,4974.0,True,True
2317,2022-10-27 09:36:48.202782,-0.004784688995215336,-0.004784688995215336,-0.5,-0.5,104.0,104.5,104.0,104.5,5310.0,1387.0,12798.0,4974.0,False,False
2317,2022-10-27 09:36:48.502481,-0.004784688995215336,-0.004784688995215336,-0.5,-0.5,104.0,104.5,104.0,104.5,5310.0,1386.0,12798.0,4974.0,False,False
2317,2022-10-27 09:36:48.536256,-0.004784688995215336,-0.004784688995215336,-0.5,-0.5,104.0,104.5,104.0,104.5,5310.0,1360.0,12798.0,4974.0,False,False
2317,2022-10-27 09:36:49.084819,-0.004784688995215336,-0.004784688995215336,-0.5,-0.5,104.0,104.5,104.0,104.5,5310.0,1360.0,12798.0,4974.0,False,False
2317,2022-10-27 09:36:49.463352,-0.004784688995215336,-0.004784688995215336,-0.5,-0.5,104.0,104.5,104.0,104.5,5310.0,1360.0,12798.0,4974.0,False,False
2317,2022-10-27 09:36:50.479075,-0.004784688995215336,-0.004784688995215336,-0.5,-0.5,104.0,104.5,104.0,104.5,5307.0,1360.0,12798.0,4974.0,False,False
2317,2022-10-27 09:36:51.475560,-0.004784688995215336,-0.004784688995215336,-0.5,-0.5,104.0,104.5,104.0,104.5,5307.0,1360.0,12798.0,4974.0,False,False
2317,2022-10-27 09:36:51.505777,-0.004784688995215336,-0.004784688995215336,-0.5,-0.5,104.0,104.5,104.0,104.5,5307.0,1386.0,12798.0,4974.0,False,False
2317,2022-10-27 09:36:52.428704,-0.004784688995215336,-0.004784688995215336,-0.5,-0.5,104.0,104.5,104.0,104.5,5307.0,1383.0,12798.0,4974.0,False,False
2317,2022-10-27 09:36:53.990071,-0.004784688995215336,-0.004784688995215336,-0.5,-0.5,104.0,104.5,104.0,104.5,5307.0,1383.0,12798.0,4974.0,False,False
2317,2022-10-27 09:36:55.026680,-0.004784688995215336,-0.004784688995215336,-0.5,-0.5,104.0,104.5,104.0,104.5,5307.0,1383.0,12798.0,4974.0,False,False
2317,2022-10-27 09:36:56.066320,-0.004784688995215336,-0.004784688995215336,-0.5,-0.5,104.0,104.5,104.0,104.5,5307.0,1383.0,12798.0,4974.0,False,False
2317,2022-10-27 09:36:56.203166,-0.004784688995215336,-0.004784688995215336,-0.5,-0.5,104.0,104.5,104.0,104.5,5307.0,1383.0,12798.0,4974.0,False,False
2317,2022-10-27 09:36:56.637235,-0.004784688995215336,-0.004784688995215336,-0.5,-0.5,104.0,104.5,104.0,104.5,5307.0,1385.0,12798.0,4974.0,False,False
2317,2022-10-27 09:36:57.251062,-0.004784688995215336,-0.004784688995215336,-0.5,-0.5,104.0,104.5,104.0,104.5,5307.0,1385.0,12798.0,4974.0,False,False
2317,2022-10-27 09:36:57.974800,-0.004784688995215336,-0.004784688995215336,-0.5,-0.5,104.0,104.5,104.0,104.5,5307.0,1385.0,12798.0,4954.0,True,True
2317,2022-10-27 09:36:57.976084,-0.004784688995215336,-0.004784688995215336,-0.5,-0.5,104.0,104.5,104.0,104.5,5307.0,1385.0,12798.0,4954.0,False,False
2317,2022-10-27 09:36:57.982757,-0.004784688995215336,-0.004784688995215336,-0.5,-0.5,104.0,104.5,104.0,104.5,5307.0,1385.0,12798.0,4954.0,False,False
2317,2022-10-27 09:36:58.117126,-0.004784688995215336,-0.004784688995215336,-0.5,-0.5,104.0,104.5,104.0,104.5,5307.0,1385.0,12798.0,4954.0,False,False
2317,2022-10-27 09:36:59.293096,-0.004784688995215336,-0.004784688995215336,-0.5,-0.5,104.0,104.5,104.0,104.5,5306.0,1385.0,12798.0,4954.0,False,False
2317,2022-10-27 09:36:59.373220,-0.004784688995215336,-0.004784688995215336,-0.5,-0.5,104.0,104.5,104.0,104.5,5306.0,1385.0,12798.0,4954.0,False,False
2317,2022-10-27 09:37:00.558928,-0.004784688995215336,-0.004784688995215336,-0.5,-0.5,104.0,104.5,104.0,104.5,5306.0,1435.0,12798.0,4954.0,False,False
2317,2022-10-27 09:37:00.651274,-0.004784688995215336,-0.004784688995215336,-0.5,-0.5,104.0,104.5,104.0,104.5,5306.0,1434.0,12798.0,4954.0,False,False
2317,2022-10-27 09:37:00.839306,-0.004784688995215336,-0.004784688995215336,-0.5,-0.5,104.0,104.5,104.0,104.5,5305.0,1434.0,12798.0,4954.0,False,False
2317,2022-10-27 09:37:01.005146,-0.004784688995215336,-0.004784688995215336,-0.5,-0.5,104.0,104.5,104.0,104.5,5306.0,1434.0,12798.0,4954.0,False,False
2317,2022-10-27 09:37:01.053929,-0.004784688995215336,-0.004784688995215336,-0.5,-0.5,104.0,104.5,104.0,104.5,5306.0,1434.0,12798.0,4954.0,False,False
2317,2022-10-27 09:37:03.219991,-0.004784688995215336,-0.004784688995215336,-0.5,-0.5,104.0,104.5,104.0,104.5,5306.0,1434.0,12798.0,4954.0,False,False
2317,2022-10-27 09:37:05.383039,-0.004784688995215336,-0.004784688995215336,-0.5,-0.5,104.0,104.5,104.0,104.5,5305.0,1434.0,12798.0,4954.0,False,False
2317,2022-10-27 09:37:07.405161,-0.004784688995215336,-0.004784688995215336,-0.5,-0.5,104.0,104.5,104.0,104.5,5305.0,1434.0,12798.0,4954.0,False,True
2317,2022-10-27 09:37:08.142373,-0.004784688995215336,-0.004784688995215336,-0.5,-0.5,104.0,104.5,104.0,104.5,5306.0,1434.0,12798.0,4954.0,False,False
2317,2022-10-27 09:37:09.298730,-0.004784688995215336,-0.004784688995215336,-0.5,-0.5,104.0,104.5,104.0,104.5,5306.0,1434.0,12798.0,4954.0,False,False
2317,2022-10-27 09:37:09.385515,-0.004784688995215336,-0.004784688995215336,-0.5,-0.5,104.0,104.5,104.0,104.5,5306.0,1435.0,12798.0,4954.0,False,False
2317,2022-10-27 09:37:11.319908,-0.004784688995215336,-0.004784688995215336,-0.5,-0.5,104.0,104.5,104.0,104.5,5306.0,1435.0,12798.0,4954.0,False,False
2317,2022-10-27 09:37:11.692583,-0.004784688995215336,-0.004784688995215336,-0.5,-0.5,104.0,104.5,104.0,104.5,5306.0,1436.0,12798.0,4954.0,False,False
2317,2022-10-27 09:37:11.875392,-0.004784688995215336,-0.004784688995215336,-0.5,-0.5,104.0,104.5,104.0,104.5,5307.0,1436.0,12798.0,4954.0,False,False
2317,2022-10-27 09:37:12.341391,-0.004784688995215336,-0.004784688995215336,-0.5,-0.5,104.0,104.5,104.0,104.5,5307.0,1436.0,12798.0,4954.0,False,False
2317,2022-10-27 09:37:12.570817,-0.004784688995215336,-0.004784688995215336,-0.5,-0.5,104.0,104.5,104.0,104.5,5307.0,1435.0,12798.0,4954.0,False,False
2317,2022-10-27 09:37:15.849116,-0.004784688995215336,-0.004784688995215336,-0.5,-0.5,104.0,104.5,104.0,104.5,5307.0,1436.0,12798.0,4954.0,False,False
2317,2022-10-27 09:37:16.205652,-0.004784688995215336,-0.004784688995215336,-0.5,-0.5,104.0,104.5,104.0,104.5,5307.0,1436.0,12798.0,4954.0,False,False
2317,2022-10-27 09:37:17.265620,-0.004784688995215336,-0.004784688995215336,-0.5,-0.5,104.0,104.5,104.0,104.5,5307.0,1434.0,12798.0,4954.0,False,False
2317,2022-10-27 09:37:17.341110,-0.004784688995215336,-0.004784688995215336,-0.5,-0.5,104.0,104.5,104.0,104.5,5307.0,1433.0,12798.0,4954.0,False,False
2317,2022-10-27 09:37:17.415717,-0.004784688995215336,-0.004784688995215336,-0.5,-0.5,104.0,104.5,104.0,104.5,5307.0,1430.0,12798.0,4954.0,False,False
2317,2022-10-27 09:37:17.444234,-0.004784688995215336,-0.004784688995215336,-0.5,-0.5,104.0,104.5,104.0,104.5,5307.0,1404.0,12798.0,4954.0,False,False
2317,2022-10-27 09:37:17.437343,-0.004784688995215336,-0.004784688995215336,-0.5,-0.5,104.0,104.5,104.0,104.5,5307.0,1404.0,12298.0,4864.0,True,True
2317,2022-10-27 09:37:17.481652,-0.004784688995215336,-0.004784688995215336,-0.5,-0.5,104.0,104.5,104.0,104.5,5306.0,1404.0,12298.0,4864.0,False,False
2317,2022-10-27 09:37:17.510096,-0.004784688995215336,-0.004784688995215336,-0.5,-0.5,104.0,104.5,104.0,104.5,5306.0,1430.0,12298.0,4864.0,False,False
2317,2022-10-27 09:37:17.617818,-0.004784688995215336,-0.004784688995215336,-0.5,-0.5,104.0,104.5,104.0,104.5,5306.0,1429.0,12298.0,4864.0,False,False
2317,2022-10-27 09:37:17.672424,-0.004784688995215336,-0.004784688995215336,-0.5,-0.5,104.0,104.5,104.0,104.5,5307.0,1429.0,12298.0,4864.0,False,False
2317,2022-10-27 09:37:17.692380,-0.004784688995215336,-0.004784688995215336,-0.5,-0.5,104.0,104.5,104.0,104.5,5307.0,1423.0,12298.0,4864.0,False,False
2317,2022-10-27 09:37:17.693861,-0.004784688995215336,-0.004784688995215336,-0.5,-0.5,104.0,104.5,104.0,104.5,5307.0,1419.0,12298.0,4864.0,False,False
2317,2022-10-27 09:37:17.726971,-0.004784688995215336,-0.004784688995215336,-0.5,-0.5,104.0,104.5,104.0,104.5,5307.0,1393.0,12298.0,4864.0,False,False
2317,2022-10-27 09:37:17.763717,-0.004784688995215336,-0.004784688995215336,-0.5,-0.5,104.0,104.5,104.0,104.5,5307.0,1391.0,12298.0,4864.0,False,False
2317,2022-10-27 09:37:18.178841,-0.004784688995215336,-0.004784688995215336,-0.5,-0.5,104.0,104.5,104.0,104.5,5307.0,1391.0,12298.0,4864.0,False,False
2317,2022-10-27 09:37:18.378403,-0.004784688995215336,-0.004784688995215336,-0.5,-0.5,104.0,104.5,104.0,104.5,5310.0,1391.0,12298.0,4864.0,False,False
2317,2022-10-27 09:37:18.508974,-0.004784688995215336,-0.004784688995215336,-0.5,-0.5,104.0,104.5,104.0,104.5,5310.0,1391.0,12298.0,4864.0,False,False
2317,2022-10-27 09:37:18.597703,-0.004784688995215336,-0.004784688995215336,-0.5,-0.5,104.0,104.5,104.0,104.5,5310.0,1391.0,12298.0,4864.0,False,False
2317,2022-10-27 09:37:18.736787,-0.004784688995215336,-0.004784688995215336,-0.5,-0.5,104.0,104.5,104.0,104.5,5310.0,1391.0,12298.0,4864.0,False,False
2317,2022-10-27 09:37:19.752671,-0.004784688995215336,-0.004784688995215336,-0.5,-0.5,104.0,104.5,104.0,104.5,5306.0,1391.0,12298.0,4864.0,False,False
2317,2022-10-27 09:37:19.842358,-0.004784688995215336,-0.004784688995215336,-0.5,-0.5,104.0,104.5,104.0,104.5,5304.0,1391.0,12298.0,4864.0,False,False
2317,2022-10-27 09:37:19.880085,-0.004784688995215336,-0.004784688995215336,-0.5,-0.5,104.0,104.5,104.0,104.5,5304.0,1417.0,12298.0,4864.0,False,False
2317,2022-10-27 09:37:19.953788,-0.004784688995215336,-0.004784688995215336,-0.5,-0.5,104.0,104.5,104.0,104.5,5304.0,1416.0,12298.0,4864.0,False,False
2317,2022-10-27 09:37:21.231876,-0.004784688995215336,-0.004784688995215336,-0.5,-0.5,104.0,104.5,104.0,104.5,5305.0,1416.0,12298.0,4864.0,False,False
2317,2022-10-27 09:37:21.273668,-0.004784688995215336,-0.004784688995215336,-0.5,-0.5,104.0,104.5,104.0,104.5,5305.0,1416.0,12298.0,4864.0,False,False
2317,2022-10-27 09:37:21.859305,-0.004784688995215336,-0.004784688995215336,-0.5,-0.5,104.0,104.5,104.0,104.5,5305.0,1416.0,12298.0,4864.0,False,False
2317,2022-10-27 09:37:21.910216,-0.004784688995215336,-0.004784688995215336,-0.5,-0.5,104.0,104.5,104.0,104.5,5306.0,1416.0,12298.0,4864.0,False,False
2317,2022-10-27 09:37:22.627757,-0.004784688995215336,-0.004784688995215336,-0.5,-0.5,104.0,104.5,104.0,104.5,5306.0,1416.0,12298.0,4864.0,False,False
2317,2022-10-27 09:37:23.249230,-0.004784688995215336,-0.004784688995215336,-0.5,-0.5,104.0,104.5,104.0,104.5,5306.0,1390.0,12298.0,4864.0,False,False
2317,2022-10-27 09:37:23.578132,-0.004784688995215336,-0.004784688995215336,-0.5,-0.5,104.0,104.5,104.0,104.5,5306.0,1390.0,12298.0,4864.0,False,False
2317,2022-10-27 09:37:24.245138,-0.004784688995215336,-0.004784688995215336,-0.5,-0.5,104.0,104.5,104.0,104.5,5307.0,1390.0,12298.0,4864.0,False,False
2317,2022-10-27 09:37:25.333886,-0.004784688995215336,-0.004784688995215336,-0.5,-0.5,104.0,104.5,104.0,104.5,5306.0,1390.0,12298.0,4864.0,False,False
2317,2022-10-27 09:37:25.578793,-0.004784688995215336,-0.004784688995215336,-0.5,-0.5,104.0,104.5,104.0,104.5,5308.0,1390.0,12298.0,4864.0,False,False
2317,2022-10-27 09:37:27.055394,-0.004784688995215336,-0.004784688995215336,-0.5,-0.5,104.0,104.5,104.0,104.5,5307.0,1390.0,12298.0,4864.0,False,False
2317,2022-10-27 09:37:27.127937,-0.004784688995215336,-0.004784688995215336,-0.5,-0.5,104.0,104.5,104.0,104.5,5306.0,1390.0,12298.0,4864.0,False,False
2317,2022-10-27 09:37:27.467398,-0.004784688995215336,-0.004784688995215336,-0.5,-0.5,104.0,104.5,104.0,104.5,5306.0,1390.0,12298.0,4964.0,True,True
2317,2022-10-27 09:37:27.661255,-0.004784688995215336,-0.004784688995215336,-0.5,-0.5,104.0,104.5,104.0,104.5,5306.0,1390.0,12298.0,4964.0,False,False
2317,2022-10-27 09:37:28.547908,-0.004784688995215336,-0.004784688995215336,-0.5,-0.5,104.0,104.5,104.0,104.5,5306.0,1386.0,12298.0,4964.0,False,False
2317,2022-10-27 09:37:28.620281,-0.004784688995215336,-0.004784688995215336,-0.5,-0.5,104.0,104.5,104.0,104.5,5306.0,1385.0,12298.0,4964.0,False,False
2317,2022-10-27 09:37:28.791509,-0.004784688995215336,-0.004784688995215336,-0.5,-0.5,104.0,104.5,104.0,104.5,5307.0,1385.0,12298.0,4964.0,False,False
2317,2022-10-27 09:37:29.006839,-0.004784688995215336,-0.004784688995215336,-0.5,-0.5,104.0,104.5,104.0,104.5,5307.0,1385.0,12298.0,4964.0,False,False
2317,2022-10-27 09:37:29.207561,-0.004784688995215336,-0.004784688995215336,-0.5,-0.5,104.0,104.5,104.0,104.5,5308.0,1385.0,12298.0,4964.0,False,False
2317,2022-10-27 09:37:29.857110,-0.004784688995215336,-0.004784688995215336,-0.5,-0.5,104.0,104.5,104.0,104.5,5308.0,1385.0,12298.0,4964.0,False,False
2317,2022-10-27 09:37:29.952588,-0.004784688995215336,-0.004784688995215336,-0.5,-0.5,104.0,104.5,104.0,104.5,5308.0,1385.0,12298.0,4964.0,False,False
2317,2022-10-27 09:37:30.177928,-0.004784688995215336,-0.004784688995215336,-0.5,-0.5,104.0,104.5,104.0,104.5,5308.0,1341.0,12298.0,4964.0,False,False
2317,2022-10-27 09:37:30.247340,-0.004784688995215336,-0.004784688995215336,-0.5,-0.5,104.0,104.5,104.0,104.5,5308.0,1335.0,12298.0,4964.0,False,False
2317,2022-10-27 09:37:30.249768,-0.004784688995215336,-0.004784688995215336,-0.5,-0.5,104.0,104.5,104.0,104.5,5308.0,1329.0,12298.0,4964.0,False,False
2317,2022-10-27 09:37:30.250400,-0.004784688995215336,-0.004784688995215336,-0.5,-0.5,104.0,104.5,104.0,104.5,5307.0,1329.0,12298.0,4964.0,False,False
2317,2022-10-27 09:37:30.416388,-0.004784688995215336,-0.004784688995215336,-0.5,-0.5,104.0,104.5,104.0,104.5,5301.0,1329.0,12298.0,4964.0,False,False
2317,2022-10-27 09:37:30.486816,-0.004784688995215336,-0.004784688995215336,-0.5,-0.5,104.0,104.5,104.0,104.5,5301.0,1327.0,12298.0,4964.0,False,False
2317,2022-10-27 09:37:30.527998,-0.004784688995215336,-0.004784688995215336,-0.5,-0.5,104.0,104.5,104.0,104.5,5301.0,1322.0,12298.0,4964.0,False,False
2317,2022-10-27 09:37:30.612855,-0.004784688995215336,-0.004784688995215336,-0.5,-0.5,104.0,104.5,104.0,104.5,5299.0,1322.0,12298.0,4964.0,False,False
2317,2022-10-27 09:37:30.621428,-0.004784688995215336,-0.004784688995215336,-0.5,-0.5,104.0,104.5,104.0,104.5,5299.0,1322.0,12298.0,4964.0,False,False
2317,2022-10-27 09:37:30.698528,-0.004784688995215336,-0.004784688995215336,-0.5,-0.5,104.0,104.5,104.0,104.5,5299.0,1321.0,12298.0,4964.0,False,False
2317,2022-10-27 09:37:30.876127,-0.004784688995215336,-0.004784688995215336,-0.5,-0.5,104.0,104.5,104.0,104.5,5299.0,1321.0,12298.0,4964.0,False,False
2317,2022-10-27 09:37:31.257836,-0.004784688995215336,-0.004784688995215336,-0.5,-0.5,104.0,104.5,104.0,104.5,5299.0,1322.0,12298.0,4964.0,False,False
2317,2022-10-27 09:37:31.889912,-0.004784688995215336,-0.004784688995215336,-0.5,-0.5,104.0,104.5,104.0,104.5,5287.0,1322.0,12298.0,4964.0,False,False
2317,2022-10-27 09:37:31.963574,-0.004784688995215336,-0.004784688995215336,-0.5,-0.5,104.0,104.5,104.0,104.5,5286.0,1322.0,12298.0,4964.0,False,False
2317,2022-10-27 09:37:32.040516,-0.004784688995215336,-0.004784688995215336,-0.5,-0.5,104.0,104.5,104.0,104.5,5286.0,1320.0,12298.0,4964.0,False,False
2317,2022-10-27 09:37:32.633676,-0.004784688995215336,-0.004784688995215336,-0.5,-0.5,104.0,104.5,104.0,104.5,5286.0,1316.0,12298.0,4964.0,False,False
2317,2022-10-27 09:37:32.895776,-0.004784688995215336,-0.004784688995215336,-0.5,-0.5,104.0,104.5,104.0,104.5,5286.0,1315.0,12298.0,4964.0,False,False
2317,2022-10-27 09:37:33.942072,-0.004784688995215336,-0.004784688995215336,-0.5,-0.5,104.0,104.5,104.0,104.5,5286.0,1315.0,12298.0,4964.0,False,False
2317,2022-10-27 09:37:33.947744,-0.004784688995215336,-0.004784688995215336,-0.5,-0.5,104.0,104.5,104.0,104.5,5286.0,1287.0,12298.0,4964.0,False,False
2317,2022-10-27 09:37:34.157759,-0.004784688995215336,-0.004784688995215336,-0.5,-0.5,104.0,104.5,104.0,104.5,5286.0,1287.0,12298.0,4964.0,False,False
2317,2022-10-27 09:37:35.120890,-0.004784688995215336,-0.004784688995215336,-0.5,-0.5,104.0,104.5,104.0,104.5,5286.0,1287.0,12298.0,4964.0,False,False
2317,2022-10-27 09:37:35.567244,-0.004784688995215336,-0.004784688995215336,-0.5,-0.5,104.0,104.5,104.0,104.5,5288.0,1287.0,12298.0,4964.0,False,False
2317,2022-10-27 09:37:36.429551,-0.004784688995215336,-0.004784688995215336,-0.5,-0.5,104.0,104.5,104.0,104.5,5289.0,1287.0,12298.0,4964.0,False,False
2317,2022-10-27 09:37:36.484162,-0.004784688995215336,-0.004784688995215336,-0.5,-0.5,104.0,104.5,104.0,104.5,5033.0,1287.0,12298.0,4964.0,False,False
2317,2022-10-27 09:37:36.688565,-0.004784688995215336,-0.004784688995215336,-0.5,-0.5,104.0,104.5,104.0,104.5,5033.0,1288.0,12298.0,4964.0,False,False
2317,2022-10-27 09:37:37.492420,-0.004784688995215336,-0.004784688995215336,-0.5,-0.5,104.0,104.5,104.0,104.5,5033.0,1288.0,12298.0,4984.0,True,True
2317,2022-10-27 09:37:39.454324,-0.004784688995215336,-0.004784688995215336,-0.5,-0.5,104.0,104.5,104.0,104.5,5034.0,1288.0,12298.0,4984.0,False,False
2317,2022-10-27 09:37:39.760847,-0.004784688995215336,-0.004784688995215336,-0.5,-0.5,104.0,104.5,104.0,104.5,5034.0,1288.0,12298.0,4984.0,False,False
2317,2022-10-27 09:37:39.966913,-0.004784688995215336,-0.004784688995215336,-0.5,-0.5,104.0,104.5,104.0,104.5,5034.0,1288.0,12298.0,4984.0,False,False
2317,2022-10-27 09:37:41.913873,-0.004784688995215336,-0.004784688995215336,-0.5,-0.5,104.0,104.5,104.0,104.5,5034.0,1287.0,12298.0,4984.0,False,False
2317,2022-10-27 09:37:41.988284,-0.004784688995215336,-0.004784688995215336,-0.5,-0.5,104.0,104.5,104.0,104.5,5032.0,1287.0,12298.0,4984.0,False,False
2317,2022-10-27 09:37:42.403062,-0.004784688995215336,-0.004784688995215336,-0.5,-0.5,104.0,104.5,104.0,104.5,5032.0,1284.0,12298.0,4984.0,False,False
2317,2022-10-27 09:37:42.493171,-0.004784688995215336,-0.004784688995215336,-0.5,-0.5,104.0,104.5,104.0,104.5,5032.0,1284.0,12298.0,4984.0,False,False
2317,2022-10-27 09:37:43.545965,-0.004784688995215336,-0.004784688995215336,-0.5,-0.5,104.0,104.5,104.0,104.5,5032.0,1284.0,12298.0,4984.0,False,False
2317,2022-10-27 09:37:44.562283,-0.004784688995215336,-0.004784688995215336,-0.5,-0.5,104.0,104.5,104.0,104.5,4904.0,1284.0,12298.0,4984.0,False,False
2317,2022-10-27 09:37:44.985725,-0.004784688995215336,-0.004784688995215336,-0.5,-0.5,104.0,104.5,104.0,104.5,4904.0,1284.0,12298.0,4984.0,False,False
2317,2022-10-27 09:37:45.647370,-0.004784688995215336,-0.004784688995215336,-0.5,-0.5,104.0,104.5,104.0,104.5,4903.0,1284.0,12298.0,4984.0,False,False
2317,2022-10-27 09:37:45.991408,-0.004784688995215336,-0.004784688995215336,-0.5,-0.5,104.0,104.5,104.0,104.5,4902.0,1284.0,12298.0,4984.0,False,False
2317,2022-10-27 09:37:46.062081,-0.004784688995215336,-0.004784688995215336,-0.5,-0.5,104.0,104.5,104.0,104.5,4902.0,1283.0,12298.0,4984.0,False,False
2317,2022-10-27 09:37:46.327037,-0.004784688995215336,-0.004784688995215336,-0.5,-0.5,104.0,104.5,104.0,104.5,4902.0,1283.0,12298.0,4984.0,False,False
2317,2022-10-27 09:37:46.795579,-0.004784688995215336,-0.004784688995215336,-0.5,-0.5,104.0,104.5,104.0,104.5,4904.0,1283.0,12298.0,4984.0,False,False
2317,2022-10-27 09:37:47.444460,-0.004784688995215336,-0.004784688995215336,-0.5,-0.5,104.0,104.5,104.0,104.5,4904.0,1282.0,12298.0,4984.0,False,False
2317,2022-10-27 09:37:47.520576,-0.004784688995215336,-0.004784688995215336,-0.5,-0.5,104.0,104.5,104.0,104.5,4904.0,1282.0,12301.0,4942.0,True,True
2317,2022-10-27 09:37:47.522349,-0.004784688995215336,-0.004784688995215336,-0.5,-0.5,104.0,104.5,104.0,104.5,4903.0,1282.0,12301.0,4942.0,False,False
2317,2022-10-27 09:37:47.733269,-0.004784688995215336,-0.004784688995215336,-0.5,-0.5,104.0,104.5,104.0,104.5,4903.0,1282.0,12301.0,4942.0,False,False
2317,2022-10-27 09:37:48.208904,-0.004784688995215336,-0.004784688995215336,-0.5,-0.5,104.0,104.5,104.0,104.5,4902.0,1282.0,12301.0,4942.0,False,False
2317,2022-10-27 09:37:48.483076,-0.004784688995215336,-0.004784688995215336,-0.5,-0.5,104.0,104.5,104.0,104.5,4903.0,1282.0,12301.0,4942.0,False,False
2317,2022-10-27 09:37:49.580753,-0.004784688995215336,-0.004784688995215336,-0.5,-0.5,104.0,104.5,104.0,104.5,4903.0,1280.0,12301.0,4942.0,False,False
2317,2022-10-27 09:37:50.034322,-0.004784688995215336,-0.004784688995215336,-0.5,-0.5,104.0,104.5,104.0,104.5,4903.0,1280.0,12301.0,4942.0,False,False
2317,2022-10-27 09:37:50.469384,-0.004784688995215336,-0.004784688995215336,-0.5,-0.5,104.0,104.5,104.0,104.5,4903.0,1281.0,12301.0,4942.0,False,False
2317,2022-10-27 09:37:51.049611,-0.004784688995215336,-0.004784688995215336,-0.5,-0.5,104.0,104.5,104.0,104.5,4902.0,1281.0,12301.0,4942.0,False,False
2317,2022-10-27 09:37:51.841697,-0.004784688995215336,-0.004784688995215336,-0.5,-0.5,104.0,104.5,104.0,104.5,4902.0,1281.0,12301.0,4942.0,False,False
2317,2022-10-27 09:37:52.218387,-0.004784688995215336,-0.004784688995215336,-0.5,-0.5,104.0,104.5,104.0,104.5,4902.0,1281.0,12301.0,4942.0,False,False
2317,2022-10-27 09:37:53.027644,-0.004784688995215336,-0.004784688995215336,-0.5,-0.5,104.0,104.5,104.0,104.5,4902.0,1281.0,12301.0,4942.0,False,False
2317,2022-10-27 09:37:53.130785,-0.004784688995215336,-0.004784688995215336,-0.5,-0.5,104.0,104.5,104.0,104.5,4901.0,1281.0,12301.0,4942.0,False,False
2317,2022-10-27 09:37:55.397738,-0.004784688995215336,-0.004784688995215336,-0.5,-0.5,104.0,104.5,104.0,104.5,4909.0,1281.0,12301.0,4942.0,False,False
2317,2022-10-27 09:37:55.686601,-0.004784688995215336,-0.004784688995215336,-0.5,-0.5,104.0,104.5,104.0,104.5,4909.0,1281.0,12301.0,4942.0,False,False
2317,2022-10-27 09:37:57.357563,-0.004784688995215336,-0.004784688995215336,-0.5,-0.5,104.0,104.5,104.0,104.5,4908.0,1281.0,12301.0,4942.0,False,False
2317,2022-10-27 09:37:57.548569,-0.004784688995215336,-0.004784688995215336,-0.5,-0.5,104.0,104.5,104.0,104.5,4908.0,1281.0,12301.0,4937.0,True,True
2317,2022-10-27 09:38:00.946221,-0.004784688995215336,-0.004784688995215336,-0.5,-0.5,104.0,104.5,104.0,104.5,4907.0,1281.0,12301.0,4937.0,False,False
2317,2022-10-27 09:38:01.013971,-0.004784688995215336,-0.004784688995215336,-0.5,-0.5,104.0,104.5,104.0,104.5,4907.0,1280.0,12301.0,4937.0,False,False
2317,2022-10-27 09:38:01.391124,-0.004784688995215336,-0.004784688995215336,-0.5,-0.5,104.0,104.5,104.0,104.5,4907.0,1280.0,12301.0,4937.0,False,False
2317,2022-10-27 09:38:05.282747,-0.004784688995215336,-0.004784688995215336,-0.5,-0.5,104.0,104.5,104.0,104.5,4910.0,1280.0,12301.0,4937.0,False,False
2317,2022-10-27 09:38:05.591812,-0.004784688995215336,-0.004784688995215336,-0.5,-0.5,104.0,104.5,104.0,104.5,4910.0,1280.0,12301.0,4937.0,False,False
2317,2022-10-27 09:38:07.059439,-0.004784688995215336,-0.004784688995215336,-0.5,-0.5,104.0,104.5,104.0,104.5,4910.0,1280.0,12301.0,4937.0,False,False
2317,2022-10-27 09:38:07.579754,-0.004784688995215336,-0.004784688995215336,-0.5,-0.5,104.0,104.5,104.0,104.5,4910.0,1280.0,12311.0,4997.0,True,True
2317,2022-10-27 09:38:08.388847,-0.004784688995215336,-0.004784688995215336,-0.5,-0.5,104.0,104.5,104.0,104.5,4910.0,1277.0,12311.0,4997.0,False,False
2317,2022-10-27 09:38:08.477363,-0.004784688995215336,-0.004784688995215336,-0.5,-0.5,104.0,104.5,104.0,104.5,4909.0,1277.0,12311.0,4997.0,False,False
2317,2022-10-27 09:38:08.741590,-0.004784688995215336,-0.004784688995215336,-0.5,-0.5,104.0,104.5,104.0,104.5,4909.0,1277.0,12311.0,4997.0,False,False
2317,2022-10-27 09:38:08.880907,-0.004784688995215336,-0.004784688995215336,-0.5,-0.5,104.0,104.5,104.0,104.5,4910.0,1277.0,12311.0,4997.0,False,False
2317,2022-10-27 09:38:11.959696,-0.004784688995215336,-0.004784688995215336,-0.5,-0.5,104.0,104.5,104.0,104.5,4911.0,1277.0,12311.0,4997.0,False,False
2317,2022-10-27 09:38:12.695474,-0.004784688995215336,-0.004784688995215336,-0.5,-0.5,104.0,104.5,104.0,104.5,4911.0,1279.0,12311.0,4997.0,False,False
2317,2022-10-27 09:38:13.159479,-0.004784688995215336,-0.004784688995215336,-0.5,-0.5,104.0,104.5,104.0,104.5,4911.0,1279.0,12311.0,4997.0,False,False
2317,2022-10-27 09:38:15.131702,-0.004784688995215336,-0.004784688995215336,-0.5,-0.5,104.0,104.5,104.0,104.5,4911.0,1279.0,12311.0,4997.0,False,False
2317,2022-10-27 09:38:15.396665,-0.004784688995215336,-0.004784688995215336,-0.5,-0.5,104.0,104.5,104.0,104.5,4911.0,1276.0,12311.0,4997.0,False,False
2317,2022-10-27 09:38:15.959908,-0.004784688995215336,-0.004784688995215336,-0.5,-0.5,104.0,104.5,104.0,104.5,4911.0,1278.0,12311.0,4997.0,False,False
2317,2022-10-27 09:38:16.026967,-0.004784688995215336,-0.004784688995215336,-0.5,-0.5,104.0,104.5,104.0,104.5,4910.0,1278.0,12311.0,4997.0,False,False
2317,2022-10-27 09:38:16.563948,-0.004784688995215336,-0.004784688995215336,-0.5,-0.5,104.0,104.5,104.0,104.5,4910.0,1277.0,12311.0,4997.0,False,False
2317,2022-10-27 09:38:16.841251,-0.004784688995215336,-0.004784688995215336,-0.5,-0.5,104.0,104.5,104.0,104.5,4910.0,1277.0,12311.0,4997.0,False,False
2317,2022-10-27 09:38:17.397980,-0.004784688995215336,-0.004784688995215336,-0.5,-0.5,104.0,104.5,104.0,104.5,4910.0,1277.0,12311.0,4997.0,False,False
2317,2022-10-27 09:38:17.560166,-0.004784688995215336,-0.004784688995215336,-0.5,-0.5,104.0,104.5,104.0,104.5,4910.0,1277.0,12311.0,4997.0,False,False
2317,2022-10-27 09:38:17.611927,-0.004784688995215336,-0.004784688995215336,-0.5,-0.5,104.0,104.5,104.0,104.5,4910.0,1277.0,11928.0,5115.0,True,True
2317,2022-10-27 09:38:17.776869,-0.004784688995215336,-0.004784688995215336,-0.5,-0.5,104.0,104.5,104.0,104.5,4910.0,1276.0,11928.0,5115.0,False,False
2317,2022-10-27 09:38:17.850915,-0.004784688995215336,-0.004784688995215336,-0.5,-0.5,104.0,104.5,104.0,104.5,4910.0,1275.0,11928.0,5115.0,False,False
2317,2022-10-27 09:38:18.290226,-0.004784688995215336,-0.004784688995215336,-0.5,-0.5,104.0,104.5,104.0,104.5,4910.0,1275.0,11928.0,5115.0,False,False
2317,2022-10-27 09:38:18.401823,-0.004784688995215336,-0.004784688995215336,-0.5,-0.5,104.0,104.5,104.0,104.5,4910.0,1275.0,11928.0,5115.0,False,False
2317,2022-10-27 09:38:18.556260,-0.004784688995215336,-0.004784688995215336,-0.5,-0.5,104.0,104.5,104.0,104.5,4910.0,1278.0,11928.0,5115.0,False,False
2317,2022-10-27 09:38:19.052527,-0.004784688995215336,-0.004784688995215336,-0.5,-0.5,104.0,104.5,104.0,104.5,4890.0,1258.0,11928.0,5115.0,False,False
2317,2022-10-27 09:38:19.123814,-0.004784688995215336,-0.004784688995215336,-0.5,-0.5,104.0,104.5,104.0,104.5,4890.0,1249.0,11928.0,5115.0,False,False
2317,2022-10-27 09:38:19.131575,-0.004784688995215336,-0.004784688995215336,-0.5,-0.5,104.0,104.5,104.0,104.5,4890.0,1247.0,11928.0,5115.0,False,False
2317,2022-10-27 09:38:19.136093,-0.004784688995215336,-0.004784688995215336,-0.5,-0.5,104.0,104.5,104.0,104.5,4889.0,1247.0,11928.0,5115.0,False,False
2317,2022-10-27 09:38:19.195603,-0.004784688995215336,-0.004784688995215336,-0.5,-0.5,104.0,104.5,104.0,104.5,4888.0,1247.0,11928.0,5115.0,False,False
2317,2022-10-27 09:38:19.207795,-0.004784688995215336,-0.004784688995215336,-0.5,-0.5,104.0,104.5,104.0,104.5,4888.0,1245.0,11928.0,5115.0,False,False
2317,2022-10-27 09:38:19.255739,-0.004784688995215336,-0.004784688995215336,-0.5,-0.5,104.0,104.5,104.0,104.5,4886.0,1245.0,11928.0,5115.0,False,False
2317,2022-10-27 09:38:19.305839,-0.004784688995215336,-0.004784688995215336,-0.5,-0.5,104.0,104.5,104.0,104.5,4886.0,1245.0,11928.0,5115.0,False,False
2317,2022-10-27 09:38:19.452165,-0.004784688995215336,-0.004784688995215336,-0.5,-0.5,104.0,104.5,104.0,104.5,4886.0,1245.0,11928.0,5115.0,False,False
2317,2022-10-27 09:38:20.319862,-0.004784688995215336,-0.004784688995215336,-0.5,-0.5,104.0,104.5,104.0,104.5,4886.0,1245.0,11928.0,5115.0,False,False
2317,2022-10-27 09:38:20.401400,-0.004784688995215336,-0.004784688995215336,-0.5,-0.5,104.0,104.5,104.0,104.5,4886.0,1245.0,11928.0,5115.0,False,False
2317,2022-10-27 09:38:20.471546,-0.004784688995215336,-0.004784688995215336,-0.5,-0.5,104.0,104.5,104.0,104.5,5138.0,1245.0,11928.0,5115.0,False,False
2317,2022-10-27 09:38:21.336850,-0.004784688995215336,-0.004784688995215336,-0.5,-0.5,104.0,104.5,104.0,104.5,5131.0,1245.0,11928.0,5115.0,False,False
2317,2022-10-27 09:38:21.381212,-0.004784688995215336,-0.004784688995215336,-0.5,-0.5,104.0,104.5,104.0,104.5,5131.0,1245.0,11928.0,5115.0,False,False
2317,2022-10-27 09:38:21.405437,-0.004784688995215336,-0.004784688995215336,-0.5,-0.5,104.0,104.5,104.0,104.5,5131.0,1244.0,11928.0,5115.0,False,False
2317,2022-10-27 09:38:21.543217,-0.004784688995215336,-0.004784688995215336,-0.5,-0.5,104.0,104.5,104.0,104.5,5131.0,1244.0,11928.0,5115.0,False,False
2317,2022-10-27 09:38:23.535969,-0.004784688995215336,-0.004784688995215336,-0.5,-0.5,104.0,104.5,104.0,104.5,5131.0,1250.0,11928.0,5115.0,False,False
2317,2022-10-27 09:38:23.743523,-0.004784688995215336,-0.004784688995215336,-0.5,-0.5,104.0,104.5,104.0,104.5,5131.0,1250.0,11928.0,5115.0,False,False
2317,2022-10-27 09:38:24.561859,-0.004784688995215336,-0.004784688995215336,-0.5,-0.5,104.0,104.5,104.0,104.5,5259.0,1250.0,11928.0,5115.0,False,False
2317,2022-10-27 09:38:24.953683,-0.004784688995215336,-0.004784688995215336,-0.5,-0.5,104.0,104.5,104.0,104.5,5259.0,1250.0,11928.0,5115.0,False,False
2317,2022-10-27 09:38:26.142670,-0.004784688995215336,-0.004784688995215336,-0.5,-0.5,104.0,104.5,104.0,104.5,5259.0,1247.0,11928.0,5115.0,False,False
2317,2022-10-27 09:38:26.178372,-0.004784688995215336,-0.004784688995215336,-0.5,-0.5,104.0,104.5,104.0,104.5,5259.0,1247.0,11928.0,5115.0,False,False
2317,2022-10-27 09:38:26.240296,-0.004784688995215336,-0.004784688995215336,-0.5,-0.5,104.0,104.5,104.0,104.5,5258.0,1247.0,11928.0,5115.0,False,False
2317,2022-10-27 09:38:26.443370,-0.004784688995215336,-0.004784688995215336,-0.5,-0.5,104.0,104.5,104.0,104.5,5258.0,1246.0,11928.0,5115.0,False,False
2317,2022-10-27 09:38:27.437927,-0.004784688995215336,-0.004784688995215336,-0.5,-0.5,104.0,104.5,104.0,104.5,5258.0,1246.0,11928.0,5115.0,False,False
2317,2022-10-27 09:38:27.641045,-0.004784688995215336,-0.004784688995215336,-0.5,-0.5,104.0,104.5,104.0,104.5,5258.0,1246.0,12140.0,5229.0,True,True
2317,2022-10-27 09:38:28.620312,-0.004784688995215336,-0.004784688995215336,-0.5,-0.5,104.0,104.5,104.0,104.5,5258.0,1241.0,12140.0,5229.0,False,False
2317,2022-10-27 09:38:28.622859,-0.004784688995215336,-0.004784688995215336,-0.5,-0.5,104.0,104.5,104.0,104.5,5258.0,1241.0,12140.0,5229.0,False,False
2317,2022-10-27 09:38:28.691065,-0.004784688995215336,-0.004784688995215336,-0.5,-0.5,104.0,104.5,104.0,104.5,5257.0,1241.0,12140.0,5229.0,False,False
2317,2022-10-27 09:38:28.763162,-0.004784688995215336,-0.004784688995215336,-0.5,-0.5,104.0,104.5,104.0,104.5,5257.0,1240.0,12140.0,5229.0,False,False
2317,2022-10-27 09:38:28.961450,-0.004784688995215336,-0.004784688995215336,-0.5,-0.5,104.0,104.5,104.0,104.5,5258.0,1240.0,12140.0,5229.0,False,False
2317,2022-10-27 09:38:29.036033,-0.004784688995215336,-0.004784688995215336,-0.5,-0.5,104.0,104.5,104.0,104.5,5268.0,1240.0,12140.0,5229.0,False,False
2317,2022-10-27 09:38:29.385067,-0.004784688995215336,-0.004784688995215336,-0.5,-0.5,104.0,104.5,104.0,104.5,5269.0,1240.0,12140.0,5229.0,False,False
2317,2022-10-27 09:38:30.433848,-0.004784688995215336,-0.004784688995215336,-0.5,-0.5,104.0,104.5,104.0,104.5,5269.0,1240.0,12140.0,5229.0,False,False
2317,2022-10-27 09:38:31.018258,-0.004784688995215336,-0.004784688995215336,-0.5,-0.5,104.0,104.5,104.0,104.5,5269.0,1240.0,12140.0,5229.0,False,False
2317,2022-10-27 09:38:31.036445,-0.004784688995215336,-0.004784688995215336,-0.5,-0.5,104.0,104.5,104.0,104.5,5269.0,1240.0,12140.0,5229.0,False,False
2317,2022-10-27 09:38:31.276185,-0.004784688995215336,-0.004784688995215336,-0.5,-0.5,104.0,104.5,104.0,104.5,5269.0,1240.0,12140.0,5229.0,False,False
2317,2022-10-27 09:38:31.444392,-0.004784688995215336,-0.004784688995215336,-0.5,-0.5,104.0,104.5,104.0,104.5,5268.0,1240.0,12140.0,5229.0,False,False
2317,2022-10-27 09:38:31.514984,-0.004784688995215336,-0.004784688995215336,-0.5,-0.5,104.0,104.5,104.0,104.5,5267.0,1240.0,12140.0,5229.0,False,False
2317,2022-10-27 09:38:31.537918,-0.004784688995215336,-0.004784688995215336,-0.5,-0.5,104.0,104.5,104.0,104.5,5266.0,1240.0,12140.0,5229.0,False,False
2317,2022-10-27 09:38:32.139335,-0.004784688995215336,-0.004784688995215336,-0.5,-0.5,104.0,104.5,104.0,104.5,5266.0,1240.0,12140.0,5229.0,False,False
2317,2022-10-27 09:38:32.354194,-0.004784688995215336,-0.004784688995215336,-0.5,-0.5,104.0,104.5,104.0,104.5,5266.0,1241.0,12140.0,5229.0,False,False
2317,2022-10-27 09:38:32.412288,-0.004784688995215336,-0.004784688995215336,-0.5,-0.5,104.0,104.5,104.0,104.5,5266.0,1242.0,12140.0,5229.0,False,False
2317,2022-10-27 09:38:32.802307,-0.004784688995215336,-0.004784688995215336,-0.5,-0.5,104.0,104.5,104.0,104.5,5266.0,1292.0,12140.0,5229.0,False,False
2317,2022-10-27 09:38:32.859545,-0.004784688995215336,-0.004784688995215336,-0.5,-0.5,104.0,104.5,104.0,104.5,5266.0,1292.0,12140.0,5229.0,False,False
2317,2022-10-27 09:38:33.379342,-0.004784688995215336,-0.004784688995215336,-0.5,-0.5,104.0,104.5,104.0,104.5,5266.0,1289.0,12140.0,5229.0,False,False
2317,2022-10-27 09:38:33.450773,-0.004784688995215336,-0.004784688995215336,-0.5,-0.5,104.0,104.5,104.0,104.5,5266.0,1288.0,12140.0,5229.0,False,False
2317,2022-10-27 09:38:33.954334,-0.004784688995215336,-0.004784688995215336,-0.5,-0.5,104.0,104.5,104.0,104.5,5264.0,1288.0,12140.0,5229.0,False,False
2317,2022-10-27 09:38:34.346533,-0.004784688995215336,-0.004784688995215336,-0.5,-0.5,104.0,104.5,104.0,104.5,5264.0,1288.0,12140.0,5229.0,False,False
2317,2022-10-27 09:38:34.463921,-0.004784688995215336,-0.004784688995215336,-0.5,-0.5,104.0,104.5,104.0,104.5,5264.0,1288.0,12140.0,5229.0,False,False
2317,2022-10-27 09:38:34.520992,-0.004784688995215336,-0.004784688995215336,-0.5,-0.5,104.0,104.5,104.0,104.5,5264.0,1288.0,12140.0,5229.0,False,False
2317,2022-10-27 09:38:35.469423,-0.004784688995215336,-0.004784688995215336,-0.5,-0.5,104.0,104.5,104.0,104.5,5263.0,1288.0,12140.0,5229.0,False,False
2317,2022-10-27 09:38:35.507597,-0.004784688995215336,-0.004784688995215336,-0.5,-0.5,104.0,104.5,104.0,104.5,5263.0,1314.0,12140.0,5229.0,False,False
2317,2022-10-27 09:38:35.552933,-0.004784688995215336,-0.004784688995215336,-0.5,-0.5,104.0,104.5,104.0,104.5,5262.0,1314.0,12140.0,5229.0,False,False
2317,2022-10-27 09:38:35.534033,-0.004784688995215336,-0.004784688995215336,-0.5,-0.5,104.0,104.5,104.0,104.5,5263.0,1314.0,12140.0,5229.0,False,False
2317,2022-10-27 09:38:35.990300,-0.004784688995215336,-0.004784688995215336,-0.5,-0.5,104.0,104.5,104.0,104.5,5261.0,1314.0,12140.0,5229.0,False,False
2317,2022-10-27 09:38:36.468549,-0.004784688995215336,-0.004784688995215336,-0.5,-0.5,104.0,104.5,104.0,104.5,5261.0,1314.0,12140.0,5229.0,False,False
2317,2022-10-27 09:38:36.567682,-0.004784688995215336,-0.004784688995215336,-0.5,-0.5,104.0,104.5,104.0,104.5,5261.0,1314.0,12140.0,5229.0,False,False
2317,2022-10-27 09:38:37.563785,-0.004784688995215336,-0.004784688995215336,-0.5,-0.5,104.0,104.5,104.0,104.5,5261.0,1314.0,12140.0,5229.0,False,False
2317,2022-10-27 09:38:37.670118,-0.004784688995215336,-0.004784688995215336,-0.5,-0.5,104.0,104.5,104.0,104.5,5261.0,1314.0,11241.0,5229.0,True,True
2317,2022-10-27 09:38:38.025444,-0.004784688995215336,-0.004784688995215336,-0.5,-0.5,104.0,104.5,104.0,104.5,5261.0,1314.0,11241.0,5229.0,False,False
2317,2022-10-27 09:38:38.035625,-0.004784688995215336,-0.004784688995215336,-0.5,-0.5,104.0,104.5,104.0,104.5,5261.0,1314.0,11241.0,5229.0,False,False
2317,2022-10-27 09:38:39.206860,-0.004784688995215336,-0.004784688995215336,-0.5,-0.5,104.0,104.5,104.0,104.5,5261.0,1314.0,11241.0,5229.0,False,False
2317,2022-10-27 09:38:39.629351,-0.004784688995215336,-0.004784688995215336,-0.5,-0.5,104.0,104.5,104.0,104.5,5261.0,1314.0,11241.0,5229.0,False,False
2317,2022-10-27 09:38:39.693547,-0.004784688995215336,-0.004784688995215336,-0.5,-0.5,104.0,104.5,104.0,104.5,5261.0,1314.0,11241.0,5229.0,False,False
2317,2022-10-27 09:38:41.977033,-0.004784688995215336,-0.004784688995215336,-0.5,-0.5,104.0,104.5,104.0,104.5,5261.0,1314.0,11241.0,5229.0,False,False
2317,2022-10-27 09:38:42.512787,-0.004784688995215336,-0.004784688995215336,-0.5,-0.5,104.0,104.5,104.0,104.5,5261.0,1315.0,11241.0,5229.0,False,False
2317,2022-10-27 09:38:43.305646,-0.004784688995215336,-0.004784688995215336,-0.5,-0.5,104.0,104.5,104.0,104.5,5261.0,1315.0,11241.0,5229.0,False,False
2317,2022-10-27 09:38:44.125758,-0.004784688995215336,-0.004784688995215336,-0.5,-0.5,104.0,104.5,104.0,104.5,5261.0,1315.0,11241.0,5229.0,False,False
2317,2022-10-27 09:38:45.041737,-0.004784688995215336,-0.004784688995215336,-0.5,-0.5,104.0,104.5,104.0,104.5,5261.0,1316.0,11241.0,5229.0,False,False
2317,2022-10-27 09:38:45.214939,-0.004784688995215336,-0.004784688995215336,-0.5,-0.5,104.0,104.5,104.0,104.5,5261.0,1312.0,11241.0,5229.0,False,False
2317,2022-10-27 09:38:45.298988,-0.004784688995215336,-0.004784688995215336,-0.5,-0.5,104.0,104.5,104.0,104.5,5261.0,1311.0,11241.0,5229.0,False,False
2317,2022-10-27 09:38:45.559522,-0.004784688995215336,-0.004784688995215336,-0.5,-0.5,104.0,104.5,104.0,104.5,5261.0,1311.0,11241.0,5229.0,False,False
2317,2022-10-27 09:38:46.688916,-0.004784688995215336,-0.004784688995215336,-0.5,-0.5,104.0,104.5,104.0,104.5,5261.0,1306.0,11241.0,5229.0,False,False
2317,2022-10-27 09:38:46.774174,-0.004784688995215336,-0.004784688995215336,-0.5,-0.5,104.0,104.5,104.0,104.5,5260.0,1306.0,11241.0,5229.0,False,False
2317,2022-10-27 09:38:47.497484,-0.004784688995215336,-0.004784688995215336,-0.5,-0.5,104.0,104.5,104.0,104.5,5260.0,1305.0,11241.0,5229.0,False,False
2317,2022-10-27 09:38:47.574941,-0.004784688995215336,-0.004784688995215336,-0.5,-0.5,104.0,104.5,104.0,104.5,5260.0,1304.0,11241.0,5229.0,False,False
2317,2022-10-27 09:38:47.577721,-0.004784688995215336,-0.004784688995215336,-0.5,-0.5,104.0,104.5,104.0,104.5,5260.0,1304.0,11241.0,5229.0,False,False
2317,2022-10-27 09:38:47.706449,-0.004784688995215336,-0.004784688995215336,-0.5,-0.5,104.0,104.5,104.0,104.5,5260.0,1304.0,11241.0,5259.0,True,True
2317,2022-10-27 09:38:47.974279,-0.004784688995215336,-0.004784688995215336,-0.5,-0.5,104.0,104.5,104.0,104.5,5262.0,1304.0,11241.0,5259.0,False,False
2317,2022-10-27 09:38:48.053842,-0.004784688995215336,-0.004784688995215336,-0.5,-0.5,104.0,104.5,104.0,104.5,5262.0,1304.0,11241.0,5259.0,False,False
2317,2022-10-27 09:38:48.189270,-0.004784688995215336,-0.004784688995215336,-0.5,-0.5,104.0,104.5,104.0,104.5,5262.0,1304.0,11241.0,5259.0,False,False
2317,2022-10-27 09:38:48.580455,-0.004784688995215336,-0.004784688995215336,-0.5,-0.5,104.0,104.5,104.0,104.5,5260.0,1304.0,11241.0,5259.0,False,False
2317,2022-10-27 09:38:48.655543,-0.004784688995215336,-0.004784688995215336,-0.5,-0.5,104.0,104.5,104.0,104.5,5259.0,1304.0,11241.0,5259.0,False,False
2317,2022-10-27 09:38:48.937758,-0.004784688995215336,-0.004784688995215336,-0.5,-0.5,104.0,104.5,104.0,104.5,5258.0,1304.0,11241.0,5259.0,False,False
2317,2022-10-27 09:38:50.277070,-0.004784688995215336,-0.004784688995215336,-0.5,-0.5,104.0,104.5,104.0,104.5,5258.0,1305.0,11241.0,5259.0,False,False
2317,2022-10-27 09:38:50.346777,-0.004784688995215336,-0.004784688995215336,-0.5,-0.5,104.0,104.5,104.0,104.5,5257.0,1305.0,11241.0,5259.0,False,False
2317,2022-10-27 09:38:50.915679,-0.004784688995215336,-0.004784688995215336,-0.5,-0.5,104.0,104.5,104.0,104.5,5257.0,1305.0,11241.0,5259.0,False,False
2317,2022-10-27 09:38:51.116287,-0.004784688995215336,-0.004784688995215336,-0.5,-0.5,104.0,104.5,104.0,104.5,5257.0,1305.0,11241.0,5259.0,False,False
2317,2022-10-27 09:38:53.334191,-0.004784688995215336,-0.004784688995215336,-0.5,-0.5,104.0,104.5,104.0,104.5,5257.0,1305.0,11241.0,5259.0,False,False
2317,2022-10-27 09:38:54.763820,-0.004784688995215336,-0.004784688995215336,-0.5,-0.5,104.0,104.5,104.0,104.5,5257.0,1303.0,11241.0,5259.0,False,False
2317,2022-10-27 09:38:55.100121,-0.004784688995215336,-0.004784688995215336,-0.5,-0.5,104.0,104.5,104.0,104.5,5257.0,1306.0,11241.0,5259.0,False,False
2317,2022-10-27 09:38:57.447644,-0.004784688995215336,-0.004784688995215336,-0.5,-0.5,104.0,104.5,104.0,104.5,5257.0,1303.0,11241.0,5259.0,False,False
2317,2022-10-27 09:38:57.738598,-0.004784688995215336,-0.004784688995215336,-0.5,-0.5,104.0,104.5,104.0,104.5,5257.0,1303.0,11377.0,5259.0,True,True
2317,2022-10-27 09:38:57.836200,-0.004784688995215336,-0.004784688995215336,-0.5,-0.5,104.0,104.5,104.0,104.5,5257.0,1304.0,11377.0,5259.0,False,False
2317,2022-10-27 09:38:58.371360,-0.004784688995215336,-0.004784688995215336,-0.5,-0.5,104.0,104.5,104.0,104.5,5257.0,1301.0,11377.0,5259.0,False,False
2317,2022-10-27 09:38:58.439135,-0.004784688995215336,-0.004784688995215336,-0.5,-0.5,104.0,104.5,104.0,104.5,5257.0,1301.0,11377.0,5259.0,False,False
2317,2022-10-27 09:38:58.446447,-0.004784688995215336,-0.004784688995215336,-0.5,-0.5,104.0,104.5,104.0,104.5,5257.0,1292.0,11377.0,5259.0,False,False
2317,2022-10-27 09:38:58.466309,-0.004784688995215336,-0.004784688995215336,-0.5,-0.5,104.0,104.5,104.0,104.5,5257.0,1291.0,11377.0,5259.0,False,False
2317,2022-10-27 09:38:58.554780,-0.004784688995215336,-0.004784688995215336,-0.5,-0.5,104.0,104.5,104.0,104.5,5256.0,1291.0,11377.0,5259.0,False,False
2317,2022-10-27 09:38:58.587909,-0.004784688995215336,-0.004784688995215336,-0.5,-0.5,104.0,104.5,104.0,104.5,5256.0,1292.0,11377.0,5259.0,False,False
2317,2022-10-27 09:38:58.684070,-0.004784688995215336,-0.004784688995215336,-0.5,-0.5,104.0,104.5,104.0,104.5,5256.0,1291.0,11377.0,5259.0,False,False
2317,2022-10-27 09:38:58.938460,-0.004784688995215336,-0.004784688995215336,-0.5,-0.5,104.0,104.5,104.0,104.5,5256.0,1292.0,11377.0,5259.0,False,False
2317,2022-10-27 09:38:59.503151,-0.004784688995215336,-0.004784688995215336,-0.5,-0.5,104.0,104.5,104.0,104.5,5256.0,1294.0,11377.0,5259.0,False,False
2317,2022-10-27 09:38:59.529793,-0.004784688995215336,-0.004784688995215336,-0.5,-0.5,104.0,104.5,104.0,104.5,5256.0,1294.0,11377.0,5259.0,False,False
2317,2022-10-27 09:38:59.680741,-0.004784688995215336,-0.004784688995215336,-0.5,-0.5,104.0,104.5,104.0,104.5,5253.0,1295.0,11377.0,5259.0,False,False
2317,2022-10-27 09:38:59.626265,-0.004784688995215336,-0.004784688995215336,-0.5,-0.5,104.0,104.5,104.0,104.5,5256.0,1295.0,11377.0,5259.0,False,False
2317,2022-10-27 09:38:59.756811,-0.004784688995215336,-0.004784688995215336,-0.5,-0.5,104.0,104.5,104.0,104.5,5253.0,1295.0,11377.0,5259.0,False,False
2317,2022-10-27 09:38:59.718971,-0.004784688995215336,-0.004784688995215336,-0.5,-0.5,104.0,104.5,104.0,104.5,5254.0,1295.0,11377.0,5259.0,False,False
2317,2022-10-27 09:38:59.845286,-0.004784688995215336,-0.004784688995215336,-0.5,-0.5,104.0,104.5,104.0,104.5,5253.0,1294.0,11377.0,5259.0,False,False
2317,2022-10-27 09:39:00.542773,-0.004784688995215336,-0.004784688995215336,-0.5,-0.5,104.0,104.5,104.0,104.5,5258.0,1294.0,11377.0,5259.0,False,False
2317,2022-10-27 09:39:00.996294,-0.004784688995215336,-0.004784688995215336,-0.5,-0.5,104.0,104.5,104.0,104.5,5258.0,1289.0,11377.0,5259.0,False,False
2317,2022-10-27 09:39:02.617832,-0.004784688995215336,-0.004784688995215336,-0.5,-0.5,104.0,104.5,104.0,104.5,5258.0,1289.0,11377.0,5259.0,False,False
2317,2022-10-27 09:39:02.953102,-0.004784688995215336,-0.004784688995215336,-0.5,-0.5,104.0,104.5,104.0,104.5,5258.0,1288.0,11377.0,5259.0,False,False
2317,2022-10-27 09:39:03.017868,-0.004784688995215336,-0.004784688995215336,-0.5,-0.5,104.0,104.5,104.0,104.5,5257.0,1288.0,11377.0,5259.0,False,False
2317,2022-10-27 09:39:03.302405,-0.004784688995215336,-0.004784688995215336,-0.5,-0.5,104.0,104.5,104.0,104.5,5257.0,1288.0,11377.0,5259.0,False,False
2317,2022-10-27 09:39:07.526989,-0.004784688995215336,-0.004784688995215336,-0.5,-0.5,104.0,104.5,104.0,104.5,5258.0,1288.0,11377.0,5259.0,False,False
2317,2022-10-27 09:39:07.766644,-0.004784688995215336,-0.004784688995215336,-0.5,-0.5,104.0,104.5,104.0,104.5,5258.0,1288.0,11573.0,5259.0,True,True
2317,2022-10-27 09:39:08.271182,-0.004784688995215336,-0.004784688995215336,-0.5,-0.5,104.0,104.5,104.0,104.5,5258.0,1288.0,11573.0,5259.0,False,False
2317,2022-10-27 09:39:10.003809,-0.004784688995215336,-0.004784688995215336,-0.5,-0.5,104.0,104.5,104.0,104.5,5258.0,1288.0,11573.0,5259.0,False,False
2317,2022-10-27 09:39:10.385461,-0.004784688995215336,-0.004784688995215336,-0.5,-0.5,104.0,104.5,104.0,104.5,5257.0,1288.0,11573.0,5259.0,False,False
2317,2022-10-27 09:39:10.907842,-0.004784688995215336,-0.004784688995215336,-0.5,-0.5,104.0,104.5,104.0,104.5,5257.0,1288.0,11573.0,5259.0,False,False
2317,2022-10-27 09:39:11.141627,-0.004784688995215336,-0.004784688995215336,-0.5,-0.5,104.0,104.5,104.0,104.5,5257.0,1288.0,11573.0,5259.0,False,False
2317,2022-10-27 09:39:12.090133,-0.004784688995215336,-0.004784688995215336,-0.5,-0.5,104.0,104.5,104.0,104.5,5257.0,1288.0,11573.0,5259.0,False,False
2317,2022-10-27 09:39:12.096080,-0.004784688995215336,-0.004784688995215336,-0.5,-0.5,104.0,104.5,104.0,104.5,5257.0,1288.0,11573.0,5259.0,False,False
2317,2022-10-27 09:39:12.315814,-0.004784688995215336,-0.004784688995215336,-0.5,-0.5,104.0,104.5,104.0,104.5,5257.0,1288.0,11573.0,5259.0,False,False
2317,2022-10-27 09:39:14.673538,-0.004784688995215336,-0.004784688995215336,-0.5,-0.5,104.0,104.5,104.0,104.5,5257.0,1289.0,11573.0,5259.0,False,False
2317,2022-10-27 09:39:15.460715,-0.004784688995215336,-0.004784688995215336,-0.5,-0.5,104.0,104.5,104.0,104.5,5257.0,1273.0,11573.0,5259.0,False,False
2317,2022-10-27 09:39:15.546243,-0.004784688995215336,-0.004784688995215336,-0.5,-0.5,104.0,104.5,104.0,104.5,5257.0,1271.0,11573.0,5259.0,False,False
2317,2022-10-27 09:39:16.298571,-0.004784688995215336,-0.004784688995215336,-0.5,-0.5,104.0,104.5,104.0,104.5,5257.0,1270.0,11573.0,5259.0,False,False
2317,2022-10-27 09:39:16.382735,-0.004784688995215336,-0.004784688995215336,-0.5,-0.5,104.0,104.5,104.0,104.5,5255.0,1270.0,11573.0,5259.0,False,False
2317,2022-10-27 09:39:16.457871,-0.004784688995215336,-0.004784688995215336,-0.5,-0.5,104.0,104.5,104.0,104.5,5255.0,1269.0,11573.0,5259.0,False,False
2317,2022-10-27 09:39:16.544559,-0.004784688995215336,-0.004784688995215336,-0.5,-0.5,104.0,104.5,104.0,104.5,5255.0,1269.0,11573.0,5259.0,False,False
2317,2022-10-27 09:39:19.491710,-0.004784688995215336,-0.004784688995215336,-0.5,-0.5,104.0,104.5,104.0,104.5,5255.0,1269.0,11573.0,5259.0,False,False
2317,2022-10-27 09:39:19.891203,-0.004784688995215336,-0.004784688995215336,-0.5,-0.5,104.0,104.5,104.0,104.5,5254.0,1269.0,11573.0,5259.0,False,False
2317,2022-10-27 09:39:19.966558,-0.004784688995215336,-0.004784688995215336,-0.5,-0.5,104.0,104.5,104.0,104.5,5253.0,1269.0,11573.0,5259.0,False,False
2317,2022-10-27 09:39:20.671503,-0.004784688995215336,-0.004784688995215336,-0.5,-0.5,104.0,104.5,104.0,104.5,5253.0,1269.0,11573.0,5259.0,False,False
2317,2022-10-27 09:39:20.898370,-0.004784688995215336,-0.004784688995215336,-0.5,-0.5,104.0,104.5,104.0,104.5,5253.0,1269.0,11573.0,5259.0,False,False
2317,2022-10-27 09:39:21.105765,-0.004784688995215336,-0.004784688995215336,-0.5,-0.5,104.0,104.5,104.0,104.5,5253.0,1269.0,11573.0,5259.0,False,False
2317,2022-10-27 09:39:21.289472,-0.004784688995215336,-0.004784688995215336,-0.5,-0.5,104.0,104.5,104.0,104.5,5253.0,1277.0,11573.0,5259.0,False,False
2317,2022-10-27 09:39:21.451327,-0.004784688995215336,-0.004784688995215336,-0.5,-0.5,104.0,104.5,104.0,104.5,5253.0,1277.0,11573.0,5259.0,False,False
2317,2022-10-27 09:39:21.810808,-0.004784688995215336,-0.004784688995215336,-0.5,-0.5,104.0,104.5,104.0,104.5,5256.0,1277.0,11573.0,5259.0,False,False
2317,2022-10-27 09:39:21.929760,-0.004784688995215336,-0.004784688995215336,-0.5,-0.5,104.0,104.5,104.0,104.5,5252.0,1277.0,11573.0,5259.0,False,False
2317,2022-10-27 09:39:22.000861,-0.004784688995215336,-0.004784688995215336,-0.5,-0.5,104.0,104.5,104.0,104.5,5252.0,1276.0,11573.0,5259.0,False,False
2317,2022-10-27 09:39:24.054160,-0.004784688995215336,-0.004784688995215336,-0.5,-0.5,104.0,104.5,104.0,104.5,5252.0,1276.0,11573.0,5259.0,False,False
2317,2022-10-27 09:39:24.271229,-0.004784688995215336,-0.004784688995215336,-0.5,-0.5,104.0,104.5,104.0,104.5,5252.0,1270.0,11573.0,5259.0,False,False
2317,2022-10-27 09:39:24.352454,-0.004784688995215336,-0.004784688995215336,-0.5,-0.5,104.0,104.5,104.0,104.5,5251.0,1270.0,11573.0,5259.0,False,False
2317,2022-10-27 09:39:24.380297,-0.004784688995215336,-0.004784688995215336,-0.5,-0.5,104.0,104.5,104.0,104.5,5251.0,1272.0,11573.0,5259.0,False,False
2317,2022-10-27 09:39:24.430464,-0.004784688995215336,-0.004784688995215336,-0.5,-0.5,104.0,104.5,104.0,104.5,5251.0,1271.0,11573.0,5259.0,False,False
2317,2022-10-27 09:39:24.533217,-0.004784688995215336,-0.004784688995215336,-0.5,-0.5,104.0,104.5,104.0,104.5,5252.0,1271.0,11573.0,5259.0,False,False
2317,2022-10-27 09:39:24.677293,-0.004784688995215336,-0.004784688995215336,-0.5,-0.5,104.0,104.5,104.0,104.5,5252.0,1271.0,11573.0,5259.0,False,False
2317,2022-10-27 09:39:24.922525,-0.004784688995215336,-0.004784688995215336,-0.5,-0.5,104.0,104.5,104.0,104.5,5252.0,1271.0,11573.0,5259.0,False,False
2317,2022-10-27 09:39:24.944024,-0.004784688995215336,-0.004784688995215336,-0.5,-0.5,104.0,104.5,104.0,104.5,5252.0,1268.0,11573.0,5259.0,False,False
2317,2022-10-27 09:39:24.960808,-0.004784688995215336,-0.004784688995215336,-0.5,-0.5,104.0,104.5,104.0,104.5,5252.0,1268.0,11573.0,5259.0,False,False
2317,2022-10-27 09:39:25.017995,-0.004784688995215336,-0.004784688995215336,-0.5,-0.5,104.0,104.5,104.0,104.5,5251.0,1268.0,11573.0,5259.0,False,False
2317,2022-10-27 09:39:24.960903,-0.004784688995215336,-0.004784688995215336,-0.5,-0.5,104.0,104.5,104.0,104.5,5252.0,1268.0,11573.0,5259.0,False,False
2317,2022-10-27 09:39:25.388050,-0.004784688995215336,-0.004784688995215336,-0.5,-0.5,104.0,104.5,104.0,104.5,5250.0,1268.0,11573.0,5259.0,False,False
2317,2022-10-27 09:39:25.415764,-0.004784688995215336,-0.004784688995215336,-0.5,-0.5,104.0,104.5,104.0,104.5,5250.0,1268.0,11573.0,5259.0,False,False
2317,2022-10-27 09:39:25.937277,-0.004784688995215336,-0.004784688995215336,-0.5,-0.5,104.0,104.5,104.0,104.5,5250.0,1268.0,11573.0,5259.0,False,False
2317,2022-10-27 09:39:26.952481,-0.004784688995215336,-0.004784688995215336,-0.5,-0.5,104.0,104.5,104.0,104.5,5248.0,1268.0,11573.0,5259.0,False,False
2317,2022-10-27 09:39:26.982899,-0.004784688995215336,-0.004784688995215336,-0.5,-0.5,104.0,104.5,104.0,104.5,5248.0,1275.0,11573.0,5259.0,False,False
2317,2022-10-27 09:39:27.029901,-0.004784688995215336,-0.004784688995215336,-0.5,-0.5,104.0,104.5,104.0,104.5,5248.0,1274.0,11573.0,5259.0,False,False
2317,2022-10-27 09:39:27.823150,-0.004784688995215336,-0.004784688995215336,-0.5,-0.5,104.0,104.5,104.0,104.5,5248.0,1274.0,11713.0,5259.0,True,True
2317,2022-10-27 09:39:28.734112,-0.004784688995215336,-0.004784688995215336,-0.5,-0.5,104.0,104.5,104.0,104.5,5247.0,1274.0,11713.0,5259.0,False,False
2317,2022-10-27 09:39:28.736383,-0.004784688995215336,-0.004784688995215336,-0.5,-0.5,104.0,104.5,104.0,104.5,5247.0,1274.0,11713.0,5259.0,False,False
2317,2022-10-27 09:39:28.817718,-0.004784688995215336,-0.004784688995215336,-0.5,-0.5,104.0,104.5,104.0,104.5,5246.0,1274.0,11713.0,5259.0,False,False
2317,2022-10-27 09:39:29.485643,-0.004784688995215336,-0.004784688995215336,-0.5,-0.5,104.0,104.5,104.0,104.5,5246.0,1274.0,11713.0,5259.0,False,False
2317,2022-10-27 09:39:29.652789,-0.004784688995215336,-0.004784688995215336,-0.5,-0.5,104.0,104.5,104.0,104.5,5246.0,1274.0,11713.0,5259.0,False,False
2317,2022-10-27 09:39:31.742336,-0.004784688995215336,-0.004784688995215336,-0.5,-0.5,104.0,104.5,104.0,104.5,5246.0,1274.0,11713.0,5259.0,False,False
2317,2022-10-27 09:39:31.819605,-0.004784688995215336,-0.004784688995215336,-0.5,-0.5,104.0,104.5,104.0,104.5,5247.0,1274.0,11713.0,5259.0,False,False
2317,2022-10-27 09:39:31.905074,-0.004784688995215336,-0.004784688995215336,-0.5,-0.5,104.0,104.5,104.0,104.5,5246.0,1274.0,11713.0,5259.0,False,False
2317,2022-10-27 09:39:31.980952,-0.004784688995215336,-0.004784688995215336,-0.5,-0.5,104.0,104.5,104.0,104.5,5246.0,1274.0,11713.0,5259.0,False,False
2317,2022-10-27 09:39:31.982269,-0.004784688995215336,-0.004784688995215336,-0.5,-0.5,104.0,104.5,104.0,104.5,5246.0,1267.0,11713.0,5259.0,False,False
2317,2022-10-27 09:39:32.069454,-0.004784688995215336,-0.004784688995215336,-0.5,-0.5,104.0,104.5,104.0,104.5,5246.0,1266.0,11713.0,5259.0,False,False
2317,2022-10-27 09:39:32.465818,-0.004784688995215336,-0.004784688995215336,-0.5,-0.5,104.0,104.5,104.0,104.5,5245.0,1266.0,11713.0,5259.0,False,False
2317,2022-10-27 09:39:33.012755,-0.004784688995215336,-0.004784688995215336,-0.5,-0.5,104.0,104.5,104.0,104.5,5245.0,1266.0,11713.0,5259.0,False,False
2317,2022-10-27 09:39:33.110602,-0.004784688995215336,-0.004784688995215336,-0.5,-0.5,104.0,104.5,104.0,104.5,5245.0,1267.0,11713.0,5259.0,False,False
2317,2022-10-27 09:39:34.014619,-0.004784688995215336,-0.004784688995215336,-0.5,-0.5,104.0,104.5,104.0,104.5,5244.0,1267.0,11713.0,5259.0,False,False
2317,2022-10-27 09:39:34.106932,-0.004784688995215336,-0.004784688995215336,-0.5,-0.5,104.0,104.5,104.0,104.5,5243.0,1267.0,11713.0,5259.0,False,False
2317,2022-10-27 09:39:34.564655,-0.004784688995215336,-0.004784688995215336,-0.5,-0.5,104.0,104.5,104.0,104.5,5243.0,1268.0,11713.0,5259.0,False,False
2317,2022-10-27 09:39:35.265816,-0.004784688995215336,-0.004784688995215336,-0.5,-0.5,104.0,104.5,104.0,104.5,5243.0,1268.0,11713.0,5259.0,False,False
2317,2022-10-27 09:39:35.349529,-0.004784688995215336,-0.004784688995215336,-0.5,-0.5,104.0,104.5,104.0,104.5,5242.0,1268.0,11713.0,5259.0,False,False
2317,2022-10-27 09:39:35.417486,-0.004784688995215336,-0.004784688995215336,-0.5,-0.5,104.0,104.5,104.0,104.5,5242.0,1267.0,11713.0,5259.0,False,False
2317,2022-10-27 09:39:37.043974,-0.004784688995215336,-0.004784688995215336,-0.5,-0.5,104.0,104.5,104.0,104.5,5242.0,1267.0,11713.0,5259.0,False,False
2317,2022-10-27 09:39:37.737267,-0.004784688995215336,-0.004784688995215336,-0.5,-0.5,104.0,104.5,104.0,104.5,5242.0,1264.0,11713.0,5259.0,False,False
2317,2022-10-27 09:39:37.813261,-0.004784688995215336,-0.004784688995215336,-0.5,-0.5,104.0,104.5,104.0,104.5,5241.0,1264.0,11713.0,5259.0,False,False
2317,2022-10-27 09:39:37.835964,-0.004784688995215336,-0.004784688995215336,-0.5,-0.5,104.0,104.5,104.0,104.5,5240.0,1264.0,11713.0,5259.0,False,False
2317,2022-10-27 09:39:37.850896,-0.004784688995215336,-0.004784688995215336,-0.5,-0.5,104.0,104.5,104.0,104.5,5240.0,1264.0,11913.0,5509.0,True,True
2317,2022-10-27 09:39:38.050842,-0.004784688995215336,-0.004784688995215336,-0.5,-0.5,104.0,104.5,104.0,104.5,5239.0,1264.0,11913.0,5509.0,False,False
2317,2022-10-27 09:39:38.719625,-0.004784688995215336,-0.004784688995215336,-0.5,-0.5,104.0,104.5,104.0,104.5,5239.0,1264.0,11913.0,5509.0,False,False
2317,2022-10-27 09:39:38.742960,-0.004784688995215336,-0.004784688995215336,-0.5,-0.5,104.0,104.5,104.0,104.5,5239.0,1271.0,11913.0,5509.0,False,False
2317,2022-10-27 09:39:40.338541,-0.004784688995215336,-0.004784688995215336,-0.5,-0.5,104.0,104.5,104.0,104.5,5240.0,1271.0,11913.0,5509.0,False,False
2317,2022-10-27 09:39:40.769177,-0.004784688995215336,-0.004784688995215336,-0.5,-0.5,104.0,104.5,104.0,104.5,5240.0,1271.0,11913.0,5509.0,False,False
2317,2022-10-27 09:39:40.868926,-0.004784688995215336,-0.004784688995215336,-0.5,-0.5,104.0,104.5,104.0,104.5,5240.0,1271.0,11913.0,5509.0,False,False
2317,2022-10-27 09:39:40.974180,-0.004784688995215336,-0.004784688995215336,-0.5,-0.5,104.0,104.5,104.0,104.5,5240.0,1271.0,11913.0,5509.0,False,False
2317,2022-10-27 09:39:41.088351,-0.004784688995215336,-0.004784688995215336,-0.5,-0.5,104.0,104.5,104.0,104.5,5240.0,1272.0,11913.0,5509.0,False,False
2317,2022-10-27 09:39:42.195103,-0.004784688995215336,-0.004784688995215336,-0.5,-0.5,104.0,104.5,104.0,104.5,5241.0,1272.0,11913.0,5509.0,False,False
2317,2022-10-27 09:39:42.348864,-0.004784688995215336,-0.004784688995215336,-0.5,-0.5,104.0,104.5,104.0,104.5,5241.0,1273.0,11913.0,5509.0,False,False
2317,2022-10-27 09:39:42.507765,-0.004784688995215336,-0.004784688995215336,-0.5,-0.5,104.0,104.5,104.0,104.5,5241.0,1273.0,11913.0,5509.0,False,False
2317,2022-10-27 09:39:42.935345,-0.004784688995215336,-0.004784688995215336,-0.5,-0.5,104.0,104.5,104.0,104.5,5241.0,1272.0,11913.0,5509.0,False,False
2317,2022-10-27 09:39:42.995648,-0.004784688995215336,-0.004784688995215336,-0.5,-0.5,104.0,104.5,104.0,104.5,5243.0,1272.0,11913.0,5509.0,False,False
2317,2022-10-27 09:39:43.027826,-0.004784688995215336,-0.004784688995215336,-0.5,-0.5,104.0,104.5,104.0,104.5,5243.0,1271.0,11913.0,5509.0,False,False
2317,2022-10-27 09:39:43.111616,-0.004784688995215336,-0.004784688995215336,-0.5,-0.5,104.0,104.5,104.0,104.5,5243.0,1271.0,11913.0,5509.0,False,False
2317,2022-10-27 09:39:43.320479,-0.004784688995215336,-0.004784688995215336,-0.5,-0.5,104.0,104.5,104.0,104.5,5242.0,1271.0,11913.0,5509.0,False,False
2317,2022-10-27 09:39:43.415300,-0.004784688995215336,-0.004784688995215336,-0.5,-0.5,104.0,104.5,104.0,104.5,5241.0,1271.0,11913.0,5509.0,False,False
2317,2022-10-27 09:39:44.117627,-0.004784688995215336,-0.004784688995215336,-0.5,-0.5,104.0,104.5,104.0,104.5,5240.0,1271.0,11913.0,5509.0,False,False
2317,2022-10-27 09:39:44.227644,-0.004784688995215336,-0.004784688995215336,-0.5,-0.5,104.0,104.5,104.0,104.5,5239.0,1271.0,11913.0,5509.0,False,False
2317,2022-10-27 09:39:44.229628,-0.004784688995215336,-0.004784688995215336,-0.5,-0.5,104.0,104.5,104.0,104.5,5239.0,1271.0,11913.0,5509.0,False,False
2317,2022-10-27 09:39:45.321794,-0.004784688995215336,-0.004784688995215336,-0.5,-0.5,104.0,104.5,104.0,104.5,5239.0,1276.0,11913.0,5509.0,False,False
2317,2022-10-27 09:39:46.218285,-0.004784688995215336,-0.004784688995215336,-0.5,-0.5,104.0,104.5,104.0,104.5,5239.0,1275.0,11913.0,5509.0,False,False
2317,2022-10-27 09:39:46.569391,-0.004784688995215336,-0.004784688995215336,-0.5,-0.5,104.0,104.5,104.0,104.5,5238.0,1275.0,11913.0,5509.0,False,False
2317,2022-10-27 09:39:46.841362,-0.004784688995215336,-0.004784688995215336,-0.5,-0.5,104.0,104.5,104.0,104.5,5238.0,1275.0,11913.0,5509.0,False,False
2317,2022-10-27 09:39:47.881191,-0.004784688995215336,-0.004784688995215336,-0.5,-0.5,104.0,104.5,104.0,104.5,5238.0,1275.0,11913.0,5509.0,True,True
2317,2022-10-27 09:39:48.339541,-0.004784688995215336,-0.004784688995215336,-0.5,-0.5,104.0,104.5,104.0,104.5,5238.0,1272.0,11913.0,5509.0,False,False
2317,2022-10-27 09:39:48.415386,-0.004784688995215336,-0.004784688995215336,-0.5,-0.5,104.0,104.5,104.0,104.5,5238.0,1271.0,11913.0,5509.0,False,False
2317,2022-10-27 09:39:48.764945,-0.004784688995215336,-0.004784688995215336,-0.5,-0.5,104.0,104.5,104.0,104.5,5238.0,1271.0,11913.0,5509.0,False,False
2317,2022-10-27 09:39:49.114945,-0.004784688995215336,-0.004784688995215336,-0.5,-0.5,104.0,104.5,104.0,104.5,5238.0,1271.0,11913.0,5509.0,False,False
2317,2022-10-27 09:39:49.659294,-0.004784688995215336,-0.004784688995215336,-0.5,-0.5,104.0,104.5,104.0,104.5,5238.0,1267.0,11913.0,5509.0,False,False
2317,2022-10-27 09:39:49.753972,-0.004784688995215336,-0.004784688995215336,-0.5,-0.5,104.0,104.5,104.0,104.5,5237.0,1267.0,11913.0,5509.0,False,False
2317,2022-10-27 09:39:49.821407,-0.004784688995215336,-0.004784688995215336,-0.5,-0.5,104.0,104.5,104.0,104.5,5237.0,1266.0,11913.0,5509.0,False,False
2317,2022-10-27 09:39:51.959496,-0.004784688995215336,-0.004784688995215336,-0.5,-0.5,104.0,104.5,104.0,104.5,5237.0,1266.0,11913.0,5509.0,False,False
2317,2022-10-27 09:39:54.064215,-0.004784688995215336,-0.004784688995215336,-0.5,-0.5,104.0,104.5,104.0,104.5,5237.0,1266.0,11913.0,5509.0,False,False
2317,2022-10-27 09:39:54.696575,-0.004784688995215336,-0.004784688995215336,-0.5,-0.5,104.0,104.5,104.0,104.5,5238.0,1266.0,11913.0,5509.0,False,False
2317,2022-10-27 09:39:56.009362,-0.004784688995215336,-0.004784688995215336,-0.5,-0.5,104.0,104.5,104.0,104.5,5238.0,1262.0,11913.0,5509.0,False,False
