symbol,datetime,NaOb_r,NbOa_r,NaOb_s,NbOa_s,bid1,ask1,odd_bid1,odd_ask1,bidQty1,askQty1,odd_bidQty1,odd_askQty1,simulate,triggerbyOdd
2330,2022-10-27 09:34:01.663357,-0.0012970168612191912,-0.0012970168612191912,-0.5,-0.5,385.0,385.5,385.0,385.5,29.0,803.0,9249.0,6800.0,False,True
2330,2022-10-27 09:34:02.477703,-0.0012970168612191912,-0.0012970168612191912,-0.5,-0.5,385.0,385.5,385.0,385.5,29.0,803.0,9249.0,6800.0,False,False
2330,2022-10-27 09:34:03.011978,-0.0012970168612191912,-0.0012970168612191912,-0.5,-0.5,385.0,385.5,385.0,385.5,29.0,803.0,9249.0,6800.0,False,False
2330,2022-10-27 09:34:03.135441,-0.0012970168612191912,-0.0012970168612191912,-0.5,-0.5,385.0,385.5,385.0,385.5,28.0,803.0,9249.0,6800.0,False,False
2330,2022-10-27 09:34:03.350147,-0.0012970168612191912,-0.0012970168612191912,-0.5,-0.5,385.0,385.5,385.0,385.5,27.0,803.0,9249.0,6800.0,False,False
2330,2022-10-27 09:34:03.548215,-0.0012970168612191912,-0.0012970168612191912,-0.5,-0.5,385.0,385.5,385.0,385.5,27.0,803.0,9249.0,6800.0,False,False
2330,2022-10-27 09:34:03.679648,-0.0012970168612191912,-0.0012970168612191912,-0.5,-0.5,385.0,385.5,385.0,385.5,27.0,803.0,9249.0,6800.0,False,False
2330,2022-10-27 09:34:03.781194,-0.0012970168612191912,-0.0012970168612191912,-0.5,-0.5,385.0,385.5,385.0,385.5,27.0,803.0,9249.0,6800.0,False,False
2330,2022-10-27 09:34:04.149386,-0.0012970168612191912,-0.0012970168612191912,-0.5,-0.5,385.0,385.5,385.0,385.5,26.0,803.0,9249.0,6800.0,False,False
2330,2022-10-27 09:34:04.790206,-0.0012970168612191912,-0.0012970168612191912,-0.5,-0.5,385.0,385.5,385.0,385.5,94.0,803.0,9249.0,6800.0,False,False
2330,2022-10-27 09:34:05.412639,-0.0012970168612191912,-0.0012970168612191912,-0.5,-0.5,385.0,385.5,385.0,385.5,94.0,803.0,9249.0,6800.0,False,False
2330,2022-10-27 09:34:05.435910,-0.0012970168612191912,-0.0012970168612191912,-0.5,-0.5,385.0,385.5,385.0,385.5,94.0,803.0,9249.0,6800.0,False,False
2330,2022-10-27 09:34:05.722087,-0.0012970168612191912,-0.0012970168612191912,-0.5,-0.5,385.0,385.5,385.0,385.5,89.0,803.0,9249.0,6800.0,False,False
2330,2022-10-27 09:34:05.735809,-0.0012970168612191912,-0.0012970168612191912,-0.5,-0.5,385.0,385.5,385.0,385.5,89.0,803.0,9249.0,6800.0,False,False
2330,2022-10-27 09:34:06.193146,-0.0012970168612191912,-0.0012970168612191912,-0.5,-0.5,385.0,385.5,385.0,385.5,88.0,803.0,9249.0,6800.0,False,False
2330,2022-10-27 09:34:07.155221,-0.0012970168612191912,-0.0012970168612191912,-0.5,-0.5,385.0,385.5,385.0,385.5,89.0,803.0,9249.0,6800.0,False,False
2330,2022-10-27 09:34:07.318567,-0.0012970168612191912,-0.0012970168612191912,-0.5,-0.5,385.0,385.5,385.0,385.5,89.0,803.0,9249.0,6800.0,False,False
2330,2022-10-27 09:34:07.319690,-0.0012970168612191912,-0.0012970168612191912,-0.5,-0.5,385.0,385.5,385.0,385.5,89.0,804.0,9249.0,6800.0,False,False
2330,2022-10-27 09:34:07.408087,-0.0012970168612191912,-0.0012970168612191912,-0.5,-0.5,385.0,385.5,385.0,385.5,90.0,804.0,9249.0,6800.0,False,False
2330,2022-10-27 09:34:07.678015,-0.0012970168612191912,-0.0012970168612191912,-0.5,-0.5,385.0,385.5,385.0,385.5,90.0,804.0,9249.0,6800.0,False,False
2330,2022-10-27 09:34:07.770146,-0.0012970168612191912,-0.0012970168612191912,-0.5,-0.5,385.0,385.5,385.0,385.5,89.0,804.0,9249.0,6800.0,False,False
2330,2022-10-27 09:34:07.958637,-0.0012970168612191912,-0.0012970168612191912,-0.5,-0.5,385.0,385.5,385.0,385.5,96.0,804.0,9249.0,6800.0,False,False
2330,2022-10-27 09:34:08.509075,-0.0012970168612191912,-0.0012970168612191912,-0.5,-0.5,385.0,385.5,385.0,385.5,99.0,804.0,9249.0,6800.0,False,False
2330,2022-10-27 09:34:08.747860,-0.0012970168612191912,-0.0012970168612191912,-0.5,-0.5,385.0,385.5,385.0,385.5,98.0,804.0,9249.0,6800.0,False,False
2330,2022-10-27 09:34:09.765941,-0.0012970168612191912,-0.0012970168612191912,-0.5,-0.5,385.0,385.5,385.0,385.5,98.0,804.0,9249.0,6800.0,False,False
2330,2022-10-27 09:34:10.184037,-0.0012970168612191912,-0.0012970168612191912,-0.5,-0.5,385.0,385.5,385.0,385.5,97.0,804.0,9249.0,6800.0,False,False
2330,2022-10-27 09:34:10.254625,-0.0012970168612191912,-0.0012970168612191912,-0.5,-0.5,385.0,385.5,385.0,385.5,97.0,804.0,9249.0,6800.0,False,False
2330,2022-10-27 09:34:10.415539,-0.0012970168612191912,-0.0012970168612191912,-0.5,-0.5,385.0,385.5,385.0,385.5,97.0,804.0,9249.0,6800.0,False,False
2330,2022-10-27 09:34:10.580015,-0.0012970168612191912,-0.0012970168612191912,-0.5,-0.5,385.0,385.5,385.0,385.5,97.0,804.0,9249.0,6800.0,False,False
2330,2022-10-27 09:34:10.761124,-0.0012970168612191912,-0.0012970168612191912,-0.5,-0.5,385.0,385.5,385.0,385.5,98.0,804.0,9249.0,6800.0,False,False
2330,2022-10-27 09:34:10.844153,-0.0012970168612191912,-0.0012970168612191912,-0.5,-0.5,385.0,385.5,385.0,385.5,98.0,804.0,9249.0,6800.0,False,False
2330,2022-10-27 09:34:11.276202,-0.0012970168612191912,-0.0012970168612191912,-0.5,-0.5,385.0,385.5,385.0,385.5,95.0,804.0,9249.0,6800.0,False,False
2330,2022-10-27 09:34:11.404756,-0.0012970168612191912,-0.0012970168612191912,-0.5,-0.5,385.0,385.5,385.0,385.5,98.0,804.0,9249.0,6800.0,False,False
2330,2022-10-27 09:34:11.636162,-0.0012970168612191912,-0.0012970168612191912,-0.5,-0.5,385.0,385.5,385.0,385.5,98.0,804.0,9249.0,6800.0,False,False
2330,2022-10-27 09:34:11.701015,-0.0012970168612191912,-0.0012970168612191912,-0.5,-0.5,385.0,385.5,385.0,385.5,123.0,804.0,9249.0,6800.0,False,False
2330,2022-10-27 09:34:11.700786,-0.0012970168612191912,-0.0012970168612191912,-0.5,-0.5,385.0,385.5,385.0,385.5,124.0,804.0,9249.0,6800.0,False,False
2330,2022-10-27 09:34:11.710579,-0.0012970168612191912,-0.0012970168612191912,-0.5,-0.5,385.0,385.5,385.0,385.5,124.0,804.0,8296.0,7051.0,True,True
2330,2022-10-27 09:34:12.778875,-0.0012970168612191912,-0.0012970168612191912,-0.5,-0.5,385.0,385.5,385.0,385.5,123.0,804.0,8296.0,7051.0,False,False
2330,2022-10-27 09:34:12.863128,-0.0012970168612191912,-0.0012970168612191912,-0.5,-0.5,385.0,385.5,385.0,385.5,123.0,804.0,8296.0,7051.0,False,False
2330,2022-10-27 09:34:13.157747,-0.0012970168612191912,-0.0012970168612191912,-0.5,-0.5,385.0,385.5,385.0,385.5,125.0,804.0,8296.0,7051.0,False,False
2330,2022-10-27 09:34:13.869979,-0.0012970168612191912,-0.0012970168612191912,-0.5,-0.5,385.0,385.5,385.0,385.5,125.0,804.0,8296.0,7051.0,False,False
2330,2022-10-27 09:34:14.360164,-0.0012970168612191912,-0.0012970168612191912,-0.5,-0.5,385.0,385.5,385.0,385.5,126.0,804.0,8296.0,7051.0,False,False
2330,2022-10-27 09:34:14.417343,-0.0012970168612191912,-0.0012970168612191912,-0.5,-0.5,385.0,385.5,385.0,385.5,126.0,804.0,8296.0,7051.0,False,False
2330,2022-10-27 09:34:15.020738,-0.0012970168612191912,-0.0012970168612191912,-0.5,-0.5,385.0,385.5,385.0,385.5,130.0,804.0,8296.0,7051.0,False,False
2330,2022-10-27 09:34:15.372703,-0.0012970168612191912,-0.0012970168612191912,-0.5,-0.5,385.0,385.5,385.0,385.5,130.0,804.0,8296.0,7051.0,False,False
2330,2022-10-27 09:34:16.114804,-0.0012970168612191912,-0.0012970168612191912,-0.5,-0.5,385.0,385.5,385.0,385.5,130.0,804.0,8296.0,7051.0,False,False
2330,2022-10-27 09:34:16.165727,-0.0012970168612191912,-0.0012970168612191912,-0.5,-0.5,385.0,385.5,385.0,385.5,131.0,804.0,8296.0,7051.0,False,False
2330,2022-10-27 09:34:16.308025,-0.0012970168612191912,-0.0012970168612191912,-0.5,-0.5,385.0,385.5,385.0,385.5,131.0,804.0,8296.0,7051.0,False,False
2330,2022-10-27 09:34:16.415586,-0.0012970168612191912,-0.0012970168612191912,-0.5,-0.5,385.0,385.5,385.0,385.5,131.0,802.0,8296.0,7051.0,False,False
2330,2022-10-27 09:34:16.417522,-0.0012970168612191912,-0.0012970168612191912,-0.5,-0.5,385.0,385.5,385.0,385.5,131.0,802.0,8296.0,7051.0,False,False
2330,2022-10-27 09:34:16.571429,-0.0012970168612191912,-0.0012970168612191912,-0.5,-0.5,385.0,385.5,385.0,385.5,131.0,802.0,8296.0,7051.0,False,False
2330,2022-10-27 09:34:16.687905,-0.0012970168612191912,-0.0012970168612191912,-0.5,-0.5,385.0,385.5,385.0,385.5,131.0,802.0,8296.0,7051.0,False,False
2330,2022-10-27 09:34:16.689967,-0.0012970168612191912,-0.0012970168612191912,-0.5,-0.5,385.0,385.5,385.0,385.5,131.0,802.0,8296.0,7051.0,False,False
2330,2022-10-27 09:34:16.869826,-0.0012970168612191912,-0.0012970168612191912,-0.5,-0.5,385.0,385.5,385.0,385.5,131.0,804.0,8296.0,7051.0,False,False
2330,2022-10-27 09:34:17.172297,-0.0012970168612191912,-0.0012970168612191912,-0.5,-0.5,385.0,385.5,385.0,385.5,136.0,804.0,8296.0,7051.0,False,False
2330,2022-10-27 09:34:17.182289,-0.0012970168612191912,-0.0012970168612191912,-0.5,-0.5,385.0,385.5,385.0,385.5,136.0,802.0,8296.0,7051.0,False,False
2330,2022-10-27 09:34:17.191060,-0.0012970168612191912,-0.0012970168612191912,-0.5,-0.5,385.0,385.5,385.0,385.5,136.0,802.0,8296.0,7051.0,False,False
2330,2022-10-27 09:34:17.323562,-0.0012970168612191912,-0.0012970168612191912,-0.5,-0.5,385.0,385.5,385.0,385.5,136.0,802.0,8296.0,7051.0,False,False
2330,2022-10-27 09:34:17.423904,-0.0012970168612191912,-0.0012970168612191912,-0.5,-0.5,385.0,385.5,385.0,385.5,136.0,802.0,8296.0,7051.0,False,False
2330,2022-10-27 09:34:17.524216,-0.0012970168612191912,-0.0012970168612191912,-0.5,-0.5,385.0,385.5,385.0,385.5,136.0,802.0,8296.0,7051.0,False,False
2330,2022-10-27 09:34:17.812287,-0.0012970168612191912,-0.0012970168612191912,-0.5,-0.5,385.0,385.5,385.0,385.5,136.0,800.0,8296.0,7051.0,False,False
2330,2022-10-27 09:34:17.820818,-0.0012970168612191912,-0.0012970168612191912,-0.5,-0.5,385.0,385.5,385.0,385.5,136.0,800.0,8296.0,7051.0,False,False
2330,2022-10-27 09:34:17.925360,-0.0012970168612191912,-0.0012970168612191912,-0.5,-0.5,385.0,385.5,385.0,385.5,136.0,800.0,8296.0,7051.0,False,False
2330,2022-10-27 09:34:18.062172,-0.0012970168612191912,-0.0012970168612191912,-0.5,-0.5,385.0,385.5,385.0,385.5,133.0,800.0,8296.0,7051.0,False,False
2330,2022-10-27 09:34:18.047936,-0.0012970168612191912,-0.0012970168612191912,-0.5,-0.5,385.0,385.5,385.0,385.5,136.0,800.0,8296.0,7051.0,False,False
2330,2022-10-27 09:34:18.186854,-0.0012970168612191912,-0.0012970168612191912,-0.5,-0.5,385.0,385.5,385.0,385.5,133.0,800.0,8296.0,7051.0,False,False
2330,2022-10-27 09:34:18.256159,-0.0012970168612191912,-0.0012970168612191912,-0.5,-0.5,385.0,385.5,385.0,385.5,133.0,800.0,8296.0,7051.0,False,False
2330,2022-10-27 09:34:18.466275,-0.0012970168612191912,-0.0012970168612191912,-0.5,-0.5,385.0,385.5,385.0,385.5,133.0,800.0,8296.0,7051.0,False,False
2330,2022-10-27 09:34:18.577276,-0.0012970168612191912,-0.0012970168612191912,-0.5,-0.5,385.0,385.5,385.0,385.5,133.0,800.0,8296.0,7051.0,False,False
2330,2022-10-27 09:34:18.686542,-0.0012970168612191912,-0.0012970168612191912,-0.5,-0.5,385.0,385.5,385.0,385.5,133.0,800.0,8296.0,7051.0,False,False
2330,2022-10-27 09:34:18.815371,-0.0012970168612191912,-0.0012970168612191912,-0.5,-0.5,385.0,385.5,385.0,385.5,166.0,800.0,8296.0,7051.0,False,False
2330,2022-10-27 09:34:18.984144,-0.0012970168612191912,-0.0012970168612191912,-0.5,-0.5,385.0,385.5,385.0,385.5,166.0,800.0,8296.0,7051.0,False,False
2330,2022-10-27 09:34:19.003825,-0.0012970168612191912,-0.0012970168612191912,-0.5,-0.5,385.0,385.5,385.0,385.5,166.0,798.0,8296.0,7051.0,False,False
2330,2022-10-27 09:34:19.040067,-0.0012970168612191912,-0.0012970168612191912,-0.5,-0.5,385.0,385.5,385.0,385.5,166.0,743.0,8296.0,7051.0,False,False
2330,2022-10-27 09:34:19.071538,-0.0012970168612191912,-0.0012970168612191912,-0.5,-0.5,385.0,385.5,385.0,385.5,166.0,720.0,8296.0,7051.0,False,False
2330,2022-10-27 09:34:19.028613,-0.0012970168612191912,-0.0012970168612191912,-0.5,-0.5,385.0,385.5,385.0,385.5,166.0,798.0,8296.0,7051.0,False,False
2330,2022-10-27 09:34:19.128641,-0.0012970168612191912,-0.0012970168612191912,-0.5,-0.5,385.0,385.5,385.0,385.5,166.0,720.0,8296.0,7051.0,False,False
2330,2022-10-27 09:34:19.169961,-0.0012970168612191912,-0.0012970168612191912,-0.5,-0.5,385.0,385.5,385.0,385.5,164.0,718.0,8296.0,7051.0,False,False
2330,2022-10-27 09:34:19.190831,-0.0012970168612191912,-0.0012970168612191912,-0.5,-0.5,385.0,385.5,385.0,385.5,164.0,718.0,8296.0,7051.0,False,False
2330,2022-10-27 09:34:19.309304,-0.0012970168612191912,-0.0012970168612191912,-0.5,-0.5,385.0,385.5,385.0,385.5,164.0,716.0,8296.0,7051.0,False,False
2330,2022-10-27 09:34:19.531341,-0.0012970168612191912,-0.0012970168612191912,-0.5,-0.5,385.0,385.5,385.0,385.5,164.0,566.0,8296.0,7051.0,False,False
2330,2022-10-27 09:34:19.570516,-0.0012970168612191912,-0.0012970168612191912,-0.5,-0.5,385.0,385.5,385.0,385.5,164.0,360.0,8296.0,7051.0,False,False
2330,2022-10-27 09:34:19.531824,-0.0012970168612191912,-0.0012970168612191912,-0.5,-0.5,385.0,385.5,385.0,385.5,164.0,366.0,8296.0,7051.0,False,False
2330,2022-10-27 09:34:19.570559,-0.0012970168612191912,-0.0012970168612191912,-0.5,-0.5,385.0,385.5,385.0,385.5,164.0,102.0,8296.0,7051.0,False,False
2330,2022-10-27 09:34:19.606951,-0.0012970168612191912,-0.0012970168612191912,-0.5,-0.5,385.0,385.5,385.0,385.5,164.0,95.0,8296.0,7051.0,False,False
2330,2022-10-27 09:34:19.606993,-0.002590673575129543,-0.0012970168612191912,-1.0,-0.5,385.0,386.0,385.0,385.5,164.0,282.0,8296.0,7051.0,False,False
2330,2022-10-27 09:34:19.677661,-0.002590673575129543,-0.0012970168612191912,-1.0,-0.5,385.0,386.0,385.0,385.5,249.0,264.0,8296.0,7051.0,False,False
2330,2022-10-27 09:34:19.813591,-0.002590673575129543,-0.0012970168612191912,-1.0,-0.5,385.0,386.0,385.0,385.5,249.0,264.0,8296.0,7051.0,False,False
2330,2022-10-27 09:34:19.885661,-0.002590673575129543,-0.0012970168612191912,-1.0,-0.5,385.0,386.0,385.0,385.5,249.0,261.0,8296.0,7051.0,False,False
2330,2022-10-27 09:34:19.921482,-0.002590673575129543,-0.0012970168612191912,-1.0,-0.5,385.0,386.0,385.0,385.5,249.0,261.0,8296.0,7051.0,False,False
2330,2022-10-27 09:34:20.012041,-0.002590673575129543,-0.0012970168612191912,-1.0,-0.5,385.0,386.0,385.0,385.5,248.0,261.0,8296.0,7051.0,False,False
2330,2022-10-27 09:34:20.069196,-0.002590673575129543,-0.0012970168612191912,-1.0,-0.5,385.0,386.0,385.0,385.5,313.0,222.0,8296.0,7051.0,False,False
2330,2022-10-27 09:34:20.141561,-0.002590673575129543,-0.0012970168612191912,-1.0,-0.5,385.0,386.0,385.0,385.5,323.0,214.0,8296.0,7051.0,False,False
2330,2022-10-27 09:34:20.369329,-0.002590673575129543,-0.0012970168612191912,-1.0,-0.5,385.0,386.0,385.0,385.5,322.0,214.0,8296.0,7051.0,False,False
2330,2022-10-27 09:34:20.395390,-0.002590673575129543,0.0,-1.0,0.0,385.5,386.0,385.0,385.5,1.0,214.0,8296.0,7051.0,False,False
2330,2022-10-27 09:34:20.445577,-0.002590673575129543,0.0,-1.0,0.0,385.5,386.0,385.0,385.5,1.0,214.0,8296.0,7051.0,False,False
2330,2022-10-27 09:34:20.541914,-0.002590673575129543,0.0,-1.0,0.0,385.5,386.0,385.0,385.5,3.0,214.0,8296.0,7051.0,False,False
2330,2022-10-27 09:34:20.608673,-0.002590673575129543,0.0,-1.0,0.0,385.5,386.0,385.0,385.5,2.0,214.0,8296.0,7051.0,False,False
2330,2022-10-27 09:34:20.683818,-0.002590673575129543,0.0,-1.0,0.0,385.5,386.0,385.0,385.5,96.0,214.0,8296.0,7051.0,False,False
2330,2022-10-27 09:34:20.771727,-0.002590673575129543,0.0,-1.0,0.0,385.5,386.0,385.0,385.5,96.0,210.0,8296.0,7051.0,False,False
2330,2022-10-27 09:34:20.917285,-0.002590673575129543,0.0,-1.0,0.0,385.5,386.0,385.0,385.5,96.0,210.0,8296.0,7051.0,False,False
2330,2022-10-27 09:34:21.025020,-0.002590673575129543,0.0,-1.0,0.0,385.5,386.0,385.0,385.5,100.0,212.0,8296.0,7051.0,False,False
2330,2022-10-27 09:34:21.301463,-0.002590673575129543,0.0,-1.0,0.0,385.5,386.0,385.0,385.5,100.0,212.0,8296.0,7051.0,False,False
2330,2022-10-27 09:34:21.766458,-0.002590673575129543,0.0,-1.0,0.0,385.5,386.0,385.0,385.5,100.0,212.0,8296.0,7051.0,False,False
2330,2022-10-27 09:34:21.763195,-0.002590673575129543,0.0,-1.0,0.0,385.5,386.0,385.0,385.5,100.0,212.0,8530.0,7256.0,True,True
2330,2022-10-27 09:34:22.564155,-0.002590673575129543,0.0,-1.0,0.0,385.5,386.0,385.0,385.5,100.0,212.0,8530.0,7256.0,False,False
2330,2022-10-27 09:34:22.689455,-0.002590673575129543,0.0,-1.0,0.0,385.5,386.0,385.0,385.5,100.0,212.0,8530.0,7256.0,False,False
2330,2022-10-27 09:34:23.015016,-0.002590673575129543,0.0,-1.0,0.0,385.5,386.0,385.0,385.5,98.0,212.0,8530.0,7256.0,False,False
2330,2022-10-27 09:34:23.110699,-0.002590673575129543,0.0,-1.0,0.0,385.5,386.0,385.0,385.5,98.0,202.0,8530.0,7256.0,False,False
2330,2022-10-27 09:34:23.286737,-0.002590673575129543,0.0,-1.0,0.0,385.5,386.0,385.0,385.5,98.0,202.0,8530.0,7256.0,False,False
2330,2022-10-27 09:34:23.769069,-0.002590673575129543,0.0,-1.0,0.0,385.5,386.0,385.0,385.5,98.0,190.0,8530.0,7256.0,False,False
2330,2022-10-27 09:34:23.810813,-0.002590673575129543,0.0,-1.0,0.0,385.5,386.0,385.0,385.5,98.0,189.0,8530.0,7256.0,False,False
2330,2022-10-27 09:34:23.881187,-0.002590673575129543,0.0,-1.0,0.0,385.5,386.0,385.0,385.5,99.0,189.0,8530.0,7256.0,False,False
2330,2022-10-27 09:34:23.910425,-0.002590673575129543,0.0,-1.0,0.0,385.5,386.0,385.0,385.5,99.0,189.0,8530.0,7256.0,False,False
2330,2022-10-27 09:34:24.022143,-0.002590673575129543,0.0,-1.0,0.0,385.5,386.0,385.0,385.5,99.0,190.0,8530.0,7256.0,False,False
2330,2022-10-27 09:34:24.671079,-0.002590673575129543,0.0,-1.0,0.0,385.5,386.0,385.0,385.5,99.0,191.0,8530.0,7256.0,False,False
2330,2022-10-27 09:34:24.682251,-0.002590673575129543,0.0,-1.0,0.0,385.5,386.0,385.0,385.5,73.0,191.0,8530.0,7256.0,False,False
2330,2022-10-27 09:34:24.926509,-0.002590673575129543,0.0,-1.0,0.0,385.5,386.0,385.0,385.5,73.0,191.0,8530.0,7256.0,False,False
2330,2022-10-27 09:34:25.067242,-0.002590673575129543,0.0,-1.0,0.0,385.5,386.0,385.0,385.5,73.0,191.0,8530.0,7256.0,False,False
2330,2022-10-27 09:34:25.229197,-0.002590673575129543,0.0,-1.0,0.0,385.5,386.0,385.0,385.5,73.0,189.0,8530.0,7256.0,False,False
2330,2022-10-27 09:34:25.605137,-0.002590673575129543,0.0,-1.0,0.0,385.5,386.0,385.0,385.5,72.0,189.0,8530.0,7256.0,False,False
2330,2022-10-27 09:34:25.855643,-0.002590673575129543,0.0,-1.0,0.0,385.5,386.0,385.0,385.5,72.0,189.0,8530.0,7256.0,False,False
2330,2022-10-27 09:34:25.994885,-0.002590673575129543,0.0,-1.0,0.0,385.5,386.0,385.0,385.5,72.0,190.0,8530.0,7256.0,False,False
2330,2022-10-27 09:34:26.131402,-0.002590673575129543,0.0,-1.0,0.0,385.5,386.0,385.0,385.5,72.0,190.0,8530.0,7256.0,False,False
2330,2022-10-27 09:34:26.138139,-0.002590673575129543,0.0,-1.0,0.0,385.5,386.0,385.0,385.5,133.0,190.0,8530.0,7256.0,False,False
2330,2022-10-27 09:34:26.227185,-0.002590673575129543,0.0,-1.0,0.0,385.5,386.0,385.0,385.5,133.0,196.0,8530.0,7256.0,False,False
2330,2022-10-27 09:34:26.578719,-0.002590673575129543,0.0,-1.0,0.0,385.5,386.0,385.0,385.5,133.0,196.0,8530.0,7256.0,False,False
2330,2022-10-27 09:34:26.774918,-0.002590673575129543,0.0,-1.0,0.0,385.5,386.0,385.0,385.5,133.0,196.0,8530.0,7256.0,False,False
2330,2022-10-27 09:34:26.935628,-0.002590673575129543,0.0,-1.0,0.0,385.5,386.0,385.0,385.5,133.0,197.0,8530.0,7256.0,False,False
2330,2022-10-27 09:34:27.051691,-0.002590673575129543,0.0,-1.0,0.0,385.5,386.0,385.0,385.5,133.0,197.0,8530.0,7256.0,False,False
2330,2022-10-27 09:34:27.450031,-0.002590673575129543,0.0,-1.0,0.0,385.5,386.0,385.0,385.5,66.0,197.0,8530.0,7256.0,False,False
2330,2022-10-27 09:34:27.481923,-0.002590673575129543,0.0,-1.0,0.0,385.5,386.0,385.0,385.5,66.0,197.0,8530.0,7256.0,False,False
2330,2022-10-27 09:34:27.866321,-0.002590673575129543,0.0,-1.0,0.0,385.5,386.0,385.0,385.5,66.0,197.0,8530.0,7256.0,False,False
2330,2022-10-27 09:34:28.199803,-0.002590673575129543,0.0,-1.0,0.0,385.5,386.0,385.0,385.5,66.0,199.0,8530.0,7256.0,False,False
2330,2022-10-27 09:34:28.884096,-0.002590673575129543,0.0,-1.0,0.0,385.5,386.0,385.0,385.5,66.0,198.0,8530.0,7256.0,False,False
2330,2022-10-27 09:34:28.885039,-0.002590673575129543,0.0,-1.0,0.0,385.5,386.0,385.0,385.5,65.0,198.0,8530.0,7256.0,False,False
2330,2022-10-27 09:34:29.536755,-0.002590673575129543,0.0,-1.0,0.0,385.5,386.0,385.0,385.5,65.0,198.0,8530.0,7256.0,False,False
2330,2022-10-27 09:34:29.568219,-0.002590673575129543,0.0,-1.0,0.0,385.5,386.0,385.0,385.5,65.0,198.0,8530.0,7256.0,False,False
2330,2022-10-27 09:34:29.611879,-0.002590673575129543,0.0,-1.0,0.0,385.5,386.0,385.0,385.5,75.0,198.0,8530.0,7256.0,False,False
2330,2022-10-27 09:34:30.133738,-0.002590673575129543,0.0,-1.0,0.0,385.5,386.0,385.0,385.5,75.0,198.0,8530.0,7256.0,False,False
2330,2022-10-27 09:34:30.158615,-0.002590673575129543,0.0,-1.0,0.0,385.5,386.0,385.0,385.5,75.0,198.0,8530.0,7256.0,False,False
2330,2022-10-27 09:34:30.890542,-0.002590673575129543,0.0,-1.0,0.0,385.5,386.0,385.0,385.5,74.0,198.0,8530.0,7256.0,False,False
2330,2022-10-27 09:34:30.900045,-0.002590673575129543,0.0,-1.0,0.0,385.5,386.0,385.0,385.5,74.0,198.0,8530.0,7256.0,False,False
2330,2022-10-27 09:34:31.183211,-0.002590673575129543,0.0,-1.0,0.0,385.5,386.0,385.0,385.5,74.0,198.0,8530.0,7256.0,False,False
2330,2022-10-27 09:34:31.220858,-0.002590673575129543,0.0,-1.0,0.0,385.5,386.0,385.0,385.5,74.0,198.0,8530.0,7256.0,False,False
2330,2022-10-27 09:34:31.817445,-0.002590673575129543,0.0,-1.0,0.0,385.5,386.0,385.0,385.5,74.0,198.0,8745.0,7431.0,True,True
2330,2022-10-27 09:34:31.837984,-0.002590673575129543,0.0,-1.0,0.0,385.5,386.0,385.0,385.5,74.0,197.0,8745.0,7431.0,False,False
2330,2022-10-27 09:34:31.980466,-0.002590673575129543,0.0,-1.0,0.0,385.5,386.0,385.0,385.5,74.0,197.0,8745.0,7431.0,False,False
2330,2022-10-27 09:34:32.012625,-0.002590673575129543,0.0,-1.0,0.0,385.5,386.0,385.0,385.5,75.0,197.0,8745.0,7431.0,False,False
2330,2022-10-27 09:34:32.166836,-0.002590673575129543,0.0,-1.0,0.0,385.5,386.0,385.0,385.5,75.0,197.0,8745.0,7431.0,False,False
2330,2022-10-27 09:34:32.272346,-0.002590673575129543,0.0,-1.0,0.0,385.5,386.0,385.0,385.5,75.0,198.0,8745.0,7431.0,False,False
2330,2022-10-27 09:34:32.901462,-0.002590673575129543,0.0,-1.0,0.0,385.5,386.0,385.0,385.5,75.0,198.0,8745.0,7431.0,False,False
2330,2022-10-27 09:34:32.919175,-0.002590673575129543,0.0,-1.0,0.0,385.5,386.0,385.0,385.5,70.0,193.0,8745.0,7431.0,False,False
2330,2022-10-27 09:34:32.994051,-0.002590673575129543,0.0,-1.0,0.0,385.5,386.0,385.0,385.5,70.0,192.0,8745.0,7431.0,False,False
2330,2022-10-27 09:34:33.077279,-0.002590673575129543,0.0,-1.0,0.0,385.5,386.0,385.0,385.5,72.0,192.0,8745.0,7431.0,False,False
2330,2022-10-27 09:34:33.251396,-0.002590673575129543,0.0,-1.0,0.0,385.5,386.0,385.0,385.5,72.0,192.0,8745.0,7431.0,False,False
2330,2022-10-27 09:34:33.283183,-0.002590673575129543,0.0,-1.0,0.0,385.5,386.0,385.0,385.5,72.0,192.0,8745.0,7431.0,False,False
2330,2022-10-27 09:34:34.158872,-0.002590673575129543,0.0,-1.0,0.0,385.5,386.0,385.0,385.5,72.0,192.0,8745.0,7431.0,False,False
2330,2022-10-27 09:34:34.160131,-0.002590673575129543,0.0,-1.0,0.0,385.5,386.0,385.0,385.5,72.0,192.0,8745.0,7431.0,False,False
2330,2022-10-27 09:34:34.317591,-0.002590673575129543,0.0,-1.0,0.0,385.5,386.0,385.0,385.5,72.0,192.0,8745.0,7431.0,False,False
2330,2022-10-27 09:34:34.381087,-0.002590673575129543,0.0,-1.0,0.0,385.5,386.0,385.0,385.5,76.0,192.0,8745.0,7431.0,False,False
2330,2022-10-27 09:34:34.910076,-0.002590673575129543,0.0,-1.0,0.0,385.5,386.0,385.0,385.5,76.0,193.0,8745.0,7431.0,False,False
2330,2022-10-27 09:34:35.200334,-0.002590673575129543,0.0,-1.0,0.0,385.5,386.0,385.0,385.5,81.0,193.0,8745.0,7431.0,False,False
2330,2022-10-27 09:34:35.974720,-0.002590673575129543,0.0,-1.0,0.0,385.5,386.0,385.0,385.5,80.0,193.0,8745.0,7431.0,False,False
2330,2022-10-27 09:34:36.223610,-0.002590673575129543,0.0,-1.0,0.0,385.5,386.0,385.0,385.5,80.0,193.0,8745.0,7431.0,False,False
2330,2022-10-27 09:34:37.098781,-0.002590673575129543,0.0,-1.0,0.0,385.5,386.0,385.0,385.5,80.0,193.0,8745.0,7431.0,False,False
2330,2022-10-27 09:34:37.830017,-0.002590673575129543,0.0,-1.0,0.0,385.5,386.0,385.0,385.5,79.0,193.0,8745.0,7431.0,False,False
2330,2022-10-27 09:34:38.410653,-0.002590673575129543,0.0,-1.0,0.0,385.5,386.0,385.0,385.5,79.0,193.0,8745.0,7431.0,False,False
2330,2022-10-27 09:34:39.002101,-0.002590673575129543,0.0,-1.0,0.0,385.5,386.0,385.0,385.5,79.0,193.0,8745.0,7431.0,False,False
2330,2022-10-27 09:34:39.039879,-0.002590673575129543,0.0,-1.0,0.0,385.5,386.0,385.0,385.5,79.0,193.0,8745.0,7431.0,False,False
2330,2022-10-27 09:34:39.138663,-0.002590673575129543,0.0,-1.0,0.0,385.5,386.0,385.0,385.5,83.0,193.0,8745.0,7431.0,False,False
2330,2022-10-27 09:34:39.658000,-0.002590673575129543,0.0,-1.0,0.0,385.5,386.0,385.0,385.5,83.0,196.0,8745.0,7431.0,False,False
2330,2022-10-27 09:34:40.237614,-0.002590673575129543,0.0,-1.0,0.0,385.5,386.0,385.0,385.5,83.0,196.0,8745.0,7431.0,False,False
2330,2022-10-27 09:34:40.950292,-0.002590673575129543,0.0,-1.0,0.0,385.5,386.0,385.0,385.5,92.0,196.0,8745.0,7431.0,False,False
2330,2022-10-27 09:34:41.147102,-0.002590673575129543,0.0,-1.0,0.0,385.5,386.0,385.0,385.5,92.0,196.0,8745.0,7431.0,False,False
2330,2022-10-27 09:34:41.429824,-0.002590673575129543,0.0,-1.0,0.0,385.5,386.0,385.0,385.5,92.0,196.0,8745.0,7431.0,False,False
2330,2022-10-27 09:34:41.682368,-0.002590673575129543,0.0,-1.0,0.0,385.5,386.0,385.0,385.5,92.0,196.0,8745.0,7431.0,False,False
2330,2022-10-27 09:34:41.855629,-0.002590673575129543,0.0,-1.0,0.0,385.5,386.0,385.0,385.5,92.0,196.0,8644.0,7511.0,True,True
2330,2022-10-27 09:34:42.156990,-0.002590673575129543,0.0,-1.0,0.0,385.5,386.0,385.0,385.5,92.0,196.0,8644.0,7511.0,False,False
2330,2022-10-27 09:34:42.357605,-0.002590673575129543,0.0,-1.0,0.0,385.5,386.0,385.0,385.5,95.0,196.0,8644.0,7511.0,False,False
2330,2022-10-27 09:34:42.527182,-0.002590673575129543,0.0,-1.0,0.0,385.5,386.0,385.0,385.5,94.0,196.0,8644.0,7511.0,False,False
2330,2022-10-27 09:34:42.604068,-0.002590673575129543,0.0,-1.0,0.0,385.5,386.0,385.0,385.5,94.0,196.0,8644.0,7511.0,False,False
2330,2022-10-27 09:34:43.023502,-0.002590673575129543,0.0,-1.0,0.0,385.5,386.0,385.0,385.5,94.0,197.0,8644.0,7511.0,False,False
2330,2022-10-27 09:34:43.384823,-0.002590673575129543,0.0,-1.0,0.0,385.5,386.0,385.0,385.5,94.0,197.0,8644.0,7511.0,False,False
2330,2022-10-27 09:34:43.501134,-0.002590673575129543,0.0,-1.0,0.0,385.5,386.0,385.0,385.5,100.0,197.0,8644.0,7511.0,False,False
2330,2022-10-27 09:34:44.315985,-0.002590673575129543,0.0,-1.0,0.0,385.5,386.0,385.0,385.5,100.0,197.0,8644.0,7511.0,False,False
2330,2022-10-27 09:34:44.360576,-0.002590673575129543,0.0,-1.0,0.0,385.5,386.0,385.0,385.5,100.0,197.0,8644.0,7511.0,False,False
2330,2022-10-27 09:34:45.272279,-0.002590673575129543,0.0,-1.0,0.0,385.5,386.0,385.0,385.5,100.0,197.0,8644.0,7511.0,False,False
2330,2022-10-27 09:34:45.737857,-0.002590673575129543,0.0,-1.0,0.0,385.5,386.0,385.0,385.5,100.0,197.0,8644.0,7511.0,False,False
2330,2022-10-27 09:34:47.089898,-0.002590673575129543,0.0,-1.0,0.0,385.5,386.0,385.0,385.5,100.0,197.0,8644.0,7511.0,False,False
2330,2022-10-27 09:34:47.227152,-0.002590673575129543,0.0,-1.0,0.0,385.5,386.0,385.0,385.5,100.0,197.0,8644.0,7511.0,False,False
2330,2022-10-27 09:34:47.482675,-0.002590673575129543,0.0,-1.0,0.0,385.5,386.0,385.0,385.5,99.0,197.0,8644.0,7511.0,False,False
2330,2022-10-27 09:34:47.731652,-0.002590673575129543,0.0,-1.0,0.0,385.5,386.0,385.0,385.5,99.0,197.0,8644.0,7511.0,False,False
2330,2022-10-27 09:34:48.817556,-0.002590673575129543,0.0,-1.0,0.0,385.5,386.0,385.0,385.5,99.0,197.0,8644.0,7511.0,False,False
2330,2022-10-27 09:34:49.329613,-0.002590673575129543,0.0,-1.0,0.0,385.5,386.0,385.0,385.5,99.0,197.0,8644.0,7511.0,False,False
2330,2022-10-27 09:34:49.494260,-0.002590673575129543,0.0,-1.0,0.0,385.5,386.0,385.0,385.5,99.0,197.0,8644.0,7511.0,False,False
2330,2022-10-27 09:34:49.820747,-0.002590673575129543,0.0,-1.0,0.0,385.5,386.0,385.0,385.5,99.0,198.0,8644.0,7511.0,False,False
2330,2022-10-27 09:34:50.055038,-0.002590673575129543,0.0,-1.0,0.0,385.5,386.0,385.0,385.5,99.0,198.0,8644.0,7511.0,False,False
2330,2022-10-27 09:34:50.327216,-0.002590673575129543,0.0,-1.0,0.0,385.5,386.0,385.0,385.5,99.0,198.0,8644.0,7511.0,False,False
2330,2022-10-27 09:34:50.423081,-0.002590673575129543,0.0,-1.0,0.0,385.5,386.0,385.0,385.5,99.0,198.0,8644.0,7511.0,False,False
2330,2022-10-27 09:34:50.601214,-0.002590673575129543,0.0,-1.0,0.0,385.5,386.0,385.0,385.5,103.0,198.0,8644.0,7511.0,False,False
2330,2022-10-27 09:34:50.792928,-0.002590673575129543,0.0,-1.0,0.0,385.5,386.0,385.0,385.5,103.0,198.0,8644.0,7511.0,False,False
2330,2022-10-27 09:34:51.020928,-0.002590673575129543,0.0,-1.0,0.0,385.5,386.0,385.0,385.5,102.0,198.0,8644.0,7511.0,False,False
2330,2022-10-27 09:34:51.083711,-0.002590673575129543,0.0,-1.0,0.0,385.5,386.0,385.0,385.5,102.0,210.0,8644.0,7511.0,False,False
2330,2022-10-27 09:34:51.361648,-0.002590673575129543,0.0,-1.0,0.0,385.5,386.0,385.0,385.5,101.0,210.0,8644.0,7511.0,False,False
2330,2022-10-27 09:34:51.894750,-0.002590673575129543,0.0,-1.0,0.0,385.5,386.0,385.0,385.5,101.0,210.0,8441.0,7171.0,True,True
2330,2022-10-27 09:34:52.315212,-0.002590673575129543,0.0,-1.0,0.0,385.5,386.0,385.0,385.5,101.0,210.0,8441.0,7171.0,False,False
2330,2022-10-27 09:34:52.591614,-0.002590673575129543,0.0,-1.0,0.0,385.5,386.0,385.0,385.5,100.0,210.0,8441.0,7171.0,False,False
2330,2022-10-27 09:34:52.696867,-0.002590673575129543,0.0,-1.0,0.0,385.5,386.0,385.0,385.5,100.0,211.0,8441.0,7171.0,False,False
2330,2022-10-27 09:34:52.730570,-0.002590673575129543,0.0,-1.0,0.0,385.5,386.0,385.0,385.5,100.0,211.0,8441.0,7171.0,False,False
2330,2022-10-27 09:34:52.809162,-0.002590673575129543,0.0,-1.0,0.0,385.5,386.0,385.0,385.5,101.0,211.0,8441.0,7171.0,False,False
2330,2022-10-27 09:34:53.108066,-0.002590673575129543,0.0,-1.0,0.0,385.5,386.0,385.0,385.5,101.0,211.0,8441.0,7171.0,False,False
2330,2022-10-27 09:34:53.800963,-0.002590673575129543,0.0,-1.0,0.0,385.5,386.0,385.0,385.5,101.0,211.0,8441.0,7171.0,False,False
2330,2022-10-27 09:34:54.445825,-0.002590673575129543,0.0,-1.0,0.0,385.5,386.0,385.0,385.5,101.0,211.0,8441.0,7171.0,False,False
2330,2022-10-27 09:34:54.548388,-0.002590673575129543,0.0,-1.0,0.0,385.5,386.0,385.0,385.5,101.0,211.0,8441.0,7171.0,False,False
2330,2022-10-27 09:34:54.696478,-0.002590673575129543,0.0,-1.0,0.0,385.5,386.0,385.0,385.5,101.0,214.0,8441.0,7171.0,False,False
2330,2022-10-27 09:34:54.992083,-0.002590673575129543,0.0,-1.0,0.0,385.5,386.0,385.0,385.5,101.0,215.0,8441.0,7171.0,False,False
2330,2022-10-27 09:34:55.282846,-0.002590673575129543,0.0,-1.0,0.0,385.5,386.0,385.0,385.5,103.0,215.0,8441.0,7171.0,False,False
2330,2022-10-27 09:34:55.358812,-0.002590673575129543,0.0,-1.0,0.0,385.5,386.0,385.0,385.5,103.0,219.0,8441.0,7171.0,False,False
2330,2022-10-27 09:34:55.895785,-0.002590673575129543,0.0,-1.0,0.0,385.5,386.0,385.0,385.5,103.0,218.0,8441.0,7171.0,False,False
2330,2022-10-27 09:34:55.908185,-0.002590673575129543,0.0,-1.0,0.0,385.5,386.0,385.0,385.5,108.0,218.0,8441.0,7171.0,False,False
2330,2022-10-27 09:34:55.941457,-0.002590673575129543,0.0,-1.0,0.0,385.5,386.0,385.0,385.5,108.0,218.0,8441.0,7171.0,False,False
2330,2022-10-27 09:34:57.234464,-0.002590673575129543,0.0,-1.0,0.0,385.5,386.0,385.0,385.5,108.0,217.0,8441.0,7171.0,False,False
2330,2022-10-27 09:34:57.586616,-0.002590673575129543,0.0,-1.0,0.0,385.5,386.0,385.0,385.5,108.0,217.0,8441.0,7171.0,False,False
2330,2022-10-27 09:34:57.659445,-0.002590673575129543,0.0,-1.0,0.0,385.5,386.0,385.0,385.5,117.0,217.0,8441.0,7171.0,False,False
2330,2022-10-27 09:34:58.095658,-0.002590673575129543,0.0,-1.0,0.0,385.5,386.0,385.0,385.5,117.0,217.0,8441.0,7171.0,False,False
2330,2022-10-27 09:34:58.155312,-0.002590673575129543,0.0,-1.0,0.0,385.5,386.0,385.0,385.5,117.0,217.0,8441.0,7171.0,False,False
2330,2022-10-27 09:34:58.129087,-0.002590673575129543,0.0,-1.0,0.0,385.5,386.0,385.0,385.5,118.0,217.0,8441.0,7171.0,False,False
2330,2022-10-27 09:34:58.360464,-0.002590673575129543,0.0,-1.0,0.0,385.5,386.0,385.0,385.5,117.0,217.0,8441.0,7171.0,False,False
2330,2022-10-27 09:34:59.244441,-0.002590673575129543,0.0,-1.0,0.0,385.5,386.0,385.0,385.5,117.0,218.0,8441.0,7171.0,False,False
2330,2022-10-27 09:34:59.327102,-0.002590673575129543,0.0,-1.0,0.0,385.5,386.0,385.0,385.5,117.0,218.0,8441.0,7171.0,False,False
2330,2022-10-27 09:34:59.327687,-0.002590673575129543,0.0,-1.0,0.0,385.5,386.0,385.0,385.5,117.0,218.0,8441.0,7171.0,False,False
2330,2022-10-27 09:34:59.469811,-0.002590673575129543,0.0,-1.0,0.0,385.5,386.0,385.0,385.5,117.0,218.0,8441.0,7171.0,False,False
2330,2022-10-27 09:34:59.549295,-0.002590673575129543,0.0,-1.0,0.0,385.5,386.0,385.0,385.5,117.0,218.0,8441.0,7171.0,False,False
2330,2022-10-27 09:34:59.755078,-0.002590673575129543,0.0,-1.0,0.0,385.5,386.0,385.0,385.5,117.0,217.0,8441.0,7171.0,False,False
2330,2022-10-27 09:34:59.901445,-0.002590673575129543,0.0,-1.0,0.0,385.5,386.0,385.0,385.5,116.0,217.0,8441.0,7171.0,False,False
2330,2022-10-27 09:35:00.025039,-0.002590673575129543,0.0,-1.0,0.0,385.5,386.0,385.0,385.5,117.0,217.0,8441.0,7171.0,False,False
2330,2022-10-27 09:35:00.279496,-0.002590673575129543,0.0,-1.0,0.0,385.5,386.0,385.0,385.5,116.0,217.0,8441.0,7171.0,False,False
2330,2022-10-27 09:35:00.377487,-0.002590673575129543,0.0,-1.0,0.0,385.5,386.0,385.0,385.5,182.0,217.0,8441.0,7171.0,False,False
2330,2022-10-27 09:35:00.428628,-0.002590673575129543,0.0,-1.0,0.0,385.5,386.0,385.0,385.5,182.0,217.0,8441.0,7171.0,False,False
2330,2022-10-27 09:35:01.752702,-0.002590673575129543,0.0,-1.0,0.0,385.5,386.0,385.0,385.5,182.0,217.0,8441.0,7171.0,False,False
2330,2022-10-27 09:35:02.081589,-0.002590673575129543,0.0,-1.0,0.0,385.5,386.0,385.0,385.5,182.0,217.0,8592.0,7165.0,True,True
2330,2022-10-27 09:35:02.300490,-0.002590673575129543,0.0,-1.0,0.0,385.5,386.0,385.0,385.5,183.0,217.0,8592.0,7165.0,False,False
2330,2022-10-27 09:35:02.457056,-0.002590673575129543,0.0,-1.0,0.0,385.5,386.0,385.0,385.5,181.0,217.0,8592.0,7165.0,False,False
2330,2022-10-27 09:35:02.857071,-0.002590673575129543,0.0,-1.0,0.0,385.5,386.0,385.0,385.5,181.0,217.0,8592.0,7165.0,False,False
2330,2022-10-27 09:35:02.897469,-0.002590673575129543,0.0,-1.0,0.0,385.5,386.0,385.0,385.5,181.0,220.0,8592.0,7165.0,False,False
2330,2022-10-27 09:35:02.951227,-0.002590673575129543,0.0,-1.0,0.0,385.5,386.0,385.0,385.5,181.0,220.0,8592.0,7165.0,False,False
2330,2022-10-27 09:35:03.169543,-0.002590673575129543,0.0,-1.0,0.0,385.5,386.0,385.0,385.5,180.0,220.0,8592.0,7165.0,False,False
2330,2022-10-27 09:35:03.203458,-0.002590673575129543,0.0,-1.0,0.0,385.5,386.0,385.0,385.5,181.0,220.0,8592.0,7165.0,False,False
2330,2022-10-27 09:35:03.555747,-0.002590673575129543,0.0,-1.0,0.0,385.5,386.0,385.0,385.5,181.0,220.0,8592.0,7165.0,False,False
2330,2022-10-27 09:35:04.134711,-0.002590673575129543,0.0,-1.0,0.0,385.5,386.0,385.0,385.5,181.0,223.0,8592.0,7165.0,False,False
2330,2022-10-27 09:35:04.835319,-0.002590673575129543,0.0,-1.0,0.0,385.5,386.0,385.0,385.5,182.0,223.0,8592.0,7165.0,False,False
2330,2022-10-27 09:35:05.163331,-0.002590673575129543,0.0,-1.0,0.0,385.5,386.0,385.0,385.5,182.0,223.0,8592.0,7165.0,False,False
2330,2022-10-27 09:35:05.373023,-0.002590673575129543,0.0,-1.0,0.0,385.5,386.0,385.0,385.5,182.0,222.0,8592.0,7165.0,False,False
2330,2022-10-27 09:35:05.781525,-0.002590673575129543,0.0,-1.0,0.0,385.5,386.0,385.0,385.5,182.0,220.0,8592.0,7165.0,False,False
2330,2022-10-27 09:35:06.026225,-0.002590673575129543,0.0,-1.0,0.0,385.5,386.0,385.0,385.5,182.0,220.0,8592.0,7165.0,False,False
2330,2022-10-27 09:35:06.062904,-0.002590673575129543,0.0,-1.0,0.0,385.5,386.0,385.0,385.5,116.0,220.0,8592.0,7165.0,False,False
2330,2022-10-27 09:35:06.201856,-0.002590673575129543,0.0,-1.0,0.0,385.5,386.0,385.0,385.5,116.0,220.0,8592.0,7165.0,False,False
2330,2022-10-27 09:35:06.621254,-0.002590673575129543,0.0,-1.0,0.0,385.5,386.0,385.0,385.5,116.0,220.0,8592.0,7165.0,False,False
2330,2022-10-27 09:35:06.770913,-0.002590673575129543,0.0,-1.0,0.0,385.5,386.0,385.0,385.5,116.0,220.0,8592.0,7165.0,False,False
2330,2022-10-27 09:35:06.893152,-0.002590673575129543,0.0,-1.0,0.0,385.5,386.0,385.0,385.5,116.0,220.0,8592.0,7165.0,False,False
2330,2022-10-27 09:35:06.998087,-0.002590673575129543,0.0,-1.0,0.0,385.5,386.0,385.0,385.5,116.0,220.0,8592.0,7165.0,False,False
2330,2022-10-27 09:35:07.216888,-0.002590673575129543,0.0,-1.0,0.0,385.5,386.0,385.0,385.5,116.0,220.0,8592.0,7165.0,False,False
2330,2022-10-27 09:35:08.164497,-0.002590673575129543,0.0,-1.0,0.0,385.5,386.0,385.0,385.5,116.0,220.0,8592.0,7165.0,False,False
2330,2022-10-27 09:35:08.435979,-0.002590673575129543,0.0,-1.0,0.0,385.5,386.0,385.0,385.5,116.0,220.0,8592.0,7165.0,False,False
2330,2022-10-27 09:35:09.121370,-0.002590673575129543,0.0,-1.0,0.0,385.5,386.0,385.0,385.5,115.0,220.0,8592.0,7165.0,False,False
2330,2022-10-27 09:35:09.542608,-0.002590673575129543,0.0,-1.0,0.0,385.5,386.0,385.0,385.5,119.0,220.0,8592.0,7165.0,False,False
2330,2022-10-27 09:35:10.278424,-0.002590673575129543,0.0,-1.0,0.0,385.5,386.0,385.0,385.5,119.0,221.0,8592.0,7165.0,False,False
2330,2022-10-27 09:35:10.335845,-0.002590673575129543,0.0,-1.0,0.0,385.5,386.0,385.0,385.5,120.0,221.0,8592.0,7165.0,False,False
2330,2022-10-27 09:35:10.934248,-0.002590673575129543,0.0,-1.0,0.0,385.5,386.0,385.0,385.5,120.0,221.0,8592.0,7165.0,False,False
2330,2022-10-27 09:35:10.964411,-0.002590673575129543,0.0,-1.0,0.0,385.5,386.0,385.0,385.5,120.0,220.0,8592.0,7165.0,False,False
2330,2022-10-27 09:35:11.026694,-0.002590673575129543,0.0,-1.0,0.0,385.5,386.0,385.0,385.5,120.0,220.0,8592.0,7165.0,False,False
2330,2022-10-27 09:35:11.462548,-0.002590673575129543,0.0,-1.0,0.0,385.5,386.0,385.0,385.5,120.0,220.0,8592.0,7165.0,False,False
2330,2022-10-27 09:35:11.462725,-0.002590673575129543,0.0,-1.0,0.0,385.5,386.0,385.0,385.5,120.0,220.0,8592.0,7165.0,False,False
2330,2022-10-27 09:35:11.648278,-0.002590673575129543,0.0,-1.0,0.0,385.5,386.0,385.0,385.5,120.0,220.0,8592.0,7165.0,False,False
2330,2022-10-27 09:35:12.015047,-0.002590673575129543,0.0,-1.0,0.0,385.5,386.0,385.0,385.5,118.0,220.0,8592.0,7165.0,False,False
2330,2022-10-27 09:35:12.162945,-0.002590673575129543,0.0,-1.0,0.0,385.5,386.0,385.0,385.5,118.0,221.0,8592.0,7165.0,False,False
2330,2022-10-27 09:35:12.274420,-0.002590673575129543,0.0,-1.0,0.0,385.5,386.0,385.0,385.5,118.0,221.0,7957.0,7115.0,True,True
2330,2022-10-27 09:35:12.252455,-0.002590673575129543,0.0,-1.0,0.0,385.5,386.0,385.0,385.5,337.0,221.0,7957.0,7115.0,False,False
2330,2022-10-27 09:35:12.403963,-0.002590673575129543,0.0,-1.0,0.0,385.5,386.0,385.0,385.5,337.0,220.0,7957.0,7115.0,False,False
2330,2022-10-27 09:35:12.422210,-0.002590673575129543,0.0,-1.0,0.0,385.5,386.0,385.0,385.5,337.0,220.0,7957.0,7115.0,False,False
2330,2022-10-27 09:35:12.522946,-0.002590673575129543,0.0,-1.0,0.0,385.5,386.0,385.0,385.5,337.0,220.0,7957.0,7115.0,False,False
2330,2022-10-27 09:35:12.726327,-0.002590673575129543,0.0,-1.0,0.0,385.5,386.0,385.0,385.5,337.0,220.0,7957.0,7115.0,False,False
2330,2022-10-27 09:35:13.256219,-0.002590673575129543,0.0,-1.0,0.0,385.5,386.0,385.0,385.5,348.0,220.0,7957.0,7115.0,False,False
2330,2022-10-27 09:35:13.423785,-0.002590673575129543,0.0,-1.0,0.0,385.5,386.0,385.0,385.5,348.0,220.0,7957.0,7115.0,False,False
2330,2022-10-27 09:35:13.802710,-0.002590673575129543,0.0,-1.0,0.0,385.5,386.0,385.0,385.5,347.0,220.0,7957.0,7115.0,False,False
2330,2022-10-27 09:35:14.353901,-0.002590673575129543,0.0,-1.0,0.0,385.5,386.0,385.0,385.5,374.0,220.0,7957.0,7115.0,False,False
2330,2022-10-27 09:35:14.530176,-0.002590673575129543,0.0,-1.0,0.0,385.5,386.0,385.0,385.5,374.0,220.0,7957.0,7115.0,False,False
2330,2022-10-27 09:35:14.915032,-0.002590673575129543,0.0,-1.0,0.0,385.5,386.0,385.0,385.5,374.0,220.0,7957.0,7115.0,False,False
2330,2022-10-27 09:35:15.100554,-0.002590673575129543,0.0,-1.0,0.0,385.5,386.0,385.0,385.5,374.0,220.0,7957.0,7115.0,False,False
2330,2022-10-27 09:35:15.521752,-0.002590673575129543,0.0,-1.0,0.0,385.5,386.0,385.0,385.5,374.0,220.0,7957.0,7115.0,False,False
2330,2022-10-27 09:35:15.644698,-0.002590673575129543,0.0,-1.0,0.0,385.5,386.0,385.0,385.5,374.0,220.0,7957.0,7115.0,False,False
2330,2022-10-27 09:35:15.698590,-0.002590673575129543,0.0,-1.0,0.0,385.5,386.0,385.0,385.5,374.0,216.0,7957.0,7115.0,False,False
2330,2022-10-27 09:35:16.096607,-0.002590673575129543,0.0,-1.0,0.0,385.5,386.0,385.0,385.5,374.0,214.0,7957.0,7115.0,False,False
2330,2022-10-27 09:35:16.126131,-0.0038809831824062613,0.0,-1.5,0.0,385.5,386.5,385.0,385.5,374.0,191.0,7957.0,7115.0,False,False
2330,2022-10-27 09:35:16.157000,-0.0038809831824062613,0.0,-1.5,0.0,385.5,386.5,385.0,385.5,374.0,191.0,7957.0,7115.0,False,False
2330,2022-10-27 09:35:16.211837,-0.0038809831824062613,0.0,-1.5,0.0,385.5,386.5,385.0,385.5,455.0,191.0,7957.0,7115.0,False,False
2330,2022-10-27 09:35:16.315442,-0.0038809831824062613,0.0,-1.5,0.0,385.5,386.5,385.0,385.5,457.0,191.0,7957.0,7115.0,False,False
2330,2022-10-27 09:35:16.396005,-0.0038809831824062613,0.0,-1.5,0.0,385.5,386.5,385.0,385.5,447.0,191.0,7957.0,7115.0,False,False
2330,2022-10-27 09:35:16.426286,-0.0038809831824062613,0.0,-1.5,0.0,385.5,386.5,385.0,385.5,447.0,191.0,7957.0,7115.0,False,False
2330,2022-10-27 09:35:16.552630,-0.0038809831824062613,0.0,-1.5,0.0,385.5,386.5,385.0,385.5,447.0,193.0,7957.0,7115.0,False,False
2330,2022-10-27 09:35:16.781833,-0.0038809831824062613,0.0,-1.5,0.0,385.5,386.5,385.0,385.5,447.0,191.0,7957.0,7115.0,False,False
2330,2022-10-27 09:35:17.044837,-0.0038809831824062613,0.0,-1.5,0.0,385.5,386.5,385.0,385.5,514.0,191.0,7957.0,7115.0,False,False
2330,2022-10-27 09:35:17.123879,-0.0038809831824062613,0.0,-1.5,0.0,385.5,386.5,385.0,385.5,514.0,191.0,7957.0,7115.0,False,False
2330,2022-10-27 09:35:17.198574,-0.0038809831824062613,0.0,-1.5,0.0,385.5,386.5,385.0,385.5,514.0,189.0,7957.0,7115.0,False,False
2330,2022-10-27 09:35:17.572771,-0.0038809831824062613,0.0,-1.5,0.0,385.5,386.5,385.0,385.5,515.0,189.0,7957.0,7115.0,False,False
2330,2022-10-27 09:35:17.659706,-0.002590673575129543,0.0,-1.0,0.0,385.5,386.0,385.0,385.5,515.0,1.0,7957.0,7115.0,False,False
2330,2022-10-27 09:35:17.745398,-0.0038809831824062613,0.0,-1.5,0.0,385.5,386.5,385.0,385.5,515.0,189.0,7957.0,7115.0,False,False
2330,2022-10-27 09:35:18.046085,-0.0038809831824062613,0.0012970168612191912,-1.5,0.5,386.0,386.5,385.0,385.5,1.0,189.0,7957.0,7115.0,False,False
2330,2022-10-27 09:35:18.087040,-0.0038809831824062613,0.0012970168612191912,-1.5,0.5,386.0,386.5,385.0,385.5,1.0,189.0,7957.0,7115.0,False,False
2330,2022-10-27 09:35:18.175865,-0.0038809831824062613,0.0012970168612191912,-1.5,0.5,386.0,386.5,385.0,385.5,69.0,189.0,7957.0,7115.0,False,False
2330,2022-10-27 09:35:18.213705,-0.0038809831824062613,0.0012970168612191912,-1.5,0.5,386.0,386.5,385.0,385.5,71.0,189.0,7957.0,7115.0,False,False
2330,2022-10-27 09:35:18.431633,-0.0038809831824062613,0.0012970168612191912,-1.5,0.5,386.0,386.5,385.0,385.5,71.0,189.0,7957.0,7115.0,False,False
2330,2022-10-27 09:35:18.472581,-0.0038809831824062613,0.0012970168612191912,-1.5,0.5,386.0,386.5,385.0,385.5,76.0,189.0,7957.0,7115.0,False,False
2330,2022-10-27 09:35:19.134988,-0.0038809831824062613,0.0012970168612191912,-1.5,0.5,386.0,386.5,385.0,385.5,77.0,189.0,7957.0,7115.0,False,False
2330,2022-10-27 09:35:19.243992,-0.0038809831824062613,0.0012970168612191912,-1.5,0.5,386.0,386.5,385.0,385.5,296.0,189.0,7957.0,7115.0,False,False
2330,2022-10-27 09:35:19.392825,-0.0038809831824062613,0.0012970168612191912,-1.5,0.5,386.0,386.5,385.0,385.5,378.0,189.0,7957.0,7115.0,False,False
2330,2022-10-27 09:35:19.432336,-0.0038809831824062613,0.0012970168612191912,-1.5,0.5,386.0,386.5,385.0,385.5,385.0,189.0,7957.0,7115.0,False,False
2330,2022-10-27 09:35:20.504059,-0.0038809831824062613,0.0012970168612191912,-1.5,0.5,386.0,386.5,385.0,385.5,385.0,189.0,7957.0,7115.0,False,False
2330,2022-10-27 09:35:20.540792,-0.0038809831824062613,0.0012970168612191912,-1.5,0.5,386.0,386.5,385.0,385.5,385.0,189.0,7957.0,7115.0,False,False
2330,2022-10-27 09:35:20.636753,-0.0038809831824062613,0.0012970168612191912,-1.5,0.5,386.0,386.5,385.0,385.5,429.0,190.0,7957.0,7115.0,False,False
2330,2022-10-27 09:35:21.280918,-0.0038809831824062613,0.0012970168612191912,-1.5,0.5,386.0,386.5,385.0,385.5,429.0,190.0,7957.0,7115.0,False,False
2330,2022-10-27 09:35:21.569509,-0.0038809831824062613,0.0012970168612191912,-1.5,0.5,386.0,386.5,385.0,385.5,429.0,185.0,7957.0,7115.0,False,False
2330,2022-10-27 09:35:22.102767,-0.0038809831824062613,0.0012970168612191912,-1.5,0.5,386.0,386.5,385.0,385.5,429.0,186.0,7957.0,7115.0,False,False
2330,2022-10-27 09:35:22.281321,-0.0038809831824062613,0.0012970168612191912,-1.5,0.5,386.0,386.5,385.0,385.5,429.0,186.0,10467.0,7115.0,True,True
2330,2022-10-27 09:35:22.322435,-0.0038809831824062613,0.0012970168612191912,-1.5,0.5,386.0,386.5,385.0,385.5,429.0,186.0,10467.0,7115.0,False,False
2330,2022-10-27 09:35:22.325919,-0.0038809831824062613,0.0012970168612191912,-1.5,0.5,386.0,386.5,385.0,385.5,430.0,186.0,10467.0,7115.0,False,False
2330,2022-10-27 09:35:22.434660,-0.0038809831824062613,0.0012970168612191912,-1.5,0.5,386.0,386.5,385.0,385.5,430.0,186.0,10467.0,7115.0,False,False
2330,2022-10-27 09:35:22.614300,-0.0038809831824062613,0.0012970168612191912,-1.5,0.5,386.0,386.5,385.0,385.5,430.0,188.0,10467.0,7115.0,False,False
2330,2022-10-27 09:35:22.788342,-0.0038809831824062613,0.0012970168612191912,-1.5,0.5,386.0,386.5,385.0,385.5,432.0,188.0,10467.0,7115.0,False,False
2330,2022-10-27 09:35:23.120768,-0.0038809831824062613,0.0012970168612191912,-1.5,0.5,386.0,386.5,385.0,385.5,437.0,188.0,10467.0,7115.0,False,False
2330,2022-10-27 09:35:23.227258,-0.0038809831824062613,0.0012970168612191912,-1.5,0.5,386.0,386.5,385.0,385.5,437.0,184.0,10467.0,7115.0,False,False
2330,2022-10-27 09:35:23.574879,-0.0038809831824062613,0.0012970168612191912,-1.5,0.5,386.0,386.5,385.0,385.5,437.0,184.0,10467.0,7115.0,False,False
2330,2022-10-27 09:35:23.842436,-0.0038809831824062613,0.0012970168612191912,-1.5,0.5,386.0,386.5,385.0,385.5,437.0,183.0,10467.0,7115.0,False,False
2330,2022-10-27 09:35:24.019477,-0.0038809831824062613,0.0012970168612191912,-1.5,0.5,386.0,386.5,385.0,385.5,437.0,183.0,10467.0,7115.0,False,False
2330,2022-10-27 09:35:24.320129,-0.0038809831824062613,0.0012970168612191912,-1.5,0.5,386.0,386.5,385.0,385.5,437.0,182.0,10467.0,7115.0,False,False
2330,2022-10-27 09:35:25.640640,-0.0038809831824062613,0.0012970168612191912,-1.5,0.5,386.0,386.5,385.0,385.5,434.0,182.0,10467.0,7115.0,False,False
2330,2022-10-27 09:35:25.720896,-0.0038809831824062613,0.0012970168612191912,-1.5,0.5,386.0,386.5,385.0,385.5,434.0,183.0,10467.0,7115.0,False,False
2330,2022-10-27 09:35:26.265049,-0.0038809831824062613,0.0012970168612191912,-1.5,0.5,386.0,386.5,385.0,385.5,434.0,228.0,10467.0,7115.0,False,False
2330,2022-10-27 09:35:26.313175,-0.0038809831824062613,0.0012970168612191912,-1.5,0.5,386.0,386.5,385.0,385.5,434.0,268.0,10467.0,7115.0,False,False
2330,2022-10-27 09:35:26.549210,-0.0038809831824062613,0.0012970168612191912,-1.5,0.5,386.0,386.5,385.0,385.5,407.0,268.0,10467.0,7115.0,False,False
2330,2022-10-27 09:35:26.690437,-0.0038809831824062613,0.0012970168612191912,-1.5,0.5,386.0,386.5,385.0,385.5,407.0,268.0,10467.0,7115.0,False,False
2330,2022-10-27 09:35:27.047909,-0.0038809831824062613,0.0012970168612191912,-1.5,0.5,386.0,386.5,385.0,385.5,407.0,268.0,10467.0,7115.0,False,False
2330,2022-10-27 09:35:27.099970,-0.0038809831824062613,0.0012970168612191912,-1.5,0.5,386.0,386.5,385.0,385.5,406.0,268.0,10467.0,7115.0,False,False
2330,2022-10-27 09:35:27.777574,-0.0038809831824062613,0.0012970168612191912,-1.5,0.5,386.0,386.5,385.0,385.5,406.0,268.0,10467.0,7115.0,False,False
2330,2022-10-27 09:35:27.911465,-0.0038809831824062613,0.0012970168612191912,-1.5,0.5,386.0,386.5,385.0,385.5,406.0,277.0,10467.0,7115.0,False,False
2330,2022-10-27 09:35:27.914789,-0.0038809831824062613,0.0012970168612191912,-1.5,0.5,386.0,386.5,385.0,385.5,406.0,277.0,10467.0,7115.0,False,False
2330,2022-10-27 09:35:28.173330,-0.0038809831824062613,0.0012970168612191912,-1.5,0.5,386.0,386.5,385.0,385.5,406.0,277.0,10467.0,7115.0,False,False
2330,2022-10-27 09:35:28.321930,-0.0038809831824062613,0.0012970168612191912,-1.5,0.5,386.0,386.5,385.0,385.5,341.0,277.0,10467.0,7115.0,False,False
2330,2022-10-27 09:35:28.391668,-0.0038809831824062613,0.0012970168612191912,-1.5,0.5,386.0,386.5,385.0,385.5,341.0,277.0,10467.0,7115.0,False,False
2330,2022-10-27 09:35:28.529852,-0.0038809831824062613,0.0012970168612191912,-1.5,0.5,386.0,386.5,385.0,385.5,347.0,277.0,10467.0,7115.0,False,False
2330,2022-10-27 09:35:28.713602,-0.0038809831824062613,0.0012970168612191912,-1.5,0.5,386.0,386.5,385.0,385.5,347.0,276.0,10467.0,7115.0,False,False
2330,2022-10-27 09:35:28.873070,-0.0038809831824062613,0.0012970168612191912,-1.5,0.5,386.0,386.5,385.0,385.5,347.0,275.0,10467.0,7115.0,False,False
2330,2022-10-27 09:35:28.918059,-0.0038809831824062613,0.0012970168612191912,-1.5,0.5,386.0,386.5,385.0,385.5,347.0,275.0,10467.0,7115.0,False,False
2330,2022-10-27 09:35:29.016022,-0.0038809831824062613,0.0012970168612191912,-1.5,0.5,386.0,386.5,385.0,385.5,352.0,275.0,10467.0,7115.0,False,False
2330,2022-10-27 09:35:29.186840,-0.0038809831824062613,0.0012970168612191912,-1.5,0.5,386.0,386.5,385.0,385.5,352.0,270.0,10467.0,7115.0,False,False
2330,2022-10-27 09:35:29.863816,-0.0038809831824062613,0.0012970168612191912,-1.5,0.5,386.0,386.5,385.0,385.5,351.0,270.0,10467.0,7115.0,False,False
2330,2022-10-27 09:35:29.930975,-0.0038809831824062613,0.0012970168612191912,-1.5,0.5,386.0,386.5,385.0,385.5,351.0,269.0,10467.0,7115.0,False,False
2330,2022-10-27 09:35:29.990585,-0.0038809831824062613,0.0012970168612191912,-1.5,0.5,386.0,386.5,385.0,385.5,351.0,269.0,10467.0,7115.0,False,False
2330,2022-10-27 09:35:30.271235,-0.0038809831824062613,0.0012970168612191912,-1.5,0.5,386.0,386.5,385.0,385.5,351.0,269.0,10467.0,7115.0,False,False
2330,2022-10-27 09:35:31.191919,-0.0038809831824062613,0.0012970168612191912,-1.5,0.5,386.0,386.5,385.0,385.5,350.0,269.0,10467.0,7115.0,False,False
2330,2022-10-27 09:35:31.313203,-0.0038809831824062613,0.0012970168612191912,-1.5,0.5,386.0,386.5,385.0,385.5,350.0,269.0,10467.0,7115.0,False,False
2330,2022-10-27 09:35:31.888461,-0.0038809831824062613,0.0012970168612191912,-1.5,0.5,386.0,386.5,385.0,385.5,350.0,267.0,10467.0,7115.0,False,False
2330,2022-10-27 09:35:32.095632,-0.0038809831824062613,0.0012970168612191912,-1.5,0.5,386.0,386.5,385.0,385.5,350.0,267.0,10467.0,7115.0,False,False
2330,2022-10-27 09:35:32.236031,-0.0038809831824062613,0.0012970168612191912,-1.5,0.5,386.0,386.5,385.0,385.5,350.0,267.0,10467.0,7115.0,False,False
2330,2022-10-27 09:35:32.297218,-0.0038809831824062613,0.0012970168612191912,-1.5,0.5,386.0,386.5,385.0,385.5,350.0,267.0,9163.0,13470.0,True,True
2330,2022-10-27 09:35:32.593570,-0.0038809831824062613,0.0012970168612191912,-1.5,0.5,386.0,386.5,385.0,385.5,376.0,267.0,9163.0,13470.0,False,False
2330,2022-10-27 09:35:32.631667,-0.0038809831824062613,0.0012970168612191912,-1.5,0.5,386.0,386.5,385.0,385.5,376.0,267.0,9163.0,13470.0,False,False
2330,2022-10-27 09:35:33.032295,-0.0038809831824062613,0.0012970168612191912,-1.5,0.5,386.0,386.5,385.0,385.5,376.0,267.0,9163.0,13470.0,False,False
2330,2022-10-27 09:35:33.144219,-0.0038809831824062613,0.0012970168612191912,-1.5,0.5,386.0,386.5,385.0,385.5,375.0,267.0,9163.0,13470.0,False,False
2330,2022-10-27 09:35:33.152852,-0.0038809831824062613,0.0012970168612191912,-1.5,0.5,386.0,386.5,385.0,385.5,375.0,267.0,9163.0,13470.0,False,False
2330,2022-10-27 09:35:33.172731,-0.0038809831824062613,0.0012970168612191912,-1.5,0.5,386.0,386.5,385.0,385.5,375.0,267.0,9163.0,13470.0,False,False
2330,2022-10-27 09:35:33.247887,-0.0038809831824062613,0.0012970168612191912,-1.5,0.5,386.0,386.5,385.0,385.5,375.0,266.0,9163.0,13470.0,False,False
2330,2022-10-27 09:35:33.356613,-0.0038809831824062613,0.0012970168612191912,-1.5,0.5,386.0,386.5,385.0,385.5,375.0,266.0,9163.0,13470.0,False,False
2330,2022-10-27 09:35:33.540961,-0.0038809831824062613,0.0012970168612191912,-1.5,0.5,386.0,386.5,385.0,385.5,349.0,266.0,9163.0,13470.0,False,False
2330,2022-10-27 09:35:33.688847,-0.0038809831824062613,0.0012970168612191912,-1.5,0.5,386.0,386.5,385.0,385.5,349.0,266.0,9163.0,13470.0,False,False
2330,2022-10-27 09:35:33.771968,-0.0038809831824062613,0.0012970168612191912,-1.5,0.5,386.0,386.5,385.0,385.5,349.0,267.0,9163.0,13470.0,False,False
2330,2022-10-27 09:35:33.896173,-0.0038809831824062613,0.0012970168612191912,-1.5,0.5,386.0,386.5,385.0,385.5,414.0,267.0,9163.0,13470.0,False,False
2330,2022-10-27 09:35:34.015911,-0.0038809831824062613,0.0012970168612191912,-1.5,0.5,386.0,386.5,385.0,385.5,414.0,267.0,9163.0,13470.0,False,False
2330,2022-10-27 09:35:34.063858,-0.0038809831824062613,0.0012970168612191912,-1.5,0.5,386.0,386.5,385.0,385.5,409.0,267.0,9163.0,13470.0,False,False
2330,2022-10-27 09:35:34.171556,-0.0038809831824062613,0.0012970168612191912,-1.5,0.5,386.0,386.5,385.0,385.5,409.0,267.0,9163.0,13470.0,False,False
2330,2022-10-27 09:35:34.383892,-0.0038809831824062613,0.0012970168612191912,-1.5,0.5,386.0,386.5,385.0,385.5,409.0,267.0,9163.0,13470.0,False,False
2330,2022-10-27 09:35:34.447282,-0.0038809831824062613,0.0012970168612191912,-1.5,0.5,386.0,386.5,385.0,385.5,410.0,267.0,9163.0,13470.0,False,False
2330,2022-10-27 09:35:34.806197,-0.0038809831824062613,0.0012970168612191912,-1.5,0.5,386.0,386.5,385.0,385.5,410.0,267.0,9163.0,13470.0,False,False
2330,2022-10-27 09:35:34.958479,-0.0038809831824062613,0.0012970168612191912,-1.5,0.5,386.0,386.5,385.0,385.5,411.0,267.0,9163.0,13470.0,False,False
2330,2022-10-27 09:35:35.121629,-0.0038809831824062613,0.0012970168612191912,-1.5,0.5,386.0,386.5,385.0,385.5,411.0,268.0,9163.0,13470.0,False,False
2330,2022-10-27 09:35:35.338828,-0.0038809831824062613,0.0012970168612191912,-1.5,0.5,386.0,386.5,385.0,385.5,411.0,268.0,9163.0,13470.0,False,False
2330,2022-10-27 09:35:35.474813,-0.0038809831824062613,0.0012970168612191912,-1.5,0.5,386.0,386.5,385.0,385.5,413.0,268.0,9163.0,13470.0,False,False
2330,2022-10-27 09:35:35.484766,-0.0038809831824062613,0.0012970168612191912,-1.5,0.5,386.0,386.5,385.0,385.5,413.0,267.0,9163.0,13470.0,False,False
2330,2022-10-27 09:35:35.737391,-0.0038809831824062613,0.0012970168612191912,-1.5,0.5,386.0,386.5,385.0,385.5,413.0,267.0,9163.0,13470.0,False,False
2330,2022-10-27 09:35:35.819062,-0.0038809831824062613,0.0012970168612191912,-1.5,0.5,386.0,386.5,385.0,385.5,413.0,266.0,9163.0,13470.0,False,False
2330,2022-10-27 09:35:36.211762,-0.0038809831824062613,0.0012970168612191912,-1.5,0.5,386.0,386.5,385.0,385.5,413.0,76.0,9163.0,13470.0,False,False
2330,2022-10-27 09:35:36.252675,-0.0038809831824062613,0.0012970168612191912,-1.5,0.5,386.0,386.5,385.0,385.5,413.0,41.0,9163.0,13470.0,False,False
2330,2022-10-27 09:35:36.282552,-0.0038809831824062613,0.0012970168612191912,-1.5,0.5,386.0,386.5,385.0,385.5,415.0,41.0,9163.0,13470.0,False,False
2330,2022-10-27 09:35:36.294652,-0.0038809831824062613,0.0012970168612191912,-1.5,0.5,386.0,386.5,385.0,385.5,415.0,37.0,9163.0,13470.0,False,False
2330,2022-10-27 09:35:36.295075,-0.0038809831824062613,0.0012970168612191912,-1.5,0.5,386.0,386.5,385.0,385.5,415.0,37.0,9163.0,13470.0,False,False
2330,2022-10-27 09:35:36.372886,-0.0038809831824062613,0.0012970168612191912,-1.5,0.5,386.0,386.5,385.0,385.5,415.0,37.0,9163.0,13470.0,False,False
2330,2022-10-27 09:35:36.555951,-0.0038809831824062613,0.0012970168612191912,-1.5,0.5,386.0,386.5,385.0,385.5,442.0,37.0,9163.0,13470.0,False,False
2330,2022-10-27 09:35:36.567619,-0.0038809831824062613,0.0012970168612191912,-1.5,0.5,386.0,386.5,385.0,385.5,440.0,37.0,9163.0,13470.0,False,False
2330,2022-10-27 09:35:36.641688,-0.0038809831824062613,0.0012970168612191912,-1.5,0.5,386.0,386.5,385.0,385.5,440.0,52.0,9163.0,13470.0,False,False
2330,2022-10-27 09:35:36.703289,-0.0038809831824062613,0.0012970168612191912,-1.5,0.5,386.0,386.5,385.0,385.5,441.0,52.0,9163.0,13470.0,False,False
2330,2022-10-27 09:35:37.006305,-0.0038809831824062613,0.0012970168612191912,-1.5,0.5,386.0,386.5,385.0,385.5,441.0,51.0,9163.0,13470.0,False,False
2330,2022-10-27 09:35:37.027544,-0.0038809831824062613,0.0012970168612191912,-1.5,0.5,386.0,386.5,385.0,385.5,441.0,51.0,9163.0,13470.0,False,False
2330,2022-10-27 09:35:37.042391,-0.0038809831824062613,0.0012970168612191912,-1.5,0.5,386.0,386.5,385.0,385.5,441.0,51.0,9163.0,13470.0,False,False
2330,2022-10-27 09:35:37.149385,-0.0038809831824062613,0.0012970168612191912,-1.5,0.5,386.0,386.5,385.0,385.5,440.0,51.0,9163.0,13470.0,False,False
2330,2022-10-27 09:35:37.164999,-0.0038809831824062613,0.0012970168612191912,-1.5,0.5,386.0,386.5,385.0,385.5,440.0,51.0,9163.0,13470.0,False,False
2330,2022-10-27 09:35:37.315261,-0.0038809831824062613,0.0012970168612191912,-1.5,0.5,386.0,386.5,385.0,385.5,440.0,50.0,9163.0,13470.0,False,False
2330,2022-10-27 09:35:37.543338,-0.0038809831824062613,0.0012970168612191912,-1.5,0.5,386.0,386.5,385.0,385.5,446.0,50.0,9163.0,13470.0,False,False
2330,2022-10-27 09:35:37.607496,-0.0038809831824062613,0.0012970168612191912,-1.5,0.5,386.0,386.5,385.0,385.5,446.0,51.0,9163.0,13470.0,False,False
2330,2022-10-27 09:35:37.801964,-0.0038809831824062613,0.0012970168612191912,-1.5,0.5,386.0,386.5,385.0,385.5,447.0,51.0,9163.0,13470.0,False,False
2330,2022-10-27 09:35:38.048450,-0.0038809831824062613,0.0012970168612191912,-1.5,0.5,386.0,386.5,385.0,385.5,447.0,53.0,9163.0,13470.0,False,False
2330,2022-10-27 09:35:38.134143,-0.0038809831824062613,0.0012970168612191912,-1.5,0.5,386.0,386.5,385.0,385.5,447.0,53.0,9163.0,13470.0,False,False
2330,2022-10-27 09:35:38.657000,-0.0038809831824062613,0.0012970168612191912,-1.5,0.5,386.0,386.5,385.0,385.5,447.0,52.0,9163.0,13470.0,False,False
2330,2022-10-27 09:35:38.714322,-0.0038809831824062613,0.0012970168612191912,-1.5,0.5,386.0,386.5,385.0,385.5,447.0,51.0,9163.0,13470.0,False,False
2330,2022-10-27 09:35:39.003558,-0.0038809831824062613,0.0012970168612191912,-1.5,0.5,386.0,386.5,385.0,385.5,447.0,51.0,9163.0,13470.0,False,False
2330,2022-10-27 09:35:39.044150,-0.0038809831824062613,0.0012970168612191912,-1.5,0.5,386.0,386.5,385.0,385.5,447.0,50.0,9163.0,13470.0,False,False
2330,2022-10-27 09:35:39.255793,-0.0038809831824062613,0.0012970168612191912,-1.5,0.5,386.0,386.5,385.0,385.5,447.0,50.0,9163.0,13470.0,False,False
2330,2022-10-27 09:35:39.404096,-0.0038809831824062613,0.0012970168612191912,-1.5,0.5,386.0,386.5,385.0,385.5,447.0,49.0,9163.0,13470.0,False,False
2330,2022-10-27 09:35:39.404232,-0.0038809831824062613,0.0012970168612191912,-1.5,0.5,386.0,386.5,385.0,385.5,447.0,49.0,9163.0,13470.0,False,False
2330,2022-10-27 09:35:39.502831,-0.0038809831824062613,0.0012970168612191912,-1.5,0.5,386.0,386.5,385.0,385.5,447.0,49.0,9163.0,13470.0,False,False
2330,2022-10-27 09:35:39.720270,-0.0038809831824062613,0.0012970168612191912,-1.5,0.5,386.0,386.5,385.0,385.5,447.0,48.0,9163.0,13470.0,False,False
2330,2022-10-27 09:35:39.738482,-0.0038809831824062613,0.0012970168612191912,-1.5,0.5,386.0,386.5,385.0,385.5,447.0,51.0,9163.0,13470.0,False,False
2330,2022-10-27 09:35:40.489584,-0.0038809831824062613,0.0012970168612191912,-1.5,0.5,386.0,386.5,385.0,385.5,447.0,51.0,9163.0,13470.0,False,False
2330,2022-10-27 09:35:40.556063,-0.0038809831824062613,0.0012970168612191912,-1.5,0.5,386.0,386.5,385.0,385.5,447.0,51.0,9163.0,13470.0,False,False
2330,2022-10-27 09:35:40.566721,-0.0038809831824062613,0.0012970168612191912,-1.5,0.5,386.0,386.5,385.0,385.5,447.0,51.0,9163.0,13470.0,False,False
2330,2022-10-27 09:35:40.711672,-0.0038809831824062613,0.0012970168612191912,-1.5,0.5,386.0,386.5,385.0,385.5,447.0,51.0,9163.0,13470.0,False,False
2330,2022-10-27 09:35:40.919168,-0.0038809831824062613,0.0012970168612191912,-1.5,0.5,386.0,386.5,385.0,385.5,447.0,52.0,9163.0,13470.0,False,False
2330,2022-10-27 09:35:41.037333,-0.0038809831824062613,0.0012970168612191912,-1.5,0.5,386.0,386.5,385.0,385.5,447.0,52.0,9163.0,13470.0,False,False
2330,2022-10-27 09:35:41.137454,-0.0038809831824062613,0.0012970168612191912,-1.5,0.5,386.0,386.5,385.0,385.5,448.0,52.0,9163.0,13470.0,False,False
2330,2022-10-27 09:35:41.665149,-0.0038809831824062613,0.0012970168612191912,-1.5,0.5,386.0,386.5,385.0,385.5,448.0,51.0,9163.0,13470.0,False,False
2330,2022-10-27 09:35:41.756218,-0.0038809831824062613,0.0012970168612191912,-1.5,0.5,386.0,386.5,385.0,385.5,449.0,51.0,9163.0,13470.0,False,False
2330,2022-10-27 09:35:41.967600,-0.0038809831824062613,0.0012970168612191912,-1.5,0.5,386.0,386.5,385.0,385.5,449.0,51.0,9163.0,13470.0,False,False
2330,2022-10-27 09:35:42.321495,-0.0038809831824062613,0.0012970168612191912,-1.5,0.5,386.0,386.5,385.0,385.5,449.0,51.0,10598.0,13564.0,True,True
2330,2022-10-27 09:35:42.511913,-0.0038809831824062613,0.0012970168612191912,-1.5,0.5,386.0,386.5,385.0,385.5,449.0,51.0,10598.0,13564.0,False,False
2330,2022-10-27 09:35:42.620653,-0.0038809831824062613,0.0012970168612191912,-1.5,0.5,386.0,386.5,385.0,385.5,449.0,53.0,10598.0,13564.0,False,False
2330,2022-10-27 09:35:42.936176,-0.0038809831824062613,0.0012970168612191912,-1.5,0.5,386.0,386.5,385.0,385.5,449.0,53.0,10598.0,13564.0,False,False
2330,2022-10-27 09:35:43.039304,-0.0038809831824062613,0.0012970168612191912,-1.5,0.5,386.0,386.5,385.0,385.5,449.0,53.0,10598.0,13564.0,False,False
2330,2022-10-27 09:35:43.117986,-0.0038809831824062613,0.0012970168612191912,-1.5,0.5,386.0,386.5,385.0,385.5,449.0,52.0,10598.0,13564.0,False,False
2330,2022-10-27 09:35:43.178951,-0.0038809831824062613,0.0012970168612191912,-1.5,0.5,386.0,386.5,385.0,385.5,449.0,52.0,10598.0,13564.0,False,False
2330,2022-10-27 09:35:43.263332,-0.0038809831824062613,0.0012970168612191912,-1.5,0.5,386.0,386.5,385.0,385.5,450.0,52.0,10598.0,13564.0,False,False
2330,2022-10-27 09:35:43.597648,-0.0038809831824062613,0.0012970168612191912,-1.5,0.5,386.0,386.5,385.0,385.5,450.0,52.0,10598.0,13564.0,False,False
2330,2022-10-27 09:35:43.639464,-0.0038809831824062613,0.0012970168612191912,-1.5,0.5,386.0,386.5,385.0,385.5,450.0,51.0,10598.0,13564.0,False,False
2330,2022-10-27 09:35:43.699546,-0.0038809831824062613,0.0012970168612191912,-1.5,0.5,386.0,386.5,385.0,385.5,450.0,51.0,10598.0,13564.0,False,False
2330,2022-10-27 09:35:43.727979,-0.0038809831824062613,0.0012970168612191912,-1.5,0.5,386.0,386.5,385.0,385.5,450.0,46.0,10598.0,13564.0,False,False
2330,2022-10-27 09:35:44.450599,-0.0038809831824062613,0.0012970168612191912,-1.5,0.5,386.0,386.5,385.0,385.5,450.0,45.0,10598.0,13564.0,False,False
2330,2022-10-27 09:35:44.486864,-0.0038809831824062613,0.0012970168612191912,-1.5,0.5,386.0,386.5,385.0,385.5,450.0,45.0,10598.0,13564.0,False,False
2330,2022-10-27 09:35:44.560122,-0.0038809831824062613,0.0012970168612191912,-1.5,0.5,386.0,386.5,385.0,385.5,444.0,45.0,10598.0,13564.0,False,False
2330,2022-10-27 09:35:44.614888,-0.0038809831824062613,0.0012970168612191912,-1.5,0.5,386.0,386.5,385.0,385.5,444.0,45.0,10598.0,13564.0,False,False
2330,2022-10-27 09:35:44.812110,-0.0038809831824062613,0.0012970168612191912,-1.5,0.5,386.0,386.5,385.0,385.5,444.0,44.0,10598.0,13564.0,False,False
2330,2022-10-27 09:35:44.884515,-0.0038809831824062613,0.0012970168612191912,-1.5,0.5,386.0,386.5,385.0,385.5,444.0,45.0,10598.0,13564.0,False,False
2330,2022-10-27 09:35:46.248717,-0.0038809831824062613,0.0012970168612191912,-1.5,0.5,386.0,386.5,385.0,385.5,444.0,44.0,10598.0,13564.0,False,False
2330,2022-10-27 09:35:46.529576,-0.0038809831824062613,0.0012970168612191912,-1.5,0.5,386.0,386.5,385.0,385.5,417.0,44.0,10598.0,13564.0,False,False
2330,2022-10-27 09:35:46.577785,-0.0038809831824062613,0.0012970168612191912,-1.5,0.5,386.0,386.5,385.0,385.5,417.0,44.0,10598.0,13564.0,False,False
2330,2022-10-27 09:35:46.615107,-0.0038809831824062613,0.0012970168612191912,-1.5,0.5,386.0,386.5,385.0,385.5,415.0,44.0,10598.0,13564.0,False,False
2330,2022-10-27 09:35:46.736201,-0.0038809831824062613,0.0012970168612191912,-1.5,0.5,386.0,386.5,385.0,385.5,415.0,44.0,10598.0,13564.0,False,False
2330,2022-10-27 09:35:46.847248,-0.0038809831824062613,0.0012970168612191912,-1.5,0.5,386.0,386.5,385.0,385.5,415.0,44.0,10598.0,13564.0,False,False
2330,2022-10-27 09:35:47.297886,-0.0038809831824062613,0.0012970168612191912,-1.5,0.5,386.0,386.5,385.0,385.5,415.0,44.0,10598.0,13564.0,False,False
2330,2022-10-27 09:35:47.552640,-0.0038809831824062613,0.0012970168612191912,-1.5,0.5,386.0,386.5,385.0,385.5,441.0,44.0,10598.0,13564.0,False,False
2330,2022-10-27 09:35:47.808260,-0.0038809831824062613,0.0012970168612191912,-1.5,0.5,386.0,386.5,385.0,385.5,441.0,44.0,10598.0,13564.0,False,False
2330,2022-10-27 09:35:47.818348,-0.0038809831824062613,0.0012970168612191912,-1.5,0.5,386.0,386.5,385.0,385.5,441.0,39.0,10598.0,13564.0,False,False
2330,2022-10-27 09:35:47.877772,-0.0038809831824062613,0.0012970168612191912,-1.5,0.5,386.0,386.5,385.0,385.5,439.0,37.0,10598.0,13564.0,False,False
2330,2022-10-27 09:35:48.084208,-0.0038809831824062613,0.0012970168612191912,-1.5,0.5,386.0,386.5,385.0,385.5,439.0,37.0,10598.0,13564.0,False,False
2330,2022-10-27 09:35:48.259868,-0.0038809831824062613,0.0012970168612191912,-1.5,0.5,386.0,386.5,385.0,385.5,439.0,37.0,10598.0,13564.0,False,False
2330,2022-10-27 09:35:48.992518,-0.0038809831824062613,0.0012970168612191912,-1.5,0.5,386.0,386.5,385.0,385.5,439.0,36.0,10598.0,13564.0,False,False
2330,2022-10-27 09:35:49.145028,-0.0038809831824062613,0.0012970168612191912,-1.5,0.5,386.0,386.5,385.0,385.5,439.0,35.0,10598.0,13564.0,False,False
2330,2022-10-27 09:35:49.303256,-0.0038809831824062613,0.0012970168612191912,-1.5,0.5,386.0,386.5,385.0,385.5,439.0,34.0,10598.0,13564.0,False,False
2330,2022-10-27 09:35:49.318079,-0.0038809831824062613,0.0012970168612191912,-1.5,0.5,386.0,386.5,385.0,385.5,439.0,34.0,10598.0,13564.0,False,False
2330,2022-10-27 09:35:49.407254,-0.0038809831824062613,0.0012970168612191912,-1.5,0.5,386.0,386.5,385.0,385.5,450.0,34.0,10598.0,13564.0,False,False
2330,2022-10-27 09:35:50.084754,-0.0038809831824062613,0.0012970168612191912,-1.5,0.5,386.0,386.5,385.0,385.5,450.0,34.0,10598.0,13564.0,False,False
2330,2022-10-27 09:35:50.166856,-0.0038809831824062613,0.0012970168612191912,-1.5,0.5,386.0,386.5,385.0,385.5,450.0,33.0,10598.0,13564.0,False,False
2330,2022-10-27 09:35:50.441778,-0.0038809831824062613,0.0012970168612191912,-1.5,0.5,386.0,386.5,385.0,385.5,450.0,23.0,10598.0,13564.0,False,False
2330,2022-10-27 09:35:50.472411,-0.0038809831824062613,0.0012970168612191912,-1.5,0.5,386.0,386.5,385.0,385.5,450.0,23.0,10598.0,13564.0,False,False
2330,2022-10-27 09:35:50.489875,-0.0038809831824062613,0.0012970168612191912,-1.5,0.5,386.0,386.5,385.0,385.5,450.0,23.0,10598.0,13564.0,False,False
2330,2022-10-27 09:35:50.645507,-0.0038809831824062613,0.0012970168612191912,-1.5,0.5,386.0,386.5,385.0,385.5,492.0,23.0,10598.0,13564.0,False,False
2330,2022-10-27 09:35:50.794383,-0.0038809831824062613,0.0012970168612191912,-1.5,0.5,386.0,386.5,385.0,385.5,492.0,23.0,10598.0,13564.0,False,False
2330,2022-10-27 09:35:51.109217,-0.0038809831824062613,0.0012970168612191912,-1.5,0.5,386.0,386.5,385.0,385.5,492.0,23.0,10598.0,13564.0,False,False
2330,2022-10-27 09:35:51.179232,-0.0038809831824062613,0.0012970168612191912,-1.5,0.5,386.0,386.5,385.0,385.5,492.0,13.0,10598.0,13564.0,False,False
2330,2022-10-27 09:35:51.229206,-0.0038809831824062613,0.0012970168612191912,-1.5,0.5,386.0,386.5,385.0,385.5,492.0,12.0,10598.0,13564.0,False,False
2330,2022-10-27 09:35:51.234869,-0.0038809831824062613,0.0012970168612191912,-1.5,0.5,386.0,386.5,385.0,385.5,492.0,12.0,10598.0,13564.0,False,False
2330,2022-10-27 09:35:51.316013,-0.0038809831824062613,0.0012970168612191912,-1.5,0.5,386.0,386.5,385.0,385.5,491.0,12.0,10598.0,13564.0,False,False
2330,2022-10-27 09:35:51.337727,-0.0038809831824062613,0.0012970168612191912,-1.5,0.5,386.0,386.5,385.0,385.5,491.0,13.0,10598.0,13564.0,False,False
2330,2022-10-27 09:35:51.489325,-0.0038809831824062613,0.0012970168612191912,-1.5,0.5,386.0,386.5,385.0,385.5,491.0,12.0,10598.0,13564.0,False,False
2330,2022-10-27 09:35:51.572591,-0.0038809831824062613,0.0012970168612191912,-1.5,0.5,386.0,386.5,385.0,385.5,491.0,12.0,10598.0,13564.0,False,False
2330,2022-10-27 09:35:51.630465,-0.0038809831824062613,0.0012970168612191912,-1.5,0.5,386.0,386.5,385.0,385.5,491.0,1.0,10598.0,13564.0,False,False
2330,2022-10-27 09:35:52.322068,-0.0038809831824062613,0.0012970168612191912,-1.5,0.5,386.0,386.5,385.0,385.5,491.0,1.0,10598.0,13564.0,False,False
2330,2022-10-27 09:35:52.349641,-0.0038809831824062613,0.0012970168612191912,-1.5,0.5,386.0,386.5,385.0,385.5,491.0,1.0,13204.0,5447.0,True,True
2330,2022-10-27 09:35:52.358195,-0.0051679586563307955,0.0012970168612191912,-2.0,0.5,386.0,387.0,385.0,385.5,491.0,621.0,13204.0,5447.0,False,False
2330,2022-10-27 09:35:52.413538,-0.0051679586563307955,0.0012970168612191912,-2.0,0.5,386.0,387.0,385.0,385.5,572.0,621.0,13204.0,5447.0,False,False
2330,2022-10-27 09:35:52.504618,-0.0051679586563307955,0.0012970168612191912,-2.0,0.5,386.0,387.0,385.0,385.5,491.0,621.0,13204.0,5447.0,False,False
2330,2022-10-27 09:35:52.491267,-0.0051679586563307955,0.0025940337224383825,-2.0,1.0,386.5,387.0,385.0,385.5,1.0,621.0,13204.0,5447.0,False,False
2330,2022-10-27 09:35:52.620992,-0.0051679586563307955,0.0025940337224383825,-2.0,1.0,386.5,387.0,385.0,385.5,1.0,621.0,13204.0,5447.0,False,False
2330,2022-10-27 09:35:52.705968,-0.0051679586563307955,0.0025940337224383825,-2.0,1.0,386.5,387.0,385.0,385.5,2.0,623.0,13204.0,5447.0,False,False
2330,2022-10-27 09:35:52.740840,-0.0051679586563307955,0.0012970168612191912,-2.0,0.5,386.0,387.0,385.0,385.5,490.0,623.0,13204.0,5447.0,False,False
2330,2022-10-27 09:35:52.776258,-0.0051679586563307955,0.0012970168612191912,-2.0,0.5,386.0,387.0,385.0,385.5,490.0,623.0,13204.0,5447.0,False,False
2330,2022-10-27 09:35:52.956093,-0.0051679586563307955,0.0012970168612191912,-2.0,0.5,386.0,387.0,385.0,385.5,488.0,623.0,13204.0,5447.0,False,False
2330,2022-10-27 09:35:53.188471,-0.0051679586563307955,0.0012970168612191912,-2.0,0.5,386.0,387.0,385.0,385.5,488.0,622.0,13204.0,5447.0,False,False
2330,2022-10-27 09:35:53.548100,-0.0051679586563307955,0.0012970168612191912,-2.0,0.5,386.0,387.0,385.0,385.5,492.0,622.0,13204.0,5447.0,False,False
2330,2022-10-27 09:35:53.629535,-0.0051679586563307955,0.0012970168612191912,-2.0,0.5,386.0,387.0,385.0,385.5,492.0,622.0,13204.0,5447.0,False,False
2330,2022-10-27 09:35:53.660006,-0.0051679586563307955,0.0012970168612191912,-2.0,0.5,386.0,387.0,385.0,385.5,492.0,623.0,13204.0,5447.0,False,False
2330,2022-10-27 09:35:53.770798,-0.0051679586563307955,0.0012970168612191912,-2.0,0.5,386.0,387.0,385.0,385.5,492.0,622.0,13204.0,5447.0,False,False
2330,2022-10-27 09:35:53.842055,-0.0051679586563307955,0.0012970168612191912,-2.0,0.5,386.0,387.0,385.0,385.5,492.0,622.0,13204.0,5447.0,False,False
2330,2022-10-27 09:35:53.806071,-0.0051679586563307955,0.0025940337224383825,-2.0,1.0,386.5,387.0,385.0,385.5,1.0,622.0,13204.0,5447.0,False,False
2330,2022-10-27 09:35:54.291118,-0.0051679586563307955,0.0012970168612191912,-2.0,0.5,386.0,387.0,385.0,385.5,491.0,622.0,13204.0,5447.0,False,False
2330,2022-10-27 09:35:54.703338,-0.0051679586563307955,0.0012970168612191912,-2.0,0.5,386.0,387.0,385.0,385.5,492.0,622.0,13204.0,5447.0,False,False
2330,2022-10-27 09:35:56.190969,-0.0051679586563307955,0.0012970168612191912,-2.0,0.5,386.0,387.0,385.0,385.5,492.0,622.0,13204.0,5447.0,False,False
2330,2022-10-27 09:35:56.344657,-0.0051679586563307955,0.0012970168612191912,-2.0,0.5,386.0,387.0,385.0,385.5,492.0,622.0,13204.0,5447.0,False,False
2330,2022-10-27 09:35:56.502688,-0.0051679586563307955,0.0012970168612191912,-2.0,0.5,386.0,387.0,385.0,385.5,492.0,622.0,13204.0,5447.0,False,False
2330,2022-10-27 09:35:56.691082,-0.0051679586563307955,0.0012970168612191912,-2.0,0.5,386.0,387.0,385.0,385.5,492.0,622.0,13204.0,5447.0,False,False
2330,2022-10-27 09:35:56.953439,-0.0051679586563307955,0.0012970168612191912,-2.0,0.5,386.0,387.0,385.0,385.5,492.0,622.0,13204.0,5447.0,False,False
2330,2022-10-27 09:35:57.278931,-0.0038809831824062613,0.0012970168612191912,-1.5,0.5,386.0,386.5,385.0,385.5,492.0,1.0,13204.0,5447.0,False,False
2330,2022-10-27 09:35:57.308924,-0.0038809831824062613,0.0012970168612191912,-1.5,0.5,386.0,386.5,385.0,385.5,492.0,1.0,13204.0,5447.0,False,False
2330,2022-10-27 09:35:57.381173,-0.0051679586563307955,0.0012970168612191912,-2.0,0.5,386.0,387.0,385.0,385.5,492.0,622.0,13204.0,5447.0,False,False
2330,2022-10-27 09:35:57.368230,-0.0038809831824062613,0.0012970168612191912,-1.5,0.5,386.0,386.5,385.0,385.5,492.0,1.0,13204.0,5447.0,False,False
2330,2022-10-27 09:35:57.432286,-0.0051679586563307955,0.0012970168612191912,-2.0,0.5,386.0,387.0,385.0,385.5,492.0,622.0,13204.0,5447.0,False,False
2330,2022-10-27 09:35:57.572611,-0.0051679586563307955,0.0012970168612191912,-2.0,0.5,386.0,387.0,385.0,385.5,492.0,621.0,13204.0,5447.0,False,False
2330,2022-10-27 09:35:57.709343,-0.0051679586563307955,0.0012970168612191912,-2.0,0.5,386.0,387.0,385.0,385.5,490.0,621.0,13204.0,5447.0,False,False
2330,2022-10-27 09:35:58.695904,-0.0038809831824062613,0.0012970168612191912,-1.5,0.5,386.0,386.5,385.0,385.5,490.0,1.0,13204.0,5447.0,False,False
2330,2022-10-27 09:35:58.759542,-0.0038809831824062613,0.0012970168612191912,-1.5,0.5,386.0,386.5,385.0,385.5,490.0,1.0,13204.0,5447.0,False,False
2330,2022-10-27 09:35:58.976355,-0.0038809831824062613,0.0012970168612191912,-1.5,0.5,386.0,386.5,385.0,385.5,490.0,1.0,13204.0,5447.0,False,False
2330,2022-10-27 09:35:59.002787,-0.0038809831824062613,0.0012970168612191912,-1.5,0.5,386.0,386.5,385.0,385.5,492.0,1.0,13204.0,5447.0,False,False
2330,2022-10-27 09:35:59.361724,-0.0038809831824062613,0.0012970168612191912,-1.5,0.5,386.0,386.5,385.0,385.5,492.0,1.0,13204.0,5447.0,False,False
2330,2022-10-27 09:35:59.702469,-0.0038809831824062613,0.0012970168612191912,-1.5,0.5,386.0,386.5,385.0,385.5,492.0,1.0,13204.0,5447.0,False,False
2330,2022-10-27 09:35:59.713563,-0.0038809831824062613,0.0012970168612191912,-1.5,0.5,386.0,386.5,385.0,385.5,492.0,1.0,13204.0,5447.0,False,False
2330,2022-10-27 09:35:59.967026,-0.0038809831824062613,0.0012970168612191912,-1.5,0.5,386.0,386.5,385.0,385.5,492.0,2.0,13204.0,5447.0,False,False
2330,2022-10-27 09:36:00.209550,-0.0038809831824062613,0.0012970168612191912,-1.5,0.5,386.0,386.5,385.0,385.5,492.0,4.0,13204.0,5447.0,False,False
2330,2022-10-27 09:36:00.345679,-0.0038809831824062613,0.0012970168612191912,-1.5,0.5,386.0,386.5,385.0,385.5,492.0,3.0,13204.0,5447.0,False,False
2330,2022-10-27 09:36:00.807918,-0.0038809831824062613,0.0012970168612191912,-1.5,0.5,386.0,386.5,385.0,385.5,492.0,4.0,13204.0,5447.0,False,False
2330,2022-10-27 09:36:00.958837,-0.0038809831824062613,0.0012970168612191912,-1.5,0.5,386.0,386.5,385.0,385.5,493.0,4.0,13204.0,5447.0,False,False
2330,2022-10-27 09:36:01.560760,-0.0038809831824062613,0.0012970168612191912,-1.5,0.5,386.0,386.5,385.0,385.5,498.0,4.0,13204.0,5447.0,False,False
2330,2022-10-27 09:36:01.644975,-0.0038809831824062613,0.0012970168612191912,-1.5,0.5,386.0,386.5,385.0,385.5,498.0,8.0,13204.0,5447.0,False,False
2330,2022-10-27 09:36:01.853660,-0.0038809831824062613,0.0012970168612191912,-1.5,0.5,386.0,386.5,385.0,385.5,498.0,8.0,13204.0,5447.0,False,False
2330,2022-10-27 09:36:01.961127,-0.0038809831824062613,0.0012970168612191912,-1.5,0.5,386.0,386.5,385.0,385.5,498.0,8.0,13204.0,5447.0,False,False
2330,2022-10-27 09:36:02.012045,-0.0038809831824062613,0.0012970168612191912,-1.5,0.5,386.0,386.5,385.0,385.5,497.0,8.0,13204.0,5447.0,False,False
2330,2022-10-27 09:36:02.387318,-0.0038809831824062613,0.0012970168612191912,-1.5,0.5,386.0,386.5,385.0,385.5,497.0,8.0,13262.0,5376.0,True,True
2330,2022-10-27 09:36:02.834857,-0.0038809831824062613,0.0012970168612191912,-1.5,0.5,386.0,386.5,385.0,385.5,497.0,8.0,13262.0,5376.0,False,False
2330,2022-10-27 09:36:02.945920,-0.0038809831824062613,0.0012970168612191912,-1.5,0.5,386.0,386.5,385.0,385.5,497.0,8.0,13262.0,5376.0,False,False
2330,2022-10-27 09:36:02.977679,-0.0038809831824062613,0.0012970168612191912,-1.5,0.5,386.0,386.5,385.0,385.5,498.0,8.0,13262.0,5376.0,False,False
2330,2022-10-27 09:36:03.065875,-0.0038809831824062613,0.0012970168612191912,-1.5,0.5,386.0,386.5,385.0,385.5,498.0,8.0,13262.0,5376.0,False,False
2330,2022-10-27 09:36:03.235951,-0.0038809831824062613,0.0012970168612191912,-1.5,0.5,386.0,386.5,385.0,385.5,493.0,8.0,13262.0,5376.0,False,False
2330,2022-10-27 09:36:04.513142,-0.0038809831824062613,0.0012970168612191912,-1.5,0.5,386.0,386.5,385.0,385.5,467.0,8.0,13262.0,5376.0,False,False
2330,2022-10-27 09:36:06.384266,-0.0038809831824062613,0.0012970168612191912,-1.5,0.5,386.0,386.5,385.0,385.5,467.0,8.0,13262.0,5376.0,False,False
2330,2022-10-27 09:36:06.507985,-0.0038809831824062613,0.0012970168612191912,-1.5,0.5,386.0,386.5,385.0,385.5,476.0,8.0,13262.0,5376.0,False,False
2330,2022-10-27 09:36:06.772824,-0.0038809831824062613,0.0012970168612191912,-1.5,0.5,386.0,386.5,385.0,385.5,476.0,11.0,13262.0,5376.0,False,False
2330,2022-10-27 09:36:07.094896,-0.0038809831824062613,0.0012970168612191912,-1.5,0.5,386.0,386.5,385.0,385.5,476.0,11.0,13262.0,5376.0,False,False
2330,2022-10-27 09:36:07.630900,-0.0038809831824062613,0.0012970168612191912,-1.5,0.5,386.0,386.5,385.0,385.5,504.0,11.0,13262.0,5376.0,False,False
2330,2022-10-27 09:36:07.652574,-0.0038809831824062613,0.0012970168612191912,-1.5,0.5,386.0,386.5,385.0,385.5,504.0,12.0,13262.0,5376.0,False,False
2330,2022-10-27 09:36:07.924659,-0.0038809831824062613,0.0012970168612191912,-1.5,0.5,386.0,386.5,385.0,385.5,504.0,12.0,13262.0,5376.0,False,False
2330,2022-10-27 09:36:08.170580,-0.0038809831824062613,0.0012970168612191912,-1.5,0.5,386.0,386.5,385.0,385.5,504.0,14.0,13262.0,5376.0,False,False
2330,2022-10-27 09:36:08.582489,-0.0038809831824062613,0.0012970168612191912,-1.5,0.5,386.0,386.5,385.0,385.5,508.0,14.0,13262.0,5376.0,False,False
2330,2022-10-27 09:36:08.761035,-0.0038809831824062613,0.0012970168612191912,-1.5,0.5,386.0,386.5,385.0,385.5,508.0,14.0,13262.0,5376.0,False,False
2330,2022-10-27 09:36:08.945075,-0.0038809831824062613,0.0012970168612191912,-1.5,0.5,386.0,386.5,385.0,385.5,507.0,14.0,13262.0,5376.0,False,False
2330,2022-10-27 09:36:09.147524,-0.0038809831824062613,0.0012970168612191912,-1.5,0.5,386.0,386.5,385.0,385.5,508.0,14.0,13262.0,5376.0,False,False
2330,2022-10-27 09:36:09.177857,-0.0038809831824062613,0.0012970168612191912,-1.5,0.5,386.0,386.5,385.0,385.5,306.0,14.0,13262.0,5376.0,False,False
2330,2022-10-27 09:36:10.418268,-0.0038809831824062613,0.0012970168612191912,-1.5,0.5,386.0,386.5,385.0,385.5,305.0,14.0,13262.0,5376.0,False,False
2330,2022-10-27 09:36:10.799459,-0.0038809831824062613,0.0012970168612191912,-1.5,0.5,386.0,386.5,385.0,385.5,305.0,14.0,13262.0,5376.0,False,False
2330,2022-10-27 09:36:10.800053,-0.0038809831824062613,0.0012970168612191912,-1.5,0.5,386.0,386.5,385.0,385.5,305.0,14.0,13262.0,5376.0,False,False
2330,2022-10-27 09:36:11.148060,-0.0038809831824062613,0.0012970168612191912,-1.5,0.5,386.0,386.5,385.0,385.5,304.0,14.0,13262.0,5376.0,False,False
2330,2022-10-27 09:36:11.284270,-0.0038809831824062613,0.0012970168612191912,-1.5,0.5,386.0,386.5,385.0,385.5,304.0,14.0,13262.0,5376.0,False,False
2330,2022-10-27 09:36:11.398225,-0.0038809831824062613,0.0012970168612191912,-1.5,0.5,386.0,386.5,385.0,385.5,304.0,14.0,13262.0,5376.0,False,False
2330,2022-10-27 09:36:11.508649,-0.0038809831824062613,0.0012970168612191912,-1.5,0.5,386.0,386.5,385.0,385.5,276.0,14.0,13262.0,5376.0,False,False
2330,2022-10-27 09:36:12.234631,-0.0038809831824062613,0.0012970168612191912,-1.5,0.5,386.0,386.5,385.0,385.5,276.0,14.0,13262.0,5376.0,False,False
2330,2022-10-27 09:36:12.422761,-0.0038809831824062613,0.0012970168612191912,-1.5,0.5,386.0,386.5,385.0,385.5,276.0,14.0,13612.0,4505.0,True,True
2330,2022-10-27 09:36:12.718832,-0.0038809831824062613,0.0012970168612191912,-1.5,0.5,386.0,386.5,385.0,385.5,285.0,14.0,13612.0,4505.0,False,False
2330,2022-10-27 09:36:12.749749,-0.0038809831824062613,0.0012970168612191912,-1.5,0.5,386.0,386.5,385.0,385.5,285.0,16.0,13612.0,4505.0,False,False
2330,2022-10-27 09:36:12.854940,-0.0038809831824062613,0.0012970168612191912,-1.5,0.5,386.0,386.5,385.0,385.5,285.0,16.0,13612.0,4505.0,False,False
2330,2022-10-27 09:36:13.207132,-0.0038809831824062613,0.0012970168612191912,-1.5,0.5,386.0,386.5,385.0,385.5,284.0,16.0,13612.0,4505.0,False,False
2330,2022-10-27 09:36:13.273905,-0.0038809831824062613,0.0012970168612191912,-1.5,0.5,386.0,386.5,385.0,385.5,282.0,16.0,13612.0,4505.0,False,False
2330,2022-10-27 09:36:13.312148,-0.0038809831824062613,0.0012970168612191912,-1.5,0.5,386.0,386.5,385.0,385.5,281.0,16.0,13612.0,4505.0,False,False
2330,2022-10-27 09:36:13.378560,-0.0038809831824062613,0.0012970168612191912,-1.5,0.5,386.0,386.5,385.0,385.5,281.0,16.0,13612.0,4505.0,False,False
2330,2022-10-27 09:36:13.404198,-0.0038809831824062613,0.0012970168612191912,-1.5,0.5,386.0,386.5,385.0,385.5,281.0,16.0,13612.0,4505.0,False,False
2330,2022-10-27 09:36:13.650773,-0.0038809831824062613,0.0012970168612191912,-1.5,0.5,386.0,386.5,385.0,385.5,281.0,16.0,13612.0,4505.0,False,False
2330,2022-10-27 09:36:13.750481,-0.0038809831824062613,0.0012970168612191912,-1.5,0.5,386.0,386.5,385.0,385.5,281.0,17.0,13612.0,4505.0,False,False
2330,2022-10-27 09:36:13.991366,-0.0038809831824062613,0.0012970168612191912,-1.5,0.5,386.0,386.5,385.0,385.5,281.0,17.0,13612.0,4505.0,False,False
2330,2022-10-27 09:36:14.160556,-0.0038809831824062613,0.0012970168612191912,-1.5,0.5,386.0,386.5,385.0,385.5,281.0,17.0,13612.0,4505.0,False,False
2330,2022-10-27 09:36:14.272951,-0.0038809831824062613,0.0012970168612191912,-1.5,0.5,386.0,386.5,385.0,385.5,281.0,17.0,13612.0,4505.0,False,False
2330,2022-10-27 09:36:14.342807,-0.0038809831824062613,0.0012970168612191912,-1.5,0.5,386.0,386.5,385.0,385.5,280.0,17.0,13612.0,4505.0,False,False
2330,2022-10-27 09:36:14.362360,-0.0038809831824062613,0.0012970168612191912,-1.5,0.5,386.0,386.5,385.0,385.5,280.0,17.0,13612.0,4505.0,False,False
2330,2022-10-27 09:36:14.438474,-0.0038809831824062613,0.0012970168612191912,-1.5,0.5,386.0,386.5,385.0,385.5,280.0,16.0,13612.0,4505.0,False,False
2330,2022-10-27 09:36:14.502739,-0.0038809831824062613,0.0012970168612191912,-1.5,0.5,386.0,386.5,385.0,385.5,280.0,16.0,13612.0,4505.0,False,False
2330,2022-10-27 09:36:14.661735,-0.0038809831824062613,0.0012970168612191912,-1.5,0.5,386.0,386.5,385.0,385.5,280.0,15.0,13612.0,4505.0,False,False
2330,2022-10-27 09:36:14.822788,-0.0038809831824062613,0.0012970168612191912,-1.5,0.5,386.0,386.5,385.0,385.5,280.0,15.0,13612.0,4505.0,False,False
2330,2022-10-27 09:36:14.881304,-0.0038809831824062613,0.0012970168612191912,-1.5,0.5,386.0,386.5,385.0,385.5,275.0,15.0,13612.0,4505.0,False,False
2330,2022-10-27 09:36:15.080781,-0.0038809831824062613,0.0012970168612191912,-1.5,0.5,386.0,386.5,385.0,385.5,265.0,15.0,13612.0,4505.0,False,False
2330,2022-10-27 09:36:15.097060,-0.0038809831824062613,0.0012970168612191912,-1.5,0.5,386.0,386.5,385.0,385.5,265.0,15.0,13612.0,4505.0,False,False
2330,2022-10-27 09:36:15.221997,-0.0038809831824062613,0.0012970168612191912,-1.5,0.5,386.0,386.5,385.0,385.5,265.0,15.0,13612.0,4505.0,False,False
2330,2022-10-27 09:36:15.370245,-0.0038809831824062613,0.0012970168612191912,-1.5,0.5,386.0,386.5,385.0,385.5,266.0,15.0,13612.0,4505.0,False,False
2330,2022-10-27 09:36:16.037510,-0.0038809831824062613,0.0012970168612191912,-1.5,0.5,386.0,386.5,385.0,385.5,266.0,15.0,13612.0,4505.0,False,False
2330,2022-10-27 09:36:16.695417,-0.0038809831824062613,0.0012970168612191912,-1.5,0.5,386.0,386.5,385.0,385.5,266.0,25.0,13612.0,4505.0,False,False
2330,2022-10-27 09:36:16.727878,-0.0038809831824062613,0.0012970168612191912,-1.5,0.5,386.0,386.5,385.0,385.5,267.0,25.0,13612.0,4505.0,False,False
2330,2022-10-27 09:36:16.818656,-0.0038809831824062613,0.0012970168612191912,-1.5,0.5,386.0,386.5,385.0,385.5,268.0,25.0,13612.0,4505.0,False,False
2330,2022-10-27 09:36:17.437286,-0.0038809831824062613,0.0012970168612191912,-1.5,0.5,386.0,386.5,385.0,385.5,268.0,26.0,13612.0,4505.0,False,False
2330,2022-10-27 09:36:17.580089,-0.0038809831824062613,0.0012970168612191912,-1.5,0.5,386.0,386.5,385.0,385.5,268.0,25.0,13612.0,4505.0,False,False
2330,2022-10-27 09:36:17.671006,-0.0038809831824062613,0.0012970168612191912,-1.5,0.5,386.0,386.5,385.0,385.5,268.0,26.0,13612.0,4505.0,False,False
2330,2022-10-27 09:36:18.098784,-0.0038809831824062613,0.0012970168612191912,-1.5,0.5,386.0,386.5,385.0,385.5,268.0,26.0,13612.0,4505.0,False,False
2330,2022-10-27 09:36:18.350079,-0.0038809831824062613,0.0012970168612191912,-1.5,0.5,386.0,386.5,385.0,385.5,268.0,26.0,13612.0,4505.0,False,False
2330,2022-10-27 09:36:18.419874,-0.0038809831824062613,0.0012970168612191912,-1.5,0.5,386.0,386.5,385.0,385.5,268.0,26.0,13612.0,4505.0,False,False
2330,2022-10-27 09:36:18.552717,-0.0038809831824062613,0.0012970168612191912,-1.5,0.5,386.0,386.5,385.0,385.5,268.0,26.0,13612.0,4505.0,False,False
2330,2022-10-27 09:36:18.962476,-0.0038809831824062613,0.0012970168612191912,-1.5,0.5,386.0,386.5,385.0,385.5,203.0,26.0,13612.0,4505.0,False,False
2330,2022-10-27 09:36:19.334539,-0.0038809831824062613,0.0012970168612191912,-1.5,0.5,386.0,386.5,385.0,385.5,203.0,26.0,13612.0,4505.0,False,False
2330,2022-10-27 09:36:19.766792,-0.0038809831824062613,0.0012970168612191912,-1.5,0.5,386.0,386.5,385.0,385.5,203.0,26.0,13612.0,4505.0,False,False
2330,2022-10-27 09:36:19.863327,-0.0038809831824062613,0.0012970168612191912,-1.5,0.5,386.0,386.5,385.0,385.5,203.0,30.0,13612.0,4505.0,False,False
2330,2022-10-27 09:36:20.146830,-0.0038809831824062613,0.0012970168612191912,-1.5,0.5,386.0,386.5,385.0,385.5,203.0,30.0,13612.0,4505.0,False,False
2330,2022-10-27 09:36:20.865157,-0.0038809831824062613,0.0012970168612191912,-1.5,0.5,386.0,386.5,385.0,385.5,203.0,30.0,13612.0,4505.0,False,False
2330,2022-10-27 09:36:21.164564,-0.0038809831824062613,0.0012970168612191912,-1.5,0.5,386.0,386.5,385.0,385.5,204.0,30.0,13612.0,4505.0,False,False
2330,2022-10-27 09:36:21.169578,-0.0038809831824062613,0.0012970168612191912,-1.5,0.5,386.0,386.5,385.0,385.5,203.0,30.0,13612.0,4505.0,False,False
2330,2022-10-27 09:36:21.376562,-0.0038809831824062613,0.0012970168612191912,-1.5,0.5,386.0,386.5,385.0,385.5,202.0,30.0,13612.0,4505.0,False,False
2330,2022-10-27 09:36:21.471435,-0.0038809831824062613,0.0012970168612191912,-1.5,0.5,386.0,386.5,385.0,385.5,202.0,30.0,13612.0,4505.0,False,False
2330,2022-10-27 09:36:21.899235,-0.0038809831824062613,0.0012970168612191912,-1.5,0.5,386.0,386.5,385.0,385.5,201.0,30.0,13612.0,4505.0,False,False
2330,2022-10-27 09:36:22.448380,-0.0038809831824062613,0.0012970168612191912,-1.5,0.5,386.0,386.5,385.0,385.5,201.0,30.0,12333.0,2611.0,True,True
2330,2022-10-27 09:36:23.387740,-0.0038809831824062613,0.0012970168612191912,-1.5,0.5,386.0,386.5,385.0,385.5,200.0,30.0,12333.0,2611.0,False,False
2330,2022-10-27 09:36:23.586451,-0.0038809831824062613,0.0012970168612191912,-1.5,0.5,386.0,386.5,385.0,385.5,200.0,31.0,12333.0,2611.0,False,False
2330,2022-10-27 09:36:23.757659,-0.0038809831824062613,0.0012970168612191912,-1.5,0.5,386.0,386.5,385.0,385.5,200.0,32.0,12333.0,2611.0,False,False
2330,2022-10-27 09:36:23.880413,-0.0038809831824062613,0.0012970168612191912,-1.5,0.5,386.0,386.5,385.0,385.5,174.0,32.0,12333.0,2611.0,False,False
2330,2022-10-27 09:36:23.881068,-0.0038809831824062613,0.0012970168612191912,-1.5,0.5,386.0,386.5,385.0,385.5,174.0,32.0,12333.0,2611.0,False,False
2330,2022-10-27 09:36:24.196806,-0.0038809831824062613,0.0012970168612191912,-1.5,0.5,386.0,386.5,385.0,385.5,174.0,32.0,12333.0,2611.0,False,False
2330,2022-10-27 09:36:24.628425,-0.0038809831824062613,0.0012970168612191912,-1.5,0.5,386.0,386.5,385.0,385.5,174.0,32.0,12333.0,2611.0,False,False
2330,2022-10-27 09:36:24.671591,-0.0038809831824062613,0.0012970168612191912,-1.5,0.5,386.0,386.5,385.0,385.5,174.0,36.0,12333.0,2611.0,False,False
2330,2022-10-27 09:36:24.921933,-0.0038809831824062613,0.0012970168612191912,-1.5,0.5,386.0,386.5,385.0,385.5,174.0,36.0,12333.0,2611.0,False,False
2330,2022-10-27 09:36:25.061310,-0.0038809831824062613,0.0012970168612191912,-1.5,0.5,386.0,386.5,385.0,385.5,173.0,36.0,12333.0,2611.0,False,False
2330,2022-10-27 09:36:25.508836,-0.0038809831824062613,0.0012970168612191912,-1.5,0.5,386.0,386.5,385.0,385.5,173.0,36.0,12333.0,2611.0,False,False
2330,2022-10-27 09:36:26.108229,-0.0038809831824062613,0.0012970168612191912,-1.5,0.5,386.0,386.5,385.0,385.5,173.0,36.0,12333.0,2611.0,False,False
2330,2022-10-27 09:36:26.418065,-0.0038809831824062613,0.0012970168612191912,-1.5,0.5,386.0,386.5,385.0,385.5,173.0,36.0,12333.0,2611.0,False,False
2330,2022-10-27 09:36:26.418963,-0.0038809831824062613,0.0012970168612191912,-1.5,0.5,386.0,386.5,385.0,385.5,173.0,36.0,12333.0,2611.0,False,False
2330,2022-10-27 09:36:26.881150,-0.0038809831824062613,0.0012970168612191912,-1.5,0.5,386.0,386.5,385.0,385.5,173.0,36.0,12333.0,2611.0,False,False
2330,2022-10-27 09:36:26.973006,-0.0038809831824062613,0.0012970168612191912,-1.5,0.5,386.0,386.5,385.0,385.5,173.0,37.0,12333.0,2611.0,False,False
2330,2022-10-27 09:36:27.091859,-0.0038809831824062613,0.0012970168612191912,-1.5,0.5,386.0,386.5,385.0,385.5,173.0,38.0,12333.0,2611.0,False,False
2330,2022-10-27 09:36:27.357896,-0.0038809831824062613,0.0012970168612191912,-1.5,0.5,386.0,386.5,385.0,385.5,173.0,38.0,12333.0,2611.0,False,False
2330,2022-10-27 09:36:28.052697,-0.0038809831824062613,0.0012970168612191912,-1.5,0.5,386.0,386.5,385.0,385.5,173.0,38.0,12333.0,2611.0,False,False
2330,2022-10-27 09:36:28.127334,-0.0038809831824062613,0.0012970168612191912,-1.5,0.5,386.0,386.5,385.0,385.5,173.0,38.0,12333.0,2611.0,False,False
2330,2022-10-27 09:36:28.848925,-0.0038809831824062613,0.0012970168612191912,-1.5,0.5,386.0,386.5,385.0,385.5,173.0,40.0,12333.0,2611.0,False,False
2330,2022-10-27 09:36:28.950202,-0.0038809831824062613,0.0012970168612191912,-1.5,0.5,386.0,386.5,385.0,385.5,174.0,40.0,12333.0,2611.0,False,False
2330,2022-10-27 09:36:29.065926,-0.0038809831824062613,0.0012970168612191912,-1.5,0.5,386.0,386.5,385.0,385.5,173.0,40.0,12333.0,2611.0,False,False
2330,2022-10-27 09:36:29.772461,-0.0038809831824062613,0.0012970168612191912,-1.5,0.5,386.0,386.5,385.0,385.5,173.0,40.0,12333.0,2611.0,False,False
2330,2022-10-27 09:36:29.876850,-0.0038809831824062613,0.0012970168612191912,-1.5,0.5,386.0,386.5,385.0,385.5,723.0,44.0,12333.0,2611.0,False,False
2330,2022-10-27 09:36:29.977126,-0.0038809831824062613,0.0012970168612191912,-1.5,0.5,386.0,386.5,385.0,385.5,788.0,44.0,12333.0,2611.0,False,False
2330,2022-10-27 09:36:30.077805,-0.0038809831824062613,0.0012970168612191912,-1.5,0.5,386.0,386.5,385.0,385.5,787.0,44.0,12333.0,2611.0,False,False
2330,2022-10-27 09:36:30.133760,-0.0038809831824062613,0.0012970168612191912,-1.5,0.5,386.0,386.5,385.0,385.5,787.0,44.0,12333.0,2611.0,False,False
2330,2022-10-27 09:36:30.523323,-0.0038809831824062613,0.0012970168612191912,-1.5,0.5,386.0,386.5,385.0,385.5,816.0,44.0,12333.0,2611.0,False,False
2330,2022-10-27 09:36:30.706892,-0.0038809831824062613,0.0012970168612191912,-1.5,0.5,386.0,386.5,385.0,385.5,814.0,44.0,12333.0,2611.0,False,False
2330,2022-10-27 09:36:30.946623,-0.0038809831824062613,0.0012970168612191912,-1.5,0.5,386.0,386.5,385.0,385.5,885.0,44.0,12333.0,2611.0,False,False
2330,2022-10-27 09:36:30.972482,-0.0038809831824062613,0.0012970168612191912,-1.5,0.5,386.0,386.5,385.0,385.5,885.0,46.0,12333.0,2611.0,False,False
2330,2022-10-27 09:36:31.085975,-0.0038809831824062613,0.0012970168612191912,-1.5,0.5,386.0,386.5,385.0,385.5,905.0,46.0,12333.0,2611.0,False,False
2330,2022-10-27 09:36:31.249059,-0.0038809831824062613,0.0012970168612191912,-1.5,0.5,386.0,386.5,385.0,385.5,907.0,47.0,12333.0,2611.0,False,False
2330,2022-10-27 09:36:31.695937,-0.0038809831824062613,0.0012970168612191912,-1.5,0.5,386.0,386.5,385.0,385.5,907.0,47.0,12333.0,2611.0,False,False
2330,2022-10-27 09:36:31.874218,-0.0038809831824062613,0.0012970168612191912,-1.5,0.5,386.0,386.5,385.0,385.5,907.0,48.0,12333.0,2611.0,False,False
2330,2022-10-27 09:36:31.897881,-0.0038809831824062613,0.0012970168612191912,-1.5,0.5,386.0,386.5,385.0,385.5,907.0,38.0,12333.0,2611.0,False,False
2330,2022-10-27 09:36:32.478226,-0.0038809831824062613,0.0012970168612191912,-1.5,0.5,386.0,386.5,385.0,385.5,907.0,38.0,14334.0,1792.0,True,True
2330,2022-10-27 09:36:32.798846,-0.0038809831824062613,0.0012970168612191912,-1.5,0.5,386.0,386.5,385.0,385.5,907.0,38.0,14334.0,1792.0,False,False
2330,2022-10-27 09:36:33.304204,-0.0038809831824062613,0.0012970168612191912,-1.5,0.5,386.0,386.5,385.0,385.5,907.0,38.0,14334.0,1792.0,False,False
2330,2022-10-27 09:36:34.518022,-0.0038809831824062613,0.0012970168612191912,-1.5,0.5,386.0,386.5,385.0,385.5,907.0,38.0,14334.0,1792.0,False,False
2330,2022-10-27 09:36:34.635747,-0.0038809831824062613,0.0012970168612191912,-1.5,0.5,386.0,386.5,385.0,385.5,912.0,37.0,14334.0,1792.0,False,False
2330,2022-10-27 09:36:34.614368,-0.0038809831824062613,0.0012970168612191912,-1.5,0.5,386.0,386.5,385.0,385.5,912.0,38.0,14334.0,1792.0,False,False
2330,2022-10-27 09:36:34.766680,-0.0038809831824062613,0.0012970168612191912,-1.5,0.5,386.0,386.5,385.0,385.5,912.0,38.0,14334.0,1792.0,False,False
2330,2022-10-27 09:36:34.838338,-0.0038809831824062613,0.0012970168612191912,-1.5,0.5,386.0,386.5,385.0,385.5,912.0,37.0,14334.0,1792.0,False,False
2330,2022-10-27 09:36:35.196505,-0.0038809831824062613,0.0012970168612191912,-1.5,0.5,386.0,386.5,385.0,385.5,912.0,37.0,14334.0,1792.0,False,False
2330,2022-10-27 09:36:35.367919,-0.0038809831824062613,0.0012970168612191912,-1.5,0.5,386.0,386.5,385.0,385.5,912.0,37.0,14334.0,1792.0,False,False
2330,2022-10-27 09:36:35.624507,-0.0038809831824062613,0.0012970168612191912,-1.5,0.5,386.0,386.5,385.0,385.5,912.0,37.0,14334.0,1792.0,False,False
2330,2022-10-27 09:36:36.480550,-0.0038809831824062613,0.0012970168612191912,-1.5,0.5,386.0,386.5,385.0,385.5,912.0,38.0,14334.0,1792.0,False,False
2330,2022-10-27 09:36:36.601274,-0.0038809831824062613,0.0012970168612191912,-1.5,0.5,386.0,386.5,385.0,385.5,912.0,38.0,14334.0,1792.0,False,False
2330,2022-10-27 09:36:36.601777,-0.0038809831824062613,0.0012970168612191912,-1.5,0.5,386.0,386.5,385.0,385.5,912.0,38.0,14334.0,1792.0,False,False
2330,2022-10-27 09:36:36.914735,-0.0038809831824062613,0.0012970168612191912,-1.5,0.5,386.0,386.5,385.0,385.5,912.0,38.0,14334.0,1792.0,False,False
2330,2022-10-27 09:36:37.401495,-0.0038809831824062613,0.0012970168612191912,-1.5,0.5,386.0,386.5,385.0,385.5,912.0,37.0,14334.0,1792.0,False,False
2330,2022-10-27 09:36:37.471046,-0.0038809831824062613,0.0012970168612191912,-1.5,0.5,386.0,386.5,385.0,385.5,912.0,39.0,14334.0,1792.0,False,False
2330,2022-10-27 09:36:38.392924,-0.0038809831824062613,0.0012970168612191912,-1.5,0.5,386.0,386.5,385.0,385.5,912.0,39.0,14334.0,1792.0,False,False
2330,2022-10-27 09:36:38.576019,-0.0038809831824062613,0.0012970168612191912,-1.5,0.5,386.0,386.5,385.0,385.5,912.0,38.0,14334.0,1792.0,False,False
2330,2022-10-27 09:36:38.631885,-0.0038809831824062613,0.0012970168612191912,-1.5,0.5,386.0,386.5,385.0,385.5,912.0,37.0,14334.0,1792.0,False,False
2330,2022-10-27 09:36:39.068353,-0.0038809831824062613,0.0012970168612191912,-1.5,0.5,386.0,386.5,385.0,385.5,912.0,37.0,14334.0,1792.0,False,False
2330,2022-10-27 09:36:39.410964,-0.0038809831824062613,0.0012970168612191912,-1.5,0.5,386.0,386.5,385.0,385.5,912.0,38.0,14334.0,1792.0,False,False
2330,2022-10-27 09:36:39.895826,-0.0038809831824062613,0.0012970168612191912,-1.5,0.5,386.0,386.5,385.0,385.5,911.0,37.0,14334.0,1792.0,False,False
2330,2022-10-27 09:36:40.019734,-0.0038809831824062613,0.0012970168612191912,-1.5,0.5,386.0,386.5,385.0,385.5,911.0,37.0,14334.0,1792.0,False,False
2330,2022-10-27 09:36:40.630214,-0.0038809831824062613,0.0012970168612191912,-1.5,0.5,386.0,386.5,385.0,385.5,939.0,37.0,14334.0,1792.0,False,False
2330,2022-10-27 09:36:40.814145,-0.0038809831824062613,0.0012970168612191912,-1.5,0.5,386.0,386.5,385.0,385.5,939.0,38.0,14334.0,1792.0,False,False
2330,2022-10-27 09:36:41.004330,-0.0038809831824062613,0.0012970168612191912,-1.5,0.5,386.0,386.5,385.0,385.5,939.0,38.0,14334.0,1792.0,False,False
2330,2022-10-27 09:36:41.072010,-0.0038809831824062613,0.0012970168612191912,-1.5,0.5,386.0,386.5,385.0,385.5,939.0,38.0,14334.0,1792.0,False,False
2330,2022-10-27 09:36:41.802053,-0.0038809831824062613,0.0012970168612191912,-1.5,0.5,386.0,386.5,385.0,385.5,940.0,38.0,14334.0,1792.0,False,False
2330,2022-10-27 09:36:41.890915,-0.0038809831824062613,0.0012970168612191912,-1.5,0.5,386.0,386.5,385.0,385.5,940.0,37.0,14334.0,1792.0,False,False
2330,2022-10-27 09:36:41.899172,-0.0038809831824062613,0.0012970168612191912,-1.5,0.5,386.0,386.5,385.0,385.5,941.0,37.0,14334.0,1792.0,False,False
2330,2022-10-27 09:36:42.171511,-0.0038809831824062613,0.0012970168612191912,-1.5,0.5,386.0,386.5,385.0,385.5,943.0,37.0,14334.0,1792.0,False,False
2330,2022-10-27 09:36:42.503641,-0.0038809831824062613,0.0012970168612191912,-1.5,0.5,386.0,386.5,385.0,385.5,943.0,37.0,14444.0,1915.0,True,True
2330,2022-10-27 09:36:42.860713,-0.0038809831824062613,0.0012970168612191912,-1.5,0.5,386.0,386.5,385.0,385.5,943.0,37.0,14444.0,1915.0,False,False
2330,2022-10-27 09:36:43.648603,-0.0038809831824062613,0.0012970168612191912,-1.5,0.5,386.0,386.5,385.0,385.5,943.0,38.0,14444.0,1915.0,False,False
2330,2022-10-27 09:36:43.837686,-0.0038809831824062613,0.0012970168612191912,-1.5,0.5,386.0,386.5,385.0,385.5,943.0,38.0,14444.0,1915.0,False,False
2330,2022-10-27 09:36:45.019488,-0.0038809831824062613,0.0012970168612191912,-1.5,0.5,386.0,386.5,385.0,385.5,943.0,42.0,14444.0,1915.0,False,False
2330,2022-10-27 09:36:45.066685,-0.0038809831824062613,0.0012970168612191912,-1.5,0.5,386.0,386.5,385.0,385.5,943.0,42.0,14444.0,1915.0,False,False
2330,2022-10-27 09:36:45.331573,-0.0038809831824062613,0.0012970168612191912,-1.5,0.5,386.0,386.5,385.0,385.5,943.0,41.0,14444.0,1915.0,False,False
2330,2022-10-27 09:36:46.973009,-0.0038809831824062613,0.0012970168612191912,-1.5,0.5,386.0,386.5,385.0,385.5,943.0,41.0,14444.0,1915.0,False,False
2330,2022-10-27 09:36:47.353846,-0.0038809831824062613,0.0012970168612191912,-1.5,0.5,386.0,386.5,385.0,385.5,943.0,41.0,14444.0,1915.0,False,False
2330,2022-10-27 09:36:47.566359,-0.0038809831824062613,0.0012970168612191912,-1.5,0.5,386.0,386.5,385.0,385.5,943.0,41.0,14444.0,1915.0,False,False
2330,2022-10-27 09:36:47.931869,-0.0038809831824062613,0.0012970168612191912,-1.5,0.5,386.0,386.5,385.0,385.5,943.0,41.0,14444.0,1915.0,False,False
2330,2022-10-27 09:36:48.354114,-0.0038809831824062613,0.0012970168612191912,-1.5,0.5,386.0,386.5,385.0,385.5,943.0,41.0,14444.0,1915.0,False,False
2330,2022-10-27 09:36:48.728009,-0.0038809831824062613,0.0012970168612191912,-1.5,0.5,386.0,386.5,385.0,385.5,945.0,41.0,14444.0,1915.0,False,False
2330,2022-10-27 09:36:49.302769,-0.0038809831824062613,0.0012970168612191912,-1.5,0.5,386.0,386.5,385.0,385.5,945.0,42.0,14444.0,1915.0,False,False
2330,2022-10-27 09:36:49.729616,-0.0038809831824062613,0.0012970168612191912,-1.5,0.5,386.0,386.5,385.0,385.5,945.0,42.0,14444.0,1915.0,False,False
2330,2022-10-27 09:36:49.799964,-0.0038809831824062613,0.0012970168612191912,-1.5,0.5,386.0,386.5,385.0,385.5,946.0,42.0,14444.0,1915.0,False,False
2330,2022-10-27 09:36:50.311275,-0.0038809831824062613,0.0012970168612191912,-1.5,0.5,386.0,386.5,385.0,385.5,946.0,43.0,14444.0,1915.0,False,False
2330,2022-10-27 09:36:51.180599,-0.0038809831824062613,0.0012970168612191912,-1.5,0.5,386.0,386.5,385.0,385.5,946.0,42.0,14444.0,1915.0,False,False
2330,2022-10-27 09:36:51.372885,-0.0038809831824062613,0.0012970168612191912,-1.5,0.5,386.0,386.5,385.0,385.5,946.0,51.0,14444.0,1915.0,False,False
2330,2022-10-27 09:36:51.711525,-0.0038809831824062613,0.0012970168612191912,-1.5,0.5,386.0,386.5,385.0,385.5,946.0,51.0,14444.0,1915.0,False,False
2330,2022-10-27 09:36:52.111202,-0.0038809831824062613,0.0012970168612191912,-1.5,0.5,386.0,386.5,385.0,385.5,946.0,51.0,14444.0,1915.0,False,False
2330,2022-10-27 09:36:52.536278,-0.002587322121604174,0.0,-1.0,0.0,386.0,386.5,385.5,386.0,946.0,51.0,602.0,27891.0,True,True
2330,2022-10-27 09:36:53.352449,-0.002587322121604174,0.0,-1.0,0.0,386.0,386.5,385.5,386.0,946.0,50.0,602.0,27891.0,False,False
