symbol,datetime,NaOb_r,NbOa_r,NaOb_s,NbOa_s,bid1,ask1,odd_bid1,odd_ask1,bidQty1,askQty1,odd_bidQty1,odd_askQty1,simulate,triggerbyOdd
2603,2022-10-27 09:34:03.342032,-0.007194244604316502,0.0,-1.0,0.0,138.5,139.0,138.0,138.5,109.0,357.0,2132.0,3897.0,False,True
2603,2022-10-27 09:34:03.303668,-0.007194244604316502,0.0,-1.0,0.0,138.5,139.0,138.0,138.5,115.0,357.0,2132.0,3897.0,False,False
2603,2022-10-27 09:34:03.411383,-0.007194244604316502,0.0,-1.0,0.0,138.5,139.0,138.0,138.5,130.0,357.0,2132.0,3897.0,False,False
2603,2022-10-27 09:34:03.540348,-0.007194244604316502,0.0,-1.0,0.0,138.5,139.0,138.0,138.5,130.0,357.0,2132.0,3897.0,False,False
2603,2022-10-27 09:34:03.745773,-0.007194244604316502,0.0,-1.0,0.0,138.5,139.0,138.0,138.5,134.0,357.0,2132.0,3897.0,False,False
2603,2022-10-27 09:34:03.793016,-0.007194244604316502,0.0,-1.0,0.0,138.5,139.0,138.0,138.5,132.0,357.0,2132.0,3897.0,False,False
2603,2022-10-27 09:34:03.746257,-0.007194244604316502,0.0,-1.0,0.0,138.5,139.0,138.0,138.5,134.0,357.0,2132.0,3897.0,False,False
2603,2022-10-27 09:34:04.004833,-0.007194244604316502,0.0,-1.0,0.0,138.5,139.0,138.0,138.5,132.0,357.0,2132.0,3897.0,False,False
2603,2022-10-27 09:34:04.307052,-0.007194244604316502,0.0,-1.0,0.0,138.5,139.0,138.0,138.5,133.0,357.0,2132.0,3897.0,False,False
2603,2022-10-27 09:34:04.364328,-0.007194244604316502,0.0,-1.0,0.0,138.5,139.0,138.0,138.5,133.0,357.0,2132.0,3897.0,False,False
2603,2022-10-27 09:34:05.087384,-0.007194244604316502,0.0,-1.0,0.0,138.5,139.0,138.0,138.5,133.0,357.0,2132.0,3897.0,False,False
2603,2022-10-27 09:34:05.194244,-0.007194244604316502,0.0,-1.0,0.0,138.5,139.0,138.0,138.5,138.0,357.0,2132.0,3897.0,False,False
2603,2022-10-27 09:34:05.358178,-0.007194244604316502,0.0,-1.0,0.0,138.5,139.0,138.0,138.5,138.0,357.0,2132.0,3897.0,False,False
2603,2022-10-27 09:34:05.438699,-0.007194244604316502,0.0,-1.0,0.0,138.5,139.0,138.0,138.5,138.0,357.0,2132.0,3897.0,False,False
2603,2022-10-27 09:34:05.561961,-0.007194244604316502,0.0,-1.0,0.0,138.5,139.0,138.0,138.5,128.0,357.0,2132.0,3897.0,False,False
2603,2022-10-27 09:34:05.466048,-0.007194244604316502,0.0,-1.0,0.0,138.5,139.0,138.0,138.5,138.0,357.0,2132.0,3897.0,False,False
2603,2022-10-27 09:34:05.675667,-0.007194244604316502,0.0,-1.0,0.0,138.5,139.0,138.0,138.5,128.0,357.0,2132.0,3897.0,False,False
2603,2022-10-27 09:34:05.810451,-0.007194244604316502,0.0,-1.0,0.0,138.5,139.0,138.0,138.5,125.0,357.0,2132.0,3897.0,False,False
2603,2022-10-27 09:34:05.743871,-0.007194244604316502,0.0,-1.0,0.0,138.5,139.0,138.0,138.5,128.0,357.0,2132.0,3897.0,False,False
2603,2022-10-27 09:34:06.375683,-0.007194244604316502,0.0,-1.0,0.0,138.5,139.0,138.0,138.5,165.0,357.0,2132.0,3897.0,False,False
2603,2022-10-27 09:34:06.632220,-0.007194244604316502,0.0,-1.0,0.0,138.5,139.0,138.0,138.5,165.0,357.0,2132.0,3897.0,False,False
2603,2022-10-27 09:34:06.644421,-0.007194244604316502,0.0,-1.0,0.0,138.5,139.0,138.0,138.5,165.0,355.0,2132.0,3897.0,False,False
2603,2022-10-27 09:34:06.797788,-0.007194244604316502,0.0,-1.0,0.0,138.5,139.0,138.0,138.5,165.0,355.0,2132.0,3897.0,False,False
2603,2022-10-27 09:34:06.826293,-0.007194244604316502,0.0,-1.0,0.0,138.5,139.0,138.0,138.5,166.0,355.0,2132.0,3897.0,False,False
2603,2022-10-27 09:34:07.087542,-0.007194244604316502,0.0,-1.0,0.0,138.5,139.0,138.0,138.5,166.0,355.0,2132.0,3897.0,False,False
2603,2022-10-27 09:34:07.281234,-0.007194244604316502,0.0,-1.0,0.0,138.5,139.0,138.0,138.5,166.0,355.0,2132.0,3897.0,False,False
2603,2022-10-27 09:34:07.752371,-0.007194244604316502,0.0,-1.0,0.0,138.5,139.0,138.0,138.5,171.0,355.0,2132.0,3897.0,False,False
2603,2022-10-27 09:34:07.811992,-0.007194244604316502,0.0,-1.0,0.0,138.5,139.0,138.0,138.5,171.0,355.0,2132.0,3897.0,False,False
2603,2022-10-27 09:34:07.846857,-0.007194244604316502,0.0,-1.0,0.0,138.5,139.0,138.0,138.5,181.0,355.0,2132.0,3897.0,False,False
2603,2022-10-27 09:34:08.344255,-0.007194244604316502,0.0,-1.0,0.0,138.5,139.0,138.0,138.5,181.0,355.0,2132.0,3897.0,False,False
2603,2022-10-27 09:34:08.537155,-0.007194244604316502,0.0,-1.0,0.0,138.5,139.0,138.0,138.5,181.0,355.0,2132.0,3897.0,False,False
2603,2022-10-27 09:34:09.088505,-0.007194244604316502,0.0,-1.0,0.0,138.5,139.0,138.0,138.5,181.0,355.0,2132.0,3897.0,False,False
2603,2022-10-27 09:34:09.467107,-0.007194244604316502,0.0,-1.0,0.0,138.5,139.0,138.0,138.5,181.0,360.0,2132.0,3897.0,False,False
2603,2022-10-27 09:34:09.492980,-0.007194244604316502,0.0,-1.0,0.0,138.5,139.0,138.0,138.5,181.0,360.0,2132.0,3897.0,False,False
2603,2022-10-27 09:34:09.679762,-0.007194244604316502,0.0,-1.0,0.0,138.5,139.0,138.0,138.5,181.0,360.0,2132.0,3897.0,False,False
2603,2022-10-27 09:34:09.899455,-0.007194244604316502,0.0,-1.0,0.0,138.5,139.0,138.0,138.5,181.0,363.0,2132.0,3897.0,False,False
2603,2022-10-27 09:34:10.525011,-0.007194244604316502,0.0,-1.0,0.0,138.5,139.0,138.0,138.5,181.0,363.0,2132.0,3897.0,False,False
2603,2022-10-27 09:34:10.602886,-0.007194244604316502,0.0,-1.0,0.0,138.5,139.0,138.0,138.5,181.0,363.0,2132.0,3897.0,False,False
2603,2022-10-27 09:34:11.429522,-0.007194244604316502,0.0,-1.0,0.0,138.5,139.0,138.0,138.5,181.0,363.0,2132.0,3897.0,False,False
2603,2022-10-27 09:34:11.474149,-0.007194244604316502,0.0,-1.0,0.0,138.5,139.0,138.0,138.5,181.0,363.0,2132.0,3897.0,False,False
2603,2022-10-27 09:34:11.527623,-0.007194244604316502,0.0,-1.0,0.0,138.5,139.0,138.0,138.5,181.0,363.0,2132.0,3897.0,False,False
2603,2022-10-27 09:34:11.627053,-0.007194244604316502,0.0,-1.0,0.0,138.5,139.0,138.0,138.5,182.0,363.0,2132.0,3897.0,False,False
2603,2022-10-27 09:34:11.744603,-0.007194244604316502,0.0,-1.0,0.0,138.5,139.0,138.0,138.5,182.0,363.0,2132.0,3897.0,False,False
2603,2022-10-27 09:34:12.186687,-0.007194244604316502,0.0,-1.0,0.0,138.5,139.0,138.0,138.5,183.0,363.0,2132.0,3897.0,False,False
2603,2022-10-27 09:34:12.280400,-0.007194244604316502,0.0,-1.0,0.0,138.5,139.0,138.0,138.5,183.0,362.0,2132.0,3897.0,False,False
2603,2022-10-27 09:34:12.330347,-0.007194244604316502,0.0,-1.0,0.0,138.5,139.0,138.0,138.5,183.0,364.0,2132.0,3897.0,False,False
2603,2022-10-27 09:34:12.740090,-0.007194244604316502,0.0,-1.0,0.0,138.5,139.0,138.0,138.5,183.0,364.0,2132.0,3897.0,False,False
2603,2022-10-27 09:34:12.921268,-0.007194244604316502,0.0,-1.0,0.0,138.5,139.0,138.0,138.5,213.0,364.0,2132.0,3897.0,False,False
2603,2022-10-27 09:34:13.021714,-0.007194244604316502,0.0,-1.0,0.0,138.5,139.0,138.0,138.5,215.0,364.0,2132.0,3897.0,False,False
2603,2022-10-27 09:34:13.338355,-0.007194244604316502,0.0,-1.0,0.0,138.5,139.0,138.0,138.5,235.0,364.0,2132.0,3897.0,False,False
2603,2022-10-27 09:34:13.377085,-0.007194244604316502,0.0,-1.0,0.0,138.5,139.0,138.0,138.5,235.0,364.0,4242.0,3897.0,True,True
2603,2022-10-27 09:34:13.567561,-0.007194244604316502,0.0,-1.0,0.0,138.5,139.0,138.0,138.5,235.0,364.0,4242.0,3897.0,False,False
2603,2022-10-27 09:34:13.656654,-0.007194244604316502,0.0,-1.0,0.0,138.5,139.0,138.0,138.5,235.0,364.0,4242.0,3897.0,False,False
2603,2022-10-27 09:34:13.691310,-0.007194244604316502,0.0,-1.0,0.0,138.5,139.0,138.0,138.5,237.0,365.0,4242.0,3897.0,False,False
2603,2022-10-27 09:34:14.514039,-0.007194244604316502,0.0,-1.0,0.0,138.5,139.0,138.0,138.5,237.0,364.0,4242.0,3897.0,False,False
2603,2022-10-27 09:34:14.590120,-0.007194244604316502,0.0,-1.0,0.0,138.5,139.0,138.0,138.5,240.0,364.0,4242.0,3897.0,False,False
2603,2022-10-27 09:34:14.624438,-0.007194244604316502,0.0,-1.0,0.0,138.5,139.0,138.0,138.5,240.0,364.0,4242.0,3897.0,False,False
2603,2022-10-27 09:34:14.728308,-0.007194244604316502,0.0,-1.0,0.0,138.5,139.0,138.0,138.5,241.0,364.0,4242.0,3897.0,False,False
2603,2022-10-27 09:34:14.951705,-0.007194244604316502,0.0,-1.0,0.0,138.5,139.0,138.0,138.5,241.0,364.0,4242.0,3897.0,False,False
2603,2022-10-27 09:34:15.302877,-0.007194244604316502,0.0,-1.0,0.0,138.5,139.0,138.0,138.5,241.0,364.0,4242.0,3897.0,False,False
2603,2022-10-27 09:34:15.639666,-0.007194244604316502,0.0,-1.0,0.0,138.5,139.0,138.0,138.5,236.0,364.0,4242.0,3897.0,False,False
2603,2022-10-27 09:34:15.655526,-0.007194244604316502,0.0,-1.0,0.0,138.5,139.0,138.0,138.5,236.0,363.0,4242.0,3897.0,False,False
2603,2022-10-27 09:34:15.711673,-0.007194244604316502,0.0,-1.0,0.0,138.5,139.0,138.0,138.5,236.0,365.0,4242.0,3897.0,False,False
2603,2022-10-27 09:34:16.298252,-0.007194244604316502,0.0,-1.0,0.0,138.5,139.0,138.0,138.5,237.0,365.0,4242.0,3897.0,False,False
2603,2022-10-27 09:34:16.349440,-0.007194244604316502,0.0,-1.0,0.0,138.5,139.0,138.0,138.5,238.0,365.0,4242.0,3897.0,False,False
2603,2022-10-27 09:34:16.381375,-0.007194244604316502,0.0,-1.0,0.0,138.5,139.0,138.0,138.5,238.0,365.0,4242.0,3897.0,False,False
2603,2022-10-27 09:34:16.476657,-0.007194244604316502,0.0,-1.0,0.0,138.5,139.0,138.0,138.5,238.0,365.0,4242.0,3897.0,False,False
2603,2022-10-27 09:34:16.722370,-0.007194244604316502,0.0,-1.0,0.0,138.5,139.0,138.0,138.5,238.0,345.0,4242.0,3897.0,False,False
2603,2022-10-27 09:34:16.771550,-0.007194244604316502,0.0,-1.0,0.0,138.5,139.0,138.0,138.5,238.0,347.0,4242.0,3897.0,False,False
2603,2022-10-27 09:34:17.185141,-0.007194244604316502,0.0,-1.0,0.0,138.5,139.0,138.0,138.5,238.0,347.0,4242.0,3897.0,False,False
2603,2022-10-27 09:34:17.279511,-0.007194244604316502,0.0,-1.0,0.0,138.5,139.0,138.0,138.5,238.0,347.0,4242.0,3897.0,False,False
2603,2022-10-27 09:34:17.437437,-0.007194244604316502,0.0,-1.0,0.0,138.5,139.0,138.0,138.5,239.0,347.0,4242.0,3897.0,False,False
2603,2022-10-27 09:34:17.741869,-0.007194244604316502,0.0,-1.0,0.0,138.5,139.0,138.0,138.5,239.0,347.0,4242.0,3897.0,False,False
2603,2022-10-27 09:34:17.759551,-0.007194244604316502,0.0,-1.0,0.0,138.5,139.0,138.0,138.5,239.0,317.0,4242.0,3897.0,False,False
2603,2022-10-27 09:34:17.816958,-0.007194244604316502,0.0,-1.0,0.0,138.5,139.0,138.0,138.5,239.0,319.0,4242.0,3897.0,False,False
2603,2022-10-27 09:34:17.887754,-0.007194244604316502,0.0,-1.0,0.0,138.5,139.0,138.0,138.5,239.0,330.0,4242.0,3897.0,False,False
2603,2022-10-27 09:34:18.029396,-0.007194244604316502,0.0,-1.0,0.0,138.5,139.0,138.0,138.5,239.0,330.0,4242.0,3897.0,False,False
2603,2022-10-27 09:34:18.181956,-0.007194244604316502,0.0,-1.0,0.0,138.5,139.0,138.0,138.5,239.0,273.0,4242.0,3897.0,False,False
2603,2022-10-27 09:34:18.210019,-0.007194244604316502,0.0,-1.0,0.0,138.5,139.0,138.0,138.5,259.0,273.0,4242.0,3897.0,False,False
2603,2022-10-27 09:34:18.316416,-0.007194244604316502,0.0,-1.0,0.0,138.5,139.0,138.0,138.5,359.0,275.0,4242.0,3897.0,False,False
2603,2022-10-27 09:34:18.355260,-0.007194244604316502,0.0,-1.0,0.0,138.5,139.0,138.0,138.5,359.0,206.0,4242.0,3897.0,False,False
2603,2022-10-27 09:34:18.385786,-0.007194244604316502,0.0,-1.0,0.0,138.5,139.0,138.0,138.5,359.0,184.0,4242.0,3897.0,False,False
2603,2022-10-27 09:34:18.388849,-0.007194244604316502,0.0,-1.0,0.0,138.5,139.0,138.0,138.5,359.0,58.0,4242.0,3897.0,False,False
2603,2022-10-27 09:34:18.416658,-0.007194244604316502,0.0,-1.0,0.0,138.5,139.0,138.0,138.5,359.0,15.0,4242.0,3897.0,False,False
2603,2022-10-27 09:34:18.426761,-0.010752688172043001,0.0036101083032491488,-1.5,0.5,139.0,139.5,138.0,138.5,29.0,424.0,4242.0,3897.0,False,False
2603,2022-10-27 09:34:18.434344,-0.010752688172043001,0.0036101083032491488,-1.5,0.5,139.0,139.5,138.0,138.5,67.0,422.0,4242.0,3897.0,False,False
2603,2022-10-27 09:34:18.439157,-0.010752688172043001,0.0036101083032491488,-1.5,0.5,139.0,139.5,138.0,138.5,85.0,422.0,4242.0,3897.0,False,False
2603,2022-10-27 09:34:18.447514,-0.010752688172043001,0.0036101083032491488,-1.5,0.5,139.0,139.5,138.0,138.5,115.0,422.0,4242.0,3897.0,False,False
2603,2022-10-27 09:34:18.470420,-0.010752688172043001,0.0036101083032491488,-1.5,0.5,139.0,139.5,138.0,138.5,172.0,415.0,4242.0,3897.0,False,False
2603,2022-10-27 09:34:18.471516,-0.010752688172043001,0.0036101083032491488,-1.5,0.5,139.0,139.5,138.0,138.5,172.0,410.0,4242.0,3897.0,False,False
2603,2022-10-27 09:34:18.476016,-0.010752688172043001,0.0036101083032491488,-1.5,0.5,139.0,139.5,138.0,138.5,158.0,410.0,4242.0,3897.0,False,False
2603,2022-10-27 09:34:18.477671,-0.010752688172043001,0.0036101083032491488,-1.5,0.5,139.0,139.5,138.0,138.5,157.0,410.0,4242.0,3897.0,False,False
2603,2022-10-27 09:34:18.482493,-0.010752688172043001,0.0036101083032491488,-1.5,0.5,139.0,139.5,138.0,138.5,156.0,410.0,4242.0,3897.0,False,False
2603,2022-10-27 09:34:18.490942,-0.010752688172043001,0.0036101083032491488,-1.5,0.5,139.0,139.5,138.0,138.5,155.0,409.0,4242.0,3897.0,False,False
2603,2022-10-27 09:34:18.504621,-0.010752688172043001,0.0036101083032491488,-1.5,0.5,139.0,139.5,138.0,138.5,154.0,409.0,4242.0,3897.0,False,False
2603,2022-10-27 09:34:18.529301,-0.010752688172043001,0.0036101083032491488,-1.5,0.5,139.0,139.5,138.0,138.5,153.0,400.0,4242.0,3897.0,False,False
2603,2022-10-27 09:34:18.537375,-0.010752688172043001,0.0036101083032491488,-1.5,0.5,139.0,139.5,138.0,138.5,153.0,381.0,4242.0,3897.0,False,False
2603,2022-10-27 09:34:18.541769,-0.010752688172043001,0.0036101083032491488,-1.5,0.5,139.0,139.5,138.0,138.5,152.0,381.0,4242.0,3897.0,False,False
2603,2022-10-27 09:34:18.551900,-0.010752688172043001,0.0036101083032491488,-1.5,0.5,139.0,139.5,138.0,138.5,159.0,381.0,4242.0,3897.0,False,False
2603,2022-10-27 09:34:18.561481,-0.010752688172043001,0.0036101083032491488,-1.5,0.5,139.0,139.5,138.0,138.5,158.0,381.0,4242.0,3897.0,False,False
2603,2022-10-27 09:34:18.570567,-0.010752688172043001,0.0036101083032491488,-1.5,0.5,139.0,139.5,138.0,138.5,159.0,381.0,4242.0,3897.0,False,False
2603,2022-10-27 09:34:18.566690,-0.010752688172043001,0.0036101083032491488,-1.5,0.5,139.0,139.5,138.0,138.5,160.0,381.0,4242.0,3897.0,False,False
2603,2022-10-27 09:34:18.587409,-0.010752688172043001,0.0036101083032491488,-1.5,0.5,139.0,139.5,138.0,138.5,158.0,381.0,4242.0,3897.0,False,False
2603,2022-10-27 09:34:18.601689,-0.010752688172043001,0.0036101083032491488,-1.5,0.5,139.0,139.5,138.0,138.5,157.0,381.0,4242.0,3897.0,False,False
2603,2022-10-27 09:34:18.622543,-0.010752688172043001,0.0036101083032491488,-1.5,0.5,139.0,139.5,138.0,138.5,156.0,381.0,4242.0,3897.0,False,False
2603,2022-10-27 09:34:18.630326,-0.010752688172043001,0.0036101083032491488,-1.5,0.5,139.0,139.5,138.0,138.5,155.0,381.0,4242.0,3897.0,False,False
2603,2022-10-27 09:34:18.645451,-0.010752688172043001,0.0036101083032491488,-1.5,0.5,139.0,139.5,138.0,138.5,154.0,381.0,4242.0,3897.0,False,False
2603,2022-10-27 09:34:18.654974,-0.010752688172043001,0.0036101083032491488,-1.5,0.5,139.0,139.5,138.0,138.5,153.0,381.0,4242.0,3897.0,False,False
2603,2022-10-27 09:34:18.677218,-0.010752688172043001,0.0036101083032491488,-1.5,0.5,139.0,139.5,138.0,138.5,154.0,381.0,4242.0,3897.0,False,False
2603,2022-10-27 09:34:18.689409,-0.010752688172043001,0.0036101083032491488,-1.5,0.5,139.0,139.5,138.0,138.5,151.0,381.0,4242.0,3897.0,False,False
2603,2022-10-27 09:34:18.685224,-0.010752688172043001,0.0036101083032491488,-1.5,0.5,139.0,139.5,138.0,138.5,152.0,381.0,4242.0,3897.0,False,False
2603,2022-10-27 09:34:18.709716,-0.010752688172043001,0.0036101083032491488,-1.5,0.5,139.0,139.5,138.0,138.5,150.0,381.0,4242.0,3897.0,False,False
2603,2022-10-27 09:34:18.816897,-0.010752688172043001,0.0036101083032491488,-1.5,0.5,139.0,139.5,138.0,138.5,152.0,381.0,4242.0,3897.0,False,False
2603,2022-10-27 09:34:18.916283,-0.010752688172043001,0.0036101083032491488,-1.5,0.5,139.0,139.5,138.0,138.5,156.0,381.0,4242.0,3897.0,False,False
2603,2022-10-27 09:34:19.064053,-0.010752688172043001,0.0036101083032491488,-1.5,0.5,139.0,139.5,138.0,138.5,162.0,381.0,4242.0,3897.0,False,False
2603,2022-10-27 09:34:19.082021,-0.010752688172043001,0.0036101083032491488,-1.5,0.5,139.0,139.5,138.0,138.5,162.0,381.0,4242.0,3897.0,False,False
2603,2022-10-27 09:34:19.114520,-0.010752688172043001,0.0036101083032491488,-1.5,0.5,139.0,139.5,138.0,138.5,167.0,381.0,4242.0,3897.0,False,False
2603,2022-10-27 09:34:19.433127,-0.010752688172043001,0.0036101083032491488,-1.5,0.5,139.0,139.5,138.0,138.5,167.0,381.0,4242.0,3897.0,False,False
2603,2022-10-27 09:34:19.509648,-0.010752688172043001,0.0036101083032491488,-1.5,0.5,139.0,139.5,138.0,138.5,167.0,381.0,4242.0,3897.0,False,False
2603,2022-10-27 09:34:19.565506,-0.010752688172043001,0.0036101083032491488,-1.5,0.5,139.0,139.5,138.0,138.5,167.0,377.0,4242.0,3897.0,False,False
2603,2022-10-27 09:34:19.701721,-0.010752688172043001,0.0036101083032491488,-1.5,0.5,139.0,139.5,138.0,138.5,168.0,377.0,4242.0,3897.0,False,False
2603,2022-10-27 09:34:19.748276,-0.010752688172043001,0.0036101083032491488,-1.5,0.5,139.0,139.5,138.0,138.5,178.0,377.0,4242.0,3897.0,False,False
2603,2022-10-27 09:34:20.111737,-0.010752688172043001,0.0036101083032491488,-1.5,0.5,139.0,139.5,138.0,138.5,218.0,377.0,4242.0,3897.0,False,False
2603,2022-10-27 09:34:20.374890,-0.010752688172043001,0.0036101083032491488,-1.5,0.5,139.0,139.5,138.0,138.5,217.0,377.0,4242.0,3897.0,False,False
2603,2022-10-27 09:34:20.675633,-0.010752688172043001,0.0036101083032491488,-1.5,0.5,139.0,139.5,138.0,138.5,217.0,373.0,4242.0,3897.0,False,False
2603,2022-10-27 09:34:20.765042,-0.010752688172043001,0.0036101083032491488,-1.5,0.5,139.0,139.5,138.0,138.5,221.0,373.0,4242.0,3897.0,False,False
2603,2022-10-27 09:34:20.791878,-0.010752688172043001,0.0036101083032491488,-1.5,0.5,139.0,139.5,138.0,138.5,211.0,373.0,4242.0,3897.0,False,False
2603,2022-10-27 09:34:20.937934,-0.010752688172043001,0.0036101083032491488,-1.5,0.5,139.0,139.5,138.0,138.5,211.0,373.0,4242.0,3897.0,False,False
2603,2022-10-27 09:34:21.000860,-0.010752688172043001,0.0036101083032491488,-1.5,0.5,139.0,139.5,138.0,138.5,209.0,373.0,4242.0,3897.0,False,False
2603,2022-10-27 09:34:21.085234,-0.010752688172043001,0.0036101083032491488,-1.5,0.5,139.0,139.5,138.0,138.5,209.0,373.0,4242.0,3897.0,False,False
2603,2022-10-27 09:34:21.916749,-0.010752688172043001,0.0036101083032491488,-1.5,0.5,139.0,139.5,138.0,138.5,209.0,350.0,4242.0,3897.0,False,False
2603,2022-10-27 09:34:21.971336,-0.010752688172043001,0.0036101083032491488,-1.5,0.5,139.0,139.5,138.0,138.5,209.0,350.0,4242.0,3897.0,False,False
2603,2022-10-27 09:34:22.059200,-0.010752688172043001,0.0036101083032491488,-1.5,0.5,139.0,139.5,138.0,138.5,209.0,350.0,4242.0,3897.0,False,False
2603,2022-10-27 09:34:22.161016,-0.010752688172043001,0.0036101083032491488,-1.5,0.5,139.0,139.5,138.0,138.5,210.0,350.0,4242.0,3897.0,False,False
2603,2022-10-27 09:34:22.616812,-0.010752688172043001,0.0036101083032491488,-1.5,0.5,139.0,139.5,138.0,138.5,200.0,350.0,4242.0,3897.0,False,False
2603,2022-10-27 09:34:22.616933,-0.010752688172043001,0.0036101083032491488,-1.5,0.5,139.0,139.5,138.0,138.5,190.0,350.0,4242.0,3897.0,False,False
2603,2022-10-27 09:34:22.784467,-0.010752688172043001,0.0036101083032491488,-1.5,0.5,139.0,139.5,138.0,138.5,189.0,350.0,4242.0,3897.0,False,False
2603,2022-10-27 09:34:22.792797,-0.010752688172043001,0.0036101083032491488,-1.5,0.5,139.0,139.5,138.0,138.5,189.0,335.0,4242.0,3897.0,False,False
2603,2022-10-27 09:34:22.826080,-0.010752688172043001,0.0036101083032491488,-1.5,0.5,139.0,139.5,138.0,138.5,189.0,335.0,4242.0,3897.0,False,False
2603,2022-10-27 09:34:23.167434,-0.010752688172043001,0.0036101083032491488,-1.5,0.5,139.0,139.5,138.0,138.5,190.0,335.0,4242.0,3897.0,False,False
2603,2022-10-27 09:34:23.413760,-0.010752688172043001,0.0036101083032491488,-1.5,0.5,139.0,139.5,138.0,138.5,190.0,335.0,4242.0,3897.0,False,False
2603,2022-10-27 09:34:23.418320,-0.007168458781361964,0.0,-1.0,0.0,139.0,139.5,138.5,139.0,190.0,335.0,1999.0,4028.0,True,True
2603,2022-10-27 09:34:23.413835,-0.007168458781361964,0.0,-1.0,0.0,139.0,139.5,138.5,139.0,190.0,335.0,1999.0,4028.0,False,False
2603,2022-10-27 09:34:23.708528,-0.007168458781361964,0.0,-1.0,0.0,139.0,139.5,138.5,139.0,190.0,340.0,1999.0,4028.0,False,False
2603,2022-10-27 09:34:23.727624,-0.007168458781361964,0.0,-1.0,0.0,139.0,139.5,138.5,139.0,197.0,340.0,1999.0,4028.0,False,False
2603,2022-10-27 09:34:23.823866,-0.007168458781361964,0.0,-1.0,0.0,139.0,139.5,138.5,139.0,197.0,330.0,1999.0,4028.0,False,False
2603,2022-10-27 09:34:23.949281,-0.007168458781361964,0.0,-1.0,0.0,139.0,139.5,138.5,139.0,208.0,330.0,1999.0,4028.0,False,False
2603,2022-10-27 09:34:24.171402,-0.007168458781361964,0.0,-1.0,0.0,139.0,139.5,138.5,139.0,208.0,330.0,1999.0,4028.0,False,False
2603,2022-10-27 09:34:24.188963,-0.007168458781361964,0.0,-1.0,0.0,139.0,139.5,138.5,139.0,208.0,330.0,1999.0,4028.0,False,False
2603,2022-10-27 09:34:24.357870,-0.007168458781361964,0.0,-1.0,0.0,139.0,139.5,138.5,139.0,208.0,330.0,1999.0,4028.0,False,False
2603,2022-10-27 09:34:24.436004,-0.007168458781361964,0.0,-1.0,0.0,139.0,139.5,138.5,139.0,208.0,332.0,1999.0,4028.0,False,False
2603,2022-10-27 09:34:24.563357,-0.007168458781361964,0.0,-1.0,0.0,139.0,139.5,138.5,139.0,209.0,332.0,1999.0,4028.0,False,False
2603,2022-10-27 09:34:24.707744,-0.007168458781361964,0.0,-1.0,0.0,139.0,139.5,138.5,139.0,207.0,332.0,1999.0,4028.0,False,False
2603,2022-10-27 09:34:24.837439,-0.007168458781361964,0.0,-1.0,0.0,139.0,139.5,138.5,139.0,207.0,332.0,1999.0,4028.0,False,False
2603,2022-10-27 09:34:24.866020,-0.007168458781361964,0.0,-1.0,0.0,139.0,139.5,138.5,139.0,205.0,331.0,1999.0,4028.0,False,False
2603,2022-10-27 09:34:24.949440,-0.007168458781361964,0.0,-1.0,0.0,139.0,139.5,138.5,139.0,205.0,329.0,1999.0,4028.0,False,False
2603,2022-10-27 09:34:24.983390,-0.007168458781361964,0.0,-1.0,0.0,139.0,139.5,138.5,139.0,205.0,329.0,1999.0,4028.0,False,False
2603,2022-10-27 09:34:25.197145,-0.007168458781361964,0.0,-1.0,0.0,139.0,139.5,138.5,139.0,201.0,329.0,1999.0,4028.0,False,False
2603,2022-10-27 09:34:25.283796,-0.007168458781361964,0.0,-1.0,0.0,139.0,139.5,138.5,139.0,201.0,329.0,1999.0,4028.0,False,False
2603,2022-10-27 09:34:25.394734,-0.007168458781361964,0.0,-1.0,0.0,139.0,139.5,138.5,139.0,201.0,329.0,1999.0,4028.0,False,False
2603,2022-10-27 09:34:25.574356,-0.007168458781361964,0.0,-1.0,0.0,139.0,139.5,138.5,139.0,203.0,328.0,1999.0,4028.0,False,False
2603,2022-10-27 09:34:25.735025,-0.007168458781361964,0.0,-1.0,0.0,139.0,139.5,138.5,139.0,203.0,328.0,1999.0,4028.0,False,False
2603,2022-10-27 09:34:25.821816,-0.007168458781361964,0.0,-1.0,0.0,139.0,139.5,138.5,139.0,204.0,328.0,1999.0,4028.0,False,False
2603,2022-10-27 09:34:25.953306,-0.007168458781361964,0.0,-1.0,0.0,139.0,139.5,138.5,139.0,204.0,328.0,1999.0,4028.0,False,False
2603,2022-10-27 09:34:26.045532,-0.007168458781361964,0.0,-1.0,0.0,139.0,139.5,138.5,139.0,205.0,328.0,1999.0,4028.0,False,False
2603,2022-10-27 09:34:26.193368,-0.007168458781361964,0.0,-1.0,0.0,139.0,139.5,138.5,139.0,206.0,328.0,1999.0,4028.0,False,False
2603,2022-10-27 09:34:26.338876,-0.007168458781361964,0.0,-1.0,0.0,139.0,139.5,138.5,139.0,207.0,328.0,1999.0,4028.0,False,False
2603,2022-10-27 09:34:26.518074,-0.007168458781361964,0.0,-1.0,0.0,139.0,139.5,138.5,139.0,207.0,328.0,1999.0,4028.0,False,False
2603,2022-10-27 09:34:26.549027,-0.007168458781361964,0.0,-1.0,0.0,139.0,139.5,138.5,139.0,207.0,328.0,1999.0,4028.0,False,False
2603,2022-10-27 09:34:27.099035,-0.007168458781361964,0.0,-1.0,0.0,139.0,139.5,138.5,139.0,207.0,325.0,1999.0,4028.0,False,False
2603,2022-10-27 09:34:27.121291,-0.007168458781361964,0.0,-1.0,0.0,139.0,139.5,138.5,139.0,227.0,325.0,1999.0,4028.0,False,False
2603,2022-10-27 09:34:27.155875,-0.007168458781361964,0.0,-1.0,0.0,139.0,139.5,138.5,139.0,227.0,327.0,1999.0,4028.0,False,False
2603,2022-10-27 09:34:27.464063,-0.007168458781361964,0.0,-1.0,0.0,139.0,139.5,138.5,139.0,227.0,322.0,1999.0,4028.0,False,False
2603,2022-10-27 09:34:27.503079,-0.007168458781361964,0.0,-1.0,0.0,139.0,139.5,138.5,139.0,227.0,324.0,1999.0,4028.0,False,False
2603,2022-10-27 09:34:27.600384,-0.007168458781361964,0.0,-1.0,0.0,139.0,139.5,138.5,139.0,232.0,324.0,1999.0,4028.0,False,False
2603,2022-10-27 09:34:27.697934,-0.007168458781361964,0.0,-1.0,0.0,139.0,139.5,138.5,139.0,232.0,299.0,1999.0,4028.0,False,False
2603,2022-10-27 09:34:28.338971,-0.007168458781361964,0.0,-1.0,0.0,139.0,139.5,138.5,139.0,233.0,299.0,1999.0,4028.0,False,False
2603,2022-10-27 09:34:28.443413,-0.007168458781361964,0.0,-1.0,0.0,139.0,139.5,138.5,139.0,233.0,299.0,1999.0,4028.0,False,False
2603,2022-10-27 09:34:28.666336,-0.007168458781361964,0.0,-1.0,0.0,139.0,139.5,138.5,139.0,238.0,299.0,1999.0,4028.0,False,False
2603,2022-10-27 09:34:28.981334,-0.007168458781361964,0.0,-1.0,0.0,139.0,139.5,138.5,139.0,238.0,289.0,1999.0,4028.0,False,False
2603,2022-10-27 09:34:29.034303,-0.007168458781361964,0.0,-1.0,0.0,139.0,139.5,138.5,139.0,238.0,291.0,1999.0,4028.0,False,False
2603,2022-10-27 09:34:29.170819,-0.007168458781361964,0.0,-1.0,0.0,139.0,139.5,138.5,139.0,238.0,291.0,1999.0,4028.0,False,False
2603,2022-10-27 09:34:29.273017,-0.007168458781361964,0.0,-1.0,0.0,139.0,139.5,138.5,139.0,238.0,291.0,1999.0,4028.0,False,False
2603,2022-10-27 09:34:29.292995,-0.007168458781361964,0.0,-1.0,0.0,139.0,139.5,138.5,139.0,239.0,288.0,1999.0,4028.0,False,False
2603,2022-10-27 09:34:29.446181,-0.007168458781361964,0.0,-1.0,0.0,139.0,139.5,138.5,139.0,239.0,288.0,1999.0,4028.0,False,False
2603,2022-10-27 09:34:29.556382,-0.007168458781361964,0.0,-1.0,0.0,139.0,139.5,138.5,139.0,239.0,287.0,1999.0,4028.0,False,False
2603,2022-10-27 09:34:29.561457,-0.007168458781361964,0.0,-1.0,0.0,139.0,139.5,138.5,139.0,239.0,287.0,1999.0,4028.0,False,False
2603,2022-10-27 09:34:29.596726,-0.007168458781361964,0.0,-1.0,0.0,139.0,139.5,138.5,139.0,239.0,289.0,1999.0,4028.0,False,False
2603,2022-10-27 09:34:29.763176,-0.007168458781361964,0.0,-1.0,0.0,139.0,139.5,138.5,139.0,239.0,288.0,1999.0,4028.0,False,False
2603,2022-10-27 09:34:29.801103,-0.007168458781361964,0.0,-1.0,0.0,139.0,139.5,138.5,139.0,239.0,289.0,1999.0,4028.0,False,False
2603,2022-10-27 09:34:29.886077,-0.007168458781361964,0.0,-1.0,0.0,139.0,139.5,138.5,139.0,199.0,289.0,1999.0,4028.0,False,False
2603,2022-10-27 09:34:29.973875,-0.007168458781361964,0.0,-1.0,0.0,139.0,139.5,138.5,139.0,199.0,289.0,1999.0,4028.0,False,False
2603,2022-10-27 09:34:30.556852,-0.007168458781361964,0.0,-1.0,0.0,139.0,139.5,138.5,139.0,199.0,289.0,1999.0,4028.0,False,False
2603,2022-10-27 09:34:30.712194,-0.007168458781361964,0.0,-1.0,0.0,139.0,139.5,138.5,139.0,199.0,292.0,1999.0,4028.0,False,False
2603,2022-10-27 09:34:30.722173,-0.007168458781361964,0.0,-1.0,0.0,139.0,139.5,138.5,139.0,199.0,287.0,1999.0,4028.0,False,False
2603,2022-10-27 09:34:30.815690,-0.007168458781361964,0.0,-1.0,0.0,139.0,139.5,138.5,139.0,193.0,290.0,1999.0,4028.0,False,False
2603,2022-10-27 09:34:30.855941,-0.007168458781361964,0.0,-1.0,0.0,139.0,139.5,138.5,139.0,193.0,289.0,1999.0,4028.0,False,False
2603,2022-10-27 09:34:30.913351,-0.007168458781361964,0.0,-1.0,0.0,139.0,139.5,138.5,139.0,193.0,291.0,1999.0,4028.0,False,False
2603,2022-10-27 09:34:31.170739,-0.007168458781361964,0.0,-1.0,0.0,139.0,139.5,138.5,139.0,193.0,291.0,1999.0,4028.0,False,False
2603,2022-10-27 09:34:31.337915,-0.007168458781361964,0.0,-1.0,0.0,139.0,139.5,138.5,139.0,193.0,288.0,1999.0,4028.0,False,False
2603,2022-10-27 09:34:31.387961,-0.007168458781361964,0.0,-1.0,0.0,139.0,139.5,138.5,139.0,193.0,287.0,1999.0,4028.0,False,False
2603,2022-10-27 09:34:31.407960,-0.007168458781361964,0.0,-1.0,0.0,139.0,139.5,138.5,139.0,193.0,288.0,1999.0,4028.0,False,False
2603,2022-10-27 09:34:31.448843,-0.007168458781361964,0.0,-1.0,0.0,139.0,139.5,138.5,139.0,195.0,290.0,1999.0,4028.0,False,False
2603,2022-10-27 09:34:31.559130,-0.007168458781361964,0.0,-1.0,0.0,139.0,139.5,138.5,139.0,195.0,290.0,1999.0,4028.0,False,False
2603,2022-10-27 09:34:31.694724,-0.007168458781361964,0.0,-1.0,0.0,139.0,139.5,138.5,139.0,195.0,290.0,1999.0,4028.0,False,False
2603,2022-10-27 09:34:31.721205,-0.007168458781361964,0.0,-1.0,0.0,139.0,139.5,138.5,139.0,195.0,285.0,1999.0,4028.0,False,False
2603,2022-10-27 09:34:31.772880,-0.007168458781361964,0.0,-1.0,0.0,139.0,139.5,138.5,139.0,195.0,286.0,1999.0,4028.0,False,False
2603,2022-10-27 09:34:31.905792,-0.007168458781361964,0.0,-1.0,0.0,139.0,139.5,138.5,139.0,195.0,286.0,1999.0,4028.0,False,False
2603,2022-10-27 09:34:32.131957,-0.007168458781361964,0.0,-1.0,0.0,139.0,139.5,138.5,139.0,221.0,286.0,1999.0,4028.0,False,False
2603,2022-10-27 09:34:32.172891,-0.007168458781361964,0.0,-1.0,0.0,139.0,139.5,138.5,139.0,221.0,285.0,1999.0,4028.0,False,False
2603,2022-10-27 09:34:32.222303,-0.007168458781361964,0.0,-1.0,0.0,139.0,139.5,138.5,139.0,221.0,287.0,1999.0,4028.0,False,False
2603,2022-10-27 09:34:32.271758,-0.007168458781361964,0.0,-1.0,0.0,139.0,139.5,138.5,139.0,221.0,286.0,1999.0,4028.0,False,False
2603,2022-10-27 09:34:32.378286,-0.007168458781361964,0.0,-1.0,0.0,139.0,139.5,138.5,139.0,221.0,286.0,1999.0,4028.0,False,False
2603,2022-10-27 09:34:32.855641,-0.007168458781361964,0.0,-1.0,0.0,139.0,139.5,138.5,139.0,221.0,271.0,1999.0,4028.0,False,False
2603,2022-10-27 09:34:32.978384,-0.007168458781361964,0.0,-1.0,0.0,139.0,139.5,138.5,139.0,221.0,271.0,1999.0,4028.0,False,False
2603,2022-10-27 09:34:33.018376,-0.007168458781361964,0.0,-1.0,0.0,139.0,139.5,138.5,139.0,221.0,270.0,1999.0,4028.0,False,False
2603,2022-10-27 09:34:33.095023,-0.007168458781361964,0.0,-1.0,0.0,139.0,139.5,138.5,139.0,221.0,271.0,1999.0,4028.0,False,False
2603,2022-10-27 09:34:33.318064,-0.007168458781361964,0.0,-1.0,0.0,139.0,139.5,138.5,139.0,221.0,271.0,1999.0,4028.0,False,False
2603,2022-10-27 09:34:33.342903,-0.007168458781361964,0.0,-1.0,0.0,139.0,139.5,138.5,139.0,223.0,271.0,1999.0,4028.0,False,False
2603,2022-10-27 09:34:33.455385,-0.007168458781361964,0.0,-1.0,0.0,139.0,139.5,138.5,139.0,223.0,271.0,549.0,4028.0,True,True
2603,2022-10-27 09:34:34.302352,-0.007168458781361964,0.0,-1.0,0.0,139.0,139.5,138.5,139.0,223.0,266.0,549.0,4028.0,False,False
2603,2022-10-27 09:34:34.310189,-0.007168458781361964,0.0,-1.0,0.0,139.0,139.5,138.5,139.0,225.0,266.0,549.0,4028.0,False,False
2603,2022-10-27 09:34:34.358318,-0.007168458781361964,0.0,-1.0,0.0,139.0,139.5,138.5,139.0,225.0,267.0,549.0,4028.0,False,False
2603,2022-10-27 09:34:34.404123,-0.007168458781361964,0.0,-1.0,0.0,139.0,139.5,138.5,139.0,225.0,267.0,549.0,4028.0,False,False
2603,2022-10-27 09:34:35.097379,-0.007168458781361964,0.0,-1.0,0.0,139.0,139.5,138.5,139.0,225.0,266.0,549.0,4028.0,False,False
2603,2022-10-27 09:34:35.138736,-0.007168458781361964,0.0,-1.0,0.0,139.0,139.5,138.5,139.0,225.0,268.0,549.0,4028.0,False,False
2603,2022-10-27 09:34:35.200829,-0.007168458781361964,0.0,-1.0,0.0,139.0,139.5,138.5,139.0,226.0,268.0,549.0,4028.0,False,False
2603,2022-10-27 09:34:35.350842,-0.007168458781361964,0.0,-1.0,0.0,139.0,139.5,138.5,139.0,226.0,238.0,549.0,4028.0,False,False
2603,2022-10-27 09:34:35.394982,-0.007168458781361964,0.0,-1.0,0.0,139.0,139.5,138.5,139.0,226.0,240.0,549.0,4028.0,False,False
2603,2022-10-27 09:34:35.760999,-0.007168458781361964,0.0,-1.0,0.0,139.0,139.5,138.5,139.0,226.0,241.0,549.0,4028.0,False,False
2603,2022-10-27 09:34:35.919987,-0.007168458781361964,0.0,-1.0,0.0,139.0,139.5,138.5,139.0,226.0,240.0,549.0,4028.0,False,False
2603,2022-10-27 09:34:35.929914,-0.007168458781361964,0.0,-1.0,0.0,139.0,139.5,138.5,139.0,226.0,239.0,549.0,4028.0,False,False
2603,2022-10-27 09:34:35.986177,-0.007168458781361964,0.0,-1.0,0.0,139.0,139.5,138.5,139.0,226.0,239.0,549.0,4028.0,False,False
2603,2022-10-27 09:34:36.414463,-0.007168458781361964,0.0,-1.0,0.0,139.0,139.5,138.5,139.0,226.0,239.0,549.0,4028.0,False,False
2603,2022-10-27 09:34:36.442230,-0.007168458781361964,0.0,-1.0,0.0,139.0,139.5,138.5,139.0,226.0,238.0,549.0,4028.0,False,False
2603,2022-10-27 09:34:36.478443,-0.007168458781361964,0.0,-1.0,0.0,139.0,139.5,138.5,139.0,219.0,238.0,549.0,4028.0,False,False
2603,2022-10-27 09:34:36.734143,-0.007168458781361964,0.0,-1.0,0.0,139.0,139.5,138.5,139.0,219.0,238.0,549.0,4028.0,False,False
2603,2022-10-27 09:34:36.791602,-0.007168458781361964,0.0,-1.0,0.0,139.0,139.5,138.5,139.0,219.0,238.0,549.0,4028.0,False,False
2603,2022-10-27 09:34:37.034280,-0.007168458781361964,0.0,-1.0,0.0,139.0,139.5,138.5,139.0,219.0,238.0,549.0,4028.0,False,False
2603,2022-10-27 09:34:37.143539,-0.007168458781361964,0.0,-1.0,0.0,139.0,139.5,138.5,139.0,219.0,238.0,549.0,4028.0,False,False
2603,2022-10-27 09:34:37.257912,-0.007168458781361964,0.0,-1.0,0.0,139.0,139.5,138.5,139.0,218.0,237.0,549.0,4028.0,False,False
2603,2022-10-27 09:34:37.298921,-0.007168458781361964,0.0,-1.0,0.0,139.0,139.5,138.5,139.0,218.0,238.0,549.0,4028.0,False,False
2603,2022-10-27 09:34:37.809815,-0.007168458781361964,0.0,-1.0,0.0,139.0,139.5,138.5,139.0,218.0,238.0,549.0,4028.0,False,False
2603,2022-10-27 09:34:37.904993,-0.007168458781361964,0.0,-1.0,0.0,139.0,139.5,138.5,139.0,218.0,238.0,549.0,4028.0,False,False
2603,2022-10-27 09:34:38.190934,-0.007168458781361964,0.0,-1.0,0.0,139.0,139.5,138.5,139.0,218.0,239.0,549.0,4028.0,False,False
2603,2022-10-27 09:34:38.292859,-0.007168458781361964,0.0,-1.0,0.0,139.0,139.5,138.5,139.0,218.0,239.0,549.0,4028.0,False,False
2603,2022-10-27 09:34:38.560231,-0.007168458781361964,0.0,-1.0,0.0,139.0,139.5,138.5,139.0,218.0,239.0,549.0,4028.0,False,False
2603,2022-10-27 09:34:38.721379,-0.007168458781361964,0.0,-1.0,0.0,139.0,139.5,138.5,139.0,218.0,239.0,549.0,4028.0,False,False
2603,2022-10-27 09:34:38.771029,-0.007168458781361964,0.0,-1.0,0.0,139.0,139.5,138.5,139.0,218.0,237.0,549.0,4028.0,False,False
2603,2022-10-27 09:34:38.814447,-0.007168458781361964,0.0,-1.0,0.0,139.0,139.5,138.5,139.0,218.0,239.0,549.0,4028.0,False,False
2603,2022-10-27 09:34:38.893224,-0.007168458781361964,0.0,-1.0,0.0,139.0,139.5,138.5,139.0,218.0,236.0,549.0,4028.0,False,False
2603,2022-10-27 09:34:38.926375,-0.007168458781361964,0.0,-1.0,0.0,139.0,139.5,138.5,139.0,218.0,238.0,549.0,4028.0,False,False
2603,2022-10-27 09:34:39.194164,-0.007168458781361964,0.0,-1.0,0.0,139.0,139.5,138.5,139.0,219.0,238.0,549.0,4028.0,False,False
2603,2022-10-27 09:34:39.442016,-0.007168458781361964,0.0,-1.0,0.0,139.0,139.5,138.5,139.0,219.0,246.0,549.0,4028.0,False,False
2603,2022-10-27 09:34:39.493137,-0.007168458781361964,0.0,-1.0,0.0,139.0,139.5,138.5,139.0,219.0,246.0,549.0,4028.0,False,False
2603,2022-10-27 09:34:40.275715,-0.007168458781361964,0.0,-1.0,0.0,139.0,139.5,138.5,139.0,219.0,246.0,549.0,4028.0,False,False
2603,2022-10-27 09:34:40.385585,-0.007168458781361964,0.0,-1.0,0.0,139.0,139.5,138.5,139.0,219.0,247.0,549.0,4028.0,False,False
2603,2022-10-27 09:34:40.470946,-0.007168458781361964,0.0,-1.0,0.0,139.0,139.5,138.5,139.0,219.0,247.0,549.0,4028.0,False,False
2603,2022-10-27 09:34:40.526427,-0.007168458781361964,0.0,-1.0,0.0,139.0,139.5,138.5,139.0,219.0,247.0,549.0,4028.0,False,False
2603,2022-10-27 09:34:40.839747,-0.007168458781361964,0.0,-1.0,0.0,139.0,139.5,138.5,139.0,219.0,248.0,549.0,4028.0,False,False
2603,2022-10-27 09:34:41.050526,-0.007168458781361964,0.0,-1.0,0.0,139.0,139.5,138.5,139.0,219.0,248.0,549.0,4028.0,False,False
2603,2022-10-27 09:34:41.096087,-0.007168458781361964,0.0,-1.0,0.0,139.0,139.5,138.5,139.0,219.0,238.0,549.0,4028.0,False,False
2603,2022-10-27 09:34:41.116588,-0.007168458781361964,0.0,-1.0,0.0,139.0,139.5,138.5,139.0,219.0,243.0,549.0,4028.0,False,False
2603,2022-10-27 09:34:41.141694,-0.007168458781361964,0.0,-1.0,0.0,139.0,139.5,138.5,139.0,219.0,245.0,549.0,4028.0,False,False
2603,2022-10-27 09:34:41.241643,-0.007168458781361964,0.0,-1.0,0.0,139.0,139.5,138.5,139.0,219.0,245.0,549.0,4028.0,False,False
2603,2022-10-27 09:34:41.408119,-0.007168458781361964,0.0,-1.0,0.0,139.0,139.5,138.5,139.0,219.0,247.0,549.0,4028.0,False,False
2603,2022-10-27 09:34:41.783652,-0.007168458781361964,0.0,-1.0,0.0,139.0,139.5,138.5,139.0,219.0,246.0,549.0,4028.0,False,False
2603,2022-10-27 09:34:41.837228,-0.007168458781361964,0.0,-1.0,0.0,139.0,139.5,138.5,139.0,219.0,248.0,549.0,4028.0,False,False
2603,2022-10-27 09:34:41.860764,-0.007168458781361964,0.0,-1.0,0.0,139.0,139.5,138.5,139.0,219.0,248.0,549.0,4028.0,False,False
2603,2022-10-27 09:34:42.224078,-0.007168458781361964,0.0,-1.0,0.0,139.0,139.5,138.5,139.0,219.0,249.0,549.0,4028.0,False,False
2603,2022-10-27 09:34:42.599018,-0.007168458781361964,0.0,-1.0,0.0,139.0,139.5,138.5,139.0,219.0,249.0,549.0,4028.0,False,False
2603,2022-10-27 09:34:42.635623,-0.007168458781361964,0.0,-1.0,0.0,139.0,139.5,138.5,139.0,219.0,249.0,549.0,4028.0,False,False
2603,2022-10-27 09:34:42.888486,-0.007168458781361964,0.0,-1.0,0.0,139.0,139.5,138.5,139.0,219.0,249.0,549.0,4028.0,False,False
2603,2022-10-27 09:34:42.959202,-0.007168458781361964,0.0,-1.0,0.0,139.0,139.5,138.5,139.0,220.0,249.0,549.0,4028.0,False,False
2603,2022-10-27 09:34:43.035581,-0.007168458781361964,0.0,-1.0,0.0,139.0,139.5,138.5,139.0,219.0,249.0,549.0,4028.0,False,False
2603,2022-10-27 09:34:43.132840,-0.007168458781361964,0.0,-1.0,0.0,139.0,139.5,138.5,139.0,218.0,249.0,549.0,4028.0,False,False
2603,2022-10-27 09:34:43.190843,-0.007168458781361964,0.0,-1.0,0.0,139.0,139.5,138.5,139.0,218.0,249.0,549.0,4028.0,False,False
2603,2022-10-27 09:34:43.295054,-0.007168458781361964,0.0,-1.0,0.0,139.0,139.5,138.5,139.0,219.0,249.0,549.0,4028.0,False,False
2603,2022-10-27 09:34:43.442465,-0.007168458781361964,0.0,-1.0,0.0,139.0,139.5,138.5,139.0,219.0,249.0,549.0,4028.0,False,False
2603,2022-10-27 09:34:43.492511,-0.007168458781361964,0.0,-1.0,0.0,139.0,139.5,138.5,139.0,219.0,249.0,1054.0,4028.0,True,True
2603,2022-10-27 09:34:43.474464,-0.007168458781361964,0.0,-1.0,0.0,139.0,139.5,138.5,139.0,219.0,250.0,1054.0,4028.0,False,False
2603,2022-10-27 09:34:43.780445,-0.007168458781361964,0.0,-1.0,0.0,139.0,139.5,138.5,139.0,219.0,250.0,1054.0,4028.0,False,False
2603,2022-10-27 09:34:43.947959,-0.007168458781361964,0.0,-1.0,0.0,139.0,139.5,138.5,139.0,219.0,250.0,1054.0,4028.0,False,False
2603,2022-10-27 09:34:44.133219,-0.007168458781361964,0.0,-1.0,0.0,139.0,139.5,138.5,139.0,219.0,249.0,1054.0,4028.0,False,False
2603,2022-10-27 09:34:44.180578,-0.007168458781361964,0.0,-1.0,0.0,139.0,139.5,138.5,139.0,219.0,250.0,1054.0,4028.0,False,False
2603,2022-10-27 09:34:44.458400,-0.007168458781361964,0.0,-1.0,0.0,139.0,139.5,138.5,139.0,219.0,250.0,1054.0,4028.0,False,False
2603,2022-10-27 09:34:44.704308,-0.007168458781361964,0.0,-1.0,0.0,139.0,139.5,138.5,139.0,219.0,249.0,1054.0,4028.0,False,False
2603,2022-10-27 09:34:45.010485,-0.007168458781361964,0.0,-1.0,0.0,139.0,139.5,138.5,139.0,219.0,249.0,1054.0,4028.0,False,False
2603,2022-10-27 09:34:45.092938,-0.007168458781361964,0.0,-1.0,0.0,139.0,139.5,138.5,139.0,219.0,259.0,1054.0,4028.0,False,False
2603,2022-10-27 09:34:45.335599,-0.007168458781361964,0.0,-1.0,0.0,139.0,139.5,138.5,139.0,219.0,258.0,1054.0,4028.0,False,False
2603,2022-10-27 09:34:45.387306,-0.007168458781361964,0.0,-1.0,0.0,139.0,139.5,138.5,139.0,219.0,260.0,1054.0,4028.0,False,False
2603,2022-10-27 09:34:46.179379,-0.007168458781361964,0.0,-1.0,0.0,139.0,139.5,138.5,139.0,214.0,260.0,1054.0,4028.0,False,False
2603,2022-10-27 09:34:46.362626,-0.007168458781361964,0.0,-1.0,0.0,139.0,139.5,138.5,139.0,214.0,260.0,1054.0,4028.0,False,False
2603,2022-10-27 09:34:46.463782,-0.007168458781361964,0.0,-1.0,0.0,139.0,139.5,138.5,139.0,214.0,259.0,1054.0,4028.0,False,False
2603,2022-10-27 09:34:46.482033,-0.007168458781361964,0.0,-1.0,0.0,139.0,139.5,138.5,139.0,214.0,259.0,1054.0,4028.0,False,False
2603,2022-10-27 09:34:46.679616,-0.007168458781361964,0.0,-1.0,0.0,139.0,139.5,138.5,139.0,213.0,259.0,1054.0,4028.0,False,False
2603,2022-10-27 09:34:47.087226,-0.007168458781361964,0.0,-1.0,0.0,139.0,139.5,138.5,139.0,213.0,260.0,1054.0,4028.0,False,False
2603,2022-10-27 09:34:47.165025,-0.007168458781361964,0.0,-1.0,0.0,139.0,139.5,138.5,139.0,213.0,260.0,1054.0,4028.0,False,False
2603,2022-10-27 09:34:47.380620,-0.007168458781361964,0.0,-1.0,0.0,139.0,139.5,138.5,139.0,213.0,260.0,1054.0,4028.0,False,False
2603,2022-10-27 09:34:47.390036,-0.007168458781361964,0.0,-1.0,0.0,139.0,139.5,138.5,139.0,213.0,259.0,1054.0,4028.0,False,False
2603,2022-10-27 09:34:47.574330,-0.007168458781361964,0.0,-1.0,0.0,139.0,139.5,138.5,139.0,213.0,259.0,1054.0,4028.0,False,False
2603,2022-10-27 09:34:47.770919,-0.007168458781361964,0.0,-1.0,0.0,139.0,139.5,138.5,139.0,214.0,259.0,1054.0,4028.0,False,False
2603,2022-10-27 09:34:47.879279,-0.007168458781361964,0.0,-1.0,0.0,139.0,139.5,138.5,139.0,214.0,259.0,1054.0,4028.0,False,False
2603,2022-10-27 09:34:48.024811,-0.007168458781361964,0.0,-1.0,0.0,139.0,139.5,138.5,139.0,214.0,254.0,1054.0,4028.0,False,False
2603,2022-10-27 09:34:48.066490,-0.007168458781361964,0.0,-1.0,0.0,139.0,139.5,138.5,139.0,214.0,256.0,1054.0,4028.0,False,False
2603,2022-10-27 09:34:48.089341,-0.007168458781361964,0.0,-1.0,0.0,139.0,139.5,138.5,139.0,215.0,256.0,1054.0,4028.0,False,False
2603,2022-10-27 09:34:48.457698,-0.007168458781361964,0.0,-1.0,0.0,139.0,139.5,138.5,139.0,215.0,254.0,1054.0,4028.0,False,False
2603,2022-10-27 09:34:48.498561,-0.007168458781361964,0.0,-1.0,0.0,139.0,139.5,138.5,139.0,215.0,256.0,1054.0,4028.0,False,False
2603,2022-10-27 09:34:48.554366,-0.007168458781361964,0.0,-1.0,0.0,139.0,139.5,138.5,139.0,215.0,255.0,1054.0,4028.0,False,False
2603,2022-10-27 09:34:48.609163,-0.007168458781361964,0.0,-1.0,0.0,139.0,139.5,138.5,139.0,215.0,256.0,1054.0,4028.0,False,False
2603,2022-10-27 09:34:49.027761,-0.007168458781361964,0.0,-1.0,0.0,139.0,139.5,138.5,139.0,215.0,256.0,1054.0,4028.0,False,False
2603,2022-10-27 09:34:49.161336,-0.007168458781361964,0.0,-1.0,0.0,139.0,139.5,138.5,139.0,216.0,256.0,1054.0,4028.0,False,False
2603,2022-10-27 09:34:49.248774,-0.007168458781361964,0.0,-1.0,0.0,139.0,139.5,138.5,139.0,217.0,256.0,1054.0,4028.0,False,False
2603,2022-10-27 09:34:49.747363,-0.007168458781361964,0.0,-1.0,0.0,139.0,139.5,138.5,139.0,217.0,255.0,1054.0,4028.0,False,False
2603,2022-10-27 09:34:49.814137,-0.007168458781361964,0.0,-1.0,0.0,139.0,139.5,138.5,139.0,218.0,255.0,1054.0,4028.0,False,False
2603,2022-10-27 09:34:50.391475,-0.007168458781361964,0.0,-1.0,0.0,139.0,139.5,138.5,139.0,218.0,255.0,1054.0,4028.0,False,False
2603,2022-10-27 09:34:50.452503,-0.007168458781361964,0.0,-1.0,0.0,139.0,139.5,138.5,139.0,218.0,256.0,1054.0,4028.0,False,False
2603,2022-10-27 09:34:50.578256,-0.007168458781361964,0.0,-1.0,0.0,139.0,139.5,138.5,139.0,218.0,256.0,1054.0,4028.0,False,False
2603,2022-10-27 09:34:50.635652,-0.007168458781361964,0.0,-1.0,0.0,139.0,139.5,138.5,139.0,218.0,256.0,1054.0,4028.0,False,False
2603,2022-10-27 09:34:50.899524,-0.007168458781361964,0.0,-1.0,0.0,139.0,139.5,138.5,139.0,219.0,256.0,1054.0,4028.0,False,False
2603,2022-10-27 09:34:50.913621,-0.007168458781361964,0.0,-1.0,0.0,139.0,139.5,138.5,139.0,219.0,255.0,1054.0,4028.0,False,False
2603,2022-10-27 09:34:50.953725,-0.007168458781361964,0.0,-1.0,0.0,139.0,139.5,138.5,139.0,219.0,257.0,1054.0,4028.0,False,False
2603,2022-10-27 09:34:51.294546,-0.007168458781361964,0.0,-1.0,0.0,139.0,139.5,138.5,139.0,219.0,256.0,1054.0,4028.0,False,False
2603,2022-10-27 09:34:51.351851,-0.007168458781361964,0.0,-1.0,0.0,139.0,139.5,138.5,139.0,219.0,257.0,1054.0,4028.0,False,False
2603,2022-10-27 09:34:51.375820,-0.007168458781361964,0.0,-1.0,0.0,139.0,139.5,138.5,139.0,219.0,260.0,1054.0,4028.0,False,False
2603,2022-10-27 09:34:51.738718,-0.007168458781361964,0.0,-1.0,0.0,139.0,139.5,138.5,139.0,219.0,260.0,1054.0,4028.0,False,False
2603,2022-10-27 09:34:51.825304,-0.007168458781361964,0.0,-1.0,0.0,139.0,139.5,138.5,139.0,229.0,259.0,1054.0,4028.0,False,False
2603,2022-10-27 09:34:51.958827,-0.007168458781361964,0.0,-1.0,0.0,139.0,139.5,138.5,139.0,229.0,259.0,1054.0,4028.0,False,False
2603,2022-10-27 09:34:52.044530,-0.007168458781361964,0.0,-1.0,0.0,139.0,139.5,138.5,139.0,229.0,258.0,1054.0,4028.0,False,False
2603,2022-10-27 09:34:52.080143,-0.007168458781361964,0.0,-1.0,0.0,139.0,139.5,138.5,139.0,229.0,260.0,1054.0,4028.0,False,False
2603,2022-10-27 09:34:52.361987,-0.007168458781361964,0.0,-1.0,0.0,139.0,139.5,138.5,139.0,229.0,259.0,1054.0,4028.0,False,False
2603,2022-10-27 09:34:52.410640,-0.007168458781361964,0.0,-1.0,0.0,139.0,139.5,138.5,139.0,229.0,260.0,1054.0,4028.0,False,False
2603,2022-10-27 09:34:52.695895,-0.007168458781361964,0.0,-1.0,0.0,139.0,139.5,138.5,139.0,229.0,260.0,1054.0,4028.0,False,False
2603,2022-10-27 09:34:52.744211,-0.007168458781361964,0.0,-1.0,0.0,139.0,139.5,138.5,139.0,229.0,259.0,1054.0,4028.0,False,False
2603,2022-10-27 09:34:52.780602,-0.007168458781361964,0.0,-1.0,0.0,139.0,139.5,138.5,139.0,229.0,261.0,1054.0,4028.0,False,False
2603,2022-10-27 09:34:52.831453,-0.007168458781361964,0.0,-1.0,0.0,139.0,139.5,138.5,139.0,229.0,271.0,1054.0,4028.0,False,False
2603,2022-10-27 09:34:52.967588,-0.007168458781361964,0.0,-1.0,0.0,139.0,139.5,138.5,139.0,229.0,271.0,1054.0,4028.0,False,False
2603,2022-10-27 09:34:53.303727,-0.007168458781361964,0.0,-1.0,0.0,139.0,139.5,138.5,139.0,269.0,271.0,1054.0,4028.0,False,False
2603,2022-10-27 09:34:53.413084,-0.007168458781361964,0.0,-1.0,0.0,139.0,139.5,138.5,139.0,269.0,270.0,1054.0,4028.0,False,False
2603,2022-10-27 09:34:53.458326,-0.007168458781361964,0.0,-1.0,0.0,139.0,139.5,138.5,139.0,269.0,271.0,1054.0,4028.0,False,False
2603,2022-10-27 09:34:53.538791,-0.007168458781361964,0.0,-1.0,0.0,139.0,139.5,138.5,139.0,269.0,271.0,1054.0,4028.0,True,True
2603,2022-10-27 09:34:53.609956,-0.007168458781361964,0.0,-1.0,0.0,139.0,139.5,138.5,139.0,229.0,271.0,1054.0,4028.0,False,False
2603,2022-10-27 09:34:53.690190,-0.007168458781361964,0.0,-1.0,0.0,139.0,139.5,138.5,139.0,229.0,270.0,1054.0,4028.0,False,False
2603,2022-10-27 09:34:53.749467,-0.007168458781361964,0.0,-1.0,0.0,139.0,139.5,138.5,139.0,229.0,272.0,1054.0,4028.0,False,False
2603,2022-10-27 09:34:54.267417,-0.007168458781361964,0.0,-1.0,0.0,139.0,139.5,138.5,139.0,229.0,272.0,1054.0,4028.0,False,False
2603,2022-10-27 09:34:54.388257,-0.007168458781361964,0.0,-1.0,0.0,139.0,139.5,138.5,139.0,229.0,273.0,1054.0,4028.0,False,False
2603,2022-10-27 09:34:54.568648,-0.007168458781361964,0.0,-1.0,0.0,139.0,139.5,138.5,139.0,229.0,273.0,1054.0,4028.0,False,False
2603,2022-10-27 09:34:54.905273,-0.007168458781361964,0.0,-1.0,0.0,139.0,139.5,138.5,139.0,229.0,272.0,1054.0,4028.0,False,False
2603,2022-10-27 09:34:54.953553,-0.007168458781361964,0.0,-1.0,0.0,139.0,139.5,138.5,139.0,230.0,272.0,1054.0,4028.0,False,False
2603,2022-10-27 09:34:54.957701,-0.007168458781361964,0.0,-1.0,0.0,139.0,139.5,138.5,139.0,230.0,274.0,1054.0,4028.0,False,False
2603,2022-10-27 09:34:55.541871,-0.007168458781361964,0.0,-1.0,0.0,139.0,139.5,138.5,139.0,230.0,275.0,1054.0,4028.0,False,False
2603,2022-10-27 09:34:55.553143,-0.007168458781361964,0.0,-1.0,0.0,139.0,139.5,138.5,139.0,230.0,267.0,1054.0,4028.0,False,False
2603,2022-10-27 09:34:55.589123,-0.007168458781361964,0.0,-1.0,0.0,139.0,139.5,138.5,139.0,230.0,267.0,1054.0,4028.0,False,False
2603,2022-10-27 09:34:55.674514,-0.007168458781361964,0.0,-1.0,0.0,139.0,139.5,138.5,139.0,230.0,268.0,1054.0,4028.0,False,False
2603,2022-10-27 09:34:55.719879,-0.007168458781361964,0.0,-1.0,0.0,139.0,139.5,138.5,139.0,230.0,268.0,1054.0,4028.0,False,False
2603,2022-10-27 09:34:55.836364,-0.007168458781361964,0.0,-1.0,0.0,139.0,139.5,138.5,139.0,230.0,267.0,1054.0,4028.0,False,False
2603,2022-10-27 09:34:55.903869,-0.007168458781361964,0.0,-1.0,0.0,139.0,139.5,138.5,139.0,230.0,269.0,1054.0,4028.0,False,False
2603,2022-10-27 09:34:56.035028,-0.007168458781361964,0.0,-1.0,0.0,139.0,139.5,138.5,139.0,230.0,269.0,1054.0,4028.0,False,False
2603,2022-10-27 09:34:56.217314,-0.007168458781361964,0.0,-1.0,0.0,139.0,139.5,138.5,139.0,230.0,269.0,1054.0,4028.0,False,False
2603,2022-10-27 09:34:56.227224,-0.007168458781361964,0.0,-1.0,0.0,139.0,139.5,138.5,139.0,230.0,269.0,1054.0,4028.0,False,False
2603,2022-10-27 09:34:56.380195,-0.007168458781361964,0.0,-1.0,0.0,139.0,139.5,138.5,139.0,230.0,275.0,1054.0,4028.0,False,False
2603,2022-10-27 09:34:56.971632,-0.007168458781361964,0.0,-1.0,0.0,139.0,139.5,138.5,139.0,232.0,275.0,1054.0,4028.0,False,False
2603,2022-10-27 09:34:57.175157,-0.007168458781361964,0.0,-1.0,0.0,139.0,139.5,138.5,139.0,232.0,275.0,1054.0,4028.0,False,False
2603,2022-10-27 09:34:57.961366,-0.007168458781361964,0.0,-1.0,0.0,139.0,139.5,138.5,139.0,231.0,275.0,1054.0,4028.0,False,False
2603,2022-10-27 09:34:58.251855,-0.007168458781361964,0.0,-1.0,0.0,139.0,139.5,138.5,139.0,231.0,272.0,1054.0,4028.0,False,False
2603,2022-10-27 09:34:58.315492,-0.007168458781361964,0.0,-1.0,0.0,139.0,139.5,138.5,139.0,231.0,273.0,1054.0,4028.0,False,False
2603,2022-10-27 09:34:58.344194,-0.007168458781361964,0.0,-1.0,0.0,139.0,139.5,138.5,139.0,231.0,273.0,1054.0,4028.0,False,False
2603,2022-10-27 09:34:58.515099,-0.007168458781361964,0.0,-1.0,0.0,139.0,139.5,138.5,139.0,231.0,273.0,1054.0,4028.0,False,False
2603,2022-10-27 09:34:58.571815,-0.007168458781361964,0.0,-1.0,0.0,139.0,139.5,138.5,139.0,231.0,272.0,1054.0,4028.0,False,False
2603,2022-10-27 09:34:58.619310,-0.007168458781361964,0.0,-1.0,0.0,139.0,139.5,138.5,139.0,231.0,274.0,1054.0,4028.0,False,False
2603,2022-10-27 09:34:58.709454,-0.007168458781361964,0.0,-1.0,0.0,139.0,139.5,138.5,139.0,232.0,274.0,1054.0,4028.0,False,False
2603,2022-10-27 09:34:59.088301,-0.007168458781361964,0.0,-1.0,0.0,139.0,139.5,138.5,139.0,232.0,275.0,1054.0,4028.0,False,False
2603,2022-10-27 09:34:59.439447,-0.007168458781361964,0.0,-1.0,0.0,139.0,139.5,138.5,139.0,232.0,275.0,1054.0,4028.0,False,False
2603,2022-10-27 09:34:59.970536,-0.007168458781361964,0.0,-1.0,0.0,139.0,139.5,138.5,139.0,232.0,275.0,1054.0,4028.0,False,False
2603,2022-10-27 09:35:00.035058,-0.007168458781361964,0.0,-1.0,0.0,139.0,139.5,138.5,139.0,232.0,276.0,1054.0,4028.0,False,False
2603,2022-10-27 09:35:00.674144,-0.007168458781361964,0.0,-1.0,0.0,139.0,139.5,138.5,139.0,232.0,277.0,1054.0,4028.0,False,False
2603,2022-10-27 09:35:00.808585,-0.007168458781361964,0.0,-1.0,0.0,139.0,139.5,138.5,139.0,242.0,277.0,1054.0,4028.0,False,False
2603,2022-10-27 09:35:00.811195,-0.007168458781361964,0.0,-1.0,0.0,139.0,139.5,138.5,139.0,242.0,278.0,1054.0,4028.0,False,False
2603,2022-10-27 09:35:00.951517,-0.007168458781361964,0.0,-1.0,0.0,139.0,139.5,138.5,139.0,241.0,277.0,1054.0,4028.0,False,False
2603,2022-10-27 09:35:01.018282,-0.007168458781361964,0.0,-1.0,0.0,139.0,139.5,138.5,139.0,241.0,278.0,1054.0,4028.0,False,False
2603,2022-10-27 09:35:01.134312,-0.007168458781361964,0.0,-1.0,0.0,139.0,139.5,138.5,139.0,241.0,280.0,1054.0,4028.0,False,False
2603,2022-10-27 09:35:01.274718,-0.007168458781361964,0.0,-1.0,0.0,139.0,139.5,138.5,139.0,241.0,281.0,1054.0,4028.0,False,False
2603,2022-10-27 09:35:01.872799,-0.007168458781361964,0.0,-1.0,0.0,139.0,139.5,138.5,139.0,242.0,281.0,1054.0,4028.0,False,False
2603,2022-10-27 09:35:01.921432,-0.007168458781361964,0.0,-1.0,0.0,139.0,139.5,138.5,139.0,242.0,282.0,1054.0,4028.0,False,False
2603,2022-10-27 09:35:01.924821,-0.007168458781361964,0.0,-1.0,0.0,139.0,139.5,138.5,139.0,242.0,282.0,1054.0,4028.0,False,False
2603,2022-10-27 09:35:02.499558,-0.007168458781361964,0.0,-1.0,0.0,139.0,139.5,138.5,139.0,242.0,282.0,1054.0,4028.0,False,False
2603,2022-10-27 09:35:02.888741,-0.007168458781361964,0.0,-1.0,0.0,139.0,139.5,138.5,139.0,242.0,282.0,1054.0,4028.0,False,False
2603,2022-10-27 09:35:03.004127,-0.007168458781361964,0.0,-1.0,0.0,139.0,139.5,138.5,139.0,242.0,281.0,1054.0,4028.0,False,False
2603,2022-10-27 09:35:03.051167,-0.007168458781361964,0.0,-1.0,0.0,139.0,139.5,138.5,139.0,242.0,283.0,1054.0,4028.0,False,False
2603,2022-10-27 09:35:03.109232,-0.007168458781361964,0.0,-1.0,0.0,139.0,139.5,138.5,139.0,243.0,283.0,1054.0,4028.0,False,False
2603,2022-10-27 09:35:03.151038,-0.007168458781361964,0.0,-1.0,0.0,139.0,139.5,138.5,139.0,243.0,285.0,1054.0,4028.0,False,False
2603,2022-10-27 09:35:03.433018,-0.007168458781361964,0.0,-1.0,0.0,139.0,139.5,138.5,139.0,244.0,285.0,1054.0,4028.0,False,False
2603,2022-10-27 09:35:03.507537,-0.007168458781361964,0.0,-1.0,0.0,139.0,139.5,138.5,139.0,244.0,286.0,1054.0,4028.0,False,False
2603,2022-10-27 09:35:03.700723,-0.007168458781361964,0.0,-1.0,0.0,139.0,139.5,138.5,139.0,244.0,286.0,2164.0,3328.0,True,True
2603,2022-10-27 09:35:03.747984,-0.007168458781361964,0.0,-1.0,0.0,139.0,139.5,138.5,139.0,244.0,286.0,2164.0,3328.0,False,False
2603,2022-10-27 09:35:03.801793,-0.007168458781361964,0.0,-1.0,0.0,139.0,139.5,138.5,139.0,244.0,286.0,2164.0,3328.0,False,False
2603,2022-10-27 09:35:03.847725,-0.007168458781361964,0.0,-1.0,0.0,139.0,139.5,138.5,139.0,244.0,286.0,2164.0,3328.0,False,False
2603,2022-10-27 09:35:03.913123,-0.007168458781361964,0.0,-1.0,0.0,139.0,139.5,138.5,139.0,247.0,286.0,2164.0,3328.0,False,False
2603,2022-10-27 09:35:04.053543,-0.007168458781361964,0.0,-1.0,0.0,139.0,139.5,138.5,139.0,247.0,286.0,2164.0,3328.0,False,False
2603,2022-10-27 09:35:04.172807,-0.007168458781361964,0.0,-1.0,0.0,139.0,139.5,138.5,139.0,247.0,286.0,2164.0,3328.0,False,False
2603,2022-10-27 09:35:04.361570,-0.007168458781361964,0.0,-1.0,0.0,139.0,139.5,138.5,139.0,247.0,286.0,2164.0,3328.0,False,False
2603,2022-10-27 09:35:04.592150,-0.007168458781361964,0.0,-1.0,0.0,139.0,139.5,138.5,139.0,247.0,287.0,2164.0,3328.0,False,False
2603,2022-10-27 09:35:04.594864,-0.007168458781361964,0.0,-1.0,0.0,139.0,139.5,138.5,139.0,247.0,287.0,2164.0,3328.0,False,False
2603,2022-10-27 09:35:04.782902,-0.007168458781361964,0.0,-1.0,0.0,139.0,139.5,138.5,139.0,247.0,284.0,2164.0,3328.0,False,False
2603,2022-10-27 09:35:04.818760,-0.007168458781361964,0.0,-1.0,0.0,139.0,139.5,138.5,139.0,247.0,285.0,2164.0,3328.0,False,False
2603,2022-10-27 09:35:05.085305,-0.007168458781361964,0.0,-1.0,0.0,139.0,139.5,138.5,139.0,248.0,285.0,2164.0,3328.0,False,False
2603,2022-10-27 09:35:05.094678,-0.007168458781361964,0.0,-1.0,0.0,139.0,139.5,138.5,139.0,248.0,285.0,2164.0,3328.0,False,False
2603,2022-10-27 09:35:05.399744,-0.007168458781361964,0.0,-1.0,0.0,139.0,139.5,138.5,139.0,248.0,286.0,2164.0,3328.0,False,False
2603,2022-10-27 09:35:05.571586,-0.007168458781361964,0.0,-1.0,0.0,139.0,139.5,138.5,139.0,250.0,286.0,2164.0,3328.0,False,False
2603,2022-10-27 09:35:05.798887,-0.007168458781361964,0.0,-1.0,0.0,139.0,139.5,138.5,139.0,250.0,287.0,2164.0,3328.0,False,False
2603,2022-10-27 09:35:06.439645,-0.007168458781361964,0.0,-1.0,0.0,139.0,139.5,138.5,139.0,249.0,287.0,2164.0,3328.0,False,False
2603,2022-10-27 09:35:06.470705,-0.007168458781361964,0.0,-1.0,0.0,139.0,139.5,138.5,139.0,249.0,286.0,2164.0,3328.0,False,False
2603,2022-10-27 09:35:06.517408,-0.007168458781361964,0.0,-1.0,0.0,139.0,139.5,138.5,139.0,249.0,288.0,2164.0,3328.0,False,False
2603,2022-10-27 09:35:06.623185,-0.007168458781361964,0.0,-1.0,0.0,139.0,139.5,138.5,139.0,249.0,286.0,2164.0,3328.0,False,False
2603,2022-10-27 09:35:06.879066,-0.007168458781361964,0.0,-1.0,0.0,139.0,139.5,138.5,139.0,249.0,286.0,2164.0,3328.0,False,False
2603,2022-10-27 09:35:06.946048,-0.007168458781361964,0.0,-1.0,0.0,139.0,139.5,138.5,139.0,249.0,287.0,2164.0,3328.0,False,False
2603,2022-10-27 09:35:07.191136,-0.007168458781361964,0.0,-1.0,0.0,139.0,139.5,138.5,139.0,250.0,287.0,2164.0,3328.0,False,False
2603,2022-10-27 09:35:07.269164,-0.007168458781361964,0.0,-1.0,0.0,139.0,139.5,138.5,139.0,250.0,287.0,2164.0,3328.0,False,False
2603,2022-10-27 09:35:07.668872,-0.007168458781361964,0.0,-1.0,0.0,139.0,139.5,138.5,139.0,250.0,287.0,2164.0,3328.0,False,False
2603,2022-10-27 09:35:07.837987,-0.007168458781361964,0.0,-1.0,0.0,139.0,139.5,138.5,139.0,250.0,287.0,2164.0,3328.0,False,False
2603,2022-10-27 09:35:07.868867,-0.007168458781361964,0.0,-1.0,0.0,139.0,139.5,138.5,139.0,250.0,287.0,2164.0,3328.0,False,False
2603,2022-10-27 09:35:07.989505,-0.007168458781361964,0.0,-1.0,0.0,139.0,139.5,138.5,139.0,253.0,287.0,2164.0,3328.0,False,False
2603,2022-10-27 09:35:08.103705,-0.007168458781361964,0.0,-1.0,0.0,139.0,139.5,138.5,139.0,253.0,287.0,2164.0,3328.0,False,False
2603,2022-10-27 09:35:08.180341,-0.007168458781361964,0.0,-1.0,0.0,139.0,139.5,138.5,139.0,253.0,287.0,2164.0,3328.0,False,False
2603,2022-10-27 09:35:08.320721,-0.007168458781361964,0.0,-1.0,0.0,139.0,139.5,138.5,139.0,253.0,287.0,2164.0,3328.0,False,False
2603,2022-10-27 09:35:08.561241,-0.007168458781361964,0.0,-1.0,0.0,139.0,139.5,138.5,139.0,253.0,287.0,2164.0,3328.0,False,False
2603,2022-10-27 09:35:08.684425,-0.007168458781361964,0.0,-1.0,0.0,139.0,139.5,138.5,139.0,253.0,297.0,2164.0,3328.0,False,False
2603,2022-10-27 09:35:08.716417,-0.007168458781361964,0.0,-1.0,0.0,139.0,139.5,138.5,139.0,253.0,295.0,2164.0,3328.0,False,False
2603,2022-10-27 09:35:08.770670,-0.007168458781361964,0.0,-1.0,0.0,139.0,139.5,138.5,139.0,253.0,297.0,2164.0,3328.0,False,False
2603,2022-10-27 09:35:08.818057,-0.007168458781361964,0.0,-1.0,0.0,139.0,139.5,138.5,139.0,254.0,297.0,2164.0,3328.0,False,False
2603,2022-10-27 09:35:08.976011,-0.007168458781361964,0.0,-1.0,0.0,139.0,139.5,138.5,139.0,254.0,292.0,2164.0,3328.0,False,False
2603,2022-10-27 09:35:09.016271,-0.007168458781361964,0.0,-1.0,0.0,139.0,139.5,138.5,139.0,254.0,293.0,2164.0,3328.0,False,False
2603,2022-10-27 09:35:09.136840,-0.007168458781361964,0.0,-1.0,0.0,139.0,139.5,138.5,139.0,248.0,293.0,2164.0,3328.0,False,False
2603,2022-10-27 09:35:09.140689,-0.007168458781361964,0.0,-1.0,0.0,139.0,139.5,138.5,139.0,238.0,293.0,2164.0,3328.0,False,False
2603,2022-10-27 09:35:09.626713,-0.007168458781361964,0.0,-1.0,0.0,139.0,139.5,138.5,139.0,238.0,293.0,2164.0,3328.0,False,False
2603,2022-10-27 09:35:09.809902,-0.007168458781361964,0.0,-1.0,0.0,139.0,139.5,138.5,139.0,238.0,293.0,2164.0,3328.0,False,False
2603,2022-10-27 09:35:10.358002,-0.007168458781361964,0.0,-1.0,0.0,139.0,139.5,138.5,139.0,238.0,293.0,2164.0,3328.0,False,False
2603,2022-10-27 09:35:10.400436,-0.007168458781361964,0.0,-1.0,0.0,139.0,139.5,138.5,139.0,238.0,291.0,2164.0,3328.0,False,False
2603,2022-10-27 09:35:10.416126,-0.007168458781361964,0.0,-1.0,0.0,139.0,139.5,138.5,139.0,238.0,289.0,2164.0,3328.0,False,False
2603,2022-10-27 09:35:10.455814,-0.007168458781361964,0.0,-1.0,0.0,139.0,139.5,138.5,139.0,238.0,291.0,2164.0,3328.0,False,False
2603,2022-10-27 09:35:10.473193,-0.007168458781361964,0.0,-1.0,0.0,139.0,139.5,138.5,139.0,238.0,293.0,2164.0,3328.0,False,False
2603,2022-10-27 09:35:10.549696,-0.007168458781361964,0.0,-1.0,0.0,139.0,139.5,138.5,139.0,238.0,293.0,2164.0,3328.0,False,False
2603,2022-10-27 09:35:10.710706,-0.007168458781361964,0.0,-1.0,0.0,139.0,139.5,138.5,139.0,238.0,295.0,2164.0,3328.0,False,False
2603,2022-10-27 09:35:10.986549,-0.007168458781361964,0.0,-1.0,0.0,139.0,139.5,138.5,139.0,238.0,295.0,2164.0,3328.0,False,False
2603,2022-10-27 09:35:11.031468,-0.007168458781361964,0.0,-1.0,0.0,139.0,139.5,138.5,139.0,238.0,295.0,2164.0,3328.0,False,False
2603,2022-10-27 09:35:11.234998,-0.007168458781361964,0.0,-1.0,0.0,139.0,139.5,138.5,139.0,238.0,296.0,2164.0,3328.0,False,False
2603,2022-10-27 09:35:11.260897,-0.007168458781361964,0.0,-1.0,0.0,139.0,139.5,138.5,139.0,238.0,297.0,2164.0,3328.0,False,False
2603,2022-10-27 09:35:11.269535,-0.007168458781361964,0.0,-1.0,0.0,139.0,139.5,138.5,139.0,238.0,296.0,2164.0,3328.0,False,False
2603,2022-10-27 09:35:11.315965,-0.007168458781361964,0.0,-1.0,0.0,139.0,139.5,138.5,139.0,238.0,298.0,2164.0,3328.0,False,False
2603,2022-10-27 09:35:11.737305,-0.007168458781361964,0.0,-1.0,0.0,139.0,139.5,138.5,139.0,288.0,298.0,2164.0,3328.0,False,False
2603,2022-10-27 09:35:11.838664,-0.007168458781361964,0.0,-1.0,0.0,139.0,139.5,138.5,139.0,288.0,296.0,2164.0,3328.0,False,False
2603,2022-10-27 09:35:11.865613,-0.007168458781361964,0.0,-1.0,0.0,139.0,139.5,138.5,139.0,287.0,296.0,2164.0,3328.0,False,False
2603,2022-10-27 09:35:11.969892,-0.007168458781361964,0.0,-1.0,0.0,139.0,139.5,138.5,139.0,287.0,296.0,2164.0,3328.0,False,False
2603,2022-10-27 09:35:12.062636,-0.007168458781361964,0.0,-1.0,0.0,139.0,139.5,138.5,139.0,288.0,296.0,2164.0,3328.0,False,False
2603,2022-10-27 09:35:12.483344,-0.007168458781361964,0.0,-1.0,0.0,139.0,139.5,138.5,139.0,288.0,297.0,2164.0,3328.0,False,False
2603,2022-10-27 09:35:13.061115,-0.007168458781361964,0.0,-1.0,0.0,139.0,139.5,138.5,139.0,288.0,297.0,2164.0,3328.0,False,False
2603,2022-10-27 09:35:13.302405,-0.007168458781361964,0.0,-1.0,0.0,139.0,139.5,138.5,139.0,288.0,302.0,2164.0,3328.0,False,False
2603,2022-10-27 09:35:13.409779,-0.007168458781361964,0.0,-1.0,0.0,139.0,139.5,138.5,139.0,288.0,301.0,2164.0,3328.0,False,False
2603,2022-10-27 09:35:13.461413,-0.007168458781361964,0.0,-1.0,0.0,139.0,139.5,138.5,139.0,288.0,303.0,2164.0,3328.0,False,False
2603,2022-10-27 09:35:13.579731,-0.007168458781361964,0.0,-1.0,0.0,139.0,139.5,138.5,139.0,288.0,303.0,2164.0,3328.0,False,False
2603,2022-10-27 09:35:13.613591,-0.007168458781361964,0.0,-1.0,0.0,139.0,139.5,138.5,139.0,288.0,302.0,2164.0,3328.0,False,False
2603,2022-10-27 09:35:13.636601,-0.007168458781361964,0.0,-1.0,0.0,139.0,139.5,138.5,139.0,287.0,302.0,2164.0,3328.0,False,False
2603,2022-10-27 09:35:13.648524,-0.007168458781361964,0.0,-1.0,0.0,139.0,139.5,138.5,139.0,287.0,304.0,2164.0,3328.0,False,False
2603,2022-10-27 09:35:13.840664,-0.007168458781361964,0.0,-1.0,0.0,139.0,139.5,138.5,139.0,288.0,304.0,2164.0,3328.0,False,False
2603,2022-10-27 09:35:13.893936,-0.007168458781361964,0.0,-1.0,0.0,139.0,139.5,138.5,139.0,288.0,304.0,2667.0,3394.0,True,True
2603,2022-10-27 09:35:14.561559,-0.007168458781361964,0.0,-1.0,0.0,139.0,139.5,138.5,139.0,288.0,304.0,2667.0,3394.0,False,False
2603,2022-10-27 09:35:14.569965,-0.007168458781361964,0.0,-1.0,0.0,139.0,139.5,138.5,139.0,288.0,304.0,2667.0,3394.0,False,False
2603,2022-10-27 09:35:14.653119,-0.007168458781361964,0.0,-1.0,0.0,139.0,139.5,138.5,139.0,288.0,304.0,2667.0,3394.0,False,False
2603,2022-10-27 09:35:14.975413,-0.007168458781361964,0.0,-1.0,0.0,139.0,139.5,138.5,139.0,288.0,304.0,2667.0,3394.0,False,False
2603,2022-10-27 09:35:15.070143,-0.007168458781361964,0.0,-1.0,0.0,139.0,139.5,138.5,139.0,288.0,304.0,2667.0,3394.0,False,False
2603,2022-10-27 09:35:15.146916,-0.007168458781361964,0.0,-1.0,0.0,139.0,139.5,138.5,139.0,288.0,305.0,2667.0,3394.0,False,False
2603,2022-10-27 09:35:15.325087,-0.007168458781361964,0.0,-1.0,0.0,139.0,139.5,138.5,139.0,288.0,305.0,2667.0,3394.0,False,False
2603,2022-10-27 09:35:15.364014,-0.007168458781361964,0.0,-1.0,0.0,139.0,139.5,138.5,139.0,288.0,306.0,2667.0,3394.0,False,False
2603,2022-10-27 09:35:15.771703,-0.007168458781361964,0.0,-1.0,0.0,139.0,139.5,138.5,139.0,288.0,306.0,2667.0,3394.0,False,False
2603,2022-10-27 09:35:15.823320,-0.007168458781361964,0.0,-1.0,0.0,139.0,139.5,138.5,139.0,288.0,306.0,2667.0,3394.0,False,False
2603,2022-10-27 09:35:16.028027,-0.007168458781361964,0.0,-1.0,0.0,139.0,139.5,138.5,139.0,288.0,307.0,2667.0,3394.0,False,False
2603,2022-10-27 09:35:16.432583,-0.007168458781361964,0.0,-1.0,0.0,139.0,139.5,138.5,139.0,288.0,308.0,2667.0,3394.0,False,False
2603,2022-10-27 09:35:16.639753,-0.007168458781361964,0.0,-1.0,0.0,139.0,139.5,138.5,139.0,288.0,308.0,2667.0,3394.0,False,False
2603,2022-10-27 09:35:16.746150,-0.007168458781361964,0.0,-1.0,0.0,139.0,139.5,138.5,139.0,288.0,308.0,2667.0,3394.0,False,False
2603,2022-10-27 09:35:18.235261,-0.007168458781361964,0.0,-1.0,0.0,139.0,139.5,138.5,139.0,288.0,308.0,2667.0,3394.0,False,False
2603,2022-10-27 09:35:18.343883,-0.007168458781361964,0.0,-1.0,0.0,139.0,139.5,138.5,139.0,287.0,308.0,2667.0,3394.0,False,False
2603,2022-10-27 09:35:18.376356,-0.007168458781361964,0.0,-1.0,0.0,139.0,139.5,138.5,139.0,287.0,309.0,2667.0,3394.0,False,False
2603,2022-10-27 09:35:18.489243,-0.007168458781361964,0.0,-1.0,0.0,139.0,139.5,138.5,139.0,290.0,309.0,2667.0,3394.0,False,False
2603,2022-10-27 09:35:18.689617,-0.007168458781361964,0.0,-1.0,0.0,139.0,139.5,138.5,139.0,291.0,309.0,2667.0,3394.0,False,False
2603,2022-10-27 09:35:18.786457,-0.007168458781361964,0.0,-1.0,0.0,139.0,139.5,138.5,139.0,291.0,309.0,2667.0,3394.0,False,False
2603,2022-10-27 09:35:19.156018,-0.007168458781361964,0.0,-1.0,0.0,139.0,139.5,138.5,139.0,290.0,309.0,2667.0,3394.0,False,False
2603,2022-10-27 09:35:19.273681,-0.007168458781361964,0.0,-1.0,0.0,139.0,139.5,138.5,139.0,291.0,309.0,2667.0,3394.0,False,False
2603,2022-10-27 09:35:19.572078,-0.007168458781361964,0.0,-1.0,0.0,139.0,139.5,138.5,139.0,291.0,309.0,2667.0,3394.0,False,False
2603,2022-10-27 09:35:19.882447,-0.007168458781361964,0.0,-1.0,0.0,139.0,139.5,138.5,139.0,292.0,309.0,2667.0,3394.0,False,False
2603,2022-10-27 09:35:20.172151,-0.007168458781361964,0.0,-1.0,0.0,139.0,139.5,138.5,139.0,293.0,309.0,2667.0,3394.0,False,False
2603,2022-10-27 09:35:20.245974,-0.007168458781361964,0.0,-1.0,0.0,139.0,139.5,138.5,139.0,293.0,309.0,2667.0,3394.0,False,False
2603,2022-10-27 09:35:20.358855,-0.007168458781361964,0.0,-1.0,0.0,139.0,139.5,138.5,139.0,292.0,309.0,2667.0,3394.0,False,False
2603,2022-10-27 09:35:20.521979,-0.007168458781361964,0.0,-1.0,0.0,139.0,139.5,138.5,139.0,292.0,310.0,2667.0,3394.0,False,False
2603,2022-10-27 09:35:20.619494,-0.007168458781361964,0.0,-1.0,0.0,139.0,139.5,138.5,139.0,294.0,310.0,2667.0,3394.0,False,False
2603,2022-10-27 09:35:20.798112,-0.007168458781361964,0.0,-1.0,0.0,139.0,139.5,138.5,139.0,294.0,310.0,2667.0,3394.0,False,False
2603,2022-10-27 09:35:20.869724,-0.007168458781361964,0.0,-1.0,0.0,139.0,139.5,138.5,139.0,294.0,309.0,2667.0,3394.0,False,False
2603,2022-10-27 09:35:20.879571,-0.007168458781361964,0.0,-1.0,0.0,139.0,139.5,138.5,139.0,294.0,309.0,2667.0,3394.0,False,False
2603,2022-10-27 09:35:20.917848,-0.007168458781361964,0.0,-1.0,0.0,139.0,139.5,138.5,139.0,294.0,311.0,2667.0,3394.0,False,False
2603,2022-10-27 09:35:21.057551,-0.007168458781361964,0.0,-1.0,0.0,139.0,139.5,138.5,139.0,293.0,301.0,2667.0,3394.0,False,False
2603,2022-10-27 09:35:21.005325,-0.007168458781361964,0.0,-1.0,0.0,139.0,139.5,138.5,139.0,294.0,301.0,2667.0,3394.0,False,False
2603,2022-10-27 09:35:21.187891,-0.007168458781361964,0.0,-1.0,0.0,139.0,139.5,138.5,139.0,293.0,301.0,2667.0,3394.0,False,False
2603,2022-10-27 09:35:21.379465,-0.007168458781361964,0.0,-1.0,0.0,139.0,139.5,138.5,139.0,293.0,301.0,2667.0,3394.0,False,False
2603,2022-10-27 09:35:21.534414,-0.007168458781361964,0.0,-1.0,0.0,139.0,139.5,138.5,139.0,293.0,301.0,2667.0,3394.0,False,False
2603,2022-10-27 09:35:21.574039,-0.007168458781361964,0.0,-1.0,0.0,139.0,139.5,138.5,139.0,293.0,301.0,2667.0,3394.0,False,False
2603,2022-10-27 09:35:21.687692,-0.007168458781361964,0.0,-1.0,0.0,139.0,139.5,138.5,139.0,293.0,301.0,2667.0,3394.0,False,False
2603,2022-10-27 09:35:21.732561,-0.007168458781361964,0.0,-1.0,0.0,139.0,139.5,138.5,139.0,295.0,301.0,2667.0,3394.0,False,False
2603,2022-10-27 09:35:22.094644,-0.007168458781361964,0.0,-1.0,0.0,139.0,139.5,138.5,139.0,295.0,301.0,2667.0,3394.0,False,False
2603,2022-10-27 09:35:22.169668,-0.007168458781361964,0.0,-1.0,0.0,139.0,139.5,138.5,139.0,295.0,301.0,2667.0,3394.0,False,False
2603,2022-10-27 09:35:22.624841,-0.007168458781361964,0.0,-1.0,0.0,139.0,139.5,138.5,139.0,297.0,301.0,2667.0,3394.0,False,False
2603,2022-10-27 09:35:23.206898,-0.007168458781361964,0.0,-1.0,0.0,139.0,139.5,138.5,139.0,297.0,301.0,2667.0,3394.0,False,False
2603,2022-10-27 09:35:23.314202,-0.007168458781361964,0.0,-1.0,0.0,139.0,139.5,138.5,139.0,297.0,300.0,2667.0,3394.0,False,False
2603,2022-10-27 09:35:23.626188,-0.007168458781361964,0.0,-1.0,0.0,139.0,139.5,138.5,139.0,297.0,302.0,2667.0,3394.0,False,False
2603,2022-10-27 09:35:23.794554,-0.007168458781361964,0.0,-1.0,0.0,139.0,139.5,138.5,139.0,297.0,302.0,2667.0,3394.0,False,False
2603,2022-10-27 09:35:23.903958,-0.007168458781361964,0.0,-1.0,0.0,139.0,139.5,138.5,139.0,297.0,302.0,2673.0,3394.0,True,True
2603,2022-10-27 09:35:24.187671,-0.007168458781361964,0.0,-1.0,0.0,139.0,139.5,138.5,139.0,296.0,302.0,2673.0,3394.0,False,False
2603,2022-10-27 09:35:24.282786,-0.007168458781361964,0.0,-1.0,0.0,139.0,139.5,138.5,139.0,296.0,302.0,2673.0,3394.0,False,False
2603,2022-10-27 09:35:24.433865,-0.007168458781361964,0.0,-1.0,0.0,139.0,139.5,138.5,139.0,296.0,302.0,2673.0,3394.0,False,False
2603,2022-10-27 09:35:24.910176,-0.007168458781361964,0.0,-1.0,0.0,139.0,139.5,138.5,139.0,296.0,302.0,2673.0,3394.0,False,False
2603,2022-10-27 09:35:24.993373,-0.007168458781361964,0.0,-1.0,0.0,139.0,139.5,138.5,139.0,296.0,302.0,2673.0,3394.0,False,False
2603,2022-10-27 09:35:25.709310,-0.007168458781361964,0.0,-1.0,0.0,139.0,139.5,138.5,139.0,295.0,302.0,2673.0,3394.0,False,False
2603,2022-10-27 09:35:25.722384,-0.007168458781361964,0.0,-1.0,0.0,139.0,139.5,138.5,139.0,294.0,302.0,2673.0,3394.0,False,False
2603,2022-10-27 09:35:25.801728,-0.007168458781361964,0.0,-1.0,0.0,139.0,139.5,138.5,139.0,294.0,303.0,2673.0,3394.0,False,False
2603,2022-10-27 09:35:25.804861,-0.007168458781361964,0.0,-1.0,0.0,139.0,139.5,138.5,139.0,294.0,303.0,2673.0,3394.0,False,False
2603,2022-10-27 09:35:26.085681,-0.007168458781361964,0.0,-1.0,0.0,139.0,139.5,138.5,139.0,294.0,304.0,2673.0,3394.0,False,False
2603,2022-10-27 09:35:26.575838,-0.007168458781361964,0.0,-1.0,0.0,139.0,139.5,138.5,139.0,292.0,304.0,2673.0,3394.0,False,False
2603,2022-10-27 09:35:26.629502,-0.007168458781361964,0.0,-1.0,0.0,139.0,139.5,138.5,139.0,292.0,305.0,2673.0,3394.0,False,False
2603,2022-10-27 09:35:26.648509,-0.007168458781361964,0.0,-1.0,0.0,139.0,139.5,138.5,139.0,293.0,305.0,2673.0,3394.0,False,False
2603,2022-10-27 09:35:26.894541,-0.007168458781361964,0.0,-1.0,0.0,139.0,139.5,138.5,139.0,293.0,305.0,2673.0,3394.0,False,False
2603,2022-10-27 09:35:27.024652,-0.007168458781361964,0.0,-1.0,0.0,139.0,139.5,138.5,139.0,293.0,305.0,2673.0,3394.0,False,False
2603,2022-10-27 09:35:27.407818,-0.007168458781361964,0.0,-1.0,0.0,139.0,139.5,138.5,139.0,294.0,305.0,2673.0,3394.0,False,False
2603,2022-10-27 09:35:27.530511,-0.007168458781361964,0.0,-1.0,0.0,139.0,139.5,138.5,139.0,294.0,305.0,2673.0,3394.0,False,False
2603,2022-10-27 09:35:27.555672,-0.007168458781361964,0.0,-1.0,0.0,139.0,139.5,138.5,139.0,294.0,305.0,2673.0,3394.0,False,False
2603,2022-10-27 09:35:27.655271,-0.007168458781361964,0.0,-1.0,0.0,139.0,139.5,138.5,139.0,294.0,305.0,2673.0,3394.0,False,False
2603,2022-10-27 09:35:27.709504,-0.007168458781361964,0.0,-1.0,0.0,139.0,139.5,138.5,139.0,294.0,304.0,2673.0,3394.0,False,False
2603,2022-10-27 09:35:27.771794,-0.007168458781361964,0.0,-1.0,0.0,139.0,139.5,138.5,139.0,294.0,305.0,2673.0,3394.0,False,False
2603,2022-10-27 09:35:27.878291,-0.007168458781361964,0.0,-1.0,0.0,139.0,139.5,138.5,139.0,294.0,305.0,2673.0,3394.0,False,False
2603,2022-10-27 09:35:27.923850,-0.007168458781361964,0.0,-1.0,0.0,139.0,139.5,138.5,139.0,295.0,305.0,2673.0,3394.0,False,False
2603,2022-10-27 09:35:27.986170,-0.007168458781361964,0.0,-1.0,0.0,139.0,139.5,138.5,139.0,295.0,305.0,2673.0,3394.0,False,False
2603,2022-10-27 09:35:28.264596,-0.007168458781361964,0.0,-1.0,0.0,139.0,139.5,138.5,139.0,295.0,306.0,2673.0,3394.0,False,False
2603,2022-10-27 09:35:28.675512,-0.007168458781361964,0.0,-1.0,0.0,139.0,139.5,138.5,139.0,295.0,306.0,2673.0,3394.0,False,False
2603,2022-10-27 09:35:28.687714,-0.007168458781361964,0.0,-1.0,0.0,139.0,139.5,138.5,139.0,296.0,306.0,2673.0,3394.0,False,False
2603,2022-10-27 09:35:28.816864,-0.007168458781361964,0.0,-1.0,0.0,139.0,139.5,138.5,139.0,296.0,306.0,2673.0,3394.0,False,False
2603,2022-10-27 09:35:29.069692,-0.007168458781361964,0.0,-1.0,0.0,139.0,139.5,138.5,139.0,301.0,306.0,2673.0,3394.0,False,False
2603,2022-10-27 09:35:29.169526,-0.007168458781361964,0.0,-1.0,0.0,139.0,139.5,138.5,139.0,301.0,314.0,2673.0,3394.0,False,False
2603,2022-10-27 09:35:29.411410,-0.007168458781361964,0.0,-1.0,0.0,139.0,139.5,138.5,139.0,301.0,314.0,2673.0,3394.0,False,False
2603,2022-10-27 09:35:29.803646,-0.007168458781361964,0.0,-1.0,0.0,139.0,139.5,138.5,139.0,301.0,313.0,2673.0,3394.0,False,False
2603,2022-10-27 09:35:29.832399,-0.007168458781361964,0.0,-1.0,0.0,139.0,139.5,138.5,139.0,300.0,313.0,2673.0,3394.0,False,False
2603,2022-10-27 09:35:29.832756,-0.007168458781361964,0.0,-1.0,0.0,139.0,139.5,138.5,139.0,300.0,312.0,2673.0,3394.0,False,False
2603,2022-10-27 09:35:29.834231,-0.007168458781361964,0.0,-1.0,0.0,139.0,139.5,138.5,139.0,300.0,311.0,2673.0,3394.0,False,False
2603,2022-10-27 09:35:30.323662,-0.007168458781361964,0.0,-1.0,0.0,139.0,139.5,138.5,139.0,300.0,311.0,2673.0,3394.0,False,False
2603,2022-10-27 09:35:30.510125,-0.007168458781361964,0.0,-1.0,0.0,139.0,139.5,138.5,139.0,300.0,311.0,2673.0,3394.0,False,False
2603,2022-10-27 09:35:30.547666,-0.007168458781361964,0.0,-1.0,0.0,139.0,139.5,138.5,139.0,300.0,311.0,2673.0,3394.0,False,False
2603,2022-10-27 09:35:30.808295,-0.007168458781361964,0.0,-1.0,0.0,139.0,139.5,138.5,139.0,300.0,311.0,2673.0,3394.0,False,False
2603,2022-10-27 09:35:30.925759,-0.007168458781361964,0.0,-1.0,0.0,139.0,139.5,138.5,139.0,300.0,314.0,2673.0,3394.0,False,False
2603,2022-10-27 09:35:30.941162,-0.007168458781361964,0.0,-1.0,0.0,139.0,139.5,138.5,139.0,300.0,314.0,2673.0,3394.0,False,False
2603,2022-10-27 09:35:31.016576,-0.007168458781361964,0.0,-1.0,0.0,139.0,139.5,138.5,139.0,300.0,314.0,2673.0,3394.0,False,False
2603,2022-10-27 09:35:31.121381,-0.007168458781361964,0.0,-1.0,0.0,139.0,139.5,138.5,139.0,300.0,314.0,2673.0,3394.0,False,False
2603,2022-10-27 09:35:31.193152,-0.007168458781361964,0.0,-1.0,0.0,139.0,139.5,138.5,139.0,300.0,314.0,2673.0,3394.0,False,False
2603,2022-10-27 09:35:31.387144,-0.007168458781361964,0.0,-1.0,0.0,139.0,139.5,138.5,139.0,300.0,314.0,2673.0,3394.0,False,False
2603,2022-10-27 09:35:31.590226,-0.007168458781361964,0.0,-1.0,0.0,139.0,139.5,138.5,139.0,300.0,314.0,2673.0,3394.0,False,False
2603,2022-10-27 09:35:32.114163,-0.007168458781361964,0.0,-1.0,0.0,139.0,139.5,138.5,139.0,300.0,314.0,2673.0,3394.0,False,False
2603,2022-10-27 09:35:32.249693,-0.007168458781361964,0.0,-1.0,0.0,139.0,139.5,138.5,139.0,301.0,314.0,2673.0,3394.0,False,False
2603,2022-10-27 09:35:32.302409,-0.007168458781361964,0.0,-1.0,0.0,139.0,139.5,138.5,139.0,302.0,314.0,2673.0,3394.0,False,False
2603,2022-10-27 09:35:32.337044,-0.007168458781361964,0.0,-1.0,0.0,139.0,139.5,138.5,139.0,302.0,314.0,2673.0,3394.0,False,False
2603,2022-10-27 09:35:32.501931,-0.007168458781361964,0.0,-1.0,0.0,139.0,139.5,138.5,139.0,302.0,315.0,2673.0,3394.0,False,False
2603,2022-10-27 09:35:32.688228,-0.007168458781361964,0.0,-1.0,0.0,139.0,139.5,138.5,139.0,305.0,315.0,2673.0,3394.0,False,False
2603,2022-10-27 09:35:32.933424,-0.007168458781361964,0.0,-1.0,0.0,139.0,139.5,138.5,139.0,307.0,315.0,2673.0,3394.0,False,False
2603,2022-10-27 09:35:32.993211,-0.007168458781361964,0.0,-1.0,0.0,139.0,139.5,138.5,139.0,308.0,315.0,2673.0,3394.0,False,False
2603,2022-10-27 09:35:33.013331,-0.007168458781361964,0.0,-1.0,0.0,139.0,139.5,138.5,139.0,308.0,316.0,2673.0,3394.0,False,False
2603,2022-10-27 09:35:33.444232,-0.007168458781361964,0.0,-1.0,0.0,139.0,139.5,138.5,139.0,308.0,316.0,2673.0,3394.0,False,False
2603,2022-10-27 09:35:33.546751,-0.007168458781361964,0.0,-1.0,0.0,139.0,139.5,138.5,139.0,308.0,316.0,2673.0,3394.0,False,False
2603,2022-10-27 09:35:33.643397,-0.007168458781361964,0.0,-1.0,0.0,139.0,139.5,138.5,139.0,306.0,317.0,2673.0,3394.0,False,False
2603,2022-10-27 09:35:33.924050,-0.007168458781361964,0.0,-1.0,0.0,139.0,139.5,138.5,139.0,306.0,317.0,2873.0,3364.0,True,True
2603,2022-10-27 09:35:34.092638,-0.007168458781361964,0.0,-1.0,0.0,139.0,139.5,138.5,139.0,306.0,317.0,2873.0,3364.0,False,False
2603,2022-10-27 09:35:34.300959,-0.007168458781361964,0.0,-1.0,0.0,139.0,139.5,138.5,139.0,307.0,317.0,2873.0,3364.0,False,False
2603,2022-10-27 09:35:34.647956,-0.007168458781361964,0.0,-1.0,0.0,139.0,139.5,138.5,139.0,307.0,317.0,2873.0,3364.0,False,False
2603,2022-10-27 09:35:34.860552,-0.007168458781361964,0.0,-1.0,0.0,139.0,139.5,138.5,139.0,307.0,316.0,2873.0,3364.0,False,False
2603,2022-10-27 09:35:34.914636,-0.007168458781361964,0.0,-1.0,0.0,139.0,139.5,138.5,139.0,307.0,318.0,2873.0,3364.0,False,False
2603,2022-10-27 09:35:34.915510,-0.007168458781361964,0.0,-1.0,0.0,139.0,139.5,138.5,139.0,308.0,318.0,2873.0,3364.0,False,False
2603,2022-10-27 09:35:35.192385,-0.007168458781361964,0.0,-1.0,0.0,139.0,139.5,138.5,139.0,308.0,319.0,2873.0,3364.0,False,False
2603,2022-10-27 09:35:35.194585,-0.007168458781361964,0.0,-1.0,0.0,139.0,139.5,138.5,139.0,308.0,319.0,2873.0,3364.0,False,False
2603,2022-10-27 09:35:35.347618,-0.007168458781361964,0.0,-1.0,0.0,139.0,139.5,138.5,139.0,308.0,319.0,2873.0,3364.0,False,False
2603,2022-10-27 09:35:35.467715,-0.007168458781361964,0.0,-1.0,0.0,139.0,139.5,138.5,139.0,308.0,319.0,2873.0,3364.0,False,False
2603,2022-10-27 09:35:36.076824,-0.007168458781361964,0.0,-1.0,0.0,139.0,139.5,138.5,139.0,312.0,319.0,2873.0,3364.0,False,False
2603,2022-10-27 09:35:36.164631,-0.007168458781361964,0.0,-1.0,0.0,139.0,139.5,138.5,139.0,312.0,319.0,2873.0,3364.0,False,False
2603,2022-10-27 09:35:36.288816,-0.007168458781361964,0.0,-1.0,0.0,139.0,139.5,138.5,139.0,312.0,319.0,2873.0,3364.0,False,False
2603,2022-10-27 09:35:36.490191,-0.007168458781361964,0.0,-1.0,0.0,139.0,139.5,138.5,139.0,312.0,319.0,2873.0,3364.0,False,False
2603,2022-10-27 09:35:36.591586,-0.007168458781361964,0.0,-1.0,0.0,139.0,139.5,138.5,139.0,314.0,319.0,2873.0,3364.0,False,False
2603,2022-10-27 09:35:36.798052,-0.007168458781361964,0.0,-1.0,0.0,139.0,139.5,138.5,139.0,314.0,319.0,2873.0,3364.0,False,False
2603,2022-10-27 09:35:37.100284,-0.007168458781361964,0.0,-1.0,0.0,139.0,139.5,138.5,139.0,314.0,319.0,2873.0,3364.0,False,False
2603,2022-10-27 09:35:37.461010,-0.007168458781361964,0.0,-1.0,0.0,139.0,139.5,138.5,139.0,314.0,319.0,2873.0,3364.0,False,False
2603,2022-10-27 09:35:37.632657,-0.007168458781361964,0.0,-1.0,0.0,139.0,139.5,138.5,139.0,314.0,319.0,2873.0,3364.0,False,False
2603,2022-10-27 09:35:38.074146,-0.007168458781361964,0.0,-1.0,0.0,139.0,139.5,138.5,139.0,314.0,319.0,2873.0,3364.0,False,False
2603,2022-10-27 09:35:38.190127,-0.007168458781361964,0.0,-1.0,0.0,139.0,139.5,138.5,139.0,314.0,319.0,2873.0,3364.0,False,False
2603,2022-10-27 09:35:38.229922,-0.007168458781361964,0.0,-1.0,0.0,139.0,139.5,138.5,139.0,313.0,319.0,2873.0,3364.0,False,False
2603,2022-10-27 09:35:38.434389,-0.007168458781361964,0.0,-1.0,0.0,139.0,139.5,138.5,139.0,313.0,319.0,2873.0,3364.0,False,False
2603,2022-10-27 09:35:38.627441,-0.007168458781361964,0.0,-1.0,0.0,139.0,139.5,138.5,139.0,313.0,319.0,2873.0,3364.0,False,False
2603,2022-10-27 09:35:38.698753,-0.007168458781361964,0.0,-1.0,0.0,139.0,139.5,138.5,139.0,312.0,319.0,2873.0,3364.0,False,False
2603,2022-10-27 09:35:38.847226,-0.007168458781361964,0.0,-1.0,0.0,139.0,139.5,138.5,139.0,312.0,319.0,2873.0,3364.0,False,False
2603,2022-10-27 09:35:39.045962,-0.007168458781361964,0.0,-1.0,0.0,139.0,139.5,138.5,139.0,312.0,319.0,2873.0,3364.0,False,False
2603,2022-10-27 09:35:39.066238,-0.007168458781361964,0.0,-1.0,0.0,139.0,139.5,138.5,139.0,312.0,319.0,2873.0,3364.0,False,False
2603,2022-10-27 09:35:39.281801,-0.007168458781361964,0.0,-1.0,0.0,139.0,139.5,138.5,139.0,313.0,319.0,2873.0,3364.0,False,False
2603,2022-10-27 09:35:39.328069,-0.007168458781361964,0.0,-1.0,0.0,139.0,139.5,138.5,139.0,313.0,319.0,2873.0,3364.0,False,False
2603,2022-10-27 09:35:39.360618,-0.007168458781361964,0.0,-1.0,0.0,139.0,139.5,138.5,139.0,313.0,319.0,2873.0,3364.0,False,False
2603,2022-10-27 09:35:39.854418,-0.007168458781361964,0.0,-1.0,0.0,139.0,139.5,138.5,139.0,313.0,320.0,2873.0,3364.0,False,False
2603,2022-10-27 09:35:40.048838,-0.007168458781361964,0.0,-1.0,0.0,139.0,139.5,138.5,139.0,313.0,320.0,2873.0,3364.0,False,False
2603,2022-10-27 09:35:40.066889,-0.007168458781361964,0.0,-1.0,0.0,139.0,139.5,138.5,139.0,315.0,320.0,2873.0,3364.0,False,False
2603,2022-10-27 09:35:40.186219,-0.007168458781361964,0.0,-1.0,0.0,139.0,139.5,138.5,139.0,315.0,320.0,2873.0,3364.0,False,False
2603,2022-10-27 09:35:40.407271,-0.007168458781361964,0.0,-1.0,0.0,139.0,139.5,138.5,139.0,315.0,320.0,2873.0,3364.0,False,False
2603,2022-10-27 09:35:40.611368,-0.007168458781361964,0.0,-1.0,0.0,139.0,139.5,138.5,139.0,314.0,320.0,2873.0,3364.0,False,False
2603,2022-10-27 09:35:40.656241,-0.007168458781361964,0.0,-1.0,0.0,139.0,139.5,138.5,139.0,314.0,320.0,2873.0,3364.0,False,False
2603,2022-10-27 09:35:40.907888,-0.007168458781361964,0.0,-1.0,0.0,139.0,139.5,138.5,139.0,314.0,320.0,2873.0,3364.0,False,False
2603,2022-10-27 09:35:41.901636,-0.007168458781361964,0.0,-1.0,0.0,139.0,139.5,138.5,139.0,314.0,320.0,2873.0,3364.0,False,False
2603,2022-10-27 09:35:42.197505,-0.007168458781361964,0.0,-1.0,0.0,139.0,139.5,138.5,139.0,314.0,320.0,2873.0,3364.0,False,False
2603,2022-10-27 09:35:42.442685,-0.007168458781361964,0.0,-1.0,0.0,139.0,139.5,138.5,139.0,314.0,319.0,2873.0,3364.0,False,False
2603,2022-10-27 09:35:42.900563,-0.007168458781361964,0.0,-1.0,0.0,139.0,139.5,138.5,139.0,315.0,319.0,2873.0,3364.0,False,False
2603,2022-10-27 09:35:43.138037,-0.007168458781361964,0.0,-1.0,0.0,139.0,139.5,138.5,139.0,315.0,319.0,2873.0,3364.0,False,False
2603,2022-10-27 09:35:43.290593,-0.007168458781361964,0.0,-1.0,0.0,139.0,139.5,138.5,139.0,315.0,319.0,2873.0,3364.0,False,False
2603,2022-10-27 09:35:43.565731,-0.007168458781361964,0.0,-1.0,0.0,139.0,139.5,138.5,139.0,315.0,319.0,2873.0,3364.0,False,False
2603,2022-10-27 09:35:43.570898,-0.007168458781361964,0.0,-1.0,0.0,139.0,139.5,138.5,139.0,315.0,319.0,2873.0,3364.0,False,False
2603,2022-10-27 09:35:43.918224,-0.007168458781361964,0.0,-1.0,0.0,139.0,139.5,138.5,139.0,315.0,319.0,2873.0,3364.0,False,False
2603,2022-10-27 09:35:43.947319,-0.007168458781361964,0.0,-1.0,0.0,139.0,139.5,138.5,139.0,315.0,319.0,2873.0,3864.0,True,True
2603,2022-10-27 09:35:43.961248,-0.007168458781361964,0.0,-1.0,0.0,139.0,139.5,138.5,139.0,315.0,320.0,2873.0,3864.0,False,False
2603,2022-10-27 09:35:44.235075,-0.007168458781361964,0.0,-1.0,0.0,139.0,139.5,138.5,139.0,315.0,320.0,2873.0,3864.0,False,False
2603,2022-10-27 09:35:44.291044,-0.007168458781361964,0.0,-1.0,0.0,139.0,139.5,138.5,139.0,315.0,320.0,2873.0,3864.0,False,False
2603,2022-10-27 09:35:44.555318,-0.007168458781361964,0.0,-1.0,0.0,139.0,139.5,138.5,139.0,315.0,320.0,2873.0,3864.0,False,False
2603,2022-10-27 09:35:44.628235,-0.007168458781361964,0.0,-1.0,0.0,139.0,139.5,138.5,139.0,315.0,320.0,2873.0,3864.0,False,False
2603,2022-10-27 09:35:44.953443,-0.007168458781361964,0.0,-1.0,0.0,139.0,139.5,138.5,139.0,315.0,320.0,2873.0,3864.0,False,False
2603,2022-10-27 09:35:44.988797,-0.007168458781361964,0.0,-1.0,0.0,139.0,139.5,138.5,139.0,315.0,320.0,2873.0,3864.0,False,False
2603,2022-10-27 09:35:45.563931,-0.007168458781361964,0.0,-1.0,0.0,139.0,139.5,138.5,139.0,316.0,320.0,2873.0,3864.0,False,False
2603,2022-10-27 09:35:45.763151,-0.007168458781361964,0.0,-1.0,0.0,139.0,139.5,138.5,139.0,316.0,320.0,2873.0,3864.0,False,False
2603,2022-10-27 09:35:45.876827,-0.007168458781361964,0.0,-1.0,0.0,139.0,139.5,138.5,139.0,316.0,323.0,2873.0,3864.0,False,False
2603,2022-10-27 09:35:45.878279,-0.007168458781361964,0.0,-1.0,0.0,139.0,139.5,138.5,139.0,316.0,323.0,2873.0,3864.0,False,False
2603,2022-10-27 09:35:46.557791,-0.007168458781361964,0.0,-1.0,0.0,139.0,139.5,138.5,139.0,314.0,323.0,2873.0,3864.0,False,False
2603,2022-10-27 09:35:47.578885,-0.007168458781361964,0.0,-1.0,0.0,139.0,139.5,138.5,139.0,314.0,323.0,2873.0,3864.0,False,False
2603,2022-10-27 09:35:47.643357,-0.007168458781361964,0.0,-1.0,0.0,139.0,139.5,138.5,139.0,315.0,323.0,2873.0,3864.0,False,False
2603,2022-10-27 09:35:47.596223,-0.007168458781361964,0.0,-1.0,0.0,139.0,139.5,138.5,139.0,316.0,323.0,2873.0,3864.0,False,False
2603,2022-10-27 09:35:47.937654,-0.007168458781361964,0.0,-1.0,0.0,139.0,139.5,138.5,139.0,315.0,324.0,2873.0,3864.0,False,False
2603,2022-10-27 09:35:47.958686,-0.007168458781361964,0.0,-1.0,0.0,139.0,139.5,138.5,139.0,315.0,324.0,2873.0,3864.0,False,False
2603,2022-10-27 09:35:48.076968,-0.007168458781361964,0.0,-1.0,0.0,139.0,139.5,138.5,139.0,315.0,324.0,2873.0,3864.0,False,False
2603,2022-10-27 09:35:48.671554,-0.007168458781361964,0.0,-1.0,0.0,139.0,139.5,138.5,139.0,316.0,324.0,2873.0,3864.0,False,False
2603,2022-10-27 09:35:48.912260,-0.007168458781361964,0.0,-1.0,0.0,139.0,139.5,138.5,139.0,316.0,324.0,2873.0,3864.0,False,False
2603,2022-10-27 09:35:48.936255,-0.007168458781361964,0.0,-1.0,0.0,139.0,139.5,138.5,139.0,312.0,324.0,2873.0,3864.0,False,False
2603,2022-10-27 09:35:49.110316,-0.007168458781361964,0.0,-1.0,0.0,139.0,139.5,138.5,139.0,313.0,324.0,2873.0,3864.0,False,False
2603,2022-10-27 09:35:49.973326,-0.007168458781361964,0.0,-1.0,0.0,139.0,139.5,138.5,139.0,314.0,324.0,2873.0,3864.0,False,False
2603,2022-10-27 09:35:50.064765,-0.007168458781361964,0.0,-1.0,0.0,139.0,139.5,138.5,139.0,314.0,324.0,2873.0,3864.0,False,False
2603,2022-10-27 09:35:50.192157,-0.007168458781361964,0.0,-1.0,0.0,139.0,139.5,138.5,139.0,314.0,324.0,2873.0,3864.0,False,False
2603,2022-10-27 09:35:50.379863,-0.007168458781361964,0.0,-1.0,0.0,139.0,139.5,138.5,139.0,315.0,324.0,2873.0,3864.0,False,False
2603,2022-10-27 09:35:50.787626,-0.007168458781361964,0.0,-1.0,0.0,139.0,139.5,138.5,139.0,316.0,324.0,2873.0,3864.0,False,False
2603,2022-10-27 09:35:50.902565,-0.007168458781361964,0.0,-1.0,0.0,139.0,139.5,138.5,139.0,316.0,336.0,2873.0,3864.0,False,False
2603,2022-10-27 09:35:51.305667,-0.007168458781361964,0.0,-1.0,0.0,139.0,139.5,138.5,139.0,316.0,336.0,2873.0,3864.0,False,False
2603,2022-10-27 09:35:51.943873,-0.007168458781361964,0.0,-1.0,0.0,139.0,139.5,138.5,139.0,316.0,336.0,2873.0,3864.0,False,False
2603,2022-10-27 09:35:52.051211,-0.007168458781361964,0.0,-1.0,0.0,139.0,139.5,138.5,139.0,316.0,336.0,2873.0,3864.0,False,False
2603,2022-10-27 09:35:52.430400,-0.007168458781361964,0.0,-1.0,0.0,139.0,139.5,138.5,139.0,316.0,336.0,2873.0,3864.0,False,False
2603,2022-10-27 09:35:52.689325,-0.007168458781361964,0.0,-1.0,0.0,139.0,139.5,138.5,139.0,316.0,338.0,2873.0,3864.0,False,False
2603,2022-10-27 09:35:52.767641,-0.007168458781361964,0.0,-1.0,0.0,139.0,139.5,138.5,139.0,316.0,337.0,2873.0,3864.0,False,False
2603,2022-10-27 09:35:52.717519,-0.007168458781361964,0.0,-1.0,0.0,139.0,139.5,138.5,139.0,316.0,338.0,2873.0,3864.0,False,False
2603,2022-10-27 09:35:52.812604,-0.007168458781361964,0.0,-1.0,0.0,139.0,139.5,138.5,139.0,316.0,338.0,2873.0,3864.0,False,False
2603,2022-10-27 09:35:53.197090,-0.007168458781361964,0.0,-1.0,0.0,139.0,139.5,138.5,139.0,316.0,339.0,2873.0,3864.0,False,False
2603,2022-10-27 09:35:53.382528,-0.007168458781361964,0.0,-1.0,0.0,139.0,139.5,138.5,139.0,316.0,338.0,2873.0,3864.0,False,False
2603,2022-10-27 09:35:53.740527,-0.007168458781361964,0.0,-1.0,0.0,139.0,139.5,138.5,139.0,316.0,340.0,2873.0,3864.0,False,False
2603,2022-10-27 09:35:53.976520,-0.007168458781361964,0.0,-1.0,0.0,139.0,139.5,138.5,139.0,316.0,340.0,4017.0,3719.0,True,True
2603,2022-10-27 09:35:54.205966,-0.007168458781361964,0.0,-1.0,0.0,139.0,139.5,138.5,139.0,316.0,340.0,4017.0,3719.0,False,False
2603,2022-10-27 09:35:54.425947,-0.007168458781361964,0.0,-1.0,0.0,139.0,139.5,138.5,139.0,316.0,340.0,4017.0,3719.0,False,False
2603,2022-10-27 09:35:54.531136,-0.007168458781361964,0.0,-1.0,0.0,139.0,139.5,138.5,139.0,316.0,340.0,4017.0,3719.0,False,False
2603,2022-10-27 09:35:54.864017,-0.007168458781361964,0.0,-1.0,0.0,139.0,139.5,138.5,139.0,316.0,340.0,4017.0,3719.0,False,False
2603,2022-10-27 09:35:55.489063,-0.007168458781361964,0.0,-1.0,0.0,139.0,139.5,138.5,139.0,317.0,340.0,4017.0,3719.0,False,False
2603,2022-10-27 09:35:56.262924,-0.007168458781361964,0.0,-1.0,0.0,139.0,139.5,138.5,139.0,317.0,340.0,4017.0,3719.0,False,False
2603,2022-10-27 09:35:56.286978,-0.007168458781361964,0.0,-1.0,0.0,139.0,139.5,138.5,139.0,317.0,340.0,4017.0,3719.0,False,False
2603,2022-10-27 09:35:56.467035,-0.007168458781361964,0.0,-1.0,0.0,139.0,139.5,138.5,139.0,317.0,340.0,4017.0,3719.0,False,False
2603,2022-10-27 09:35:56.558031,-0.007168458781361964,0.0,-1.0,0.0,139.0,139.5,138.5,139.0,317.0,340.0,4017.0,3719.0,False,False
2603,2022-10-27 09:35:57.197805,-0.007168458781361964,0.0,-1.0,0.0,139.0,139.5,138.5,139.0,317.0,340.0,4017.0,3719.0,False,False
2603,2022-10-27 09:35:57.348378,-0.007168458781361964,0.0,-1.0,0.0,139.0,139.5,138.5,139.0,319.0,340.0,4017.0,3719.0,False,False
2603,2022-10-27 09:35:57.566107,-0.007168458781361964,0.0,-1.0,0.0,139.0,139.5,138.5,139.0,319.0,340.0,4017.0,3719.0,False,False
2603,2022-10-27 09:35:58.062364,-0.007168458781361964,0.0,-1.0,0.0,139.0,139.5,138.5,139.0,319.0,340.0,4017.0,3719.0,False,False
2603,2022-10-27 09:35:58.350211,-0.007168458781361964,0.0,-1.0,0.0,139.0,139.5,138.5,139.0,319.0,341.0,4017.0,3719.0,False,False
2603,2022-10-27 09:35:58.893359,-0.007168458781361964,0.0,-1.0,0.0,139.0,139.5,138.5,139.0,319.0,336.0,4017.0,3719.0,False,False
2603,2022-10-27 09:35:59.300473,-0.007168458781361964,0.0,-1.0,0.0,139.0,139.5,138.5,139.0,319.0,336.0,4017.0,3719.0,False,False
2603,2022-10-27 09:35:59.606468,-0.007168458781361964,0.0,-1.0,0.0,139.0,139.5,138.5,139.0,320.0,336.0,4017.0,3719.0,False,False
2603,2022-10-27 09:35:59.645832,-0.007168458781361964,0.0,-1.0,0.0,139.0,139.5,138.5,139.0,320.0,336.0,4017.0,3719.0,False,False
2603,2022-10-27 09:35:59.972071,-0.007168458781361964,0.0,-1.0,0.0,139.0,139.5,138.5,139.0,317.0,336.0,4017.0,3719.0,False,False
2603,2022-10-27 09:36:00.020657,-0.007168458781361964,0.0,-1.0,0.0,139.0,139.5,138.5,139.0,317.0,337.0,4017.0,3719.0,False,False
2603,2022-10-27 09:36:00.237969,-0.007168458781361964,0.0,-1.0,0.0,139.0,139.5,138.5,139.0,317.0,337.0,4017.0,3719.0,False,False
2603,2022-10-27 09:36:00.655942,-0.007168458781361964,0.0,-1.0,0.0,139.0,139.5,138.5,139.0,317.0,337.0,4017.0,3719.0,False,False
2603,2022-10-27 09:36:01.298200,-0.007168458781361964,0.0,-1.0,0.0,139.0,139.5,138.5,139.0,317.0,337.0,4017.0,3719.0,False,False
2603,2022-10-27 09:36:02.279360,-0.007168458781361964,0.0,-1.0,0.0,139.0,139.5,138.5,139.0,317.0,337.0,4017.0,3719.0,False,False
2603,2022-10-27 09:36:02.383952,-0.007168458781361964,0.0,-1.0,0.0,139.0,139.5,138.5,139.0,327.0,337.0,4017.0,3719.0,False,False
2603,2022-10-27 09:36:02.439684,-0.007168458781361964,0.0,-1.0,0.0,139.0,139.5,138.5,139.0,327.0,338.0,4017.0,3719.0,False,False
2603,2022-10-27 09:36:02.861267,-0.007168458781361964,0.0,-1.0,0.0,139.0,139.5,138.5,139.0,327.0,338.0,4017.0,3719.0,False,False
2603,2022-10-27 09:36:03.104714,-0.007168458781361964,0.0,-1.0,0.0,139.0,139.5,138.5,139.0,328.0,338.0,4017.0,3719.0,False,False
2603,2022-10-27 09:36:03.141888,-0.007168458781361964,0.0,-1.0,0.0,139.0,139.5,138.5,139.0,327.0,338.0,4017.0,3719.0,False,False
2603,2022-10-27 09:36:03.303830,-0.007168458781361964,0.0,-1.0,0.0,139.0,139.5,138.5,139.0,327.0,338.0,4017.0,3719.0,False,False
2603,2022-10-27 09:36:03.311349,-0.007168458781361964,0.0,-1.0,0.0,139.0,139.5,138.5,139.0,330.0,338.0,4017.0,3719.0,False,False
2603,2022-10-27 09:36:03.500808,-0.007168458781361964,0.0,-1.0,0.0,139.0,139.5,138.5,139.0,331.0,338.0,4017.0,3719.0,False,False
2603,2022-10-27 09:36:04.009099,-0.007168458781361964,0.0,-1.0,0.0,139.0,139.5,138.5,139.0,331.0,338.0,2673.0,3874.0,True,True
2603,2022-10-27 09:36:04.543195,-0.007168458781361964,0.0,-1.0,0.0,139.0,139.5,138.5,139.0,329.0,338.0,2673.0,3874.0,False,False
2603,2022-10-27 09:36:04.545183,-0.007168458781361964,0.0,-1.0,0.0,139.0,139.5,138.5,139.0,328.0,338.0,2673.0,3874.0,False,False
2603,2022-10-27 09:36:05.297201,-0.007168458781361964,0.0,-1.0,0.0,139.0,139.5,138.5,139.0,328.0,338.0,2673.0,3874.0,False,False
2603,2022-10-27 09:36:06.638433,-0.007168458781361964,0.0,-1.0,0.0,139.0,139.5,138.5,139.0,328.0,338.0,2673.0,3874.0,False,False
2603,2022-10-27 09:36:07.123479,-0.007168458781361964,0.0,-1.0,0.0,139.0,139.5,138.5,139.0,328.0,338.0,2673.0,3874.0,False,False
2603,2022-10-27 09:36:07.286694,-0.007168458781361964,0.0,-1.0,0.0,139.0,139.5,138.5,139.0,328.0,337.0,2673.0,3874.0,False,False
2603,2022-10-27 09:36:07.405197,-0.007168458781361964,0.0,-1.0,0.0,139.0,139.5,138.5,139.0,328.0,337.0,2673.0,3874.0,False,False
2603,2022-10-27 09:36:07.477399,-0.007168458781361964,0.0,-1.0,0.0,139.0,139.5,138.5,139.0,327.0,337.0,2673.0,3874.0,False,False
2603,2022-10-27 09:36:07.677872,-0.007168458781361964,0.0,-1.0,0.0,139.0,139.5,138.5,139.0,330.0,337.0,2673.0,3874.0,False,False
2603,2022-10-27 09:36:08.767020,-0.007168458781361964,0.0,-1.0,0.0,139.0,139.5,138.5,139.0,331.0,337.0,2673.0,3874.0,False,False
2603,2022-10-27 09:36:09.120906,-0.007168458781361964,0.0,-1.0,0.0,139.0,139.5,138.5,139.0,331.0,337.0,2673.0,3874.0,False,False
2603,2022-10-27 09:36:09.150325,-0.007168458781361964,0.0,-1.0,0.0,139.0,139.5,138.5,139.0,331.0,337.0,2673.0,3874.0,False,False
2603,2022-10-27 09:36:09.197736,-0.007168458781361964,0.0,-1.0,0.0,139.0,139.5,138.5,139.0,330.0,337.0,2673.0,3874.0,False,False
2603,2022-10-27 09:36:09.183328,-0.007168458781361964,0.0,-1.0,0.0,139.0,139.5,138.5,139.0,331.0,337.0,2673.0,3874.0,False,False
2603,2022-10-27 09:36:09.333241,-0.007168458781361964,0.0,-1.0,0.0,139.0,139.5,138.5,139.0,331.0,337.0,2673.0,3874.0,False,False
2603,2022-10-27 09:36:10.202575,-0.007168458781361964,0.0,-1.0,0.0,139.0,139.5,138.5,139.0,331.0,337.0,2673.0,3874.0,False,False
2603,2022-10-27 09:36:10.234634,-0.007168458781361964,0.0,-1.0,0.0,139.0,139.5,138.5,139.0,331.0,337.0,2673.0,3874.0,False,False
2603,2022-10-27 09:36:10.287261,-0.007168458781361964,0.0,-1.0,0.0,139.0,139.5,138.5,139.0,336.0,337.0,2673.0,3874.0,False,False
2603,2022-10-27 09:36:10.496449,-0.007168458781361964,0.0,-1.0,0.0,139.0,139.5,138.5,139.0,336.0,337.0,2673.0,3874.0,False,False
2603,2022-10-27 09:36:11.203059,-0.007168458781361964,0.0,-1.0,0.0,139.0,139.5,138.5,139.0,335.0,337.0,2673.0,3874.0,False,False
2603,2022-10-27 09:36:11.256915,-0.007168458781361964,0.0,-1.0,0.0,139.0,139.5,138.5,139.0,334.0,337.0,2673.0,3874.0,False,False
2603,2022-10-27 09:36:11.347568,-0.007168458781361964,0.0,-1.0,0.0,139.0,139.5,138.5,139.0,334.0,337.0,2673.0,3874.0,False,False
2603,2022-10-27 09:36:11.421832,-0.007168458781361964,0.0,-1.0,0.0,139.0,139.5,138.5,139.0,333.0,337.0,2673.0,3874.0,False,False
2603,2022-10-27 09:36:11.531705,-0.007168458781361964,0.0,-1.0,0.0,139.0,139.5,138.5,139.0,330.0,337.0,2673.0,3874.0,False,False
2603,2022-10-27 09:36:12.684328,-0.007168458781361964,0.0,-1.0,0.0,139.0,139.5,138.5,139.0,330.0,337.0,2673.0,3874.0,False,False
2603,2022-10-27 09:36:12.742017,-0.007168458781361964,0.0,-1.0,0.0,139.0,139.5,138.5,139.0,332.0,338.0,2673.0,3874.0,False,False
2603,2022-10-27 09:36:12.989155,-0.007168458781361964,0.0,-1.0,0.0,139.0,139.5,138.5,139.0,332.0,339.0,2673.0,3874.0,False,False
2603,2022-10-27 09:36:13.649036,-0.007168458781361964,0.0,-1.0,0.0,139.0,139.5,138.5,139.0,332.0,339.0,2673.0,3874.0,False,False
2603,2022-10-27 09:36:13.836637,-0.007168458781361964,0.0,-1.0,0.0,139.0,139.5,138.5,139.0,332.0,339.0,2673.0,3874.0,False,False
2603,2022-10-27 09:36:14.036152,-0.007168458781361964,0.0,-1.0,0.0,139.0,139.5,138.5,139.0,332.0,339.0,4017.0,3619.0,True,True
2603,2022-10-27 09:36:14.465091,-0.007168458781361964,0.0,-1.0,0.0,139.0,139.5,138.5,139.0,332.0,339.0,4017.0,3619.0,False,False
2603,2022-10-27 09:36:15.144458,-0.007168458781361964,0.0,-1.0,0.0,139.0,139.5,138.5,139.0,332.0,339.0,4017.0,3619.0,False,False
2603,2022-10-27 09:36:15.235058,-0.007168458781361964,0.0,-1.0,0.0,139.0,139.5,138.5,139.0,332.0,334.0,4017.0,3619.0,False,False
2603,2022-10-27 09:36:15.251102,-0.007168458781361964,0.0,-1.0,0.0,139.0,139.5,138.5,139.0,332.0,335.0,4017.0,3619.0,False,False
2603,2022-10-27 09:36:15.429494,-0.007168458781361964,0.0,-1.0,0.0,139.0,139.5,138.5,139.0,333.0,335.0,4017.0,3619.0,False,False
2603,2022-10-27 09:36:15.518299,-0.007168458781361964,0.0,-1.0,0.0,139.0,139.5,138.5,139.0,333.0,335.0,4017.0,3619.0,False,False
2603,2022-10-27 09:36:15.561618,-0.007168458781361964,0.0,-1.0,0.0,139.0,139.5,138.5,139.0,333.0,335.0,4017.0,3619.0,False,False
2603,2022-10-27 09:36:15.799174,-0.007168458781361964,0.0,-1.0,0.0,139.0,139.5,138.5,139.0,333.0,335.0,4017.0,3619.0,False,False
2603,2022-10-27 09:36:16.430311,-0.007168458781361964,0.0,-1.0,0.0,139.0,139.5,138.5,139.0,333.0,335.0,4017.0,3619.0,False,False
2603,2022-10-27 09:36:16.638498,-0.007168458781361964,0.0,-1.0,0.0,139.0,139.5,138.5,139.0,333.0,334.0,4017.0,3619.0,False,False
2603,2022-10-27 09:36:16.691541,-0.007168458781361964,0.0,-1.0,0.0,139.0,139.5,138.5,139.0,333.0,335.0,4017.0,3619.0,False,False
2603,2022-10-27 09:36:17.315921,-0.007168458781361964,0.0,-1.0,0.0,139.0,139.5,138.5,139.0,333.0,336.0,4017.0,3619.0,False,False
2603,2022-10-27 09:36:17.532121,-0.007168458781361964,0.0,-1.0,0.0,139.0,139.5,138.5,139.0,333.0,336.0,4017.0,3619.0,False,False
2603,2022-10-27 09:36:17.860596,-0.007168458781361964,0.0,-1.0,0.0,139.0,139.5,138.5,139.0,333.0,337.0,4017.0,3619.0,False,False
2603,2022-10-27 09:36:17.904431,-0.007168458781361964,0.0,-1.0,0.0,139.0,139.5,138.5,139.0,332.0,337.0,4017.0,3619.0,False,False
2603,2022-10-27 09:36:18.045714,-0.007168458781361964,0.0,-1.0,0.0,139.0,139.5,138.5,139.0,332.0,336.0,4017.0,3619.0,False,False
2603,2022-10-27 09:36:18.096933,-0.007168458781361964,0.0,-1.0,0.0,139.0,139.5,138.5,139.0,332.0,338.0,4017.0,3619.0,False,False
2603,2022-10-27 09:36:18.125908,-0.007168458781361964,0.0,-1.0,0.0,139.0,139.5,138.5,139.0,332.0,338.0,4017.0,3619.0,False,False
2603,2022-10-27 09:36:18.308620,-0.007168458781361964,0.0,-1.0,0.0,139.0,139.5,138.5,139.0,332.0,338.0,4017.0,3619.0,False,False
2603,2022-10-27 09:36:18.615393,-0.007168458781361964,0.0,-1.0,0.0,139.0,139.5,138.5,139.0,332.0,338.0,4017.0,3619.0,False,False
2603,2022-10-27 09:36:18.794769,-0.007168458781361964,0.0,-1.0,0.0,139.0,139.5,138.5,139.0,332.0,338.0,4017.0,3619.0,False,False
2603,2022-10-27 09:36:18.929283,-0.007168458781361964,0.0,-1.0,0.0,139.0,139.5,138.5,139.0,332.0,338.0,4017.0,3619.0,False,False
2603,2022-10-27 09:36:19.579530,-0.007168458781361964,0.0,-1.0,0.0,139.0,139.5,138.5,139.0,333.0,338.0,4017.0,3619.0,False,False
2603,2022-10-27 09:36:19.751344,-0.007168458781361964,0.0,-1.0,0.0,139.0,139.5,138.5,139.0,334.0,338.0,4017.0,3619.0,False,False
2603,2022-10-27 09:36:19.801138,-0.007168458781361964,0.0,-1.0,0.0,139.0,139.5,138.5,139.0,334.0,340.0,4017.0,3619.0,False,False
2603,2022-10-27 09:36:19.886311,-0.007168458781361964,0.0,-1.0,0.0,139.0,139.5,138.5,139.0,334.0,341.0,4017.0,3619.0,False,False
2603,2022-10-27 09:36:19.904801,-0.007168458781361964,0.0,-1.0,0.0,139.0,139.5,138.5,139.0,333.0,341.0,4017.0,3619.0,False,False
2603,2022-10-27 09:36:19.982972,-0.007168458781361964,0.0,-1.0,0.0,139.0,139.5,138.5,139.0,333.0,352.0,4017.0,3619.0,False,False
2603,2022-10-27 09:36:20.145413,-0.007168458781361964,0.0,-1.0,0.0,139.0,139.5,138.5,139.0,332.0,354.0,4017.0,3619.0,False,False
2603,2022-10-27 09:36:21.507570,-0.007168458781361964,0.0,-1.0,0.0,139.0,139.5,138.5,139.0,332.0,354.0,4017.0,3619.0,False,False
2603,2022-10-27 09:36:22.978359,-0.007168458781361964,0.0,-1.0,0.0,139.0,139.5,138.5,139.0,332.0,354.0,4017.0,3619.0,False,False
2603,2022-10-27 09:36:23.320671,-0.007168458781361964,0.0,-1.0,0.0,139.0,139.5,138.5,139.0,332.0,354.0,4017.0,3619.0,False,False
2603,2022-10-27 09:36:24.067370,-0.007168458781361964,0.0,-1.0,0.0,139.0,139.5,138.5,139.0,332.0,354.0,3183.0,3774.0,True,True
2603,2022-10-27 09:36:24.144009,-0.007168458781361964,0.0,-1.0,0.0,139.0,139.5,138.5,139.0,332.0,355.0,3183.0,3774.0,False,False
2603,2022-10-27 09:36:24.303523,-0.007168458781361964,0.0,-1.0,0.0,139.0,139.5,138.5,139.0,332.0,356.0,3183.0,3774.0,False,False
2603,2022-10-27 09:36:24.991569,-0.007168458781361964,0.0,-1.0,0.0,139.0,139.5,138.5,139.0,333.0,356.0,3183.0,3774.0,False,False
2603,2022-10-27 09:36:25.089112,-0.007168458781361964,0.0,-1.0,0.0,139.0,139.5,138.5,139.0,333.0,356.0,3183.0,3774.0,False,False
2603,2022-10-27 09:36:25.461734,-0.007168458781361964,0.0,-1.0,0.0,139.0,139.5,138.5,139.0,332.0,356.0,3183.0,3774.0,False,False
2603,2022-10-27 09:36:25.674640,-0.007168458781361964,0.0,-1.0,0.0,139.0,139.5,138.5,139.0,332.0,356.0,3183.0,3774.0,False,False
2603,2022-10-27 09:36:26.245338,-0.007168458781361964,0.0,-1.0,0.0,139.0,139.5,138.5,139.0,337.0,356.0,3183.0,3774.0,False,False
2603,2022-10-27 09:36:26.422060,-0.007168458781361964,0.0,-1.0,0.0,139.0,139.5,138.5,139.0,337.0,356.0,3183.0,3774.0,False,False
