symbol,datetime,NaOb_r,NbOa_r,NaOb_s,NbOa_s,bid1,ask1,odd_bid1,odd_ask1,bidQty1,askQty1,odd_bidQty1,odd_askQty1,simulate,triggerbyOdd
2610,2022-10-27 09:34:00.123565,-0.005847953216374324,0.0,-0.10000000000000142,0.0,17.05,17.1,17.0,17.05,266.0,1388.0,2654.0,717.0,True,True
2610,2022-10-27 09:34:00.586203,-0.005847953216374324,0.0,-0.10000000000000142,0.0,17.05,17.1,17.0,17.05,266.0,1388.0,2654.0,717.0,False,False
2610,2022-10-27 09:34:00.626448,-0.005847953216374324,0.0,-0.10000000000000142,0.0,17.05,17.1,17.0,17.05,251.0,1388.0,2654.0,717.0,False,False
2610,2022-10-27 09:34:00.813674,-0.005847953216374324,0.0,-0.10000000000000142,0.0,17.05,17.1,17.0,17.05,251.0,1389.0,2654.0,717.0,False,False
2610,2022-10-27 09:34:01.919479,-0.005847953216374324,0.0,-0.10000000000000142,0.0,17.05,17.1,17.0,17.05,251.0,1390.0,2654.0,717.0,False,False
2610,2022-10-27 09:34:01.946717,-0.005847953216374324,0.0,-0.10000000000000142,0.0,17.05,17.1,17.0,17.05,251.0,1393.0,2654.0,717.0,False,False
2610,2022-10-27 09:34:03.036182,-0.005847953216374324,0.0,-0.10000000000000142,0.0,17.05,17.1,17.0,17.05,249.0,1393.0,2654.0,717.0,False,False
2610,2022-10-27 09:34:03.583054,-0.005847953216374324,0.0,-0.10000000000000142,0.0,17.05,17.1,17.0,17.05,249.0,1393.0,2654.0,717.0,False,False
2610,2022-10-27 09:34:05.234344,-0.005847953216374324,0.0,-0.10000000000000142,0.0,17.05,17.1,17.0,17.05,248.0,1393.0,2654.0,717.0,False,False
2610,2022-10-27 09:34:05.262986,-0.005847953216374324,0.0,-0.10000000000000142,0.0,17.05,17.1,17.0,17.05,248.0,1390.0,2654.0,717.0,False,False
2610,2022-10-27 09:34:05.527226,-0.005847953216374324,0.0,-0.10000000000000142,0.0,17.05,17.1,17.0,17.05,247.0,1389.0,2654.0,717.0,False,False
2610,2022-10-27 09:34:06.934374,-0.005847953216374324,0.0,-0.10000000000000142,0.0,17.05,17.1,17.0,17.05,247.0,1384.0,2654.0,717.0,False,False
2610,2022-10-27 09:34:07.574530,-0.005847953216374324,0.0,-0.10000000000000142,0.0,17.05,17.1,17.0,17.05,247.0,1384.0,2654.0,717.0,False,False
2610,2022-10-27 09:34:09.308048,-0.005847953216374324,0.0,-0.10000000000000142,0.0,17.05,17.1,17.0,17.05,227.0,1384.0,2654.0,717.0,False,False
2610,2022-10-27 09:34:09.329433,-0.005847953216374324,0.0,-0.10000000000000142,0.0,17.05,17.1,17.0,17.05,226.0,1384.0,2654.0,717.0,False,False
2610,2022-10-27 09:34:09.401549,-0.005847953216374324,0.0,-0.10000000000000142,0.0,17.05,17.1,17.0,17.05,226.0,1383.0,2654.0,717.0,False,False
2610,2022-10-27 09:34:09.563902,-0.005847953216374324,0.0,-0.10000000000000142,0.0,17.05,17.1,17.0,17.05,226.0,1383.0,2654.0,717.0,False,True
2610,2022-10-27 09:34:11.225007,-0.005847953216374324,0.0,-0.10000000000000142,0.0,17.05,17.1,17.0,17.05,226.0,1385.0,2654.0,717.0,False,False
2610,2022-10-27 09:34:11.252592,-0.005847953216374324,0.0,-0.10000000000000142,0.0,17.05,17.1,17.0,17.05,227.0,1385.0,2654.0,717.0,False,False
2610,2022-10-27 09:34:11.746676,-0.005847953216374324,0.0,-0.10000000000000142,0.0,17.05,17.1,17.0,17.05,235.0,1385.0,2654.0,717.0,False,False
2610,2022-10-27 09:34:12.451634,-0.005847953216374324,0.0,-0.10000000000000142,0.0,17.05,17.1,17.0,17.05,235.0,1377.0,2654.0,717.0,False,False
2610,2022-10-27 09:34:12.755874,-0.005847953216374324,0.0,-0.10000000000000142,0.0,17.05,17.1,17.0,17.05,235.0,1377.0,2654.0,717.0,False,False
2610,2022-10-27 09:34:13.047528,-0.005847953216374324,0.0,-0.10000000000000142,0.0,17.05,17.1,17.0,17.05,236.0,1377.0,2654.0,717.0,False,False
2610,2022-10-27 09:34:13.192058,-0.005847953216374324,0.0,-0.10000000000000142,0.0,17.05,17.1,17.0,17.05,231.0,1377.0,2654.0,717.0,False,False
2610,2022-10-27 09:34:13.926626,-0.005847953216374324,0.0,-0.10000000000000142,0.0,17.05,17.1,17.0,17.05,230.0,1377.0,2654.0,717.0,False,False
2610,2022-10-27 09:34:13.968628,-0.005847953216374324,0.0,-0.10000000000000142,0.0,17.05,17.1,17.0,17.05,230.0,1367.0,2654.0,717.0,False,False
2610,2022-10-27 09:34:14.462547,-0.005847953216374324,0.0,-0.10000000000000142,0.0,17.05,17.1,17.0,17.05,230.0,1367.0,2654.0,717.0,False,False
2610,2022-10-27 09:34:15.774767,-0.005847953216374324,0.0,-0.10000000000000142,0.0,17.05,17.1,17.0,17.05,230.0,1368.0,2654.0,717.0,False,False
2610,2022-10-27 09:34:17.103593,-0.005847953216374324,0.0,-0.10000000000000142,0.0,17.05,17.1,17.0,17.05,220.0,1368.0,2654.0,717.0,False,False
2610,2022-10-27 09:34:17.132987,-0.005847953216374324,0.0,-0.10000000000000142,0.0,17.05,17.1,17.0,17.05,220.0,1368.0,2654.0,717.0,False,False
2610,2022-10-27 09:34:17.240809,-0.005847953216374324,0.0,-0.10000000000000142,0.0,17.05,17.1,17.0,17.05,220.0,1368.0,2654.0,717.0,False,False
2610,2022-10-27 09:34:18.092549,-0.005847953216374324,0.0,-0.10000000000000142,0.0,17.05,17.1,17.0,17.05,220.0,1368.0,2654.0,717.0,False,False
2610,2022-10-27 09:34:18.367912,-0.005847953216374324,0.0,-0.10000000000000142,0.0,17.05,17.1,17.0,17.05,235.0,1368.0,2654.0,717.0,False,False
2610,2022-10-27 09:34:18.812719,-0.005847953216374324,0.0,-0.10000000000000142,0.0,17.05,17.1,17.0,17.05,234.0,1368.0,2654.0,717.0,False,False
2610,2022-10-27 09:34:18.865785,-0.005847953216374324,0.0,-0.10000000000000142,0.0,17.05,17.1,17.0,17.05,262.0,1368.0,2654.0,717.0,False,False
2610,2022-10-27 09:34:19.603002,-0.005847953216374324,0.0,-0.10000000000000142,0.0,17.05,17.1,17.0,17.05,262.0,1368.0,2654.0,717.0,True,True
2610,2022-10-27 09:34:20.697319,-0.005847953216374324,0.0,-0.10000000000000142,0.0,17.05,17.1,17.0,17.05,272.0,1368.0,2654.0,717.0,False,False
2610,2022-10-27 09:34:20.736983,-0.005847953216374324,0.0,-0.10000000000000142,0.0,17.05,17.1,17.0,17.05,275.0,1368.0,2654.0,717.0,False,False
2610,2022-10-27 09:34:20.898403,-0.005847953216374324,0.0,-0.10000000000000142,0.0,17.05,17.1,17.0,17.05,275.0,1368.0,2654.0,717.0,False,False
2610,2022-10-27 09:34:20.962801,-0.005847953216374324,0.0,-0.10000000000000142,0.0,17.05,17.1,17.0,17.05,275.0,1369.0,2654.0,717.0,False,False
2610,2022-10-27 09:34:21.737026,-0.005847953216374324,0.0,-0.10000000000000142,0.0,17.05,17.1,17.0,17.05,275.0,1369.0,2654.0,717.0,False,False
2610,2022-10-27 09:34:23.499551,-0.005847953216374324,0.0,-0.10000000000000142,0.0,17.05,17.1,17.0,17.05,275.0,1369.0,2654.0,717.0,False,False
2610,2022-10-27 09:34:24.291306,-0.005847953216374324,0.0,-0.10000000000000142,0.0,17.05,17.1,17.0,17.05,275.0,1369.0,2654.0,717.0,False,False
2610,2022-10-27 09:34:24.717526,-0.005847953216374324,0.0,-0.10000000000000142,0.0,17.05,17.1,17.0,17.05,267.0,1369.0,2654.0,717.0,False,False
2610,2022-10-27 09:34:25.046021,-0.005847953216374324,0.0,-0.10000000000000142,0.0,17.05,17.1,17.0,17.05,267.0,1369.0,2654.0,717.0,False,False
2610,2022-10-27 09:34:25.077378,-0.005847953216374324,0.0,-0.10000000000000142,0.0,17.05,17.1,17.0,17.05,264.0,1369.0,2654.0,717.0,False,False
2610,2022-10-27 09:34:25.188242,-0.005847953216374324,0.0,-0.10000000000000142,0.0,17.05,17.1,17.0,17.05,267.0,1369.0,2654.0,717.0,False,False
2610,2022-10-27 09:34:25.237014,-0.005847953216374324,0.0,-0.10000000000000142,0.0,17.05,17.1,17.0,17.05,267.0,1369.0,2654.0,717.0,False,False
2610,2022-10-27 09:34:26.721669,-0.005847953216374324,0.0,-0.10000000000000142,0.0,17.05,17.1,17.0,17.05,259.0,1369.0,2654.0,717.0,False,False
2610,2022-10-27 09:34:26.754776,-0.005847953216374324,0.0,-0.10000000000000142,0.0,17.05,17.1,17.0,17.05,256.0,1369.0,2654.0,717.0,False,False
2610,2022-10-27 09:34:27.038119,-0.005847953216374324,0.0,-0.10000000000000142,0.0,17.05,17.1,17.0,17.05,257.0,1369.0,2654.0,717.0,False,False
2610,2022-10-27 09:34:27.078624,-0.005847953216374324,0.0,-0.10000000000000142,0.0,17.05,17.1,17.0,17.05,257.0,1367.0,2654.0,717.0,False,False
2610,2022-10-27 09:34:27.617937,-0.005847953216374324,0.0,-0.10000000000000142,0.0,17.05,17.1,17.0,17.05,258.0,1367.0,2654.0,717.0,False,False
2610,2022-10-27 09:34:28.810925,-0.005847953216374324,0.0,-0.10000000000000142,0.0,17.05,17.1,17.0,17.05,258.0,1369.0,2654.0,717.0,False,False
2610,2022-10-27 09:34:29.124295,-0.005847953216374324,0.0,-0.10000000000000142,0.0,17.05,17.1,17.0,17.05,258.0,1369.0,2654.0,717.0,False,False
2610,2022-10-27 09:34:29.165401,-0.005847953216374324,0.0,-0.10000000000000142,0.0,17.05,17.1,17.0,17.05,252.0,1369.0,2654.0,717.0,False,False
2610,2022-10-27 09:34:29.641114,-0.005847953216374324,0.0,-0.10000000000000142,0.0,17.05,17.1,17.0,17.05,252.0,1369.0,2654.0,717.0,True,True
2610,2022-10-27 09:34:30.137862,-0.005847953216374324,0.0,-0.10000000000000142,0.0,17.05,17.1,17.0,17.05,252.0,1369.0,2654.0,717.0,False,False
2610,2022-10-27 09:34:30.826509,-0.005847953216374324,0.0,-0.10000000000000142,0.0,17.05,17.1,17.0,17.05,224.0,1369.0,2654.0,717.0,False,False
2610,2022-10-27 09:34:31.352388,-0.005847953216374324,0.0,-0.10000000000000142,0.0,17.05,17.1,17.0,17.05,209.0,1369.0,2654.0,717.0,False,False
2610,2022-10-27 09:34:31.994608,-0.005847953216374324,0.0,-0.10000000000000142,0.0,17.05,17.1,17.0,17.05,207.0,1369.0,2654.0,717.0,False,False
2610,2022-10-27 09:34:32.063441,-0.005847953216374324,0.0,-0.10000000000000142,0.0,17.05,17.1,17.0,17.05,207.0,1371.0,2654.0,717.0,False,False
2610,2022-10-27 09:34:32.090388,-0.005847953216374324,0.0,-0.10000000000000142,0.0,17.05,17.1,17.0,17.05,207.0,1374.0,2654.0,717.0,False,False
2610,2022-10-27 09:34:32.986322,-0.005847953216374324,0.0,-0.10000000000000142,0.0,17.05,17.1,17.0,17.05,187.0,1374.0,2654.0,717.0,False,False
2610,2022-10-27 09:34:33.101163,-0.005847953216374324,0.0,-0.10000000000000142,0.0,17.05,17.1,17.0,17.05,186.0,1374.0,2654.0,717.0,False,False
2610,2022-10-27 09:34:34.293563,-0.005847953216374324,0.0,-0.10000000000000142,0.0,17.05,17.1,17.0,17.05,185.0,1374.0,2654.0,717.0,False,False
2610,2022-10-27 09:34:35.894421,-0.005847953216374324,0.0,-0.10000000000000142,0.0,17.05,17.1,17.0,17.05,186.0,1374.0,2654.0,717.0,False,False
2610,2022-10-27 09:34:36.324738,-0.005847953216374324,0.0,-0.10000000000000142,0.0,17.05,17.1,17.0,17.05,185.0,1374.0,2654.0,717.0,False,False
2610,2022-10-27 09:34:36.522071,-0.005847953216374324,0.0,-0.10000000000000142,0.0,17.05,17.1,17.0,17.05,184.0,1374.0,2654.0,717.0,False,False
2610,2022-10-27 09:34:38.213977,-0.005847953216374324,0.0,-0.10000000000000142,0.0,17.05,17.1,17.0,17.05,185.0,1374.0,2654.0,717.0,False,False
2610,2022-10-27 09:34:38.239474,-0.005847953216374324,0.0,-0.10000000000000142,0.0,17.05,17.1,17.0,17.05,185.0,1371.0,2654.0,717.0,False,False
2610,2022-10-27 09:34:38.240464,-0.005847953216374324,0.0,-0.10000000000000142,0.0,17.05,17.1,17.0,17.05,241.0,1371.0,2654.0,717.0,False,False
2610,2022-10-27 09:34:38.431975,-0.005847953216374324,0.0,-0.10000000000000142,0.0,17.05,17.1,17.0,17.05,241.0,1376.0,2654.0,717.0,False,False
2610,2022-10-27 09:34:39.202163,-0.005847953216374324,0.0,-0.10000000000000142,0.0,17.05,17.1,17.0,17.05,242.0,1376.0,2654.0,717.0,False,False
2610,2022-10-27 09:34:39.566146,-0.005847953216374324,0.0,-0.10000000000000142,0.0,17.05,17.1,17.0,17.05,242.0,1376.0,2654.0,717.0,False,False
2610,2022-10-27 09:34:39.690512,-0.005847953216374324,0.0,-0.10000000000000142,0.0,17.05,17.1,17.0,17.05,242.0,1379.0,2654.0,717.0,False,False
2610,2022-10-27 09:34:40.614665,-0.005847953216374324,0.0,-0.10000000000000142,0.0,17.05,17.1,17.0,17.05,243.0,1379.0,2654.0,717.0,False,False
2610,2022-10-27 09:34:42.384303,-0.005847953216374324,0.0,-0.10000000000000142,0.0,17.05,17.1,17.0,17.05,258.0,1379.0,2654.0,717.0,False,False
2610,2022-10-27 09:34:42.733924,-0.005847953216374324,0.0,-0.10000000000000142,0.0,17.05,17.1,17.0,17.05,258.0,1378.0,2654.0,717.0,False,False
2610,2022-10-27 09:34:43.350648,-0.005847953216374324,0.0,-0.10000000000000142,0.0,17.05,17.1,17.0,17.05,258.0,1378.0,2654.0,717.0,False,False
2610,2022-10-27 09:34:43.796998,-0.005847953216374324,0.0,-0.10000000000000142,0.0,17.05,17.1,17.0,17.05,257.0,1378.0,2654.0,717.0,False,False
2610,2022-10-27 09:34:44.203146,-0.005847953216374324,0.0,-0.10000000000000142,0.0,17.05,17.1,17.0,17.05,257.0,1378.0,2654.0,717.0,False,False
2610,2022-10-27 09:34:45.397746,-0.005847953216374324,0.0,-0.10000000000000142,0.0,17.05,17.1,17.0,17.05,257.0,1378.0,2654.0,717.0,False,False
2610,2022-10-27 09:34:45.492662,-0.005847953216374324,0.0,-0.10000000000000142,0.0,17.05,17.1,17.0,17.05,257.0,1377.0,2654.0,717.0,False,False
2610,2022-10-27 09:34:45.873614,-0.005847953216374324,0.0,-0.10000000000000142,0.0,17.05,17.1,17.0,17.05,257.0,1379.0,2654.0,717.0,False,False
2610,2022-10-27 09:34:47.134273,-0.005847953216374324,0.0,-0.10000000000000142,0.0,17.05,17.1,17.0,17.05,258.0,1379.0,2654.0,717.0,False,False
2610,2022-10-27 09:34:47.142054,-0.005847953216374324,0.0,-0.10000000000000142,0.0,17.05,17.1,17.0,17.05,258.0,1379.0,2654.0,717.0,False,False
2610,2022-10-27 09:34:47.925044,-0.005847953216374324,0.0,-0.10000000000000142,0.0,17.05,17.1,17.0,17.05,258.0,1379.0,2654.0,717.0,False,False
2610,2022-10-27 09:34:48.216448,-0.005847953216374324,0.0,-0.10000000000000142,0.0,17.05,17.1,17.0,17.05,259.0,1379.0,2654.0,717.0,False,False
2610,2022-10-27 09:34:48.659249,-0.005847953216374324,0.0,-0.10000000000000142,0.0,17.05,17.1,17.0,17.05,259.0,1378.0,2654.0,717.0,False,False
2610,2022-10-27 09:34:50.660724,-0.005847953216374324,0.0,-0.10000000000000142,0.0,17.05,17.1,17.0,17.05,259.0,1378.0,2654.0,717.0,False,False
2610,2022-10-27 09:34:50.705137,-0.005847953216374324,0.0,-0.10000000000000142,0.0,17.05,17.1,17.0,17.05,259.0,1378.0,2654.0,717.0,False,False
2610,2022-10-27 09:34:50.796168,-0.005847953216374324,0.0,-0.10000000000000142,0.0,17.05,17.1,17.0,17.05,261.0,1379.0,2654.0,717.0,False,False
2610,2022-10-27 09:34:50.869875,-0.005847953216374324,0.0,-0.10000000000000142,0.0,17.05,17.1,17.0,17.05,261.0,1379.0,2654.0,717.0,False,False
2610,2022-10-27 09:34:51.080722,-0.005847953216374324,0.0,-0.10000000000000142,0.0,17.05,17.1,17.0,17.05,261.0,1379.0,2654.0,717.0,False,False
2610,2022-10-27 09:34:52.482542,-0.005847953216374324,0.0,-0.10000000000000142,0.0,17.05,17.1,17.0,17.05,262.0,1379.0,2654.0,717.0,False,False
2610,2022-10-27 09:34:53.845481,-0.005847953216374324,0.0,-0.10000000000000142,0.0,17.05,17.1,17.0,17.05,262.0,1369.0,2654.0,717.0,False,False
2610,2022-10-27 09:34:53.867889,-0.005847953216374324,0.0,-0.10000000000000142,0.0,17.05,17.1,17.0,17.05,265.0,1369.0,2654.0,717.0,False,False
2610,2022-10-27 09:34:53.995288,-0.005847953216374324,0.0,-0.10000000000000142,0.0,17.05,17.1,17.0,17.05,265.0,1359.0,2654.0,717.0,False,False
2610,2022-10-27 09:34:55.975675,-0.005847953216374324,0.0,-0.10000000000000142,0.0,17.05,17.1,17.0,17.05,265.0,1359.0,2654.0,717.0,False,False
2610,2022-10-27 09:34:56.755204,-0.005847953216374324,0.0,-0.10000000000000142,0.0,17.05,17.1,17.0,17.05,265.0,1360.0,2654.0,717.0,False,False
2610,2022-10-27 09:34:59.104152,-0.005847953216374324,0.0,-0.10000000000000142,0.0,17.05,17.1,17.0,17.05,262.0,1360.0,2654.0,717.0,False,False
2610,2022-10-27 09:34:59.134922,-0.005847953216374324,0.0,-0.10000000000000142,0.0,17.05,17.1,17.0,17.05,259.0,1360.0,2654.0,717.0,False,False
2610,2022-10-27 09:34:59.911804,-0.005847953216374324,0.0,-0.10000000000000142,0.0,17.05,17.1,17.0,17.05,259.0,1360.0,2704.0,717.0,True,True
2610,2022-10-27 09:35:00.004047,-0.005847953216374324,0.0,-0.10000000000000142,0.0,17.05,17.1,17.0,17.05,258.0,1360.0,2704.0,717.0,False,False
2610,2022-10-27 09:35:00.390096,-0.005847953216374324,0.0,-0.10000000000000142,0.0,17.05,17.1,17.0,17.05,277.0,1360.0,2704.0,717.0,False,False
2610,2022-10-27 09:35:05.595291,-0.005847953216374324,0.0,-0.10000000000000142,0.0,17.05,17.1,17.0,17.05,277.0,1360.0,2704.0,717.0,False,False
2610,2022-10-27 09:35:06.073697,-0.005847953216374324,0.0,-0.10000000000000142,0.0,17.05,17.1,17.0,17.05,277.0,1360.0,2704.0,717.0,False,False
2610,2022-10-27 09:35:06.583098,-0.005847953216374324,0.0,-0.10000000000000142,0.0,17.05,17.1,17.0,17.05,277.0,1361.0,2704.0,717.0,False,False
2610,2022-10-27 09:35:06.705251,-0.005847953216374324,0.0,-0.10000000000000142,0.0,17.05,17.1,17.0,17.05,277.0,1361.0,2704.0,717.0,False,False
2610,2022-10-27 09:35:09.745970,-0.005847953216374324,0.0,-0.10000000000000142,0.0,17.05,17.1,17.0,17.05,267.0,1361.0,2704.0,717.0,False,False
2610,2022-10-27 09:35:10.094112,-0.005847953216374324,0.0,-0.10000000000000142,0.0,17.05,17.1,17.0,17.05,267.0,1361.0,2704.0,715.0,True,True
2610,2022-10-27 09:35:11.504154,-0.005847953216374324,0.0,-0.10000000000000142,0.0,17.05,17.1,17.0,17.05,264.0,1361.0,2704.0,715.0,False,False
2610,2022-10-27 09:35:11.951400,-0.005847953216374324,0.0,-0.10000000000000142,0.0,17.05,17.1,17.0,17.05,263.0,1361.0,2704.0,715.0,False,False
2610,2022-10-27 09:35:13.019192,-0.005847953216374324,0.0,-0.10000000000000142,0.0,17.05,17.1,17.0,17.05,263.0,1360.0,2704.0,715.0,False,False
2610,2022-10-27 09:35:13.975292,-0.005847953216374324,0.0,-0.10000000000000142,0.0,17.05,17.1,17.0,17.05,263.0,1360.0,2704.0,715.0,False,False
2610,2022-10-27 09:35:14.345287,-0.005847953216374324,0.0,-0.10000000000000142,0.0,17.05,17.1,17.0,17.05,263.0,1355.0,2704.0,715.0,False,False
2610,2022-10-27 09:35:16.163188,-0.005847953216374324,0.0,-0.10000000000000142,0.0,17.05,17.1,17.0,17.05,261.0,1355.0,2704.0,715.0,False,False
2610,2022-10-27 09:35:16.266655,-0.005847953216374324,0.0,-0.10000000000000142,0.0,17.05,17.1,17.0,17.05,261.0,1307.0,2704.0,715.0,False,False
2610,2022-10-27 09:35:16.349455,-0.005847953216374324,0.0,-0.10000000000000142,0.0,17.05,17.1,17.0,17.05,261.0,1307.0,2704.0,715.0,False,False
2610,2022-10-27 09:35:16.830158,-0.005847953216374324,0.0,-0.10000000000000142,0.0,17.05,17.1,17.0,17.05,261.0,1307.0,2704.0,715.0,False,False
2610,2022-10-27 09:35:17.037607,-0.005847953216374324,0.0,-0.10000000000000142,0.0,17.05,17.1,17.0,17.05,261.0,1307.0,2704.0,715.0,False,False
2610,2022-10-27 09:35:18.072259,-0.005847953216374324,0.0,-0.10000000000000142,0.0,17.05,17.1,17.0,17.05,261.0,1307.0,2704.0,715.0,False,False
2610,2022-10-27 09:35:18.077803,-0.005847953216374324,0.0,-0.10000000000000142,0.0,17.05,17.1,17.0,17.05,267.0,1307.0,2704.0,715.0,False,False
2610,2022-10-27 09:35:18.865031,-0.005847953216374324,0.0,-0.10000000000000142,0.0,17.05,17.1,17.0,17.05,267.0,1307.0,2704.0,715.0,False,False
2610,2022-10-27 09:35:19.291847,-0.005847953216374324,0.0,-0.10000000000000142,0.0,17.05,17.1,17.0,17.05,267.0,1307.0,2704.0,715.0,False,False
2610,2022-10-27 09:35:19.300688,-0.005847953216374324,0.0,-0.10000000000000142,0.0,17.05,17.1,17.0,17.05,267.0,1307.0,2704.0,715.0,False,False
2610,2022-10-27 09:35:19.394210,-0.005847953216374324,0.0,-0.10000000000000142,0.0,17.05,17.1,17.0,17.05,272.0,1307.0,2704.0,715.0,False,False
2610,2022-10-27 09:35:19.683766,-0.005847953216374324,0.0,-0.10000000000000142,0.0,17.05,17.1,17.0,17.05,271.0,1307.0,2704.0,715.0,False,False
2610,2022-10-27 09:35:19.810745,-0.005847953216374324,0.0,-0.10000000000000142,0.0,17.05,17.1,17.0,17.05,271.0,1307.0,2704.0,715.0,False,False
2610,2022-10-27 09:35:20.099485,-0.005847953216374324,0.0,-0.10000000000000142,0.0,17.05,17.1,17.0,17.05,271.0,1307.0,2804.0,715.0,True,True
2610,2022-10-27 09:35:20.588989,-0.005847953216374324,0.0,-0.10000000000000142,0.0,17.05,17.1,17.0,17.05,271.0,1307.0,2804.0,715.0,False,False
2610,2022-10-27 09:35:20.622288,-0.005847953216374324,0.0,-0.10000000000000142,0.0,17.05,17.1,17.0,17.05,279.0,1307.0,2804.0,715.0,False,False
2610,2022-10-27 09:35:21.139156,-0.005847953216374324,0.0,-0.10000000000000142,0.0,17.05,17.1,17.0,17.05,279.0,1306.0,2804.0,715.0,False,False
2610,2022-10-27 09:35:21.601247,-0.005847953216374324,0.0,-0.10000000000000142,0.0,17.05,17.1,17.0,17.05,279.0,1306.0,2804.0,715.0,False,False
2610,2022-10-27 09:35:21.718590,-0.005847953216374324,0.0,-0.10000000000000142,0.0,17.05,17.1,17.0,17.05,275.0,1306.0,2804.0,715.0,False,False
2610,2022-10-27 09:35:21.764740,-0.005847953216374324,0.0,-0.10000000000000142,0.0,17.05,17.1,17.0,17.05,277.0,1306.0,2804.0,715.0,False,False
2610,2022-10-27 09:35:21.951769,-0.005847953216374324,0.0,-0.10000000000000142,0.0,17.05,17.1,17.0,17.05,277.0,1306.0,2804.0,715.0,False,False
2610,2022-10-27 09:35:22.058429,-0.005847953216374324,0.0,-0.10000000000000142,0.0,17.05,17.1,17.0,17.05,275.0,1306.0,2804.0,715.0,False,False
2610,2022-10-27 09:35:22.138606,-0.005847953216374324,0.0,-0.10000000000000142,0.0,17.05,17.1,17.0,17.05,275.0,1306.0,2804.0,715.0,False,False
2610,2022-10-27 09:35:22.339449,-0.005847953216374324,0.0,-0.10000000000000142,0.0,17.05,17.1,17.0,17.05,275.0,1306.0,2804.0,715.0,False,False
2610,2022-10-27 09:35:22.832252,-0.005847953216374324,0.0,-0.10000000000000142,0.0,17.05,17.1,17.0,17.05,275.0,1306.0,2804.0,715.0,False,False
2610,2022-10-27 09:35:26.614098,-0.005847953216374324,0.0,-0.10000000000000142,0.0,17.05,17.1,17.0,17.05,267.0,1306.0,2804.0,715.0,False,False
2610,2022-10-27 09:35:27.753939,-0.005847953216374324,0.0,-0.10000000000000142,0.0,17.05,17.1,17.0,17.05,267.0,1306.0,2804.0,715.0,False,False
2610,2022-10-27 09:35:27.795131,-0.005847953216374324,0.0,-0.10000000000000142,0.0,17.05,17.1,17.0,17.05,267.0,1308.0,2804.0,715.0,False,False
2610,2022-10-27 09:35:28.465718,-0.005847953216374324,0.0,-0.10000000000000142,0.0,17.05,17.1,17.0,17.05,267.0,1308.0,2804.0,715.0,False,False
2610,2022-10-27 09:35:29.112062,-0.005847953216374324,0.0,-0.10000000000000142,0.0,17.05,17.1,17.0,17.05,267.0,1308.0,2804.0,715.0,False,False
2610,2022-10-27 09:35:30.055189,-0.005847953216374324,0.0,-0.10000000000000142,0.0,17.05,17.1,17.0,17.05,267.0,1308.0,2804.0,715.0,False,False
2610,2022-10-27 09:35:30.115661,-0.005847953216374324,0.0,-0.10000000000000142,0.0,17.05,17.1,17.0,17.05,267.0,1308.0,2804.0,715.0,True,True
2610,2022-10-27 09:35:30.788929,-0.005847953216374324,0.0,-0.10000000000000142,0.0,17.05,17.1,17.0,17.05,267.0,1308.0,2804.0,715.0,False,False
2610,2022-10-27 09:35:31.230161,-0.005847953216374324,0.0,-0.10000000000000142,0.0,17.05,17.1,17.0,17.05,267.0,1308.0,2804.0,715.0,False,False
2610,2022-10-27 09:35:31.612709,-0.005847953216374324,0.0,-0.10000000000000142,0.0,17.05,17.1,17.0,17.05,267.0,1308.0,2804.0,715.0,False,False
2610,2022-10-27 09:35:32.299970,-0.005847953216374324,0.0,-0.10000000000000142,0.0,17.05,17.1,17.0,17.05,267.0,1308.0,2804.0,715.0,False,False
2610,2022-10-27 09:35:32.330329,-0.005847953216374324,0.0,-0.10000000000000142,0.0,17.05,17.1,17.0,17.05,267.0,1308.0,2804.0,715.0,False,False
2610,2022-10-27 09:35:32.642001,-0.005847953216374324,0.0,-0.10000000000000142,0.0,17.05,17.1,17.0,17.05,275.0,1308.0,2804.0,715.0,False,False
2610,2022-10-27 09:35:33.276983,-0.005847953216374324,0.0,-0.10000000000000142,0.0,17.05,17.1,17.0,17.05,276.0,1308.0,2804.0,715.0,False,False
2610,2022-10-27 09:35:33.580575,-0.005847953216374324,0.0,-0.10000000000000142,0.0,17.05,17.1,17.0,17.05,268.0,1308.0,2804.0,715.0,False,False
2610,2022-10-27 09:35:34.003708,-0.005847953216374324,0.0,-0.10000000000000142,0.0,17.05,17.1,17.0,17.05,268.0,1308.0,2804.0,715.0,False,False
2610,2022-10-27 09:35:34.190634,-0.005847953216374324,0.0,-0.10000000000000142,0.0,17.05,17.1,17.0,17.05,268.0,1310.0,2804.0,715.0,False,False
2610,2022-10-27 09:35:34.726163,-0.005847953216374324,0.0,-0.10000000000000142,0.0,17.05,17.1,17.0,17.05,268.0,1310.0,2804.0,715.0,False,False
2610,2022-10-27 09:35:35.638931,-0.005847953216374324,0.0,-0.10000000000000142,0.0,17.05,17.1,17.0,17.05,268.0,1310.0,2804.0,715.0,False,False
2610,2022-10-27 09:35:35.665919,-0.005847953216374324,0.0,-0.10000000000000142,0.0,17.05,17.1,17.0,17.05,265.0,1310.0,2804.0,715.0,False,False
2610,2022-10-27 09:35:36.132158,-0.005847953216374324,0.0,-0.10000000000000142,0.0,17.05,17.1,17.0,17.05,265.0,1310.0,2804.0,715.0,False,False
2610,2022-10-27 09:35:36.597920,-0.005847953216374324,0.0,-0.10000000000000142,0.0,17.05,17.1,17.0,17.05,273.0,1310.0,2804.0,715.0,False,False
2610,2022-10-27 09:35:36.623703,-0.005847953216374324,0.0,-0.10000000000000142,0.0,17.05,17.1,17.0,17.05,276.0,1310.0,2804.0,715.0,False,False
2610,2022-10-27 09:35:37.534329,-0.005847953216374324,0.0,-0.10000000000000142,0.0,17.05,17.1,17.0,17.05,277.0,1310.0,2804.0,715.0,False,False
2610,2022-10-27 09:35:37.663688,-0.005847953216374324,0.0,-0.10000000000000142,0.0,17.05,17.1,17.0,17.05,277.0,1310.0,2804.0,715.0,False,False
2610,2022-10-27 09:35:39.009906,-0.005847953216374324,0.0,-0.10000000000000142,0.0,17.05,17.1,17.0,17.05,277.0,1310.0,2804.0,715.0,False,False
2610,2022-10-27 09:35:40.680841,-0.005847953216374324,0.0,-0.10000000000000142,0.0,17.05,17.1,17.0,17.05,277.0,1310.0,2804.0,715.0,False,False
2610,2022-10-27 09:35:42.975712,-0.005847953216374324,0.0,-0.10000000000000142,0.0,17.05,17.1,17.0,17.05,276.0,1309.0,2804.0,715.0,False,False
2610,2022-10-27 09:35:42.992523,-0.005847953216374324,0.0,-0.10000000000000142,0.0,17.05,17.1,17.0,17.05,276.0,1309.0,2804.0,715.0,False,False
2610,2022-10-27 09:35:43.031221,-0.005847953216374324,0.0,-0.10000000000000142,0.0,17.05,17.1,17.0,17.05,220.0,1309.0,2804.0,715.0,False,False
2610,2022-10-27 09:35:43.182028,-0.005847953216374324,0.0,-0.10000000000000142,0.0,17.05,17.1,17.0,17.05,220.0,1308.0,2804.0,715.0,False,False
2610,2022-10-27 09:35:43.851828,-0.005847953216374324,0.0,-0.10000000000000142,0.0,17.05,17.1,17.0,17.05,220.0,1308.0,2804.0,715.0,False,False
2610,2022-10-27 09:35:45.800093,-0.005847953216374324,0.0,-0.10000000000000142,0.0,17.05,17.1,17.0,17.05,221.0,1308.0,2804.0,715.0,False,False
2610,2022-10-27 09:35:46.242132,-0.005847953216374324,0.0,-0.10000000000000142,0.0,17.05,17.1,17.0,17.05,221.0,1308.0,2804.0,715.0,False,False
2610,2022-10-27 09:35:46.556747,-0.005847953216374324,0.0,-0.10000000000000142,0.0,17.05,17.1,17.0,17.05,213.0,1308.0,2804.0,715.0,False,False
2610,2022-10-27 09:35:47.519084,-0.005847953216374324,0.0,-0.10000000000000142,0.0,17.05,17.1,17.0,17.05,203.0,1308.0,2804.0,715.0,False,False
2610,2022-10-27 09:35:47.599793,-0.005847953216374324,0.0,-0.10000000000000142,0.0,17.05,17.1,17.0,17.05,211.0,1308.0,2804.0,715.0,False,False
2610,2022-10-27 09:35:50.165722,-0.005847953216374324,0.0,-0.10000000000000142,0.0,17.05,17.1,17.0,17.05,211.0,1308.0,2804.0,715.0,True,True
2610,2022-10-27 09:35:50.457727,-0.005847953216374324,0.0,-0.10000000000000142,0.0,17.05,17.1,17.0,17.05,211.0,1298.0,2804.0,715.0,False,False
2610,2022-10-27 09:35:50.497589,-0.005847953216374324,0.0,-0.10000000000000142,0.0,17.05,17.1,17.0,17.05,211.0,1298.0,2804.0,715.0,False,False
2610,2022-10-27 09:35:50.505967,-0.005847953216374324,0.0,-0.10000000000000142,0.0,17.05,17.1,17.0,17.05,211.0,1298.0,2804.0,715.0,False,False
2610,2022-10-27 09:35:50.805717,-0.005847953216374324,0.0,-0.10000000000000142,0.0,17.05,17.1,17.0,17.05,216.0,1298.0,2804.0,715.0,False,False
2610,2022-10-27 09:35:51.958338,-0.005847953216374324,0.0,-0.10000000000000142,0.0,17.05,17.1,17.0,17.05,216.0,1298.0,2804.0,715.0,False,False
2610,2022-10-27 09:35:52.897181,-0.005847953216374324,0.0,-0.10000000000000142,0.0,17.05,17.1,17.0,17.05,216.0,1297.0,2804.0,715.0,False,False
2610,2022-10-27 09:35:54.594935,-0.005847953216374324,0.0,-0.10000000000000142,0.0,17.05,17.1,17.0,17.05,216.0,1297.0,2804.0,715.0,False,False
2610,2022-10-27 09:35:55.086441,-0.005847953216374324,0.0,-0.10000000000000142,0.0,17.05,17.1,17.0,17.05,221.0,1297.0,2804.0,715.0,False,False
2610,2022-10-27 09:35:55.920519,-0.005847953216374324,0.0,-0.10000000000000142,0.0,17.05,17.1,17.0,17.05,221.0,1297.0,2804.0,715.0,False,False
2610,2022-10-27 09:35:56.948489,-0.005847953216374324,0.0,-0.10000000000000142,0.0,17.05,17.1,17.0,17.05,221.0,1298.0,2804.0,715.0,False,False
2610,2022-10-27 09:35:57.033124,-0.005847953216374324,0.0,-0.10000000000000142,0.0,17.05,17.1,17.0,17.05,221.0,1298.0,2804.0,715.0,False,False
2610,2022-10-27 09:35:57.775223,-0.005847953216374324,0.0,-0.10000000000000142,0.0,17.05,17.1,17.0,17.05,226.0,1298.0,2804.0,715.0,False,False
2610,2022-10-27 09:35:58.203627,-0.005847953216374324,0.0,-0.10000000000000142,0.0,17.05,17.1,17.0,17.05,226.0,1298.0,2804.0,715.0,False,False
2610,2022-10-27 09:35:58.606706,-0.005847953216374324,0.0,-0.10000000000000142,0.0,17.05,17.1,17.0,17.05,226.0,1299.0,2804.0,715.0,False,False
2610,2022-10-27 09:35:58.972896,-0.005847953216374324,0.0,-0.10000000000000142,0.0,17.05,17.1,17.0,17.05,226.0,1299.0,2804.0,715.0,False,False
2610,2022-10-27 09:35:59.366268,-0.005847953216374324,0.0,-0.10000000000000142,0.0,17.05,17.1,17.0,17.05,226.0,1300.0,2804.0,715.0,False,False
2610,2022-10-27 09:36:01.339411,-0.005847953216374324,0.0,-0.10000000000000142,0.0,17.05,17.1,17.0,17.05,221.0,1300.0,2804.0,715.0,False,False
2610,2022-10-27 09:36:01.354960,-0.005847953216374324,0.0,-0.10000000000000142,0.0,17.05,17.1,17.0,17.05,216.0,1300.0,2804.0,715.0,False,False
2610,2022-10-27 09:36:01.359120,-0.005847953216374324,0.0,-0.10000000000000142,0.0,17.05,17.1,17.0,17.05,211.0,1300.0,2804.0,715.0,False,False
2610,2022-10-27 09:36:01.361534,-0.005847953216374324,0.0,-0.10000000000000142,0.0,17.05,17.1,17.0,17.05,206.0,1300.0,2804.0,715.0,False,False
2610,2022-10-27 09:36:01.367680,-0.005847953216374324,0.0,-0.10000000000000142,0.0,17.05,17.1,17.0,17.05,203.0,1300.0,2804.0,715.0,False,False
2610,2022-10-27 09:36:01.387923,-0.005847953216374324,0.0,-0.10000000000000142,0.0,17.05,17.1,17.0,17.05,202.0,1300.0,2804.0,715.0,False,False
2610,2022-10-27 09:36:01.994608,-0.005847953216374324,0.0,-0.10000000000000142,0.0,17.05,17.1,17.0,17.05,202.0,1300.0,2804.0,715.0,False,False
2610,2022-10-27 09:36:02.632068,-0.005847953216374324,0.0,-0.10000000000000142,0.0,17.05,17.1,17.0,17.05,202.0,1301.0,2804.0,715.0,False,False
2610,2022-10-27 09:36:02.829761,-0.005847953216374324,0.0,-0.10000000000000142,0.0,17.05,17.1,17.0,17.05,202.0,1301.0,2804.0,715.0,False,False
2610,2022-10-27 09:36:02.884178,-0.005847953216374324,0.0,-0.10000000000000142,0.0,17.05,17.1,17.0,17.05,202.0,1296.0,2804.0,715.0,False,False
2610,2022-10-27 09:36:02.942622,-0.005847953216374324,0.0,-0.10000000000000142,0.0,17.05,17.1,17.0,17.05,202.0,1296.0,2804.0,715.0,False,False
2610,2022-10-27 09:36:04.281414,-0.005847953216374324,0.0,-0.10000000000000142,0.0,17.05,17.1,17.0,17.05,202.0,1291.0,2804.0,715.0,False,False
2610,2022-10-27 09:36:04.549454,-0.005847953216374324,0.0,-0.10000000000000142,0.0,17.05,17.1,17.0,17.05,194.0,1291.0,2804.0,715.0,False,False
2610,2022-10-27 09:36:04.790165,-0.005847953216374324,0.0,-0.10000000000000142,0.0,17.05,17.1,17.0,17.05,194.0,1291.0,2804.0,715.0,False,False
2610,2022-10-27 09:36:05.030456,-0.005847953216374324,0.0,-0.10000000000000142,0.0,17.05,17.1,17.0,17.05,194.0,1291.0,2804.0,715.0,False,False
2610,2022-10-27 09:36:05.099109,-0.005847953216374324,0.0,-0.10000000000000142,0.0,17.05,17.1,17.0,17.05,194.0,1292.0,2804.0,715.0,False,False
2610,2022-10-27 09:36:05.232618,-0.005847953216374324,0.0,-0.10000000000000142,0.0,17.05,17.1,17.0,17.05,193.0,1292.0,2804.0,715.0,False,False
2610,2022-10-27 09:36:05.410166,-0.005847953216374324,0.0,-0.10000000000000142,0.0,17.05,17.1,17.0,17.05,193.0,1292.0,2804.0,715.0,False,False
2610,2022-10-27 09:36:06.047219,-0.005847953216374324,0.0,-0.10000000000000142,0.0,17.05,17.1,17.0,17.05,293.0,1292.0,2804.0,715.0,False,False
2610,2022-10-27 09:36:06.077853,-0.005847953216374324,0.0,-0.10000000000000142,0.0,17.05,17.1,17.0,17.05,294.0,1292.0,2804.0,715.0,False,False
2610,2022-10-27 09:36:06.426964,-0.005847953216374324,0.0,-0.10000000000000142,0.0,17.05,17.1,17.0,17.05,294.0,1291.0,2804.0,715.0,False,False
2610,2022-10-27 09:36:06.451977,-0.005847953216374324,0.0,-0.10000000000000142,0.0,17.05,17.1,17.0,17.05,297.0,1291.0,2804.0,715.0,False,False
2610,2022-10-27 09:36:06.615646,-0.005847953216374324,0.0,-0.10000000000000142,0.0,17.05,17.1,17.0,17.05,297.0,1292.0,2804.0,715.0,False,False
2610,2022-10-27 09:36:06.631630,-0.005847953216374324,0.0,-0.10000000000000142,0.0,17.05,17.1,17.0,17.05,294.0,1292.0,2804.0,715.0,False,False
2610,2022-10-27 09:36:07.683618,-0.005847953216374324,0.0,-0.10000000000000142,0.0,17.05,17.1,17.0,17.05,302.0,1292.0,2804.0,715.0,False,False
2610,2022-10-27 09:36:08.692200,-0.005847953216374324,0.0,-0.10000000000000142,0.0,17.05,17.1,17.0,17.05,302.0,1292.0,2804.0,715.0,False,False
2610,2022-10-27 09:36:09.215862,-0.005847953216374324,0.0,-0.10000000000000142,0.0,17.05,17.1,17.0,17.05,302.0,1292.0,2804.0,715.0,False,False
2610,2022-10-27 09:36:10.224180,-0.005847953216374324,0.0,-0.10000000000000142,0.0,17.05,17.1,17.0,17.05,302.0,1292.0,2803.0,797.0,True,True
2610,2022-10-27 09:36:11.538715,-0.005847953216374324,0.0,-0.10000000000000142,0.0,17.05,17.1,17.0,17.05,294.0,1292.0,2803.0,797.0,False,False
2610,2022-10-27 09:36:12.981097,-0.005847953216374324,0.0,-0.10000000000000142,0.0,17.05,17.1,17.0,17.05,294.0,1294.0,2803.0,797.0,False,False
2610,2022-10-27 09:36:13.173908,-0.005847953216374324,0.0,-0.10000000000000142,0.0,17.05,17.1,17.0,17.05,294.0,1301.0,2803.0,797.0,False,False
2610,2022-10-27 09:36:13.365802,-0.005847953216374324,0.0,-0.10000000000000142,0.0,17.05,17.1,17.0,17.05,293.0,1301.0,2803.0,797.0,False,False
2610,2022-10-27 09:36:15.687098,-0.005847953216374324,0.0,-0.10000000000000142,0.0,17.05,17.1,17.0,17.05,293.0,1301.0,2803.0,797.0,False,False
2610,2022-10-27 09:36:17.037855,-0.005847953216374324,0.0,-0.10000000000000142,0.0,17.05,17.1,17.0,17.05,293.0,1301.0,2803.0,797.0,False,False
2610,2022-10-27 09:36:18.287806,-0.005847953216374324,0.0,-0.10000000000000142,0.0,17.05,17.1,17.0,17.05,293.0,1301.0,2803.0,797.0,False,False
2610,2022-10-27 09:36:20.129002,-0.005847953216374324,0.0,-0.10000000000000142,0.0,17.05,17.1,17.0,17.05,293.0,1299.0,2803.0,797.0,False,False
2610,2022-10-27 09:36:20.254872,-0.005847953216374324,0.0,-0.10000000000000142,0.0,17.05,17.1,17.0,17.05,293.0,1299.0,2853.0,797.0,True,True
2610,2022-10-27 09:36:20.610727,-0.005847953216374324,0.0,-0.10000000000000142,0.0,17.05,17.1,17.0,17.05,293.0,1299.0,2853.0,797.0,False,False
2610,2022-10-27 09:36:20.617966,-0.005847953216374324,0.0,-0.10000000000000142,0.0,17.05,17.1,17.0,17.05,293.0,1299.0,2853.0,797.0,False,False
2610,2022-10-27 09:36:23.143155,-0.005847953216374324,0.0,-0.10000000000000142,0.0,17.05,17.1,17.0,17.05,294.0,1299.0,2853.0,797.0,False,False
2610,2022-10-27 09:36:23.790158,-0.005847953216374324,0.0,-0.10000000000000142,0.0,17.05,17.1,17.0,17.05,294.0,1299.0,2853.0,797.0,False,False
2610,2022-10-27 09:36:24.703763,-0.005847953216374324,0.0,-0.10000000000000142,0.0,17.05,17.1,17.0,17.05,294.0,1298.0,2853.0,797.0,False,False
2610,2022-10-27 09:36:24.715918,-0.005847953216374324,0.0,-0.10000000000000142,0.0,17.05,17.1,17.0,17.05,296.0,1298.0,2853.0,797.0,False,False
2610,2022-10-27 09:36:25.019818,-0.005847953216374324,0.0,-0.10000000000000142,0.0,17.05,17.1,17.0,17.05,291.0,1298.0,2853.0,797.0,False,False
2610,2022-10-27 09:36:25.279893,-0.005847953216374324,0.0,-0.10000000000000142,0.0,17.05,17.1,17.0,17.05,291.0,1299.0,2853.0,797.0,False,False
2610,2022-10-27 09:36:26.958212,-0.005847953216374324,0.0,-0.10000000000000142,0.0,17.05,17.1,17.0,17.05,291.0,1299.0,2853.0,797.0,False,False
2610,2022-10-27 09:36:27.227634,-0.005847953216374324,0.0,-0.10000000000000142,0.0,17.05,17.1,17.0,17.05,291.0,1298.0,2853.0,797.0,False,False
2610,2022-10-27 09:36:28.218839,-0.005847953216374324,0.0,-0.10000000000000142,0.0,17.05,17.1,17.0,17.05,292.0,1298.0,2853.0,797.0,False,False
2610,2022-10-27 09:36:28.629114,-0.005847953216374324,0.0,-0.10000000000000142,0.0,17.05,17.1,17.0,17.05,292.0,1299.0,2853.0,797.0,False,False
2610,2022-10-27 09:36:29.391622,-0.005847953216374324,0.0,-0.10000000000000142,0.0,17.05,17.1,17.0,17.05,292.0,1300.0,2853.0,797.0,False,False
2610,2022-10-27 09:36:29.913069,-0.005847953216374324,0.0,-0.10000000000000142,0.0,17.05,17.1,17.0,17.05,293.0,1300.0,2853.0,797.0,False,False
2610,2022-10-27 09:36:30.413233,-0.005847953216374324,0.0,-0.10000000000000142,0.0,17.05,17.1,17.0,17.05,293.0,1310.0,2853.0,797.0,False,False
2610,2022-10-27 09:36:30.568794,-0.005847953216374324,0.0,-0.10000000000000142,0.0,17.05,17.1,17.0,17.05,302.0,1310.0,2853.0,797.0,False,False
2610,2022-10-27 09:36:30.972740,-0.005847953216374324,0.0,-0.10000000000000142,0.0,17.05,17.1,17.0,17.05,302.0,1310.0,2853.0,797.0,False,False
2610,2022-10-27 09:36:31.085565,-0.005847953216374324,0.0,-0.10000000000000142,0.0,17.05,17.1,17.0,17.05,302.0,1310.0,2853.0,797.0,False,False
2610,2022-10-27 09:36:31.087173,-0.005847953216374324,0.0,-0.10000000000000142,0.0,17.05,17.1,17.0,17.05,302.0,1305.0,2853.0,797.0,False,False
2610,2022-10-27 09:36:32.466062,-0.005847953216374324,0.0,-0.10000000000000142,0.0,17.05,17.1,17.0,17.05,301.0,1305.0,2853.0,797.0,False,False
2610,2022-10-27 09:36:32.774114,-0.005847953216374324,0.0,-0.10000000000000142,0.0,17.05,17.1,17.0,17.05,301.0,1307.0,2853.0,797.0,False,False
2610,2022-10-27 09:36:33.121046,-0.005847953216374324,0.0,-0.10000000000000142,0.0,17.05,17.1,17.0,17.05,301.0,1307.0,2853.0,797.0,False,False
2610,2022-10-27 09:36:33.132174,-0.005847953216374324,0.0,-0.10000000000000142,0.0,17.05,17.1,17.0,17.05,301.0,1307.0,2853.0,797.0,False,False
2610,2022-10-27 09:36:34.219641,-0.005847953216374324,0.0,-0.10000000000000142,0.0,17.05,17.1,17.0,17.05,301.0,1307.0,2853.0,797.0,False,False
2610,2022-10-27 09:36:37.051399,-0.005847953216374324,0.0,-0.10000000000000142,0.0,17.05,17.1,17.0,17.05,301.0,1307.0,2853.0,797.0,False,False
2610,2022-10-27 09:36:37.587078,-0.005847953216374324,0.0,-0.10000000000000142,0.0,17.05,17.1,17.0,17.05,301.0,1306.0,2853.0,797.0,False,False
2610,2022-10-27 09:36:38.611695,-0.005847953216374324,0.0,-0.10000000000000142,0.0,17.05,17.1,17.0,17.05,301.0,1305.0,2853.0,797.0,False,False
2610,2022-10-27 09:36:38.939793,-0.005847953216374324,0.0,-0.10000000000000142,0.0,17.05,17.1,17.0,17.05,301.0,1305.0,2853.0,797.0,False,False
2610,2022-10-27 09:36:39.875735,-0.005847953216374324,0.0,-0.10000000000000142,0.0,17.05,17.1,17.0,17.05,301.0,1305.0,2853.0,797.0,False,False
2610,2022-10-27 09:36:40.710570,-0.005847953216374324,0.0,-0.10000000000000142,0.0,17.05,17.1,17.0,17.05,329.0,1305.0,2853.0,797.0,False,False
2610,2022-10-27 09:36:42.970386,-0.005847953216374324,0.0,-0.10000000000000142,0.0,17.05,17.1,17.0,17.05,324.0,1305.0,2853.0,797.0,False,False
2610,2022-10-27 09:36:43.622347,-0.005847953216374324,0.0,-0.10000000000000142,0.0,17.05,17.1,17.0,17.05,324.0,1315.0,2853.0,797.0,False,False
2610,2022-10-27 09:36:44.001050,-0.005847953216374324,0.0,-0.10000000000000142,0.0,17.05,17.1,17.0,17.05,324.0,1315.0,2853.0,797.0,False,False
2610,2022-10-27 09:36:44.302284,-0.005847953216374324,0.0,-0.10000000000000142,0.0,17.05,17.1,17.0,17.05,324.0,1315.0,2853.0,797.0,False,False
2610,2022-10-27 09:36:45.995055,-0.005847953216374324,0.0,-0.10000000000000142,0.0,17.05,17.1,17.0,17.05,324.0,1285.0,2853.0,797.0,False,False
2610,2022-10-27 09:36:46.027016,-0.005847953216374324,0.0,-0.10000000000000142,0.0,17.05,17.1,17.0,17.05,327.0,1285.0,2853.0,797.0,False,False
2610,2022-10-27 09:36:46.711812,-0.005847953216374324,0.0,-0.10000000000000142,0.0,17.05,17.1,17.0,17.05,327.0,1285.0,2853.0,797.0,False,False
2610,2022-10-27 09:36:46.999562,-0.005847953216374324,0.0,-0.10000000000000142,0.0,17.05,17.1,17.0,17.05,327.0,1285.0,2853.0,797.0,False,False
2610,2022-10-27 09:36:47.022732,-0.005847953216374324,0.0,-0.10000000000000142,0.0,17.05,17.1,17.0,17.05,324.0,1285.0,2853.0,797.0,False,False
2610,2022-10-27 09:36:49.939053,-0.005847953216374324,0.0,-0.10000000000000142,0.0,17.05,17.1,17.0,17.05,324.0,1285.0,2853.0,797.0,False,False
2610,2022-10-27 09:36:50.176754,-0.005847953216374324,0.0,-0.10000000000000142,0.0,17.05,17.1,17.0,17.05,344.0,1285.0,2853.0,797.0,False,False
2610,2022-10-27 09:36:50.921084,-0.005847953216374324,0.0,-0.10000000000000142,0.0,17.05,17.1,17.0,17.05,344.0,1285.0,2853.0,797.0,False,False
2610,2022-10-27 09:36:51.150422,-0.005847953216374324,0.0,-0.10000000000000142,0.0,17.05,17.1,17.0,17.05,344.0,1295.0,2853.0,797.0,False,False
2610,2022-10-27 09:36:51.854963,-0.005847953216374324,0.0,-0.10000000000000142,0.0,17.05,17.1,17.0,17.05,344.0,1295.0,2853.0,797.0,False,False
2610,2022-10-27 09:36:54.949017,-0.005847953216374324,0.0,-0.10000000000000142,0.0,17.05,17.1,17.0,17.05,344.0,1245.0,2853.0,797.0,False,False
2610,2022-10-27 09:36:54.986191,-0.005847953216374324,0.0,-0.10000000000000142,0.0,17.05,17.1,17.0,17.05,347.0,1245.0,2853.0,797.0,False,False
2610,2022-10-27 09:36:54.998792,-0.005847953216374324,0.0,-0.10000000000000142,0.0,17.05,17.1,17.0,17.05,347.0,1245.0,2853.0,797.0,False,False
2610,2022-10-27 09:36:55.610590,-0.005847953216374324,0.0,-0.10000000000000142,0.0,17.05,17.1,17.0,17.05,347.0,1243.0,2853.0,797.0,False,False
2610,2022-10-27 09:36:57.419053,-0.005847953216374324,0.0,-0.10000000000000142,0.0,17.05,17.1,17.0,17.05,347.0,1243.0,2853.0,797.0,False,False
2610,2022-10-27 09:36:57.483728,-0.005847953216374324,0.0,-0.10000000000000142,0.0,17.05,17.1,17.0,17.05,344.0,1243.0,2853.0,797.0,False,False
2610,2022-10-27 09:36:57.626887,-0.005847953216374324,0.0,-0.10000000000000142,0.0,17.05,17.1,17.0,17.05,348.0,1243.0,2853.0,797.0,False,False
2610,2022-10-27 09:36:57.841487,-0.005847953216374324,0.0,-0.10000000000000142,0.0,17.05,17.1,17.0,17.05,348.0,1243.0,2853.0,797.0,False,False
2610,2022-10-27 09:36:58.838740,-0.005847953216374324,0.0,-0.10000000000000142,0.0,17.05,17.1,17.0,17.05,348.0,1243.0,2853.0,797.0,False,False
2610,2022-10-27 09:36:59.682558,-0.005847953216374324,0.0,-0.10000000000000142,0.0,17.05,17.1,17.0,17.05,358.0,1243.0,2853.0,797.0,False,False
2610,2022-10-27 09:36:59.785797,-0.005847953216374324,0.0,-0.10000000000000142,0.0,17.05,17.1,17.0,17.05,361.0,1243.0,2853.0,797.0,False,False
2610,2022-10-27 09:36:59.813436,-0.005847953216374324,0.0,-0.10000000000000142,0.0,17.05,17.1,17.0,17.05,364.0,1243.0,2853.0,797.0,False,False
2610,2022-10-27 09:36:59.923667,-0.005847953216374324,0.0,-0.10000000000000142,0.0,17.05,17.1,17.0,17.05,364.0,1243.0,2853.0,797.0,False,False
2610,2022-10-27 09:37:00.383018,-0.005847953216374324,0.0,-0.10000000000000142,0.0,17.05,17.1,17.0,17.05,364.0,1243.0,3003.0,797.0,True,True
2610,2022-10-27 09:37:00.843892,-0.005847953216374324,0.0,-0.10000000000000142,0.0,17.05,17.1,17.0,17.05,364.0,1243.0,3003.0,797.0,False,False
2610,2022-10-27 09:37:01.182351,-0.005847953216374324,0.0,-0.10000000000000142,0.0,17.05,17.1,17.0,17.05,364.0,1243.0,3003.0,797.0,False,False
2610,2022-10-27 09:37:01.217719,-0.005847953216374324,0.0,-0.10000000000000142,0.0,17.05,17.1,17.0,17.05,364.0,1243.0,3003.0,797.0,False,False
2610,2022-10-27 09:37:01.324303,-0.005847953216374324,0.0,-0.10000000000000142,0.0,17.05,17.1,17.0,17.05,364.0,1243.0,3003.0,797.0,False,False
2610,2022-10-27 09:37:03.458943,-0.005847953216374324,0.0,-0.10000000000000142,0.0,17.05,17.1,17.0,17.05,364.0,1243.0,3003.0,797.0,False,False
2610,2022-10-27 09:37:03.675602,-0.005847953216374324,0.0,-0.10000000000000142,0.0,17.05,17.1,17.0,17.05,364.0,1244.0,3003.0,797.0,False,False
2610,2022-10-27 09:37:04.500025,-0.005847953216374324,0.0,-0.10000000000000142,0.0,17.05,17.1,17.0,17.05,364.0,1262.0,3003.0,797.0,False,False
2610,2022-10-27 09:37:04.911435,-0.005847953216374324,0.0,-0.10000000000000142,0.0,17.05,17.1,17.0,17.05,363.0,1262.0,3003.0,797.0,False,False
2610,2022-10-27 09:37:05.234492,-0.005847953216374324,0.0,-0.10000000000000142,0.0,17.05,17.1,17.0,17.05,363.0,1265.0,3003.0,797.0,False,False
2610,2022-10-27 09:37:05.272767,-0.005847953216374324,0.0,-0.10000000000000142,0.0,17.05,17.1,17.0,17.05,360.0,1265.0,3003.0,797.0,False,False
2610,2022-10-27 09:37:05.294276,-0.005847953216374324,0.0,-0.10000000000000142,0.0,17.05,17.1,17.0,17.05,360.0,1265.0,3003.0,797.0,False,False
2610,2022-10-27 09:37:05.416302,-0.005847953216374324,0.0,-0.10000000000000142,0.0,17.05,17.1,17.0,17.05,360.0,1265.0,3003.0,797.0,False,False
2610,2022-10-27 09:37:06.234486,-0.005847953216374324,0.0,-0.10000000000000142,0.0,17.05,17.1,17.0,17.05,360.0,1265.0,3003.0,797.0,False,False
2610,2022-10-27 09:37:06.478682,-0.005847953216374324,0.0,-0.10000000000000142,0.0,17.05,17.1,17.0,17.05,360.0,1274.0,3003.0,797.0,False,False
2610,2022-10-27 09:37:06.547859,-0.005847953216374324,0.0,-0.10000000000000142,0.0,17.05,17.1,17.0,17.05,360.0,1274.0,3003.0,797.0,False,False
2610,2022-10-27 09:37:07.168780,-0.005847953216374324,0.0,-0.10000000000000142,0.0,17.05,17.1,17.0,17.05,361.0,1274.0,3003.0,797.0,False,False
2610,2022-10-27 09:37:08.276230,-0.005847953216374324,0.0,-0.10000000000000142,0.0,17.05,17.1,17.0,17.05,360.0,1274.0,3003.0,797.0,False,False
2610,2022-10-27 09:37:09.305515,-0.005847953216374324,0.0,-0.10000000000000142,0.0,17.05,17.1,17.0,17.05,360.0,1274.0,3003.0,797.0,False,False
2610,2022-10-27 09:37:09.611819,-0.005847953216374324,0.0,-0.10000000000000142,0.0,17.05,17.1,17.0,17.05,360.0,1274.0,3003.0,797.0,False,True
2610,2022-10-27 09:37:10.388811,-0.005847953216374324,0.0,-0.10000000000000142,0.0,17.05,17.1,17.0,17.05,360.0,1274.0,3003.0,797.0,False,False
2610,2022-10-27 09:37:10.948525,-0.005847953216374324,0.0,-0.10000000000000142,0.0,17.05,17.1,17.0,17.05,360.0,1274.0,3003.0,797.0,False,False
2610,2022-10-27 09:37:12.125360,-0.005847953216374324,0.0,-0.10000000000000142,0.0,17.05,17.1,17.0,17.05,360.0,1275.0,3003.0,797.0,False,False
2610,2022-10-27 09:37:15.156757,-0.005847953216374324,0.0,-0.10000000000000142,0.0,17.05,17.1,17.0,17.05,355.0,1275.0,3003.0,797.0,False,False
2610,2022-10-27 09:37:15.184838,-0.005847953216374324,0.0,-0.10000000000000142,0.0,17.05,17.1,17.0,17.05,355.0,1275.0,3003.0,797.0,False,False
2610,2022-10-27 09:37:15.446509,-0.005847953216374324,0.0,-0.10000000000000142,0.0,17.05,17.1,17.0,17.05,355.0,1276.0,3003.0,797.0,False,False
2610,2022-10-27 09:37:17.375904,-0.005847953216374324,0.0,-0.10000000000000142,0.0,17.05,17.1,17.0,17.05,352.0,1276.0,3003.0,797.0,False,False
2610,2022-10-27 09:37:18.151359,-0.005847953216374324,0.0,-0.10000000000000142,0.0,17.05,17.1,17.0,17.05,337.0,1276.0,3003.0,797.0,False,False
2610,2022-10-27 09:37:19.643987,-0.005847953216374324,0.0,-0.10000000000000142,0.0,17.05,17.1,17.0,17.05,337.0,1276.0,3003.0,797.0,True,True
2610,2022-10-27 09:37:19.792897,-0.005847953216374324,0.0,-0.10000000000000142,0.0,17.05,17.1,17.0,17.05,338.0,1276.0,3003.0,797.0,False,False
2610,2022-10-27 09:37:20.723287,-0.005847953216374324,0.0,-0.10000000000000142,0.0,17.05,17.1,17.0,17.05,338.0,1276.0,3003.0,797.0,False,False
2610,2022-10-27 09:37:20.808878,-0.005847953216374324,0.0,-0.10000000000000142,0.0,17.05,17.1,17.0,17.05,338.0,1277.0,3003.0,797.0,False,False
2610,2022-10-27 09:37:21.131428,-0.005847953216374324,0.0,-0.10000000000000142,0.0,17.05,17.1,17.0,17.05,338.0,1278.0,3003.0,797.0,False,False
2610,2022-10-27 09:37:21.137710,-0.005847953216374324,0.0,-0.10000000000000142,0.0,17.05,17.1,17.0,17.05,337.0,1278.0,3003.0,797.0,False,False
2610,2022-10-27 09:37:21.739035,-0.005847953216374324,0.0,-0.10000000000000142,0.0,17.05,17.1,17.0,17.05,337.0,1277.0,3003.0,797.0,False,False
2610,2022-10-27 09:37:22.565693,-0.005847953216374324,0.0,-0.10000000000000142,0.0,17.05,17.1,17.0,17.05,337.0,1287.0,3003.0,797.0,False,False
2610,2022-10-27 09:37:22.628385,-0.005847953216374324,0.0,-0.10000000000000142,0.0,17.05,17.1,17.0,17.05,340.0,1287.0,3003.0,797.0,False,False
2610,2022-10-27 09:37:23.664151,-0.005847953216374324,0.0,-0.10000000000000142,0.0,17.05,17.1,17.0,17.05,340.0,1287.0,3003.0,797.0,False,False
2610,2022-10-27 09:37:24.609416,-0.005847953216374324,0.0,-0.10000000000000142,0.0,17.05,17.1,17.0,17.05,337.0,1287.0,3003.0,797.0,False,False
2610,2022-10-27 09:37:25.618076,-0.005847953216374324,0.0,-0.10000000000000142,0.0,17.05,17.1,17.0,17.05,337.0,1287.0,3003.0,797.0,False,False
2610,2022-10-27 09:37:25.741440,-0.005847953216374324,0.0,-0.10000000000000142,0.0,17.05,17.1,17.0,17.05,328.0,1287.0,3003.0,797.0,False,False
2610,2022-10-27 09:37:26.356405,-0.005847953216374324,0.0,-0.10000000000000142,0.0,17.05,17.1,17.0,17.05,328.0,1287.0,3003.0,797.0,False,False
2610,2022-10-27 09:37:26.679880,-0.005847953216374324,0.0,-0.10000000000000142,0.0,17.05,17.1,17.0,17.05,338.0,1287.0,3003.0,797.0,False,False
2610,2022-10-27 09:37:26.762454,-0.005847953216374324,0.0,-0.10000000000000142,0.0,17.05,17.1,17.0,17.05,338.0,1286.0,3003.0,797.0,False,False
2610,2022-10-27 09:37:28.290433,-0.005847953216374324,0.0,-0.10000000000000142,0.0,17.05,17.1,17.0,17.05,338.0,1285.0,3003.0,797.0,False,False
2610,2022-10-27 09:37:28.792142,-0.005847953216374324,0.0,-0.10000000000000142,0.0,17.05,17.1,17.0,17.05,339.0,1285.0,3003.0,797.0,False,False
2610,2022-10-27 09:37:29.295337,-0.005847953216374324,0.0,-0.10000000000000142,0.0,17.05,17.1,17.0,17.05,340.0,1285.0,3003.0,797.0,False,False
2610,2022-10-27 09:37:29.482765,-0.005847953216374324,0.0,-0.10000000000000142,0.0,17.05,17.1,17.0,17.05,339.0,1285.0,3003.0,797.0,False,False
2610,2022-10-27 09:37:29.487999,-0.005847953216374324,0.0,-0.10000000000000142,0.0,17.05,17.1,17.0,17.05,343.0,1285.0,3003.0,797.0,False,False
2610,2022-10-27 09:37:29.675077,-0.005847953216374324,0.0,-0.10000000000000142,0.0,17.05,17.1,17.0,17.05,343.0,1285.0,3003.0,847.0,True,True
2610,2022-10-27 09:37:30.345840,-0.005847953216374324,0.0,-0.10000000000000142,0.0,17.05,17.1,17.0,17.05,343.0,1275.0,3003.0,847.0,False,False
2610,2022-10-27 09:37:30.383400,-0.005847953216374324,0.0,-0.10000000000000142,0.0,17.05,17.1,17.0,17.05,346.0,1275.0,3003.0,847.0,False,False
2610,2022-10-27 09:37:30.386403,-0.005847953216374324,0.0,-0.10000000000000142,0.0,17.05,17.1,17.0,17.05,347.0,1275.0,3003.0,847.0,False,False
2610,2022-10-27 09:37:30.658802,-0.005847953216374324,0.0,-0.10000000000000142,0.0,17.05,17.1,17.0,17.05,349.0,1275.0,3003.0,847.0,False,False
2610,2022-10-27 09:37:31.269556,-0.005847953216374324,0.0,-0.10000000000000142,0.0,17.05,17.1,17.0,17.05,349.0,1277.0,3003.0,847.0,False,False
2610,2022-10-27 09:37:31.304539,-0.005847953216374324,0.0,-0.10000000000000142,0.0,17.05,17.1,17.0,17.05,346.0,1277.0,3003.0,847.0,False,False
2610,2022-10-27 09:37:31.472363,-0.005847953216374324,0.0,-0.10000000000000142,0.0,17.05,17.1,17.0,17.05,346.0,1277.0,3003.0,847.0,False,False
2610,2022-10-27 09:37:31.550510,-0.005847953216374324,0.0,-0.10000000000000142,0.0,17.05,17.1,17.0,17.05,345.0,1277.0,3003.0,847.0,False,False
2610,2022-10-27 09:37:31.998491,-0.005847953216374324,0.0,-0.10000000000000142,0.0,17.05,17.1,17.0,17.05,345.0,1277.0,3003.0,847.0,False,False
2610,2022-10-27 09:37:32.178942,-0.005847953216374324,0.0,-0.10000000000000142,0.0,17.05,17.1,17.0,17.05,344.0,1277.0,3003.0,847.0,False,False
2610,2022-10-27 09:37:32.839769,-0.005847953216374324,0.0,-0.10000000000000142,0.0,17.05,17.1,17.0,17.05,345.0,1277.0,3003.0,847.0,False,False
2610,2022-10-27 09:37:33.777170,-0.005847953216374324,0.0,-0.10000000000000142,0.0,17.05,17.1,17.0,17.05,345.0,1276.0,3003.0,847.0,False,False
2610,2022-10-27 09:37:33.897336,-0.005847953216374324,0.0,-0.10000000000000142,0.0,17.05,17.1,17.0,17.05,346.0,1276.0,3003.0,847.0,False,False
2610,2022-10-27 09:37:35.621530,-0.005847953216374324,0.0,-0.10000000000000142,0.0,17.05,17.1,17.0,17.05,346.0,1276.0,3003.0,847.0,False,False
2610,2022-10-27 09:37:35.710799,-0.005847953216374324,0.0,-0.10000000000000142,0.0,17.05,17.1,17.0,17.05,345.0,1276.0,3003.0,847.0,False,False
2610,2022-10-27 09:37:35.896255,-0.005847953216374324,0.0,-0.10000000000000142,0.0,17.05,17.1,17.0,17.05,346.0,1276.0,3003.0,847.0,False,False
2610,2022-10-27 09:37:36.499453,-0.005847953216374324,0.0,-0.10000000000000142,0.0,17.05,17.1,17.0,17.05,342.0,1276.0,3003.0,847.0,False,False
2610,2022-10-27 09:37:36.540684,-0.005847953216374324,0.0,-0.10000000000000142,0.0,17.05,17.1,17.0,17.05,332.0,1276.0,3003.0,847.0,False,False
2610,2022-10-27 09:37:38.299988,-0.005847953216374324,0.0,-0.10000000000000142,0.0,17.05,17.1,17.0,17.05,332.0,1281.0,3003.0,847.0,False,False
2610,2022-10-27 09:37:39.573849,-0.005847953216374324,0.0,-0.10000000000000142,0.0,17.05,17.1,17.0,17.05,332.0,1281.0,3003.0,847.0,False,False
2610,2022-10-27 09:37:39.657029,-0.005847953216374324,0.0,-0.10000000000000142,0.0,17.05,17.1,17.0,17.05,332.0,1286.0,3003.0,847.0,False,False
2610,2022-10-27 09:37:39.699065,-0.005847953216374324,0.0,-0.10000000000000142,0.0,17.05,17.1,17.0,17.05,332.0,1286.0,2973.0,827.0,True,True
2610,2022-10-27 09:37:40.973405,-0.005847953216374324,0.0,-0.10000000000000142,0.0,17.05,17.1,17.0,17.05,332.0,1286.0,2973.0,827.0,False,False
2610,2022-10-27 09:37:41.174993,-0.005847953216374324,0.0,-0.10000000000000142,0.0,17.05,17.1,17.0,17.05,322.0,1286.0,2973.0,827.0,False,False
2610,2022-10-27 09:37:42.806224,-0.005847953216374324,0.0,-0.10000000000000142,0.0,17.05,17.1,17.0,17.05,322.0,1286.0,2973.0,827.0,False,False
2610,2022-10-27 09:37:43.337243,-0.005847953216374324,0.0,-0.10000000000000142,0.0,17.05,17.1,17.0,17.05,322.0,1336.0,2973.0,827.0,False,False
2610,2022-10-27 09:37:43.372102,-0.005847953216374324,0.0,-0.10000000000000142,0.0,17.05,17.1,17.0,17.05,322.0,1366.0,2973.0,827.0,False,False
2610,2022-10-27 09:37:43.590920,-0.005847953216374324,0.0,-0.10000000000000142,0.0,17.05,17.1,17.0,17.05,322.0,1396.0,2973.0,827.0,False,False
2610,2022-10-27 09:37:44.044623,-0.005847953216374324,0.0,-0.10000000000000142,0.0,17.05,17.1,17.0,17.05,322.0,1396.0,2973.0,827.0,False,False
2610,2022-10-27 09:37:44.141428,-0.005847953216374324,0.0,-0.10000000000000142,0.0,17.05,17.1,17.0,17.05,322.0,1396.0,2973.0,827.0,False,False
2610,2022-10-27 09:37:44.216552,-0.005847953216374324,0.0,-0.10000000000000142,0.0,17.05,17.1,17.0,17.05,322.0,1396.0,2973.0,827.0,False,False
2610,2022-10-27 09:37:44.583263,-0.005847953216374324,0.0,-0.10000000000000142,0.0,17.05,17.1,17.0,17.05,294.0,1396.0,2973.0,827.0,False,False
2610,2022-10-27 09:37:45.964920,-0.005847953216374324,0.0,-0.10000000000000142,0.0,17.05,17.1,17.0,17.05,291.0,1396.0,2973.0,827.0,False,False
2610,2022-10-27 09:37:46.289840,-0.005847953216374324,0.0,-0.10000000000000142,0.0,17.05,17.1,17.0,17.05,291.0,1398.0,2973.0,827.0,False,False
2610,2022-10-27 09:37:47.050891,-0.005847953216374324,0.0,-0.10000000000000142,0.0,17.05,17.1,17.0,17.05,291.0,1398.0,2973.0,827.0,False,False
2610,2022-10-27 09:37:47.376344,-0.005847953216374324,0.0,-0.10000000000000142,0.0,17.05,17.1,17.0,17.05,291.0,1398.0,2973.0,827.0,False,False
2610,2022-10-27 09:37:47.484463,-0.005847953216374324,0.0,-0.10000000000000142,0.0,17.05,17.1,17.0,17.05,291.0,1398.0,2973.0,827.0,False,False
2610,2022-10-27 09:37:47.491548,-0.005847953216374324,0.0,-0.10000000000000142,0.0,17.05,17.1,17.0,17.05,291.0,1398.0,2973.0,827.0,False,False
2610,2022-10-27 09:37:47.952397,-0.005847953216374324,0.0,-0.10000000000000142,0.0,17.05,17.1,17.0,17.05,262.0,1398.0,2973.0,827.0,False,False
2610,2022-10-27 09:37:48.611290,-0.005847953216374324,0.0,-0.10000000000000142,0.0,17.05,17.1,17.0,17.05,262.0,1399.0,2973.0,827.0,False,False
2610,2022-10-27 09:37:48.765453,-0.005847953216374324,0.0,-0.10000000000000142,0.0,17.05,17.1,17.0,17.05,262.0,1396.0,2973.0,827.0,False,False
2610,2022-10-27 09:37:49.335915,-0.005847953216374324,0.0,-0.10000000000000142,0.0,17.05,17.1,17.0,17.05,262.0,1396.0,2973.0,827.0,False,False
2610,2022-10-27 09:37:49.727490,-0.005847953216374324,0.0,-0.10000000000000142,0.0,17.05,17.1,17.0,17.05,262.0,1396.0,2973.0,827.0,True,True
2610,2022-10-27 09:37:51.544832,-0.005847953216374324,0.0,-0.10000000000000142,0.0,17.05,17.1,17.0,17.05,261.0,1396.0,2973.0,827.0,False,False
2610,2022-10-27 09:37:52.665771,-0.005847953216374324,0.0,-0.10000000000000142,0.0,17.05,17.1,17.0,17.05,261.0,1396.0,2973.0,827.0,False,False
2610,2022-10-27 09:37:52.836200,-0.005847953216374324,0.0,-0.10000000000000142,0.0,17.05,17.1,17.0,17.05,261.0,1395.0,2973.0,827.0,False,False
2610,2022-10-27 09:37:52.842149,-0.005847953216374324,0.0,-0.10000000000000142,0.0,17.05,17.1,17.0,17.05,262.0,1395.0,2973.0,827.0,False,False
2610,2022-10-27 09:37:54.337684,-0.005847953216374324,0.0,-0.10000000000000142,0.0,17.05,17.1,17.0,17.05,262.0,1395.0,2973.0,827.0,False,False
2610,2022-10-27 09:37:54.737680,-0.005847953216374324,0.0,-0.10000000000000142,0.0,17.05,17.1,17.0,17.05,262.0,1395.0,2973.0,827.0,False,False
2610,2022-10-27 09:37:54.841979,-0.005847953216374324,0.0,-0.10000000000000142,0.0,17.05,17.1,17.0,17.05,265.0,1395.0,2973.0,827.0,False,False
2610,2022-10-27 09:37:54.973197,-0.005847953216374324,0.0,-0.10000000000000142,0.0,17.05,17.1,17.0,17.05,265.0,1395.0,2973.0,827.0,False,False
2610,2022-10-27 09:37:55.272698,-0.005847953216374324,0.0,-0.10000000000000142,0.0,17.05,17.1,17.0,17.05,265.0,1395.0,2973.0,827.0,False,False
2610,2022-10-27 09:37:55.821290,-0.005847953216374324,0.0,-0.10000000000000142,0.0,17.05,17.1,17.0,17.05,265.0,1395.0,2973.0,827.0,False,False
2610,2022-10-27 09:37:56.926302,-0.005847953216374324,0.0,-0.10000000000000142,0.0,17.05,17.1,17.0,17.05,265.0,1394.0,2973.0,827.0,False,False
2610,2022-10-27 09:37:56.944547,-0.005847953216374324,0.0,-0.10000000000000142,0.0,17.05,17.1,17.0,17.05,265.0,1394.0,2973.0,827.0,False,False
2610,2022-10-27 09:37:57.576457,-0.005847953216374324,0.0,-0.10000000000000142,0.0,17.05,17.1,17.0,17.05,265.0,1394.0,2973.0,827.0,False,False
2610,2022-10-27 09:37:58.323267,-0.005847953216374324,0.0,-0.10000000000000142,0.0,17.05,17.1,17.0,17.05,265.0,1394.0,2973.0,827.0,False,False
2610,2022-10-27 09:37:59.683257,-0.005847953216374324,0.0,-0.10000000000000142,0.0,17.05,17.1,17.0,17.05,246.0,1394.0,2973.0,827.0,False,False
2610,2022-10-27 09:38:01.552907,-0.005847953216374324,0.0,-0.10000000000000142,0.0,17.05,17.1,17.0,17.05,246.0,1394.0,2973.0,827.0,False,False
2610,2022-10-27 09:38:01.604269,-0.005847953216374324,0.0,-0.10000000000000142,0.0,17.05,17.1,17.0,17.05,246.0,1394.0,2973.0,827.0,False,False
2610,2022-10-27 09:38:01.907780,-0.005847953216374324,0.0,-0.10000000000000142,0.0,17.05,17.1,17.0,17.05,251.0,1394.0,2973.0,827.0,False,False
2610,2022-10-27 09:38:04.676230,-0.005847953216374324,0.0,-0.10000000000000142,0.0,17.05,17.1,17.0,17.05,251.0,1394.0,2973.0,827.0,False,False
2610,2022-10-27 09:38:04.998682,-0.005847953216374324,0.0,-0.10000000000000142,0.0,17.05,17.1,17.0,17.05,251.0,1394.0,2973.0,827.0,False,False
2610,2022-10-27 09:38:05.018796,-0.005847953216374324,0.0,-0.10000000000000142,0.0,17.05,17.1,17.0,17.05,251.0,1394.0,2973.0,827.0,False,False
2610,2022-10-27 09:38:06.203736,-0.005847953216374324,0.0,-0.10000000000000142,0.0,17.05,17.1,17.0,17.05,251.0,1394.0,2973.0,827.0,False,False
2610,2022-10-27 09:38:07.358334,-0.005847953216374324,0.0,-0.10000000000000142,0.0,17.05,17.1,17.0,17.05,249.0,1394.0,2973.0,827.0,False,False
2610,2022-10-27 09:38:07.742470,-0.005847953216374324,0.0,-0.10000000000000142,0.0,17.05,17.1,17.0,17.05,249.0,1394.0,2973.0,827.0,False,False
2610,2022-10-27 09:38:08.124168,-0.005847953216374324,0.0,-0.10000000000000142,0.0,17.05,17.1,17.0,17.05,249.0,1394.0,2973.0,827.0,False,False
2610,2022-10-27 09:38:08.204188,-0.005847953216374324,0.0,-0.10000000000000142,0.0,17.05,17.1,17.0,17.05,247.0,1394.0,2973.0,827.0,False,False
2610,2022-10-27 09:38:08.459595,-0.005847953216374324,0.0,-0.10000000000000142,0.0,17.05,17.1,17.0,17.05,247.0,1394.0,2973.0,827.0,False,False
2610,2022-10-27 09:38:09.133213,-0.005847953216374324,0.0,-0.10000000000000142,0.0,17.05,17.1,17.0,17.05,247.0,1394.0,2973.0,827.0,False,False
2610,2022-10-27 09:38:09.786414,-0.005847953216374324,0.0,-0.10000000000000142,0.0,17.05,17.1,17.0,17.05,247.0,1394.0,2973.0,827.0,True,True
2610,2022-10-27 09:38:09.933117,-0.005847953216374324,0.0,-0.10000000000000142,0.0,17.05,17.1,17.0,17.05,247.0,1394.0,2973.0,827.0,False,False
2610,2022-10-27 09:38:11.449622,-0.005847953216374324,0.0,-0.10000000000000142,0.0,17.05,17.1,17.0,17.05,247.0,1387.0,2973.0,827.0,False,False
2610,2022-10-27 09:38:12.988456,-0.005847953216374324,0.0,-0.10000000000000142,0.0,17.05,17.1,17.0,17.05,248.0,1387.0,2973.0,827.0,False,False
2610,2022-10-27 09:38:13.518694,-0.005847953216374324,0.0,-0.10000000000000142,0.0,17.05,17.1,17.0,17.05,248.0,1387.0,2973.0,827.0,False,False
2610,2022-10-27 09:38:13.884469,-0.005847953216374324,0.0,-0.10000000000000142,0.0,17.05,17.1,17.0,17.05,248.0,1387.0,2973.0,827.0,False,False
2610,2022-10-27 09:38:14.696216,-0.005847953216374324,0.0,-0.10000000000000142,0.0,17.05,17.1,17.0,17.05,248.0,1387.0,2973.0,827.0,False,False
2610,2022-10-27 09:38:15.427488,-0.005847953216374324,0.0,-0.10000000000000142,0.0,17.05,17.1,17.0,17.05,248.0,1387.0,2973.0,827.0,False,False
2610,2022-10-27 09:38:15.703103,-0.005847953216374324,0.0,-0.10000000000000142,0.0,17.05,17.1,17.0,17.05,248.0,1389.0,2973.0,827.0,False,False
2610,2022-10-27 09:38:16.424477,-0.005847953216374324,0.0,-0.10000000000000142,0.0,17.05,17.1,17.0,17.05,248.0,1390.0,2973.0,827.0,False,False
2610,2022-10-27 09:38:16.463998,-0.005847953216374324,0.0,-0.10000000000000142,0.0,17.05,17.1,17.0,17.05,248.0,1390.0,2973.0,827.0,False,False
2610,2022-10-27 09:38:16.909578,-0.005847953216374324,0.0,-0.10000000000000142,0.0,17.05,17.1,17.0,17.05,248.0,1390.0,2973.0,827.0,False,False
2610,2022-10-27 09:38:17.372578,-0.005847953216374324,0.0,-0.10000000000000142,0.0,17.05,17.1,17.0,17.05,246.0,1388.0,2973.0,827.0,False,False
2610,2022-10-27 09:38:18.604870,-0.005847953216374324,0.0,-0.10000000000000142,0.0,17.05,17.1,17.0,17.05,246.0,1388.0,2973.0,827.0,False,False
2610,2022-10-27 09:38:20.038682,-0.005847953216374324,0.0,-0.10000000000000142,0.0,17.05,17.1,17.0,17.05,196.0,1388.0,2973.0,827.0,False,False
2610,2022-10-27 09:38:20.087404,-0.005847953216374324,0.0,-0.10000000000000142,0.0,17.05,17.1,17.0,17.05,196.0,1402.0,2973.0,827.0,False,False
2610,2022-10-27 09:38:20.118452,-0.005847953216374324,0.0,-0.10000000000000142,0.0,17.05,17.1,17.0,17.05,196.0,1405.0,2973.0,827.0,False,False
2610,2022-10-27 09:38:20.522782,-0.005847953216374324,0.0,-0.10000000000000142,0.0,17.05,17.1,17.0,17.05,206.0,1405.0,2973.0,827.0,False,False
2610,2022-10-27 09:38:20.982463,-0.005847953216374324,0.0,-0.10000000000000142,0.0,17.05,17.1,17.0,17.05,236.0,1405.0,2973.0,827.0,False,False
2610,2022-10-27 09:38:21.008633,-0.005847953216374324,0.0,-0.10000000000000142,0.0,17.05,17.1,17.0,17.05,250.0,1405.0,2973.0,827.0,False,False
2610,2022-10-27 09:38:21.614219,-0.005847953216374324,0.0,-0.10000000000000142,0.0,17.05,17.1,17.0,17.05,270.0,1405.0,2973.0,827.0,False,False
2610,2022-10-27 09:38:21.683648,-0.005847953216374324,0.0,-0.10000000000000142,0.0,17.05,17.1,17.0,17.05,303.0,1402.0,2973.0,827.0,False,False
2610,2022-10-27 09:38:22.902664,-0.005847953216374324,0.0,-0.10000000000000142,0.0,17.05,17.1,17.0,17.05,303.0,1402.0,2973.0,827.0,False,False
2610,2022-10-27 09:38:22.935522,-0.005847953216374324,0.0,-0.10000000000000142,0.0,17.05,17.1,17.0,17.05,304.0,1402.0,2973.0,827.0,False,False
2610,2022-10-27 09:38:23.900488,-0.005847953216374324,0.0,-0.10000000000000142,0.0,17.05,17.1,17.0,17.05,304.0,1402.0,2973.0,827.0,False,False
2610,2022-10-27 09:38:24.022226,-0.005847953216374324,0.0,-0.10000000000000142,0.0,17.05,17.1,17.0,17.05,307.0,1402.0,2973.0,827.0,False,False
2610,2022-10-27 09:38:24.642925,-0.005847953216374324,0.0,-0.10000000000000142,0.0,17.05,17.1,17.0,17.05,335.0,1402.0,2973.0,827.0,False,False
2610,2022-10-27 09:38:24.676896,-0.005847953216374324,0.0,-0.10000000000000142,0.0,17.05,17.1,17.0,17.05,336.0,1358.0,2973.0,827.0,False,False
2610,2022-10-27 09:38:24.955813,-0.005847953216374324,0.0,-0.10000000000000142,0.0,17.05,17.1,17.0,17.05,336.0,1358.0,2973.0,827.0,False,False
2610,2022-10-27 09:38:25.420561,-0.005847953216374324,0.0,-0.10000000000000142,0.0,17.05,17.1,17.0,17.05,336.0,1358.0,2973.0,827.0,False,False
2610,2022-10-27 09:38:26.850600,-0.005847953216374324,0.0,-0.10000000000000142,0.0,17.05,17.1,17.0,17.05,336.0,1358.0,2973.0,827.0,False,False
2610,2022-10-27 09:38:27.070034,-0.005847953216374324,0.0,-0.10000000000000142,0.0,17.05,17.1,17.0,17.05,336.0,1359.0,2973.0,827.0,False,False
2610,2022-10-27 09:38:28.552507,-0.005847953216374324,0.0,-0.10000000000000142,0.0,17.05,17.1,17.0,17.05,326.0,1359.0,2973.0,827.0,False,False
2610,2022-10-27 09:38:28.591362,-0.005847953216374324,0.0,-0.10000000000000142,0.0,17.05,17.1,17.0,17.05,323.0,1359.0,2973.0,827.0,False,False
2610,2022-10-27 09:38:28.674605,-0.005847953216374324,0.0,-0.10000000000000142,0.0,17.05,17.1,17.0,17.05,325.0,1360.0,2973.0,827.0,False,False
2610,2022-10-27 09:38:29.167064,-0.005847953216374324,0.0,-0.10000000000000142,0.0,17.05,17.1,17.0,17.05,324.0,1360.0,2973.0,827.0,False,False
2610,2022-10-27 09:38:29.848087,-0.005847953216374324,0.0,-0.10000000000000142,0.0,17.05,17.1,17.0,17.05,324.0,1360.0,3003.0,807.0,True,True
2610,2022-10-27 09:38:30.114368,-0.005847953216374324,0.0,-0.10000000000000142,0.0,17.05,17.1,17.0,17.05,324.0,1360.0,3003.0,807.0,False,False
2610,2022-10-27 09:38:32.032043,-0.005847953216374324,0.0,-0.10000000000000142,0.0,17.05,17.1,17.0,17.05,324.0,1365.0,3003.0,807.0,False,False
2610,2022-10-27 09:38:32.552399,-0.005847953216374324,0.0,-0.10000000000000142,0.0,17.05,17.1,17.0,17.05,324.0,1362.0,3003.0,807.0,False,False
2610,2022-10-27 09:38:33.358127,-0.005847953216374324,0.0,-0.10000000000000142,0.0,17.05,17.1,17.0,17.05,324.0,1362.0,3003.0,807.0,False,False
2610,2022-10-27 09:38:34.070063,-0.005847953216374324,0.0,-0.10000000000000142,0.0,17.05,17.1,17.0,17.05,325.0,1362.0,3003.0,807.0,False,False
2610,2022-10-27 09:38:34.700692,-0.005847953216374324,0.0,-0.10000000000000142,0.0,17.05,17.1,17.0,17.05,325.0,1362.0,3003.0,807.0,False,False
2610,2022-10-27 09:38:34.850639,-0.005847953216374324,0.0,-0.10000000000000142,0.0,17.05,17.1,17.0,17.05,323.0,1362.0,3003.0,807.0,False,False
2610,2022-10-27 09:38:35.195879,-0.005847953216374324,0.0,-0.10000000000000142,0.0,17.05,17.1,17.0,17.05,323.0,1363.0,3003.0,807.0,False,False
2610,2022-10-27 09:38:36.377862,-0.005847953216374324,0.0,-0.10000000000000142,0.0,17.05,17.1,17.0,17.05,323.0,1363.0,3003.0,807.0,False,False
2610,2022-10-27 09:38:36.611620,-0.005847953216374324,0.0,-0.10000000000000142,0.0,17.05,17.1,17.0,17.05,323.0,1363.0,3003.0,807.0,False,False
2610,2022-10-27 09:38:37.790750,-0.005847953216374324,0.0,-0.10000000000000142,0.0,17.05,17.1,17.0,17.05,323.0,1364.0,3003.0,807.0,False,False
2610,2022-10-27 09:38:39.494260,-0.005847953216374324,0.0,-0.10000000000000142,0.0,17.05,17.1,17.0,17.05,323.0,1364.0,3003.0,807.0,False,False
2610,2022-10-27 09:38:39.877758,-0.005847953216374324,0.0,-0.10000000000000142,0.0,17.05,17.1,17.0,17.05,323.0,1364.0,3003.0,807.0,True,True
2610,2022-10-27 09:38:40.667685,-0.005847953216374324,0.0,-0.10000000000000142,0.0,17.05,17.1,17.0,17.05,325.0,1364.0,3003.0,807.0,False,False
2610,2022-10-27 09:38:40.979616,-0.005847953216374324,0.0,-0.10000000000000142,0.0,17.05,17.1,17.0,17.05,325.0,1363.0,3003.0,807.0,False,False
2610,2022-10-27 09:38:41.194836,-0.005847953216374324,0.0,-0.10000000000000142,0.0,17.05,17.1,17.0,17.05,325.0,1463.0,3003.0,807.0,False,False
2610,2022-10-27 09:38:41.727306,-0.005847953216374324,0.0,-0.10000000000000142,0.0,17.05,17.1,17.0,17.05,325.0,1463.0,3003.0,807.0,False,False
2610,2022-10-27 09:38:42.246778,-0.005847953216374324,0.0,-0.10000000000000142,0.0,17.05,17.1,17.0,17.05,325.0,1461.0,3003.0,807.0,False,False
2610,2022-10-27 09:38:42.626317,-0.005847953216374324,0.0,-0.10000000000000142,0.0,17.05,17.1,17.0,17.05,325.0,1461.0,3003.0,807.0,False,False
2610,2022-10-27 09:38:43.435304,-0.005847953216374324,0.0,-0.10000000000000142,0.0,17.05,17.1,17.0,17.05,325.0,1471.0,3003.0,807.0,False,False
2610,2022-10-27 09:38:43.460592,-0.005847953216374324,0.0,-0.10000000000000142,0.0,17.05,17.1,17.0,17.05,324.0,1471.0,3003.0,807.0,False,False
2610,2022-10-27 09:38:44.374894,-0.005847953216374324,0.0,-0.10000000000000142,0.0,17.05,17.1,17.0,17.05,324.0,1471.0,3003.0,807.0,False,False
2610,2022-10-27 09:38:44.462154,-0.005847953216374324,0.0,-0.10000000000000142,0.0,17.05,17.1,17.0,17.05,324.0,1471.0,3003.0,807.0,False,False
2610,2022-10-27 09:38:44.537599,-0.005847953216374324,0.0,-0.10000000000000142,0.0,17.05,17.1,17.0,17.05,324.0,1471.0,3003.0,807.0,False,False
2610,2022-10-27 09:38:44.718549,-0.005847953216374324,0.0,-0.10000000000000142,0.0,17.05,17.1,17.0,17.05,323.0,1471.0,3003.0,807.0,False,False
2610,2022-10-27 09:38:44.925938,-0.005847953216374324,0.0,-0.10000000000000142,0.0,17.05,17.1,17.0,17.05,323.0,1471.0,3003.0,807.0,False,False
2610,2022-10-27 09:38:45.273152,-0.005847953216374324,0.0,-0.10000000000000142,0.0,17.05,17.1,17.0,17.05,324.0,1471.0,3003.0,807.0,False,False
2610,2022-10-27 09:38:45.284743,-0.005847953216374324,0.0,-0.10000000000000142,0.0,17.05,17.1,17.0,17.05,325.0,1471.0,3003.0,807.0,False,False
2610,2022-10-27 09:38:45.356833,-0.005847953216374324,0.0,-0.10000000000000142,0.0,17.05,17.1,17.0,17.05,325.0,1471.0,3003.0,807.0,False,False
2610,2022-10-27 09:38:45.845820,-0.005847953216374324,0.0,-0.10000000000000142,0.0,17.05,17.1,17.0,17.05,325.0,1481.0,3003.0,807.0,False,False
2610,2022-10-27 09:38:46.094180,-0.005847953216374324,0.0,-0.10000000000000142,0.0,17.05,17.1,17.0,17.05,324.0,1481.0,3003.0,807.0,False,False
2610,2022-10-27 09:38:46.124984,-0.005847953216374324,0.0,-0.10000000000000142,0.0,17.05,17.1,17.0,17.05,325.0,1481.0,3003.0,807.0,False,False
2610,2022-10-27 09:38:46.199911,-0.005847953216374324,0.0,-0.10000000000000142,0.0,17.05,17.1,17.0,17.05,325.0,1481.0,3003.0,807.0,False,False
2610,2022-10-27 09:38:46.259631,-0.005847953216374324,0.0,-0.10000000000000142,0.0,17.05,17.1,17.0,17.05,324.0,1481.0,3003.0,807.0,False,False
2610,2022-10-27 09:38:46.393153,-0.005847953216374324,0.0,-0.10000000000000142,0.0,17.05,17.1,17.0,17.05,324.0,1481.0,3003.0,807.0,False,False
2610,2022-10-27 09:38:46.755202,-0.005847953216374324,0.0,-0.10000000000000142,0.0,17.05,17.1,17.0,17.05,325.0,1481.0,3003.0,807.0,False,False
2610,2022-10-27 09:38:46.864530,-0.005847953216374324,0.0,-0.10000000000000142,0.0,17.05,17.1,17.0,17.05,325.0,1482.0,3003.0,807.0,False,False
2610,2022-10-27 09:38:47.437561,-0.005847953216374324,0.0,-0.10000000000000142,0.0,17.05,17.1,17.0,17.05,325.0,1482.0,3003.0,807.0,False,False
2610,2022-10-27 09:38:48.995548,-0.005847953216374324,0.0,-0.10000000000000142,0.0,17.05,17.1,17.0,17.05,325.0,1482.0,3003.0,807.0,False,False
2610,2022-10-27 09:38:49.175882,-0.005847953216374324,0.0,-0.10000000000000142,0.0,17.05,17.1,17.0,17.05,325.0,1482.0,3003.0,807.0,False,False
2610,2022-10-27 09:38:49.336828,-0.005847953216374324,0.0,-0.10000000000000142,0.0,17.05,17.1,17.0,17.05,325.0,1482.0,3003.0,807.0,False,False
2610,2022-10-27 09:38:50.712079,-0.005847953216374324,0.0,-0.10000000000000142,0.0,17.05,17.1,17.0,17.05,325.0,1482.0,3003.0,807.0,False,False
2610,2022-10-27 09:38:53.007862,-0.005847953216374324,0.0,-0.10000000000000142,0.0,17.05,17.1,17.0,17.05,327.0,1482.0,3003.0,807.0,False,False
2610,2022-10-27 09:38:53.243507,-0.005847953216374324,0.0,-0.10000000000000142,0.0,17.05,17.1,17.0,17.05,327.0,1482.0,3003.0,807.0,False,False
2610,2022-10-27 09:38:53.250796,-0.005847953216374324,0.0,-0.10000000000000142,0.0,17.05,17.1,17.0,17.05,327.0,1482.0,3003.0,807.0,False,False
2610,2022-10-27 09:38:53.853167,-0.005847953216374324,0.0,-0.10000000000000142,0.0,17.05,17.1,17.0,17.05,327.0,1482.0,3003.0,807.0,False,False
2610,2022-10-27 09:38:53.911488,-0.005847953216374324,0.0,-0.10000000000000142,0.0,17.05,17.1,17.0,17.05,327.0,1484.0,3003.0,807.0,False,False
2610,2022-10-27 09:38:54.693819,-0.005847953216374324,0.0,-0.10000000000000142,0.0,17.05,17.1,17.0,17.05,327.0,1489.0,3003.0,807.0,False,False
2610,2022-10-27 09:38:55.941226,-0.005847953216374324,0.0,-0.10000000000000142,0.0,17.05,17.1,17.0,17.05,327.0,1489.0,3003.0,807.0,False,False
2610,2022-10-27 09:38:55.941595,-0.005847953216374324,0.0,-0.10000000000000142,0.0,17.05,17.1,17.0,17.05,327.0,1489.0,3003.0,807.0,False,False
2610,2022-10-27 09:38:57.231615,-0.005847953216374324,0.0,-0.10000000000000142,0.0,17.05,17.1,17.0,17.05,327.0,1490.0,3003.0,807.0,False,False
2610,2022-10-27 09:38:57.840274,-0.005847953216374324,0.0,-0.10000000000000142,0.0,17.05,17.1,17.0,17.05,327.0,1490.0,3003.0,807.0,False,False
2610,2022-10-27 09:38:58.419748,-0.005847953216374324,0.0,-0.10000000000000142,0.0,17.05,17.1,17.0,17.05,327.0,1488.0,3003.0,807.0,False,False
2610,2022-10-27 09:38:59.182423,-0.005847953216374324,0.0,-0.10000000000000142,0.0,17.05,17.1,17.0,17.05,327.0,1489.0,3003.0,807.0,False,False
2610,2022-10-27 09:38:59.622491,-0.005847953216374324,0.0,-0.10000000000000142,0.0,17.05,17.1,17.0,17.05,327.0,1489.0,3003.0,807.0,False,False
2610,2022-10-27 09:39:02.099134,-0.005847953216374324,0.0,-0.10000000000000142,0.0,17.05,17.1,17.0,17.05,327.0,1499.0,3003.0,807.0,False,False
2610,2022-10-27 09:39:02.769562,-0.005847953216374324,0.0,-0.10000000000000142,0.0,17.05,17.1,17.0,17.05,327.0,1499.0,3003.0,807.0,False,False
2610,2022-10-27 09:39:03.967905,-0.005847953216374324,0.0,-0.10000000000000142,0.0,17.05,17.1,17.0,17.05,327.0,1499.0,3003.0,807.0,False,False
2610,2022-10-27 09:39:03.970103,-0.005847953216374324,0.0,-0.10000000000000142,0.0,17.05,17.1,17.0,17.05,327.0,1499.0,3003.0,807.0,False,False
2610,2022-10-27 09:39:05.506527,-0.005847953216374324,0.0,-0.10000000000000142,0.0,17.05,17.1,17.0,17.05,327.0,1499.0,3003.0,807.0,False,False
2610,2022-10-27 09:39:06.025796,-0.005847953216374324,0.0,-0.10000000000000142,0.0,17.05,17.1,17.0,17.05,327.0,1499.0,3003.0,807.0,False,False
2610,2022-10-27 09:39:06.841106,-0.005847953216374324,0.0,-0.10000000000000142,0.0,17.05,17.1,17.0,17.05,327.0,1505.0,3003.0,807.0,False,False
2610,2022-10-27 09:39:09.972245,-0.005847953216374324,0.0,-0.10000000000000142,0.0,17.05,17.1,17.0,17.05,327.0,1505.0,3003.0,807.0,True,True
2610,2022-10-27 09:39:10.433338,-0.005847953216374324,0.0,-0.10000000000000142,0.0,17.05,17.1,17.0,17.05,332.0,1505.0,3003.0,807.0,False,False
2610,2022-10-27 09:39:11.405494,-0.005847953216374324,0.0,-0.10000000000000142,0.0,17.05,17.1,17.0,17.05,335.0,1505.0,3003.0,807.0,False,False
2610,2022-10-27 09:39:11.712543,-0.005847953216374324,0.0,-0.10000000000000142,0.0,17.05,17.1,17.0,17.05,335.0,1525.0,3003.0,807.0,False,False
2610,2022-10-27 09:39:12.088819,-0.005847953216374324,0.0,-0.10000000000000142,0.0,17.05,17.1,17.0,17.05,335.0,1525.0,3003.0,807.0,False,False
2610,2022-10-27 09:39:12.115183,-0.005847953216374324,0.0,-0.10000000000000142,0.0,17.05,17.1,17.0,17.05,335.0,1525.0,3003.0,807.0,False,False
2610,2022-10-27 09:39:12.201524,-0.005847953216374324,0.0,-0.10000000000000142,0.0,17.05,17.1,17.0,17.05,341.0,1525.0,3003.0,807.0,False,False
2610,2022-10-27 09:39:14.092139,-0.005847953216374324,0.0,-0.10000000000000142,0.0,17.05,17.1,17.0,17.05,341.0,1524.0,3003.0,807.0,False,False
2610,2022-10-27 09:39:14.895623,-0.005847953216374324,0.0,-0.10000000000000142,0.0,17.05,17.1,17.0,17.05,341.0,1523.0,3003.0,807.0,False,False
2610,2022-10-27 09:39:15.463911,-0.005847953216374324,0.0,-0.10000000000000142,0.0,17.05,17.1,17.0,17.05,341.0,1519.0,3003.0,807.0,False,False
2610,2022-10-27 09:39:15.516945,-0.005847953216374324,0.0,-0.10000000000000142,0.0,17.05,17.1,17.0,17.05,344.0,1519.0,3003.0,807.0,False,False
2610,2022-10-27 09:39:15.902421,-0.005847953216374324,0.0,-0.10000000000000142,0.0,17.05,17.1,17.0,17.05,341.0,1519.0,3003.0,807.0,False,False
2610,2022-10-27 09:39:15.942180,-0.005847953216374324,0.0,-0.10000000000000142,0.0,17.05,17.1,17.0,17.05,338.0,1519.0,3003.0,807.0,False,False
2610,2022-10-27 09:39:20.740607,-0.005847953216374324,0.0,-0.10000000000000142,0.0,17.05,17.1,17.0,17.05,338.0,1520.0,3003.0,807.0,False,False
2610,2022-10-27 09:39:21.218144,-0.005847953216374324,0.0,-0.10000000000000142,0.0,17.05,17.1,17.0,17.05,338.0,1519.0,3003.0,807.0,False,False
2610,2022-10-27 09:39:23.336546,-0.005847953216374324,0.0,-0.10000000000000142,0.0,17.05,17.1,17.0,17.05,338.0,1520.0,3003.0,807.0,False,False
2610,2022-10-27 09:39:23.784874,-0.005847953216374324,0.0,-0.10000000000000142,0.0,17.05,17.1,17.0,17.05,338.0,1521.0,3003.0,807.0,False,False
2610,2022-10-27 09:39:24.355201,-0.005847953216374324,0.0,-0.10000000000000142,0.0,17.05,17.1,17.0,17.05,339.0,1521.0,3003.0,807.0,False,False
2610,2022-10-27 09:39:24.376602,-0.005847953216374324,0.0,-0.10000000000000142,0.0,17.05,17.1,17.0,17.05,339.0,1521.0,3003.0,807.0,False,False
2610,2022-10-27 09:39:24.766653,-0.005847953216374324,0.0,-0.10000000000000142,0.0,17.05,17.1,17.0,17.05,339.0,1541.0,3003.0,807.0,False,False
2610,2022-10-27 09:39:24.793560,-0.005847953216374324,0.0,-0.10000000000000142,0.0,17.05,17.1,17.0,17.05,339.0,1541.0,3003.0,807.0,False,False
2610,2022-10-27 09:39:25.085682,-0.005847953216374324,0.0,-0.10000000000000142,0.0,17.05,17.1,17.0,17.05,339.0,1541.0,3003.0,807.0,False,False
2610,2022-10-27 09:39:27.789367,-0.005847953216374324,0.0,-0.10000000000000142,0.0,17.05,17.1,17.0,17.05,339.0,1540.0,3003.0,807.0,False,False
2610,2022-10-27 09:39:28.950928,-0.005847953216374324,0.0,-0.10000000000000142,0.0,17.05,17.1,17.0,17.05,339.0,1541.0,3003.0,807.0,False,False
2610,2022-10-27 09:39:29.193189,-0.005847953216374324,0.0,-0.10000000000000142,0.0,17.05,17.1,17.0,17.05,339.0,1541.0,3003.0,807.0,False,False
2610,2022-10-27 09:39:29.748383,-0.005847953216374324,0.0,-0.10000000000000142,0.0,17.05,17.1,17.0,17.05,339.0,1541.0,3003.0,807.0,False,False
2610,2022-10-27 09:39:29.784294,-0.005847953216374324,0.0,-0.10000000000000142,0.0,17.05,17.1,17.0,17.05,339.0,1540.0,3003.0,807.0,False,False
2610,2022-10-27 09:39:30.027389,-0.005847953216374324,0.0,-0.10000000000000142,0.0,17.05,17.1,17.0,17.05,339.0,1540.0,3003.0,805.0,True,True
2610,2022-10-27 09:39:30.151276,-0.005847953216374324,0.0,-0.10000000000000142,0.0,17.05,17.1,17.0,17.05,339.0,1540.0,3003.0,805.0,False,False
2610,2022-10-27 09:39:30.351974,-0.005847953216374324,0.0,-0.10000000000000142,0.0,17.05,17.1,17.0,17.05,340.0,1540.0,3003.0,805.0,False,False
2610,2022-10-27 09:39:30.747128,-0.005847953216374324,0.0,-0.10000000000000142,0.0,17.05,17.1,17.0,17.05,340.0,1540.0,3003.0,805.0,False,False
2610,2022-10-27 09:39:31.469351,-0.005847953216374324,0.0,-0.10000000000000142,0.0,17.05,17.1,17.0,17.05,340.0,1540.0,3003.0,805.0,False,False
2610,2022-10-27 09:39:31.657613,-0.005847953216374324,0.0,-0.10000000000000142,0.0,17.05,17.1,17.0,17.05,340.0,1540.0,3003.0,805.0,False,False
2610,2022-10-27 09:39:32.331292,-0.005847953216374324,0.0,-0.10000000000000142,0.0,17.05,17.1,17.0,17.05,340.0,1550.0,3003.0,805.0,False,False
2610,2022-10-27 09:39:33.732403,-0.005847953216374324,0.0,-0.10000000000000142,0.0,17.05,17.1,17.0,17.05,340.0,1576.0,3003.0,805.0,False,False
2610,2022-10-27 09:39:33.801104,-0.005847953216374324,0.0,-0.10000000000000142,0.0,17.05,17.1,17.0,17.05,340.0,1576.0,3003.0,805.0,False,False
2610,2022-10-27 09:39:34.900829,-0.005847953216374324,0.0,-0.10000000000000142,0.0,17.05,17.1,17.0,17.05,340.0,1576.0,3003.0,805.0,False,False
2610,2022-10-27 09:39:34.906302,-0.005847953216374324,0.0,-0.10000000000000142,0.0,17.05,17.1,17.0,17.05,340.0,1576.0,3003.0,805.0,False,False
2610,2022-10-27 09:39:35.134091,-0.005847953216374324,0.0,-0.10000000000000142,0.0,17.05,17.1,17.0,17.05,340.0,1576.0,3003.0,805.0,False,False
2610,2022-10-27 09:39:35.390710,-0.005847953216374324,0.0,-0.10000000000000142,0.0,17.05,17.1,17.0,17.05,340.0,1576.0,3003.0,805.0,False,False
2610,2022-10-27 09:39:35.421991,-0.005847953216374324,0.0,-0.10000000000000142,0.0,17.05,17.1,17.0,17.05,340.0,1590.0,3003.0,805.0,False,False
2610,2022-10-27 09:39:36.423119,-0.005847953216374324,0.0,-0.10000000000000142,0.0,17.05,17.1,17.0,17.05,340.0,1620.0,3003.0,805.0,False,False
2610,2022-10-27 09:39:36.477864,-0.005847953216374324,0.0,-0.10000000000000142,0.0,17.05,17.1,17.0,17.05,340.0,1621.0,3003.0,805.0,False,False
2610,2022-10-27 09:39:36.537248,-0.005847953216374324,0.0,-0.10000000000000142,0.0,17.05,17.1,17.0,17.05,340.0,1621.0,3003.0,805.0,False,False
2610,2022-10-27 09:39:37.829417,-0.005847953216374324,0.0,-0.10000000000000142,0.0,17.05,17.1,17.0,17.05,340.0,1623.0,3003.0,805.0,False,False
2610,2022-10-27 09:39:40.057546,-0.005847953216374324,0.0,-0.10000000000000142,0.0,17.05,17.1,17.0,17.05,340.0,1623.0,3003.0,735.0,True,True
2610,2022-10-27 09:39:41.038012,-0.005847953216374324,0.0,-0.10000000000000142,0.0,17.05,17.1,17.0,17.05,339.0,1623.0,3003.0,735.0,False,False
2610,2022-10-27 09:39:41.137352,-0.005847953216374324,0.0,-0.10000000000000142,0.0,17.05,17.1,17.0,17.05,339.0,1613.0,3003.0,735.0,False,False
2610,2022-10-27 09:39:41.233006,-0.005847953216374324,0.0,-0.10000000000000142,0.0,17.05,17.1,17.0,17.05,339.0,1614.0,3003.0,735.0,False,False
2610,2022-10-27 09:39:42.328198,-0.005847953216374324,0.0,-0.10000000000000142,0.0,17.05,17.1,17.0,17.05,329.0,1614.0,3003.0,735.0,False,False
2610,2022-10-27 09:39:42.359179,-0.005847953216374324,0.0,-0.10000000000000142,0.0,17.05,17.1,17.0,17.05,329.0,1617.0,3003.0,735.0,False,False
2610,2022-10-27 09:39:45.163211,-0.005847953216374324,0.0,-0.10000000000000142,0.0,17.05,17.1,17.0,17.05,330.0,1617.0,3003.0,735.0,False,False
2610,2022-10-27 09:39:45.178497,-0.005847953216374324,0.0,-0.10000000000000142,0.0,17.05,17.1,17.0,17.05,330.0,1617.0,3003.0,735.0,False,False
2610,2022-10-27 09:39:46.406411,-0.005847953216374324,0.0,-0.10000000000000142,0.0,17.05,17.1,17.0,17.05,330.0,1615.0,3003.0,735.0,False,False
2610,2022-10-27 09:39:46.673906,-0.005847953216374324,0.0,-0.10000000000000142,0.0,17.05,17.1,17.0,17.05,330.0,1612.0,3003.0,735.0,False,False
2610,2022-10-27 09:39:47.612116,-0.005847953216374324,0.0,-0.10000000000000142,0.0,17.05,17.1,17.0,17.05,330.0,1612.0,3003.0,735.0,False,False
2610,2022-10-27 09:39:47.628199,-0.005847953216374324,0.0,-0.10000000000000142,0.0,17.05,17.1,17.0,17.05,330.0,1609.0,3003.0,735.0,False,False
2610,2022-10-27 09:39:48.299256,-0.005847953216374324,0.0,-0.10000000000000142,0.0,17.05,17.1,17.0,17.05,335.0,1609.0,3003.0,735.0,False,False
2610,2022-10-27 09:39:49.474758,-0.005847953216374324,0.0,-0.10000000000000142,0.0,17.05,17.1,17.0,17.05,335.0,1616.0,3003.0,735.0,False,False
2610,2022-10-27 09:39:49.736535,-0.005847953216374324,0.0,-0.10000000000000142,0.0,17.05,17.1,17.0,17.05,336.0,1616.0,3003.0,735.0,False,False
2610,2022-10-27 09:39:50.087692,-0.005847953216374324,0.0,-0.10000000000000142,0.0,17.05,17.1,17.0,17.05,336.0,1616.0,3003.0,735.0,True,True
2610,2022-10-27 09:39:50.183241,-0.005847953216374324,0.0,-0.10000000000000142,0.0,17.05,17.1,17.0,17.05,336.0,1616.0,3003.0,735.0,False,False
2610,2022-10-27 09:39:51.989312,-0.005847953216374324,0.0,-0.10000000000000142,0.0,17.05,17.1,17.0,17.05,336.0,1617.0,3003.0,735.0,False,False
2610,2022-10-27 09:39:52.220676,-0.005847953216374324,0.0,-0.10000000000000142,0.0,17.05,17.1,17.0,17.05,346.0,1617.0,3003.0,735.0,False,False
2610,2022-10-27 09:39:53.991121,-0.005847953216374324,0.0,-0.10000000000000142,0.0,17.05,17.1,17.0,17.05,346.0,1617.0,3003.0,735.0,False,False
2610,2022-10-27 09:39:56.088007,-0.005847953216374324,0.0,-0.10000000000000142,0.0,17.05,17.1,17.0,17.05,347.0,1617.0,3003.0,735.0,False,False
2610,2022-10-27 09:39:56.291571,-0.005847953216374324,0.0,-0.10000000000000142,0.0,17.05,17.1,17.0,17.05,346.0,1617.0,3003.0,735.0,False,False
2610,2022-10-27 09:39:57.072127,-0.005847953216374324,0.0,-0.10000000000000142,0.0,17.05,17.1,17.0,17.05,346.0,1623.0,3003.0,735.0,False,False
2610,2022-10-27 09:39:58.794367,-0.005847953216374324,0.0,-0.10000000000000142,0.0,17.05,17.1,17.0,17.05,345.0,1623.0,3003.0,735.0,False,False
2610,2022-10-27 09:39:58.883636,-0.005847953216374324,0.0,-0.10000000000000142,0.0,17.05,17.1,17.0,17.05,345.0,1623.0,3003.0,735.0,False,False
2610,2022-10-27 09:39:59.142256,-0.005847953216374324,0.0,-0.10000000000000142,0.0,17.05,17.1,17.0,17.05,345.0,1623.0,3003.0,735.0,False,False
2610,2022-10-27 09:39:59.949356,-0.005847953216374324,0.0,-0.10000000000000142,0.0,17.05,17.1,17.0,17.05,345.0,1623.0,3003.0,735.0,False,False
2610,2022-10-27 09:39:59.974587,-0.005847953216374324,0.0,-0.10000000000000142,0.0,17.05,17.1,17.0,17.05,345.0,1623.0,3003.0,735.0,False,False
2610,2022-10-27 09:40:01.867209,-0.005847953216374324,0.0,-0.10000000000000142,0.0,17.05,17.1,17.0,17.05,345.0,1624.0,3003.0,735.0,False,False
2610,2022-10-27 09:40:02.344485,-0.005847953216374324,0.0,-0.10000000000000142,0.0,17.05,17.1,17.0,17.05,345.0,1624.0,3003.0,735.0,False,False
2610,2022-10-27 09:40:03.199491,-0.005847953216374324,0.0,-0.10000000000000142,0.0,17.05,17.1,17.0,17.05,345.0,1624.0,3003.0,735.0,False,False
2610,2022-10-27 09:40:03.333044,-0.005847953216374324,0.0,-0.10000000000000142,0.0,17.05,17.1,17.0,17.05,345.0,1624.0,3003.0,735.0,False,False
2610,2022-10-27 09:40:05.396256,-0.005847953216374324,0.0,-0.10000000000000142,0.0,17.05,17.1,17.0,17.05,345.0,1624.0,3003.0,735.0,False,False
2610,2022-10-27 09:40:05.921004,-0.005847953216374324,0.0,-0.10000000000000142,0.0,17.05,17.1,17.0,17.05,345.0,1624.0,3003.0,735.0,False,False
2610,2022-10-27 09:40:06.495888,-0.005847953216374324,0.0,-0.10000000000000142,0.0,17.05,17.1,17.0,17.05,354.0,1624.0,3003.0,735.0,False,False
2610,2022-10-27 09:40:06.515245,-0.005847953216374324,0.0,-0.10000000000000142,0.0,17.05,17.1,17.0,17.05,353.0,1624.0,3003.0,735.0,False,False
2610,2022-10-27 09:40:06.796369,-0.005847953216374324,0.0,-0.10000000000000142,0.0,17.05,17.1,17.0,17.05,353.0,1624.0,3003.0,735.0,False,False
2610,2022-10-27 09:40:08.089044,-0.005847953216374324,0.0,-0.10000000000000142,0.0,17.05,17.1,17.0,17.05,353.0,1624.0,3003.0,735.0,False,False
2610,2022-10-27 09:40:09.074643,-0.005847953216374324,0.0,-0.10000000000000142,0.0,17.05,17.1,17.0,17.05,353.0,1624.0,3003.0,735.0,False,False
2610,2022-10-27 09:40:09.178028,-0.005847953216374324,0.0,-0.10000000000000142,0.0,17.05,17.1,17.0,17.05,353.0,1624.0,3003.0,735.0,False,False
2610,2022-10-27 09:40:09.519043,-0.005847953216374324,0.0,-0.10000000000000142,0.0,17.05,17.1,17.0,17.05,353.0,1624.0,3003.0,735.0,False,False
2610,2022-10-27 09:40:09.664506,-0.005847953216374324,0.0,-0.10000000000000142,0.0,17.05,17.1,17.0,17.05,353.0,1624.0,3003.0,735.0,False,True
2610,2022-10-27 09:40:09.734760,-0.005847953216374324,0.0,-0.10000000000000142,0.0,17.05,17.1,17.0,17.05,353.0,1624.0,3003.0,735.0,False,False
2610,2022-10-27 09:40:10.202614,-0.005847953216374324,0.0,-0.10000000000000142,0.0,17.05,17.1,17.0,17.05,363.0,1624.0,3003.0,735.0,False,False
2610,2022-10-27 09:40:12.295710,-0.005847953216374324,0.0,-0.10000000000000142,0.0,17.05,17.1,17.0,17.05,380.0,1624.0,3003.0,735.0,False,False
2610,2022-10-27 09:40:13.005140,-0.005847953216374324,0.0,-0.10000000000000142,0.0,17.05,17.1,17.0,17.05,380.0,1624.0,3003.0,735.0,False,False
2610,2022-10-27 09:40:13.017467,-0.005847953216374324,0.0,-0.10000000000000142,0.0,17.05,17.1,17.0,17.05,380.0,1624.0,3003.0,735.0,False,False
2610,2022-10-27 09:40:13.442033,-0.005847953216374324,0.0,-0.10000000000000142,0.0,17.05,17.1,17.0,17.05,381.0,1624.0,3003.0,735.0,False,False
2610,2022-10-27 09:40:13.570381,-0.005847953216374324,0.0,-0.10000000000000142,0.0,17.05,17.1,17.0,17.05,381.0,1625.0,3003.0,735.0,False,False
2610,2022-10-27 09:40:15.184423,-0.005847953216374324,0.0,-0.10000000000000142,0.0,17.05,17.1,17.0,17.05,379.0,1625.0,3003.0,735.0,False,False
2610,2022-10-27 09:40:15.235930,-0.005847953216374324,0.0,-0.10000000000000142,0.0,17.05,17.1,17.0,17.05,378.0,1624.0,3003.0,735.0,False,False
2610,2022-10-27 09:40:16.489482,-0.005847953216374324,0.0,-0.10000000000000142,0.0,17.05,17.1,17.0,17.05,379.0,1624.0,3003.0,735.0,False,False
2610,2022-10-27 09:40:16.597933,-0.005847953216374324,0.0,-0.10000000000000142,0.0,17.05,17.1,17.0,17.05,374.0,1624.0,3003.0,735.0,False,False
2610,2022-10-27 09:40:17.274036,-0.005847953216374324,0.0,-0.10000000000000142,0.0,17.05,17.1,17.0,17.05,374.0,1627.0,3003.0,735.0,False,False
2610,2022-10-27 09:40:17.928477,-0.005847953216374324,0.0,-0.10000000000000142,0.0,17.05,17.1,17.0,17.05,377.0,1627.0,3003.0,735.0,False,False
2610,2022-10-27 09:40:18.209892,-0.005847953216374324,0.0,-0.10000000000000142,0.0,17.05,17.1,17.0,17.05,377.0,1627.0,3003.0,735.0,False,False
2610,2022-10-27 09:40:19.732630,-0.005847953216374324,0.0,-0.10000000000000142,0.0,17.05,17.1,17.0,17.05,377.0,1627.0,3003.0,735.0,True,True
2610,2022-10-27 09:40:19.922515,-0.005847953216374324,0.0,-0.10000000000000142,0.0,17.05,17.1,17.0,17.05,377.0,1653.0,3003.0,735.0,False,False
2610,2022-10-27 09:40:20.225946,-0.005847953216374324,0.0,-0.10000000000000142,0.0,17.05,17.1,17.0,17.05,378.0,1653.0,3003.0,735.0,False,False
2610,2022-10-27 09:40:20.712023,-0.005847953216374324,0.0,-0.10000000000000142,0.0,17.05,17.1,17.0,17.05,378.0,1653.0,3003.0,735.0,False,False
2610,2022-10-27 09:40:20.980135,-0.005847953216374324,0.0,-0.10000000000000142,0.0,17.05,17.1,17.0,17.05,378.0,1654.0,3003.0,735.0,False,False
2610,2022-10-27 09:40:21.041562,-0.005847953216374324,0.0,-0.10000000000000142,0.0,17.05,17.1,17.0,17.05,377.0,1654.0,3003.0,735.0,False,False
2610,2022-10-27 09:40:21.044733,-0.005847953216374324,0.0,-0.10000000000000142,0.0,17.05,17.1,17.0,17.05,379.0,1654.0,3003.0,735.0,False,False
2610,2022-10-27 09:40:21.806754,-0.005847953216374324,0.0,-0.10000000000000142,0.0,17.05,17.1,17.0,17.05,379.0,1654.0,3003.0,735.0,False,False
2610,2022-10-27 09:40:21.881465,-0.005847953216374324,0.0,-0.10000000000000142,0.0,17.05,17.1,17.0,17.05,379.0,1654.0,3003.0,735.0,False,False
2610,2022-10-27 09:40:23.400602,-0.005847953216374324,0.0,-0.10000000000000142,0.0,17.05,17.1,17.0,17.05,379.0,1654.0,3003.0,735.0,False,False
2610,2022-10-27 09:40:24.713689,-0.005847953216374324,0.0,-0.10000000000000142,0.0,17.05,17.1,17.0,17.05,379.0,1654.0,3003.0,735.0,False,False
2610,2022-10-27 09:40:25.301690,-0.005847953216374324,0.0,-0.10000000000000142,0.0,17.05,17.1,17.0,17.05,379.0,1654.0,3003.0,735.0,False,False
2610,2022-10-27 09:40:25.599359,-0.005847953216374324,0.0,-0.10000000000000142,0.0,17.05,17.1,17.0,17.05,379.0,1656.0,3003.0,735.0,False,False
2610,2022-10-27 09:40:25.694875,-0.005847953216374324,0.0,-0.10000000000000142,0.0,17.05,17.1,17.0,17.05,379.0,1657.0,3003.0,735.0,False,False
2610,2022-10-27 09:40:26.137644,-0.005847953216374324,0.0,-0.10000000000000142,0.0,17.05,17.1,17.0,17.05,379.0,1662.0,3003.0,735.0,False,False
2610,2022-10-27 09:40:26.532447,-0.005847953216374324,0.0,-0.10000000000000142,0.0,17.05,17.1,17.0,17.05,380.0,1662.0,3003.0,735.0,False,False
2610,2022-10-27 09:40:26.920037,-0.005847953216374324,0.0,-0.10000000000000142,0.0,17.05,17.1,17.0,17.05,385.0,1662.0,3003.0,735.0,False,False
2610,2022-10-27 09:40:27.964855,-0.005847953216374324,0.0,-0.10000000000000142,0.0,17.05,17.1,17.0,17.05,385.0,1662.0,3003.0,735.0,False,False
2610,2022-10-27 09:40:28.044300,-0.005847953216374324,0.0,-0.10000000000000142,0.0,17.05,17.1,17.0,17.05,386.0,1662.0,3003.0,735.0,False,False
2610,2022-10-27 09:40:28.477829,-0.005847953216374324,0.0,-0.10000000000000142,0.0,17.05,17.1,17.0,17.05,386.0,1662.0,3003.0,735.0,False,False
2610,2022-10-27 09:40:28.521413,-0.005847953216374324,0.0,-0.10000000000000142,0.0,17.05,17.1,17.0,17.05,385.0,1662.0,3003.0,735.0,False,False
2610,2022-10-27 09:40:29.090435,-0.005847953216374324,0.0,-0.10000000000000142,0.0,17.05,17.1,17.0,17.05,383.0,1662.0,3003.0,735.0,False,False
2610,2022-10-27 09:40:29.591477,-0.005847953216374324,0.0,-0.10000000000000142,0.0,17.05,17.1,17.0,17.05,384.0,1662.0,3003.0,735.0,False,False
2610,2022-10-27 09:40:30.713565,-0.005847953216374324,0.0,-0.10000000000000142,0.0,17.05,17.1,17.0,17.05,385.0,1662.0,3003.0,735.0,False,False
2610,2022-10-27 09:40:31.819541,-0.005847953216374324,0.0,-0.10000000000000142,0.0,17.05,17.1,17.0,17.05,385.0,1662.0,3003.0,735.0,False,False
2610,2022-10-27 09:40:32.609344,-0.005847953216374324,0.0,-0.10000000000000142,0.0,17.05,17.1,17.0,17.05,385.0,1678.0,3003.0,735.0,False,False
2610,2022-10-27 09:40:33.785265,-0.005847953216374324,0.0,-0.10000000000000142,0.0,17.05,17.1,17.0,17.05,385.0,1678.0,3003.0,735.0,False,False
2610,2022-10-27 09:40:34.195606,-0.005847953216374324,0.0,-0.10000000000000142,0.0,17.05,17.1,17.0,17.05,385.0,1678.0,3003.0,735.0,False,False
2610,2022-10-27 09:40:34.759125,-0.005847953216374324,0.0,-0.10000000000000142,0.0,17.05,17.1,17.0,17.05,375.0,1678.0,3003.0,735.0,False,False
2610,2022-10-27 09:40:36.186432,-0.005847953216374324,0.0,-0.10000000000000142,0.0,17.05,17.1,17.0,17.05,375.0,1678.0,3003.0,735.0,False,False
2610,2022-10-27 09:40:36.482376,-0.005847953216374324,0.0,-0.10000000000000142,0.0,17.05,17.1,17.0,17.05,375.0,1678.0,3003.0,735.0,False,False
2610,2022-10-27 09:40:39.829268,-0.005847953216374324,0.0,-0.10000000000000142,0.0,17.05,17.1,17.0,17.05,375.0,1678.0,2983.0,735.0,True,True
2610,2022-10-27 09:40:40.956667,-0.005847953216374324,0.0,-0.10000000000000142,0.0,17.05,17.1,17.0,17.05,371.0,1678.0,2983.0,735.0,False,False
2610,2022-10-27 09:40:41.171945,-0.005847953216374324,0.0,-0.10000000000000142,0.0,17.05,17.1,17.0,17.05,372.0,1678.0,2983.0,735.0,False,False
2610,2022-10-27 09:40:41.465358,-0.005847953216374324,0.0,-0.10000000000000142,0.0,17.05,17.1,17.0,17.05,362.0,1678.0,2983.0,735.0,False,False
2610,2022-10-27 09:40:43.201276,-0.005847953216374324,0.0,-0.10000000000000142,0.0,17.05,17.1,17.0,17.05,362.0,1678.0,2983.0,735.0,False,False
2610,2022-10-27 09:40:45.402584,-0.005847953216374324,0.0,-0.10000000000000142,0.0,17.05,17.1,17.0,17.05,362.0,1678.0,2983.0,735.0,False,False
2610,2022-10-27 09:40:46.301886,-0.005847953216374324,0.0,-0.10000000000000142,0.0,17.05,17.1,17.0,17.05,345.0,1678.0,2983.0,735.0,False,False
2610,2022-10-27 09:40:47.474581,-0.005847953216374324,0.0,-0.10000000000000142,0.0,17.05,17.1,17.0,17.05,345.0,1680.0,2983.0,735.0,False,False
2610,2022-10-27 09:40:47.700814,-0.005847953216374324,0.0,-0.10000000000000142,0.0,17.05,17.1,17.0,17.05,345.0,1681.0,2983.0,735.0,False,False
2610,2022-10-27 09:40:48.371707,-0.005847953216374324,0.0,-0.10000000000000142,0.0,17.05,17.1,17.0,17.05,346.0,1681.0,2983.0,735.0,False,False
2610,2022-10-27 09:40:48.396902,-0.005847953216374324,0.0,-0.10000000000000142,0.0,17.05,17.1,17.0,17.05,336.0,1681.0,2983.0,735.0,False,False
2610,2022-10-27 09:40:48.429324,-0.005847953216374324,0.0,-0.10000000000000142,0.0,17.05,17.1,17.0,17.05,336.0,1684.0,2983.0,735.0,False,False
2610,2022-10-27 09:40:48.936555,-0.005847953216374324,0.0,-0.10000000000000142,0.0,17.05,17.1,17.0,17.05,332.0,1684.0,2983.0,735.0,False,False
2610,2022-10-27 09:40:49.114826,-0.005847953216374324,0.0,-0.10000000000000142,0.0,17.05,17.1,17.0,17.05,332.0,1684.0,2983.0,735.0,False,False
2610,2022-10-27 09:40:49.118317,-0.005847953216374324,0.0,-0.10000000000000142,0.0,17.05,17.1,17.0,17.05,332.0,1685.0,2983.0,735.0,False,False
2610,2022-10-27 09:40:50.691884,-0.005847953216374324,0.0,-0.10000000000000142,0.0,17.05,17.1,17.0,17.05,332.0,1685.0,2983.0,735.0,False,False
2610,2022-10-27 09:40:50.780423,-0.005847953216374324,0.0,-0.10000000000000142,0.0,17.05,17.1,17.0,17.05,332.0,1685.0,2983.0,735.0,False,False
2610,2022-10-27 09:40:50.787725,-0.005847953216374324,0.0,-0.10000000000000142,0.0,17.05,17.1,17.0,17.05,332.0,1685.0,2983.0,735.0,False,False
2610,2022-10-27 09:40:51.660222,-0.005847953216374324,0.0,-0.10000000000000142,0.0,17.05,17.1,17.0,17.05,333.0,1685.0,2983.0,735.0,False,False
2610,2022-10-27 09:40:52.309322,-0.005847953216374324,0.0,-0.10000000000000142,0.0,17.05,17.1,17.0,17.05,333.0,1686.0,2983.0,735.0,False,False
2610,2022-10-27 09:40:53.138118,-0.005847953216374324,0.0,-0.10000000000000142,0.0,17.05,17.1,17.0,17.05,334.0,1686.0,2983.0,735.0,False,False
2610,2022-10-27 09:40:53.266136,-0.005847953216374324,0.0,-0.10000000000000142,0.0,17.05,17.1,17.0,17.05,334.0,1686.0,2983.0,735.0,False,False
2610,2022-10-27 09:40:53.975675,-0.005847953216374324,0.0,-0.10000000000000142,0.0,17.05,17.1,17.0,17.05,334.0,1686.0,2983.0,735.0,False,False
2610,2022-10-27 09:40:54.987398,-0.005847953216374324,0.0,-0.10000000000000142,0.0,17.05,17.1,17.0,17.05,337.0,1686.0,2983.0,735.0,False,False
2610,2022-10-27 09:40:55.164816,-0.005847953216374324,0.0,-0.10000000000000142,0.0,17.05,17.1,17.0,17.05,337.0,1686.0,2983.0,735.0,False,False
2610,2022-10-27 09:40:55.423853,-0.005847953216374324,0.0,-0.10000000000000142,0.0,17.05,17.1,17.0,17.05,337.0,1686.0,2983.0,735.0,False,False
2610,2022-10-27 09:40:55.461112,-0.005847953216374324,0.0,-0.10000000000000142,0.0,17.05,17.1,17.0,17.05,337.0,1683.0,2983.0,735.0,False,False
2610,2022-10-27 09:40:57.467088,-0.005847953216374324,0.0,-0.10000000000000142,0.0,17.05,17.1,17.0,17.05,337.0,1688.0,2983.0,735.0,False,False
2610,2022-10-27 09:40:58.244522,-0.005847953216374324,0.0,-0.10000000000000142,0.0,17.05,17.1,17.0,17.05,337.0,1688.0,2983.0,735.0,False,False
2610,2022-10-27 09:41:00.673317,-0.005847953216374324,0.0,-0.10000000000000142,0.0,17.05,17.1,17.0,17.05,336.0,1688.0,2983.0,735.0,False,False
2610,2022-10-27 09:41:00.748948,-0.005847953216374324,0.0,-0.10000000000000142,0.0,17.05,17.1,17.0,17.05,336.0,1658.0,2983.0,735.0,False,False
2610,2022-10-27 09:41:02.045251,-0.005847953216374324,0.0,-0.10000000000000142,0.0,17.05,17.1,17.0,17.05,336.0,1658.0,2983.0,735.0,False,False
2610,2022-10-27 09:41:02.326989,-0.005847953216374324,0.0,-0.10000000000000142,0.0,17.05,17.1,17.0,17.05,326.0,1658.0,2983.0,735.0,False,False
2610,2022-10-27 09:41:04.291066,-0.005847953216374324,0.0,-0.10000000000000142,0.0,17.05,17.1,17.0,17.05,326.0,1657.0,2983.0,735.0,False,False
2610,2022-10-27 09:41:04.313247,-0.005847953216374324,0.0,-0.10000000000000142,0.0,17.05,17.1,17.0,17.05,306.0,1637.0,2983.0,735.0,False,False
2610,2022-10-27 09:41:05.745666,-0.005847953216374324,0.0,-0.10000000000000142,0.0,17.05,17.1,17.0,17.05,306.0,1637.0,2983.0,735.0,False,False
2610,2022-10-27 09:41:07.767850,-0.005847953216374324,0.0,-0.10000000000000142,0.0,17.05,17.1,17.0,17.05,306.0,1667.0,2983.0,735.0,False,False
2610,2022-10-27 09:41:08.029032,-0.005847953216374324,0.0,-0.10000000000000142,0.0,17.05,17.1,17.0,17.05,305.0,1667.0,2983.0,735.0,False,False
2610,2022-10-27 09:41:08.761410,-0.005847953216374324,0.0,-0.10000000000000142,0.0,17.05,17.1,17.0,17.05,305.0,1669.0,2983.0,735.0,False,False
2610,2022-10-27 09:41:08.849080,-0.005847953216374324,0.0,-0.10000000000000142,0.0,17.05,17.1,17.0,17.05,275.0,1669.0,2983.0,735.0,False,False
2610,2022-10-27 09:41:08.870900,-0.005847953216374324,0.0,-0.10000000000000142,0.0,17.05,17.1,17.0,17.05,275.0,1669.0,2983.0,735.0,False,False
2610,2022-10-27 09:41:09.022443,-0.005847953216374324,0.0,-0.10000000000000142,0.0,17.05,17.1,17.0,17.05,275.0,1669.0,2983.0,735.0,False,False
2610,2022-10-27 09:41:09.200738,-0.005847953216374324,0.0,-0.10000000000000142,0.0,17.05,17.1,17.0,17.05,275.0,1669.0,2983.0,735.0,False,False
2610,2022-10-27 09:41:09.492023,-0.005847953216374324,0.0,-0.10000000000000142,0.0,17.05,17.1,17.0,17.05,275.0,1667.0,2983.0,735.0,False,False
2610,2022-10-27 09:41:09.640027,-0.005847953216374324,0.0,-0.10000000000000142,0.0,17.05,17.1,17.0,17.05,265.0,1667.0,2983.0,735.0,False,False
2610,2022-10-27 09:41:09.642665,-0.005847953216374324,0.0,-0.10000000000000142,0.0,17.05,17.1,17.0,17.05,251.0,1667.0,2983.0,735.0,False,False
2610,2022-10-27 09:41:09.840052,-0.005847953216374324,0.0,-0.10000000000000142,0.0,17.05,17.1,17.0,17.05,251.0,1667.0,2983.0,735.0,False,False
2610,2022-10-27 09:41:09.983364,-0.005847953216374324,0.0,-0.10000000000000142,0.0,17.05,17.1,17.0,17.05,251.0,1667.0,2983.0,735.0,False,False
2610,2022-10-27 09:41:11.266106,-0.005847953216374324,0.0,-0.10000000000000142,0.0,17.05,17.1,17.0,17.05,250.0,1667.0,2983.0,735.0,False,False
2610,2022-10-27 09:41:11.292418,-0.005847953216374324,0.0,-0.10000000000000142,0.0,17.05,17.1,17.0,17.05,250.0,1670.0,2983.0,735.0,False,False
2610,2022-10-27 09:41:12.651873,-0.005847953216374324,0.0,-0.10000000000000142,0.0,17.05,17.1,17.0,17.05,265.0,1670.0,2983.0,735.0,False,False
2610,2022-10-27 09:41:12.958856,-0.005847953216374324,0.0,-0.10000000000000142,0.0,17.05,17.1,17.0,17.05,265.0,1669.0,2983.0,735.0,False,False
2610,2022-10-27 09:41:13.045379,-0.005847953216374324,0.0,-0.10000000000000142,0.0,17.05,17.1,17.0,17.05,216.0,1669.0,2983.0,735.0,False,False
2610,2022-10-27 09:41:13.106739,-0.005847953216374324,0.0,-0.10000000000000142,0.0,17.05,17.1,17.0,17.05,213.0,1669.0,2983.0,735.0,False,False
2610,2022-10-27 09:41:13.127597,-0.005847953216374324,0.0,-0.10000000000000142,0.0,17.05,17.1,17.0,17.05,213.0,1669.0,2983.0,735.0,False,False
2610,2022-10-27 09:41:13.147688,-0.005847953216374324,0.0,-0.10000000000000142,0.0,17.05,17.1,17.0,17.05,217.0,1669.0,2983.0,735.0,False,False
