symbol,datetime,NaOb_r,NbOa_r,NaOb_s,NbOa_s,bid1,ask1,odd_bid1,odd_ask1,bidQty1,askQty1,odd_bidQty1,odd_askQty1,simulate,triggerbyOdd
2618,2022-10-27 09:33:56.707378,0.0,-0.004273504273504147,0.0,-0.09999999999999787,23.3,23.35,23.35,23.4,253.0,83.0,442.0,867.0,True,True
2618,2022-10-27 09:33:57.070263,0.0,-0.004273504273504147,0.0,-0.09999999999999787,23.3,23.35,23.35,23.4,253.0,83.0,442.0,867.0,False,False
2618,2022-10-27 09:33:57.244736,0.0,-0.004273504273504147,0.0,-0.09999999999999787,23.3,23.35,23.35,23.4,253.0,83.0,442.0,867.0,False,False
2618,2022-10-27 09:33:58.006799,0.0,-0.004273504273504147,0.0,-0.09999999999999787,23.3,23.35,23.35,23.4,253.0,83.0,442.0,867.0,False,False
2618,2022-10-27 09:33:58.278451,0.0,-0.004273504273504147,0.0,-0.09999999999999787,23.3,23.35,23.35,23.4,253.0,83.0,442.0,867.0,False,False
2618,2022-10-27 09:33:59.142568,0.0,-0.004273504273504147,0.0,-0.09999999999999787,23.3,23.35,23.35,23.4,253.0,83.0,442.0,867.0,False,False
2618,2022-10-27 09:33:59.479182,0.0,-0.004273504273504147,0.0,-0.09999999999999787,23.3,23.35,23.35,23.4,263.0,83.0,442.0,867.0,False,False
2618,2022-10-27 09:34:01.284633,0.0,-0.004273504273504147,0.0,-0.09999999999999787,23.3,23.35,23.35,23.4,263.0,83.0,442.0,867.0,False,False
2618,2022-10-27 09:34:03.117393,0.0,-0.004273504273504147,0.0,-0.09999999999999787,23.3,23.35,23.35,23.4,263.0,83.0,442.0,867.0,False,False
2618,2022-10-27 09:34:03.740278,0.0,-0.004273504273504147,0.0,-0.09999999999999787,23.3,23.35,23.35,23.4,263.0,83.0,442.0,867.0,False,False
2618,2022-10-27 09:34:04.084282,0.0,-0.004273504273504147,0.0,-0.09999999999999787,23.3,23.35,23.35,23.4,263.0,83.0,442.0,867.0,False,False
2618,2022-10-27 09:34:04.392791,0.0,-0.004273504273504147,0.0,-0.09999999999999787,23.3,23.35,23.35,23.4,264.0,83.0,442.0,867.0,False,False
2618,2022-10-27 09:34:04.676190,0.0,-0.004273504273504147,0.0,-0.09999999999999787,23.3,23.35,23.35,23.4,264.0,83.0,442.0,867.0,False,False
2618,2022-10-27 09:34:04.714352,0.0,-0.004273504273504147,0.0,-0.09999999999999787,23.3,23.35,23.35,23.4,264.0,83.0,442.0,867.0,False,False
2618,2022-10-27 09:34:04.746070,0.0,-0.004273504273504147,0.0,-0.09999999999999787,23.3,23.35,23.35,23.4,264.0,83.0,442.0,867.0,False,False
2618,2022-10-27 09:34:05.370251,0.0,-0.004273504273504147,0.0,-0.09999999999999787,23.3,23.35,23.35,23.4,259.0,83.0,442.0,867.0,False,False
2618,2022-10-27 09:34:05.399293,0.0,-0.004273504273504147,0.0,-0.09999999999999787,23.3,23.35,23.35,23.4,259.0,83.0,442.0,867.0,False,False
2618,2022-10-27 09:34:05.448074,0.0,-0.004273504273504147,0.0,-0.09999999999999787,23.3,23.35,23.35,23.4,259.0,83.0,442.0,867.0,False,False
2618,2022-10-27 09:34:05.700889,0.0,-0.004273504273504147,0.0,-0.09999999999999787,23.3,23.35,23.35,23.4,259.0,83.0,442.0,867.0,False,False
2618,2022-10-27 09:34:05.758276,0.0,-0.004273504273504147,0.0,-0.09999999999999787,23.3,23.35,23.35,23.4,260.0,83.0,442.0,867.0,False,False
2618,2022-10-27 09:34:06.152693,0.0,-0.004273504273504147,0.0,-0.09999999999999787,23.3,23.35,23.35,23.4,260.0,83.0,442.0,867.0,False,True
2618,2022-10-27 09:34:06.251715,0.0,-0.004273504273504147,0.0,-0.09999999999999787,23.3,23.35,23.35,23.4,257.0,80.0,442.0,867.0,False,False
2618,2022-10-27 09:34:06.270117,0.0,-0.004273504273504147,0.0,-0.09999999999999787,23.3,23.35,23.35,23.4,257.0,80.0,442.0,867.0,False,False
2618,2022-10-27 09:34:06.437605,0.0,-0.004273504273504147,0.0,-0.09999999999999787,23.3,23.35,23.35,23.4,257.0,80.0,442.0,867.0,False,False
2618,2022-10-27 09:34:07.094866,0.0,-0.004273504273504147,0.0,-0.09999999999999787,23.3,23.35,23.35,23.4,277.0,80.0,442.0,867.0,False,False
2618,2022-10-27 09:34:07.832329,0.0,-0.004273504273504147,0.0,-0.09999999999999787,23.3,23.35,23.35,23.4,277.0,80.0,442.0,867.0,False,False
2618,2022-10-27 09:34:07.851412,0.0,-0.004273504273504147,0.0,-0.09999999999999787,23.3,23.35,23.35,23.4,279.0,80.0,442.0,867.0,False,False
2618,2022-10-27 09:34:08.152698,0.0,-0.004273504273504147,0.0,-0.09999999999999787,23.3,23.35,23.35,23.4,279.0,79.0,442.0,867.0,False,False
2618,2022-10-27 09:34:08.461046,0.0,-0.004273504273504147,0.0,-0.09999999999999787,23.3,23.35,23.35,23.4,279.0,79.0,442.0,867.0,False,False
2618,2022-10-27 09:34:08.545568,0.0,-0.004273504273504147,0.0,-0.09999999999999787,23.3,23.35,23.35,23.4,279.0,82.0,442.0,867.0,False,False
2618,2022-10-27 09:34:09.979262,0.0,-0.004273504273504147,0.0,-0.09999999999999787,23.3,23.35,23.35,23.4,279.0,83.0,442.0,867.0,False,False
2618,2022-10-27 09:34:09.989254,0.0,-0.004273504273504147,0.0,-0.09999999999999787,23.3,23.35,23.35,23.4,279.0,83.0,442.0,867.0,False,False
2618,2022-10-27 09:34:11.255709,0.0,-0.004273504273504147,0.0,-0.09999999999999787,23.3,23.35,23.35,23.4,279.0,83.0,442.0,867.0,False,False
2618,2022-10-27 09:34:11.278409,0.0,-0.004273504273504147,0.0,-0.09999999999999787,23.3,23.35,23.35,23.4,279.0,82.0,442.0,867.0,False,False
2618,2022-10-27 09:34:11.373749,0.0,-0.004273504273504147,0.0,-0.09999999999999787,23.3,23.35,23.35,23.4,279.0,82.0,442.0,867.0,False,False
2618,2022-10-27 09:34:11.484583,0.0,-0.004273504273504147,0.0,-0.09999999999999787,23.3,23.35,23.35,23.4,279.0,82.0,442.0,867.0,False,False
2618,2022-10-27 09:34:11.750343,0.0,-0.004273504273504147,0.0,-0.09999999999999787,23.3,23.35,23.35,23.4,289.0,82.0,442.0,867.0,False,False
2618,2022-10-27 09:34:11.774932,0.0,-0.004273504273504147,0.0,-0.09999999999999787,23.3,23.35,23.35,23.4,289.0,82.0,442.0,867.0,False,False
2618,2022-10-27 09:34:13.332619,0.0,-0.004273504273504147,0.0,-0.09999999999999787,23.3,23.35,23.35,23.4,292.0,82.0,442.0,867.0,False,False
2618,2022-10-27 09:34:13.383102,0.0,-0.004273504273504147,0.0,-0.09999999999999787,23.3,23.35,23.35,23.4,291.0,82.0,442.0,867.0,False,False
2618,2022-10-27 09:34:13.501389,0.0,-0.004273504273504147,0.0,-0.09999999999999787,23.3,23.35,23.35,23.4,292.0,82.0,442.0,867.0,False,False
2618,2022-10-27 09:34:13.961493,0.0,-0.004273504273504147,0.0,-0.09999999999999787,23.3,23.35,23.35,23.4,292.0,82.0,442.0,867.0,False,False
2618,2022-10-27 09:34:16.188691,0.0,-0.004273504273504147,0.0,-0.09999999999999787,23.3,23.35,23.35,23.4,292.0,82.0,442.0,867.0,True,True
2618,2022-10-27 09:34:16.234323,0.0,-0.004273504273504147,0.0,-0.09999999999999787,23.3,23.35,23.35,23.4,291.0,82.0,442.0,867.0,False,False
2618,2022-10-27 09:34:16.583158,0.0,-0.004273504273504147,0.0,-0.09999999999999787,23.3,23.35,23.35,23.4,291.0,82.0,442.0,867.0,False,False
2618,2022-10-27 09:34:18.151670,0.0,-0.004273504273504147,0.0,-0.09999999999999787,23.3,23.35,23.35,23.4,291.0,57.0,442.0,867.0,False,False
2618,2022-10-27 09:34:18.222802,0.0,-0.004273504273504147,0.0,-0.09999999999999787,23.3,23.35,23.35,23.4,291.0,54.0,442.0,867.0,False,False
2618,2022-10-27 09:34:18.876500,0.0,-0.004273504273504147,0.0,-0.09999999999999787,23.3,23.35,23.35,23.4,305.0,54.0,442.0,867.0,False,False
2618,2022-10-27 09:34:18.917039,0.0,-0.004273504273504147,0.0,-0.09999999999999787,23.3,23.35,23.35,23.4,328.0,54.0,442.0,867.0,False,False
2618,2022-10-27 09:34:18.957785,0.0,-0.004273504273504147,0.0,-0.09999999999999787,23.3,23.35,23.35,23.4,331.0,54.0,442.0,867.0,False,False
2618,2022-10-27 09:34:19.403894,0.0,-0.004273504273504147,0.0,-0.09999999999999787,23.3,23.35,23.35,23.4,331.0,42.0,442.0,867.0,False,False
2618,2022-10-27 09:34:19.529875,0.0,-0.004273504273504147,0.0,-0.09999999999999787,23.3,23.35,23.35,23.4,331.0,37.0,442.0,867.0,False,False
2618,2022-10-27 09:34:19.621798,0.0,-0.004273504273504147,0.0,-0.09999999999999787,23.3,23.35,23.35,23.4,331.0,36.0,442.0,867.0,False,False
2618,2022-10-27 09:34:21.435642,0.0,-0.004273504273504147,0.0,-0.09999999999999787,23.3,23.35,23.35,23.4,331.0,35.0,442.0,867.0,False,False
2618,2022-10-27 09:34:21.641470,0.0,-0.004273504273504147,0.0,-0.09999999999999787,23.3,23.35,23.35,23.4,331.0,35.0,442.0,867.0,False,False
2618,2022-10-27 09:34:22.819376,0.0,-0.004273504273504147,0.0,-0.09999999999999787,23.3,23.35,23.35,23.4,331.0,35.0,442.0,867.0,False,False
2618,2022-10-27 09:34:23.521786,0.0,-0.004273504273504147,0.0,-0.09999999999999787,23.3,23.35,23.35,23.4,331.0,35.0,442.0,867.0,False,False
2618,2022-10-27 09:34:23.964981,0.0,-0.004273504273504147,0.0,-0.09999999999999787,23.3,23.35,23.35,23.4,331.0,35.0,442.0,867.0,False,False
2618,2022-10-27 09:34:24.009107,0.0,-0.004273504273504147,0.0,-0.09999999999999787,23.3,23.35,23.35,23.4,331.0,35.0,442.0,867.0,False,False
2618,2022-10-27 09:34:24.699150,0.0,-0.004273504273504147,0.0,-0.09999999999999787,23.3,23.35,23.35,23.4,331.0,35.0,442.0,867.0,False,False
2618,2022-10-27 09:34:24.712030,0.0,-0.004273504273504147,0.0,-0.09999999999999787,23.3,23.35,23.35,23.4,321.0,35.0,442.0,867.0,False,False
2618,2022-10-27 09:34:25.527344,0.0,-0.004273504273504147,0.0,-0.09999999999999787,23.3,23.35,23.35,23.4,321.0,34.0,442.0,867.0,False,False
2618,2022-10-27 09:34:26.072148,0.0,-0.004273504273504147,0.0,-0.09999999999999787,23.3,23.35,23.35,23.4,326.0,34.0,442.0,867.0,False,False
2618,2022-10-27 09:34:26.229563,0.0,-0.004273504273504147,0.0,-0.09999999999999787,23.3,23.35,23.35,23.4,326.0,34.0,316.0,867.0,True,True
2618,2022-10-27 09:34:26.252317,0.0,-0.004273504273504147,0.0,-0.09999999999999787,23.3,23.35,23.35,23.4,326.0,32.0,316.0,867.0,False,False
2618,2022-10-27 09:34:26.289375,0.0,-0.004273504273504147,0.0,-0.09999999999999787,23.3,23.35,23.35,23.4,326.0,32.0,316.0,867.0,False,False
2618,2022-10-27 09:34:26.319975,0.0,-0.004273504273504147,0.0,-0.09999999999999787,23.3,23.35,23.35,23.4,326.0,32.0,316.0,867.0,False,False
2618,2022-10-27 09:34:26.851280,0.0,-0.004273504273504147,0.0,-0.09999999999999787,23.3,23.35,23.35,23.4,326.0,30.0,316.0,867.0,False,False
2618,2022-10-27 09:34:27.039641,0.0,-0.004273504273504147,0.0,-0.09999999999999787,23.3,23.35,23.35,23.4,326.0,29.0,316.0,867.0,False,False
2618,2022-10-27 09:34:27.232615,0.0,-0.004273504273504147,0.0,-0.09999999999999787,23.3,23.35,23.35,23.4,326.0,33.0,316.0,867.0,False,False
2618,2022-10-27 09:34:27.575012,0.0,-0.004273504273504147,0.0,-0.09999999999999787,23.3,23.35,23.35,23.4,326.0,32.0,316.0,867.0,False,False
2618,2022-10-27 09:34:27.738884,0.0,-0.004273504273504147,0.0,-0.09999999999999787,23.3,23.35,23.35,23.4,326.0,31.0,316.0,867.0,False,False
2618,2022-10-27 09:34:28.181315,0.0,-0.004273504273504147,0.0,-0.09999999999999787,23.3,23.35,23.35,23.4,326.0,116.0,316.0,867.0,False,False
2618,2022-10-27 09:34:28.210344,0.0,-0.004273504273504147,0.0,-0.09999999999999787,23.3,23.35,23.35,23.4,323.0,116.0,316.0,867.0,False,False
2618,2022-10-27 09:34:28.300608,0.0,-0.004273504273504147,0.0,-0.09999999999999787,23.3,23.35,23.35,23.4,323.0,116.0,316.0,867.0,False,False
2618,2022-10-27 09:34:28.547658,0.0,-0.004273504273504147,0.0,-0.09999999999999787,23.3,23.35,23.35,23.4,323.0,111.0,316.0,867.0,False,False
2618,2022-10-27 09:34:28.668272,0.0,-0.004273504273504147,0.0,-0.09999999999999787,23.3,23.35,23.35,23.4,323.0,111.0,316.0,867.0,False,False
2618,2022-10-27 09:34:28.771490,0.0,-0.004273504273504147,0.0,-0.09999999999999787,23.3,23.35,23.35,23.4,323.0,175.0,316.0,867.0,False,False
2618,2022-10-27 09:34:28.801785,0.0,-0.004273504273504147,0.0,-0.09999999999999787,23.3,23.35,23.35,23.4,300.0,175.0,316.0,867.0,False,False
2618,2022-10-27 09:34:28.832142,0.0,-0.004273504273504147,0.0,-0.09999999999999787,23.3,23.35,23.35,23.4,300.0,175.0,316.0,867.0,False,False
2618,2022-10-27 09:34:29.089161,0.0,-0.004273504273504147,0.0,-0.09999999999999787,23.3,23.35,23.35,23.4,300.0,174.0,316.0,867.0,False,False
2618,2022-10-27 09:34:29.383162,0.0,-0.004273504273504147,0.0,-0.09999999999999787,23.3,23.35,23.35,23.4,300.0,171.0,316.0,867.0,False,False
2618,2022-10-27 09:34:29.661162,0.0,-0.004273504273504147,0.0,-0.09999999999999787,23.3,23.35,23.35,23.4,300.0,171.0,316.0,867.0,False,False
2618,2022-10-27 09:34:29.835834,0.0,-0.004273504273504147,0.0,-0.09999999999999787,23.3,23.35,23.35,23.4,300.0,71.0,316.0,867.0,False,False
2618,2022-10-27 09:34:29.871138,0.0,-0.004273504273504147,0.0,-0.09999999999999787,23.3,23.35,23.35,23.4,300.0,71.0,316.0,867.0,False,False
2618,2022-10-27 09:34:29.871174,0.0,-0.004273504273504147,0.0,-0.09999999999999787,23.3,23.35,23.35,23.4,300.0,71.0,316.0,867.0,False,False
2618,2022-10-27 09:34:30.076497,0.0,-0.004273504273504147,0.0,-0.09999999999999787,23.3,23.35,23.35,23.4,300.0,71.0,316.0,867.0,False,False
2618,2022-10-27 09:34:30.824345,0.0,-0.004273504273504147,0.0,-0.09999999999999787,23.3,23.35,23.35,23.4,286.0,71.0,316.0,867.0,False,False
2618,2022-10-27 09:34:31.111260,0.0,-0.004273504273504147,0.0,-0.09999999999999787,23.3,23.35,23.35,23.4,286.0,71.0,316.0,867.0,False,False
2618,2022-10-27 09:34:31.511907,0.0,-0.004273504273504147,0.0,-0.09999999999999787,23.3,23.35,23.35,23.4,286.0,66.0,316.0,867.0,False,False
2618,2022-10-27 09:34:32.315371,0.0,-0.004273504273504147,0.0,-0.09999999999999787,23.3,23.35,23.35,23.4,286.0,66.0,316.0,867.0,False,False
2618,2022-10-27 09:34:32.601698,0.0,-0.004273504273504147,0.0,-0.09999999999999787,23.3,23.35,23.35,23.4,286.0,46.0,316.0,867.0,False,False
2618,2022-10-27 09:34:32.704302,0.0,-0.004273504273504147,0.0,-0.09999999999999787,23.3,23.35,23.35,23.4,286.0,44.0,316.0,867.0,False,False
2618,2022-10-27 09:34:32.787563,0.0,-0.004273504273504147,0.0,-0.09999999999999787,23.3,23.35,23.35,23.4,286.0,44.0,316.0,867.0,False,False
2618,2022-10-27 09:34:33.035570,0.0,-0.004273504273504147,0.0,-0.09999999999999787,23.3,23.35,23.35,23.4,286.0,44.0,316.0,867.0,False,False
2618,2022-10-27 09:34:33.214414,0.0,-0.004273504273504147,0.0,-0.09999999999999787,23.3,23.35,23.35,23.4,286.0,44.0,316.0,867.0,False,False
2618,2022-10-27 09:34:33.279992,0.0,-0.004273504273504147,0.0,-0.09999999999999787,23.3,23.35,23.35,23.4,286.0,43.0,316.0,867.0,False,False
2618,2022-10-27 09:34:33.864951,0.0,-0.004273504273504147,0.0,-0.09999999999999787,23.3,23.35,23.35,23.4,286.0,43.0,316.0,867.0,False,False
2618,2022-10-27 09:34:34.133531,0.0,-0.004273504273504147,0.0,-0.09999999999999787,23.3,23.35,23.35,23.4,286.0,43.0,316.0,867.0,False,False
2618,2022-10-27 09:34:35.462100,0.0,-0.004273504273504147,0.0,-0.09999999999999787,23.3,23.35,23.35,23.4,286.0,43.0,316.0,867.0,False,False
2618,2022-10-27 09:34:35.893101,0.0,-0.004273504273504147,0.0,-0.09999999999999787,23.3,23.35,23.35,23.4,286.0,43.0,316.0,867.0,False,False
2618,2022-10-27 09:34:36.314084,0.0,-0.004273504273504147,0.0,-0.09999999999999787,23.3,23.35,23.35,23.4,286.0,42.0,316.0,867.0,False,False
2618,2022-10-27 09:34:36.467402,0.0,-0.004273504273504147,0.0,-0.09999999999999787,23.3,23.35,23.35,23.4,286.0,42.0,316.0,867.0,False,False
2618,2022-10-27 09:34:36.692850,0.0,-0.004273504273504147,0.0,-0.09999999999999787,23.3,23.35,23.35,23.4,286.0,43.0,316.0,867.0,False,False
2618,2022-10-27 09:34:36.743398,0.0,-0.004273504273504147,0.0,-0.09999999999999787,23.3,23.35,23.35,23.4,286.0,43.0,316.0,867.0,False,False
2618,2022-10-27 09:34:37.571083,-0.002136752136752018,-0.002136752136752018,-0.04999999999999716,-0.04999999999999716,23.35,23.4,23.35,23.4,107.0,300.0,316.0,867.0,False,False
2618,2022-10-27 09:34:37.603507,-0.002136752136752018,-0.002136752136752018,-0.04999999999999716,-0.04999999999999716,23.35,23.4,23.35,23.4,107.0,300.0,316.0,867.0,False,False
2618,2022-10-27 09:34:37.713033,-0.002136752136752018,-0.002136752136752018,-0.04999999999999716,-0.04999999999999716,23.35,23.4,23.35,23.4,109.0,298.0,316.0,867.0,False,False
2618,2022-10-27 09:34:37.772666,-0.002136752136752018,-0.002136752136752018,-0.04999999999999716,-0.04999999999999716,23.35,23.4,23.35,23.4,109.0,298.0,316.0,867.0,False,False
2618,2022-10-27 09:34:38.059753,-0.002136752136752018,-0.002136752136752018,-0.04999999999999716,-0.04999999999999716,23.35,23.4,23.35,23.4,114.0,298.0,316.0,867.0,False,False
2618,2022-10-27 09:34:38.383319,-0.002136752136752018,-0.002136752136752018,-0.04999999999999716,-0.04999999999999716,23.35,23.4,23.35,23.4,114.0,298.0,316.0,867.0,False,False
2618,2022-10-27 09:34:38.691871,-0.002136752136752018,-0.002136752136752018,-0.04999999999999716,-0.04999999999999716,23.35,23.4,23.35,23.4,114.0,298.0,316.0,867.0,False,False
2618,2022-10-27 09:34:38.693374,-0.002136752136752018,-0.002136752136752018,-0.04999999999999716,-0.04999999999999716,23.35,23.4,23.35,23.4,114.0,298.0,316.0,867.0,False,False
2618,2022-10-27 09:34:38.895369,-0.002136752136752018,-0.002136752136752018,-0.04999999999999716,-0.04999999999999716,23.35,23.4,23.35,23.4,115.0,298.0,316.0,867.0,False,False
2618,2022-10-27 09:34:38.910189,-0.002136752136752018,-0.002136752136752018,-0.04999999999999716,-0.04999999999999716,23.35,23.4,23.35,23.4,115.0,298.0,316.0,867.0,False,False
2618,2022-10-27 09:34:39.207826,-0.002136752136752018,-0.002136752136752018,-0.04999999999999716,-0.04999999999999716,23.35,23.4,23.35,23.4,116.0,298.0,316.0,867.0,False,False
2618,2022-10-27 09:34:40.407776,-0.002136752136752018,-0.002136752136752018,-0.04999999999999716,-0.04999999999999716,23.35,23.4,23.35,23.4,116.0,298.0,316.0,867.0,False,False
2618,2022-10-27 09:34:40.409494,-0.002136752136752018,-0.002136752136752018,-0.04999999999999716,-0.04999999999999716,23.35,23.4,23.35,23.4,116.0,298.0,316.0,867.0,False,False
2618,2022-10-27 09:34:40.482077,-0.002136752136752018,-0.002136752136752018,-0.04999999999999716,-0.04999999999999716,23.35,23.4,23.35,23.4,116.0,298.0,316.0,867.0,False,False
2618,2022-10-27 09:34:41.740272,-0.002136752136752018,-0.002136752136752018,-0.04999999999999716,-0.04999999999999716,23.35,23.4,23.35,23.4,116.0,298.0,316.0,867.0,False,False
2618,2022-10-27 09:34:41.917866,-0.002136752136752018,-0.002136752136752018,-0.04999999999999716,-0.04999999999999716,23.35,23.4,23.35,23.4,116.0,298.0,316.0,867.0,False,False
2618,2022-10-27 09:34:42.125314,-0.002136752136752018,-0.002136752136752018,-0.04999999999999716,-0.04999999999999716,23.35,23.4,23.35,23.4,116.0,298.0,316.0,867.0,False,False
2618,2022-10-27 09:34:42.456887,-0.002136752136752018,-0.002136752136752018,-0.04999999999999716,-0.04999999999999716,23.35,23.4,23.35,23.4,116.0,298.0,316.0,867.0,False,False
2618,2022-10-27 09:34:42.796796,-0.002136752136752018,-0.002136752136752018,-0.04999999999999716,-0.04999999999999716,23.35,23.4,23.35,23.4,120.0,298.0,316.0,867.0,False,False
2618,2022-10-27 09:34:43.268362,-0.002136752136752018,-0.002136752136752018,-0.04999999999999716,-0.04999999999999716,23.35,23.4,23.35,23.4,120.0,297.0,316.0,867.0,False,False
2618,2022-10-27 09:34:43.902704,-0.002136752136752018,-0.002136752136752018,-0.04999999999999716,-0.04999999999999716,23.35,23.4,23.35,23.4,140.0,297.0,316.0,867.0,False,False
2618,2022-10-27 09:34:44.685747,-0.002136752136752018,-0.002136752136752018,-0.04999999999999716,-0.04999999999999716,23.35,23.4,23.35,23.4,140.0,297.0,316.0,867.0,False,False
2618,2022-10-27 09:34:44.686094,-0.002136752136752018,-0.002136752136752018,-0.04999999999999716,-0.04999999999999716,23.35,23.4,23.35,23.4,140.0,297.0,316.0,867.0,False,False
2618,2022-10-27 09:34:45.067468,-0.002136752136752018,-0.002136752136752018,-0.04999999999999716,-0.04999999999999716,23.35,23.4,23.35,23.4,141.0,297.0,316.0,867.0,False,False
2618,2022-10-27 09:34:45.165720,-0.002136752136752018,-0.002136752136752018,-0.04999999999999716,-0.04999999999999716,23.35,23.4,23.35,23.4,141.0,297.0,316.0,867.0,False,False
2618,2022-10-27 09:34:45.717333,-0.002136752136752018,-0.002136752136752018,-0.04999999999999716,-0.04999999999999716,23.35,23.4,23.35,23.4,141.0,297.0,316.0,867.0,False,False
2618,2022-10-27 09:34:47.045382,-0.002136752136752018,-0.002136752136752018,-0.04999999999999716,-0.04999999999999716,23.35,23.4,23.35,23.4,141.0,297.0,316.0,867.0,False,False
2618,2022-10-27 09:34:47.105421,-0.002136752136752018,-0.002136752136752018,-0.04999999999999716,-0.04999999999999716,23.35,23.4,23.35,23.4,141.0,297.0,316.0,867.0,False,False
2618,2022-10-27 09:34:47.321114,-0.002136752136752018,-0.002136752136752018,-0.04999999999999716,-0.04999999999999716,23.35,23.4,23.35,23.4,141.0,297.0,316.0,867.0,False,False
2618,2022-10-27 09:34:48.536270,-0.002136752136752018,-0.002136752136752018,-0.04999999999999716,-0.04999999999999716,23.35,23.4,23.35,23.4,141.0,297.0,316.0,867.0,False,False
2618,2022-10-27 09:34:48.890449,-0.002136752136752018,-0.002136752136752018,-0.04999999999999716,-0.04999999999999716,23.35,23.4,23.35,23.4,141.0,297.0,316.0,867.0,False,False
2618,2022-10-27 09:34:49.011333,-0.002136752136752018,-0.002136752136752018,-0.04999999999999716,-0.04999999999999716,23.35,23.4,23.35,23.4,141.0,297.0,316.0,867.0,False,False
2618,2022-10-27 09:34:49.800286,-0.002136752136752018,-0.002136752136752018,-0.04999999999999716,-0.04999999999999716,23.35,23.4,23.35,23.4,141.0,297.0,316.0,867.0,False,False
2618,2022-10-27 09:34:50.991198,-0.002136752136752018,-0.002136752136752018,-0.04999999999999716,-0.04999999999999716,23.35,23.4,23.35,23.4,141.0,298.0,316.0,867.0,False,False
2618,2022-10-27 09:34:51.014261,-0.002136752136752018,-0.002136752136752018,-0.04999999999999716,-0.04999999999999716,23.35,23.4,23.35,23.4,141.0,298.0,316.0,867.0,False,False
2618,2022-10-27 09:34:51.090904,-0.002136752136752018,-0.002136752136752018,-0.04999999999999716,-0.04999999999999716,23.35,23.4,23.35,23.4,141.0,298.0,316.0,867.0,False,False
2618,2022-10-27 09:34:51.545982,-0.002136752136752018,-0.002136752136752018,-0.04999999999999716,-0.04999999999999716,23.35,23.4,23.35,23.4,141.0,298.0,316.0,867.0,False,False
2618,2022-10-27 09:34:51.547026,-0.002136752136752018,-0.002136752136752018,-0.04999999999999716,-0.04999999999999716,23.35,23.4,23.35,23.4,141.0,298.0,316.0,867.0,False,False
2618,2022-10-27 09:34:51.610766,-0.002136752136752018,-0.002136752136752018,-0.04999999999999716,-0.04999999999999716,23.35,23.4,23.35,23.4,141.0,298.0,316.0,867.0,False,False
2618,2022-10-27 09:34:51.760324,-0.002136752136752018,-0.002136752136752018,-0.04999999999999716,-0.04999999999999716,23.35,23.4,23.35,23.4,141.0,298.0,316.0,867.0,False,False
2618,2022-10-27 09:34:51.960572,-0.002136752136752018,-0.002136752136752018,-0.04999999999999716,-0.04999999999999716,23.35,23.4,23.35,23.4,142.0,298.0,316.0,867.0,False,False
2618,2022-10-27 09:34:51.987601,-0.002136752136752018,-0.002136752136752018,-0.04999999999999716,-0.04999999999999716,23.35,23.4,23.35,23.4,142.0,298.0,316.0,867.0,False,False
2618,2022-10-27 09:34:52.018211,-0.002136752136752018,-0.002136752136752018,-0.04999999999999716,-0.04999999999999716,23.35,23.4,23.35,23.4,142.0,298.0,316.0,867.0,False,False
2618,2022-10-27 09:34:53.010409,-0.002136752136752018,-0.002136752136752018,-0.04999999999999716,-0.04999999999999716,23.35,23.4,23.35,23.4,141.0,298.0,316.0,867.0,False,False
2618,2022-10-27 09:34:54.022112,-0.002136752136752018,-0.002136752136752018,-0.04999999999999716,-0.04999999999999716,23.35,23.4,23.35,23.4,141.0,298.0,316.0,867.0,False,False
2618,2022-10-27 09:34:54.023251,-0.002136752136752018,-0.002136752136752018,-0.04999999999999716,-0.04999999999999716,23.35,23.4,23.35,23.4,141.0,298.0,316.0,867.0,False,False
2618,2022-10-27 09:34:54.346624,-0.002136752136752018,-0.002136752136752018,-0.04999999999999716,-0.04999999999999716,23.35,23.4,23.35,23.4,141.0,298.0,316.0,867.0,False,False
2618,2022-10-27 09:34:54.386992,-0.002136752136752018,-0.002136752136752018,-0.04999999999999716,-0.04999999999999716,23.35,23.4,23.35,23.4,141.0,298.0,316.0,867.0,False,False
2618,2022-10-27 09:34:54.585237,-0.002136752136752018,-0.002136752136752018,-0.04999999999999716,-0.04999999999999716,23.35,23.4,23.35,23.4,141.0,298.0,316.0,867.0,False,False
2618,2022-10-27 09:34:55.398706,-0.002136752136752018,-0.002136752136752018,-0.04999999999999716,-0.04999999999999716,23.35,23.4,23.35,23.4,140.0,298.0,316.0,867.0,False,False
2618,2022-10-27 09:34:55.810054,-0.002136752136752018,-0.002136752136752018,-0.04999999999999716,-0.04999999999999716,23.35,23.4,23.35,23.4,140.0,298.0,316.0,867.0,False,False
2618,2022-10-27 09:34:57.987069,-0.002136752136752018,-0.002136752136752018,-0.04999999999999716,-0.04999999999999716,23.35,23.4,23.35,23.4,141.0,298.0,316.0,867.0,False,False
2618,2022-10-27 09:34:58.026351,-0.002136752136752018,-0.002136752136752018,-0.04999999999999716,-0.04999999999999716,23.35,23.4,23.35,23.4,142.0,298.0,316.0,867.0,False,False
2618,2022-10-27 09:34:58.680466,-0.002136752136752018,-0.002136752136752018,-0.04999999999999716,-0.04999999999999716,23.35,23.4,23.35,23.4,142.0,298.0,316.0,867.0,False,False
2618,2022-10-27 09:34:59.338329,-0.002136752136752018,-0.002136752136752018,-0.04999999999999716,-0.04999999999999716,23.35,23.4,23.35,23.4,142.0,298.0,316.0,867.0,False,False
2618,2022-10-27 09:34:59.370219,-0.002136752136752018,-0.002136752136752018,-0.04999999999999716,-0.04999999999999716,23.35,23.4,23.35,23.4,142.0,298.0,316.0,867.0,False,False
2618,2022-10-27 09:34:59.500123,-0.002136752136752018,-0.002136752136752018,-0.04999999999999716,-0.04999999999999716,23.35,23.4,23.35,23.4,142.0,298.0,316.0,867.0,False,False
2618,2022-10-27 09:35:00.610153,-0.002136752136752018,-0.002136752136752018,-0.04999999999999716,-0.04999999999999716,23.35,23.4,23.35,23.4,142.0,298.0,316.0,867.0,False,False
2618,2022-10-27 09:35:01.822640,-0.002136752136752018,-0.002136752136752018,-0.04999999999999716,-0.04999999999999716,23.35,23.4,23.35,23.4,142.0,298.0,316.0,867.0,False,False
2618,2022-10-27 09:35:02.112051,-0.002136752136752018,-0.002136752136752018,-0.04999999999999716,-0.04999999999999716,23.35,23.4,23.35,23.4,142.0,298.0,316.0,867.0,False,False
2618,2022-10-27 09:35:02.241807,-0.002136752136752018,-0.002136752136752018,-0.04999999999999716,-0.04999999999999716,23.35,23.4,23.35,23.4,141.0,298.0,316.0,867.0,False,False
2618,2022-10-27 09:35:02.859178,-0.002136752136752018,-0.002136752136752018,-0.04999999999999716,-0.04999999999999716,23.35,23.4,23.35,23.4,141.0,298.0,316.0,867.0,False,False
2618,2022-10-27 09:35:04.144646,-0.002136752136752018,-0.002136752136752018,-0.04999999999999716,-0.04999999999999716,23.35,23.4,23.35,23.4,141.0,296.0,316.0,867.0,False,False
2618,2022-10-27 09:35:05.565682,-0.002136752136752018,-0.002136752136752018,-0.04999999999999716,-0.04999999999999716,23.35,23.4,23.35,23.4,140.0,296.0,316.0,867.0,False,False
2618,2022-10-27 09:35:06.032966,-0.002136752136752018,-0.002136752136752018,-0.04999999999999716,-0.04999999999999716,23.35,23.4,23.35,23.4,140.0,296.0,316.0,867.0,False,False
2618,2022-10-27 09:35:06.094753,-0.002136752136752018,-0.002136752136752018,-0.04999999999999716,-0.04999999999999716,23.35,23.4,23.35,23.4,140.0,296.0,316.0,867.0,False,False
2618,2022-10-27 09:35:06.422697,-0.002136752136752018,-0.002136752136752018,-0.04999999999999716,-0.04999999999999716,23.35,23.4,23.35,23.4,140.0,294.0,316.0,867.0,False,False
2618,2022-10-27 09:35:06.959138,-0.002136752136752018,-0.002136752136752018,-0.04999999999999716,-0.04999999999999716,23.35,23.4,23.35,23.4,140.0,294.0,316.0,867.0,False,False
2618,2022-10-27 09:35:07.039549,-0.002136752136752018,-0.002136752136752018,-0.04999999999999716,-0.04999999999999716,23.35,23.4,23.35,23.4,140.0,294.0,316.0,867.0,False,False
2618,2022-10-27 09:35:07.156135,-0.002136752136752018,-0.002136752136752018,-0.04999999999999716,-0.04999999999999716,23.35,23.4,23.35,23.4,141.0,294.0,316.0,867.0,False,False
2618,2022-10-27 09:35:07.210812,-0.002136752136752018,-0.002136752136752018,-0.04999999999999716,-0.04999999999999716,23.35,23.4,23.35,23.4,141.0,294.0,316.0,867.0,False,False
2618,2022-10-27 09:35:08.261413,-0.002136752136752018,-0.002136752136752018,-0.04999999999999716,-0.04999999999999716,23.35,23.4,23.35,23.4,142.0,294.0,316.0,867.0,False,False
2618,2022-10-27 09:35:08.592510,-0.002136752136752018,-0.002136752136752018,-0.04999999999999716,-0.04999999999999716,23.35,23.4,23.35,23.4,142.0,294.0,316.0,867.0,False,False
2618,2022-10-27 09:35:08.886616,-0.002136752136752018,-0.002136752136752018,-0.04999999999999716,-0.04999999999999716,23.35,23.4,23.35,23.4,145.0,294.0,316.0,867.0,False,False
2618,2022-10-27 09:35:10.200196,-0.002136752136752018,-0.002136752136752018,-0.04999999999999716,-0.04999999999999716,23.35,23.4,23.35,23.4,145.0,294.0,316.0,867.0,False,False
2618,2022-10-27 09:35:10.495401,-0.002136752136752018,-0.002136752136752018,-0.04999999999999716,-0.04999999999999716,23.35,23.4,23.35,23.4,145.0,294.0,316.0,867.0,False,False
2618,2022-10-27 09:35:10.727054,-0.002136752136752018,-0.002136752136752018,-0.04999999999999716,-0.04999999999999716,23.35,23.4,23.35,23.4,145.0,294.0,316.0,867.0,False,False
2618,2022-10-27 09:35:10.801976,-0.002136752136752018,-0.002136752136752018,-0.04999999999999716,-0.04999999999999716,23.35,23.4,23.35,23.4,145.0,294.0,316.0,867.0,False,False
2618,2022-10-27 09:35:10.858925,-0.002136752136752018,-0.002136752136752018,-0.04999999999999716,-0.04999999999999716,23.35,23.4,23.35,23.4,145.0,294.0,316.0,867.0,False,False
2618,2022-10-27 09:35:10.975615,-0.002136752136752018,-0.002136752136752018,-0.04999999999999716,-0.04999999999999716,23.35,23.4,23.35,23.4,145.0,294.0,316.0,867.0,False,False
2618,2022-10-27 09:35:11.351262,-0.002136752136752018,-0.002136752136752018,-0.04999999999999716,-0.04999999999999716,23.35,23.4,23.35,23.4,145.0,293.0,316.0,867.0,False,False
2618,2022-10-27 09:35:11.827841,-0.002136752136752018,-0.002136752136752018,-0.04999999999999716,-0.04999999999999716,23.35,23.4,23.35,23.4,145.0,293.0,316.0,867.0,False,False
2618,2022-10-27 09:35:13.308680,-0.002136752136752018,-0.002136752136752018,-0.04999999999999716,-0.04999999999999716,23.35,23.4,23.35,23.4,145.0,293.0,316.0,867.0,False,False
2618,2022-10-27 09:35:13.340838,-0.002136752136752018,-0.002136752136752018,-0.04999999999999716,-0.04999999999999716,23.35,23.4,23.35,23.4,145.0,293.0,316.0,867.0,False,False
2618,2022-10-27 09:35:13.702831,-0.002136752136752018,-0.002136752136752018,-0.04999999999999716,-0.04999999999999716,23.35,23.4,23.35,23.4,145.0,293.0,316.0,867.0,False,False
2618,2022-10-27 09:35:14.687957,-0.002136752136752018,-0.002136752136752018,-0.04999999999999716,-0.04999999999999716,23.35,23.4,23.35,23.4,145.0,293.0,316.0,867.0,False,False
2618,2022-10-27 09:35:15.170014,-0.002136752136752018,-0.002136752136752018,-0.04999999999999716,-0.04999999999999716,23.35,23.4,23.35,23.4,146.0,293.0,316.0,867.0,False,False
2618,2022-10-27 09:35:15.335032,-0.002136752136752018,-0.002136752136752018,-0.04999999999999716,-0.04999999999999716,23.35,23.4,23.35,23.4,147.0,293.0,316.0,867.0,False,False
2618,2022-10-27 09:35:16.482073,-0.002136752136752018,-0.002136752136752018,-0.04999999999999716,-0.04999999999999716,23.35,23.4,23.35,23.4,147.0,293.0,316.0,867.0,False,False
2618,2022-10-27 09:35:16.577078,-0.002136752136752018,-0.002136752136752018,-0.04999999999999716,-0.04999999999999716,23.35,23.4,23.35,23.4,147.0,293.0,316.0,867.0,False,False
2618,2022-10-27 09:35:16.695744,-0.002136752136752018,-0.002136752136752018,-0.04999999999999716,-0.04999999999999716,23.35,23.4,23.35,23.4,147.0,293.0,319.0,867.0,True,True
2618,2022-10-27 09:35:16.706568,-0.002136752136752018,-0.002136752136752018,-0.04999999999999716,-0.04999999999999716,23.35,23.4,23.35,23.4,147.0,277.0,319.0,867.0,False,False
2618,2022-10-27 09:35:17.418735,-0.002136752136752018,-0.002136752136752018,-0.04999999999999716,-0.04999999999999716,23.35,23.4,23.35,23.4,147.0,277.0,319.0,867.0,False,False
2618,2022-10-27 09:35:17.661605,-0.002136752136752018,-0.002136752136752018,-0.04999999999999716,-0.04999999999999716,23.35,23.4,23.35,23.4,147.0,277.0,319.0,867.0,False,False
2618,2022-10-27 09:35:17.706016,-0.002136752136752018,-0.002136752136752018,-0.04999999999999716,-0.04999999999999716,23.35,23.4,23.35,23.4,147.0,276.0,319.0,867.0,False,False
2618,2022-10-27 09:35:17.775185,-0.002136752136752018,-0.002136752136752018,-0.04999999999999716,-0.04999999999999716,23.35,23.4,23.35,23.4,147.0,276.0,319.0,867.0,False,False
2618,2022-10-27 09:35:17.932002,-0.002136752136752018,-0.002136752136752018,-0.04999999999999716,-0.04999999999999716,23.35,23.4,23.35,23.4,147.0,276.0,319.0,867.0,False,False
2618,2022-10-27 09:35:17.995700,-0.002136752136752018,-0.002136752136752018,-0.04999999999999716,-0.04999999999999716,23.35,23.4,23.35,23.4,147.0,276.0,319.0,867.0,False,False
2618,2022-10-27 09:35:18.208683,-0.002136752136752018,-0.002136752136752018,-0.04999999999999716,-0.04999999999999716,23.35,23.4,23.35,23.4,152.0,276.0,319.0,867.0,False,False
2618,2022-10-27 09:35:18.230755,-0.002136752136752018,-0.002136752136752018,-0.04999999999999716,-0.04999999999999716,23.35,23.4,23.35,23.4,147.0,276.0,319.0,867.0,False,False
2618,2022-10-27 09:35:18.433062,-0.002136752136752018,-0.002136752136752018,-0.04999999999999716,-0.04999999999999716,23.35,23.4,23.35,23.4,147.0,276.0,319.0,867.0,False,False
2618,2022-10-27 09:35:18.479345,-0.002136752136752018,-0.002136752136752018,-0.04999999999999716,-0.04999999999999716,23.35,23.4,23.35,23.4,147.0,276.0,319.0,867.0,False,False
2618,2022-10-27 09:35:19.332538,-0.002136752136752018,-0.002136752136752018,-0.04999999999999716,-0.04999999999999716,23.35,23.4,23.35,23.4,145.0,276.0,319.0,867.0,False,False
2618,2022-10-27 09:35:19.463993,-0.002136752136752018,-0.002136752136752018,-0.04999999999999716,-0.04999999999999716,23.35,23.4,23.35,23.4,145.0,276.0,319.0,867.0,False,False
2618,2022-10-27 09:35:19.774110,-0.002136752136752018,-0.002136752136752018,-0.04999999999999716,-0.04999999999999716,23.35,23.4,23.35,23.4,145.0,277.0,319.0,867.0,False,False
2618,2022-10-27 09:35:20.628067,-0.002136752136752018,-0.002136752136752018,-0.04999999999999716,-0.04999999999999716,23.35,23.4,23.35,23.4,155.0,277.0,319.0,867.0,False,False
2618,2022-10-27 09:35:20.659430,-0.002136752136752018,-0.002136752136752018,-0.04999999999999716,-0.04999999999999716,23.35,23.4,23.35,23.4,160.0,277.0,319.0,867.0,False,False
2618,2022-10-27 09:35:20.706753,-0.002136752136752018,-0.002136752136752018,-0.04999999999999716,-0.04999999999999716,23.35,23.4,23.35,23.4,161.0,277.0,319.0,867.0,False,False
2618,2022-10-27 09:35:21.680156,-0.002136752136752018,-0.002136752136752018,-0.04999999999999716,-0.04999999999999716,23.35,23.4,23.35,23.4,161.0,277.0,319.0,867.0,False,False
2618,2022-10-27 09:35:21.700203,-0.002136752136752018,-0.002136752136752018,-0.04999999999999716,-0.04999999999999716,23.35,23.4,23.35,23.4,156.0,277.0,319.0,867.0,False,False
2618,2022-10-27 09:35:23.060030,-0.002136752136752018,-0.002136752136752018,-0.04999999999999716,-0.04999999999999716,23.35,23.4,23.35,23.4,157.0,277.0,319.0,867.0,False,False
2618,2022-10-27 09:35:23.069082,-0.002136752136752018,-0.002136752136752018,-0.04999999999999716,-0.04999999999999716,23.35,23.4,23.35,23.4,156.0,277.0,319.0,867.0,False,False
2618,2022-10-27 09:35:23.072037,-0.002136752136752018,-0.002136752136752018,-0.04999999999999716,-0.04999999999999716,23.35,23.4,23.35,23.4,161.0,277.0,319.0,867.0,False,False
2618,2022-10-27 09:35:23.102194,-0.002136752136752018,-0.002136752136752018,-0.04999999999999716,-0.04999999999999716,23.35,23.4,23.35,23.4,156.0,277.0,319.0,867.0,False,False
2618,2022-10-27 09:35:23.518637,-0.002136752136752018,-0.002136752136752018,-0.04999999999999716,-0.04999999999999716,23.35,23.4,23.35,23.4,156.0,277.0,319.0,867.0,False,False
2618,2022-10-27 09:35:23.563027,-0.002136752136752018,-0.002136752136752018,-0.04999999999999716,-0.04999999999999716,23.35,23.4,23.35,23.4,156.0,277.0,319.0,867.0,False,False
2618,2022-10-27 09:35:23.908085,-0.002136752136752018,-0.002136752136752018,-0.04999999999999716,-0.04999999999999716,23.35,23.4,23.35,23.4,152.0,277.0,319.0,867.0,False,False
2618,2022-10-27 09:35:23.976855,-0.002136752136752018,-0.002136752136752018,-0.04999999999999716,-0.04999999999999716,23.35,23.4,23.35,23.4,152.0,277.0,319.0,867.0,False,False
2618,2022-10-27 09:35:25.987134,-0.002136752136752018,-0.002136752136752018,-0.04999999999999716,-0.04999999999999716,23.35,23.4,23.35,23.4,152.0,275.0,319.0,867.0,False,False
2618,2022-10-27 09:35:26.022149,-0.002136752136752018,-0.002136752136752018,-0.04999999999999716,-0.04999999999999716,23.35,23.4,23.35,23.4,157.0,275.0,319.0,867.0,False,False
2618,2022-10-27 09:35:26.062122,-0.002136752136752018,-0.002136752136752018,-0.04999999999999716,-0.04999999999999716,23.35,23.4,23.35,23.4,152.0,275.0,319.0,867.0,False,False
2618,2022-10-27 09:35:26.610464,-0.002136752136752018,-0.002136752136752018,-0.04999999999999716,-0.04999999999999716,23.35,23.4,23.35,23.4,142.0,275.0,319.0,867.0,False,False
2618,2022-10-27 09:35:26.708924,-0.002136752136752018,-0.002136752136752018,-0.04999999999999716,-0.04999999999999716,23.35,23.4,23.35,23.4,142.0,275.0,442.0,786.0,True,True
2618,2022-10-27 09:35:26.812965,-0.002136752136752018,-0.002136752136752018,-0.04999999999999716,-0.04999999999999716,23.35,23.4,23.35,23.4,163.0,275.0,442.0,786.0,False,False
2618,2022-10-27 09:35:26.848611,-0.002136752136752018,-0.002136752136752018,-0.04999999999999716,-0.04999999999999716,23.35,23.4,23.35,23.4,168.0,275.0,442.0,786.0,False,False
2618,2022-10-27 09:35:26.879262,-0.002136752136752018,-0.002136752136752018,-0.04999999999999716,-0.04999999999999716,23.35,23.4,23.35,23.4,163.0,275.0,442.0,786.0,False,False
2618,2022-10-27 09:35:27.295982,-0.002136752136752018,-0.002136752136752018,-0.04999999999999716,-0.04999999999999716,23.35,23.4,23.35,23.4,163.0,275.0,442.0,786.0,False,False
2618,2022-10-27 09:35:28.152853,-0.002136752136752018,-0.002136752136752018,-0.04999999999999716,-0.04999999999999716,23.35,23.4,23.35,23.4,163.0,277.0,442.0,786.0,False,False
2618,2022-10-27 09:35:28.543212,-0.002136752136752018,-0.002136752136752018,-0.04999999999999716,-0.04999999999999716,23.35,23.4,23.35,23.4,164.0,277.0,442.0,786.0,False,False
2618,2022-10-27 09:35:29.374312,-0.002136752136752018,-0.002136752136752018,-0.04999999999999716,-0.04999999999999716,23.35,23.4,23.35,23.4,164.0,277.0,442.0,786.0,False,False
2618,2022-10-27 09:35:29.553878,-0.002136752136752018,-0.002136752136752018,-0.04999999999999716,-0.04999999999999716,23.35,23.4,23.35,23.4,164.0,277.0,442.0,786.0,False,False
2618,2022-10-27 09:35:29.592730,-0.002136752136752018,-0.002136752136752018,-0.04999999999999716,-0.04999999999999716,23.35,23.4,23.35,23.4,164.0,277.0,442.0,786.0,False,False
2618,2022-10-27 09:35:29.626135,-0.002136752136752018,-0.002136752136752018,-0.04999999999999716,-0.04999999999999716,23.35,23.4,23.35,23.4,164.0,277.0,442.0,786.0,False,False
2618,2022-10-27 09:35:30.215922,-0.002136752136752018,-0.002136752136752018,-0.04999999999999716,-0.04999999999999716,23.35,23.4,23.35,23.4,163.0,277.0,442.0,786.0,False,False
2618,2022-10-27 09:35:30.817547,-0.002136752136752018,-0.002136752136752018,-0.04999999999999716,-0.04999999999999716,23.35,23.4,23.35,23.4,164.0,277.0,442.0,786.0,False,False
2618,2022-10-27 09:35:30.884993,-0.002136752136752018,-0.002136752136752018,-0.04999999999999716,-0.04999999999999716,23.35,23.4,23.35,23.4,164.0,277.0,442.0,786.0,False,False
2618,2022-10-27 09:35:32.301560,-0.002136752136752018,-0.002136752136752018,-0.04999999999999716,-0.04999999999999716,23.35,23.4,23.35,23.4,174.0,277.0,442.0,786.0,False,False
2618,2022-10-27 09:35:32.341736,-0.002136752136752018,-0.002136752136752018,-0.04999999999999716,-0.04999999999999716,23.35,23.4,23.35,23.4,179.0,277.0,442.0,786.0,False,False
2618,2022-10-27 09:35:32.376227,-0.002136752136752018,-0.002136752136752018,-0.04999999999999716,-0.04999999999999716,23.35,23.4,23.35,23.4,174.0,277.0,442.0,786.0,False,False
2618,2022-10-27 09:35:32.649538,-0.002136752136752018,-0.002136752136752018,-0.04999999999999716,-0.04999999999999716,23.35,23.4,23.35,23.4,184.0,277.0,442.0,786.0,False,False
2618,2022-10-27 09:35:32.672229,-0.002136752136752018,-0.002136752136752018,-0.04999999999999716,-0.04999999999999716,23.35,23.4,23.35,23.4,189.0,277.0,442.0,786.0,False,False
2618,2022-10-27 09:35:32.706076,-0.002136752136752018,-0.002136752136752018,-0.04999999999999716,-0.04999999999999716,23.35,23.4,23.35,23.4,184.0,277.0,442.0,786.0,False,False
2618,2022-10-27 09:35:33.581590,-0.002136752136752018,-0.002136752136752018,-0.04999999999999716,-0.04999999999999716,23.35,23.4,23.35,23.4,174.0,277.0,442.0,786.0,False,False
2618,2022-10-27 09:35:33.770190,-0.002136752136752018,-0.002136752136752018,-0.04999999999999716,-0.04999999999999716,23.35,23.4,23.35,23.4,174.0,277.0,442.0,786.0,False,False
2618,2022-10-27 09:35:34.134837,-0.002136752136752018,-0.002136752136752018,-0.04999999999999716,-0.04999999999999716,23.35,23.4,23.35,23.4,174.0,277.0,442.0,786.0,False,False
2618,2022-10-27 09:35:34.166244,-0.002136752136752018,-0.002136752136752018,-0.04999999999999716,-0.04999999999999716,23.35,23.4,23.35,23.4,174.0,277.0,442.0,786.0,False,False
2618,2022-10-27 09:35:34.631203,-0.002136752136752018,-0.002136752136752018,-0.04999999999999716,-0.04999999999999716,23.35,23.4,23.35,23.4,175.0,277.0,442.0,786.0,False,False
2618,2022-10-27 09:35:34.721409,-0.002136752136752018,-0.002136752136752018,-0.04999999999999716,-0.04999999999999716,23.35,23.4,23.35,23.4,175.0,277.0,442.0,786.0,False,False
2618,2022-10-27 09:35:35.078077,-0.002136752136752018,-0.002136752136752018,-0.04999999999999716,-0.04999999999999716,23.35,23.4,23.35,23.4,175.0,277.0,442.0,786.0,False,False
2618,2022-10-27 09:35:35.280137,-0.002136752136752018,-0.002136752136752018,-0.04999999999999716,-0.04999999999999716,23.35,23.4,23.35,23.4,154.0,277.0,442.0,786.0,False,False
2618,2022-10-27 09:35:35.311255,-0.002136752136752018,-0.002136752136752018,-0.04999999999999716,-0.04999999999999716,23.35,23.4,23.35,23.4,154.0,277.0,442.0,786.0,False,False
2618,2022-10-27 09:35:35.370973,-0.002136752136752018,-0.002136752136752018,-0.04999999999999716,-0.04999999999999716,23.35,23.4,23.35,23.4,154.0,277.0,442.0,786.0,False,False
2618,2022-10-27 09:35:36.599640,-0.002136752136752018,-0.002136752136752018,-0.04999999999999716,-0.04999999999999716,23.35,23.4,23.35,23.4,164.0,277.0,442.0,786.0,False,False
2618,2022-10-27 09:35:36.666575,-0.002136752136752018,-0.002136752136752018,-0.04999999999999716,-0.04999999999999716,23.35,23.4,23.35,23.4,169.0,277.0,442.0,786.0,False,False
2618,2022-10-27 09:35:36.733986,-0.002136752136752018,-0.002136752136752018,-0.04999999999999716,-0.04999999999999716,23.35,23.4,23.35,23.4,164.0,277.0,442.0,786.0,False,False
2618,2022-10-27 09:35:37.620096,-0.002136752136752018,-0.002136752136752018,-0.04999999999999716,-0.04999999999999716,23.35,23.4,23.35,23.4,164.0,277.0,442.0,786.0,False,False
2618,2022-10-27 09:35:37.737508,-0.002136752136752018,-0.002136752136752018,-0.04999999999999716,-0.04999999999999716,23.35,23.4,23.35,23.4,164.0,277.0,442.0,786.0,False,False
2618,2022-10-27 09:35:37.802113,-0.002136752136752018,-0.002136752136752018,-0.04999999999999716,-0.04999999999999716,23.35,23.4,23.35,23.4,164.0,277.0,442.0,786.0,False,False
2618,2022-10-27 09:35:39.873127,-0.002136752136752018,-0.002136752136752018,-0.04999999999999716,-0.04999999999999716,23.35,23.4,23.35,23.4,164.0,277.0,442.0,786.0,False,False
2618,2022-10-27 09:35:39.907440,-0.002136752136752018,-0.002136752136752018,-0.04999999999999716,-0.04999999999999716,23.35,23.4,23.35,23.4,169.0,277.0,442.0,786.0,False,False
2618,2022-10-27 09:35:39.939766,-0.002136752136752018,-0.002136752136752018,-0.04999999999999716,-0.04999999999999716,23.35,23.4,23.35,23.4,164.0,277.0,442.0,786.0,False,False
2618,2022-10-27 09:35:40.365115,-0.002136752136752018,-0.002136752136752018,-0.04999999999999716,-0.04999999999999716,23.35,23.4,23.35,23.4,164.0,278.0,442.0,786.0,False,False
2618,2022-10-27 09:35:40.628448,-0.002136752136752018,-0.002136752136752018,-0.04999999999999716,-0.04999999999999716,23.35,23.4,23.35,23.4,164.0,278.0,442.0,786.0,False,False
2618,2022-10-27 09:35:40.661656,-0.002136752136752018,-0.002136752136752018,-0.04999999999999716,-0.04999999999999716,23.35,23.4,23.35,23.4,169.0,278.0,442.0,786.0,False,False
2618,2022-10-27 09:35:40.695883,-0.002136752136752018,-0.002136752136752018,-0.04999999999999716,-0.04999999999999716,23.35,23.4,23.35,23.4,164.0,278.0,442.0,786.0,False,False
2618,2022-10-27 09:35:41.139993,-0.002136752136752018,-0.002136752136752018,-0.04999999999999716,-0.04999999999999716,23.35,23.4,23.35,23.4,164.0,278.0,442.0,786.0,False,False
2618,2022-10-27 09:35:41.350173,-0.002136752136752018,-0.002136752136752018,-0.04999999999999716,-0.04999999999999716,23.35,23.4,23.35,23.4,164.0,278.0,442.0,786.0,False,False
2618,2022-10-27 09:35:41.414904,-0.002136752136752018,-0.002136752136752018,-0.04999999999999716,-0.04999999999999716,23.35,23.4,23.35,23.4,164.0,278.0,442.0,786.0,False,False
2618,2022-10-27 09:35:41.760656,-0.002136752136752018,-0.002136752136752018,-0.04999999999999716,-0.04999999999999716,23.35,23.4,23.35,23.4,164.0,278.0,442.0,786.0,False,False
2618,2022-10-27 09:35:43.473495,-0.002136752136752018,-0.002136752136752018,-0.04999999999999716,-0.04999999999999716,23.35,23.4,23.35,23.4,164.0,278.0,442.0,786.0,False,False
2618,2022-10-27 09:35:43.543117,-0.002136752136752018,-0.002136752136752018,-0.04999999999999716,-0.04999999999999716,23.35,23.4,23.35,23.4,164.0,278.0,442.0,786.0,False,False
2618,2022-10-27 09:35:43.731680,-0.002136752136752018,-0.002136752136752018,-0.04999999999999716,-0.04999999999999716,23.35,23.4,23.35,23.4,164.0,278.0,442.0,786.0,False,False
2618,2022-10-27 09:35:43.788598,-0.002136752136752018,-0.002136752136752018,-0.04999999999999716,-0.04999999999999716,23.35,23.4,23.35,23.4,164.0,278.0,442.0,786.0,False,False
2618,2022-10-27 09:35:43.874413,-0.002136752136752018,-0.002136752136752018,-0.04999999999999716,-0.04999999999999716,23.35,23.4,23.35,23.4,164.0,278.0,442.0,786.0,False,False
2618,2022-10-27 09:35:44.280248,-0.002136752136752018,-0.002136752136752018,-0.04999999999999716,-0.04999999999999716,23.35,23.4,23.35,23.4,164.0,278.0,442.0,786.0,False,False
2618,2022-10-27 09:35:44.350956,-0.002136752136752018,-0.002136752136752018,-0.04999999999999716,-0.04999999999999716,23.35,23.4,23.35,23.4,164.0,278.0,442.0,786.0,False,False
2618,2022-10-27 09:35:44.503968,-0.002136752136752018,-0.002136752136752018,-0.04999999999999716,-0.04999999999999716,23.35,23.4,23.35,23.4,164.0,277.0,442.0,786.0,False,False
2618,2022-10-27 09:35:44.540581,-0.002136752136752018,-0.002136752136752018,-0.04999999999999716,-0.04999999999999716,23.35,23.4,23.35,23.4,164.0,277.0,442.0,786.0,False,False
2618,2022-10-27 09:35:44.541858,-0.002136752136752018,-0.002136752136752018,-0.04999999999999716,-0.04999999999999716,23.35,23.4,23.35,23.4,169.0,277.0,442.0,786.0,False,False
2618,2022-10-27 09:35:44.562110,-0.002136752136752018,-0.002136752136752018,-0.04999999999999716,-0.04999999999999716,23.35,23.4,23.35,23.4,164.0,277.0,442.0,786.0,False,False
2618,2022-10-27 09:35:45.891016,-0.002136752136752018,-0.002136752136752018,-0.04999999999999716,-0.04999999999999716,23.35,23.4,23.35,23.4,165.0,277.0,442.0,786.0,False,False
2618,2022-10-27 09:35:45.918201,-0.002136752136752018,-0.002136752136752018,-0.04999999999999716,-0.04999999999999716,23.35,23.4,23.35,23.4,165.0,277.0,442.0,786.0,False,False
2618,2022-10-27 09:35:46.292677,-0.002136752136752018,-0.002136752136752018,-0.04999999999999716,-0.04999999999999716,23.35,23.4,23.35,23.4,165.0,277.0,442.0,786.0,False,False
2618,2022-10-27 09:35:46.568311,-0.002136752136752018,-0.002136752136752018,-0.04999999999999716,-0.04999999999999716,23.35,23.4,23.35,23.4,155.0,277.0,442.0,786.0,False,False
2618,2022-10-27 09:35:46.754394,-0.002136752136752018,-0.002136752136752018,-0.04999999999999716,-0.04999999999999716,23.35,23.4,23.35,23.4,155.0,277.0,442.0,786.0,True,True
2618,2022-10-27 09:35:47.561736,-0.002136752136752018,-0.002136752136752018,-0.04999999999999716,-0.04999999999999716,23.35,23.4,23.35,23.4,160.0,277.0,442.0,786.0,False,False
2618,2022-10-27 09:35:47.668884,-0.002136752136752018,-0.002136752136752018,-0.04999999999999716,-0.04999999999999716,23.35,23.4,23.35,23.4,175.0,277.0,442.0,786.0,False,False
2618,2022-10-27 09:35:47.699200,-0.002136752136752018,-0.002136752136752018,-0.04999999999999716,-0.04999999999999716,23.35,23.4,23.35,23.4,170.0,277.0,442.0,786.0,False,False
2618,2022-10-27 09:35:49.751932,-0.002136752136752018,-0.002136752136752018,-0.04999999999999716,-0.04999999999999716,23.35,23.4,23.35,23.4,175.0,277.0,442.0,786.0,False,False
2618,2022-10-27 09:35:49.893222,-0.002136752136752018,-0.002136752136752018,-0.04999999999999716,-0.04999999999999716,23.35,23.4,23.35,23.4,175.0,277.0,442.0,786.0,False,False
2618,2022-10-27 09:35:50.116202,-0.002136752136752018,-0.002136752136752018,-0.04999999999999716,-0.04999999999999716,23.35,23.4,23.35,23.4,175.0,277.0,442.0,786.0,False,False
2618,2022-10-27 09:35:50.617680,-0.002136752136752018,-0.002136752136752018,-0.04999999999999716,-0.04999999999999716,23.35,23.4,23.35,23.4,175.0,277.0,442.0,786.0,False,False
2618,2022-10-27 09:35:50.657644,-0.002136752136752018,-0.002136752136752018,-0.04999999999999716,-0.04999999999999716,23.35,23.4,23.35,23.4,180.0,277.0,442.0,786.0,False,False
2618,2022-10-27 09:35:50.692004,-0.002136752136752018,-0.002136752136752018,-0.04999999999999716,-0.04999999999999716,23.35,23.4,23.35,23.4,175.0,277.0,442.0,786.0,False,False
2618,2022-10-27 09:35:51.600358,-0.002136752136752018,-0.002136752136752018,-0.04999999999999716,-0.04999999999999716,23.35,23.4,23.35,23.4,175.0,277.0,442.0,786.0,False,False
2618,2022-10-27 09:35:53.084276,-0.002136752136752018,-0.002136752136752018,-0.04999999999999716,-0.04999999999999716,23.35,23.4,23.35,23.4,175.0,277.0,442.0,786.0,False,False
2618,2022-10-27 09:35:53.841976,-0.002136752136752018,-0.002136752136752018,-0.04999999999999716,-0.04999999999999716,23.35,23.4,23.35,23.4,175.0,277.0,442.0,786.0,False,False
2618,2022-10-27 09:35:54.977058,-0.002136752136752018,-0.002136752136752018,-0.04999999999999716,-0.04999999999999716,23.35,23.4,23.35,23.4,175.0,277.0,442.0,786.0,False,False
2618,2022-10-27 09:35:57.242647,-0.002136752136752018,-0.002136752136752018,-0.04999999999999716,-0.04999999999999716,23.35,23.4,23.35,23.4,175.0,277.0,442.0,786.0,False,False
2618,2022-10-27 09:35:58.240169,-0.002136752136752018,-0.002136752136752018,-0.04999999999999716,-0.04999999999999716,23.35,23.4,23.35,23.4,175.0,287.0,442.0,786.0,False,False
2618,2022-10-27 09:35:58.477442,-0.002136752136752018,-0.002136752136752018,-0.04999999999999716,-0.04999999999999716,23.35,23.4,23.35,23.4,175.0,287.0,442.0,786.0,False,False
2618,2022-10-27 09:35:58.487877,-0.002136752136752018,-0.002136752136752018,-0.04999999999999716,-0.04999999999999716,23.35,23.4,23.35,23.4,175.0,287.0,442.0,786.0,False,False
2618,2022-10-27 09:35:59.585689,-0.002136752136752018,-0.002136752136752018,-0.04999999999999716,-0.04999999999999716,23.35,23.4,23.35,23.4,175.0,285.0,442.0,786.0,False,False
2618,2022-10-27 09:36:00.294967,-0.002136752136752018,-0.002136752136752018,-0.04999999999999716,-0.04999999999999716,23.35,23.4,23.35,23.4,175.0,285.0,442.0,786.0,False,False
2618,2022-10-27 09:36:00.989010,-0.002136752136752018,-0.002136752136752018,-0.04999999999999716,-0.04999999999999716,23.35,23.4,23.35,23.4,175.0,285.0,442.0,786.0,False,False
2618,2022-10-27 09:36:01.090982,-0.002136752136752018,-0.002136752136752018,-0.04999999999999716,-0.04999999999999716,23.35,23.4,23.35,23.4,175.0,284.0,442.0,786.0,False,False
2618,2022-10-27 09:36:01.318574,-0.002136752136752018,-0.002136752136752018,-0.04999999999999716,-0.04999999999999716,23.35,23.4,23.35,23.4,175.0,284.0,442.0,786.0,False,False
2618,2022-10-27 09:36:01.531751,-0.002136752136752018,-0.002136752136752018,-0.04999999999999716,-0.04999999999999716,23.35,23.4,23.35,23.4,175.0,284.0,442.0,786.0,False,False
2618,2022-10-27 09:36:03.408766,-0.002136752136752018,-0.002136752136752018,-0.04999999999999716,-0.04999999999999716,23.35,23.4,23.35,23.4,175.0,285.0,442.0,786.0,False,False
2618,2022-10-27 09:36:03.812447,-0.002136752136752018,-0.002136752136752018,-0.04999999999999716,-0.04999999999999716,23.35,23.4,23.35,23.4,175.0,286.0,442.0,786.0,False,False
2618,2022-10-27 09:36:04.271788,-0.002136752136752018,-0.002136752136752018,-0.04999999999999716,-0.04999999999999716,23.35,23.4,23.35,23.4,175.0,286.0,442.0,786.0,False,False
2618,2022-10-27 09:36:04.552809,-0.002136752136752018,-0.002136752136752018,-0.04999999999999716,-0.04999999999999716,23.35,23.4,23.35,23.4,165.0,286.0,442.0,786.0,False,False
2618,2022-10-27 09:36:04.805080,-0.002136752136752018,-0.002136752136752018,-0.04999999999999716,-0.04999999999999716,23.35,23.4,23.35,23.4,165.0,281.0,442.0,786.0,False,False
2618,2022-10-27 09:36:05.632668,-0.002136752136752018,-0.002136752136752018,-0.04999999999999716,-0.04999999999999716,23.35,23.4,23.35,23.4,165.0,276.0,442.0,786.0,False,False
2618,2022-10-27 09:36:05.643194,-0.002136752136752018,-0.002136752136752018,-0.04999999999999716,-0.04999999999999716,23.35,23.4,23.35,23.4,166.0,276.0,442.0,786.0,False,False
2618,2022-10-27 09:36:05.656776,-0.002136752136752018,-0.002136752136752018,-0.04999999999999716,-0.04999999999999716,23.35,23.4,23.35,23.4,171.0,276.0,442.0,786.0,False,False
2618,2022-10-27 09:36:05.676593,-0.002136752136752018,-0.002136752136752018,-0.04999999999999716,-0.04999999999999716,23.35,23.4,23.35,23.4,166.0,276.0,442.0,786.0,False,False
2618,2022-10-27 09:36:06.563660,-0.002136752136752018,-0.002136752136752018,-0.04999999999999716,-0.04999999999999716,23.35,23.4,23.35,23.4,166.0,277.0,442.0,786.0,False,False
2618,2022-10-27 09:36:06.701087,-0.002136752136752018,-0.002136752136752018,-0.04999999999999716,-0.04999999999999716,23.35,23.4,23.35,23.4,166.0,285.0,442.0,786.0,False,False
2618,2022-10-27 09:36:06.806632,-0.002136752136752018,-0.002136752136752018,-0.04999999999999716,-0.04999999999999716,23.35,23.4,23.35,23.4,166.0,285.0,442.0,786.0,False,False
2618,2022-10-27 09:36:06.816295,-0.002136752136752018,-0.002136752136752018,-0.04999999999999716,-0.04999999999999716,23.35,23.4,23.35,23.4,166.0,285.0,442.0,912.0,True,True
2618,2022-10-27 09:36:07.254936,-0.002136752136752018,-0.002136752136752018,-0.04999999999999716,-0.04999999999999716,23.35,23.4,23.35,23.4,166.0,285.0,442.0,912.0,False,False
2618,2022-10-27 09:36:07.414535,-0.002136752136752018,-0.002136752136752018,-0.04999999999999716,-0.04999999999999716,23.35,23.4,23.35,23.4,166.0,285.0,442.0,912.0,False,False
2618,2022-10-27 09:36:07.577233,-0.002136752136752018,-0.002136752136752018,-0.04999999999999716,-0.04999999999999716,23.35,23.4,23.35,23.4,176.0,285.0,442.0,912.0,False,False
2618,2022-10-27 09:36:07.685989,-0.002136752136752018,-0.002136752136752018,-0.04999999999999716,-0.04999999999999716,23.35,23.4,23.35,23.4,186.0,285.0,442.0,912.0,False,False
2618,2022-10-27 09:36:07.947688,-0.002136752136752018,-0.002136752136752018,-0.04999999999999716,-0.04999999999999716,23.35,23.4,23.35,23.4,186.0,285.0,442.0,912.0,False,False
2618,2022-10-27 09:36:08.437255,-0.002136752136752018,-0.002136752136752018,-0.04999999999999716,-0.04999999999999716,23.35,23.4,23.35,23.4,186.0,284.0,442.0,912.0,False,False
2618,2022-10-27 09:36:08.676027,-0.002136752136752018,-0.002136752136752018,-0.04999999999999716,-0.04999999999999716,23.35,23.4,23.35,23.4,186.0,282.0,442.0,912.0,False,False
2618,2022-10-27 09:36:08.851853,-0.002136752136752018,-0.002136752136752018,-0.04999999999999716,-0.04999999999999716,23.35,23.4,23.35,23.4,186.0,282.0,442.0,912.0,False,False
2618,2022-10-27 09:36:10.383546,-0.002136752136752018,-0.002136752136752018,-0.04999999999999716,-0.04999999999999716,23.35,23.4,23.35,23.4,186.0,282.0,442.0,912.0,False,False
2618,2022-10-27 09:36:11.312558,-0.002136752136752018,-0.002136752136752018,-0.04999999999999716,-0.04999999999999716,23.35,23.4,23.35,23.4,186.0,281.0,442.0,912.0,False,False
2618,2022-10-27 09:36:11.392853,-0.002136752136752018,-0.002136752136752018,-0.04999999999999716,-0.04999999999999716,23.35,23.4,23.35,23.4,186.0,284.0,442.0,912.0,False,False
2618,2022-10-27 09:36:11.487678,-0.002136752136752018,-0.002136752136752018,-0.04999999999999716,-0.04999999999999716,23.35,23.4,23.35,23.4,186.0,281.0,442.0,912.0,False,False
2618,2022-10-27 09:36:11.541760,-0.002136752136752018,-0.002136752136752018,-0.04999999999999716,-0.04999999999999716,23.35,23.4,23.35,23.4,176.0,281.0,442.0,912.0,False,False
2618,2022-10-27 09:36:11.868776,-0.002136752136752018,-0.002136752136752018,-0.04999999999999716,-0.04999999999999716,23.35,23.4,23.35,23.4,176.0,271.0,442.0,912.0,False,False
2618,2022-10-27 09:36:14.134712,-0.002136752136752018,-0.002136752136752018,-0.04999999999999716,-0.04999999999999716,23.35,23.4,23.35,23.4,176.0,271.0,442.0,912.0,False,False
2618,2022-10-27 09:36:14.874205,-0.002136752136752018,-0.002136752136752018,-0.04999999999999716,-0.04999999999999716,23.35,23.4,23.35,23.4,176.0,271.0,442.0,912.0,False,False
2618,2022-10-27 09:36:16.894326,-0.002136752136752018,-0.002136752136752018,-0.04999999999999716,-0.04999999999999716,23.35,23.4,23.35,23.4,176.0,251.0,442.0,912.0,False,False
2618,2022-10-27 09:36:16.932564,-0.002136752136752018,-0.002136752136752018,-0.04999999999999716,-0.04999999999999716,23.35,23.4,23.35,23.4,176.0,251.0,442.0,912.0,False,False
2618,2022-10-27 09:36:16.932588,-0.002136752136752018,-0.002136752136752018,-0.04999999999999716,-0.04999999999999716,23.35,23.4,23.35,23.4,176.0,251.0,442.0,912.0,False,False
2618,2022-10-27 09:36:18.107195,-0.002136752136752018,-0.002136752136752018,-0.04999999999999716,-0.04999999999999716,23.35,23.4,23.35,23.4,176.0,251.0,442.0,912.0,False,False
2618,2022-10-27 09:36:18.107599,-0.002136752136752018,-0.002136752136752018,-0.04999999999999716,-0.04999999999999716,23.35,23.4,23.35,23.4,176.0,251.0,442.0,912.0,False,False
2618,2022-10-27 09:36:19.573423,-0.002136752136752018,-0.002136752136752018,-0.04999999999999716,-0.04999999999999716,23.35,23.4,23.35,23.4,176.0,251.0,442.0,912.0,False,False
2618,2022-10-27 09:36:19.886190,-0.002136752136752018,-0.002136752136752018,-0.04999999999999716,-0.04999999999999716,23.35,23.4,23.35,23.4,176.0,251.0,442.0,912.0,False,False
2618,2022-10-27 09:36:20.331986,-0.002136752136752018,-0.002136752136752018,-0.04999999999999716,-0.04999999999999716,23.35,23.4,23.35,23.4,176.0,251.0,442.0,912.0,False,False
2618,2022-10-27 09:36:20.506508,-0.002136752136752018,-0.002136752136752018,-0.04999999999999716,-0.04999999999999716,23.35,23.4,23.35,23.4,177.0,251.0,442.0,912.0,False,False
2618,2022-10-27 09:36:21.115984,-0.002136752136752018,-0.002136752136752018,-0.04999999999999716,-0.04999999999999716,23.35,23.4,23.35,23.4,117.0,251.0,442.0,912.0,False,False
2618,2022-10-27 09:36:21.139408,-0.002136752136752018,-0.002136752136752018,-0.04999999999999716,-0.04999999999999716,23.35,23.4,23.35,23.4,117.0,251.0,442.0,912.0,False,False
2618,2022-10-27 09:36:21.139411,-0.002136752136752018,-0.002136752136752018,-0.04999999999999716,-0.04999999999999716,23.35,23.4,23.35,23.4,117.0,251.0,442.0,912.0,False,False
2618,2022-10-27 09:36:21.171179,-0.002136752136752018,-0.002136752136752018,-0.04999999999999716,-0.04999999999999716,23.35,23.4,23.35,23.4,117.0,251.0,442.0,912.0,False,False
2618,2022-10-27 09:36:21.637214,-0.002136752136752018,-0.002136752136752018,-0.04999999999999716,-0.04999999999999716,23.35,23.4,23.35,23.4,117.0,251.0,442.0,912.0,False,False
2618,2022-10-27 09:36:21.707087,-0.002136752136752018,-0.002136752136752018,-0.04999999999999716,-0.04999999999999716,23.35,23.4,23.35,23.4,117.0,250.0,442.0,912.0,False,False
2618,2022-10-27 09:36:24.147059,-0.002136752136752018,-0.002136752136752018,-0.04999999999999716,-0.04999999999999716,23.35,23.4,23.35,23.4,117.0,250.0,442.0,912.0,False,False
2618,2022-10-27 09:36:24.468232,-0.002136752136752018,-0.002136752136752018,-0.04999999999999716,-0.04999999999999716,23.35,23.4,23.35,23.4,117.0,248.0,442.0,912.0,False,False
2618,2022-10-27 09:36:24.620456,-0.002136752136752018,-0.002136752136752018,-0.04999999999999716,-0.04999999999999716,23.35,23.4,23.35,23.4,117.0,248.0,442.0,912.0,False,False
2618,2022-10-27 09:36:26.023446,-0.002136752136752018,-0.002136752136752018,-0.04999999999999716,-0.04999999999999716,23.35,23.4,23.35,23.4,117.0,247.0,442.0,912.0,False,False
2618,2022-10-27 09:36:27.528209,-0.002136752136752018,-0.002136752136752018,-0.04999999999999716,-0.04999999999999716,23.35,23.4,23.35,23.4,117.0,246.0,442.0,912.0,False,False
2618,2022-10-27 09:36:27.912092,-0.002136752136752018,-0.002136752136752018,-0.04999999999999716,-0.04999999999999716,23.35,23.4,23.35,23.4,117.0,245.0,442.0,912.0,False,False
2618,2022-10-27 09:36:29.719468,-0.002136752136752018,-0.002136752136752018,-0.04999999999999716,-0.04999999999999716,23.35,23.4,23.35,23.4,117.0,245.0,442.0,912.0,False,False
2618,2022-10-27 09:36:29.732800,-0.002136752136752018,-0.002136752136752018,-0.04999999999999716,-0.04999999999999716,23.35,23.4,23.35,23.4,117.0,244.0,442.0,912.0,False,False
2618,2022-10-27 09:36:29.754926,-0.002136752136752018,-0.002136752136752018,-0.04999999999999716,-0.04999999999999716,23.35,23.4,23.35,23.4,117.0,244.0,442.0,912.0,False,False
2618,2022-10-27 09:36:29.804609,-0.002136752136752018,-0.002136752136752018,-0.04999999999999716,-0.04999999999999716,23.35,23.4,23.35,23.4,116.0,244.0,442.0,912.0,False,False
2618,2022-10-27 09:36:30.575629,-0.002136752136752018,-0.002136752136752018,-0.04999999999999716,-0.04999999999999716,23.35,23.4,23.35,23.4,126.0,244.0,442.0,912.0,False,False
2618,2022-10-27 09:36:30.635795,-0.002136752136752018,-0.002136752136752018,-0.04999999999999716,-0.04999999999999716,23.35,23.4,23.35,23.4,126.0,244.0,442.0,912.0,False,False
2618,2022-10-27 09:36:30.891959,-0.002136752136752018,-0.002136752136752018,-0.04999999999999716,-0.04999999999999716,23.35,23.4,23.35,23.4,126.0,244.0,442.0,912.0,False,False
2618,2022-10-27 09:36:31.422779,-0.002136752136752018,-0.002136752136752018,-0.04999999999999716,-0.04999999999999716,23.35,23.4,23.35,23.4,125.0,244.0,442.0,912.0,False,False
2618,2022-10-27 09:36:31.824785,-0.002136752136752018,-0.002136752136752018,-0.04999999999999716,-0.04999999999999716,23.35,23.4,23.35,23.4,125.0,245.0,442.0,912.0,False,False
2618,2022-10-27 09:36:32.280152,-0.002136752136752018,-0.002136752136752018,-0.04999999999999716,-0.04999999999999716,23.35,23.4,23.35,23.4,126.0,245.0,442.0,912.0,False,False
2618,2022-10-27 09:36:32.352054,-0.002136752136752018,-0.002136752136752018,-0.04999999999999716,-0.04999999999999716,23.35,23.4,23.35,23.4,126.0,245.0,442.0,912.0,False,False
2618,2022-10-27 09:36:32.790993,-0.002136752136752018,-0.002136752136752018,-0.04999999999999716,-0.04999999999999716,23.35,23.4,23.35,23.4,126.0,245.0,442.0,912.0,False,False
2618,2022-10-27 09:36:32.851748,-0.002136752136752018,-0.002136752136752018,-0.04999999999999716,-0.04999999999999716,23.35,23.4,23.35,23.4,126.0,245.0,442.0,912.0,False,False
2618,2022-10-27 09:36:34.894226,-0.002136752136752018,-0.002136752136752018,-0.04999999999999716,-0.04999999999999716,23.35,23.4,23.35,23.4,126.0,246.0,442.0,912.0,False,False
2618,2022-10-27 09:36:34.998205,-0.002136752136752018,-0.002136752136752018,-0.04999999999999716,-0.04999999999999716,23.35,23.4,23.35,23.4,126.0,241.0,442.0,912.0,False,False
2618,2022-10-27 09:36:35.028681,-0.002136752136752018,-0.002136752136752018,-0.04999999999999716,-0.04999999999999716,23.35,23.4,23.35,23.4,131.0,241.0,442.0,912.0,False,False
2618,2022-10-27 09:36:36.906769,-0.002136752136752018,-0.002136752136752018,-0.04999999999999716,-0.04999999999999716,23.35,23.4,23.35,23.4,131.0,241.0,442.0,912.0,True,True
2618,2022-10-27 09:36:38.983953,-0.002136752136752018,-0.002136752136752018,-0.04999999999999716,-0.04999999999999716,23.35,23.4,23.35,23.4,131.0,241.0,442.0,912.0,False,False
2618,2022-10-27 09:36:39.138245,-0.002136752136752018,-0.002136752136752018,-0.04999999999999716,-0.04999999999999716,23.35,23.4,23.35,23.4,130.0,241.0,442.0,912.0,False,False
2618,2022-10-27 09:36:39.166692,-0.002136752136752018,-0.002136752136752018,-0.04999999999999716,-0.04999999999999716,23.35,23.4,23.35,23.4,125.0,241.0,442.0,912.0,False,False
2618,2022-10-27 09:36:39.609531,-0.002136752136752018,-0.002136752136752018,-0.04999999999999716,-0.04999999999999716,23.35,23.4,23.35,23.4,125.0,242.0,442.0,912.0,False,False
2618,2022-10-27 09:36:39.642970,-0.002136752136752018,-0.002136752136752018,-0.04999999999999716,-0.04999999999999716,23.35,23.4,23.35,23.4,125.0,242.0,442.0,912.0,False,False
2618,2022-10-27 09:36:39.675803,-0.002136752136752018,-0.002136752136752018,-0.04999999999999716,-0.04999999999999716,23.35,23.4,23.35,23.4,130.0,242.0,442.0,912.0,False,False
2618,2022-10-27 09:36:39.984362,-0.002136752136752018,-0.002136752136752018,-0.04999999999999716,-0.04999999999999716,23.35,23.4,23.35,23.4,130.0,247.0,442.0,912.0,False,False
2618,2022-10-27 09:36:40.008422,-0.002136752136752018,-0.002136752136752018,-0.04999999999999716,-0.04999999999999716,23.35,23.4,23.35,23.4,125.0,247.0,442.0,912.0,False,False
2618,2022-10-27 09:36:40.653401,-0.002136752136752018,-0.002136752136752018,-0.04999999999999716,-0.04999999999999716,23.35,23.4,23.35,23.4,125.0,247.0,442.0,912.0,False,False
2618,2022-10-27 09:36:40.732342,-0.002136752136752018,-0.002136752136752018,-0.04999999999999716,-0.04999999999999716,23.35,23.4,23.35,23.4,139.0,247.0,442.0,912.0,False,False
2618,2022-10-27 09:36:40.766791,-0.002136752136752018,-0.002136752136752018,-0.04999999999999716,-0.04999999999999716,23.35,23.4,23.35,23.4,144.0,247.0,442.0,912.0,False,False
2618,2022-10-27 09:36:40.995176,-0.002136752136752018,-0.002136752136752018,-0.04999999999999716,-0.04999999999999716,23.35,23.4,23.35,23.4,144.0,247.0,442.0,912.0,False,False
2618,2022-10-27 09:36:41.079631,-0.002136752136752018,-0.002136752136752018,-0.04999999999999716,-0.04999999999999716,23.35,23.4,23.35,23.4,144.0,247.0,442.0,912.0,False,False
2618,2022-10-27 09:36:41.736817,-0.002136752136752018,-0.002136752136752018,-0.04999999999999716,-0.04999999999999716,23.35,23.4,23.35,23.4,144.0,248.0,442.0,912.0,False,False
2618,2022-10-27 09:36:41.759004,-0.002136752136752018,-0.002136752136752018,-0.04999999999999716,-0.04999999999999716,23.35,23.4,23.35,23.4,144.0,248.0,442.0,912.0,False,False
2618,2022-10-27 09:36:41.791294,-0.002136752136752018,-0.002136752136752018,-0.04999999999999716,-0.04999999999999716,23.35,23.4,23.35,23.4,144.0,248.0,442.0,912.0,False,False
2618,2022-10-27 09:36:42.285857,-0.002136752136752018,-0.002136752136752018,-0.04999999999999716,-0.04999999999999716,23.35,23.4,23.35,23.4,144.0,258.0,442.0,912.0,False,False
2618,2022-10-27 09:36:42.332610,-0.002136752136752018,-0.002136752136752018,-0.04999999999999716,-0.04999999999999716,23.35,23.4,23.35,23.4,139.0,259.0,442.0,912.0,False,False
2618,2022-10-27 09:36:42.494331,-0.002136752136752018,-0.002136752136752018,-0.04999999999999716,-0.04999999999999716,23.35,23.4,23.35,23.4,139.0,249.0,442.0,912.0,False,False
2618,2022-10-27 09:36:42.532126,-0.002136752136752018,-0.002136752136752018,-0.04999999999999716,-0.04999999999999716,23.35,23.4,23.35,23.4,144.0,249.0,442.0,912.0,False,False
2618,2022-10-27 09:36:43.113330,-0.002136752136752018,-0.002136752136752018,-0.04999999999999716,-0.04999999999999716,23.35,23.4,23.35,23.4,145.0,249.0,442.0,912.0,False,False
2618,2022-10-27 09:36:43.345596,-0.002136752136752018,-0.002136752136752018,-0.04999999999999716,-0.04999999999999716,23.35,23.4,23.35,23.4,146.0,249.0,442.0,912.0,False,False
2618,2022-10-27 09:36:43.438594,-0.002136752136752018,-0.002136752136752018,-0.04999999999999716,-0.04999999999999716,23.35,23.4,23.35,23.4,148.0,249.0,442.0,912.0,False,False
2618,2022-10-27 09:36:43.490539,-0.002136752136752018,-0.002136752136752018,-0.04999999999999716,-0.04999999999999716,23.35,23.4,23.35,23.4,144.0,249.0,442.0,912.0,False,False
2618,2022-10-27 09:36:44.684629,-0.002136752136752018,-0.002136752136752018,-0.04999999999999716,-0.04999999999999716,23.35,23.4,23.35,23.4,144.0,251.0,442.0,912.0,False,False
2618,2022-10-27 09:36:45.108044,-0.002136752136752018,-0.002136752136752018,-0.04999999999999716,-0.04999999999999716,23.35,23.4,23.35,23.4,145.0,251.0,442.0,912.0,False,False
2618,2022-10-27 09:36:45.972228,-0.002136752136752018,-0.002136752136752018,-0.04999999999999716,-0.04999999999999716,23.35,23.4,23.35,23.4,145.0,250.0,442.0,912.0,False,False
2618,2022-10-27 09:36:48.166461,-0.002136752136752018,-0.002136752136752018,-0.04999999999999716,-0.04999999999999716,23.35,23.4,23.35,23.4,145.0,250.0,442.0,912.0,False,False
2618,2022-10-27 09:36:48.560062,-0.002136752136752018,-0.002136752136752018,-0.04999999999999716,-0.04999999999999716,23.35,23.4,23.35,23.4,145.0,251.0,442.0,912.0,False,False
2618,2022-10-27 09:36:48.780001,-0.002136752136752018,-0.002136752136752018,-0.04999999999999716,-0.04999999999999716,23.35,23.4,23.35,23.4,145.0,251.0,442.0,912.0,False,False
2618,2022-10-27 09:36:51.751578,-0.002136752136752018,-0.002136752136752018,-0.04999999999999716,-0.04999999999999716,23.35,23.4,23.35,23.4,145.0,256.0,442.0,912.0,False,False
2618,2022-10-27 09:36:52.957690,-0.002136752136752018,-0.002136752136752018,-0.04999999999999716,-0.04999999999999716,23.35,23.4,23.35,23.4,145.0,276.0,442.0,912.0,False,False
2618,2022-10-27 09:36:53.511770,-0.002136752136752018,-0.002136752136752018,-0.04999999999999716,-0.04999999999999716,23.35,23.4,23.35,23.4,145.0,275.0,442.0,912.0,False,False
2618,2022-10-27 09:36:56.138062,-0.002136752136752018,-0.002136752136752018,-0.04999999999999716,-0.04999999999999716,23.35,23.4,23.35,23.4,147.0,275.0,442.0,912.0,False,False
2618,2022-10-27 09:36:56.197447,-0.002136752136752018,-0.002136752136752018,-0.04999999999999716,-0.04999999999999716,23.35,23.4,23.35,23.4,147.0,275.0,442.0,912.0,False,False
2618,2022-10-27 09:36:56.971496,-0.002136752136752018,-0.002136752136752018,-0.04999999999999716,-0.04999999999999716,23.35,23.4,23.35,23.4,147.0,275.0,442.0,812.0,True,True
2618,2022-10-27 09:36:58.396159,-0.002136752136752018,-0.002136752136752018,-0.04999999999999716,-0.04999999999999716,23.35,23.4,23.35,23.4,157.0,275.0,442.0,812.0,False,False
2618,2022-10-27 09:36:58.432747,-0.002136752136752018,-0.002136752136752018,-0.04999999999999716,-0.04999999999999716,23.35,23.4,23.35,23.4,157.0,275.0,442.0,812.0,False,False
2618,2022-10-27 09:36:58.742102,-0.002136752136752018,-0.002136752136752018,-0.04999999999999716,-0.04999999999999716,23.35,23.4,23.35,23.4,157.0,275.0,442.0,812.0,False,False
2618,2022-10-27 09:36:59.422193,-0.002136752136752018,-0.002136752136752018,-0.04999999999999716,-0.04999999999999716,23.35,23.4,23.35,23.4,157.0,276.0,442.0,812.0,False,False
2618,2022-10-27 09:37:01.260696,-0.002136752136752018,-0.002136752136752018,-0.04999999999999716,-0.04999999999999716,23.35,23.4,23.35,23.4,157.0,276.0,442.0,812.0,False,False
2618,2022-10-27 09:37:01.720632,-0.002136752136752018,-0.002136752136752018,-0.04999999999999716,-0.04999999999999716,23.35,23.4,23.35,23.4,155.0,276.0,442.0,812.0,False,False
2618,2022-10-27 09:37:02.044195,-0.002136752136752018,-0.002136752136752018,-0.04999999999999716,-0.04999999999999716,23.35,23.4,23.35,23.4,157.0,276.0,442.0,812.0,False,False
2618,2022-10-27 09:37:04.085526,-0.002136752136752018,-0.002136752136752018,-0.04999999999999716,-0.04999999999999716,23.35,23.4,23.35,23.4,157.0,276.0,442.0,812.0,False,False
2618,2022-10-27 09:37:04.128307,-0.002136752136752018,-0.002136752136752018,-0.04999999999999716,-0.04999999999999716,23.35,23.4,23.35,23.4,157.0,276.0,442.0,812.0,False,False
2618,2022-10-27 09:37:05.898179,-0.002136752136752018,-0.002136752136752018,-0.04999999999999716,-0.04999999999999716,23.35,23.4,23.35,23.4,157.0,276.0,442.0,812.0,False,False
2618,2022-10-27 09:37:06.201523,-0.002136752136752018,-0.002136752136752018,-0.04999999999999716,-0.04999999999999716,23.35,23.4,23.35,23.4,157.0,276.0,442.0,812.0,False,True
2618,2022-10-27 09:37:07.263069,-0.002136752136752018,-0.002136752136752018,-0.04999999999999716,-0.04999999999999716,23.35,23.4,23.35,23.4,157.0,275.0,442.0,812.0,False,False
2618,2022-10-27 09:37:08.009945,-0.002136752136752018,-0.002136752136752018,-0.04999999999999716,-0.04999999999999716,23.35,23.4,23.35,23.4,157.0,275.0,442.0,812.0,False,False
2618,2022-10-27 09:37:08.115664,-0.002136752136752018,-0.002136752136752018,-0.04999999999999716,-0.04999999999999716,23.35,23.4,23.35,23.4,158.0,275.0,442.0,812.0,False,False
2618,2022-10-27 09:37:08.683826,-0.002136752136752018,-0.002136752136752018,-0.04999999999999716,-0.04999999999999716,23.35,23.4,23.35,23.4,158.0,275.0,442.0,812.0,False,False
2618,2022-10-27 09:37:08.685045,-0.002136752136752018,-0.002136752136752018,-0.04999999999999716,-0.04999999999999716,23.35,23.4,23.35,23.4,158.0,275.0,442.0,812.0,False,False
2618,2022-10-27 09:37:10.638205,-0.002136752136752018,-0.002136752136752018,-0.04999999999999716,-0.04999999999999716,23.35,23.4,23.35,23.4,159.0,275.0,442.0,812.0,False,False
2618,2022-10-27 09:37:11.304576,-0.002136752136752018,-0.002136752136752018,-0.04999999999999716,-0.04999999999999716,23.35,23.4,23.35,23.4,159.0,275.0,442.0,812.0,False,False
2618,2022-10-27 09:37:12.538708,-0.002136752136752018,-0.002136752136752018,-0.04999999999999716,-0.04999999999999716,23.35,23.4,23.35,23.4,159.0,275.0,442.0,812.0,False,False
2618,2022-10-27 09:37:12.590747,-0.002136752136752018,-0.002136752136752018,-0.04999999999999716,-0.04999999999999716,23.35,23.4,23.35,23.4,159.0,275.0,442.0,812.0,False,False
2618,2022-10-27 09:37:12.758876,-0.002136752136752018,-0.002136752136752018,-0.04999999999999716,-0.04999999999999716,23.35,23.4,23.35,23.4,159.0,275.0,442.0,812.0,False,False
2618,2022-10-27 09:37:13.203094,-0.002136752136752018,-0.002136752136752018,-0.04999999999999716,-0.04999999999999716,23.35,23.4,23.35,23.4,159.0,275.0,442.0,812.0,False,False
2618,2022-10-27 09:37:13.670928,-0.002136752136752018,-0.002136752136752018,-0.04999999999999716,-0.04999999999999716,23.35,23.4,23.35,23.4,159.0,273.0,442.0,812.0,False,False
2618,2022-10-27 09:37:14.250290,-0.002136752136752018,-0.002136752136752018,-0.04999999999999716,-0.04999999999999716,23.35,23.4,23.35,23.4,159.0,273.0,442.0,812.0,False,False
2618,2022-10-27 09:37:14.288816,-0.002136752136752018,-0.002136752136752018,-0.04999999999999716,-0.04999999999999716,23.35,23.4,23.35,23.4,159.0,273.0,442.0,812.0,False,False
2618,2022-10-27 09:37:15.310669,-0.002136752136752018,-0.002136752136752018,-0.04999999999999716,-0.04999999999999716,23.35,23.4,23.35,23.4,159.0,274.0,442.0,812.0,False,False
2618,2022-10-27 09:37:16.117997,-0.002136752136752018,-0.002136752136752018,-0.04999999999999716,-0.04999999999999716,23.35,23.4,23.35,23.4,158.0,274.0,442.0,812.0,False,False
2618,2022-10-27 09:37:16.226212,-0.002136752136752018,-0.002136752136752018,-0.04999999999999716,-0.04999999999999716,23.35,23.4,23.35,23.4,158.0,274.0,442.0,812.0,False,False
2618,2022-10-27 09:37:16.233670,-0.002136752136752018,-0.002136752136752018,-0.04999999999999716,-0.04999999999999716,23.35,23.4,23.35,23.4,158.0,274.0,442.0,362.0,True,True
2618,2022-10-27 09:37:16.727545,-0.002136752136752018,-0.002136752136752018,-0.04999999999999716,-0.04999999999999716,23.35,23.4,23.35,23.4,158.0,273.0,442.0,362.0,False,False
2618,2022-10-27 09:37:16.831325,-0.002136752136752018,-0.002136752136752018,-0.04999999999999716,-0.04999999999999716,23.35,23.4,23.35,23.4,157.0,273.0,442.0,362.0,False,False
2618,2022-10-27 09:37:16.915321,-0.002136752136752018,-0.002136752136752018,-0.04999999999999716,-0.04999999999999716,23.35,23.4,23.35,23.4,157.0,274.0,442.0,362.0,False,False
2618,2022-10-27 09:37:17.778022,-0.002136752136752018,-0.002136752136752018,-0.04999999999999716,-0.04999999999999716,23.35,23.4,23.35,23.4,157.0,274.0,442.0,362.0,False,False
2618,2022-10-27 09:37:18.079169,-0.002136752136752018,-0.002136752136752018,-0.04999999999999716,-0.04999999999999716,23.35,23.4,23.35,23.4,157.0,274.0,442.0,362.0,False,False
2618,2022-10-27 09:37:18.407020,-0.002136752136752018,-0.002136752136752018,-0.04999999999999716,-0.04999999999999716,23.35,23.4,23.35,23.4,157.0,276.0,442.0,362.0,False,False
2618,2022-10-27 09:37:19.884000,-0.002136752136752018,-0.002136752136752018,-0.04999999999999716,-0.04999999999999716,23.35,23.4,23.35,23.4,157.0,276.0,442.0,362.0,False,False
2618,2022-10-27 09:37:20.787851,-0.002136752136752018,-0.002136752136752018,-0.04999999999999716,-0.04999999999999716,23.35,23.4,23.35,23.4,155.0,276.0,442.0,362.0,False,False
2618,2022-10-27 09:37:21.231596,-0.002136752136752018,-0.002136752136752018,-0.04999999999999716,-0.04999999999999716,23.35,23.4,23.35,23.4,154.0,276.0,442.0,362.0,False,False
2618,2022-10-27 09:37:21.650655,-0.002136752136752018,-0.002136752136752018,-0.04999999999999716,-0.04999999999999716,23.35,23.4,23.35,23.4,154.0,276.0,442.0,362.0,False,False
2618,2022-10-27 09:37:21.908328,-0.002136752136752018,-0.002136752136752018,-0.04999999999999716,-0.04999999999999716,23.35,23.4,23.35,23.4,152.0,276.0,442.0,362.0,False,False
2618,2022-10-27 09:37:22.606147,-0.002136752136752018,-0.002136752136752018,-0.04999999999999716,-0.04999999999999716,23.35,23.4,23.35,23.4,152.0,279.0,442.0,362.0,False,False
2618,2022-10-27 09:37:22.718652,-0.002136752136752018,-0.002136752136752018,-0.04999999999999716,-0.04999999999999716,23.35,23.4,23.35,23.4,153.0,279.0,442.0,362.0,False,False
2618,2022-10-27 09:37:23.093607,-0.002136752136752018,-0.002136752136752018,-0.04999999999999716,-0.04999999999999716,23.35,23.4,23.35,23.4,153.0,275.0,442.0,362.0,False,False
2618,2022-10-27 09:37:23.266336,-0.002136752136752018,-0.002136752136752018,-0.04999999999999716,-0.04999999999999716,23.35,23.4,23.35,23.4,153.0,275.0,442.0,362.0,False,False
2618,2022-10-27 09:37:23.274146,-0.002136752136752018,-0.002136752136752018,-0.04999999999999716,-0.04999999999999716,23.35,23.4,23.35,23.4,153.0,274.0,442.0,362.0,False,False
2618,2022-10-27 09:37:24.231468,-0.002136752136752018,-0.002136752136752018,-0.04999999999999716,-0.04999999999999716,23.35,23.4,23.35,23.4,153.0,274.0,442.0,362.0,False,False
2618,2022-10-27 09:37:24.819845,-0.002136752136752018,-0.002136752136752018,-0.04999999999999716,-0.04999999999999716,23.35,23.4,23.35,23.4,153.0,274.0,442.0,362.0,False,False
2618,2022-10-27 09:37:25.227260,-0.002136752136752018,-0.002136752136752018,-0.04999999999999716,-0.04999999999999716,23.35,23.4,23.35,23.4,153.0,274.0,442.0,362.0,False,False
2618,2022-10-27 09:37:25.545727,-0.002136752136752018,-0.002136752136752018,-0.04999999999999716,-0.04999999999999716,23.35,23.4,23.35,23.4,153.0,274.0,442.0,362.0,False,False
2618,2022-10-27 09:37:26.174505,-0.002136752136752018,-0.002136752136752018,-0.04999999999999716,-0.04999999999999716,23.35,23.4,23.35,23.4,153.0,274.0,442.0,362.0,False,False
2618,2022-10-27 09:37:27.024201,-0.002136752136752018,-0.002136752136752018,-0.04999999999999716,-0.04999999999999716,23.35,23.4,23.35,23.4,153.0,275.0,442.0,362.0,False,False
2618,2022-10-27 09:37:27.468593,-0.002136752136752018,-0.002136752136752018,-0.04999999999999716,-0.04999999999999716,23.35,23.4,23.35,23.4,153.0,275.0,442.0,362.0,False,False
2618,2022-10-27 09:37:27.802300,-0.002136752136752018,-0.002136752136752018,-0.04999999999999716,-0.04999999999999716,23.35,23.4,23.35,23.4,154.0,275.0,442.0,362.0,False,False
2618,2022-10-27 09:37:28.074930,-0.002136752136752018,-0.002136752136752018,-0.04999999999999716,-0.04999999999999716,23.35,23.4,23.35,23.4,154.0,285.0,442.0,362.0,False,False
2618,2022-10-27 09:37:28.526864,-0.002136752136752018,-0.002136752136752018,-0.04999999999999716,-0.04999999999999716,23.35,23.4,23.35,23.4,154.0,285.0,442.0,362.0,False,False
2618,2022-10-27 09:37:28.594411,-0.002136752136752018,-0.002136752136752018,-0.04999999999999716,-0.04999999999999716,23.35,23.4,23.35,23.4,154.0,285.0,442.0,362.0,False,False
2618,2022-10-27 09:37:28.801774,-0.002136752136752018,-0.002136752136752018,-0.04999999999999716,-0.04999999999999716,23.35,23.4,23.35,23.4,155.0,285.0,442.0,362.0,False,False
2618,2022-10-27 09:37:29.086121,-0.002136752136752018,-0.002136752136752018,-0.04999999999999716,-0.04999999999999716,23.35,23.4,23.35,23.4,153.0,285.0,442.0,362.0,False,False
2618,2022-10-27 09:37:29.182623,-0.002136752136752018,-0.002136752136752018,-0.04999999999999716,-0.04999999999999716,23.35,23.4,23.35,23.4,153.0,285.0,442.0,362.0,False,False
2618,2022-10-27 09:37:29.219475,-0.002136752136752018,-0.002136752136752018,-0.04999999999999716,-0.04999999999999716,23.35,23.4,23.35,23.4,153.0,285.0,442.0,362.0,False,False
2618,2022-10-27 09:37:29.495090,-0.002136752136752018,-0.002136752136752018,-0.04999999999999716,-0.04999999999999716,23.35,23.4,23.35,23.4,158.0,285.0,442.0,362.0,False,False
2618,2022-10-27 09:37:29.518504,-0.002136752136752018,-0.002136752136752018,-0.04999999999999716,-0.04999999999999716,23.35,23.4,23.35,23.4,159.0,285.0,442.0,362.0,False,False
2618,2022-10-27 09:37:29.725830,-0.002136752136752018,-0.002136752136752018,-0.04999999999999716,-0.04999999999999716,23.35,23.4,23.35,23.4,159.0,285.0,442.0,362.0,False,False
2618,2022-10-27 09:37:29.789030,-0.002136752136752018,-0.002136752136752018,-0.04999999999999716,-0.04999999999999716,23.35,23.4,23.35,23.4,159.0,285.0,442.0,362.0,False,False
2618,2022-10-27 09:37:30.452620,-0.002136752136752018,-0.002136752136752018,-0.04999999999999716,-0.04999999999999716,23.35,23.4,23.35,23.4,209.0,285.0,442.0,362.0,False,False
2618,2022-10-27 09:37:30.485404,-0.002136752136752018,-0.002136752136752018,-0.04999999999999716,-0.04999999999999716,23.35,23.4,23.35,23.4,209.0,285.0,442.0,362.0,False,False
2618,2022-10-27 09:37:30.529853,-0.002136752136752018,-0.002136752136752018,-0.04999999999999716,-0.04999999999999716,23.35,23.4,23.35,23.4,218.0,285.0,442.0,362.0,False,False
2618,2022-10-27 09:37:30.678357,-0.002136752136752018,-0.002136752136752018,-0.04999999999999716,-0.04999999999999716,23.35,23.4,23.35,23.4,219.0,285.0,442.0,362.0,False,False
2618,2022-10-27 09:37:31.799468,-0.002136752136752018,-0.002136752136752018,-0.04999999999999716,-0.04999999999999716,23.35,23.4,23.35,23.4,219.0,285.0,442.0,362.0,False,False
2618,2022-10-27 09:37:32.052880,-0.002136752136752018,-0.002136752136752018,-0.04999999999999716,-0.04999999999999716,23.35,23.4,23.35,23.4,219.0,284.0,442.0,362.0,False,False
2618,2022-10-27 09:37:33.624047,-0.002136752136752018,-0.002136752136752018,-0.04999999999999716,-0.04999999999999716,23.35,23.4,23.35,23.4,218.0,284.0,442.0,362.0,False,False
2618,2022-10-27 09:37:34.071234,-0.002136752136752018,-0.002136752136752018,-0.04999999999999716,-0.04999999999999716,23.35,23.4,23.35,23.4,220.0,284.0,442.0,362.0,False,False
2618,2022-10-27 09:37:34.226540,-0.002136752136752018,-0.002136752136752018,-0.04999999999999716,-0.04999999999999716,23.35,23.4,23.35,23.4,220.0,284.0,442.0,362.0,False,False
2618,2022-10-27 09:37:35.240516,-0.002136752136752018,-0.002136752136752018,-0.04999999999999716,-0.04999999999999716,23.35,23.4,23.35,23.4,211.0,284.0,442.0,362.0,False,False
2618,2022-10-27 09:37:35.698828,-0.002136752136752018,-0.002136752136752018,-0.04999999999999716,-0.04999999999999716,23.35,23.4,23.35,23.4,211.0,184.0,442.0,362.0,False,False
2618,2022-10-27 09:37:35.738594,-0.002136752136752018,-0.002136752136752018,-0.04999999999999716,-0.04999999999999716,23.35,23.4,23.35,23.4,214.0,184.0,442.0,362.0,False,False
2618,2022-10-27 09:37:35.739455,-0.002136752136752018,-0.002136752136752018,-0.04999999999999716,-0.04999999999999716,23.35,23.4,23.35,23.4,214.0,184.0,442.0,362.0,False,False
2618,2022-10-27 09:37:35.801014,-0.002136752136752018,-0.002136752136752018,-0.04999999999999716,-0.04999999999999716,23.35,23.4,23.35,23.4,219.0,184.0,442.0,362.0,False,False
2618,2022-10-27 09:37:35.983038,-0.002136752136752018,-0.002136752136752018,-0.04999999999999716,-0.04999999999999716,23.35,23.4,23.35,23.4,214.0,184.0,442.0,362.0,False,False
2618,2022-10-27 09:37:36.050634,-0.002136752136752018,-0.002136752136752018,-0.04999999999999716,-0.04999999999999716,23.35,23.4,23.35,23.4,214.0,184.0,442.0,362.0,False,False
2618,2022-10-27 09:37:36.255235,-0.002136752136752018,-0.002136752136752018,-0.04999999999999716,-0.04999999999999716,23.35,23.4,23.35,23.4,194.0,184.0,442.0,362.0,False,False
2618,2022-10-27 09:37:36.428475,-0.002136752136752018,-0.002136752136752018,-0.04999999999999716,-0.04999999999999716,23.35,23.4,23.35,23.4,193.0,184.0,442.0,362.0,False,False
2618,2022-10-27 09:37:36.429022,-0.002136752136752018,-0.002136752136752018,-0.04999999999999716,-0.04999999999999716,23.35,23.4,23.35,23.4,193.0,184.0,442.0,362.0,False,False
2618,2022-10-27 09:37:36.461949,-0.002136752136752018,-0.002136752136752018,-0.04999999999999716,-0.04999999999999716,23.35,23.4,23.35,23.4,190.0,184.0,442.0,362.0,False,False
2618,2022-10-27 09:37:36.586844,-0.002136752136752018,-0.002136752136752018,-0.04999999999999716,-0.04999999999999716,23.35,23.4,23.35,23.4,175.0,183.0,442.0,362.0,False,False
2618,2022-10-27 09:37:36.514321,-0.002136752136752018,-0.002136752136752018,-0.04999999999999716,-0.04999999999999716,23.35,23.4,23.35,23.4,175.0,184.0,442.0,362.0,False,False
2618,2022-10-27 09:37:36.634847,-0.002136752136752018,-0.002136752136752018,-0.04999999999999716,-0.04999999999999716,23.35,23.4,23.35,23.4,175.0,182.0,442.0,362.0,False,False
2618,2022-10-27 09:37:36.849024,-0.002136752136752018,-0.002136752136752018,-0.04999999999999716,-0.04999999999999716,23.35,23.4,23.35,23.4,176.0,182.0,442.0,362.0,False,False
2618,2022-10-27 09:37:36.945024,-0.002136752136752018,-0.002136752136752018,-0.04999999999999716,-0.04999999999999716,23.35,23.4,23.35,23.4,176.0,182.0,442.0,362.0,False,False
2618,2022-10-27 09:37:37.337981,-0.002136752136752018,-0.002136752136752018,-0.04999999999999716,-0.04999999999999716,23.35,23.4,23.35,23.4,176.0,182.0,442.0,362.0,False,False
2618,2022-10-27 09:37:37.583215,-0.002136752136752018,-0.002136752136752018,-0.04999999999999716,-0.04999999999999716,23.35,23.4,23.35,23.4,176.0,182.0,442.0,362.0,False,False
2618,2022-10-27 09:37:38.141779,-0.002136752136752018,-0.002136752136752018,-0.04999999999999716,-0.04999999999999716,23.35,23.4,23.35,23.4,176.0,179.0,442.0,362.0,False,False
2618,2022-10-27 09:37:38.343320,-0.002136752136752018,-0.002136752136752018,-0.04999999999999716,-0.04999999999999716,23.35,23.4,23.35,23.4,177.0,179.0,442.0,362.0,False,False
2618,2022-10-27 09:37:40.597069,-0.002136752136752018,-0.002136752136752018,-0.04999999999999716,-0.04999999999999716,23.35,23.4,23.35,23.4,178.0,179.0,442.0,362.0,False,False
2618,2022-10-27 09:37:40.598162,-0.002136752136752018,-0.002136752136752018,-0.04999999999999716,-0.04999999999999716,23.35,23.4,23.35,23.4,178.0,179.0,442.0,362.0,False,False
2618,2022-10-27 09:37:42.850041,-0.002136752136752018,-0.002136752136752018,-0.04999999999999716,-0.04999999999999716,23.35,23.4,23.35,23.4,179.0,179.0,442.0,362.0,False,False
2618,2022-10-27 09:37:43.074016,-0.002136752136752018,-0.002136752136752018,-0.04999999999999716,-0.04999999999999716,23.35,23.4,23.35,23.4,179.0,180.0,442.0,362.0,False,False
2618,2022-10-27 09:37:44.023338,-0.002136752136752018,-0.002136752136752018,-0.04999999999999716,-0.04999999999999716,23.35,23.4,23.35,23.4,179.0,180.0,442.0,362.0,False,False
2618,2022-10-27 09:37:44.591951,-0.002136752136752018,-0.002136752136752018,-0.04999999999999716,-0.04999999999999716,23.35,23.4,23.35,23.4,165.0,180.0,442.0,362.0,False,False
2618,2022-10-27 09:37:44.971220,-0.002136752136752018,-0.002136752136752018,-0.04999999999999716,-0.04999999999999716,23.35,23.4,23.35,23.4,165.0,180.0,442.0,362.0,False,False
2618,2022-10-27 09:37:45.100168,-0.002136752136752018,-0.002136752136752018,-0.04999999999999716,-0.04999999999999716,23.35,23.4,23.35,23.4,165.0,179.0,442.0,362.0,False,False
2618,2022-10-27 09:37:45.300622,-0.002136752136752018,-0.002136752136752018,-0.04999999999999716,-0.04999999999999716,23.35,23.4,23.35,23.4,164.0,178.0,442.0,362.0,False,False
2618,2022-10-27 09:37:46.317908,-0.002136752136752018,-0.002136752136752018,-0.04999999999999716,-0.04999999999999716,23.35,23.4,23.35,23.4,164.0,178.0,442.0,392.0,True,True
2618,2022-10-27 09:37:47.103654,-0.002136752136752018,-0.002136752136752018,-0.04999999999999716,-0.04999999999999716,23.35,23.4,23.35,23.4,164.0,178.0,442.0,392.0,False,False
2618,2022-10-27 09:37:47.207099,-0.002136752136752018,-0.002136752136752018,-0.04999999999999716,-0.04999999999999716,23.35,23.4,23.35,23.4,164.0,178.0,442.0,392.0,False,False
2618,2022-10-27 09:37:47.476047,-0.002136752136752018,-0.002136752136752018,-0.04999999999999716,-0.04999999999999716,23.35,23.4,23.35,23.4,164.0,179.0,442.0,392.0,False,False
2618,2022-10-27 09:37:48.743401,-0.002136752136752018,-0.002136752136752018,-0.04999999999999716,-0.04999999999999716,23.35,23.4,23.35,23.4,169.0,179.0,442.0,392.0,False,False
2618,2022-10-27 09:37:49.450829,-0.002136752136752018,-0.002136752136752018,-0.04999999999999716,-0.04999999999999716,23.35,23.4,23.35,23.4,169.0,178.0,442.0,392.0,False,False
2618,2022-10-27 09:37:50.200994,-0.002136752136752018,-0.002136752136752018,-0.04999999999999716,-0.04999999999999716,23.35,23.4,23.35,23.4,172.0,178.0,442.0,392.0,False,False
2618,2022-10-27 09:37:51.497687,-0.002136752136752018,-0.002136752136752018,-0.04999999999999716,-0.04999999999999716,23.35,23.4,23.35,23.4,173.0,178.0,442.0,392.0,False,False
2618,2022-10-27 09:37:51.774887,-0.002136752136752018,-0.002136752136752018,-0.04999999999999716,-0.04999999999999716,23.35,23.4,23.35,23.4,173.0,178.0,442.0,392.0,False,False
2618,2022-10-27 09:37:52.348467,-0.002136752136752018,-0.002136752136752018,-0.04999999999999716,-0.04999999999999716,23.35,23.4,23.35,23.4,174.0,178.0,442.0,392.0,False,False
2618,2022-10-27 09:37:54.676682,-0.002136752136752018,-0.002136752136752018,-0.04999999999999716,-0.04999999999999716,23.35,23.4,23.35,23.4,175.0,178.0,442.0,392.0,False,False
2618,2022-10-27 09:37:54.983836,-0.002136752136752018,-0.002136752136752018,-0.04999999999999716,-0.04999999999999716,23.35,23.4,23.35,23.4,175.0,180.0,442.0,392.0,False,False
2618,2022-10-27 09:37:55.220489,-0.002136752136752018,-0.002136752136752018,-0.04999999999999716,-0.04999999999999716,23.35,23.4,23.35,23.4,175.0,180.0,442.0,392.0,False,False
2618,2022-10-27 09:37:56.391964,-0.002136752136752018,-0.002136752136752018,-0.04999999999999716,-0.04999999999999716,23.35,23.4,23.35,23.4,175.0,181.0,442.0,392.0,False,False
2618,2022-10-27 09:37:57.235631,-0.002136752136752018,-0.002136752136752018,-0.04999999999999716,-0.04999999999999716,23.35,23.4,23.35,23.4,175.0,182.0,442.0,392.0,False,False
2618,2022-10-27 09:37:57.854655,-0.002136752136752018,-0.002136752136752018,-0.04999999999999716,-0.04999999999999716,23.35,23.4,23.35,23.4,175.0,181.0,442.0,392.0,False,False
2618,2022-10-27 09:37:58.296816,-0.002136752136752018,-0.002136752136752018,-0.04999999999999716,-0.04999999999999716,23.35,23.4,23.35,23.4,175.0,178.0,442.0,392.0,False,False
2618,2022-10-27 09:37:58.324165,-0.002136752136752018,-0.002136752136752018,-0.04999999999999716,-0.04999999999999716,23.35,23.4,23.35,23.4,178.0,178.0,442.0,392.0,False,False
2618,2022-10-27 09:37:58.356811,-0.002136752136752018,-0.002136752136752018,-0.04999999999999716,-0.04999999999999716,23.35,23.4,23.35,23.4,175.0,178.0,442.0,392.0,False,False
2618,2022-10-27 09:37:58.792124,-0.002136752136752018,-0.002136752136752018,-0.04999999999999716,-0.04999999999999716,23.35,23.4,23.35,23.4,175.0,178.0,442.0,392.0,False,False
2618,2022-10-27 09:37:59.459847,-0.002136752136752018,-0.002136752136752018,-0.04999999999999716,-0.04999999999999716,23.35,23.4,23.35,23.4,175.0,178.0,442.0,392.0,False,False
2618,2022-10-27 09:38:00.575101,-0.002136752136752018,-0.002136752136752018,-0.04999999999999716,-0.04999999999999716,23.35,23.4,23.35,23.4,175.0,178.0,442.0,392.0,False,False
2618,2022-10-27 09:38:02.420213,-0.002136752136752018,-0.002136752136752018,-0.04999999999999716,-0.04999999999999716,23.35,23.4,23.35,23.4,175.0,178.0,442.0,392.0,False,False
2618,2022-10-27 09:38:02.494006,-0.002136752136752018,-0.002136752136752018,-0.04999999999999716,-0.04999999999999716,23.35,23.4,23.35,23.4,175.0,178.0,442.0,392.0,False,False
2618,2022-10-27 09:38:02.549915,-0.002136752136752018,-0.002136752136752018,-0.04999999999999716,-0.04999999999999716,23.35,23.4,23.35,23.4,175.0,177.0,442.0,392.0,False,False
2618,2022-10-27 09:38:02.529014,-0.002136752136752018,-0.002136752136752018,-0.04999999999999716,-0.04999999999999716,23.35,23.4,23.35,23.4,175.0,178.0,442.0,392.0,False,False
2618,2022-10-27 09:38:04.268957,-0.002136752136752018,-0.002136752136752018,-0.04999999999999716,-0.04999999999999716,23.35,23.4,23.35,23.4,175.0,175.0,442.0,392.0,False,False
2618,2022-10-27 09:38:04.567973,-0.002136752136752018,-0.002136752136752018,-0.04999999999999716,-0.04999999999999716,23.35,23.4,23.35,23.4,175.0,171.0,442.0,392.0,False,False
2618,2022-10-27 09:38:05.101574,-0.002136752136752018,-0.002136752136752018,-0.04999999999999716,-0.04999999999999716,23.35,23.4,23.35,23.4,175.0,172.0,442.0,392.0,False,False
2618,2022-10-27 09:38:05.921419,-0.002136752136752018,-0.002136752136752018,-0.04999999999999716,-0.04999999999999716,23.35,23.4,23.35,23.4,175.0,171.0,442.0,392.0,False,False
2618,2022-10-27 09:38:06.376106,0.0,-0.004264392324093702,0.0,-0.09999999999999787,23.35,23.4,23.4,23.45,175.0,171.0,50.0,342.0,True,True
2618,2022-10-27 09:38:07.181892,0.0,-0.004264392324093702,0.0,-0.09999999999999787,23.35,23.4,23.4,23.45,175.0,171.0,50.0,342.0,False,False
2618,2022-10-27 09:38:07.414365,0.0,-0.004264392324093702,0.0,-0.09999999999999787,23.35,23.4,23.4,23.45,175.0,171.0,50.0,342.0,False,False
2618,2022-10-27 09:38:09.344605,0.0,-0.004264392324093702,0.0,-0.09999999999999787,23.35,23.4,23.4,23.45,175.0,172.0,50.0,342.0,False,False
2618,2022-10-27 09:38:12.445201,0.0,-0.004264392324093702,0.0,-0.09999999999999787,23.35,23.4,23.4,23.45,175.0,172.0,50.0,342.0,False,False
2618,2022-10-27 09:38:12.830467,0.0,-0.004264392324093702,0.0,-0.09999999999999787,23.35,23.4,23.4,23.45,175.0,173.0,50.0,342.0,False,False
2618,2022-10-27 09:38:15.523651,0.0,-0.004264392324093702,0.0,-0.09999999999999787,23.35,23.4,23.4,23.45,185.0,173.0,50.0,342.0,False,False
2618,2022-10-27 09:38:15.777274,0.0,-0.004264392324093702,0.0,-0.09999999999999787,23.35,23.4,23.4,23.45,185.0,175.0,50.0,342.0,False,False
2618,2022-10-27 09:38:15.915382,0.0,-0.004264392324093702,0.0,-0.09999999999999787,23.35,23.4,23.4,23.45,185.0,176.0,50.0,342.0,False,False
2618,2022-10-27 09:38:15.978808,0.0,-0.004264392324093702,0.0,-0.09999999999999787,23.35,23.4,23.4,23.45,185.0,171.0,50.0,342.0,False,False
2618,2022-10-27 09:38:16.977509,0.0,-0.004264392324093702,0.0,-0.09999999999999787,23.35,23.4,23.4,23.45,185.0,171.0,50.0,342.0,False,False
2618,2022-10-27 09:38:18.797068,0.0,-0.004264392324093702,0.0,-0.09999999999999787,23.35,23.4,23.4,23.45,185.0,172.0,50.0,342.0,False,False
2618,2022-10-27 09:38:18.937026,0.0,-0.004264392324093702,0.0,-0.09999999999999787,23.35,23.4,23.4,23.45,180.0,172.0,50.0,342.0,False,False
2618,2022-10-27 09:38:18.944236,0.0,-0.004264392324093702,0.0,-0.09999999999999787,23.35,23.4,23.4,23.45,160.0,172.0,50.0,342.0,False,False
2618,2022-10-27 09:38:18.970189,0.0,-0.004264392324093702,0.0,-0.09999999999999787,23.35,23.4,23.4,23.45,160.0,213.0,50.0,342.0,False,False
2618,2022-10-27 09:38:18.997885,0.0,-0.004264392324093702,0.0,-0.09999999999999787,23.35,23.4,23.4,23.45,160.0,213.0,50.0,342.0,False,False
2618,2022-10-27 09:38:20.526880,0.0,-0.004264392324093702,0.0,-0.09999999999999787,23.35,23.4,23.4,23.45,172.0,213.0,50.0,342.0,False,False
2618,2022-10-27 09:38:23.417736,0.0,-0.004264392324093702,0.0,-0.09999999999999787,23.35,23.4,23.4,23.45,172.0,213.0,50.0,342.0,False,False
2618,2022-10-27 09:38:23.894702,0.0,-0.004264392324093702,0.0,-0.09999999999999787,23.35,23.4,23.4,23.45,172.0,213.0,50.0,342.0,False,False
2618,2022-10-27 09:38:24.212018,0.0,-0.004264392324093702,0.0,-0.09999999999999787,23.35,23.4,23.4,23.45,173.0,213.0,50.0,342.0,False,False
2618,2022-10-27 09:38:24.639931,0.0,-0.004264392324093702,0.0,-0.09999999999999787,23.35,23.4,23.4,23.45,187.0,213.0,50.0,342.0,False,False
2618,2022-10-27 09:38:24.678275,0.0,-0.004264392324093702,0.0,-0.09999999999999787,23.35,23.4,23.4,23.45,187.0,172.0,50.0,342.0,False,False
2618,2022-10-27 09:38:25.907851,0.0,-0.004264392324093702,0.0,-0.09999999999999787,23.35,23.4,23.4,23.45,187.0,172.0,50.0,342.0,False,False
2618,2022-10-27 09:38:25.998326,0.0,-0.004264392324093702,0.0,-0.09999999999999787,23.35,23.4,23.4,23.45,192.0,172.0,50.0,342.0,False,False
2618,2022-10-27 09:38:26.028314,0.0,-0.004264392324093702,0.0,-0.09999999999999787,23.35,23.4,23.4,23.45,192.0,172.0,50.0,342.0,False,False
2618,2022-10-27 09:38:26.160775,0.0,-0.004264392324093702,0.0,-0.09999999999999787,23.35,23.4,23.4,23.45,192.0,171.0,50.0,342.0,False,False
2618,2022-10-27 09:38:26.867189,0.0,-0.004264392324093702,0.0,-0.09999999999999787,23.35,23.4,23.4,23.45,192.0,171.0,50.0,342.0,False,False
2618,2022-10-27 09:38:26.951012,0.0,-0.004264392324093702,0.0,-0.09999999999999787,23.35,23.4,23.4,23.45,192.0,172.0,50.0,342.0,False,False
2618,2022-10-27 09:38:27.198330,0.0,-0.004264392324093702,0.0,-0.09999999999999787,23.35,23.4,23.4,23.45,192.0,172.0,50.0,342.0,False,False
2618,2022-10-27 09:38:28.374549,0.0,-0.004264392324093702,0.0,-0.09999999999999787,23.35,23.4,23.4,23.45,192.0,171.0,50.0,342.0,False,False
2618,2022-10-27 09:38:28.682638,0.0,-0.004264392324093702,0.0,-0.09999999999999787,23.35,23.4,23.4,23.45,192.0,170.0,50.0,342.0,False,False
2618,2022-10-27 09:38:28.714260,0.0,-0.004264392324093702,0.0,-0.09999999999999787,23.35,23.4,23.4,23.45,192.0,170.0,50.0,342.0,False,False
2618,2022-10-27 09:38:28.744675,0.0,-0.004264392324093702,0.0,-0.09999999999999787,23.35,23.4,23.4,23.45,192.0,170.0,50.0,342.0,False,False
2618,2022-10-27 09:38:31.413279,0.0,-0.004264392324093702,0.0,-0.09999999999999787,23.35,23.4,23.4,23.45,192.0,170.0,50.0,342.0,False,False
2618,2022-10-27 09:38:31.458249,0.0,-0.004264392324093702,0.0,-0.09999999999999787,23.35,23.4,23.4,23.45,192.0,170.0,50.0,342.0,False,False
2618,2022-10-27 09:38:31.799943,0.0,-0.004264392324093702,0.0,-0.09999999999999787,23.35,23.4,23.4,23.45,192.0,170.0,50.0,342.0,False,False
2618,2022-10-27 09:38:31.994663,0.0,-0.004264392324093702,0.0,-0.09999999999999787,23.35,23.4,23.4,23.45,192.0,170.0,50.0,342.0,False,False
2618,2022-10-27 09:38:32.145206,0.0,-0.004264392324093702,0.0,-0.09999999999999787,23.35,23.4,23.4,23.45,192.0,171.0,50.0,342.0,False,False
2618,2022-10-27 09:38:33.678705,0.0,-0.004264392324093702,0.0,-0.09999999999999787,23.35,23.4,23.4,23.45,192.0,173.0,50.0,342.0,False,False
2618,2022-10-27 09:38:35.564353,0.0,-0.004264392324093702,0.0,-0.09999999999999787,23.35,23.4,23.4,23.45,192.0,183.0,50.0,342.0,False,False
2618,2022-10-27 09:38:35.603885,0.0,-0.004264392324093702,0.0,-0.09999999999999787,23.35,23.4,23.4,23.45,192.0,183.0,50.0,342.0,False,False
2618,2022-10-27 09:38:36.363047,0.0,-0.004264392324093702,0.0,-0.09999999999999787,23.35,23.4,23.4,23.45,192.0,184.0,50.0,342.0,False,False
2618,2022-10-27 09:38:36.828719,0.0,-0.004264392324093702,0.0,-0.09999999999999787,23.35,23.4,23.4,23.45,192.0,184.0,50.0,342.0,False,False
2618,2022-10-27 09:38:36.949708,0.0,-0.004264392324093702,0.0,-0.09999999999999787,23.35,23.4,23.4,23.45,194.0,184.0,50.0,342.0,False,False
2618,2022-10-27 09:38:37.322820,0.0,-0.004264392324093702,0.0,-0.09999999999999787,23.35,23.4,23.4,23.45,194.0,179.0,50.0,342.0,False,False
2618,2022-10-27 09:38:37.940810,0.0,-0.004264392324093702,0.0,-0.09999999999999787,23.35,23.4,23.4,23.45,194.0,174.0,50.0,342.0,False,False
2618,2022-10-27 09:38:38.109172,0.0,-0.004264392324093702,0.0,-0.09999999999999787,23.35,23.4,23.4,23.45,194.0,174.0,50.0,342.0,False,False
2618,2022-10-27 09:38:38.384677,0.0,-0.004264392324093702,0.0,-0.09999999999999787,23.35,23.4,23.4,23.45,194.0,174.0,50.0,342.0,False,False
2618,2022-10-27 09:38:40.052075,0.0,-0.004264392324093702,0.0,-0.09999999999999787,23.35,23.4,23.4,23.45,194.0,174.0,50.0,342.0,False,False
2618,2022-10-27 09:38:40.235499,0.0,-0.004264392324093702,0.0,-0.09999999999999787,23.35,23.4,23.4,23.45,194.0,174.0,50.0,342.0,False,False
2618,2022-10-27 09:38:40.853146,0.0,-0.004264392324093702,0.0,-0.09999999999999787,23.35,23.4,23.4,23.45,194.0,174.0,50.0,342.0,False,False
