symbol,datetime,NaOb_r,NbOa_r,NaOb_s,NbOa_s,bid1,ask1,odd_bid1,odd_ask1,bidQty1,askQty1,odd_bidQty1,odd_askQty1,simulate,triggerbyOdd
2812,2022-10-27 09:34:03.470476,0.0,-0.007936507936507908,0.0,-0.09999999999999964,12.5,12.55,12.55,12.6,205.0,9.0,2820.0,14654.0,False,True
2812,2022-10-27 09:34:04.057615,0.0,-0.007936507936507908,0.0,-0.09999999999999964,12.5,12.55,12.55,12.6,205.0,10.0,2820.0,14654.0,False,False
2812,2022-10-27 09:34:08.108719,0.0,-0.007936507936507908,0.0,-0.09999999999999964,12.5,12.55,12.55,12.6,205.0,11.0,2820.0,14654.0,False,False
2812,2022-10-27 09:34:13.359180,0.0,-0.007936507936507908,0.0,-0.09999999999999964,12.5,12.55,12.55,12.6,204.0,11.0,2820.0,14654.0,False,False
2812,2022-10-27 09:34:13.519843,0.0,-0.007936507936507908,0.0,-0.09999999999999964,12.5,12.55,12.55,12.6,204.0,11.0,2820.0,14654.0,True,True
2812,2022-10-27 09:34:13.909525,0.0,-0.007936507936507908,0.0,-0.09999999999999964,12.5,12.55,12.55,12.6,206.0,11.0,2820.0,14654.0,False,False
2812,2022-10-27 09:34:16.346689,0.0,-0.007936507936507908,0.0,-0.09999999999999964,12.5,12.55,12.55,12.6,206.0,10.0,2820.0,14654.0,False,False
2812,2022-10-27 09:34:22.334899,0.0,-0.007936507936507908,0.0,-0.09999999999999964,12.5,12.55,12.55,12.6,206.0,10.0,2820.0,14654.0,False,False
2812,2022-10-27 09:34:23.575382,0.0,-0.007936507936507908,0.0,-0.09999999999999964,12.5,12.55,12.55,12.6,206.0,10.0,2820.0,14654.0,True,True
2812,2022-10-27 09:34:23.634435,0.0,-0.007936507936507908,0.0,-0.09999999999999964,12.5,12.55,12.55,12.6,206.0,10.0,2820.0,14654.0,False,False
2812,2022-10-27 09:34:33.366990,0.0,-0.007936507936507908,0.0,-0.09999999999999964,12.5,12.55,12.55,12.6,206.0,24.0,2820.0,14654.0,False,False
2812,2022-10-27 09:34:33.626061,0.0,-0.007936507936507908,0.0,-0.09999999999999964,12.5,12.55,12.55,12.6,206.0,24.0,2820.0,15240.0,True,True
2812,2022-10-27 09:34:34.513369,0.0,-0.007936507936507908,0.0,-0.09999999999999964,12.5,12.55,12.55,12.6,207.0,24.0,2820.0,15240.0,False,False
2812,2022-10-27 09:34:42.817969,0.0,-0.007936507936507908,0.0,-0.09999999999999964,12.5,12.55,12.55,12.6,207.0,24.0,2820.0,15240.0,False,False
2812,2022-10-27 09:34:43.662844,0.0,-0.007936507936507908,0.0,-0.09999999999999964,12.5,12.55,12.55,12.6,207.0,24.0,2820.0,15240.0,True,True
2812,2022-10-27 09:34:56.486687,0.0,-0.007936507936507908,0.0,-0.09999999999999964,12.5,12.55,12.55,12.6,207.0,24.0,2820.0,15240.0,False,False
2812,2022-10-27 09:34:56.569092,0.0,-0.007936507936507908,0.0,-0.09999999999999964,12.5,12.55,12.55,12.6,207.0,25.0,2820.0,15240.0,False,False
2812,2022-10-27 09:34:56.600843,0.0,-0.007936507936507908,0.0,-0.09999999999999964,12.5,12.55,12.55,12.6,198.0,38.0,2820.0,15240.0,False,False
2812,2022-10-27 09:35:03.880633,0.0,-0.007936507936507908,0.0,-0.09999999999999964,12.5,12.55,12.55,12.6,198.0,38.0,2910.0,15240.0,True,True
2812,2022-10-27 09:35:14.073920,0.0,-0.007936507936507908,0.0,-0.09999999999999964,12.5,12.55,12.55,12.6,198.0,38.0,2920.0,15240.0,True,True
2812,2022-10-27 09:35:20.990099,0.0,-0.007936507936507908,0.0,-0.09999999999999964,12.5,12.55,12.55,12.6,198.0,39.0,2920.0,15240.0,False,False
2812,2022-10-27 09:35:32.005629,0.0,-0.007936507936507908,0.0,-0.09999999999999964,12.5,12.55,12.55,12.6,198.0,39.0,2920.0,15240.0,False,False
2812,2022-10-27 09:35:33.190392,0.0,-0.007936507936507908,0.0,-0.09999999999999964,12.5,12.55,12.55,12.6,198.0,39.0,2920.0,15240.0,False,False
2812,2022-10-27 09:35:37.213422,0.0,-0.007936507936507908,0.0,-0.09999999999999964,12.5,12.55,12.55,12.6,198.0,39.0,2920.0,15240.0,False,False
2812,2022-10-27 09:35:44.126235,0.0,-0.007936507936507908,0.0,-0.09999999999999964,12.5,12.55,12.55,12.6,198.0,39.0,2920.0,20235.0,True,True
2812,2022-10-27 09:35:46.923951,0.0,-0.007936507936507908,0.0,-0.09999999999999964,12.5,12.55,12.55,12.6,198.0,39.0,2920.0,20235.0,False,False
2812,2022-10-27 09:35:50.608228,0.0,-0.007936507936507908,0.0,-0.09999999999999964,12.5,12.55,12.55,12.6,198.0,40.0,2920.0,20235.0,False,False
2812,2022-10-27 09:35:54.156685,0.0,-0.007936507936507908,0.0,-0.09999999999999964,12.5,12.55,12.55,12.6,198.0,40.0,2920.0,20435.0,True,True
2812,2022-10-27 09:36:00.869138,0.0,-0.007936507936507908,0.0,-0.09999999999999964,12.5,12.55,12.55,12.6,198.0,40.0,2920.0,20435.0,False,False
2812,2022-10-27 09:36:23.263086,0.0,-0.007936507936507908,0.0,-0.09999999999999964,12.5,12.55,12.55,12.6,198.0,58.0,2920.0,20435.0,False,False
2812,2022-10-27 09:36:23.590606,0.0,-0.007936507936507908,0.0,-0.09999999999999964,12.5,12.55,12.55,12.6,197.0,57.0,2920.0,20435.0,False,False
2812,2022-10-27 09:36:24.603994,0.0,-0.007936507936507908,0.0,-0.09999999999999964,12.5,12.55,12.55,12.6,198.0,57.0,2920.0,20435.0,False,False
2812,2022-10-27 09:36:27.821395,0.0,-0.007936507936507908,0.0,-0.09999999999999964,12.5,12.55,12.55,12.6,188.0,57.0,2920.0,20435.0,False,False
2812,2022-10-27 09:36:29.196291,0.0,-0.007936507936507908,0.0,-0.09999999999999964,12.5,12.55,12.55,12.6,188.0,65.0,2920.0,20435.0,False,False
2812,2022-10-27 09:36:32.380234,0.0,-0.007936507936507908,0.0,-0.09999999999999964,12.5,12.55,12.55,12.6,188.0,65.0,2920.0,20435.0,False,False
2812,2022-10-27 09:36:34.281594,0.0,-0.007936507936507908,0.0,-0.09999999999999964,12.5,12.55,12.55,12.6,188.0,65.0,2920.0,20435.0,True,True
2812,2022-10-27 09:36:34.407600,0.0,-0.007936507936507908,0.0,-0.09999999999999964,12.5,12.55,12.55,12.6,188.0,64.0,2920.0,20435.0,False,False
2812,2022-10-27 09:36:41.141856,0.0,-0.007936507936507908,0.0,-0.09999999999999964,12.5,12.55,12.55,12.6,189.0,64.0,2920.0,20435.0,False,False
2812,2022-10-27 09:36:43.744157,0.0,-0.007936507936507908,0.0,-0.09999999999999964,12.5,12.55,12.55,12.6,189.0,56.0,2920.0,20435.0,False,False
2812,2022-10-27 09:36:44.309589,0.0,-0.007936507936507908,0.0,-0.09999999999999964,12.5,12.55,12.55,12.6,189.0,56.0,2945.0,20435.0,True,True
2812,2022-10-27 09:36:47.379188,0.0,-0.007936507936507908,0.0,-0.09999999999999964,12.5,12.55,12.55,12.6,189.0,56.0,2945.0,20435.0,False,False
2812,2022-10-27 09:36:54.350866,0.0,-0.007936507936507908,0.0,-0.09999999999999964,12.5,12.55,12.55,12.6,189.0,56.0,2945.0,20557.0,True,True
2812,2022-10-27 09:36:56.643723,0.0,-0.007936507936507908,0.0,-0.09999999999999964,12.5,12.55,12.55,12.6,190.0,56.0,2945.0,20557.0,False,False
2812,2022-10-27 09:36:56.690960,0.0,-0.007936507936507908,0.0,-0.09999999999999964,12.5,12.55,12.55,12.6,190.0,38.0,2945.0,20557.0,False,False
2812,2022-10-27 09:37:00.610301,0.0,-0.007936507936507908,0.0,-0.09999999999999964,12.5,12.55,12.55,12.6,191.0,38.0,2945.0,20557.0,False,False
2812,2022-10-27 09:37:03.585705,0.0,-0.007936507936507908,0.0,-0.09999999999999964,12.5,12.55,12.55,12.6,191.0,38.0,2945.0,21257.0,False,True
2812,2022-10-27 09:37:08.486461,0.0,-0.007936507936507908,0.0,-0.09999999999999964,12.5,12.55,12.55,12.6,191.0,38.0,2945.0,21257.0,False,False
2812,2022-10-27 09:37:13.616848,0.0,-0.007936507936507908,0.0,-0.09999999999999964,12.5,12.55,12.55,12.6,191.0,38.0,2945.0,22157.0,True,True
2812,2022-10-27 09:37:14.157063,0.0,-0.007936507936507908,0.0,-0.09999999999999964,12.5,12.55,12.55,12.6,191.0,38.0,2945.0,22157.0,False,False
2812,2022-10-27 09:37:20.139264,0.0,-0.007936507936507908,0.0,-0.09999999999999964,12.5,12.55,12.55,12.6,191.0,38.0,2945.0,22157.0,False,False
2812,2022-10-27 09:37:23.644924,0.0,-0.007936507936507908,0.0,-0.09999999999999964,12.5,12.55,12.55,12.6,191.0,38.0,2945.0,22907.0,True,True
2812,2022-10-27 09:37:29.930152,0.0,-0.007936507936507908,0.0,-0.09999999999999964,12.5,12.55,12.55,12.6,181.0,38.0,2945.0,22907.0,False,False
2812,2022-10-27 09:37:29.986909,0.0,-0.007936507936507908,0.0,-0.09999999999999964,12.5,12.55,12.55,12.6,190.0,25.0,2945.0,22907.0,False,False
2812,2022-10-27 09:37:30.481864,0.0,-0.007936507936507908,0.0,-0.09999999999999964,12.5,12.55,12.55,12.6,190.0,25.0,2945.0,22907.0,False,False
2812,2022-10-27 09:37:33.431319,0.0,-0.007936507936507908,0.0,-0.09999999999999964,12.5,12.55,12.55,12.6,190.0,16.0,2945.0,22907.0,False,False
2812,2022-10-27 09:37:33.676046,0.0,-0.007936507936507908,0.0,-0.09999999999999964,12.5,12.55,12.55,12.6,190.0,16.0,2945.0,23307.0,True,True
2812,2022-10-27 09:37:43.714359,0.0,-0.007936507936507908,0.0,-0.09999999999999964,12.5,12.55,12.55,12.6,190.0,16.0,2945.0,23307.0,True,True
2812,2022-10-27 09:37:48.639004,0.0,-0.007936507936507908,0.0,-0.09999999999999964,12.5,12.55,12.55,12.6,190.0,16.0,2945.0,23307.0,False,False
2812,2022-10-27 09:37:53.756795,0.0,-0.007936507936507908,0.0,-0.09999999999999964,12.5,12.55,12.55,12.6,190.0,16.0,2945.0,23307.0,True,True
2812,2022-10-27 09:37:55.444299,0.0,-0.007936507936507908,0.0,-0.09999999999999964,12.5,12.55,12.55,12.6,190.0,16.0,2945.0,23307.0,False,False
2812,2022-10-27 09:38:03.786884,0.0,-0.007936507936507908,0.0,-0.09999999999999964,12.5,12.55,12.55,12.6,190.0,16.0,2975.0,23307.0,True,True
2812,2022-10-27 09:38:06.052440,0.0,-0.007936507936507908,0.0,-0.09999999999999964,12.5,12.55,12.55,12.6,190.0,17.0,2975.0,23307.0,False,False
2812,2022-10-27 09:38:13.133478,0.0,-0.007936507936507908,0.0,-0.09999999999999964,12.5,12.55,12.55,12.6,190.0,17.0,2975.0,23307.0,False,False
2812,2022-10-27 09:38:13.814987,0.0,-0.007936507936507908,0.0,-0.09999999999999964,12.5,12.55,12.55,12.6,190.0,17.0,2975.0,23307.0,True,True
2812,2022-10-27 09:38:16.581973,0.0,-0.007936507936507908,0.0,-0.09999999999999964,12.5,12.55,12.55,12.6,190.0,17.0,2975.0,23307.0,False,False
2812,2022-10-27 09:38:28.974351,0.0,-0.007936507936507908,0.0,-0.09999999999999964,12.5,12.55,12.55,12.6,190.0,18.0,2975.0,23307.0,False,False
2812,2022-10-27 09:38:29.001511,0.0,-0.007936507936507908,0.0,-0.09999999999999964,12.5,12.55,12.55,12.6,190.0,18.0,2975.0,23307.0,False,False
2812,2022-10-27 09:38:33.437042,0.0,-0.007936507936507908,0.0,-0.09999999999999964,12.5,12.55,12.55,12.6,205.0,18.0,2975.0,23307.0,False,False
2812,2022-10-27 09:38:35.200403,0.0,-0.007936507936507908,0.0,-0.09999999999999964,12.5,12.55,12.55,12.6,206.0,18.0,2975.0,23307.0,False,False
2812,2022-10-27 09:38:38.399347,0.0,-0.007936507936507908,0.0,-0.09999999999999964,12.5,12.55,12.55,12.6,206.0,18.0,2975.0,23307.0,False,False
2812,2022-10-27 09:38:41.320900,0.0,-0.007936507936507908,0.0,-0.09999999999999964,12.5,12.55,12.55,12.6,206.0,18.0,2975.0,23307.0,False,False
2812,2022-10-27 09:38:45.342514,0.0,-0.007936507936507908,0.0,-0.09999999999999964,12.5,12.55,12.55,12.6,206.0,19.0,2975.0,23307.0,False,False
2812,2022-10-27 09:38:45.472597,0.0,-0.007936507936507908,0.0,-0.09999999999999964,12.5,12.55,12.55,12.6,206.0,8.0,2975.0,23307.0,False,False
2812,2022-10-27 09:38:52.139014,0.0,-0.007936507936507908,0.0,-0.09999999999999964,12.5,12.55,12.55,12.6,206.0,3.0,2975.0,23307.0,False,False
2812,2022-10-27 09:38:52.291569,0.0,-0.007936507936507908,0.0,-0.09999999999999964,12.5,12.55,12.55,12.6,206.0,2.0,2975.0,23307.0,False,False
2812,2022-10-27 09:38:54.179528,0.0,-0.007936507936507908,0.0,-0.09999999999999964,12.5,12.55,12.55,12.6,206.0,1.0,2975.0,23307.0,False,False
2812,2022-10-27 09:39:00.403626,-0.003968253968253843,-0.003968253968253843,-0.049999999999998934,-0.049999999999998934,12.55,12.6,12.55,12.6,3.0,350.0,2975.0,23307.0,False,False
2812,2022-10-27 09:39:00.431347,-0.003968253968253843,-0.007936507936507908,-0.049999999999998934,-0.09999999999999964,12.5,12.6,12.55,12.6,206.0,350.0,2975.0,23307.0,False,False
2812,2022-10-27 09:39:01.130376,-0.003968253968253843,-0.007936507936507908,-0.049999999999998934,-0.09999999999999964,12.5,12.6,12.55,12.6,206.0,350.0,2975.0,23307.0,False,False
2812,2022-10-27 09:39:03.134017,-0.003968253968253843,-0.007936507936507908,-0.049999999999998934,-0.09999999999999964,12.5,12.6,12.55,12.6,206.0,416.0,2975.0,23307.0,False,False
2812,2022-10-27 09:39:03.985237,-0.003968253968253843,-0.007936507936507908,-0.049999999999998934,-0.09999999999999964,12.5,12.6,12.55,12.6,206.0,416.0,2975.0,22228.0,True,True
2812,2022-10-27 09:39:04.207521,-0.003968253968253843,-0.007936507936507908,-0.049999999999998934,-0.09999999999999964,12.5,12.6,12.55,12.6,206.0,416.0,2975.0,22228.0,False,False
2812,2022-10-27 09:39:11.076601,-0.003968253968253843,-0.007936507936507908,-0.049999999999998934,-0.09999999999999964,12.5,12.6,12.55,12.6,206.0,416.0,2975.0,22228.0,False,False
2812,2022-10-27 09:39:12.093400,-0.003968253968253843,-0.007936507936507908,-0.049999999999998934,-0.09999999999999964,12.5,12.6,12.55,12.6,206.0,416.0,2975.0,22228.0,False,False
2812,2022-10-27 09:39:12.097372,-0.003968253968253843,-0.007936507936507908,-0.049999999999998934,-0.09999999999999964,12.5,12.6,12.55,12.6,206.0,416.0,2975.0,22228.0,False,False
2812,2022-10-27 09:39:14.013095,-0.003968253968253843,-0.007936507936507908,-0.049999999999998934,-0.09999999999999964,12.5,12.6,12.55,12.6,206.0,416.0,2975.0,22278.0,True,True
2812,2022-10-27 09:39:27.041597,-0.003968253968253843,-0.007936507936507908,-0.049999999999998934,-0.09999999999999964,12.5,12.6,12.55,12.6,206.0,416.0,2975.0,22278.0,False,False
2812,2022-10-27 09:39:27.041670,-0.003968253968253843,-0.007936507936507908,-0.049999999999998934,-0.09999999999999964,12.5,12.6,12.55,12.6,206.0,416.0,2975.0,22278.0,False,False
2812,2022-10-27 09:39:34.097883,-0.003968253968253843,-0.007936507936507908,-0.049999999999998934,-0.09999999999999964,12.5,12.6,12.55,12.6,206.0,416.0,3041.0,22278.0,True,True
2812,2022-10-27 09:39:35.553183,-0.003968253968253843,-0.007936507936507908,-0.049999999999998934,-0.09999999999999964,12.5,12.6,12.55,12.6,206.0,418.0,3041.0,22278.0,False,False
2812,2022-10-27 09:39:38.755960,-0.003968253968253843,-0.007936507936507908,-0.049999999999998934,-0.09999999999999964,12.5,12.6,12.55,12.6,206.0,475.0,3041.0,22278.0,False,False
2812,2022-10-27 09:39:38.774251,-0.003968253968253843,-0.007936507936507908,-0.049999999999998934,-0.09999999999999964,12.5,12.6,12.55,12.6,197.0,475.0,3041.0,22278.0,False,False
2812,2022-10-27 09:39:42.398727,-0.003968253968253843,-0.007936507936507908,-0.049999999999998934,-0.09999999999999964,12.5,12.6,12.55,12.6,197.0,478.0,3041.0,22278.0,False,False
2812,2022-10-27 09:39:48.067836,-0.003968253968253843,-0.007936507936507908,-0.049999999999998934,-0.09999999999999964,12.5,12.6,12.55,12.6,197.0,479.0,3041.0,22278.0,False,False
2812,2022-10-27 09:39:50.628002,-0.003968253968253843,-0.007936507936507908,-0.049999999999998934,-0.09999999999999964,12.5,12.6,12.55,12.6,297.0,479.0,3041.0,22278.0,False,False
2812,2022-10-27 09:39:50.655086,-0.003968253968253843,-0.007936507936507908,-0.049999999999998934,-0.09999999999999964,12.5,12.6,12.55,12.6,306.0,479.0,3041.0,22278.0,False,False
2812,2022-10-27 09:39:51.770587,-0.003968253968253843,-0.007936507936507908,-0.049999999999998934,-0.09999999999999964,12.5,12.6,12.55,12.6,306.0,479.0,3041.0,22278.0,False,False
2812,2022-10-27 09:39:54.165710,-0.003968253968253843,-0.007936507936507908,-0.049999999999998934,-0.09999999999999964,12.5,12.6,12.55,12.6,306.0,479.0,3041.0,22378.0,True,True
2812,2022-10-27 09:39:55.565452,-0.003968253968253843,-0.007936507936507908,-0.049999999999998934,-0.09999999999999964,12.5,12.6,12.55,12.6,306.0,479.0,3041.0,22378.0,False,False
2812,2022-10-27 09:39:57.805228,-0.003968253968253843,-0.007936507936507908,-0.049999999999998934,-0.09999999999999964,12.5,12.6,12.55,12.6,312.0,479.0,3041.0,22378.0,False,False
2812,2022-10-27 09:40:03.015295,0.0,-0.007936507936507908,0.0,-0.09999999999999964,12.5,12.55,12.55,12.6,312.0,2.0,3041.0,22378.0,False,False
2812,2022-10-27 09:40:03.671301,0.0,-0.007936507936507908,0.0,-0.09999999999999964,12.5,12.55,12.55,12.6,312.0,2.0,3041.0,19532.0,False,True
2812,2022-10-27 09:40:05.176515,0.0,-0.007936507936507908,0.0,-0.09999999999999964,12.5,12.55,12.55,12.6,312.0,2.0,3041.0,19532.0,False,False
2812,2022-10-27 09:40:06.709569,0.0,-0.007936507936507908,0.0,-0.09999999999999964,12.5,12.55,12.55,12.6,312.0,2.0,3041.0,19532.0,False,False
2812,2022-10-27 09:40:11.272604,0.0,-0.007936507936507908,0.0,-0.09999999999999964,12.5,12.55,12.55,12.6,312.0,2.0,3041.0,19532.0,False,False
2812,2022-10-27 09:40:13.761359,0.0,-0.007936507936507908,0.0,-0.09999999999999964,12.5,12.55,12.55,12.6,312.0,2.0,3041.0,19532.0,True,True
2812,2022-10-27 09:40:16.867686,0.0,-0.007936507936507908,0.0,-0.09999999999999964,12.5,12.55,12.55,12.6,312.0,2.0,3041.0,19532.0,False,False
2812,2022-10-27 09:40:20.565967,-0.003968253968253843,-0.003968253968253843,-0.049999999999998934,-0.049999999999998934,12.55,12.6,12.55,12.6,48.0,414.0,3041.0,19532.0,False,False
2812,2022-10-27 09:40:20.633861,-0.003968253968253843,-0.003968253968253843,-0.049999999999998934,-0.049999999999998934,12.55,12.6,12.55,12.6,48.0,414.0,3041.0,19532.0,False,False
2812,2022-10-27 09:40:21.386305,-0.003968253968253843,-0.003968253968253843,-0.049999999999998934,-0.049999999999998934,12.55,12.6,12.55,12.6,64.0,414.0,3041.0,19532.0,False,False
2812,2022-10-27 09:40:22.271741,-0.003968253968253843,-0.003968253968253843,-0.049999999999998934,-0.049999999999998934,12.55,12.6,12.55,12.6,64.0,431.0,3041.0,19532.0,False,False
2812,2022-10-27 09:40:23.829377,-0.003968253968253843,-0.003968253968253843,-0.049999999999998934,-0.049999999999998934,12.55,12.6,12.55,12.6,64.0,431.0,3041.0,19086.0,True,True
2812,2022-10-27 09:40:23.903218,-0.003968253968253843,-0.003968253968253843,-0.049999999999998934,-0.049999999999998934,12.55,12.6,12.55,12.6,64.0,431.0,3041.0,19086.0,False,False
2812,2022-10-27 09:40:33.081214,-0.003968253968253843,-0.003968253968253843,-0.049999999999998934,-0.049999999999998934,12.55,12.6,12.55,12.6,64.0,433.0,3041.0,19086.0,False,False
2812,2022-10-27 09:40:33.884443,-0.003968253968253843,-0.003968253968253843,-0.049999999999998934,-0.049999999999998934,12.55,12.6,12.55,12.6,64.0,433.0,3041.0,19388.0,True,True
2812,2022-10-27 09:40:43.929211,-0.003968253968253843,-0.003968253968253843,-0.049999999999998934,-0.049999999999998934,12.55,12.6,12.55,12.6,64.0,433.0,3241.0,19388.0,True,True
2812,2022-10-27 09:40:45.552162,-0.003968253968253843,-0.003968253968253843,-0.049999999999998934,-0.049999999999998934,12.55,12.6,12.55,12.6,64.0,435.0,3241.0,19388.0,False,False
2812,2022-10-27 09:40:46.957015,-0.003968253968253843,-0.003968253968253843,-0.049999999999998934,-0.049999999999998934,12.55,12.6,12.55,12.6,64.0,435.0,3241.0,19388.0,False,False
2812,2022-10-27 09:40:53.100685,-0.003968253968253843,-0.003968253968253843,-0.049999999999998934,-0.049999999999998934,12.55,12.6,12.55,12.6,64.0,435.0,3241.0,19388.0,False,False
2812,2022-10-27 09:40:55.326331,-0.003968253968253843,-0.003968253968253843,-0.049999999999998934,-0.049999999999998934,12.55,12.6,12.55,12.6,64.0,435.0,3241.0,19388.0,False,False
2812,2022-10-27 09:41:01.783603,-0.003968253968253843,-0.003968253968253843,-0.049999999999998934,-0.049999999999998934,12.55,12.6,12.55,12.6,64.0,434.0,3241.0,19388.0,False,False
2812,2022-10-27 09:41:02.403430,-0.003968253968253843,-0.003968253968253843,-0.049999999999998934,-0.049999999999998934,12.55,12.6,12.55,12.6,64.0,444.0,3241.0,19388.0,False,False
2812,2022-10-27 09:41:04.011924,-0.003968253968253843,-0.003968253968253843,-0.049999999999998934,-0.049999999999998934,12.55,12.6,12.55,12.6,64.0,444.0,3241.0,19588.0,True,True
2812,2022-10-27 09:41:10.245337,-0.003968253968253843,-0.003968253968253843,-0.049999999999998934,-0.049999999999998934,12.55,12.6,12.55,12.6,64.0,442.0,3241.0,19588.0,False,False
2812,2022-10-27 09:41:14.072721,-0.003968253968253843,-0.003968253968253843,-0.049999999999998934,-0.049999999999998934,12.55,12.6,12.55,12.6,64.0,442.0,3241.0,19588.0,True,True
2812,2022-10-27 09:41:29.369076,-0.003968253968253843,-0.003968253968253843,-0.049999999999998934,-0.049999999999998934,12.55,12.6,12.55,12.6,65.0,442.0,3241.0,19588.0,False,False
2812,2022-10-27 09:41:34.999538,-0.003968253968253843,-0.003968253968253843,-0.049999999999998934,-0.049999999999998934,12.55,12.6,12.55,12.6,80.0,442.0,3241.0,19588.0,False,False
2812,2022-10-27 09:41:37.776632,-0.003968253968253843,-0.003968253968253843,-0.049999999999998934,-0.049999999999998934,12.55,12.6,12.55,12.6,80.0,444.0,3241.0,19588.0,False,False
2812,2022-10-27 09:41:45.910391,-0.003968253968253843,-0.003968253968253843,-0.049999999999998934,-0.049999999999998934,12.55,12.6,12.55,12.6,80.0,444.0,3241.0,19588.0,False,False
2812,2022-10-27 09:41:54.243547,-0.003968253968253843,-0.003968253968253843,-0.049999999999998934,-0.049999999999998934,12.55,12.6,12.55,12.6,80.0,444.0,3241.0,19688.0,True,True
2812,2022-10-27 09:41:55.006217,-0.003968253968253843,-0.003968253968253843,-0.049999999999998934,-0.049999999999998934,12.55,12.6,12.55,12.6,80.0,444.0,3241.0,19688.0,False,False
2812,2022-10-27 09:41:59.790539,-0.003968253968253843,-0.003968253968253843,-0.049999999999998934,-0.049999999999998934,12.55,12.6,12.55,12.6,80.0,446.0,3241.0,19688.0,False,False
2812,2022-10-27 09:42:03.512841,-0.003968253968253843,-0.003968253968253843,-0.049999999999998934,-0.049999999999998934,12.55,12.6,12.55,12.6,80.0,446.0,3241.0,19688.0,False,False
2812,2022-10-27 09:42:04.284353,-0.003968253968253843,-0.003968253968253843,-0.049999999999998934,-0.049999999999998934,12.55,12.6,12.55,12.6,80.0,446.0,3441.0,19588.0,True,True
2812,2022-10-27 09:42:08.749623,-0.003968253968253843,-0.003968253968253843,-0.049999999999998934,-0.049999999999998934,12.55,12.6,12.55,12.6,80.0,446.0,3441.0,19588.0,False,False
2812,2022-10-27 09:42:12.054479,-0.003968253968253843,-0.003968253968253843,-0.049999999999998934,-0.049999999999998934,12.55,12.6,12.55,12.6,80.0,446.0,3441.0,19588.0,False,False
2812,2022-10-27 09:42:13.303802,-0.003968253968253843,-0.003968253968253843,-0.049999999999998934,-0.049999999999998934,12.55,12.6,12.55,12.6,80.0,446.0,3441.0,19588.0,False,False
2812,2022-10-27 09:42:14.386564,-0.003968253968253843,-0.003968253968253843,-0.049999999999998934,-0.049999999999998934,12.55,12.6,12.55,12.6,80.0,446.0,3441.0,19588.0,False,False
2812,2022-10-27 09:42:21.261475,-0.003968253968253843,-0.003968253968253843,-0.049999999999998934,-0.049999999999998934,12.55,12.6,12.55,12.6,80.0,448.0,3441.0,19588.0,False,False
2812,2022-10-27 09:42:24.384456,-0.003968253968253843,-0.003968253968253843,-0.049999999999998934,-0.049999999999998934,12.55,12.6,12.55,12.6,80.0,448.0,3441.0,19488.0,True,True
2812,2022-10-27 09:42:33.316342,-0.003968253968253843,-0.003968253968253843,-0.049999999999998934,-0.049999999999998934,12.55,12.6,12.55,12.6,80.0,449.0,3441.0,19488.0,False,False
2812,2022-10-27 09:42:34.425290,-0.003968253968253843,-0.003968253968253843,-0.049999999999998934,-0.049999999999998934,12.55,12.6,12.55,12.6,80.0,449.0,3601.0,19488.0,True,True
2812,2022-10-27 09:42:36.373156,-0.003968253968253843,-0.003968253968253843,-0.049999999999998934,-0.049999999999998934,12.55,12.6,12.55,12.6,81.0,449.0,3601.0,19488.0,False,False
2812,2022-10-27 09:42:37.387144,-0.003968253968253843,-0.003968253968253843,-0.049999999999998934,-0.049999999999998934,12.55,12.6,12.55,12.6,81.0,448.0,3601.0,19488.0,False,False
2812,2022-10-27 09:42:44.464476,-0.003968253968253843,-0.003968253968253843,-0.049999999999998934,-0.049999999999998934,12.55,12.6,12.55,12.6,81.0,448.0,3601.0,16466.0,True,True
2812,2022-10-27 09:42:47.049037,-0.003968253968253843,-0.003968253968253843,-0.049999999999998934,-0.049999999999998934,12.55,12.6,12.55,12.6,81.0,449.0,3601.0,16466.0,False,False
2812,2022-10-27 09:42:54.505823,-0.003968253968253843,-0.003968253968253843,-0.049999999999998934,-0.049999999999998934,12.55,12.6,12.55,12.6,81.0,449.0,3601.0,16466.0,True,True
2812,2022-10-27 09:42:58.043574,-0.003968253968253843,-0.003968253968253843,-0.049999999999998934,-0.049999999999998934,12.55,12.6,12.55,12.6,81.0,446.0,3601.0,16466.0,False,False
2812,2022-10-27 09:43:00.450143,-0.003968253968253843,-0.003968253968253843,-0.049999999999998934,-0.049999999999998934,12.55,12.6,12.55,12.6,81.0,447.0,3601.0,16466.0,False,False
2812,2022-10-27 09:43:03.743578,-0.003968253968253843,-0.003968253968253843,-0.049999999999998934,-0.049999999999998934,12.55,12.6,12.55,12.6,81.0,447.0,3601.0,14466.0,False,True
2812,2022-10-27 09:43:05.561047,-0.003968253968253843,-0.003968253968253843,-0.049999999999998934,-0.049999999999998934,12.55,12.6,12.55,12.6,81.0,446.0,3601.0,14466.0,False,False
2812,2022-10-27 09:43:13.782701,-0.003968253968253843,-0.003968253968253843,-0.049999999999998934,-0.049999999999998934,12.55,12.6,12.55,12.6,81.0,446.0,3601.0,14461.0,True,True
2812,2022-10-27 09:43:23.820795,-0.003968253968253843,-0.003968253968253843,-0.049999999999998934,-0.049999999999998934,12.55,12.6,12.55,12.6,81.0,446.0,3551.0,13961.0,True,True
2812,2022-10-27 09:43:27.455571,-0.003968253968253843,-0.003968253968253843,-0.049999999999998934,-0.049999999999998934,12.55,12.6,12.55,12.6,81.0,446.0,3551.0,13961.0,False,False
2812,2022-10-27 09:43:28.868162,-0.003968253968253843,-0.003968253968253843,-0.049999999999998934,-0.049999999999998934,12.55,12.6,12.55,12.6,81.0,446.0,3551.0,13961.0,False,False
2812,2022-10-27 09:43:33.861975,-0.003968253968253843,-0.003968253968253843,-0.049999999999998934,-0.049999999999998934,12.55,12.6,12.55,12.6,81.0,446.0,3391.0,13991.0,True,True
2812,2022-10-27 09:43:36.395406,-0.003968253968253843,-0.003968253968253843,-0.049999999999998934,-0.049999999999998934,12.55,12.6,12.55,12.6,81.0,446.0,3391.0,13991.0,False,False
2812,2022-10-27 09:43:43.911352,-0.003968253968253843,-0.003968253968253843,-0.049999999999998934,-0.049999999999998934,12.55,12.6,12.55,12.6,81.0,446.0,3391.0,13991.0,True,True
2812,2022-10-27 09:43:44.430352,-0.003968253968253843,-0.003968253968253843,-0.049999999999998934,-0.049999999999998934,12.55,12.6,12.55,12.6,81.0,446.0,3391.0,13991.0,False,False
2812,2022-10-27 09:43:44.537499,-0.003968253968253843,-0.003968253968253843,-0.049999999999998934,-0.049999999999998934,12.55,12.6,12.55,12.6,88.0,446.0,3391.0,13991.0,False,False
2812,2022-10-27 09:43:50.779014,-0.003968253968253843,-0.003968253968253843,-0.049999999999998934,-0.049999999999998934,12.55,12.6,12.55,12.6,38.0,446.0,3391.0,13991.0,False,False
2812,2022-10-27 09:43:51.569078,-0.003968253968253843,-0.003968253968253843,-0.049999999999998934,-0.049999999999998934,12.55,12.6,12.55,12.6,38.0,416.0,3391.0,13991.0,False,False
2812,2022-10-27 09:43:53.947496,-0.003968253968253843,-0.003968253968253843,-0.049999999999998934,-0.049999999999998934,12.55,12.6,12.55,12.6,38.0,416.0,3391.0,13891.0,True,True
2812,2022-10-27 09:43:55.002497,-0.003968253968253843,-0.003968253968253843,-0.049999999999998934,-0.049999999999998934,12.55,12.6,12.55,12.6,38.0,417.0,3391.0,13891.0,False,False
2812,2022-10-27 09:44:24.076765,-0.003968253968253843,-0.003968253968253843,-0.049999999999998934,-0.049999999999998934,12.55,12.6,12.55,12.6,38.0,417.0,3391.0,13891.0,True,True
2812,2022-10-27 09:44:28.693175,-0.003968253968253843,-0.003968253968253843,-0.049999999999998934,-0.049999999999998934,12.55,12.6,12.55,12.6,38.0,417.0,3391.0,13891.0,False,False
2812,2022-10-27 09:44:34.120407,-0.003968253968253843,-0.003968253968253843,-0.049999999999998934,-0.049999999999998934,12.55,12.6,12.55,12.6,38.0,417.0,3391.0,13891.0,True,True
2812,2022-10-27 09:44:45.572888,-0.003968253968253843,-0.003968253968253843,-0.049999999999998934,-0.049999999999998934,12.55,12.6,12.55,12.6,39.0,417.0,3391.0,13891.0,False,False
2812,2022-10-27 09:44:52.661086,-0.003968253968253843,-0.003968253968253843,-0.049999999999998934,-0.049999999999998934,12.55,12.6,12.55,12.6,40.0,417.0,3391.0,13891.0,False,False
2812,2022-10-27 09:44:57.118934,-0.003968253968253843,-0.003968253968253843,-0.049999999999998934,-0.049999999999998934,12.55,12.6,12.55,12.6,48.0,417.0,3391.0,13891.0,False,False
2812,2022-10-27 09:45:02.470933,-0.003968253968253843,-0.003968253968253843,-0.049999999999998934,-0.049999999999998934,12.55,12.6,12.55,12.6,56.0,417.0,3391.0,13891.0,False,False
2812,2022-10-27 09:45:04.357704,-0.003968253968253843,-0.003968253968253843,-0.049999999999998934,-0.049999999999998934,12.55,12.6,12.55,12.6,56.0,417.0,3551.0,13891.0,True,True
2812,2022-10-27 09:45:13.583565,-0.003968253968253843,-0.003968253968253843,-0.049999999999998934,-0.049999999999998934,12.55,12.6,12.55,12.6,56.0,417.0,3551.0,13891.0,False,False
2812,2022-10-27 09:45:14.555692,-0.003968253968253843,-0.003968253968253843,-0.049999999999998934,-0.049999999999998934,12.55,12.6,12.55,12.6,56.0,417.0,3551.0,13891.0,True,True
2812,2022-10-27 09:45:16.408103,-0.003968253968253843,-0.003968253968253843,-0.049999999999998934,-0.049999999999998934,12.55,12.6,12.55,12.6,56.0,417.0,3551.0,13891.0,False,False
2812,2022-10-27 09:45:24.987670,-0.003968253968253843,-0.003968253968253843,-0.049999999999998934,-0.049999999999998934,12.55,12.6,12.55,12.6,56.0,419.0,3551.0,13891.0,False,False
2812,2022-10-27 09:45:25.253519,-0.003968253968253843,-0.003968253968253843,-0.049999999999998934,-0.049999999999998934,12.55,12.6,12.55,12.6,61.0,419.0,3551.0,13891.0,False,False
2812,2022-10-27 09:45:26.986899,-0.003968253968253843,-0.003968253968253843,-0.049999999999998934,-0.049999999999998934,12.55,12.6,12.55,12.6,61.0,420.0,3551.0,13891.0,False,False
2812,2022-10-27 09:45:36.507968,-0.003968253968253843,-0.003968253968253843,-0.049999999999998934,-0.049999999999998934,12.55,12.6,12.55,12.6,61.0,420.0,3551.0,13891.0,False,False
2812,2022-10-27 09:45:36.836252,-0.003968253968253843,-0.003968253968253843,-0.049999999999998934,-0.049999999999998934,12.55,12.6,12.55,12.6,61.0,420.0,3551.0,13891.0,False,False
2812,2022-10-27 09:45:43.777066,-0.003968253968253843,-0.003968253968253843,-0.049999999999998934,-0.049999999999998934,12.55,12.6,12.55,12.6,61.0,420.0,3551.0,13891.0,False,False
2812,2022-10-27 09:45:43.861250,-0.003968253968253843,-0.003968253968253843,-0.049999999999998934,-0.049999999999998934,12.55,12.6,12.55,12.6,61.0,420.0,3551.0,13891.0,False,False
2812,2022-10-27 09:45:56.224565,-0.003968253968253843,-0.003968253968253843,-0.049999999999998934,-0.049999999999998934,12.55,12.6,12.55,12.6,61.0,540.0,3551.0,13891.0,False,False
2812,2022-10-27 09:46:03.867929,-0.003968253968253843,-0.003968253968253843,-0.049999999999998934,-0.049999999999998934,12.55,12.6,12.55,12.6,61.0,540.0,3551.0,13891.0,False,True
2812,2022-10-27 09:46:06.622584,-0.003968253968253843,-0.003968253968253843,-0.049999999999998934,-0.049999999999998934,12.55,12.6,12.55,12.6,47.0,540.0,3551.0,13891.0,False,False
2812,2022-10-27 09:46:10.370722,-0.003968253968253843,-0.003968253968253843,-0.049999999999998934,-0.049999999999998934,12.55,12.6,12.55,12.6,47.0,541.0,3551.0,13891.0,False,False
2812,2022-10-27 09:46:11.968915,-0.003968253968253843,-0.003968253968253843,-0.049999999999998934,-0.049999999999998934,12.55,12.6,12.55,12.6,47.0,540.0,3551.0,13891.0,False,False
2812,2022-10-27 09:46:12.145197,-0.003968253968253843,-0.003968253968253843,-0.049999999999998934,-0.049999999999998934,12.55,12.6,12.55,12.6,47.0,540.0,3551.0,13891.0,False,False
2812,2022-10-27 09:46:12.691755,-0.003968253968253843,-0.003968253968253843,-0.049999999999998934,-0.049999999999998934,12.55,12.6,12.55,12.6,22.0,540.0,3551.0,13891.0,False,False
2812,2022-10-27 09:46:12.769711,-0.003968253968253843,-0.003968253968253843,-0.049999999999998934,-0.049999999999998934,12.55,12.6,12.55,12.6,23.0,540.0,3551.0,13891.0,False,False
2812,2022-10-27 09:46:17.657670,-0.003968253968253843,-0.003968253968253843,-0.049999999999998934,-0.049999999999998934,12.55,12.6,12.55,12.6,37.0,540.0,3551.0,13891.0,False,False
2812,2022-10-27 09:46:30.698886,-0.003968253968253843,-0.003968253968253843,-0.049999999999998934,-0.049999999999998934,12.55,12.6,12.55,12.6,37.0,540.0,3551.0,13891.0,False,False
2812,2022-10-27 09:46:32.458757,-0.003968253968253843,-0.003968253968253843,-0.049999999999998934,-0.049999999999998934,12.55,12.6,12.55,12.6,37.0,540.0,3551.0,13891.0,False,False
2812,2022-10-27 09:46:42.442560,-0.003968253968253843,-0.003968253968253843,-0.049999999999998934,-0.049999999999998934,12.55,12.6,12.55,12.6,38.0,540.0,3551.0,13891.0,False,False
2812,2022-10-27 09:46:42.755677,-0.003968253968253843,-0.003968253968253843,-0.049999999999998934,-0.049999999999998934,12.55,12.6,12.55,12.6,38.0,540.0,3551.0,13891.0,False,False
2812,2022-10-27 09:46:59.278802,-0.003968253968253843,-0.003968253968253843,-0.049999999999998934,-0.049999999999998934,12.55,12.6,12.55,12.6,37.0,540.0,3551.0,13891.0,False,False
2812,2022-10-27 09:47:14.077425,-0.003968253968253843,-0.003968253968253843,-0.049999999999998934,-0.049999999999998934,12.55,12.6,12.55,12.6,37.0,540.0,3736.0,13891.0,True,True
2812,2022-10-27 09:47:17.620907,-0.003968253968253843,-0.003968253968253843,-0.049999999999998934,-0.049999999999998934,12.55,12.6,12.55,12.6,37.0,545.0,3736.0,13891.0,False,False
2812,2022-10-27 09:47:18.593440,-0.003968253968253843,-0.003968253968253843,-0.049999999999998934,-0.049999999999998934,12.55,12.6,12.55,12.6,37.0,545.0,3736.0,13891.0,False,False
2812,2022-10-27 09:47:19.391196,-0.003968253968253843,-0.003968253968253843,-0.049999999999998934,-0.049999999999998934,12.55,12.6,12.55,12.6,37.0,545.0,3736.0,13891.0,False,False
2812,2022-10-27 09:47:24.109376,-0.003968253968253843,-0.003968253968253843,-0.049999999999998934,-0.049999999999998934,12.55,12.6,12.55,12.6,37.0,545.0,3736.0,13991.0,True,True
2812,2022-10-27 09:47:31.425521,-0.003968253968253843,-0.003968253968253843,-0.049999999999998934,-0.049999999999998934,12.55,12.6,12.55,12.6,37.0,545.0,3736.0,13991.0,False,False
2812,2022-10-27 09:47:34.143663,-0.003968253968253843,-0.003968253968253843,-0.049999999999998934,-0.049999999999998934,12.55,12.6,12.55,12.6,37.0,545.0,4486.0,13891.0,True,True
2812,2022-10-27 09:47:38.326284,-0.003968253968253843,-0.003968253968253843,-0.049999999999998934,-0.049999999999998934,12.55,12.6,12.55,12.6,67.0,545.0,4486.0,13891.0,False,False
2812,2022-10-27 09:47:43.543481,-0.003968253968253843,-0.003968253968253843,-0.049999999999998934,-0.049999999999998934,12.55,12.6,12.55,12.6,67.0,425.0,4486.0,13891.0,False,False
2812,2022-10-27 09:47:43.618126,-0.003968253968253843,-0.003968253968253843,-0.049999999999998934,-0.049999999999998934,12.55,12.6,12.55,12.6,71.0,425.0,4486.0,13891.0,False,False
2812,2022-10-27 09:47:44.031918,-0.003968253968253843,-0.003968253968253843,-0.049999999999998934,-0.049999999999998934,12.55,12.6,12.55,12.6,70.0,425.0,4486.0,13891.0,False,False
2812,2022-10-27 09:47:49.921143,-0.003968253968253843,-0.003968253968253843,-0.049999999999998934,-0.049999999999998934,12.55,12.6,12.55,12.6,71.0,425.0,4486.0,13891.0,False,False
2812,2022-10-27 09:47:54.199735,-0.003968253968253843,-0.003968253968253843,-0.049999999999998934,-0.049999999999998934,12.55,12.6,12.55,12.6,71.0,425.0,4486.0,14391.0,True,True
2812,2022-10-27 09:48:03.978321,-0.003968253968253843,-0.003968253968253843,-0.049999999999998934,-0.049999999999998934,12.55,12.6,12.55,12.6,71.0,427.0,4486.0,14391.0,False,False
2812,2022-10-27 09:48:11.320013,-0.003968253968253843,-0.003968253968253843,-0.049999999999998934,-0.049999999999998934,12.55,12.6,12.55,12.6,71.0,427.0,4486.0,14391.0,False,False
2812,2022-10-27 09:48:14.265094,-0.003968253968253843,-0.003968253968253843,-0.049999999999998934,-0.049999999999998934,12.55,12.6,12.55,12.6,71.0,427.0,4486.0,14391.0,True,True
2812,2022-10-27 09:48:17.138458,-0.003968253968253843,-0.003968253968253843,-0.049999999999998934,-0.049999999999998934,12.55,12.6,12.55,12.6,71.0,427.0,4486.0,14391.0,False,False
2812,2022-10-27 09:48:17.896636,-0.003968253968253843,-0.003968253968253843,-0.049999999999998934,-0.049999999999998934,12.55,12.6,12.55,12.6,71.0,427.0,4486.0,14391.0,False,False
2812,2022-10-27 09:48:17.993437,-0.003968253968253843,-0.003968253968253843,-0.049999999999998934,-0.049999999999998934,12.55,12.6,12.55,12.6,72.0,427.0,4486.0,14391.0,False,False
2812,2022-10-27 09:48:34.324428,-0.003968253968253843,-0.003968253968253843,-0.049999999999998934,-0.049999999999998934,12.55,12.6,12.55,12.6,72.0,427.0,4486.0,14291.0,True,True
2812,2022-10-27 09:48:38.942240,-0.003968253968253843,-0.003968253968253843,-0.049999999999998934,-0.049999999999998934,12.55,12.6,12.55,12.6,87.0,427.0,4486.0,14291.0,False,False
2812,2022-10-27 09:48:40.673976,-0.003968253968253843,-0.003968253968253843,-0.049999999999998934,-0.049999999999998934,12.55,12.6,12.55,12.6,88.0,427.0,4486.0,14291.0,False,False
2812,2022-10-27 09:48:47.981657,-0.003968253968253843,-0.003968253968253843,-0.049999999999998934,-0.049999999999998934,12.55,12.6,12.55,12.6,89.0,427.0,4486.0,14291.0,False,False
2812,2022-10-27 09:48:52.082458,-0.003968253968253843,-0.003968253968253843,-0.049999999999998934,-0.049999999999998934,12.55,12.6,12.55,12.6,89.0,427.0,4486.0,14291.0,False,False
2812,2022-10-27 09:48:54.095282,-0.003968253968253843,-0.003968253968253843,-0.049999999999998934,-0.049999999999998934,12.55,12.6,12.55,12.6,89.0,427.0,4486.0,14291.0,False,False
2812,2022-10-27 09:48:57.099479,-0.003968253968253843,-0.003968253968253843,-0.049999999999998934,-0.049999999999998934,12.55,12.6,12.55,12.6,89.0,427.0,4486.0,14291.0,False,False
2812,2022-10-27 09:48:58.724503,-0.003968253968253843,-0.003968253968253843,-0.049999999999998934,-0.049999999999998934,12.55,12.6,12.55,12.6,94.0,427.0,4486.0,14291.0,False,False
2812,2022-10-27 09:49:04.011403,-0.003968253968253843,-0.003968253968253843,-0.049999999999998934,-0.049999999999998934,12.55,12.6,12.55,12.6,94.0,427.0,4486.0,14291.0,False,True
2812,2022-10-27 09:49:11.174414,-0.003968253968253843,-0.003968253968253843,-0.049999999999998934,-0.049999999999998934,12.55,12.6,12.55,12.6,94.0,427.0,4486.0,14291.0,False,False
2812,2022-10-27 09:49:12.332853,-0.003968253968253843,-0.003968253968253843,-0.049999999999998934,-0.049999999999998934,12.55,12.6,12.55,12.6,94.0,427.0,4486.0,14291.0,False,False
2812,2022-10-27 09:49:12.993849,-0.003968253968253843,-0.003968253968253843,-0.049999999999998934,-0.049999999999998934,12.55,12.6,12.55,12.6,94.0,417.0,4486.0,14291.0,False,False
2812,2022-10-27 09:49:12.999212,-0.003968253968253843,-0.003968253968253843,-0.049999999999998934,-0.049999999999998934,12.55,12.6,12.55,12.6,94.0,414.0,4486.0,14291.0,False,False
2812,2022-10-27 09:49:18.174601,-0.003968253968253843,-0.003968253968253843,-0.049999999999998934,-0.049999999999998934,12.55,12.6,12.55,12.6,94.0,413.0,4486.0,14291.0,False,False
2812,2022-10-27 09:49:27.242058,-0.003968253968253843,-0.003968253968253843,-0.049999999999998934,-0.049999999999998934,12.55,12.6,12.55,12.6,94.0,413.0,4486.0,14291.0,False,False
2812,2022-10-27 09:49:34.103849,-0.003968253968253843,-0.003968253968253843,-0.049999999999998934,-0.049999999999998934,12.55,12.6,12.55,12.6,94.0,413.0,4516.0,14291.0,True,True
2812,2022-10-27 09:49:37.319394,-0.003968253968253843,-0.003968253968253843,-0.049999999999998934,-0.049999999999998934,12.55,12.6,12.55,12.6,94.0,413.0,4516.0,14291.0,False,False
2812,2022-10-27 09:49:48.807199,-0.003968253968253843,-0.003968253968253843,-0.049999999999998934,-0.049999999999998934,12.55,12.6,12.55,12.6,74.0,413.0,4516.0,14291.0,False,False
2812,2022-10-27 09:49:54.166519,-0.003968253968253843,-0.003968253968253843,-0.049999999999998934,-0.049999999999998934,12.55,12.6,12.55,12.6,74.0,413.0,4516.0,14241.0,True,True
2812,2022-10-27 09:50:00.372153,-0.003968253968253843,-0.003968253968253843,-0.049999999999998934,-0.049999999999998934,12.55,12.6,12.55,12.6,76.0,413.0,4516.0,14241.0,False,False
2812,2022-10-27 09:50:00.826153,-0.003968253968253843,-0.003968253968253843,-0.049999999999998934,-0.049999999999998934,12.55,12.6,12.55,12.6,76.0,413.0,4516.0,14241.0,False,False
2812,2022-10-27 09:50:06.806957,-0.003968253968253843,-0.003968253968253843,-0.049999999999998934,-0.049999999999998934,12.55,12.6,12.55,12.6,76.0,413.0,4516.0,14241.0,False,False
2812,2022-10-27 09:50:13.363947,-0.003968253968253843,-0.003968253968253843,-0.049999999999998934,-0.049999999999998934,12.55,12.6,12.55,12.6,76.0,413.0,4516.0,14241.0,False,False
2812,2022-10-27 09:50:21.770643,-0.003968253968253843,-0.003968253968253843,-0.049999999999998934,-0.049999999999998934,12.55,12.6,12.55,12.6,76.0,413.0,4516.0,14241.0,False,False
2812,2022-10-27 09:50:33.273724,-0.003968253968253843,-0.003968253968253843,-0.049999999999998934,-0.049999999999998934,12.55,12.6,12.55,12.6,76.0,413.0,4516.0,14241.0,False,False
2812,2022-10-27 09:50:49.758825,-0.003968253968253843,-0.003968253968253843,-0.049999999999998934,-0.049999999999998934,12.55,12.6,12.55,12.6,77.0,413.0,4516.0,14241.0,False,False
2812,2022-10-27 09:51:04.614202,-0.003968253968253843,-0.003968253968253843,-0.049999999999998934,-0.049999999999998934,12.55,12.6,12.55,12.6,77.0,413.0,4476.0,14201.0,True,True
2812,2022-10-27 09:51:06.966827,-0.003968253968253843,-0.003968253968253843,-0.049999999999998934,-0.049999999999998934,12.55,12.6,12.55,12.6,75.0,413.0,4476.0,14201.0,False,False
2812,2022-10-27 09:51:11.531296,-0.003968253968253843,-0.003968253968253843,-0.049999999999998934,-0.049999999999998934,12.55,12.6,12.55,12.6,75.0,413.0,4476.0,14201.0,False,False
2812,2022-10-27 09:51:13.276005,-0.003968253968253843,-0.003968253968253843,-0.049999999999998934,-0.049999999999998934,12.55,12.6,12.55,12.6,75.0,414.0,4476.0,14201.0,False,False
2812,2022-10-27 09:51:19.104794,-0.003968253968253843,-0.003968253968253843,-0.049999999999998934,-0.049999999999998934,12.55,12.6,12.55,12.6,75.0,413.0,4476.0,14201.0,False,False
2812,2022-10-27 09:51:31.487103,-0.003968253968253843,-0.003968253968253843,-0.049999999999998934,-0.049999999999998934,12.55,12.6,12.55,12.6,74.0,413.0,4476.0,14201.0,False,False
2812,2022-10-27 09:51:37.964720,-0.003968253968253843,-0.003968253968253843,-0.049999999999998934,-0.049999999999998934,12.55,12.6,12.55,12.6,74.0,413.0,4476.0,14201.0,False,False
2812,2022-10-27 09:51:44.777324,-0.003968253968253843,-0.003968253968253843,-0.049999999999998934,-0.049999999999998934,12.55,12.6,12.55,12.6,74.0,413.0,4476.0,14201.0,True,True
2812,2022-10-27 09:51:46.977354,-0.003968253968253843,-0.003968253968253843,-0.049999999999998934,-0.049999999999998934,12.55,12.6,12.55,12.6,74.0,414.0,4476.0,14201.0,False,False
2812,2022-10-27 09:51:59.216159,-0.003968253968253843,-0.003968253968253843,-0.049999999999998934,-0.049999999999998934,12.55,12.6,12.55,12.6,76.0,414.0,4476.0,14201.0,False,False
2812,2022-10-27 09:52:04.063305,-0.003968253968253843,-0.003968253968253843,-0.049999999999998934,-0.049999999999998934,12.55,12.6,12.55,12.6,76.0,414.0,4476.0,14201.0,False,True
2812,2022-10-27 09:52:18.458228,-0.003968253968253843,-0.003968253968253843,-0.049999999999998934,-0.049999999999998934,12.55,12.6,12.55,12.6,86.0,414.0,4476.0,14201.0,False,False
2812,2022-10-27 09:52:18.836337,-0.003968253968253843,-0.003968253968253843,-0.049999999999998934,-0.049999999999998934,12.55,12.6,12.55,12.6,102.0,414.0,4476.0,14201.0,False,False
2812,2022-10-27 09:52:20.035971,-0.003968253968253843,-0.003968253968253843,-0.049999999999998934,-0.049999999999998934,12.55,12.6,12.55,12.6,102.0,414.0,4476.0,14201.0,False,False
2812,2022-10-27 09:52:30.434977,-0.003968253968253843,-0.003968253968253843,-0.049999999999998934,-0.049999999999998934,12.55,12.6,12.55,12.6,102.0,414.0,4476.0,14201.0,False,False
2812,2022-10-27 09:52:45.001985,-0.003968253968253843,-0.003968253968253843,-0.049999999999998934,-0.049999999999998934,12.55,12.6,12.55,12.6,102.0,415.0,4476.0,14201.0,False,False
2812,2022-10-27 09:52:52.484137,-0.003968253968253843,-0.003968253968253843,-0.049999999999998934,-0.049999999999998934,12.55,12.6,12.55,12.6,100.0,415.0,4476.0,14201.0,False,False
2812,2022-10-27 09:52:54.285116,-0.003968253968253843,-0.003968253968253843,-0.049999999999998934,-0.049999999999998934,12.55,12.6,12.55,12.6,100.0,415.0,4476.0,14200.0,True,True
2812,2022-10-27 09:53:00.626505,-0.003968253968253843,-0.003968253968253843,-0.049999999999998934,-0.049999999999998934,12.55,12.6,12.55,12.6,100.0,415.0,4476.0,14200.0,False,False
2812,2022-10-27 09:53:01.593181,-0.003968253968253843,-0.003968253968253843,-0.049999999999998934,-0.049999999999998934,12.55,12.6,12.55,12.6,96.0,415.0,4476.0,14200.0,False,False
2812,2022-10-27 09:53:04.330391,-0.003968253968253843,-0.003968253968253843,-0.049999999999998934,-0.049999999999998934,12.55,12.6,12.55,12.6,96.0,415.0,4476.0,14200.0,True,True
2812,2022-10-27 09:53:09.135024,-0.003968253968253843,-0.003968253968253843,-0.049999999999998934,-0.049999999999998934,12.55,12.6,12.55,12.6,102.0,415.0,4476.0,14200.0,False,False
2812,2022-10-27 09:53:12.103732,-0.003968253968253843,-0.003968253968253843,-0.049999999999998934,-0.049999999999998934,12.55,12.6,12.55,12.6,102.0,415.0,4476.0,14200.0,False,False
2812,2022-10-27 09:53:18.321503,-0.003968253968253843,-0.003968253968253843,-0.049999999999998934,-0.049999999999998934,12.55,12.6,12.55,12.6,101.0,415.0,4476.0,14200.0,False,False
2812,2022-10-27 09:53:27.357053,-0.003968253968253843,-0.003968253968253843,-0.049999999999998934,-0.049999999999998934,12.55,12.6,12.55,12.6,101.0,415.0,4476.0,14200.0,False,False
2812,2022-10-27 09:53:27.421372,-0.003968253968253843,-0.003968253968253843,-0.049999999999998934,-0.049999999999998934,12.55,12.6,12.55,12.6,102.0,415.0,4476.0,14200.0,False,False
2812,2022-10-27 09:53:34.462058,-0.003968253968253843,-0.003968253968253843,-0.049999999999998934,-0.049999999999998934,12.55,12.6,12.55,12.6,102.0,415.0,4476.0,14258.0,True,True
2812,2022-10-27 09:53:35.614841,-0.003968253968253843,-0.003968253968253843,-0.049999999999998934,-0.049999999999998934,12.55,12.6,12.55,12.6,88.0,415.0,4476.0,14258.0,False,False
2812,2022-10-27 09:53:41.352811,-0.003968253968253843,-0.003968253968253843,-0.049999999999998934,-0.049999999999998934,12.55,12.6,12.55,12.6,88.0,414.0,4476.0,14258.0,False,False
2812,2022-10-27 09:53:41.434608,-0.003968253968253843,-0.003968253968253843,-0.049999999999998934,-0.049999999999998934,12.55,12.6,12.55,12.6,87.0,414.0,4476.0,14258.0,False,False
2812,2022-10-27 09:53:43.109989,-0.003968253968253843,-0.003968253968253843,-0.049999999999998934,-0.049999999999998934,12.55,12.6,12.55,12.6,88.0,414.0,4476.0,14258.0,False,False
2812,2022-10-27 09:53:46.626728,-0.003968253968253843,-0.003968253968253843,-0.049999999999998934,-0.049999999999998934,12.55,12.6,12.55,12.6,87.0,414.0,4476.0,14258.0,False,False
2812,2022-10-27 09:53:50.654615,-0.003968253968253843,-0.003968253968253843,-0.049999999999998934,-0.049999999999998934,12.55,12.6,12.55,12.6,87.0,414.0,4476.0,14258.0,False,False
2812,2022-10-27 09:53:58.082876,-0.003968253968253843,-0.003968253968253843,-0.049999999999998934,-0.049999999999998934,12.55,12.6,12.55,12.6,88.0,414.0,4476.0,14258.0,False,False
2812,2022-10-27 09:53:59.100899,-0.003968253968253843,-0.003968253968253843,-0.049999999999998934,-0.049999999999998934,12.55,12.6,12.55,12.6,88.0,414.0,4476.0,14258.0,False,False
2812,2022-10-27 09:54:02.961043,-0.003968253968253843,-0.003968253968253843,-0.049999999999998934,-0.049999999999998934,12.55,12.6,12.55,12.6,87.0,414.0,4476.0,14258.0,False,False
2812,2022-10-27 09:54:19.958250,-0.003968253968253843,-0.003968253968253843,-0.049999999999998934,-0.049999999999998934,12.55,12.6,12.55,12.6,101.0,414.0,4476.0,14258.0,False,False
2812,2022-10-27 09:54:29.538048,-0.003968253968253843,-0.003968253968253843,-0.049999999999998934,-0.049999999999998934,12.55,12.6,12.55,12.6,101.0,414.0,4476.0,14258.0,False,False
2812,2022-10-27 09:54:51.849769,-0.003968253968253843,-0.003968253968253843,-0.049999999999998934,-0.049999999999998934,12.55,12.6,12.55,12.6,101.0,414.0,4476.0,14258.0,False,False
2812,2022-10-27 09:54:53.310434,-0.003968253968253843,-0.003968253968253843,-0.049999999999998934,-0.049999999999998934,12.55,12.6,12.55,12.6,101.0,417.0,4476.0,14258.0,False,False
2812,2022-10-27 09:55:00.545742,-0.003968253968253843,-0.003968253968253843,-0.049999999999998934,-0.049999999999998934,12.55,12.6,12.55,12.6,101.0,417.0,4476.0,14258.0,False,False
2812,2022-10-27 09:55:02.369191,-0.003968253968253843,-0.003968253968253843,-0.049999999999998934,-0.049999999999998934,12.55,12.6,12.55,12.6,101.0,417.0,4476.0,14258.0,False,False
2812,2022-10-27 09:55:04.164915,-0.003968253968253843,-0.003968253968253843,-0.049999999999998934,-0.049999999999998934,12.55,12.6,12.55,12.6,101.0,417.0,4476.0,14258.0,False,True
2812,2022-10-27 09:55:10.225844,-0.003968253968253843,-0.003968253968253843,-0.049999999999998934,-0.049999999999998934,12.55,12.6,12.55,12.6,101.0,417.0,4476.0,14258.0,False,False
2812,2022-10-27 09:55:14.323109,-0.003968253968253843,-0.003968253968253843,-0.049999999999998934,-0.049999999999998934,12.55,12.6,12.55,12.6,101.0,417.0,4476.0,14258.0,False,False
2812,2022-10-27 09:55:14.359659,-0.003968253968253843,-0.003968253968253843,-0.049999999999998934,-0.049999999999998934,12.55,12.6,12.55,12.6,101.0,417.0,4476.0,14258.0,True,True
2812,2022-10-27 09:55:23.606759,-0.003968253968253843,-0.003968253968253843,-0.049999999999998934,-0.049999999999998934,12.55,12.6,12.55,12.6,101.0,417.0,4476.0,14258.0,False,False
2812,2022-10-27 09:55:24.371937,-0.003968253968253843,-0.003968253968253843,-0.049999999999998934,-0.049999999999998934,12.55,12.6,12.55,12.6,101.0,417.0,4476.0,14358.0,True,True
2812,2022-10-27 09:55:33.447130,-0.003968253968253843,-0.003968253968253843,-0.049999999999998934,-0.049999999999998934,12.55,12.6,12.55,12.6,101.0,417.0,4476.0,14358.0,False,False
2812,2022-10-27 09:55:34.390252,-0.003968253968253843,-0.003968253968253843,-0.049999999999998934,-0.049999999999998934,12.55,12.6,12.55,12.6,101.0,417.0,4726.0,14358.0,True,True
2812,2022-10-27 09:55:37.894818,-0.003968253968253843,-0.003968253968253843,-0.049999999999998934,-0.049999999999998934,12.55,12.6,12.55,12.6,101.0,417.0,4726.0,14358.0,False,False
2812,2022-10-27 09:55:51.390512,-0.003968253968253843,-0.003968253968253843,-0.049999999999998934,-0.049999999999998934,12.55,12.6,12.55,12.6,103.0,417.0,4726.0,14358.0,False,False
2812,2022-10-27 09:55:59.369819,-0.003968253968253843,-0.003968253968253843,-0.049999999999998934,-0.049999999999998934,12.55,12.6,12.55,12.6,103.0,417.0,4726.0,14358.0,False,False
2812,2022-10-27 09:56:06.928313,-0.003968253968253843,-0.003968253968253843,-0.049999999999998934,-0.049999999999998934,12.55,12.6,12.55,12.6,103.0,417.0,4726.0,14358.0,False,False
2812,2022-10-27 09:56:14.515194,-0.003968253968253843,-0.003968253968253843,-0.049999999999998934,-0.049999999999998934,12.55,12.6,12.55,12.6,103.0,417.0,4726.0,14358.0,True,True
2812,2022-10-27 09:56:19.668400,-0.003968253968253843,-0.003968253968253843,-0.049999999999998934,-0.049999999999998934,12.55,12.6,12.55,12.6,93.0,417.0,4726.0,14358.0,False,False
2812,2022-10-27 09:56:37.056942,-0.003968253968253843,-0.003968253968253843,-0.049999999999998934,-0.049999999999998934,12.55,12.6,12.55,12.6,93.0,417.0,4726.0,14358.0,False,False
2812,2022-10-27 09:56:40.162182,-0.003968253968253843,-0.003968253968253843,-0.049999999999998934,-0.049999999999998934,12.55,12.6,12.55,12.6,93.0,417.0,4726.0,14358.0,False,False
2812,2022-10-27 09:56:41.070273,-0.003968253968253843,-0.003968253968253843,-0.049999999999998934,-0.049999999999998934,12.55,12.6,12.55,12.6,93.0,417.0,4726.0,14358.0,False,False
2812,2022-10-27 09:56:43.062459,-0.003968253968253843,-0.003968253968253843,-0.049999999999998934,-0.049999999999998934,12.55,12.6,12.55,12.6,93.0,417.0,4726.0,14358.0,False,False
2812,2022-10-27 09:56:45.308518,-0.003968253968253843,-0.003968253968253843,-0.049999999999998934,-0.049999999999998934,12.55,12.6,12.55,12.6,92.0,417.0,4726.0,14358.0,False,False
2812,2022-10-27 09:56:45.861713,-0.003968253968253843,-0.003968253968253843,-0.049999999999998934,-0.049999999999998934,12.55,12.6,12.55,12.6,94.0,417.0,4726.0,14358.0,False,False
2812,2022-10-27 09:56:47.240277,-0.003968253968253843,-0.003968253968253843,-0.049999999999998934,-0.049999999999998934,12.55,12.6,12.55,12.6,94.0,417.0,4726.0,14358.0,False,False
2812,2022-10-27 09:56:54.650273,-0.003968253968253843,-0.003968253968253843,-0.049999999999998934,-0.049999999999998934,12.55,12.6,12.55,12.6,94.0,417.0,4726.0,14358.0,True,True
2812,2022-10-27 09:56:57.983461,-0.003968253968253843,-0.003968253968253843,-0.049999999999998934,-0.049999999999998934,12.55,12.6,12.55,12.6,94.0,417.0,4726.0,14358.0,False,False
2812,2022-10-27 09:57:01.539167,-0.003968253968253843,-0.003968253968253843,-0.049999999999998934,-0.049999999999998934,12.55,12.6,12.55,12.6,94.0,417.0,4726.0,14358.0,False,False
2812,2022-10-27 09:57:02.570995,-0.003968253968253843,-0.003968253968253843,-0.049999999999998934,-0.049999999999998934,12.55,12.6,12.55,12.6,94.0,417.0,4726.0,14358.0,False,False
2812,2022-10-27 09:57:04.681400,-0.003968253968253843,-0.003968253968253843,-0.049999999999998934,-0.049999999999998934,12.55,12.6,12.55,12.6,94.0,417.0,4976.0,14358.0,True,True
2812,2022-10-27 09:57:14.713552,-0.003968253968253843,-0.003968253968253843,-0.049999999999998934,-0.049999999999998934,12.55,12.6,12.55,12.6,94.0,417.0,5031.0,14358.0,True,True
2812,2022-10-27 09:57:25.977998,-0.003968253968253843,-0.003968253968253843,-0.049999999999998934,-0.049999999999998934,12.55,12.6,12.55,12.6,94.0,417.0,5031.0,14358.0,False,False
2812,2022-10-27 09:57:34.777870,-0.003968253968253843,-0.003968253968253843,-0.049999999999998934,-0.049999999999998934,12.55,12.6,12.55,12.6,94.0,417.0,4931.0,14358.0,True,True
2812,2022-10-27 09:57:38.328464,-0.003968253968253843,-0.003968253968253843,-0.049999999999998934,-0.049999999999998934,12.55,12.6,12.55,12.6,97.0,417.0,4931.0,14358.0,False,False
2812,2022-10-27 09:57:42.409129,-0.003968253968253843,-0.003968253968253843,-0.049999999999998934,-0.049999999999998934,12.55,12.6,12.55,12.6,92.0,417.0,4931.0,14358.0,False,False
2812,2022-10-27 09:57:50.479443,-0.003968253968253843,-0.003968253968253843,-0.049999999999998934,-0.049999999999998934,12.55,12.6,12.55,12.6,94.0,417.0,4931.0,14358.0,False,False
2812,2022-10-27 09:57:55.728144,-0.003968253968253843,-0.003968253968253843,-0.049999999999998934,-0.049999999999998934,12.55,12.6,12.55,12.6,94.0,417.0,4931.0,14358.0,False,False
2812,2022-10-27 09:57:57.262107,-0.003968253968253843,-0.003968253968253843,-0.049999999999998934,-0.049999999999998934,12.55,12.6,12.55,12.6,94.0,419.0,4931.0,14358.0,False,False
2812,2022-10-27 09:58:04.260299,-0.003968253968253843,-0.003968253968253843,-0.049999999999998934,-0.049999999999998934,12.55,12.6,12.55,12.6,94.0,419.0,4931.0,14358.0,False,True
2812,2022-10-27 09:58:08.582555,-0.003968253968253843,-0.003968253968253843,-0.049999999999998934,-0.049999999999998934,12.55,12.6,12.55,12.6,92.0,419.0,4931.0,14358.0,False,False
2812,2022-10-27 09:58:24.256281,-0.003968253968253843,-0.003968253968253843,-0.049999999999998934,-0.049999999999998934,12.55,12.6,12.55,12.6,96.0,419.0,4931.0,14358.0,False,False
2812,2022-10-27 09:58:34.355805,-0.003968253968253843,-0.003968253968253843,-0.049999999999998934,-0.049999999999998934,12.55,12.6,12.55,12.6,96.0,419.0,4931.0,14358.0,True,True
2812,2022-10-27 09:58:35.443449,-0.003968253968253843,-0.003968253968253843,-0.049999999999998934,-0.049999999999998934,12.55,12.6,12.55,12.6,96.0,419.0,4931.0,14358.0,False,False
2812,2022-10-27 09:58:39.726744,-0.003968253968253843,-0.003968253968253843,-0.049999999999998934,-0.049999999999998934,12.55,12.6,12.55,12.6,92.0,419.0,4931.0,14358.0,False,False
2812,2022-10-27 09:58:44.398165,-0.003968253968253843,-0.003968253968253843,-0.049999999999998934,-0.049999999999998934,12.55,12.6,12.55,12.6,92.0,419.0,4581.0,14358.0,True,True
2812,2022-10-27 09:58:49.129000,-0.003968253968253843,-0.003968253968253843,-0.049999999999998934,-0.049999999999998934,12.55,12.6,12.55,12.6,95.0,419.0,4581.0,14358.0,False,False
2812,2022-10-27 09:58:54.856321,-0.003968253968253843,-0.003968253968253843,-0.049999999999998934,-0.049999999999998934,12.55,12.6,12.55,12.6,95.0,420.0,4581.0,14358.0,False,False
2812,2022-10-27 09:58:55.638947,-0.003968253968253843,-0.003968253968253843,-0.049999999999998934,-0.049999999999998934,12.55,12.6,12.55,12.6,100.0,420.0,4581.0,14358.0,False,False
2812,2022-10-27 09:58:55.639823,-0.003968253968253843,-0.003968253968253843,-0.049999999999998934,-0.049999999999998934,12.55,12.6,12.55,12.6,100.0,420.0,4581.0,14358.0,False,False
2812,2022-10-27 09:59:08.167386,-0.003968253968253843,-0.003968253968253843,-0.049999999999998934,-0.049999999999998934,12.55,12.6,12.55,12.6,100.0,420.0,4581.0,14358.0,False,False
2812,2022-10-27 09:59:12.176483,-0.003968253968253843,-0.003968253968253843,-0.049999999999998934,-0.049999999999998934,12.55,12.6,12.55,12.6,100.0,420.0,4581.0,14358.0,False,False
2812,2022-10-27 09:59:14.482413,-0.003968253968253843,-0.003968253968253843,-0.049999999999998934,-0.049999999999998934,12.55,12.6,12.55,12.6,100.0,420.0,4581.0,14493.0,True,True
2812,2022-10-27 09:59:24.512512,-0.003968253968253843,-0.003968253968253843,-0.049999999999998934,-0.049999999999998934,12.55,12.6,12.55,12.6,100.0,420.0,4131.0,14493.0,True,True
2812,2022-10-27 09:59:33.026427,-0.003968253968253843,-0.003968253968253843,-0.049999999999998934,-0.049999999999998934,12.55,12.6,12.55,12.6,99.0,420.0,4131.0,14493.0,False,False
2812,2022-10-27 09:59:40.801388,-0.003968253968253843,-0.003968253968253843,-0.049999999999998934,-0.049999999999998934,12.55,12.6,12.55,12.6,99.0,420.0,4131.0,14493.0,False,False
2812,2022-10-27 09:59:45.008072,-0.003968253968253843,-0.003968253968253843,-0.049999999999998934,-0.049999999999998934,12.55,12.6,12.55,12.6,99.0,420.0,4131.0,14493.0,False,False
2812,2022-10-27 09:59:48.700676,-0.003968253968253843,-0.003968253968253843,-0.049999999999998934,-0.049999999999998934,12.55,12.6,12.55,12.6,98.0,419.0,4131.0,14493.0,False,False
2812,2022-10-27 09:59:53.905499,-0.003968253968253843,-0.003968253968253843,-0.049999999999998934,-0.049999999999998934,12.55,12.6,12.55,12.6,98.0,419.0,4131.0,14493.0,False,False
2812,2022-10-27 10:00:03.622146,-0.003968253968253843,-0.003968253968253843,-0.049999999999998934,-0.049999999999998934,12.55,12.6,12.55,12.6,113.0,419.0,4131.0,14493.0,False,False
2812,2022-10-27 10:00:07.452093,-0.003968253968253843,-0.003968253968253843,-0.049999999999998934,-0.049999999999998934,12.55,12.6,12.55,12.6,113.0,424.0,4131.0,14493.0,False,False
2812,2022-10-27 10:00:14.844838,-0.003968253968253843,-0.003968253968253843,-0.049999999999998934,-0.049999999999998934,12.55,12.6,12.55,12.6,113.0,424.0,4131.0,14493.0,False,False
2812,2022-10-27 10:00:15.361442,-0.003968253968253843,-0.003968253968253843,-0.049999999999998934,-0.049999999999998934,12.55,12.6,12.55,12.6,113.0,424.0,4131.0,14493.0,False,False
2812,2022-10-27 10:00:27.236861,-0.003968253968253843,-0.003968253968253843,-0.049999999999998934,-0.049999999999998934,12.55,12.6,12.55,12.6,115.0,424.0,4131.0,14493.0,False,False
2812,2022-10-27 10:00:34.425976,-0.003968253968253843,-0.003968253968253843,-0.049999999999998934,-0.049999999999998934,12.55,12.6,12.55,12.6,115.0,424.0,4131.0,14493.0,False,False
2812,2022-10-27 10:00:34.915341,-0.003968253968253843,-0.003968253968253843,-0.049999999999998934,-0.049999999999998934,12.55,12.6,12.55,12.6,115.0,424.0,4324.0,14493.0,True,True
2812,2022-10-27 10:00:46.768046,-0.003968253968253843,-0.003968253968253843,-0.049999999999998934,-0.049999999999998934,12.55,12.6,12.55,12.6,112.0,424.0,4324.0,14493.0,False,False
2812,2022-10-27 10:00:59.869675,-0.003968253968253843,-0.003968253968253843,-0.049999999999998934,-0.049999999999998934,12.55,12.6,12.55,12.6,112.0,425.0,4324.0,14493.0,False,False
2812,2022-10-27 10:01:04.314335,-0.003968253968253843,-0.003968253968253843,-0.049999999999998934,-0.049999999999998934,12.55,12.6,12.55,12.6,112.0,425.0,4294.0,14493.0,False,True
2812,2022-10-27 10:01:08.783325,-0.003968253968253843,-0.003968253968253843,-0.049999999999998934,-0.049999999999998934,12.55,12.6,12.55,12.6,112.0,425.0,4294.0,14493.0,False,False
2812,2022-10-27 10:01:09.065361,-0.003968253968253843,-0.003968253968253843,-0.049999999999998934,-0.049999999999998934,12.55,12.6,12.55,12.6,117.0,425.0,4294.0,14493.0,False,False
2812,2022-10-27 10:01:24.534547,-0.003968253968253843,-0.003968253968253843,-0.049999999999998934,-0.049999999999998934,12.55,12.6,12.55,12.6,117.0,425.0,4294.0,14493.0,True,True
2812,2022-10-27 10:01:33.404678,-0.003968253968253843,-0.003968253968253843,-0.049999999999998934,-0.049999999999998934,12.55,12.6,12.55,12.6,117.0,425.0,4294.0,14493.0,False,False
2812,2022-10-27 10:01:38.536911,-0.003968253968253843,-0.003968253968253843,-0.049999999999998934,-0.049999999999998934,12.55,12.6,12.55,12.6,122.0,425.0,4294.0,14493.0,False,False
2812,2022-10-27 10:01:52.010876,-0.003968253968253843,-0.003968253968253843,-0.049999999999998934,-0.049999999999998934,12.55,12.6,12.55,12.6,122.0,425.0,4294.0,14493.0,False,False
2812,2022-10-27 10:01:56.368370,-0.003968253968253843,-0.003968253968253843,-0.049999999999998934,-0.049999999999998934,12.55,12.6,12.55,12.6,121.0,425.0,4294.0,14493.0,False,False
2812,2022-10-27 10:02:01.265751,-0.003968253968253843,-0.003968253968253843,-0.049999999999998934,-0.049999999999998934,12.55,12.6,12.55,12.6,121.0,425.0,4294.0,14493.0,False,False
2812,2022-10-27 10:02:12.508993,-0.003968253968253843,-0.003968253968253843,-0.049999999999998934,-0.049999999999998934,12.55,12.6,12.55,12.6,121.0,425.0,4294.0,14493.0,False,False
2812,2022-10-27 10:02:14.944928,-0.003968253968253843,-0.003968253968253843,-0.049999999999998934,-0.049999999999998934,12.55,12.6,12.55,12.6,121.0,425.0,4044.0,14493.0,True,True
2812,2022-10-27 10:02:15.086074,-0.003968253968253843,-0.003968253968253843,-0.049999999999998934,-0.049999999999998934,12.55,12.6,12.55,12.6,105.0,425.0,4044.0,14493.0,False,False
2812,2022-10-27 10:02:23.300484,-0.003968253968253843,-0.003968253968253843,-0.049999999999998934,-0.049999999999998934,12.55,12.6,12.55,12.6,105.0,425.0,4044.0,14493.0,False,False
2812,2022-10-27 10:02:24.995338,-0.003968253968253843,-0.003968253968253843,-0.049999999999998934,-0.049999999999998934,12.55,12.6,12.55,12.6,105.0,425.0,3994.0,14493.0,True,True
2812,2022-10-27 10:02:28.312670,-0.003968253968253843,-0.003968253968253843,-0.049999999999998934,-0.049999999999998934,12.55,12.6,12.55,12.6,102.0,425.0,3994.0,14493.0,False,False
2812,2022-10-27 10:02:33.053820,-0.003968253968253843,-0.003968253968253843,-0.049999999999998934,-0.049999999999998934,12.55,12.6,12.55,12.6,102.0,425.0,3994.0,14493.0,False,False
2812,2022-10-27 10:02:42.956823,-0.003968253968253843,-0.003968253968253843,-0.049999999999998934,-0.049999999999998934,12.55,12.6,12.55,12.6,102.0,426.0,3994.0,14493.0,False,False
2812,2022-10-27 10:02:55.265240,-0.003968253968253843,-0.003968253968253843,-0.049999999999998934,-0.049999999999998934,12.55,12.6,12.55,12.6,102.0,426.0,3994.0,14493.0,True,True
2812,2022-10-27 10:02:56.396993,-0.003968253968253843,-0.003968253968253843,-0.049999999999998934,-0.049999999999998934,12.55,12.6,12.55,12.6,85.0,426.0,3994.0,14493.0,False,False
2812,2022-10-27 10:03:05.309935,-0.003968253968253843,-0.003968253968253843,-0.049999999999998934,-0.049999999999998934,12.55,12.6,12.55,12.6,85.0,426.0,3695.0,14493.0,True,True
2812,2022-10-27 10:03:11.143256,-0.003968253968253843,-0.003968253968253843,-0.049999999999998934,-0.049999999999998934,12.55,12.6,12.55,12.6,85.0,426.0,3695.0,14493.0,False,False
2812,2022-10-27 10:03:15.351848,-0.003968253968253843,-0.003968253968253843,-0.049999999999998934,-0.049999999999998934,12.55,12.6,12.55,12.6,85.0,426.0,3695.0,14493.0,True,True
2812,2022-10-27 10:03:25.429785,-0.003968253968253843,-0.003968253968253843,-0.049999999999998934,-0.049999999999998934,12.55,12.6,12.55,12.6,85.0,426.0,3744.0,14442.0,True,True
2812,2022-10-27 10:03:29.660331,-0.003968253968253843,-0.003968253968253843,-0.049999999999998934,-0.049999999999998934,12.55,12.6,12.55,12.6,85.0,426.0,3744.0,14442.0,False,False
2812,2022-10-27 10:03:35.471047,-0.003968253968253843,-0.003968253968253843,-0.049999999999998934,-0.049999999999998934,12.55,12.6,12.55,12.6,85.0,426.0,3744.0,14342.0,True,True
2812,2022-10-27 10:03:40.056167,-0.003968253968253843,-0.003968253968253843,-0.049999999999998934,-0.049999999999998934,12.55,12.6,12.55,12.6,85.0,426.0,3744.0,14342.0,False,False
2812,2022-10-27 10:03:50.120535,-0.003968253968253843,-0.003968253968253843,-0.049999999999998934,-0.049999999999998934,12.55,12.6,12.55,12.6,85.0,426.0,3744.0,14342.0,False,False
2812,2022-10-27 10:03:53.355312,-0.003968253968253843,-0.003968253968253843,-0.049999999999998934,-0.049999999999998934,12.55,12.6,12.55,12.6,85.0,426.0,3744.0,14342.0,False,False
2812,2022-10-27 10:03:58.778421,-0.003968253968253843,-0.003968253968253843,-0.049999999999998934,-0.049999999999998934,12.55,12.6,12.55,12.6,82.0,426.0,3744.0,14342.0,False,False
2812,2022-10-27 10:04:01.711942,-0.003968253968253843,-0.003968253968253843,-0.049999999999998934,-0.049999999999998934,12.55,12.6,12.55,12.6,82.0,426.0,3744.0,14342.0,False,False
2812,2022-10-27 10:04:01.713049,-0.003968253968253843,-0.003968253968253843,-0.049999999999998934,-0.049999999999998934,12.55,12.6,12.55,12.6,86.0,426.0,3744.0,14342.0,False,False
2812,2022-10-27 10:04:04.388636,-0.003968253968253843,-0.003968253968253843,-0.049999999999998934,-0.049999999999998934,12.55,12.6,12.55,12.6,86.0,426.0,3744.0,14042.0,False,True
2812,2022-10-27 10:04:05.253541,-0.003968253968253843,-0.003968253968253843,-0.049999999999998934,-0.049999999999998934,12.55,12.6,12.55,12.6,85.0,426.0,3744.0,14042.0,False,False
2812,2022-10-27 10:04:13.369139,-0.003968253968253843,-0.003968253968253843,-0.049999999999998934,-0.049999999999998934,12.55,12.6,12.55,12.6,85.0,427.0,3744.0,14042.0,False,False
2812,2022-10-27 10:04:19.325017,-0.003968253968253843,-0.003968253968253843,-0.049999999999998934,-0.049999999999998934,12.55,12.6,12.55,12.6,85.0,428.0,3744.0,14042.0,False,False
2812,2022-10-27 10:04:26.288319,-0.003968253968253843,-0.003968253968253843,-0.049999999999998934,-0.049999999999998934,12.55,12.6,12.55,12.6,85.0,428.0,3744.0,14042.0,False,False
2812,2022-10-27 10:04:37.195931,-0.003968253968253843,-0.003968253968253843,-0.049999999999998934,-0.049999999999998934,12.55,12.6,12.55,12.6,86.0,428.0,3744.0,14042.0,False,False
2812,2022-10-27 10:04:52.400288,-0.003968253968253843,-0.003968253968253843,-0.049999999999998934,-0.049999999999998934,12.55,12.6,12.55,12.6,86.0,428.0,3744.0,14042.0,False,False
2812,2022-10-27 10:05:10.888444,-0.003968253968253843,-0.003968253968253843,-0.049999999999998934,-0.049999999999998934,12.55,12.6,12.55,12.6,86.0,428.0,3744.0,14042.0,False,False
2812,2022-10-27 10:05:45.041166,-0.003968253968253843,-0.003968253968253843,-0.049999999999998934,-0.049999999999998934,12.55,12.6,12.55,12.6,86.0,428.0,3744.0,13961.0,True,True
2812,2022-10-27 10:06:00.390739,-0.003968253968253843,-0.003968253968253843,-0.049999999999998934,-0.049999999999998934,12.55,12.6,12.55,12.6,86.0,428.0,3744.0,13961.0,False,False
2812,2022-10-27 10:06:10.046018,-0.003968253968253843,-0.003968253968253843,-0.049999999999998934,-0.049999999999998934,12.55,12.6,12.55,12.6,86.0,428.0,3744.0,13961.0,False,False
2812,2022-10-27 10:06:21.036861,-0.003968253968253843,-0.003968253968253843,-0.049999999999998934,-0.049999999999998934,12.55,12.6,12.55,12.6,86.0,428.0,3744.0,13961.0,False,False
2812,2022-10-27 10:06:25.181235,-0.003968253968253843,-0.003968253968253843,-0.049999999999998934,-0.049999999999998934,12.55,12.6,12.55,12.6,86.0,428.0,3744.0,13960.0,True,True
2812,2022-10-27 10:06:29.232293,-0.003968253968253843,-0.003968253968253843,-0.049999999999998934,-0.049999999999998934,12.55,12.6,12.55,12.6,85.0,428.0,3744.0,13960.0,False,False
2812,2022-10-27 10:06:29.283608,-0.003968253968253843,-0.003968253968253843,-0.049999999999998934,-0.049999999999998934,12.55,12.6,12.55,12.6,85.0,428.0,3744.0,13960.0,False,False
2812,2022-10-27 10:06:33.193070,-0.003968253968253843,-0.003968253968253843,-0.049999999999998934,-0.049999999999998934,12.55,12.6,12.55,12.6,84.0,428.0,3744.0,13960.0,False,False
2812,2022-10-27 10:06:36.317323,-0.003968253968253843,-0.003968253968253843,-0.049999999999998934,-0.049999999999998934,12.55,12.6,12.55,12.6,84.0,428.0,3744.0,13960.0,False,False
2812,2022-10-27 10:06:40.831356,-0.003968253968253843,-0.003968253968253843,-0.049999999999998934,-0.049999999999998934,12.55,12.6,12.55,12.6,84.0,428.0,3744.0,13960.0,False,False
2812,2022-10-27 10:06:46.843529,-0.003968253968253843,-0.003968253968253843,-0.049999999999998934,-0.049999999999998934,12.55,12.6,12.55,12.6,84.0,428.0,3744.0,13960.0,False,False
2812,2022-10-27 10:06:50.099090,-0.003968253968253843,-0.003968253968253843,-0.049999999999998934,-0.049999999999998934,12.55,12.6,12.55,12.6,85.0,428.0,3744.0,13960.0,False,False
2812,2022-10-27 10:06:52.465221,-0.003968253968253843,-0.003968253968253843,-0.049999999999998934,-0.049999999999998934,12.55,12.6,12.55,12.6,85.0,428.0,3744.0,13960.0,False,False
2812,2022-10-27 10:06:55.275328,-0.003968253968253843,-0.003968253968253843,-0.049999999999998934,-0.049999999999998934,12.55,12.6,12.55,12.6,85.0,428.0,3726.0,14042.0,True,True
2812,2022-10-27 10:06:59.476743,-0.003968253968253843,-0.003968253968253843,-0.049999999999998934,-0.049999999999998934,12.55,12.6,12.55,12.6,84.0,428.0,3726.0,14042.0,False,False
2812,2022-10-27 10:07:04.503100,-0.003968253968253843,-0.003968253968253843,-0.049999999999998934,-0.049999999999998934,12.55,12.6,12.55,12.6,84.0,428.0,3744.0,13981.0,False,True
2812,2022-10-27 10:07:12.869127,-0.003968253968253843,-0.003968253968253843,-0.049999999999998934,-0.049999999999998934,12.55,12.6,12.55,12.6,84.0,427.0,3744.0,13981.0,False,False
2812,2022-10-27 10:07:13.608915,-0.003968253968253843,-0.003968253968253843,-0.049999999999998934,-0.049999999999998934,12.55,12.6,12.55,12.6,84.0,427.0,3744.0,13981.0,False,False
2812,2022-10-27 10:07:33.428059,-0.003968253968253843,-0.003968253968253843,-0.049999999999998934,-0.049999999999998934,12.55,12.6,12.55,12.6,84.0,427.0,3744.0,13981.0,False,False
2812,2022-10-27 10:07:44.793267,-0.003968253968253843,-0.003968253968253843,-0.049999999999998934,-0.049999999999998934,12.55,12.6,12.55,12.6,84.0,427.0,3744.0,13981.0,False,False
2812,2022-10-27 10:07:52.179121,-0.003968253968253843,-0.003968253968253843,-0.049999999999998934,-0.049999999999998934,12.55,12.6,12.55,12.6,84.0,427.0,3744.0,13981.0,False,False
2812,2022-10-27 10:07:54.662926,-0.003968253968253843,-0.003968253968253843,-0.049999999999998934,-0.049999999999998934,12.55,12.6,12.55,12.6,84.0,427.0,3744.0,14681.0,True,True
2812,2022-10-27 10:08:18.700434,-0.003968253968253843,-0.003968253968253843,-0.049999999999998934,-0.049999999999998934,12.55,12.6,12.55,12.6,84.0,428.0,3744.0,14681.0,False,False
2812,2022-10-27 10:08:21.787717,-0.003968253968253843,-0.003968253968253843,-0.049999999999998934,-0.049999999999998934,12.55,12.6,12.55,12.6,84.0,438.0,3744.0,14681.0,False,False
2812,2022-10-27 10:08:24.762511,-0.003968253968253843,-0.003968253968253843,-0.049999999999998934,-0.049999999999998934,12.55,12.6,12.55,12.6,84.0,438.0,4245.0,14681.0,True,True
2812,2022-10-27 10:08:44.818335,-0.003968253968253843,-0.003968253968253843,-0.049999999999998934,-0.049999999999998934,12.55,12.6,12.55,12.6,84.0,438.0,4405.0,14776.0,True,True
2812,2022-10-27 10:08:54.859369,-0.003968253968253843,-0.003968253968253843,-0.049999999999998934,-0.049999999999998934,12.55,12.6,12.55,12.6,84.0,438.0,4505.0,14776.0,True,True
2812,2022-10-27 10:09:02.211718,-0.003968253968253843,-0.003968253968253843,-0.049999999999998934,-0.049999999999998934,12.55,12.6,12.55,12.6,84.0,438.0,4505.0,14776.0,False,False
2812,2022-10-27 10:09:04.258156,-0.003968253968253843,-0.003968253968253843,-0.049999999999998934,-0.049999999999998934,12.55,12.6,12.55,12.6,88.0,438.0,4505.0,14776.0,False,False
2812,2022-10-27 10:09:13.620840,-0.003968253968253843,-0.003968253968253843,-0.049999999999998934,-0.049999999999998934,12.55,12.6,12.55,12.6,88.0,438.0,4505.0,14776.0,False,False
2812,2022-10-27 10:09:14.859841,-0.003968253968253843,-0.003968253968253843,-0.049999999999998934,-0.049999999999998934,12.55,12.6,12.55,12.6,88.0,438.0,4505.0,14776.0,False,False
2812,2022-10-27 10:09:14.943029,-0.003968253968253843,-0.003968253968253843,-0.049999999999998934,-0.049999999999998934,12.55,12.6,12.55,12.6,88.0,438.0,4505.0,14776.0,True,True
2812,2022-10-27 10:09:18.105361,-0.003968253968253843,-0.003968253968253843,-0.049999999999998934,-0.049999999999998934,12.55,12.6,12.55,12.6,88.0,438.0,4505.0,14776.0,False,False
2812,2022-10-27 10:09:22.411184,-0.003968253968253843,-0.003968253968253843,-0.049999999999998934,-0.049999999999998934,12.55,12.6,12.55,12.6,98.0,438.0,4505.0,14776.0,False,False
2812,2022-10-27 10:09:24.971925,-0.003968253968253843,-0.003968253968253843,-0.049999999999998934,-0.049999999999998934,12.55,12.6,12.55,12.6,98.0,438.0,4505.0,15264.0,True,True
2812,2022-10-27 10:09:35.003923,-0.003968253968253843,-0.003968253968253843,-0.049999999999998934,-0.049999999999998934,12.55,12.6,12.55,12.6,98.0,438.0,4505.0,16362.0,True,True
2812,2022-10-27 10:09:45.037103,-0.003968253968253843,-0.003968253968253843,-0.049999999999998934,-0.049999999999998934,12.55,12.6,12.55,12.6,98.0,438.0,4505.0,17460.0,True,True
2812,2022-10-27 10:09:55.097935,-0.003968253968253843,-0.003968253968253843,-0.049999999999998934,-0.049999999999998934,12.55,12.6,12.55,12.6,98.0,438.0,4505.0,18802.0,True,True
2812,2022-10-27 10:09:58.871460,-0.003968253968253843,-0.003968253968253843,-0.049999999999998934,-0.049999999999998934,12.55,12.6,12.55,12.6,96.0,438.0,4505.0,18802.0,False,False
2812,2022-10-27 10:10:03.371842,-0.003968253968253843,-0.003968253968253843,-0.049999999999998934,-0.049999999999998934,12.55,12.6,12.55,12.6,96.0,438.0,4505.0,18802.0,False,False
2812,2022-10-27 10:10:04.632396,-0.003968253968253843,-0.003968253968253843,-0.049999999999998934,-0.049999999999998934,12.55,12.6,12.55,12.6,96.0,438.0,4505.0,19412.0,False,True
2812,2022-10-27 10:10:14.709794,-0.003968253968253843,-0.003968253968253843,-0.049999999999998934,-0.049999999999998934,12.55,12.6,12.55,12.6,96.0,438.0,4505.0,14898.0,True,True
2812,2022-10-27 10:10:20.790695,-0.003968253968253843,-0.003968253968253843,-0.049999999999998934,-0.049999999999998934,12.55,12.6,12.55,12.6,95.0,438.0,4505.0,14898.0,False,False
2812,2022-10-27 10:10:24.775568,-0.003968253968253843,-0.003968253968253843,-0.049999999999998934,-0.049999999999998934,12.55,12.6,12.55,12.6,95.0,438.0,4505.0,15198.0,True,True
2812,2022-10-27 10:10:34.827942,-0.003968253968253843,-0.003968253968253843,-0.049999999999998934,-0.049999999999998934,12.55,12.6,12.55,12.6,95.0,438.0,4505.0,16573.0,True,True
2812,2022-10-27 10:10:44.872362,-0.003968253968253843,-0.003968253968253843,-0.049999999999998934,-0.049999999999998934,12.55,12.6,12.55,12.6,95.0,438.0,4505.0,17173.0,True,True
2812,2022-10-27 10:10:54.912295,-0.003968253968253843,-0.003968253968253843,-0.049999999999998934,-0.049999999999998934,12.55,12.6,12.55,12.6,95.0,438.0,4505.0,17873.0,True,True
2812,2022-10-27 10:11:04.955873,-0.003968253968253843,-0.003968253968253843,-0.049999999999998934,-0.049999999999998934,12.55,12.6,12.55,12.6,95.0,438.0,4505.0,18873.0,True,True
2812,2022-10-27 10:11:12.804935,-0.003968253968253843,-0.003968253968253843,-0.049999999999998934,-0.049999999999998934,12.55,12.6,12.55,12.6,100.0,438.0,4505.0,18873.0,False,False
2812,2022-10-27 10:11:12.835868,-0.003968253968253843,-0.003968253968253843,-0.049999999999998934,-0.049999999999998934,12.55,12.6,12.55,12.6,105.0,438.0,4505.0,18873.0,False,False
2812,2022-10-27 10:11:14.996786,-0.003968253968253843,-0.003968253968253843,-0.049999999999998934,-0.049999999999998934,12.55,12.6,12.55,12.6,105.0,438.0,4605.0,19773.0,True,True
2812,2022-10-27 10:11:25.040872,-0.003968253968253843,-0.003968253968253843,-0.049999999999998934,-0.049999999999998934,12.55,12.6,12.55,12.6,105.0,438.0,4605.0,20873.0,True,True
2812,2022-10-27 10:11:31.437486,-0.003968253968253843,-0.003968253968253843,-0.049999999999998934,-0.049999999999998934,12.55,12.6,12.55,12.6,105.0,438.0,4605.0,20873.0,False,False
2812,2022-10-27 10:11:31.682641,-0.003968253968253843,-0.003968253968253843,-0.049999999999998934,-0.049999999999998934,12.55,12.6,12.55,12.6,105.0,438.0,4605.0,20873.0,False,False
2812,2022-10-27 10:11:35.083147,-0.003968253968253843,-0.003968253968253843,-0.049999999999998934,-0.049999999999998934,12.55,12.6,12.55,12.6,105.0,438.0,4605.0,21273.0,True,True
2812,2022-10-27 10:11:45.125788,-0.003968253968253843,-0.003968253968253843,-0.049999999999998934,-0.049999999999998934,12.55,12.6,12.55,12.6,105.0,438.0,4605.0,21473.0,True,True
2812,2022-10-27 10:11:45.993141,-0.003968253968253843,-0.003968253968253843,-0.049999999999998934,-0.049999999999998934,12.55,12.6,12.55,12.6,109.0,438.0,4605.0,21473.0,False,False
2812,2022-10-27 10:11:55.163305,-0.003968253968253843,-0.003968253968253843,-0.049999999999998934,-0.049999999999998934,12.55,12.6,12.55,12.6,109.0,438.0,4605.0,22073.0,True,True
2812,2022-10-27 10:12:05.202459,-0.003968253968253843,-0.003968253968253843,-0.049999999999998934,-0.049999999999998934,12.55,12.6,12.55,12.6,109.0,438.0,4605.0,22173.0,True,True
2812,2022-10-27 10:12:08.645670,-0.003968253968253843,-0.003968253968253843,-0.049999999999998934,-0.049999999999998934,12.55,12.6,12.55,12.6,109.0,438.0,4605.0,22173.0,False,False
2812,2022-10-27 10:12:15.242763,-0.003968253968253843,-0.003968253968253843,-0.049999999999998934,-0.049999999999998934,12.55,12.6,12.55,12.6,109.0,438.0,4605.0,22183.0,True,True
2812,2022-10-27 10:12:20.418632,-0.003968253968253843,-0.003968253968253843,-0.049999999999998934,-0.049999999999998934,12.55,12.6,12.55,12.6,108.0,438.0,4605.0,22183.0,False,False
2812,2022-10-27 10:12:22.688258,-0.003968253968253843,-0.003968253968253843,-0.049999999999998934,-0.049999999999998934,12.55,12.6,12.55,12.6,110.0,438.0,4605.0,22183.0,False,False
2812,2022-10-27 10:12:34.772785,-0.003968253968253843,-0.003968253968253843,-0.049999999999998934,-0.049999999999998934,12.55,12.6,12.55,12.6,110.0,438.0,4605.0,22183.0,False,False
2812,2022-10-27 10:12:35.331357,-0.003968253968253843,-0.003968253968253843,-0.049999999999998934,-0.049999999999998934,12.55,12.6,12.55,12.6,110.0,438.0,4605.0,22003.0,True,True
2812,2022-10-27 10:12:45.373355,-0.003968253968253843,-0.003968253968253843,-0.049999999999998934,-0.049999999999998934,12.55,12.6,12.55,12.6,110.0,438.0,4605.0,21903.0,True,True
2812,2022-10-27 10:12:49.482583,-0.003968253968253843,-0.003968253968253843,-0.049999999999998934,-0.049999999999998934,12.55,12.6,12.55,12.6,110.0,438.0,4605.0,21903.0,False,False
2812,2022-10-27 10:12:55.468913,-0.003968253968253843,-0.003968253968253843,-0.049999999999998934,-0.049999999999998934,12.55,12.6,12.55,12.6,110.0,438.0,4605.0,21353.0,True,True
2812,2022-10-27 10:12:55.790298,-0.003968253968253843,-0.003968253968253843,-0.049999999999998934,-0.049999999999998934,12.55,12.6,12.55,12.6,125.0,438.0,4605.0,21353.0,False,False
2812,2022-10-27 10:12:59.275277,-0.003968253968253843,-0.003968253968253843,-0.049999999999998934,-0.049999999999998934,12.55,12.6,12.55,12.6,130.0,438.0,4605.0,21353.0,False,False
2812,2022-10-27 10:13:04.796377,-0.003968253968253843,-0.003968253968253843,-0.049999999999998934,-0.049999999999998934,12.55,12.6,12.55,12.6,130.0,438.0,4605.0,21353.0,False,True
2812,2022-10-27 10:13:14.721072,-0.003968253968253843,-0.003968253968253843,-0.049999999999998934,-0.049999999999998934,12.55,12.6,12.55,12.6,146.0,438.0,4605.0,21353.0,False,False
2812,2022-10-27 10:13:14.838762,-0.003968253968253843,-0.003968253968253843,-0.049999999999998934,-0.049999999999998934,12.55,12.6,12.55,12.6,146.0,438.0,4605.0,20653.0,True,True
2812,2022-10-27 10:13:23.824328,-0.003968253968253843,-0.003968253968253843,-0.049999999999998934,-0.049999999999998934,12.55,12.6,12.55,12.6,150.0,438.0,4605.0,20653.0,False,False
2812,2022-10-27 10:13:24.883498,-0.003968253968253843,-0.003968253968253843,-0.049999999999998934,-0.049999999999998934,12.55,12.6,12.55,12.6,150.0,438.0,4605.0,20653.0,True,True
2812,2022-10-27 10:13:34.924655,-0.003968253968253843,-0.003968253968253843,-0.049999999999998934,-0.049999999999998934,12.55,12.6,12.55,12.6,150.0,438.0,3905.0,20653.0,True,True
2812,2022-10-27 10:13:45.950542,-0.003968253968253843,-0.003968253968253843,-0.049999999999998934,-0.049999999999998934,12.55,12.6,12.55,12.6,150.0,438.0,3905.0,20653.0,False,False
2812,2022-10-27 10:13:58.410840,-0.003968253968253843,-0.003968253968253843,-0.049999999999998934,-0.049999999999998934,12.55,12.6,12.55,12.6,150.0,438.0,3905.0,20653.0,False,False
2812,2022-10-27 10:13:58.412065,-0.003968253968253843,-0.003968253968253843,-0.049999999999998934,-0.049999999999998934,12.55,12.6,12.55,12.6,156.0,438.0,3905.0,20653.0,False,False
2812,2022-10-27 10:13:59.481265,-0.003968253968253843,-0.003968253968253843,-0.049999999999998934,-0.049999999999998934,12.55,12.6,12.55,12.6,156.0,438.0,3905.0,20653.0,False,False
2812,2022-10-27 10:14:09.680620,-0.003968253968253843,-0.003968253968253843,-0.049999999999998934,-0.049999999999998934,12.55,12.6,12.55,12.6,156.0,438.0,3905.0,20653.0,False,False
2812,2022-10-27 10:14:15.194644,-0.003968253968253843,-0.003968253968253843,-0.049999999999998934,-0.049999999999998934,12.55,12.6,12.55,12.6,158.0,438.0,3905.0,20653.0,False,False
2812,2022-10-27 10:14:25.188164,-0.003968253968253843,-0.003968253968253843,-0.049999999999998934,-0.049999999999998934,12.55,12.6,12.55,12.6,158.0,438.0,4105.0,20653.0,True,True
2812,2022-10-27 10:14:45.275375,-0.003968253968253843,-0.003968253968253843,-0.049999999999998934,-0.049999999999998934,12.55,12.6,12.55,12.6,158.0,438.0,4268.0,20653.0,True,True
2812,2022-10-27 10:14:55.305156,-0.003968253968253843,-0.003968253968253843,-0.049999999999998934,-0.049999999999998934,12.55,12.6,12.55,12.6,158.0,438.0,4298.0,20653.0,True,True
2812,2022-10-27 10:15:12.289800,-0.003968253968253843,-0.003968253968253843,-0.049999999999998934,-0.049999999999998934,12.55,12.6,12.55,12.6,159.0,438.0,4298.0,20653.0,False,False
2812,2022-10-27 10:15:19.780894,-0.003968253968253843,-0.003968253968253843,-0.049999999999998934,-0.049999999999998934,12.55,12.6,12.55,12.6,160.0,438.0,4298.0,20653.0,False,False
2812,2022-10-27 10:15:39.487813,-0.003968253968253843,-0.003968253968253843,-0.049999999999998934,-0.049999999999998934,12.55,12.6,12.55,12.6,160.0,438.0,4298.0,20653.0,False,False
2812,2022-10-27 10:15:47.534709,-0.003968253968253843,-0.003968253968253843,-0.049999999999998934,-0.049999999999998934,12.55,12.6,12.55,12.6,160.0,438.0,4298.0,20653.0,False,False
2812,2022-10-27 10:16:04.862076,-0.003968253968253843,-0.003968253968253843,-0.049999999999998934,-0.049999999999998934,12.55,12.6,12.55,12.6,160.0,438.0,4298.0,20653.0,False,True
2812,2022-10-27 10:16:10.622789,-0.003968253968253843,-0.003968253968253843,-0.049999999999998934,-0.049999999999998934,12.55,12.6,12.55,12.6,160.0,437.0,4298.0,20653.0,False,False
2812,2022-10-27 10:16:24.926521,-0.003968253968253843,-0.003968253968253843,-0.049999999999998934,-0.049999999999998934,12.55,12.6,12.55,12.6,160.0,437.0,4298.0,20638.0,True,True
2812,2022-10-27 10:16:31.331798,-0.003968253968253843,-0.003968253968253843,-0.049999999999998934,-0.049999999999998934,12.55,12.6,12.55,12.6,160.0,445.0,4298.0,20638.0,False,False
2812,2022-10-27 10:16:43.900706,-0.003968253968253843,-0.003968253968253843,-0.049999999999998934,-0.049999999999998934,12.55,12.6,12.55,12.6,160.0,451.0,4298.0,20638.0,False,False
2812,2022-10-27 10:17:01.336912,-0.003968253968253843,-0.003968253968253843,-0.049999999999998934,-0.049999999999998934,12.55,12.6,12.55,12.6,160.0,451.0,4298.0,20638.0,False,False
2812,2022-10-27 10:17:12.628316,-0.003968253968253843,-0.003968253968253843,-0.049999999999998934,-0.049999999999998934,12.55,12.6,12.55,12.6,160.0,451.0,4298.0,20638.0,False,False
2812,2022-10-27 10:17:47.483662,-0.003968253968253843,-0.003968253968253843,-0.049999999999998934,-0.049999999999998934,12.55,12.6,12.55,12.6,160.0,453.0,4298.0,20638.0,False,False
2812,2022-10-27 10:17:55.260282,-0.003968253968253843,-0.003968253968253843,-0.049999999999998934,-0.049999999999998934,12.55,12.6,12.55,12.6,160.0,453.0,4298.0,20638.0,True,True
2812,2022-10-27 10:17:56.286667,-0.003968253968253843,-0.003968253968253843,-0.049999999999998934,-0.049999999999998934,12.55,12.6,12.55,12.6,160.0,449.0,4298.0,20638.0,False,False
2812,2022-10-27 10:18:15.326722,-0.003968253968253843,-0.003968253968253843,-0.049999999999998934,-0.049999999999998934,12.55,12.6,12.55,12.6,160.0,449.0,4298.0,20638.0,True,True
2812,2022-10-27 10:18:15.856432,-0.003968253968253843,-0.003968253968253843,-0.049999999999998934,-0.049999999999998934,12.55,12.6,12.55,12.6,158.0,449.0,4298.0,20638.0,False,False
2812,2022-10-27 10:18:35.390014,-0.003968253968253843,-0.003968253968253843,-0.049999999999998934,-0.049999999999998934,12.55,12.6,12.55,12.6,158.0,449.0,4298.0,20738.0,True,True
2812,2022-10-27 10:18:39.182653,-0.003968253968253843,-0.003968253968253843,-0.049999999999998934,-0.049999999999998934,12.55,12.6,12.55,12.6,158.0,451.0,4298.0,20738.0,False,False
2812,2022-10-27 10:18:45.417202,-0.003968253968253843,-0.003968253968253843,-0.049999999999998934,-0.049999999999998934,12.55,12.6,12.55,12.6,158.0,451.0,4497.0,20738.0,True,True
2812,2022-10-27 10:18:45.780161,-0.003968253968253843,-0.003968253968253843,-0.049999999999998934,-0.049999999999998934,12.55,12.6,12.55,12.6,158.0,451.0,4497.0,20738.0,False,False
2812,2022-10-27 10:18:55.783966,-0.003968253968253843,-0.003968253968253843,-0.049999999999998934,-0.049999999999998934,12.55,12.6,12.55,12.6,158.0,451.0,4497.0,20738.0,False,False
2812,2022-10-27 10:18:59.097493,-0.003968253968253843,-0.003968253968253843,-0.049999999999998934,-0.049999999999998934,12.55,12.6,12.55,12.6,158.0,450.0,4497.0,20738.0,False,False
2812,2022-10-27 10:18:59.098379,-0.003968253968253843,-0.003968253968253843,-0.049999999999998934,-0.049999999999998934,12.55,12.6,12.55,12.6,158.0,450.0,4497.0,20738.0,False,False
2812,2022-10-27 10:19:04.940345,-0.003968253968253843,-0.003968253968253843,-0.049999999999998934,-0.049999999999998934,12.55,12.6,12.55,12.6,158.0,450.0,4497.0,20738.0,False,True
2812,2022-10-27 10:19:07.581211,-0.003968253968253843,-0.003968253968253843,-0.049999999999998934,-0.049999999999998934,12.55,12.6,12.55,12.6,158.0,452.0,4497.0,20738.0,False,False
2812,2022-10-27 10:19:08.868135,-0.003968253968253843,-0.003968253968253843,-0.049999999999998934,-0.049999999999998934,12.55,12.6,12.55,12.6,158.0,457.0,4497.0,20738.0,False,False
2812,2022-10-27 10:19:09.730629,-0.003968253968253843,-0.003968253968253843,-0.049999999999998934,-0.049999999999998934,12.55,12.6,12.55,12.6,158.0,457.0,4497.0,20738.0,False,False
2812,2022-10-27 10:19:12.254320,-0.003968253968253843,-0.003968253968253843,-0.049999999999998934,-0.049999999999998934,12.55,12.6,12.55,12.6,158.0,457.0,4497.0,20738.0,False,False
2812,2022-10-27 10:19:13.938288,-0.003968253968253843,-0.003968253968253843,-0.049999999999998934,-0.049999999999998934,12.55,12.6,12.55,12.6,157.0,457.0,4497.0,20738.0,False,False
2812,2022-10-27 10:19:13.942300,-0.003968253968253843,-0.003968253968253843,-0.049999999999998934,-0.049999999999998934,12.55,12.6,12.55,12.6,157.0,457.0,4497.0,20738.0,False,False
2812,2022-10-27 10:19:19.914846,-0.003968253968253843,-0.003968253968253843,-0.049999999999998934,-0.049999999999998934,12.55,12.6,12.55,12.6,157.0,454.0,4497.0,20738.0,False,False
2812,2022-10-27 10:19:21.247416,-0.003968253968253843,-0.003968253968253843,-0.049999999999998934,-0.049999999999998934,12.55,12.6,12.55,12.6,157.0,455.0,4497.0,20738.0,False,False
2812,2022-10-27 10:19:24.999185,-0.003968253968253843,-0.003968253968253843,-0.049999999999998934,-0.049999999999998934,12.55,12.6,12.55,12.6,157.0,455.0,5091.0,20738.0,True,True
2812,2022-10-27 10:19:40.803089,-0.003968253968253843,-0.003968253968253843,-0.049999999999998934,-0.049999999999998934,12.55,12.6,12.55,12.6,147.0,455.0,5091.0,20738.0,False,False
2812,2022-10-27 10:19:52.457320,-0.003968253968253843,-0.003968253968253843,-0.049999999999998934,-0.049999999999998934,12.55,12.6,12.55,12.6,147.0,445.0,5091.0,20738.0,False,False
2812,2022-10-27 10:19:55.140088,-0.003968253968253843,-0.003968253968253843,-0.049999999999998934,-0.049999999999998934,12.55,12.6,12.55,12.6,147.0,445.0,5074.0,20738.0,True,True
2812,2022-10-27 10:20:05.249892,-0.003968253968253843,-0.003968253968253843,-0.049999999999998934,-0.049999999999998934,12.55,12.6,12.55,12.6,147.0,445.0,5074.0,20738.0,True,True
2812,2022-10-27 10:20:06.158095,-0.003968253968253843,-0.003968253968253843,-0.049999999999998934,-0.049999999999998934,12.55,12.6,12.55,12.6,147.0,435.0,5074.0,20738.0,False,False
2812,2022-10-27 10:20:13.087743,-0.003968253968253843,-0.003968253968253843,-0.049999999999998934,-0.049999999999998934,12.55,12.6,12.55,12.6,147.0,434.0,5074.0,20738.0,False,False
2812,2022-10-27 10:20:20.188908,-0.003968253968253843,-0.003968253968253843,-0.049999999999998934,-0.049999999999998934,12.55,12.6,12.55,12.6,149.0,434.0,5074.0,20738.0,False,False
2812,2022-10-27 10:21:03.455984,-0.003968253968253843,-0.003968253968253843,-0.049999999999998934,-0.049999999999998934,12.55,12.6,12.55,12.6,149.0,430.0,5074.0,20738.0,False,False
2812,2022-10-27 10:21:05.598055,-0.003968253968253843,-0.003968253968253843,-0.049999999999998934,-0.049999999999998934,12.55,12.6,12.55,12.6,149.0,430.0,5097.0,20061.0,True,True
2812,2022-10-27 10:21:08.982480,-0.003968253968253843,-0.003968253968253843,-0.049999999999998934,-0.049999999999998934,12.55,12.6,12.55,12.6,149.0,431.0,5097.0,20061.0,False,False
2812,2022-10-27 10:21:45.796084,-0.003968253968253843,-0.003968253968253843,-0.049999999999998934,-0.049999999999998934,12.55,12.6,12.55,12.6,149.0,431.0,5097.0,19951.0,True,True
2812,2022-10-27 10:21:52.723228,-0.003968253968253843,-0.003968253968253843,-0.049999999999998934,-0.049999999999998934,12.55,12.6,12.55,12.6,149.0,431.0,5097.0,19951.0,False,False
2812,2022-10-27 10:21:57.758836,-0.003968253968253843,-0.003968253968253843,-0.049999999999998934,-0.049999999999998934,12.55,12.6,12.55,12.6,149.0,431.0,5097.0,19951.0,False,False
2812,2022-10-27 10:22:05.091650,-0.003968253968253843,-0.003968253968253843,-0.049999999999998934,-0.049999999999998934,12.55,12.6,12.55,12.6,149.0,431.0,5097.0,19951.0,False,True
2812,2022-10-27 10:22:05.862449,-0.003968253968253843,-0.003968253968253843,-0.049999999999998934,-0.049999999999998934,12.55,12.6,12.55,12.6,151.0,431.0,5097.0,19951.0,False,False
2812,2022-10-27 10:22:25.175510,-0.003968253968253843,-0.003968253968253843,-0.049999999999998934,-0.049999999999998934,12.55,12.6,12.55,12.6,151.0,431.0,5097.0,19911.0,True,True
2812,2022-10-27 10:22:35.217309,-0.003968253968253843,-0.003968253968253843,-0.049999999999998934,-0.049999999999998934,12.55,12.6,12.55,12.6,151.0,431.0,6092.0,20011.0,True,True
2812,2022-10-27 10:22:52.043495,-0.003968253968253843,-0.003968253968253843,-0.049999999999998934,-0.049999999999998934,12.55,12.6,12.55,12.6,153.0,431.0,6092.0,20011.0,False,False
2812,2022-10-27 10:22:55.303714,-0.003968253968253843,-0.003968253968253843,-0.049999999999998934,-0.049999999999998934,12.55,12.6,12.55,12.6,153.0,431.0,5892.0,21011.0,True,True
2812,2022-10-27 10:23:04.204039,-0.003968253968253843,-0.003968253968253843,-0.049999999999998934,-0.049999999999998934,12.55,12.6,12.55,12.6,153.0,429.0,5892.0,21011.0,False,False
2812,2022-10-27 10:23:05.352043,-0.003968253968253843,-0.003968253968253843,-0.049999999999998934,-0.049999999999998934,12.55,12.6,12.55,12.6,153.0,429.0,5892.0,21961.0,True,True
2812,2022-10-27 10:23:15.395651,-0.003968253968253843,-0.003968253968253843,-0.049999999999998934,-0.049999999999998934,12.55,12.6,12.55,12.6,153.0,429.0,5892.0,22211.0,True,True
2812,2022-10-27 10:23:23.542453,-0.003968253968253843,-0.003968253968253843,-0.049999999999998934,-0.049999999999998934,12.55,12.6,12.55,12.6,153.0,433.0,5892.0,22211.0,False,False
2812,2022-10-27 10:23:35.477644,-0.003968253968253843,-0.003968253968253843,-0.049999999999998934,-0.049999999999998934,12.55,12.6,12.55,12.6,153.0,433.0,5892.0,21911.0,True,True
2812,2022-10-27 10:23:37.880869,-0.003968253968253843,-0.003968253968253843,-0.049999999999998934,-0.049999999999998934,12.55,12.6,12.55,12.6,153.0,433.0,5892.0,21911.0,False,False
2812,2022-10-27 10:23:41.449455,-0.003968253968253843,-0.003968253968253843,-0.049999999999998934,-0.049999999999998934,12.55,12.6,12.55,12.6,153.0,433.0,5892.0,21911.0,False,False
2812,2022-10-27 10:23:42.728415,-0.003968253968253843,-0.003968253968253843,-0.049999999999998934,-0.049999999999998934,12.55,12.6,12.55,12.6,153.0,433.0,5892.0,21911.0,False,False
2812,2022-10-27 10:23:44.389238,-0.003968253968253843,-0.003968253968253843,-0.049999999999998934,-0.049999999999998934,12.55,12.6,12.55,12.6,122.0,433.0,5892.0,21911.0,False,False
2812,2022-10-27 10:23:44.421735,-0.003968253968253843,-0.003968253968253843,-0.049999999999998934,-0.049999999999998934,12.55,12.6,12.55,12.6,118.0,433.0,5892.0,21911.0,False,False
2812,2022-10-27 10:23:47.071238,-0.003968253968253843,-0.003968253968253843,-0.049999999999998934,-0.049999999999998934,12.55,12.6,12.55,12.6,119.0,433.0,5892.0,21911.0,False,False
2812,2022-10-27 10:23:48.624858,-0.003968253968253843,-0.003968253968253843,-0.049999999999998934,-0.049999999999998934,12.55,12.6,12.55,12.6,141.0,433.0,5892.0,21911.0,False,False
2812,2022-10-27 10:23:51.918571,-0.003968253968253843,-0.003968253968253843,-0.049999999999998934,-0.049999999999998934,12.55,12.6,12.55,12.6,141.0,431.0,5892.0,21911.0,False,False
2812,2022-10-27 10:23:56.151138,-0.003968253968253843,-0.003968253968253843,-0.049999999999998934,-0.049999999999998934,12.55,12.6,12.55,12.6,151.0,431.0,5892.0,21911.0,False,False
2812,2022-10-27 10:23:56.152623,-0.003968253968253843,-0.003968253968253843,-0.049999999999998934,-0.049999999999998934,12.55,12.6,12.55,12.6,151.0,431.0,5892.0,21911.0,False,False
2812,2022-10-27 10:23:56.266999,-0.003968253968253843,-0.003968253968253843,-0.049999999999998934,-0.049999999999998934,12.55,12.6,12.55,12.6,156.0,431.0,5892.0,21911.0,False,False
2812,2022-10-27 10:24:04.091632,-0.003968253968253843,-0.003968253968253843,-0.049999999999998934,-0.049999999999998934,12.55,12.6,12.55,12.6,156.0,432.0,5892.0,21911.0,False,False
2812,2022-10-27 10:24:08.148215,-0.003968253968253843,-0.003968253968253843,-0.049999999999998934,-0.049999999999998934,12.55,12.6,12.55,12.6,156.0,432.0,5892.0,21911.0,False,False
2812,2022-10-27 10:24:32.456191,-0.003968253968253843,-0.003968253968253843,-0.049999999999998934,-0.049999999999998934,12.55,12.6,12.55,12.6,151.0,432.0,5892.0,21911.0,False,False
2812,2022-10-27 10:24:35.759568,-0.003968253968253843,-0.003968253968253843,-0.049999999999998934,-0.049999999999998934,12.55,12.6,12.55,12.6,151.0,432.0,5892.0,22011.0,True,True
2812,2022-10-27 10:24:49.315079,-0.003968253968253843,-0.003968253968253843,-0.049999999999998934,-0.049999999999998934,12.55,12.6,12.55,12.6,151.0,433.0,5892.0,22011.0,False,False
2812,2022-10-27 10:24:50.089940,-0.003968253968253843,-0.003968253968253843,-0.049999999999998934,-0.049999999999998934,12.55,12.6,12.55,12.6,151.0,431.0,5892.0,22011.0,False,False
2812,2022-10-27 10:24:55.827589,-0.003968253968253843,-0.003968253968253843,-0.049999999999998934,-0.049999999999998934,12.55,12.6,12.55,12.6,151.0,431.0,5692.0,22011.0,True,True
2812,2022-10-27 10:25:05.203209,-0.003968253968253843,-0.003968253968253843,-0.049999999999998934,-0.049999999999998934,12.55,12.6,12.55,12.6,151.0,431.0,5692.0,22011.0,False,True
2812,2022-10-27 10:25:06.398719,-0.003968253968253843,-0.003968253968253843,-0.049999999999998934,-0.049999999999998934,12.55,12.6,12.55,12.6,151.0,431.0,5692.0,22011.0,False,False
2812,2022-10-27 10:25:15.205908,-0.003968253968253843,-0.003968253968253843,-0.049999999999998934,-0.049999999999998934,12.55,12.6,12.55,12.6,151.0,431.0,5792.0,22161.0,True,True
2812,2022-10-27 10:25:23.647139,-0.003968253968253843,-0.003968253968253843,-0.049999999999998934,-0.049999999999998934,12.55,12.6,12.55,12.6,151.0,431.0,5792.0,22161.0,False,False
2812,2022-10-27 10:25:36.698701,-0.003968253968253843,-0.003968253968253843,-0.049999999999998934,-0.049999999999998934,12.55,12.6,12.55,12.6,151.0,431.0,5792.0,22161.0,False,False
2812,2022-10-27 10:25:41.011348,-0.003968253968253843,-0.003968253968253843,-0.049999999999998934,-0.049999999999998934,12.55,12.6,12.55,12.6,148.0,431.0,5792.0,22161.0,False,False
2812,2022-10-27 10:25:41.076543,-0.003968253968253843,-0.003968253968253843,-0.049999999999998934,-0.049999999999998934,12.55,12.6,12.55,12.6,148.0,431.0,5792.0,22161.0,False,False
2812,2022-10-27 10:25:45.281021,-0.003968253968253843,-0.003968253968253843,-0.049999999999998934,-0.049999999999998934,12.55,12.6,12.55,12.6,148.0,431.0,5792.0,21961.0,True,True
2812,2022-10-27 10:25:47.795383,-0.003968253968253843,-0.003968253968253843,-0.049999999999998934,-0.049999999999998934,12.55,12.6,12.55,12.6,148.0,431.0,5792.0,21961.0,False,False
2812,2022-10-27 10:25:50.841646,-0.003968253968253843,-0.003968253968253843,-0.049999999999998934,-0.049999999999998934,12.55,12.6,12.55,12.6,148.0,431.0,5792.0,21961.0,False,False
2812,2022-10-27 10:25:51.423120,-0.003968253968253843,-0.003968253968253843,-0.049999999999998934,-0.049999999999998934,12.55,12.6,12.55,12.6,148.0,431.0,5792.0,21961.0,False,False
2812,2022-10-27 10:25:55.307061,-0.003968253968253843,-0.003968253968253843,-0.049999999999998934,-0.049999999999998934,12.55,12.6,12.55,12.6,148.0,431.0,5792.0,22461.0,True,True
2812,2022-10-27 10:26:02.798338,-0.003968253968253843,-0.003968253968253843,-0.049999999999998934,-0.049999999999998934,12.55,12.6,12.55,12.6,168.0,431.0,5792.0,22461.0,False,False
2812,2022-10-27 10:26:05.341505,-0.003968253968253843,-0.003968253968253843,-0.049999999999998934,-0.049999999999998934,12.55,12.6,12.55,12.6,168.0,431.0,5792.0,22961.0,True,True
2812,2022-10-27 10:26:15.379118,-0.003968253968253843,-0.003968253968253843,-0.049999999999998934,-0.049999999999998934,12.55,12.6,12.55,12.6,168.0,431.0,5792.0,23461.0,True,True
2812,2022-10-27 10:26:19.312550,-0.003968253968253843,-0.003968253968253843,-0.049999999999998934,-0.049999999999998934,12.55,12.6,12.55,12.6,178.0,431.0,5792.0,23461.0,False,False
2812,2022-10-27 10:26:19.345636,-0.003968253968253843,-0.003968253968253843,-0.049999999999998934,-0.049999999999998934,12.55,12.6,12.55,12.6,182.0,431.0,5792.0,23461.0,False,False
2812,2022-10-27 10:26:23.724437,-0.003968253968253843,-0.003968253968253843,-0.049999999999998934,-0.049999999999998934,12.55,12.6,12.55,12.6,182.0,427.0,5792.0,23461.0,False,False
2812,2022-10-27 10:26:25.418091,-0.003968253968253843,-0.003968253968253843,-0.049999999999998934,-0.049999999999998934,12.55,12.6,12.55,12.6,182.0,427.0,6292.0,23961.0,True,True
2812,2022-10-27 10:26:31.865660,-0.003968253968253843,-0.003968253968253843,-0.049999999999998934,-0.049999999999998934,12.55,12.6,12.55,12.6,177.0,427.0,6292.0,23961.0,False,False
2812,2022-10-27 10:26:45.476029,-0.003968253968253843,-0.003968253968253843,-0.049999999999998934,-0.049999999999998934,12.55,12.6,12.55,12.6,177.0,427.0,6292.0,24061.0,True,True
2812,2022-10-27 10:26:55.217707,-0.003968253968253843,-0.003968253968253843,-0.049999999999998934,-0.049999999999998934,12.55,12.6,12.55,12.6,177.0,427.0,6292.0,24061.0,False,False
2812,2022-10-27 10:26:56.238084,-0.003968253968253843,-0.003968253968253843,-0.049999999999998934,-0.049999999999998934,12.55,12.6,12.55,12.6,176.0,427.0,6292.0,24061.0,False,False
2812,2022-10-27 10:26:59.144823,-0.003968253968253843,-0.003968253968253843,-0.049999999999998934,-0.049999999999998934,12.55,12.6,12.55,12.6,176.0,427.0,6292.0,24061.0,False,False
2812,2022-10-27 10:27:05.539245,-0.003968253968253843,-0.003968253968253843,-0.049999999999998934,-0.049999999999998934,12.55,12.6,12.55,12.6,176.0,427.0,6342.0,24061.0,True,True
2812,2022-10-27 10:27:08.690231,-0.003968253968253843,-0.003968253968253843,-0.049999999999998934,-0.049999999999998934,12.55,12.6,12.55,12.6,176.0,428.0,6342.0,24061.0,False,False
2812,2022-10-27 10:27:15.576543,-0.003968253968253843,-0.003968253968253843,-0.049999999999998934,-0.049999999999998934,12.55,12.6,12.55,12.6,176.0,428.0,7242.0,24061.0,True,True
