symbol,datetime,NaOb_r,NbOa_r,NaOb_s,NbOa_s,bid1,ask1,odd_bid1,odd_ask1,bidQty1,askQty1,odd_bidQty1,odd_askQty1,simulate,triggerbyOdd
2882,2022-10-27 09:33:59.518571,0.0,-0.002574002574002643,0.0,-0.10000000000000142,38.75,38.8,38.8,38.85,45.0,128.0,4179.0,372.0,True,True
2882,2022-10-27 09:34:00.182564,0.0,-0.002574002574002643,0.0,-0.10000000000000142,38.75,38.8,38.8,38.85,45.0,128.0,4179.0,372.0,False,False
2882,2022-10-27 09:34:01.598706,0.0,-0.002574002574002643,0.0,-0.10000000000000142,38.75,38.8,38.8,38.85,40.0,128.0,4179.0,372.0,False,False
2882,2022-10-27 09:34:03.015922,0.0,-0.002574002574002643,0.0,-0.10000000000000142,38.75,38.8,38.8,38.85,40.0,128.0,4179.0,372.0,False,False
2882,2022-10-27 09:34:03.348418,0.0,-0.002574002574002643,0.0,-0.10000000000000142,38.75,38.8,38.8,38.85,40.0,128.0,4179.0,372.0,False,False
2882,2022-10-27 09:34:06.629829,0.0,-0.002574002574002643,0.0,-0.10000000000000142,38.75,38.8,38.8,38.85,40.0,128.0,4179.0,372.0,False,False
2882,2022-10-27 09:34:06.888603,0.0,-0.002574002574002643,0.0,-0.10000000000000142,38.75,38.8,38.8,38.85,40.0,128.0,4179.0,372.0,False,False
2882,2022-10-27 09:34:07.502161,0.0,-0.002574002574002643,0.0,-0.10000000000000142,38.75,38.8,38.8,38.85,40.0,128.0,4179.0,372.0,False,False
2882,2022-10-27 09:34:07.839830,0.0,-0.002574002574002643,0.0,-0.10000000000000142,38.75,38.8,38.8,38.85,40.0,128.0,4179.0,372.0,False,False
2882,2022-10-27 09:34:08.606617,0.0,-0.002574002574002643,0.0,-0.10000000000000142,38.75,38.8,38.8,38.85,40.0,130.0,4179.0,372.0,False,False
2882,2022-10-27 09:34:08.950268,0.0,-0.002574002574002643,0.0,-0.10000000000000142,38.75,38.8,38.8,38.85,40.0,130.0,4179.0,372.0,False,False
2882,2022-10-27 09:34:08.961221,0.0,-0.002574002574002643,0.0,-0.10000000000000142,38.75,38.8,38.8,38.85,40.0,130.0,4179.0,372.0,False,True
2882,2022-10-27 09:34:09.225451,0.0,-0.002574002574002643,0.0,-0.10000000000000142,38.75,38.8,38.8,38.85,39.0,130.0,4179.0,372.0,False,False
2882,2022-10-27 09:34:09.375079,0.0,-0.002574002574002643,0.0,-0.10000000000000142,38.75,38.8,38.8,38.85,41.0,130.0,4179.0,372.0,False,False
2882,2022-10-27 09:34:10.248442,0.0,-0.002574002574002643,0.0,-0.10000000000000142,38.75,38.8,38.8,38.85,41.0,130.0,4179.0,372.0,False,False
2882,2022-10-27 09:34:11.284116,0.0,-0.002574002574002643,0.0,-0.10000000000000142,38.75,38.8,38.8,38.85,41.0,132.0,4179.0,372.0,False,False
2882,2022-10-27 09:34:11.382424,0.0,-0.002574002574002643,0.0,-0.10000000000000142,38.75,38.8,38.8,38.85,31.0,132.0,4179.0,372.0,False,False
2882,2022-10-27 09:34:11.763134,0.0,-0.002574002574002643,0.0,-0.10000000000000142,38.75,38.8,38.8,38.85,76.0,132.0,4179.0,372.0,False,False
2882,2022-10-27 09:34:13.284626,0.0,-0.002574002574002643,0.0,-0.10000000000000142,38.75,38.8,38.8,38.85,78.0,132.0,4179.0,372.0,False,False
2882,2022-10-27 09:34:14.008350,0.0,-0.002574002574002643,0.0,-0.10000000000000142,38.75,38.8,38.8,38.85,86.0,132.0,4179.0,372.0,False,False
2882,2022-10-27 09:34:14.078408,0.0,-0.002574002574002643,0.0,-0.10000000000000142,38.75,38.8,38.8,38.85,86.0,138.0,4179.0,372.0,False,False
2882,2022-10-27 09:34:14.107990,0.0,-0.002574002574002643,0.0,-0.10000000000000142,38.75,38.8,38.8,38.85,86.0,138.0,4179.0,372.0,False,False
2882,2022-10-27 09:34:14.636252,0.0,-0.002574002574002643,0.0,-0.10000000000000142,38.75,38.8,38.8,38.85,86.0,138.0,4179.0,372.0,False,False
2882,2022-10-27 09:34:15.073361,0.0,-0.002574002574002643,0.0,-0.10000000000000142,38.75,38.8,38.8,38.85,87.0,138.0,4179.0,372.0,False,False
2882,2022-10-27 09:34:16.300728,0.0,-0.002574002574002643,0.0,-0.10000000000000142,38.75,38.8,38.8,38.85,86.0,138.0,4179.0,372.0,False,False
2882,2022-10-27 09:34:16.514545,0.0,-0.002574002574002643,0.0,-0.10000000000000142,38.75,38.8,38.8,38.85,86.0,138.0,4179.0,372.0,False,False
2882,2022-10-27 09:34:17.891838,0.0,-0.002574002574002643,0.0,-0.10000000000000142,38.75,38.8,38.8,38.85,86.0,138.0,4179.0,372.0,False,False
2882,2022-10-27 09:34:18.888856,0.0,-0.002574002574002643,0.0,-0.10000000000000142,38.75,38.8,38.8,38.85,102.0,138.0,4179.0,372.0,False,False
2882,2022-10-27 09:34:18.999561,0.0,-0.002574002574002643,0.0,-0.10000000000000142,38.75,38.8,38.8,38.85,102.0,138.0,4179.0,387.0,True,True
2882,2022-10-27 09:34:19.578782,0.0,-0.002574002574002643,0.0,-0.10000000000000142,38.75,38.8,38.8,38.85,102.0,138.0,4179.0,387.0,False,False
2882,2022-10-27 09:34:20.600611,0.0,-0.002574002574002643,0.0,-0.10000000000000142,38.75,38.8,38.8,38.85,103.0,138.0,4179.0,387.0,False,False
2882,2022-10-27 09:34:20.639490,0.0,-0.002574002574002643,0.0,-0.10000000000000142,38.75,38.8,38.8,38.85,103.0,66.0,4179.0,387.0,False,False
2882,2022-10-27 09:34:20.704600,0.0,-0.002574002574002643,0.0,-0.10000000000000142,38.75,38.8,38.8,38.85,103.0,66.0,4179.0,387.0,False,False
2882,2022-10-27 09:34:22.768617,0.0,-0.002574002574002643,0.0,-0.10000000000000142,38.75,38.8,38.8,38.85,103.0,67.0,4179.0,387.0,False,False
2882,2022-10-27 09:34:23.816263,0.0,-0.002574002574002643,0.0,-0.10000000000000142,38.75,38.8,38.8,38.85,98.0,67.0,4179.0,387.0,False,False
2882,2022-10-27 09:34:24.724983,0.0,-0.002574002574002643,0.0,-0.10000000000000142,38.75,38.8,38.8,38.85,53.0,67.0,4179.0,387.0,False,False
2882,2022-10-27 09:34:24.948445,0.0,-0.002574002574002643,0.0,-0.10000000000000142,38.75,38.8,38.8,38.85,53.0,66.0,4179.0,387.0,False,False
2882,2022-10-27 09:34:25.229651,0.0,-0.002574002574002643,0.0,-0.10000000000000142,38.75,38.8,38.8,38.85,53.0,66.0,4179.0,387.0,False,False
2882,2022-10-27 09:34:26.138155,0.0,-0.002574002574002643,0.0,-0.10000000000000142,38.75,38.8,38.8,38.85,50.0,66.0,4179.0,387.0,False,False
2882,2022-10-27 09:34:27.050843,0.0,-0.002574002574002643,0.0,-0.10000000000000142,38.75,38.8,38.8,38.85,54.0,66.0,4179.0,387.0,False,False
2882,2022-10-27 09:34:27.608541,0.0,-0.002574002574002643,0.0,-0.10000000000000142,38.75,38.8,38.8,38.85,54.0,69.0,4179.0,387.0,False,False
2882,2022-10-27 09:34:28.275302,0.0,-0.002574002574002643,0.0,-0.10000000000000142,38.75,38.8,38.8,38.85,54.0,70.0,4179.0,387.0,False,False
2882,2022-10-27 09:34:28.341824,0.0,-0.002574002574002643,0.0,-0.10000000000000142,38.75,38.8,38.8,38.85,56.0,70.0,4179.0,387.0,False,False
2882,2022-10-27 09:34:28.543866,0.0,-0.002574002574002643,0.0,-0.10000000000000142,38.75,38.8,38.8,38.85,56.0,74.0,4179.0,387.0,False,False
2882,2022-10-27 09:34:28.637459,0.0,-0.002574002574002643,0.0,-0.10000000000000142,38.75,38.8,38.8,38.85,57.0,74.0,4179.0,387.0,False,False
2882,2022-10-27 09:34:29.039303,0.0,-0.002574002574002643,0.0,-0.10000000000000142,38.75,38.8,38.8,38.85,57.0,74.0,4199.0,187.0,True,True
2882,2022-10-27 09:34:29.714910,0.0,-0.002574002574002643,0.0,-0.10000000000000142,38.75,38.8,38.8,38.85,62.0,74.0,4199.0,187.0,False,False
2882,2022-10-27 09:34:30.331485,0.0,-0.002574002574002643,0.0,-0.10000000000000142,38.75,38.8,38.8,38.85,62.0,73.0,4199.0,187.0,False,False
2882,2022-10-27 09:34:30.620715,0.0,-0.002574002574002643,0.0,-0.10000000000000142,38.75,38.8,38.8,38.85,65.0,73.0,4199.0,187.0,False,False
2882,2022-10-27 09:34:30.821243,0.0,-0.002574002574002643,0.0,-0.10000000000000142,38.75,38.8,38.8,38.85,65.0,72.0,4199.0,187.0,False,False
2882,2022-10-27 09:34:30.831583,0.0,-0.002574002574002643,0.0,-0.10000000000000142,38.75,38.8,38.8,38.85,65.0,72.0,4199.0,187.0,False,False
2882,2022-10-27 09:34:30.834999,0.0,-0.002574002574002643,0.0,-0.10000000000000142,38.75,38.8,38.8,38.85,49.0,72.0,4199.0,187.0,False,False
2882,2022-10-27 09:34:31.994776,0.0,-0.002574002574002643,0.0,-0.10000000000000142,38.75,38.8,38.8,38.85,49.0,75.0,4199.0,187.0,False,False
2882,2022-10-27 09:34:32.307140,0.0,-0.002574002574002643,0.0,-0.10000000000000142,38.75,38.8,38.8,38.85,49.0,76.0,4199.0,187.0,False,False
2882,2022-10-27 09:34:33.432657,0.0,-0.002574002574002643,0.0,-0.10000000000000142,38.75,38.8,38.8,38.85,49.0,75.0,4199.0,187.0,False,False
2882,2022-10-27 09:34:37.152581,0.0,-0.002574002574002643,0.0,-0.10000000000000142,38.75,38.8,38.8,38.85,49.0,74.0,4199.0,187.0,False,False
2882,2022-10-27 09:34:37.340877,0.0,-0.002574002574002643,0.0,-0.10000000000000142,38.75,38.8,38.8,38.85,49.0,73.0,4199.0,187.0,False,False
2882,2022-10-27 09:34:38.251912,0.0,-0.002574002574002643,0.0,-0.10000000000000142,38.75,38.8,38.8,38.85,50.0,73.0,4199.0,187.0,False,False
2882,2022-10-27 09:34:39.076807,0.0,-0.002574002574002643,0.0,-0.10000000000000142,38.75,38.8,38.8,38.85,50.0,73.0,4289.0,207.0,True,True
2882,2022-10-27 09:34:39.189594,0.0,-0.002574002574002643,0.0,-0.10000000000000142,38.75,38.8,38.8,38.85,53.0,73.0,4289.0,207.0,False,False
2882,2022-10-27 09:34:40.453027,0.0,-0.002574002574002643,0.0,-0.10000000000000142,38.75,38.8,38.8,38.85,53.0,72.0,4289.0,207.0,False,False
2882,2022-10-27 09:34:41.201881,0.0,-0.002574002574002643,0.0,-0.10000000000000142,38.75,38.8,38.8,38.85,53.0,73.0,4289.0,207.0,False,False
2882,2022-10-27 09:34:42.444479,0.0,-0.002574002574002643,0.0,-0.10000000000000142,38.75,38.8,38.8,38.85,53.0,73.0,4289.0,207.0,False,False
2882,2022-10-27 09:34:43.207649,0.0,-0.002574002574002643,0.0,-0.10000000000000142,38.75,38.8,38.8,38.85,52.0,73.0,4289.0,207.0,False,False
2882,2022-10-27 09:34:46.093507,0.0,-0.002574002574002643,0.0,-0.10000000000000142,38.75,38.8,38.8,38.85,52.0,73.0,4289.0,207.0,False,False
2882,2022-10-27 09:34:46.420313,0.0,-0.002574002574002643,0.0,-0.10000000000000142,38.75,38.8,38.8,38.85,52.0,70.0,4289.0,207.0,False,False
2882,2022-10-27 09:34:46.612220,0.0,-0.002574002574002643,0.0,-0.10000000000000142,38.75,38.8,38.8,38.85,52.0,91.0,4289.0,207.0,False,False
2882,2022-10-27 09:34:49.063742,0.0,-0.002574002574002643,0.0,-0.10000000000000142,38.75,38.8,38.8,38.85,52.0,91.0,4289.0,207.0,False,False
2882,2022-10-27 09:34:49.775443,0.0,-0.002574002574002643,0.0,-0.10000000000000142,38.75,38.8,38.8,38.85,52.0,92.0,4289.0,207.0,False,False
2882,2022-10-27 09:34:50.771371,0.0,-0.002574002574002643,0.0,-0.10000000000000142,38.75,38.8,38.8,38.85,52.0,92.0,4289.0,207.0,False,False
2882,2022-10-27 09:34:56.579596,0.0,-0.002574002574002643,0.0,-0.10000000000000142,38.75,38.8,38.8,38.85,53.0,92.0,4289.0,207.0,False,False
2882,2022-10-27 09:34:58.200488,0.0,-0.002574002574002643,0.0,-0.10000000000000142,38.75,38.8,38.8,38.85,56.0,92.0,4289.0,207.0,False,False
2882,2022-10-27 09:34:59.204258,0.0,-0.002574002574002643,0.0,-0.10000000000000142,38.75,38.8,38.8,38.85,66.0,92.0,4289.0,207.0,False,False
2882,2022-10-27 09:34:59.313962,0.0,-0.002574002574002643,0.0,-0.10000000000000142,38.75,38.8,38.8,38.85,66.0,92.0,4294.0,207.0,True,True
2882,2022-10-27 09:34:59.340459,0.0,-0.002574002574002643,0.0,-0.10000000000000142,38.75,38.8,38.8,38.85,66.0,92.0,4294.0,207.0,False,False
2882,2022-10-27 09:35:01.245416,0.0,-0.002574002574002643,0.0,-0.10000000000000142,38.75,38.8,38.8,38.85,67.0,92.0,4294.0,207.0,False,False
2882,2022-10-27 09:35:03.076156,0.0,-0.002574002574002643,0.0,-0.10000000000000142,38.75,38.8,38.8,38.85,67.0,90.0,4294.0,207.0,False,False
2882,2022-10-27 09:35:06.065178,0.0,-0.002574002574002643,0.0,-0.10000000000000142,38.75,38.8,38.8,38.85,66.0,90.0,4294.0,207.0,False,False
2882,2022-10-27 09:35:06.779081,0.0,-0.002574002574002643,0.0,-0.10000000000000142,38.75,38.8,38.8,38.85,65.0,90.0,4294.0,207.0,False,False
2882,2022-10-27 09:35:07.658614,0.0,-0.002574002574002643,0.0,-0.10000000000000142,38.75,38.8,38.8,38.85,65.0,91.0,4294.0,207.0,False,False
2882,2022-10-27 09:35:08.006691,0.0,-0.002574002574002643,0.0,-0.10000000000000142,38.75,38.8,38.8,38.85,66.0,91.0,4294.0,207.0,False,False
2882,2022-10-27 09:35:09.493908,0.0,-0.002574002574002643,0.0,-0.10000000000000142,38.75,38.8,38.8,38.85,66.0,91.0,4304.0,191.0,True,True
2882,2022-10-27 09:35:11.791820,0.0,-0.002574002574002643,0.0,-0.10000000000000142,38.75,38.8,38.8,38.85,67.0,91.0,4304.0,191.0,False,False
2882,2022-10-27 09:35:11.848407,0.0,-0.002574002574002643,0.0,-0.10000000000000142,38.75,38.8,38.8,38.85,67.0,91.0,4304.0,191.0,False,False
2882,2022-10-27 09:35:12.549176,0.0,-0.002574002574002643,0.0,-0.10000000000000142,38.75,38.8,38.8,38.85,68.0,91.0,4304.0,191.0,False,False
2882,2022-10-27 09:35:12.634190,0.0,-0.002574002574002643,0.0,-0.10000000000000142,38.75,38.8,38.8,38.85,68.0,91.0,4304.0,191.0,False,False
2882,2022-10-27 09:35:13.021224,0.0,-0.002574002574002643,0.0,-0.10000000000000142,38.75,38.8,38.8,38.85,68.0,91.0,4304.0,191.0,False,False
2882,2022-10-27 09:35:15.682899,0.0,-0.002574002574002643,0.0,-0.10000000000000142,38.75,38.8,38.8,38.85,69.0,91.0,4304.0,191.0,False,False
2882,2022-10-27 09:35:16.895942,0.0,-0.002574002574002643,0.0,-0.10000000000000142,38.75,38.8,38.8,38.85,69.0,91.0,4304.0,191.0,False,False
2882,2022-10-27 09:35:16.897763,0.0,-0.002574002574002643,0.0,-0.10000000000000142,38.75,38.8,38.8,38.85,69.0,93.0,4304.0,191.0,False,False
2882,2022-10-27 09:35:17.217491,0.0,-0.002574002574002643,0.0,-0.10000000000000142,38.75,38.8,38.8,38.85,69.0,94.0,4304.0,191.0,False,False
2882,2022-10-27 09:35:18.671912,0.0,-0.002574002574002643,0.0,-0.10000000000000142,38.75,38.8,38.8,38.85,69.0,94.0,4304.0,191.0,False,False
2882,2022-10-27 09:35:19.498631,0.0,-0.002574002574002643,0.0,-0.10000000000000142,38.75,38.8,38.8,38.85,69.0,94.0,4804.0,191.0,True,True
2882,2022-10-27 09:35:19.930422,0.0,-0.002574002574002643,0.0,-0.10000000000000142,38.75,38.8,38.8,38.85,69.0,93.0,4804.0,191.0,False,False
2882,2022-10-27 09:35:20.042748,0.0,-0.002574002574002643,0.0,-0.10000000000000142,38.75,38.8,38.8,38.85,89.0,93.0,4804.0,191.0,False,False
2882,2022-10-27 09:35:20.393135,0.0,-0.002574002574002643,0.0,-0.10000000000000142,38.75,38.8,38.8,38.85,94.0,93.0,4804.0,191.0,False,False
2882,2022-10-27 09:35:20.573074,0.0,-0.002574002574002643,0.0,-0.10000000000000142,38.75,38.8,38.8,38.85,94.0,95.0,4804.0,191.0,False,False
2882,2022-10-27 09:35:20.641496,0.0,-0.002574002574002643,0.0,-0.10000000000000142,38.75,38.8,38.8,38.85,140.0,95.0,4804.0,191.0,False,False
2882,2022-10-27 09:35:25.059221,0.0,-0.002574002574002643,0.0,-0.10000000000000142,38.75,38.8,38.8,38.85,139.0,94.0,4804.0,191.0,False,False
2882,2022-10-27 09:35:25.617418,0.0,-0.002574002574002643,0.0,-0.10000000000000142,38.75,38.8,38.8,38.85,141.0,94.0,4804.0,191.0,False,False
2882,2022-10-27 09:35:26.455280,0.0,-0.002574002574002643,0.0,-0.10000000000000142,38.75,38.8,38.8,38.85,141.0,93.0,4804.0,191.0,False,False
2882,2022-10-27 09:35:26.547996,0.0,-0.002574002574002643,0.0,-0.10000000000000142,38.75,38.8,38.8,38.85,141.0,92.0,4804.0,191.0,False,False
2882,2022-10-27 09:35:26.628766,0.0,-0.002574002574002643,0.0,-0.10000000000000142,38.75,38.8,38.8,38.85,95.0,92.0,4804.0,191.0,False,False
2882,2022-10-27 09:35:27.633680,0.0,-0.002574002574002643,0.0,-0.10000000000000142,38.75,38.8,38.8,38.85,95.0,92.0,4804.0,191.0,False,False
2882,2022-10-27 09:35:27.963444,0.0,-0.002574002574002643,0.0,-0.10000000000000142,38.75,38.8,38.8,38.85,95.0,93.0,4804.0,191.0,False,False
2882,2022-10-27 09:35:28.014861,0.0,-0.002574002574002643,0.0,-0.10000000000000142,38.75,38.8,38.8,38.85,94.0,92.0,4804.0,191.0,False,False
2882,2022-10-27 09:35:29.514434,0.0,-0.002574002574002643,0.0,-0.10000000000000142,38.75,38.8,38.8,38.85,94.0,92.0,4704.0,171.0,True,True
2882,2022-10-27 09:35:29.514613,0.0,-0.002574002574002643,0.0,-0.10000000000000142,38.75,38.8,38.8,38.85,94.0,92.0,4704.0,171.0,False,False
2882,2022-10-27 09:35:31.771514,0.0,-0.002574002574002643,0.0,-0.10000000000000142,38.75,38.8,38.8,38.85,94.0,92.0,4704.0,171.0,False,False
2882,2022-10-27 09:35:32.252456,0.0,-0.002574002574002643,0.0,-0.10000000000000142,38.75,38.8,38.8,38.85,94.0,92.0,4704.0,171.0,False,False
2882,2022-10-27 09:35:32.479246,0.0,-0.002574002574002643,0.0,-0.10000000000000142,38.75,38.8,38.8,38.85,94.0,91.0,4704.0,171.0,False,False
2882,2022-10-27 09:35:32.593485,0.0,-0.002574002574002643,0.0,-0.10000000000000142,38.75,38.8,38.8,38.85,94.0,91.0,4704.0,171.0,False,False
2882,2022-10-27 09:35:32.665557,0.0,-0.002574002574002643,0.0,-0.10000000000000142,38.75,38.8,38.8,38.85,140.0,91.0,4704.0,171.0,False,False
2882,2022-10-27 09:35:33.587183,0.0,-0.002574002574002643,0.0,-0.10000000000000142,38.75,38.8,38.8,38.85,94.0,91.0,4704.0,171.0,False,False
2882,2022-10-27 09:35:33.621695,0.0,-0.002574002574002643,0.0,-0.10000000000000142,38.75,38.8,38.8,38.85,93.0,91.0,4704.0,171.0,False,False
2882,2022-10-27 09:35:36.444839,0.0,-0.002574002574002643,0.0,-0.10000000000000142,38.75,38.8,38.8,38.85,94.0,91.0,4704.0,171.0,False,False
2882,2022-10-27 09:35:36.612012,0.0,-0.002574002574002643,0.0,-0.10000000000000142,38.75,38.8,38.8,38.85,141.0,91.0,4704.0,171.0,False,False
2882,2022-10-27 09:35:39.537572,0.0,-0.002574002574002643,0.0,-0.10000000000000142,38.75,38.8,38.8,38.85,141.0,91.0,4704.0,324.0,True,True
2882,2022-10-27 09:35:40.932689,0.0,-0.002574002574002643,0.0,-0.10000000000000142,38.75,38.8,38.8,38.85,142.0,91.0,4704.0,324.0,False,False
2882,2022-10-27 09:35:42.936976,0.0,-0.002574002574002643,0.0,-0.10000000000000142,38.75,38.8,38.8,38.85,142.0,91.0,4704.0,324.0,False,False
2882,2022-10-27 09:35:45.240650,0.0,-0.002574002574002643,0.0,-0.10000000000000142,38.75,38.8,38.8,38.85,143.0,91.0,4704.0,324.0,False,False
2882,2022-10-27 09:35:46.528551,0.0,-0.002574002574002643,0.0,-0.10000000000000142,38.75,38.8,38.8,38.85,143.0,93.0,4704.0,324.0,False,False
2882,2022-10-27 09:35:46.561767,0.0,-0.002574002574002643,0.0,-0.10000000000000142,38.75,38.8,38.8,38.85,145.0,93.0,4704.0,324.0,False,False
2882,2022-10-27 09:35:46.574974,0.0,-0.002574002574002643,0.0,-0.10000000000000142,38.75,38.8,38.8,38.85,98.0,93.0,4704.0,324.0,False,False
2882,2022-10-27 09:35:47.618353,0.0,-0.002574002574002643,0.0,-0.10000000000000142,38.75,38.8,38.8,38.85,144.0,93.0,4704.0,324.0,False,False
2882,2022-10-27 09:35:49.564045,0.0,-0.002574002574002643,0.0,-0.10000000000000142,38.75,38.8,38.8,38.85,144.0,93.0,4454.0,321.0,True,True
2882,2022-10-27 09:35:49.564546,0.0,-0.002574002574002643,0.0,-0.10000000000000142,38.75,38.8,38.8,38.85,145.0,93.0,4454.0,321.0,False,False
2882,2022-10-27 09:35:53.023185,0.0,-0.002574002574002643,0.0,-0.10000000000000142,38.75,38.8,38.8,38.85,146.0,93.0,4454.0,321.0,False,False
2882,2022-10-27 09:35:53.812678,0.0,-0.002574002574002643,0.0,-0.10000000000000142,38.75,38.8,38.8,38.85,147.0,93.0,4454.0,321.0,False,False
2882,2022-10-27 09:35:54.812411,0.0,-0.002574002574002643,0.0,-0.10000000000000142,38.75,38.8,38.8,38.85,147.0,93.0,4454.0,321.0,False,False
2882,2022-10-27 09:35:58.001097,0.0,-0.002574002574002643,0.0,-0.10000000000000142,38.75,38.8,38.8,38.85,147.0,96.0,4454.0,321.0,False,False
2882,2022-10-27 09:35:59.598471,0.0,-0.002574002574002643,0.0,-0.10000000000000142,38.75,38.8,38.8,38.85,147.0,96.0,4454.0,421.0,True,True
2882,2022-10-27 09:36:00.023434,0.0,-0.002574002574002643,0.0,-0.10000000000000142,38.75,38.8,38.8,38.85,147.0,96.0,4454.0,421.0,False,False
2882,2022-10-27 09:36:01.573646,0.0,-0.002574002574002643,0.0,-0.10000000000000142,38.75,38.8,38.8,38.85,147.0,98.0,4454.0,421.0,False,False
2882,2022-10-27 09:36:02.317617,0.0,-0.002574002574002643,0.0,-0.10000000000000142,38.75,38.8,38.8,38.85,97.0,98.0,4454.0,421.0,False,False
2882,2022-10-27 09:36:02.349102,0.0,-0.002574002574002643,0.0,-0.10000000000000142,38.75,38.8,38.8,38.85,97.0,98.0,4454.0,421.0,False,False
2882,2022-10-27 09:36:02.358421,0.0,-0.002574002574002643,0.0,-0.10000000000000142,38.75,38.8,38.8,38.85,97.0,121.0,4454.0,421.0,False,False
2882,2022-10-27 09:36:03.522439,0.0,-0.002574002574002643,0.0,-0.10000000000000142,38.75,38.8,38.8,38.85,97.0,121.0,4454.0,421.0,False,False
2882,2022-10-27 09:36:03.904602,0.0,-0.002574002574002643,0.0,-0.10000000000000142,38.75,38.8,38.8,38.85,98.0,121.0,4454.0,421.0,False,False
2882,2022-10-27 09:36:04.564280,0.0,-0.002574002574002643,0.0,-0.10000000000000142,38.75,38.8,38.8,38.85,52.0,121.0,4454.0,421.0,False,False
2882,2022-10-27 09:36:04.638389,0.0,-0.002574002574002643,0.0,-0.10000000000000142,38.75,38.8,38.8,38.85,53.0,121.0,4454.0,421.0,False,False
2882,2022-10-27 09:36:05.394427,0.0,-0.002574002574002643,0.0,-0.10000000000000142,38.75,38.8,38.8,38.85,51.0,121.0,4454.0,421.0,False,False
2882,2022-10-27 09:36:05.762841,0.0,-0.002574002574002643,0.0,-0.10000000000000142,38.75,38.8,38.8,38.85,51.0,121.0,4454.0,421.0,False,False
2882,2022-10-27 09:36:06.476030,0.0,-0.002574002574002643,0.0,-0.10000000000000142,38.75,38.8,38.8,38.85,51.0,121.0,4454.0,421.0,False,False
2882,2022-10-27 09:36:06.598521,0.0,-0.002574002574002643,0.0,-0.10000000000000142,38.75,38.8,38.8,38.85,51.0,121.0,4454.0,421.0,False,False
2882,2022-10-27 09:36:07.024270,0.0,-0.002574002574002643,0.0,-0.10000000000000142,38.75,38.8,38.8,38.85,52.0,121.0,4454.0,421.0,False,False
2882,2022-10-27 09:36:07.408847,0.0,-0.002574002574002643,0.0,-0.10000000000000142,38.75,38.8,38.8,38.85,52.0,121.0,4454.0,421.0,False,False
2882,2022-10-27 09:36:07.701144,0.0,-0.002574002574002643,0.0,-0.10000000000000142,38.75,38.8,38.8,38.85,97.0,121.0,4454.0,421.0,False,False
2882,2022-10-27 09:36:07.734070,0.0,-0.002574002574002643,0.0,-0.10000000000000142,38.75,38.8,38.8,38.85,97.0,121.0,4454.0,421.0,False,False
2882,2022-10-27 09:36:07.850317,0.0,-0.002574002574002643,0.0,-0.10000000000000142,38.75,38.8,38.8,38.85,97.0,98.0,4454.0,421.0,False,False
2882,2022-10-27 09:36:07.913720,0.0,-0.002574002574002643,0.0,-0.10000000000000142,38.75,38.8,38.8,38.85,97.0,98.0,4454.0,421.0,False,False
2882,2022-10-27 09:36:08.358949,0.0,-0.002574002574002643,0.0,-0.10000000000000142,38.75,38.8,38.8,38.85,94.0,98.0,4454.0,421.0,False,False
2882,2022-10-27 09:36:08.442303,0.0,-0.002574002574002643,0.0,-0.10000000000000142,38.75,38.8,38.8,38.85,94.0,98.0,4454.0,421.0,False,False
2882,2022-10-27 09:36:08.870036,0.0,-0.002574002574002643,0.0,-0.10000000000000142,38.75,38.8,38.8,38.85,96.0,98.0,4454.0,421.0,False,False
2882,2022-10-27 09:36:09.622844,0.0,-0.002574002574002643,0.0,-0.10000000000000142,38.75,38.8,38.8,38.85,96.0,98.0,4454.0,426.0,True,True
2882,2022-10-27 09:36:09.783291,0.0,-0.002574002574002643,0.0,-0.10000000000000142,38.75,38.8,38.8,38.85,103.0,98.0,4454.0,426.0,False,False
2882,2022-10-27 09:36:10.164427,0.0,-0.002574002574002643,0.0,-0.10000000000000142,38.75,38.8,38.8,38.85,103.0,98.0,4454.0,426.0,False,False
2882,2022-10-27 09:36:10.592637,0.0,-0.002574002574002643,0.0,-0.10000000000000142,38.75,38.8,38.8,38.85,65.0,98.0,4454.0,426.0,False,False
2882,2022-10-27 09:36:10.646114,0.0,-0.002574002574002643,0.0,-0.10000000000000142,38.75,38.8,38.8,38.85,65.0,98.0,4454.0,426.0,False,False
2882,2022-10-27 09:36:10.656160,0.0,-0.002574002574002643,0.0,-0.10000000000000142,38.75,38.8,38.8,38.85,65.0,121.0,4454.0,426.0,False,False
2882,2022-10-27 09:36:10.719770,0.0,-0.002574002574002643,0.0,-0.10000000000000142,38.75,38.8,38.8,38.85,65.0,121.0,4454.0,426.0,False,False
2882,2022-10-27 09:36:11.549560,0.0,-0.002574002574002643,0.0,-0.10000000000000142,38.75,38.8,38.8,38.85,20.0,121.0,4454.0,426.0,False,False
2882,2022-10-27 09:36:11.627508,0.0,-0.002574002574002643,0.0,-0.10000000000000142,38.75,38.8,38.8,38.85,11.0,121.0,4454.0,426.0,False,False
2882,2022-10-27 09:36:11.658814,0.0,-0.002574002574002643,0.0,-0.10000000000000142,38.75,38.8,38.8,38.85,10.0,121.0,4454.0,426.0,False,False
2882,2022-10-27 09:36:11.649147,0.0,-0.002574002574002643,0.0,-0.10000000000000142,38.75,38.8,38.8,38.85,11.0,121.0,4454.0,426.0,False,False
2882,2022-10-27 09:36:12.839694,0.0,-0.002574002574002643,0.0,-0.10000000000000142,38.75,38.8,38.8,38.85,5.0,121.0,4454.0,426.0,False,False
2882,2022-10-27 09:36:13.059798,0.0,-0.0038610038610038533,0.0,-0.14999999999999858,38.7,38.8,38.8,38.85,213.0,121.0,4454.0,426.0,False,False
2882,2022-10-27 09:36:13.095002,0.0,-0.0038610038610038533,0.0,-0.14999999999999858,38.7,38.8,38.8,38.85,213.0,121.0,4454.0,426.0,False,False
2882,2022-10-27 09:36:13.156138,0.0,-0.0038610038610038533,0.0,-0.14999999999999858,38.7,38.8,38.8,38.85,213.0,218.0,4454.0,426.0,False,False
2882,2022-10-27 09:36:13.259187,0.001290322580645098,-0.0038610038610038533,0.04999999999999716,-0.14999999999999858,38.7,38.75,38.8,38.85,213.0,7.0,4454.0,426.0,False,False
2882,2022-10-27 09:36:13.331772,0.001290322580645098,-0.0038610038610038533,0.04999999999999716,-0.14999999999999858,38.7,38.75,38.8,38.85,213.0,7.0,4454.0,426.0,False,False
2882,2022-10-27 09:36:13.473141,0.001290322580645098,-0.0038610038610038533,0.04999999999999716,-0.14999999999999858,38.7,38.75,38.8,38.85,213.0,7.0,4454.0,426.0,False,False
2882,2022-10-27 09:36:14.026653,0.001290322580645098,-0.0038610038610038533,0.04999999999999716,-0.14999999999999858,38.7,38.75,38.8,38.85,214.0,7.0,4454.0,426.0,False,False
2882,2022-10-27 09:36:14.034084,0.001290322580645098,-0.0038610038610038533,0.04999999999999716,-0.14999999999999858,38.7,38.75,38.8,38.85,214.0,7.0,4454.0,426.0,False,False
2882,2022-10-27 09:36:14.125121,0.001290322580645098,-0.0038610038610038533,0.04999999999999716,-0.14999999999999858,38.7,38.75,38.8,38.85,214.0,33.0,4454.0,426.0,False,False
2882,2022-10-27 09:36:14.436490,0.001290322580645098,-0.0038610038610038533,0.04999999999999716,-0.14999999999999858,38.7,38.75,38.8,38.85,214.0,33.0,4454.0,426.0,False,False
2882,2022-10-27 09:36:15.352150,0.001290322580645098,-0.0038610038610038533,0.04999999999999716,-0.14999999999999858,38.7,38.75,38.8,38.85,214.0,31.0,4454.0,426.0,False,False
2882,2022-10-27 09:36:15.550399,0.001290322580645098,-0.0038610038610038533,0.04999999999999716,-0.14999999999999858,38.7,38.75,38.8,38.85,214.0,31.0,4454.0,426.0,False,False
2882,2022-10-27 09:36:15.642766,0.001290322580645098,-0.0038610038610038533,0.04999999999999716,-0.14999999999999858,38.7,38.75,38.8,38.85,214.0,34.0,4454.0,426.0,False,False
2882,2022-10-27 09:36:15.583900,0.001290322580645098,-0.0038610038610038533,0.04999999999999716,-0.14999999999999858,38.7,38.75,38.8,38.85,214.0,35.0,4454.0,426.0,False,False
2882,2022-10-27 09:36:15.834096,0.001290322580645098,-0.0038610038610038533,0.04999999999999716,-0.14999999999999858,38.7,38.75,38.8,38.85,214.0,34.0,4454.0,426.0,False,False
2882,2022-10-27 09:36:16.258980,0.001290322580645098,-0.0038610038610038533,0.04999999999999716,-0.14999999999999858,38.7,38.75,38.8,38.85,214.0,34.0,4454.0,426.0,False,False
2882,2022-10-27 09:36:16.392761,0.001290322580645098,-0.0038610038610038533,0.04999999999999716,-0.14999999999999858,38.7,38.75,38.8,38.85,214.0,34.0,4454.0,426.0,False,False
2882,2022-10-27 09:36:16.396019,0.001290322580645098,-0.0038610038610038533,0.04999999999999716,-0.14999999999999858,38.7,38.75,38.8,38.85,214.0,34.0,4454.0,426.0,False,False
2882,2022-10-27 09:36:16.491859,0.001290322580645098,-0.0038610038610038533,0.04999999999999716,-0.14999999999999858,38.7,38.75,38.8,38.85,214.0,32.0,4454.0,426.0,False,False
2882,2022-10-27 09:36:18.587192,0.001290322580645098,-0.0038610038610038533,0.04999999999999716,-0.14999999999999858,38.7,38.75,38.8,38.85,214.0,32.0,4454.0,426.0,False,False
2882,2022-10-27 09:36:18.650665,0.001290322580645098,-0.0038610038610038533,0.04999999999999716,-0.14999999999999858,38.7,38.75,38.8,38.85,214.0,32.0,4454.0,426.0,False,False
2882,2022-10-27 09:36:18.654233,0.001290322580645098,-0.0038610038610038533,0.04999999999999716,-0.14999999999999858,38.7,38.75,38.8,38.85,214.0,53.0,4454.0,426.0,False,False
2882,2022-10-27 09:36:19.286183,0.001290322580645098,-0.0038610038610038533,0.04999999999999716,-0.14999999999999858,38.7,38.75,38.8,38.85,214.0,49.0,4454.0,426.0,False,False
2882,2022-10-27 09:36:19.454926,0.001290322580645098,-0.0038610038610038533,0.04999999999999716,-0.14999999999999858,38.7,38.75,38.8,38.85,216.0,49.0,4454.0,426.0,False,False
2882,2022-10-27 09:36:19.653074,0.001290322580645098,-0.0038610038610038533,0.04999999999999716,-0.14999999999999858,38.7,38.75,38.8,38.85,216.0,49.0,4454.0,2701.0,True,True
2882,2022-10-27 09:36:20.589656,0.001290322580645098,-0.0038610038610038533,0.04999999999999716,-0.14999999999999858,38.7,38.75,38.8,38.85,216.0,47.0,4454.0,2701.0,False,False
2882,2022-10-27 09:36:21.448631,0.001290322580645098,-0.0038610038610038533,0.04999999999999716,-0.14999999999999858,38.7,38.75,38.8,38.85,216.0,47.0,4454.0,2701.0,False,False
2882,2022-10-27 09:36:21.504708,0.001290322580645098,-0.0038610038610038533,0.04999999999999716,-0.14999999999999858,38.7,38.75,38.8,38.85,216.0,44.0,4454.0,2701.0,False,False
2882,2022-10-27 09:36:21.640490,0.001290322580645098,-0.0038610038610038533,0.04999999999999716,-0.14999999999999858,38.7,38.75,38.8,38.85,217.0,44.0,4454.0,2701.0,False,False
2882,2022-10-27 09:36:22.808664,0.001290322580645098,-0.0038610038610038533,0.04999999999999716,-0.14999999999999858,38.7,38.75,38.8,38.85,217.0,39.0,4454.0,2701.0,False,False
2882,2022-10-27 09:36:23.916264,0.001290322580645098,-0.0038610038610038533,0.04999999999999716,-0.14999999999999858,38.7,38.75,38.8,38.85,215.0,39.0,4454.0,2701.0,False,False
2882,2022-10-27 09:36:24.883854,0.001290322580645098,-0.0038610038610038533,0.04999999999999716,-0.14999999999999858,38.7,38.75,38.8,38.85,215.0,41.0,4454.0,2701.0,False,False
2882,2022-10-27 09:36:25.713532,0.001290322580645098,-0.0038610038610038533,0.04999999999999716,-0.14999999999999858,38.7,38.75,38.8,38.85,215.0,11.0,4454.0,2701.0,False,False
2882,2022-10-27 09:36:25.748385,0.001290322580645098,-0.0038610038610038533,0.04999999999999716,-0.14999999999999858,38.7,38.75,38.8,38.85,215.0,11.0,4454.0,2701.0,False,False
2882,2022-10-27 09:36:25.774070,0.001290322580645098,-0.0038610038610038533,0.04999999999999716,-0.14999999999999858,38.7,38.75,38.8,38.85,215.0,11.0,4454.0,2701.0,False,False
2882,2022-10-27 09:36:25.850642,0.001290322580645098,-0.0038610038610038533,0.04999999999999716,-0.14999999999999858,38.7,38.75,38.8,38.85,215.0,11.0,4454.0,2701.0,False,False
2882,2022-10-27 09:36:26.123641,0.001290322580645098,-0.0038610038610038533,0.04999999999999716,-0.14999999999999858,38.7,38.75,38.8,38.85,215.0,15.0,4454.0,2701.0,False,False
2882,2022-10-27 09:36:26.303728,0.001290322580645098,-0.0038610038610038533,0.04999999999999716,-0.14999999999999858,38.7,38.75,38.8,38.85,215.0,15.0,4454.0,2701.0,False,False
2882,2022-10-27 09:36:26.401690,0.001290322580645098,-0.0038610038610038533,0.04999999999999716,-0.14999999999999858,38.7,38.75,38.8,38.85,217.0,15.0,4454.0,2701.0,False,False
2882,2022-10-27 09:36:26.501667,0.001290322580645098,-0.0038610038610038533,0.04999999999999716,-0.14999999999999858,38.7,38.75,38.8,38.85,217.0,15.0,4454.0,2701.0,False,False
2882,2022-10-27 09:36:26.571175,0.001290322580645098,-0.0038610038610038533,0.04999999999999716,-0.14999999999999858,38.7,38.75,38.8,38.85,217.0,15.0,4454.0,2701.0,False,False
2882,2022-10-27 09:36:28.134314,0.001290322580645098,-0.0038610038610038533,0.04999999999999716,-0.14999999999999858,38.7,38.75,38.8,38.85,217.0,15.0,4454.0,2701.0,False,False
2882,2022-10-27 09:36:28.454790,0.001290322580645098,-0.0038610038610038533,0.04999999999999716,-0.14999999999999858,38.7,38.75,38.8,38.85,217.0,15.0,4454.0,2701.0,False,False
2882,2022-10-27 09:36:28.951078,0.001290322580645098,-0.0038610038610038533,0.04999999999999716,-0.14999999999999858,38.7,38.75,38.8,38.85,217.0,16.0,4454.0,2701.0,False,False
2882,2022-10-27 09:36:29.466592,0.001290322580645098,-0.0038610038610038533,0.04999999999999716,-0.14999999999999858,38.7,38.75,38.8,38.85,217.0,14.0,4454.0,2701.0,False,False
2882,2022-10-27 09:36:29.684939,0.001290322580645098,-0.0038610038610038533,0.04999999999999716,-0.14999999999999858,38.7,38.75,38.8,38.85,217.0,14.0,4454.0,2806.0,True,True
2882,2022-10-27 09:36:29.842576,0.001290322580645098,-0.0038610038610038533,0.04999999999999716,-0.14999999999999858,38.7,38.75,38.8,38.85,217.0,13.0,4454.0,2806.0,False,False
2882,2022-10-27 09:36:29.901669,0.001290322580645098,-0.0038610038610038533,0.04999999999999716,-0.14999999999999858,38.7,38.75,38.8,38.85,217.0,13.0,4454.0,2806.0,False,False
2882,2022-10-27 09:36:29.974223,0.001290322580645098,-0.0038610038610038533,0.04999999999999716,-0.14999999999999858,38.7,38.75,38.8,38.85,217.0,12.0,4454.0,2806.0,False,False
2882,2022-10-27 09:36:30.007646,0.001290322580645098,-0.0038610038610038533,0.04999999999999716,-0.14999999999999858,38.7,38.75,38.8,38.85,217.0,12.0,4454.0,2806.0,False,False
2882,2022-10-27 09:36:30.126938,0.0,-0.0038610038610038533,0.0,-0.14999999999999858,38.7,38.8,38.8,38.85,217.0,169.0,4454.0,2806.0,False,False
2882,2022-10-27 09:36:30.161941,0.0,-0.0038610038610038533,0.0,-0.14999999999999858,38.7,38.8,38.8,38.85,217.0,169.0,4454.0,2806.0,False,False
2882,2022-10-27 09:36:30.161944,0.0,-0.0038610038610038533,0.0,-0.14999999999999858,38.7,38.8,38.8,38.85,217.0,169.0,4454.0,2806.0,False,False
2882,2022-10-27 09:36:30.585709,0.0,-0.002574002574002643,0.0,-0.10000000000000142,38.75,38.8,38.8,38.85,46.0,169.0,4454.0,2806.0,False,False
2882,2022-10-27 09:36:30.616537,0.0,-0.002574002574002643,0.0,-0.10000000000000142,38.75,38.8,38.8,38.85,46.0,169.0,4454.0,2806.0,False,False
2882,2022-10-27 09:36:30.748877,0.0,-0.002574002574002643,0.0,-0.10000000000000142,38.75,38.8,38.8,38.85,46.0,146.0,4454.0,2806.0,False,False
2882,2022-10-27 09:36:30.945551,0.0,-0.002574002574002643,0.0,-0.10000000000000142,38.75,38.8,38.8,38.85,59.0,146.0,4454.0,2806.0,False,False
2882,2022-10-27 09:36:30.980606,0.0,-0.002574002574002643,0.0,-0.10000000000000142,38.75,38.8,38.8,38.85,58.0,49.0,4454.0,2806.0,False,False
2882,2022-10-27 09:36:30.968324,0.0,-0.002574002574002643,0.0,-0.10000000000000142,38.75,38.8,38.8,38.85,59.0,49.0,4454.0,2806.0,False,False
2882,2022-10-27 09:36:31.039839,0.0,-0.002574002574002643,0.0,-0.10000000000000142,38.75,38.8,38.8,38.85,58.0,41.0,4454.0,2806.0,False,False
2882,2022-10-27 09:36:32.962155,0.0,-0.002574002574002643,0.0,-0.10000000000000142,38.75,38.8,38.8,38.85,58.0,41.0,4454.0,2806.0,False,False
2882,2022-10-27 09:36:34.045041,0.0,-0.002574002574002643,0.0,-0.10000000000000142,38.75,38.8,38.8,38.85,59.0,41.0,4454.0,2806.0,False,False
2882,2022-10-27 09:36:34.343039,0.0,-0.002574002574002643,0.0,-0.10000000000000142,38.75,38.8,38.8,38.85,59.0,41.0,4454.0,2806.0,False,False
2882,2022-10-27 09:36:34.413850,0.0,-0.002574002574002643,0.0,-0.10000000000000142,38.75,38.8,38.8,38.85,61.0,41.0,4454.0,2806.0,False,False
2882,2022-10-27 09:36:34.702117,0.0,-0.002574002574002643,0.0,-0.10000000000000142,38.75,38.8,38.8,38.85,66.0,41.0,4454.0,2806.0,False,False
2882,2022-10-27 09:36:34.720145,0.0,-0.002574002574002643,0.0,-0.10000000000000142,38.75,38.8,38.8,38.85,66.0,41.0,4454.0,2806.0,False,False
2882,2022-10-27 09:36:35.402817,0.0,-0.002574002574002643,0.0,-0.10000000000000142,38.75,38.8,38.8,38.85,66.0,41.0,4454.0,2806.0,False,False
2882,2022-10-27 09:36:35.419444,0.0,-0.002574002574002643,0.0,-0.10000000000000142,38.75,38.8,38.8,38.85,66.0,41.0,4454.0,2806.0,False,False
2882,2022-10-27 09:36:36.983605,0.0,-0.002574002574002643,0.0,-0.10000000000000142,38.75,38.8,38.8,38.85,66.0,40.0,4454.0,2806.0,False,False
2882,2022-10-27 09:36:37.423042,0.0,-0.002574002574002643,0.0,-0.10000000000000142,38.75,38.8,38.8,38.85,66.0,38.0,4454.0,2806.0,False,False
2882,2022-10-27 09:36:37.650979,0.0,-0.002574002574002643,0.0,-0.10000000000000142,38.75,38.8,38.8,38.85,66.0,38.0,4454.0,2806.0,False,False
2882,2022-10-27 09:36:38.382445,0.0,-0.002574002574002643,0.0,-0.10000000000000142,38.75,38.8,38.8,38.85,66.0,38.0,4454.0,2806.0,False,False
2882,2022-10-27 09:36:38.441024,0.0,-0.002574002574002643,0.0,-0.10000000000000142,38.75,38.8,38.8,38.85,63.0,38.0,4454.0,2806.0,False,False
2882,2022-10-27 09:36:39.713916,0.0,-0.002574002574002643,0.0,-0.10000000000000142,38.75,38.8,38.8,38.85,63.0,38.0,4454.0,806.0,True,True
2882,2022-10-27 09:36:40.254497,0.0,-0.002574002574002643,0.0,-0.10000000000000142,38.75,38.8,38.8,38.85,63.0,38.0,4454.0,806.0,False,False
2882,2022-10-27 09:36:40.278034,0.0,-0.002574002574002643,0.0,-0.10000000000000142,38.75,38.8,38.8,38.85,62.0,38.0,4454.0,806.0,False,False
2882,2022-10-27 09:36:40.679244,0.0,-0.002574002574002643,0.0,-0.10000000000000142,38.75,38.8,38.8,38.85,62.0,39.0,4454.0,806.0,False,False
2882,2022-10-27 09:36:40.722467,0.0,-0.002574002574002643,0.0,-0.10000000000000142,38.75,38.8,38.8,38.85,78.0,39.0,4454.0,806.0,False,False
2882,2022-10-27 09:36:43.137932,0.0,-0.002574002574002643,0.0,-0.10000000000000142,38.75,38.8,38.8,38.85,78.0,39.0,4454.0,806.0,False,False
2882,2022-10-27 09:36:44.029192,0.0,-0.002574002574002643,0.0,-0.10000000000000142,38.75,38.8,38.8,38.85,79.0,39.0,4454.0,806.0,False,False
2882,2022-10-27 09:36:45.459536,0.0,-0.002574002574002643,0.0,-0.10000000000000142,38.75,38.8,38.8,38.85,99.0,39.0,4454.0,806.0,False,False
2882,2022-10-27 09:36:45.681246,0.0,-0.002574002574002643,0.0,-0.10000000000000142,38.75,38.8,38.8,38.85,154.0,39.0,4454.0,806.0,False,False
2882,2022-10-27 09:36:46.448927,0.0,-0.002574002574002643,0.0,-0.10000000000000142,38.75,38.8,38.8,38.85,144.0,39.0,4454.0,806.0,False,False
2882,2022-10-27 09:36:47.470372,0.0,-0.002574002574002643,0.0,-0.10000000000000142,38.75,38.8,38.8,38.85,162.0,39.0,4454.0,806.0,False,False
2882,2022-10-27 09:36:48.870744,0.0,-0.002574002574002643,0.0,-0.10000000000000142,38.75,38.8,38.8,38.85,107.0,39.0,4454.0,806.0,False,False
2882,2022-10-27 09:36:49.052675,0.0,-0.002574002574002643,0.0,-0.10000000000000142,38.75,38.8,38.8,38.85,114.0,39.0,4454.0,806.0,False,False
2882,2022-10-27 09:36:49.743954,0.0,-0.002574002574002643,0.0,-0.10000000000000142,38.75,38.8,38.8,38.85,114.0,39.0,4454.0,806.0,True,True
2882,2022-10-27 09:36:55.000393,0.0,-0.002574002574002643,0.0,-0.10000000000000142,38.75,38.8,38.8,38.85,114.0,40.0,4454.0,806.0,False,False
2882,2022-10-27 09:36:56.428463,0.0,-0.002574002574002643,0.0,-0.10000000000000142,38.75,38.8,38.8,38.85,119.0,40.0,4454.0,806.0,False,False
2882,2022-10-27 09:36:56.527152,0.0,-0.002574002574002643,0.0,-0.10000000000000142,38.75,38.8,38.8,38.85,120.0,40.0,4454.0,806.0,False,False
2882,2022-10-27 09:36:56.636552,0.0,-0.002574002574002643,0.0,-0.10000000000000142,38.75,38.8,38.8,38.85,120.0,39.0,4454.0,806.0,False,False
2882,2022-10-27 09:36:56.976910,0.0,-0.002574002574002643,0.0,-0.10000000000000142,38.75,38.8,38.8,38.85,120.0,39.0,4454.0,806.0,False,False
2882,2022-10-27 09:36:57.236085,0.0,-0.002574002574002643,0.0,-0.10000000000000142,38.75,38.8,38.8,38.85,120.0,39.0,4454.0,806.0,False,False
2882,2022-10-27 09:36:59.781307,0.0,-0.002574002574002643,0.0,-0.10000000000000142,38.75,38.8,38.8,38.85,120.0,39.0,4454.0,806.0,True,True
2882,2022-10-27 09:37:00.771973,0.0,-0.002574002574002643,0.0,-0.10000000000000142,38.75,38.8,38.8,38.85,120.0,33.0,4454.0,806.0,False,False
2882,2022-10-27 09:37:03.037001,0.0,-0.002574002574002643,0.0,-0.10000000000000142,38.75,38.8,38.8,38.85,120.0,33.0,4454.0,806.0,False,False
2882,2022-10-27 09:37:03.410049,0.0,-0.002574002574002643,0.0,-0.10000000000000142,38.75,38.8,38.8,38.85,120.0,33.0,4454.0,806.0,False,False
2882,2022-10-27 09:37:03.433583,0.0,-0.002574002574002643,0.0,-0.10000000000000142,38.75,38.8,38.8,38.85,120.0,33.0,4454.0,806.0,False,False
2882,2022-10-27 09:37:03.924371,0.0,-0.002574002574002643,0.0,-0.10000000000000142,38.75,38.8,38.8,38.85,120.0,33.0,4454.0,806.0,False,False
2882,2022-10-27 09:37:04.072388,0.0,-0.002574002574002643,0.0,-0.10000000000000142,38.75,38.8,38.8,38.85,121.0,33.0,4454.0,806.0,False,False
2882,2022-10-27 09:37:04.978697,0.0,-0.002574002574002643,0.0,-0.10000000000000142,38.75,38.8,38.8,38.85,121.0,33.0,4454.0,806.0,False,False
2882,2022-10-27 09:37:05.119102,0.0,-0.002574002574002643,0.0,-0.10000000000000142,38.75,38.8,38.8,38.85,121.0,35.0,4454.0,806.0,False,False
2882,2022-10-27 09:37:06.356714,0.0,-0.002574002574002643,0.0,-0.10000000000000142,38.75,38.8,38.8,38.85,105.0,35.0,4454.0,806.0,False,False
2882,2022-10-27 09:37:08.827737,0.0,-0.002574002574002643,0.0,-0.10000000000000142,38.75,38.8,38.8,38.85,105.0,34.0,4454.0,806.0,False,False
2882,2022-10-27 09:37:09.010289,0.0,-0.002574002574002643,0.0,-0.10000000000000142,38.75,38.8,38.8,38.85,105.0,34.0,4454.0,806.0,False,True
2882,2022-10-27 09:37:09.230077,0.0,-0.002574002574002643,0.0,-0.10000000000000142,38.75,38.8,38.8,38.85,105.0,35.0,4454.0,806.0,False,False
2882,2022-10-27 09:37:11.335279,0.0,-0.002574002574002643,0.0,-0.10000000000000142,38.75,38.8,38.8,38.85,100.0,35.0,4454.0,806.0,False,False
2882,2022-10-27 09:37:11.884071,0.0,-0.002574002574002643,0.0,-0.10000000000000142,38.75,38.8,38.8,38.85,100.0,37.0,4454.0,806.0,False,False
2882,2022-10-27 09:37:12.930740,0.0,-0.002574002574002643,0.0,-0.10000000000000142,38.75,38.8,38.8,38.85,100.0,37.0,4454.0,806.0,False,False
2882,2022-10-27 09:37:13.795076,0.0,-0.002574002574002643,0.0,-0.10000000000000142,38.75,38.8,38.8,38.85,100.0,35.0,4454.0,806.0,False,False
2882,2022-10-27 09:37:15.047895,0.0,-0.002574002574002643,0.0,-0.10000000000000142,38.75,38.8,38.8,38.85,102.0,35.0,4454.0,806.0,False,False
2882,2022-10-27 09:37:16.596766,0.0,-0.002574002574002643,0.0,-0.10000000000000142,38.75,38.8,38.8,38.85,118.0,35.0,4454.0,806.0,False,False
2882,2022-10-27 09:37:17.774423,0.0,-0.002574002574002643,0.0,-0.10000000000000142,38.75,38.8,38.8,38.85,118.0,36.0,4454.0,806.0,False,False
2882,2022-10-27 09:37:17.892319,0.0,-0.002574002574002643,0.0,-0.10000000000000142,38.75,38.8,38.8,38.85,118.0,38.0,4454.0,806.0,False,False
2882,2022-10-27 09:37:18.967557,0.0,-0.002574002574002643,0.0,-0.10000000000000142,38.75,38.8,38.8,38.85,118.0,38.0,4454.0,806.0,False,False
2882,2022-10-27 09:37:19.042129,0.0,-0.002574002574002643,0.0,-0.10000000000000142,38.75,38.8,38.8,38.85,118.0,38.0,4454.0,796.0,True,True
2882,2022-10-27 09:37:20.206395,0.0,-0.002574002574002643,0.0,-0.10000000000000142,38.75,38.8,38.8,38.85,118.0,37.0,4454.0,796.0,False,False
2882,2022-10-27 09:37:25.191164,0.0,-0.002574002574002643,0.0,-0.10000000000000142,38.75,38.8,38.8,38.85,118.0,36.0,4454.0,796.0,False,False
2882,2022-10-27 09:37:26.662246,0.0,-0.002574002574002643,0.0,-0.10000000000000142,38.75,38.8,38.8,38.85,118.0,38.0,4454.0,796.0,False,False
2882,2022-10-27 09:37:27.047085,0.0,-0.002574002574002643,0.0,-0.10000000000000142,38.75,38.8,38.8,38.85,118.0,37.0,4454.0,796.0,False,False
2882,2022-10-27 09:37:27.585732,0.0,-0.002574002574002643,0.0,-0.10000000000000142,38.75,38.8,38.8,38.85,118.0,37.0,4454.0,796.0,False,False
2882,2022-10-27 09:37:28.807487,0.0,-0.002574002574002643,0.0,-0.10000000000000142,38.75,38.8,38.8,38.85,118.0,34.0,4454.0,796.0,False,False
2882,2022-10-27 09:37:28.809324,0.0,-0.002574002574002643,0.0,-0.10000000000000142,38.75,38.8,38.8,38.85,118.0,34.0,4454.0,796.0,False,False
2882,2022-10-27 09:37:28.857694,0.0,-0.002574002574002643,0.0,-0.10000000000000142,38.75,38.8,38.8,38.85,114.0,34.0,4454.0,796.0,False,False
2882,2022-10-27 09:37:30.048090,0.0,-0.002574002574002643,0.0,-0.10000000000000142,38.75,38.8,38.8,38.85,114.0,33.0,4454.0,796.0,False,False
2882,2022-10-27 09:37:30.076537,0.0,-0.002574002574002643,0.0,-0.10000000000000142,38.75,38.8,38.8,38.85,144.0,33.0,4454.0,796.0,False,False
2882,2022-10-27 09:37:30.637644,0.0,-0.002574002574002643,0.0,-0.10000000000000142,38.75,38.8,38.8,38.85,144.0,29.0,4454.0,796.0,False,False
2882,2022-10-27 09:37:31.510924,0.0,-0.002574002574002643,0.0,-0.10000000000000142,38.75,38.8,38.8,38.85,146.0,29.0,4454.0,796.0,False,False
2882,2022-10-27 09:37:32.035796,0.0,-0.002574002574002643,0.0,-0.10000000000000142,38.75,38.8,38.8,38.85,146.0,29.0,4454.0,796.0,False,False
2882,2022-10-27 09:37:32.655467,0.0,-0.002574002574002643,0.0,-0.10000000000000142,38.75,38.8,38.8,38.85,146.0,31.0,4454.0,796.0,False,False
2882,2022-10-27 09:37:32.735388,0.0,-0.002574002574002643,0.0,-0.10000000000000142,38.75,38.8,38.8,38.85,146.0,21.0,4454.0,796.0,False,False
2882,2022-10-27 09:37:32.756948,0.0,-0.002574002574002643,0.0,-0.10000000000000142,38.75,38.8,38.8,38.85,146.0,21.0,4454.0,796.0,False,False
2882,2022-10-27 09:37:32.811927,0.0,-0.002574002574002643,0.0,-0.10000000000000142,38.75,38.8,38.8,38.85,146.0,21.0,4454.0,796.0,False,False
2882,2022-10-27 09:37:32.901257,0.0,-0.002574002574002643,0.0,-0.10000000000000142,38.75,38.8,38.8,38.85,147.0,21.0,4454.0,796.0,False,False
2882,2022-10-27 09:37:33.291777,0.0,-0.002574002574002643,0.0,-0.10000000000000142,38.75,38.8,38.8,38.85,152.0,21.0,4454.0,796.0,False,False
2882,2022-10-27 09:37:33.447427,0.0,-0.002574002574002643,0.0,-0.10000000000000142,38.75,38.8,38.8,38.85,152.0,20.0,4454.0,796.0,False,False
2882,2022-10-27 09:37:33.945536,0.0,-0.002574002574002643,0.0,-0.10000000000000142,38.75,38.8,38.8,38.85,152.0,20.0,4454.0,796.0,False,False
2882,2022-10-27 09:37:34.601103,0.0,-0.002574002574002643,0.0,-0.10000000000000142,38.75,38.8,38.8,38.85,152.0,20.0,4454.0,796.0,False,False
2882,2022-10-27 09:37:35.083120,0.0,-0.002574002574002643,0.0,-0.10000000000000142,38.75,38.8,38.8,38.85,122.0,20.0,4454.0,796.0,False,False
2882,2022-10-27 09:37:35.305004,0.0,-0.002574002574002643,0.0,-0.10000000000000142,38.75,38.8,38.8,38.85,123.0,20.0,4454.0,796.0,False,False
2882,2022-10-27 09:37:36.067577,0.0,-0.002574002574002643,0.0,-0.10000000000000142,38.75,38.8,38.8,38.85,121.0,18.0,4454.0,796.0,False,False
2882,2022-10-27 09:37:36.188274,0.0,-0.002574002574002643,0.0,-0.10000000000000142,38.75,38.8,38.8,38.85,121.0,18.0,4454.0,796.0,False,False
2882,2022-10-27 09:37:36.519898,0.0,-0.002574002574002643,0.0,-0.10000000000000142,38.75,38.8,38.8,38.85,103.0,18.0,4454.0,796.0,False,False
2882,2022-10-27 09:37:36.525467,0.0,-0.002574002574002643,0.0,-0.10000000000000142,38.75,38.8,38.8,38.85,78.0,18.0,4454.0,796.0,False,False
2882,2022-10-27 09:37:36.740028,0.0,-0.002574002574002643,0.0,-0.10000000000000142,38.75,38.8,38.8,38.85,78.0,18.0,4454.0,796.0,False,False
2882,2022-10-27 09:37:37.214367,0.0,-0.002574002574002643,0.0,-0.10000000000000142,38.75,38.8,38.8,38.85,78.0,13.0,4454.0,796.0,False,False
2882,2022-10-27 09:37:37.433385,0.0,-0.002574002574002643,0.0,-0.10000000000000142,38.75,38.8,38.8,38.85,79.0,13.0,4454.0,796.0,False,False
2882,2022-10-27 09:37:37.576126,0.0,-0.002574002574002643,0.0,-0.10000000000000142,38.75,38.8,38.8,38.85,79.0,12.0,4454.0,796.0,False,False
2882,2022-10-27 09:37:38.049466,0.0,-0.002574002574002643,0.0,-0.10000000000000142,38.75,38.8,38.8,38.85,80.0,12.0,4454.0,796.0,False,False
2882,2022-10-27 09:37:38.491604,0.0,-0.002574002574002643,0.0,-0.10000000000000142,38.75,38.8,38.8,38.85,81.0,12.0,4454.0,796.0,False,False
2882,2022-10-27 09:37:39.097839,0.0,-0.002574002574002643,0.0,-0.10000000000000142,38.75,38.8,38.8,38.85,81.0,12.0,4454.0,796.0,True,True
2882,2022-10-27 09:37:39.477460,0.0,-0.002574002574002643,0.0,-0.10000000000000142,38.75,38.8,38.8,38.85,81.0,12.0,4454.0,796.0,False,False
2882,2022-10-27 09:37:39.519810,0.0,-0.002574002574002643,0.0,-0.10000000000000142,38.75,38.8,38.8,38.85,81.0,12.0,4454.0,796.0,False,False
2882,2022-10-27 09:37:40.659433,0.0,-0.002574002574002643,0.0,-0.10000000000000142,38.75,38.8,38.8,38.85,81.0,12.0,4454.0,796.0,False,False
2882,2022-10-27 09:37:42.467618,0.0,-0.002574002574002643,0.0,-0.10000000000000142,38.75,38.8,38.8,38.85,81.0,12.0,4454.0,796.0,False,False
2882,2022-10-27 09:37:43.883559,0.0,-0.002574002574002643,0.0,-0.10000000000000142,38.75,38.8,38.8,38.85,81.0,12.0,4454.0,796.0,False,False
2882,2022-10-27 09:37:44.215804,0.0,-0.002574002574002643,0.0,-0.10000000000000142,38.75,38.8,38.8,38.85,81.0,11.0,4454.0,796.0,False,False
2882,2022-10-27 09:37:44.606787,0.0,-0.002574002574002643,0.0,-0.10000000000000142,38.75,38.8,38.8,38.85,65.0,11.0,4454.0,796.0,False,False
2882,2022-10-27 09:37:46.281386,0.0,-0.002574002574002643,0.0,-0.10000000000000142,38.75,38.8,38.8,38.85,64.0,11.0,4454.0,796.0,False,False
2882,2022-10-27 09:37:47.310500,0.0,-0.002574002574002643,0.0,-0.10000000000000142,38.75,38.8,38.8,38.85,64.0,13.0,4454.0,796.0,False,False
2882,2022-10-27 09:37:49.126377,0.0,-0.002574002574002643,0.0,-0.10000000000000142,38.75,38.8,38.8,38.85,64.0,13.0,4454.0,796.0,True,True
2882,2022-10-27 09:37:50.578460,0.0,-0.002574002574002643,0.0,-0.10000000000000142,38.75,38.8,38.8,38.85,64.0,13.0,4454.0,796.0,False,False
2882,2022-10-27 09:37:51.970890,0.0,-0.002574002574002643,0.0,-0.10000000000000142,38.75,38.8,38.8,38.85,64.0,14.0,4454.0,796.0,False,False
2882,2022-10-27 09:37:54.561194,0.0,-0.002574002574002643,0.0,-0.10000000000000142,38.75,38.8,38.8,38.85,64.0,13.0,4454.0,796.0,False,False
2882,2022-10-27 09:37:55.454317,0.0,-0.002574002574002643,0.0,-0.10000000000000142,38.75,38.8,38.8,38.85,65.0,13.0,4454.0,796.0,False,False
2882,2022-10-27 09:37:57.340770,0.0,-0.002574002574002643,0.0,-0.10000000000000142,38.75,38.8,38.8,38.85,66.0,13.0,4454.0,796.0,False,False
2882,2022-10-27 09:37:58.534475,0.0,-0.002574002574002643,0.0,-0.10000000000000142,38.75,38.8,38.8,38.85,66.0,13.0,4454.0,796.0,False,False
2882,2022-10-27 09:37:59.153470,0.0,-0.002574002574002643,0.0,-0.10000000000000142,38.75,38.8,38.8,38.85,66.0,13.0,4454.0,896.0,True,True
2882,2022-10-27 09:38:01.058729,0.0,-0.002574002574002643,0.0,-0.10000000000000142,38.75,38.8,38.8,38.85,66.0,13.0,4454.0,896.0,False,False
2882,2022-10-27 09:38:01.418681,0.0,-0.002574002574002643,0.0,-0.10000000000000142,38.75,38.8,38.8,38.85,66.0,13.0,4454.0,896.0,False,False
2882,2022-10-27 09:38:01.475379,0.0,-0.002574002574002643,0.0,-0.10000000000000142,38.75,38.8,38.8,38.85,67.0,13.0,4454.0,896.0,False,False
2882,2022-10-27 09:38:02.023484,0.0,-0.002574002574002643,0.0,-0.10000000000000142,38.75,38.8,38.8,38.85,68.0,13.0,4454.0,896.0,False,False
2882,2022-10-27 09:38:05.544206,0.0,-0.002574002574002643,0.0,-0.10000000000000142,38.75,38.8,38.8,38.85,68.0,13.0,4454.0,896.0,False,False
2882,2022-10-27 09:38:08.543703,0.0,-0.002574002574002643,0.0,-0.10000000000000142,38.75,38.8,38.8,38.85,69.0,13.0,4454.0,896.0,False,False
2882,2022-10-27 09:38:08.547318,0.0,-0.002574002574002643,0.0,-0.10000000000000142,38.75,38.8,38.8,38.85,69.0,13.0,4454.0,896.0,False,False
2882,2022-10-27 09:38:09.169914,0.0,-0.002574002574002643,0.0,-0.10000000000000142,38.75,38.8,38.8,38.85,69.0,15.0,4454.0,896.0,False,False
2882,2022-10-27 09:38:10.414253,0.0,-0.002574002574002643,0.0,-0.10000000000000142,38.75,38.8,38.8,38.85,69.0,12.0,4454.0,896.0,False,False
2882,2022-10-27 09:38:11.091846,0.0,-0.002574002574002643,0.0,-0.10000000000000142,38.75,38.8,38.8,38.85,69.0,12.0,4454.0,896.0,False,False
2882,2022-10-27 09:38:11.596444,0.0,-0.002574002574002643,0.0,-0.10000000000000142,38.75,38.8,38.8,38.85,69.0,13.0,4454.0,896.0,False,False
2882,2022-10-27 09:38:14.259626,0.0,-0.002574002574002643,0.0,-0.10000000000000142,38.75,38.8,38.8,38.85,69.0,8.0,4454.0,896.0,False,False
2882,2022-10-27 09:38:17.009204,0.0,-0.002574002574002643,0.0,-0.10000000000000142,38.75,38.8,38.8,38.85,69.0,6.0,4454.0,896.0,False,False
2882,2022-10-27 09:38:17.609459,0.0,-0.002574002574002643,0.0,-0.10000000000000142,38.75,38.8,38.8,38.85,69.0,6.0,4454.0,896.0,False,False
2882,2022-10-27 09:38:17.752832,0.0,-0.002574002574002643,0.0,-0.10000000000000142,38.75,38.8,38.8,38.85,69.0,5.0,4454.0,896.0,False,False
2882,2022-10-27 09:38:18.108190,0.0,-0.002574002574002643,0.0,-0.10000000000000142,38.75,38.8,38.8,38.85,69.0,5.0,4454.0,896.0,False,False
2882,2022-10-27 09:38:19.074245,-0.0012870012870014325,-0.002574002574002643,-0.05000000000000426,-0.10000000000000142,38.75,38.85,38.8,38.85,69.0,154.0,4454.0,896.0,False,False
2882,2022-10-27 09:38:19.108846,-0.0012870012870014325,-0.002574002574002643,-0.05000000000000426,-0.10000000000000142,38.75,38.85,38.8,38.85,69.0,154.0,4454.0,896.0,False,False
2882,2022-10-27 09:38:19.113526,-0.0012870012870014325,-0.002574002574002643,-0.05000000000000426,-0.10000000000000142,38.75,38.85,38.8,38.85,69.0,155.0,4454.0,896.0,False,False
2882,2022-10-27 09:38:19.216768,-0.0012870012870014325,-0.002574002574002643,-0.05000000000000426,-0.10000000000000142,38.75,38.85,38.8,38.85,69.0,155.0,4454.0,621.0,True,True
2882,2022-10-27 09:38:19.350303,-0.0012870012870014325,-0.002574002574002643,-0.05000000000000426,-0.10000000000000142,38.75,38.85,38.8,38.85,69.0,155.0,4454.0,621.0,False,False
2882,2022-10-27 09:38:20.540799,-0.0012870012870014325,-0.0012870012870014325,-0.05000000000000426,-0.05000000000000426,38.8,38.85,38.8,38.85,43.0,155.0,4454.0,621.0,False,False
2882,2022-10-27 09:38:20.583160,-0.0012870012870014325,-0.0012870012870014325,-0.05000000000000426,-0.05000000000000426,38.8,38.85,38.8,38.85,43.0,155.0,4454.0,621.0,False,False
2882,2022-10-27 09:38:20.614698,-0.0012870012870014325,-0.0012870012870014325,-0.05000000000000426,-0.05000000000000426,38.8,38.85,38.8,38.85,38.0,155.0,4454.0,621.0,False,False
2882,2022-10-27 09:38:20.683716,-0.0012870012870014325,-0.0012870012870014325,-0.05000000000000426,-0.05000000000000426,38.8,38.85,38.8,38.85,39.0,155.0,4454.0,621.0,False,False
2882,2022-10-27 09:38:20.732618,-0.0012870012870014325,-0.0012870012870014325,-0.05000000000000426,-0.05000000000000426,38.8,38.85,38.8,38.85,39.0,173.0,4454.0,621.0,False,False
2882,2022-10-27 09:38:21.144573,-0.0012870012870014325,-0.0012870012870014325,-0.05000000000000426,-0.05000000000000426,38.8,38.85,38.8,38.85,40.0,173.0,4454.0,621.0,False,False
2882,2022-10-27 09:38:21.796229,-0.0012870012870014325,-0.0012870012870014325,-0.05000000000000426,-0.05000000000000426,38.8,38.85,38.8,38.85,60.0,173.0,4454.0,621.0,False,False
2882,2022-10-27 09:38:21.796909,-0.0012870012870014325,-0.0012870012870014325,-0.05000000000000426,-0.05000000000000426,38.8,38.85,38.8,38.85,60.0,173.0,4454.0,621.0,False,False
2882,2022-10-27 09:38:22.044123,-0.0012870012870014325,-0.0012870012870014325,-0.05000000000000426,-0.05000000000000426,38.8,38.85,38.8,38.85,60.0,173.0,4454.0,621.0,False,False
2882,2022-10-27 09:38:23.481794,-0.0012870012870014325,-0.0012870012870014325,-0.05000000000000426,-0.05000000000000426,38.8,38.85,38.8,38.85,62.0,173.0,4454.0,621.0,False,False
2882,2022-10-27 09:38:24.658932,-0.0012870012870014325,-0.0012870012870014325,-0.05000000000000426,-0.05000000000000426,38.8,38.85,38.8,38.85,78.0,173.0,4454.0,621.0,False,False
2882,2022-10-27 09:38:24.876661,-0.0012870012870014325,-0.0012870012870014325,-0.05000000000000426,-0.05000000000000426,38.8,38.85,38.8,38.85,78.0,173.0,4454.0,621.0,False,False
2882,2022-10-27 09:38:26.202582,-0.0012870012870014325,-0.0012870012870014325,-0.05000000000000426,-0.05000000000000426,38.8,38.85,38.8,38.85,80.0,173.0,4454.0,621.0,False,False
2882,2022-10-27 09:38:26.460174,-0.0012870012870014325,-0.0012870012870014325,-0.05000000000000426,-0.05000000000000426,38.8,38.85,38.8,38.85,80.0,173.0,4454.0,621.0,False,False
2882,2022-10-27 09:38:27.868957,-0.0012870012870014325,-0.0012870012870014325,-0.05000000000000426,-0.05000000000000426,38.8,38.85,38.8,38.85,80.0,173.0,4454.0,621.0,False,False
2882,2022-10-27 09:38:28.244380,-0.0012870012870014325,-0.0012870012870014325,-0.05000000000000426,-0.05000000000000426,38.8,38.85,38.8,38.85,79.0,173.0,4454.0,621.0,False,False
2882,2022-10-27 09:38:28.688166,-0.0012870012870014325,-0.0012870012870014325,-0.05000000000000426,-0.05000000000000426,38.8,38.85,38.8,38.85,83.0,173.0,4454.0,621.0,False,False
2882,2022-10-27 09:38:28.798973,-0.0012870012870014325,-0.0012870012870014325,-0.05000000000000426,-0.05000000000000426,38.8,38.85,38.8,38.85,83.0,172.0,4454.0,621.0,False,False
2882,2022-10-27 09:38:29.245855,-0.0012870012870014325,-0.0012870012870014325,-0.05000000000000426,-0.05000000000000426,38.8,38.85,38.8,38.85,83.0,172.0,4454.0,621.0,True,True
2882,2022-10-27 09:38:29.673719,-0.0012870012870014325,-0.0012870012870014325,-0.05000000000000426,-0.05000000000000426,38.8,38.85,38.8,38.85,83.0,172.0,4454.0,621.0,False,False
2882,2022-10-27 09:38:30.053007,-0.0012870012870014325,-0.0012870012870014325,-0.05000000000000426,-0.05000000000000426,38.8,38.85,38.8,38.85,83.0,172.0,4454.0,621.0,False,False
2882,2022-10-27 09:38:30.874629,-0.0012870012870014325,-0.0012870012870014325,-0.05000000000000426,-0.05000000000000426,38.8,38.85,38.8,38.85,83.0,172.0,4454.0,621.0,False,False
2882,2022-10-27 09:38:35.397431,-0.0012870012870014325,-0.0012870012870014325,-0.05000000000000426,-0.05000000000000426,38.8,38.85,38.8,38.85,84.0,172.0,4454.0,621.0,False,False
2882,2022-10-27 09:38:36.483134,-0.0012870012870014325,-0.0012870012870014325,-0.05000000000000426,-0.05000000000000426,38.8,38.85,38.8,38.85,84.0,172.0,4454.0,621.0,False,False
2882,2022-10-27 09:38:37.215076,-0.0012870012870014325,-0.0012870012870014325,-0.05000000000000426,-0.05000000000000426,38.8,38.85,38.8,38.85,84.0,172.0,4454.0,621.0,False,False
2882,2022-10-27 09:38:38.299787,-0.0012870012870014325,-0.0012870012870014325,-0.05000000000000426,-0.05000000000000426,38.8,38.85,38.8,38.85,84.0,172.0,4454.0,621.0,False,False
2882,2022-10-27 09:38:39.249656,-0.0012870012870014325,-0.0012870012870014325,-0.05000000000000426,-0.05000000000000426,38.8,38.85,38.8,38.85,84.0,172.0,4454.0,621.0,False,False
2882,2022-10-27 09:38:39.275955,-0.0012870012870014325,-0.0012870012870014325,-0.05000000000000426,-0.05000000000000426,38.8,38.85,38.8,38.85,84.0,172.0,4454.0,521.0,True,True
2882,2022-10-27 09:38:39.545804,-0.0012870012870014325,-0.0012870012870014325,-0.05000000000000426,-0.05000000000000426,38.8,38.85,38.8,38.85,83.0,172.0,4454.0,521.0,False,False
2882,2022-10-27 09:38:39.806364,-0.0012870012870014325,-0.0012870012870014325,-0.05000000000000426,-0.05000000000000426,38.8,38.85,38.8,38.85,83.0,172.0,4454.0,521.0,False,False
2882,2022-10-27 09:38:40.240988,-0.0012870012870014325,-0.0012870012870014325,-0.05000000000000426,-0.05000000000000426,38.8,38.85,38.8,38.85,82.0,172.0,4454.0,521.0,False,False
2882,2022-10-27 09:38:40.378528,-0.0012870012870014325,-0.0012870012870014325,-0.05000000000000426,-0.05000000000000426,38.8,38.85,38.8,38.85,83.0,172.0,4454.0,521.0,False,False
2882,2022-10-27 09:38:40.454942,-0.0012870012870014325,-0.0012870012870014325,-0.05000000000000426,-0.05000000000000426,38.8,38.85,38.8,38.85,83.0,172.0,4454.0,521.0,False,False
2882,2022-10-27 09:38:42.614600,-0.0012870012870014325,-0.0012870012870014325,-0.05000000000000426,-0.05000000000000426,38.8,38.85,38.8,38.85,83.0,170.0,4454.0,521.0,False,False
2882,2022-10-27 09:38:42.788964,-0.0012870012870014325,-0.0012870012870014325,-0.05000000000000426,-0.05000000000000426,38.8,38.85,38.8,38.85,83.0,170.0,4454.0,521.0,False,False
2882,2022-10-27 09:38:43.043665,-0.0012870012870014325,-0.0012870012870014325,-0.05000000000000426,-0.05000000000000426,38.8,38.85,38.8,38.85,83.0,170.0,4454.0,521.0,False,False
2882,2022-10-27 09:38:43.122484,-0.0012870012870014325,-0.0012870012870014325,-0.05000000000000426,-0.05000000000000426,38.8,38.85,38.8,38.85,83.0,147.0,4454.0,521.0,False,False
2882,2022-10-27 09:38:44.208656,-0.0012870012870014325,-0.0012870012870014325,-0.05000000000000426,-0.05000000000000426,38.8,38.85,38.8,38.85,83.0,147.0,4454.0,521.0,False,False
2882,2022-10-27 09:38:45.286366,-0.0012870012870014325,-0.0012870012870014325,-0.05000000000000426,-0.05000000000000426,38.8,38.85,38.8,38.85,86.0,147.0,4454.0,521.0,False,False
2882,2022-10-27 09:38:45.812045,-0.0012870012870014325,-0.0012870012870014325,-0.05000000000000426,-0.05000000000000426,38.8,38.85,38.8,38.85,86.0,147.0,4454.0,521.0,False,False
2882,2022-10-27 09:38:45.931118,-0.0012870012870014325,-0.0012870012870014325,-0.05000000000000426,-0.05000000000000426,38.8,38.85,38.8,38.85,86.0,147.0,4454.0,521.0,False,False
2882,2022-10-27 09:38:46.420428,-0.0012870012870014325,-0.0012870012870014325,-0.05000000000000426,-0.05000000000000426,38.8,38.85,38.8,38.85,102.0,147.0,4454.0,521.0,False,False
2882,2022-10-27 09:38:46.521673,-0.0012870012870014325,-0.0012870012870014325,-0.05000000000000426,-0.05000000000000426,38.8,38.85,38.8,38.85,102.0,147.0,4454.0,521.0,False,False
2882,2022-10-27 09:38:46.770278,-0.0012870012870014325,-0.0012870012870014325,-0.05000000000000426,-0.05000000000000426,38.8,38.85,38.8,38.85,105.0,147.0,4454.0,521.0,False,False
2882,2022-10-27 09:38:47.137714,-0.0012870012870014325,-0.0012870012870014325,-0.05000000000000426,-0.05000000000000426,38.8,38.85,38.8,38.85,105.0,147.0,4454.0,521.0,False,False
2882,2022-10-27 09:38:47.352821,-0.0012870012870014325,-0.0012870012870014325,-0.05000000000000426,-0.05000000000000426,38.8,38.85,38.8,38.85,105.0,147.0,4454.0,521.0,False,False
2882,2022-10-27 09:38:49.193423,-0.0012870012870014325,-0.0012870012870014325,-0.05000000000000426,-0.05000000000000426,38.8,38.85,38.8,38.85,105.0,149.0,4454.0,521.0,False,False
2882,2022-10-27 09:38:49.311203,-0.0012870012870014325,-0.0012870012870014325,-0.05000000000000426,-0.05000000000000426,38.8,38.85,38.8,38.85,105.0,149.0,4554.0,393.0,True,True
2882,2022-10-27 09:38:50.302912,-0.0012870012870014325,-0.0012870012870014325,-0.05000000000000426,-0.05000000000000426,38.8,38.85,38.8,38.85,89.0,149.0,4554.0,393.0,False,False
2882,2022-10-27 09:38:50.514794,-0.0012870012870014325,-0.0012870012870014325,-0.05000000000000426,-0.05000000000000426,38.8,38.85,38.8,38.85,105.0,149.0,4554.0,393.0,False,False
2882,2022-10-27 09:38:51.576303,-0.0012870012870014325,-0.0012870012870014325,-0.05000000000000426,-0.05000000000000426,38.8,38.85,38.8,38.85,104.0,149.0,4554.0,393.0,False,False
2882,2022-10-27 09:38:55.723652,-0.0012870012870014325,-0.0012870012870014325,-0.05000000000000426,-0.05000000000000426,38.8,38.85,38.8,38.85,102.0,149.0,4554.0,393.0,False,False
2882,2022-10-27 09:38:59.343424,-0.0012870012870014325,-0.0012870012870014325,-0.05000000000000426,-0.05000000000000426,38.8,38.85,38.8,38.85,102.0,149.0,4554.0,613.0,True,True
2882,2022-10-27 09:39:00.914575,-0.0012870012870014325,-0.0012870012870014325,-0.05000000000000426,-0.05000000000000426,38.8,38.85,38.8,38.85,102.0,149.0,4554.0,613.0,False,False
2882,2022-10-27 09:39:01.074071,-0.0012870012870014325,-0.0012870012870014325,-0.05000000000000426,-0.05000000000000426,38.8,38.85,38.8,38.85,102.0,149.0,4554.0,613.0,False,False
2882,2022-10-27 09:39:01.198375,-0.0012870012870014325,-0.0012870012870014325,-0.05000000000000426,-0.05000000000000426,38.8,38.85,38.8,38.85,102.0,172.0,4554.0,613.0,False,False
2882,2022-10-27 09:39:01.774166,-0.0012870012870014325,-0.0012870012870014325,-0.05000000000000426,-0.05000000000000426,38.8,38.85,38.8,38.85,102.0,172.0,4554.0,613.0,False,False
2882,2022-10-27 09:39:01.996340,-0.0012870012870014325,-0.0012870012870014325,-0.05000000000000426,-0.05000000000000426,38.8,38.85,38.8,38.85,103.0,172.0,4554.0,613.0,False,False
2882,2022-10-27 09:39:04.680427,-0.0012870012870014325,-0.0012870012870014325,-0.05000000000000426,-0.05000000000000426,38.8,38.85,38.8,38.85,103.0,171.0,4554.0,613.0,False,False
2882,2022-10-27 09:39:05.100053,-0.0012870012870014325,-0.0012870012870014325,-0.05000000000000426,-0.05000000000000426,38.8,38.85,38.8,38.85,104.0,171.0,4554.0,613.0,False,False
2882,2022-10-27 09:39:05.504553,-0.0012870012870014325,-0.0012870012870014325,-0.05000000000000426,-0.05000000000000426,38.8,38.85,38.8,38.85,104.0,171.0,4554.0,613.0,False,False
2882,2022-10-27 09:39:06.132975,-0.0012870012870014325,-0.0012870012870014325,-0.05000000000000426,-0.05000000000000426,38.8,38.85,38.8,38.85,104.0,171.0,4554.0,613.0,False,False
2882,2022-10-27 09:39:08.712404,-0.0012870012870014325,-0.0012870012870014325,-0.05000000000000426,-0.05000000000000426,38.8,38.85,38.8,38.85,104.0,171.0,4554.0,613.0,False,False
2882,2022-10-27 09:39:08.831888,-0.0012870012870014325,-0.0012870012870014325,-0.05000000000000426,-0.05000000000000426,38.8,38.85,38.8,38.85,104.0,148.0,4554.0,613.0,False,False
2882,2022-10-27 09:39:09.370462,-0.0012870012870014325,-0.0012870012870014325,-0.05000000000000426,-0.05000000000000426,38.8,38.85,38.8,38.85,104.0,148.0,4554.0,519.0,True,True
2882,2022-10-27 09:39:09.699280,-0.0012870012870014325,-0.0012870012870014325,-0.05000000000000426,-0.05000000000000426,38.8,38.85,38.8,38.85,103.0,148.0,4554.0,519.0,False,False
2882,2022-10-27 09:39:10.147119,-0.0012870012870014325,-0.0012870012870014325,-0.05000000000000426,-0.05000000000000426,38.8,38.85,38.8,38.85,103.0,147.0,4554.0,519.0,False,False
2882,2022-10-27 09:39:10.383779,-0.0012870012870014325,-0.0012870012870014325,-0.05000000000000426,-0.05000000000000426,38.8,38.85,38.8,38.85,101.0,147.0,4554.0,519.0,False,False
2882,2022-10-27 09:39:12.151975,-0.0012870012870014325,-0.0012870012870014325,-0.05000000000000426,-0.05000000000000426,38.8,38.85,38.8,38.85,101.0,147.0,4554.0,519.0,False,False
2882,2022-10-27 09:39:12.665799,-0.0012870012870014325,-0.0012870012870014325,-0.05000000000000426,-0.05000000000000426,38.8,38.85,38.8,38.85,102.0,147.0,4554.0,519.0,False,False
2882,2022-10-27 09:39:13.662528,-0.0012870012870014325,-0.0012870012870014325,-0.05000000000000426,-0.05000000000000426,38.8,38.85,38.8,38.85,101.0,147.0,4554.0,519.0,False,False
2882,2022-10-27 09:39:13.786298,-0.0012870012870014325,-0.0012870012870014325,-0.05000000000000426,-0.05000000000000426,38.8,38.85,38.8,38.85,101.0,147.0,4554.0,519.0,False,False
2882,2022-10-27 09:39:13.812045,-0.0012870012870014325,-0.0012870012870014325,-0.05000000000000426,-0.05000000000000426,38.8,38.85,38.8,38.85,101.0,170.0,4554.0,519.0,False,False
2882,2022-10-27 09:39:13.981446,-0.0012870012870014325,-0.0012870012870014325,-0.05000000000000426,-0.05000000000000426,38.8,38.85,38.8,38.85,102.0,170.0,4554.0,519.0,False,False
2882,2022-10-27 09:39:15.286841,-0.0012870012870014325,-0.0012870012870014325,-0.05000000000000426,-0.05000000000000426,38.8,38.85,38.8,38.85,103.0,170.0,4554.0,519.0,False,False
2882,2022-10-27 09:39:15.502881,-0.0012870012870014325,-0.0012870012870014325,-0.05000000000000426,-0.05000000000000426,38.8,38.85,38.8,38.85,103.0,170.0,4554.0,519.0,False,False
2882,2022-10-27 09:39:15.514198,-0.0012870012870014325,-0.0012870012870014325,-0.05000000000000426,-0.05000000000000426,38.8,38.85,38.8,38.85,103.0,160.0,4554.0,519.0,False,False
2882,2022-10-27 09:39:15.525905,-0.0012870012870014325,-0.0012870012870014325,-0.05000000000000426,-0.05000000000000426,38.8,38.85,38.8,38.85,103.0,137.0,4554.0,519.0,False,False
2882,2022-10-27 09:39:16.169646,-0.0012870012870014325,-0.0012870012870014325,-0.05000000000000426,-0.05000000000000426,38.8,38.85,38.8,38.85,103.0,137.0,4554.0,519.0,False,False
2882,2022-10-27 09:39:16.287691,-0.0012870012870014325,-0.0012870012870014325,-0.05000000000000426,-0.05000000000000426,38.8,38.85,38.8,38.85,123.0,137.0,4554.0,519.0,False,False
2882,2022-10-27 09:39:16.328998,-0.0012870012870014325,-0.0012870012870014325,-0.05000000000000426,-0.05000000000000426,38.8,38.85,38.8,38.85,123.0,69.0,4554.0,519.0,False,False
2882,2022-10-27 09:39:16.803094,-0.0012870012870014325,-0.0012870012870014325,-0.05000000000000426,-0.05000000000000426,38.8,38.85,38.8,38.85,123.0,69.0,4554.0,519.0,False,False
2882,2022-10-27 09:39:17.101911,-0.0012870012870014325,-0.0012870012870014325,-0.05000000000000426,-0.05000000000000426,38.8,38.85,38.8,38.85,123.0,69.0,4554.0,519.0,False,False
2882,2022-10-27 09:39:17.401455,-0.0012870012870014325,-0.0012870012870014325,-0.05000000000000426,-0.05000000000000426,38.8,38.85,38.8,38.85,107.0,69.0,4554.0,519.0,False,False
2882,2022-10-27 09:39:17.402894,-0.0012870012870014325,-0.0012870012870014325,-0.05000000000000426,-0.05000000000000426,38.8,38.85,38.8,38.85,76.0,69.0,4554.0,519.0,False,False
2882,2022-10-27 09:39:17.468050,-0.0012870012870014325,-0.0012870012870014325,-0.05000000000000426,-0.05000000000000426,38.8,38.85,38.8,38.85,76.0,69.0,4554.0,519.0,False,False
2882,2022-10-27 09:39:17.735796,-0.0012870012870014325,-0.0012870012870014325,-0.05000000000000426,-0.05000000000000426,38.8,38.85,38.8,38.85,76.0,69.0,4554.0,519.0,False,False
2882,2022-10-27 09:39:18.262570,-0.0012870012870014325,-0.0012870012870014325,-0.05000000000000426,-0.05000000000000426,38.8,38.85,38.8,38.85,76.0,69.0,4554.0,519.0,False,False
2882,2022-10-27 09:39:18.322008,-0.0012870012870014325,-0.0012870012870014325,-0.05000000000000426,-0.05000000000000426,38.8,38.85,38.8,38.85,76.0,69.0,4554.0,519.0,False,False
2882,2022-10-27 09:39:18.406102,-0.0012870012870014325,-0.0012870012870014325,-0.05000000000000426,-0.05000000000000426,38.8,38.85,38.8,38.85,130.0,69.0,4554.0,519.0,False,False
2882,2022-10-27 09:39:18.523967,-0.0012870012870014325,-0.0012870012870014325,-0.05000000000000426,-0.05000000000000426,38.8,38.85,38.8,38.85,131.0,69.0,4554.0,519.0,False,False
2882,2022-10-27 09:39:19.963053,-0.0012870012870014325,-0.0012870012870014325,-0.05000000000000426,-0.05000000000000426,38.8,38.85,38.8,38.85,131.0,69.0,4554.0,519.0,False,False
2882,2022-10-27 09:39:21.086766,-0.0012870012870014325,-0.0012870012870014325,-0.05000000000000426,-0.05000000000000426,38.8,38.85,38.8,38.85,132.0,69.0,4554.0,519.0,False,False
2882,2022-10-27 09:39:22.203062,-0.0012870012870014325,-0.0012870012870014325,-0.05000000000000426,-0.05000000000000426,38.8,38.85,38.8,38.85,143.0,69.0,4554.0,519.0,False,False
2882,2022-10-27 09:39:22.203672,-0.0012870012870014325,-0.0012870012870014325,-0.05000000000000426,-0.05000000000000426,38.8,38.85,38.8,38.85,143.0,69.0,4554.0,519.0,False,False
2882,2022-10-27 09:39:22.342163,-0.0012870012870014325,-0.0012870012870014325,-0.05000000000000426,-0.05000000000000426,38.8,38.85,38.8,38.85,143.0,68.0,4554.0,519.0,False,False
2882,2022-10-27 09:39:23.694833,-0.0012870012870014325,-0.0012870012870014325,-0.05000000000000426,-0.05000000000000426,38.8,38.85,38.8,38.85,143.0,68.0,4554.0,519.0,False,False
2882,2022-10-27 09:39:24.374091,-0.0012870012870014325,-0.0012870012870014325,-0.05000000000000426,-0.05000000000000426,38.8,38.85,38.8,38.85,143.0,64.0,4554.0,519.0,False,False
2882,2022-10-27 09:39:26.310730,-0.0012870012870014325,-0.0012870012870014325,-0.05000000000000426,-0.05000000000000426,38.8,38.85,38.8,38.85,143.0,64.0,4554.0,519.0,False,False
2882,2022-10-27 09:39:26.415432,-0.0012870012870014325,-0.0012870012870014325,-0.05000000000000426,-0.05000000000000426,38.8,38.85,38.8,38.85,143.0,64.0,4554.0,519.0,False,False
2882,2022-10-27 09:39:27.317016,-0.0012870012870014325,-0.0012870012870014325,-0.05000000000000426,-0.05000000000000426,38.8,38.85,38.8,38.85,127.0,64.0,4554.0,519.0,False,False
2882,2022-10-27 09:39:28.127625,-0.0012870012870014325,-0.0012870012870014325,-0.05000000000000426,-0.05000000000000426,38.8,38.85,38.8,38.85,127.0,64.0,4554.0,519.0,False,False
2882,2022-10-27 09:39:28.490531,-0.0012870012870014325,-0.0012870012870014325,-0.05000000000000426,-0.05000000000000426,38.8,38.85,38.8,38.85,143.0,64.0,4554.0,519.0,False,False
2882,2022-10-27 09:39:29.426636,-0.0012870012870014325,-0.0012870012870014325,-0.05000000000000426,-0.05000000000000426,38.8,38.85,38.8,38.85,143.0,64.0,4554.0,373.0,True,True
2882,2022-10-27 09:39:30.135931,-0.0012870012870014325,-0.0012870012870014325,-0.05000000000000426,-0.05000000000000426,38.8,38.85,38.8,38.85,143.0,63.0,4554.0,373.0,False,False
2882,2022-10-27 09:39:31.902748,-0.0012870012870014325,-0.0012870012870014325,-0.05000000000000426,-0.05000000000000426,38.8,38.85,38.8,38.85,142.0,63.0,4554.0,373.0,False,False
2882,2022-10-27 09:39:32.277380,-0.0012870012870014325,-0.0012870012870014325,-0.05000000000000426,-0.05000000000000426,38.8,38.85,38.8,38.85,142.0,59.0,4554.0,373.0,False,False
2882,2022-10-27 09:39:32.277863,-0.0012870012870014325,-0.0012870012870014325,-0.05000000000000426,-0.05000000000000426,38.8,38.85,38.8,38.85,142.0,59.0,4554.0,373.0,False,False
2882,2022-10-27 09:39:33.316692,-0.0012870012870014325,-0.0012870012870014325,-0.05000000000000426,-0.05000000000000426,38.8,38.85,38.8,38.85,143.0,59.0,4554.0,373.0,False,False
2882,2022-10-27 09:39:34.431475,-0.0012870012870014325,-0.0012870012870014325,-0.05000000000000426,-0.05000000000000426,38.8,38.85,38.8,38.85,143.0,59.0,4554.0,373.0,False,False
2882,2022-10-27 09:39:34.673660,-0.0012870012870014325,-0.0012870012870014325,-0.05000000000000426,-0.05000000000000426,38.8,38.85,38.8,38.85,143.0,58.0,4554.0,373.0,False,False
2882,2022-10-27 09:39:35.920509,-0.0012870012870014325,-0.0012870012870014325,-0.05000000000000426,-0.05000000000000426,38.8,38.85,38.8,38.85,143.0,59.0,4554.0,373.0,False,False
2882,2022-10-27 09:39:36.833134,-0.0012870012870014325,-0.0012870012870014325,-0.05000000000000426,-0.05000000000000426,38.8,38.85,38.8,38.85,143.0,59.0,4554.0,373.0,False,False
2882,2022-10-27 09:39:37.244303,-0.0012870012870014325,-0.0012870012870014325,-0.05000000000000426,-0.05000000000000426,38.8,38.85,38.8,38.85,143.0,61.0,4554.0,373.0,False,False
2882,2022-10-27 09:39:39.455693,-0.0012870012870014325,-0.0012870012870014325,-0.05000000000000426,-0.05000000000000426,38.8,38.85,38.8,38.85,143.0,61.0,4557.0,323.0,True,True
2882,2022-10-27 09:39:39.776561,-0.0012870012870014325,-0.0012870012870014325,-0.05000000000000426,-0.05000000000000426,38.8,38.85,38.8,38.85,144.0,61.0,4557.0,323.0,False,False
2882,2022-10-27 09:39:40.512551,-0.0012870012870014325,-0.0012870012870014325,-0.05000000000000426,-0.05000000000000426,38.8,38.85,38.8,38.85,147.0,61.0,4557.0,323.0,False,False
2882,2022-10-27 09:39:42.189243,-0.0012870012870014325,-0.0012870012870014325,-0.05000000000000426,-0.05000000000000426,38.8,38.85,38.8,38.85,147.0,61.0,4557.0,323.0,False,False
2882,2022-10-27 09:39:42.372687,-0.0012870012870014325,-0.0012870012870014325,-0.05000000000000426,-0.05000000000000426,38.8,38.85,38.8,38.85,147.0,61.0,4557.0,323.0,False,False
2882,2022-10-27 09:39:42.373415,-0.0012870012870014325,-0.0012870012870014325,-0.05000000000000426,-0.05000000000000426,38.8,38.85,38.8,38.85,149.0,61.0,4557.0,323.0,False,False
2882,2022-10-27 09:39:42.876247,-0.0012870012870014325,-0.0012870012870014325,-0.05000000000000426,-0.05000000000000426,38.8,38.85,38.8,38.85,149.0,61.0,4557.0,323.0,False,False
2882,2022-10-27 09:39:43.668798,-0.0012870012870014325,-0.0012870012870014325,-0.05000000000000426,-0.05000000000000426,38.8,38.85,38.8,38.85,149.0,60.0,4557.0,323.0,False,False
2882,2022-10-27 09:39:46.944817,-0.0012870012870014325,-0.0012870012870014325,-0.05000000000000426,-0.05000000000000426,38.8,38.85,38.8,38.85,149.0,60.0,4557.0,323.0,False,False
2882,2022-10-27 09:39:49.486556,-0.0012870012870014325,-0.0012870012870014325,-0.05000000000000426,-0.05000000000000426,38.8,38.85,38.8,38.85,149.0,60.0,4557.0,273.0,True,True
2882,2022-10-27 09:39:49.752442,-0.0012870012870014325,-0.0012870012870014325,-0.05000000000000426,-0.05000000000000426,38.8,38.85,38.8,38.85,149.0,57.0,4557.0,273.0,False,False
2882,2022-10-27 09:39:49.913765,-0.0012870012870014325,-0.0012870012870014325,-0.05000000000000426,-0.05000000000000426,38.8,38.85,38.8,38.85,154.0,57.0,4557.0,273.0,False,False
2882,2022-10-27 09:39:50.078864,-0.0012870012870014325,-0.0012870012870014325,-0.05000000000000426,-0.05000000000000426,38.8,38.85,38.8,38.85,154.0,56.0,4557.0,273.0,False,False
2882,2022-10-27 09:39:50.362038,-0.0012870012870014325,-0.0012870012870014325,-0.05000000000000426,-0.05000000000000426,38.8,38.85,38.8,38.85,154.0,56.0,4557.0,273.0,False,False
2882,2022-10-27 09:39:50.391635,-0.0012870012870014325,-0.0012870012870014325,-0.05000000000000426,-0.05000000000000426,38.8,38.85,38.8,38.85,100.0,56.0,4557.0,273.0,False,False
2882,2022-10-27 09:39:50.683489,-0.0012870012870014325,-0.0012870012870014325,-0.05000000000000426,-0.05000000000000426,38.8,38.85,38.8,38.85,100.0,56.0,4557.0,273.0,False,False
2882,2022-10-27 09:39:51.391743,-0.0012870012870014325,-0.0012870012870014325,-0.05000000000000426,-0.05000000000000426,38.8,38.85,38.8,38.85,151.0,56.0,4557.0,273.0,False,False
2882,2022-10-27 09:39:52.585262,-0.0012870012870014325,-0.0012870012870014325,-0.05000000000000426,-0.05000000000000426,38.8,38.85,38.8,38.85,156.0,56.0,4557.0,273.0,False,False
2882,2022-10-27 09:39:55.012608,-0.0012870012870014325,-0.0012870012870014325,-0.05000000000000426,-0.05000000000000426,38.8,38.85,38.8,38.85,156.0,57.0,4557.0,273.0,False,False
2882,2022-10-27 09:39:55.116607,-0.0012870012870014325,-0.0012870012870014325,-0.05000000000000426,-0.05000000000000426,38.8,38.85,38.8,38.85,156.0,55.0,4557.0,273.0,False,False
2882,2022-10-27 09:39:56.109681,-0.0012870012870014325,-0.0012870012870014325,-0.05000000000000426,-0.05000000000000426,38.8,38.85,38.8,38.85,156.0,52.0,4557.0,273.0,False,False
2882,2022-10-27 09:39:56.262519,-0.0012870012870014325,-0.0012870012870014325,-0.05000000000000426,-0.05000000000000426,38.8,38.85,38.8,38.85,156.0,52.0,4557.0,273.0,False,False
2882,2022-10-27 09:39:56.481558,-0.0012870012870014325,-0.0012870012870014325,-0.05000000000000426,-0.05000000000000426,38.8,38.85,38.8,38.85,156.0,52.0,4557.0,273.0,False,False
2882,2022-10-27 09:39:56.545816,-0.0012870012870014325,-0.0012870012870014325,-0.05000000000000426,-0.05000000000000426,38.8,38.85,38.8,38.85,156.0,52.0,4557.0,273.0,False,False
2882,2022-10-27 09:39:56.975277,-0.0012870012870014325,-0.0012870012870014325,-0.05000000000000426,-0.05000000000000426,38.8,38.85,38.8,38.85,156.0,52.0,4557.0,273.0,False,False
2882,2022-10-27 09:39:57.910054,-0.0012870012870014325,-0.0012870012870014325,-0.05000000000000426,-0.05000000000000426,38.8,38.85,38.8,38.85,156.0,52.0,4557.0,273.0,False,False
2882,2022-10-27 09:39:57.970962,-0.0012870012870014325,-0.0012870012870014325,-0.05000000000000426,-0.05000000000000426,38.8,38.85,38.8,38.85,156.0,52.0,4557.0,273.0,False,False
2882,2022-10-27 09:39:59.568638,-0.0012870012870014325,-0.0012870012870014325,-0.05000000000000426,-0.05000000000000426,38.8,38.85,38.8,38.85,156.0,52.0,4557.0,263.0,True,True
2882,2022-10-27 09:40:00.301846,-0.0012870012870014325,-0.0012870012870014325,-0.05000000000000426,-0.05000000000000426,38.8,38.85,38.8,38.85,156.0,52.0,4557.0,263.0,False,False
2882,2022-10-27 09:40:00.983429,-0.0012870012870014325,-0.0012870012870014325,-0.05000000000000426,-0.05000000000000426,38.8,38.85,38.8,38.85,156.0,54.0,4557.0,263.0,False,False
2882,2022-10-27 09:40:01.433997,-0.0012870012870014325,-0.0012870012870014325,-0.05000000000000426,-0.05000000000000426,38.8,38.85,38.8,38.85,161.0,54.0,4557.0,263.0,False,False
2882,2022-10-27 09:40:01.471087,-0.0012870012870014325,-0.0012870012870014325,-0.05000000000000426,-0.05000000000000426,38.8,38.85,38.8,38.85,110.0,54.0,4557.0,263.0,False,False
2882,2022-10-27 09:40:01.518514,-0.0012870012870014325,-0.0012870012870014325,-0.05000000000000426,-0.05000000000000426,38.8,38.85,38.8,38.85,110.0,54.0,4557.0,263.0,False,False
2882,2022-10-27 09:40:02.038184,-0.0012870012870014325,-0.0012870012870014325,-0.05000000000000426,-0.05000000000000426,38.8,38.85,38.8,38.85,110.0,53.0,4557.0,263.0,False,False
2882,2022-10-27 09:40:02.068560,-0.0012870012870014325,-0.0012870012870014325,-0.05000000000000426,-0.05000000000000426,38.8,38.85,38.8,38.85,110.0,52.0,4557.0,263.0,False,False
2882,2022-10-27 09:40:02.070070,-0.0012870012870014325,-0.0012870012870014325,-0.05000000000000426,-0.05000000000000426,38.8,38.85,38.8,38.85,110.0,51.0,4557.0,263.0,False,False
2882,2022-10-27 09:40:02.070332,-0.0012870012870014325,-0.0012870012870014325,-0.05000000000000426,-0.05000000000000426,38.8,38.85,38.8,38.85,110.0,50.0,4557.0,263.0,False,False
2882,2022-10-27 09:40:02.624750,-0.0012870012870014325,-0.0012870012870014325,-0.05000000000000426,-0.05000000000000426,38.8,38.85,38.8,38.85,110.0,49.0,4557.0,263.0,False,False
2882,2022-10-27 09:40:02.625437,-0.0012870012870014325,-0.0012870012870014325,-0.05000000000000426,-0.05000000000000426,38.8,38.85,38.8,38.85,110.0,49.0,4557.0,263.0,False,False
2882,2022-10-27 09:40:02.626073,-0.0012870012870014325,-0.0012870012870014325,-0.05000000000000426,-0.05000000000000426,38.8,38.85,38.8,38.85,110.0,49.0,4557.0,263.0,False,False
2882,2022-10-27 09:40:03.152048,-0.0012870012870014325,-0.0012870012870014325,-0.05000000000000426,-0.05000000000000426,38.8,38.85,38.8,38.85,110.0,49.0,4557.0,263.0,False,False
2882,2022-10-27 09:40:04.760423,-0.0012870012870014325,-0.0012870012870014325,-0.05000000000000426,-0.05000000000000426,38.8,38.85,38.8,38.85,110.0,50.0,4557.0,263.0,False,False
2882,2022-10-27 09:40:05.387036,-0.0012870012870014325,-0.0012870012870014325,-0.05000000000000426,-0.05000000000000426,38.8,38.85,38.8,38.85,110.0,40.0,4557.0,263.0,False,False
2882,2022-10-27 09:40:05.660304,-0.0012870012870014325,-0.0012870012870014325,-0.05000000000000426,-0.05000000000000426,38.8,38.85,38.8,38.85,110.0,39.0,4557.0,263.0,False,False
2882,2022-10-27 09:40:05.695346,-0.0012870012870014325,-0.0012870012870014325,-0.05000000000000426,-0.05000000000000426,38.8,38.85,38.8,38.85,110.0,39.0,4557.0,263.0,False,False
2882,2022-10-27 09:40:07.043921,-0.0012870012870014325,-0.0012870012870014325,-0.05000000000000426,-0.05000000000000426,38.8,38.85,38.8,38.85,110.0,38.0,4557.0,263.0,False,False
2882,2022-10-27 09:40:07.515788,-0.0012870012870014325,-0.0012870012870014325,-0.05000000000000426,-0.05000000000000426,38.8,38.85,38.8,38.85,110.0,38.0,4557.0,263.0,False,False
2882,2022-10-27 09:40:07.642393,-0.0012870012870014325,-0.0012870012870014325,-0.05000000000000426,-0.05000000000000426,38.8,38.85,38.8,38.85,110.0,38.0,4557.0,263.0,False,False
2882,2022-10-27 09:40:08.033272,-0.0012870012870014325,-0.0012870012870014325,-0.05000000000000426,-0.05000000000000426,38.8,38.85,38.8,38.85,111.0,38.0,4557.0,263.0,False,False
2882,2022-10-27 09:40:08.704829,-0.0012870012870014325,-0.0012870012870014325,-0.05000000000000426,-0.05000000000000426,38.8,38.85,38.8,38.85,111.0,37.0,4557.0,263.0,False,False
2882,2022-10-27 09:40:09.059881,-0.0012870012870014325,-0.0012870012870014325,-0.05000000000000426,-0.05000000000000426,38.8,38.85,38.8,38.85,111.0,37.0,55272.0,263.0,False,True
2882,2022-10-27 09:40:09.718904,-0.0012870012870014325,-0.0012870012870014325,-0.05000000000000426,-0.05000000000000426,38.8,38.85,38.8,38.85,111.0,37.0,55272.0,263.0,False,False
2882,2022-10-27 09:40:10.006931,-0.0012870012870014325,-0.0012870012870014325,-0.05000000000000426,-0.05000000000000426,38.8,38.85,38.8,38.85,111.0,37.0,55272.0,263.0,False,False
2882,2022-10-27 09:40:11.013368,-0.0012870012870014325,-0.0012870012870014325,-0.05000000000000426,-0.05000000000000426,38.8,38.85,38.8,38.85,111.0,37.0,55272.0,263.0,False,False
2882,2022-10-27 09:40:11.390732,-0.0012870012870014325,-0.0012870012870014325,-0.05000000000000426,-0.05000000000000426,38.8,38.85,38.8,38.85,111.0,39.0,55272.0,263.0,False,False
2882,2022-10-27 09:40:12.405638,-0.0012870012870014325,-0.0012870012870014325,-0.05000000000000426,-0.05000000000000426,38.8,38.85,38.8,38.85,111.0,38.0,55272.0,263.0,False,False
2882,2022-10-27 09:40:12.498003,-0.0012870012870014325,-0.0012870012870014325,-0.05000000000000426,-0.05000000000000426,38.8,38.85,38.8,38.85,161.0,38.0,55272.0,263.0,False,False
2882,2022-10-27 09:40:12.571148,-0.0012870012870014325,-0.0012870012870014325,-0.05000000000000426,-0.05000000000000426,38.8,38.85,38.8,38.85,161.0,43.0,55272.0,263.0,False,False
2882,2022-10-27 09:40:12.603412,-0.0012870012870014325,-0.0012870012870014325,-0.05000000000000426,-0.05000000000000426,38.8,38.85,38.8,38.85,161.0,23.0,55272.0,263.0,False,False
2882,2022-10-27 09:40:12.640422,-0.0012870012870014325,-0.0012870012870014325,-0.05000000000000426,-0.05000000000000426,38.8,38.85,38.8,38.85,161.0,23.0,55272.0,263.0,False,False
2882,2022-10-27 09:40:12.759821,-0.0012870012870014325,-0.0012870012870014325,-0.05000000000000426,-0.05000000000000426,38.8,38.85,38.8,38.85,161.0,21.0,55272.0,263.0,False,False
2882,2022-10-27 09:40:12.760801,-0.0012870012870014325,-0.0012870012870014325,-0.05000000000000426,-0.05000000000000426,38.8,38.85,38.8,38.85,161.0,21.0,55272.0,263.0,False,False
2882,2022-10-27 09:40:12.796503,-0.0012870012870014325,-0.0012870012870014325,-0.05000000000000426,-0.05000000000000426,38.8,38.85,38.8,38.85,161.0,19.0,55272.0,263.0,False,False
2882,2022-10-27 09:40:12.796647,-0.0012870012870014325,-0.0012870012870014325,-0.05000000000000426,-0.05000000000000426,38.8,38.85,38.8,38.85,161.0,17.0,55272.0,263.0,False,False
2882,2022-10-27 09:40:12.834111,-0.0012870012870014325,-0.0012870012870014325,-0.05000000000000426,-0.05000000000000426,38.8,38.85,38.8,38.85,161.0,16.0,55272.0,263.0,False,False
2882,2022-10-27 09:40:12.834379,-0.0012870012870014325,-0.0012870012870014325,-0.05000000000000426,-0.05000000000000426,38.8,38.85,38.8,38.85,161.0,13.0,55272.0,263.0,False,False
2882,2022-10-27 09:40:12.879452,-0.0025706940874036244,-0.0012870012870014325,-0.10000000000000142,-0.05000000000000426,38.8,38.9,38.8,38.85,161.0,104.0,55272.0,263.0,False,False
2882,2022-10-27 09:40:12.899298,-0.0025706940874036244,-0.0012870012870014325,-0.10000000000000142,-0.05000000000000426,38.8,38.9,38.8,38.85,161.0,104.0,55272.0,263.0,False,False
2882,2022-10-27 09:40:13.091028,-0.0025706940874036244,-0.0012870012870014325,-0.10000000000000142,-0.05000000000000426,38.8,38.9,38.8,38.85,161.0,104.0,55272.0,263.0,False,False
2882,2022-10-27 09:40:13.462112,-0.0025706940874036244,0.0,-0.10000000000000142,0.0,38.85,38.9,38.8,38.85,3.0,104.0,55272.0,263.0,False,False
2882,2022-10-27 09:40:13.505202,-0.0025706940874036244,0.0,-0.10000000000000142,0.0,38.85,38.9,38.8,38.85,53.0,104.0,55272.0,263.0,False,False
2882,2022-10-27 09:40:13.635178,-0.0025706940874036244,0.0,-0.10000000000000142,0.0,38.85,38.9,38.8,38.85,55.0,116.0,55272.0,263.0,False,False
2882,2022-10-27 09:40:13.780906,-0.0025706940874036244,0.0,-0.10000000000000142,0.0,38.85,38.9,38.8,38.85,79.0,116.0,55272.0,263.0,False,False
2882,2022-10-27 09:40:14.584166,-0.0025706940874036244,0.0,-0.10000000000000142,0.0,38.85,38.9,38.8,38.85,79.0,116.0,55272.0,263.0,False,False
2882,2022-10-27 09:40:14.620626,-0.0025706940874036244,0.0,-0.10000000000000142,0.0,38.85,38.9,38.8,38.85,95.0,116.0,55272.0,263.0,False,False
2882,2022-10-27 09:40:14.816398,-0.0025706940874036244,0.0,-0.10000000000000142,0.0,38.85,38.9,38.8,38.85,96.0,116.0,55272.0,263.0,False,False
2882,2022-10-27 09:40:15.574316,-0.0025706940874036244,0.0,-0.10000000000000142,0.0,38.85,38.9,38.8,38.85,97.0,116.0,55272.0,263.0,False,False
2882,2022-10-27 09:40:16.515349,-0.0025706940874036244,0.0,-0.10000000000000142,0.0,38.85,38.9,38.8,38.85,47.0,116.0,55272.0,263.0,False,False
2882,2022-10-27 09:40:18.955833,-0.0025706940874036244,0.0,-0.10000000000000142,0.0,38.85,38.9,38.8,38.85,47.0,117.0,55272.0,263.0,False,False
2882,2022-10-27 09:40:19.022563,-0.0025706940874036244,0.0,-0.10000000000000142,0.0,38.85,38.9,38.8,38.85,47.0,234.0,55272.0,263.0,False,False
2882,2022-10-27 09:40:19.129110,-0.0025706940874036244,0.0,-0.10000000000000142,0.0,38.85,38.9,38.8,38.85,47.0,234.0,5234.0,263.0,True,True
2882,2022-10-27 09:40:20.158226,-0.0025706940874036244,0.0,-0.10000000000000142,0.0,38.85,38.9,38.8,38.85,47.0,234.0,5234.0,263.0,False,False
2882,2022-10-27 09:40:20.236854,-0.0025706940874036244,0.0,-0.10000000000000142,0.0,38.85,38.9,38.8,38.85,48.0,234.0,5234.0,263.0,False,False
2882,2022-10-27 09:40:20.314550,-0.0025706940874036244,0.0,-0.10000000000000142,0.0,38.85,38.9,38.8,38.85,47.0,234.0,5234.0,263.0,False,False
2882,2022-10-27 09:40:20.515759,-0.0025706940874036244,0.0,-0.10000000000000142,0.0,38.85,38.9,38.8,38.85,98.0,234.0,5234.0,263.0,False,False
2882,2022-10-27 09:40:20.964236,-0.0025706940874036244,0.0,-0.10000000000000142,0.0,38.85,38.9,38.8,38.85,98.0,234.0,5234.0,263.0,False,False
2882,2022-10-27 09:40:21.148197,-0.0025706940874036244,0.0,-0.10000000000000142,0.0,38.85,38.9,38.8,38.85,82.0,234.0,5234.0,263.0,False,False
2882,2022-10-27 09:40:22.627897,-0.0025706940874036244,0.0,-0.10000000000000142,0.0,38.85,38.9,38.8,38.85,98.0,234.0,5234.0,263.0,False,False
2882,2022-10-27 09:40:23.040893,-0.0025706940874036244,0.0,-0.10000000000000142,0.0,38.85,38.9,38.8,38.85,99.0,234.0,5234.0,263.0,False,False
2882,2022-10-27 09:40:23.588165,-0.0025706940874036244,0.0,-0.10000000000000142,0.0,38.85,38.9,38.8,38.85,100.0,234.0,5234.0,263.0,False,False
2882,2022-10-27 09:40:24.252126,-0.0025706940874036244,0.0,-0.10000000000000142,0.0,38.85,38.9,38.8,38.85,100.0,234.0,5234.0,263.0,False,False
2882,2022-10-27 09:40:24.273349,-0.0025706940874036244,0.0,-0.10000000000000142,0.0,38.85,38.9,38.8,38.85,100.0,257.0,5234.0,263.0,False,False
2882,2022-10-27 09:40:24.708083,-0.0025706940874036244,0.0,-0.10000000000000142,0.0,38.85,38.9,38.8,38.85,100.0,257.0,5234.0,263.0,False,False
2882,2022-10-27 09:40:24.731698,-0.0025706940874036244,0.0,-0.10000000000000142,0.0,38.85,38.9,38.8,38.85,110.0,257.0,5234.0,263.0,False,False
2882,2022-10-27 09:40:26.546590,-0.0025706940874036244,0.0,-0.10000000000000142,0.0,38.85,38.9,38.8,38.85,114.0,257.0,5234.0,263.0,False,False
2882,2022-10-27 09:40:27.261724,-0.0025706940874036244,0.0,-0.10000000000000142,0.0,38.85,38.9,38.8,38.85,114.0,257.0,5234.0,263.0,False,False
2882,2022-10-27 09:40:27.268073,-0.0025706940874036244,0.0,-0.10000000000000142,0.0,38.85,38.9,38.8,38.85,114.0,234.0,5234.0,263.0,False,False
2882,2022-10-27 09:40:27.932755,-0.0025706940874036244,0.0,-0.10000000000000142,0.0,38.85,38.9,38.8,38.85,114.0,233.0,5234.0,263.0,False,False
2882,2022-10-27 09:40:28.491417,-0.0025706940874036244,0.0,-0.10000000000000142,0.0,38.85,38.9,38.8,38.85,109.0,233.0,5234.0,263.0,False,False
2882,2022-10-27 09:40:28.591668,-0.0025706940874036244,0.0,-0.10000000000000142,0.0,38.85,38.9,38.8,38.85,110.0,233.0,5234.0,263.0,False,False
2882,2022-10-27 09:40:29.606779,-0.0025706940874036244,0.0,-0.10000000000000142,0.0,38.85,38.9,38.8,38.85,112.0,233.0,5234.0,263.0,False,False
2882,2022-10-27 09:40:30.762066,-0.0025706940874036244,0.0,-0.10000000000000142,0.0,38.85,38.9,38.8,38.85,112.0,233.0,5234.0,263.0,False,False
2882,2022-10-27 09:40:31.084982,-0.0025706940874036244,0.0,-0.10000000000000142,0.0,38.85,38.9,38.8,38.85,112.0,233.0,5234.0,263.0,False,False
2882,2022-10-27 09:40:31.275218,-0.0025706940874036244,0.0,-0.10000000000000142,0.0,38.85,38.9,38.8,38.85,112.0,232.0,5234.0,263.0,False,False
2882,2022-10-27 09:40:31.944286,-0.0025706940874036244,0.0,-0.10000000000000142,0.0,38.85,38.9,38.8,38.85,112.0,232.0,5234.0,263.0,False,False
2882,2022-10-27 09:40:34.012775,-0.0025706940874036244,0.0,-0.10000000000000142,0.0,38.85,38.9,38.8,38.85,117.0,232.0,5234.0,263.0,False,False
2882,2022-10-27 09:40:34.240757,-0.0025706940874036244,0.0,-0.10000000000000142,0.0,38.85,38.9,38.8,38.85,117.0,232.0,5234.0,263.0,False,False
2882,2022-10-27 09:40:34.556204,-0.0025706940874036244,0.0,-0.10000000000000142,0.0,38.85,38.9,38.8,38.85,117.0,232.0,5234.0,263.0,False,False
2882,2022-10-27 09:40:35.243555,-0.0025706940874036244,0.0,-0.10000000000000142,0.0,38.85,38.9,38.8,38.85,117.0,232.0,5234.0,263.0,False,False
2882,2022-10-27 09:40:37.187138,-0.0025706940874036244,0.0,-0.10000000000000142,0.0,38.85,38.9,38.8,38.85,119.0,232.0,5234.0,263.0,False,False
2882,2022-10-27 09:40:38.998055,-0.0025706940874036244,0.0,-0.10000000000000142,0.0,38.85,38.9,38.8,38.85,119.0,232.0,5234.0,263.0,False,False
2882,2022-10-27 09:40:40.966891,-0.0025706940874036244,0.0,-0.10000000000000142,0.0,38.85,38.9,38.8,38.85,119.0,232.0,5234.0,263.0,False,False
2882,2022-10-27 09:40:41.191020,-0.0025706940874036244,0.0,-0.10000000000000142,0.0,38.85,38.9,38.8,38.85,122.0,232.0,5234.0,263.0,False,False
2882,2022-10-27 09:40:41.221273,-0.0025706940874036244,0.0,-0.10000000000000142,0.0,38.85,38.9,38.8,38.85,122.0,116.0,5234.0,263.0,False,False
2882,2022-10-27 09:40:41.290212,-0.0025706940874036244,0.0,-0.10000000000000142,0.0,38.85,38.9,38.8,38.85,123.0,116.0,5234.0,263.0,False,False
2882,2022-10-27 09:40:42.174200,-0.0025706940874036244,0.0,-0.10000000000000142,0.0,38.85,38.9,38.8,38.85,123.0,116.0,5234.0,263.0,False,False
2882,2022-10-27 09:40:44.280431,-0.0025706940874036244,0.0,-0.10000000000000142,0.0,38.85,38.9,38.8,38.85,123.0,116.0,5234.0,263.0,False,False
2882,2022-10-27 09:40:45.085327,-0.0025706940874036244,0.0,-0.10000000000000142,0.0,38.85,38.9,38.8,38.85,122.0,116.0,5234.0,263.0,False,False
2882,2022-10-27 09:40:46.408008,-0.0025706940874036244,0.0,-0.10000000000000142,0.0,38.85,38.9,38.8,38.85,122.0,116.0,5234.0,263.0,False,False
2882,2022-10-27 09:40:47.311180,-0.0025706940874036244,0.0,-0.10000000000000142,0.0,38.85,38.9,38.8,38.85,122.0,116.0,5234.0,263.0,False,False
2882,2022-10-27 09:40:48.121407,-0.0025706940874036244,0.0,-0.10000000000000142,0.0,38.85,38.9,38.8,38.85,122.0,116.0,5234.0,263.0,False,False
2882,2022-10-27 09:40:48.385834,-0.0025706940874036244,0.0,-0.10000000000000142,0.0,38.85,38.9,38.8,38.85,122.0,113.0,5234.0,263.0,False,False
2882,2022-10-27 09:40:49.268653,-0.0025706940874036244,0.0,-0.10000000000000142,0.0,38.85,38.9,38.8,38.85,122.0,113.0,5522.0,231.0,True,True
2882,2022-10-27 09:40:50.450477,-0.0025706940874036244,0.0,-0.10000000000000142,0.0,38.85,38.9,38.8,38.85,122.0,112.0,5522.0,231.0,False,False
2882,2022-10-27 09:40:50.530313,-0.0025706940874036244,0.0,-0.10000000000000142,0.0,38.85,38.9,38.8,38.85,117.0,112.0,5522.0,231.0,False,False
2882,2022-10-27 09:40:52.537146,-0.0025706940874036244,0.0,-0.10000000000000142,0.0,38.85,38.9,38.8,38.85,117.0,102.0,5522.0,231.0,False,False
2882,2022-10-27 09:40:53.144274,-0.0025706940874036244,0.0,-0.10000000000000142,0.0,38.85,38.9,38.8,38.85,117.0,101.0,5522.0,231.0,False,False
2882,2022-10-27 09:40:56.399795,-0.0025706940874036244,0.0,-0.10000000000000142,0.0,38.85,38.9,38.8,38.85,117.0,101.0,5522.0,231.0,False,False
2882,2022-10-27 09:40:57.899160,-0.0025706940874036244,0.0,-0.10000000000000142,0.0,38.85,38.9,38.8,38.85,118.0,101.0,5522.0,231.0,False,False
2882,2022-10-27 09:40:58.147323,-0.0025706940874036244,0.0,-0.10000000000000142,0.0,38.85,38.9,38.8,38.85,118.0,101.0,5522.0,231.0,False,False
2882,2022-10-27 09:40:58.704810,-0.0025706940874036244,0.0,-0.10000000000000142,0.0,38.85,38.9,38.8,38.85,118.0,101.0,5522.0,231.0,False,False
2882,2022-10-27 09:40:58.747595,-0.0025706940874036244,0.0,-0.10000000000000142,0.0,38.85,38.9,38.8,38.85,118.0,101.0,5522.0,231.0,False,False
2882,2022-10-27 09:40:58.752646,-0.0025706940874036244,0.0,-0.10000000000000142,0.0,38.85,38.9,38.8,38.85,118.0,101.0,5522.0,231.0,False,False
2882,2022-10-27 09:40:58.848518,-0.0025706940874036244,0.0,-0.10000000000000142,0.0,38.85,38.9,38.8,38.85,118.0,101.0,5522.0,231.0,False,False
2882,2022-10-27 09:40:59.311937,-0.0025706940874036244,0.0,-0.10000000000000142,0.0,38.85,38.9,38.8,38.85,118.0,101.0,5722.0,98.0,True,True
2882,2022-10-27 09:40:59.425374,-0.0025706940874036244,0.0,-0.10000000000000142,0.0,38.85,38.9,38.8,38.85,102.0,101.0,5722.0,98.0,False,False
2882,2022-10-27 09:41:00.039594,-0.0025706940874036244,0.0,-0.10000000000000142,0.0,38.85,38.9,38.8,38.85,102.0,101.0,5722.0,98.0,False,False
2882,2022-10-27 09:41:00.664225,-0.0025706940874036244,0.0,-0.10000000000000142,0.0,38.85,38.9,38.8,38.85,118.0,101.0,5722.0,98.0,False,False
2882,2022-10-27 09:41:02.521658,-0.0025706940874036244,0.0,-0.10000000000000142,0.0,38.85,38.9,38.8,38.85,118.0,103.0,5722.0,98.0,False,False
2882,2022-10-27 09:41:02.607084,-0.0025706940874036244,0.0,-0.10000000000000142,0.0,38.85,38.9,38.8,38.85,118.0,103.0,5722.0,98.0,False,False
2882,2022-10-27 09:41:02.911202,-0.0025706940874036244,0.0,-0.10000000000000142,0.0,38.85,38.9,38.8,38.85,118.0,103.0,5722.0,98.0,False,False
2882,2022-10-27 09:41:03.906298,-0.0025706940874036244,0.0,-0.10000000000000142,0.0,38.85,38.9,38.8,38.85,118.0,103.0,5722.0,98.0,False,False
2882,2022-10-27 09:41:08.969043,-0.0025706940874036244,0.0,-0.10000000000000142,0.0,38.85,38.9,38.8,38.85,118.0,103.0,5722.0,98.0,False,False
2882,2022-10-27 09:41:08.975337,-0.0025706940874036244,0.0,-0.10000000000000142,0.0,38.85,38.9,38.8,38.85,118.0,103.0,5722.0,98.0,False,False
2882,2022-10-27 09:41:09.075767,-0.0025706940874036244,0.0,-0.10000000000000142,0.0,38.85,38.9,38.8,38.85,118.0,103.0,5722.0,98.0,False,False
2882,2022-10-27 09:41:09.349060,-0.0025706940874036244,0.0,-0.10000000000000142,0.0,38.85,38.9,38.8,38.85,118.0,103.0,5722.0,48.0,True,True
2882,2022-10-27 09:41:09.659813,-0.0025706940874036244,0.0,-0.10000000000000142,0.0,38.85,38.9,38.8,38.85,67.0,103.0,5722.0,48.0,False,False
2882,2022-10-27 09:41:10.890028,-0.0025706940874036244,0.0,-0.10000000000000142,0.0,38.85,38.9,38.8,38.85,67.0,103.0,5722.0,48.0,False,False
2882,2022-10-27 09:41:11.811529,-0.0025706940874036244,0.0,-0.10000000000000142,0.0,38.85,38.9,38.8,38.85,67.0,103.0,5722.0,48.0,False,False
2882,2022-10-27 09:41:12.671481,-0.0025706940874036244,0.0,-0.10000000000000142,0.0,38.85,38.9,38.8,38.85,108.0,103.0,5722.0,48.0,False,False
2882,2022-10-27 09:41:13.948604,-0.0025706940874036244,0.0,-0.10000000000000142,0.0,38.85,38.9,38.8,38.85,108.0,103.0,5722.0,48.0,False,False
2882,2022-10-27 09:41:14.824990,-0.0025706940874036244,0.0,-0.10000000000000142,0.0,38.85,38.9,38.8,38.85,109.0,103.0,5722.0,48.0,False,False
2882,2022-10-27 09:41:16.101477,-0.0025706940874036244,0.0,-0.10000000000000142,0.0,38.85,38.9,38.8,38.85,109.0,104.0,5722.0,48.0,False,False
2882,2022-10-27 09:41:17.576988,-0.0025706940874036244,0.0,-0.10000000000000142,0.0,38.85,38.9,38.8,38.85,109.0,103.0,5722.0,48.0,False,False
2882,2022-10-27 09:41:18.976288,-0.0025706940874036244,0.0,-0.10000000000000142,0.0,38.85,38.9,38.8,38.85,110.0,103.0,5722.0,48.0,False,False
2882,2022-10-27 09:41:19.385659,-0.0012853470437017567,-0.0012853470437017567,-0.04999999999999716,-0.04999999999999716,38.85,38.9,38.85,38.9,110.0,103.0,523.0,898.0,True,True
2882,2022-10-27 09:41:20.004614,-0.0012853470437017567,-0.0012853470437017567,-0.04999999999999716,-0.04999999999999716,38.85,38.9,38.85,38.9,110.0,102.0,523.0,898.0,False,False
2882,2022-10-27 09:41:20.197541,-0.0012853470437017567,-0.0012853470437017567,-0.04999999999999716,-0.04999999999999716,38.85,38.9,38.85,38.9,110.0,102.0,523.0,898.0,False,False
2882,2022-10-27 09:41:21.631205,-0.0012853470437017567,-0.0012853470437017567,-0.04999999999999716,-0.04999999999999716,38.85,38.9,38.85,38.9,69.0,102.0,523.0,898.0,False,False
2882,2022-10-27 09:41:21.645700,-0.0012853470437017567,-0.0012853470437017567,-0.04999999999999716,-0.04999999999999716,38.85,38.9,38.85,38.9,69.0,101.0,523.0,898.0,False,False
2882,2022-10-27 09:41:23.679897,-0.0012853470437017567,-0.0012853470437017567,-0.04999999999999716,-0.04999999999999716,38.85,38.9,38.85,38.9,110.0,101.0,523.0,898.0,False,False
2882,2022-10-27 09:41:25.816475,-0.0012853470437017567,-0.0012853470437017567,-0.04999999999999716,-0.04999999999999716,38.85,38.9,38.85,38.9,110.0,97.0,523.0,898.0,False,False
2882,2022-10-27 09:41:25.843237,-0.0012853470437017567,-0.0012853470437017567,-0.04999999999999716,-0.04999999999999716,38.85,38.9,38.85,38.9,110.0,97.0,523.0,898.0,False,False
2882,2022-10-27 09:41:25.869158,-0.0012853470437017567,-0.0012853470437017567,-0.04999999999999716,-0.04999999999999716,38.85,38.9,38.85,38.9,110.0,97.0,523.0,898.0,False,False
2882,2022-10-27 09:41:26.368878,-0.0012853470437017567,-0.0012853470437017567,-0.04999999999999716,-0.04999999999999716,38.85,38.9,38.85,38.9,110.0,97.0,523.0,898.0,False,False
2882,2022-10-27 09:41:29.424137,-0.0012853470437017567,-0.0012853470437017567,-0.04999999999999716,-0.04999999999999716,38.85,38.9,38.85,38.9,110.0,97.0,523.0,898.0,True,True
2882,2022-10-27 09:41:29.578992,-0.0012853470437017567,-0.0012853470437017567,-0.04999999999999716,-0.04999999999999716,38.85,38.9,38.85,38.9,110.0,97.0,523.0,898.0,False,False
2882,2022-10-27 09:41:31.046170,-0.0012853470437017567,-0.0012853470437017567,-0.04999999999999716,-0.04999999999999716,38.85,38.9,38.85,38.9,110.0,97.0,523.0,898.0,False,False
2882,2022-10-27 09:41:31.539773,-0.0012853470437017567,-0.0012853470437017567,-0.04999999999999716,-0.04999999999999716,38.85,38.9,38.85,38.9,110.0,97.0,523.0,898.0,False,False
2882,2022-10-27 09:41:31.932882,-0.0012853470437017567,-0.0012853470437017567,-0.04999999999999716,-0.04999999999999716,38.85,38.9,38.85,38.9,110.0,97.0,523.0,898.0,False,False
2882,2022-10-27 09:41:33.459566,-0.0012853470437017567,-0.0012853470437017567,-0.04999999999999716,-0.04999999999999716,38.85,38.9,38.85,38.9,110.0,97.0,523.0,898.0,False,False
2882,2022-10-27 09:41:33.622734,-0.0012853470437017567,-0.0012853470437017567,-0.04999999999999716,-0.04999999999999716,38.85,38.9,38.85,38.9,110.0,97.0,523.0,898.0,False,False
2882,2022-10-27 09:41:34.893439,-0.0012853470437017567,-0.0012853470437017567,-0.04999999999999716,-0.04999999999999716,38.85,38.9,38.85,38.9,153.0,97.0,523.0,898.0,False,False
