symbol,datetime,NaOb_r,NbOa_r,NaOb_s,NbOa_s,bid1,ask1,odd_bid1,odd_ask1,bidQty1,askQty1,odd_bidQty1,odd_askQty1,simulate,triggerbyOdd
2883,2022-10-27 09:34:02.466506,0.0,-0.008438818565400852,0.0,-0.09999999999999964,11.75,11.8,11.8,11.85,1156.0,28.0,6149.0,5296.0,False,True
2883,2022-10-27 09:34:04.463711,0.0,-0.008438818565400852,0.0,-0.09999999999999964,11.75,11.8,11.8,11.85,1156.0,28.0,6149.0,5296.0,False,False
2883,2022-10-27 09:34:04.984319,0.0,-0.008438818565400852,0.0,-0.09999999999999964,11.75,11.8,11.8,11.85,1156.0,28.0,6149.0,5296.0,False,False
2883,2022-10-27 09:34:05.893781,0.0,-0.008438818565400852,0.0,-0.09999999999999964,11.75,11.8,11.8,11.85,1156.0,28.0,6149.0,5296.0,False,False
2883,2022-10-27 09:34:05.940752,0.0,-0.008438818565400852,0.0,-0.09999999999999964,11.75,11.8,11.8,11.85,1156.0,28.0,6149.0,5296.0,False,False
2883,2022-10-27 09:34:06.241547,0.0,-0.008438818565400852,0.0,-0.09999999999999964,11.75,11.8,11.8,11.85,1156.0,48.0,6149.0,5296.0,False,False
2883,2022-10-27 09:34:06.480249,0.0,-0.008438818565400852,0.0,-0.09999999999999964,11.75,11.8,11.8,11.85,1156.0,48.0,6149.0,5296.0,False,False
2883,2022-10-27 09:34:07.892842,0.0,-0.008438818565400852,0.0,-0.09999999999999964,11.75,11.8,11.8,11.85,1156.0,48.0,6149.0,5296.0,False,False
2883,2022-10-27 09:34:10.195249,0.0,-0.008438818565400852,0.0,-0.09999999999999964,11.75,11.8,11.8,11.85,1156.0,48.0,6149.0,5296.0,False,False
2883,2022-10-27 09:34:10.327359,0.0,-0.008438818565400852,0.0,-0.09999999999999964,11.75,11.8,11.8,11.85,1159.0,48.0,6149.0,5296.0,False,False
2883,2022-10-27 09:34:11.766109,0.0,-0.008438818565400852,0.0,-0.09999999999999964,11.75,11.8,11.8,11.85,1442.0,48.0,6149.0,5296.0,False,False
2883,2022-10-27 09:34:12.098620,0.0,-0.008438818565400852,0.0,-0.09999999999999964,11.75,11.8,11.8,11.85,1442.0,48.0,6149.0,5296.0,False,False
2883,2022-10-27 09:34:12.389473,0.0,-0.008438818565400852,0.0,-0.09999999999999964,11.75,11.8,11.8,11.85,1444.0,48.0,6149.0,5296.0,False,False
2883,2022-10-27 09:34:12.409138,0.0,-0.008438818565400852,0.0,-0.09999999999999964,11.75,11.8,11.8,11.85,1444.0,50.0,6149.0,5296.0,False,False
2883,2022-10-27 09:34:12.515833,0.0,-0.008438818565400852,0.0,-0.09999999999999964,11.75,11.8,11.8,11.85,1444.0,50.0,6149.0,5296.0,True,True
2883,2022-10-27 09:34:12.888711,0.0,-0.008438818565400852,0.0,-0.09999999999999964,11.75,11.8,11.8,11.85,1444.0,40.0,6149.0,5296.0,False,False
2883,2022-10-27 09:34:12.924574,0.0,-0.008438818565400852,0.0,-0.09999999999999964,11.75,11.8,11.8,11.85,1444.0,38.0,6149.0,5296.0,False,False
2883,2022-10-27 09:34:14.372043,0.0,-0.008438818565400852,0.0,-0.09999999999999964,11.75,11.8,11.8,11.85,1444.0,39.0,6149.0,5296.0,False,False
2883,2022-10-27 09:34:16.078723,0.0,-0.008438818565400852,0.0,-0.09999999999999964,11.75,11.8,11.8,11.85,1444.0,49.0,6149.0,5296.0,False,False
2883,2022-10-27 09:34:18.890068,0.0,-0.008438818565400852,0.0,-0.09999999999999964,11.75,11.8,11.8,11.85,1587.0,49.0,6149.0,5296.0,False,False
2883,2022-10-27 09:34:20.419569,0.0,-0.008438818565400852,0.0,-0.09999999999999964,11.75,11.8,11.8,11.85,1587.0,48.0,6149.0,5296.0,False,False
2883,2022-10-27 09:34:20.586332,0.0,-0.008438818565400852,0.0,-0.09999999999999964,11.75,11.8,11.8,11.85,1587.0,48.0,6149.0,5296.0,False,False
2883,2022-10-27 09:34:21.134510,0.0,-0.008438818565400852,0.0,-0.09999999999999964,11.75,11.8,11.8,11.85,1687.0,48.0,6149.0,5296.0,False,False
2883,2022-10-27 09:34:22.247909,0.0,-0.008438818565400852,0.0,-0.09999999999999964,11.75,11.8,11.8,11.85,1688.0,48.0,6149.0,5296.0,False,False
2883,2022-10-27 09:34:22.434201,0.0,-0.008438818565400852,0.0,-0.09999999999999964,11.75,11.8,11.8,11.85,1690.0,48.0,6149.0,5296.0,False,False
2883,2022-10-27 09:34:24.729778,0.0,-0.008438818565400852,0.0,-0.09999999999999964,11.75,11.8,11.8,11.85,1407.0,48.0,6149.0,5296.0,False,False
2883,2022-10-27 09:34:26.345455,0.0,-0.008438818565400852,0.0,-0.09999999999999964,11.75,11.8,11.8,11.85,1408.0,48.0,6149.0,5296.0,False,False
2883,2022-10-27 09:34:27.053960,0.0,-0.008438818565400852,0.0,-0.09999999999999964,11.75,11.8,11.8,11.85,1408.0,41.0,6149.0,5296.0,False,False
2883,2022-10-27 09:34:27.098096,0.0,-0.008438818565400852,0.0,-0.09999999999999964,11.75,11.8,11.8,11.85,1408.0,42.0,6149.0,5296.0,False,False
2883,2022-10-27 09:34:27.417174,0.0,-0.008438818565400852,0.0,-0.09999999999999964,11.75,11.8,11.8,11.85,1408.0,40.0,6149.0,5296.0,False,False
2883,2022-10-27 09:34:28.341477,0.0,-0.008438818565400852,0.0,-0.09999999999999964,11.75,11.8,11.8,11.85,1408.0,40.0,6149.0,5296.0,False,False
2883,2022-10-27 09:34:28.608491,0.0,-0.008438818565400852,0.0,-0.09999999999999964,11.75,11.8,11.8,11.85,1408.0,41.0,6149.0,5296.0,False,False
2883,2022-10-27 09:34:29.122486,0.0,-0.008438818565400852,0.0,-0.09999999999999964,11.75,11.8,11.8,11.85,1408.0,41.0,6149.0,5296.0,False,False
2883,2022-10-27 09:34:30.837298,0.0,-0.008438818565400852,0.0,-0.09999999999999964,11.75,11.8,11.8,11.85,1265.0,41.0,6149.0,5296.0,False,False
2883,2022-10-27 09:34:31.080515,0.0,-0.008438818565400852,0.0,-0.09999999999999964,11.75,11.8,11.8,11.85,1266.0,41.0,6149.0,5296.0,False,False
2883,2022-10-27 09:34:32.625878,0.0,-0.008438818565400852,0.0,-0.09999999999999964,11.75,11.8,11.8,11.85,1265.0,41.0,6149.0,5296.0,False,False
2883,2022-10-27 09:34:32.620717,0.0,-0.008438818565400852,0.0,-0.09999999999999964,11.75,11.8,11.8,11.85,1265.0,41.0,6549.0,5296.0,True,True
2883,2022-10-27 09:34:34.297138,0.0,-0.008438818565400852,0.0,-0.09999999999999964,11.75,11.8,11.8,11.85,1265.0,51.0,6549.0,5296.0,False,False
2883,2022-10-27 09:34:34.521027,0.0,-0.008438818565400852,0.0,-0.09999999999999964,11.75,11.8,11.8,11.85,1275.0,51.0,6549.0,5296.0,False,False
2883,2022-10-27 09:34:34.596395,0.0,-0.008438818565400852,0.0,-0.09999999999999964,11.75,11.8,11.8,11.85,1275.0,51.0,6549.0,5296.0,False,False
2883,2022-10-27 09:34:35.696662,0.0,-0.008438818565400852,0.0,-0.09999999999999964,11.75,11.8,11.8,11.85,1275.0,51.0,6549.0,5296.0,False,False
2883,2022-10-27 09:34:35.965278,0.0,-0.008438818565400852,0.0,-0.09999999999999964,11.75,11.8,11.8,11.85,1275.0,48.0,6549.0,5296.0,False,False
2883,2022-10-27 09:34:36.138269,0.0,-0.008438818565400852,0.0,-0.09999999999999964,11.75,11.8,11.8,11.85,1275.0,46.0,6549.0,5296.0,False,False
2883,2022-10-27 09:34:36.213379,0.0,-0.008438818565400852,0.0,-0.09999999999999964,11.75,11.8,11.8,11.85,1274.0,46.0,6549.0,5296.0,False,False
2883,2022-10-27 09:34:36.471725,0.0,-0.008438818565400852,0.0,-0.09999999999999964,11.75,11.8,11.8,11.85,1274.0,46.0,6549.0,5296.0,False,False
2883,2022-10-27 09:34:37.407375,0.0,-0.008438818565400852,0.0,-0.09999999999999964,11.75,11.8,11.8,11.85,1274.0,51.0,6549.0,5296.0,False,False
2883,2022-10-27 09:34:37.534354,0.0,-0.008438818565400852,0.0,-0.09999999999999964,11.75,11.8,11.8,11.85,1274.0,51.0,6549.0,5296.0,False,False
2883,2022-10-27 09:34:37.626999,0.0,-0.008438818565400852,0.0,-0.09999999999999964,11.75,11.8,11.8,11.85,1274.0,51.0,6549.0,5296.0,False,False
2883,2022-10-27 09:34:37.970900,0.0,-0.008438818565400852,0.0,-0.09999999999999964,11.75,11.8,11.8,11.85,1274.0,51.0,6549.0,5296.0,False,False
2883,2022-10-27 09:34:38.578519,0.0,-0.008438818565400852,0.0,-0.09999999999999964,11.75,11.8,11.8,11.85,1274.0,51.0,6549.0,5296.0,False,False
2883,2022-10-27 09:34:38.801998,0.0,-0.008438818565400852,0.0,-0.09999999999999964,11.75,11.8,11.8,11.85,1273.0,51.0,6549.0,5296.0,False,False
2883,2022-10-27 09:34:39.105303,0.0,-0.008438818565400852,0.0,-0.09999999999999964,11.75,11.8,11.8,11.85,1273.0,52.0,6549.0,5296.0,False,False
2883,2022-10-27 09:34:39.215074,0.0,-0.008438818565400852,0.0,-0.09999999999999964,11.75,11.8,11.8,11.85,1273.0,46.0,6549.0,5296.0,False,False
2883,2022-10-27 09:34:39.373487,0.0,-0.008438818565400852,0.0,-0.09999999999999964,11.75,11.8,11.8,11.85,1273.0,56.0,6549.0,5296.0,False,False
2883,2022-10-27 09:34:39.922853,0.0,-0.008438818565400852,0.0,-0.09999999999999964,11.75,11.8,11.8,11.85,1273.0,61.0,6549.0,5296.0,False,False
2883,2022-10-27 09:34:41.917719,0.0,-0.008438818565400852,0.0,-0.09999999999999964,11.75,11.8,11.8,11.85,1273.0,62.0,6549.0,5296.0,False,False
2883,2022-10-27 09:34:42.264758,0.0,-0.008438818565400852,0.0,-0.09999999999999964,11.75,11.8,11.8,11.85,1273.0,63.0,6549.0,5296.0,False,False
2883,2022-10-27 09:34:42.457726,0.0,-0.008438818565400852,0.0,-0.09999999999999964,11.75,11.8,11.8,11.85,1273.0,64.0,6549.0,5296.0,False,False
2883,2022-10-27 09:34:42.658819,0.0,-0.008438818565400852,0.0,-0.09999999999999964,11.75,11.8,11.8,11.85,1273.0,64.0,6549.0,5286.0,True,True
2883,2022-10-27 09:34:44.734391,0.0,-0.008438818565400852,0.0,-0.09999999999999964,11.75,11.8,11.8,11.85,1273.0,63.0,6549.0,5286.0,False,False
2883,2022-10-27 09:34:44.812592,0.0,-0.008438818565400852,0.0,-0.09999999999999964,11.75,11.8,11.8,11.85,1273.0,64.0,6549.0,5286.0,False,False
2883,2022-10-27 09:34:45.817390,0.0,-0.008438818565400852,0.0,-0.09999999999999964,11.75,11.8,11.8,11.85,1273.0,63.0,6549.0,5286.0,False,False
2883,2022-10-27 09:34:46.468531,0.0,-0.008438818565400852,0.0,-0.09999999999999964,11.75,11.8,11.8,11.85,1273.0,64.0,6549.0,5286.0,False,False
2883,2022-10-27 09:34:47.458853,0.0,-0.008438818565400852,0.0,-0.09999999999999964,11.75,11.8,11.8,11.85,1273.0,62.0,6549.0,5286.0,False,False
2883,2022-10-27 09:34:47.716083,0.0,-0.008438818565400852,0.0,-0.09999999999999964,11.75,11.8,11.8,11.85,1273.0,67.0,6549.0,5286.0,False,False
2883,2022-10-27 09:34:49.338810,0.0,-0.008438818565400852,0.0,-0.09999999999999964,11.75,11.8,11.8,11.85,1173.0,67.0,6549.0,5286.0,False,False
2883,2022-10-27 09:34:49.786356,0.0,-0.008438818565400852,0.0,-0.09999999999999964,11.75,11.8,11.8,11.85,1173.0,68.0,6549.0,5286.0,False,False
2883,2022-10-27 09:34:52.768561,0.0,-0.008438818565400852,0.0,-0.09999999999999964,11.75,11.8,11.8,11.85,1173.0,68.0,6549.0,5286.0,False,False
2883,2022-10-27 09:34:57.244851,0.0,-0.008438818565400852,0.0,-0.09999999999999964,11.75,11.8,11.8,11.85,1173.0,68.0,6549.0,5286.0,False,False
2883,2022-10-27 09:34:57.258704,0.0,-0.008438818565400852,0.0,-0.09999999999999964,11.75,11.8,11.8,11.85,1173.0,69.0,6549.0,5286.0,False,False
2883,2022-10-27 09:34:57.517649,0.0,-0.008438818565400852,0.0,-0.09999999999999964,11.75,11.8,11.8,11.85,1173.0,67.0,6549.0,5286.0,False,False
2883,2022-10-27 09:34:58.583822,0.0,-0.008438818565400852,0.0,-0.09999999999999964,11.75,11.8,11.8,11.85,1173.0,69.0,6549.0,5286.0,False,False
2883,2022-10-27 09:35:00.065121,0.0,-0.008438818565400852,0.0,-0.09999999999999964,11.75,11.8,11.8,11.85,1174.0,69.0,6549.0,5286.0,False,False
2883,2022-10-27 09:35:00.949452,0.0,-0.008438818565400852,0.0,-0.09999999999999964,11.75,11.8,11.8,11.85,1175.0,69.0,6549.0,5286.0,False,False
2883,2022-10-27 09:35:00.998027,0.0,-0.008438818565400852,0.0,-0.09999999999999964,11.75,11.8,11.8,11.85,1176.0,69.0,6549.0,5286.0,False,False
2883,2022-10-27 09:35:01.340772,0.0,-0.008438818565400852,0.0,-0.09999999999999964,11.75,11.8,11.8,11.85,1176.0,68.0,6549.0,5286.0,False,False
2883,2022-10-27 09:35:01.512303,0.0,-0.008438818565400852,0.0,-0.09999999999999964,11.75,11.8,11.8,11.85,1176.0,68.0,6549.0,5286.0,False,False
2883,2022-10-27 09:35:02.580706,0.0,-0.008438818565400852,0.0,-0.09999999999999964,11.75,11.8,11.8,11.85,1176.0,68.0,6549.0,5286.0,False,False
2883,2022-10-27 09:35:02.620184,0.0,-0.008438818565400852,0.0,-0.09999999999999964,11.75,11.8,11.8,11.85,1176.0,70.0,6549.0,5286.0,False,False
2883,2022-10-27 09:35:02.879297,0.0,-0.008438818565400852,0.0,-0.09999999999999964,11.75,11.8,11.8,11.85,1176.0,70.0,6559.0,5296.0,True,True
2883,2022-10-27 09:35:04.077406,0.0,-0.008438818565400852,0.0,-0.09999999999999964,11.75,11.8,11.8,11.85,1176.0,80.0,6559.0,5296.0,False,False
2883,2022-10-27 09:35:04.854803,0.0,-0.008438818565400852,0.0,-0.09999999999999964,11.75,11.8,11.8,11.85,1176.0,81.0,6559.0,5296.0,False,False
2883,2022-10-27 09:35:06.823167,0.0,-0.008438818565400852,0.0,-0.09999999999999964,11.75,11.8,11.8,11.85,1176.0,82.0,6559.0,5296.0,False,False
2883,2022-10-27 09:35:07.315227,0.0,-0.008438818565400852,0.0,-0.09999999999999964,11.75,11.8,11.8,11.85,1176.0,82.0,6559.0,5296.0,False,False
2883,2022-10-27 09:35:07.421426,0.0,-0.008438818565400852,0.0,-0.09999999999999964,11.75,11.8,11.8,11.85,1176.0,82.0,6559.0,5296.0,False,False
2883,2022-10-27 09:35:07.681394,0.0,-0.008438818565400852,0.0,-0.09999999999999964,11.75,11.8,11.8,11.85,1176.0,82.0,6559.0,5296.0,False,False
2883,2022-10-27 09:35:09.099967,0.0,-0.008438818565400852,0.0,-0.09999999999999964,11.75,11.8,11.8,11.85,1176.0,72.0,6559.0,5296.0,False,False
2883,2022-10-27 09:35:09.794760,0.0,-0.008438818565400852,0.0,-0.09999999999999964,11.75,11.8,11.8,11.85,1176.0,73.0,6559.0,5296.0,False,False
2883,2022-10-27 09:35:10.365297,0.0,-0.008438818565400852,0.0,-0.09999999999999964,11.75,11.8,11.8,11.85,1176.0,74.0,6559.0,5296.0,False,False
2883,2022-10-27 09:35:11.714420,0.0,-0.008438818565400852,0.0,-0.09999999999999964,11.75,11.8,11.8,11.85,1176.0,72.0,6559.0,5296.0,False,False
2883,2022-10-27 09:35:13.074583,0.0,-0.008438818565400852,0.0,-0.09999999999999964,11.75,11.8,11.8,11.85,1176.0,72.0,6570.0,5296.0,True,True
2883,2022-10-27 09:35:13.097489,0.0,-0.008438818565400852,0.0,-0.09999999999999964,11.75,11.8,11.8,11.85,1176.0,71.0,6570.0,5296.0,False,False
2883,2022-10-27 09:35:13.124500,0.0,-0.008438818565400852,0.0,-0.09999999999999964,11.75,11.8,11.8,11.85,1176.0,69.0,6570.0,5296.0,False,False
2883,2022-10-27 09:35:14.830747,0.0,-0.008438818565400852,0.0,-0.09999999999999964,11.75,11.8,11.8,11.85,1176.0,69.0,6570.0,5296.0,False,False
2883,2022-10-27 09:35:15.536943,0.0,-0.008438818565400852,0.0,-0.09999999999999964,11.75,11.8,11.8,11.85,1176.0,70.0,6570.0,5296.0,False,False
2883,2022-10-27 09:35:16.692519,0.0,-0.008438818565400852,0.0,-0.09999999999999964,11.75,11.8,11.8,11.85,1177.0,70.0,6570.0,5296.0,False,False
2883,2022-10-27 09:35:18.371362,0.0,-0.008438818565400852,0.0,-0.09999999999999964,11.75,11.8,11.8,11.85,1177.0,70.0,6570.0,5296.0,False,False
2883,2022-10-27 09:35:18.808390,0.0,-0.008438818565400852,0.0,-0.09999999999999964,11.75,11.8,11.8,11.85,1167.0,60.0,6570.0,5296.0,False,False
2883,2022-10-27 09:35:18.862737,0.0,-0.008438818565400852,0.0,-0.09999999999999964,11.75,11.8,11.8,11.85,1167.0,61.0,6570.0,5296.0,False,False
2883,2022-10-27 09:35:19.766716,0.0,-0.008438818565400852,0.0,-0.09999999999999964,11.75,11.8,11.8,11.85,1167.0,62.0,6570.0,5296.0,False,False
2883,2022-10-27 09:35:20.643361,0.0,-0.008438818565400852,0.0,-0.09999999999999964,11.75,11.8,11.8,11.85,1456.0,62.0,6570.0,5296.0,False,False
2883,2022-10-27 09:35:21.653258,0.0,-0.008438818565400852,0.0,-0.09999999999999964,11.75,11.8,11.8,11.85,1456.0,62.0,6570.0,5296.0,False,False
2883,2022-10-27 09:35:21.908192,0.0,-0.008438818565400852,0.0,-0.09999999999999964,11.75,11.8,11.8,11.85,1456.0,61.0,6570.0,5296.0,False,False
2883,2022-10-27 09:35:22.334636,0.0,-0.008438818565400852,0.0,-0.09999999999999964,11.75,11.8,11.8,11.85,1456.0,67.0,6570.0,5296.0,False,False
2883,2022-10-27 09:35:23.081470,0.0,-0.008438818565400852,0.0,-0.09999999999999964,11.75,11.8,11.8,11.85,1456.0,67.0,6569.0,5296.0,True,True
2883,2022-10-27 09:35:25.786937,0.0,-0.008438818565400852,0.0,-0.09999999999999964,11.75,11.8,11.8,11.85,1456.0,67.0,6569.0,5296.0,False,False
2883,2022-10-27 09:35:26.547146,0.0,-0.008438818565400852,0.0,-0.09999999999999964,11.75,11.8,11.8,11.85,1456.0,67.0,6569.0,5296.0,False,False
2883,2022-10-27 09:35:26.622127,0.0,-0.008438818565400852,0.0,-0.09999999999999964,11.75,11.8,11.8,11.85,1167.0,67.0,6569.0,5296.0,False,False
2883,2022-10-27 09:35:27.251482,0.0,-0.008438818565400852,0.0,-0.09999999999999964,11.75,11.8,11.8,11.85,1167.0,67.0,6569.0,5296.0,False,False
2883,2022-10-27 09:35:27.375255,0.0,-0.008438818565400852,0.0,-0.09999999999999964,11.75,11.8,11.8,11.85,1167.0,67.0,6569.0,5296.0,False,False
2883,2022-10-27 09:35:27.557164,0.0,-0.008438818565400852,0.0,-0.09999999999999964,11.75,11.8,11.8,11.85,1167.0,57.0,6569.0,5296.0,False,False
2883,2022-10-27 09:35:27.839821,0.0,-0.008438818565400852,0.0,-0.09999999999999964,11.75,11.8,11.8,11.85,1167.0,57.0,6569.0,5296.0,False,False
2883,2022-10-27 09:35:29.398980,0.0,-0.008438818565400852,0.0,-0.09999999999999964,11.75,11.8,11.8,11.85,1167.0,57.0,6569.0,5296.0,False,False
2883,2022-10-27 09:35:29.621203,0.0,-0.008438818565400852,0.0,-0.09999999999999964,11.75,11.8,11.8,11.85,1162.0,57.0,6569.0,5296.0,False,False
2883,2022-10-27 09:35:31.275381,0.0,-0.008438818565400852,0.0,-0.09999999999999964,11.75,11.8,11.8,11.85,1162.0,52.0,6569.0,5296.0,False,False
2883,2022-10-27 09:35:31.416170,0.0,-0.008438818565400852,0.0,-0.09999999999999964,11.75,11.8,11.8,11.85,1162.0,51.0,6569.0,5296.0,False,False
2883,2022-10-27 09:35:31.860402,0.0,-0.008438818565400852,0.0,-0.09999999999999964,11.75,11.8,11.8,11.85,1162.0,51.0,6569.0,5296.0,False,False
2883,2022-10-27 09:35:32.570657,0.0,-0.008438818565400852,0.0,-0.09999999999999964,11.75,11.8,11.8,11.85,1162.0,51.0,6569.0,5296.0,False,False
2883,2022-10-27 09:35:32.667131,0.0,-0.008438818565400852,0.0,-0.09999999999999964,11.75,11.8,11.8,11.85,1449.0,52.0,6569.0,5296.0,False,False
2883,2022-10-27 09:35:33.597989,0.0,-0.008438818565400852,0.0,-0.09999999999999964,11.75,11.8,11.8,11.85,1162.0,52.0,6569.0,5296.0,False,False
2883,2022-10-27 09:35:34.866212,0.0,-0.008438818565400852,0.0,-0.09999999999999964,11.75,11.8,11.8,11.85,1162.0,50.0,6569.0,5296.0,False,False
2883,2022-10-27 09:35:34.930967,0.0,-0.008438818565400852,0.0,-0.09999999999999964,11.75,11.8,11.8,11.85,1162.0,51.0,6569.0,5296.0,False,False
2883,2022-10-27 09:35:35.661061,0.0,-0.008438818565400852,0.0,-0.09999999999999964,11.75,11.8,11.8,11.85,1162.0,51.0,6569.0,5296.0,False,False
2883,2022-10-27 09:35:36.613216,0.0,-0.008438818565400852,0.0,-0.09999999999999964,11.75,11.8,11.8,11.85,1456.0,51.0,6569.0,5296.0,False,False
2883,2022-10-27 09:35:37.473036,0.0,-0.008438818565400852,0.0,-0.09999999999999964,11.75,11.8,11.8,11.85,1456.0,51.0,6569.0,5296.0,False,False
2883,2022-10-27 09:35:37.989064,0.0,-0.008438818565400852,0.0,-0.09999999999999964,11.75,11.8,11.8,11.85,1456.0,51.0,6569.0,5296.0,False,False
2883,2022-10-27 09:35:42.928927,0.0,-0.008438818565400852,0.0,-0.09999999999999964,11.75,11.8,11.8,11.85,1456.0,49.0,6569.0,5296.0,False,False
2883,2022-10-27 09:35:43.123636,0.0,-0.008438818565400852,0.0,-0.09999999999999964,11.75,11.8,11.8,11.85,1456.0,49.0,6154.0,5346.0,True,True
2883,2022-10-27 09:35:46.573715,0.0,-0.008438818565400852,0.0,-0.09999999999999964,11.75,11.8,11.8,11.85,1162.0,49.0,6154.0,5346.0,False,False
2883,2022-10-27 09:35:47.116838,0.0,-0.008438818565400852,0.0,-0.09999999999999964,11.75,11.8,11.8,11.85,1162.0,49.0,6154.0,5346.0,False,False
2883,2022-10-27 09:35:47.592815,0.0,-0.008438818565400852,0.0,-0.09999999999999964,11.75,11.8,11.8,11.85,1162.0,49.0,6154.0,5346.0,False,False
2883,2022-10-27 09:35:47.621947,0.0,-0.008438818565400852,0.0,-0.09999999999999964,11.75,11.8,11.8,11.85,1450.0,49.0,6154.0,5346.0,False,False
2883,2022-10-27 09:35:48.039610,0.0,-0.008438818565400852,0.0,-0.09999999999999964,11.75,11.8,11.8,11.85,1450.0,49.0,6154.0,5346.0,False,False
2883,2022-10-27 09:35:51.747061,0.0,-0.008438818565400852,0.0,-0.09999999999999964,11.75,11.8,11.8,11.85,1450.0,50.0,6154.0,5346.0,False,False
2883,2022-10-27 09:35:52.672938,0.0,-0.008438818565400852,0.0,-0.09999999999999964,11.75,11.8,11.8,11.85,1450.0,51.0,6154.0,5346.0,False,False
2883,2022-10-27 09:35:52.733603,0.0,-0.008438818565400852,0.0,-0.09999999999999964,11.75,11.8,11.8,11.85,1450.0,45.0,6154.0,5346.0,False,False
2883,2022-10-27 09:35:53.152869,0.0,-0.008438818565400852,0.0,-0.09999999999999964,11.75,11.8,11.8,11.85,1450.0,45.0,6354.0,5346.0,True,True
2883,2022-10-27 09:35:54.676541,0.0,-0.008438818565400852,0.0,-0.09999999999999964,11.75,11.8,11.8,11.85,1451.0,45.0,6354.0,5346.0,False,False
2883,2022-10-27 09:35:56.320858,0.0,-0.008438818565400852,0.0,-0.09999999999999964,11.75,11.8,11.8,11.85,1451.0,45.0,6354.0,5346.0,False,False
2883,2022-10-27 09:35:56.771789,0.0,-0.008438818565400852,0.0,-0.09999999999999964,11.75,11.8,11.8,11.85,1451.0,45.0,6354.0,5346.0,False,False
2883,2022-10-27 09:36:00.485527,0.0,-0.008438818565400852,0.0,-0.09999999999999964,11.75,11.8,11.8,11.85,1451.0,45.0,6354.0,5346.0,False,False
2883,2022-10-27 09:36:03.188622,0.0,-0.008438818565400852,0.0,-0.09999999999999964,11.75,11.8,11.8,11.85,1451.0,45.0,6451.0,5346.0,True,True
2883,2022-10-27 09:36:04.565417,0.0,-0.008438818565400852,0.0,-0.09999999999999964,11.75,11.8,11.8,11.85,1163.0,45.0,6451.0,5346.0,False,False
2883,2022-10-27 09:36:06.098647,0.0,-0.008438818565400852,0.0,-0.09999999999999964,11.75,11.8,11.8,11.85,1163.0,46.0,6451.0,5346.0,False,False
2883,2022-10-27 09:36:06.549712,0.0,-0.008438818565400852,0.0,-0.09999999999999964,11.75,11.8,11.8,11.85,1163.0,46.0,6451.0,5346.0,False,False
2883,2022-10-27 09:36:06.573283,0.0,-0.008438818565400852,0.0,-0.09999999999999964,11.75,11.8,11.8,11.85,1163.0,45.0,6451.0,5346.0,False,False
2883,2022-10-27 09:36:07.703185,0.0,-0.008438818565400852,0.0,-0.09999999999999964,11.75,11.8,11.8,11.85,1444.0,45.0,6451.0,5346.0,False,False
2883,2022-10-27 09:36:08.301505,0.0,-0.008438818565400852,0.0,-0.09999999999999964,11.75,11.8,11.8,11.85,1444.0,45.0,6451.0,5346.0,False,False
2883,2022-10-27 09:36:08.309218,0.0,-0.008438818565400852,0.0,-0.09999999999999964,11.75,11.8,11.8,11.85,1444.0,46.0,6451.0,5346.0,False,False
2883,2022-10-27 09:36:09.201620,0.0,-0.008438818565400852,0.0,-0.09999999999999964,11.75,11.8,11.8,11.85,1444.0,56.0,6451.0,5346.0,False,False
2883,2022-10-27 09:36:10.579938,0.0,-0.008438818565400852,0.0,-0.09999999999999964,11.75,11.8,11.8,11.85,1445.0,56.0,6451.0,5346.0,False,False
2883,2022-10-27 09:36:11.551803,0.0,-0.008438818565400852,0.0,-0.09999999999999964,11.75,11.8,11.8,11.85,1164.0,56.0,6451.0,5346.0,False,False
2883,2022-10-27 09:36:11.735918,0.0,-0.008438818565400852,0.0,-0.09999999999999964,11.75,11.8,11.8,11.85,1164.0,56.0,6451.0,5346.0,False,False
2883,2022-10-27 09:36:13.225131,0.0,-0.008438818565400852,0.0,-0.09999999999999964,11.75,11.8,11.8,11.85,1164.0,56.0,6501.0,5346.0,True,True
2883,2022-10-27 09:36:18.649571,0.0,-0.008438818565400852,0.0,-0.09999999999999964,11.75,11.8,11.8,11.85,1164.0,60.0,6501.0,5346.0,False,False
2883,2022-10-27 09:36:19.889572,0.0,-0.008438818565400852,0.0,-0.09999999999999964,11.75,11.8,11.8,11.85,1164.0,60.0,6501.0,5346.0,False,False
2883,2022-10-27 09:36:22.524736,0.0,-0.008438818565400852,0.0,-0.09999999999999964,11.75,11.8,11.8,11.85,1163.0,59.0,6501.0,5346.0,False,False
2883,2022-10-27 09:36:23.249705,0.0,-0.008438818565400852,0.0,-0.09999999999999964,11.75,11.8,11.8,11.85,1163.0,59.0,6511.0,5346.0,True,True
2883,2022-10-27 09:36:25.604509,0.0,-0.008438818565400852,0.0,-0.09999999999999964,11.75,11.8,11.8,11.85,1165.0,59.0,6511.0,5346.0,False,False
2883,2022-10-27 09:36:28.462307,0.0,-0.008438818565400852,0.0,-0.09999999999999964,11.75,11.8,11.8,11.85,1165.0,69.0,6511.0,5346.0,False,False
2883,2022-10-27 09:36:30.121866,0.0,-0.008438818565400852,0.0,-0.09999999999999964,11.75,11.8,11.8,11.85,1163.0,67.0,6511.0,5346.0,False,False
2883,2022-10-27 09:36:30.587566,0.0,-0.008438818565400852,0.0,-0.09999999999999964,11.75,11.8,11.8,11.85,1453.0,67.0,6511.0,5346.0,False,False
2883,2022-10-27 09:36:33.049839,0.0,-0.008438818565400852,0.0,-0.09999999999999964,11.75,11.8,11.8,11.85,1450.0,67.0,6511.0,5346.0,False,False
2883,2022-10-27 09:36:33.279594,0.0,-0.008438818565400852,0.0,-0.09999999999999964,11.75,11.8,11.8,11.85,1450.0,67.0,6511.0,5346.0,True,True
2883,2022-10-27 09:36:34.834608,0.0,-0.008438818565400852,0.0,-0.09999999999999964,11.75,11.8,11.8,11.85,1450.0,68.0,6511.0,5346.0,False,False
2883,2022-10-27 09:36:35.669280,0.0,-0.008438818565400852,0.0,-0.09999999999999964,11.75,11.8,11.8,11.85,1450.0,67.0,6511.0,5346.0,False,False
2883,2022-10-27 09:36:35.882171,0.0,-0.008438818565400852,0.0,-0.09999999999999964,11.75,11.8,11.8,11.85,1450.0,67.0,6511.0,5346.0,False,False
2883,2022-10-27 09:36:36.221532,0.0,-0.008438818565400852,0.0,-0.09999999999999964,11.75,11.8,11.8,11.85,1450.0,67.0,6511.0,5346.0,False,False
2883,2022-10-27 09:36:36.942684,0.0,-0.008438818565400852,0.0,-0.09999999999999964,11.75,11.8,11.8,11.85,1488.0,67.0,6511.0,5346.0,False,False
2883,2022-10-27 09:36:37.018117,0.0,-0.008438818565400852,0.0,-0.09999999999999964,11.75,11.8,11.8,11.85,1487.0,66.0,6511.0,5346.0,False,False
2883,2022-10-27 09:36:38.866101,0.0,-0.008438818565400852,0.0,-0.09999999999999964,11.75,11.8,11.8,11.85,1487.0,66.0,6511.0,5346.0,False,False
2883,2022-10-27 09:36:40.498718,0.0,-0.008438818565400852,0.0,-0.09999999999999964,11.75,11.8,11.8,11.85,1487.0,68.0,6511.0,5346.0,False,False
2883,2022-10-27 09:36:40.726859,0.0,-0.008438818565400852,0.0,-0.09999999999999964,11.75,11.8,11.8,11.85,1630.0,68.0,6511.0,5346.0,False,False
2883,2022-10-27 09:36:41.668947,0.0,-0.008438818565400852,0.0,-0.09999999999999964,11.75,11.8,11.8,11.85,1630.0,73.0,6511.0,5346.0,False,False
2883,2022-10-27 09:36:43.305515,0.0,-0.008438818565400852,0.0,-0.09999999999999964,11.75,11.8,11.8,11.85,1630.0,73.0,6211.0,5346.0,True,True
2883,2022-10-27 09:36:43.580753,0.0,-0.008438818565400852,0.0,-0.09999999999999964,11.75,11.8,11.8,11.85,1630.0,73.0,6211.0,5346.0,False,False
2883,2022-10-27 09:36:45.003399,0.0,-0.008438818565400852,0.0,-0.09999999999999964,11.75,11.8,11.8,11.85,1630.0,75.0,6211.0,5346.0,False,False
2883,2022-10-27 09:36:45.784253,0.0,-0.008438818565400852,0.0,-0.09999999999999964,11.75,11.8,11.8,11.85,1635.0,75.0,6211.0,5346.0,False,False
2883,2022-10-27 09:36:47.011013,0.0,-0.008438818565400852,0.0,-0.09999999999999964,11.75,11.8,11.8,11.85,1635.0,85.0,6211.0,5346.0,False,False
2883,2022-10-27 09:36:48.117809,0.0,-0.008438818565400852,0.0,-0.09999999999999964,11.75,11.8,11.8,11.85,1635.0,86.0,6211.0,5346.0,False,False
2883,2022-10-27 09:36:48.697264,0.0,-0.008438818565400852,0.0,-0.09999999999999964,11.75,11.8,11.8,11.85,1635.0,86.0,6211.0,5346.0,False,False
2883,2022-10-27 09:36:53.344776,0.0,-0.008438818565400852,0.0,-0.09999999999999964,11.75,11.8,11.8,11.85,1635.0,86.0,6211.0,5196.0,True,True
2883,2022-10-27 09:36:53.561931,0.0,-0.008438818565400852,0.0,-0.09999999999999964,11.75,11.8,11.8,11.85,1635.0,86.0,6211.0,5196.0,False,False
2883,2022-10-27 09:36:54.633752,0.0,-0.008438818565400852,0.0,-0.09999999999999964,11.75,11.8,11.8,11.85,1635.0,86.0,6211.0,5196.0,False,False
2883,2022-10-27 09:36:58.221139,0.0,-0.008438818565400852,0.0,-0.09999999999999964,11.75,11.8,11.8,11.85,1635.0,86.0,6211.0,5196.0,False,False
2883,2022-10-27 09:36:58.711769,0.0,-0.008438818565400852,0.0,-0.09999999999999964,11.75,11.8,11.8,11.85,1635.0,87.0,6211.0,5196.0,False,False
2883,2022-10-27 09:37:00.188862,0.0,-0.008438818565400852,0.0,-0.09999999999999964,11.75,11.8,11.8,11.85,1635.0,84.0,6211.0,5196.0,False,False
2883,2022-10-27 09:37:02.408031,0.0,-0.008438818565400852,0.0,-0.09999999999999964,11.75,11.8,11.8,11.85,1635.0,83.0,6211.0,5196.0,False,False
2883,2022-10-27 09:37:02.583066,0.0,-0.008438818565400852,0.0,-0.09999999999999964,11.75,11.8,11.8,11.85,1635.0,83.0,6411.0,5196.0,False,True
2883,2022-10-27 09:37:05.638688,0.0,-0.008438818565400852,0.0,-0.09999999999999964,11.75,11.8,11.8,11.85,1635.0,78.0,6411.0,5196.0,False,False
2883,2022-10-27 09:37:07.829270,0.0,-0.008438818565400852,0.0,-0.09999999999999964,11.75,11.8,11.8,11.85,1635.0,78.0,6411.0,5196.0,False,False
2883,2022-10-27 09:37:08.232840,0.0,-0.008438818565400852,0.0,-0.09999999999999964,11.75,11.8,11.8,11.85,1639.0,78.0,6411.0,5196.0,False,False
2883,2022-10-27 09:37:08.557036,0.0,-0.008438818565400852,0.0,-0.09999999999999964,11.75,11.8,11.8,11.85,1639.0,78.0,6411.0,5196.0,False,False
2883,2022-10-27 09:37:09.613437,0.0,-0.008438818565400852,0.0,-0.09999999999999964,11.75,11.8,11.8,11.85,1639.0,76.0,6411.0,5196.0,False,False
2883,2022-10-27 09:37:10.618352,0.0,-0.008438818565400852,0.0,-0.09999999999999964,11.75,11.8,11.8,11.85,1639.0,76.0,6411.0,5196.0,False,False
2883,2022-10-27 09:37:10.701220,0.0,-0.008438818565400852,0.0,-0.09999999999999964,11.75,11.8,11.8,11.85,1639.0,76.0,6411.0,5196.0,False,False
2883,2022-10-27 09:37:11.352534,0.0,-0.008438818565400852,0.0,-0.09999999999999964,11.75,11.8,11.8,11.85,1639.0,75.0,6411.0,5196.0,False,False
2883,2022-10-27 09:37:12.613826,0.0,-0.008438818565400852,0.0,-0.09999999999999964,11.75,11.8,11.8,11.85,1639.0,75.0,6411.0,5196.0,True,True
2883,2022-10-27 09:37:12.726586,0.0,-0.008438818565400852,0.0,-0.09999999999999964,11.75,11.8,11.8,11.85,1639.0,75.0,6411.0,5196.0,False,False
2883,2022-10-27 09:37:12.778133,0.0,-0.008438818565400852,0.0,-0.09999999999999964,11.75,11.8,11.8,11.85,1639.0,75.0,6411.0,5196.0,False,False
2883,2022-10-27 09:37:14.536559,0.0,-0.008438818565400852,0.0,-0.09999999999999964,11.75,11.8,11.8,11.85,1639.0,75.0,6411.0,5196.0,False,False
2883,2022-10-27 09:37:16.150449,0.0,-0.008438818565400852,0.0,-0.09999999999999964,11.75,11.8,11.8,11.85,1639.0,79.0,6411.0,5196.0,False,False
2883,2022-10-27 09:37:16.532639,0.0,-0.008438818565400852,0.0,-0.09999999999999964,11.75,11.8,11.8,11.85,1640.0,79.0,6411.0,5196.0,False,False
2883,2022-10-27 09:37:17.711733,0.0,-0.008438818565400852,0.0,-0.09999999999999964,11.75,11.8,11.8,11.85,1640.0,79.0,6411.0,5196.0,False,False
2883,2022-10-27 09:37:18.794384,0.0,-0.008438818565400852,0.0,-0.09999999999999964,11.75,11.8,11.8,11.85,1640.0,79.0,6411.0,5196.0,False,False
2883,2022-10-27 09:37:22.641940,0.0,-0.008438818565400852,0.0,-0.09999999999999964,11.75,11.8,11.8,11.85,1640.0,79.0,6511.0,5196.0,True,True
2883,2022-10-27 09:37:23.117196,0.0,-0.008438818565400852,0.0,-0.09999999999999964,11.75,11.8,11.8,11.85,1640.0,79.0,6511.0,5196.0,False,False
2883,2022-10-27 09:37:26.136362,0.0,-0.008438818565400852,0.0,-0.09999999999999964,11.75,11.8,11.8,11.85,1640.0,79.0,6511.0,5196.0,False,False
2883,2022-10-27 09:37:26.138793,0.0,-0.008438818565400852,0.0,-0.09999999999999964,11.75,11.8,11.8,11.85,1640.0,79.0,6511.0,5196.0,False,False
2883,2022-10-27 09:37:28.453728,0.0,-0.008438818565400852,0.0,-0.09999999999999964,11.75,11.8,11.8,11.85,1740.0,79.0,6511.0,5196.0,False,False
2883,2022-10-27 09:37:28.807628,0.0,-0.008438818565400852,0.0,-0.09999999999999964,11.75,11.8,11.8,11.85,1740.0,73.0,6511.0,5196.0,False,False
2883,2022-10-27 09:37:29.115472,0.0,-0.008438818565400852,0.0,-0.09999999999999964,11.75,11.8,11.8,11.85,1740.0,73.0,6511.0,5196.0,False,False
2883,2022-10-27 09:37:29.279533,0.0,-0.008438818565400852,0.0,-0.09999999999999964,11.75,11.8,11.8,11.85,1740.0,73.0,6511.0,5196.0,False,False
2883,2022-10-27 09:37:29.337962,0.0,-0.008438818565400852,0.0,-0.09999999999999964,11.75,11.8,11.8,11.85,1742.0,73.0,6511.0,5196.0,False,False
2883,2022-10-27 09:37:30.166625,0.0,-0.008438818565400852,0.0,-0.09999999999999964,11.75,11.8,11.8,11.85,1742.0,14.0,6511.0,5196.0,False,False
2883,2022-10-27 09:37:30.215397,0.0,-0.008438818565400852,0.0,-0.09999999999999964,11.75,11.8,11.8,11.85,1742.0,15.0,6511.0,5196.0,False,False
2883,2022-10-27 09:37:30.639399,0.0,-0.008438818565400852,0.0,-0.09999999999999964,11.75,11.8,11.8,11.85,1742.0,9.0,6511.0,5196.0,False,False
2883,2022-10-27 09:37:30.684451,0.0,-0.008438818565400852,0.0,-0.09999999999999964,11.75,11.8,11.8,11.85,1932.0,9.0,6511.0,5196.0,False,False
2883,2022-10-27 09:37:31.237092,0.0,-0.008438818565400852,0.0,-0.09999999999999964,11.75,11.8,11.8,11.85,1932.0,9.0,6511.0,5196.0,False,False
2883,2022-10-27 09:37:31.471439,0.0,-0.008438818565400852,0.0,-0.09999999999999964,11.75,11.8,11.8,11.85,1642.0,9.0,6511.0,5196.0,False,False
2883,2022-10-27 09:37:32.455779,0.0,-0.008438818565400852,0.0,-0.09999999999999964,11.75,11.8,11.8,11.85,1939.0,9.0,6511.0,5196.0,False,False
2883,2022-10-27 09:37:32.672036,0.0,-0.008438818565400852,0.0,-0.09999999999999964,11.75,11.8,11.8,11.85,1939.0,9.0,6401.0,5196.0,True,True
2883,2022-10-27 09:37:34.445043,0.0,-0.008438818565400852,0.0,-0.09999999999999964,11.75,11.8,11.8,11.85,1642.0,9.0,6401.0,5196.0,False,False
2883,2022-10-27 09:37:35.449553,0.0,-0.008438818565400852,0.0,-0.09999999999999964,11.75,11.8,11.8,11.85,1914.0,9.0,6401.0,5196.0,False,False
2883,2022-10-27 09:37:36.522115,0.0,-0.008438818565400852,0.0,-0.09999999999999964,11.75,11.8,11.8,11.85,1642.0,9.0,6401.0,5196.0,False,False
2883,2022-10-27 09:37:37.591888,0.0,-0.008438818565400852,0.0,-0.09999999999999964,11.75,11.8,11.8,11.85,1636.0,9.0,6401.0,5196.0,False,False
2883,2022-10-27 09:37:38.712273,0.0,-0.008438818565400852,0.0,-0.09999999999999964,11.75,11.8,11.8,11.85,1636.0,9.0,6401.0,5196.0,False,False
2883,2022-10-27 09:37:38.834451,0.0,-0.008438818565400852,0.0,-0.09999999999999964,11.75,11.8,11.8,11.85,1635.0,9.0,6401.0,5196.0,False,False
2883,2022-10-27 09:37:39.196115,-0.00421940928270037,-0.00421940928270037,-0.049999999999998934,-0.049999999999998934,11.8,11.85,11.8,11.85,1.0,1107.0,6401.0,5196.0,False,False
2883,2022-10-27 09:37:39.228256,-0.00421940928270037,-0.008438818565400852,-0.049999999999998934,-0.09999999999999964,11.75,11.85,11.8,11.85,1635.0,1107.0,6401.0,5196.0,False,False
2883,2022-10-27 09:37:39.228377,-0.00421940928270037,-0.008438818565400852,-0.049999999999998934,-0.09999999999999964,11.75,11.85,11.8,11.85,1635.0,1107.0,6401.0,5196.0,False,False
2883,2022-10-27 09:37:39.231671,-0.00421940928270037,-0.00421940928270037,-0.049999999999998934,-0.049999999999998934,11.8,11.85,11.8,11.85,15.0,1107.0,6401.0,5196.0,False,False
2883,2022-10-27 09:37:39.258570,-0.00421940928270037,-0.008438818565400852,-0.049999999999998934,-0.09999999999999964,11.75,11.85,11.8,11.85,1445.0,1107.0,6401.0,5196.0,False,False
2883,2022-10-27 09:37:39.268875,-0.00421940928270037,-0.00421940928270037,-0.049999999999998934,-0.049999999999998934,11.8,11.85,11.8,11.85,539.0,1107.0,6401.0,5196.0,False,False
2883,2022-10-27 09:37:39.281349,-0.00421940928270037,-0.00421940928270037,-0.049999999999998934,-0.049999999999998934,11.8,11.85,11.8,11.85,262.0,1107.0,6401.0,5196.0,False,False
2883,2022-10-27 09:37:39.337975,-0.00421940928270037,-0.00421940928270037,-0.049999999999998934,-0.049999999999998934,11.8,11.85,11.8,11.85,38.0,1042.0,6401.0,5196.0,False,False
2883,2022-10-27 09:37:39.371034,-0.00421940928270037,-0.008438818565400852,-0.049999999999998934,-0.09999999999999964,11.75,11.85,11.8,11.85,1678.0,1042.0,6401.0,5196.0,False,False
2883,2022-10-27 09:37:39.438638,-0.00421940928270037,-0.008438818565400852,-0.049999999999998934,-0.09999999999999964,11.75,11.85,11.8,11.85,1488.0,1042.0,6401.0,5196.0,False,False
2883,2022-10-27 09:37:39.473466,-0.00421940928270037,-0.008438818565400852,-0.049999999999998934,-0.09999999999999964,11.75,11.85,11.8,11.85,1488.0,1042.0,6401.0,5196.0,False,False
2883,2022-10-27 09:37:39.596287,-0.00421940928270037,-0.008438818565400852,-0.049999999999998934,-0.09999999999999964,11.75,11.85,11.8,11.85,1486.0,1042.0,6401.0,5196.0,False,False
2883,2022-10-27 09:37:40.178414,-0.00421940928270037,-0.008438818565400852,-0.049999999999998934,-0.09999999999999964,11.75,11.85,11.8,11.85,1486.0,1057.0,6401.0,5196.0,False,False
2883,2022-10-27 09:37:40.315558,0.0,-0.008438818565400852,0.0,-0.09999999999999964,11.75,11.8,11.8,11.85,1486.0,1.0,6401.0,5196.0,False,False
2883,2022-10-27 09:37:40.347194,0.0,-0.008438818565400852,0.0,-0.09999999999999964,11.75,11.8,11.8,11.85,1486.0,1.0,6401.0,5196.0,False,False
2883,2022-10-27 09:37:40.377150,0.0,-0.008438818565400852,0.0,-0.09999999999999964,11.75,11.8,11.8,11.85,1486.0,1.0,6401.0,5196.0,False,False
2883,2022-10-27 09:37:41.020213,0.0,-0.008438818565400852,0.0,-0.09999999999999964,11.75,11.8,11.8,11.85,1486.0,1.0,6401.0,5196.0,False,False
2883,2022-10-27 09:37:41.022708,0.0,-0.008438818565400852,0.0,-0.09999999999999964,11.75,11.8,11.8,11.85,1486.0,1.0,6401.0,5196.0,False,False
2883,2022-10-27 09:37:41.676375,0.0,-0.008438818565400852,0.0,-0.09999999999999964,11.75,11.8,11.8,11.85,1486.0,1.0,6401.0,5196.0,False,False
2883,2022-10-27 09:37:41.924048,-0.00421940928270037,-0.008438818565400852,-0.049999999999998934,-0.09999999999999964,11.75,11.85,11.8,11.85,1486.0,1056.0,6401.0,5196.0,False,False
2883,2022-10-27 09:37:41.948038,-0.00421940928270037,-0.008438818565400852,-0.049999999999998934,-0.09999999999999964,11.75,11.85,11.8,11.85,1486.0,1056.0,6401.0,5196.0,False,False
2883,2022-10-27 09:37:41.978452,-0.00421940928270037,-0.008438818565400852,-0.049999999999998934,-0.09999999999999964,11.75,11.85,11.8,11.85,1486.0,1056.0,6401.0,5196.0,False,False
2883,2022-10-27 09:37:42.710618,-0.00421940928270037,-0.008438818565400852,-0.049999999999998934,-0.09999999999999964,11.75,11.85,11.8,11.85,1486.0,1056.0,6401.0,4697.0,True,True
2883,2022-10-27 09:37:44.011494,-0.00421940928270037,-0.008438818565400852,-0.049999999999998934,-0.09999999999999964,11.75,11.85,11.8,11.85,1486.0,1056.0,6401.0,4697.0,False,False
2883,2022-10-27 09:37:44.017464,-0.00421940928270037,-0.008438818565400852,-0.049999999999998934,-0.09999999999999964,11.75,11.85,11.8,11.85,1486.0,1056.0,6401.0,4697.0,False,False
2883,2022-10-27 09:37:44.604697,-0.00421940928270037,-0.008438818565400852,-0.049999999999998934,-0.09999999999999964,11.75,11.85,11.8,11.85,1343.0,1056.0,6401.0,4697.0,False,False
2883,2022-10-27 09:37:44.740531,0.0,-0.008438818565400852,0.0,-0.09999999999999964,11.75,11.8,11.8,11.85,1343.0,1.0,6401.0,4697.0,False,False
2883,2022-10-27 09:37:44.803026,0.0,-0.008438818565400852,0.0,-0.09999999999999964,11.75,11.8,11.8,11.85,1343.0,1.0,6401.0,4697.0,False,False
2883,2022-10-27 09:37:46.560429,0.0,-0.008438818565400852,0.0,-0.09999999999999964,11.75,11.8,11.8,11.85,1343.0,5.0,6401.0,4697.0,False,False
2883,2022-10-27 09:37:47.162926,0.0,-0.008438818565400852,0.0,-0.09999999999999964,11.75,11.8,11.8,11.85,1343.0,5.0,6401.0,4697.0,False,False
2883,2022-10-27 09:37:49.398768,0.0,-0.008438818565400852,0.0,-0.09999999999999964,11.75,11.8,11.8,11.85,1343.0,5.0,6401.0,4697.0,False,False
2883,2022-10-27 09:37:49.400340,0.0,-0.008438818565400852,0.0,-0.09999999999999964,11.75,11.8,11.8,11.85,1345.0,5.0,6401.0,4697.0,False,False
2883,2022-10-27 09:37:50.566746,0.0,-0.008438818565400852,0.0,-0.09999999999999964,11.75,11.8,11.8,11.85,1345.0,11.0,6401.0,4697.0,False,False
2883,2022-10-27 09:37:51.683333,0.0,-0.008438818565400852,0.0,-0.09999999999999964,11.75,11.8,11.8,11.85,1345.0,12.0,6401.0,4697.0,False,False
2883,2022-10-27 09:37:52.753752,0.0,-0.008438818565400852,0.0,-0.09999999999999964,11.75,11.8,11.8,11.85,1345.0,12.0,6401.0,4697.0,True,True
2883,2022-10-27 09:37:54.653043,0.0,-0.008438818565400852,0.0,-0.09999999999999964,11.75,11.8,11.8,11.85,1345.0,12.0,6401.0,4697.0,False,False
2883,2022-10-27 09:38:02.291515,0.0,-0.008438818565400852,0.0,-0.09999999999999964,11.75,11.8,11.8,11.85,1345.0,19.0,6401.0,4697.0,False,False
2883,2022-10-27 09:38:02.783865,0.0,-0.008438818565400852,0.0,-0.09999999999999964,11.75,11.8,11.8,11.85,1345.0,19.0,6611.0,4608.0,True,True
2883,2022-10-27 09:38:03.746079,0.0,-0.008438818565400852,0.0,-0.09999999999999964,11.75,11.8,11.8,11.85,1345.0,19.0,6611.0,4608.0,False,False
2883,2022-10-27 09:38:03.985502,0.0,-0.008438818565400852,0.0,-0.09999999999999964,11.75,11.8,11.8,11.85,1345.0,19.0,6611.0,4608.0,False,False
2883,2022-10-27 09:38:04.703800,0.0,-0.008438818565400852,0.0,-0.09999999999999964,11.75,11.8,11.8,11.85,1345.0,19.0,6611.0,4608.0,False,False
2883,2022-10-27 09:38:06.230379,0.0,-0.008438818565400852,0.0,-0.09999999999999964,11.75,11.8,11.8,11.85,1345.0,19.0,6611.0,4608.0,False,False
2883,2022-10-27 09:38:07.677636,0.0,-0.008438818565400852,0.0,-0.09999999999999964,11.75,11.8,11.8,11.85,1345.0,19.0,6611.0,4608.0,False,False
2883,2022-10-27 09:38:09.649193,0.0,-0.008438818565400852,0.0,-0.09999999999999964,11.75,11.8,11.8,11.85,1345.0,19.0,6611.0,4608.0,False,False
2883,2022-10-27 09:38:10.492447,0.0,-0.008438818565400852,0.0,-0.09999999999999964,11.75,11.8,11.8,11.85,1345.0,19.0,6611.0,4608.0,False,False
2883,2022-10-27 09:38:11.292394,0.0,-0.008438818565400852,0.0,-0.09999999999999964,11.75,11.8,11.8,11.85,1345.0,18.0,6611.0,4608.0,False,False
2883,2022-10-27 09:38:12.811977,0.0,-0.008438818565400852,0.0,-0.09999999999999964,11.75,11.8,11.8,11.85,1345.0,18.0,6611.0,4907.0,True,True
2883,2022-10-27 09:38:13.691032,0.0,-0.008438818565400852,0.0,-0.09999999999999964,11.75,11.8,11.8,11.85,1345.0,18.0,6611.0,4907.0,False,False
2883,2022-10-27 09:38:13.762035,0.0,-0.008438818565400852,0.0,-0.09999999999999964,11.75,11.8,11.8,11.85,1345.0,18.0,6611.0,4907.0,False,False
2883,2022-10-27 09:38:15.490018,0.0,-0.008438818565400852,0.0,-0.09999999999999964,11.75,11.8,11.8,11.85,1345.0,18.0,6611.0,4907.0,False,False
2883,2022-10-27 09:38:19.086987,0.0,-0.008438818565400852,0.0,-0.09999999999999964,11.75,11.8,11.8,11.85,1345.0,16.0,6611.0,4907.0,False,False
2883,2022-10-27 09:38:19.696064,0.0,-0.008438818565400852,0.0,-0.09999999999999964,11.75,11.8,11.8,11.85,1345.0,19.0,6611.0,4907.0,False,False
2883,2022-10-27 09:38:20.542583,0.0,-0.008438818565400852,0.0,-0.09999999999999964,11.75,11.8,11.8,11.85,1618.0,19.0,6611.0,4907.0,False,False
2883,2022-10-27 09:38:20.912037,0.0,-0.008438818565400852,0.0,-0.09999999999999964,11.75,11.8,11.8,11.85,1618.0,29.0,6611.0,4907.0,False,False
2883,2022-10-27 09:38:21.772668,0.0,-0.008438818565400852,0.0,-0.09999999999999964,11.75,11.8,11.8,11.85,1618.0,29.0,6611.0,4907.0,False,False
2883,2022-10-27 09:38:22.566020,0.0,-0.008438818565400852,0.0,-0.09999999999999964,11.75,11.8,11.8,11.85,1618.0,31.0,6611.0,4907.0,False,False
2883,2022-10-27 09:38:22.838976,0.0,-0.008438818565400852,0.0,-0.09999999999999964,11.75,11.8,11.8,11.85,1618.0,31.0,6861.0,4407.0,True,True
2883,2022-10-27 09:38:23.617716,0.0,-0.008438818565400852,0.0,-0.09999999999999964,11.75,11.8,11.8,11.85,1618.0,41.0,6861.0,4407.0,False,False
2883,2022-10-27 09:38:24.661313,0.0,-0.008438818565400852,0.0,-0.09999999999999964,11.75,11.8,11.8,11.85,1761.0,41.0,6861.0,4407.0,False,False
2883,2022-10-27 09:38:25.469148,0.0,-0.008438818565400852,0.0,-0.09999999999999964,11.75,11.8,11.8,11.85,1761.0,41.0,6861.0,4407.0,False,False
2883,2022-10-27 09:38:25.923482,0.0,-0.008438818565400852,0.0,-0.09999999999999964,11.75,11.8,11.8,11.85,1761.0,43.0,6861.0,4407.0,False,False
2883,2022-10-27 09:38:26.209581,0.0,-0.008438818565400852,0.0,-0.09999999999999964,11.75,11.8,11.8,11.85,1761.0,39.0,6861.0,4407.0,False,False
2883,2022-10-27 09:38:28.686162,0.0,-0.008438818565400852,0.0,-0.09999999999999964,11.75,11.8,11.8,11.85,1761.0,32.0,6861.0,4407.0,False,False
2883,2022-10-27 09:38:30.346273,0.0,-0.008438818565400852,0.0,-0.09999999999999964,11.75,11.8,11.8,11.85,1761.0,12.0,6861.0,4407.0,False,False
2883,2022-10-27 09:38:30.394944,0.0,-0.008438818565400852,0.0,-0.09999999999999964,11.75,11.8,11.8,11.85,1761.0,9.0,6861.0,4407.0,False,False
2883,2022-10-27 09:38:30.433497,0.0,-0.008438818565400852,0.0,-0.09999999999999964,11.75,11.8,11.8,11.85,1941.0,9.0,6861.0,4407.0,False,False
2883,2022-10-27 09:38:31.088604,0.0,-0.008438818565400852,0.0,-0.09999999999999964,11.75,11.8,11.8,11.85,1941.0,13.0,6861.0,4407.0,False,False
2883,2022-10-27 09:38:31.422266,0.0,-0.008438818565400852,0.0,-0.09999999999999964,11.75,11.8,11.8,11.85,1941.0,14.0,6861.0,4407.0,False,False
2883,2022-10-27 09:38:31.903517,0.0,-0.008438818565400852,0.0,-0.09999999999999964,11.75,11.8,11.8,11.85,1941.0,13.0,6861.0,4407.0,False,False
2883,2022-10-27 09:38:32.872786,0.0,-0.008438818565400852,0.0,-0.09999999999999964,11.75,11.8,11.8,11.85,1941.0,13.0,6861.0,4907.0,True,True
2883,2022-10-27 09:38:36.015265,0.0,-0.008438818565400852,0.0,-0.09999999999999964,11.75,11.8,11.8,11.85,1931.0,13.0,6861.0,4907.0,False,False
2883,2022-10-27 09:38:40.375139,0.0,-0.008438818565400852,0.0,-0.09999999999999964,11.75,11.8,11.8,11.85,1931.0,18.0,6861.0,4907.0,False,False
2883,2022-10-27 09:38:40.406663,0.0,-0.008438818565400852,0.0,-0.09999999999999964,11.75,11.8,11.8,11.85,1751.0,18.0,6861.0,4907.0,False,False
2883,2022-10-27 09:38:41.430185,0.0,-0.008438818565400852,0.0,-0.09999999999999964,11.75,11.8,11.8,11.85,1751.0,15.0,6861.0,4907.0,False,False
2883,2022-10-27 09:38:41.430675,0.0,-0.008438818565400852,0.0,-0.09999999999999964,11.75,11.8,11.8,11.85,1751.0,15.0,6861.0,4907.0,False,False
2883,2022-10-27 09:38:42.240368,0.0,-0.008438818565400852,0.0,-0.09999999999999964,11.75,11.8,11.8,11.85,1748.0,15.0,6861.0,4907.0,False,False
2883,2022-10-27 09:38:43.855826,0.0,-0.008438818565400852,0.0,-0.09999999999999964,11.75,11.8,11.8,11.85,1748.0,12.0,6861.0,4907.0,False,False
2883,2022-10-27 09:38:44.089632,0.0,-0.008438818565400852,0.0,-0.09999999999999964,11.75,11.8,11.8,11.85,1748.0,9.0,6861.0,4907.0,False,False
2883,2022-10-27 09:38:44.774910,0.0,-0.008438818565400852,0.0,-0.09999999999999964,11.75,11.8,11.8,11.85,1746.0,7.0,6861.0,4907.0,False,False
2883,2022-10-27 09:38:44.924272,0.0,-0.008438818565400852,0.0,-0.09999999999999964,11.75,11.8,11.8,11.85,1747.0,7.0,6861.0,4907.0,False,False
2883,2022-10-27 09:38:45.286361,0.0,-0.008438818565400852,0.0,-0.09999999999999964,11.75,11.8,11.8,11.85,1747.0,1.0,6861.0,4907.0,False,False
2883,2022-10-27 09:38:45.896332,0.0,-0.008438818565400852,0.0,-0.09999999999999964,11.75,11.8,11.8,11.85,1754.0,1.0,6861.0,4907.0,False,False
2883,2022-10-27 09:38:46.766780,-0.00421940928270037,-0.00421940928270037,-0.049999999999998934,-0.049999999999998934,11.8,11.85,11.8,11.85,5.0,1052.0,6861.0,4907.0,False,False
2883,2022-10-27 09:38:46.798521,-0.00421940928270037,-0.008438818565400852,-0.049999999999998934,-0.09999999999999964,11.75,11.85,11.8,11.85,1754.0,1052.0,6861.0,4907.0,False,False
2883,2022-10-27 09:38:46.798611,-0.00421940928270037,-0.008438818565400852,-0.049999999999998934,-0.09999999999999964,11.75,11.85,11.8,11.85,1754.0,1052.0,6861.0,4907.0,False,False
2883,2022-10-27 09:38:46.798728,-0.00421940928270037,-0.00421940928270037,-0.049999999999998934,-0.049999999999998934,11.8,11.85,11.8,11.85,3.0,1052.0,6861.0,4907.0,False,False
2883,2022-10-27 09:38:46.810615,-0.00421940928270037,-0.00421940928270037,-0.049999999999998934,-0.049999999999998934,11.8,11.85,11.8,11.85,3.0,1052.0,6861.0,4907.0,False,False
2883,2022-10-27 09:38:46.832416,-0.00421940928270037,-0.008438818565400852,-0.049999999999998934,-0.09999999999999964,11.75,11.85,11.8,11.85,1754.0,1052.0,6861.0,4907.0,False,False
2883,2022-10-27 09:38:46.887780,-0.00421940928270037,-0.008438818565400852,-0.049999999999998934,-0.09999999999999964,11.75,11.85,11.8,11.85,1754.0,1118.0,6861.0,4907.0,False,False
2883,2022-10-27 09:38:47.408967,-0.00421940928270037,-0.00421940928270037,-0.049999999999998934,-0.049999999999998934,11.8,11.85,11.8,11.85,273.0,1118.0,6861.0,4907.0,False,False
2883,2022-10-27 09:38:47.451478,-0.00421940928270037,-0.008438818565400852,-0.049999999999998934,-0.09999999999999964,11.75,11.85,11.8,11.85,1481.0,1118.0,6861.0,4907.0,False,False
2883,2022-10-27 09:38:47.451461,-0.00421940928270037,-0.00421940928270037,-0.049999999999998934,-0.049999999999998934,11.8,11.85,11.8,11.85,273.0,1118.0,6861.0,4907.0,False,False
2883,2022-10-27 09:38:47.531855,-0.00421940928270037,-0.008438818565400852,-0.049999999999998934,-0.09999999999999964,11.75,11.85,11.8,11.85,1481.0,1118.0,6861.0,4907.0,False,False
2883,2022-10-27 09:38:47.572476,-0.00421940928270037,-0.008438818565400852,-0.049999999999998934,-0.09999999999999964,11.75,11.85,11.8,11.85,1481.0,1118.0,6861.0,4907.0,False,False
2883,2022-10-27 09:38:47.613281,-0.00421940928270037,-0.008438818565400852,-0.049999999999998934,-0.09999999999999964,11.75,11.85,11.8,11.85,1473.0,1118.0,6861.0,4907.0,False,False
2883,2022-10-27 09:38:47.582583,-0.00421940928270037,-0.008438818565400852,-0.049999999999998934,-0.09999999999999964,11.75,11.85,11.8,11.85,1481.0,1118.0,6861.0,4907.0,False,False
2883,2022-10-27 09:38:47.799728,0.0,-0.008438818565400852,0.0,-0.09999999999999964,11.75,11.8,11.8,11.85,1473.0,1.0,6861.0,4907.0,False,False
2883,2022-10-27 09:38:47.840259,0.0,-0.008438818565400852,0.0,-0.09999999999999964,11.75,11.8,11.8,11.85,1473.0,1.0,6861.0,4907.0,False,False
2883,2022-10-27 09:38:48.419372,0.0,-0.008438818565400852,0.0,-0.09999999999999964,11.75,11.8,11.8,11.85,1728.0,1.0,6861.0,4907.0,False,False
2883,2022-10-27 09:38:48.569291,0.0,-0.008438818565400852,0.0,-0.09999999999999964,11.75,11.8,11.8,11.85,1728.0,4.0,6861.0,4907.0,False,False
2883,2022-10-27 09:38:49.260494,0.0,-0.008438818565400852,0.0,-0.09999999999999964,11.75,11.8,11.8,11.85,1728.0,2.0,6861.0,4907.0,False,False
2883,2022-10-27 09:38:49.397485,-0.00421940928270037,-0.008438818565400852,-0.049999999999998934,-0.09999999999999964,11.75,11.85,11.8,11.85,1728.0,1118.0,6861.0,4907.0,False,False
2883,2022-10-27 09:38:49.436087,-0.00421940928270037,-0.008438818565400852,-0.049999999999998934,-0.09999999999999964,11.75,11.85,11.8,11.85,1728.0,1118.0,6861.0,4907.0,False,False
2883,2022-10-27 09:38:49.447962,-0.00421940928270037,-0.008438818565400852,-0.049999999999998934,-0.09999999999999964,11.75,11.85,11.8,11.85,1728.0,1118.0,6861.0,4907.0,False,False
2883,2022-10-27 09:38:49.480224,-0.00421940928270037,-0.008438818565400852,-0.049999999999998934,-0.09999999999999964,11.75,11.85,11.8,11.85,1728.0,1118.0,6861.0,4907.0,False,False
2883,2022-10-27 09:38:50.406556,-0.00421940928270037,-0.008438818565400852,-0.049999999999998934,-0.09999999999999964,11.75,11.85,11.8,11.85,1473.0,1118.0,6861.0,4907.0,False,False
2883,2022-10-27 09:38:50.445261,-0.00421940928270037,-0.008438818565400852,-0.049999999999998934,-0.09999999999999964,11.75,11.85,11.8,11.85,1473.0,1118.0,6861.0,4907.0,False,False
2883,2022-10-27 09:38:50.445303,-0.00421940928270037,-0.008438818565400852,-0.049999999999998934,-0.09999999999999964,11.75,11.85,11.8,11.85,1473.0,1118.0,6861.0,4907.0,False,False
2883,2022-10-27 09:38:50.477774,-0.00421940928270037,-0.008438818565400852,-0.049999999999998934,-0.09999999999999964,11.75,11.85,11.8,11.85,1473.0,1118.0,6861.0,4907.0,False,False
2883,2022-10-27 09:38:50.979188,-0.00421940928270037,-0.008438818565400852,-0.049999999999998934,-0.09999999999999964,11.75,11.85,11.8,11.85,1473.0,1118.0,6861.0,4907.0,False,False
2883,2022-10-27 09:38:50.986716,-0.00421940928270037,-0.008438818565400852,-0.049999999999998934,-0.09999999999999964,11.75,11.85,11.8,11.85,1473.0,1118.0,6861.0,4907.0,False,False
2883,2022-10-27 09:38:51.409080,-0.00421940928270037,-0.008438818565400852,-0.049999999999998934,-0.09999999999999964,11.75,11.85,11.8,11.85,1551.0,1118.0,6861.0,4907.0,False,False
2883,2022-10-27 09:38:52.221862,0.0,-0.008438818565400852,0.0,-0.09999999999999964,11.75,11.8,11.8,11.85,1551.0,4.0,6861.0,4907.0,False,False
2883,2022-10-27 09:38:52.287520,0.0,-0.008438818565400852,0.0,-0.09999999999999964,11.75,11.8,11.8,11.85,1551.0,4.0,6861.0,4907.0,False,False
2883,2022-10-27 09:38:52.952947,0.0,-0.008438818565400852,0.0,-0.09999999999999964,11.75,11.8,11.8,11.85,1551.0,4.0,6861.0,4907.0,True,True
2883,2022-10-27 09:38:55.852100,0.0,-0.008438818565400852,0.0,-0.09999999999999964,11.75,11.8,11.8,11.85,1551.0,4.0,6861.0,4907.0,False,False
2883,2022-10-27 09:38:58.468632,0.0,-0.008438818565400852,0.0,-0.09999999999999964,11.75,11.8,11.8,11.85,1552.0,4.0,6861.0,4907.0,False,False
2883,2022-10-27 09:38:59.263687,0.0,-0.008438818565400852,0.0,-0.09999999999999964,11.75,11.8,11.8,11.85,1552.0,4.0,6861.0,4907.0,False,False
2883,2022-10-27 09:38:59.535627,0.0,-0.008438818565400852,0.0,-0.09999999999999964,11.75,11.8,11.8,11.85,1552.0,5.0,6861.0,4907.0,False,False
2883,2022-10-27 09:38:59.603523,0.0,-0.008438818565400852,0.0,-0.09999999999999964,11.75,11.8,11.8,11.85,1552.0,7.0,6861.0,4907.0,False,False
2883,2022-10-27 09:38:59.627315,0.0,-0.008438818565400852,0.0,-0.09999999999999964,11.75,11.8,11.8,11.85,1552.0,4.0,6861.0,4907.0,False,False
2883,2022-10-27 09:39:01.455094,0.0,-0.008438818565400852,0.0,-0.09999999999999964,11.75,11.8,11.8,11.85,1552.0,4.0,6861.0,4907.0,False,False
2883,2022-10-27 09:39:01.476247,0.0,-0.008438818565400852,0.0,-0.09999999999999964,11.75,11.8,11.8,11.85,1552.0,4.0,6861.0,4907.0,False,False
2883,2022-10-27 09:39:02.648978,0.0,-0.008438818565400852,0.0,-0.09999999999999964,11.75,11.8,11.8,11.85,1552.0,5.0,6861.0,4907.0,False,False
2883,2022-10-27 09:39:02.978791,0.0,-0.008438818565400852,0.0,-0.09999999999999964,11.75,11.8,11.8,11.85,1552.0,4.0,6861.0,4907.0,False,False
2883,2022-10-27 09:39:02.981994,0.0,-0.008438818565400852,0.0,-0.09999999999999964,11.75,11.8,11.8,11.85,1552.0,4.0,6647.0,5496.0,True,True
2883,2022-10-27 09:39:03.113589,-0.00421940928270037,-0.00421940928270037,-0.049999999999998934,-0.049999999999998934,11.8,11.85,11.8,11.85,1.0,1115.0,6647.0,5496.0,False,False
2883,2022-10-27 09:39:03.136693,-0.00421940928270037,-0.008438818565400852,-0.049999999999998934,-0.09999999999999964,11.75,11.85,11.8,11.85,1552.0,1115.0,6647.0,5496.0,False,False
2883,2022-10-27 09:39:03.136712,-0.00421940928270037,-0.008438818565400852,-0.049999999999998934,-0.09999999999999964,11.75,11.85,11.8,11.85,1552.0,1115.0,6647.0,5496.0,False,False
2883,2022-10-27 09:39:03.157247,-0.00421940928270037,-0.008438818565400852,-0.049999999999998934,-0.09999999999999964,11.75,11.85,11.8,11.85,1552.0,1115.0,6647.0,5496.0,False,False
2883,2022-10-27 09:39:03.430718,0.0,-0.008438818565400852,0.0,-0.09999999999999964,11.75,11.8,11.8,11.85,1552.0,1.0,6647.0,5496.0,False,False
2883,2022-10-27 09:39:03.454038,0.0,-0.008438818565400852,0.0,-0.09999999999999964,11.75,11.8,11.8,11.85,1552.0,1.0,6647.0,5496.0,False,False
2883,2022-10-27 09:39:03.484716,0.0,-0.008438818565400852,0.0,-0.09999999999999964,11.75,11.8,11.8,11.85,1552.0,1.0,6647.0,5496.0,False,False
2883,2022-10-27 09:39:03.657689,0.0,-0.008438818565400852,0.0,-0.09999999999999964,11.75,11.8,11.8,11.85,1552.0,1.0,6647.0,5496.0,False,False
2883,2022-10-27 09:39:04.975654,0.0,-0.008438818565400852,0.0,-0.09999999999999964,11.75,11.8,11.8,11.85,1552.0,1.0,6647.0,5496.0,False,False
2883,2022-10-27 09:39:04.981606,0.0,-0.008438818565400852,0.0,-0.09999999999999964,11.75,11.8,11.8,11.85,1552.0,1.0,6647.0,5496.0,False,False
2883,2022-10-27 09:39:05.567393,0.0,-0.008438818565400852,0.0,-0.09999999999999964,11.75,11.8,11.8,11.85,1552.0,6.0,6647.0,5496.0,False,False
2883,2022-10-27 09:39:06.052019,0.0,-0.008438818565400852,0.0,-0.09999999999999964,11.75,11.8,11.8,11.85,1552.0,1.0,6647.0,5496.0,False,False
2883,2022-10-27 09:39:06.689102,0.0,-0.008438818565400852,0.0,-0.09999999999999964,11.75,11.8,11.8,11.85,1552.0,1.0,6647.0,5496.0,False,False
2883,2022-10-27 09:39:09.007479,-0.00421940928270037,-0.008438818565400852,-0.049999999999998934,-0.09999999999999964,11.75,11.85,11.8,11.85,1552.0,1115.0,6647.0,5496.0,False,False
2883,2022-10-27 09:39:09.037842,-0.00421940928270037,-0.008438818565400852,-0.049999999999998934,-0.09999999999999964,11.75,11.85,11.8,11.85,1552.0,1115.0,6647.0,5496.0,False,False
2883,2022-10-27 09:39:09.051360,-0.00421940928270037,-0.008438818565400852,-0.049999999999998934,-0.09999999999999964,11.75,11.85,11.8,11.85,1552.0,1115.0,6647.0,5496.0,False,False
2883,2022-10-27 09:39:09.072175,-0.00421940928270037,-0.008438818565400852,-0.049999999999998934,-0.09999999999999964,11.75,11.85,11.8,11.85,1682.0,1115.0,6647.0,5496.0,False,False
2883,2022-10-27 09:39:09.418349,-0.00421940928270037,-0.008438818565400852,-0.049999999999998934,-0.09999999999999964,11.75,11.85,11.8,11.85,1604.0,1115.0,6647.0,5496.0,False,False
2883,2022-10-27 09:39:09.420390,-0.00421940928270037,-0.00421940928270037,-0.049999999999998934,-0.049999999999998934,11.8,11.85,11.8,11.85,78.0,1115.0,6647.0,5496.0,False,False
2883,2022-10-27 09:39:09.448591,-0.00421940928270037,-0.008438818565400852,-0.049999999999998934,-0.09999999999999964,11.75,11.85,11.8,11.85,1604.0,1115.0,6647.0,5496.0,False,False
2883,2022-10-27 09:39:09.479402,-0.00421940928270037,-0.008438818565400852,-0.049999999999998934,-0.09999999999999964,11.75,11.85,11.8,11.85,1474.0,1115.0,6647.0,5496.0,False,False
2883,2022-10-27 09:39:10.436026,-0.00421940928270037,-0.00421940928270037,-0.049999999999998934,-0.049999999999998934,11.8,11.85,11.8,11.85,28.0,1115.0,6647.0,5496.0,False,False
2883,2022-10-27 09:39:10.467927,-0.00421940928270037,-0.00421940928270037,-0.049999999999998934,-0.049999999999998934,11.8,11.85,11.8,11.85,28.0,1115.0,6647.0,5496.0,False,False
2883,2022-10-27 09:39:10.467944,-0.00421940928270037,-0.008438818565400852,-0.049999999999998934,-0.09999999999999964,11.75,11.85,11.8,11.85,1474.0,1115.0,6647.0,5496.0,False,False
2883,2022-10-27 09:39:10.510229,-0.00421940928270037,-0.008438818565400852,-0.049999999999998934,-0.09999999999999964,11.75,11.85,11.8,11.85,1474.0,1115.0,6647.0,5496.0,False,False
2883,2022-10-27 09:39:10.614355,-0.00421940928270037,-0.008438818565400852,-0.049999999999998934,-0.09999999999999964,11.75,11.85,11.8,11.85,1474.0,1115.0,6647.0,5496.0,False,False
2883,2022-10-27 09:39:10.686700,0.0,-0.008438818565400852,0.0,-0.09999999999999964,11.75,11.8,11.8,11.85,1474.0,4.0,6647.0,5496.0,False,False
2883,2022-10-27 09:39:10.742008,0.0,-0.008438818565400852,0.0,-0.09999999999999964,11.75,11.8,11.8,11.85,1474.0,4.0,6647.0,5496.0,False,False
2883,2022-10-27 09:39:10.875189,0.0,-0.008438818565400852,0.0,-0.09999999999999964,11.75,11.8,11.8,11.85,1474.0,1.0,6647.0,5496.0,False,False
2883,2022-10-27 09:39:11.067859,0.0,-0.008438818565400852,0.0,-0.09999999999999964,11.75,11.8,11.8,11.85,1474.0,1.0,6647.0,5496.0,False,False
2883,2022-10-27 09:39:11.072696,0.0,-0.008438818565400852,0.0,-0.09999999999999964,11.75,11.8,11.8,11.85,1474.0,1.0,6647.0,5496.0,False,False
2883,2022-10-27 09:39:11.072717,0.0,-0.008438818565400852,0.0,-0.09999999999999964,11.75,11.8,11.8,11.85,1474.0,1.0,6647.0,5496.0,False,False
2883,2022-10-27 09:39:11.456592,0.0,-0.008438818565400852,0.0,-0.09999999999999964,11.75,11.8,11.8,11.85,1478.0,1.0,6647.0,5496.0,False,False
2883,2022-10-27 09:39:12.404995,0.0,-0.008438818565400852,0.0,-0.09999999999999964,11.75,11.8,11.8,11.85,1483.0,1.0,6647.0,5496.0,False,False
2883,2022-10-27 09:39:12.438388,0.0,-0.008438818565400852,0.0,-0.09999999999999964,11.75,11.8,11.8,11.85,1483.0,9.0,6647.0,5496.0,False,False
2883,2022-10-27 09:39:13.010061,0.0,-0.008438818565400852,0.0,-0.09999999999999964,11.75,11.8,11.8,11.85,1483.0,9.0,6647.0,4697.0,True,True
2883,2022-10-27 09:39:14.076835,0.0,-0.008438818565400852,0.0,-0.09999999999999964,11.75,11.8,11.8,11.85,1483.0,8.0,6647.0,4697.0,False,False
2883,2022-10-27 09:39:14.179813,0.0,-0.008438818565400852,0.0,-0.09999999999999964,11.75,11.8,11.8,11.85,1483.0,8.0,6647.0,4697.0,False,False
2883,2022-10-27 09:39:15.472464,-0.00421940928270037,-0.00421940928270037,-0.049999999999998934,-0.049999999999998934,11.8,11.85,11.8,11.85,12.0,1115.0,6647.0,4697.0,False,False
2883,2022-10-27 09:39:15.516504,-0.00421940928270037,-0.008438818565400852,-0.049999999999998934,-0.09999999999999964,11.75,11.85,11.8,11.85,1483.0,1115.0,6647.0,4697.0,False,False
2883,2022-10-27 09:39:15.520949,-0.00421940928270037,-0.008438818565400852,-0.049999999999998934,-0.09999999999999964,11.75,11.85,11.8,11.85,1483.0,1115.0,6647.0,4697.0,False,False
2883,2022-10-27 09:39:15.545630,-0.00421940928270037,-0.008438818565400852,-0.049999999999998934,-0.09999999999999964,11.75,11.85,11.8,11.85,1483.0,1115.0,6647.0,4697.0,False,False
2883,2022-10-27 09:39:16.408730,-0.00421940928270037,-0.008438818565400852,-0.049999999999998934,-0.09999999999999964,11.75,11.85,11.8,11.85,1478.0,1115.0,6647.0,4697.0,False,False
2883,2022-10-27 09:39:16.417225,-0.00421940928270037,-0.00421940928270037,-0.049999999999998934,-0.049999999999998934,11.8,11.85,11.8,11.85,9.0,1115.0,6647.0,4697.0,False,False
2883,2022-10-27 09:39:16.449737,-0.00421940928270037,-0.008438818565400852,-0.049999999999998934,-0.09999999999999964,11.75,11.85,11.8,11.85,1474.0,1115.0,6647.0,4697.0,False,False
2883,2022-10-27 09:39:16.514955,-0.00421940928270037,-0.008438818565400852,-0.049999999999998934,-0.09999999999999964,11.75,11.85,11.8,11.85,1474.0,1115.0,6647.0,4697.0,False,False
2883,2022-10-27 09:39:16.970714,-0.00421940928270037,-0.008438818565400852,-0.049999999999998934,-0.09999999999999964,11.75,11.85,11.8,11.85,1474.0,1115.0,6647.0,4697.0,False,False
2883,2022-10-27 09:39:16.977463,-0.00421940928270037,-0.008438818565400852,-0.049999999999998934,-0.09999999999999964,11.75,11.85,11.8,11.85,1474.0,1115.0,6647.0,4697.0,False,False
2883,2022-10-27 09:39:17.111204,-0.00421940928270037,-0.008438818565400852,-0.049999999999998934,-0.09999999999999964,11.75,11.85,11.8,11.85,1474.0,1121.0,6647.0,4697.0,False,False
2883,2022-10-27 09:39:17.405841,-0.00421940928270037,-0.00421940928270037,-0.049999999999998934,-0.049999999999998934,11.8,11.85,11.8,11.85,10.0,1121.0,6647.0,4697.0,False,False
2883,2022-10-27 09:39:17.438328,-0.00421940928270037,-0.008438818565400852,-0.049999999999998934,-0.09999999999999964,11.75,11.85,11.8,11.85,1474.0,1121.0,6647.0,4697.0,False,False
2883,2022-10-27 09:39:17.438387,-0.00421940928270037,-0.008438818565400852,-0.049999999999998934,-0.09999999999999964,11.75,11.85,11.8,11.85,1474.0,1121.0,6647.0,4697.0,False,False
2883,2022-10-27 09:39:17.478643,-0.00421940928270037,-0.008438818565400852,-0.049999999999998934,-0.09999999999999964,11.75,11.85,11.8,11.85,1474.0,1121.0,6647.0,4697.0,False,False
2883,2022-10-27 09:39:18.193586,0.0,-0.008438818565400852,0.0,-0.09999999999999964,11.75,11.8,11.8,11.85,1474.0,5.0,6647.0,4697.0,False,False
2883,2022-10-27 09:39:18.264337,0.0,-0.008438818565400852,0.0,-0.09999999999999964,11.75,11.8,11.8,11.85,1474.0,5.0,6647.0,4697.0,False,False
2883,2022-10-27 09:39:18.403126,0.0,-0.008438818565400852,0.0,-0.09999999999999964,11.75,11.8,11.8,11.85,1477.0,5.0,6647.0,4697.0,False,False
2883,2022-10-27 09:39:18.958644,0.0,-0.008438818565400852,0.0,-0.09999999999999964,11.75,11.8,11.8,11.85,1477.0,5.0,6647.0,4697.0,False,False
2883,2022-10-27 09:39:18.970074,0.0,-0.008438818565400852,0.0,-0.09999999999999964,11.75,11.8,11.8,11.85,1477.0,5.0,6647.0,4697.0,False,False
2883,2022-10-27 09:39:19.226648,0.0,-0.008438818565400852,0.0,-0.09999999999999964,11.75,11.8,11.8,11.85,1477.0,5.0,6647.0,4697.0,False,False
2883,2022-10-27 09:39:20.289953,0.0,-0.008438818565400852,0.0,-0.09999999999999964,11.75,11.8,11.8,11.85,1477.0,6.0,6647.0,4697.0,False,False
2883,2022-10-27 09:39:20.495352,0.0,-0.008438818565400852,0.0,-0.09999999999999964,11.75,11.8,11.8,11.85,1477.0,16.0,6647.0,4697.0,False,False
2883,2022-10-27 09:39:22.209369,0.0,-0.008438818565400852,0.0,-0.09999999999999964,11.75,11.8,11.8,11.85,1477.0,16.0,6647.0,4697.0,False,False
2883,2022-10-27 09:39:23.621815,0.0,-0.008438818565400852,0.0,-0.09999999999999964,11.75,11.8,11.8,11.85,1478.0,16.0,6647.0,4697.0,False,False
2883,2022-10-27 09:39:23.844746,0.0,-0.008438818565400852,0.0,-0.09999999999999964,11.75,11.8,11.8,11.85,1478.0,16.0,6647.0,4697.0,False,False
2883,2022-10-27 09:39:24.103077,0.0,-0.008438818565400852,0.0,-0.09999999999999964,11.75,11.8,11.8,11.85,1478.0,16.0,6647.0,4697.0,False,False
2883,2022-10-27 09:39:24.363670,0.0,-0.008438818565400852,0.0,-0.09999999999999964,11.75,11.8,11.8,11.85,1478.0,8.0,6647.0,4697.0,False,False
2883,2022-10-27 09:39:24.591928,0.0,-0.008438818565400852,0.0,-0.09999999999999964,11.75,11.8,11.8,11.85,1478.0,8.0,6647.0,4697.0,False,False
2883,2022-10-27 09:39:24.594592,0.0,-0.008438818565400852,0.0,-0.09999999999999964,11.75,11.8,11.8,11.85,1478.0,8.0,6647.0,4697.0,False,False
2883,2022-10-27 09:39:24.960090,0.0,-0.008438818565400852,0.0,-0.09999999999999964,11.75,11.8,11.8,11.85,1478.0,8.0,6647.0,4697.0,False,False
2883,2022-10-27 09:39:26.402365,0.0,-0.008438818565400852,0.0,-0.09999999999999964,11.75,11.8,11.8,11.85,1413.0,8.0,6647.0,4697.0,False,False
2883,2022-10-27 09:39:27.300090,0.0,-0.008438818565400852,0.0,-0.09999999999999964,11.75,11.8,11.8,11.85,1414.0,8.0,6647.0,4697.0,False,False
2883,2022-10-27 09:39:27.852467,0.0,-0.008438818565400852,0.0,-0.09999999999999964,11.75,11.8,11.8,11.85,1414.0,13.0,6647.0,4697.0,False,False
2883,2022-10-27 09:39:30.230740,0.0,-0.008438818565400852,0.0,-0.09999999999999964,11.75,11.8,11.8,11.85,1414.0,13.0,6647.0,4697.0,False,False
2883,2022-10-27 09:39:30.685490,0.0,-0.008438818565400852,0.0,-0.09999999999999964,11.75,11.8,11.8,11.85,1414.0,13.0,6647.0,4697.0,False,False
2883,2022-10-27 09:39:32.776557,0.0,-0.008438818565400852,0.0,-0.09999999999999964,11.75,11.8,11.8,11.85,1414.0,13.0,6647.0,4697.0,False,False
2883,2022-10-27 09:39:32.916017,0.0,-0.008438818565400852,0.0,-0.09999999999999964,11.75,11.8,11.8,11.85,1414.0,9.0,6647.0,4697.0,False,False
2883,2022-10-27 09:39:33.094873,0.0,-0.008438818565400852,0.0,-0.09999999999999964,11.75,11.8,11.8,11.85,1414.0,9.0,5909.0,4797.0,True,True
2883,2022-10-27 09:39:33.275812,0.0,-0.008438818565400852,0.0,-0.09999999999999964,11.75,11.8,11.8,11.85,1414.0,9.0,5909.0,4797.0,False,False
2883,2022-10-27 09:39:33.600317,0.0,-0.008438818565400852,0.0,-0.09999999999999964,11.75,11.8,11.8,11.85,1414.0,6.0,5909.0,4797.0,False,False
2883,2022-10-27 09:39:34.994067,0.0,-0.008438818565400852,0.0,-0.09999999999999964,11.75,11.8,11.8,11.85,1414.0,5.0,5909.0,4797.0,False,False
2883,2022-10-27 09:39:35.925793,0.0,-0.008438818565400852,0.0,-0.09999999999999964,11.75,11.8,11.8,11.85,1414.0,5.0,5909.0,4797.0,False,False
2883,2022-10-27 09:39:36.591317,0.0,-0.008438818565400852,0.0,-0.09999999999999964,11.75,11.8,11.8,11.85,1414.0,5.0,5909.0,4797.0,False,False
2883,2022-10-27 09:39:36.663153,0.0,-0.008438818565400852,0.0,-0.09999999999999964,11.75,11.8,11.8,11.85,1413.0,4.0,5909.0,4797.0,False,False
2883,2022-10-27 09:39:36.668123,0.0,-0.008438818565400852,0.0,-0.09999999999999964,11.75,11.8,11.8,11.85,1413.0,5.0,5909.0,4797.0,False,False
2883,2022-10-27 09:39:39.972287,0.0,-0.008438818565400852,0.0,-0.09999999999999964,11.75,11.8,11.8,11.85,1413.0,5.0,5909.0,4797.0,False,False
2883,2022-10-27 09:39:40.599792,0.0,-0.008438818565400852,0.0,-0.09999999999999964,11.75,11.8,11.8,11.85,1413.0,5.0,5909.0,4797.0,False,False
2883,2022-10-27 09:39:43.130104,0.0,-0.008438818565400852,0.0,-0.09999999999999964,11.75,11.8,11.8,11.85,1413.0,5.0,5119.0,4797.0,True,True
2883,2022-10-27 09:39:45.579052,-0.00421940928270037,-0.008438818565400852,-0.049999999999998934,-0.09999999999999964,11.75,11.85,11.8,11.85,1413.0,1126.0,5119.0,4797.0,False,False
2883,2022-10-27 09:39:45.609137,-0.00421940928270037,-0.008438818565400852,-0.049999999999998934,-0.09999999999999964,11.75,11.85,11.8,11.85,1413.0,1126.0,5119.0,4797.0,False,False
2883,2022-10-27 09:39:45.639782,-0.00421940928270037,-0.008438818565400852,-0.049999999999998934,-0.09999999999999964,11.75,11.85,11.8,11.85,1698.0,1126.0,5119.0,4797.0,False,False
2883,2022-10-27 09:39:45.886537,-0.00421940928270037,-0.008438818565400852,-0.049999999999998934,-0.09999999999999964,11.75,11.85,11.8,11.85,1698.0,1126.0,5119.0,4797.0,False,False
2883,2022-10-27 09:39:46.548529,-0.00421940928270037,-0.008438818565400852,-0.049999999999998934,-0.09999999999999964,11.75,11.85,11.8,11.85,1698.0,1126.0,5119.0,4797.0,False,False
2883,2022-10-27 09:39:46.957037,-0.00421940928270037,-0.008438818565400852,-0.049999999999998934,-0.09999999999999964,11.75,11.85,11.8,11.85,1698.0,1126.0,5119.0,4797.0,False,False
2883,2022-10-27 09:39:46.962287,-0.00421940928270037,-0.008438818565400852,-0.049999999999998934,-0.09999999999999964,11.75,11.85,11.8,11.85,1698.0,1126.0,5119.0,4797.0,False,False
2883,2022-10-27 09:39:47.303316,-0.00421940928270037,-0.008438818565400852,-0.049999999999998934,-0.09999999999999964,11.75,11.85,11.8,11.85,1698.0,1126.0,5119.0,4797.0,False,False
2883,2022-10-27 09:39:47.824337,-0.00421940928270037,-0.008438818565400852,-0.049999999999998934,-0.09999999999999964,11.75,11.85,11.8,11.85,1698.0,1126.0,5119.0,4797.0,False,False
2883,2022-10-27 09:39:49.557996,0.0,-0.008438818565400852,0.0,-0.09999999999999964,11.75,11.8,11.8,11.85,1698.0,10.0,5119.0,4797.0,False,False
2883,2022-10-27 09:39:49.575236,0.0,-0.008438818565400852,0.0,-0.09999999999999964,11.75,11.8,11.8,11.85,1698.0,10.0,5119.0,4797.0,False,False
2883,2022-10-27 09:39:49.597530,0.0,-0.008438818565400852,0.0,-0.09999999999999964,11.75,11.8,11.8,11.85,1413.0,10.0,5119.0,4797.0,False,False
2883,2022-10-27 09:39:49.738194,0.0,-0.008438818565400852,0.0,-0.09999999999999964,11.75,11.8,11.8,11.85,1413.0,4.0,5119.0,4797.0,False,False
2883,2022-10-27 09:39:50.098156,0.0,-0.008438818565400852,0.0,-0.09999999999999964,11.75,11.8,11.8,11.85,1413.0,4.0,5119.0,4797.0,False,False
2883,2022-10-27 09:39:50.326816,0.0,-0.008438818565400852,0.0,-0.09999999999999964,11.75,11.8,11.8,11.85,1413.0,5.0,5119.0,4797.0,False,False
2883,2022-10-27 09:39:50.921057,0.0,-0.008438818565400852,0.0,-0.09999999999999964,11.75,11.8,11.8,11.85,1413.0,7.0,5119.0,4797.0,False,False
2883,2022-10-27 09:39:51.393477,0.0,-0.008438818565400852,0.0,-0.09999999999999964,11.75,11.8,11.8,11.85,1416.0,7.0,5119.0,4797.0,False,False
2883,2022-10-27 09:39:52.301399,0.0,-0.008438818565400852,0.0,-0.09999999999999964,11.75,11.8,11.8,11.85,1416.0,7.0,5119.0,4797.0,False,False
2883,2022-10-27 09:39:52.949006,0.0,-0.008438818565400852,0.0,-0.09999999999999964,11.75,11.8,11.8,11.85,1416.0,7.0,5119.0,4797.0,False,False
2883,2022-10-27 09:39:53.160223,0.0,-0.008438818565400852,0.0,-0.09999999999999964,11.75,11.8,11.8,11.85,1416.0,7.0,4469.0,4797.0,True,True
2883,2022-10-27 09:39:54.214757,0.0,-0.008438818565400852,0.0,-0.09999999999999964,11.75,11.8,11.8,11.85,1416.0,7.0,4469.0,4797.0,False,False
2883,2022-10-27 09:39:55.475861,0.0,-0.008438818565400852,0.0,-0.09999999999999964,11.75,11.8,11.8,11.85,1416.0,4.0,4469.0,4797.0,False,False
2883,2022-10-27 09:39:56.105811,-0.00421940928270037,-0.00421940928270037,-0.049999999999998934,-0.049999999999998934,11.8,11.85,11.8,11.85,2.0,1132.0,4469.0,4797.0,False,False
2883,2022-10-27 09:39:56.131203,-0.00421940928270037,-0.008438818565400852,-0.049999999999998934,-0.09999999999999964,11.75,11.85,11.8,11.85,1416.0,1132.0,4469.0,4797.0,False,False
2883,2022-10-27 09:39:56.131303,-0.00421940928270037,-0.008438818565400852,-0.049999999999998934,-0.09999999999999964,11.75,11.85,11.8,11.85,1416.0,1132.0,4469.0,4797.0,False,False
2883,2022-10-27 09:39:56.164599,-0.00421940928270037,-0.008438818565400852,-0.049999999999998934,-0.09999999999999964,11.75,11.85,11.8,11.85,1473.0,1132.0,4469.0,4797.0,False,False
2883,2022-10-27 09:39:56.334823,-0.00421940928270037,-0.008438818565400852,-0.049999999999998934,-0.09999999999999964,11.75,11.85,11.8,11.85,1468.0,1132.0,4469.0,4797.0,False,False
2883,2022-10-27 09:39:56.416519,-0.00421940928270037,-0.008438818565400852,-0.049999999999998934,-0.09999999999999964,11.75,11.85,11.8,11.85,1468.0,1133.0,4469.0,4797.0,False,False
2883,2022-10-27 09:39:56.534973,-0.00421940928270037,-0.008438818565400852,-0.049999999999998934,-0.09999999999999964,11.75,11.85,11.8,11.85,1470.0,1133.0,4469.0,4797.0,False,False
2883,2022-10-27 09:39:57.990130,-0.00421940928270037,-0.008438818565400852,-0.049999999999998934,-0.09999999999999964,11.75,11.85,11.8,11.85,1470.0,1133.0,4469.0,4797.0,False,False
2883,2022-10-27 09:39:57.997601,-0.00421940928270037,-0.008438818565400852,-0.049999999999998934,-0.09999999999999964,11.75,11.85,11.8,11.85,1470.0,1133.0,4469.0,4797.0,False,False
2883,2022-10-27 09:40:00.246757,-0.00421940928270037,-0.008438818565400852,-0.049999999999998934,-0.09999999999999964,11.75,11.85,11.8,11.85,1470.0,1161.0,4469.0,4797.0,False,False
2883,2022-10-27 09:40:00.526573,-0.00421940928270037,-0.008438818565400852,-0.049999999999998934,-0.09999999999999964,11.75,11.85,11.8,11.85,1470.0,1161.0,4469.0,4797.0,False,False
2883,2022-10-27 09:40:01.907405,-0.00421940928270037,-0.008438818565400852,-0.049999999999998934,-0.09999999999999964,11.75,11.85,11.8,11.85,1478.0,1161.0,4469.0,4797.0,False,False
2883,2022-10-27 09:40:02.662826,-0.00421940928270037,-0.008438818565400852,-0.049999999999998934,-0.09999999999999964,11.75,11.85,11.8,11.85,1478.0,1161.0,3669.0,5796.0,False,True
2883,2022-10-27 09:40:03.696368,-0.00421940928270037,-0.008438818565400852,-0.049999999999998934,-0.09999999999999964,11.75,11.85,11.8,11.85,1538.0,1161.0,3669.0,5796.0,False,False
2883,2022-10-27 09:40:03.935647,-0.00421940928270037,-0.008438818565400852,-0.049999999999998934,-0.09999999999999964,11.75,11.85,11.8,11.85,1538.0,1159.0,3669.0,5796.0,False,False
2883,2022-10-27 09:40:05.400025,-0.00421940928270037,-0.008438818565400852,-0.049999999999998934,-0.09999999999999964,11.75,11.85,11.8,11.85,1638.0,1159.0,3669.0,5796.0,False,False
2883,2022-10-27 09:40:05.490845,-0.00421940928270037,-0.00421940928270037,-0.049999999999998934,-0.049999999999998934,11.8,11.85,11.8,11.85,6.0,1159.0,3669.0,5796.0,False,False
2883,2022-10-27 09:40:05.530532,-0.00421940928270037,-0.008438818565400852,-0.049999999999998934,-0.09999999999999964,11.75,11.85,11.8,11.85,1632.0,1159.0,3669.0,5796.0,False,False
2883,2022-10-27 09:40:05.566553,-0.00421940928270037,-0.008438818565400852,-0.049999999999998934,-0.09999999999999964,11.75,11.85,11.8,11.85,1575.0,1159.0,3669.0,5796.0,False,False
2883,2022-10-27 09:40:05.610309,-0.00421940928270037,-0.008438818565400852,-0.049999999999998934,-0.09999999999999964,11.75,11.85,11.8,11.85,1708.0,1159.0,3669.0,5796.0,False,False
2883,2022-10-27 09:40:06.504913,-0.00421940928270037,-0.00421940928270037,-0.049999999999998934,-0.049999999999998934,11.8,11.85,11.8,11.85,12.0,1159.0,3669.0,5796.0,False,False
2883,2022-10-27 09:40:06.536349,-0.00421940928270037,-0.008438818565400852,-0.049999999999998934,-0.09999999999999964,11.75,11.85,11.8,11.85,1708.0,1159.0,3669.0,5796.0,False,False
2883,2022-10-27 09:40:06.536353,-0.00421940928270037,-0.008438818565400852,-0.049999999999998934,-0.09999999999999964,11.75,11.85,11.8,11.85,1708.0,1159.0,3669.0,5796.0,False,False
2883,2022-10-27 09:40:06.569135,-0.00421940928270037,-0.008438818565400852,-0.049999999999998934,-0.09999999999999964,11.75,11.85,11.8,11.85,1575.0,1159.0,3669.0,5796.0,False,False
2883,2022-10-27 09:40:06.885563,0.0,-0.008438818565400852,0.0,-0.09999999999999964,11.75,11.8,11.8,11.85,1575.0,1.0,3669.0,5796.0,False,False
2883,2022-10-27 09:40:06.952278,0.0,-0.008438818565400852,0.0,-0.09999999999999964,11.75,11.8,11.8,11.85,1575.0,1.0,3669.0,5796.0,False,False
2883,2022-10-27 09:40:07.487720,0.0,-0.008438818565400852,0.0,-0.09999999999999964,11.75,11.8,11.8,11.85,1580.0,1.0,3669.0,5796.0,False,False
2883,2022-10-27 09:40:07.646639,0.0,-0.008438818565400852,0.0,-0.09999999999999964,11.75,11.8,11.8,11.85,1582.0,1.0,3669.0,5796.0,False,False
2883,2022-10-27 09:40:07.674684,0.0,-0.008438818565400852,0.0,-0.09999999999999964,11.75,11.8,11.8,11.85,1582.0,1.0,3669.0,5796.0,False,False
2883,2022-10-27 09:40:08.188398,0.0,-0.008438818565400852,0.0,-0.09999999999999964,11.75,11.8,11.8,11.85,1583.0,1.0,3669.0,5796.0,False,False
2883,2022-10-27 09:40:08.257206,0.0,-0.008438818565400852,0.0,-0.09999999999999964,11.75,11.8,11.8,11.85,1583.0,1.0,3669.0,5796.0,False,False
2883,2022-10-27 09:40:08.859479,0.0,-0.008438818565400852,0.0,-0.09999999999999964,11.75,11.8,11.8,11.85,1583.0,1.0,3669.0,5796.0,False,False
2883,2022-10-27 09:40:08.870008,0.0,-0.008438818565400852,0.0,-0.09999999999999964,11.75,11.8,11.8,11.85,1583.0,1.0,3669.0,5796.0,False,False
2883,2022-10-27 09:40:09.194158,0.0,-0.008438818565400852,0.0,-0.09999999999999964,11.75,11.8,11.8,11.85,1583.0,1.0,3669.0,5796.0,False,False
2883,2022-10-27 09:40:09.975397,0.0,-0.008438818565400852,0.0,-0.09999999999999964,11.75,11.8,11.8,11.85,1585.0,1.0,3669.0,5796.0,False,False
2883,2022-10-27 09:40:10.196175,0.0,-0.008438818565400852,0.0,-0.09999999999999964,11.75,11.8,11.8,11.85,1585.0,21.0,3669.0,5796.0,False,False
2883,2022-10-27 09:40:11.787878,0.0,-0.008438818565400852,0.0,-0.09999999999999964,11.75,11.8,11.8,11.85,1585.0,21.0,3669.0,5796.0,False,False
2883,2022-10-27 09:40:12.597950,0.0,-0.008438818565400852,0.0,-0.09999999999999964,11.75,11.8,11.8,11.85,1585.0,21.0,3669.0,5796.0,False,False
2883,2022-10-27 09:40:12.755524,0.0,-0.008438818565400852,0.0,-0.09999999999999964,11.75,11.8,11.8,11.85,1585.0,21.0,3669.0,5797.0,True,True
2883,2022-10-27 09:40:12.924778,0.0,-0.008438818565400852,0.0,-0.09999999999999964,11.75,11.8,11.8,11.85,1585.0,21.0,3669.0,5797.0,False,False
2883,2022-10-27 09:40:13.253789,0.0,-0.008438818565400852,0.0,-0.09999999999999964,11.75,11.8,11.8,11.85,1585.0,16.0,3669.0,5797.0,False,False
2883,2022-10-27 09:40:13.459798,0.0,-0.008438818565400852,0.0,-0.09999999999999964,11.75,11.8,11.8,11.85,1585.0,10.0,3669.0,5797.0,False,False
2883,2022-10-27 09:40:14.021586,0.0,-0.008438818565400852,0.0,-0.09999999999999964,11.75,11.8,11.8,11.85,1585.0,10.0,3669.0,5797.0,False,False
2883,2022-10-27 09:40:14.030439,0.0,-0.008438818565400852,0.0,-0.09999999999999964,11.75,11.8,11.8,11.85,1585.0,10.0,3669.0,5797.0,False,False
2883,2022-10-27 09:40:14.954026,0.0,-0.008438818565400852,0.0,-0.09999999999999964,11.75,11.8,11.8,11.85,1585.0,8.0,3669.0,5797.0,False,False
2883,2022-10-27 09:40:15.515844,0.0,-0.008438818565400852,0.0,-0.09999999999999964,11.75,11.8,11.8,11.85,1585.0,8.0,3669.0,5797.0,False,False
2883,2022-10-27 09:40:15.746723,0.0,-0.008438818565400852,0.0,-0.09999999999999964,11.75,11.8,11.8,11.85,1585.0,9.0,3669.0,5797.0,False,False
2883,2022-10-27 09:40:17.012135,0.0,-0.008438818565400852,0.0,-0.09999999999999964,11.75,11.8,11.8,11.85,1585.0,2.0,3669.0,5797.0,False,False
2883,2022-10-27 09:40:17.195287,0.0,-0.008438818565400852,0.0,-0.09999999999999964,11.75,11.8,11.8,11.85,1585.0,2.0,3669.0,5797.0,False,False
2883,2022-10-27 09:40:18.475558,0.0,-0.008438818565400852,0.0,-0.09999999999999964,11.75,11.8,11.8,11.85,1585.0,3.0,3669.0,5797.0,False,False
2883,2022-10-27 09:40:20.241863,0.0,-0.008438818565400852,0.0,-0.09999999999999964,11.75,11.8,11.8,11.85,1585.0,2.0,3669.0,5797.0,False,False
2883,2022-10-27 09:40:21.315971,-0.00421940928270037,-0.00421940928270037,-0.049999999999998934,-0.049999999999998934,11.8,11.85,11.8,11.85,3.0,1120.0,3669.0,5797.0,False,False
2883,2022-10-27 09:40:21.348501,-0.00421940928270037,-0.008438818565400852,-0.049999999999998934,-0.09999999999999964,11.75,11.85,11.8,11.85,1585.0,1120.0,3669.0,5797.0,False,False
2883,2022-10-27 09:40:21.348548,-0.00421940928270037,-0.008438818565400852,-0.049999999999998934,-0.09999999999999964,11.75,11.85,11.8,11.85,1585.0,1120.0,3669.0,5797.0,False,False
2883,2022-10-27 09:40:21.390003,-0.00421940928270037,-0.00421940928270037,-0.049999999999998934,-0.049999999999998934,11.8,11.85,11.8,11.85,55.0,1120.0,3669.0,5797.0,False,False
2883,2022-10-27 09:40:21.422335,-0.00421940928270037,-0.008438818565400852,-0.049999999999998934,-0.09999999999999964,11.75,11.85,11.8,11.85,1530.0,1120.0,3669.0,5797.0,False,False
2883,2022-10-27 09:40:21.404147,-0.00421940928270037,-0.00421940928270037,-0.049999999999998934,-0.049999999999998934,11.8,11.85,11.8,11.85,55.0,1120.0,3669.0,5797.0,False,False
2883,2022-10-27 09:40:21.550879,-0.00421940928270037,-0.00421940928270037,-0.049999999999998934,-0.049999999999998934,11.8,11.85,11.8,11.85,5.0,1120.0,3669.0,5797.0,False,False
2883,2022-10-27 09:40:21.582545,-0.00421940928270037,-0.008438818565400852,-0.049999999999998934,-0.09999999999999964,11.75,11.85,11.8,11.85,1716.0,1120.0,3669.0,5797.0,False,False
2883,2022-10-27 09:40:21.629979,-0.00421940928270037,-0.008438818565400852,-0.049999999999998934,-0.09999999999999964,11.75,11.85,11.8,11.85,1592.0,1054.0,3669.0,5797.0,False,False
2883,2022-10-27 09:40:21.777635,0.0,-0.008438818565400852,0.0,-0.09999999999999964,11.75,11.8,11.8,11.85,1525.0,5.0,3669.0,5797.0,False,False
2883,2022-10-27 09:40:22.319419,0.0,-0.008438818565400852,0.0,-0.09999999999999964,11.75,11.8,11.8,11.85,1525.0,5.0,3669.0,5797.0,False,False
2883,2022-10-27 09:40:22.519726,0.0,-0.008438818565400852,0.0,-0.09999999999999964,11.75,11.8,11.8,11.85,1526.0,5.0,3669.0,5797.0,False,False
2883,2022-10-27 09:40:22.822809,0.0,-0.008438818565400852,0.0,-0.09999999999999964,11.75,11.8,11.8,11.85,1526.0,5.0,3668.0,5797.0,True,True
2883,2022-10-27 09:40:23.097170,0.0,-0.008438818565400852,0.0,-0.09999999999999964,11.75,11.8,11.8,11.85,1526.0,5.0,3668.0,5797.0,False,False
2883,2022-10-27 09:40:23.098425,0.0,-0.008438818565400852,0.0,-0.09999999999999964,11.75,11.8,11.8,11.85,1526.0,5.0,3668.0,5797.0,False,False
2883,2022-10-27 09:40:23.261544,0.0,-0.008438818565400852,0.0,-0.09999999999999964,11.75,11.8,11.8,11.85,1526.0,5.0,3668.0,5797.0,False,False
2883,2022-10-27 09:40:23.532110,0.0,-0.008438818565400852,0.0,-0.09999999999999964,11.75,11.8,11.8,11.85,1527.0,5.0,3668.0,5797.0,False,False
2883,2022-10-27 09:40:24.537478,0.0,-0.008438818565400852,0.0,-0.09999999999999964,11.75,11.8,11.8,11.85,1526.0,5.0,3668.0,5797.0,False,False
2883,2022-10-27 09:40:26.274359,0.0,-0.008438818565400852,0.0,-0.09999999999999964,11.75,11.8,11.8,11.85,1546.0,5.0,3668.0,5797.0,False,False
2883,2022-10-27 09:40:26.547842,-0.00421940928270037,-0.00421940928270037,-0.049999999999998934,-0.049999999999998934,11.8,11.85,11.8,11.85,1.0,1053.0,3668.0,5797.0,False,False
2883,2022-10-27 09:40:26.588055,-0.00421940928270037,-0.008438818565400852,-0.049999999999998934,-0.09999999999999964,11.75,11.85,11.8,11.85,1546.0,1053.0,3668.0,5797.0,False,False
2883,2022-10-27 09:40:26.588235,-0.00421940928270037,-0.00421940928270037,-0.049999999999998934,-0.049999999999998934,11.8,11.85,11.8,11.85,1.0,1053.0,3668.0,5797.0,False,False
2883,2022-10-27 09:40:26.624754,-0.00421940928270037,-0.008438818565400852,-0.049999999999998934,-0.09999999999999964,11.75,11.85,11.8,11.85,1546.0,1053.0,3668.0,5797.0,False,False
2883,2022-10-27 09:40:26.666108,-0.00421940928270037,-0.008438818565400852,-0.049999999999998934,-0.09999999999999964,11.75,11.85,11.8,11.85,1737.0,1053.0,3668.0,5797.0,False,False
2883,2022-10-27 09:40:27.911269,-0.00421940928270037,-0.008438818565400852,-0.049999999999998934,-0.09999999999999964,11.75,11.85,11.8,11.85,1737.0,1052.0,3668.0,5797.0,False,False
2883,2022-10-27 09:40:27.970895,-0.00421940928270037,-0.008438818565400852,-0.049999999999998934,-0.09999999999999964,11.75,11.85,11.8,11.85,1737.0,1052.0,3668.0,5797.0,False,False
2883,2022-10-27 09:40:27.972111,-0.00421940928270037,-0.008438818565400852,-0.049999999999998934,-0.09999999999999964,11.75,11.85,11.8,11.85,1737.0,1052.0,3668.0,5797.0,False,False
2883,2022-10-27 09:40:28.270153,0.0,-0.008438818565400852,0.0,-0.09999999999999964,11.75,11.8,11.8,11.85,1737.0,2.0,3668.0,5797.0,False,False
2883,2022-10-27 09:40:28.328981,0.0,-0.008438818565400852,0.0,-0.09999999999999964,11.75,11.8,11.8,11.85,1546.0,2.0,3668.0,5797.0,False,False
2883,2022-10-27 09:40:28.497766,0.0,-0.008438818565400852,0.0,-0.09999999999999964,11.75,11.8,11.8,11.85,1546.0,2.0,3668.0,5797.0,False,False
2883,2022-10-27 09:40:29.610568,-0.00421940928270037,-0.00421940928270037,-0.049999999999998934,-0.049999999999998934,11.8,11.85,11.8,11.85,2.0,1052.0,3668.0,5797.0,False,False
2883,2022-10-27 09:40:29.645383,-0.00421940928270037,-0.008438818565400852,-0.049999999999998934,-0.09999999999999964,11.75,11.85,11.8,11.85,1546.0,1052.0,3668.0,5797.0,False,False
2883,2022-10-27 09:40:29.645515,-0.00421940928270037,-0.008438818565400852,-0.049999999999998934,-0.09999999999999964,11.75,11.85,11.8,11.85,1546.0,1052.0,3668.0,5797.0,False,False
2883,2022-10-27 09:40:29.668309,-0.00421940928270037,-0.008438818565400852,-0.049999999999998934,-0.09999999999999964,11.75,11.85,11.8,11.85,1546.0,1052.0,3668.0,5797.0,False,False
2883,2022-10-27 09:40:31.106045,-0.00421940928270037,-0.008438818565400852,-0.049999999999998934,-0.09999999999999964,11.75,11.85,11.8,11.85,1546.0,1052.0,3668.0,5797.0,False,False
2883,2022-10-27 09:40:31.135706,-0.00421940928270037,-0.008438818565400852,-0.049999999999998934,-0.09999999999999964,11.75,11.85,11.8,11.85,1613.0,1052.0,3668.0,5797.0,False,False
2883,2022-10-27 09:40:31.848078,-0.00421940928270037,-0.008438818565400852,-0.049999999999998934,-0.09999999999999964,11.75,11.85,11.8,11.85,1612.0,1052.0,3668.0,5797.0,False,False
2883,2022-10-27 09:40:31.872602,-0.00421940928270037,-0.008438818565400852,-0.049999999999998934,-0.09999999999999964,11.75,11.85,11.8,11.85,1612.0,1056.0,3668.0,5797.0,False,False
2883,2022-10-27 09:40:31.893392,-0.00421940928270037,-0.008438818565400852,-0.049999999999998934,-0.09999999999999964,11.75,11.85,11.8,11.85,1545.0,1056.0,3668.0,5797.0,False,False
2883,2022-10-27 09:40:32.540570,-0.00421940928270037,-0.008438818565400852,-0.049999999999998934,-0.09999999999999964,11.75,11.85,11.8,11.85,1549.0,1056.0,3668.0,5797.0,False,False
2883,2022-10-27 09:40:32.879610,-0.00421940928270037,-0.008438818565400852,-0.049999999999998934,-0.09999999999999964,11.75,11.85,11.8,11.85,1549.0,1056.0,2983.0,5797.0,True,True
2883,2022-10-27 09:40:33.332804,-0.00421940928270037,-0.008438818565400852,-0.049999999999998934,-0.09999999999999964,11.75,11.85,11.8,11.85,1551.0,1056.0,2983.0,5797.0,False,False
2883,2022-10-27 09:40:34.600972,-0.00421940928270037,-0.008438818565400852,-0.049999999999998934,-0.09999999999999964,11.75,11.85,11.8,11.85,1551.0,1056.0,2983.0,5797.0,False,False
2883,2022-10-27 09:40:36.174054,-0.00421940928270037,-0.008438818565400852,-0.049999999999998934,-0.09999999999999964,11.75,11.85,11.8,11.85,1551.0,1056.0,2983.0,5797.0,False,False
2883,2022-10-27 09:40:36.683212,-0.00421940928270037,-0.008438818565400852,-0.049999999999998934,-0.09999999999999964,11.75,11.85,11.8,11.85,1551.0,1056.0,2983.0,5797.0,False,False
2883,2022-10-27 09:40:37.186147,-0.00421940928270037,-0.00421940928270037,-0.049999999999998934,-0.049999999999998934,11.8,11.85,11.8,11.85,5.0,1056.0,2983.0,5797.0,False,False
2883,2022-10-27 09:40:37.213119,-0.00421940928270037,-0.008438818565400852,-0.049999999999998934,-0.09999999999999964,11.75,11.85,11.8,11.85,1551.0,1056.0,2983.0,5797.0,False,False
2883,2022-10-27 09:40:37.215300,-0.00421940928270037,-0.008438818565400852,-0.049999999999998934,-0.09999999999999964,11.75,11.85,11.8,11.85,1551.0,1056.0,2983.0,5797.0,False,False
2883,2022-10-27 09:40:37.256628,-0.00421940928270037,-0.008438818565400852,-0.049999999999998934,-0.09999999999999964,11.75,11.85,11.8,11.85,1551.0,1056.0,2983.0,5797.0,False,False
2883,2022-10-27 09:40:38.766681,-0.00421940928270037,-0.008438818565400852,-0.049999999999998934,-0.09999999999999964,11.75,11.85,11.8,11.85,1554.0,1056.0,2983.0,5797.0,False,False
2883,2022-10-27 09:40:39.116364,-0.00421940928270037,-0.008438818565400852,-0.049999999999998934,-0.09999999999999964,11.75,11.85,11.8,11.85,1554.0,1056.0,2983.0,5797.0,False,False
2883,2022-10-27 09:40:39.116417,-0.00421940928270037,-0.008438818565400852,-0.049999999999998934,-0.09999999999999964,11.75,11.85,11.8,11.85,1554.0,1056.0,2983.0,5797.0,False,False
2883,2022-10-27 09:40:39.741752,-0.00421940928270037,-0.00421940928270037,-0.049999999999998934,-0.049999999999998934,11.8,11.85,11.8,11.85,1.0,1056.0,2983.0,5797.0,False,False
2883,2022-10-27 09:40:39.782142,-0.00421940928270037,-0.008438818565400852,-0.049999999999998934,-0.09999999999999964,11.75,11.85,11.8,11.85,1554.0,1056.0,2983.0,5797.0,False,False
2883,2022-10-27 09:40:39.782219,-0.00421940928270037,-0.008438818565400852,-0.049999999999998934,-0.09999999999999964,11.75,11.85,11.8,11.85,1554.0,1056.0,2983.0,5797.0,False,False
2883,2022-10-27 09:40:39.835862,-0.00421940928270037,-0.008438818565400852,-0.049999999999998934,-0.09999999999999964,11.75,11.85,11.8,11.85,1554.0,1056.0,2983.0,5797.0,False,False
2883,2022-10-27 09:40:40.215721,0.0,-0.008438818565400852,0.0,-0.09999999999999964,11.75,11.8,11.8,11.85,1554.0,1.0,2983.0,5797.0,False,False
2883,2022-10-27 09:40:40.241352,0.0,-0.008438818565400852,0.0,-0.09999999999999964,11.75,11.8,11.8,11.85,1554.0,1.0,2983.0,5797.0,False,False
2883,2022-10-27 09:40:40.275419,0.0,-0.008438818565400852,0.0,-0.09999999999999964,11.75,11.8,11.8,11.85,1554.0,1.0,2983.0,5797.0,False,False
2883,2022-10-27 09:40:40.331995,-0.00421940928270037,-0.008438818565400852,-0.049999999999998934,-0.09999999999999964,11.75,11.85,11.8,11.85,1554.0,1056.0,2983.0,5797.0,False,False
2883,2022-10-27 09:40:40.408643,-0.00421940928270037,-0.008438818565400852,-0.049999999999998934,-0.09999999999999964,11.75,11.85,11.8,11.85,1554.0,1056.0,2983.0,5797.0,False,False
2883,2022-10-27 09:40:40.799289,-0.00421940928270037,-0.008438818565400852,-0.049999999999998934,-0.09999999999999964,11.75,11.85,11.8,11.85,1554.0,1056.0,2983.0,5797.0,False,False
2883,2022-10-27 09:40:40.862974,-0.00421940928270037,-0.008438818565400852,-0.049999999999998934,-0.09999999999999964,11.75,11.85,11.8,11.85,1554.0,1056.0,2983.0,5797.0,False,False
2883,2022-10-27 09:40:40.864983,-0.00421940928270037,-0.008438818565400852,-0.049999999999998934,-0.09999999999999964,11.75,11.85,11.8,11.85,1554.0,1056.0,2983.0,5797.0,False,False
2883,2022-10-27 09:40:41.189535,-0.00421940928270037,-0.00421940928270037,-0.049999999999998934,-0.049999999999998934,11.8,11.85,11.8,11.85,6.0,1056.0,2983.0,5797.0,False,False
2883,2022-10-27 09:40:41.219221,-0.00421940928270037,-0.008438818565400852,-0.049999999999998934,-0.09999999999999964,11.75,11.85,11.8,11.85,1554.0,1056.0,2983.0,5797.0,False,False
2883,2022-10-27 09:40:41.219294,-0.00421940928270037,-0.008438818565400852,-0.049999999999998934,-0.09999999999999964,11.75,11.85,11.8,11.85,1554.0,1056.0,2983.0,5797.0,False,False
2883,2022-10-27 09:40:41.261589,-0.00421940928270037,-0.008438818565400852,-0.049999999999998934,-0.09999999999999964,11.75,11.85,11.8,11.85,1554.0,1056.0,2983.0,5797.0,False,False
2883,2022-10-27 09:40:42.924778,-0.00421940928270037,-0.008438818565400852,-0.049999999999998934,-0.09999999999999964,11.75,11.85,11.8,11.85,1554.0,1056.0,2903.0,5797.0,True,True
2883,2022-10-27 09:40:43.059745,0.0,-0.008438818565400852,0.0,-0.09999999999999964,11.75,11.8,11.8,11.85,1554.0,1.0,2903.0,5797.0,False,False
2883,2022-10-27 09:40:43.096094,0.0,-0.008438818565400852,0.0,-0.09999999999999964,11.75,11.8,11.8,11.85,1554.0,1.0,2903.0,5797.0,False,False
2883,2022-10-27 09:40:43.146833,-0.00421940928270037,-0.008438818565400852,-0.049999999999998934,-0.09999999999999964,11.75,11.85,11.8,11.85,1554.0,1056.0,2903.0,5797.0,False,False
2883,2022-10-27 09:40:43.185613,-0.00421940928270037,-0.008438818565400852,-0.049999999999998934,-0.09999999999999964,11.75,11.85,11.8,11.85,1554.0,1121.0,2903.0,5797.0,False,False
2883,2022-10-27 09:40:43.214773,-0.00421940928270037,-0.008438818565400852,-0.049999999999998934,-0.09999999999999964,11.75,11.85,11.8,11.85,1554.0,1121.0,2903.0,5797.0,False,False
2883,2022-10-27 09:40:44.076988,-0.00421940928270037,-0.008438818565400852,-0.049999999999998934,-0.09999999999999964,11.75,11.85,11.8,11.85,1554.0,1121.0,2903.0,5797.0,False,False
2883,2022-10-27 09:40:44.567619,-0.00421940928270037,-0.008438818565400852,-0.049999999999998934,-0.09999999999999964,11.75,11.85,11.8,11.85,1551.0,1121.0,2903.0,5797.0,False,False
2883,2022-10-27 09:40:44.573356,-0.00421940928270037,-0.00421940928270037,-0.049999999999998934,-0.049999999999998934,11.8,11.85,11.8,11.85,3.0,1121.0,2903.0,5797.0,False,False
2883,2022-10-27 09:40:44.597409,-0.00421940928270037,-0.008438818565400852,-0.049999999999998934,-0.09999999999999964,11.75,11.85,11.8,11.85,1551.0,1121.0,2903.0,5797.0,False,False
2883,2022-10-27 09:40:44.597605,-0.00421940928270037,-0.008438818565400852,-0.049999999999998934,-0.09999999999999964,11.75,11.85,11.8,11.85,1551.0,1121.0,2903.0,5797.0,False,False
2883,2022-10-27 09:40:44.619244,-0.00421940928270037,-0.008438818565400852,-0.049999999999998934,-0.09999999999999964,11.75,11.85,11.8,11.85,1551.0,1121.0,2903.0,5797.0,False,False
2883,2022-10-27 09:40:44.813618,0.0,-0.008438818565400852,0.0,-0.09999999999999964,11.75,11.8,11.8,11.85,1551.0,1.0,2903.0,5797.0,False,False
2883,2022-10-27 09:40:44.888785,-0.00421940928270037,-0.008438818565400852,-0.049999999999998934,-0.09999999999999964,11.75,11.85,11.8,11.85,1551.0,1121.0,2903.0,5797.0,False,False
2883,2022-10-27 09:40:44.928104,-0.00421940928270037,-0.008438818565400852,-0.049999999999998934,-0.09999999999999964,11.75,11.85,11.8,11.85,1551.0,1121.0,2903.0,5797.0,False,False
2883,2022-10-27 09:40:46.121893,-0.00421940928270037,-0.008438818565400852,-0.049999999999998934,-0.09999999999999964,11.75,11.85,11.8,11.85,1551.0,1121.0,2903.0,5797.0,False,False
2883,2022-10-27 09:40:46.122645,-0.00421940928270037,-0.008438818565400852,-0.049999999999998934,-0.09999999999999964,11.75,11.85,11.8,11.85,1551.0,1121.0,2903.0,5797.0,False,False
2883,2022-10-27 09:40:46.723030,-0.00421940928270037,-0.008438818565400852,-0.049999999999998934,-0.09999999999999964,11.75,11.85,11.8,11.85,1551.0,1121.0,2903.0,5797.0,False,False
2883,2022-10-27 09:40:47.894694,-0.00421940928270037,-0.008438818565400852,-0.049999999999998934,-0.09999999999999964,11.75,11.85,11.8,11.85,1551.0,1121.0,2903.0,5797.0,False,False
2883,2022-10-27 09:40:48.385864,-0.00421940928270037,-0.00421940928270037,-0.049999999999998934,-0.049999999999998934,11.8,11.85,11.8,11.85,6.0,1121.0,2903.0,5797.0,False,False
2883,2022-10-27 09:40:48.421144,-0.00421940928270037,-0.008438818565400852,-0.049999999999998934,-0.09999999999999964,11.75,11.85,11.8,11.85,1551.0,1121.0,2903.0,5797.0,False,False
2883,2022-10-27 09:40:48.464057,-0.00421940928270037,-0.008438818565400852,-0.049999999999998934,-0.09999999999999964,11.75,11.85,11.8,11.85,1551.0,1121.0,2903.0,5797.0,False,False
2883,2022-10-27 09:40:48.834719,-0.00421940928270037,-0.00421940928270037,-0.049999999999998934,-0.049999999999998934,11.8,11.85,11.8,11.85,2.0,1121.0,2903.0,5797.0,False,False
2883,2022-10-27 09:40:48.858909,-0.00421940928270037,-0.008438818565400852,-0.049999999999998934,-0.09999999999999964,11.75,11.85,11.8,11.85,1551.0,1121.0,2903.0,5797.0,False,False
2883,2022-10-27 09:40:48.858996,-0.00421940928270037,-0.008438818565400852,-0.049999999999998934,-0.09999999999999964,11.75,11.85,11.8,11.85,1551.0,1121.0,2903.0,5797.0,False,False
2883,2022-10-27 09:40:48.891826,-0.00421940928270037,-0.008438818565400852,-0.049999999999998934,-0.09999999999999964,11.75,11.85,11.8,11.85,1551.0,1121.0,2903.0,5797.0,False,False
2883,2022-10-27 09:40:49.898835,-0.00421940928270037,-0.008438818565400852,-0.049999999999998934,-0.09999999999999964,11.75,11.85,11.8,11.85,1551.0,1121.0,2903.0,5797.0,False,False
2883,2022-10-27 09:40:49.958915,-0.00421940928270037,-0.008438818565400852,-0.049999999999998934,-0.09999999999999964,11.75,11.85,11.8,11.85,1551.0,1121.0,2903.0,5797.0,False,False
2883,2022-10-27 09:40:51.835840,-0.00421940928270037,-0.008438818565400852,-0.049999999999998934,-0.09999999999999964,11.75,11.85,11.8,11.85,1551.0,1121.0,2903.0,5797.0,False,False
2883,2022-10-27 09:40:52.023217,-0.00421940928270037,-0.008438818565400852,-0.049999999999998934,-0.09999999999999964,11.75,11.85,11.8,11.85,1547.0,1121.0,2903.0,5797.0,False,False
2883,2022-10-27 09:40:52.066634,-0.00421940928270037,-0.008438818565400852,-0.049999999999998934,-0.09999999999999964,11.75,11.85,11.8,11.85,1557.0,1121.0,2903.0,5797.0,False,False
2883,2022-10-27 09:40:52.610151,-0.00421940928270037,-0.00421940928270037,-0.049999999999998934,-0.049999999999998934,11.8,11.85,11.8,11.85,1.0,1121.0,2903.0,5797.0,False,False
2883,2022-10-27 09:40:52.629141,-0.00421940928270037,-0.008438818565400852,-0.049999999999998934,-0.09999999999999964,11.75,11.85,11.8,11.85,1557.0,1121.0,2903.0,5797.0,False,False
2883,2022-10-27 09:40:52.661163,-0.00421940928270037,-0.008438818565400852,-0.049999999999998934,-0.09999999999999964,11.75,11.85,11.8,11.85,1557.0,1121.0,2903.0,5797.0,False,False
2883,2022-10-27 09:40:52.963983,-0.00421940928270037,-0.008438818565400852,-0.049999999999998934,-0.09999999999999964,11.75,11.85,11.8,11.85,1557.0,1121.0,2803.0,5797.0,True,True
2883,2022-10-27 09:40:53.107363,-0.00421940928270037,-0.00421940928270037,-0.049999999999998934,-0.049999999999998934,11.8,11.85,11.8,11.85,1.0,1121.0,2803.0,5797.0,False,False
2883,2022-10-27 09:40:53.142472,-0.00421940928270037,-0.008438818565400852,-0.049999999999998934,-0.09999999999999964,11.75,11.85,11.8,11.85,1557.0,1121.0,2803.0,5797.0,False,False
2883,2022-10-27 09:40:53.179278,-0.00421940928270037,-0.008438818565400852,-0.049999999999998934,-0.09999999999999964,11.75,11.85,11.8,11.85,1557.0,1121.0,2803.0,5797.0,False,False
2883,2022-10-27 09:40:53.892334,-0.00421940928270037,-0.00421940928270037,-0.049999999999998934,-0.049999999999998934,11.8,11.85,11.8,11.85,3.0,1121.0,2803.0,5797.0,False,False
2883,2022-10-27 09:40:53.929324,-0.00421940928270037,-0.008438818565400852,-0.049999999999998934,-0.09999999999999964,11.75,11.85,11.8,11.85,1557.0,1121.0,2803.0,5797.0,False,False
2883,2022-10-27 09:40:53.962110,-0.00421940928270037,-0.008438818565400852,-0.049999999999998934,-0.09999999999999964,11.75,11.85,11.8,11.85,1557.0,1121.0,2803.0,5797.0,False,False
2883,2022-10-27 09:40:53.971876,-0.00421940928270037,-0.008438818565400852,-0.049999999999998934,-0.09999999999999964,11.75,11.85,11.8,11.85,1557.0,1121.0,2803.0,5797.0,False,False
2883,2022-10-27 09:40:54.663202,-0.00421940928270037,-0.008438818565400852,-0.049999999999998934,-0.09999999999999964,11.75,11.85,11.8,11.85,1557.0,1121.0,2803.0,5797.0,False,False
2883,2022-10-27 09:40:55.130720,-0.00421940928270037,-0.008438818565400852,-0.049999999999998934,-0.09999999999999964,11.75,11.85,11.8,11.85,1557.0,1121.0,2803.0,5797.0,False,False
2883,2022-10-27 09:40:55.132484,-0.00421940928270037,-0.008438818565400852,-0.049999999999998934,-0.09999999999999964,11.75,11.85,11.8,11.85,1557.0,1121.0,2803.0,5797.0,False,False
2883,2022-10-27 09:40:57.142699,-0.00421940928270037,-0.008438818565400852,-0.049999999999998934,-0.09999999999999964,11.75,11.85,11.8,11.85,1558.0,1121.0,2803.0,5797.0,False,False
2883,2022-10-27 09:40:57.308046,-0.00421940928270037,-0.008438818565400852,-0.049999999999998934,-0.09999999999999964,11.75,11.85,11.8,11.85,1558.0,1120.0,2803.0,5797.0,False,False
2883,2022-10-27 09:40:57.487113,-0.00421940928270037,-0.008438818565400852,-0.049999999999998934,-0.09999999999999964,11.75,11.85,11.8,11.85,1558.0,1120.0,2803.0,5797.0,False,False
2883,2022-10-27 09:40:57.740138,-0.00421940928270037,-0.008438818565400852,-0.049999999999998934,-0.09999999999999964,11.75,11.85,11.8,11.85,1559.0,1120.0,2803.0,5797.0,False,False
2883,2022-10-27 09:40:58.602652,-0.00421940928270037,-0.008438818565400852,-0.049999999999998934,-0.09999999999999964,11.75,11.85,11.8,11.85,1562.0,1120.0,2803.0,5797.0,False,False
2883,2022-10-27 09:40:59.927054,-0.00421940928270037,-0.00421940928270037,-0.049999999999998934,-0.049999999999998934,11.8,11.85,11.8,11.85,18.0,1120.0,2803.0,5797.0,False,False
2883,2022-10-27 09:40:59.959807,-0.00421940928270037,-0.008438818565400852,-0.049999999999998934,-0.09999999999999964,11.75,11.85,11.8,11.85,1562.0,1120.0,2803.0,5797.0,False,False
2883,2022-10-27 09:41:00.108735,-0.00421940928270037,-0.00421940928270037,-0.049999999999998934,-0.049999999999998934,11.8,11.85,11.8,11.85,18.0,1120.0,2803.0,5797.0,False,False
2883,2022-10-27 09:41:00.233682,-0.00421940928270037,-0.008438818565400852,-0.049999999999998934,-0.09999999999999964,11.75,11.85,11.8,11.85,1562.0,1120.0,2803.0,5797.0,False,False
2883,2022-10-27 09:41:00.345179,-0.00421940928270037,-0.008438818565400852,-0.049999999999998934,-0.09999999999999964,11.75,11.85,11.8,11.85,1660.0,1120.0,2803.0,5797.0,False,False
2883,2022-10-27 09:41:00.355248,-0.00421940928270037,-0.008438818565400852,-0.049999999999998934,-0.09999999999999964,11.75,11.85,11.8,11.85,1562.0,1120.0,2803.0,5797.0,False,False
2883,2022-10-27 09:41:00.467777,-0.00421940928270037,-0.008438818565400852,-0.049999999999998934,-0.09999999999999964,11.75,11.85,11.8,11.85,1562.0,1055.0,2803.0,5797.0,False,False
2883,2022-10-27 09:41:00.584716,-0.00421940928270037,-0.00421940928270037,-0.049999999999998934,-0.049999999999998934,11.8,11.85,11.8,11.85,10.0,1055.0,2803.0,5797.0,False,False
2883,2022-10-27 09:41:00.646883,-0.00421940928270037,-0.00421940928270037,-0.049999999999998934,-0.049999999999998934,11.8,11.85,11.8,11.85,10.0,1055.0,2803.0,5797.0,False,False
2883,2022-10-27 09:41:01.135626,-0.00421940928270037,-0.00421940928270037,-0.049999999999998934,-0.049999999999998934,11.8,11.85,11.8,11.85,10.0,1055.0,2803.0,5797.0,False,False
