symbol,datetime,NaOb_r,NbOa_r,NaOb_s,NbOa_s,bid1,ask1,odd_bid1,odd_ask1,bidQty1,askQty1,odd_bidQty1,odd_askQty1,simulate,triggerbyOdd
2887,2022-10-27 09:33:58.651504,0.0,-0.0073260073260073,0.0,-0.09999999999999964,13.55,13.6,13.6,13.65,192.0,255.0,3869.0,54491.0,True,True
2887,2022-10-27 09:34:01.075258,0.0,-0.0073260073260073,0.0,-0.09999999999999964,13.55,13.6,13.6,13.65,192.0,255.0,3869.0,54491.0,False,False
2887,2022-10-27 09:34:02.664994,0.0,-0.0073260073260073,0.0,-0.09999999999999964,13.55,13.6,13.6,13.65,195.0,255.0,3869.0,54491.0,False,False
2887,2022-10-27 09:34:02.816808,0.0,-0.0073260073260073,0.0,-0.09999999999999964,13.55,13.6,13.6,13.65,195.0,255.0,3869.0,54491.0,False,False
2887,2022-10-27 09:34:05.021879,0.0,-0.0073260073260073,0.0,-0.09999999999999964,13.55,13.6,13.6,13.65,198.0,255.0,3869.0,54491.0,False,False
2887,2022-10-27 09:34:06.818271,0.0,-0.0073260073260073,0.0,-0.09999999999999964,13.55,13.6,13.6,13.65,198.0,255.0,3869.0,54491.0,False,False
2887,2022-10-27 09:34:07.210205,0.0,-0.0073260073260073,0.0,-0.09999999999999964,13.55,13.6,13.6,13.65,198.0,255.0,3869.0,54491.0,False,False
2887,2022-10-27 09:34:08.096095,0.0,-0.0073260073260073,0.0,-0.09999999999999964,13.55,13.6,13.6,13.65,198.0,255.0,3525.0,54491.0,False,True
2887,2022-10-27 09:34:10.628648,0.0,-0.0073260073260073,0.0,-0.09999999999999964,13.55,13.6,13.6,13.65,198.0,256.0,3525.0,54491.0,False,False
2887,2022-10-27 09:34:11.773064,0.0,-0.0073260073260073,0.0,-0.09999999999999964,13.55,13.6,13.6,13.65,248.0,256.0,3525.0,54491.0,False,False
2887,2022-10-27 09:34:13.940054,0.0,-0.0073260073260073,0.0,-0.09999999999999964,13.55,13.6,13.6,13.65,248.0,259.0,3525.0,54491.0,False,False
2887,2022-10-27 09:34:16.636206,0.0,-0.0073260073260073,0.0,-0.09999999999999964,13.55,13.6,13.6,13.65,248.0,260.0,3525.0,54491.0,False,False
2887,2022-10-27 09:34:16.706554,0.0,-0.0073260073260073,0.0,-0.09999999999999964,13.55,13.6,13.6,13.65,258.0,260.0,3525.0,54491.0,False,False
2887,2022-10-27 09:34:18.144633,0.0,-0.0073260073260073,0.0,-0.09999999999999964,13.55,13.6,13.6,13.65,258.0,260.0,3725.0,54491.0,True,True
2887,2022-10-27 09:34:18.901087,0.0,-0.0073260073260073,0.0,-0.09999999999999964,13.55,13.6,13.6,13.65,334.0,260.0,3725.0,54491.0,False,False
2887,2022-10-27 09:34:21.051270,0.0,-0.0073260073260073,0.0,-0.09999999999999964,13.55,13.6,13.6,13.65,334.0,260.0,3725.0,54491.0,False,False
2887,2022-10-27 09:34:21.076946,0.0,-0.0073260073260073,0.0,-0.09999999999999964,13.55,13.6,13.6,13.65,334.0,259.0,3725.0,54491.0,False,False
2887,2022-10-27 09:34:24.735324,0.0,-0.0073260073260073,0.0,-0.09999999999999964,13.55,13.6,13.6,13.65,284.0,259.0,3725.0,54491.0,False,False
2887,2022-10-27 09:34:24.873196,0.0,-0.0073260073260073,0.0,-0.09999999999999964,13.55,13.6,13.6,13.65,284.0,264.0,3725.0,54491.0,False,False
2887,2022-10-27 09:34:25.336200,0.0,-0.0073260073260073,0.0,-0.09999999999999964,13.55,13.6,13.6,13.65,284.0,267.0,3725.0,54491.0,False,False
2887,2022-10-27 09:34:27.059772,0.0,-0.0073260073260073,0.0,-0.09999999999999964,13.55,13.6,13.6,13.65,284.0,262.0,3725.0,54491.0,False,False
2887,2022-10-27 09:34:27.130087,0.0,-0.0073260073260073,0.0,-0.09999999999999964,13.55,13.6,13.6,13.65,281.0,262.0,3725.0,54491.0,False,False
2887,2022-10-27 09:34:28.202792,0.0,-0.0073260073260073,0.0,-0.09999999999999964,13.55,13.6,13.6,13.65,281.0,262.0,3725.0,54491.0,True,True
2887,2022-10-27 09:34:28.867780,0.0,-0.0073260073260073,0.0,-0.09999999999999964,13.55,13.6,13.6,13.65,281.0,262.0,3725.0,54491.0,False,False
2887,2022-10-27 09:34:30.001516,0.0,-0.0073260073260073,0.0,-0.09999999999999964,13.55,13.6,13.6,13.65,281.0,262.0,3725.0,54491.0,False,False
2887,2022-10-27 09:34:30.239845,0.0,-0.0073260073260073,0.0,-0.09999999999999964,13.55,13.6,13.6,13.65,281.0,267.0,3725.0,54491.0,False,False
2887,2022-10-27 09:34:30.841419,0.0,-0.0073260073260073,0.0,-0.09999999999999964,13.55,13.6,13.6,13.65,205.0,267.0,3725.0,54491.0,False,False
2887,2022-10-27 09:34:35.634454,0.0,-0.0073260073260073,0.0,-0.09999999999999964,13.55,13.6,13.6,13.65,205.0,270.0,3725.0,54491.0,False,False
2887,2022-10-27 09:34:38.243239,0.0,-0.0073260073260073,0.0,-0.09999999999999964,13.55,13.6,13.6,13.65,205.0,270.0,3825.0,54491.0,True,True
2887,2022-10-27 09:34:39.197374,0.0,-0.0073260073260073,0.0,-0.09999999999999964,13.55,13.6,13.6,13.65,209.0,270.0,3825.0,54491.0,False,False
2887,2022-10-27 09:34:39.942907,0.0,-0.0073260073260073,0.0,-0.09999999999999964,13.55,13.6,13.6,13.65,209.0,270.0,3825.0,54491.0,False,False
2887,2022-10-27 09:34:40.315779,0.0,-0.0073260073260073,0.0,-0.09999999999999964,13.55,13.6,13.6,13.65,209.0,270.0,3825.0,54491.0,False,False
2887,2022-10-27 09:34:44.244613,0.0,-0.0073260073260073,0.0,-0.09999999999999964,13.55,13.6,13.6,13.65,209.0,270.0,3825.0,54491.0,False,False
2887,2022-10-27 09:34:44.708055,0.0,-0.0073260073260073,0.0,-0.09999999999999964,13.55,13.6,13.6,13.65,210.0,270.0,3825.0,54491.0,False,False
2887,2022-10-27 09:34:45.209514,0.0,-0.0073260073260073,0.0,-0.09999999999999964,13.55,13.6,13.6,13.65,210.0,269.0,3825.0,54491.0,False,False
2887,2022-10-27 09:34:46.109236,0.0,-0.0073260073260073,0.0,-0.09999999999999964,13.55,13.6,13.6,13.65,210.0,269.0,3825.0,54491.0,False,False
2887,2022-10-27 09:34:46.520861,0.0,-0.0073260073260073,0.0,-0.09999999999999964,13.55,13.6,13.6,13.65,210.0,269.0,3825.0,54491.0,False,False
2887,2022-10-27 09:34:47.916304,0.0,-0.0073260073260073,0.0,-0.09999999999999964,13.55,13.6,13.6,13.65,210.0,269.0,3825.0,54491.0,False,False
2887,2022-10-27 09:34:48.281322,0.0,-0.0073260073260073,0.0,-0.09999999999999964,13.55,13.6,13.6,13.65,210.0,269.0,3330.0,54491.0,True,True
2887,2022-10-27 09:34:48.313443,0.0,-0.0073260073260073,0.0,-0.09999999999999964,13.55,13.6,13.6,13.65,210.0,267.0,3330.0,54491.0,False,False
2887,2022-10-27 09:34:49.241455,0.0,-0.0073260073260073,0.0,-0.09999999999999964,13.55,13.6,13.6,13.65,209.0,267.0,3330.0,54491.0,False,False
2887,2022-10-27 09:34:50.675623,0.0,-0.0073260073260073,0.0,-0.09999999999999964,13.55,13.6,13.6,13.65,209.0,267.0,3330.0,54491.0,False,False
2887,2022-10-27 09:34:54.740700,0.0,-0.0073260073260073,0.0,-0.09999999999999964,13.55,13.6,13.6,13.65,209.0,272.0,3330.0,54491.0,False,False
2887,2022-10-27 09:34:55.894049,0.0,-0.0073260073260073,0.0,-0.09999999999999964,13.55,13.6,13.6,13.65,209.0,274.0,3330.0,54491.0,False,False
2887,2022-10-27 09:35:00.086427,0.0,-0.0073260073260073,0.0,-0.09999999999999964,13.55,13.6,13.6,13.65,209.0,274.0,3330.0,54491.0,False,False
2887,2022-10-27 09:35:00.174207,0.0,-0.0073260073260073,0.0,-0.09999999999999964,13.55,13.6,13.6,13.65,209.0,274.0,3330.0,54491.0,False,False
2887,2022-10-27 09:35:01.403406,0.0,-0.0073260073260073,0.0,-0.09999999999999964,13.55,13.6,13.6,13.65,210.0,274.0,3330.0,54491.0,False,False
2887,2022-10-27 09:35:04.679227,0.0,-0.0073260073260073,0.0,-0.09999999999999964,13.55,13.6,13.6,13.65,210.0,274.0,3330.0,54491.0,False,False
2887,2022-10-27 09:35:07.297102,0.0,-0.0073260073260073,0.0,-0.09999999999999964,13.55,13.6,13.6,13.65,210.0,274.0,3330.0,54491.0,False,False
2887,2022-10-27 09:35:07.601880,0.0,-0.0073260073260073,0.0,-0.09999999999999964,13.55,13.6,13.6,13.65,240.0,274.0,3330.0,54491.0,False,False
2887,2022-10-27 09:35:08.474417,0.0,-0.0073260073260073,0.0,-0.09999999999999964,13.55,13.6,13.6,13.65,240.0,274.0,3130.0,54491.0,True,True
2887,2022-10-27 09:35:10.086943,0.0,-0.0073260073260073,0.0,-0.09999999999999964,13.55,13.6,13.6,13.65,239.0,274.0,3130.0,54491.0,False,False
2887,2022-10-27 09:35:10.518936,0.0,-0.0073260073260073,0.0,-0.09999999999999964,13.55,13.6,13.6,13.65,239.0,275.0,3130.0,54491.0,False,False
2887,2022-10-27 09:35:10.820731,0.0,-0.0073260073260073,0.0,-0.09999999999999964,13.55,13.6,13.6,13.65,239.0,275.0,3130.0,54491.0,False,False
2887,2022-10-27 09:35:15.438999,0.0,-0.0073260073260073,0.0,-0.09999999999999964,13.55,13.6,13.6,13.65,239.0,276.0,3130.0,54491.0,False,False
2887,2022-10-27 09:35:18.477397,0.0,-0.0073260073260073,0.0,-0.09999999999999964,13.55,13.6,13.6,13.65,239.0,276.0,2618.0,54491.0,True,True
2887,2022-10-27 09:35:20.651498,0.0,-0.0073260073260073,0.0,-0.09999999999999964,13.55,13.6,13.6,13.65,290.0,276.0,2618.0,54491.0,False,False
2887,2022-10-27 09:35:21.114521,0.0,-0.0073260073260073,0.0,-0.09999999999999964,13.55,13.6,13.6,13.65,299.0,276.0,2618.0,54491.0,False,False
2887,2022-10-27 09:35:22.133617,0.0,-0.0073260073260073,0.0,-0.09999999999999964,13.55,13.6,13.6,13.65,299.0,277.0,2618.0,54491.0,False,False
2887,2022-10-27 09:35:23.136082,0.0,-0.0073260073260073,0.0,-0.09999999999999964,13.55,13.6,13.6,13.65,299.0,278.0,2618.0,54491.0,False,False
2887,2022-10-27 09:35:25.149503,0.0,-0.0073260073260073,0.0,-0.09999999999999964,13.55,13.6,13.6,13.65,299.0,277.0,2618.0,54491.0,False,False
2887,2022-10-27 09:35:26.385555,0.0,-0.0073260073260073,0.0,-0.09999999999999964,13.55,13.6,13.6,13.65,294.0,277.0,2618.0,54491.0,False,False
2887,2022-10-27 09:35:26.612645,0.0,-0.0073260073260073,0.0,-0.09999999999999964,13.55,13.6,13.6,13.65,243.0,277.0,2618.0,54491.0,False,False
2887,2022-10-27 09:35:28.316856,0.0,-0.0073260073260073,0.0,-0.09999999999999964,13.55,13.6,13.6,13.65,243.0,281.0,2618.0,54491.0,False,False
2887,2022-10-27 09:35:28.490188,0.0,-0.0073260073260073,0.0,-0.09999999999999964,13.55,13.6,13.6,13.65,243.0,281.0,2618.0,54600.0,True,True
2887,2022-10-27 09:35:28.951892,0.0,-0.0073260073260073,0.0,-0.09999999999999964,13.55,13.6,13.6,13.65,242.0,281.0,2618.0,54600.0,False,False
2887,2022-10-27 09:35:32.676999,0.0,-0.0073260073260073,0.0,-0.09999999999999964,13.55,13.6,13.6,13.65,293.0,281.0,2618.0,54600.0,False,False
2887,2022-10-27 09:35:33.601273,0.0,-0.0073260073260073,0.0,-0.09999999999999964,13.55,13.6,13.6,13.65,242.0,281.0,2618.0,54600.0,False,False
2887,2022-10-27 09:35:35.098251,0.0,-0.0073260073260073,0.0,-0.09999999999999964,13.55,13.6,13.6,13.65,242.0,281.0,2618.0,54600.0,False,False
2887,2022-10-27 09:35:35.099566,0.0,-0.0073260073260073,0.0,-0.09999999999999964,13.55,13.6,13.6,13.65,242.0,282.0,2618.0,54600.0,False,False
2887,2022-10-27 09:35:36.620818,0.0,-0.0073260073260073,0.0,-0.09999999999999964,13.55,13.6,13.6,13.65,294.0,282.0,2618.0,54600.0,False,False
2887,2022-10-27 09:35:37.629113,0.0,-0.0073260073260073,0.0,-0.09999999999999964,13.55,13.6,13.6,13.65,294.0,282.0,2618.0,54600.0,False,False
2887,2022-10-27 09:35:38.512058,0.0,-0.0073260073260073,0.0,-0.09999999999999964,13.55,13.6,13.6,13.65,294.0,282.0,2518.0,54600.0,True,True
2887,2022-10-27 09:35:39.119223,0.0,-0.0073260073260073,0.0,-0.09999999999999964,13.55,13.6,13.6,13.65,289.0,277.0,2518.0,54600.0,False,False
2887,2022-10-27 09:35:41.448721,0.0,-0.0073260073260073,0.0,-0.09999999999999964,13.55,13.6,13.6,13.65,289.0,277.0,2518.0,54600.0,False,False
2887,2022-10-27 09:35:43.152202,0.0,-0.0073260073260073,0.0,-0.09999999999999964,13.55,13.6,13.6,13.65,289.0,277.0,2518.0,54600.0,False,False
2887,2022-10-27 09:35:43.777435,0.0,-0.0073260073260073,0.0,-0.09999999999999964,13.55,13.6,13.6,13.65,299.0,277.0,2518.0,54600.0,False,False
2887,2022-10-27 09:35:46.583926,0.0,-0.0073260073260073,0.0,-0.09999999999999964,13.55,13.6,13.6,13.65,247.0,277.0,2518.0,54600.0,False,False
2887,2022-10-27 09:35:47.627523,0.0,-0.0073260073260073,0.0,-0.09999999999999964,13.55,13.6,13.6,13.65,298.0,277.0,2518.0,54600.0,False,False
2887,2022-10-27 09:35:48.346006,0.0,-0.0073260073260073,0.0,-0.09999999999999964,13.55,13.6,13.6,13.65,296.0,277.0,2518.0,54600.0,False,False
2887,2022-10-27 09:35:48.465551,0.0,-0.0073260073260073,0.0,-0.09999999999999964,13.55,13.6,13.6,13.65,296.0,277.0,2518.0,54600.0,False,False
2887,2022-10-27 09:35:55.054161,0.0,-0.0073260073260073,0.0,-0.09999999999999964,13.55,13.6,13.6,13.65,297.0,277.0,2518.0,54600.0,False,False
2887,2022-10-27 09:35:58.570582,0.0,-0.0073260073260073,0.0,-0.09999999999999964,13.55,13.6,13.6,13.65,297.0,277.0,2517.0,54600.0,True,True
2887,2022-10-27 09:36:00.934273,0.0,-0.0073260073260073,0.0,-0.09999999999999964,13.55,13.6,13.6,13.65,298.0,277.0,2517.0,54600.0,False,False
2887,2022-10-27 09:36:01.383280,0.0,-0.0073260073260073,0.0,-0.09999999999999964,13.55,13.6,13.6,13.65,298.0,277.0,2517.0,54600.0,False,False
2887,2022-10-27 09:36:02.544258,0.0,-0.0073260073260073,0.0,-0.09999999999999964,13.55,13.6,13.6,13.65,298.0,279.0,2517.0,54600.0,False,False
2887,2022-10-27 09:36:04.573655,0.0,-0.0073260073260073,0.0,-0.09999999999999964,13.55,13.6,13.6,13.65,247.0,279.0,2517.0,54600.0,False,False
2887,2022-10-27 09:36:06.100508,0.0,-0.0073260073260073,0.0,-0.09999999999999964,13.55,13.6,13.6,13.65,247.0,279.0,2517.0,54600.0,False,False
2887,2022-10-27 09:36:06.796467,0.0,-0.0073260073260073,0.0,-0.09999999999999964,13.55,13.6,13.6,13.65,247.0,279.0,2517.0,54600.0,False,False
2887,2022-10-27 09:36:07.216890,0.0,-0.0073260073260073,0.0,-0.09999999999999964,13.55,13.6,13.6,13.65,247.0,279.0,2517.0,54600.0,False,False
2887,2022-10-27 09:36:07.711123,0.0,-0.0073260073260073,0.0,-0.09999999999999964,13.55,13.6,13.6,13.65,300.0,279.0,2517.0,54600.0,False,False
2887,2022-10-27 09:36:08.609502,0.0,-0.0073260073260073,0.0,-0.09999999999999964,13.55,13.6,13.6,13.65,300.0,279.0,2511.0,54600.0,True,True
2887,2022-10-27 09:36:11.435470,0.0,-0.0073260073260073,0.0,-0.09999999999999964,13.55,13.6,13.6,13.65,301.0,279.0,2511.0,54600.0,False,False
2887,2022-10-27 09:36:11.559957,0.0,-0.0073260073260073,0.0,-0.09999999999999964,13.55,13.6,13.6,13.65,248.0,279.0,2511.0,54600.0,False,False
2887,2022-10-27 09:36:14.983381,0.0,-0.0073260073260073,0.0,-0.09999999999999964,13.55,13.6,13.6,13.65,248.0,279.0,2511.0,54600.0,False,False
2887,2022-10-27 09:36:16.540501,0.0,-0.0073260073260073,0.0,-0.09999999999999964,13.55,13.6,13.6,13.65,268.0,279.0,2511.0,54600.0,False,False
2887,2022-10-27 09:36:18.564289,0.0,-0.0073260073260073,0.0,-0.09999999999999964,13.55,13.6,13.6,13.65,268.0,279.0,2511.0,54600.0,False,False
2887,2022-10-27 09:36:18.639067,0.0,-0.0073260073260073,0.0,-0.09999999999999964,13.55,13.6,13.6,13.65,268.0,279.0,2511.0,55200.0,True,True
2887,2022-10-27 09:36:19.753257,0.0,-0.0073260073260073,0.0,-0.09999999999999964,13.55,13.6,13.6,13.65,268.0,279.0,2511.0,55200.0,False,False
2887,2022-10-27 09:36:19.796199,0.0,-0.0073260073260073,0.0,-0.09999999999999964,13.55,13.6,13.6,13.65,268.0,279.0,2511.0,55200.0,False,False
2887,2022-10-27 09:36:21.555947,0.0,-0.0073260073260073,0.0,-0.09999999999999964,13.55,13.6,13.6,13.65,168.0,279.0,2511.0,55200.0,False,False
2887,2022-10-27 09:36:22.039066,0.0,-0.0073260073260073,0.0,-0.09999999999999964,13.55,13.6,13.6,13.65,167.0,279.0,2511.0,55200.0,False,False
2887,2022-10-27 09:36:23.030916,0.0,-0.0073260073260073,0.0,-0.09999999999999964,13.55,13.6,13.6,13.65,167.0,279.0,2511.0,55200.0,False,False
2887,2022-10-27 09:36:26.061578,0.0,-0.0073260073260073,0.0,-0.09999999999999964,13.55,13.6,13.6,13.65,167.0,292.0,2511.0,55200.0,False,False
2887,2022-10-27 09:36:26.189154,0.0,-0.0073260073260073,0.0,-0.09999999999999964,13.55,13.6,13.6,13.65,167.0,292.0,2511.0,55200.0,False,False
2887,2022-10-27 09:36:26.751803,0.0,-0.0073260073260073,0.0,-0.09999999999999964,13.55,13.6,13.6,13.65,168.0,292.0,2511.0,55200.0,False,False
2887,2022-10-27 09:36:28.665819,0.0,-0.0073260073260073,0.0,-0.09999999999999964,13.55,13.6,13.6,13.65,168.0,292.0,2661.0,55200.0,True,True
2887,2022-10-27 09:36:30.596831,0.0,-0.0073260073260073,0.0,-0.09999999999999964,13.55,13.6,13.6,13.65,222.0,292.0,2661.0,55200.0,False,False
2887,2022-10-27 09:36:33.388469,0.0,-0.0073260073260073,0.0,-0.09999999999999964,13.55,13.6,13.6,13.65,222.0,292.0,2661.0,55200.0,False,False
2887,2022-10-27 09:36:33.666058,0.0,-0.0073260073260073,0.0,-0.09999999999999964,13.55,13.6,13.6,13.65,224.0,292.0,2661.0,55200.0,False,False
2887,2022-10-27 09:36:33.792965,0.0,-0.0073260073260073,0.0,-0.09999999999999964,13.55,13.6,13.6,13.65,226.0,292.0,2661.0,55200.0,False,False
2887,2022-10-27 09:36:34.107414,0.0,-0.0073260073260073,0.0,-0.09999999999999964,13.55,13.6,13.6,13.65,226.0,292.0,2661.0,55200.0,False,False
2887,2022-10-27 09:36:35.309491,0.0,-0.0073260073260073,0.0,-0.09999999999999964,13.55,13.6,13.6,13.65,226.0,292.0,2661.0,55200.0,False,False
2887,2022-10-27 09:36:38.693741,0.0,-0.0073260073260073,0.0,-0.09999999999999964,13.55,13.6,13.6,13.65,226.0,292.0,2801.0,55200.0,True,True
2887,2022-10-27 09:36:39.203138,0.0,-0.0073260073260073,0.0,-0.09999999999999964,13.55,13.6,13.6,13.65,226.0,288.0,2801.0,55200.0,False,False
2887,2022-10-27 09:36:40.744582,0.0,-0.0073260073260073,0.0,-0.09999999999999964,13.55,13.6,13.6,13.65,302.0,288.0,2801.0,55200.0,False,False
2887,2022-10-27 09:36:41.097462,0.0,-0.0073260073260073,0.0,-0.09999999999999964,13.55,13.6,13.6,13.65,302.0,288.0,2801.0,55200.0,False,False
2887,2022-10-27 09:36:44.700208,0.0,-0.0073260073260073,0.0,-0.09999999999999964,13.55,13.6,13.6,13.65,302.0,288.0,2801.0,55200.0,False,False
2887,2022-10-27 09:36:45.370295,0.0,-0.0073260073260073,0.0,-0.09999999999999964,13.55,13.6,13.6,13.65,303.0,288.0,2801.0,55200.0,False,False
2887,2022-10-27 09:36:47.573645,0.0,-0.0073260073260073,0.0,-0.09999999999999964,13.55,13.6,13.6,13.65,303.0,288.0,2801.0,55200.0,False,False
2887,2022-10-27 09:36:48.723830,0.0,-0.0073260073260073,0.0,-0.09999999999999964,13.55,13.6,13.6,13.65,303.0,288.0,2801.0,55200.0,True,True
2887,2022-10-27 09:36:52.077862,0.0,-0.0073260073260073,0.0,-0.09999999999999964,13.55,13.6,13.6,13.65,304.0,288.0,2801.0,55200.0,False,False
2887,2022-10-27 09:36:53.054006,0.0,-0.0073260073260073,0.0,-0.09999999999999964,13.55,13.6,13.6,13.65,304.0,288.0,2801.0,55200.0,False,False
2887,2022-10-27 09:36:54.280287,0.0,-0.0073260073260073,0.0,-0.09999999999999964,13.55,13.6,13.6,13.65,305.0,288.0,2801.0,55200.0,False,False
2887,2022-10-27 09:36:58.767070,0.0,-0.0073260073260073,0.0,-0.09999999999999964,13.55,13.6,13.6,13.65,305.0,288.0,1801.0,5250.0,True,True
2887,2022-10-27 09:37:00.315864,0.0,-0.0073260073260073,0.0,-0.09999999999999964,13.55,13.6,13.6,13.65,308.0,288.0,1801.0,5250.0,False,False
2887,2022-10-27 09:37:01.460038,0.0,-0.0073260073260073,0.0,-0.09999999999999964,13.55,13.6,13.6,13.65,308.0,288.0,1801.0,5250.0,False,False
2887,2022-10-27 09:37:03.471326,0.0,-0.0073260073260073,0.0,-0.09999999999999964,13.55,13.6,13.6,13.65,308.0,288.0,1801.0,5250.0,False,False
2887,2022-10-27 09:37:03.700389,0.0,-0.0073260073260073,0.0,-0.09999999999999964,13.55,13.6,13.6,13.65,309.0,288.0,1801.0,5250.0,False,False
2887,2022-10-27 09:37:05.852344,0.0,-0.0073260073260073,0.0,-0.09999999999999964,13.55,13.6,13.6,13.65,309.0,287.0,1801.0,5250.0,False,False
2887,2022-10-27 09:37:08.201703,0.0,-0.0073260073260073,0.0,-0.09999999999999964,13.55,13.6,13.6,13.65,309.0,287.0,1801.0,5250.0,False,True
2887,2022-10-27 09:37:08.306959,0.0,-0.0073260073260073,0.0,-0.09999999999999964,13.55,13.6,13.6,13.65,310.0,287.0,1801.0,5250.0,False,False
2887,2022-10-27 09:37:12.461345,0.0,-0.0073260073260073,0.0,-0.09999999999999964,13.55,13.6,13.6,13.65,310.0,287.0,1801.0,5250.0,False,False
2887,2022-10-27 09:37:13.623478,0.0,-0.0073260073260073,0.0,-0.09999999999999964,13.55,13.6,13.6,13.65,310.0,286.0,1801.0,5250.0,False,False
2887,2022-10-27 09:37:15.754004,0.0,-0.0073260073260073,0.0,-0.09999999999999964,13.55,13.6,13.6,13.65,310.0,285.0,1801.0,5250.0,False,False
2887,2022-10-27 09:37:18.229683,0.0,-0.0073260073260073,0.0,-0.09999999999999964,13.55,13.6,13.6,13.65,310.0,285.0,1221.0,5250.0,True,True
2887,2022-10-27 09:37:21.474503,0.0,-0.0073260073260073,0.0,-0.09999999999999964,13.55,13.6,13.6,13.65,310.0,286.0,1221.0,5250.0,False,False
2887,2022-10-27 09:37:25.454207,0.0,-0.0073260073260073,0.0,-0.09999999999999964,13.55,13.6,13.6,13.65,310.0,287.0,1221.0,5250.0,False,False
2887,2022-10-27 09:37:26.059536,0.0,-0.0073260073260073,0.0,-0.09999999999999964,13.55,13.6,13.6,13.65,309.0,287.0,1221.0,5250.0,False,False
2887,2022-10-27 09:37:26.484153,0.0,-0.0073260073260073,0.0,-0.09999999999999964,13.55,13.6,13.6,13.65,309.0,287.0,1221.0,5250.0,False,False
2887,2022-10-27 09:37:26.611319,0.0,-0.0073260073260073,0.0,-0.09999999999999964,13.55,13.6,13.6,13.65,309.0,285.0,1221.0,5250.0,False,False
2887,2022-10-27 09:37:28.816602,0.0,-0.0073260073260073,0.0,-0.09999999999999964,13.55,13.6,13.6,13.65,309.0,281.0,1221.0,5250.0,False,False
2887,2022-10-27 09:37:29.064613,0.0,-0.0073260073260073,0.0,-0.09999999999999964,13.55,13.6,13.6,13.65,309.0,281.0,1221.0,5250.0,False,False
2887,2022-10-27 09:37:29.496042,0.0,-0.0073260073260073,0.0,-0.09999999999999964,13.55,13.6,13.6,13.65,331.0,281.0,1221.0,5250.0,False,False
2887,2022-10-27 09:37:30.254341,0.0,-0.0073260073260073,0.0,-0.09999999999999964,13.55,13.6,13.6,13.65,331.0,281.0,1221.0,5250.0,False,False
2887,2022-10-27 09:37:30.624986,0.0,-0.0073260073260073,0.0,-0.09999999999999964,13.55,13.6,13.6,13.65,331.0,239.0,1221.0,5250.0,False,False
2887,2022-10-27 09:37:30.663604,0.0,-0.0073260073260073,0.0,-0.09999999999999964,13.55,13.6,13.6,13.65,376.0,239.0,1221.0,5250.0,False,False
2887,2022-10-27 09:37:30.683905,0.0,-0.0073260073260073,0.0,-0.09999999999999964,13.55,13.6,13.6,13.65,376.0,235.0,1221.0,5250.0,False,False
2887,2022-10-27 09:37:30.748684,0.0,-0.0073260073260073,0.0,-0.09999999999999964,13.55,13.6,13.6,13.65,376.0,216.0,1221.0,5250.0,False,False
2887,2022-10-27 09:37:34.992703,0.0,-0.0073260073260073,0.0,-0.09999999999999964,13.55,13.6,13.6,13.65,376.0,218.0,1221.0,5250.0,False,False
2887,2022-10-27 09:37:36.528794,0.0,-0.0073260073260073,0.0,-0.09999999999999964,13.55,13.6,13.6,13.65,322.0,218.0,1221.0,5250.0,False,False
2887,2022-10-27 09:37:36.529941,0.0,-0.0073260073260073,0.0,-0.09999999999999964,13.55,13.6,13.6,13.65,300.0,218.0,1221.0,5250.0,False,False
2887,2022-10-27 09:37:36.897213,0.0,-0.0073260073260073,0.0,-0.09999999999999964,13.55,13.6,13.6,13.65,300.0,218.0,1221.0,5250.0,False,False
2887,2022-10-27 09:37:38.292190,0.0,-0.0073260073260073,0.0,-0.09999999999999964,13.55,13.6,13.6,13.65,300.0,218.0,1231.0,5250.0,True,True
2887,2022-10-27 09:37:40.165965,0.0,-0.0073260073260073,0.0,-0.09999999999999964,13.55,13.6,13.6,13.65,300.0,218.0,1231.0,5250.0,False,False
2887,2022-10-27 09:37:40.383657,0.0,-0.0073260073260073,0.0,-0.09999999999999964,13.55,13.6,13.6,13.65,310.0,218.0,1231.0,5250.0,False,False
2887,2022-10-27 09:37:41.936258,0.0,-0.0073260073260073,0.0,-0.09999999999999964,13.55,13.6,13.6,13.65,310.0,217.0,1231.0,5250.0,False,False
2887,2022-10-27 09:37:44.617492,0.0,-0.0073260073260073,0.0,-0.09999999999999964,13.55,13.6,13.6,13.65,234.0,217.0,1231.0,5250.0,False,False
2887,2022-10-27 09:37:52.912870,0.0,-0.0073260073260073,0.0,-0.09999999999999964,13.55,13.6,13.6,13.65,241.0,217.0,1231.0,5250.0,False,False
2887,2022-10-27 09:37:57.554385,0.0,-0.0073260073260073,0.0,-0.09999999999999964,13.55,13.6,13.6,13.65,241.0,219.0,1231.0,5250.0,False,False
2887,2022-10-27 09:37:57.587381,0.0,-0.0073260073260073,0.0,-0.09999999999999964,13.55,13.6,13.6,13.65,196.0,219.0,1231.0,5250.0,False,False
2887,2022-10-27 09:37:58.215845,0.0,-0.0073260073260073,0.0,-0.09999999999999964,13.55,13.6,13.6,13.65,196.0,219.0,1231.0,5250.0,False,False
2887,2022-10-27 09:37:59.203238,0.0,-0.0073260073260073,0.0,-0.09999999999999964,13.55,13.6,13.6,13.65,196.0,219.0,1231.0,5250.0,False,False
2887,2022-10-27 09:38:01.913883,0.0,-0.0073260073260073,0.0,-0.09999999999999964,13.55,13.6,13.6,13.65,196.0,221.0,1231.0,5250.0,False,False
2887,2022-10-27 09:38:06.539853,0.0,-0.0073260073260073,0.0,-0.09999999999999964,13.55,13.6,13.6,13.65,196.0,226.0,1231.0,5250.0,False,False
2887,2022-10-27 09:38:08.103857,0.0,-0.0073260073260073,0.0,-0.09999999999999964,13.55,13.6,13.6,13.65,196.0,226.0,1231.0,5250.0,False,False
2887,2022-10-27 09:38:08.399706,0.0,-0.0073260073260073,0.0,-0.09999999999999964,13.55,13.6,13.6,13.65,196.0,226.0,731.0,5250.0,True,True
2887,2022-10-27 09:38:11.274806,0.0,-0.0073260073260073,0.0,-0.09999999999999964,13.55,13.6,13.6,13.65,196.0,226.0,731.0,5250.0,False,False
2887,2022-10-27 09:38:12.378824,0.0,-0.0073260073260073,0.0,-0.09999999999999964,13.55,13.6,13.6,13.65,196.0,227.0,731.0,5250.0,False,False
2887,2022-10-27 09:38:16.455903,0.0,-0.0073260073260073,0.0,-0.09999999999999964,13.55,13.6,13.6,13.65,199.0,227.0,731.0,5250.0,False,False
2887,2022-10-27 09:38:17.005474,0.0,-0.0073260073260073,0.0,-0.09999999999999964,13.55,13.6,13.6,13.65,199.0,226.0,731.0,5250.0,False,False
2887,2022-10-27 09:38:17.483816,0.0,-0.0073260073260073,0.0,-0.09999999999999964,13.55,13.6,13.6,13.65,199.0,226.0,731.0,5250.0,False,False
2887,2022-10-27 09:38:18.426758,0.0,-0.0073260073260073,0.0,-0.09999999999999964,13.55,13.6,13.6,13.65,199.0,226.0,1231.0,5250.0,True,True
2887,2022-10-27 09:38:20.552733,0.0,-0.0073260073260073,0.0,-0.09999999999999964,13.55,13.6,13.6,13.65,259.0,226.0,1231.0,5250.0,False,False
2887,2022-10-27 09:38:22.043520,0.0,-0.0073260073260073,0.0,-0.09999999999999964,13.55,13.6,13.6,13.65,259.0,223.0,1231.0,5250.0,False,False
2887,2022-10-27 09:38:22.079975,0.0,-0.0073260073260073,0.0,-0.09999999999999964,13.55,13.6,13.6,13.65,259.0,223.0,1231.0,5250.0,False,False
2887,2022-10-27 09:38:24.669564,0.0,-0.0073260073260073,0.0,-0.09999999999999964,13.55,13.6,13.6,13.65,335.0,223.0,1231.0,5250.0,False,False
2887,2022-10-27 09:38:26.222594,0.0,-0.0073260073260073,0.0,-0.09999999999999964,13.55,13.6,13.6,13.65,335.0,220.0,1231.0,5250.0,False,False
2887,2022-10-27 09:38:26.702674,0.0,-0.0073260073260073,0.0,-0.09999999999999964,13.55,13.6,13.6,13.65,335.0,220.0,1231.0,5250.0,False,False
2887,2022-10-27 09:38:28.674230,0.0,-0.0073260073260073,0.0,-0.09999999999999964,13.55,13.6,13.6,13.65,338.0,220.0,1231.0,5250.0,False,False
2887,2022-10-27 09:38:28.698705,0.0,-0.0073260073260073,0.0,-0.09999999999999964,13.55,13.6,13.6,13.65,338.0,215.0,1231.0,5250.0,False,False
2887,2022-10-27 09:38:31.036801,0.0,-0.0073260073260073,0.0,-0.09999999999999964,13.55,13.6,13.6,13.65,338.0,217.0,1231.0,5250.0,False,False
2887,2022-10-27 09:38:31.978736,0.0,-0.0073260073260073,0.0,-0.09999999999999964,13.55,13.6,13.6,13.65,338.0,217.0,1231.0,5250.0,False,False
2887,2022-10-27 09:38:36.935391,0.0,-0.0073260073260073,0.0,-0.09999999999999964,13.55,13.6,13.6,13.65,338.0,217.0,1231.0,5250.0,False,False
2887,2022-10-27 09:38:38.286685,0.0,-0.0073260073260073,0.0,-0.09999999999999964,13.55,13.6,13.6,13.65,338.0,217.0,1231.0,5250.0,False,False
2887,2022-10-27 09:38:38.497249,0.0,-0.0073260073260073,0.0,-0.09999999999999964,13.55,13.6,13.6,13.65,338.0,217.0,331.0,5250.0,True,True
2887,2022-10-27 09:38:38.883026,0.0,-0.0073260073260073,0.0,-0.09999999999999964,13.55,13.6,13.6,13.65,343.0,217.0,331.0,5250.0,False,False
2887,2022-10-27 09:38:39.284047,0.0,-0.0073260073260073,0.0,-0.09999999999999964,13.55,13.6,13.6,13.65,343.0,217.0,331.0,5250.0,False,False
2887,2022-10-27 09:38:43.345254,0.0,-0.0073260073260073,0.0,-0.09999999999999964,13.55,13.6,13.6,13.65,343.0,217.0,331.0,5250.0,False,False
2887,2022-10-27 09:38:45.293417,0.0,-0.0073260073260073,0.0,-0.09999999999999964,13.55,13.6,13.6,13.65,343.0,213.0,331.0,5250.0,False,False
2887,2022-10-27 09:38:46.139868,0.0,-0.0073260073260073,0.0,-0.09999999999999964,13.55,13.6,13.6,13.65,346.0,213.0,331.0,5250.0,False,False
2887,2022-10-27 09:38:46.781280,0.0,-0.0073260073260073,0.0,-0.09999999999999964,13.55,13.6,13.6,13.65,346.0,209.0,331.0,5250.0,False,False
2887,2022-10-27 09:38:46.893112,0.0,-0.0073260073260073,0.0,-0.09999999999999964,13.55,13.6,13.6,13.65,346.0,209.0,331.0,5250.0,False,False
2887,2022-10-27 09:38:46.908421,0.0,-0.0073260073260073,0.0,-0.09999999999999964,13.55,13.6,13.6,13.65,346.0,209.0,331.0,5250.0,False,False
2887,2022-10-27 09:38:48.538611,0.0,-0.0073260073260073,0.0,-0.09999999999999964,13.55,13.6,13.6,13.65,346.0,209.0,831.0,5250.0,True,True
2887,2022-10-27 09:38:49.910479,0.0,-0.0073260073260073,0.0,-0.09999999999999964,13.55,13.6,13.6,13.65,346.0,209.0,831.0,5250.0,False,False
2887,2022-10-27 09:38:50.685606,0.0,-0.0073260073260073,0.0,-0.09999999999999964,13.55,13.6,13.6,13.65,346.0,210.0,831.0,5250.0,False,False
2887,2022-10-27 09:38:52.391881,0.0,-0.0073260073260073,0.0,-0.09999999999999964,13.55,13.6,13.6,13.65,346.0,220.0,831.0,5250.0,False,False
2887,2022-10-27 09:38:54.796202,0.0,-0.0073260073260073,0.0,-0.09999999999999964,13.55,13.6,13.6,13.65,346.0,220.0,831.0,5250.0,False,False
2887,2022-10-27 09:38:58.167037,0.0,-0.0073260073260073,0.0,-0.09999999999999964,13.55,13.6,13.6,13.65,346.0,220.0,831.0,5250.0,False,False
2887,2022-10-27 09:38:58.568775,0.0,-0.0073260073260073,0.0,-0.09999999999999964,13.55,13.6,13.6,13.65,346.0,220.0,731.0,5250.0,True,True
2887,2022-10-27 09:38:59.828044,0.0,-0.0073260073260073,0.0,-0.09999999999999964,13.55,13.6,13.6,13.65,346.0,224.0,731.0,5250.0,False,False
2887,2022-10-27 09:39:02.735230,0.0,-0.0073260073260073,0.0,-0.09999999999999964,13.55,13.6,13.6,13.65,347.0,224.0,731.0,5250.0,False,False
2887,2022-10-27 09:39:02.986002,0.0,-0.0073260073260073,0.0,-0.09999999999999964,13.55,13.6,13.6,13.65,347.0,223.0,731.0,5250.0,False,False
2887,2022-10-27 09:39:05.673210,0.0,-0.0073260073260073,0.0,-0.09999999999999964,13.55,13.6,13.6,13.65,347.0,222.0,731.0,5250.0,False,False
2887,2022-10-27 09:39:06.843116,0.0,-0.0073260073260073,0.0,-0.09999999999999964,13.55,13.6,13.6,13.65,347.0,222.0,731.0,5250.0,False,False
2887,2022-10-27 09:39:07.135501,0.0,-0.0073260073260073,0.0,-0.09999999999999964,13.55,13.6,13.6,13.65,347.0,222.0,731.0,5250.0,False,False
2887,2022-10-27 09:39:08.302905,0.0,-0.0073260073260073,0.0,-0.09999999999999964,13.55,13.6,13.6,13.65,347.0,221.0,731.0,5250.0,False,False
2887,2022-10-27 09:39:08.597863,0.0,-0.0073260073260073,0.0,-0.09999999999999964,13.55,13.6,13.6,13.65,347.0,221.0,785.0,5350.0,True,True
2887,2022-10-27 09:39:10.444739,0.0,-0.0073260073260073,0.0,-0.09999999999999964,13.55,13.6,13.6,13.65,374.0,221.0,785.0,5350.0,False,False
2887,2022-10-27 09:39:12.090750,0.0,-0.0073260073260073,0.0,-0.09999999999999964,13.55,13.6,13.6,13.65,374.0,221.0,785.0,5350.0,False,False
2887,2022-10-27 09:39:12.096222,0.0,-0.0073260073260073,0.0,-0.09999999999999964,13.55,13.6,13.6,13.65,374.0,221.0,785.0,5350.0,False,False
2887,2022-10-27 09:39:15.454043,0.0,-0.0073260073260073,0.0,-0.09999999999999964,13.55,13.6,13.6,13.65,374.0,207.0,785.0,5350.0,False,False
2887,2022-10-27 09:39:18.627957,0.0,-0.0073260073260073,0.0,-0.09999999999999964,13.55,13.6,13.6,13.65,374.0,207.0,585.0,5350.0,True,True
2887,2022-10-27 09:39:19.906180,0.0,-0.0073260073260073,0.0,-0.09999999999999964,13.55,13.6,13.6,13.65,374.0,210.0,585.0,5350.0,False,False
2887,2022-10-27 09:39:22.991664,0.0,-0.0073260073260073,0.0,-0.09999999999999964,13.55,13.6,13.6,13.65,374.0,209.0,585.0,5350.0,False,False
2887,2022-10-27 09:39:24.377922,0.0,-0.0073260073260073,0.0,-0.09999999999999964,13.55,13.6,13.6,13.65,374.0,203.0,585.0,5350.0,False,False
2887,2022-10-27 09:39:24.418217,0.0,-0.0073260073260073,0.0,-0.09999999999999964,13.55,13.6,13.6,13.65,407.0,203.0,585.0,5350.0,False,False
2887,2022-10-27 09:39:25.215834,0.0,-0.0073260073260073,0.0,-0.09999999999999964,13.55,13.6,13.6,13.65,407.0,203.0,585.0,5350.0,False,False
2887,2022-10-27 09:39:26.875584,0.0,-0.0073260073260073,0.0,-0.09999999999999964,13.55,13.6,13.6,13.65,407.0,203.0,585.0,5350.0,False,False
2887,2022-10-27 09:39:28.680586,0.0,-0.0073260073260073,0.0,-0.09999999999999964,13.55,13.6,13.6,13.65,407.0,203.0,1098.0,5350.0,True,True
2887,2022-10-27 09:39:30.594011,0.0,-0.0073260073260073,0.0,-0.09999999999999964,13.55,13.6,13.6,13.65,407.0,193.0,1098.0,5350.0,False,False
2887,2022-10-27 09:39:31.100460,0.0,-0.0073260073260073,0.0,-0.09999999999999964,13.55,13.6,13.6,13.65,407.0,193.0,1098.0,5350.0,False,False
2887,2022-10-27 09:39:32.020116,0.0,-0.0073260073260073,0.0,-0.09999999999999964,13.55,13.6,13.6,13.65,408.0,193.0,1098.0,5350.0,False,False
2887,2022-10-27 09:39:32.242365,0.0,-0.0073260073260073,0.0,-0.09999999999999964,13.55,13.6,13.6,13.65,405.0,190.0,1098.0,5350.0,False,False
2887,2022-10-27 09:39:32.989175,0.0,-0.0073260073260073,0.0,-0.09999999999999964,13.55,13.6,13.6,13.65,405.0,190.0,1098.0,5350.0,False,False
2887,2022-10-27 09:39:33.641355,0.0,-0.0073260073260073,0.0,-0.09999999999999964,13.55,13.6,13.6,13.65,405.0,190.0,1098.0,5350.0,False,False
2887,2022-10-27 09:39:36.913780,0.0,-0.0073260073260073,0.0,-0.09999999999999964,13.55,13.6,13.6,13.65,405.0,190.0,1098.0,5350.0,False,False
2887,2022-10-27 09:39:37.092426,0.0,-0.0073260073260073,0.0,-0.09999999999999964,13.55,13.6,13.6,13.65,405.0,190.0,1098.0,5350.0,False,False
2887,2022-10-27 09:39:38.716283,0.0,-0.0073260073260073,0.0,-0.09999999999999964,13.55,13.6,13.6,13.65,405.0,190.0,1098.0,5350.0,True,True
2887,2022-10-27 09:39:38.943083,0.0,-0.0073260073260073,0.0,-0.09999999999999964,13.55,13.6,13.6,13.65,405.0,269.0,1098.0,5350.0,False,False
2887,2022-10-27 09:39:38.978937,0.0,-0.0073260073260073,0.0,-0.09999999999999964,13.55,13.6,13.6,13.65,372.0,269.0,1098.0,5350.0,False,False
2887,2022-10-27 09:39:39.126775,0.0,-0.0073260073260073,0.0,-0.09999999999999964,13.55,13.6,13.6,13.65,373.0,269.0,1098.0,5350.0,False,False
2887,2022-10-27 09:39:40.124930,0.0,-0.0073260073260073,0.0,-0.09999999999999964,13.55,13.6,13.6,13.65,373.0,269.0,1098.0,5350.0,False,False
2887,2022-10-27 09:39:40.485490,0.0,-0.0073260073260073,0.0,-0.09999999999999964,13.55,13.6,13.6,13.65,373.0,267.0,1098.0,5350.0,False,False
2887,2022-10-27 09:39:41.594122,0.0,-0.0073260073260073,0.0,-0.09999999999999964,13.55,13.6,13.6,13.65,373.0,267.0,1098.0,5350.0,False,False
2887,2022-10-27 09:39:42.800803,0.0,-0.0073260073260073,0.0,-0.09999999999999964,13.55,13.6,13.6,13.65,373.0,267.0,1098.0,5350.0,False,False
2887,2022-10-27 09:39:46.578328,0.0,-0.0073260073260073,0.0,-0.09999999999999964,13.55,13.6,13.6,13.65,373.0,267.0,1098.0,5350.0,False,False
2887,2022-10-27 09:39:46.918835,0.0,-0.0073260073260073,0.0,-0.09999999999999964,13.55,13.6,13.6,13.65,378.0,267.0,1098.0,5350.0,False,False
2887,2022-10-27 09:39:49.757160,0.0,-0.0073260073260073,0.0,-0.09999999999999964,13.55,13.6,13.6,13.65,378.0,263.0,1098.0,5350.0,False,False
2887,2022-10-27 09:39:54.621843,0.0,-0.0073260073260073,0.0,-0.09999999999999964,13.55,13.6,13.6,13.65,378.0,250.0,1098.0,5350.0,False,False
2887,2022-10-27 09:39:56.118295,0.0,-0.0073260073260073,0.0,-0.09999999999999964,13.55,13.6,13.6,13.65,378.0,246.0,1098.0,5350.0,False,False
2887,2022-10-27 09:39:56.571796,0.0,-0.0073260073260073,0.0,-0.09999999999999964,13.55,13.6,13.6,13.65,378.0,246.0,1098.0,5350.0,False,False
2887,2022-10-27 09:39:58.824190,0.0,-0.0073260073260073,0.0,-0.09999999999999964,13.55,13.6,13.6,13.65,378.0,246.0,1568.0,5350.0,True,True
2887,2022-10-27 09:39:59.217185,0.0,-0.0073260073260073,0.0,-0.09999999999999964,13.55,13.6,13.6,13.65,378.0,256.0,1568.0,5350.0,False,False
2887,2022-10-27 09:40:01.201288,0.0,-0.0073260073260073,0.0,-0.09999999999999964,13.55,13.6,13.6,13.65,378.0,256.0,1568.0,5350.0,False,False
2887,2022-10-27 09:40:01.879505,0.0,-0.0073260073260073,0.0,-0.09999999999999964,13.55,13.6,13.6,13.65,379.0,256.0,1568.0,5350.0,False,False
2887,2022-10-27 09:40:03.453957,0.0,-0.0073260073260073,0.0,-0.09999999999999964,13.55,13.6,13.6,13.65,379.0,257.0,1568.0,5350.0,False,False
2887,2022-10-27 09:40:04.521121,0.0,-0.0073260073260073,0.0,-0.09999999999999964,13.55,13.6,13.6,13.65,379.0,257.0,1568.0,5350.0,False,False
2887,2022-10-27 09:40:05.428488,0.0,-0.0073260073260073,0.0,-0.09999999999999964,13.55,13.6,13.6,13.65,379.0,257.0,1568.0,5350.0,False,False
2887,2022-10-27 09:40:06.506627,0.0,-0.0073260073260073,0.0,-0.09999999999999964,13.55,13.6,13.6,13.65,415.0,257.0,1568.0,5350.0,False,False
2887,2022-10-27 09:40:08.316345,0.0,-0.0073260073260073,0.0,-0.09999999999999964,13.55,13.6,13.6,13.65,415.0,257.0,1568.0,5350.0,False,True
2887,2022-10-27 09:40:09.214625,0.0,-0.0073260073260073,0.0,-0.09999999999999964,13.55,13.6,13.6,13.65,424.0,257.0,1568.0,5350.0,False,False
2887,2022-10-27 09:40:12.946505,0.0,-0.0073260073260073,0.0,-0.09999999999999964,13.55,13.6,13.6,13.65,424.0,257.0,1568.0,5350.0,False,False
2887,2022-10-27 09:40:13.468881,0.0,-0.0073260073260073,0.0,-0.09999999999999964,13.55,13.6,13.6,13.65,424.0,253.0,1568.0,5350.0,False,False
2887,2022-10-27 09:40:13.692547,0.0,-0.0073260073260073,0.0,-0.09999999999999964,13.55,13.6,13.6,13.65,423.0,253.0,1568.0,5350.0,False,False
2887,2022-10-27 09:40:14.876843,0.0,-0.0073260073260073,0.0,-0.09999999999999964,13.55,13.6,13.6,13.65,423.0,253.0,1568.0,5350.0,False,False
2887,2022-10-27 09:40:17.720472,0.0,-0.0073260073260073,0.0,-0.09999999999999964,13.55,13.6,13.6,13.65,423.0,252.0,1568.0,5350.0,False,False
2887,2022-10-27 09:40:18.394153,0.0,-0.0073260073260073,0.0,-0.09999999999999964,13.55,13.6,13.6,13.65,423.0,252.0,1676.0,5350.0,True,True
2887,2022-10-27 09:40:20.218828,0.0,-0.0073260073260073,0.0,-0.09999999999999964,13.55,13.6,13.6,13.65,423.0,251.0,1676.0,5350.0,False,False
2887,2022-10-27 09:40:22.098273,0.0,-0.0073260073260073,0.0,-0.09999999999999964,13.55,13.6,13.6,13.65,423.0,251.0,1676.0,5350.0,False,False
2887,2022-10-27 09:40:25.665640,0.0,-0.0073260073260073,0.0,-0.09999999999999964,13.55,13.6,13.6,13.65,423.0,251.0,1676.0,5350.0,False,False
2887,2022-10-27 09:40:26.554604,0.0,-0.0073260073260073,0.0,-0.09999999999999964,13.55,13.6,13.6,13.65,423.0,247.0,1676.0,5350.0,False,False
2887,2022-10-27 09:40:26.592430,0.0,-0.0073260073260073,0.0,-0.09999999999999964,13.55,13.6,13.6,13.65,455.0,247.0,1676.0,5350.0,False,False
2887,2022-10-27 09:40:27.624614,0.0,-0.0073260073260073,0.0,-0.09999999999999964,13.55,13.6,13.6,13.65,454.0,247.0,1676.0,5350.0,False,False
2887,2022-10-27 09:40:28.457785,0.0,-0.0073260073260073,0.0,-0.09999999999999964,13.55,13.6,13.6,13.65,454.0,247.0,1676.0,5350.0,True,True
2887,2022-10-27 09:40:29.612867,0.0,-0.0073260073260073,0.0,-0.09999999999999964,13.55,13.6,13.6,13.65,454.0,244.0,1676.0,5350.0,False,False
2887,2022-10-27 09:40:29.693602,0.0,-0.0073260073260073,0.0,-0.09999999999999964,13.55,13.6,13.6,13.65,454.0,245.0,1676.0,5350.0,False,False
2887,2022-10-27 09:40:30.788362,0.0,-0.0073260073260073,0.0,-0.09999999999999964,13.55,13.6,13.6,13.65,454.0,244.0,1676.0,5350.0,False,False
2887,2022-10-27 09:40:34.678904,0.0,-0.0073260073260073,0.0,-0.09999999999999964,13.55,13.6,13.6,13.65,454.0,244.0,1676.0,5350.0,False,False
2887,2022-10-27 09:40:35.358078,0.0,-0.0073260073260073,0.0,-0.09999999999999964,13.55,13.6,13.6,13.65,454.0,243.0,1676.0,5350.0,False,False
2887,2022-10-27 09:40:37.196615,0.0,-0.0073260073260073,0.0,-0.09999999999999964,13.55,13.6,13.6,13.65,454.0,240.0,1676.0,5350.0,False,False
2887,2022-10-27 09:40:41.198250,0.0,-0.0073260073260073,0.0,-0.09999999999999964,13.55,13.6,13.6,13.65,454.0,235.0,1676.0,5350.0,False,False
2887,2022-10-27 09:40:42.206406,0.0,-0.0073260073260073,0.0,-0.09999999999999964,13.55,13.6,13.6,13.65,454.0,234.0,1676.0,5350.0,False,False
2887,2022-10-27 09:40:42.958573,0.0,-0.0073260073260073,0.0,-0.09999999999999964,13.55,13.6,13.6,13.65,454.0,234.0,1676.0,5350.0,False,False
2887,2022-10-27 09:40:45.565694,0.0,-0.0073260073260073,0.0,-0.09999999999999964,13.55,13.6,13.6,13.65,453.0,234.0,1676.0,5350.0,False,False
2887,2022-10-27 09:40:46.444932,0.0,-0.0073260073260073,0.0,-0.09999999999999964,13.55,13.6,13.6,13.65,453.0,224.0,1676.0,5350.0,False,False
2887,2022-10-27 09:40:47.711229,0.0,-0.0073260073260073,0.0,-0.09999999999999964,13.55,13.6,13.6,13.65,453.0,224.0,1676.0,5350.0,False,False
2887,2022-10-27 09:40:47.821240,0.0,-0.0073260073260073,0.0,-0.09999999999999964,13.55,13.6,13.6,13.65,453.0,214.0,1676.0,5350.0,False,False
2887,2022-10-27 09:40:48.395042,0.0,-0.0073260073260073,0.0,-0.09999999999999964,13.55,13.6,13.6,13.65,453.0,210.0,1676.0,5350.0,False,False
2887,2022-10-27 09:40:48.548241,0.0,-0.0073260073260073,0.0,-0.09999999999999964,13.55,13.6,13.6,13.65,453.0,210.0,1325.0,5350.0,True,True
2887,2022-10-27 09:40:48.530792,0.0,-0.0073260073260073,0.0,-0.09999999999999964,13.55,13.6,13.6,13.65,453.0,210.0,1325.0,5350.0,False,False
2887,2022-10-27 09:40:51.096855,0.0,-0.0073260073260073,0.0,-0.09999999999999964,13.55,13.6,13.6,13.65,452.0,210.0,1325.0,5350.0,False,False
2887,2022-10-27 09:40:53.079213,0.0,-0.0073260073260073,0.0,-0.09999999999999964,13.55,13.6,13.6,13.65,452.0,209.0,1325.0,5350.0,False,False
2887,2022-10-27 09:40:55.677122,0.0,-0.0073260073260073,0.0,-0.09999999999999964,13.55,13.6,13.6,13.65,452.0,208.0,1325.0,5350.0,False,False
2887,2022-10-27 09:40:57.142598,0.0,-0.0073260073260073,0.0,-0.09999999999999964,13.55,13.6,13.6,13.65,452.0,208.0,1325.0,5350.0,False,False
2887,2022-10-27 09:40:58.451389,0.0,-0.0073260073260073,0.0,-0.09999999999999964,13.55,13.6,13.6,13.65,452.0,203.0,1325.0,5350.0,False,False
2887,2022-10-27 09:40:59.263207,0.0,-0.0073260073260073,0.0,-0.09999999999999964,13.55,13.6,13.6,13.65,452.0,197.0,1325.0,5350.0,False,False
2887,2022-10-27 09:40:59.900478,-0.003663003663003761,-0.0073260073260073,-0.05000000000000071,-0.09999999999999964,13.55,13.65,13.6,13.65,452.0,618.0,1325.0,5350.0,False,False
2887,2022-10-27 09:40:59.926917,-0.003663003663003761,-0.0073260073260073,-0.05000000000000071,-0.09999999999999964,13.55,13.65,13.6,13.65,452.0,604.0,1325.0,5350.0,False,False
2887,2022-10-27 09:40:59.969989,-0.003663003663003761,-0.0073260073260073,-0.05000000000000071,-0.09999999999999964,13.55,13.65,13.6,13.65,507.0,489.0,1325.0,5350.0,False,False
2887,2022-10-27 09:40:59.973664,-0.003663003663003761,-0.0073260073260073,-0.05000000000000071,-0.09999999999999964,13.55,13.65,13.6,13.65,507.0,488.0,1325.0,5350.0,False,False
2887,2022-10-27 09:41:00.091303,-0.003663003663003761,-0.003663003663003761,-0.05000000000000071,-0.05000000000000071,13.6,13.65,13.6,13.65,41.0,489.0,1325.0,5350.0,False,False
2887,2022-10-27 09:41:00.566440,-0.003663003663003761,-0.003663003663003761,-0.05000000000000071,-0.05000000000000071,13.6,13.65,13.6,13.65,41.0,489.0,1325.0,5350.0,False,False
2887,2022-10-27 09:41:00.597415,-0.003663003663003761,-0.003663003663003761,-0.05000000000000071,-0.05000000000000071,13.6,13.65,13.6,13.65,164.0,450.0,1325.0,5350.0,False,False
2887,2022-10-27 09:41:00.706797,-0.003663003663003761,-0.003663003663003761,-0.05000000000000071,-0.05000000000000071,13.6,13.65,13.6,13.65,171.0,450.0,1325.0,5350.0,False,False
2887,2022-10-27 09:41:01.047449,-0.003663003663003761,-0.003663003663003761,-0.05000000000000071,-0.05000000000000071,13.6,13.65,13.6,13.65,170.0,450.0,1325.0,5350.0,False,False
2887,2022-10-27 09:41:01.106969,-0.003663003663003761,-0.003663003663003761,-0.05000000000000071,-0.05000000000000071,13.6,13.65,13.6,13.65,170.0,450.0,1325.0,5350.0,False,False
2887,2022-10-27 09:41:01.110086,-0.003663003663003761,-0.003663003663003761,-0.05000000000000071,-0.05000000000000071,13.6,13.65,13.6,13.65,170.0,450.0,1325.0,5350.0,False,False
2887,2022-10-27 09:41:01.890596,-0.003663003663003761,-0.003663003663003761,-0.05000000000000071,-0.05000000000000071,13.6,13.65,13.6,13.65,170.0,450.0,1325.0,5350.0,False,False
2887,2022-10-27 09:41:02.542095,-0.003663003663003761,-0.003663003663003761,-0.05000000000000071,-0.05000000000000071,13.6,13.65,13.6,13.65,170.0,450.0,1325.0,5350.0,False,False
2887,2022-10-27 09:41:02.582709,-0.003663003663003761,-0.003663003663003761,-0.05000000000000071,-0.05000000000000071,13.6,13.65,13.6,13.65,199.0,450.0,1325.0,5350.0,False,False
2887,2022-10-27 09:41:02.658362,-0.003663003663003761,-0.003663003663003761,-0.05000000000000071,-0.05000000000000071,13.6,13.65,13.6,13.65,222.0,450.0,1325.0,5350.0,False,False
2887,2022-10-27 09:41:04.452466,-0.003663003663003761,-0.003663003663003761,-0.05000000000000071,-0.05000000000000071,13.6,13.65,13.6,13.65,222.0,451.0,1325.0,5350.0,False,False
2887,2022-10-27 09:41:04.862733,-0.003663003663003761,-0.003663003663003761,-0.05000000000000071,-0.05000000000000071,13.6,13.65,13.6,13.65,252.0,451.0,1325.0,5350.0,False,False
2887,2022-10-27 09:41:04.917829,-0.003663003663003761,-0.003663003663003761,-0.05000000000000071,-0.05000000000000071,13.6,13.65,13.6,13.65,252.0,451.0,1325.0,5350.0,False,False
2887,2022-10-27 09:41:05.853567,-0.003663003663003761,-0.003663003663003761,-0.05000000000000071,-0.05000000000000071,13.6,13.65,13.6,13.65,252.0,451.0,1325.0,5350.0,False,False
2887,2022-10-27 09:41:08.236437,-0.003663003663003761,-0.003663003663003761,-0.05000000000000071,-0.05000000000000071,13.6,13.65,13.6,13.65,252.0,451.0,1325.0,5350.0,False,False
2887,2022-10-27 09:41:08.631905,-0.003663003663003761,-0.003663003663003761,-0.05000000000000071,-0.05000000000000071,13.6,13.65,13.6,13.65,252.0,451.0,1325.0,4553.0,True,True
2887,2022-10-27 09:41:09.668368,-0.003663003663003761,-0.003663003663003761,-0.05000000000000071,-0.05000000000000071,13.6,13.65,13.6,13.65,129.0,451.0,1325.0,4553.0,False,False
2887,2022-10-27 09:41:10.447252,-0.003663003663003761,-0.003663003663003761,-0.05000000000000071,-0.05000000000000071,13.6,13.65,13.6,13.65,129.0,451.0,1325.0,4553.0,False,False
2887,2022-10-27 09:41:11.615582,-0.003663003663003761,-0.003663003663003761,-0.05000000000000071,-0.05000000000000071,13.6,13.65,13.6,13.65,129.0,451.0,1325.0,4553.0,False,False
2887,2022-10-27 09:41:12.681775,-0.003663003663003761,-0.003663003663003761,-0.05000000000000071,-0.05000000000000071,13.6,13.65,13.6,13.65,208.0,451.0,1325.0,4553.0,False,False
2887,2022-10-27 09:41:14.546292,-0.003663003663003761,-0.003663003663003761,-0.05000000000000071,-0.05000000000000071,13.6,13.65,13.6,13.65,208.0,451.0,1325.0,4553.0,False,False
2887,2022-10-27 09:41:15.151927,-0.003663003663003761,-0.003663003663003761,-0.05000000000000071,-0.05000000000000071,13.6,13.65,13.6,13.65,207.0,451.0,1325.0,4553.0,False,False
2887,2022-10-27 09:41:15.190955,-0.003663003663003761,-0.003663003663003761,-0.05000000000000071,-0.05000000000000071,13.6,13.65,13.6,13.65,207.0,451.0,1325.0,4553.0,False,False
2887,2022-10-27 09:41:16.120863,-0.003663003663003761,-0.003663003663003761,-0.05000000000000071,-0.05000000000000071,13.6,13.65,13.6,13.65,206.0,451.0,1325.0,4553.0,False,False
2887,2022-10-27 09:41:16.660169,-0.003663003663003761,-0.003663003663003761,-0.05000000000000071,-0.05000000000000071,13.6,13.65,13.6,13.65,206.0,441.0,1325.0,4553.0,False,False
2887,2022-10-27 09:41:17.460989,-0.003663003663003761,-0.003663003663003761,-0.05000000000000071,-0.05000000000000071,13.6,13.65,13.6,13.65,205.0,441.0,1325.0,4553.0,False,False
2887,2022-10-27 09:41:17.915277,-0.003663003663003761,-0.003663003663003761,-0.05000000000000071,-0.05000000000000071,13.6,13.65,13.6,13.65,205.0,446.0,1325.0,4553.0,False,False
2887,2022-10-27 09:41:18.695200,-0.003663003663003761,-0.003663003663003761,-0.05000000000000071,-0.05000000000000071,13.6,13.65,13.6,13.65,205.0,446.0,1325.0,4553.0,True,True
2887,2022-10-27 09:41:21.641967,-0.003663003663003761,-0.003663003663003761,-0.05000000000000071,-0.05000000000000071,13.6,13.65,13.6,13.65,126.0,446.0,1325.0,4553.0,False,False
2887,2022-10-27 09:41:23.500686,-0.003663003663003761,-0.003663003663003761,-0.05000000000000071,-0.05000000000000071,13.6,13.65,13.6,13.65,126.0,446.0,1325.0,4553.0,False,False
2887,2022-10-27 09:41:23.684797,-0.003663003663003761,-0.003663003663003761,-0.05000000000000071,-0.05000000000000071,13.6,13.65,13.6,13.65,136.0,446.0,1325.0,4553.0,False,False
2887,2022-10-27 09:41:23.689775,-0.003663003663003761,-0.003663003663003761,-0.05000000000000071,-0.05000000000000071,13.6,13.65,13.6,13.65,215.0,446.0,1325.0,4553.0,False,False
2887,2022-10-27 09:41:25.531903,-0.003663003663003761,-0.003663003663003761,-0.05000000000000071,-0.05000000000000071,13.6,13.65,13.6,13.65,215.0,446.0,1325.0,4553.0,False,False
2887,2022-10-27 09:41:28.736689,-0.003663003663003761,-0.003663003663003761,-0.05000000000000071,-0.05000000000000071,13.6,13.65,13.6,13.65,215.0,446.0,353.0,4553.0,True,True
2887,2022-10-27 09:41:30.156987,-0.003663003663003761,-0.003663003663003761,-0.05000000000000071,-0.05000000000000071,13.6,13.65,13.6,13.65,215.0,447.0,353.0,4553.0,False,False
2887,2022-10-27 09:41:30.491099,-0.003663003663003761,-0.003663003663003761,-0.05000000000000071,-0.05000000000000071,13.6,13.65,13.6,13.65,215.0,447.0,353.0,4553.0,False,False
2887,2022-10-27 09:41:30.885368,-0.003663003663003761,-0.003663003663003761,-0.05000000000000071,-0.05000000000000071,13.6,13.65,13.6,13.65,215.0,447.0,353.0,4553.0,False,False
2887,2022-10-27 09:41:31.895295,-0.003663003663003761,-0.003663003663003761,-0.05000000000000071,-0.05000000000000071,13.6,13.65,13.6,13.65,216.0,447.0,353.0,4553.0,False,False
2887,2022-10-27 09:41:31.905048,-0.003663003663003761,-0.003663003663003761,-0.05000000000000071,-0.05000000000000071,13.6,13.65,13.6,13.65,217.0,447.0,353.0,4553.0,False,False
2887,2022-10-27 09:41:32.884839,-0.003663003663003761,-0.003663003663003761,-0.05000000000000071,-0.05000000000000071,13.6,13.65,13.6,13.65,217.0,446.0,353.0,4553.0,False,False
2887,2022-10-27 09:41:34.805067,-0.003663003663003761,-0.003663003663003761,-0.05000000000000071,-0.05000000000000071,13.6,13.65,13.6,13.65,217.0,446.0,353.0,4553.0,False,False
2887,2022-10-27 09:41:34.946041,-0.003663003663003761,-0.003663003663003761,-0.05000000000000071,-0.05000000000000071,13.6,13.65,13.6,13.65,256.0,446.0,353.0,4553.0,False,False
2887,2022-10-27 09:41:36.488363,-0.003663003663003761,-0.003663003663003761,-0.05000000000000071,-0.05000000000000071,13.6,13.65,13.6,13.65,261.0,446.0,353.0,4553.0,False,False
2887,2022-10-27 09:41:38.048455,-0.003663003663003761,-0.003663003663003761,-0.05000000000000071,-0.05000000000000071,13.6,13.65,13.6,13.65,259.0,446.0,353.0,4553.0,False,False
2887,2022-10-27 09:41:38.117457,-0.003663003663003761,-0.003663003663003761,-0.05000000000000071,-0.05000000000000071,13.6,13.65,13.6,13.65,260.0,446.0,353.0,4553.0,False,False
2887,2022-10-27 09:41:38.779077,-0.003663003663003761,-0.003663003663003761,-0.05000000000000071,-0.05000000000000071,13.6,13.65,13.6,13.65,260.0,446.0,349.0,4344.0,True,True
2887,2022-10-27 09:41:41.549569,-0.003663003663003761,-0.003663003663003761,-0.05000000000000071,-0.05000000000000071,13.6,13.65,13.6,13.65,260.0,446.0,349.0,4344.0,False,False
2887,2022-10-27 09:41:44.661152,-0.003663003663003761,-0.003663003663003761,-0.05000000000000071,-0.05000000000000071,13.6,13.65,13.6,13.65,260.0,446.0,349.0,4344.0,False,False
2887,2022-10-27 09:41:46.691837,-0.003663003663003761,-0.003663003663003761,-0.05000000000000071,-0.05000000000000071,13.6,13.65,13.6,13.65,260.0,445.0,349.0,4344.0,False,False
2887,2022-10-27 09:41:48.821370,-0.003663003663003761,-0.003663003663003761,-0.05000000000000071,-0.05000000000000071,13.6,13.65,13.6,13.65,260.0,445.0,349.0,4344.0,True,True
2887,2022-10-27 09:41:49.074513,-0.003663003663003761,-0.003663003663003761,-0.05000000000000071,-0.05000000000000071,13.6,13.65,13.6,13.65,264.0,445.0,349.0,4344.0,False,False
2887,2022-10-27 09:41:51.316219,-0.003663003663003761,-0.003663003663003761,-0.05000000000000071,-0.05000000000000071,13.6,13.65,13.6,13.65,292.0,445.0,349.0,4344.0,False,False
2887,2022-10-27 09:41:52.158908,-0.003663003663003761,-0.003663003663003761,-0.05000000000000071,-0.05000000000000071,13.6,13.65,13.6,13.65,292.0,467.0,349.0,4344.0,False,False
2887,2022-10-27 09:41:52.348315,-0.003663003663003761,-0.003663003663003761,-0.05000000000000071,-0.05000000000000071,13.6,13.65,13.6,13.65,292.0,467.0,349.0,4344.0,False,False
2887,2022-10-27 09:41:52.897633,-0.003663003663003761,-0.003663003663003761,-0.05000000000000071,-0.05000000000000071,13.6,13.65,13.6,13.65,291.0,467.0,349.0,4344.0,False,False
2887,2022-10-27 09:41:53.192794,-0.003663003663003761,-0.003663003663003761,-0.05000000000000071,-0.05000000000000071,13.6,13.65,13.6,13.65,289.0,467.0,349.0,4344.0,False,False
2887,2022-10-27 09:41:58.308656,-0.003663003663003761,-0.003663003663003761,-0.05000000000000071,-0.05000000000000071,13.6,13.65,13.6,13.65,289.0,461.0,349.0,4344.0,False,False
2887,2022-10-27 09:41:58.861561,-0.003663003663003761,-0.003663003663003761,-0.05000000000000071,-0.05000000000000071,13.6,13.65,13.6,13.65,289.0,461.0,549.0,4344.0,True,True
2887,2022-10-27 09:42:06.360613,-0.003663003663003761,-0.003663003663003761,-0.05000000000000071,-0.05000000000000071,13.6,13.65,13.6,13.65,289.0,462.0,549.0,4344.0,False,False
2887,2022-10-27 09:42:06.868099,-0.003663003663003761,-0.003663003663003761,-0.05000000000000071,-0.05000000000000071,13.6,13.65,13.6,13.65,289.0,463.0,549.0,4344.0,False,False
2887,2022-10-27 09:42:08.900822,-0.003663003663003761,-0.003663003663003761,-0.05000000000000071,-0.05000000000000071,13.6,13.65,13.6,13.65,289.0,463.0,543.0,4344.0,True,True
2887,2022-10-27 09:42:09.412732,-0.003663003663003761,-0.003663003663003761,-0.05000000000000071,-0.05000000000000071,13.6,13.65,13.6,13.65,289.0,463.0,543.0,4344.0,False,False
2887,2022-10-27 09:42:13.133183,-0.003663003663003761,-0.003663003663003761,-0.05000000000000071,-0.05000000000000071,13.6,13.65,13.6,13.65,335.0,463.0,543.0,4344.0,False,False
2887,2022-10-27 09:42:13.613129,-0.003663003663003761,-0.003663003663003761,-0.05000000000000071,-0.05000000000000071,13.6,13.65,13.6,13.65,335.0,464.0,543.0,4344.0,False,False
2887,2022-10-27 09:42:14.841668,-0.003663003663003761,-0.003663003663003761,-0.05000000000000071,-0.05000000000000071,13.6,13.65,13.6,13.65,336.0,464.0,543.0,4344.0,False,False
2887,2022-10-27 09:42:17.294939,-0.003663003663003761,-0.003663003663003761,-0.05000000000000071,-0.05000000000000071,13.6,13.65,13.6,13.65,336.0,465.0,543.0,4344.0,False,False
2887,2022-10-27 09:42:17.630442,-0.003663003663003761,-0.003663003663003761,-0.05000000000000071,-0.05000000000000071,13.6,13.65,13.6,13.65,337.0,465.0,543.0,4344.0,False,False
2887,2022-10-27 09:42:18.964442,-0.003663003663003761,-0.003663003663003761,-0.05000000000000071,-0.05000000000000071,13.6,13.65,13.6,13.65,337.0,465.0,943.0,5334.0,True,True
2887,2022-10-27 09:42:19.177676,-0.003663003663003761,-0.003663003663003761,-0.05000000000000071,-0.05000000000000071,13.6,13.65,13.6,13.65,336.0,465.0,943.0,5334.0,False,False
2887,2022-10-27 09:42:24.834785,-0.003663003663003761,-0.003663003663003761,-0.05000000000000071,-0.05000000000000071,13.6,13.65,13.6,13.65,336.0,465.0,943.0,5334.0,False,False
2887,2022-10-27 09:42:25.095409,-0.003663003663003761,-0.003663003663003761,-0.05000000000000071,-0.05000000000000071,13.6,13.65,13.6,13.65,290.0,465.0,943.0,5334.0,False,False
2887,2022-10-27 09:42:25.237022,-0.003663003663003761,-0.003663003663003761,-0.05000000000000071,-0.05000000000000071,13.6,13.65,13.6,13.65,290.0,465.0,943.0,5334.0,False,False
2887,2022-10-27 09:42:25.677929,-0.003663003663003761,-0.003663003663003761,-0.05000000000000071,-0.05000000000000071,13.6,13.65,13.6,13.65,211.0,465.0,943.0,5334.0,False,False
2887,2022-10-27 09:42:28.931122,-0.003663003663003761,-0.003663003663003761,-0.05000000000000071,-0.05000000000000071,13.6,13.65,13.6,13.65,213.0,465.0,943.0,5334.0,False,False
2887,2022-10-27 09:42:29.002894,-0.003663003663003761,-0.003663003663003761,-0.05000000000000071,-0.05000000000000071,13.6,13.65,13.6,13.65,213.0,465.0,1043.0,5334.0,True,True
2887,2022-10-27 09:42:29.985044,-0.003663003663003761,-0.003663003663003761,-0.05000000000000071,-0.05000000000000071,13.6,13.65,13.6,13.65,213.0,465.0,1043.0,5334.0,False,False
2887,2022-10-27 09:42:31.103573,-0.003663003663003761,-0.003663003663003761,-0.05000000000000071,-0.05000000000000071,13.6,13.65,13.6,13.65,212.0,465.0,1043.0,5334.0,False,False
2887,2022-10-27 09:42:32.030665,-0.003663003663003761,-0.003663003663003761,-0.05000000000000071,-0.05000000000000071,13.6,13.65,13.6,13.65,215.0,465.0,1043.0,5334.0,False,False
2887,2022-10-27 09:42:32.043677,-0.003663003663003761,-0.003663003663003761,-0.05000000000000071,-0.05000000000000071,13.6,13.65,13.6,13.65,215.0,465.0,1043.0,5334.0,False,False
2887,2022-10-27 09:42:37.562989,-0.003663003663003761,-0.003663003663003761,-0.05000000000000071,-0.05000000000000071,13.6,13.65,13.6,13.65,215.0,327.0,1043.0,5334.0,False,False
2887,2022-10-27 09:42:38.250688,-0.003663003663003761,-0.003663003663003761,-0.05000000000000071,-0.05000000000000071,13.6,13.65,13.6,13.65,214.0,327.0,1043.0,5334.0,False,False
2887,2022-10-27 09:42:41.519926,-0.003663003663003761,-0.003663003663003761,-0.05000000000000071,-0.05000000000000071,13.6,13.65,13.6,13.65,215.0,327.0,1043.0,5334.0,False,False
2887,2022-10-27 09:42:41.555776,-0.003663003663003761,-0.003663003663003761,-0.05000000000000071,-0.05000000000000071,13.6,13.65,13.6,13.65,247.0,327.0,1043.0,5334.0,False,False
2887,2022-10-27 09:42:43.387482,-0.003663003663003761,-0.003663003663003761,-0.05000000000000071,-0.05000000000000071,13.6,13.65,13.6,13.65,247.0,327.0,1043.0,5334.0,False,False
2887,2022-10-27 09:42:44.226706,-0.003663003663003761,-0.003663003663003761,-0.05000000000000071,-0.05000000000000071,13.6,13.65,13.6,13.65,247.0,317.0,1043.0,5334.0,False,False
2887,2022-10-27 09:42:45.098841,-0.003663003663003761,-0.003663003663003761,-0.05000000000000071,-0.05000000000000071,13.6,13.65,13.6,13.65,257.0,317.0,1043.0,5334.0,False,False
2887,2022-10-27 09:42:45.873555,-0.003663003663003761,-0.003663003663003761,-0.05000000000000071,-0.05000000000000071,13.6,13.65,13.6,13.65,257.0,318.0,1043.0,5334.0,False,False
2887,2022-10-27 09:42:46.097711,-0.003663003663003761,-0.003663003663003761,-0.05000000000000071,-0.05000000000000071,13.6,13.65,13.6,13.65,257.0,318.0,1043.0,5334.0,False,False
2887,2022-10-27 09:42:52.073045,-0.003663003663003761,-0.003663003663003761,-0.05000000000000071,-0.05000000000000071,13.6,13.65,13.6,13.65,257.0,314.0,1043.0,5334.0,False,False
2887,2022-10-27 09:42:53.271169,-0.003663003663003761,-0.003663003663003761,-0.05000000000000071,-0.05000000000000071,13.6,13.65,13.6,13.65,257.0,312.0,1043.0,5334.0,False,False
2887,2022-10-27 09:42:53.315644,-0.003663003663003761,-0.003663003663003761,-0.05000000000000071,-0.05000000000000071,13.6,13.65,13.6,13.65,257.0,312.0,1043.0,5334.0,False,False
2887,2022-10-27 09:42:56.250625,-0.003663003663003761,-0.003663003663003761,-0.05000000000000071,-0.05000000000000071,13.6,13.65,13.6,13.65,258.0,312.0,1043.0,5334.0,False,False
2887,2022-10-27 09:42:59.124088,-0.003663003663003761,-0.003663003663003761,-0.05000000000000071,-0.05000000000000071,13.6,13.65,13.6,13.65,258.0,312.0,1053.0,5434.0,True,True
2887,2022-10-27 09:42:59.635124,-0.003663003663003761,-0.003663003663003761,-0.05000000000000071,-0.05000000000000071,13.6,13.65,13.6,13.65,268.0,312.0,1053.0,5434.0,False,False
2887,2022-10-27 09:43:00.821277,-0.003663003663003761,-0.003663003663003761,-0.05000000000000071,-0.05000000000000071,13.6,13.65,13.6,13.65,261.0,312.0,1053.0,5434.0,False,False
2887,2022-10-27 09:43:00.826879,-0.003663003663003761,-0.003663003663003761,-0.05000000000000071,-0.05000000000000071,13.6,13.65,13.6,13.65,238.0,312.0,1053.0,5434.0,False,False
2887,2022-10-27 09:43:01.778409,-0.003663003663003761,-0.003663003663003761,-0.05000000000000071,-0.05000000000000071,13.6,13.65,13.6,13.65,238.0,312.0,1053.0,5434.0,False,False
2887,2022-10-27 09:43:03.449257,-0.003663003663003761,-0.003663003663003761,-0.05000000000000071,-0.05000000000000071,13.6,13.65,13.6,13.65,238.0,312.0,1053.0,5434.0,False,False
2887,2022-10-27 09:43:03.482423,-0.003663003663003761,-0.003663003663003761,-0.05000000000000071,-0.05000000000000071,13.6,13.65,13.6,13.65,206.0,312.0,1053.0,5434.0,False,False
2887,2022-10-27 09:43:05.514213,-0.003663003663003761,-0.003663003663003761,-0.05000000000000071,-0.05000000000000071,13.6,13.65,13.6,13.65,206.0,312.0,1053.0,5434.0,False,False
2887,2022-10-27 09:43:08.113006,-0.003663003663003761,-0.003663003663003761,-0.05000000000000071,-0.05000000000000071,13.6,13.65,13.6,13.65,206.0,313.0,1053.0,5434.0,False,False
2887,2022-10-27 09:43:08.363092,-0.003663003663003761,-0.003663003663003761,-0.05000000000000071,-0.05000000000000071,13.6,13.65,13.6,13.65,206.0,313.0,903.0,5434.0,False,True
2887,2022-10-27 09:43:08.644051,-0.003663003663003761,-0.003663003663003761,-0.05000000000000071,-0.05000000000000071,13.6,13.65,13.6,13.65,206.0,313.0,903.0,5434.0,False,False
2887,2022-10-27 09:43:13.018861,-0.003663003663003761,-0.003663003663003761,-0.05000000000000071,-0.05000000000000071,13.6,13.65,13.6,13.65,205.0,313.0,903.0,5434.0,False,False
2887,2022-10-27 09:43:14.797307,-0.003663003663003761,-0.003663003663003761,-0.05000000000000071,-0.05000000000000071,13.6,13.65,13.6,13.65,205.0,313.0,903.0,5434.0,False,False
2887,2022-10-27 09:43:15.628777,-0.003663003663003761,-0.003663003663003761,-0.05000000000000071,-0.05000000000000071,13.6,13.65,13.6,13.65,207.0,313.0,903.0,5434.0,False,False
2887,2022-10-27 09:43:16.827478,-0.003663003663003761,-0.003663003663003761,-0.05000000000000071,-0.05000000000000071,13.6,13.65,13.6,13.65,217.0,313.0,903.0,5434.0,False,False
2887,2022-10-27 09:43:17.422956,-0.003663003663003761,-0.003663003663003761,-0.05000000000000071,-0.05000000000000071,13.6,13.65,13.6,13.65,218.0,313.0,903.0,5434.0,False,False
2887,2022-10-27 09:43:19.341839,-0.003663003663003761,-0.003663003663003761,-0.05000000000000071,-0.05000000000000071,13.6,13.65,13.6,13.65,218.0,303.0,903.0,5434.0,False,False
2887,2022-10-27 09:43:22.047361,-0.003663003663003761,-0.003663003663003761,-0.05000000000000071,-0.05000000000000071,13.6,13.65,13.6,13.65,218.0,303.0,903.0,5434.0,False,False
2887,2022-10-27 09:43:25.114289,-0.003663003663003761,-0.003663003663003761,-0.05000000000000071,-0.05000000000000071,13.6,13.65,13.6,13.65,218.0,303.0,903.0,5434.0,False,False
2887,2022-10-27 09:43:25.371214,-0.003663003663003761,-0.003663003663003761,-0.05000000000000071,-0.05000000000000071,13.6,13.65,13.6,13.65,218.0,303.0,903.0,5434.0,False,False
2887,2022-10-27 09:43:25.882400,-0.003663003663003761,-0.003663003663003761,-0.05000000000000071,-0.05000000000000071,13.6,13.65,13.6,13.65,218.0,281.0,903.0,5434.0,False,False
2887,2022-10-27 09:43:25.887609,-0.003663003663003761,-0.003663003663003761,-0.05000000000000071,-0.05000000000000071,13.6,13.65,13.6,13.65,218.0,281.0,903.0,5434.0,False,False
2887,2022-10-27 09:43:28.439264,-0.003663003663003761,-0.003663003663003761,-0.05000000000000071,-0.05000000000000071,13.6,13.65,13.6,13.65,218.0,281.0,903.0,5434.0,True,True
2887,2022-10-27 09:43:32.640357,-0.003663003663003761,-0.003663003663003761,-0.05000000000000071,-0.05000000000000071,13.6,13.65,13.6,13.65,218.0,281.0,903.0,5434.0,False,False
2887,2022-10-27 09:43:33.777352,-0.003663003663003761,-0.003663003663003761,-0.05000000000000071,-0.05000000000000071,13.6,13.65,13.6,13.65,217.0,281.0,903.0,5434.0,False,False
2887,2022-10-27 09:43:34.726580,-0.003663003663003761,-0.003663003663003761,-0.05000000000000071,-0.05000000000000071,13.6,13.65,13.6,13.65,217.0,291.0,903.0,5434.0,False,False
2887,2022-10-27 09:43:36.571454,-0.003663003663003761,-0.003663003663003761,-0.05000000000000071,-0.05000000000000071,13.6,13.65,13.6,13.65,217.0,293.0,903.0,5434.0,False,False
2887,2022-10-27 09:43:38.393040,-0.003663003663003761,-0.003663003663003761,-0.05000000000000071,-0.05000000000000071,13.6,13.65,13.6,13.65,227.0,293.0,903.0,5434.0,False,False
2887,2022-10-27 09:43:38.488669,-0.003663003663003761,-0.003663003663003761,-0.05000000000000071,-0.05000000000000071,13.6,13.65,13.6,13.65,227.0,293.0,1003.0,5934.0,True,True
2887,2022-10-27 09:43:39.471136,-0.003663003663003761,-0.003663003663003761,-0.05000000000000071,-0.05000000000000071,13.6,13.65,13.6,13.65,227.0,293.0,1003.0,5934.0,False,False
2887,2022-10-27 09:43:40.029016,-0.003663003663003761,-0.003663003663003761,-0.05000000000000071,-0.05000000000000071,13.6,13.65,13.6,13.65,227.0,293.0,1003.0,5934.0,False,False
2887,2022-10-27 09:43:40.593466,-0.003663003663003761,-0.003663003663003761,-0.05000000000000071,-0.05000000000000071,13.6,13.65,13.6,13.65,227.0,293.0,1003.0,5934.0,False,False
2887,2022-10-27 09:43:41.354655,-0.003663003663003761,-0.003663003663003761,-0.05000000000000071,-0.05000000000000071,13.6,13.65,13.6,13.65,226.0,293.0,1003.0,5934.0,False,False
2887,2022-10-27 09:43:41.485670,-0.003663003663003761,-0.003663003663003761,-0.05000000000000071,-0.05000000000000071,13.6,13.65,13.6,13.65,226.0,293.0,1003.0,5934.0,False,False
2887,2022-10-27 09:43:44.500858,-0.003663003663003761,-0.003663003663003761,-0.05000000000000071,-0.05000000000000071,13.6,13.65,13.6,13.65,227.0,293.0,1003.0,5934.0,False,False
2887,2022-10-27 09:43:44.505756,-0.003663003663003761,-0.003663003663003761,-0.05000000000000071,-0.05000000000000071,13.6,13.65,13.6,13.65,227.0,293.0,1003.0,5934.0,False,False
2887,2022-10-27 09:43:44.652030,-0.003663003663003761,-0.003663003663003761,-0.05000000000000071,-0.05000000000000071,13.6,13.65,13.6,13.65,227.0,293.0,1003.0,5934.0,False,False
2887,2022-10-27 09:43:44.720907,-0.003663003663003761,-0.003663003663003761,-0.05000000000000071,-0.05000000000000071,13.6,13.65,13.6,13.65,237.0,293.0,1003.0,5934.0,False,False
2887,2022-10-27 09:43:45.764399,-0.003663003663003761,-0.003663003663003761,-0.05000000000000071,-0.05000000000000071,13.6,13.65,13.6,13.65,319.0,293.0,1003.0,5934.0,False,False
2887,2022-10-27 09:43:47.658743,-0.003663003663003761,-0.003663003663003761,-0.05000000000000071,-0.05000000000000071,13.6,13.65,13.6,13.65,319.0,293.0,1003.0,5934.0,False,False
2887,2022-10-27 09:43:48.527849,-0.003663003663003761,-0.003663003663003761,-0.05000000000000071,-0.05000000000000071,13.6,13.65,13.6,13.65,319.0,293.0,831.0,5934.0,True,True
2887,2022-10-27 09:43:50.878559,-0.003663003663003761,-0.003663003663003761,-0.05000000000000071,-0.05000000000000071,13.6,13.65,13.6,13.65,385.0,293.0,831.0,5934.0,False,False
2887,2022-10-27 09:43:53.920335,-0.003663003663003761,-0.003663003663003761,-0.05000000000000071,-0.05000000000000071,13.6,13.65,13.6,13.65,395.0,293.0,831.0,5934.0,False,False
2887,2022-10-27 09:43:56.444094,-0.003663003663003761,-0.003663003663003761,-0.05000000000000071,-0.05000000000000071,13.6,13.65,13.6,13.65,395.0,293.0,831.0,5934.0,False,False
2887,2022-10-27 09:43:56.517425,-0.003663003663003761,-0.003663003663003761,-0.05000000000000071,-0.05000000000000071,13.6,13.65,13.6,13.65,395.0,293.0,831.0,5934.0,False,False
2887,2022-10-27 09:43:58.278503,-0.003663003663003761,-0.003663003663003761,-0.05000000000000071,-0.05000000000000071,13.6,13.65,13.6,13.65,395.0,298.0,831.0,5934.0,False,False
2887,2022-10-27 09:43:58.566926,-0.003663003663003761,-0.003663003663003761,-0.05000000000000071,-0.05000000000000071,13.6,13.65,13.6,13.65,395.0,298.0,831.0,6434.0,True,True
2887,2022-10-27 09:43:58.703233,-0.003663003663003761,-0.003663003663003761,-0.05000000000000071,-0.05000000000000071,13.6,13.65,13.6,13.65,396.0,298.0,831.0,6434.0,False,False
2887,2022-10-27 09:44:00.066033,-0.003663003663003761,-0.003663003663003761,-0.05000000000000071,-0.05000000000000071,13.6,13.65,13.6,13.65,386.0,298.0,831.0,6434.0,False,False
2887,2022-10-27 09:44:00.279535,-0.003663003663003761,-0.003663003663003761,-0.05000000000000071,-0.05000000000000071,13.6,13.65,13.6,13.65,386.0,298.0,831.0,6434.0,False,False
2887,2022-10-27 09:44:00.506798,-0.003663003663003761,-0.003663003663003761,-0.05000000000000071,-0.05000000000000071,13.6,13.65,13.6,13.65,389.0,298.0,831.0,6434.0,False,False
2887,2022-10-27 09:44:00.727736,-0.003663003663003761,-0.003663003663003761,-0.05000000000000071,-0.05000000000000071,13.6,13.65,13.6,13.65,307.0,298.0,831.0,6434.0,False,False
2887,2022-10-27 09:44:02.724919,-0.003663003663003761,-0.003663003663003761,-0.05000000000000071,-0.05000000000000071,13.6,13.65,13.6,13.65,309.0,298.0,831.0,6434.0,False,False
2887,2022-10-27 09:44:03.475659,-0.003663003663003761,-0.003663003663003761,-0.05000000000000071,-0.05000000000000071,13.6,13.65,13.6,13.65,310.0,298.0,831.0,6434.0,False,False
2887,2022-10-27 09:44:04.831844,-0.003663003663003761,-0.003663003663003761,-0.05000000000000071,-0.05000000000000071,13.6,13.65,13.6,13.65,244.0,298.0,831.0,6434.0,False,False
2887,2022-10-27 09:44:05.554090,-0.003663003663003761,-0.003663003663003761,-0.05000000000000071,-0.05000000000000071,13.6,13.65,13.6,13.65,244.0,288.0,831.0,6434.0,False,False
2887,2022-10-27 09:44:08.606061,-0.003663003663003761,-0.003663003663003761,-0.05000000000000071,-0.05000000000000071,13.6,13.65,13.6,13.65,244.0,288.0,811.0,6434.0,True,True
2887,2022-10-27 09:44:10.236699,-0.003663003663003761,-0.003663003663003761,-0.05000000000000071,-0.05000000000000071,13.6,13.65,13.6,13.65,244.0,287.0,811.0,6434.0,False,False
2887,2022-10-27 09:44:14.759985,-0.003663003663003761,-0.003663003663003761,-0.05000000000000071,-0.05000000000000071,13.6,13.65,13.6,13.65,244.0,287.0,811.0,6434.0,False,False
2887,2022-10-27 09:44:15.327609,-0.003663003663003761,-0.003663003663003761,-0.05000000000000071,-0.05000000000000071,13.6,13.65,13.6,13.65,245.0,287.0,811.0,6434.0,False,False
2887,2022-10-27 09:44:15.904927,-0.003663003663003761,-0.003663003663003761,-0.05000000000000071,-0.05000000000000071,13.6,13.65,13.6,13.65,248.0,287.0,811.0,6434.0,False,False
2887,2022-10-27 09:44:18.654535,-0.003663003663003761,-0.003663003663003761,-0.05000000000000071,-0.05000000000000071,13.6,13.65,13.6,13.65,248.0,287.0,1631.0,6434.0,True,True
2887,2022-10-27 09:44:29.330243,-0.003663003663003761,-0.003663003663003761,-0.05000000000000071,-0.05000000000000071,13.6,13.65,13.6,13.65,248.0,297.0,1631.0,6434.0,False,False
2887,2022-10-27 09:44:29.440588,-0.003663003663003761,-0.003663003663003761,-0.05000000000000071,-0.05000000000000071,13.6,13.65,13.6,13.65,248.0,298.0,1631.0,6434.0,False,False
2887,2022-10-27 09:44:30.727991,-0.003663003663003761,-0.003663003663003761,-0.05000000000000071,-0.05000000000000071,13.6,13.65,13.6,13.65,248.0,298.0,1631.0,6434.0,False,False
2887,2022-10-27 09:44:33.717193,-0.003663003663003761,-0.003663003663003761,-0.05000000000000071,-0.05000000000000071,13.6,13.65,13.6,13.65,248.0,298.0,1631.0,6434.0,False,False
2887,2022-10-27 09:44:34.493639,-0.003663003663003761,-0.003663003663003761,-0.05000000000000071,-0.05000000000000071,13.6,13.65,13.6,13.65,248.0,298.0,1631.0,6434.0,False,False
2887,2022-10-27 09:44:38.738442,-0.003663003663003761,-0.003663003663003761,-0.05000000000000071,-0.05000000000000071,13.6,13.65,13.6,13.65,248.0,298.0,2338.0,6434.0,True,True
2887,2022-10-27 09:44:40.188351,-0.003663003663003761,-0.003663003663003761,-0.05000000000000071,-0.05000000000000071,13.6,13.65,13.6,13.65,248.0,298.0,2338.0,6434.0,False,False
2887,2022-10-27 09:44:41.909785,-0.003663003663003761,-0.003663003663003761,-0.05000000000000071,-0.05000000000000071,13.6,13.65,13.6,13.65,248.0,298.0,2338.0,6434.0,False,False
2887,2022-10-27 09:44:44.398313,-0.003663003663003761,-0.003663003663003761,-0.05000000000000071,-0.05000000000000071,13.6,13.65,13.6,13.65,248.0,298.0,2338.0,6434.0,False,False
2887,2022-10-27 09:44:47.618401,-0.003663003663003761,-0.003663003663003761,-0.05000000000000071,-0.05000000000000071,13.6,13.65,13.6,13.65,248.0,299.0,2338.0,6434.0,False,False
2887,2022-10-27 09:44:48.778045,-0.003663003663003761,-0.003663003663003761,-0.05000000000000071,-0.05000000000000071,13.6,13.65,13.6,13.65,248.0,299.0,2338.0,6434.0,True,True
2887,2022-10-27 09:44:48.896551,-0.003663003663003761,-0.003663003663003761,-0.05000000000000071,-0.05000000000000071,13.6,13.65,13.6,13.65,248.0,298.0,2338.0,6434.0,False,False
2887,2022-10-27 09:44:51.196403,-0.003663003663003761,-0.003663003663003761,-0.05000000000000071,-0.05000000000000071,13.6,13.65,13.6,13.65,248.0,308.0,2338.0,6434.0,False,False
2887,2022-10-27 09:44:51.784055,-0.003663003663003761,-0.003663003663003761,-0.05000000000000071,-0.05000000000000071,13.6,13.65,13.6,13.65,333.0,308.0,2338.0,6434.0,False,False
2887,2022-10-27 09:44:53.422510,-0.003663003663003761,-0.003663003663003761,-0.05000000000000071,-0.05000000000000071,13.6,13.65,13.6,13.65,334.0,308.0,2338.0,6434.0,False,False
2887,2022-10-27 09:44:54.083063,-0.003663003663003761,-0.003663003663003761,-0.05000000000000071,-0.05000000000000071,13.6,13.65,13.6,13.65,334.0,309.0,2338.0,6434.0,False,False
2887,2022-10-27 09:44:54.897922,-0.003663003663003761,-0.003663003663003761,-0.05000000000000071,-0.05000000000000071,13.6,13.65,13.6,13.65,400.0,309.0,2338.0,6434.0,False,False
2887,2022-10-27 09:44:54.989491,-0.003663003663003761,-0.003663003663003761,-0.05000000000000071,-0.05000000000000071,13.6,13.65,13.6,13.65,402.0,309.0,2338.0,6434.0,False,False
2887,2022-10-27 09:44:54.990443,-0.003663003663003761,-0.003663003663003761,-0.05000000000000071,-0.05000000000000071,13.6,13.65,13.6,13.65,402.0,309.0,2338.0,6434.0,False,False
2887,2022-10-27 09:44:57.600966,-0.003663003663003761,-0.003663003663003761,-0.05000000000000071,-0.05000000000000071,13.6,13.65,13.6,13.65,402.0,310.0,2338.0,6434.0,False,False
2887,2022-10-27 09:44:58.239823,-0.003663003663003761,-0.003663003663003761,-0.05000000000000071,-0.05000000000000071,13.6,13.65,13.6,13.65,402.0,312.0,2338.0,6434.0,False,False
2887,2022-10-27 09:44:59.775146,-0.003663003663003761,-0.003663003663003761,-0.05000000000000071,-0.05000000000000071,13.6,13.65,13.6,13.65,400.0,312.0,2338.0,6434.0,False,False
2887,2022-10-27 09:45:00.915823,-0.003663003663003761,-0.003663003663003761,-0.05000000000000071,-0.05000000000000071,13.6,13.65,13.6,13.65,399.0,311.0,2338.0,6434.0,False,False
2887,2022-10-27 09:45:07.106570,-0.003663003663003761,-0.003663003663003761,-0.05000000000000071,-0.05000000000000071,13.6,13.65,13.6,13.65,399.0,311.0,2338.0,6434.0,False,False
2887,2022-10-27 09:45:09.155392,-0.003663003663003761,-0.003663003663003761,-0.05000000000000071,-0.05000000000000071,13.6,13.65,13.6,13.65,399.0,311.0,2085.0,6434.0,True,True
2887,2022-10-27 09:45:13.121488,-0.003663003663003761,-0.003663003663003761,-0.05000000000000071,-0.05000000000000071,13.6,13.65,13.6,13.65,399.0,311.0,2085.0,6434.0,False,False
2887,2022-10-27 09:45:13.684911,-0.003663003663003761,-0.003663003663003761,-0.05000000000000071,-0.05000000000000071,13.6,13.65,13.6,13.65,400.0,311.0,2085.0,6434.0,False,False
2887,2022-10-27 09:45:14.110217,-0.003663003663003761,-0.003663003663003761,-0.05000000000000071,-0.05000000000000071,13.6,13.65,13.6,13.65,400.0,312.0,2085.0,6434.0,False,False
2887,2022-10-27 09:45:14.753148,-0.003663003663003761,-0.003663003663003761,-0.05000000000000071,-0.05000000000000071,13.6,13.65,13.6,13.65,334.0,312.0,2085.0,6434.0,False,False
2887,2022-10-27 09:45:14.982020,-0.003663003663003761,-0.003663003663003761,-0.05000000000000071,-0.05000000000000071,13.6,13.65,13.6,13.65,249.0,312.0,2085.0,6434.0,False,False
2887,2022-10-27 09:45:19.158694,-0.003663003663003761,-0.003663003663003761,-0.05000000000000071,-0.05000000000000071,13.6,13.65,13.6,13.65,249.0,312.0,2145.0,6434.0,True,True
2887,2022-10-27 09:45:20.106565,-0.003663003663003761,-0.003663003663003761,-0.05000000000000071,-0.05000000000000071,13.6,13.65,13.6,13.65,249.0,362.0,2145.0,6434.0,False,False
2887,2022-10-27 09:45:20.188897,-0.003663003663003761,-0.003663003663003761,-0.05000000000000071,-0.05000000000000071,13.6,13.65,13.6,13.65,248.0,362.0,2145.0,6434.0,False,False
2887,2022-10-27 09:45:22.502490,-0.003663003663003761,-0.003663003663003761,-0.05000000000000071,-0.05000000000000071,13.6,13.65,13.6,13.65,248.0,362.0,2145.0,6434.0,False,False
2887,2022-10-27 09:45:29.175029,-0.003663003663003761,-0.003663003663003761,-0.05000000000000071,-0.05000000000000071,13.6,13.65,13.6,13.65,248.0,362.0,2435.0,6434.0,True,True
2887,2022-10-27 09:45:35.102966,-0.003663003663003761,-0.003663003663003761,-0.05000000000000071,-0.05000000000000071,13.6,13.65,13.6,13.65,248.0,362.0,2435.0,6434.0,False,False
2887,2022-10-27 09:45:41.472399,-0.003663003663003761,-0.003663003663003761,-0.05000000000000071,-0.05000000000000071,13.6,13.65,13.6,13.65,248.0,362.0,2435.0,6434.0,False,False
2887,2022-10-27 09:45:41.990535,-0.003663003663003761,-0.003663003663003761,-0.05000000000000071,-0.05000000000000071,13.6,13.65,13.6,13.65,248.0,362.0,2435.0,6434.0,False,False
2887,2022-10-27 09:45:44.333129,-0.003663003663003761,-0.003663003663003761,-0.05000000000000071,-0.05000000000000071,13.6,13.65,13.6,13.65,249.0,362.0,2435.0,6434.0,False,False
2887,2022-10-27 09:45:45.030344,-0.003663003663003761,-0.003663003663003761,-0.05000000000000071,-0.05000000000000071,13.6,13.65,13.6,13.65,249.0,372.0,2435.0,6434.0,False,False
2887,2022-10-27 09:45:47.157185,-0.003663003663003761,-0.003663003663003761,-0.05000000000000071,-0.05000000000000071,13.6,13.65,13.6,13.65,249.0,372.0,2435.0,6434.0,False,False
2887,2022-10-27 09:45:57.003125,-0.003663003663003761,-0.003663003663003761,-0.05000000000000071,-0.05000000000000071,13.6,13.65,13.6,13.65,249.0,372.0,2435.0,6434.0,False,False
2887,2022-10-27 09:45:58.658173,-0.003663003663003761,-0.003663003663003761,-0.05000000000000071,-0.05000000000000071,13.6,13.65,13.6,13.65,249.0,372.0,2435.0,6434.0,False,False
2887,2022-10-27 09:46:02.663144,-0.003663003663003761,-0.003663003663003761,-0.05000000000000071,-0.05000000000000071,13.6,13.65,13.6,13.65,249.0,374.0,2435.0,6434.0,False,False
2887,2022-10-27 09:46:04.688235,-0.003663003663003761,-0.003663003663003761,-0.05000000000000071,-0.05000000000000071,13.6,13.65,13.6,13.65,250.0,374.0,2435.0,6434.0,False,False
2887,2022-10-27 09:46:05.395100,-0.003663003663003761,-0.003663003663003761,-0.05000000000000071,-0.05000000000000071,13.6,13.65,13.6,13.65,250.0,375.0,2435.0,6434.0,False,False
2887,2022-10-27 09:46:06.317430,-0.003663003663003761,-0.003663003663003761,-0.05000000000000071,-0.05000000000000071,13.6,13.65,13.6,13.65,250.0,375.0,2435.0,6434.0,False,False
2887,2022-10-27 09:46:07.732936,-0.003663003663003761,-0.003663003663003761,-0.05000000000000071,-0.05000000000000071,13.6,13.65,13.6,13.65,250.0,375.0,2435.0,6434.0,False,False
2887,2022-10-27 09:46:07.748761,-0.003663003663003761,-0.003663003663003761,-0.05000000000000071,-0.05000000000000071,13.6,13.65,13.6,13.65,250.0,375.0,2435.0,6434.0,False,False
2887,2022-10-27 09:46:08.481435,-0.003663003663003761,-0.003663003663003761,-0.05000000000000071,-0.05000000000000071,13.6,13.65,13.6,13.65,250.0,375.0,2385.0,6434.0,False,True
2887,2022-10-27 09:46:08.771968,-0.003663003663003761,-0.003663003663003761,-0.05000000000000071,-0.05000000000000071,13.6,13.65,13.6,13.65,250.0,374.0,2385.0,6434.0,False,False
2887,2022-10-27 09:46:08.771993,-0.003663003663003761,-0.003663003663003761,-0.05000000000000071,-0.05000000000000071,13.6,13.65,13.6,13.65,250.0,374.0,2385.0,6434.0,False,False
2887,2022-10-27 09:46:13.740039,-0.003663003663003761,-0.003663003663003761,-0.05000000000000071,-0.05000000000000071,13.6,13.65,13.6,13.65,250.0,376.0,2385.0,6434.0,False,False
2887,2022-10-27 09:46:14.338882,-0.003663003663003761,-0.003663003663003761,-0.05000000000000071,-0.05000000000000071,13.6,13.65,13.6,13.65,255.0,376.0,2385.0,6434.0,False,False
2887,2022-10-27 09:46:18.507866,-0.003663003663003761,-0.003663003663003761,-0.05000000000000071,-0.05000000000000071,13.6,13.65,13.6,13.65,255.0,376.0,2137.0,6434.0,True,True
2887,2022-10-27 09:46:26.949251,-0.003663003663003761,-0.003663003663003761,-0.05000000000000071,-0.05000000000000071,13.6,13.65,13.6,13.65,255.0,376.0,2137.0,6434.0,False,False
2887,2022-10-27 09:46:29.105109,-0.003663003663003761,-0.003663003663003761,-0.05000000000000071,-0.05000000000000071,13.6,13.65,13.6,13.65,255.0,376.0,2137.0,6434.0,False,False
2887,2022-10-27 09:46:32.583368,-0.003663003663003761,-0.003663003663003761,-0.05000000000000071,-0.05000000000000071,13.6,13.65,13.6,13.65,255.0,376.0,2137.0,6434.0,False,False
2887,2022-10-27 09:46:34.070196,-0.003663003663003761,-0.003663003663003761,-0.05000000000000071,-0.05000000000000071,13.6,13.65,13.6,13.65,255.0,375.0,2137.0,6434.0,False,False
2887,2022-10-27 09:46:38.571769,-0.003663003663003761,-0.003663003663003761,-0.05000000000000071,-0.05000000000000071,13.6,13.65,13.6,13.65,255.0,375.0,2637.0,6434.0,True,True
2887,2022-10-27 09:46:41.150545,-0.003663003663003761,-0.003663003663003761,-0.05000000000000071,-0.05000000000000071,13.6,13.65,13.6,13.65,256.0,375.0,2637.0,6434.0,False,False
2887,2022-10-27 09:46:44.723839,-0.003663003663003761,-0.003663003663003761,-0.05000000000000071,-0.05000000000000071,13.6,13.65,13.6,13.65,258.0,375.0,2637.0,6434.0,False,False
2887,2022-10-27 09:46:48.603913,-0.003663003663003761,-0.003663003663003761,-0.05000000000000071,-0.05000000000000071,13.6,13.65,13.6,13.65,258.0,375.0,2757.0,6434.0,True,True
2887,2022-10-27 09:46:50.036214,-0.003663003663003761,-0.003663003663003761,-0.05000000000000071,-0.05000000000000071,13.6,13.65,13.6,13.65,258.0,375.0,2757.0,6434.0,False,False
2887,2022-10-27 09:46:52.590879,-0.003663003663003761,-0.003663003663003761,-0.05000000000000071,-0.05000000000000071,13.6,13.65,13.6,13.65,258.0,374.0,2757.0,6434.0,False,False
2887,2022-10-27 09:46:52.691955,-0.003663003663003761,-0.003663003663003761,-0.05000000000000071,-0.05000000000000071,13.6,13.65,13.6,13.65,258.0,377.0,2757.0,6434.0,False,False
2887,2022-10-27 09:46:54.349502,-0.003663003663003761,-0.003663003663003761,-0.05000000000000071,-0.05000000000000071,13.6,13.65,13.6,13.65,262.0,377.0,2757.0,6434.0,False,False
2887,2022-10-27 09:46:54.494560,-0.003663003663003761,-0.003663003663003761,-0.05000000000000071,-0.05000000000000071,13.6,13.65,13.6,13.65,263.0,377.0,2757.0,6434.0,False,False
2887,2022-10-27 09:46:57.195676,-0.003663003663003761,-0.003663003663003761,-0.05000000000000071,-0.05000000000000071,13.6,13.65,13.6,13.65,263.0,377.0,2757.0,6434.0,False,False
2887,2022-10-27 09:46:58.632889,-0.003663003663003761,-0.003663003663003761,-0.05000000000000071,-0.05000000000000071,13.6,13.65,13.6,13.65,263.0,377.0,2777.0,6434.0,True,True
2887,2022-10-27 09:46:59.211835,-0.003663003663003761,-0.003663003663003761,-0.05000000000000071,-0.05000000000000071,13.6,13.65,13.6,13.65,263.0,377.0,2777.0,6434.0,False,False
2887,2022-10-27 09:47:03.040579,-0.003663003663003761,-0.003663003663003761,-0.05000000000000071,-0.05000000000000071,13.6,13.65,13.6,13.65,265.0,377.0,2777.0,6434.0,False,False
2887,2022-10-27 09:47:03.513458,-0.003663003663003761,-0.003663003663003761,-0.05000000000000071,-0.05000000000000071,13.6,13.65,13.6,13.65,265.0,377.0,2777.0,6434.0,False,False
2887,2022-10-27 09:47:09.201547,-0.003663003663003761,-0.003663003663003761,-0.05000000000000071,-0.05000000000000071,13.6,13.65,13.6,13.65,265.0,384.0,2777.0,6434.0,False,False
2887,2022-10-27 09:47:09.242846,-0.003663003663003761,-0.003663003663003761,-0.05000000000000071,-0.05000000000000071,13.6,13.65,13.6,13.65,265.0,384.0,2777.0,6434.0,False,False
2887,2022-10-27 09:47:12.244900,-0.003663003663003761,-0.003663003663003761,-0.05000000000000071,-0.05000000000000071,13.6,13.65,13.6,13.65,265.0,383.0,2777.0,6434.0,False,False
2887,2022-10-27 09:47:14.110320,-0.003663003663003761,-0.003663003663003761,-0.05000000000000071,-0.05000000000000071,13.6,13.65,13.6,13.65,273.0,383.0,2777.0,6434.0,False,False
2887,2022-10-27 09:47:14.939408,-0.003663003663003761,-0.003663003663003761,-0.05000000000000071,-0.05000000000000071,13.6,13.65,13.6,13.65,273.0,383.0,2777.0,6434.0,False,False
2887,2022-10-27 09:47:15.832179,-0.003663003663003761,-0.003663003663003761,-0.05000000000000071,-0.05000000000000071,13.6,13.65,13.6,13.65,273.0,382.0,2777.0,6434.0,False,False
2887,2022-10-27 09:47:18.131002,-0.003663003663003761,-0.003663003663003761,-0.05000000000000071,-0.05000000000000071,13.6,13.65,13.6,13.65,273.0,382.0,2777.0,6434.0,False,False
2887,2022-10-27 09:47:22.987079,-0.003663003663003761,-0.003663003663003761,-0.05000000000000071,-0.05000000000000071,13.6,13.65,13.6,13.65,273.0,381.0,2777.0,6434.0,False,False
2887,2022-10-27 09:47:23.030134,-0.003663003663003761,-0.003663003663003761,-0.05000000000000071,-0.05000000000000071,13.6,13.65,13.6,13.65,273.0,381.0,2777.0,6434.0,False,False
2887,2022-10-27 09:47:26.033537,-0.003663003663003761,-0.003663003663003761,-0.05000000000000071,-0.05000000000000071,13.6,13.65,13.6,13.65,273.0,382.0,2777.0,6434.0,False,False
2887,2022-10-27 09:47:28.724272,-0.003663003663003761,-0.003663003663003761,-0.05000000000000071,-0.05000000000000071,13.6,13.65,13.6,13.65,273.0,382.0,2776.0,6434.0,True,True
2887,2022-10-27 09:47:31.696538,-0.003663003663003761,-0.003663003663003761,-0.05000000000000071,-0.05000000000000071,13.6,13.65,13.6,13.65,274.0,382.0,2776.0,6434.0,False,False
2887,2022-10-27 09:47:35.028577,-0.003663003663003761,-0.003663003663003761,-0.05000000000000071,-0.05000000000000071,13.6,13.65,13.6,13.65,274.0,382.0,2776.0,6434.0,False,False
2887,2022-10-27 09:47:36.031834,-0.003663003663003761,-0.003663003663003761,-0.05000000000000071,-0.05000000000000071,13.6,13.65,13.6,13.65,275.0,382.0,2776.0,6434.0,False,False
2887,2022-10-27 09:47:38.756394,-0.003663003663003761,-0.003663003663003761,-0.05000000000000071,-0.05000000000000071,13.6,13.65,13.6,13.65,275.0,382.0,3376.0,6434.0,True,True
2887,2022-10-27 09:47:40.735329,-0.003663003663003761,-0.003663003663003761,-0.05000000000000071,-0.05000000000000071,13.6,13.65,13.6,13.65,285.0,382.0,3376.0,6434.0,False,False
2887,2022-10-27 09:47:41.903332,-0.003663003663003761,-0.003663003663003761,-0.05000000000000071,-0.05000000000000071,13.6,13.65,13.6,13.65,285.0,382.0,3376.0,6434.0,False,False
2887,2022-10-27 09:47:44.655839,-0.003663003663003761,-0.003663003663003761,-0.05000000000000071,-0.05000000000000071,13.6,13.65,13.6,13.65,285.0,384.0,3376.0,6434.0,False,False
2887,2022-10-27 09:47:45.030778,-0.003663003663003761,-0.003663003663003761,-0.05000000000000071,-0.05000000000000071,13.6,13.65,13.6,13.65,285.0,384.0,3376.0,6434.0,False,False
2887,2022-10-27 09:47:47.390242,-0.003663003663003761,-0.003663003663003761,-0.05000000000000071,-0.05000000000000071,13.6,13.65,13.6,13.65,285.0,388.0,3376.0,6434.0,False,False
2887,2022-10-27 09:47:49.454217,-0.003663003663003761,-0.003663003663003761,-0.05000000000000071,-0.05000000000000071,13.6,13.65,13.6,13.65,285.0,388.0,3376.0,6434.0,False,False
2887,2022-10-27 09:47:51.172303,-0.003663003663003761,-0.003663003663003761,-0.05000000000000071,-0.05000000000000071,13.6,13.65,13.6,13.65,285.0,398.0,3376.0,6434.0,False,False
2887,2022-10-27 09:47:51.236922,-0.003663003663003761,-0.003663003663003761,-0.05000000000000071,-0.05000000000000071,13.6,13.65,13.6,13.65,287.0,398.0,3376.0,6434.0,False,False
2887,2022-10-27 09:47:53.326170,-0.003663003663003761,-0.003663003663003761,-0.05000000000000071,-0.05000000000000071,13.6,13.65,13.6,13.65,287.0,389.0,3376.0,6434.0,False,False
2887,2022-10-27 09:47:53.501218,-0.003663003663003761,-0.003663003663003761,-0.05000000000000071,-0.05000000000000071,13.6,13.65,13.6,13.65,287.0,384.0,3376.0,6434.0,False,False
2887,2022-10-27 09:47:54.410617,-0.003663003663003761,-0.003663003663003761,-0.05000000000000071,-0.05000000000000071,13.6,13.65,13.6,13.65,287.0,381.0,3376.0,6434.0,False,False
2887,2022-10-27 09:47:54.464668,-0.003663003663003761,-0.003663003663003761,-0.05000000000000071,-0.05000000000000071,13.6,13.65,13.6,13.65,297.0,381.0,3376.0,6434.0,False,False
2887,2022-10-27 09:47:54.715673,-0.003663003663003761,-0.003663003663003761,-0.05000000000000071,-0.05000000000000071,13.6,13.65,13.6,13.65,297.0,378.0,3376.0,6434.0,False,False
2887,2022-10-27 09:47:54.888122,-0.003663003663003761,-0.003663003663003761,-0.05000000000000071,-0.05000000000000071,13.6,13.65,13.6,13.65,297.0,377.0,3376.0,6434.0,False,False
2887,2022-10-27 09:47:57.265001,-0.003663003663003761,-0.003663003663003761,-0.05000000000000071,-0.05000000000000071,13.6,13.65,13.6,13.65,297.0,377.0,3376.0,6434.0,False,False
2887,2022-10-27 09:47:58.813574,-0.003663003663003761,-0.003663003663003761,-0.05000000000000071,-0.05000000000000071,13.6,13.65,13.6,13.65,297.0,377.0,3438.0,6434.0,True,True
2887,2022-10-27 09:48:00.109812,-0.003663003663003761,-0.003663003663003761,-0.05000000000000071,-0.05000000000000071,13.6,13.65,13.6,13.65,297.0,377.0,3438.0,6434.0,False,False
2887,2022-10-27 09:48:02.623612,-0.003663003663003761,-0.003663003663003761,-0.05000000000000071,-0.05000000000000071,13.6,13.65,13.6,13.65,297.0,387.0,3438.0,6434.0,False,False
2887,2022-10-27 09:48:03.758847,-0.003663003663003761,-0.003663003663003761,-0.05000000000000071,-0.05000000000000071,13.6,13.65,13.6,13.65,297.0,387.0,3438.0,6434.0,False,False
2887,2022-10-27 09:48:04.396731,-0.003663003663003761,-0.003663003663003761,-0.05000000000000071,-0.05000000000000071,13.6,13.65,13.6,13.65,297.0,377.0,3438.0,6434.0,False,False
2887,2022-10-27 09:48:08.641280,-0.003663003663003761,-0.003663003663003761,-0.05000000000000071,-0.05000000000000071,13.6,13.65,13.6,13.65,297.0,370.0,3438.0,6434.0,False,False
2887,2022-10-27 09:48:08.793617,-0.003663003663003761,-0.003663003663003761,-0.05000000000000071,-0.05000000000000071,13.6,13.65,13.6,13.65,297.0,361.0,3438.0,6434.0,False,False
2887,2022-10-27 09:48:08.842778,-0.003663003663003761,-0.003663003663003761,-0.05000000000000071,-0.05000000000000071,13.6,13.65,13.6,13.65,297.0,361.0,3533.0,6434.0,True,True
2887,2022-10-27 09:48:15.773115,-0.003663003663003761,-0.003663003663003761,-0.05000000000000071,-0.05000000000000071,13.6,13.65,13.6,13.65,297.0,362.0,3533.0,6434.0,False,False
2887,2022-10-27 09:48:16.011899,-0.003663003663003761,-0.003663003663003761,-0.05000000000000071,-0.05000000000000071,13.6,13.65,13.6,13.65,297.0,363.0,3533.0,6434.0,False,False
2887,2022-10-27 09:48:18.882924,-0.003663003663003761,-0.003663003663003761,-0.05000000000000071,-0.05000000000000071,13.6,13.65,13.6,13.65,297.0,363.0,4127.0,6319.0,True,True
2887,2022-10-27 09:48:19.965002,-0.003663003663003761,-0.003663003663003761,-0.05000000000000071,-0.05000000000000071,13.6,13.65,13.6,13.65,297.0,364.0,4127.0,6319.0,False,False
2887,2022-10-27 09:48:22.255537,-0.003663003663003761,-0.003663003663003761,-0.05000000000000071,-0.05000000000000071,13.6,13.65,13.6,13.65,297.0,364.0,4127.0,6319.0,False,False
2887,2022-10-27 09:48:24.452442,-0.003663003663003761,-0.003663003663003761,-0.05000000000000071,-0.05000000000000071,13.6,13.65,13.6,13.65,297.0,364.0,4127.0,6319.0,False,False
2887,2022-10-27 09:48:28.907333,-0.003663003663003761,-0.003663003663003761,-0.05000000000000071,-0.05000000000000071,13.6,13.65,13.6,13.65,297.0,364.0,4042.0,6434.0,True,True
2887,2022-10-27 09:48:30.679560,-0.003663003663003761,-0.003663003663003761,-0.05000000000000071,-0.05000000000000071,13.6,13.65,13.6,13.65,297.0,364.0,4042.0,6434.0,False,False
2887,2022-10-27 09:48:35.904351,-0.003663003663003761,-0.003663003663003761,-0.05000000000000071,-0.05000000000000071,13.6,13.65,13.6,13.65,297.0,374.0,4042.0,6434.0,False,False
2887,2022-10-27 09:48:38.886257,-0.003663003663003761,-0.003663003663003761,-0.05000000000000071,-0.05000000000000071,13.6,13.65,13.6,13.65,336.0,374.0,4042.0,6434.0,False,False
2887,2022-10-27 09:48:38.936102,-0.003663003663003761,-0.003663003663003761,-0.05000000000000071,-0.05000000000000071,13.6,13.65,13.6,13.65,336.0,374.0,3942.0,6434.0,True,True
2887,2022-10-27 09:48:40.267474,-0.003663003663003761,-0.003663003663003761,-0.05000000000000071,-0.05000000000000071,13.6,13.65,13.6,13.65,336.0,374.0,3942.0,6434.0,False,False
2887,2022-10-27 09:48:42.432647,-0.003663003663003761,-0.003663003663003761,-0.05000000000000071,-0.05000000000000071,13.6,13.65,13.6,13.65,337.0,374.0,3942.0,6434.0,False,False
2887,2022-10-27 09:48:48.965456,-0.003663003663003761,-0.003663003663003761,-0.05000000000000071,-0.05000000000000071,13.6,13.65,13.6,13.65,337.0,374.0,4142.0,6434.0,True,True
2887,2022-10-27 09:48:50.799735,-0.003663003663003761,-0.003663003663003761,-0.05000000000000071,-0.05000000000000071,13.6,13.65,13.6,13.65,337.0,369.0,4142.0,6434.0,False,False
2887,2022-10-27 09:48:53.419460,-0.003663003663003761,-0.003663003663003761,-0.05000000000000071,-0.05000000000000071,13.6,13.65,13.6,13.65,337.0,374.0,4142.0,6434.0,False,False
2887,2022-10-27 09:48:57.796506,-0.003663003663003761,-0.003663003663003761,-0.05000000000000071,-0.05000000000000071,13.6,13.65,13.6,13.65,337.0,374.0,4142.0,6434.0,False,False
2887,2022-10-27 09:48:57.797403,-0.003663003663003761,-0.003663003663003761,-0.05000000000000071,-0.05000000000000071,13.6,13.65,13.6,13.65,339.0,374.0,4142.0,6434.0,False,False
2887,2022-10-27 09:48:59.373288,-0.003663003663003761,-0.003663003663003761,-0.05000000000000071,-0.05000000000000071,13.6,13.65,13.6,13.65,339.0,374.0,4142.0,6434.0,False,False
2887,2022-10-27 09:49:00.024047,-0.003663003663003761,-0.003663003663003761,-0.05000000000000071,-0.05000000000000071,13.6,13.65,13.6,13.65,339.0,377.0,4142.0,6434.0,False,False
2887,2022-10-27 09:49:01.213971,-0.003663003663003761,-0.003663003663003761,-0.05000000000000071,-0.05000000000000071,13.6,13.65,13.6,13.65,339.0,377.0,4142.0,6434.0,False,False
2887,2022-10-27 09:49:01.215377,-0.003663003663003761,-0.003663003663003761,-0.05000000000000071,-0.05000000000000071,13.6,13.65,13.6,13.65,357.0,377.0,4142.0,6434.0,False,False
2887,2022-10-27 09:49:06.988196,-0.003663003663003761,-0.003663003663003761,-0.05000000000000071,-0.05000000000000071,13.6,13.65,13.6,13.65,357.0,376.0,4142.0,6434.0,False,False
2887,2022-10-27 09:49:08.228255,-0.003663003663003761,-0.003663003663003761,-0.05000000000000071,-0.05000000000000071,13.6,13.65,13.6,13.65,358.0,376.0,4142.0,6434.0,False,False
2887,2022-10-27 09:49:08.629349,-0.003663003663003761,-0.003663003663003761,-0.05000000000000071,-0.05000000000000071,13.6,13.65,13.6,13.65,358.0,376.0,4142.0,6434.0,False,True
2887,2022-10-27 09:49:21.043108,-0.003663003663003761,-0.003663003663003761,-0.05000000000000071,-0.05000000000000071,13.6,13.65,13.6,13.65,358.0,376.0,4142.0,6434.0,False,False
2887,2022-10-27 09:49:28.686516,-0.003663003663003761,-0.003663003663003761,-0.05000000000000071,-0.05000000000000071,13.6,13.65,13.6,13.65,358.0,376.0,4946.0,6434.0,True,True
2887,2022-10-27 09:49:34.065392,-0.003663003663003761,-0.003663003663003761,-0.05000000000000071,-0.05000000000000071,13.6,13.65,13.6,13.65,358.0,386.0,4946.0,6434.0,False,False
2887,2022-10-27 09:49:35.347428,-0.003663003663003761,-0.003663003663003761,-0.05000000000000071,-0.05000000000000071,13.6,13.65,13.6,13.65,358.0,385.0,4946.0,6434.0,False,False
2887,2022-10-27 09:49:37.498506,-0.003663003663003761,-0.003663003663003761,-0.05000000000000071,-0.05000000000000071,13.6,13.65,13.6,13.65,359.0,385.0,4946.0,6434.0,False,False
2887,2022-10-27 09:49:44.611967,-0.003663003663003761,-0.003663003663003761,-0.05000000000000071,-0.05000000000000071,13.6,13.65,13.6,13.65,359.0,385.0,4946.0,6434.0,False,False
2887,2022-10-27 09:49:51.578547,-0.003663003663003761,-0.003663003663003761,-0.05000000000000071,-0.05000000000000071,13.6,13.65,13.6,13.65,359.0,385.0,4946.0,6434.0,False,False
2887,2022-10-27 09:49:52.128402,-0.003663003663003761,-0.003663003663003761,-0.05000000000000071,-0.05000000000000071,13.6,13.65,13.6,13.65,359.0,385.0,4946.0,6434.0,False,False
2887,2022-10-27 09:49:53.362690,-0.003663003663003761,-0.003663003663003761,-0.05000000000000071,-0.05000000000000071,13.6,13.65,13.6,13.65,359.0,385.0,4946.0,6434.0,False,False
2887,2022-10-27 09:49:57.565472,-0.003663003663003761,-0.003663003663003761,-0.05000000000000071,-0.05000000000000071,13.6,13.65,13.6,13.65,359.0,392.0,4946.0,6434.0,False,False
2887,2022-10-27 09:50:00.169599,-0.003663003663003761,-0.003663003663003761,-0.05000000000000071,-0.05000000000000071,13.6,13.65,13.6,13.65,359.0,392.0,4946.0,6434.0,False,False
2887,2022-10-27 09:50:01.964992,-0.003663003663003761,-0.003663003663003761,-0.05000000000000071,-0.05000000000000071,13.6,13.65,13.6,13.65,359.0,392.0,4946.0,6434.0,False,False
2887,2022-10-27 09:50:03.644317,-0.003663003663003761,-0.003663003663003761,-0.05000000000000071,-0.05000000000000071,13.6,13.65,13.6,13.65,359.0,392.0,4946.0,6434.0,False,False
2887,2022-10-27 09:50:03.644881,-0.003663003663003761,-0.003663003663003761,-0.05000000000000071,-0.05000000000000071,13.6,13.65,13.6,13.65,359.0,342.0,4946.0,6434.0,False,False
2887,2022-10-27 09:50:06.003442,-0.003663003663003761,-0.003663003663003761,-0.05000000000000071,-0.05000000000000071,13.6,13.65,13.6,13.65,359.0,342.0,4946.0,6434.0,False,False
2887,2022-10-27 09:50:06.719609,-0.003663003663003761,-0.003663003663003761,-0.05000000000000071,-0.05000000000000071,13.6,13.65,13.6,13.65,359.0,343.0,4946.0,6434.0,False,False
2887,2022-10-27 09:50:10.190808,-0.003663003663003761,-0.003663003663003761,-0.05000000000000071,-0.05000000000000071,13.6,13.65,13.6,13.65,359.0,343.0,4946.0,6434.0,False,False
2887,2022-10-27 09:50:11.738869,-0.003663003663003761,-0.003663003663003761,-0.05000000000000071,-0.05000000000000071,13.6,13.65,13.6,13.65,360.0,343.0,4946.0,6434.0,False,False
2887,2022-10-27 09:50:12.254028,-0.003663003663003761,-0.003663003663003761,-0.05000000000000071,-0.05000000000000071,13.6,13.65,13.6,13.65,380.0,343.0,4946.0,6434.0,False,False
2887,2022-10-27 09:50:13.551055,-0.003663003663003761,-0.003663003663003761,-0.05000000000000071,-0.05000000000000071,13.6,13.65,13.6,13.65,380.0,343.0,4946.0,6434.0,False,False
2887,2022-10-27 09:50:13.791106,-0.003663003663003761,-0.003663003663003761,-0.05000000000000071,-0.05000000000000071,13.6,13.65,13.6,13.65,390.0,343.0,4946.0,6434.0,False,False
2887,2022-10-27 09:50:17.955629,-0.003663003663003761,-0.003663003663003761,-0.05000000000000071,-0.05000000000000071,13.6,13.65,13.6,13.65,390.0,343.0,4946.0,6434.0,False,False
2887,2022-10-27 09:50:18.993506,-0.003663003663003761,-0.003663003663003761,-0.05000000000000071,-0.05000000000000071,13.6,13.65,13.6,13.65,390.0,343.0,4946.0,6434.0,True,True
2887,2022-10-27 09:50:19.463220,-0.003663003663003761,-0.003663003663003761,-0.05000000000000071,-0.05000000000000071,13.6,13.65,13.6,13.65,390.0,342.0,4946.0,6434.0,False,False
2887,2022-10-27 09:50:23.676973,-0.003663003663003761,-0.003663003663003761,-0.05000000000000071,-0.05000000000000071,13.6,13.65,13.6,13.65,390.0,342.0,4946.0,6434.0,False,False
2887,2022-10-27 09:50:24.370472,-0.003663003663003761,-0.003663003663003761,-0.05000000000000071,-0.05000000000000071,13.6,13.65,13.6,13.65,390.0,342.0,4946.0,6434.0,False,False
2887,2022-10-27 09:50:26.055111,-0.003663003663003761,-0.003663003663003761,-0.05000000000000071,-0.05000000000000071,13.6,13.65,13.6,13.65,390.0,342.0,4946.0,6434.0,False,False
2887,2022-10-27 09:50:28.746862,-0.003663003663003761,-0.003663003663003761,-0.05000000000000071,-0.05000000000000071,13.6,13.65,13.6,13.65,391.0,342.0,4946.0,6434.0,False,False
2887,2022-10-27 09:50:29.054424,-0.003663003663003761,-0.003663003663003761,-0.05000000000000071,-0.05000000000000071,13.6,13.65,13.6,13.65,391.0,342.0,5032.0,6434.0,True,True
2887,2022-10-27 09:50:29.694159,-0.003663003663003761,-0.003663003663003761,-0.05000000000000071,-0.05000000000000071,13.6,13.65,13.6,13.65,391.0,342.0,5032.0,6434.0,False,False
2887,2022-10-27 09:50:29.799930,-0.003663003663003761,-0.003663003663003761,-0.05000000000000071,-0.05000000000000071,13.6,13.65,13.6,13.65,392.0,342.0,5032.0,6434.0,False,False
2887,2022-10-27 09:50:33.316166,-0.003663003663003761,-0.003663003663003761,-0.05000000000000071,-0.05000000000000071,13.6,13.65,13.6,13.65,392.0,347.0,5032.0,6434.0,False,False
2887,2022-10-27 09:50:40.007815,-0.003663003663003761,-0.003663003663003761,-0.05000000000000071,-0.05000000000000071,13.6,13.65,13.6,13.65,391.0,347.0,5032.0,6434.0,False,False
2887,2022-10-27 09:50:40.117533,-0.003663003663003761,-0.003663003663003761,-0.05000000000000071,-0.05000000000000071,13.6,13.65,13.6,13.65,391.0,346.0,5032.0,6434.0,False,False
2887,2022-10-27 09:50:42.328939,-0.003663003663003761,-0.003663003663003761,-0.05000000000000071,-0.05000000000000071,13.6,13.65,13.6,13.65,391.0,348.0,5032.0,6434.0,False,False
2887,2022-10-27 09:50:44.459707,-0.003663003663003761,-0.003663003663003761,-0.05000000000000071,-0.05000000000000071,13.6,13.65,13.6,13.65,391.0,348.0,5032.0,6434.0,False,False
2887,2022-10-27 09:50:44.806580,-0.003663003663003761,-0.003663003663003761,-0.05000000000000071,-0.05000000000000071,13.6,13.65,13.6,13.65,391.0,348.0,5032.0,6434.0,False,False
2887,2022-10-27 09:50:46.747108,-0.003663003663003761,-0.003663003663003761,-0.05000000000000071,-0.05000000000000071,13.6,13.65,13.6,13.65,398.0,348.0,5032.0,6434.0,False,False
