symbol,datetime,NaOb_r,NbOa_r,NaOb_s,NbOa_s,bid1,ask1,odd_bid1,odd_ask1,bidQty1,askQty1,odd_bidQty1,odd_askQty1,simulate,triggerbyOdd
2890,2022-10-27 09:34:11.776166,0.0,-0.006153846153846287,0.0,-0.10000000000000142,16.15,16.2,16.2,16.25,598.0,246.0,1668.0,2358.0,False,False
2890,2022-10-27 09:34:17.541022,0.0,-0.006153846153846287,0.0,-0.10000000000000142,16.15,16.2,16.2,16.25,598.0,246.0,2599.0,2358.0,True,True
2890,2022-10-27 09:34:18.905658,0.0,-0.006153846153846287,0.0,-0.10000000000000142,16.15,16.2,16.2,16.25,709.0,246.0,2599.0,2358.0,False,False
2890,2022-10-27 09:34:18.935535,0.0,-0.006153846153846287,0.0,-0.10000000000000142,16.15,16.2,16.2,16.25,709.0,232.0,2599.0,2358.0,False,False
2890,2022-10-27 09:34:19.035639,0.0,-0.006153846153846287,0.0,-0.10000000000000142,16.15,16.2,16.2,16.25,713.0,232.0,2599.0,2358.0,False,False
2890,2022-10-27 09:34:20.354361,0.0,-0.006153846153846287,0.0,-0.10000000000000142,16.15,16.2,16.2,16.25,734.0,232.0,2599.0,2358.0,False,False
2890,2022-10-27 09:34:20.485997,0.0,-0.006153846153846287,0.0,-0.10000000000000142,16.15,16.2,16.2,16.25,734.0,232.0,2599.0,2358.0,False,False
2890,2022-10-27 09:34:22.508867,0.0,-0.006153846153846287,0.0,-0.10000000000000142,16.15,16.2,16.2,16.25,734.0,232.0,2599.0,2358.0,False,False
2890,2022-10-27 09:34:24.736485,0.0,-0.006153846153846287,0.0,-0.10000000000000142,16.15,16.2,16.2,16.25,664.0,232.0,2599.0,2358.0,False,False
2890,2022-10-27 09:34:25.053524,0.0,-0.006153846153846287,0.0,-0.10000000000000142,16.15,16.2,16.2,16.25,653.0,232.0,2599.0,2358.0,False,False
2890,2022-10-27 09:34:27.063097,0.0,-0.006153846153846287,0.0,-0.10000000000000142,16.15,16.2,16.2,16.25,653.0,227.0,2599.0,2358.0,False,False
2890,2022-10-27 09:34:27.599621,0.0,-0.006153846153846287,0.0,-0.10000000000000142,16.15,16.2,16.2,16.25,653.0,227.0,2799.0,2358.0,True,True
2890,2022-10-27 09:34:30.404825,0.0,-0.006153846153846287,0.0,-0.10000000000000142,16.15,16.2,16.2,16.25,653.0,226.0,2799.0,2358.0,False,False
2890,2022-10-27 09:34:30.854116,0.0,-0.006153846153846287,0.0,-0.10000000000000142,16.15,16.2,16.2,16.25,542.0,226.0,2799.0,2358.0,False,False
2890,2022-10-27 09:34:31.194844,0.0,-0.006153846153846287,0.0,-0.10000000000000142,16.15,16.2,16.2,16.25,532.0,226.0,2799.0,2358.0,False,False
2890,2022-10-27 09:34:31.196965,0.0,-0.006153846153846287,0.0,-0.10000000000000142,16.15,16.2,16.2,16.25,530.0,226.0,2799.0,2358.0,False,False
2890,2022-10-27 09:34:31.492713,0.0,-0.006153846153846287,0.0,-0.10000000000000142,16.15,16.2,16.2,16.25,530.0,240.0,2799.0,2358.0,False,False
2890,2022-10-27 09:34:34.312134,0.0,-0.006153846153846287,0.0,-0.10000000000000142,16.15,16.2,16.2,16.25,535.0,240.0,2799.0,2358.0,False,False
2890,2022-10-27 09:34:36.253531,0.0,-0.006153846153846287,0.0,-0.10000000000000142,16.15,16.2,16.2,16.25,535.0,240.0,2799.0,2358.0,False,False
2890,2022-10-27 09:34:37.640830,0.0,-0.006153846153846287,0.0,-0.10000000000000142,16.15,16.2,16.2,16.25,535.0,240.0,1899.0,2358.0,True,True
2890,2022-10-27 09:34:39.233291,0.0,-0.006153846153846287,0.0,-0.10000000000000142,16.15,16.2,16.2,16.25,535.0,236.0,1899.0,2358.0,False,False
2890,2022-10-27 09:34:41.485770,0.0,-0.006153846153846287,0.0,-0.10000000000000142,16.15,16.2,16.2,16.25,535.0,236.0,1899.0,2358.0,False,False
2890,2022-10-27 09:34:43.584769,0.0,-0.006153846153846287,0.0,-0.10000000000000142,16.15,16.2,16.2,16.25,535.0,237.0,1899.0,2358.0,False,False
2890,2022-10-27 09:34:46.198155,0.0,-0.006153846153846287,0.0,-0.10000000000000142,16.15,16.2,16.2,16.25,535.0,231.0,1899.0,2358.0,False,False
2890,2022-10-27 09:34:46.199860,0.0,-0.006153846153846287,0.0,-0.10000000000000142,16.15,16.2,16.2,16.25,540.0,231.0,1899.0,2358.0,False,False
2890,2022-10-27 09:34:46.273365,0.0,-0.006153846153846287,0.0,-0.10000000000000142,16.15,16.2,16.2,16.25,540.0,135.0,1899.0,2358.0,False,False
2890,2022-10-27 09:34:46.301728,0.0,-0.006153846153846287,0.0,-0.10000000000000142,16.15,16.2,16.2,16.25,540.0,121.0,1899.0,2358.0,False,False
2890,2022-10-27 09:34:47.679281,0.0,-0.006153846153846287,0.0,-0.10000000000000142,16.15,16.2,16.2,16.25,540.0,121.0,1909.0,2358.0,True,True
2890,2022-10-27 09:34:50.368025,0.0,-0.006153846153846287,0.0,-0.10000000000000142,16.15,16.2,16.2,16.25,540.0,120.0,1909.0,2358.0,False,False
2890,2022-10-27 09:34:52.850334,0.0,-0.006153846153846287,0.0,-0.10000000000000142,16.15,16.2,16.2,16.25,540.0,120.0,1909.0,2358.0,False,False
2890,2022-10-27 09:34:57.697297,0.0,-0.006153846153846287,0.0,-0.10000000000000142,16.15,16.2,16.2,16.25,540.0,120.0,1909.0,2358.0,True,True
2890,2022-10-27 09:35:01.939161,0.0,-0.006153846153846287,0.0,-0.10000000000000142,16.15,16.2,16.2,16.25,540.0,127.0,1909.0,2358.0,False,False
2890,2022-10-27 09:35:03.898815,0.0,-0.006153846153846287,0.0,-0.10000000000000142,16.15,16.2,16.2,16.25,540.0,127.0,1909.0,2358.0,False,False
2890,2022-10-27 09:35:10.436618,0.0,-0.006153846153846287,0.0,-0.10000000000000142,16.15,16.2,16.2,16.25,540.0,127.0,1909.0,2358.0,False,False
2890,2022-10-27 09:35:16.074568,0.0,-0.006153846153846287,0.0,-0.10000000000000142,16.15,16.2,16.2,16.25,540.0,127.0,1909.0,2358.0,False,False
2890,2022-10-27 09:35:16.597031,0.0,-0.006153846153846287,0.0,-0.10000000000000142,16.15,16.2,16.2,16.25,540.0,127.0,1909.0,2358.0,False,False
2890,2022-10-27 09:35:16.802321,0.0,-0.006153846153846287,0.0,-0.10000000000000142,16.15,16.2,16.2,16.25,540.0,127.0,1909.0,2358.0,False,False
2890,2022-10-27 09:35:16.805700,0.0,-0.006153846153846287,0.0,-0.10000000000000142,16.15,16.2,16.2,16.25,536.0,127.0,1909.0,2358.0,False,False
2890,2022-10-27 09:35:17.876759,0.0,-0.006153846153846287,0.0,-0.10000000000000142,16.15,16.2,16.2,16.25,536.0,127.0,1916.0,2358.0,True,True
2890,2022-10-27 09:35:18.736995,0.0,-0.006153846153846287,0.0,-0.10000000000000142,16.15,16.2,16.2,16.25,536.0,127.0,1916.0,2358.0,False,False
2890,2022-10-27 09:35:20.655080,0.0,-0.006153846153846287,0.0,-0.10000000000000142,16.15,16.2,16.2,16.25,608.0,127.0,1916.0,2358.0,False,False
2890,2022-10-27 09:35:21.896982,0.0,-0.006153846153846287,0.0,-0.10000000000000142,16.15,16.2,16.2,16.25,621.0,127.0,1916.0,2358.0,False,False
2890,2022-10-27 09:35:22.692267,0.0,-0.006153846153846287,0.0,-0.10000000000000142,16.15,16.2,16.2,16.25,621.0,127.0,1916.0,2358.0,False,False
2890,2022-10-27 09:35:26.481856,0.0,-0.006153846153846287,0.0,-0.10000000000000142,16.15,16.2,16.2,16.25,621.0,127.0,1916.0,2358.0,False,False
2890,2022-10-27 09:35:26.619895,0.0,-0.006153846153846287,0.0,-0.10000000000000142,16.15,16.2,16.2,16.25,549.0,127.0,1916.0,2358.0,False,False
2890,2022-10-27 09:35:27.887971,0.0,-0.006153846153846287,0.0,-0.10000000000000142,16.15,16.2,16.2,16.25,549.0,127.0,2026.0,2358.0,True,True
2890,2022-10-27 09:35:30.050919,0.0,-0.006153846153846287,0.0,-0.10000000000000142,16.15,16.2,16.2,16.25,549.0,127.0,2026.0,2358.0,False,False
2890,2022-10-27 09:35:30.056079,0.0,-0.006153846153846287,0.0,-0.10000000000000142,16.15,16.2,16.2,16.25,550.0,127.0,2026.0,2358.0,False,False
2890,2022-10-27 09:35:31.044041,0.0,-0.006153846153846287,0.0,-0.10000000000000142,16.15,16.2,16.2,16.25,550.0,127.0,2026.0,2358.0,False,False
2890,2022-10-27 09:35:32.680480,0.0,-0.006153846153846287,0.0,-0.10000000000000142,16.15,16.2,16.2,16.25,621.0,127.0,2026.0,2358.0,False,False
2890,2022-10-27 09:35:33.594334,0.0,-0.006153846153846287,0.0,-0.10000000000000142,16.15,16.2,16.2,16.25,550.0,127.0,2026.0,2358.0,False,False
2890,2022-10-27 09:35:36.318868,0.0,-0.006153846153846287,0.0,-0.10000000000000142,16.15,16.2,16.2,16.25,552.0,127.0,2026.0,2358.0,False,False
2890,2022-10-27 09:35:36.623757,0.0,-0.006153846153846287,0.0,-0.10000000000000142,16.15,16.2,16.2,16.25,625.0,127.0,2026.0,2358.0,False,False
2890,2022-10-27 09:35:37.636712,0.0,-0.006153846153846287,0.0,-0.10000000000000142,16.15,16.2,16.2,16.25,625.0,127.0,2026.0,2358.0,False,False
2890,2022-10-27 09:35:37.910402,0.0,-0.006153846153846287,0.0,-0.10000000000000142,16.15,16.2,16.2,16.25,625.0,127.0,2026.0,2538.0,True,True
2890,2022-10-27 09:35:46.580575,0.0,-0.006153846153846287,0.0,-0.10000000000000142,16.15,16.2,16.2,16.25,552.0,127.0,2026.0,2538.0,False,False
2890,2022-10-27 09:35:47.632250,0.0,-0.006153846153846287,0.0,-0.10000000000000142,16.15,16.2,16.2,16.25,623.0,127.0,2026.0,2538.0,False,False
2890,2022-10-27 09:35:47.937470,0.0,-0.006153846153846287,0.0,-0.10000000000000142,16.15,16.2,16.2,16.25,623.0,127.0,1936.0,3038.0,True,True
2890,2022-10-27 09:35:50.938630,0.0,-0.006153846153846287,0.0,-0.10000000000000142,16.15,16.2,16.2,16.25,623.0,126.0,1936.0,3038.0,False,False
2890,2022-10-27 09:35:51.005157,0.0,-0.006153846153846287,0.0,-0.10000000000000142,16.15,16.2,16.2,16.25,623.0,108.0,1936.0,3038.0,False,False
2890,2022-10-27 09:35:54.552261,0.0,-0.006153846153846287,0.0,-0.10000000000000142,16.15,16.2,16.2,16.25,627.0,108.0,1936.0,3038.0,False,False
2890,2022-10-27 09:35:55.688760,0.0,-0.006153846153846287,0.0,-0.10000000000000142,16.15,16.2,16.2,16.25,627.0,106.0,1936.0,3038.0,False,False
2890,2022-10-27 09:36:04.064590,0.0,-0.006153846153846287,0.0,-0.10000000000000142,16.15,16.2,16.2,16.25,627.0,30.0,1936.0,3038.0,False,False
2890,2022-10-27 09:36:04.133022,0.0,-0.006153846153846287,0.0,-0.10000000000000142,16.15,16.2,16.2,16.25,633.0,30.0,1936.0,3038.0,False,False
2890,2022-10-27 09:36:04.353861,0.0,-0.006153846153846287,0.0,-0.10000000000000142,16.15,16.2,16.2,16.25,633.0,31.0,1936.0,3038.0,False,False
2890,2022-10-27 09:36:04.572540,0.0,-0.006153846153846287,0.0,-0.10000000000000142,16.15,16.2,16.2,16.25,562.0,31.0,1936.0,3038.0,False,False
2890,2022-10-27 09:36:06.491173,0.0,-0.006153846153846287,0.0,-0.10000000000000142,16.15,16.2,16.2,16.25,562.0,31.0,1936.0,3038.0,False,False
2890,2022-10-27 09:36:06.529901,0.0,-0.006153846153846287,0.0,-0.10000000000000142,16.15,16.2,16.2,16.25,562.0,26.0,1936.0,3038.0,False,False
2890,2022-10-27 09:36:07.182591,0.0,-0.006153846153846287,0.0,-0.10000000000000142,16.15,16.2,16.2,16.25,562.0,26.0,1936.0,3038.0,False,False
2890,2022-10-27 09:36:07.715050,0.0,-0.006153846153846287,0.0,-0.10000000000000142,16.15,16.2,16.2,16.25,632.0,26.0,1936.0,3038.0,False,False
2890,2022-10-27 09:36:08.008001,0.0,-0.006153846153846287,0.0,-0.10000000000000142,16.15,16.2,16.2,16.25,632.0,26.0,1934.0,3038.0,True,True
2890,2022-10-27 09:36:11.562514,0.0,-0.006153846153846287,0.0,-0.10000000000000142,16.15,16.2,16.2,16.25,562.0,26.0,1934.0,3038.0,False,False
2890,2022-10-27 09:36:11.716083,0.0,-0.006153846153846287,0.0,-0.10000000000000142,16.15,16.2,16.2,16.25,562.0,26.0,1934.0,3038.0,False,False
2890,2022-10-27 09:36:15.013092,0.0,-0.006153846153846287,0.0,-0.10000000000000142,16.15,16.2,16.2,16.25,562.0,26.0,1934.0,3038.0,False,False
2890,2022-10-27 09:36:15.017544,0.0,-0.006153846153846287,0.0,-0.10000000000000142,16.15,16.2,16.2,16.25,562.0,20.0,1934.0,3038.0,False,False
2890,2022-10-27 09:36:15.747091,0.0,-0.006153846153846287,0.0,-0.10000000000000142,16.15,16.2,16.2,16.25,562.0,20.0,1934.0,3038.0,False,False
2890,2022-10-27 09:36:17.775040,0.0,-0.006153846153846287,0.0,-0.10000000000000142,16.15,16.2,16.2,16.25,562.0,16.0,1934.0,3038.0,False,False
2890,2022-10-27 09:36:21.761585,0.0,-0.006153846153846287,0.0,-0.10000000000000142,16.15,16.2,16.2,16.25,562.0,15.0,1934.0,3038.0,False,False
2890,2022-10-27 09:36:26.972532,0.0,-0.006153846153846287,0.0,-0.10000000000000142,16.15,16.2,16.2,16.25,562.0,14.0,1934.0,3038.0,False,False
2890,2022-10-27 09:36:30.600697,0.0,-0.006153846153846287,0.0,-0.10000000000000142,16.15,16.2,16.2,16.25,634.0,14.0,1934.0,3038.0,False,False
2890,2022-10-27 09:36:30.816068,0.0,-0.006153846153846287,0.0,-0.10000000000000142,16.15,16.2,16.2,16.25,634.0,14.0,1934.0,3038.0,False,False
2890,2022-10-27 09:36:31.057412,0.0,-0.006153846153846287,0.0,-0.10000000000000142,16.15,16.2,16.2,16.25,647.0,14.0,1934.0,3038.0,False,False
2890,2022-10-27 09:36:31.478864,0.0,-0.006153846153846287,0.0,-0.10000000000000142,16.15,16.2,16.2,16.25,575.0,14.0,1934.0,3038.0,False,False
2890,2022-10-27 09:36:32.479507,0.0,-0.006153846153846287,0.0,-0.10000000000000142,16.15,16.2,16.2,16.25,647.0,14.0,1934.0,3038.0,False,False
2890,2022-10-27 09:36:34.689438,0.0,-0.006153846153846287,0.0,-0.10000000000000142,16.15,16.2,16.2,16.25,647.0,13.0,1934.0,3038.0,False,False
2890,2022-10-27 09:36:35.470659,0.0,-0.006153846153846287,0.0,-0.10000000000000142,16.15,16.2,16.2,16.25,575.0,13.0,1934.0,3038.0,False,False
2890,2022-10-27 09:36:36.105306,0.0,-0.006153846153846287,0.0,-0.10000000000000142,16.15,16.2,16.2,16.25,575.0,23.0,1934.0,3038.0,False,False
2890,2022-10-27 09:36:36.476980,0.0,-0.006153846153846287,0.0,-0.10000000000000142,16.15,16.2,16.2,16.25,647.0,23.0,1934.0,3038.0,False,False
2890,2022-10-27 09:36:36.920033,0.0,-0.006153846153846287,0.0,-0.10000000000000142,16.15,16.2,16.2,16.25,830.0,23.0,1934.0,3038.0,False,False
2890,2022-10-27 09:36:36.989949,0.0,-0.006153846153846287,0.0,-0.10000000000000142,16.15,16.2,16.2,16.25,830.0,23.0,1934.0,3038.0,False,False
2890,2022-10-27 09:36:37.060955,0.0,-0.006153846153846287,0.0,-0.10000000000000142,16.15,16.2,16.2,16.25,851.0,24.0,1934.0,3038.0,False,False
2890,2022-10-27 09:36:37.477019,0.0,-0.006153846153846287,0.0,-0.10000000000000142,16.15,16.2,16.2,16.25,779.0,24.0,1934.0,3038.0,False,False
2890,2022-10-27 09:36:37.874658,0.0,-0.006153846153846287,0.0,-0.10000000000000142,16.15,16.2,16.2,16.25,779.0,23.0,1934.0,3038.0,False,False
2890,2022-10-27 09:36:38.447249,-0.003076923076923088,-0.003076923076923088,-0.05000000000000071,-0.05000000000000071,16.2,16.25,16.2,16.25,23.0,478.0,1934.0,3038.0,False,False
2890,2022-10-27 09:36:38.477954,-0.003076923076923088,-0.003076923076923088,-0.05000000000000071,-0.05000000000000071,16.2,16.25,16.2,16.25,23.0,470.0,1934.0,3038.0,False,False
2890,2022-10-27 09:36:38.512836,-0.003076923076923088,-0.003076923076923088,-0.05000000000000071,-0.05000000000000071,16.2,16.25,16.2,16.25,23.0,470.0,1934.0,3038.0,False,False
2890,2022-10-27 09:36:38.618506,-0.003076923076923088,-0.003076923076923088,-0.05000000000000071,-0.05000000000000071,16.2,16.25,16.2,16.25,27.0,470.0,1934.0,3038.0,False,False
2890,2022-10-27 09:36:38.913428,-0.003076923076923088,-0.003076923076923088,-0.05000000000000071,-0.05000000000000071,16.2,16.25,16.2,16.25,61.0,470.0,1934.0,3038.0,False,False
2890,2022-10-27 09:36:38.996175,-0.003076923076923088,-0.003076923076923088,-0.05000000000000071,-0.05000000000000071,16.2,16.25,16.2,16.25,67.0,470.0,1934.0,3038.0,False,False
2890,2022-10-27 09:36:39.472166,-0.003076923076923088,-0.003076923076923088,-0.05000000000000071,-0.05000000000000071,16.2,16.25,16.2,16.25,67.0,470.0,1934.0,3038.0,False,False
2890,2022-10-27 09:36:39.514828,-0.003076923076923088,-0.003076923076923088,-0.05000000000000071,-0.05000000000000071,16.2,16.25,16.2,16.25,139.0,469.0,1934.0,3038.0,False,False
2890,2022-10-27 09:36:39.578660,-0.003076923076923088,-0.003076923076923088,-0.05000000000000071,-0.05000000000000071,16.2,16.25,16.2,16.25,204.0,469.0,1934.0,3038.0,False,False
2890,2022-10-27 09:36:39.673529,-0.003076923076923088,-0.003076923076923088,-0.05000000000000071,-0.05000000000000071,16.2,16.25,16.2,16.25,268.0,469.0,1934.0,3038.0,False,False
2890,2022-10-27 09:36:40.748333,-0.003076923076923088,-0.003076923076923088,-0.05000000000000071,-0.05000000000000071,16.2,16.25,16.2,16.25,379.0,469.0,1934.0,3038.0,False,False
2890,2022-10-27 09:36:40.776616,-0.003076923076923088,-0.003076923076923088,-0.05000000000000071,-0.05000000000000071,16.2,16.25,16.2,16.25,393.0,469.0,1934.0,3038.0,False,False
2890,2022-10-27 09:36:41.658714,-0.003076923076923088,-0.003076923076923088,-0.05000000000000071,-0.05000000000000071,16.2,16.25,16.2,16.25,392.0,469.0,1934.0,3038.0,False,False
2890,2022-10-27 09:36:42.109201,-0.003076923076923088,-0.003076923076923088,-0.05000000000000071,-0.05000000000000071,16.2,16.25,16.2,16.25,406.0,469.0,1934.0,3038.0,False,False
2890,2022-10-27 09:36:43.905879,-0.003076923076923088,-0.003076923076923088,-0.05000000000000071,-0.05000000000000071,16.2,16.25,16.2,16.25,406.0,473.0,1934.0,3038.0,False,False
2890,2022-10-27 09:36:44.997660,-0.003076923076923088,-0.003076923076923088,-0.05000000000000071,-0.05000000000000071,16.2,16.25,16.2,16.25,421.0,473.0,1934.0,3038.0,False,False
2890,2022-10-27 09:36:45.000704,-0.003076923076923088,-0.003076923076923088,-0.05000000000000071,-0.05000000000000071,16.2,16.25,16.2,16.25,427.0,473.0,1934.0,3038.0,False,False
2890,2022-10-27 09:36:46.261263,-0.003076923076923088,-0.003076923076923088,-0.05000000000000071,-0.05000000000000071,16.2,16.25,16.2,16.25,427.0,473.0,1934.0,3038.0,False,False
2890,2022-10-27 09:36:48.121980,-0.003076923076923088,-0.003076923076923088,-0.05000000000000071,-0.05000000000000071,16.2,16.25,16.2,16.25,427.0,473.0,1947.0,2939.0,True,True
2890,2022-10-27 09:36:54.065899,-0.003076923076923088,-0.003076923076923088,-0.05000000000000071,-0.05000000000000071,16.2,16.25,16.2,16.25,428.0,473.0,1947.0,2939.0,False,False
2890,2022-10-27 09:36:54.147246,-0.003076923076923088,-0.003076923076923088,-0.05000000000000071,-0.05000000000000071,16.2,16.25,16.2,16.25,428.0,473.0,1947.0,2939.0,False,False
2890,2022-10-27 09:37:03.846879,-0.003076923076923088,-0.003076923076923088,-0.05000000000000071,-0.05000000000000071,16.2,16.25,16.2,16.25,428.0,473.0,1947.0,2939.0,False,False
2890,2022-10-27 09:37:05.108632,-0.003076923076923088,-0.003076923076923088,-0.05000000000000071,-0.05000000000000071,16.2,16.25,16.2,16.25,428.0,473.0,1947.0,2939.0,False,False
2890,2022-10-27 09:37:05.337459,-0.003076923076923088,-0.003076923076923088,-0.05000000000000071,-0.05000000000000071,16.2,16.25,16.2,16.25,428.0,475.0,1947.0,2939.0,False,False
2890,2022-10-27 09:37:07.599805,-0.003076923076923088,-0.003076923076923088,-0.05000000000000071,-0.05000000000000071,16.2,16.25,16.2,16.25,428.0,475.0,1947.0,2939.0,False,True
2890,2022-10-27 09:37:13.200150,-0.003076923076923088,-0.003076923076923088,-0.05000000000000071,-0.05000000000000071,16.2,16.25,16.2,16.25,428.0,475.0,1947.0,2939.0,False,False
2890,2022-10-27 09:37:17.576601,-0.003076923076923088,-0.003076923076923088,-0.05000000000000071,-0.05000000000000071,16.2,16.25,16.2,16.25,429.0,475.0,1947.0,2939.0,False,False
2890,2022-10-27 09:37:18.893944,-0.003076923076923088,-0.003076923076923088,-0.05000000000000071,-0.05000000000000071,16.2,16.25,16.2,16.25,429.0,475.0,1947.0,2939.0,False,False
2890,2022-10-27 09:37:19.713839,-0.003076923076923088,-0.003076923076923088,-0.05000000000000071,-0.05000000000000071,16.2,16.25,16.2,16.25,429.0,475.0,1947.0,2939.0,False,False
2890,2022-10-27 09:37:25.120658,-0.003076923076923088,-0.003076923076923088,-0.05000000000000071,-0.05000000000000071,16.2,16.25,16.2,16.25,439.0,475.0,1947.0,2939.0,False,False
2890,2022-10-27 09:37:26.885097,-0.003076923076923088,-0.003076923076923088,-0.05000000000000071,-0.05000000000000071,16.2,16.25,16.2,16.25,453.0,475.0,1947.0,2939.0,False,False
2890,2022-10-27 09:37:27.639989,-0.003076923076923088,-0.003076923076923088,-0.05000000000000071,-0.05000000000000071,16.2,16.25,16.2,16.25,453.0,470.0,1947.0,2939.0,False,False
2890,2022-10-27 09:37:28.787485,-0.003076923076923088,-0.003076923076923088,-0.05000000000000071,-0.05000000000000071,16.2,16.25,16.2,16.25,457.0,470.0,1947.0,2939.0,False,False
2890,2022-10-27 09:37:29.129925,-0.003076923076923088,-0.003076923076923088,-0.05000000000000071,-0.05000000000000071,16.2,16.25,16.2,16.25,457.0,457.0,1947.0,2939.0,False,False
2890,2022-10-27 09:37:29.130824,-0.003076923076923088,-0.003076923076923088,-0.05000000000000071,-0.05000000000000071,16.2,16.25,16.2,16.25,457.0,457.0,1947.0,2939.0,False,False
2890,2022-10-27 09:37:29.467623,-0.003076923076923088,-0.003076923076923088,-0.05000000000000071,-0.05000000000000071,16.2,16.25,16.2,16.25,435.0,457.0,1947.0,2939.0,False,False
2890,2022-10-27 09:37:30.616782,-0.003076923076923088,-0.003076923076923088,-0.05000000000000071,-0.05000000000000071,16.2,16.25,16.2,16.25,435.0,418.0,1947.0,2939.0,False,False
2890,2022-10-27 09:37:30.657760,-0.003076923076923088,-0.003076923076923088,-0.05000000000000071,-0.05000000000000071,16.2,16.25,16.2,16.25,435.0,418.0,1947.0,2939.0,False,False
2890,2022-10-27 09:37:30.692338,-0.003076923076923088,-0.003076923076923088,-0.05000000000000071,-0.05000000000000071,16.2,16.25,16.2,16.25,444.0,418.0,1947.0,2939.0,False,False
2890,2022-10-27 09:37:30.944682,-0.003076923076923088,-0.003076923076923088,-0.05000000000000071,-0.05000000000000071,16.2,16.25,16.2,16.25,449.0,418.0,1947.0,2939.0,False,False
2890,2022-10-27 09:37:31.636217,-0.003076923076923088,-0.003076923076923088,-0.05000000000000071,-0.05000000000000071,16.2,16.25,16.2,16.25,449.0,427.0,1947.0,2939.0,False,False
2890,2022-10-27 09:37:32.645428,-0.003076923076923088,-0.003076923076923088,-0.05000000000000071,-0.05000000000000071,16.2,16.25,16.2,16.25,448.0,427.0,1947.0,2939.0,False,False
2890,2022-10-27 09:37:33.720416,-0.003076923076923088,-0.003076923076923088,-0.05000000000000071,-0.05000000000000071,16.2,16.25,16.2,16.25,448.0,427.0,1947.0,2939.0,False,False
2890,2022-10-27 09:37:36.532899,-0.003076923076923088,-0.003076923076923088,-0.05000000000000071,-0.05000000000000071,16.2,16.25,16.2,16.25,376.0,427.0,1947.0,2939.0,False,False
2890,2022-10-27 09:37:36.568997,-0.003076923076923088,-0.003076923076923088,-0.05000000000000071,-0.05000000000000071,16.2,16.25,16.2,16.25,376.0,445.0,1947.0,2939.0,False,False
2890,2022-10-27 09:37:37.041656,-0.003076923076923088,-0.003076923076923088,-0.05000000000000071,-0.05000000000000071,16.2,16.25,16.2,16.25,376.0,445.0,1947.0,2939.0,False,False
2890,2022-10-27 09:37:38.898497,-0.003076923076923088,-0.003076923076923088,-0.05000000000000071,-0.05000000000000071,16.2,16.25,16.2,16.25,376.0,463.0,1947.0,2939.0,False,False
2890,2022-10-27 09:37:38.988397,-0.003076923076923088,-0.003076923076923088,-0.05000000000000071,-0.05000000000000071,16.2,16.25,16.2,16.25,376.0,463.0,1947.0,2939.0,False,False
2890,2022-10-27 09:37:38.991755,-0.003076923076923088,-0.003076923076923088,-0.05000000000000071,-0.05000000000000071,16.2,16.25,16.2,16.25,376.0,463.0,1947.0,2939.0,False,False
2890,2022-10-27 09:37:41.938704,-0.003076923076923088,-0.003076923076923088,-0.05000000000000071,-0.05000000000000071,16.2,16.25,16.2,16.25,377.0,463.0,1947.0,2939.0,False,False
2890,2022-10-27 09:37:44.623865,-0.003076923076923088,-0.003076923076923088,-0.05000000000000071,-0.05000000000000071,16.2,16.25,16.2,16.25,266.0,463.0,1947.0,2939.0,False,False
2890,2022-10-27 09:37:44.852835,-0.003076923076923088,-0.003076923076923088,-0.05000000000000071,-0.05000000000000071,16.2,16.25,16.2,16.25,252.0,463.0,1947.0,2939.0,False,False
2890,2022-10-27 09:37:44.883539,-0.003076923076923088,-0.003076923076923088,-0.05000000000000071,-0.05000000000000071,16.2,16.25,16.2,16.25,238.0,463.0,1947.0,2939.0,False,False
2890,2022-10-27 09:37:45.392483,-0.003076923076923088,-0.003076923076923088,-0.05000000000000071,-0.05000000000000071,16.2,16.25,16.2,16.25,238.0,463.0,1947.0,2939.0,False,False
2890,2022-10-27 09:37:45.967298,-0.003076923076923088,-0.003076923076923088,-0.05000000000000071,-0.05000000000000071,16.2,16.25,16.2,16.25,238.0,463.0,1947.0,2939.0,False,False
2890,2022-10-27 09:37:46.021971,-0.003076923076923088,-0.003076923076923088,-0.05000000000000071,-0.05000000000000071,16.2,16.25,16.2,16.25,228.0,463.0,1947.0,2939.0,False,False
2890,2022-10-27 09:37:46.024120,-0.003076923076923088,-0.003076923076923088,-0.05000000000000071,-0.05000000000000071,16.2,16.25,16.2,16.25,219.0,463.0,1947.0,2939.0,False,False
2890,2022-10-27 09:37:47.015143,-0.003076923076923088,-0.003076923076923088,-0.05000000000000071,-0.05000000000000071,16.2,16.25,16.2,16.25,222.0,463.0,1947.0,2939.0,False,False
2890,2022-10-27 09:37:47.724365,-0.003076923076923088,-0.003076923076923088,-0.05000000000000071,-0.05000000000000071,16.2,16.25,16.2,16.25,222.0,463.0,2937.0,2789.0,True,True
2890,2022-10-27 09:37:57.830541,-0.003076923076923088,-0.003076923076923088,-0.05000000000000071,-0.05000000000000071,16.2,16.25,16.2,16.25,222.0,462.0,2937.0,2789.0,False,False
2890,2022-10-27 09:37:59.684981,-0.003076923076923088,-0.003076923076923088,-0.05000000000000071,-0.05000000000000071,16.2,16.25,16.2,16.25,188.0,462.0,2937.0,2789.0,False,False
2890,2022-10-27 09:37:59.961877,-0.003076923076923088,-0.003076923076923088,-0.05000000000000071,-0.05000000000000071,16.2,16.25,16.2,16.25,188.0,462.0,2937.0,2789.0,False,False
2890,2022-10-27 09:37:59.966859,-0.003076923076923088,-0.003076923076923088,-0.05000000000000071,-0.05000000000000071,16.2,16.25,16.2,16.25,185.0,462.0,2937.0,2789.0,False,False
2890,2022-10-27 09:38:14.956072,-0.003076923076923088,-0.003076923076923088,-0.05000000000000071,-0.05000000000000071,16.2,16.25,16.2,16.25,185.0,462.0,2937.0,2789.0,False,False
2890,2022-10-27 09:38:17.825414,-0.003076923076923088,-0.003076923076923088,-0.05000000000000071,-0.05000000000000071,16.2,16.25,16.2,16.25,185.0,462.0,2937.0,2869.0,True,True
2890,2022-10-27 09:38:19.363295,-0.003076923076923088,-0.003076923076923088,-0.05000000000000071,-0.05000000000000071,16.2,16.25,16.2,16.25,184.0,462.0,2937.0,2869.0,False,False
2890,2022-10-27 09:38:20.553916,-0.003076923076923088,-0.003076923076923088,-0.05000000000000071,-0.05000000000000071,16.2,16.25,16.2,16.25,252.0,462.0,2937.0,2869.0,False,False
2890,2022-10-27 09:38:21.608002,-0.003076923076923088,-0.003076923076923088,-0.05000000000000071,-0.05000000000000071,16.2,16.25,16.2,16.25,287.0,462.0,2937.0,2869.0,False,False
2890,2022-10-27 09:38:24.456330,-0.003076923076923088,-0.003076923076923088,-0.05000000000000071,-0.05000000000000071,16.2,16.25,16.2,16.25,305.0,462.0,2937.0,2869.0,False,False
2890,2022-10-27 09:38:24.488710,-0.003076923076923088,-0.003076923076923088,-0.05000000000000071,-0.05000000000000071,16.2,16.25,16.2,16.25,323.0,462.0,2937.0,2869.0,False,False
2890,2022-10-27 09:38:24.675964,-0.003076923076923088,-0.003076923076923088,-0.05000000000000071,-0.05000000000000071,16.2,16.25,16.2,16.25,434.0,462.0,2937.0,2869.0,False,False
2890,2022-10-27 09:38:24.698941,-0.003076923076923088,-0.003076923076923088,-0.05000000000000071,-0.05000000000000071,16.2,16.25,16.2,16.25,434.0,426.0,2937.0,2869.0,False,False
2890,2022-10-27 09:38:25.199405,-0.003076923076923088,-0.003076923076923088,-0.05000000000000071,-0.05000000000000071,16.2,16.25,16.2,16.25,455.0,426.0,2937.0,2869.0,False,False
2890,2022-10-27 09:38:25.551047,-0.003076923076923088,-0.003076923076923088,-0.05000000000000071,-0.05000000000000071,16.2,16.25,16.2,16.25,455.0,426.0,2937.0,2869.0,False,False
2890,2022-10-27 09:38:26.218081,-0.003076923076923088,-0.003076923076923088,-0.05000000000000071,-0.05000000000000071,16.2,16.25,16.2,16.25,455.0,424.0,2937.0,2869.0,False,False
2890,2022-10-27 09:38:26.255574,-0.003076923076923088,-0.003076923076923088,-0.05000000000000071,-0.05000000000000071,16.2,16.25,16.2,16.25,455.0,424.0,2937.0,2869.0,False,False
2890,2022-10-27 09:38:26.972923,-0.003076923076923088,-0.003076923076923088,-0.05000000000000071,-0.05000000000000071,16.2,16.25,16.2,16.25,455.0,424.0,2937.0,2869.0,False,False
2890,2022-10-27 09:38:28.693794,-0.003076923076923088,-0.003076923076923088,-0.05000000000000071,-0.05000000000000071,16.2,16.25,16.2,16.25,455.0,419.0,2937.0,2869.0,False,False
2890,2022-10-27 09:38:29.424076,-0.003076923076923088,-0.003076923076923088,-0.05000000000000071,-0.05000000000000071,16.2,16.25,16.2,16.25,455.0,418.0,2937.0,2869.0,False,False
2890,2022-10-27 09:38:44.677094,-0.003076923076923088,-0.003076923076923088,-0.05000000000000071,-0.05000000000000071,16.2,16.25,16.2,16.25,455.0,418.0,2937.0,2869.0,False,False
2890,2022-10-27 09:38:45.298121,-0.003076923076923088,-0.003076923076923088,-0.05000000000000071,-0.05000000000000071,16.2,16.25,16.2,16.25,455.0,414.0,2937.0,2869.0,False,False
2890,2022-10-27 09:38:46.783858,-0.003076923076923088,-0.003076923076923088,-0.05000000000000071,-0.05000000000000071,16.2,16.25,16.2,16.25,455.0,410.0,2937.0,2869.0,False,False
2890,2022-10-27 09:38:47.070976,-0.003076923076923088,-0.003076923076923088,-0.05000000000000071,-0.05000000000000071,16.2,16.25,16.2,16.25,455.0,410.0,2937.0,2869.0,False,False
2890,2022-10-27 09:38:47.936862,-0.003076923076923088,-0.003076923076923088,-0.05000000000000071,-0.05000000000000071,16.2,16.25,16.2,16.25,455.0,410.0,2937.0,2869.0,True,True
2890,2022-10-27 09:38:48.637803,-0.003076923076923088,-0.003076923076923088,-0.05000000000000071,-0.05000000000000071,16.2,16.25,16.2,16.25,455.0,411.0,2937.0,2869.0,False,False
2890,2022-10-27 09:38:48.950984,-0.003076923076923088,-0.003076923076923088,-0.05000000000000071,-0.05000000000000071,16.2,16.25,16.2,16.25,455.0,416.0,2937.0,2869.0,False,False
2890,2022-10-27 09:38:53.907566,-0.003076923076923088,-0.003076923076923088,-0.05000000000000071,-0.05000000000000071,16.2,16.25,16.2,16.25,455.0,414.0,2937.0,2869.0,False,False
2890,2022-10-27 09:38:54.761974,-0.003076923076923088,-0.003076923076923088,-0.05000000000000071,-0.05000000000000071,16.2,16.25,16.2,16.25,455.0,414.0,2937.0,2869.0,False,False
2890,2022-10-27 09:38:56.672079,-0.003076923076923088,-0.003076923076923088,-0.05000000000000071,-0.05000000000000071,16.2,16.25,16.2,16.25,455.0,415.0,2937.0,2869.0,False,False
2890,2022-10-27 09:38:59.123458,-0.003076923076923088,-0.003076923076923088,-0.05000000000000071,-0.05000000000000071,16.2,16.25,16.2,16.25,455.0,415.0,2937.0,2869.0,False,False
2890,2022-10-27 09:38:59.206262,-0.003076923076923088,-0.003076923076923088,-0.05000000000000071,-0.05000000000000071,16.2,16.25,16.2,16.25,455.0,416.0,2937.0,2869.0,False,False
2890,2022-10-27 09:38:59.206951,-0.003076923076923088,-0.003076923076923088,-0.05000000000000071,-0.05000000000000071,16.2,16.25,16.2,16.25,455.0,416.0,2937.0,2869.0,False,False
2890,2022-10-27 09:38:59.727522,-0.003076923076923088,-0.003076923076923088,-0.05000000000000071,-0.05000000000000071,16.2,16.25,16.2,16.25,460.0,416.0,2937.0,2869.0,False,False
2890,2022-10-27 09:39:00.665632,-0.003076923076923088,-0.003076923076923088,-0.05000000000000071,-0.05000000000000071,16.2,16.25,16.2,16.25,460.0,417.0,2937.0,2869.0,False,False
2890,2022-10-27 09:39:01.328388,-0.003076923076923088,-0.003076923076923088,-0.05000000000000071,-0.05000000000000071,16.2,16.25,16.2,16.25,460.0,417.0,2937.0,2869.0,False,False
2890,2022-10-27 09:39:02.990758,-0.003076923076923088,-0.003076923076923088,-0.05000000000000071,-0.05000000000000071,16.2,16.25,16.2,16.25,460.0,416.0,2937.0,2869.0,False,False
2890,2022-10-27 09:39:04.435684,-0.003076923076923088,-0.003076923076923088,-0.05000000000000071,-0.05000000000000071,16.2,16.25,16.2,16.25,460.0,416.0,2937.0,2869.0,False,False
2890,2022-10-27 09:39:07.996031,-0.003076923076923088,-0.003076923076923088,-0.05000000000000071,-0.05000000000000071,16.2,16.25,16.2,16.25,460.0,416.0,2937.0,2870.0,True,True
2890,2022-10-27 09:39:12.100359,-0.003076923076923088,-0.003076923076923088,-0.05000000000000071,-0.05000000000000071,16.2,16.25,16.2,16.25,460.0,416.0,2937.0,2870.0,False,False
2890,2022-10-27 09:39:12.425959,-0.003076923076923088,-0.003076923076923088,-0.05000000000000071,-0.05000000000000071,16.2,16.25,16.2,16.25,460.0,416.0,2937.0,2870.0,False,False
2890,2022-10-27 09:39:15.295727,-0.003076923076923088,-0.003076923076923088,-0.05000000000000071,-0.05000000000000071,16.2,16.25,16.2,16.25,461.0,416.0,2937.0,2870.0,False,False
2890,2022-10-27 09:39:15.441138,-0.003076923076923088,-0.003076923076923088,-0.05000000000000071,-0.05000000000000071,16.2,16.25,16.2,16.25,461.0,415.0,2937.0,2870.0,False,False
2890,2022-10-27 09:39:15.515941,-0.003076923076923088,-0.003076923076923088,-0.05000000000000071,-0.05000000000000071,16.2,16.25,16.2,16.25,461.0,402.0,2937.0,2870.0,False,False
2890,2022-10-27 09:39:15.984268,-0.003076923076923088,-0.003076923076923088,-0.05000000000000071,-0.05000000000000071,16.2,16.25,16.2,16.25,461.0,404.0,2937.0,2870.0,False,False
2890,2022-10-27 09:39:16.504965,-0.003076923076923088,-0.003076923076923088,-0.05000000000000071,-0.05000000000000071,16.2,16.25,16.2,16.25,461.0,404.0,2937.0,2870.0,False,False
2890,2022-10-27 09:39:18.025943,-0.003076923076923088,-0.003076923076923088,-0.05000000000000071,-0.05000000000000071,16.2,16.25,16.2,16.25,461.0,404.0,2952.0,2870.0,True,True
2890,2022-10-27 09:39:20.324099,-0.003076923076923088,-0.003076923076923088,-0.05000000000000071,-0.05000000000000071,16.2,16.25,16.2,16.25,461.0,404.0,2952.0,2870.0,False,False
2890,2022-10-27 09:39:23.559182,-0.003076923076923088,-0.003076923076923088,-0.05000000000000071,-0.05000000000000071,16.2,16.25,16.2,16.25,476.0,404.0,2952.0,2870.0,False,False
2890,2022-10-27 09:39:24.377582,-0.003076923076923088,-0.003076923076923088,-0.05000000000000071,-0.05000000000000071,16.2,16.25,16.2,16.25,476.0,399.0,2952.0,2870.0,False,False
2890,2022-10-27 09:39:24.541420,-0.003076923076923088,-0.003076923076923088,-0.05000000000000071,-0.05000000000000071,16.2,16.25,16.2,16.25,476.0,399.0,2952.0,2870.0,False,False
2890,2022-10-27 09:39:24.541529,-0.003076923076923088,-0.003076923076923088,-0.05000000000000071,-0.05000000000000071,16.2,16.25,16.2,16.25,476.0,399.0,2952.0,2870.0,False,False
2890,2022-10-27 09:39:26.025069,-0.003076923076923088,-0.003076923076923088,-0.05000000000000071,-0.05000000000000071,16.2,16.25,16.2,16.25,477.0,399.0,2952.0,2870.0,False,False
2890,2022-10-27 09:39:28.078785,-0.003076923076923088,-0.003076923076923088,-0.05000000000000071,-0.05000000000000071,16.2,16.25,16.2,16.25,477.0,399.0,2952.0,2763.0,True,True
2890,2022-10-27 09:39:29.099884,-0.003076923076923088,-0.003076923076923088,-0.05000000000000071,-0.05000000000000071,16.2,16.25,16.2,16.25,477.0,399.0,2952.0,2763.0,False,False
2890,2022-10-27 09:39:38.115064,-0.003076923076923088,-0.003076923076923088,-0.05000000000000071,-0.05000000000000071,16.2,16.25,16.2,16.25,477.0,399.0,3052.0,2763.0,True,True
2890,2022-10-27 09:39:38.768947,-0.003076923076923088,-0.003076923076923088,-0.05000000000000071,-0.05000000000000071,16.2,16.25,16.2,16.25,477.0,442.0,3052.0,2763.0,False,False
2890,2022-10-27 09:39:40.501732,-0.003076923076923088,-0.003076923076923088,-0.05000000000000071,-0.05000000000000071,16.2,16.25,16.2,16.25,477.0,442.0,3052.0,2763.0,False,False
2890,2022-10-27 09:39:41.132393,-0.003076923076923088,-0.003076923076923088,-0.05000000000000071,-0.05000000000000071,16.2,16.25,16.2,16.25,478.0,442.0,3052.0,2763.0,False,False
2890,2022-10-27 09:39:42.739156,-0.003076923076923088,-0.003076923076923088,-0.05000000000000071,-0.05000000000000071,16.2,16.25,16.2,16.25,478.0,442.0,3052.0,2763.0,False,False
2890,2022-10-27 09:39:43.805433,-0.003076923076923088,-0.003076923076923088,-0.05000000000000071,-0.05000000000000071,16.2,16.25,16.2,16.25,478.0,442.0,3052.0,2763.0,False,False
2890,2022-10-27 09:39:48.145172,-0.003076923076923088,-0.003076923076923088,-0.05000000000000071,-0.05000000000000071,16.2,16.25,16.2,16.25,478.0,442.0,3052.0,2753.0,True,True
2890,2022-10-27 09:39:49.795439,-0.003076923076923088,-0.003076923076923088,-0.05000000000000071,-0.05000000000000071,16.2,16.25,16.2,16.25,478.0,438.0,3052.0,2753.0,False,False
2890,2022-10-27 09:39:51.119920,-0.003076923076923088,-0.003076923076923088,-0.05000000000000071,-0.05000000000000071,16.2,16.25,16.2,16.25,478.0,437.0,3052.0,2753.0,False,False
2890,2022-10-27 09:39:53.196232,-0.003076923076923088,-0.003076923076923088,-0.05000000000000071,-0.05000000000000071,16.2,16.25,16.2,16.25,478.0,437.0,3052.0,2753.0,False,False
2890,2022-10-27 09:39:56.123623,-0.003076923076923088,-0.003076923076923088,-0.05000000000000071,-0.05000000000000071,16.2,16.25,16.2,16.25,478.0,433.0,3052.0,2753.0,False,False
2890,2022-10-27 09:39:58.217823,-0.003076923076923088,-0.003076923076923088,-0.05000000000000071,-0.05000000000000071,16.2,16.25,16.2,16.25,478.0,433.0,3052.0,2753.0,True,True
2890,2022-10-27 09:40:03.633913,-0.003076923076923088,-0.003076923076923088,-0.05000000000000071,-0.05000000000000071,16.2,16.25,16.2,16.25,479.0,433.0,3052.0,2753.0,False,False
2890,2022-10-27 09:40:05.107683,-0.003076923076923088,-0.003076923076923088,-0.05000000000000071,-0.05000000000000071,16.2,16.25,16.2,16.25,479.0,432.0,3052.0,2753.0,False,False
2890,2022-10-27 09:40:05.678790,-0.003076923076923088,-0.003076923076923088,-0.05000000000000071,-0.05000000000000071,16.2,16.25,16.2,16.25,479.0,432.0,3052.0,2753.0,False,False
2890,2022-10-27 09:40:06.509468,-0.003076923076923088,-0.003076923076923088,-0.05000000000000071,-0.05000000000000071,16.2,16.25,16.2,16.25,520.0,432.0,3052.0,2753.0,False,False
2890,2022-10-27 09:40:06.590774,-0.003076923076923088,-0.003076923076923088,-0.05000000000000071,-0.05000000000000071,16.2,16.25,16.2,16.25,520.0,433.0,3052.0,2753.0,False,False
2890,2022-10-27 09:40:07.598376,-0.003076923076923088,-0.003076923076923088,-0.05000000000000071,-0.05000000000000071,16.2,16.25,16.2,16.25,520.0,433.0,3052.0,2753.0,False,False
2890,2022-10-27 09:40:07.709437,-0.003076923076923088,-0.003076923076923088,-0.05000000000000071,-0.05000000000000071,16.2,16.25,16.2,16.25,520.0,433.0,3052.0,2753.0,False,True
2890,2022-10-27 09:40:09.607491,-0.003076923076923088,-0.003076923076923088,-0.05000000000000071,-0.05000000000000071,16.2,16.25,16.2,16.25,520.0,432.0,3052.0,2753.0,False,False
2890,2022-10-27 09:40:10.468590,-0.003076923076923088,-0.003076923076923088,-0.05000000000000071,-0.05000000000000071,16.2,16.25,16.2,16.25,520.0,432.0,3052.0,2753.0,False,False
2890,2022-10-27 09:40:12.213888,-0.003076923076923088,-0.003076923076923088,-0.05000000000000071,-0.05000000000000071,16.2,16.25,16.2,16.25,520.0,438.0,3052.0,2753.0,False,False
2890,2022-10-27 09:40:13.473992,-0.003076923076923088,-0.003076923076923088,-0.05000000000000071,-0.05000000000000071,16.2,16.25,16.2,16.25,520.0,434.0,3052.0,2753.0,False,False
2890,2022-10-27 09:40:14.760231,-0.003076923076923088,-0.003076923076923088,-0.05000000000000071,-0.05000000000000071,16.2,16.25,16.2,16.25,520.0,434.0,3052.0,2753.0,False,False
2890,2022-10-27 09:40:14.763211,-0.003076923076923088,-0.003076923076923088,-0.05000000000000071,-0.05000000000000071,16.2,16.25,16.2,16.25,520.0,429.0,3052.0,2753.0,False,False
2890,2022-10-27 09:40:15.318592,-0.003076923076923088,-0.003076923076923088,-0.05000000000000071,-0.05000000000000071,16.2,16.25,16.2,16.25,520.0,428.0,3052.0,2753.0,False,False
2890,2022-10-27 09:40:17.037342,-0.003076923076923088,-0.003076923076923088,-0.05000000000000071,-0.05000000000000071,16.2,16.25,16.2,16.25,530.0,428.0,3052.0,2753.0,False,False
2890,2022-10-27 09:40:17.790404,-0.003076923076923088,-0.003076923076923088,-0.05000000000000071,-0.05000000000000071,16.2,16.25,16.2,16.25,530.0,428.0,3152.0,2753.0,True,True
2890,2022-10-27 09:40:19.858694,-0.003076923076923088,-0.003076923076923088,-0.05000000000000071,-0.05000000000000071,16.2,16.25,16.2,16.25,531.0,428.0,3152.0,2753.0,False,False
2890,2022-10-27 09:40:20.140873,-0.003076923076923088,-0.003076923076923088,-0.05000000000000071,-0.05000000000000071,16.2,16.25,16.2,16.25,531.0,427.0,3152.0,2753.0,False,False
2890,2022-10-27 09:40:20.223816,-0.003076923076923088,-0.003076923076923088,-0.05000000000000071,-0.05000000000000071,16.2,16.25,16.2,16.25,531.0,426.0,3152.0,2753.0,False,False
2890,2022-10-27 09:40:21.398598,-0.003076923076923088,-0.003076923076923088,-0.05000000000000071,-0.05000000000000071,16.2,16.25,16.2,16.25,531.0,426.0,3152.0,2753.0,False,False
2890,2022-10-27 09:40:21.549124,-0.003076923076923088,-0.003076923076923088,-0.05000000000000071,-0.05000000000000071,16.2,16.25,16.2,16.25,490.0,426.0,3152.0,2753.0,False,False
2890,2022-10-27 09:40:21.555126,-0.003076923076923088,-0.003076923076923088,-0.05000000000000071,-0.05000000000000071,16.2,16.25,16.2,16.25,487.0,426.0,3152.0,2753.0,False,False
2890,2022-10-27 09:40:23.814754,-0.003076923076923088,-0.003076923076923088,-0.05000000000000071,-0.05000000000000071,16.2,16.25,16.2,16.25,487.0,428.0,3152.0,2753.0,False,False
2890,2022-10-27 09:40:26.557788,-0.003076923076923088,-0.003076923076923088,-0.05000000000000071,-0.05000000000000071,16.2,16.25,16.2,16.25,487.0,424.0,3152.0,2753.0,False,False
2890,2022-10-27 09:40:27.421438,-0.003076923076923088,-0.003076923076923088,-0.05000000000000071,-0.05000000000000071,16.2,16.25,16.2,16.25,487.0,424.0,3152.0,2753.0,False,False
2890,2022-10-27 09:40:27.557547,-0.003076923076923088,-0.003076923076923088,-0.05000000000000071,-0.05000000000000071,16.2,16.25,16.2,16.25,487.0,423.0,3152.0,2753.0,False,False
2890,2022-10-27 09:40:27.851634,-0.003076923076923088,-0.003076923076923088,-0.05000000000000071,-0.05000000000000071,16.2,16.25,16.2,16.25,487.0,423.0,3252.0,2653.0,True,True
2890,2022-10-27 09:40:29.240727,-0.003076923076923088,-0.003076923076923088,-0.05000000000000071,-0.05000000000000071,16.2,16.25,16.2,16.25,488.0,423.0,3252.0,2653.0,False,False
2890,2022-10-27 09:40:29.622396,-0.003076923076923088,-0.003076923076923088,-0.05000000000000071,-0.05000000000000071,16.2,16.25,16.2,16.25,488.0,421.0,3252.0,2653.0,False,False
2890,2022-10-27 09:40:31.503998,-0.003076923076923088,-0.003076923076923088,-0.05000000000000071,-0.05000000000000071,16.2,16.25,16.2,16.25,493.0,421.0,3252.0,2653.0,False,False
2890,2022-10-27 09:40:31.733041,-0.003076923076923088,-0.003076923076923088,-0.05000000000000071,-0.05000000000000071,16.2,16.25,16.2,16.25,493.0,420.0,3252.0,2653.0,False,False
2890,2022-10-27 09:40:34.465098,-0.003076923076923088,-0.003076923076923088,-0.05000000000000071,-0.05000000000000071,16.2,16.25,16.2,16.25,493.0,420.0,3252.0,2653.0,False,False
2890,2022-10-27 09:40:34.516511,-0.003076923076923088,-0.003076923076923088,-0.05000000000000071,-0.05000000000000071,16.2,16.25,16.2,16.25,539.0,420.0,3252.0,2653.0,False,False
2890,2022-10-27 09:40:34.813660,-0.003076923076923088,-0.003076923076923088,-0.05000000000000071,-0.05000000000000071,16.2,16.25,16.2,16.25,550.0,420.0,3252.0,2653.0,False,False
2890,2022-10-27 09:40:35.061154,-0.003076923076923088,-0.003076923076923088,-0.05000000000000071,-0.05000000000000071,16.2,16.25,16.2,16.25,550.0,420.0,3252.0,2653.0,False,False
2890,2022-10-27 09:40:35.863155,-0.003076923076923088,-0.003076923076923088,-0.05000000000000071,-0.05000000000000071,16.2,16.25,16.2,16.25,550.0,420.0,3252.0,2653.0,False,False
2890,2022-10-27 09:40:36.612726,-0.003076923076923088,-0.003076923076923088,-0.05000000000000071,-0.05000000000000071,16.2,16.25,16.2,16.25,550.0,420.0,3252.0,2653.0,False,False
2890,2022-10-27 09:40:36.616245,-0.003076923076923088,-0.003076923076923088,-0.05000000000000071,-0.05000000000000071,16.2,16.25,16.2,16.25,554.0,420.0,3252.0,2653.0,False,False
2890,2022-10-27 09:40:36.837614,-0.003076923076923088,-0.003076923076923088,-0.05000000000000071,-0.05000000000000071,16.2,16.25,16.2,16.25,555.0,420.0,3252.0,2653.0,False,False
2890,2022-10-27 09:40:36.897090,-0.003076923076923088,-0.003076923076923088,-0.05000000000000071,-0.05000000000000071,16.2,16.25,16.2,16.25,555.0,418.0,3252.0,2653.0,False,False
2890,2022-10-27 09:40:37.165713,-0.003076923076923088,-0.003076923076923088,-0.05000000000000071,-0.05000000000000071,16.2,16.25,16.2,16.25,555.0,415.0,3252.0,2653.0,False,False
2890,2022-10-27 09:40:37.380942,-0.003076923076923088,-0.003076923076923088,-0.05000000000000071,-0.05000000000000071,16.2,16.25,16.2,16.25,555.0,413.0,3252.0,2653.0,False,False
2890,2022-10-27 09:40:38.392990,-0.003076923076923088,-0.003076923076923088,-0.05000000000000071,-0.05000000000000071,16.2,16.25,16.2,16.25,555.0,413.0,3252.0,2653.0,False,False
2890,2022-10-27 09:40:38.766862,-0.003076923076923088,-0.003076923076923088,-0.05000000000000071,-0.05000000000000071,16.2,16.25,16.2,16.25,555.0,413.0,3252.0,2653.0,False,False
2890,2022-10-27 09:40:41.201261,-0.003076923076923088,-0.003076923076923088,-0.05000000000000071,-0.05000000000000071,16.2,16.25,16.2,16.25,555.0,409.0,3252.0,2653.0,False,False
2890,2022-10-27 09:40:44.094749,-0.003076923076923088,-0.003076923076923088,-0.05000000000000071,-0.05000000000000071,16.2,16.25,16.2,16.25,555.0,409.0,3252.0,2653.0,False,False
2890,2022-10-27 09:40:48.377706,-0.003076923076923088,-0.003076923076923088,-0.05000000000000071,-0.05000000000000071,16.2,16.25,16.2,16.25,555.0,409.0,3252.0,2653.0,False,False
2890,2022-10-27 09:40:48.398511,-0.003076923076923088,-0.003076923076923088,-0.05000000000000071,-0.05000000000000071,16.2,16.25,16.2,16.25,555.0,405.0,3252.0,2653.0,False,False
2890,2022-10-27 09:40:53.113186,-0.003076923076923088,-0.003076923076923088,-0.05000000000000071,-0.05000000000000071,16.2,16.25,16.2,16.25,555.0,404.0,3252.0,2653.0,False,False
2890,2022-10-27 09:40:53.189275,-0.003076923076923088,-0.003076923076923088,-0.05000000000000071,-0.05000000000000071,16.2,16.25,16.2,16.25,555.0,404.0,3252.0,2653.0,False,False
2890,2022-10-27 09:40:53.765096,-0.003076923076923088,-0.003076923076923088,-0.05000000000000071,-0.05000000000000071,16.2,16.25,16.2,16.25,556.0,404.0,3252.0,2653.0,False,False
2890,2022-10-27 09:40:53.948196,-0.003076923076923088,-0.003076923076923088,-0.05000000000000071,-0.05000000000000071,16.2,16.25,16.2,16.25,556.0,404.0,3252.0,2653.0,False,False
2890,2022-10-27 09:40:55.105233,-0.003076923076923088,-0.003076923076923088,-0.05000000000000071,-0.05000000000000071,16.2,16.25,16.2,16.25,556.0,404.0,3252.0,2653.0,False,False
2890,2022-10-27 09:40:56.060385,-0.003076923076923088,-0.003076923076923088,-0.05000000000000071,-0.05000000000000071,16.2,16.25,16.2,16.25,556.0,404.0,3252.0,2653.0,False,False
2890,2022-10-27 09:40:56.138901,-0.003076923076923088,-0.003076923076923088,-0.05000000000000071,-0.05000000000000071,16.2,16.25,16.2,16.25,556.0,404.0,3252.0,2653.0,False,False
2890,2022-10-27 09:40:57.986571,-0.003076923076923088,-0.003076923076923088,-0.05000000000000071,-0.05000000000000071,16.2,16.25,16.2,16.25,556.0,404.0,3252.0,2703.0,True,True
2890,2022-10-27 09:40:58.482533,-0.003076923076923088,-0.003076923076923088,-0.05000000000000071,-0.05000000000000071,16.2,16.25,16.2,16.25,556.0,239.0,3252.0,2703.0,False,False
2890,2022-10-27 09:40:58.507883,-0.003076923076923088,-0.003076923076923088,-0.05000000000000071,-0.05000000000000071,16.2,16.25,16.2,16.25,556.0,239.0,3252.0,2703.0,False,False
2890,2022-10-27 09:40:58.508077,-0.003076923076923088,-0.003076923076923088,-0.05000000000000071,-0.05000000000000071,16.2,16.25,16.2,16.25,556.0,190.0,3252.0,2703.0,False,False
2890,2022-10-27 09:40:58.575164,-0.003076923076923088,-0.003076923076923088,-0.05000000000000071,-0.05000000000000071,16.2,16.25,16.2,16.25,556.0,137.0,3252.0,2703.0,False,False
2890,2022-10-27 09:40:58.592238,-0.00613496932515345,0.0,-0.10000000000000142,0.0,16.25,16.3,16.2,16.25,26.0,635.0,3252.0,2703.0,False,False
2890,2022-10-27 09:40:58.597252,-0.00613496932515345,0.0,-0.10000000000000142,0.0,16.25,16.3,16.2,16.25,26.0,635.0,3252.0,2703.0,False,False
2890,2022-10-27 09:40:58.643416,-0.00613496932515345,0.0,-0.10000000000000142,0.0,16.25,16.3,16.2,16.25,36.0,653.0,3252.0,2703.0,False,False
2890,2022-10-27 09:40:58.650357,-0.00613496932515345,0.0,-0.10000000000000142,0.0,16.25,16.3,16.2,16.25,29.0,653.0,3252.0,2703.0,False,False
2890,2022-10-27 09:40:58.675929,-0.00613496932515345,0.0,-0.10000000000000142,0.0,16.25,16.3,16.2,16.25,15.0,671.0,3252.0,2703.0,False,False
2890,2022-10-27 09:40:58.838558,-0.00613496932515345,0.0,-0.10000000000000142,0.0,16.25,16.3,16.2,16.25,15.0,661.0,3252.0,2703.0,False,False
2890,2022-10-27 09:40:58.843317,-0.00613496932515345,0.0,-0.10000000000000142,0.0,16.25,16.3,16.2,16.25,15.0,647.0,3252.0,2703.0,False,False
2890,2022-10-27 09:40:59.482299,-0.00613496932515345,0.0,-0.10000000000000142,0.0,16.25,16.3,16.2,16.25,15.0,648.0,3252.0,2703.0,False,False
2890,2022-10-27 09:40:59.588682,-0.00613496932515345,0.0,-0.10000000000000142,0.0,16.25,16.3,16.2,16.25,155.0,648.0,3252.0,2703.0,False,False
2890,2022-10-27 09:40:59.664864,-0.00613496932515345,0.0,-0.10000000000000142,0.0,16.25,16.3,16.2,16.25,218.0,648.0,3252.0,2703.0,False,False
2890,2022-10-27 09:40:59.768699,-0.00613496932515345,0.0,-0.10000000000000142,0.0,16.25,16.3,16.2,16.25,253.0,648.0,3252.0,2703.0,False,False
2890,2022-10-27 09:41:00.025625,-0.00613496932515345,0.0,-0.10000000000000142,0.0,16.25,16.3,16.2,16.25,271.0,648.0,3252.0,2703.0,False,False
2890,2022-10-27 09:41:00.092988,-0.00613496932515345,0.0,-0.10000000000000142,0.0,16.25,16.3,16.2,16.25,344.0,648.0,3252.0,2703.0,False,False
2890,2022-10-27 09:41:00.338464,-0.00613496932515345,0.0,-0.10000000000000142,0.0,16.25,16.3,16.2,16.25,344.0,648.0,3252.0,2703.0,False,False
2890,2022-10-27 09:41:00.372461,-0.00613496932515345,0.0,-0.10000000000000142,0.0,16.25,16.3,16.2,16.25,344.0,648.0,3252.0,2703.0,False,False
2890,2022-10-27 09:41:00.372553,-0.00613496932515345,0.0,-0.10000000000000142,0.0,16.25,16.3,16.2,16.25,344.0,643.0,3252.0,2703.0,False,False
2890,2022-10-27 09:41:00.418036,-0.00613496932515345,0.0,-0.10000000000000142,0.0,16.25,16.3,16.2,16.25,357.0,625.0,3252.0,2703.0,False,False
2890,2022-10-27 09:41:00.658363,-0.00613496932515345,0.0,-0.10000000000000142,0.0,16.25,16.3,16.2,16.25,357.0,625.0,3252.0,2703.0,False,False
2890,2022-10-27 09:41:00.726218,-0.00613496932515345,0.0,-0.10000000000000142,0.0,16.25,16.3,16.2,16.25,468.0,607.0,3252.0,2703.0,False,False
2890,2022-10-27 09:41:00.731019,-0.00613496932515345,0.0,-0.10000000000000142,0.0,16.25,16.3,16.2,16.25,468.0,607.0,3252.0,2703.0,False,False
2890,2022-10-27 09:41:00.987965,-0.00613496932515345,0.0,-0.10000000000000142,0.0,16.25,16.3,16.2,16.25,508.0,607.0,3252.0,2703.0,False,False
2890,2022-10-27 09:41:01.065963,-0.00613496932515345,0.0,-0.10000000000000142,0.0,16.25,16.3,16.2,16.25,508.0,602.0,3252.0,2703.0,False,False
2890,2022-10-27 09:41:03.141567,-0.00613496932515345,0.0,-0.10000000000000142,0.0,16.25,16.3,16.2,16.25,509.0,602.0,3252.0,2703.0,False,False
2890,2022-10-27 09:41:05.078323,-0.00613496932515345,0.0,-0.10000000000000142,0.0,16.25,16.3,16.2,16.25,509.0,602.0,3252.0,2703.0,False,False
2890,2022-10-27 09:41:05.128685,-0.00613496932515345,0.0,-0.10000000000000142,0.0,16.25,16.3,16.2,16.25,509.0,602.0,3252.0,2703.0,False,False
2890,2022-10-27 09:41:05.131991,-0.00613496932515345,0.0,-0.10000000000000142,0.0,16.25,16.3,16.2,16.25,519.0,602.0,3252.0,2703.0,False,False
2890,2022-10-27 09:41:08.029530,-0.00613496932515345,0.0,-0.10000000000000142,0.0,16.25,16.3,16.2,16.25,519.0,602.0,3292.0,2703.0,True,True
2890,2022-10-27 09:41:09.216490,-0.00613496932515345,0.0,-0.10000000000000142,0.0,16.25,16.3,16.2,16.25,519.0,620.0,3292.0,2703.0,False,False
2890,2022-10-27 09:41:09.675055,-0.00613496932515345,0.0,-0.10000000000000142,0.0,16.25,16.3,16.2,16.25,427.0,620.0,3292.0,2703.0,False,False
2890,2022-10-27 09:41:09.709410,-0.00613496932515345,0.0,-0.10000000000000142,0.0,16.25,16.3,16.2,16.25,427.0,638.0,3292.0,2703.0,False,False
2890,2022-10-27 09:41:10.589771,-0.00613496932515345,0.0,-0.10000000000000142,0.0,16.25,16.3,16.2,16.25,428.0,638.0,3292.0,2703.0,False,False
2890,2022-10-27 09:41:11.270637,-0.00613496932515345,0.0,-0.10000000000000142,0.0,16.25,16.3,16.2,16.25,428.0,635.0,3292.0,2703.0,False,False
2890,2022-10-27 09:41:12.406785,-0.00613496932515345,0.0,-0.10000000000000142,0.0,16.25,16.3,16.2,16.25,428.0,634.0,3292.0,2703.0,False,False
2890,2022-10-27 09:41:12.684136,-0.00613496932515345,0.0,-0.10000000000000142,0.0,16.25,16.3,16.2,16.25,492.0,634.0,3292.0,2703.0,False,False
2890,2022-10-27 09:41:13.869742,-0.00613496932515345,0.0,-0.10000000000000142,0.0,16.25,16.3,16.2,16.25,493.0,634.0,3292.0,2703.0,False,False
2890,2022-10-27 09:41:14.771009,-0.00613496932515345,0.0,-0.10000000000000142,0.0,16.25,16.3,16.2,16.25,493.0,634.0,3292.0,2703.0,False,False
2890,2022-10-27 09:41:15.678981,-0.00613496932515345,0.0,-0.10000000000000142,0.0,16.25,16.3,16.2,16.25,495.0,634.0,3292.0,2703.0,False,False
2890,2022-10-27 09:41:15.862838,-0.00613496932515345,0.0,-0.10000000000000142,0.0,16.25,16.3,16.2,16.25,495.0,633.0,3292.0,2703.0,False,False
2890,2022-10-27 09:41:15.937454,-0.00613496932515345,0.0,-0.10000000000000142,0.0,16.25,16.3,16.2,16.25,495.0,633.0,3292.0,2703.0,False,False
2890,2022-10-27 09:41:15.942297,-0.00613496932515345,0.0,-0.10000000000000142,0.0,16.25,16.3,16.2,16.25,495.0,633.0,3292.0,2703.0,False,False
2890,2022-10-27 09:41:16.386212,-0.00613496932515345,0.0,-0.10000000000000142,0.0,16.25,16.3,16.2,16.25,495.0,613.0,3292.0,2703.0,False,False
2890,2022-10-27 09:41:16.863852,-0.00613496932515345,0.0,-0.10000000000000142,0.0,16.25,16.3,16.2,16.25,494.0,613.0,3292.0,2703.0,False,False
2890,2022-10-27 09:41:17.242040,-0.00613496932515345,0.0,-0.10000000000000142,0.0,16.25,16.3,16.2,16.25,494.0,615.0,3292.0,2703.0,False,False
2890,2022-10-27 09:41:18.092754,-0.00613496932515345,0.0,-0.10000000000000142,0.0,16.25,16.3,16.2,16.25,494.0,615.0,3292.0,2703.0,True,True
2890,2022-10-27 09:41:18.512751,-0.00613496932515345,0.0,-0.10000000000000142,0.0,16.25,16.3,16.2,16.25,494.0,615.0,3292.0,2703.0,False,False
2890,2022-10-27 09:41:19.383299,-0.00613496932515345,0.0,-0.10000000000000142,0.0,16.25,16.3,16.2,16.25,494.0,620.0,3292.0,2703.0,False,False
2890,2022-10-27 09:41:21.327188,-0.00613496932515345,0.0,-0.10000000000000142,0.0,16.25,16.3,16.2,16.25,494.0,618.0,3292.0,2703.0,False,False
2890,2022-10-27 09:41:21.637461,-0.00613496932515345,0.0,-0.10000000000000142,0.0,16.25,16.3,16.2,16.25,430.0,618.0,3292.0,2703.0,False,False
2890,2022-10-27 09:41:23.694883,-0.00613496932515345,0.0,-0.10000000000000142,0.0,16.25,16.3,16.2,16.25,494.0,618.0,3292.0,2703.0,False,False
2890,2022-10-27 09:41:25.037270,-0.00613496932515345,0.0,-0.10000000000000142,0.0,16.25,16.3,16.2,16.25,497.0,618.0,3292.0,2703.0,False,False
2890,2022-10-27 09:41:28.134252,-0.00613496932515345,0.0,-0.10000000000000142,0.0,16.25,16.3,16.2,16.25,497.0,618.0,3292.0,2583.0,True,True
2890,2022-10-27 09:41:28.330585,-0.00613496932515345,0.0,-0.10000000000000142,0.0,16.25,16.3,16.2,16.25,497.0,618.0,3292.0,2583.0,False,False
2890,2022-10-27 09:41:28.667254,-0.00613496932515345,0.0,-0.10000000000000142,0.0,16.25,16.3,16.2,16.25,497.0,618.0,3292.0,2583.0,False,False
2890,2022-10-27 09:41:30.657187,-0.00613496932515345,0.0,-0.10000000000000142,0.0,16.25,16.3,16.2,16.25,498.0,618.0,3292.0,2583.0,False,False
2890,2022-10-27 09:41:30.791774,-0.00613496932515345,0.0,-0.10000000000000142,0.0,16.25,16.3,16.2,16.25,498.0,618.0,3292.0,2583.0,False,False
2890,2022-10-27 09:41:32.353684,-0.00613496932515345,0.0,-0.10000000000000142,0.0,16.25,16.3,16.2,16.25,499.0,618.0,3292.0,2583.0,False,False
2890,2022-10-27 09:41:32.362336,-0.00613496932515345,0.0,-0.10000000000000142,0.0,16.25,16.3,16.2,16.25,499.0,615.0,3292.0,2583.0,False,False
2890,2022-10-27 09:41:32.392314,-0.00613496932515345,0.0,-0.10000000000000142,0.0,16.25,16.3,16.2,16.25,499.0,613.0,3292.0,2583.0,False,False
2890,2022-10-27 09:41:32.796592,-0.00613496932515345,0.0,-0.10000000000000142,0.0,16.25,16.3,16.2,16.25,499.0,618.0,3292.0,2583.0,False,False
2890,2022-10-27 09:41:33.135338,-0.00613496932515345,0.0,-0.10000000000000142,0.0,16.25,16.3,16.2,16.25,499.0,619.0,3292.0,2583.0,False,False
2890,2022-10-27 09:41:33.255576,-0.00613496932515345,0.0,-0.10000000000000142,0.0,16.25,16.3,16.2,16.25,499.0,618.0,3292.0,2583.0,False,False
2890,2022-10-27 09:41:33.742380,-0.00613496932515345,0.0,-0.10000000000000142,0.0,16.25,16.3,16.2,16.25,504.0,618.0,3292.0,2583.0,False,False
2890,2022-10-27 09:41:34.818415,-0.00613496932515345,0.0,-0.10000000000000142,0.0,16.25,16.3,16.2,16.25,504.0,668.0,3292.0,2583.0,False,False
2890,2022-10-27 09:41:34.940141,-0.00613496932515345,0.0,-0.10000000000000142,0.0,16.25,16.3,16.2,16.25,541.0,668.0,3292.0,2583.0,False,False
2890,2022-10-27 09:41:36.528204,-0.00613496932515345,0.0,-0.10000000000000142,0.0,16.25,16.3,16.2,16.25,546.0,668.0,3292.0,2583.0,False,False
2890,2022-10-27 09:41:37.133951,-0.00613496932515345,0.0,-0.10000000000000142,0.0,16.25,16.3,16.2,16.25,547.0,668.0,3292.0,2583.0,False,False
2890,2022-10-27 09:41:37.273832,-0.00613496932515345,0.0,-0.10000000000000142,0.0,16.25,16.3,16.2,16.25,547.0,667.0,3292.0,2583.0,False,False
2890,2022-10-27 09:41:37.863345,-0.00613496932515345,0.0,-0.10000000000000142,0.0,16.25,16.3,16.2,16.25,547.0,668.0,3292.0,2583.0,False,False
2890,2022-10-27 09:41:38.176672,-0.00613496932515345,0.0,-0.10000000000000142,0.0,16.25,16.3,16.2,16.25,547.0,668.0,3592.0,1584.0,True,True
2890,2022-10-27 09:41:41.718837,-0.00613496932515345,0.0,-0.10000000000000142,0.0,16.25,16.3,16.2,16.25,547.0,668.0,3592.0,1584.0,False,False
2890,2022-10-27 09:41:44.925536,-0.00613496932515345,0.0,-0.10000000000000142,0.0,16.25,16.3,16.2,16.25,547.0,658.0,3592.0,1584.0,False,False
2890,2022-10-27 09:41:45.115405,-0.00613496932515345,0.0,-0.10000000000000142,0.0,16.25,16.3,16.2,16.25,547.0,656.0,3592.0,1584.0,False,False
2890,2022-10-27 09:41:45.118569,-0.00613496932515345,0.0,-0.10000000000000142,0.0,16.25,16.3,16.2,16.25,547.0,655.0,3592.0,1584.0,False,False
2890,2022-10-27 09:41:45.121753,-0.00613496932515345,0.0,-0.10000000000000142,0.0,16.25,16.3,16.2,16.25,547.0,640.0,3592.0,1584.0,False,False
2890,2022-10-27 09:41:45.124969,-0.00613496932515345,0.0,-0.10000000000000142,0.0,16.25,16.3,16.2,16.25,542.0,640.0,3592.0,1584.0,False,False
2890,2022-10-27 09:41:45.132085,-0.00613496932515345,0.0,-0.10000000000000142,0.0,16.25,16.3,16.2,16.25,492.0,614.0,3592.0,1584.0,False,False
2890,2022-10-27 09:41:45.169150,-0.00613496932515345,0.0,-0.10000000000000142,0.0,16.25,16.3,16.2,16.25,516.0,596.0,3592.0,1584.0,False,False
2890,2022-10-27 09:41:45.715656,-0.00613496932515345,0.0,-0.10000000000000142,0.0,16.25,16.3,16.2,16.25,530.0,596.0,3592.0,1584.0,False,False
2890,2022-10-27 09:41:45.719000,-0.00613496932515345,0.0,-0.10000000000000142,0.0,16.25,16.3,16.2,16.25,530.0,596.0,3592.0,1584.0,False,False
2890,2022-10-27 09:41:46.664436,-0.00613496932515345,0.0,-0.10000000000000142,0.0,16.25,16.3,16.2,16.25,535.0,596.0,3592.0,1584.0,False,False
2890,2022-10-27 09:41:48.131164,-0.00613496932515345,0.0,-0.10000000000000142,0.0,16.25,16.3,16.2,16.25,535.0,596.0,3592.0,1584.0,False,False
2890,2022-10-27 09:41:48.218918,-0.00613496932515345,0.0,-0.10000000000000142,0.0,16.25,16.3,16.2,16.25,535.0,596.0,3592.0,1684.0,True,True
2890,2022-10-27 09:41:49.046059,-0.00613496932515345,0.0,-0.10000000000000142,0.0,16.25,16.3,16.2,16.25,538.0,596.0,3592.0,1684.0,False,False
2890,2022-10-27 09:41:49.665446,-0.00613496932515345,0.0,-0.10000000000000142,0.0,16.25,16.3,16.2,16.25,538.0,599.0,3592.0,1684.0,False,False
2890,2022-10-27 09:41:52.120060,-0.00613496932515345,0.0,-0.10000000000000142,0.0,16.25,16.3,16.2,16.25,538.0,599.0,3592.0,1684.0,False,False
2890,2022-10-27 09:41:53.265874,-0.00613496932515345,0.0,-0.10000000000000142,0.0,16.25,16.3,16.2,16.25,538.0,599.0,3592.0,1684.0,False,False
2890,2022-10-27 09:41:54.915077,-0.00613496932515345,0.0,-0.10000000000000142,0.0,16.25,16.3,16.2,16.25,538.0,821.0,3592.0,1684.0,False,False
2890,2022-10-27 09:41:55.005771,-0.00613496932515345,0.0,-0.10000000000000142,0.0,16.25,16.3,16.2,16.25,538.0,840.0,3592.0,1684.0,False,False
2890,2022-10-27 09:41:55.626818,-0.00613496932515345,0.0,-0.10000000000000142,0.0,16.25,16.3,16.2,16.25,538.0,850.0,3592.0,1684.0,False,False
2890,2022-10-27 09:41:57.863078,-0.00613496932515345,0.0,-0.10000000000000142,0.0,16.25,16.3,16.2,16.25,539.0,850.0,3592.0,1684.0,False,False
2890,2022-10-27 09:41:58.260164,-0.00613496932515345,0.0,-0.10000000000000142,0.0,16.25,16.3,16.2,16.25,539.0,850.0,3592.0,1644.0,True,True
2890,2022-10-27 09:41:58.333035,-0.00613496932515345,0.0,-0.10000000000000142,0.0,16.25,16.3,16.2,16.25,539.0,844.0,3592.0,1644.0,False,False
2890,2022-10-27 09:41:58.585082,-0.00613496932515345,0.0,-0.10000000000000142,0.0,16.25,16.3,16.2,16.25,539.0,844.0,3592.0,1644.0,False,False
2890,2022-10-27 09:41:58.664389,-0.00613496932515345,0.0,-0.10000000000000142,0.0,16.25,16.3,16.2,16.25,545.0,844.0,3592.0,1644.0,False,False
2890,2022-10-27 09:41:58.829169,-0.00613496932515345,0.0,-0.10000000000000142,0.0,16.25,16.3,16.2,16.25,545.0,841.0,3592.0,1644.0,False,False
2890,2022-10-27 09:41:59.127141,-0.00613496932515345,0.0,-0.10000000000000142,0.0,16.25,16.3,16.2,16.25,545.0,841.0,3592.0,1644.0,False,False
2890,2022-10-27 09:42:00.267306,-0.00613496932515345,0.0,-0.10000000000000142,0.0,16.25,16.3,16.2,16.25,545.0,843.0,3592.0,1644.0,False,False
2890,2022-10-27 09:42:01.173663,-0.00613496932515345,0.0,-0.10000000000000142,0.0,16.25,16.3,16.2,16.25,545.0,843.0,3592.0,1644.0,False,False
2890,2022-10-27 09:42:01.361353,-0.00613496932515345,0.0,-0.10000000000000142,0.0,16.25,16.3,16.2,16.25,545.0,843.0,3592.0,1644.0,False,False
2890,2022-10-27 09:42:01.858739,-0.00613496932515345,0.0,-0.10000000000000142,0.0,16.25,16.3,16.2,16.25,546.0,843.0,3592.0,1644.0,False,False
2890,2022-10-27 09:42:02.926677,-0.00613496932515345,0.0,-0.10000000000000142,0.0,16.25,16.3,16.2,16.25,546.0,843.0,3592.0,1644.0,False,False
2890,2022-10-27 09:42:04.276583,-0.00613496932515345,0.0,-0.10000000000000142,0.0,16.25,16.3,16.2,16.25,546.0,838.0,3592.0,1644.0,False,False
2890,2022-10-27 09:42:04.785687,-0.00613496932515345,0.0,-0.10000000000000142,0.0,16.25,16.3,16.2,16.25,546.0,838.0,3592.0,1644.0,False,False
2890,2022-10-27 09:42:04.816948,-0.00613496932515345,0.0,-0.10000000000000142,0.0,16.25,16.3,16.2,16.25,546.0,833.0,3592.0,1644.0,False,False
2890,2022-10-27 09:42:04.877492,-0.00613496932515345,0.0,-0.10000000000000142,0.0,16.25,16.3,16.2,16.25,546.0,833.0,3592.0,1644.0,False,False
2890,2022-10-27 09:42:06.918717,-0.00613496932515345,0.0,-0.10000000000000142,0.0,16.25,16.3,16.2,16.25,546.0,834.0,3592.0,1644.0,False,False
2890,2022-10-27 09:42:07.300278,-0.00613496932515345,0.0,-0.10000000000000142,0.0,16.25,16.3,16.2,16.25,546.0,834.0,3592.0,1644.0,False,False
2890,2022-10-27 09:42:07.797813,-0.00613496932515345,0.0,-0.10000000000000142,0.0,16.25,16.3,16.2,16.25,546.0,834.0,3592.0,1644.0,False,False
2890,2022-10-27 09:42:08.299411,-0.00613496932515345,0.0,-0.10000000000000142,0.0,16.25,16.3,16.2,16.25,546.0,834.0,3592.0,1645.0,True,True
2890,2022-10-27 09:42:09.513478,-0.00613496932515345,0.0,-0.10000000000000142,0.0,16.25,16.3,16.2,16.25,546.0,829.0,3592.0,1645.0,False,False
2890,2022-10-27 09:42:11.229060,-0.00613496932515345,0.0,-0.10000000000000142,0.0,16.25,16.3,16.2,16.25,546.0,828.0,3592.0,1645.0,False,False
2890,2022-10-27 09:42:12.708576,-0.00613496932515345,0.0,-0.10000000000000142,0.0,16.25,16.3,16.2,16.25,546.0,828.0,3592.0,1645.0,False,False
2890,2022-10-27 09:42:13.136377,-0.00613496932515345,0.0,-0.10000000000000142,0.0,16.25,16.3,16.2,16.25,590.0,828.0,3592.0,1645.0,False,False
2890,2022-10-27 09:42:13.458319,-0.00613496932515345,0.0,-0.10000000000000142,0.0,16.25,16.3,16.2,16.25,590.0,828.0,3592.0,1645.0,False,False
2890,2022-10-27 09:42:13.758160,-0.00613496932515345,0.0,-0.10000000000000142,0.0,16.25,16.3,16.2,16.25,590.0,828.0,3592.0,1645.0,False,False
2890,2022-10-27 09:42:15.771363,-0.00613496932515345,0.0,-0.10000000000000142,0.0,16.25,16.3,16.2,16.25,590.0,828.0,3592.0,1645.0,False,False
2890,2022-10-27 09:42:17.728683,-0.00613496932515345,0.0,-0.10000000000000142,0.0,16.25,16.3,16.2,16.25,600.0,828.0,3592.0,1645.0,False,False
2890,2022-10-27 09:42:19.347602,-0.00613496932515345,0.0,-0.10000000000000142,0.0,16.25,16.3,16.2,16.25,600.0,828.0,3592.0,1645.0,False,False
2890,2022-10-27 09:42:19.464268,-0.00613496932515345,0.0,-0.10000000000000142,0.0,16.25,16.3,16.2,16.25,605.0,828.0,3592.0,1645.0,False,False
2890,2022-10-27 09:42:20.136322,-0.00613496932515345,0.0,-0.10000000000000142,0.0,16.25,16.3,16.2,16.25,605.0,828.0,3592.0,1645.0,False,False
2890,2022-10-27 09:42:22.973218,-0.00613496932515345,0.0,-0.10000000000000142,0.0,16.25,16.3,16.2,16.25,605.0,828.0,3592.0,1645.0,False,False
2890,2022-10-27 09:42:23.320296,-0.00613496932515345,0.0,-0.10000000000000142,0.0,16.25,16.3,16.2,16.25,605.0,828.0,3592.0,1645.0,False,False
2890,2022-10-27 09:42:23.645322,-0.00613496932515345,0.0,-0.10000000000000142,0.0,16.25,16.3,16.2,16.25,605.0,828.0,3592.0,1645.0,False,False
2890,2022-10-27 09:42:25.096574,-0.00613496932515345,0.0,-0.10000000000000142,0.0,16.25,16.3,16.2,16.25,561.0,828.0,3592.0,1645.0,False,False
2890,2022-10-27 09:42:25.683509,-0.00613496932515345,0.0,-0.10000000000000142,0.0,16.25,16.3,16.2,16.25,497.0,828.0,3592.0,1645.0,False,False
2890,2022-10-27 09:42:25.714813,-0.00613496932515345,0.0,-0.10000000000000142,0.0,16.25,16.3,16.2,16.25,479.0,828.0,3592.0,1645.0,False,False
2890,2022-10-27 09:42:26.537933,-0.00613496932515345,0.0,-0.10000000000000142,0.0,16.25,16.3,16.2,16.25,469.0,828.0,3592.0,1645.0,False,False
2890,2022-10-27 09:42:26.539101,-0.00613496932515345,0.0,-0.10000000000000142,0.0,16.25,16.3,16.2,16.25,467.0,828.0,3592.0,1645.0,False,False
2890,2022-10-27 09:42:26.773304,-0.00613496932515345,0.0,-0.10000000000000142,0.0,16.25,16.3,16.2,16.25,468.0,828.0,3592.0,1645.0,False,False
2890,2022-10-27 09:42:27.760765,-0.00613496932515345,0.0,-0.10000000000000142,0.0,16.25,16.3,16.2,16.25,468.0,828.0,3592.0,1645.0,False,False
2890,2022-10-27 09:42:30.137218,-0.00613496932515345,0.0,-0.10000000000000142,0.0,16.25,16.3,16.2,16.25,468.0,828.0,3592.0,1645.0,False,False
2890,2022-10-27 09:42:30.140536,-0.00613496932515345,0.0,-0.10000000000000142,0.0,16.25,16.3,16.2,16.25,465.0,828.0,3592.0,1645.0,False,False
2890,2022-10-27 09:42:36.290811,-0.00613496932515345,0.0,-0.10000000000000142,0.0,16.25,16.3,16.2,16.25,465.0,827.0,3592.0,1645.0,False,False
2890,2022-10-27 09:42:36.755525,-0.00613496932515345,0.0,-0.10000000000000142,0.0,16.25,16.3,16.2,16.25,464.0,827.0,3592.0,1645.0,False,False
2890,2022-10-27 09:42:37.541557,-0.00613496932515345,0.0,-0.10000000000000142,0.0,16.25,16.3,16.2,16.25,464.0,833.0,3592.0,1645.0,False,False
2890,2022-10-27 09:42:40.873565,-0.00613496932515345,0.0,-0.10000000000000142,0.0,16.25,16.3,16.2,16.25,464.0,828.0,3592.0,1645.0,False,False
2890,2022-10-27 09:42:40.876669,-0.00613496932515345,0.0,-0.10000000000000142,0.0,16.25,16.3,16.2,16.25,464.0,827.0,3592.0,1645.0,False,False
2890,2022-10-27 09:42:43.100229,-0.00613496932515345,0.0,-0.10000000000000142,0.0,16.25,16.3,16.2,16.25,467.0,827.0,3592.0,1645.0,False,False
2890,2022-10-27 09:42:48.484663,-0.00613496932515345,0.0,-0.10000000000000142,0.0,16.25,16.3,16.2,16.25,467.0,827.0,3592.0,1725.0,True,True
2890,2022-10-27 09:42:52.666319,-0.00613496932515345,0.0,-0.10000000000000142,0.0,16.25,16.3,16.2,16.25,467.0,828.0,3592.0,1725.0,False,False
2890,2022-10-27 09:42:55.690587,-0.00613496932515345,0.0,-0.10000000000000142,0.0,16.25,16.3,16.2,16.25,462.0,828.0,3592.0,1725.0,False,False
2890,2022-10-27 09:42:56.151090,-0.00613496932515345,0.0,-0.10000000000000142,0.0,16.25,16.3,16.2,16.25,463.0,828.0,3592.0,1725.0,False,False
2890,2022-10-27 09:42:56.677380,-0.00613496932515345,0.0,-0.10000000000000142,0.0,16.25,16.3,16.2,16.25,463.0,829.0,3592.0,1725.0,False,False
2890,2022-10-27 09:42:57.213484,-0.00613496932515345,0.0,-0.10000000000000142,0.0,16.25,16.3,16.2,16.25,445.0,829.0,3592.0,1725.0,False,False
2890,2022-10-27 09:42:58.168987,-0.00613496932515345,0.0,-0.10000000000000142,0.0,16.25,16.3,16.2,16.25,445.0,835.0,3592.0,1725.0,False,False
2890,2022-10-27 09:42:58.521740,-0.00613496932515345,0.0,-0.10000000000000142,0.0,16.25,16.3,16.2,16.25,445.0,835.0,3092.0,935.0,True,True
2890,2022-10-27 09:42:58.708929,-0.00613496932515345,0.0,-0.10000000000000142,0.0,16.25,16.3,16.2,16.25,441.0,835.0,3092.0,935.0,False,False
2890,2022-10-27 09:42:58.710243,-0.00613496932515345,0.0,-0.10000000000000142,0.0,16.25,16.3,16.2,16.25,435.0,835.0,3092.0,935.0,False,False
2890,2022-10-27 09:43:00.153073,-0.00613496932515345,0.0,-0.10000000000000142,0.0,16.25,16.3,16.2,16.25,433.0,835.0,3092.0,935.0,False,False
2890,2022-10-27 09:43:00.829441,-0.00613496932515345,0.0,-0.10000000000000142,0.0,16.25,16.3,16.2,16.25,322.0,835.0,3092.0,935.0,False,False
2890,2022-10-27 09:43:01.156156,-0.00613496932515345,0.0,-0.10000000000000142,0.0,16.25,16.3,16.2,16.25,317.0,835.0,3092.0,935.0,False,False
2890,2022-10-27 09:43:01.159580,-0.00613496932515345,0.0,-0.10000000000000142,0.0,16.25,16.3,16.2,16.25,316.0,835.0,3092.0,935.0,False,False
2890,2022-10-27 09:43:01.287713,-0.00613496932515345,0.0,-0.10000000000000142,0.0,16.25,16.3,16.2,16.25,316.0,835.0,3092.0,935.0,False,False
2890,2022-10-27 09:43:01.759147,-0.00613496932515345,0.0,-0.10000000000000142,0.0,16.25,16.3,16.2,16.25,299.0,835.0,3092.0,935.0,False,False
2890,2022-10-27 09:43:04.498517,-0.00613496932515345,0.0,-0.10000000000000142,0.0,16.25,16.3,16.2,16.25,299.0,835.0,3092.0,935.0,False,False
2890,2022-10-27 09:43:05.921016,-0.00613496932515345,0.0,-0.10000000000000142,0.0,16.25,16.3,16.2,16.25,299.0,835.0,3092.0,935.0,False,False
2890,2022-10-27 09:43:07.759654,-0.00613496932515345,0.0,-0.10000000000000142,0.0,16.25,16.3,16.2,16.25,299.0,835.0,3092.0,935.0,False,True
2890,2022-10-27 09:43:09.699686,-0.00613496932515345,0.0,-0.10000000000000142,0.0,16.25,16.3,16.2,16.25,299.0,835.0,3092.0,935.0,False,False
2890,2022-10-27 09:43:10.209833,-0.00613496932515345,0.0,-0.10000000000000142,0.0,16.25,16.3,16.2,16.25,341.0,835.0,3092.0,935.0,False,False
2890,2022-10-27 09:43:10.535065,-0.00613496932515345,0.0,-0.10000000000000142,0.0,16.25,16.3,16.2,16.25,341.0,835.0,3092.0,935.0,False,False
2890,2022-10-27 09:43:11.616125,-0.00613496932515345,0.0,-0.10000000000000142,0.0,16.25,16.3,16.2,16.25,341.0,855.0,3092.0,935.0,False,False
2890,2022-10-27 09:43:11.897658,-0.00613496932515345,0.0,-0.10000000000000142,0.0,16.25,16.3,16.2,16.25,341.0,855.0,3092.0,935.0,False,False
2890,2022-10-27 09:43:15.159343,-0.00613496932515345,0.0,-0.10000000000000142,0.0,16.25,16.3,16.2,16.25,341.0,855.0,3092.0,935.0,False,False
2890,2022-10-27 09:43:15.161882,-0.00613496932515345,0.0,-0.10000000000000142,0.0,16.25,16.3,16.2,16.25,334.0,855.0,3092.0,935.0,False,False
2890,2022-10-27 09:43:16.158587,-0.00613496932515345,0.0,-0.10000000000000142,0.0,16.25,16.3,16.2,16.25,334.0,855.0,3092.0,935.0,False,False
2890,2022-10-27 09:43:17.799005,-0.00613496932515345,0.0,-0.10000000000000142,0.0,16.25,16.3,16.2,16.25,334.0,855.0,3092.0,585.0,True,True
2890,2022-10-27 09:43:18.283490,-0.00613496932515345,0.0,-0.10000000000000142,0.0,16.25,16.3,16.2,16.25,334.0,851.0,3092.0,585.0,False,False
2890,2022-10-27 09:43:18.335001,-0.00613496932515345,0.0,-0.10000000000000142,0.0,16.25,16.3,16.2,16.25,334.0,850.0,3092.0,585.0,False,False
2890,2022-10-27 09:43:18.700781,-0.00613496932515345,0.0,-0.10000000000000142,0.0,16.25,16.3,16.2,16.25,334.0,856.0,3092.0,585.0,False,False
2890,2022-10-27 09:43:25.089475,-0.00613496932515345,0.0,-0.10000000000000142,0.0,16.25,16.3,16.2,16.25,339.0,856.0,3092.0,585.0,False,False
2890,2022-10-27 09:43:27.692417,-0.00613496932515345,0.0,-0.10000000000000142,0.0,16.25,16.3,16.2,16.25,339.0,859.0,3092.0,585.0,False,False
2890,2022-10-27 09:43:27.836859,-0.00613496932515345,0.0,-0.10000000000000142,0.0,16.25,16.3,16.2,16.25,339.0,859.0,3092.0,585.0,True,True
2890,2022-10-27 09:43:28.338602,-0.00613496932515345,0.0,-0.10000000000000142,0.0,16.25,16.3,16.2,16.25,339.0,874.0,3092.0,585.0,False,False
2890,2022-10-27 09:43:29.982131,-0.00613496932515345,0.0,-0.10000000000000142,0.0,16.25,16.3,16.2,16.25,349.0,874.0,3092.0,585.0,False,False
2890,2022-10-27 09:43:31.164382,-0.00613496932515345,0.0,-0.10000000000000142,0.0,16.25,16.3,16.2,16.25,349.0,874.0,3092.0,585.0,False,False
2890,2022-10-27 09:43:31.574673,-0.00613496932515345,0.0,-0.10000000000000142,0.0,16.25,16.3,16.2,16.25,349.0,874.0,3092.0,585.0,False,False
2890,2022-10-27 09:43:34.177104,-0.00613496932515345,0.0,-0.10000000000000142,0.0,16.25,16.3,16.2,16.25,354.0,874.0,3092.0,585.0,False,False
2890,2022-10-27 09:43:37.882186,-0.00613496932515345,0.0,-0.10000000000000142,0.0,16.25,16.3,16.2,16.25,354.0,874.0,3092.0,586.0,True,True
2890,2022-10-27 09:43:44.583561,-0.00613496932515345,0.0,-0.10000000000000142,0.0,16.25,16.3,16.2,16.25,356.0,874.0,3092.0,586.0,False,False
2890,2022-10-27 09:43:44.631592,-0.00613496932515345,0.0,-0.10000000000000142,0.0,16.25,16.3,16.2,16.25,370.0,874.0,3092.0,586.0,False,False
2890,2022-10-27 09:43:45.767472,-0.00613496932515345,0.0,-0.10000000000000142,0.0,16.25,16.3,16.2,16.25,433.0,874.0,3092.0,586.0,False,False
2890,2022-10-27 09:43:46.109784,-0.00613496932515345,0.0,-0.10000000000000142,0.0,16.25,16.3,16.2,16.25,450.0,874.0,3092.0,586.0,False,False
2890,2022-10-27 09:43:46.728766,-0.00613496932515345,0.0,-0.10000000000000142,0.0,16.25,16.3,16.2,16.25,472.0,874.0,3092.0,586.0,False,False
2890,2022-10-27 09:43:47.925367,-0.00613496932515345,0.0,-0.10000000000000142,0.0,16.25,16.3,16.2,16.25,472.0,874.0,3092.0,579.0,True,True
2890,2022-10-27 09:43:48.484362,-0.00613496932515345,0.0,-0.10000000000000142,0.0,16.25,16.3,16.2,16.25,472.0,874.0,3092.0,579.0,False,False
2890,2022-10-27 09:43:50.547292,-0.00613496932515345,0.0,-0.10000000000000142,0.0,16.25,16.3,16.2,16.25,472.0,869.0,3092.0,579.0,False,False
2890,2022-10-27 09:43:50.882444,-0.00613496932515345,0.0,-0.10000000000000142,0.0,16.25,16.3,16.2,16.25,583.0,869.0,3092.0,579.0,False,False
2890,2022-10-27 09:43:50.914998,-0.00613496932515345,0.0,-0.10000000000000142,0.0,16.25,16.3,16.2,16.25,605.0,869.0,3092.0,579.0,False,False
2890,2022-10-27 09:43:50.967627,-0.00613496932515345,0.0,-0.10000000000000142,0.0,16.25,16.3,16.2,16.25,614.0,869.0,3092.0,579.0,False,False
2890,2022-10-27 09:43:51.500587,-0.00613496932515345,0.0,-0.10000000000000142,0.0,16.25,16.3,16.2,16.25,614.0,869.0,3092.0,579.0,False,False
2890,2022-10-27 09:43:51.544425,-0.00613496932515345,0.0,-0.10000000000000142,0.0,16.25,16.3,16.2,16.25,628.0,869.0,3092.0,579.0,False,False
2890,2022-10-27 09:43:53.344927,-0.00613496932515345,0.0,-0.10000000000000142,0.0,16.25,16.3,16.2,16.25,628.0,854.0,3092.0,579.0,False,False
2890,2022-10-27 09:43:56.581583,-0.00613496932515345,0.0,-0.10000000000000142,0.0,16.25,16.3,16.2,16.25,628.0,855.0,3092.0,579.0,False,False
2890,2022-10-27 09:43:57.045411,-0.00613496932515345,0.0,-0.10000000000000142,0.0,16.25,16.3,16.2,16.25,638.0,855.0,3092.0,579.0,False,False
2890,2022-10-27 09:43:57.589752,-0.00613496932515345,0.0,-0.10000000000000142,0.0,16.25,16.3,16.2,16.25,638.0,855.0,3092.0,579.0,False,False
2890,2022-10-27 09:43:57.675505,-0.00613496932515345,0.0,-0.10000000000000142,0.0,16.25,16.3,16.2,16.25,638.0,855.0,3092.0,579.0,False,False
2890,2022-10-27 09:43:57.964504,-0.0030674846625767804,-0.0030674846625767804,-0.05000000000000071,-0.05000000000000071,16.25,16.3,16.25,16.3,638.0,855.0,420.0,3426.0,True,True
2890,2022-10-27 09:43:58.824035,-0.0030674846625767804,-0.0030674846625767804,-0.05000000000000071,-0.05000000000000071,16.25,16.3,16.25,16.3,638.0,855.0,420.0,3426.0,False,False
2890,2022-10-27 09:44:00.732281,-0.0030674846625767804,-0.0030674846625767804,-0.05000000000000071,-0.05000000000000071,16.25,16.3,16.25,16.3,575.0,855.0,420.0,3426.0,False,False
2890,2022-10-27 09:44:00.775857,-0.0030674846625767804,-0.0030674846625767804,-0.05000000000000071,-0.05000000000000071,16.25,16.3,16.25,16.3,575.0,857.0,420.0,3426.0,False,False
2890,2022-10-27 09:44:01.566488,-0.0030674846625767804,-0.0030674846625767804,-0.05000000000000071,-0.05000000000000071,16.25,16.3,16.25,16.3,575.0,857.0,420.0,3426.0,False,False
2890,2022-10-27 09:44:02.528614,-0.0030674846625767804,-0.0030674846625767804,-0.05000000000000071,-0.05000000000000071,16.25,16.3,16.25,16.3,575.0,857.0,420.0,3426.0,False,False
2890,2022-10-27 09:44:03.148090,-0.0030674846625767804,-0.0030674846625767804,-0.05000000000000071,-0.05000000000000071,16.25,16.3,16.25,16.3,575.0,856.0,420.0,3426.0,False,False
2890,2022-10-27 09:44:04.440145,-0.0030674846625767804,-0.0030674846625767804,-0.05000000000000071,-0.05000000000000071,16.25,16.3,16.25,16.3,575.0,857.0,420.0,3426.0,False,False
2890,2022-10-27 09:44:04.835166,-0.0030674846625767804,-0.0030674846625767804,-0.05000000000000071,-0.05000000000000071,16.25,16.3,16.25,16.3,464.0,857.0,420.0,3426.0,False,False
2890,2022-10-27 09:44:04.846479,-0.0030674846625767804,-0.0030674846625767804,-0.05000000000000071,-0.05000000000000071,16.25,16.3,16.25,16.3,442.0,857.0,420.0,3426.0,False,False
2890,2022-10-27 09:44:05.079081,-0.0030674846625767804,-0.0030674846625767804,-0.05000000000000071,-0.05000000000000071,16.25,16.3,16.25,16.3,437.0,857.0,420.0,3426.0,False,False
2890,2022-10-27 09:44:05.184054,-0.0030674846625767804,-0.0030674846625767804,-0.05000000000000071,-0.05000000000000071,16.25,16.3,16.25,16.3,392.0,857.0,420.0,3426.0,False,False
2890,2022-10-27 09:44:05.804827,-0.0030674846625767804,-0.0030674846625767804,-0.05000000000000071,-0.05000000000000071,16.25,16.3,16.25,16.3,392.0,857.0,420.0,3426.0,False,False
2890,2022-10-27 09:44:06.093795,-0.0030674846625767804,-0.0030674846625767804,-0.05000000000000071,-0.05000000000000071,16.25,16.3,16.25,16.3,392.0,857.0,420.0,3426.0,False,False
2890,2022-10-27 09:44:06.602461,-0.0030674846625767804,-0.0030674846625767804,-0.05000000000000071,-0.05000000000000071,16.25,16.3,16.25,16.3,392.0,857.0,420.0,3426.0,False,False
2890,2022-10-27 09:44:06.635080,-0.0030674846625767804,-0.0030674846625767804,-0.05000000000000071,-0.05000000000000071,16.25,16.3,16.25,16.3,392.0,857.0,420.0,3426.0,False,False
2890,2022-10-27 09:44:06.870922,-0.0030674846625767804,-0.0030674846625767804,-0.05000000000000071,-0.05000000000000071,16.25,16.3,16.25,16.3,392.0,857.0,420.0,3426.0,False,False
2890,2022-10-27 09:44:07.493827,-0.0030674846625767804,-0.0030674846625767804,-0.05000000000000071,-0.05000000000000071,16.25,16.3,16.25,16.3,392.0,854.0,420.0,3426.0,False,False
2890,2022-10-27 09:44:08.003639,-0.0030674846625767804,-0.0030674846625767804,-0.05000000000000071,-0.05000000000000071,16.25,16.3,16.25,16.3,392.0,854.0,420.0,3426.0,True,True
2890,2022-10-27 09:44:11.045570,-0.0030674846625767804,-0.0030674846625767804,-0.05000000000000071,-0.05000000000000071,16.25,16.3,16.25,16.3,392.0,853.0,420.0,3426.0,False,False
2890,2022-10-27 09:44:11.867979,-0.0030674846625767804,-0.0030674846625767804,-0.05000000000000071,-0.05000000000000071,16.25,16.3,16.25,16.3,392.0,855.0,420.0,3426.0,False,False
2890,2022-10-27 09:44:15.104332,-0.0030674846625767804,-0.0030674846625767804,-0.05000000000000071,-0.05000000000000071,16.25,16.3,16.25,16.3,392.0,856.0,420.0,3426.0,False,False
2890,2022-10-27 09:44:18.298366,-0.0030674846625767804,-0.0030674846625767804,-0.05000000000000071,-0.05000000000000071,16.25,16.3,16.25,16.3,392.0,856.0,420.0,3426.0,False,False
2890,2022-10-27 09:44:18.640172,-0.0030674846625767804,-0.0030674846625767804,-0.05000000000000071,-0.05000000000000071,16.25,16.3,16.25,16.3,392.0,856.0,420.0,3426.0,False,False
2890,2022-10-27 09:44:18.885877,-0.0030674846625767804,-0.0030674846625767804,-0.05000000000000071,-0.05000000000000071,16.25,16.3,16.25,16.3,392.0,856.0,420.0,3426.0,False,False
2890,2022-10-27 09:44:18.989999,-0.0030674846625767804,-0.0030674846625767804,-0.05000000000000071,-0.05000000000000071,16.25,16.3,16.25,16.3,392.0,856.0,420.0,3426.0,False,False
2890,2022-10-27 09:44:19.448691,-0.0030674846625767804,-0.0030674846625767804,-0.05000000000000071,-0.05000000000000071,16.25,16.3,16.25,16.3,393.0,856.0,420.0,3426.0,False,False
2890,2022-10-27 09:44:19.604045,-0.0030674846625767804,-0.0030674846625767804,-0.05000000000000071,-0.05000000000000071,16.25,16.3,16.25,16.3,393.0,856.0,420.0,3426.0,False,False
2890,2022-10-27 09:44:21.509098,-0.0030674846625767804,-0.0030674846625767804,-0.05000000000000071,-0.05000000000000071,16.25,16.3,16.25,16.3,393.0,856.0,420.0,3426.0,False,False
2890,2022-10-27 09:44:25.870761,-0.0030674846625767804,-0.0030674846625767804,-0.05000000000000071,-0.05000000000000071,16.25,16.3,16.25,16.3,393.0,856.0,420.0,3426.0,False,False
2890,2022-10-27 09:44:28.092862,-0.0030674846625767804,-0.0030674846625767804,-0.05000000000000071,-0.05000000000000071,16.25,16.3,16.25,16.3,393.0,856.0,520.0,3426.0,True,True
2890,2022-10-27 09:44:32.359595,-0.0030674846625767804,-0.0030674846625767804,-0.05000000000000071,-0.05000000000000071,16.25,16.3,16.25,16.3,393.0,854.0,520.0,3426.0,False,False
2890,2022-10-27 09:44:33.170303,-0.0030674846625767804,-0.0030674846625767804,-0.05000000000000071,-0.05000000000000071,16.25,16.3,16.25,16.3,393.0,854.0,520.0,3426.0,False,False
2890,2022-10-27 09:44:34.073880,-0.0030674846625767804,-0.0030674846625767804,-0.05000000000000071,-0.05000000000000071,16.25,16.3,16.25,16.3,393.0,854.0,520.0,3426.0,False,False
2890,2022-10-27 09:44:35.995811,-0.0030674846625767804,-0.0030674846625767804,-0.05000000000000071,-0.05000000000000071,16.25,16.3,16.25,16.3,393.0,854.0,520.0,3426.0,False,False
2890,2022-10-27 09:44:42.255065,-0.0030674846625767804,-0.0030674846625767804,-0.05000000000000071,-0.05000000000000071,16.25,16.3,16.25,16.3,393.0,854.0,520.0,3426.0,False,False
2890,2022-10-27 09:44:47.495222,-0.0030674846625767804,-0.0030674846625767804,-0.05000000000000071,-0.05000000000000071,16.25,16.3,16.25,16.3,393.0,855.0,520.0,3426.0,False,False
2890,2022-10-27 09:44:48.175892,-0.0030674846625767804,-0.0030674846625767804,-0.05000000000000071,-0.05000000000000071,16.25,16.3,16.25,16.3,393.0,855.0,1500.0,3426.0,True,True
2890,2022-10-27 09:44:49.672364,-0.0030674846625767804,-0.0030674846625767804,-0.05000000000000071,-0.05000000000000071,16.25,16.3,16.25,16.3,393.0,872.0,1500.0,3426.0,False,False
2890,2022-10-27 09:44:51.789689,-0.0030674846625767804,-0.0030674846625767804,-0.05000000000000071,-0.05000000000000071,16.25,16.3,16.25,16.3,456.0,872.0,1500.0,3426.0,False,False
2890,2022-10-27 09:44:51.903087,-0.0030674846625767804,-0.0030674846625767804,-0.05000000000000071,-0.05000000000000071,16.25,16.3,16.25,16.3,456.0,872.0,1500.0,3426.0,False,False
2890,2022-10-27 09:44:52.963548,-0.0030674846625767804,-0.0030674846625767804,-0.05000000000000071,-0.05000000000000071,16.25,16.3,16.25,16.3,446.0,872.0,1500.0,3426.0,False,False
2890,2022-10-27 09:44:54.901385,-0.0030674846625767804,-0.0030674846625767804,-0.05000000000000071,-0.05000000000000071,16.25,16.3,16.25,16.3,557.0,872.0,1500.0,3426.0,False,False
2890,2022-10-27 09:44:55.903918,-0.0030674846625767804,-0.0030674846625767804,-0.05000000000000071,-0.05000000000000071,16.25,16.3,16.25,16.3,576.0,872.0,1500.0,3426.0,False,False
2890,2022-10-27 09:44:56.996049,-0.0030674846625767804,-0.0030674846625767804,-0.05000000000000071,-0.05000000000000071,16.25,16.3,16.25,16.3,576.0,872.0,1500.0,3426.0,False,False
2890,2022-10-27 09:44:57.272059,-0.0030674846625767804,-0.0030674846625767804,-0.05000000000000071,-0.05000000000000071,16.25,16.3,16.25,16.3,598.0,872.0,1500.0,3426.0,False,False
2890,2022-10-27 09:44:57.302928,-0.0030674846625767804,-0.0030674846625767804,-0.05000000000000071,-0.05000000000000071,16.25,16.3,16.25,16.3,615.0,872.0,1500.0,3426.0,False,False
2890,2022-10-27 09:44:58.176684,-0.0030674846625767804,-0.0030674846625767804,-0.05000000000000071,-0.05000000000000071,16.25,16.3,16.25,16.3,615.0,872.0,1500.0,3426.0,True,True
2890,2022-10-27 09:44:58.582229,-0.0030674846625767804,-0.0030674846625767804,-0.05000000000000071,-0.05000000000000071,16.25,16.3,16.25,16.3,615.0,872.0,1500.0,3426.0,False,False
2890,2022-10-27 09:44:59.655882,-0.0030674846625767804,-0.0030674846625767804,-0.05000000000000071,-0.05000000000000071,16.25,16.3,16.25,16.3,615.0,873.0,1500.0,3426.0,False,False
2890,2022-10-27 09:45:04.134568,-0.0030674846625767804,-0.0030674846625767804,-0.05000000000000071,-0.05000000000000071,16.25,16.3,16.25,16.3,615.0,893.0,1500.0,3426.0,False,False
2890,2022-10-27 09:45:06.128708,-0.0030674846625767804,-0.0030674846625767804,-0.05000000000000071,-0.05000000000000071,16.25,16.3,16.25,16.3,615.0,893.0,1500.0,3426.0,False,False
2890,2022-10-27 09:45:08.355928,-0.0030674846625767804,-0.0030674846625767804,-0.05000000000000071,-0.05000000000000071,16.25,16.3,16.25,16.3,615.0,893.0,1498.0,3426.0,True,True
2890,2022-10-27 09:45:11.004725,-0.0030674846625767804,-0.0030674846625767804,-0.05000000000000071,-0.05000000000000071,16.25,16.3,16.25,16.3,615.0,893.0,1498.0,3426.0,False,False
2890,2022-10-27 09:45:11.587324,-0.0030674846625767804,-0.0030674846625767804,-0.05000000000000071,-0.05000000000000071,16.25,16.3,16.25,16.3,615.0,893.0,1498.0,3426.0,False,False
2890,2022-10-27 09:45:12.573740,-0.0030674846625767804,-0.0030674846625767804,-0.05000000000000071,-0.05000000000000071,16.25,16.3,16.25,16.3,615.0,894.0,1498.0,3426.0,False,False
2890,2022-10-27 09:45:14.762839,-0.0030674846625767804,-0.0030674846625767804,-0.05000000000000071,-0.05000000000000071,16.25,16.3,16.25,16.3,504.0,894.0,1498.0,3426.0,False,False
2890,2022-10-27 09:45:14.989475,-0.0030674846625767804,-0.0030674846625767804,-0.05000000000000071,-0.05000000000000071,16.25,16.3,16.25,16.3,441.0,894.0,1498.0,3426.0,False,False
2890,2022-10-27 09:45:15.019172,-0.0030674846625767804,-0.0030674846625767804,-0.05000000000000071,-0.05000000000000071,16.25,16.3,16.25,16.3,397.0,894.0,1498.0,3426.0,False,False
2890,2022-10-27 09:45:16.056435,-0.0030674846625767804,-0.0030674846625767804,-0.05000000000000071,-0.05000000000000071,16.25,16.3,16.25,16.3,378.0,894.0,1498.0,3426.0,False,False
2890,2022-10-27 09:45:16.058668,-0.0030674846625767804,-0.0030674846625767804,-0.05000000000000071,-0.05000000000000071,16.25,16.3,16.25,16.3,377.0,894.0,1498.0,3426.0,False,False
2890,2022-10-27 09:45:17.415318,-0.0030674846625767804,-0.0030674846625767804,-0.05000000000000071,-0.05000000000000071,16.25,16.3,16.25,16.3,377.0,893.0,1498.0,3426.0,False,False
2890,2022-10-27 09:45:17.844083,-0.0030674846625767804,-0.0030674846625767804,-0.05000000000000071,-0.05000000000000071,16.25,16.3,16.25,16.3,374.0,893.0,1498.0,3426.0,False,False
2890,2022-10-27 09:45:18.250115,-0.0030674846625767804,-0.0030674846625767804,-0.05000000000000071,-0.05000000000000071,16.25,16.3,16.25,16.3,374.0,956.0,1498.0,3426.0,False,False
2890,2022-10-27 09:45:18.357697,-0.0030674846625767804,-0.0030674846625767804,-0.05000000000000071,-0.05000000000000071,16.25,16.3,16.25,16.3,374.0,956.0,1498.0,3426.0,True,True
2890,2022-10-27 09:45:19.658579,-0.0030674846625767804,-0.0030674846625767804,-0.05000000000000071,-0.05000000000000071,16.25,16.3,16.25,16.3,374.0,970.0,1498.0,3426.0,False,False
2890,2022-10-27 09:45:19.660673,-0.0030674846625767804,-0.0030674846625767804,-0.05000000000000071,-0.05000000000000071,16.25,16.3,16.25,16.3,374.0,970.0,1498.0,3426.0,False,False
2890,2022-10-27 09:45:22.658951,-0.0030674846625767804,-0.0030674846625767804,-0.05000000000000071,-0.05000000000000071,16.25,16.3,16.25,16.3,379.0,970.0,1498.0,3426.0,False,False
2890,2022-10-27 09:45:24.997828,-0.0030674846625767804,-0.0030674846625767804,-0.05000000000000071,-0.05000000000000071,16.25,16.3,16.25,16.3,380.0,970.0,1498.0,3426.0,False,False
2890,2022-10-27 09:45:27.092456,-0.0030674846625767804,-0.0030674846625767804,-0.05000000000000071,-0.05000000000000071,16.25,16.3,16.25,16.3,380.0,970.0,1498.0,3426.0,False,False
2890,2022-10-27 09:45:28.373417,-0.0030674846625767804,-0.0030674846625767804,-0.05000000000000071,-0.05000000000000071,16.25,16.3,16.25,16.3,380.0,970.0,1598.0,3426.0,True,True
2890,2022-10-27 09:45:38.396064,-0.0030674846625767804,-0.0030674846625767804,-0.05000000000000071,-0.05000000000000071,16.25,16.3,16.25,16.3,380.0,970.0,2098.0,3426.0,True,True
2890,2022-10-27 09:45:43.097138,-0.0030674846625767804,-0.0030674846625767804,-0.05000000000000071,-0.05000000000000071,16.25,16.3,16.25,16.3,444.0,970.0,2098.0,3426.0,False,False
2890,2022-10-27 09:45:43.921605,-0.0030674846625767804,-0.0030674846625767804,-0.05000000000000071,-0.05000000000000071,16.25,16.3,16.25,16.3,444.0,970.0,2098.0,3426.0,False,False
2890,2022-10-27 09:45:45.424794,-0.0030674846625767804,-0.0030674846625767804,-0.05000000000000071,-0.05000000000000071,16.25,16.3,16.25,16.3,444.0,970.0,2098.0,3426.0,False,False
2890,2022-10-27 09:45:48.426380,-0.0030674846625767804,-0.0030674846625767804,-0.05000000000000071,-0.05000000000000071,16.25,16.3,16.25,16.3,444.0,970.0,2098.0,3426.0,True,True
2890,2022-10-27 09:45:51.674802,-0.0030674846625767804,-0.0030674846625767804,-0.05000000000000071,-0.05000000000000071,16.25,16.3,16.25,16.3,449.0,970.0,2098.0,3426.0,False,False
2890,2022-10-27 09:45:53.950218,-0.0030674846625767804,-0.0030674846625767804,-0.05000000000000071,-0.05000000000000071,16.25,16.3,16.25,16.3,448.0,969.0,2098.0,3426.0,False,False
2890,2022-10-27 09:45:54.442445,-0.0030674846625767804,-0.0030674846625767804,-0.05000000000000071,-0.05000000000000071,16.25,16.3,16.25,16.3,457.0,969.0,2098.0,3426.0,False,False
2890,2022-10-27 09:45:58.454396,-0.0030674846625767804,-0.0030674846625767804,-0.05000000000000071,-0.05000000000000071,16.25,16.3,16.25,16.3,457.0,969.0,2348.0,3426.0,True,True
2890,2022-10-27 09:46:01.147235,-0.0030674846625767804,-0.0030674846625767804,-0.05000000000000071,-0.05000000000000071,16.25,16.3,16.25,16.3,457.0,969.0,2348.0,3426.0,False,False
2890,2022-10-27 09:46:01.704940,-0.0030674846625767804,-0.0030674846625767804,-0.05000000000000071,-0.05000000000000071,16.25,16.3,16.25,16.3,469.0,969.0,2348.0,3426.0,False,False
2890,2022-10-27 09:46:07.365172,-0.0030674846625767804,-0.0030674846625767804,-0.05000000000000071,-0.05000000000000071,16.25,16.3,16.25,16.3,469.0,969.0,2348.0,3426.0,False,False
2890,2022-10-27 09:46:07.879605,-0.0030674846625767804,-0.0030674846625767804,-0.05000000000000071,-0.05000000000000071,16.25,16.3,16.25,16.3,469.0,969.0,2348.0,3426.0,False,True
2890,2022-10-27 09:46:08.559248,-0.0030674846625767804,-0.0030674846625767804,-0.05000000000000071,-0.05000000000000071,16.25,16.3,16.25,16.3,469.0,969.0,2348.0,3426.0,False,False
2890,2022-10-27 09:46:11.479517,-0.0030674846625767804,-0.0030674846625767804,-0.05000000000000071,-0.05000000000000071,16.25,16.3,16.25,16.3,469.0,972.0,2348.0,3426.0,False,False
2890,2022-10-27 09:46:13.746176,-0.0030674846625767804,-0.0030674846625767804,-0.05000000000000071,-0.05000000000000071,16.25,16.3,16.25,16.3,469.0,992.0,2348.0,3426.0,False,False
2890,2022-10-27 09:46:19.445235,-0.0030674846625767804,-0.0030674846625767804,-0.05000000000000071,-0.05000000000000071,16.25,16.3,16.25,16.3,467.0,992.0,2348.0,3426.0,False,False
2890,2022-10-27 09:46:22.905992,-0.0030674846625767804,-0.0030674846625767804,-0.05000000000000071,-0.05000000000000071,16.25,16.3,16.25,16.3,467.0,992.0,2348.0,3426.0,False,False
2890,2022-10-27 09:46:26.351683,-0.0030674846625767804,-0.0030674846625767804,-0.05000000000000071,-0.05000000000000071,16.25,16.3,16.25,16.3,467.0,1191.0,2348.0,3426.0,False,False
2890,2022-10-27 09:46:26.916259,-0.0030674846625767804,-0.0030674846625767804,-0.05000000000000071,-0.05000000000000071,16.25,16.3,16.25,16.3,467.0,1191.0,2348.0,3426.0,False,False
2890,2022-10-27 09:46:26.918862,-0.0030674846625767804,-0.0030674846625767804,-0.05000000000000071,-0.05000000000000071,16.25,16.3,16.25,16.3,467.0,1209.0,2348.0,3426.0,False,False
2890,2022-10-27 09:46:27.934985,-0.0030674846625767804,-0.0030674846625767804,-0.05000000000000071,-0.05000000000000071,16.25,16.3,16.25,16.3,467.0,1209.0,2348.0,3446.0,True,True
2890,2022-10-27 09:46:28.226727,-0.0030674846625767804,-0.0030674846625767804,-0.05000000000000071,-0.05000000000000071,16.25,16.3,16.25,16.3,467.0,1214.0,2348.0,3446.0,False,False
2890,2022-10-27 09:46:36.212931,-0.0030674846625767804,-0.0030674846625767804,-0.05000000000000071,-0.05000000000000071,16.25,16.3,16.25,16.3,467.0,1215.0,2348.0,3446.0,False,False
2890,2022-10-27 09:46:37.970124,-0.0030674846625767804,-0.0030674846625767804,-0.05000000000000071,-0.05000000000000071,16.25,16.3,16.25,16.3,467.0,1215.0,2348.0,3446.0,True,True
2890,2022-10-27 09:46:38.169465,-0.0030674846625767804,-0.0030674846625767804,-0.05000000000000071,-0.05000000000000071,16.25,16.3,16.25,16.3,468.0,1215.0,2348.0,3446.0,False,False
2890,2022-10-27 09:46:45.425501,-0.0030674846625767804,-0.0030674846625767804,-0.05000000000000071,-0.05000000000000071,16.25,16.3,16.25,16.3,468.0,1225.0,2348.0,3446.0,False,False
2890,2022-10-27 09:46:54.360705,-0.0030674846625767804,-0.0030674846625767804,-0.05000000000000071,-0.05000000000000071,16.25,16.3,16.25,16.3,469.0,1225.0,2348.0,3446.0,False,False
2890,2022-10-27 09:46:54.399988,-0.0030674846625767804,-0.0030674846625767804,-0.05000000000000071,-0.05000000000000071,16.25,16.3,16.25,16.3,473.0,1225.0,2348.0,3446.0,False,False
2890,2022-10-27 09:46:54.501695,-0.0030674846625767804,-0.0030674846625767804,-0.05000000000000071,-0.05000000000000071,16.25,16.3,16.25,16.3,477.0,1225.0,2348.0,3446.0,False,False
2890,2022-10-27 09:46:54.783503,-0.0030674846625767804,-0.0030674846625767804,-0.05000000000000071,-0.05000000000000071,16.25,16.3,16.25,16.3,477.0,1225.0,2348.0,3446.0,False,False
2890,2022-10-27 09:46:54.978480,-0.0030674846625767804,-0.0030674846625767804,-0.05000000000000071,-0.05000000000000071,16.25,16.3,16.25,16.3,488.0,1225.0,2348.0,3446.0,False,False
2890,2022-10-27 09:46:58.403510,-0.0030674846625767804,-0.0030674846625767804,-0.05000000000000071,-0.05000000000000071,16.25,16.3,16.25,16.3,483.0,1225.0,2348.0,3446.0,False,False
2890,2022-10-27 09:47:02.472590,-0.0030674846625767804,-0.0030674846625767804,-0.05000000000000071,-0.05000000000000071,16.25,16.3,16.25,16.3,482.0,1225.0,2348.0,3446.0,False,False
2890,2022-10-27 09:47:05.423805,-0.0030674846625767804,-0.0030674846625767804,-0.05000000000000071,-0.05000000000000071,16.25,16.3,16.25,16.3,482.0,1225.0,2348.0,3446.0,False,False
2890,2022-10-27 09:47:06.715852,-0.0030674846625767804,-0.0030674846625767804,-0.05000000000000071,-0.05000000000000071,16.25,16.3,16.25,16.3,482.0,1225.0,2348.0,3446.0,False,False
2890,2022-10-27 09:47:08.060266,-0.0030674846625767804,-0.0030674846625767804,-0.05000000000000071,-0.05000000000000071,16.25,16.3,16.25,16.3,482.0,1225.0,2205.0,3446.0,True,True
2890,2022-10-27 09:47:08.290746,-0.0030674846625767804,-0.0030674846625767804,-0.05000000000000071,-0.05000000000000071,16.25,16.3,16.25,16.3,482.0,1245.0,2205.0,3446.0,False,False
2890,2022-10-27 09:47:08.476489,-0.0030674846625767804,-0.0030674846625767804,-0.05000000000000071,-0.05000000000000071,16.25,16.3,16.25,16.3,482.0,1250.0,2205.0,3446.0,False,False
2890,2022-10-27 09:47:09.258105,-0.0030674846625767804,-0.0030674846625767804,-0.05000000000000071,-0.05000000000000071,16.25,16.3,16.25,16.3,482.0,1250.0,2205.0,3446.0,False,False
2890,2022-10-27 09:47:22.839027,-0.0030674846625767804,-0.0030674846625767804,-0.05000000000000071,-0.05000000000000071,16.25,16.3,16.25,16.3,482.0,1250.0,2205.0,3446.0,False,False
2890,2022-10-27 09:47:22.870999,-0.0030674846625767804,-0.0030674846625767804,-0.05000000000000071,-0.05000000000000071,16.25,16.3,16.25,16.3,482.0,1250.0,2205.0,3446.0,False,False
2890,2022-10-27 09:47:28.122467,-0.0030674846625767804,-0.0030674846625767804,-0.05000000000000071,-0.05000000000000071,16.25,16.3,16.25,16.3,482.0,1250.0,2205.0,3446.0,True,True
2890,2022-10-27 09:47:33.233989,-0.0030674846625767804,-0.0030674846625767804,-0.05000000000000071,-0.05000000000000071,16.25,16.3,16.25,16.3,480.0,1250.0,2205.0,3446.0,False,False
2890,2022-10-27 09:47:33.279206,-0.0030674846625767804,-0.0030674846625767804,-0.05000000000000071,-0.05000000000000071,16.25,16.3,16.25,16.3,480.0,1250.0,2205.0,3446.0,False,False
2890,2022-10-27 09:47:35.173346,-0.0030674846625767804,-0.0030674846625767804,-0.05000000000000071,-0.05000000000000071,16.25,16.3,16.25,16.3,483.0,1250.0,2205.0,3446.0,False,False
2890,2022-10-27 09:47:35.273759,-0.0030674846625767804,-0.0030674846625767804,-0.05000000000000071,-0.05000000000000071,16.25,16.3,16.25,16.3,483.0,1250.0,2205.0,3446.0,False,False
2890,2022-10-27 09:47:38.694257,-0.0030674846625767804,-0.0030674846625767804,-0.05000000000000071,-0.05000000000000071,16.25,16.3,16.25,16.3,482.0,1250.0,2205.0,3446.0,False,False
2890,2022-10-27 09:47:38.931166,-0.0030674846625767804,-0.0030674846625767804,-0.05000000000000071,-0.05000000000000071,16.25,16.3,16.25,16.3,477.0,1250.0,2205.0,3446.0,False,False
2890,2022-10-27 09:47:40.053816,-0.0030674846625767804,-0.0030674846625767804,-0.05000000000000071,-0.05000000000000071,16.25,16.3,16.25,16.3,477.0,1250.0,2205.0,3446.0,False,False
2890,2022-10-27 09:47:41.654762,-0.0030674846625767804,-0.0030674846625767804,-0.05000000000000071,-0.05000000000000071,16.25,16.3,16.25,16.3,493.0,1250.0,2205.0,3446.0,False,False
2890,2022-10-27 09:47:43.656602,-0.0030674846625767804,-0.0030674846625767804,-0.05000000000000071,-0.05000000000000071,16.25,16.3,16.25,16.3,493.0,1250.0,2205.0,3446.0,False,False
2890,2022-10-27 09:47:44.680535,-0.0030674846625767804,-0.0030674846625767804,-0.05000000000000071,-0.05000000000000071,16.25,16.3,16.25,16.3,493.0,1250.0,2205.0,3446.0,False,False
2890,2022-10-27 09:47:44.682138,-0.0030674846625767804,-0.0030674846625767804,-0.05000000000000071,-0.05000000000000071,16.25,16.3,16.25,16.3,496.0,1250.0,2205.0,3446.0,False,False
2890,2022-10-27 09:47:45.229346,-0.0030674846625767804,-0.0030674846625767804,-0.05000000000000071,-0.05000000000000071,16.25,16.3,16.25,16.3,496.0,1249.0,2205.0,3446.0,False,False
2890,2022-10-27 09:47:47.929945,-0.0030674846625767804,-0.0030674846625767804,-0.05000000000000071,-0.05000000000000071,16.25,16.3,16.25,16.3,497.0,1249.0,2205.0,3446.0,False,False
2890,2022-10-27 09:47:48.676314,-0.0030674846625767804,-0.0030674846625767804,-0.05000000000000071,-0.05000000000000071,16.25,16.3,16.25,16.3,497.0,1249.0,2205.0,3446.0,False,False
2890,2022-10-27 09:47:48.781897,-0.0030674846625767804,-0.0030674846625767804,-0.05000000000000071,-0.05000000000000071,16.25,16.3,16.25,16.3,497.0,1250.0,2205.0,3446.0,False,False
2890,2022-10-27 09:47:51.385363,-0.0030674846625767804,-0.0030674846625767804,-0.05000000000000071,-0.05000000000000071,16.25,16.3,16.25,16.3,496.0,1250.0,2205.0,3446.0,False,False
2890,2022-10-27 09:47:52.941210,-0.0030674846625767804,-0.0030674846625767804,-0.05000000000000071,-0.05000000000000071,16.25,16.3,16.25,16.3,496.0,1250.0,2205.0,3446.0,False,False
2890,2022-10-27 09:47:53.341600,-0.0030674846625767804,-0.0030674846625767804,-0.05000000000000071,-0.05000000000000071,16.25,16.3,16.25,16.3,496.0,1241.0,2205.0,3446.0,False,False
2890,2022-10-27 09:47:53.472769,-0.0030674846625767804,-0.0030674846625767804,-0.05000000000000071,-0.05000000000000071,16.25,16.3,16.25,16.3,496.0,1240.0,2205.0,3446.0,False,False
2890,2022-10-27 09:47:53.639766,-0.0030674846625767804,-0.0030674846625767804,-0.05000000000000071,-0.05000000000000071,16.25,16.3,16.25,16.3,496.0,1235.0,2205.0,3446.0,False,False
2890,2022-10-27 09:47:53.721381,-0.0030674846625767804,-0.0030674846625767804,-0.05000000000000071,-0.05000000000000071,16.25,16.3,16.25,16.3,496.0,1240.0,2205.0,3446.0,False,False
2890,2022-10-27 09:47:54.371575,-0.0030674846625767804,-0.0030674846625767804,-0.05000000000000071,-0.05000000000000071,16.25,16.3,16.25,16.3,496.0,1241.0,2205.0,3446.0,False,False
2890,2022-10-27 09:47:54.462028,-0.0030674846625767804,-0.0030674846625767804,-0.05000000000000071,-0.05000000000000071,16.25,16.3,16.25,16.3,496.0,1239.0,2205.0,3446.0,False,False
2890,2022-10-27 09:47:54.742847,-0.0030674846625767804,-0.0030674846625767804,-0.05000000000000071,-0.05000000000000071,16.25,16.3,16.25,16.3,496.0,1235.0,2205.0,3446.0,False,False
2890,2022-10-27 09:47:58.211766,-0.0030674846625767804,-0.0030674846625767804,-0.05000000000000071,-0.05000000000000071,16.25,16.3,16.25,16.3,496.0,1235.0,2212.0,3446.0,True,True
2890,2022-10-27 09:47:59.101141,-0.0030674846625767804,-0.0030674846625767804,-0.05000000000000071,-0.05000000000000071,16.25,16.3,16.25,16.3,496.0,1235.0,2212.0,3446.0,False,False
2890,2022-10-27 09:47:59.523843,-0.0030674846625767804,-0.0030674846625767804,-0.05000000000000071,-0.05000000000000071,16.25,16.3,16.25,16.3,496.0,1236.0,2212.0,3446.0,False,False
2890,2022-10-27 09:48:00.672323,-0.0030674846625767804,-0.0030674846625767804,-0.05000000000000071,-0.05000000000000071,16.25,16.3,16.25,16.3,496.0,1236.0,2212.0,3446.0,False,False
2890,2022-10-27 09:48:08.240860,-0.0030674846625767804,-0.0030674846625767804,-0.05000000000000071,-0.05000000000000071,16.25,16.3,16.25,16.3,496.0,1236.0,2311.0,3446.0,True,True
