symbol,datetime,NaOb_r,NbOa_r,NaOb_s,NbOa_s,bid1,ask1,odd_bid1,odd_ask1,bidQty1,askQty1,odd_bidQty1,odd_askQty1,simulate,triggerbyOdd
2891,2022-10-27 09:34:02.667232,0.0,-0.004830917874396046,0.0,-0.09999999999999787,20.6,20.65,20.65,20.7,462.0,652.0,116.0,4487.0,False,True
2891,2022-10-27 09:34:03.502289,0.0,-0.004830917874396046,0.0,-0.09999999999999787,20.6,20.65,20.65,20.7,461.0,652.0,116.0,4487.0,False,False
2891,2022-10-27 09:34:05.084809,0.0,-0.004830917874396046,0.0,-0.09999999999999787,20.6,20.65,20.65,20.7,461.0,651.0,116.0,4487.0,False,False
2891,2022-10-27 09:34:05.470433,0.0,-0.004830917874396046,0.0,-0.09999999999999787,20.6,20.65,20.65,20.7,495.0,651.0,116.0,4487.0,False,False
2891,2022-10-27 09:34:05.685122,0.0,-0.004830917874396046,0.0,-0.09999999999999787,20.6,20.65,20.65,20.7,495.0,651.0,116.0,4487.0,False,False
2891,2022-10-27 09:34:06.908400,0.0,-0.004830917874396046,0.0,-0.09999999999999787,20.6,20.65,20.65,20.7,495.0,651.0,116.0,4487.0,False,False
2891,2022-10-27 09:34:07.385973,0.0,-0.004830917874396046,0.0,-0.09999999999999787,20.6,20.65,20.65,20.7,495.0,651.0,116.0,4487.0,False,False
2891,2022-10-27 09:34:07.916985,0.0,-0.004830917874396046,0.0,-0.09999999999999787,20.6,20.65,20.65,20.7,495.0,661.0,116.0,4487.0,False,False
2891,2022-10-27 09:34:09.842667,0.0,-0.004830917874396046,0.0,-0.09999999999999787,20.6,20.65,20.65,20.7,496.0,661.0,116.0,4487.0,False,False
2891,2022-10-27 09:34:10.551503,0.0,-0.004830917874396046,0.0,-0.09999999999999787,20.6,20.65,20.65,20.7,496.0,661.0,116.0,4487.0,False,False
2891,2022-10-27 09:34:11.305785,0.0,-0.004830917874396046,0.0,-0.09999999999999787,20.6,20.65,20.65,20.7,498.0,661.0,116.0,4487.0,False,False
2891,2022-10-27 09:34:11.778602,0.0,-0.004830917874396046,0.0,-0.09999999999999787,20.6,20.65,20.65,20.7,676.0,661.0,116.0,4487.0,False,False
2891,2022-10-27 09:34:11.823442,0.0,-0.004830917874396046,0.0,-0.09999999999999787,20.6,20.65,20.65,20.7,676.0,662.0,116.0,4487.0,False,False
2891,2022-10-27 09:34:12.716618,0.0,-0.004830917874396046,0.0,-0.09999999999999787,20.6,20.65,20.65,20.7,676.0,662.0,116.0,4487.0,True,True
2891,2022-10-27 09:34:13.255415,0.0,-0.004830917874396046,0.0,-0.09999999999999787,20.6,20.65,20.65,20.7,676.0,662.0,116.0,4487.0,False,False
2891,2022-10-27 09:34:13.855608,0.0,-0.004830917874396046,0.0,-0.09999999999999787,20.6,20.65,20.65,20.7,680.0,662.0,116.0,4487.0,False,False
2891,2022-10-27 09:34:14.304810,0.0,-0.004830917874396046,0.0,-0.09999999999999787,20.6,20.65,20.65,20.7,680.0,662.0,116.0,4487.0,False,False
2891,2022-10-27 09:34:15.273201,0.0,-0.004830917874396046,0.0,-0.09999999999999787,20.6,20.65,20.65,20.7,680.0,662.0,116.0,4487.0,False,False
2891,2022-10-27 09:34:15.563952,0.0,-0.004830917874396046,0.0,-0.09999999999999787,20.6,20.65,20.65,20.7,680.0,662.0,116.0,4487.0,False,False
2891,2022-10-27 09:34:15.850652,0.0,-0.004830917874396046,0.0,-0.09999999999999787,20.6,20.65,20.65,20.7,680.0,665.0,116.0,4487.0,False,False
2891,2022-10-27 09:34:18.243570,0.0,-0.004830917874396046,0.0,-0.09999999999999787,20.6,20.65,20.65,20.7,680.0,665.0,116.0,4487.0,False,False
2891,2022-10-27 09:34:18.906855,0.0,-0.004830917874396046,0.0,-0.09999999999999787,20.6,20.65,20.65,20.7,806.0,665.0,116.0,4487.0,False,False
2891,2022-10-27 09:34:20.346712,0.0,-0.004830917874396046,0.0,-0.09999999999999787,20.6,20.65,20.65,20.7,806.0,665.0,116.0,4487.0,False,False
2891,2022-10-27 09:34:20.574455,0.0,-0.004830917874396046,0.0,-0.09999999999999787,20.6,20.65,20.65,20.7,806.0,665.0,116.0,4487.0,False,False
2891,2022-10-27 09:34:21.137702,0.0,-0.004830917874396046,0.0,-0.09999999999999787,20.6,20.65,20.65,20.7,806.0,669.0,116.0,4487.0,False,False
2891,2022-10-27 09:34:22.772159,0.0,-0.004830917874396046,0.0,-0.09999999999999787,20.6,20.65,20.65,20.7,806.0,669.0,116.0,4487.0,True,True
2891,2022-10-27 09:34:24.737802,0.0,-0.004830917874396046,0.0,-0.09999999999999787,20.6,20.65,20.65,20.7,628.0,669.0,116.0,4487.0,False,False
2891,2022-10-27 09:34:25.585447,0.0,-0.004830917874396046,0.0,-0.09999999999999787,20.6,20.65,20.65,20.7,628.0,669.0,116.0,4487.0,False,False
2891,2022-10-27 09:34:26.127695,0.0,-0.004830917874396046,0.0,-0.09999999999999787,20.6,20.65,20.65,20.7,628.0,669.0,116.0,4487.0,False,False
2891,2022-10-27 09:34:26.270742,0.0,-0.004830917874396046,0.0,-0.09999999999999787,20.6,20.65,20.65,20.7,628.0,669.0,116.0,4487.0,False,False
2891,2022-10-27 09:34:27.033422,0.0,-0.004830917874396046,0.0,-0.09999999999999787,20.6,20.65,20.65,20.7,636.0,669.0,116.0,4487.0,False,False
2891,2022-10-27 09:34:27.047422,0.0,-0.004830917874396046,0.0,-0.09999999999999787,20.6,20.65,20.65,20.7,636.0,670.0,116.0,4487.0,False,False
2891,2022-10-27 09:34:27.831186,0.0,-0.004830917874396046,0.0,-0.09999999999999787,20.6,20.65,20.65,20.7,636.0,672.0,116.0,4487.0,False,False
2891,2022-10-27 09:34:28.159945,0.0,-0.004830917874396046,0.0,-0.09999999999999787,20.6,20.65,20.65,20.7,656.0,672.0,116.0,4487.0,False,False
2891,2022-10-27 09:34:29.148317,0.0,-0.004830917874396046,0.0,-0.09999999999999787,20.6,20.65,20.65,20.7,656.0,672.0,116.0,4487.0,False,False
2891,2022-10-27 09:34:30.643681,0.0,-0.004830917874396046,0.0,-0.09999999999999787,20.6,20.65,20.65,20.7,656.0,672.0,116.0,4487.0,False,False
2891,2022-10-27 09:34:30.842562,0.0,-0.004830917874396046,0.0,-0.09999999999999787,20.6,20.65,20.65,20.7,530.0,672.0,116.0,4487.0,False,False
2891,2022-10-27 09:34:32.821575,0.0,-0.004830917874396046,0.0,-0.09999999999999787,20.6,20.65,20.65,20.7,530.0,672.0,56.0,4487.0,True,True
2891,2022-10-27 09:34:35.556063,0.0,-0.004830917874396046,0.0,-0.09999999999999787,20.6,20.65,20.65,20.7,530.0,672.0,56.0,4487.0,False,False
2891,2022-10-27 09:34:35.557194,0.0,-0.004830917874396046,0.0,-0.09999999999999787,20.6,20.65,20.65,20.7,530.0,672.0,56.0,4487.0,False,False
2891,2022-10-27 09:34:36.591834,0.0,-0.004830917874396046,0.0,-0.09999999999999787,20.6,20.65,20.65,20.7,530.0,672.0,56.0,4487.0,False,False
2891,2022-10-27 09:34:37.431815,0.0,-0.004830917874396046,0.0,-0.09999999999999787,20.6,20.65,20.65,20.7,575.0,672.0,56.0,4487.0,False,False
2891,2022-10-27 09:34:38.367935,0.0,-0.004830917874396046,0.0,-0.09999999999999787,20.6,20.65,20.65,20.7,575.0,672.0,56.0,4487.0,False,False
2891,2022-10-27 09:34:38.727983,0.0,-0.004830917874396046,0.0,-0.09999999999999787,20.6,20.65,20.65,20.7,572.0,672.0,56.0,4487.0,False,False
2891,2022-10-27 09:34:39.236026,0.0,-0.004830917874396046,0.0,-0.09999999999999787,20.6,20.65,20.65,20.7,579.0,672.0,56.0,4487.0,False,False
2891,2022-10-27 09:34:40.569439,0.0,-0.004830917874396046,0.0,-0.09999999999999787,20.6,20.65,20.65,20.7,579.0,672.0,56.0,4487.0,False,False
2891,2022-10-27 09:34:41.040264,0.0,-0.004830917874396046,0.0,-0.09999999999999787,20.6,20.65,20.65,20.7,579.0,672.0,56.0,4487.0,False,False
2891,2022-10-27 09:34:41.653040,0.0,-0.004830917874396046,0.0,-0.09999999999999787,20.6,20.65,20.65,20.7,579.0,672.0,56.0,4487.0,False,False
2891,2022-10-27 09:34:42.859768,0.0,-0.004830917874396046,0.0,-0.09999999999999787,20.6,20.65,20.65,20.7,579.0,672.0,56.0,4487.0,True,True
2891,2022-10-27 09:34:44.744306,0.0,-0.004830917874396046,0.0,-0.09999999999999787,20.6,20.65,20.65,20.7,580.0,672.0,56.0,4487.0,False,False
2891,2022-10-27 09:34:45.261668,0.0,-0.004830917874396046,0.0,-0.09999999999999787,20.6,20.65,20.65,20.7,585.0,672.0,56.0,4487.0,False,False
2891,2022-10-27 09:34:45.582487,0.0,-0.004830917874396046,0.0,-0.09999999999999787,20.6,20.65,20.65,20.7,585.0,672.0,56.0,4487.0,False,False
2891,2022-10-27 09:34:48.530480,0.0,-0.004830917874396046,0.0,-0.09999999999999787,20.6,20.65,20.65,20.7,585.0,673.0,56.0,4487.0,False,False
2891,2022-10-27 09:34:50.226223,0.0,-0.004830917874396046,0.0,-0.09999999999999787,20.6,20.65,20.65,20.7,585.0,673.0,56.0,4487.0,False,False
2891,2022-10-27 09:34:50.641458,0.0,-0.004830917874396046,0.0,-0.09999999999999787,20.6,20.65,20.65,20.7,585.0,673.0,56.0,4487.0,False,False
2891,2022-10-27 09:34:51.969257,0.0,-0.004830917874396046,0.0,-0.09999999999999787,20.6,20.65,20.65,20.7,585.0,673.0,56.0,4487.0,False,False
2891,2022-10-27 09:34:52.626436,0.0,-0.004830917874396046,0.0,-0.09999999999999787,20.6,20.65,20.65,20.7,585.0,674.0,56.0,4487.0,False,False
2891,2022-10-27 09:34:54.591736,0.0,-0.004830917874396046,0.0,-0.09999999999999787,20.6,20.65,20.65,20.7,584.0,674.0,56.0,4487.0,False,False
2891,2022-10-27 09:34:55.039685,0.0,-0.004830917874396046,0.0,-0.09999999999999787,20.6,20.65,20.65,20.7,584.0,674.0,56.0,4487.0,False,False
2891,2022-10-27 09:34:55.632860,0.0,-0.004830917874396046,0.0,-0.09999999999999787,20.6,20.65,20.65,20.7,584.0,674.0,56.0,4487.0,False,False
2891,2022-10-27 09:34:56.141792,0.0,-0.004830917874396046,0.0,-0.09999999999999787,20.6,20.65,20.65,20.7,583.0,674.0,56.0,4487.0,False,False
2891,2022-10-27 09:34:56.906144,0.0,-0.004830917874396046,0.0,-0.09999999999999787,20.6,20.65,20.65,20.7,585.0,674.0,56.0,4487.0,False,False
2891,2022-10-27 09:34:59.239917,0.0,-0.004830917874396046,0.0,-0.09999999999999787,20.6,20.65,20.65,20.7,586.0,674.0,56.0,4487.0,False,False
2891,2022-10-27 09:35:00.095342,0.0,-0.004830917874396046,0.0,-0.09999999999999787,20.6,20.65,20.65,20.7,586.0,676.0,56.0,4487.0,False,False
2891,2022-10-27 09:35:01.596046,0.0,-0.004830917874396046,0.0,-0.09999999999999787,20.6,20.65,20.65,20.7,586.0,676.0,56.0,4487.0,False,False
2891,2022-10-27 09:35:02.440907,0.0,-0.004830917874396046,0.0,-0.09999999999999787,20.6,20.65,20.65,20.7,585.0,676.0,56.0,4487.0,False,False
2891,2022-10-27 09:35:03.079636,-0.002421307506053183,-0.002421307506053183,-0.04999999999999716,-0.04999999999999716,20.6,20.65,20.6,20.65,585.0,676.0,2340.0,24.0,True,True
2891,2022-10-27 09:35:03.847649,-0.002421307506053183,-0.002421307506053183,-0.04999999999999716,-0.04999999999999716,20.6,20.65,20.6,20.65,585.0,686.0,2340.0,24.0,False,False
2891,2022-10-27 09:35:03.905042,-0.002421307506053183,-0.002421307506053183,-0.04999999999999716,-0.04999999999999716,20.6,20.65,20.6,20.65,585.0,686.0,2340.0,24.0,False,False
2891,2022-10-27 09:35:04.001443,-0.002421307506053183,-0.002421307506053183,-0.04999999999999716,-0.04999999999999716,20.6,20.65,20.6,20.65,585.0,686.0,2340.0,24.0,False,False
2891,2022-10-27 09:35:04.019866,-0.002421307506053183,-0.002421307506053183,-0.04999999999999716,-0.04999999999999716,20.6,20.65,20.6,20.65,585.0,686.0,2340.0,24.0,False,False
2891,2022-10-27 09:35:05.356529,-0.002421307506053183,-0.002421307506053183,-0.04999999999999716,-0.04999999999999716,20.6,20.65,20.6,20.65,585.0,696.0,2340.0,24.0,False,False
2891,2022-10-27 09:35:05.576621,-0.002421307506053183,-0.002421307506053183,-0.04999999999999716,-0.04999999999999716,20.6,20.65,20.6,20.65,585.0,696.0,2340.0,24.0,False,False
2891,2022-10-27 09:35:07.078607,-0.002421307506053183,-0.002421307506053183,-0.04999999999999716,-0.04999999999999716,20.6,20.65,20.6,20.65,585.0,697.0,2340.0,24.0,False,False
2891,2022-10-27 09:35:08.292291,-0.002421307506053183,-0.002421307506053183,-0.04999999999999716,-0.04999999999999716,20.6,20.65,20.6,20.65,585.0,709.0,2340.0,24.0,False,False
2891,2022-10-27 09:35:10.017412,-0.002421307506053183,-0.002421307506053183,-0.04999999999999716,-0.04999999999999716,20.6,20.65,20.6,20.65,587.0,709.0,2340.0,24.0,False,False
2891,2022-10-27 09:35:10.614833,-0.002421307506053183,-0.002421307506053183,-0.04999999999999716,-0.04999999999999716,20.6,20.65,20.6,20.65,587.0,709.0,2340.0,24.0,False,False
2891,2022-10-27 09:35:12.256443,-0.002421307506053183,-0.002421307506053183,-0.04999999999999716,-0.04999999999999716,20.6,20.65,20.6,20.65,587.0,713.0,2340.0,24.0,False,False
2891,2022-10-27 09:35:13.273969,-0.002421307506053183,-0.002421307506053183,-0.04999999999999716,-0.04999999999999716,20.6,20.65,20.6,20.65,587.0,713.0,2340.0,12.0,True,True
2891,2022-10-27 09:35:14.909890,-0.002421307506053183,-0.002421307506053183,-0.04999999999999716,-0.04999999999999716,20.6,20.65,20.6,20.65,583.0,713.0,2340.0,12.0,False,False
2891,2022-10-27 09:35:15.504358,-0.002421307506053183,-0.002421307506053183,-0.04999999999999716,-0.04999999999999716,20.6,20.65,20.6,20.65,583.0,713.0,2340.0,12.0,False,False
2891,2022-10-27 09:35:17.137831,-0.002421307506053183,-0.002421307506053183,-0.04999999999999716,-0.04999999999999716,20.6,20.65,20.6,20.65,595.0,713.0,2340.0,12.0,False,False
2891,2022-10-27 09:35:17.870193,-0.002421307506053183,-0.002421307506053183,-0.04999999999999716,-0.04999999999999716,20.6,20.65,20.6,20.65,595.0,712.0,2340.0,12.0,False,False
2891,2022-10-27 09:35:19.672342,-0.002421307506053183,-0.002421307506053183,-0.04999999999999716,-0.04999999999999716,20.6,20.65,20.6,20.65,596.0,712.0,2340.0,12.0,False,False
2891,2022-10-27 09:35:19.967375,-0.002421307506053183,-0.002421307506053183,-0.04999999999999716,-0.04999999999999716,20.6,20.65,20.6,20.65,596.0,712.0,2340.0,12.0,False,False
2891,2022-10-27 09:35:20.015199,-0.002421307506053183,-0.002421307506053183,-0.04999999999999716,-0.04999999999999716,20.6,20.65,20.6,20.65,596.0,712.0,2340.0,12.0,False,False
2891,2022-10-27 09:35:20.499350,-0.002421307506053183,-0.002421307506053183,-0.04999999999999716,-0.04999999999999716,20.6,20.65,20.6,20.65,596.0,712.0,2340.0,12.0,False,False
2891,2022-10-27 09:35:20.656250,-0.002421307506053183,-0.002421307506053183,-0.04999999999999716,-0.04999999999999716,20.6,20.65,20.6,20.65,778.0,712.0,2340.0,12.0,False,False
2891,2022-10-27 09:35:23.102733,-0.002421307506053183,-0.002421307506053183,-0.04999999999999716,-0.04999999999999716,20.6,20.65,20.6,20.65,778.0,712.0,2340.0,12.0,False,False
2891,2022-10-27 09:35:23.104951,-0.002421307506053183,-0.002421307506053183,-0.04999999999999716,-0.04999999999999716,20.6,20.65,20.6,20.65,778.0,720.0,2340.0,12.0,False,False
2891,2022-10-27 09:35:23.281802,-0.002421307506053183,-0.002421307506053183,-0.04999999999999716,-0.04999999999999716,20.6,20.65,20.6,20.65,778.0,720.0,1768.0,140.0,True,True
2891,2022-10-27 09:35:23.850011,-0.002421307506053183,-0.002421307506053183,-0.04999999999999716,-0.04999999999999716,20.6,20.65,20.6,20.65,778.0,710.0,1768.0,140.0,False,False
2891,2022-10-27 09:35:23.853699,-0.002421307506053183,-0.002421307506053183,-0.04999999999999716,-0.04999999999999716,20.6,20.65,20.6,20.65,778.0,688.0,1768.0,140.0,False,False
2891,2022-10-27 09:35:24.553931,-0.002421307506053183,-0.002421307506053183,-0.04999999999999716,-0.04999999999999716,20.6,20.65,20.6,20.65,778.0,687.0,1768.0,140.0,False,False
2891,2022-10-27 09:35:25.800045,-0.002421307506053183,-0.002421307506053183,-0.04999999999999716,-0.04999999999999716,20.6,20.65,20.6,20.65,778.0,687.0,1768.0,140.0,False,False
2891,2022-10-27 09:35:26.617628,-0.002421307506053183,-0.002421307506053183,-0.04999999999999716,-0.04999999999999716,20.6,20.65,20.6,20.65,596.0,687.0,1768.0,140.0,False,False
2891,2022-10-27 09:35:29.333457,-0.002421307506053183,-0.002421307506053183,-0.04999999999999716,-0.04999999999999716,20.6,20.65,20.6,20.65,596.0,687.0,1768.0,140.0,False,False
2891,2022-10-27 09:35:29.587066,-0.002421307506053183,-0.002421307506053183,-0.04999999999999716,-0.04999999999999716,20.6,20.65,20.6,20.65,596.0,687.0,1768.0,140.0,False,False
2891,2022-10-27 09:35:29.662738,-0.002421307506053183,-0.002421307506053183,-0.04999999999999716,-0.04999999999999716,20.6,20.65,20.6,20.65,596.0,687.0,1768.0,140.0,False,False
2891,2022-10-27 09:35:30.652952,-0.002421307506053183,-0.002421307506053183,-0.04999999999999716,-0.04999999999999716,20.6,20.65,20.6,20.65,596.0,687.0,1768.0,140.0,False,False
2891,2022-10-27 09:35:31.190158,-0.002421307506053183,-0.002421307506053183,-0.04999999999999716,-0.04999999999999716,20.6,20.65,20.6,20.65,596.0,689.0,1768.0,140.0,False,False
2891,2022-10-27 09:35:32.215151,-0.002421307506053183,-0.002421307506053183,-0.04999999999999716,-0.04999999999999716,20.6,20.65,20.6,20.65,597.0,689.0,1768.0,140.0,False,False
2891,2022-10-27 09:35:32.681740,-0.002421307506053183,-0.002421307506053183,-0.04999999999999716,-0.04999999999999716,20.6,20.65,20.6,20.65,778.0,689.0,1768.0,140.0,False,False
2891,2022-10-27 09:35:32.734687,-0.002421307506053183,-0.002421307506053183,-0.04999999999999716,-0.04999999999999716,20.6,20.65,20.6,20.65,778.0,689.0,1768.0,140.0,False,False
2891,2022-10-27 09:35:33.299477,-0.002421307506053183,-0.002421307506053183,-0.04999999999999716,-0.04999999999999716,20.6,20.65,20.6,20.65,778.0,689.0,1768.0,141.0,True,True
2891,2022-10-27 09:35:33.571864,-0.002421307506053183,-0.002421307506053183,-0.04999999999999716,-0.04999999999999716,20.6,20.65,20.6,20.65,778.0,688.0,1768.0,141.0,False,False
2891,2022-10-27 09:35:33.595378,-0.002421307506053183,-0.002421307506053183,-0.04999999999999716,-0.04999999999999716,20.6,20.65,20.6,20.65,597.0,688.0,1768.0,141.0,False,False
2891,2022-10-27 09:35:34.118207,-0.002421307506053183,-0.002421307506053183,-0.04999999999999716,-0.04999999999999716,20.6,20.65,20.6,20.65,587.0,688.0,1768.0,141.0,False,False
2891,2022-10-27 09:35:35.654954,-0.002421307506053183,-0.002421307506053183,-0.04999999999999716,-0.04999999999999716,20.6,20.65,20.6,20.65,587.0,688.0,1768.0,141.0,False,False
2891,2022-10-27 09:35:36.535800,-0.002421307506053183,-0.002421307506053183,-0.04999999999999716,-0.04999999999999716,20.6,20.65,20.6,20.65,587.0,691.0,1768.0,141.0,False,False
2891,2022-10-27 09:35:36.556342,-0.002421307506053183,-0.002421307506053183,-0.04999999999999716,-0.04999999999999716,20.6,20.65,20.6,20.65,587.0,691.0,1768.0,141.0,False,False
2891,2022-10-27 09:35:36.631240,-0.002421307506053183,-0.002421307506053183,-0.04999999999999716,-0.04999999999999716,20.6,20.65,20.6,20.65,772.0,691.0,1768.0,141.0,False,False
2891,2022-10-27 09:35:36.828962,-0.002421307506053183,-0.002421307506053183,-0.04999999999999716,-0.04999999999999716,20.6,20.65,20.6,20.65,772.0,691.0,1768.0,141.0,False,False
2891,2022-10-27 09:35:36.868178,-0.002421307506053183,-0.002421307506053183,-0.04999999999999716,-0.04999999999999716,20.6,20.65,20.6,20.65,772.0,691.0,1768.0,141.0,False,False
2891,2022-10-27 09:35:37.630807,-0.002421307506053183,-0.002421307506053183,-0.04999999999999716,-0.04999999999999716,20.6,20.65,20.6,20.65,772.0,691.0,1768.0,141.0,False,False
2891,2022-10-27 09:35:40.655561,-0.002421307506053183,-0.002421307506053183,-0.04999999999999716,-0.04999999999999716,20.6,20.65,20.6,20.65,772.0,691.0,1768.0,141.0,False,False
2891,2022-10-27 09:35:42.018845,-0.002421307506053183,-0.002421307506053183,-0.04999999999999716,-0.04999999999999716,20.6,20.65,20.6,20.65,775.0,691.0,1768.0,141.0,False,False
2891,2022-10-27 09:35:44.845727,-0.002421307506053183,-0.002421307506053183,-0.04999999999999716,-0.04999999999999716,20.6,20.65,20.6,20.65,775.0,691.0,1768.0,141.0,False,False
2891,2022-10-27 09:35:45.611270,-0.002421307506053183,-0.002421307506053183,-0.04999999999999716,-0.04999999999999716,20.6,20.65,20.6,20.65,775.0,691.0,1768.0,141.0,False,False
2891,2022-10-27 09:35:46.134007,-0.002421307506053183,-0.002421307506053183,-0.04999999999999716,-0.04999999999999716,20.6,20.65,20.6,20.65,775.0,689.0,1768.0,141.0,False,False
2891,2022-10-27 09:35:46.249967,-0.002421307506053183,-0.002421307506053183,-0.04999999999999716,-0.04999999999999716,20.6,20.65,20.6,20.65,775.0,689.0,1768.0,141.0,False,False
2891,2022-10-27 09:35:46.257493,-0.002421307506053183,-0.002421307506053183,-0.04999999999999716,-0.04999999999999716,20.6,20.65,20.6,20.65,775.0,689.0,1768.0,141.0,False,False
2891,2022-10-27 09:35:46.589820,-0.002421307506053183,-0.002421307506053183,-0.04999999999999716,-0.04999999999999716,20.6,20.65,20.6,20.65,590.0,689.0,1768.0,141.0,False,False
2891,2022-10-27 09:35:46.711209,-0.002421307506053183,-0.002421307506053183,-0.04999999999999716,-0.04999999999999716,20.6,20.65,20.6,20.65,590.0,689.0,1768.0,141.0,False,False
2891,2022-10-27 09:35:46.749607,-0.002421307506053183,-0.002421307506053183,-0.04999999999999716,-0.04999999999999716,20.6,20.65,20.6,20.65,589.0,689.0,1768.0,141.0,False,False
2891,2022-10-27 09:35:46.745966,-0.002421307506053183,-0.002421307506053183,-0.04999999999999716,-0.04999999999999716,20.6,20.65,20.6,20.65,590.0,689.0,1768.0,141.0,False,False
2891,2022-10-27 09:35:47.633462,-0.002421307506053183,-0.002421307506053183,-0.04999999999999716,-0.04999999999999716,20.6,20.65,20.6,20.65,771.0,689.0,1768.0,141.0,False,False
2891,2022-10-27 09:35:47.787200,-0.002421307506053183,-0.002421307506053183,-0.04999999999999716,-0.04999999999999716,20.6,20.65,20.6,20.65,771.0,689.0,1768.0,141.0,False,False
2891,2022-10-27 09:35:47.813734,-0.002421307506053183,-0.002421307506053183,-0.04999999999999716,-0.04999999999999716,20.6,20.65,20.6,20.65,771.0,689.0,1768.0,141.0,False,False
2891,2022-10-27 09:35:48.952953,-0.002421307506053183,-0.002421307506053183,-0.04999999999999716,-0.04999999999999716,20.6,20.65,20.6,20.65,772.0,689.0,1768.0,141.0,False,False
2891,2022-10-27 09:35:49.709452,-0.002421307506053183,-0.002421307506053183,-0.04999999999999716,-0.04999999999999716,20.6,20.65,20.6,20.65,773.0,689.0,1768.0,141.0,False,False
2891,2022-10-27 09:35:50.616739,-0.002421307506053183,-0.002421307506053183,-0.04999999999999716,-0.04999999999999716,20.6,20.65,20.6,20.65,773.0,689.0,1768.0,141.0,False,False
2891,2022-10-27 09:35:51.725715,-0.002421307506053183,-0.002421307506053183,-0.04999999999999716,-0.04999999999999716,20.6,20.65,20.6,20.65,773.0,689.0,1768.0,141.0,False,False
2891,2022-10-27 09:35:52.175639,-0.002421307506053183,-0.002421307506053183,-0.04999999999999716,-0.04999999999999716,20.6,20.65,20.6,20.65,773.0,689.0,1768.0,141.0,False,False
2891,2022-10-27 09:35:53.353404,-0.002421307506053183,-0.002421307506053183,-0.04999999999999716,-0.04999999999999716,20.6,20.65,20.6,20.65,773.0,689.0,1828.0,141.0,True,True
2891,2022-10-27 09:35:55.623116,-0.002421307506053183,-0.002421307506053183,-0.04999999999999716,-0.04999999999999716,20.6,20.65,20.6,20.65,773.0,689.0,1828.0,141.0,False,False
2891,2022-10-27 09:35:56.056774,-0.002421307506053183,-0.002421307506053183,-0.04999999999999716,-0.04999999999999716,20.6,20.65,20.6,20.65,773.0,692.0,1828.0,141.0,False,False
2891,2022-10-27 09:35:56.797437,-0.002421307506053183,-0.002421307506053183,-0.04999999999999716,-0.04999999999999716,20.6,20.65,20.6,20.65,774.0,692.0,1828.0,141.0,False,False
2891,2022-10-27 09:35:59.902683,-0.002421307506053183,-0.002421307506053183,-0.04999999999999716,-0.04999999999999716,20.6,20.65,20.6,20.65,774.0,692.0,1828.0,141.0,False,False
2891,2022-10-27 09:36:00.631830,-0.002421307506053183,-0.002421307506053183,-0.04999999999999716,-0.04999999999999716,20.6,20.65,20.6,20.65,774.0,692.0,1828.0,141.0,False,False
2891,2022-10-27 09:36:00.817830,-0.002421307506053183,-0.002421307506053183,-0.04999999999999716,-0.04999999999999716,20.6,20.65,20.6,20.65,774.0,692.0,1828.0,141.0,False,False
2891,2022-10-27 09:36:02.751546,-0.002421307506053183,-0.002421307506053183,-0.04999999999999716,-0.04999999999999716,20.6,20.65,20.6,20.65,774.0,692.0,1828.0,141.0,False,False
2891,2022-10-27 09:36:03.389197,-0.002421307506053183,-0.002421307506053183,-0.04999999999999716,-0.04999999999999716,20.6,20.65,20.6,20.65,774.0,692.0,1886.0,141.0,True,True
2891,2022-10-27 09:36:04.577377,-0.002421307506053183,-0.002421307506053183,-0.04999999999999716,-0.04999999999999716,20.6,20.65,20.6,20.65,592.0,692.0,1886.0,141.0,False,False
2891,2022-10-27 09:36:04.671578,-0.002421307506053183,-0.002421307506053183,-0.04999999999999716,-0.04999999999999716,20.6,20.65,20.6,20.65,592.0,692.0,1886.0,141.0,False,False
2891,2022-10-27 09:36:04.704419,-0.002421307506053183,-0.002421307506053183,-0.04999999999999716,-0.04999999999999716,20.6,20.65,20.6,20.65,592.0,692.0,1886.0,141.0,False,False
2891,2022-10-27 09:36:05.570896,-0.002421307506053183,-0.002421307506053183,-0.04999999999999716,-0.04999999999999716,20.6,20.65,20.6,20.65,592.0,692.0,1886.0,141.0,False,False
2891,2022-10-27 09:36:05.688191,-0.002421307506053183,-0.002421307506053183,-0.04999999999999716,-0.04999999999999716,20.6,20.65,20.6,20.65,596.0,692.0,1886.0,141.0,False,False
2891,2022-10-27 09:36:05.692384,-0.002421307506053183,-0.002421307506053183,-0.04999999999999716,-0.04999999999999716,20.6,20.65,20.6,20.65,596.0,692.0,1886.0,141.0,False,False
2891,2022-10-27 09:36:06.175662,-0.002421307506053183,-0.002421307506053183,-0.04999999999999716,-0.04999999999999716,20.6,20.65,20.6,20.65,596.0,702.0,1886.0,141.0,False,False
2891,2022-10-27 09:36:06.843261,-0.002421307506053183,-0.002421307506053183,-0.04999999999999716,-0.04999999999999716,20.6,20.65,20.6,20.65,596.0,702.0,1886.0,141.0,False,False
2891,2022-10-27 09:36:07.717265,-0.002421307506053183,-0.002421307506053183,-0.04999999999999716,-0.04999999999999716,20.6,20.65,20.6,20.65,773.0,702.0,1886.0,141.0,False,False
2891,2022-10-27 09:36:08.031267,-0.002421307506053183,-0.002421307506053183,-0.04999999999999716,-0.04999999999999716,20.6,20.65,20.6,20.65,773.0,702.0,1886.0,141.0,False,False
2891,2022-10-27 09:36:08.058171,-0.002421307506053183,-0.002421307506053183,-0.04999999999999716,-0.04999999999999716,20.6,20.65,20.6,20.65,773.0,702.0,1886.0,141.0,False,False
2891,2022-10-27 09:36:09.543748,-0.002421307506053183,-0.002421307506053183,-0.04999999999999716,-0.04999999999999716,20.6,20.65,20.6,20.65,773.0,702.0,1886.0,141.0,False,False
2891,2022-10-27 09:36:09.903870,-0.002421307506053183,-0.002421307506053183,-0.04999999999999716,-0.04999999999999716,20.6,20.65,20.6,20.65,773.0,702.0,1886.0,141.0,False,False
2891,2022-10-27 09:36:09.908591,-0.002421307506053183,-0.002421307506053183,-0.04999999999999716,-0.04999999999999716,20.6,20.65,20.6,20.65,773.0,702.0,1886.0,141.0,False,False
2891,2022-10-27 09:36:09.990775,-0.002421307506053183,-0.002421307506053183,-0.04999999999999716,-0.04999999999999716,20.6,20.65,20.6,20.65,789.0,702.0,1886.0,141.0,False,False
2891,2022-10-27 09:36:10.064435,-0.002421307506053183,-0.002421307506053183,-0.04999999999999716,-0.04999999999999716,20.6,20.65,20.6,20.65,789.0,702.0,1886.0,141.0,False,False
2891,2022-10-27 09:36:10.673892,-0.002421307506053183,-0.002421307506053183,-0.04999999999999716,-0.04999999999999716,20.6,20.65,20.6,20.65,789.0,702.0,1886.0,141.0,False,False
2891,2022-10-27 09:36:10.713010,-0.002421307506053183,-0.002421307506053183,-0.04999999999999716,-0.04999999999999716,20.6,20.65,20.6,20.65,789.0,702.0,1886.0,141.0,False,False
2891,2022-10-27 09:36:11.150108,-0.002421307506053183,-0.002421307506053183,-0.04999999999999716,-0.04999999999999716,20.6,20.65,20.6,20.65,789.0,702.0,1886.0,141.0,False,False
2891,2022-10-27 09:36:11.156850,-0.002421307506053183,-0.002421307506053183,-0.04999999999999716,-0.04999999999999716,20.6,20.65,20.6,20.65,789.0,702.0,1886.0,141.0,False,False
2891,2022-10-27 09:36:11.354862,-0.002421307506053183,-0.002421307506053183,-0.04999999999999716,-0.04999999999999716,20.6,20.65,20.6,20.65,789.0,701.0,1886.0,141.0,False,False
2891,2022-10-27 09:36:11.561434,-0.002421307506053183,-0.002421307506053183,-0.04999999999999716,-0.04999999999999716,20.6,20.65,20.6,20.65,612.0,701.0,1886.0,141.0,False,False
2891,2022-10-27 09:36:12.613201,-0.002421307506053183,-0.002421307506053183,-0.04999999999999716,-0.04999999999999716,20.6,20.65,20.6,20.65,612.0,704.0,1886.0,141.0,False,False
2891,2022-10-27 09:36:13.682830,-0.002421307506053183,-0.002421307506053183,-0.04999999999999716,-0.04999999999999716,20.6,20.65,20.6,20.65,612.0,704.0,1886.0,141.0,False,False
2891,2022-10-27 09:36:14.878712,-0.002421307506053183,-0.002421307506053183,-0.04999999999999716,-0.04999999999999716,20.6,20.65,20.6,20.65,612.0,723.0,1886.0,141.0,False,False
2891,2022-10-27 09:36:15.605969,-0.002421307506053183,-0.002421307506053183,-0.04999999999999716,-0.04999999999999716,20.6,20.65,20.6,20.65,612.0,723.0,1886.0,141.0,False,False
2891,2022-10-27 09:36:16.188001,-0.002421307506053183,-0.002421307506053183,-0.04999999999999716,-0.04999999999999716,20.6,20.65,20.6,20.65,612.0,723.0,1886.0,141.0,False,False
2891,2022-10-27 09:36:16.526574,-0.002421307506053183,-0.002421307506053183,-0.04999999999999716,-0.04999999999999716,20.6,20.65,20.6,20.65,614.0,723.0,1886.0,141.0,False,False
2891,2022-10-27 09:36:17.296653,-0.002421307506053183,-0.002421307506053183,-0.04999999999999716,-0.04999999999999716,20.6,20.65,20.6,20.65,614.0,723.0,1886.0,141.0,False,False
2891,2022-10-27 09:36:17.683084,-0.002421307506053183,-0.002421307506053183,-0.04999999999999716,-0.04999999999999716,20.6,20.65,20.6,20.65,616.0,723.0,1886.0,141.0,False,False
2891,2022-10-27 09:36:18.026011,-0.002421307506053183,-0.002421307506053183,-0.04999999999999716,-0.04999999999999716,20.6,20.65,20.6,20.65,616.0,724.0,1886.0,141.0,False,False
2891,2022-10-27 09:36:19.234114,-0.002421307506053183,-0.002421307506053183,-0.04999999999999716,-0.04999999999999716,20.6,20.65,20.6,20.65,616.0,723.0,1886.0,141.0,False,False
2891,2022-10-27 09:36:19.851415,-0.002421307506053183,-0.002421307506053183,-0.04999999999999716,-0.04999999999999716,20.6,20.65,20.6,20.65,616.0,713.0,1886.0,141.0,False,False
2891,2022-10-27 09:36:19.861885,-0.002421307506053183,-0.002421307506053183,-0.04999999999999716,-0.04999999999999716,20.6,20.65,20.6,20.65,612.0,713.0,1886.0,141.0,False,False
2891,2022-10-27 09:36:20.661566,-0.002421307506053183,-0.002421307506053183,-0.04999999999999716,-0.04999999999999716,20.6,20.65,20.6,20.65,612.0,713.0,1886.0,141.0,False,False
2891,2022-10-27 09:36:21.146219,-0.002421307506053183,-0.002421307506053183,-0.04999999999999716,-0.04999999999999716,20.6,20.65,20.6,20.65,612.0,713.0,1886.0,141.0,False,False
2891,2022-10-27 09:36:22.795900,-0.002421307506053183,-0.002421307506053183,-0.04999999999999716,-0.04999999999999716,20.6,20.65,20.6,20.65,612.0,713.0,1886.0,141.0,False,False
2891,2022-10-27 09:36:23.094832,-0.002421307506053183,-0.002421307506053183,-0.04999999999999716,-0.04999999999999716,20.6,20.65,20.6,20.65,612.0,711.0,1886.0,141.0,False,False
2891,2022-10-27 09:36:24.734754,-0.002421307506053183,-0.002421307506053183,-0.04999999999999716,-0.04999999999999716,20.6,20.65,20.6,20.65,613.0,711.0,1886.0,141.0,False,False
2891,2022-10-27 09:36:25.062461,-0.002421307506053183,-0.002421307506053183,-0.04999999999999716,-0.04999999999999716,20.6,20.65,20.6,20.65,614.0,711.0,1886.0,141.0,False,False
2891,2022-10-27 09:36:25.465142,-0.002421307506053183,-0.002421307506053183,-0.04999999999999716,-0.04999999999999716,20.6,20.65,20.6,20.65,614.0,711.0,1886.0,141.0,False,False
2891,2022-10-27 09:36:25.748603,-0.002421307506053183,-0.002421307506053183,-0.04999999999999716,-0.04999999999999716,20.6,20.65,20.6,20.65,612.0,711.0,1886.0,141.0,False,False
2891,2022-10-27 09:36:26.033879,-0.002421307506053183,-0.002421307506053183,-0.04999999999999716,-0.04999999999999716,20.6,20.65,20.6,20.65,612.0,714.0,1886.0,141.0,False,False
2891,2022-10-27 09:36:26.284850,-0.002421307506053183,-0.002421307506053183,-0.04999999999999716,-0.04999999999999716,20.6,20.65,20.6,20.65,612.0,714.0,1886.0,141.0,False,False
2891,2022-10-27 09:36:30.602456,-0.002421307506053183,-0.002421307506053183,-0.04999999999999716,-0.04999999999999716,20.6,20.65,20.6,20.65,795.0,714.0,1886.0,141.0,False,False
2891,2022-10-27 09:36:30.676248,-0.002421307506053183,-0.002421307506053183,-0.04999999999999716,-0.04999999999999716,20.6,20.65,20.6,20.65,795.0,714.0,1886.0,141.0,False,False
2891,2022-10-27 09:36:30.873763,-0.002421307506053183,-0.002421307506053183,-0.04999999999999716,-0.04999999999999716,20.6,20.65,20.6,20.65,795.0,714.0,1886.0,141.0,False,False
2891,2022-10-27 09:36:30.936307,-0.002421307506053183,-0.002421307506053183,-0.04999999999999716,-0.04999999999999716,20.6,20.65,20.6,20.65,795.0,714.0,1886.0,141.0,False,False
2891,2022-10-27 09:36:31.907052,-0.002421307506053183,-0.002421307506053183,-0.04999999999999716,-0.04999999999999716,20.6,20.65,20.6,20.65,795.0,714.0,1886.0,141.0,False,False
2891,2022-10-27 09:36:32.579456,-0.002421307506053183,-0.002421307506053183,-0.04999999999999716,-0.04999999999999716,20.6,20.65,20.6,20.65,795.0,714.0,1886.0,141.0,False,False
2891,2022-10-27 09:36:33.449293,-0.002421307506053183,-0.002421307506053183,-0.04999999999999716,-0.04999999999999716,20.6,20.65,20.6,20.65,795.0,714.0,1886.0,141.0,False,False
2891,2022-10-27 09:36:33.480244,-0.002421307506053183,-0.002421307506053183,-0.04999999999999716,-0.04999999999999716,20.6,20.65,20.6,20.65,795.0,714.0,1900.0,115.0,True,True
2891,2022-10-27 09:36:33.717690,-0.002421307506053183,-0.002421307506053183,-0.04999999999999716,-0.04999999999999716,20.6,20.65,20.6,20.65,796.0,714.0,1900.0,115.0,False,False
2891,2022-10-27 09:36:35.732450,-0.002421307506053183,-0.002421307506053183,-0.04999999999999716,-0.04999999999999716,20.6,20.65,20.6,20.65,796.0,714.0,1900.0,115.0,False,False
2891,2022-10-27 09:36:36.583181,-0.002421307506053183,-0.002421307506053183,-0.04999999999999716,-0.04999999999999716,20.6,20.65,20.6,20.65,802.0,714.0,1900.0,115.0,False,False
2891,2022-10-27 09:36:36.597103,-0.002421307506053183,-0.002421307506053183,-0.04999999999999716,-0.04999999999999716,20.6,20.65,20.6,20.65,802.0,724.0,1900.0,115.0,False,False
2891,2022-10-27 09:36:36.947265,-0.002421307506053183,-0.002421307506053183,-0.04999999999999716,-0.04999999999999716,20.6,20.65,20.6,20.65,1050.0,724.0,1900.0,115.0,False,False
2891,2022-10-27 09:36:39.101344,-0.002421307506053183,-0.002421307506053183,-0.04999999999999716,-0.04999999999999716,20.6,20.65,20.6,20.65,1050.0,724.0,1900.0,115.0,False,False
2891,2022-10-27 09:36:40.536084,-0.002421307506053183,-0.002421307506053183,-0.04999999999999716,-0.04999999999999716,20.6,20.65,20.6,20.65,1050.0,724.0,1900.0,115.0,False,False
2891,2022-10-27 09:36:40.749950,-0.002421307506053183,-0.002421307506053183,-0.04999999999999716,-0.04999999999999716,20.6,20.65,20.6,20.65,1176.0,724.0,1900.0,115.0,False,False
2891,2022-10-27 09:36:41.004845,-0.002421307506053183,-0.002421307506053183,-0.04999999999999716,-0.04999999999999716,20.6,20.65,20.6,20.65,1176.0,724.0,1900.0,115.0,False,False
2891,2022-10-27 09:36:41.488800,-0.002421307506053183,-0.002421307506053183,-0.04999999999999716,-0.04999999999999716,20.6,20.65,20.6,20.65,993.0,724.0,1900.0,115.0,False,False
2891,2022-10-27 09:36:41.574295,-0.002421307506053183,-0.002421307506053183,-0.04999999999999716,-0.04999999999999716,20.6,20.65,20.6,20.65,993.0,720.0,1900.0,115.0,False,False
2891,2022-10-27 09:36:41.575687,-0.002421307506053183,-0.002421307506053183,-0.04999999999999716,-0.04999999999999716,20.6,20.65,20.6,20.65,987.0,720.0,1900.0,115.0,False,False
2891,2022-10-27 09:36:43.070216,-0.002421307506053183,-0.002421307506053183,-0.04999999999999716,-0.04999999999999716,20.6,20.65,20.6,20.65,987.0,720.0,1900.0,115.0,False,False
2891,2022-10-27 09:36:43.473222,-0.002421307506053183,-0.002421307506053183,-0.04999999999999716,-0.04999999999999716,20.6,20.65,20.6,20.65,1201.0,720.0,1900.0,115.0,False,False
2891,2022-10-27 09:36:43.507632,-0.002421307506053183,-0.002421307506053183,-0.04999999999999716,-0.04999999999999716,20.6,20.65,20.6,20.65,1201.0,720.0,1900.0,115.0,True,True
2891,2022-10-27 09:36:44.470430,-0.002421307506053183,-0.002421307506053183,-0.04999999999999716,-0.04999999999999716,20.6,20.65,20.6,20.65,987.0,720.0,1900.0,115.0,False,False
2891,2022-10-27 09:36:45.496979,-0.002421307506053183,-0.002421307506053183,-0.04999999999999716,-0.04999999999999716,20.6,20.65,20.6,20.65,1180.0,720.0,1900.0,115.0,False,False
2891,2022-10-27 09:36:45.541594,-0.002421307506053183,-0.002421307506053183,-0.04999999999999716,-0.04999999999999716,20.6,20.65,20.6,20.65,1180.0,720.0,1900.0,115.0,False,False
2891,2022-10-27 09:36:50.745410,-0.002421307506053183,-0.002421307506053183,-0.04999999999999716,-0.04999999999999716,20.6,20.65,20.6,20.65,1180.0,720.0,1900.0,115.0,False,False
2891,2022-10-27 09:36:50.943123,-0.002421307506053183,-0.002421307506053183,-0.04999999999999716,-0.04999999999999716,20.6,20.65,20.6,20.65,1180.0,720.0,1900.0,115.0,False,False
2891,2022-10-27 09:36:51.497541,-0.002421307506053183,-0.002421307506053183,-0.04999999999999716,-0.04999999999999716,20.6,20.65,20.6,20.65,1179.0,720.0,1900.0,115.0,False,False
2891,2022-10-27 09:36:52.011486,-0.002421307506053183,-0.002421307506053183,-0.04999999999999716,-0.04999999999999716,20.6,20.65,20.6,20.65,1179.0,720.0,1900.0,115.0,False,False
2891,2022-10-27 09:36:52.075216,-0.002421307506053183,-0.002421307506053183,-0.04999999999999716,-0.04999999999999716,20.6,20.65,20.6,20.65,1178.0,720.0,1900.0,115.0,False,False
2891,2022-10-27 09:36:53.545381,-0.002421307506053183,-0.002421307506053183,-0.04999999999999716,-0.04999999999999716,20.6,20.65,20.6,20.65,1178.0,720.0,1900.0,140.0,True,True
2891,2022-10-27 09:36:55.261173,-0.002421307506053183,-0.002421307506053183,-0.04999999999999716,-0.04999999999999716,20.6,20.65,20.6,20.65,1178.0,720.0,1900.0,140.0,False,False
2891,2022-10-27 09:36:55.699182,-0.002421307506053183,-0.002421307506053183,-0.04999999999999716,-0.04999999999999716,20.6,20.65,20.6,20.65,1178.0,720.0,1900.0,140.0,False,False
2891,2022-10-27 09:36:57.786475,-0.002421307506053183,-0.002421307506053183,-0.04999999999999716,-0.04999999999999716,20.6,20.65,20.6,20.65,1178.0,720.0,1900.0,140.0,False,False
2891,2022-10-27 09:36:59.537136,-0.002421307506053183,-0.002421307506053183,-0.04999999999999716,-0.04999999999999716,20.6,20.65,20.6,20.65,1178.0,721.0,1900.0,140.0,False,False
2891,2022-10-27 09:37:00.265834,-0.002421307506053183,-0.002421307506053183,-0.04999999999999716,-0.04999999999999716,20.6,20.65,20.6,20.65,1178.0,721.0,1900.0,140.0,False,False
2891,2022-10-27 09:37:00.501707,-0.002421307506053183,-0.002421307506053183,-0.04999999999999716,-0.04999999999999716,20.6,20.65,20.6,20.65,1178.0,721.0,1900.0,140.0,False,False
2891,2022-10-27 09:37:01.475026,-0.002421307506053183,-0.002421307506053183,-0.04999999999999716,-0.04999999999999716,20.6,20.65,20.6,20.65,985.0,721.0,1900.0,140.0,False,False
2891,2022-10-27 09:37:02.324548,-0.002421307506053183,-0.002421307506053183,-0.04999999999999716,-0.04999999999999716,20.6,20.65,20.6,20.65,985.0,721.0,1900.0,140.0,False,False
2891,2022-10-27 09:37:02.488480,-0.002421307506053183,-0.002421307506053183,-0.04999999999999716,-0.04999999999999716,20.6,20.65,20.6,20.65,1178.0,721.0,1900.0,140.0,False,False
2891,2022-10-27 09:37:02.783306,-0.002421307506053183,-0.002421307506053183,-0.04999999999999716,-0.04999999999999716,20.6,20.65,20.6,20.65,1178.0,721.0,1900.0,140.0,False,True
2891,2022-10-27 09:37:03.012672,-0.002421307506053183,-0.002421307506053183,-0.04999999999999716,-0.04999999999999716,20.6,20.65,20.6,20.65,1178.0,721.0,1900.0,140.0,False,False
2891,2022-10-27 09:37:04.084045,-0.002421307506053183,-0.002421307506053183,-0.04999999999999716,-0.04999999999999716,20.6,20.65,20.6,20.65,1178.0,722.0,1900.0,140.0,False,False
2891,2022-10-27 09:37:05.507884,-0.002421307506053183,-0.002421307506053183,-0.04999999999999716,-0.04999999999999716,20.6,20.65,20.6,20.65,1178.0,722.0,1900.0,140.0,False,False
2891,2022-10-27 09:37:05.847542,-0.002421307506053183,-0.002421307506053183,-0.04999999999999716,-0.04999999999999716,20.6,20.65,20.6,20.65,1178.0,722.0,1900.0,140.0,False,False
2891,2022-10-27 09:37:06.324025,-0.002421307506053183,-0.002421307506053183,-0.04999999999999716,-0.04999999999999716,20.6,20.65,20.6,20.65,1188.0,722.0,1900.0,140.0,False,False
2891,2022-10-27 09:37:10.083288,-0.002421307506053183,-0.002421307506053183,-0.04999999999999716,-0.04999999999999716,20.6,20.65,20.6,20.65,1204.0,722.0,1900.0,140.0,False,False
2891,2022-10-27 09:37:10.521750,-0.002421307506053183,-0.002421307506053183,-0.04999999999999716,-0.04999999999999716,20.6,20.65,20.6,20.65,1204.0,722.0,1900.0,140.0,False,False
2891,2022-10-27 09:37:10.854753,-0.002421307506053183,-0.002421307506053183,-0.04999999999999716,-0.04999999999999716,20.6,20.65,20.6,20.65,1194.0,722.0,1900.0,140.0,False,False
2891,2022-10-27 09:37:11.125193,-0.002421307506053183,-0.002421307506053183,-0.04999999999999716,-0.04999999999999716,20.6,20.65,20.6,20.65,1195.0,722.0,1900.0,140.0,False,False
2891,2022-10-27 09:37:12.814430,-0.002421307506053183,-0.002421307506053183,-0.04999999999999716,-0.04999999999999716,20.6,20.65,20.6,20.65,1195.0,722.0,1899.0,140.0,True,True
2891,2022-10-27 09:37:13.313444,-0.002421307506053183,-0.002421307506053183,-0.04999999999999716,-0.04999999999999716,20.6,20.65,20.6,20.65,1195.0,722.0,1899.0,140.0,False,False
2891,2022-10-27 09:37:14.004837,-0.002421307506053183,-0.002421307506053183,-0.04999999999999716,-0.04999999999999716,20.6,20.65,20.6,20.65,1195.0,722.0,1899.0,140.0,False,False
2891,2022-10-27 09:37:15.548813,-0.002421307506053183,-0.002421307506053183,-0.04999999999999716,-0.04999999999999716,20.6,20.65,20.6,20.65,1185.0,722.0,1899.0,140.0,False,False
2891,2022-10-27 09:37:15.783238,-0.002421307506053183,-0.002421307506053183,-0.04999999999999716,-0.04999999999999716,20.6,20.65,20.6,20.65,1185.0,722.0,1899.0,140.0,False,False
2891,2022-10-27 09:37:15.857684,-0.002421307506053183,-0.002421307506053183,-0.04999999999999716,-0.04999999999999716,20.6,20.65,20.6,20.65,1151.0,722.0,1899.0,140.0,False,False
2891,2022-10-27 09:37:20.213733,-0.002421307506053183,-0.002421307506053183,-0.04999999999999716,-0.04999999999999716,20.6,20.65,20.6,20.65,1151.0,688.0,1899.0,140.0,False,False
2891,2022-10-27 09:37:20.584563,-0.002421307506053183,-0.002421307506053183,-0.04999999999999716,-0.04999999999999716,20.6,20.65,20.6,20.65,1151.0,688.0,1899.0,140.0,False,False
2891,2022-10-27 09:37:21.031130,-0.002421307506053183,-0.002421307506053183,-0.04999999999999716,-0.04999999999999716,20.6,20.65,20.6,20.65,1151.0,699.0,1899.0,140.0,False,False
2891,2022-10-27 09:37:22.842596,-0.002421307506053183,-0.002421307506053183,-0.04999999999999716,-0.04999999999999716,20.6,20.65,20.6,20.65,1151.0,699.0,1899.0,640.0,True,True
2891,2022-10-27 09:37:23.087996,-0.002421307506053183,-0.002421307506053183,-0.04999999999999716,-0.04999999999999716,20.6,20.65,20.6,20.65,1151.0,699.0,1899.0,640.0,False,False
2891,2022-10-27 09:37:25.590466,-0.002421307506053183,-0.002421307506053183,-0.04999999999999716,-0.04999999999999716,20.6,20.65,20.6,20.65,1151.0,699.0,1899.0,640.0,False,False
2891,2022-10-27 09:37:28.296801,-0.002421307506053183,-0.002421307506053183,-0.04999999999999716,-0.04999999999999716,20.6,20.65,20.6,20.65,1152.0,699.0,1899.0,640.0,False,False
2891,2022-10-27 09:37:28.789354,-0.002421307506053183,-0.002421307506053183,-0.04999999999999716,-0.04999999999999716,20.6,20.65,20.6,20.65,1152.0,693.0,1899.0,640.0,False,False
2891,2022-10-27 09:37:29.279500,-0.002421307506053183,-0.002421307506053183,-0.04999999999999716,-0.04999999999999716,20.6,20.65,20.6,20.65,1152.0,693.0,1899.0,640.0,False,False
2891,2022-10-27 09:37:29.316003,-0.002421307506053183,-0.002421307506053183,-0.04999999999999716,-0.04999999999999716,20.6,20.65,20.6,20.65,1152.0,693.0,1899.0,640.0,False,False
2891,2022-10-27 09:37:29.480050,-0.002421307506053183,-0.002421307506053183,-0.04999999999999716,-0.04999999999999716,20.6,20.65,20.6,20.65,959.0,693.0,1899.0,640.0,False,False
2891,2022-10-27 09:37:29.650735,-0.002421307506053183,-0.002421307506053183,-0.04999999999999716,-0.04999999999999716,20.6,20.65,20.6,20.65,959.0,693.0,1899.0,640.0,False,False
2891,2022-10-27 09:37:29.698822,-0.002421307506053183,-0.002421307506053183,-0.04999999999999716,-0.04999999999999716,20.6,20.65,20.6,20.65,959.0,693.0,1899.0,640.0,False,False
2891,2022-10-27 09:37:29.836899,-0.002421307506053183,-0.002421307506053183,-0.04999999999999716,-0.04999999999999716,20.6,20.65,20.6,20.65,959.0,693.0,1899.0,640.0,False,False
2891,2022-10-27 09:37:30.338940,-0.002421307506053183,-0.002421307506053183,-0.04999999999999716,-0.04999999999999716,20.6,20.65,20.6,20.65,959.0,627.0,1899.0,640.0,False,False
2891,2022-10-27 09:37:30.475967,-0.002421307506053183,-0.002421307506053183,-0.04999999999999716,-0.04999999999999716,20.6,20.65,20.6,20.65,1152.0,627.0,1899.0,640.0,False,False
2891,2022-10-27 09:37:30.594468,-0.002421307506053183,-0.002421307506053183,-0.04999999999999716,-0.04999999999999716,20.6,20.65,20.6,20.65,1152.0,627.0,1899.0,640.0,False,False
2891,2022-10-27 09:37:30.677326,-0.002421307506053183,-0.002421307506053183,-0.04999999999999716,-0.04999999999999716,20.6,20.65,20.6,20.65,1152.0,627.0,1899.0,640.0,False,False
2891,2022-10-27 09:37:30.685677,-0.002421307506053183,-0.002421307506053183,-0.04999999999999716,-0.04999999999999716,20.6,20.65,20.6,20.65,1152.0,620.0,1899.0,640.0,False,False
2891,2022-10-27 09:37:30.706888,-0.002421307506053183,-0.002421307506053183,-0.04999999999999716,-0.04999999999999716,20.6,20.65,20.6,20.65,1152.0,620.0,1899.0,640.0,False,False
2891,2022-10-27 09:37:30.873252,-0.002421307506053183,-0.002421307506053183,-0.04999999999999716,-0.04999999999999716,20.6,20.65,20.6,20.65,1152.0,620.0,1899.0,640.0,False,False
2891,2022-10-27 09:37:30.995224,-0.002421307506053183,-0.002421307506053183,-0.04999999999999716,-0.04999999999999716,20.6,20.65,20.6,20.65,1152.0,620.0,1899.0,640.0,False,False
2891,2022-10-27 09:37:31.079726,-0.002421307506053183,-0.002421307506053183,-0.04999999999999716,-0.04999999999999716,20.6,20.65,20.6,20.65,1152.0,683.0,1899.0,640.0,False,False
2891,2022-10-27 09:37:31.273096,-0.002421307506053183,-0.002421307506053183,-0.04999999999999716,-0.04999999999999716,20.6,20.65,20.6,20.65,1152.0,683.0,1899.0,640.0,False,False
2891,2022-10-27 09:37:31.467221,-0.002421307506053183,-0.002421307506053183,-0.04999999999999716,-0.04999999999999716,20.6,20.65,20.6,20.65,1152.0,688.0,1899.0,640.0,False,False
2891,2022-10-27 09:37:32.745284,-0.002421307506053183,-0.002421307506053183,-0.04999999999999716,-0.04999999999999716,20.6,20.65,20.6,20.65,1152.0,688.0,1899.0,640.0,False,False
2891,2022-10-27 09:37:32.767179,-0.002421307506053183,-0.002421307506053183,-0.04999999999999716,-0.04999999999999716,20.6,20.65,20.6,20.65,1152.0,688.0,1899.0,640.0,False,False
2891,2022-10-27 09:37:32.872881,-0.002421307506053183,-0.002421307506053183,-0.04999999999999716,-0.04999999999999716,20.6,20.65,20.6,20.65,1152.0,688.0,1949.0,640.0,True,True
2891,2022-10-27 09:37:33.619344,-0.002421307506053183,-0.002421307506053183,-0.04999999999999716,-0.04999999999999716,20.6,20.65,20.6,20.65,1152.0,688.0,1949.0,640.0,False,False
2891,2022-10-27 09:37:33.648912,-0.002421307506053183,-0.002421307506053183,-0.04999999999999716,-0.04999999999999716,20.6,20.65,20.6,20.65,1152.0,688.0,1949.0,640.0,False,False
2891,2022-10-27 09:37:35.430812,-0.002421307506053183,-0.002421307506053183,-0.04999999999999716,-0.04999999999999716,20.6,20.65,20.6,20.65,1147.0,688.0,1949.0,640.0,False,False
2891,2022-10-27 09:37:35.549865,-0.002421307506053183,-0.002421307506053183,-0.04999999999999716,-0.04999999999999716,20.6,20.65,20.6,20.65,1147.0,688.0,1949.0,640.0,False,False
2891,2022-10-27 09:37:36.395808,-0.002421307506053183,-0.002421307506053183,-0.04999999999999716,-0.04999999999999716,20.6,20.65,20.6,20.65,1147.0,688.0,1949.0,640.0,False,False
2891,2022-10-27 09:37:36.533975,-0.002421307506053183,-0.002421307506053183,-0.04999999999999716,-0.04999999999999716,20.6,20.65,20.6,20.65,954.0,688.0,1949.0,640.0,False,False
2891,2022-10-27 09:37:39.110963,-0.002421307506053183,-0.002421307506053183,-0.04999999999999716,-0.04999999999999716,20.6,20.65,20.6,20.65,954.0,688.0,1949.0,640.0,False,False
2891,2022-10-27 09:37:39.333717,-0.002421307506053183,-0.002421307506053183,-0.04999999999999716,-0.04999999999999716,20.6,20.65,20.6,20.65,964.0,688.0,1949.0,640.0,False,False
2891,2022-10-27 09:37:40.556166,-0.002421307506053183,-0.002421307506053183,-0.04999999999999716,-0.04999999999999716,20.6,20.65,20.6,20.65,964.0,688.0,1949.0,640.0,False,False
2891,2022-10-27 09:37:40.908625,-0.002421307506053183,-0.002421307506053183,-0.04999999999999716,-0.04999999999999716,20.6,20.65,20.6,20.65,964.0,689.0,1949.0,640.0,False,False
2891,2022-10-27 09:37:41.899350,-0.002421307506053183,-0.002421307506053183,-0.04999999999999716,-0.04999999999999716,20.6,20.65,20.6,20.65,964.0,688.0,1949.0,640.0,False,False
2891,2022-10-27 09:37:42.163023,-0.002421307506053183,-0.002421307506053183,-0.04999999999999716,-0.04999999999999716,20.6,20.65,20.6,20.65,964.0,688.0,1949.0,640.0,False,False
2891,2022-10-27 09:37:42.820664,-0.002421307506053183,-0.002421307506053183,-0.04999999999999716,-0.04999999999999716,20.6,20.65,20.6,20.65,964.0,688.0,1949.0,640.0,False,False
2891,2022-10-27 09:37:42.911984,-0.002421307506053183,-0.002421307506053183,-0.04999999999999716,-0.04999999999999716,20.6,20.65,20.6,20.65,964.0,688.0,1849.0,590.0,True,True
2891,2022-10-27 09:37:43.105375,-0.002421307506053183,-0.002421307506053183,-0.04999999999999716,-0.04999999999999716,20.6,20.65,20.6,20.65,964.0,688.0,1849.0,590.0,False,False
2891,2022-10-27 09:37:44.621614,-0.002421307506053183,-0.002421307506053183,-0.04999999999999716,-0.04999999999999716,20.6,20.65,20.6,20.65,838.0,688.0,1849.0,590.0,False,False
2891,2022-10-27 09:37:45.617550,-0.002421307506053183,-0.002421307506053183,-0.04999999999999716,-0.04999999999999716,20.6,20.65,20.6,20.65,838.0,688.0,1849.0,590.0,False,False
2891,2022-10-27 09:37:47.177774,-0.002421307506053183,-0.002421307506053183,-0.04999999999999716,-0.04999999999999716,20.6,20.65,20.6,20.65,838.0,688.0,1849.0,590.0,False,False
2891,2022-10-27 09:37:47.594675,-0.002421307506053183,-0.002421307506053183,-0.04999999999999716,-0.04999999999999716,20.6,20.65,20.6,20.65,838.0,688.0,1849.0,590.0,False,False
2891,2022-10-27 09:37:50.628887,-0.002421307506053183,-0.002421307506053183,-0.04999999999999716,-0.04999999999999716,20.6,20.65,20.6,20.65,838.0,688.0,1849.0,590.0,False,False
2891,2022-10-27 09:37:51.246922,-0.002421307506053183,-0.002421307506053183,-0.04999999999999716,-0.04999999999999716,20.6,20.65,20.6,20.65,839.0,688.0,1849.0,590.0,False,False
2891,2022-10-27 09:37:52.954935,-0.002421307506053183,-0.002421307506053183,-0.04999999999999716,-0.04999999999999716,20.6,20.65,20.6,20.65,839.0,688.0,1849.0,714.0,True,True
2891,2022-10-27 09:37:54.808816,-0.002421307506053183,-0.002421307506053183,-0.04999999999999716,-0.04999999999999716,20.6,20.65,20.6,20.65,829.0,688.0,1849.0,714.0,False,False
2891,2022-10-27 09:37:55.640584,-0.002421307506053183,-0.002421307506053183,-0.04999999999999716,-0.04999999999999716,20.6,20.65,20.6,20.65,829.0,688.0,1849.0,714.0,False,False
2891,2022-10-27 09:37:56.733629,-0.002421307506053183,-0.002421307506053183,-0.04999999999999716,-0.04999999999999716,20.6,20.65,20.6,20.65,830.0,688.0,1849.0,714.0,False,False
2891,2022-10-27 09:37:57.738431,-0.002421307506053183,-0.002421307506053183,-0.04999999999999716,-0.04999999999999716,20.6,20.65,20.6,20.65,830.0,689.0,1849.0,714.0,False,False
2891,2022-10-27 09:37:58.576968,-0.002421307506053183,-0.002421307506053183,-0.04999999999999716,-0.04999999999999716,20.6,20.65,20.6,20.65,830.0,688.0,1849.0,714.0,False,False
2891,2022-10-27 09:38:00.648755,-0.002421307506053183,-0.002421307506053183,-0.04999999999999716,-0.04999999999999716,20.6,20.65,20.6,20.65,830.0,688.0,1849.0,714.0,False,False
2891,2022-10-27 09:38:02.365088,-0.002421307506053183,-0.002421307506053183,-0.04999999999999716,-0.04999999999999716,20.6,20.65,20.6,20.65,830.0,687.0,1849.0,714.0,False,False
2891,2022-10-27 09:38:02.386135,-0.002421307506053183,-0.002421307506053183,-0.04999999999999716,-0.04999999999999716,20.6,20.65,20.6,20.65,830.0,686.0,1849.0,714.0,False,False
2891,2022-10-27 09:38:05.553222,-0.002421307506053183,-0.002421307506053183,-0.04999999999999716,-0.04999999999999716,20.6,20.65,20.6,20.65,830.0,686.0,1849.0,714.0,False,False
2891,2022-10-27 09:38:06.814109,-0.002421307506053183,-0.002421307506053183,-0.04999999999999716,-0.04999999999999716,20.6,20.65,20.6,20.65,830.0,686.0,1849.0,714.0,False,False
2891,2022-10-27 09:38:10.609074,-0.002421307506053183,-0.002421307506053183,-0.04999999999999716,-0.04999999999999716,20.6,20.65,20.6,20.65,830.0,686.0,1849.0,714.0,False,False
2891,2022-10-27 09:38:11.459291,-0.002421307506053183,-0.002421307506053183,-0.04999999999999716,-0.04999999999999716,20.6,20.65,20.6,20.65,830.0,687.0,1849.0,714.0,False,False
2891,2022-10-27 09:38:12.105216,-0.002421307506053183,-0.002421307506053183,-0.04999999999999716,-0.04999999999999716,20.6,20.65,20.6,20.65,830.0,577.0,1849.0,714.0,False,False
2891,2022-10-27 09:38:12.309628,-0.002421307506053183,-0.002421307506053183,-0.04999999999999716,-0.04999999999999716,20.6,20.65,20.6,20.65,829.0,577.0,1849.0,714.0,False,False
2891,2022-10-27 09:38:12.934300,-0.002421307506053183,-0.002421307506053183,-0.04999999999999716,-0.04999999999999716,20.6,20.65,20.6,20.65,829.0,578.0,1849.0,714.0,False,False
2891,2022-10-27 09:38:13.012368,-0.002421307506053183,-0.002421307506053183,-0.04999999999999716,-0.04999999999999716,20.6,20.65,20.6,20.65,829.0,578.0,1849.0,754.0,True,True
2891,2022-10-27 09:38:13.488059,-0.002421307506053183,-0.002421307506053183,-0.04999999999999716,-0.04999999999999716,20.6,20.65,20.6,20.65,829.0,576.0,1849.0,754.0,False,False
2891,2022-10-27 09:38:13.718355,-0.002421307506053183,-0.002421307506053183,-0.04999999999999716,-0.04999999999999716,20.6,20.65,20.6,20.65,829.0,560.0,1849.0,754.0,False,False
2891,2022-10-27 09:38:15.614197,-0.002421307506053183,-0.002421307506053183,-0.04999999999999716,-0.04999999999999716,20.6,20.65,20.6,20.65,829.0,560.0,1849.0,754.0,False,False
2891,2022-10-27 09:38:15.963470,-0.002421307506053183,-0.002421307506053183,-0.04999999999999716,-0.04999999999999716,20.6,20.65,20.6,20.65,828.0,560.0,1849.0,754.0,False,False
2891,2022-10-27 09:38:16.225259,-0.002421307506053183,-0.002421307506053183,-0.04999999999999716,-0.04999999999999716,20.6,20.65,20.6,20.65,828.0,560.0,1849.0,754.0,False,False
2891,2022-10-27 09:38:17.920992,-0.002421307506053183,-0.002421307506053183,-0.04999999999999716,-0.04999999999999716,20.6,20.65,20.6,20.65,828.0,577.0,1849.0,754.0,False,False
2891,2022-10-27 09:38:18.254726,-0.002421307506053183,-0.002421307506053183,-0.04999999999999716,-0.04999999999999716,20.6,20.65,20.6,20.65,829.0,577.0,1849.0,754.0,False,False
2891,2022-10-27 09:38:19.331735,-0.002421307506053183,-0.002421307506053183,-0.04999999999999716,-0.04999999999999716,20.6,20.65,20.6,20.65,829.0,577.0,1849.0,754.0,False,False
2891,2022-10-27 09:38:20.557583,-0.002421307506053183,-0.002421307506053183,-0.04999999999999716,-0.04999999999999716,20.6,20.65,20.6,20.65,1001.0,577.0,1849.0,754.0,False,False
2891,2022-10-27 09:38:20.624835,-0.002421307506053183,-0.002421307506053183,-0.04999999999999716,-0.04999999999999716,20.6,20.65,20.6,20.65,1001.0,577.0,1849.0,754.0,False,False
2891,2022-10-27 09:38:21.871350,-0.002421307506053183,-0.002421307506053183,-0.04999999999999716,-0.04999999999999716,20.6,20.65,20.6,20.65,1001.0,578.0,1849.0,754.0,False,False
2891,2022-10-27 09:38:21.910615,-0.002421307506053183,-0.002421307506053183,-0.04999999999999716,-0.04999999999999716,20.6,20.65,20.6,20.65,1001.0,579.0,1849.0,754.0,False,False
2891,2022-10-27 09:38:23.003075,-0.002421307506053183,-0.002421307506053183,-0.04999999999999716,-0.04999999999999716,20.6,20.65,20.6,20.65,1001.0,579.0,1849.0,754.0,False,False
2891,2022-10-27 09:38:23.039623,-0.002421307506053183,-0.002421307506053183,-0.04999999999999716,-0.04999999999999716,20.6,20.65,20.6,20.65,1001.0,579.0,1849.0,754.0,True,True
2891,2022-10-27 09:38:24.678760,-0.002421307506053183,-0.002421307506053183,-0.04999999999999716,-0.04999999999999716,20.6,20.65,20.6,20.65,1127.0,579.0,1849.0,754.0,False,False
2891,2022-10-27 09:38:24.832195,-0.002421307506053183,-0.002421307506053183,-0.04999999999999716,-0.04999999999999716,20.6,20.65,20.6,20.65,1127.0,579.0,1849.0,754.0,False,False
2891,2022-10-27 09:38:24.845465,-0.002421307506053183,-0.002421307506053183,-0.04999999999999716,-0.04999999999999716,20.6,20.65,20.6,20.65,1127.0,579.0,1849.0,754.0,False,False
2891,2022-10-27 09:38:25.299201,-0.002421307506053183,-0.002421307506053183,-0.04999999999999716,-0.04999999999999716,20.6,20.65,20.6,20.65,1127.0,579.0,1849.0,754.0,False,False
2891,2022-10-27 09:38:25.375040,-0.002421307506053183,-0.002421307506053183,-0.04999999999999716,-0.04999999999999716,20.6,20.65,20.6,20.65,1128.0,579.0,1849.0,754.0,False,False
2891,2022-10-27 09:38:25.684833,-0.002421307506053183,-0.002421307506053183,-0.04999999999999716,-0.04999999999999716,20.6,20.65,20.6,20.65,1128.0,579.0,1849.0,754.0,False,False
2891,2022-10-27 09:38:25.894842,-0.002421307506053183,-0.002421307506053183,-0.04999999999999716,-0.04999999999999716,20.6,20.65,20.6,20.65,1128.0,574.0,1849.0,754.0,False,False
2891,2022-10-27 09:38:26.127938,-0.002421307506053183,-0.002421307506053183,-0.04999999999999716,-0.04999999999999716,20.6,20.65,20.6,20.65,1134.0,574.0,1849.0,754.0,False,False
2891,2022-10-27 09:38:26.219515,-0.002421307506053183,-0.002421307506053183,-0.04999999999999716,-0.04999999999999716,20.6,20.65,20.6,20.65,1134.0,569.0,1849.0,754.0,False,False
2891,2022-10-27 09:38:26.361139,-0.002421307506053183,-0.002421307506053183,-0.04999999999999716,-0.04999999999999716,20.6,20.65,20.6,20.65,1134.0,569.0,1849.0,754.0,False,False
2891,2022-10-27 09:38:26.393542,-0.002421307506053183,-0.002421307506053183,-0.04999999999999716,-0.04999999999999716,20.6,20.65,20.6,20.65,1134.0,569.0,1849.0,754.0,False,False
2891,2022-10-27 09:38:27.887810,-0.002421307506053183,-0.002421307506053183,-0.04999999999999716,-0.04999999999999716,20.6,20.65,20.6,20.65,1134.0,569.0,1849.0,754.0,False,False
2891,2022-10-27 09:38:28.328140,-0.002421307506053183,-0.002421307506053183,-0.04999999999999716,-0.04999999999999716,20.6,20.65,20.6,20.65,1134.0,569.0,1849.0,754.0,False,False
2891,2022-10-27 09:38:28.336364,-0.002421307506053183,-0.002421307506053183,-0.04999999999999716,-0.04999999999999716,20.6,20.65,20.6,20.65,1134.0,569.0,1849.0,754.0,False,False
2891,2022-10-27 09:38:28.704853,-0.002421307506053183,-0.002421307506053183,-0.04999999999999716,-0.04999999999999716,20.6,20.65,20.6,20.65,1134.0,562.0,1849.0,754.0,False,False
2891,2022-10-27 09:38:28.831845,-0.002421307506053183,-0.002421307506053183,-0.04999999999999716,-0.04999999999999716,20.6,20.65,20.6,20.65,1134.0,562.0,1849.0,754.0,False,False
2891,2022-10-27 09:38:28.855573,-0.002421307506053183,-0.002421307506053183,-0.04999999999999716,-0.04999999999999716,20.6,20.65,20.6,20.65,1134.0,560.0,1849.0,754.0,False,False
2891,2022-10-27 09:38:28.862706,-0.002421307506053183,-0.002421307506053183,-0.04999999999999716,-0.04999999999999716,20.6,20.65,20.6,20.65,1134.0,560.0,1849.0,754.0,False,False
2891,2022-10-27 09:38:28.922813,-0.002421307506053183,-0.002421307506053183,-0.04999999999999716,-0.04999999999999716,20.6,20.65,20.6,20.65,1134.0,406.0,1849.0,754.0,False,False
2891,2022-10-27 09:38:29.094984,-0.002421307506053183,-0.002421307506053183,-0.04999999999999716,-0.04999999999999716,20.6,20.65,20.6,20.65,1134.0,406.0,1849.0,754.0,False,False
2891,2022-10-27 09:38:29.912957,-0.002421307506053183,-0.002421307506053183,-0.04999999999999716,-0.04999999999999716,20.6,20.65,20.6,20.65,1114.0,386.0,1849.0,754.0,False,False
2891,2022-10-27 09:38:30.372266,-0.002421307506053183,-0.002421307506053183,-0.04999999999999716,-0.04999999999999716,20.6,20.65,20.6,20.65,1114.0,385.0,1849.0,754.0,False,False
2891,2022-10-27 09:38:30.696464,-0.002421307506053183,-0.002421307506053183,-0.04999999999999716,-0.04999999999999716,20.6,20.65,20.6,20.65,1114.0,385.0,1849.0,754.0,False,False
2891,2022-10-27 09:38:31.880180,-0.002421307506053183,-0.002421307506053183,-0.04999999999999716,-0.04999999999999716,20.6,20.65,20.6,20.65,1114.0,383.0,1849.0,754.0,False,False
2891,2022-10-27 09:38:33.072786,-0.002421307506053183,-0.002421307506053183,-0.04999999999999716,-0.04999999999999716,20.6,20.65,20.6,20.65,1114.0,383.0,1789.0,754.0,True,True
2891,2022-10-27 09:38:33.652286,-0.002421307506053183,-0.002421307506053183,-0.04999999999999716,-0.04999999999999716,20.6,20.65,20.6,20.65,1114.0,335.0,1789.0,754.0,False,False
2891,2022-10-27 09:38:33.716850,-0.002421307506053183,-0.002421307506053183,-0.04999999999999716,-0.04999999999999716,20.6,20.65,20.6,20.65,1114.0,375.0,1789.0,754.0,False,False
2891,2022-10-27 09:38:34.425002,-0.002421307506053183,-0.002421307506053183,-0.04999999999999716,-0.04999999999999716,20.6,20.65,20.6,20.65,942.0,375.0,1789.0,754.0,False,False
2891,2022-10-27 09:38:34.713264,-0.002421307506053183,-0.002421307506053183,-0.04999999999999716,-0.04999999999999716,20.6,20.65,20.6,20.65,942.0,379.0,1789.0,754.0,False,False
2891,2022-10-27 09:38:34.885589,-0.002421307506053183,-0.002421307506053183,-0.04999999999999716,-0.04999999999999716,20.6,20.65,20.6,20.65,942.0,374.0,1789.0,754.0,False,False
2891,2022-10-27 09:38:35.706050,-0.002421307506053183,-0.002421307506053183,-0.04999999999999716,-0.04999999999999716,20.6,20.65,20.6,20.65,942.0,374.0,1789.0,754.0,False,False
2891,2022-10-27 09:38:36.311475,-0.002421307506053183,-0.002421307506053183,-0.04999999999999716,-0.04999999999999716,20.6,20.65,20.6,20.65,942.0,373.0,1789.0,754.0,False,False
2891,2022-10-27 09:38:36.787232,-0.002421307506053183,-0.002421307506053183,-0.04999999999999716,-0.04999999999999716,20.6,20.65,20.6,20.65,942.0,368.0,1789.0,754.0,False,False
2891,2022-10-27 09:38:36.909369,-0.002421307506053183,-0.002421307506053183,-0.04999999999999716,-0.04999999999999716,20.6,20.65,20.6,20.65,942.0,367.0,1789.0,754.0,False,False
2891,2022-10-27 09:38:37.269426,-0.002421307506053183,-0.002421307506053183,-0.04999999999999716,-0.04999999999999716,20.6,20.65,20.6,20.65,942.0,366.0,1789.0,754.0,False,False
2891,2022-10-27 09:38:37.351827,-0.002421307506053183,-0.002421307506053183,-0.04999999999999716,-0.04999999999999716,20.6,20.65,20.6,20.65,939.0,366.0,1789.0,754.0,False,False
2891,2022-10-27 09:38:37.772075,-0.002421307506053183,-0.002421307506053183,-0.04999999999999716,-0.04999999999999716,20.6,20.65,20.6,20.65,939.0,366.0,1789.0,754.0,False,False
2891,2022-10-27 09:38:38.275224,-0.002421307506053183,-0.002421307506053183,-0.04999999999999716,-0.04999999999999716,20.6,20.65,20.6,20.65,939.0,364.0,1789.0,754.0,False,False
2891,2022-10-27 09:38:39.491580,-0.002421307506053183,-0.002421307506053183,-0.04999999999999716,-0.04999999999999716,20.6,20.65,20.6,20.65,939.0,334.0,1789.0,754.0,False,False
2891,2022-10-27 09:38:39.912094,-0.002421307506053183,-0.002421307506053183,-0.04999999999999716,-0.04999999999999716,20.6,20.65,20.6,20.65,939.0,331.0,1789.0,754.0,False,False
2891,2022-10-27 09:38:40.667400,-0.002421307506053183,-0.002421307506053183,-0.04999999999999716,-0.04999999999999716,20.6,20.65,20.6,20.65,939.0,331.0,1789.0,754.0,False,False
2891,2022-10-27 09:38:41.150710,-0.002421307506053183,-0.002421307506053183,-0.04999999999999716,-0.04999999999999716,20.6,20.65,20.6,20.65,939.0,331.0,1789.0,754.0,False,False
2891,2022-10-27 09:38:41.365939,-0.002421307506053183,-0.002421307506053183,-0.04999999999999716,-0.04999999999999716,20.6,20.65,20.6,20.65,939.0,336.0,1789.0,754.0,False,False
2891,2022-10-27 09:38:41.816682,-0.002421307506053183,-0.002421307506053183,-0.04999999999999716,-0.04999999999999716,20.6,20.65,20.6,20.65,950.0,336.0,1789.0,754.0,False,False
2891,2022-10-27 09:38:43.133879,-0.002421307506053183,-0.002421307506053183,-0.04999999999999716,-0.04999999999999716,20.6,20.65,20.6,20.65,950.0,339.0,1789.0,754.0,False,False
2891,2022-10-27 09:38:43.119277,-0.002421307506053183,-0.002421307506053183,-0.04999999999999716,-0.04999999999999716,20.6,20.65,20.6,20.65,950.0,339.0,1857.0,754.0,True,True
2891,2022-10-27 09:38:43.871993,-0.002421307506053183,-0.002421307506053183,-0.04999999999999716,-0.04999999999999716,20.6,20.65,20.6,20.65,950.0,340.0,1857.0,754.0,False,False
2891,2022-10-27 09:38:45.268283,-0.002421307506053183,-0.002421307506053183,-0.04999999999999716,-0.04999999999999716,20.6,20.65,20.6,20.65,950.0,333.0,1857.0,754.0,False,False
2891,2022-10-27 09:38:45.678799,-0.002421307506053183,-0.002421307506053183,-0.04999999999999716,-0.04999999999999716,20.6,20.65,20.6,20.65,950.0,333.0,1857.0,754.0,False,False
2891,2022-10-27 09:38:45.847355,-0.002421307506053183,-0.002421307506053183,-0.04999999999999716,-0.04999999999999716,20.6,20.65,20.6,20.65,950.0,333.0,1857.0,754.0,False,False
2891,2022-10-27 09:38:46.421795,-0.002421307506053183,-0.002421307506053183,-0.04999999999999716,-0.04999999999999716,20.6,20.65,20.6,20.65,951.0,333.0,1857.0,754.0,False,False
2891,2022-10-27 09:38:46.791043,-0.002421307506053183,-0.002421307506053183,-0.04999999999999716,-0.04999999999999716,20.6,20.65,20.6,20.65,951.0,326.0,1857.0,754.0,False,False
2891,2022-10-27 09:38:47.980372,-0.002421307506053183,-0.002421307506053183,-0.04999999999999716,-0.04999999999999716,20.6,20.65,20.6,20.65,951.0,324.0,1857.0,754.0,False,False
2891,2022-10-27 09:38:48.096335,-0.002421307506053183,-0.002421307506053183,-0.04999999999999716,-0.04999999999999716,20.6,20.65,20.6,20.65,951.0,323.0,1857.0,754.0,False,False
2891,2022-10-27 09:38:48.805711,-0.002421307506053183,-0.002421307506053183,-0.04999999999999716,-0.04999999999999716,20.6,20.65,20.6,20.65,951.0,323.0,1857.0,754.0,False,False
2891,2022-10-27 09:38:49.419345,-0.002421307506053183,-0.002421307506053183,-0.04999999999999716,-0.04999999999999716,20.6,20.65,20.6,20.65,951.0,326.0,1857.0,754.0,False,False
2891,2022-10-27 09:38:49.561614,-0.002421307506053183,-0.002421307506053183,-0.04999999999999716,-0.04999999999999716,20.6,20.65,20.6,20.65,951.0,316.0,1857.0,754.0,False,False
2891,2022-10-27 09:38:50.207104,-0.002421307506053183,-0.002421307506053183,-0.04999999999999716,-0.04999999999999716,20.6,20.65,20.6,20.65,951.0,316.0,1857.0,754.0,False,False
2891,2022-10-27 09:38:50.683875,-0.002421307506053183,-0.002421307506053183,-0.04999999999999716,-0.04999999999999716,20.6,20.65,20.6,20.65,951.0,316.0,1857.0,754.0,False,False
2891,2022-10-27 09:38:50.992878,-0.002421307506053183,-0.002421307506053183,-0.04999999999999716,-0.04999999999999716,20.6,20.65,20.6,20.65,951.0,315.0,1857.0,754.0,False,False
2891,2022-10-27 09:38:51.496583,-0.002421307506053183,-0.002421307506053183,-0.04999999999999716,-0.04999999999999716,20.6,20.65,20.6,20.65,951.0,315.0,1857.0,754.0,False,False
2891,2022-10-27 09:38:51.519315,-0.002421307506053183,-0.002421307506053183,-0.04999999999999716,-0.04999999999999716,20.6,20.65,20.6,20.65,951.0,312.0,1857.0,754.0,False,False
2891,2022-10-27 09:38:52.362655,-0.002421307506053183,-0.002421307506053183,-0.04999999999999716,-0.04999999999999716,20.6,20.65,20.6,20.65,951.0,312.0,1857.0,754.0,False,False
2891,2022-10-27 09:38:52.425637,-0.002421307506053183,-0.002421307506053183,-0.04999999999999716,-0.04999999999999716,20.6,20.65,20.6,20.65,1134.0,312.0,1857.0,754.0,False,False
2891,2022-10-27 09:38:53.153523,-0.002421307506053183,-0.002421307506053183,-0.04999999999999716,-0.04999999999999716,20.6,20.65,20.6,20.65,1134.0,312.0,1857.0,754.0,True,True
2891,2022-10-27 09:38:53.412012,-0.002421307506053183,-0.002421307506053183,-0.04999999999999716,-0.04999999999999716,20.6,20.65,20.6,20.65,951.0,312.0,1857.0,754.0,False,False
2891,2022-10-27 09:38:54.416001,-0.002421307506053183,-0.002421307506053183,-0.04999999999999716,-0.04999999999999716,20.6,20.65,20.6,20.65,1134.0,312.0,1857.0,754.0,False,False
2891,2022-10-27 09:38:54.851118,-0.002421307506053183,-0.002421307506053183,-0.04999999999999716,-0.04999999999999716,20.6,20.65,20.6,20.65,1134.0,311.0,1857.0,754.0,False,False
2891,2022-10-27 09:38:55.411596,-0.002421307506053183,-0.002421307506053183,-0.04999999999999716,-0.04999999999999716,20.6,20.65,20.6,20.65,951.0,311.0,1857.0,754.0,False,False
2891,2022-10-27 09:38:55.693869,-0.002421307506053183,-0.002421307506053183,-0.04999999999999716,-0.04999999999999716,20.6,20.65,20.6,20.65,951.0,311.0,1857.0,754.0,False,False
2891,2022-10-27 09:38:55.983810,-0.002421307506053183,-0.002421307506053183,-0.04999999999999716,-0.04999999999999716,20.6,20.65,20.6,20.65,951.0,310.0,1857.0,754.0,False,False
2891,2022-10-27 09:38:57.035565,-0.002421307506053183,-0.002421307506053183,-0.04999999999999716,-0.04999999999999716,20.6,20.65,20.6,20.65,951.0,311.0,1857.0,754.0,False,False
2891,2022-10-27 09:38:57.420222,-0.002421307506053183,-0.002421307506053183,-0.04999999999999716,-0.04999999999999716,20.6,20.65,20.6,20.65,1132.0,311.0,1857.0,754.0,False,False
2891,2022-10-27 09:38:58.358888,-0.002421307506053183,-0.002421307506053183,-0.04999999999999716,-0.04999999999999716,20.6,20.65,20.6,20.65,1132.0,310.0,1857.0,754.0,False,False
2891,2022-10-27 09:38:58.414770,-0.002421307506053183,-0.002421307506053183,-0.04999999999999716,-0.04999999999999716,20.6,20.65,20.6,20.65,951.0,310.0,1857.0,754.0,False,False
2891,2022-10-27 09:38:59.539923,-0.002421307506053183,-0.002421307506053183,-0.04999999999999716,-0.04999999999999716,20.6,20.65,20.6,20.65,952.0,310.0,1857.0,754.0,False,False
2891,2022-10-27 09:39:00.273698,-0.002421307506053183,-0.002421307506053183,-0.04999999999999716,-0.04999999999999716,20.6,20.65,20.6,20.65,953.0,310.0,1857.0,754.0,False,False
2891,2022-10-27 09:39:00.456209,-0.002421307506053183,-0.002421307506053183,-0.04999999999999716,-0.04999999999999716,20.6,20.65,20.6,20.65,958.0,310.0,1857.0,754.0,False,False
2891,2022-10-27 09:39:00.726399,-0.002421307506053183,-0.002421307506053183,-0.04999999999999716,-0.04999999999999716,20.6,20.65,20.6,20.65,958.0,320.0,1857.0,754.0,False,False
2891,2022-10-27 09:39:00.752147,-0.002421307506053183,-0.002421307506053183,-0.04999999999999716,-0.04999999999999716,20.6,20.65,20.6,20.65,958.0,320.0,1857.0,754.0,False,False
2891,2022-10-27 09:39:01.853234,-0.002421307506053183,-0.002421307506053183,-0.04999999999999716,-0.04999999999999716,20.6,20.65,20.6,20.65,958.0,321.0,1857.0,754.0,False,False
2891,2022-10-27 09:39:02.415362,-0.002421307506053183,-0.002421307506053183,-0.04999999999999716,-0.04999999999999716,20.6,20.65,20.6,20.65,1138.0,321.0,1857.0,754.0,False,False
2891,2022-10-27 09:39:02.711370,-0.002421307506053183,-0.002421307506053183,-0.04999999999999716,-0.04999999999999716,20.6,20.65,20.6,20.65,1138.0,322.0,1857.0,754.0,False,False
2891,2022-10-27 09:39:02.993526,-0.002421307506053183,-0.002421307506053183,-0.04999999999999716,-0.04999999999999716,20.6,20.65,20.6,20.65,1138.0,320.0,1857.0,754.0,False,False
2891,2022-10-27 09:39:03.182594,-0.002421307506053183,-0.002421307506053183,-0.04999999999999716,-0.04999999999999716,20.6,20.65,20.6,20.65,1138.0,320.0,1906.0,1554.0,True,True
2891,2022-10-27 09:39:03.769484,-0.002421307506053183,-0.002421307506053183,-0.04999999999999716,-0.04999999999999716,20.6,20.65,20.6,20.65,1137.0,319.0,1906.0,1554.0,False,False
2891,2022-10-27 09:39:05.404486,-0.002421307506053183,-0.002421307506053183,-0.04999999999999716,-0.04999999999999716,20.6,20.65,20.6,20.65,957.0,319.0,1906.0,1554.0,False,False
2891,2022-10-27 09:39:05.763914,-0.002421307506053183,-0.002421307506053183,-0.04999999999999716,-0.04999999999999716,20.6,20.65,20.6,20.65,957.0,319.0,1906.0,1554.0,False,False
2891,2022-10-27 09:39:06.420781,-0.002421307506053183,-0.002421307506053183,-0.04999999999999716,-0.04999999999999716,20.6,20.65,20.6,20.65,1137.0,319.0,1906.0,1554.0,False,False
2891,2022-10-27 09:39:08.401947,-0.002421307506053183,-0.002421307506053183,-0.04999999999999716,-0.04999999999999716,20.6,20.65,20.6,20.65,957.0,319.0,1906.0,1554.0,False,False
2891,2022-10-27 09:39:08.549152,-0.002421307506053183,-0.002421307506053183,-0.04999999999999716,-0.04999999999999716,20.6,20.65,20.6,20.65,955.0,319.0,1906.0,1554.0,False,False
2891,2022-10-27 09:39:08.737716,-0.002421307506053183,-0.002421307506053183,-0.04999999999999716,-0.04999999999999716,20.6,20.65,20.6,20.65,960.0,319.0,1906.0,1554.0,False,False
2891,2022-10-27 09:39:09.731601,-0.002421307506053183,-0.002421307506053183,-0.04999999999999716,-0.04999999999999716,20.6,20.65,20.6,20.65,960.0,318.0,1906.0,1554.0,False,False
2891,2022-10-27 09:39:10.774997,-0.002421307506053183,-0.002421307506053183,-0.04999999999999716,-0.04999999999999716,20.6,20.65,20.6,20.65,960.0,318.0,1906.0,1554.0,False,False
2891,2022-10-27 09:39:11.075660,-0.002421307506053183,-0.002421307506053183,-0.04999999999999716,-0.04999999999999716,20.6,20.65,20.6,20.65,960.0,318.0,1906.0,1554.0,False,False
2891,2022-10-27 09:39:11.135156,-0.002421307506053183,-0.002421307506053183,-0.04999999999999716,-0.04999999999999716,20.6,20.65,20.6,20.65,960.0,317.0,1906.0,1554.0,False,False
2891,2022-10-27 09:39:11.364148,-0.002421307506053183,-0.002421307506053183,-0.04999999999999716,-0.04999999999999716,20.6,20.65,20.6,20.65,960.0,317.0,1906.0,1554.0,False,False
2891,2022-10-27 09:39:11.975604,-0.002421307506053183,-0.002421307506053183,-0.04999999999999716,-0.04999999999999716,20.6,20.65,20.6,20.65,960.0,317.0,1906.0,1554.0,False,False
2891,2022-10-27 09:39:13.399518,-0.002421307506053183,-0.002421307506053183,-0.04999999999999716,-0.04999999999999716,20.6,20.65,20.6,20.65,960.0,317.0,1906.0,1554.0,False,False
2891,2022-10-27 09:39:13.599480,-0.002421307506053183,-0.002421307506053183,-0.04999999999999716,-0.04999999999999716,20.6,20.65,20.6,20.65,986.0,317.0,1906.0,1554.0,False,False
2891,2022-10-27 09:39:14.195272,-0.002421307506053183,-0.002421307506053183,-0.04999999999999716,-0.04999999999999716,20.6,20.65,20.6,20.65,986.0,317.0,1906.0,1554.0,False,False
2891,2022-10-27 09:39:15.469820,-0.002421307506053183,-0.002421307506053183,-0.04999999999999716,-0.04999999999999716,20.6,20.65,20.6,20.65,986.0,294.0,1906.0,1554.0,False,False
2891,2022-10-27 09:39:15.484593,-0.002421307506053183,-0.002421307506053183,-0.04999999999999716,-0.04999999999999716,20.6,20.65,20.6,20.65,986.0,294.0,1906.0,1554.0,False,False
2891,2022-10-27 09:39:16.155823,-0.002421307506053183,-0.002421307506053183,-0.04999999999999716,-0.04999999999999716,20.6,20.65,20.6,20.65,986.0,294.0,1906.0,1554.0,False,False
2891,2022-10-27 09:39:16.428964,-0.002421307506053183,-0.002421307506053183,-0.04999999999999716,-0.04999999999999716,20.6,20.65,20.6,20.65,986.0,137.0,1906.0,1554.0,False,False
2891,2022-10-27 09:39:16.471886,-0.004830917874396046,-0.002421307506053183,-0.09999999999999787,-0.04999999999999716,20.6,20.7,20.6,20.65,986.0,592.0,1906.0,1554.0,False,False
2891,2022-10-27 09:39:16.487794,-0.002421307506053183,-0.002421307506053183,-0.04999999999999716,-0.04999999999999716,20.6,20.65,20.6,20.65,986.0,1.0,1906.0,1554.0,False,False
2891,2022-10-27 09:39:16.528177,-0.004830917874396046,-0.002421307506053183,-0.09999999999999787,-0.04999999999999716,20.6,20.7,20.6,20.65,1031.0,590.0,1906.0,1554.0,False,False
2891,2022-10-27 09:39:16.558608,-0.002421307506053183,-0.002421307506053183,-0.04999999999999716,-0.04999999999999716,20.6,20.65,20.6,20.65,1031.0,98.0,1906.0,1554.0,False,False
2891,2022-10-27 09:39:16.532544,-0.004830917874396046,0.0,-0.09999999999999787,0.0,20.65,20.7,20.6,20.65,83.0,590.0,1906.0,1554.0,False,False
2891,2022-10-27 09:39:16.641147,-0.004830917874396046,-0.002421307506053183,-0.09999999999999787,-0.04999999999999716,20.6,20.7,20.6,20.65,1031.0,590.0,1906.0,1554.0,False,False
2891,2022-10-27 09:39:16.684942,-0.004830917874396046,-0.002421307506053183,-0.09999999999999787,-0.04999999999999716,20.6,20.7,20.6,20.65,1031.0,590.0,1906.0,1554.0,False,False
2891,2022-10-27 09:39:16.717745,-0.004830917874396046,-0.002421307506053183,-0.09999999999999787,-0.04999999999999716,20.6,20.7,20.6,20.65,1031.0,590.0,1906.0,1554.0,False,False
2891,2022-10-27 09:39:16.810286,-0.004830917874396046,-0.002421307506053183,-0.09999999999999787,-0.04999999999999716,20.6,20.7,20.6,20.65,1071.0,590.0,1906.0,1554.0,False,False
2891,2022-10-27 09:39:16.995314,-0.004830917874396046,-0.002421307506053183,-0.09999999999999787,-0.04999999999999716,20.6,20.7,20.6,20.65,1070.0,590.0,1906.0,1554.0,False,False
2891,2022-10-27 09:39:17.107773,-0.004830917874396046,-0.002421307506053183,-0.09999999999999787,-0.04999999999999716,20.6,20.7,20.6,20.65,1070.0,590.0,1906.0,1554.0,False,False
2891,2022-10-27 09:39:17.407058,-0.004830917874396046,0.0,-0.09999999999999787,0.0,20.65,20.7,20.6,20.65,221.0,590.0,1906.0,1554.0,False,False
2891,2022-10-27 09:39:17.461883,-0.004830917874396046,0.0,-0.09999999999999787,0.0,20.65,20.7,20.6,20.65,221.0,590.0,1906.0,1554.0,False,False
2891,2022-10-27 09:39:17.493440,-0.004830917874396046,0.0,-0.09999999999999787,0.0,20.65,20.7,20.6,20.65,219.0,590.0,1906.0,1554.0,False,False
2891,2022-10-27 09:39:17.546155,-0.004830917874396046,0.0,-0.09999999999999787,0.0,20.65,20.7,20.6,20.65,339.0,590.0,1906.0,1554.0,False,False
2891,2022-10-27 09:39:18.111943,-0.004830917874396046,0.0,-0.09999999999999787,0.0,20.65,20.7,20.6,20.65,384.0,590.0,1906.0,1554.0,False,False
2891,2022-10-27 09:39:18.499265,-0.004830917874396046,0.0,-0.09999999999999787,0.0,20.65,20.7,20.6,20.65,384.0,590.0,1906.0,1554.0,False,False
2891,2022-10-27 09:39:18.537653,-0.004830917874396046,0.0,-0.09999999999999787,0.0,20.65,20.7,20.6,20.65,510.0,590.0,1906.0,1554.0,False,False
2891,2022-10-27 09:39:18.825640,-0.004830917874396046,0.0,-0.09999999999999787,0.0,20.65,20.7,20.6,20.65,510.0,590.0,1906.0,1554.0,False,False
2891,2022-10-27 09:39:19.100896,-0.004830917874396046,0.0,-0.09999999999999787,0.0,20.65,20.7,20.6,20.65,510.0,590.0,1906.0,1554.0,False,False
2891,2022-10-27 09:39:20.060637,-0.004830917874396046,0.0,-0.09999999999999787,0.0,20.65,20.7,20.6,20.65,510.0,590.0,1906.0,1554.0,False,False
2891,2022-10-27 09:39:20.187870,-0.004830917874396046,0.0,-0.09999999999999787,0.0,20.65,20.7,20.6,20.65,520.0,590.0,1906.0,1554.0,False,False
2891,2022-10-27 09:39:20.547731,-0.004830917874396046,0.0,-0.09999999999999787,0.0,20.65,20.7,20.6,20.65,520.0,590.0,1906.0,1554.0,False,False
2891,2022-10-27 09:39:20.642369,-0.004830917874396046,0.0,-0.09999999999999787,0.0,20.65,20.7,20.6,20.65,522.0,590.0,1906.0,1554.0,False,False
2891,2022-10-27 09:39:21.182167,-0.004830917874396046,0.0,-0.09999999999999787,0.0,20.65,20.7,20.6,20.65,647.0,590.0,1906.0,1554.0,False,False
2891,2022-10-27 09:39:21.182569,-0.004830917874396046,0.0,-0.09999999999999787,0.0,20.65,20.7,20.6,20.65,647.0,590.0,1906.0,1554.0,False,False
2891,2022-10-27 09:39:21.182671,-0.004830917874396046,0.0,-0.09999999999999787,0.0,20.65,20.7,20.6,20.65,647.0,590.0,1906.0,1554.0,False,False
2891,2022-10-27 09:39:21.867892,-0.004830917874396046,0.0,-0.09999999999999787,0.0,20.65,20.7,20.6,20.65,647.0,590.0,1906.0,1554.0,False,False
2891,2022-10-27 09:39:23.250035,-0.004830917874396046,0.0,-0.09999999999999787,0.0,20.65,20.7,20.6,20.65,647.0,590.0,2039.0,1466.0,True,True
2891,2022-10-27 09:39:24.405326,-0.004830917874396046,0.0,-0.09999999999999787,0.0,20.65,20.7,20.6,20.65,647.0,581.0,2039.0,1466.0,False,False
2891,2022-10-27 09:39:24.554660,-0.004830917874396046,0.0,-0.09999999999999787,0.0,20.65,20.7,20.6,20.65,647.0,580.0,2039.0,1466.0,False,False
2891,2022-10-27 09:39:25.235371,-0.004830917874396046,0.0,-0.09999999999999787,0.0,20.65,20.7,20.6,20.65,647.0,580.0,2039.0,1466.0,False,False
2891,2022-10-27 09:39:25.286059,-0.004830917874396046,0.0,-0.09999999999999787,0.0,20.65,20.7,20.6,20.65,632.0,580.0,2039.0,1466.0,False,False
2891,2022-10-27 09:39:25.235462,-0.004830917874396046,0.0,-0.09999999999999787,0.0,20.65,20.7,20.6,20.65,647.0,580.0,2039.0,1466.0,False,False
2891,2022-10-27 09:39:25.605898,-0.004830917874396046,0.0,-0.09999999999999787,0.0,20.65,20.7,20.6,20.65,637.0,580.0,2039.0,1466.0,False,False
2891,2022-10-27 09:39:25.750596,-0.004830917874396046,0.0,-0.09999999999999787,0.0,20.65,20.7,20.6,20.65,637.0,580.0,2039.0,1466.0,False,False
2891,2022-10-27 09:39:25.813275,-0.004830917874396046,0.0,-0.09999999999999787,0.0,20.65,20.7,20.6,20.65,637.0,580.0,2039.0,1466.0,False,False
2891,2022-10-27 09:39:25.907181,-0.004830917874396046,0.0,-0.09999999999999787,0.0,20.65,20.7,20.6,20.65,637.0,594.0,2039.0,1466.0,False,False
2891,2022-10-27 09:39:26.360364,-0.004830917874396046,0.0,-0.09999999999999787,0.0,20.65,20.7,20.6,20.65,637.0,593.0,2039.0,1466.0,False,False
2891,2022-10-27 09:39:26.837124,-0.004830917874396046,0.0,-0.09999999999999787,0.0,20.65,20.7,20.6,20.65,639.0,593.0,2039.0,1466.0,False,False
2891,2022-10-27 09:39:27.299797,-0.004830917874396046,0.0,-0.09999999999999787,0.0,20.65,20.7,20.6,20.65,639.0,593.0,2039.0,1466.0,False,False
2891,2022-10-27 09:39:27.344739,-0.004830917874396046,0.0,-0.09999999999999787,0.0,20.65,20.7,20.6,20.65,634.0,593.0,2039.0,1466.0,False,False
2891,2022-10-27 09:39:27.933463,-0.004830917874396046,0.0,-0.09999999999999787,0.0,20.65,20.7,20.6,20.65,634.0,593.0,2039.0,1466.0,False,False
2891,2022-10-27 09:39:28.570864,-0.004830917874396046,0.0,-0.09999999999999787,0.0,20.65,20.7,20.6,20.65,649.0,593.0,2039.0,1466.0,False,False
2891,2022-10-27 09:39:29.610273,-0.004830917874396046,0.0,-0.09999999999999787,0.0,20.65,20.7,20.6,20.65,650.0,593.0,2039.0,1466.0,False,False
2891,2022-10-27 09:39:29.879121,-0.004830917874396046,0.0,-0.09999999999999787,0.0,20.65,20.7,20.6,20.65,647.0,593.0,2039.0,1466.0,False,False
2891,2022-10-27 09:39:30.558333,-0.004830917874396046,0.0,-0.09999999999999787,0.0,20.65,20.7,20.6,20.65,647.0,588.0,2039.0,1466.0,False,False
2891,2022-10-27 09:39:30.564848,-0.004830917874396046,0.0,-0.09999999999999787,0.0,20.65,20.7,20.6,20.65,647.0,588.0,2039.0,1466.0,False,False
2891,2022-10-27 09:39:30.859896,-0.004830917874396046,0.0,-0.09999999999999787,0.0,20.65,20.7,20.6,20.65,642.0,588.0,2039.0,1466.0,False,False
2891,2022-10-27 09:39:33.295474,-0.004830917874396046,0.0,-0.09999999999999787,0.0,20.65,20.7,20.6,20.65,642.0,588.0,2099.0,1454.0,True,True
2891,2022-10-27 09:39:33.443784,-0.004830917874396046,0.0,-0.09999999999999787,0.0,20.65,20.7,20.6,20.65,642.0,588.0,2099.0,1454.0,False,False
2891,2022-10-27 09:39:33.459048,-0.004830917874396046,0.0,-0.09999999999999787,0.0,20.65,20.7,20.6,20.65,642.0,588.0,2099.0,1454.0,False,False
2891,2022-10-27 09:39:35.200883,-0.004830917874396046,0.0,-0.09999999999999787,0.0,20.65,20.7,20.6,20.65,642.0,588.0,2099.0,1454.0,False,False
2891,2022-10-27 09:39:35.570767,-0.004830917874396046,0.0,-0.09999999999999787,0.0,20.65,20.7,20.6,20.65,642.0,588.0,2099.0,1454.0,False,False
2891,2022-10-27 09:39:37.921789,-0.004830917874396046,0.0,-0.09999999999999787,0.0,20.65,20.7,20.6,20.65,642.0,588.0,2099.0,1454.0,False,False
2891,2022-10-27 09:39:38.889626,-0.004830917874396046,0.0,-0.09999999999999787,0.0,20.65,20.7,20.6,20.65,642.0,588.0,2099.0,1454.0,False,False
2891,2022-10-27 09:39:38.898236,-0.004830917874396046,0.0,-0.09999999999999787,0.0,20.65,20.7,20.6,20.65,642.0,588.0,2099.0,1454.0,False,False
2891,2022-10-27 09:39:39.855517,-0.004830917874396046,0.0,-0.09999999999999787,0.0,20.65,20.7,20.6,20.65,647.0,588.0,2099.0,1454.0,False,False
2891,2022-10-27 09:39:39.929829,-0.004830917874396046,0.0,-0.09999999999999787,0.0,20.65,20.7,20.6,20.65,647.0,588.0,2099.0,1454.0,False,False
2891,2022-10-27 09:39:39.933117,-0.004830917874396046,0.0,-0.09999999999999787,0.0,20.65,20.7,20.6,20.65,766.0,588.0,2099.0,1454.0,False,False
2891,2022-10-27 09:39:39.993883,-0.004830917874396046,0.0,-0.09999999999999787,0.0,20.65,20.7,20.6,20.65,766.0,588.0,2099.0,1454.0,False,False
2891,2022-10-27 09:39:40.578313,-0.004830917874396046,0.0,-0.09999999999999787,0.0,20.65,20.7,20.6,20.65,766.0,588.0,2099.0,1454.0,False,False
2891,2022-10-27 09:39:42.535237,-0.004830917874396046,0.0,-0.09999999999999787,0.0,20.65,20.7,20.6,20.65,766.0,588.0,2099.0,1454.0,False,False
2891,2022-10-27 09:39:43.330708,-0.004830917874396046,0.0,-0.09999999999999787,0.0,20.65,20.7,20.6,20.65,766.0,588.0,2359.0,1454.0,True,True
2891,2022-10-27 09:39:44.297456,-0.004830917874396046,0.0,-0.09999999999999787,0.0,20.65,20.7,20.6,20.65,766.0,588.0,2359.0,1454.0,False,False
2891,2022-10-27 09:39:44.327461,-0.004830917874396046,0.0,-0.09999999999999787,0.0,20.65,20.7,20.6,20.65,776.0,588.0,2359.0,1454.0,False,False
2891,2022-10-27 09:39:44.960918,-0.004830917874396046,0.0,-0.09999999999999787,0.0,20.65,20.7,20.6,20.65,776.0,588.0,2359.0,1454.0,False,False
2891,2022-10-27 09:39:45.635322,-0.004830917874396046,0.0,-0.09999999999999787,0.0,20.65,20.7,20.6,20.65,776.0,588.0,2359.0,1454.0,False,False
2891,2022-10-27 09:39:47.609273,-0.004830917874396046,0.0,-0.09999999999999787,0.0,20.65,20.7,20.6,20.65,776.0,588.0,2359.0,1454.0,False,False
2891,2022-10-27 09:39:49.244131,-0.004830917874396046,0.0,-0.09999999999999787,0.0,20.65,20.7,20.6,20.65,776.0,588.0,2359.0,1454.0,False,False
2891,2022-10-27 09:39:49.247380,-0.004830917874396046,0.0,-0.09999999999999787,0.0,20.65,20.7,20.6,20.65,776.0,594.0,2359.0,1454.0,False,False
2891,2022-10-27 09:39:49.658935,-0.004830917874396046,0.0,-0.09999999999999787,0.0,20.65,20.7,20.6,20.65,776.0,597.0,2359.0,1454.0,False,False
2891,2022-10-27 09:39:49.743533,-0.004830917874396046,0.0,-0.09999999999999787,0.0,20.65,20.7,20.6,20.65,776.0,590.0,2359.0,1454.0,False,False
2891,2022-10-27 09:39:50.034718,-0.004830917874396046,0.0,-0.09999999999999787,0.0,20.65,20.7,20.6,20.65,776.0,594.0,2359.0,1454.0,False,False
2891,2022-10-27 09:39:50.648501,-0.004830917874396046,0.0,-0.09999999999999787,0.0,20.65,20.7,20.6,20.65,776.0,594.0,2359.0,1454.0,False,False
2891,2022-10-27 09:39:50.938695,-0.004830917874396046,0.0,-0.09999999999999787,0.0,20.65,20.7,20.6,20.65,777.0,594.0,2359.0,1454.0,False,False
2891,2022-10-27 09:39:51.243181,-0.004830917874396046,0.0,-0.09999999999999787,0.0,20.65,20.7,20.6,20.65,777.0,594.0,2359.0,1454.0,False,False
2891,2022-10-27 09:39:51.925470,-0.004830917874396046,0.0,-0.09999999999999787,0.0,20.65,20.7,20.6,20.65,777.0,594.0,2359.0,1454.0,False,False
2891,2022-10-27 09:39:53.057148,-0.004830917874396046,0.0,-0.09999999999999787,0.0,20.65,20.7,20.6,20.65,777.0,595.0,2359.0,1454.0,False,False
2891,2022-10-27 09:39:53.360932,-0.004830917874396046,0.0,-0.09999999999999787,0.0,20.65,20.7,20.6,20.65,777.0,595.0,2389.0,1454.0,True,True
2891,2022-10-27 09:39:53.395319,-0.004830917874396046,0.0,-0.09999999999999787,0.0,20.65,20.7,20.6,20.65,777.0,597.0,2389.0,1454.0,False,False
2891,2022-10-27 09:39:53.866672,-0.004830917874396046,0.0,-0.09999999999999787,0.0,20.65,20.7,20.6,20.65,777.0,597.0,2389.0,1454.0,False,False
2891,2022-10-27 09:39:53.954321,-0.004830917874396046,0.0,-0.09999999999999787,0.0,20.65,20.7,20.6,20.65,777.0,597.0,2389.0,1454.0,False,False
2891,2022-10-27 09:39:54.311440,-0.004830917874396046,0.0,-0.09999999999999787,0.0,20.65,20.7,20.6,20.65,777.0,597.0,2389.0,1454.0,False,False
2891,2022-10-27 09:39:54.350758,-0.004830917874396046,0.0,-0.09999999999999787,0.0,20.65,20.7,20.6,20.65,777.0,597.0,2389.0,1454.0,False,False
2891,2022-10-27 09:39:54.317879,-0.004830917874396046,0.0,-0.09999999999999787,0.0,20.65,20.7,20.6,20.65,777.0,598.0,2389.0,1454.0,False,False
2891,2022-10-27 09:39:55.573953,-0.004830917874396046,0.0,-0.09999999999999787,0.0,20.65,20.7,20.6,20.65,777.0,597.0,2389.0,1454.0,False,False
2891,2022-10-27 09:39:56.133769,-0.004830917874396046,0.0,-0.09999999999999787,0.0,20.65,20.7,20.6,20.65,777.0,591.0,2389.0,1454.0,False,False
2891,2022-10-27 09:39:57.509901,-0.004830917874396046,0.0,-0.09999999999999787,0.0,20.65,20.7,20.6,20.65,777.0,589.0,2389.0,1454.0,False,False
2891,2022-10-27 09:39:57.532731,-0.004830917874396046,0.0,-0.09999999999999787,0.0,20.65,20.7,20.6,20.65,777.0,589.0,2389.0,1454.0,False,False
2891,2022-10-27 09:39:57.978113,-0.004830917874396046,0.0,-0.09999999999999787,0.0,20.65,20.7,20.6,20.65,777.0,589.0,2389.0,1454.0,False,False
2891,2022-10-27 09:39:59.940941,-0.004830917874396046,0.0,-0.09999999999999787,0.0,20.65,20.7,20.6,20.65,777.0,589.0,2389.0,1454.0,False,False
2891,2022-10-27 09:40:00.596346,-0.004830917874396046,0.0,-0.09999999999999787,0.0,20.65,20.7,20.6,20.65,778.0,589.0,2389.0,1454.0,False,False
2891,2022-10-27 09:40:00.619253,-0.004830917874396046,0.0,-0.09999999999999787,0.0,20.65,20.7,20.6,20.65,778.0,589.0,2389.0,1454.0,False,False
2891,2022-10-27 09:40:02.262619,-0.004830917874396046,0.0,-0.09999999999999787,0.0,20.65,20.7,20.6,20.65,778.0,589.0,2389.0,1454.0,False,False
2891,2022-10-27 09:40:02.864769,-0.004830917874396046,0.0,-0.09999999999999787,0.0,20.65,20.7,20.6,20.65,778.0,589.0,2389.0,1454.0,False,True
2891,2022-10-27 09:40:04.052636,-0.004830917874396046,0.0,-0.09999999999999787,0.0,20.65,20.7,20.6,20.65,779.0,589.0,2389.0,1454.0,False,False
2891,2022-10-27 09:40:04.289895,-0.004830917874396046,0.0,-0.09999999999999787,0.0,20.65,20.7,20.6,20.65,779.0,589.0,2389.0,1454.0,False,False
2891,2022-10-27 09:40:05.705282,-0.004830917874396046,0.0,-0.09999999999999787,0.0,20.65,20.7,20.6,20.65,779.0,589.0,2389.0,1454.0,False,False
2891,2022-10-27 09:40:06.511244,-0.004830917874396046,0.0,-0.09999999999999787,0.0,20.65,20.7,20.6,20.65,864.0,589.0,2389.0,1454.0,False,False
2891,2022-10-27 09:40:06.646363,-0.004830917874396046,0.0,-0.09999999999999787,0.0,20.65,20.7,20.6,20.65,864.0,619.0,2389.0,1454.0,False,False
2891,2022-10-27 09:40:07.720391,-0.004830917874396046,0.0,-0.09999999999999787,0.0,20.65,20.7,20.6,20.65,864.0,618.0,2389.0,1454.0,False,False
2891,2022-10-27 09:40:08.319111,-0.004830917874396046,0.0,-0.09999999999999787,0.0,20.65,20.7,20.6,20.65,909.0,618.0,2389.0,1454.0,False,False
2891,2022-10-27 09:40:10.066637,-0.004830917874396046,0.0,-0.09999999999999787,0.0,20.65,20.7,20.6,20.65,909.0,617.0,2389.0,1454.0,False,False
2891,2022-10-27 09:40:10.233414,-0.004830917874396046,0.0,-0.09999999999999787,0.0,20.65,20.7,20.6,20.65,909.0,615.0,2389.0,1454.0,False,False
2891,2022-10-27 09:40:10.937479,-0.004830917874396046,0.0,-0.09999999999999787,0.0,20.65,20.7,20.6,20.65,909.0,615.0,2389.0,1454.0,False,False
2891,2022-10-27 09:40:12.424882,-0.004830917874396046,0.0,-0.09999999999999787,0.0,20.65,20.7,20.6,20.65,909.0,615.0,2389.0,1454.0,False,False
2891,2022-10-27 09:40:12.956892,-0.004830917874396046,0.0,-0.09999999999999787,0.0,20.65,20.7,20.6,20.65,909.0,615.0,2489.0,1454.0,True,True
2891,2022-10-27 09:40:13.356399,-0.004830917874396046,0.0,-0.09999999999999787,0.0,20.65,20.7,20.6,20.65,909.0,615.0,2489.0,1454.0,False,False
2891,2022-10-27 09:40:13.478892,-0.004830917874396046,0.0,-0.09999999999999787,0.0,20.65,20.7,20.6,20.65,909.0,608.0,2489.0,1454.0,False,False
2891,2022-10-27 09:40:13.991173,-0.004830917874396046,0.0,-0.09999999999999787,0.0,20.65,20.7,20.6,20.65,897.0,608.0,2489.0,1454.0,False,False
2891,2022-10-27 09:40:14.339711,-0.004830917874396046,0.0,-0.09999999999999787,0.0,20.65,20.7,20.6,20.65,897.0,608.0,2489.0,1454.0,False,False
2891,2022-10-27 09:40:14.553678,-0.004830917874396046,0.0,-0.09999999999999787,0.0,20.65,20.7,20.6,20.65,897.0,608.0,2489.0,1454.0,False,False
2891,2022-10-27 09:40:15.004071,-0.004830917874396046,0.0,-0.09999999999999787,0.0,20.65,20.7,20.6,20.65,897.0,608.0,2489.0,1454.0,False,False
2891,2022-10-27 09:40:15.207843,-0.004830917874396046,0.0,-0.09999999999999787,0.0,20.65,20.7,20.6,20.65,896.0,608.0,2489.0,1454.0,False,False
2891,2022-10-27 09:40:15.764750,-0.004830917874396046,0.0,-0.09999999999999787,0.0,20.65,20.7,20.6,20.65,896.0,608.0,2489.0,1454.0,False,False
2891,2022-10-27 09:40:17.193291,-0.004830917874396046,0.0,-0.09999999999999787,0.0,20.65,20.7,20.6,20.65,782.0,608.0,2489.0,1454.0,False,False
2891,2022-10-27 09:40:17.338088,-0.004830917874396046,0.0,-0.09999999999999787,0.0,20.65,20.7,20.6,20.65,782.0,608.0,2489.0,1454.0,False,False
2891,2022-10-27 09:40:18.236623,-0.004830917874396046,0.0,-0.09999999999999787,0.0,20.65,20.7,20.6,20.65,953.0,608.0,2489.0,1454.0,False,False
2891,2022-10-27 09:40:18.630379,-0.004830917874396046,0.0,-0.09999999999999787,0.0,20.65,20.7,20.6,20.65,953.0,607.0,2489.0,1454.0,False,False
2891,2022-10-27 09:40:18.709458,-0.004830917874396046,0.0,-0.09999999999999787,0.0,20.65,20.7,20.6,20.65,953.0,608.0,2489.0,1454.0,False,False
2891,2022-10-27 09:40:18.927186,-0.004830917874396046,0.0,-0.09999999999999787,0.0,20.65,20.7,20.6,20.65,953.0,609.0,2489.0,1454.0,False,False
2891,2022-10-27 09:40:20.253964,-0.004830917874396046,0.0,-0.09999999999999787,0.0,20.65,20.7,20.6,20.65,953.0,608.0,2489.0,1454.0,False,False
2891,2022-10-27 09:40:20.574459,-0.004830917874396046,0.0,-0.09999999999999787,0.0,20.65,20.7,20.6,20.65,953.0,608.0,2489.0,1454.0,False,False
2891,2022-10-27 09:40:20.739292,-0.004830917874396046,0.0,-0.09999999999999787,0.0,20.65,20.7,20.6,20.65,953.0,608.0,2489.0,1454.0,False,False
2891,2022-10-27 09:40:21.468797,-0.004830917874396046,0.0,-0.09999999999999787,0.0,20.65,20.7,20.6,20.65,953.0,607.0,2489.0,1454.0,False,False
2891,2022-10-27 09:40:22.246665,-0.004830917874396046,0.0,-0.09999999999999787,0.0,20.65,20.7,20.6,20.65,1020.0,607.0,2489.0,1454.0,False,False
2891,2022-10-27 09:40:25.762619,-0.004830917874396046,0.0,-0.09999999999999787,0.0,20.65,20.7,20.6,20.65,1020.0,607.0,2489.0,1454.0,False,False
2891,2022-10-27 09:40:25.982444,-0.004830917874396046,0.0,-0.09999999999999787,0.0,20.65,20.7,20.6,20.65,1020.0,607.0,2489.0,1454.0,False,False
2891,2022-10-27 09:40:26.096804,-0.004830917874396046,0.0,-0.09999999999999787,0.0,20.65,20.7,20.6,20.65,1020.0,605.0,2489.0,1454.0,False,False
2891,2022-10-27 09:40:26.561646,-0.004830917874396046,0.0,-0.09999999999999787,0.0,20.65,20.7,20.6,20.65,1020.0,599.0,2489.0,1454.0,False,False
2891,2022-10-27 09:40:29.621592,-0.004830917874396046,0.0,-0.09999999999999787,0.0,20.65,20.7,20.6,20.65,1020.0,594.0,2489.0,1454.0,False,False
2891,2022-10-27 09:40:30.632069,-0.004830917874396046,0.0,-0.09999999999999787,0.0,20.65,20.7,20.6,20.65,1020.0,596.0,2489.0,1454.0,False,False
2891,2022-10-27 09:40:30.781181,-0.004830917874396046,0.0,-0.09999999999999787,0.0,20.65,20.7,20.6,20.65,1020.0,596.0,2489.0,1454.0,False,False
2891,2022-10-27 09:40:32.830467,-0.004830917874396046,0.0,-0.09999999999999787,0.0,20.65,20.7,20.6,20.65,1020.0,596.0,2489.0,1454.0,False,False
2891,2022-10-27 09:40:33.080592,-0.004830917874396046,0.0,-0.09999999999999787,0.0,20.65,20.7,20.6,20.65,1020.0,596.0,2489.0,1255.0,True,True
2891,2022-10-27 09:40:33.083807,-0.004830917874396046,0.0,-0.09999999999999787,0.0,20.65,20.7,20.6,20.65,1020.0,597.0,2489.0,1255.0,False,False
2891,2022-10-27 09:40:34.349765,-0.004830917874396046,0.0,-0.09999999999999787,0.0,20.65,20.7,20.6,20.65,1020.0,597.0,2489.0,1255.0,False,False
2891,2022-10-27 09:40:34.352492,-0.004830917874396046,0.0,-0.09999999999999787,0.0,20.65,20.7,20.6,20.65,1022.0,597.0,2489.0,1255.0,False,False
2891,2022-10-27 09:40:34.700336,-0.004830917874396046,0.0,-0.09999999999999787,0.0,20.65,20.7,20.6,20.65,1022.0,597.0,2489.0,1255.0,False,False
2891,2022-10-27 09:40:35.855332,-0.004830917874396046,0.0,-0.09999999999999787,0.0,20.65,20.7,20.6,20.65,1022.0,597.0,2489.0,1255.0,False,False
2891,2022-10-27 09:40:36.124018,-0.004830917874396046,0.0,-0.09999999999999787,0.0,20.65,20.7,20.6,20.65,1023.0,597.0,2489.0,1255.0,False,False
2891,2022-10-27 09:40:37.196735,-0.004830917874396046,0.0,-0.09999999999999787,0.0,20.65,20.7,20.6,20.65,1023.0,592.0,2489.0,1255.0,False,False
2891,2022-10-27 09:40:37.485058,-0.004830917874396046,0.0,-0.09999999999999787,0.0,20.65,20.7,20.6,20.65,1023.0,593.0,2489.0,1255.0,False,False
2891,2022-10-27 09:40:37.693817,-0.004830917874396046,0.0,-0.09999999999999787,0.0,20.65,20.7,20.6,20.65,1024.0,593.0,2489.0,1255.0,False,False
2891,2022-10-27 09:40:37.783000,-0.004830917874396046,0.0,-0.09999999999999787,0.0,20.65,20.7,20.6,20.65,1025.0,593.0,2489.0,1255.0,False,False
2891,2022-10-27 09:40:38.877551,-0.004830917874396046,0.0,-0.09999999999999787,0.0,20.65,20.7,20.6,20.65,1025.0,597.0,2489.0,1255.0,False,False
2891,2022-10-27 09:40:39.949925,-0.004830917874396046,0.0,-0.09999999999999787,0.0,20.65,20.7,20.6,20.65,1025.0,605.0,2489.0,1255.0,False,False
2891,2022-10-27 09:40:40.869330,-0.004830917874396046,0.0,-0.09999999999999787,0.0,20.65,20.7,20.6,20.65,1025.0,605.0,2489.0,1255.0,False,False
2891,2022-10-27 09:40:41.206469,-0.004830917874396046,0.0,-0.09999999999999787,0.0,20.65,20.7,20.6,20.65,1025.0,598.0,2489.0,1255.0,False,False
2891,2022-10-27 09:40:41.696493,-0.004830917874396046,0.0,-0.09999999999999787,0.0,20.65,20.7,20.6,20.65,1025.0,593.0,2489.0,1255.0,False,False
2891,2022-10-27 09:40:42.065286,-0.004830917874396046,0.0,-0.09999999999999787,0.0,20.65,20.7,20.6,20.65,1025.0,591.0,2489.0,1255.0,False,False
2891,2022-10-27 09:40:43.125679,-0.004830917874396046,0.0,-0.09999999999999787,0.0,20.65,20.7,20.6,20.65,1025.0,591.0,2479.0,1255.0,True,True
2891,2022-10-27 09:40:45.172826,-0.004830917874396046,0.0,-0.09999999999999787,0.0,20.65,20.7,20.6,20.65,1025.0,591.0,2479.0,1255.0,False,False
2891,2022-10-27 09:40:45.416715,-0.004830917874396046,0.0,-0.09999999999999787,0.0,20.65,20.7,20.6,20.65,1025.0,591.0,2479.0,1255.0,False,False
2891,2022-10-27 09:40:45.880093,-0.004830917874396046,0.0,-0.09999999999999787,0.0,20.65,20.7,20.6,20.65,1025.0,591.0,2479.0,1255.0,False,False
2891,2022-10-27 09:40:46.446010,-0.004830917874396046,0.0,-0.09999999999999787,0.0,20.65,20.7,20.6,20.65,1025.0,591.0,2479.0,1255.0,False,False
2891,2022-10-27 09:40:47.310547,-0.004830917874396046,0.0,-0.09999999999999787,0.0,20.65,20.7,20.6,20.65,1025.0,591.0,2479.0,1255.0,False,False
2891,2022-10-27 09:40:47.845116,-0.004830917874396046,0.0,-0.09999999999999787,0.0,20.65,20.7,20.6,20.65,1025.0,591.0,2479.0,1255.0,False,False
2891,2022-10-27 09:40:48.402207,-0.004830917874396046,0.0,-0.09999999999999787,0.0,20.65,20.7,20.6,20.65,1025.0,584.0,2479.0,1255.0,False,False
2891,2022-10-27 09:40:48.795111,-0.004830917874396046,0.0,-0.09999999999999787,0.0,20.65,20.7,20.6,20.65,1025.0,584.0,2479.0,1255.0,False,False
2891,2022-10-27 09:40:49.504390,-0.004830917874396046,0.0,-0.09999999999999787,0.0,20.65,20.7,20.6,20.65,1025.0,583.0,2479.0,1255.0,False,False
2891,2022-10-27 09:40:50.373632,-0.004830917874396046,0.0,-0.09999999999999787,0.0,20.65,20.7,20.6,20.65,1025.0,581.0,2479.0,1255.0,False,False
2891,2022-10-27 09:40:50.892189,-0.004830917874396046,0.0,-0.09999999999999787,0.0,20.65,20.7,20.6,20.65,1025.0,581.0,2479.0,1255.0,False,False
2891,2022-10-27 09:40:52.136816,-0.004830917874396046,0.0,-0.09999999999999787,0.0,20.65,20.7,20.6,20.65,1025.0,581.0,2479.0,1255.0,False,False
2891,2022-10-27 09:40:52.245898,-0.004830917874396046,0.0,-0.09999999999999787,0.0,20.65,20.7,20.6,20.65,1025.0,581.0,2479.0,1255.0,False,False
2891,2022-10-27 09:40:52.530586,-0.004830917874396046,0.0,-0.09999999999999787,0.0,20.65,20.7,20.6,20.65,1028.0,581.0,2479.0,1255.0,False,False
2891,2022-10-27 09:40:53.144689,-0.004830917874396046,0.0,-0.09999999999999787,0.0,20.65,20.7,20.6,20.65,1028.0,580.0,2479.0,1255.0,False,False
2891,2022-10-27 09:40:53.164818,-0.004830917874396046,0.0,-0.09999999999999787,0.0,20.65,20.7,20.6,20.65,1028.0,580.0,2479.0,905.0,True,True
2891,2022-10-27 09:40:53.152591,-0.004830917874396046,0.0,-0.09999999999999787,0.0,20.65,20.7,20.6,20.65,1028.0,579.0,2479.0,905.0,False,False
2891,2022-10-27 09:40:53.620511,-0.004830917874396046,0.0,-0.09999999999999787,0.0,20.65,20.7,20.6,20.65,1030.0,579.0,2479.0,905.0,False,False
2891,2022-10-27 09:40:53.833331,-0.004830917874396046,0.0,-0.09999999999999787,0.0,20.65,20.7,20.6,20.65,1030.0,580.0,2479.0,905.0,False,False
2891,2022-10-27 09:40:54.601970,-0.004830917874396046,0.0,-0.09999999999999787,0.0,20.65,20.7,20.6,20.65,1038.0,580.0,2479.0,905.0,False,False
2891,2022-10-27 09:40:54.862215,-0.004830917874396046,0.0,-0.09999999999999787,0.0,20.65,20.7,20.6,20.65,1038.0,581.0,2479.0,905.0,False,False
2891,2022-10-27 09:40:55.250776,-0.004830917874396046,0.0,-0.09999999999999787,0.0,20.65,20.7,20.6,20.65,1038.0,581.0,2479.0,905.0,False,False
2891,2022-10-27 09:40:55.836609,-0.004830917874396046,0.0,-0.09999999999999787,0.0,20.65,20.7,20.6,20.65,1038.0,581.0,2479.0,905.0,False,False
2891,2022-10-27 09:40:55.951744,-0.004830917874396046,0.0,-0.09999999999999787,0.0,20.65,20.7,20.6,20.65,1038.0,581.0,2479.0,905.0,False,False
2891,2022-10-27 09:40:57.223391,-0.004830917874396046,0.0,-0.09999999999999787,0.0,20.65,20.7,20.6,20.65,1038.0,581.0,2479.0,905.0,False,False
2891,2022-10-27 09:41:00.167425,-0.004830917874396046,0.0,-0.09999999999999787,0.0,20.65,20.7,20.6,20.65,1038.0,579.0,2479.0,905.0,False,False
2891,2022-10-27 09:41:00.370435,-0.004830917874396046,0.0,-0.09999999999999787,0.0,20.65,20.7,20.6,20.65,1037.0,578.0,2479.0,905.0,False,False
