symbol,datetime,NaOb_r,NbOa_r,NaOb_s,NbOa_s,bid1,ask1,odd_bid1,odd_ask1,bidQty1,askQty1,odd_bidQty1,odd_askQty1,simulate,triggerbyOdd
5880,2022-10-27 09:34:02.265709,0.0,-0.00390625,0.0,-0.10000000000000142,25.5,25.55,25.55,25.6,224.0,64.0,4271.0,1663.0,False,True
5880,2022-10-27 09:34:04.738962,0.0,-0.00390625,0.0,-0.10000000000000142,25.5,25.55,25.55,25.6,224.0,64.0,4271.0,1663.0,False,False
5880,2022-10-27 09:34:07.063237,0.0,-0.00390625,0.0,-0.10000000000000142,25.5,25.55,25.55,25.6,224.0,64.0,4271.0,1663.0,False,False
5880,2022-10-27 09:34:07.107457,0.0,-0.00390625,0.0,-0.10000000000000142,25.5,25.55,25.55,25.6,224.0,64.0,4271.0,1663.0,False,False
5880,2022-10-27 09:34:07.318360,0.0,-0.00390625,0.0,-0.10000000000000142,25.5,25.55,25.55,25.6,224.0,64.0,4271.0,1663.0,False,False
5880,2022-10-27 09:34:11.396987,0.0,-0.00390625,0.0,-0.10000000000000142,25.5,25.55,25.55,25.6,224.0,64.0,4271.0,1663.0,False,False
5880,2022-10-27 09:34:11.817915,0.0,-0.00390625,0.0,-0.10000000000000142,25.5,25.55,25.55,25.6,275.0,64.0,4271.0,1663.0,False,False
5880,2022-10-27 09:34:11.908520,0.0,-0.00390625,0.0,-0.10000000000000142,25.5,25.55,25.55,25.6,275.0,64.0,4271.0,1663.0,False,False
5880,2022-10-27 09:34:12.315006,0.0,-0.00390625,0.0,-0.10000000000000142,25.5,25.55,25.55,25.6,275.0,64.0,3271.0,1663.0,True,True
5880,2022-10-27 09:34:15.370015,0.0,-0.00390625,0.0,-0.10000000000000142,25.5,25.55,25.55,25.6,275.0,64.0,3271.0,1663.0,False,False
5880,2022-10-27 09:34:16.361114,0.0,-0.00390625,0.0,-0.10000000000000142,25.5,25.55,25.55,25.6,275.0,60.0,3271.0,1663.0,False,False
5880,2022-10-27 09:34:17.078952,0.0,-0.00390625,0.0,-0.10000000000000142,25.5,25.55,25.55,25.6,275.0,60.0,3271.0,1663.0,False,False
5880,2022-10-27 09:34:18.944087,0.0,-0.00390625,0.0,-0.10000000000000142,25.5,25.55,25.55,25.6,309.0,60.0,3271.0,1663.0,False,False
5880,2022-10-27 09:34:18.981076,0.0,-0.00390625,0.0,-0.10000000000000142,25.5,25.55,25.55,25.6,311.0,54.0,3271.0,1663.0,False,False
5880,2022-10-27 09:34:19.013478,0.0,-0.00390625,0.0,-0.10000000000000142,25.5,25.55,25.55,25.6,317.0,54.0,3271.0,1663.0,False,False
5880,2022-10-27 09:34:19.492930,0.0,-0.00390625,0.0,-0.10000000000000142,25.5,25.55,25.55,25.6,437.0,54.0,3271.0,1663.0,False,False
5880,2022-10-27 09:34:19.522809,0.0,-0.00390625,0.0,-0.10000000000000142,25.5,25.55,25.55,25.6,437.0,31.0,3271.0,1663.0,False,False
5880,2022-10-27 09:34:19.750583,0.0,-0.00390625,0.0,-0.10000000000000142,25.5,25.55,25.55,25.6,437.0,29.0,3271.0,1663.0,False,False
5880,2022-10-27 09:34:20.785963,0.0,-0.00390625,0.0,-0.10000000000000142,25.5,25.55,25.55,25.6,481.0,29.0,3271.0,1663.0,False,False
5880,2022-10-27 09:34:22.370524,0.0,-0.00390625,0.0,-0.10000000000000142,25.5,25.55,25.55,25.6,481.0,29.0,3271.0,1668.0,True,True
5880,2022-10-27 09:34:23.646183,0.0,-0.00390625,0.0,-0.10000000000000142,25.5,25.55,25.55,25.6,481.0,26.0,3271.0,1668.0,False,False
5880,2022-10-27 09:34:24.757346,0.0,-0.00390625,0.0,-0.10000000000000142,25.5,25.55,25.55,25.6,430.0,26.0,3271.0,1668.0,False,False
5880,2022-10-27 09:34:26.546418,0.0,-0.00390625,0.0,-0.10000000000000142,25.5,25.55,25.55,25.6,428.0,26.0,3271.0,1668.0,False,False
5880,2022-10-27 09:34:27.087137,0.0,-0.00390625,0.0,-0.10000000000000142,25.5,25.55,25.55,25.6,428.0,21.0,3271.0,1668.0,False,False
5880,2022-10-27 09:34:28.455859,0.0,-0.00390625,0.0,-0.10000000000000142,25.5,25.55,25.55,25.6,428.0,21.0,3271.0,1668.0,False,False
5880,2022-10-27 09:34:29.614666,0.0,-0.00390625,0.0,-0.10000000000000142,25.5,25.55,25.55,25.6,428.0,26.0,3271.0,1668.0,False,False
5880,2022-10-27 09:34:30.868401,0.0,-0.00390625,0.0,-0.10000000000000142,25.5,25.55,25.55,25.6,394.0,26.0,3271.0,1668.0,False,False
5880,2022-10-27 09:34:30.904113,0.0,-0.00390625,0.0,-0.10000000000000142,25.5,25.55,25.55,25.6,350.0,28.0,3271.0,1668.0,False,False
5880,2022-10-27 09:34:30.979372,0.0,-0.00390625,0.0,-0.10000000000000142,25.5,25.55,25.55,25.6,350.0,28.0,3271.0,1668.0,False,False
5880,2022-10-27 09:34:31.858950,0.0,-0.00390625,0.0,-0.10000000000000142,25.5,25.55,25.55,25.6,350.0,28.0,3271.0,1668.0,False,False
5880,2022-10-27 09:34:32.419923,0.0,-0.00390625,0.0,-0.10000000000000142,25.5,25.55,25.55,25.6,350.0,28.0,3071.0,1668.0,True,True
5880,2022-10-27 09:34:35.841256,0.0,-0.00390625,0.0,-0.10000000000000142,25.5,25.55,25.55,25.6,350.0,30.0,3071.0,1668.0,False,False
5880,2022-10-27 09:34:37.412680,0.0,-0.00390625,0.0,-0.10000000000000142,25.5,25.55,25.55,25.6,350.0,32.0,3071.0,1668.0,False,False
5880,2022-10-27 09:34:39.262632,0.0,-0.00390625,0.0,-0.10000000000000142,25.5,25.55,25.55,25.6,350.0,29.0,3071.0,1668.0,False,False
5880,2022-10-27 09:34:40.034917,0.0,-0.00390625,0.0,-0.10000000000000142,25.5,25.55,25.55,25.6,350.0,34.0,3071.0,1668.0,False,False
5880,2022-10-27 09:34:42.053272,0.0,-0.00390625,0.0,-0.10000000000000142,25.5,25.55,25.55,25.6,351.0,34.0,3071.0,1668.0,False,False
5880,2022-10-27 09:34:42.458068,0.0,-0.00390625,0.0,-0.10000000000000142,25.5,25.55,25.55,25.6,351.0,34.0,3571.0,1668.0,True,True
5880,2022-10-27 09:34:44.715553,0.0,-0.00390625,0.0,-0.10000000000000142,25.5,25.55,25.55,25.6,351.0,33.0,3571.0,1668.0,False,False
5880,2022-10-27 09:34:45.278231,0.0,-0.00390625,0.0,-0.10000000000000142,25.5,25.55,25.55,25.6,351.0,28.0,3571.0,1668.0,False,False
5880,2022-10-27 09:34:50.396332,0.0,-0.00390625,0.0,-0.10000000000000142,25.5,25.55,25.55,25.6,351.0,28.0,3571.0,1668.0,False,False
5880,2022-10-27 09:34:52.037319,0.0,-0.00390625,0.0,-0.10000000000000142,25.5,25.55,25.55,25.6,351.0,29.0,3571.0,1668.0,False,False
5880,2022-10-27 09:34:52.180493,0.0,-0.00390625,0.0,-0.10000000000000142,25.5,25.55,25.55,25.6,351.0,24.0,3571.0,1668.0,False,False
5880,2022-10-27 09:34:53.503027,0.0,-0.00390625,0.0,-0.10000000000000142,25.5,25.55,25.55,25.6,356.0,24.0,3571.0,1668.0,False,False
5880,2022-10-27 09:34:54.418498,0.0,-0.00390625,0.0,-0.10000000000000142,25.5,25.55,25.55,25.6,356.0,24.0,3571.0,1668.0,False,False
5880,2022-10-27 09:34:55.589178,0.0,-0.00390625,0.0,-0.10000000000000142,25.5,25.55,25.55,25.6,356.0,24.0,3571.0,1668.0,False,False
5880,2022-10-27 09:34:59.470964,0.0,-0.00390625,0.0,-0.10000000000000142,25.5,25.55,25.55,25.6,353.0,24.0,3571.0,1668.0,False,False
5880,2022-10-27 09:35:00.154137,0.0,-0.00390625,0.0,-0.10000000000000142,25.5,25.55,25.55,25.6,353.0,24.0,3571.0,1668.0,False,False
5880,2022-10-27 09:35:01.248677,0.0,-0.00390625,0.0,-0.10000000000000142,25.5,25.55,25.55,25.6,353.0,54.0,3571.0,1668.0,False,False
5880,2022-10-27 09:35:02.679775,0.0,-0.00390625,0.0,-0.10000000000000142,25.5,25.55,25.55,25.6,353.0,54.0,3591.0,1668.0,True,True
5880,2022-10-27 09:35:03.958130,0.0,-0.00390625,0.0,-0.10000000000000142,25.5,25.55,25.55,25.6,347.0,54.0,3591.0,1668.0,False,False
5880,2022-10-27 09:35:03.993531,0.0,-0.00390625,0.0,-0.10000000000000142,25.5,25.55,25.55,25.6,347.0,60.0,3591.0,1668.0,False,False
5880,2022-10-27 09:35:09.068598,0.0,-0.00390625,0.0,-0.10000000000000142,25.5,25.55,25.55,25.6,347.0,60.0,3591.0,1668.0,False,False
5880,2022-10-27 09:35:09.086028,0.0,-0.00390625,0.0,-0.10000000000000142,25.5,25.55,25.55,25.6,347.0,60.0,3591.0,1668.0,False,False
5880,2022-10-27 09:35:10.364152,0.0,-0.00390625,0.0,-0.10000000000000142,25.5,25.55,25.55,25.6,355.0,60.0,3591.0,1668.0,False,False
5880,2022-10-27 09:35:10.721844,0.0,-0.00390625,0.0,-0.10000000000000142,25.5,25.55,25.55,25.6,355.0,60.0,3591.0,1668.0,False,False
5880,2022-10-27 09:35:10.841500,0.0,-0.00390625,0.0,-0.10000000000000142,25.5,25.55,25.55,25.6,361.0,60.0,3591.0,1668.0,False,False
5880,2022-10-27 09:35:12.716393,0.0,-0.00390625,0.0,-0.10000000000000142,25.5,25.55,25.55,25.6,361.0,54.0,3591.0,1668.0,False,False
5880,2022-10-27 09:35:12.874522,0.0,-0.00390625,0.0,-0.10000000000000142,25.5,25.55,25.55,25.6,361.0,54.0,3597.0,1668.0,True,True
5880,2022-10-27 09:35:14.683797,0.0,-0.00390625,0.0,-0.10000000000000142,25.5,25.55,25.55,25.6,361.0,54.0,3597.0,1668.0,False,False
5880,2022-10-27 09:35:20.691250,0.0,-0.00390625,0.0,-0.10000000000000142,25.5,25.55,25.55,25.6,413.0,54.0,3597.0,1668.0,False,False
5880,2022-10-27 09:35:23.436016,0.0,-0.00390625,0.0,-0.10000000000000142,25.5,25.55,25.55,25.6,413.0,54.0,3597.0,1668.0,False,False
5880,2022-10-27 09:35:25.569630,0.0,-0.00390625,0.0,-0.10000000000000142,25.5,25.55,25.55,25.6,413.0,55.0,3597.0,1668.0,False,False
5880,2022-10-27 09:35:26.646559,0.0,-0.00390625,0.0,-0.10000000000000142,25.5,25.55,25.55,25.6,361.0,55.0,3597.0,1668.0,False,False
5880,2022-10-27 09:35:28.653791,0.0,-0.00390625,0.0,-0.10000000000000142,25.5,25.55,25.55,25.6,361.0,55.0,3597.0,1668.0,False,False
5880,2022-10-27 09:35:31.209672,0.0,-0.00390625,0.0,-0.10000000000000142,25.5,25.55,25.55,25.6,361.0,55.0,3597.0,1668.0,False,False
5880,2022-10-27 09:35:32.722373,0.0,-0.00390625,0.0,-0.10000000000000142,25.5,25.55,25.55,25.6,412.0,55.0,3597.0,1668.0,False,False
5880,2022-10-27 09:35:32.898542,0.0,-0.00390625,0.0,-0.10000000000000142,25.5,25.55,25.55,25.6,412.0,55.0,3547.0,1668.0,True,True
5880,2022-10-27 09:35:33.614819,0.0,-0.00390625,0.0,-0.10000000000000142,25.5,25.55,25.55,25.6,361.0,55.0,3547.0,1668.0,False,False
5880,2022-10-27 09:35:36.660009,0.0,-0.00390625,0.0,-0.10000000000000142,25.5,25.55,25.55,25.6,414.0,55.0,3547.0,1668.0,False,False
5880,2022-10-27 09:35:37.430917,0.0,-0.00390625,0.0,-0.10000000000000142,25.5,25.55,25.55,25.6,415.0,55.0,3547.0,1668.0,False,False
5880,2022-10-27 09:35:39.451428,0.0,-0.00390625,0.0,-0.10000000000000142,25.5,25.55,25.55,25.6,415.0,54.0,3547.0,1668.0,False,False
5880,2022-10-27 09:35:42.923103,0.0,-0.00390625,0.0,-0.10000000000000142,25.5,25.55,25.55,25.6,415.0,54.0,3447.0,1668.0,True,True
5880,2022-10-27 09:35:45.518014,0.0,-0.00390625,0.0,-0.10000000000000142,25.5,25.55,25.55,25.6,415.0,54.0,3447.0,1668.0,False,False
5880,2022-10-27 09:35:46.606190,0.0,-0.00390625,0.0,-0.10000000000000142,25.5,25.55,25.55,25.6,362.0,54.0,3447.0,1668.0,False,False
5880,2022-10-27 09:35:47.670963,0.0,-0.00390625,0.0,-0.10000000000000142,25.5,25.55,25.55,25.6,413.0,54.0,3447.0,1668.0,False,False
5880,2022-10-27 09:35:49.450383,0.0,-0.00390625,0.0,-0.10000000000000142,25.5,25.55,25.55,25.6,413.0,59.0,3447.0,1668.0,False,False
5880,2022-10-27 09:35:52.952128,0.0,-0.00390625,0.0,-0.10000000000000142,25.5,25.55,25.55,25.6,413.0,59.0,3547.0,1668.0,True,True
5880,2022-10-27 09:35:56.569616,0.0,-0.00390625,0.0,-0.10000000000000142,25.5,25.55,25.55,25.6,413.0,59.0,3547.0,1668.0,False,False
5880,2022-10-27 09:36:00.613861,0.0,-0.00390625,0.0,-0.10000000000000142,25.5,25.55,25.55,25.6,413.0,60.0,3547.0,1668.0,False,False
5880,2022-10-27 09:36:01.269783,0.0,-0.00390625,0.0,-0.10000000000000142,25.5,25.55,25.55,25.6,413.0,58.0,3547.0,1668.0,False,False
5880,2022-10-27 09:36:01.308948,0.0,-0.00390625,0.0,-0.10000000000000142,25.5,25.55,25.55,25.6,413.0,56.0,3547.0,1668.0,False,False
5880,2022-10-27 09:36:01.392856,0.0,-0.00390625,0.0,-0.10000000000000142,25.5,25.55,25.55,25.6,412.0,55.0,3547.0,1668.0,False,False
5880,2022-10-27 09:36:01.354963,0.0,-0.00390625,0.0,-0.10000000000000142,25.5,25.55,25.55,25.6,413.0,55.0,3547.0,1668.0,False,False
5880,2022-10-27 09:36:02.988452,0.0,-0.00390625,0.0,-0.10000000000000142,25.5,25.55,25.55,25.6,413.0,55.0,3541.0,1668.0,True,True
5880,2022-10-27 09:36:03.875787,0.0,-0.00390625,0.0,-0.10000000000000142,25.5,25.55,25.55,25.6,412.0,55.0,3541.0,1668.0,False,False
5880,2022-10-27 09:36:04.317669,0.0,-0.00390625,0.0,-0.10000000000000142,25.5,25.55,25.55,25.6,412.0,54.0,3541.0,1668.0,False,False
5880,2022-10-27 09:36:04.593442,0.0,-0.00390625,0.0,-0.10000000000000142,25.5,25.55,25.55,25.6,361.0,54.0,3541.0,1668.0,False,False
5880,2022-10-27 09:36:04.675375,0.0,-0.00390625,0.0,-0.10000000000000142,25.5,25.55,25.55,25.6,361.0,56.0,3541.0,1668.0,False,False
5880,2022-10-27 09:36:07.753664,0.0,-0.00390625,0.0,-0.10000000000000142,25.5,25.55,25.55,25.6,411.0,56.0,3541.0,1668.0,False,False
5880,2022-10-27 09:36:11.028530,0.0,-0.00390625,0.0,-0.10000000000000142,25.5,25.55,25.55,25.6,411.0,54.0,3541.0,1668.0,False,False
5880,2022-10-27 09:36:11.576986,0.0,-0.00390625,0.0,-0.10000000000000142,25.5,25.55,25.55,25.6,361.0,54.0,3541.0,1668.0,False,False
5880,2022-10-27 09:36:13.377609,0.0,-0.00390625,0.0,-0.10000000000000142,25.5,25.55,25.55,25.6,361.0,52.0,3541.0,1668.0,False,False
5880,2022-10-27 09:36:13.377793,0.0,-0.00390625,0.0,-0.10000000000000142,25.5,25.55,25.55,25.6,361.0,50.0,3541.0,1668.0,False,False
5880,2022-10-27 09:36:13.377827,0.0,-0.00390625,0.0,-0.10000000000000142,25.5,25.55,25.55,25.6,361.0,48.0,3541.0,1668.0,False,False
5880,2022-10-27 09:36:16.038642,0.0,-0.00390625,0.0,-0.10000000000000142,25.5,25.55,25.55,25.6,361.0,59.0,3541.0,1668.0,False,False
5880,2022-10-27 09:36:19.611795,0.0,-0.00390625,0.0,-0.10000000000000142,25.5,25.55,25.55,25.6,361.0,59.0,3541.0,1668.0,False,False
5880,2022-10-27 09:36:19.884362,0.0,-0.00390625,0.0,-0.10000000000000142,25.5,25.55,25.55,25.6,361.0,59.0,3541.0,1668.0,False,False
5880,2022-10-27 09:36:20.620721,0.0,-0.00390625,0.0,-0.10000000000000142,25.5,25.55,25.55,25.6,359.0,59.0,3541.0,1668.0,False,False
5880,2022-10-27 09:36:21.621376,0.0,-0.00390625,0.0,-0.10000000000000142,25.5,25.55,25.55,25.6,359.0,59.0,3541.0,1668.0,False,False
5880,2022-10-27 09:36:23.847220,0.0,-0.00390625,0.0,-0.10000000000000142,25.5,25.55,25.55,25.6,359.0,62.0,3541.0,1668.0,False,False
5880,2022-10-27 09:36:27.934026,0.0,-0.00390625,0.0,-0.10000000000000142,25.5,25.55,25.55,25.6,359.0,62.0,3541.0,1668.0,False,False
5880,2022-10-27 09:36:27.934703,0.0,-0.00390625,0.0,-0.10000000000000142,25.5,25.55,25.55,25.6,359.0,63.0,3541.0,1668.0,False,False
5880,2022-10-27 09:36:30.634843,0.0,-0.00390625,0.0,-0.10000000000000142,25.5,25.55,25.55,25.6,411.0,63.0,3541.0,1668.0,False,False
5880,2022-10-27 09:36:34.314413,0.0,-0.00390625,0.0,-0.10000000000000142,25.5,25.55,25.55,25.6,408.0,63.0,3541.0,1668.0,False,False
5880,2022-10-27 09:36:36.929425,0.0,-0.00390625,0.0,-0.10000000000000142,25.5,25.55,25.55,25.6,520.0,63.0,3541.0,1668.0,False,False
5880,2022-10-27 09:36:39.986490,0.0,-0.00390625,0.0,-0.10000000000000142,25.5,25.55,25.55,25.6,519.0,63.0,3541.0,1668.0,False,False
5880,2022-10-27 09:36:40.072363,0.0,-0.00390625,0.0,-0.10000000000000142,25.5,25.55,25.55,25.6,519.0,63.0,3541.0,1668.0,False,False
5880,2022-10-27 09:36:40.770502,0.0,-0.00390625,0.0,-0.10000000000000142,25.5,25.55,25.55,25.6,519.0,61.0,3541.0,1668.0,False,False
5880,2022-10-27 09:36:40.787942,0.0,-0.00390625,0.0,-0.10000000000000142,25.5,25.55,25.55,25.6,597.0,61.0,3541.0,1668.0,False,False
5880,2022-10-27 09:36:43.104998,0.0,-0.00390625,0.0,-0.10000000000000142,25.5,25.55,25.55,25.6,597.0,61.0,3341.0,1668.0,True,True
5880,2022-10-27 09:36:46.009482,0.0,-0.00390625,0.0,-0.10000000000000142,25.5,25.55,25.55,25.6,597.0,61.0,3341.0,1668.0,False,False
5880,2022-10-27 09:36:48.628290,0.0,-0.00390625,0.0,-0.10000000000000142,25.5,25.55,25.55,25.6,597.0,60.0,3341.0,1668.0,False,False
5880,2022-10-27 09:36:53.144186,0.0,-0.00390625,0.0,-0.10000000000000142,25.5,25.55,25.55,25.6,597.0,60.0,3341.0,1668.0,True,True
5880,2022-10-27 09:36:54.202732,0.0,-0.00390625,0.0,-0.10000000000000142,25.5,25.55,25.55,25.6,597.0,60.0,3341.0,1668.0,False,False
5880,2022-10-27 09:36:56.230783,0.0,-0.00390625,0.0,-0.10000000000000142,25.5,25.55,25.55,25.6,600.0,60.0,3341.0,1668.0,False,False
5880,2022-10-27 09:36:57.980426,0.0,-0.00390625,0.0,-0.10000000000000142,25.5,25.55,25.55,25.6,600.0,62.0,3341.0,1668.0,False,False
5880,2022-10-27 09:36:58.313726,0.0,-0.00390625,0.0,-0.10000000000000142,25.5,25.55,25.55,25.6,600.0,65.0,3341.0,1668.0,False,False
5880,2022-10-27 09:36:59.757458,0.0,-0.00390625,0.0,-0.10000000000000142,25.5,25.55,25.55,25.6,550.0,15.0,3341.0,1668.0,False,False
5880,2022-10-27 09:37:00.132035,0.0,-0.00390625,0.0,-0.10000000000000142,25.5,25.55,25.55,25.6,550.0,9.0,3341.0,1668.0,False,False
5880,2022-10-27 09:37:01.486837,0.0,-0.00390625,0.0,-0.10000000000000142,25.5,25.55,25.55,25.6,498.0,9.0,3341.0,1668.0,False,False
5880,2022-10-27 09:37:02.381088,0.0,-0.00390625,0.0,-0.10000000000000142,25.5,25.55,25.55,25.6,498.0,9.0,3341.0,1668.0,False,True
5880,2022-10-27 09:37:02.497865,0.0,-0.00390625,0.0,-0.10000000000000142,25.5,25.55,25.55,25.6,553.0,9.0,3341.0,1668.0,False,False
5880,2022-10-27 09:37:04.552193,0.0,-0.00390625,0.0,-0.10000000000000142,25.5,25.55,25.55,25.6,553.0,9.0,3341.0,1668.0,False,False
5880,2022-10-27 09:37:06.622731,0.0,-0.00390625,0.0,-0.10000000000000142,25.5,25.55,25.55,25.6,553.0,10.0,3341.0,1668.0,False,False
5880,2022-10-27 09:37:06.623030,0.0,-0.00390625,0.0,-0.10000000000000142,25.5,25.55,25.55,25.6,553.0,10.0,3341.0,1668.0,False,False
5880,2022-10-27 09:37:09.854695,0.0,-0.00390625,0.0,-0.10000000000000142,25.5,25.55,25.55,25.6,553.0,13.0,3341.0,1668.0,False,False
5880,2022-10-27 09:37:12.413387,0.0,-0.00390625,0.0,-0.10000000000000142,25.5,25.55,25.55,25.6,553.0,13.0,3267.0,1668.0,True,True
5880,2022-10-27 09:37:12.581591,0.0,-0.00390625,0.0,-0.10000000000000142,25.5,25.55,25.55,25.6,553.0,12.0,3267.0,1668.0,False,False
5880,2022-10-27 09:37:13.631565,0.0,-0.00390625,0.0,-0.10000000000000142,25.5,25.55,25.55,25.6,553.0,14.0,3267.0,1668.0,False,False
5880,2022-10-27 09:37:22.441342,0.0,-0.00390625,0.0,-0.10000000000000142,25.5,25.55,25.55,25.6,553.0,14.0,3267.0,1668.0,True,True
5880,2022-10-27 09:37:22.895028,0.0,-0.00390625,0.0,-0.10000000000000142,25.5,25.55,25.55,25.6,553.0,14.0,3267.0,1668.0,False,False
5880,2022-10-27 09:37:26.155923,0.0,-0.00390625,0.0,-0.10000000000000142,25.5,25.55,25.55,25.6,553.0,16.0,3267.0,1668.0,False,False
5880,2022-10-27 09:37:27.761220,0.0,-0.00390625,0.0,-0.10000000000000142,25.5,25.55,25.55,25.6,553.0,16.0,3267.0,1668.0,False,False
5880,2022-10-27 09:37:28.845803,0.0,-0.00390625,0.0,-0.10000000000000142,25.5,25.55,25.55,25.6,553.0,13.0,3267.0,1668.0,False,False
5880,2022-10-27 09:37:29.145009,0.0,-0.00390625,0.0,-0.10000000000000142,25.5,25.55,25.55,25.6,553.0,16.0,3267.0,1668.0,False,False
5880,2022-10-27 09:37:29.497099,0.0,-0.00390625,0.0,-0.10000000000000142,25.5,25.55,25.55,25.6,498.0,16.0,3267.0,1668.0,False,False
5880,2022-10-27 09:37:30.492124,0.0,-0.00390625,0.0,-0.10000000000000142,25.5,25.55,25.55,25.6,553.0,16.0,3267.0,1668.0,False,False
5880,2022-10-27 09:37:30.622551,-0.001953125,-0.001953125,-0.05000000000000071,-0.05000000000000071,25.55,25.6,25.55,25.6,21.0,241.0,3267.0,1668.0,False,False
5880,2022-10-27 09:37:30.658994,-0.001953125,-0.001953125,-0.05000000000000071,-0.05000000000000071,25.55,25.6,25.55,25.6,21.0,249.0,3267.0,1668.0,False,False
5880,2022-10-27 09:37:30.714173,-0.001953125,-0.001953125,-0.05000000000000071,-0.05000000000000071,25.55,25.6,25.55,25.6,71.0,230.0,3267.0,1668.0,False,False
5880,2022-10-27 09:37:30.839958,-0.001953125,-0.001953125,-0.05000000000000071,-0.05000000000000071,25.55,25.6,25.55,25.6,112.0,236.0,3267.0,1668.0,False,False
5880,2022-10-27 09:37:31.475808,-0.001953125,-0.001953125,-0.05000000000000071,-0.05000000000000071,25.55,25.6,25.55,25.6,167.0,236.0,3267.0,1668.0,False,False
5880,2022-10-27 09:37:31.477415,-0.001953125,-0.001953125,-0.05000000000000071,-0.05000000000000071,25.55,25.6,25.55,25.6,167.0,236.0,3267.0,1668.0,False,False
5880,2022-10-27 09:37:31.707800,-0.001953125,-0.001953125,-0.05000000000000071,-0.05000000000000071,25.55,25.6,25.55,25.6,167.0,236.0,3267.0,1668.0,False,False
5880,2022-10-27 09:37:31.710894,-0.001953125,-0.001953125,-0.05000000000000071,-0.05000000000000071,25.55,25.6,25.55,25.6,167.0,236.0,3267.0,1668.0,False,False
5880,2022-10-27 09:37:31.801750,-0.001953125,-0.001953125,-0.05000000000000071,-0.05000000000000071,25.55,25.6,25.55,25.6,311.0,236.0,3267.0,1668.0,False,False
5880,2022-10-27 09:37:32.471440,-0.001953125,-0.001953125,-0.05000000000000071,-0.05000000000000071,25.55,25.6,25.55,25.6,311.0,236.0,3267.0,1668.0,True,True
5880,2022-10-27 09:37:32.581829,-0.001953125,-0.001953125,-0.05000000000000071,-0.05000000000000071,25.55,25.6,25.55,25.6,311.0,236.0,3267.0,1668.0,False,False
5880,2022-10-27 09:37:32.622662,-0.001953125,-0.001953125,-0.05000000000000071,-0.05000000000000071,25.55,25.6,25.55,25.6,389.0,236.0,3267.0,1668.0,False,False
5880,2022-10-27 09:37:33.680900,-0.001953125,-0.001953125,-0.05000000000000071,-0.05000000000000071,25.55,25.6,25.55,25.6,397.0,236.0,3267.0,1668.0,False,False
5880,2022-10-27 09:37:33.860655,-0.001953125,-0.001953125,-0.05000000000000071,-0.05000000000000071,25.55,25.6,25.55,25.6,397.0,239.0,3267.0,1668.0,False,False
5880,2022-10-27 09:37:34.634214,-0.001953125,-0.001953125,-0.05000000000000071,-0.05000000000000071,25.55,25.6,25.55,25.6,411.0,239.0,3267.0,1668.0,False,False
5880,2022-10-27 09:37:35.244004,-0.001953125,-0.001953125,-0.05000000000000071,-0.05000000000000071,25.55,25.6,25.55,25.6,390.0,239.0,3267.0,1668.0,False,False
5880,2022-10-27 09:37:36.556625,-0.001953125,-0.001953125,-0.05000000000000071,-0.05000000000000071,25.55,25.6,25.55,25.6,335.0,239.0,3267.0,1668.0,False,False
5880,2022-10-27 09:37:36.593176,-0.001953125,-0.001953125,-0.05000000000000071,-0.05000000000000071,25.55,25.6,25.55,25.6,327.0,239.0,3267.0,1668.0,False,False
5880,2022-10-27 09:37:37.522924,-0.001953125,-0.001953125,-0.05000000000000071,-0.05000000000000071,25.55,25.6,25.55,25.6,281.0,239.0,3267.0,1668.0,False,False
5880,2022-10-27 09:37:38.310974,-0.001953125,-0.001953125,-0.05000000000000071,-0.05000000000000071,25.55,25.6,25.55,25.6,280.0,239.0,3267.0,1668.0,False,False
5880,2022-10-27 09:37:41.938055,-0.001953125,-0.001953125,-0.05000000000000071,-0.05000000000000071,25.55,25.6,25.55,25.6,280.0,238.0,3267.0,1668.0,False,False
5880,2022-10-27 09:37:42.509711,-0.001953125,-0.001953125,-0.05000000000000071,-0.05000000000000071,25.55,25.6,25.55,25.6,280.0,238.0,3277.0,2178.0,True,True
5880,2022-10-27 09:37:43.032189,-0.001953125,-0.001953125,-0.05000000000000071,-0.05000000000000071,25.55,25.6,25.55,25.6,325.0,238.0,3277.0,2178.0,False,False
5880,2022-10-27 09:37:44.642449,-0.001953125,-0.001953125,-0.05000000000000071,-0.05000000000000071,25.55,25.6,25.55,25.6,247.0,238.0,3277.0,2178.0,False,False
5880,2022-10-27 09:37:45.378136,-0.001953125,-0.001953125,-0.05000000000000071,-0.05000000000000071,25.55,25.6,25.55,25.6,247.0,245.0,3277.0,2178.0,False,False
5880,2022-10-27 09:37:46.133572,-0.001953125,-0.001953125,-0.05000000000000071,-0.05000000000000071,25.55,25.6,25.55,25.6,247.0,268.0,3277.0,2178.0,False,False
5880,2022-10-27 09:37:48.454472,-0.001953125,-0.001953125,-0.05000000000000071,-0.05000000000000071,25.55,25.6,25.55,25.6,247.0,268.0,3277.0,2178.0,False,False
5880,2022-10-27 09:37:48.457864,-0.001953125,-0.001953125,-0.05000000000000071,-0.05000000000000071,25.55,25.6,25.55,25.6,249.0,268.0,3277.0,2178.0,False,False
5880,2022-10-27 09:37:50.625028,-0.001953125,-0.001953125,-0.05000000000000071,-0.05000000000000071,25.55,25.6,25.55,25.6,249.0,268.0,3277.0,2178.0,False,False
5880,2022-10-27 09:37:55.356908,-0.001953125,-0.001953125,-0.05000000000000071,-0.05000000000000071,25.55,25.6,25.55,25.6,99.0,268.0,3277.0,2178.0,False,False
5880,2022-10-27 09:37:55.391822,-0.001953125,-0.001953125,-0.05000000000000071,-0.05000000000000071,25.55,25.6,25.55,25.6,99.0,268.0,3277.0,2178.0,False,False
5880,2022-10-27 09:37:55.424574,-0.001953125,-0.00390625,-0.05000000000000071,-0.10000000000000142,25.5,25.6,25.55,25.6,116.0,268.0,3277.0,2178.0,False,False
5880,2022-10-27 09:37:55.454607,-0.001953125,-0.00390625,-0.05000000000000071,-0.10000000000000142,25.5,25.6,25.55,25.6,116.0,299.0,3277.0,2178.0,False,False
5880,2022-10-27 09:37:55.486856,-0.001953125,-0.00390625,-0.05000000000000071,-0.10000000000000142,25.5,25.6,25.55,25.6,110.0,299.0,3277.0,2178.0,False,False
5880,2022-10-27 09:37:56.419835,-0.001953125,-0.00390625,-0.05000000000000071,-0.10000000000000142,25.5,25.6,25.55,25.6,151.0,299.0,3277.0,2178.0,False,False
5880,2022-10-27 09:37:57.151083,-0.001953125,-0.001953125,-0.05000000000000071,-0.05000000000000071,25.55,25.6,25.55,25.6,1.0,299.0,3277.0,2178.0,False,False
5880,2022-10-27 09:37:57.185351,-0.001953125,-0.00390625,-0.05000000000000071,-0.10000000000000142,25.5,25.6,25.55,25.6,151.0,299.0,3277.0,2178.0,False,False
5880,2022-10-27 09:38:02.583256,-0.001953125,-0.00390625,-0.05000000000000071,-0.10000000000000142,25.5,25.6,25.55,25.6,151.0,299.0,3277.0,2178.0,True,True
5880,2022-10-27 09:38:03.307460,-0.001953125,-0.00390625,-0.05000000000000071,-0.10000000000000142,25.5,25.6,25.55,25.6,151.0,299.0,3277.0,2178.0,False,False
5880,2022-10-27 09:38:10.272924,-0.001953125,-0.00390625,-0.05000000000000071,-0.10000000000000142,25.5,25.6,25.55,25.6,148.0,299.0,3277.0,2178.0,False,False
5880,2022-10-27 09:38:15.166360,-0.001953125,-0.00390625,-0.05000000000000071,-0.10000000000000142,25.5,25.6,25.55,25.6,148.0,299.0,3277.0,2178.0,False,False
5880,2022-10-27 09:38:18.257199,0.0,-0.00390625,0.0,-0.10000000000000142,25.5,25.55,25.55,25.6,148.0,1.0,3277.0,2178.0,False,False
5880,2022-10-27 09:38:18.279593,0.0,-0.00390625,0.0,-0.10000000000000142,25.5,25.55,25.55,25.6,156.0,1.0,3277.0,2178.0,False,False
5880,2022-10-27 09:38:18.438468,0.0,-0.00390625,0.0,-0.10000000000000142,25.5,25.55,25.55,25.6,156.0,7.0,3277.0,2178.0,False,False
5880,2022-10-27 09:38:18.627473,0.0,-0.00390625,0.0,-0.10000000000000142,25.5,25.55,25.55,25.6,156.0,7.0,3277.0,2178.0,False,False
5880,2022-10-27 09:38:20.592822,0.0,-0.00390625,0.0,-0.10000000000000142,25.5,25.55,25.55,25.6,205.0,7.0,3277.0,2178.0,False,False
5880,2022-10-27 09:38:22.127582,0.0,-0.00390625,0.0,-0.10000000000000142,25.5,25.55,25.55,25.6,205.0,7.0,3277.0,2178.0,False,False
5880,2022-10-27 09:38:23.039085,0.0,-0.00390625,0.0,-0.10000000000000142,25.5,25.55,25.55,25.6,207.0,7.0,3277.0,2178.0,False,False
5880,2022-10-27 09:38:23.504694,-0.001953125,-0.001953125,-0.05000000000000071,-0.05000000000000071,25.55,25.6,25.55,25.6,7.0,259.0,3277.0,2178.0,False,False
5880,2022-10-27 09:38:23.536404,-0.001953125,-0.001953125,-0.05000000000000071,-0.05000000000000071,25.55,25.6,25.55,25.6,7.0,270.0,3277.0,2178.0,False,False
5880,2022-10-27 09:38:23.537202,-0.001953125,-0.001953125,-0.05000000000000071,-0.05000000000000071,25.55,25.6,25.55,25.6,7.0,247.0,3277.0,2178.0,False,False
5880,2022-10-27 09:38:24.421973,-0.001953125,-0.001953125,-0.05000000000000071,-0.05000000000000071,25.55,25.6,25.55,25.6,7.0,247.0,3277.0,2178.0,False,False
5880,2022-10-27 09:38:24.424388,-0.001953125,-0.001953125,-0.05000000000000071,-0.05000000000000071,25.55,25.6,25.55,25.6,56.0,247.0,3277.0,2178.0,False,False
5880,2022-10-27 09:38:24.471113,-0.001953125,-0.001953125,-0.05000000000000071,-0.05000000000000071,25.55,25.6,25.55,25.6,56.0,247.0,3277.0,2178.0,False,False
5880,2022-10-27 09:38:24.528699,-0.001953125,-0.001953125,-0.05000000000000071,-0.05000000000000071,25.55,25.6,25.55,25.6,97.0,247.0,3277.0,2178.0,False,False
5880,2022-10-27 09:38:24.714140,-0.001953125,-0.001953125,-0.05000000000000071,-0.05000000000000071,25.55,25.6,25.55,25.6,98.0,247.0,3277.0,2178.0,False,False
5880,2022-10-27 09:38:26.199780,-0.001953125,-0.001953125,-0.05000000000000071,-0.05000000000000071,25.55,25.6,25.55,25.6,100.0,247.0,3277.0,2178.0,False,False
5880,2022-10-27 09:38:26.521721,-0.001953125,-0.001953125,-0.05000000000000071,-0.05000000000000071,25.55,25.6,25.55,25.6,117.0,247.0,3277.0,2178.0,False,False
5880,2022-10-27 09:38:27.962007,-0.001953125,-0.001953125,-0.05000000000000071,-0.05000000000000071,25.55,25.6,25.55,25.6,116.0,247.0,3277.0,2178.0,False,False
5880,2022-10-27 09:38:28.554220,-0.001953125,-0.001953125,-0.05000000000000071,-0.05000000000000071,25.55,25.6,25.55,25.6,116.0,254.0,3277.0,2178.0,False,False
5880,2022-10-27 09:38:28.690380,-0.001953125,-0.001953125,-0.05000000000000071,-0.05000000000000071,25.55,25.6,25.55,25.6,121.0,254.0,3277.0,2178.0,False,False
5880,2022-10-27 09:38:29.118502,-0.001953125,-0.001953125,-0.05000000000000071,-0.05000000000000071,25.55,25.6,25.55,25.6,121.0,261.0,3277.0,2178.0,False,False
5880,2022-10-27 09:38:32.672605,-0.001953125,-0.001953125,-0.05000000000000071,-0.05000000000000071,25.55,25.6,25.55,25.6,121.0,261.0,3277.0,2178.0,True,True
5880,2022-10-27 09:38:33.035438,-0.001953125,-0.001953125,-0.05000000000000071,-0.05000000000000071,25.55,25.6,25.55,25.6,121.0,261.0,3277.0,2178.0,False,False
5880,2022-10-27 09:38:33.038732,-0.001953125,-0.001953125,-0.05000000000000071,-0.05000000000000071,25.55,25.6,25.55,25.6,121.0,263.0,3277.0,2178.0,False,False
5880,2022-10-27 09:38:33.273556,-0.001953125,-0.001953125,-0.05000000000000071,-0.05000000000000071,25.55,25.6,25.55,25.6,122.0,263.0,3277.0,2178.0,False,False
5880,2022-10-27 09:38:34.602884,-0.001953125,-0.001953125,-0.05000000000000071,-0.05000000000000071,25.55,25.6,25.55,25.6,126.0,263.0,3277.0,2178.0,False,False
5880,2022-10-27 09:38:35.292967,-0.001953125,-0.001953125,-0.05000000000000071,-0.05000000000000071,25.55,25.6,25.55,25.6,126.0,263.0,3277.0,2178.0,False,False
5880,2022-10-27 09:38:35.970338,-0.001953125,-0.001953125,-0.05000000000000071,-0.05000000000000071,25.55,25.6,25.55,25.6,126.0,264.0,3277.0,2178.0,False,False
5880,2022-10-27 09:38:38.846792,-0.001953125,-0.001953125,-0.05000000000000071,-0.05000000000000071,25.55,25.6,25.55,25.6,128.0,264.0,3277.0,2178.0,False,False
5880,2022-10-27 09:38:41.086880,-0.001953125,-0.001953125,-0.05000000000000071,-0.05000000000000071,25.55,25.6,25.55,25.6,128.0,264.0,3277.0,2178.0,False,False
5880,2022-10-27 09:38:45.320597,-0.001953125,-0.001953125,-0.05000000000000071,-0.05000000000000071,25.55,25.6,25.55,25.6,131.0,264.0,3277.0,2178.0,False,False
5880,2022-10-27 09:38:45.574443,-0.001953125,-0.001953125,-0.05000000000000071,-0.05000000000000071,25.55,25.6,25.55,25.6,139.0,264.0,3277.0,2178.0,False,False
5880,2022-10-27 09:38:46.811645,-0.001953125,-0.001953125,-0.05000000000000071,-0.05000000000000071,25.55,25.6,25.55,25.6,143.0,264.0,3277.0,2178.0,False,False
5880,2022-10-27 09:38:48.408897,-0.001953125,-0.001953125,-0.05000000000000071,-0.05000000000000071,25.55,25.6,25.55,25.6,212.0,264.0,3277.0,2178.0,False,False
5880,2022-10-27 09:38:48.441561,-0.001953125,-0.001953125,-0.05000000000000071,-0.05000000000000071,25.55,25.6,25.55,25.6,215.0,256.0,3277.0,2178.0,False,False
5880,2022-10-27 09:38:49.105452,-0.001953125,-0.001953125,-0.05000000000000071,-0.05000000000000071,25.55,25.6,25.55,25.6,215.0,249.0,3277.0,2178.0,False,False
5880,2022-10-27 09:38:49.335991,-0.001953125,-0.001953125,-0.05000000000000071,-0.05000000000000071,25.55,25.6,25.55,25.6,215.0,249.0,3277.0,2178.0,False,False
5880,2022-10-27 09:38:49.339270,-0.001953125,-0.001953125,-0.05000000000000071,-0.05000000000000071,25.55,25.6,25.55,25.6,217.0,249.0,3277.0,2178.0,False,False
5880,2022-10-27 09:38:50.216729,-0.001953125,-0.001953125,-0.05000000000000071,-0.05000000000000071,25.55,25.6,25.55,25.6,211.0,249.0,3277.0,2178.0,False,False
5880,2022-10-27 09:38:50.518873,-0.001953125,-0.001953125,-0.05000000000000071,-0.05000000000000071,25.55,25.6,25.55,25.6,227.0,249.0,3277.0,2178.0,False,False
5880,2022-10-27 09:38:58.989055,-0.001953125,-0.001953125,-0.05000000000000071,-0.05000000000000071,25.55,25.6,25.55,25.6,227.0,250.0,3277.0,2178.0,False,False
5880,2022-10-27 09:39:02.781567,-0.001953125,-0.001953125,-0.05000000000000071,-0.05000000000000071,25.55,25.6,25.55,25.6,227.0,250.0,3272.0,2178.0,True,True
5880,2022-10-27 09:39:02.991346,-0.001953125,-0.001953125,-0.05000000000000071,-0.05000000000000071,25.55,25.6,25.55,25.6,227.0,250.0,3272.0,2178.0,False,False
5880,2022-10-27 09:39:02.999527,-0.001953125,-0.001953125,-0.05000000000000071,-0.05000000000000071,25.55,25.6,25.55,25.6,228.0,250.0,3272.0,2178.0,False,False
5880,2022-10-27 09:39:07.669462,-0.001953125,-0.001953125,-0.05000000000000071,-0.05000000000000071,25.55,25.6,25.55,25.6,238.0,250.0,3272.0,2178.0,False,False
5880,2022-10-27 09:39:09.314950,-0.001953125,-0.001953125,-0.05000000000000071,-0.05000000000000071,25.55,25.6,25.55,25.6,238.0,250.0,3272.0,2178.0,False,False
5880,2022-10-27 09:39:10.506796,-0.001953125,-0.001953125,-0.05000000000000071,-0.05000000000000071,25.55,25.6,25.55,25.6,238.0,250.0,3272.0,2178.0,False,False
5880,2022-10-27 09:39:11.241391,-0.001953125,-0.001953125,-0.05000000000000071,-0.05000000000000071,25.55,25.6,25.55,25.6,238.0,250.0,3272.0,2178.0,False,False
5880,2022-10-27 09:39:15.478169,-0.001953125,-0.001953125,-0.05000000000000071,-0.05000000000000071,25.55,25.6,25.55,25.6,238.0,237.0,3272.0,2178.0,False,False
5880,2022-10-27 09:39:15.520946,-0.001953125,-0.001953125,-0.05000000000000071,-0.05000000000000071,25.55,25.6,25.55,25.6,238.0,234.0,3272.0,2178.0,False,False
5880,2022-10-27 09:39:15.771304,-0.001953125,-0.001953125,-0.05000000000000071,-0.05000000000000071,25.55,25.6,25.55,25.6,238.0,212.0,3272.0,2178.0,False,False
5880,2022-10-27 09:39:15.807913,-0.001953125,-0.001953125,-0.05000000000000071,-0.05000000000000071,25.55,25.6,25.55,25.6,238.0,204.0,3272.0,2178.0,False,False
5880,2022-10-27 09:39:17.272455,-0.001953125,-0.001953125,-0.05000000000000071,-0.05000000000000071,25.55,25.6,25.55,25.6,238.0,204.0,3272.0,2178.0,False,False
5880,2022-10-27 09:39:22.297789,-0.001953125,-0.001953125,-0.05000000000000071,-0.05000000000000071,25.55,25.6,25.55,25.6,238.0,204.0,3272.0,2178.0,False,False
5880,2022-10-27 09:39:22.465322,-0.001953125,-0.001953125,-0.05000000000000071,-0.05000000000000071,25.55,25.6,25.55,25.6,238.0,202.0,3272.0,2178.0,False,False
5880,2022-10-27 09:39:24.440613,-0.001953125,-0.001953125,-0.05000000000000071,-0.05000000000000071,25.55,25.6,25.55,25.6,238.0,197.0,3272.0,2178.0,False,False
5880,2022-10-27 09:39:24.519857,-0.001953125,-0.001953125,-0.05000000000000071,-0.05000000000000071,25.55,25.6,25.55,25.6,238.0,190.0,3272.0,2178.0,False,False
5880,2022-10-27 09:39:29.383784,-0.001953125,-0.001953125,-0.05000000000000071,-0.05000000000000071,25.55,25.6,25.55,25.6,240.0,190.0,3272.0,2178.0,False,False
5880,2022-10-27 09:39:31.493081,-0.001953125,-0.001953125,-0.05000000000000071,-0.05000000000000071,25.55,25.6,25.55,25.6,240.0,193.0,3272.0,2178.0,False,False
5880,2022-10-27 09:39:32.894168,-0.001953125,-0.001953125,-0.05000000000000071,-0.05000000000000071,25.55,25.6,25.55,25.6,240.0,193.0,3249.0,2178.0,True,True
5880,2022-10-27 09:39:35.160523,-0.001953125,-0.001953125,-0.05000000000000071,-0.05000000000000071,25.55,25.6,25.55,25.6,240.0,194.0,3249.0,2178.0,False,False
5880,2022-10-27 09:39:40.087597,-0.001953125,-0.001953125,-0.05000000000000071,-0.05000000000000071,25.55,25.6,25.55,25.6,242.0,194.0,3249.0,2178.0,False,False
5880,2022-10-27 09:39:45.222387,-0.001953125,-0.001953125,-0.05000000000000071,-0.05000000000000071,25.55,25.6,25.55,25.6,239.0,194.0,3249.0,2178.0,False,False
5880,2022-10-27 09:39:49.841073,-0.001953125,-0.001953125,-0.05000000000000071,-0.05000000000000071,25.55,25.6,25.55,25.6,239.0,190.0,3249.0,2178.0,False,False
5880,2022-10-27 09:39:50.385054,-0.001953125,-0.001953125,-0.05000000000000071,-0.05000000000000071,25.55,25.6,25.55,25.6,239.0,190.0,3249.0,2178.0,False,False
5880,2022-10-27 09:39:52.959637,-0.001953125,-0.001953125,-0.05000000000000071,-0.05000000000000071,25.55,25.6,25.55,25.6,239.0,190.0,3174.0,2178.0,True,True
5880,2022-10-27 09:39:56.193599,-0.001953125,-0.001953125,-0.05000000000000071,-0.05000000000000071,25.55,25.6,25.55,25.6,239.0,187.0,3174.0,2178.0,False,False
5880,2022-10-27 09:40:02.460780,-0.001953125,-0.001953125,-0.05000000000000071,-0.05000000000000071,25.55,25.6,25.55,25.6,239.0,187.0,3174.0,2328.0,False,True
5880,2022-10-27 09:40:05.497195,-0.001953125,-0.001953125,-0.05000000000000071,-0.05000000000000071,25.55,25.6,25.55,25.6,260.0,187.0,3174.0,2328.0,False,False
5880,2022-10-27 09:40:07.309989,-0.001953125,-0.001953125,-0.05000000000000071,-0.05000000000000071,25.55,25.6,25.55,25.6,260.0,186.0,3174.0,2328.0,False,False
5880,2022-10-27 09:40:10.878707,-0.001953125,-0.001953125,-0.05000000000000071,-0.05000000000000071,25.55,25.6,25.55,25.6,260.0,191.0,3174.0,2328.0,False,False
5880,2022-10-27 09:40:12.554088,-0.001953125,-0.001953125,-0.05000000000000071,-0.05000000000000071,25.55,25.6,25.55,25.6,260.0,191.0,3174.0,2328.0,True,True
5880,2022-10-27 09:40:13.516041,-0.001953125,-0.001953125,-0.05000000000000071,-0.05000000000000071,25.55,25.6,25.55,25.6,260.0,187.0,3174.0,2328.0,False,False
5880,2022-10-27 09:40:13.859360,-0.001953125,-0.001953125,-0.05000000000000071,-0.05000000000000071,25.55,25.6,25.55,25.6,260.0,187.0,3174.0,2328.0,False,False
5880,2022-10-27 09:40:14.034951,-0.001953125,-0.001953125,-0.05000000000000071,-0.05000000000000071,25.55,25.6,25.55,25.6,260.0,192.0,3174.0,2328.0,False,False
5880,2022-10-27 09:40:17.338905,-0.001953125,-0.001953125,-0.05000000000000071,-0.05000000000000071,25.55,25.6,25.55,25.6,260.0,192.0,3174.0,2328.0,False,False
5880,2022-10-27 09:40:18.788965,-0.001953125,-0.001953125,-0.05000000000000071,-0.05000000000000071,25.55,25.6,25.55,25.6,260.0,192.0,3174.0,2328.0,False,False
5880,2022-10-27 09:40:20.224339,-0.001953125,-0.001953125,-0.05000000000000071,-0.05000000000000071,25.55,25.6,25.55,25.6,260.0,194.0,3174.0,2328.0,False,False
5880,2022-10-27 09:40:20.264285,-0.001953125,-0.001953125,-0.05000000000000071,-0.05000000000000071,25.55,25.6,25.55,25.6,260.0,193.0,3174.0,2328.0,False,False
5880,2022-10-27 09:40:22.622151,-0.001953125,-0.001953125,-0.05000000000000071,-0.05000000000000071,25.55,25.6,25.55,25.6,260.0,193.0,3174.0,2328.0,True,True
5880,2022-10-27 09:40:24.715691,-0.001953125,-0.001953125,-0.05000000000000071,-0.05000000000000071,25.55,25.6,25.55,25.6,260.0,195.0,3174.0,2328.0,False,False
5880,2022-10-27 09:40:25.325813,-0.001953125,-0.001953125,-0.05000000000000071,-0.05000000000000071,25.55,25.6,25.55,25.6,260.0,194.0,3174.0,2328.0,False,False
5880,2022-10-27 09:40:26.581410,-0.001953125,-0.001953125,-0.05000000000000071,-0.05000000000000071,25.55,25.6,25.55,25.6,260.0,190.0,3174.0,2328.0,False,False
5880,2022-10-27 09:40:29.656528,-0.001953125,-0.001953125,-0.05000000000000071,-0.05000000000000071,25.55,25.6,25.55,25.6,260.0,188.0,3174.0,2328.0,False,False
5880,2022-10-27 09:40:30.490391,-0.001953125,-0.001953125,-0.05000000000000071,-0.05000000000000071,25.55,25.6,25.55,25.6,260.0,188.0,3174.0,2328.0,False,False
5880,2022-10-27 09:40:32.678655,-0.001953125,-0.001953125,-0.05000000000000071,-0.05000000000000071,25.55,25.6,25.55,25.6,260.0,188.0,3174.0,2328.0,True,True
5880,2022-10-27 09:40:35.688974,-0.001953125,-0.001953125,-0.05000000000000071,-0.05000000000000071,25.55,25.6,25.55,25.6,260.0,189.0,3174.0,2328.0,False,False
5880,2022-10-27 09:40:37.208723,-0.001953125,-0.001953125,-0.05000000000000071,-0.05000000000000071,25.55,25.6,25.55,25.6,260.0,186.0,3174.0,2328.0,False,False
5880,2022-10-27 09:40:37.909164,-0.001953125,-0.001953125,-0.05000000000000071,-0.05000000000000071,25.55,25.6,25.55,25.6,261.0,186.0,3174.0,2328.0,False,False
5880,2022-10-27 09:40:41.227012,-0.001953125,-0.001953125,-0.05000000000000071,-0.05000000000000071,25.55,25.6,25.55,25.6,261.0,182.0,3174.0,2328.0,False,False
5880,2022-10-27 09:40:42.724090,-0.001953125,-0.001953125,-0.05000000000000071,-0.05000000000000071,25.55,25.6,25.55,25.6,261.0,182.0,3174.0,2473.0,True,True
5880,2022-10-27 09:40:44.909623,-0.001953125,-0.001953125,-0.05000000000000071,-0.05000000000000071,25.55,25.6,25.55,25.6,261.0,182.0,3174.0,2473.0,False,False
5880,2022-10-27 09:40:48.420145,-0.001953125,-0.001953125,-0.05000000000000071,-0.05000000000000071,25.55,25.6,25.55,25.6,261.0,178.0,3174.0,2473.0,False,False
5880,2022-10-27 09:40:52.763727,-0.001953125,-0.001953125,-0.05000000000000071,-0.05000000000000071,25.55,25.6,25.55,25.6,261.0,178.0,3174.0,2473.0,True,True
5880,2022-10-27 09:41:01.100700,-0.001953125,-0.001953125,-0.05000000000000071,-0.05000000000000071,25.55,25.6,25.55,25.6,261.0,178.0,3174.0,2473.0,False,False
5880,2022-10-27 09:41:04.351842,-0.001953125,-0.001953125,-0.05000000000000071,-0.05000000000000071,25.55,25.6,25.55,25.6,261.0,178.0,3174.0,2473.0,False,False
5880,2022-10-27 09:41:09.568839,-0.001953125,-0.001953125,-0.05000000000000071,-0.05000000000000071,25.55,25.6,25.55,25.6,269.0,178.0,3174.0,2473.0,False,False
5880,2022-10-27 09:41:09.714070,-0.001953125,-0.001953125,-0.05000000000000071,-0.05000000000000071,25.55,25.6,25.55,25.6,248.0,178.0,3174.0,2473.0,False,False
5880,2022-10-27 09:41:09.715201,-0.001953125,-0.001953125,-0.05000000000000071,-0.05000000000000071,25.55,25.6,25.55,25.6,202.0,178.0,3174.0,2473.0,False,False
5880,2022-10-27 09:41:11.657644,-0.001953125,-0.001953125,-0.05000000000000071,-0.05000000000000071,25.55,25.6,25.55,25.6,202.0,177.0,3174.0,2473.0,False,False
5880,2022-10-27 09:41:12.723453,-0.001953125,-0.001953125,-0.05000000000000071,-0.05000000000000071,25.55,25.6,25.55,25.6,248.0,177.0,3174.0,2473.0,False,False
5880,2022-10-27 09:41:12.745801,-0.001953125,-0.001953125,-0.05000000000000071,-0.05000000000000071,25.55,25.6,25.55,25.6,248.0,177.0,3174.0,2473.0,False,False
5880,2022-10-27 09:41:15.939134,-0.001953125,-0.001953125,-0.05000000000000071,-0.05000000000000071,25.55,25.6,25.55,25.6,248.0,177.0,3174.0,2473.0,False,False
5880,2022-10-27 09:41:16.908431,-0.001953125,-0.001953125,-0.05000000000000071,-0.05000000000000071,25.55,25.6,25.55,25.6,248.0,182.0,3174.0,2473.0,False,False
5880,2022-10-27 09:41:20.410778,-0.001953125,-0.001953125,-0.05000000000000071,-0.05000000000000071,25.55,25.6,25.55,25.6,245.0,182.0,3174.0,2473.0,False,False
5880,2022-10-27 09:41:20.447733,-0.001953125,-0.001953125,-0.05000000000000071,-0.05000000000000071,25.55,25.6,25.55,25.6,245.0,182.0,3174.0,2473.0,False,False
5880,2022-10-27 09:41:21.667502,-0.001953125,-0.001953125,-0.05000000000000071,-0.05000000000000071,25.55,25.6,25.55,25.6,199.0,182.0,3174.0,2473.0,False,False
5880,2022-10-27 09:41:21.970005,-0.001953125,-0.001953125,-0.05000000000000071,-0.05000000000000071,25.55,25.6,25.55,25.6,199.0,182.0,3174.0,2473.0,False,False
5880,2022-10-27 09:41:23.738233,-0.001953125,-0.001953125,-0.05000000000000071,-0.05000000000000071,25.55,25.6,25.55,25.6,245.0,182.0,3174.0,2473.0,False,False
5880,2022-10-27 09:41:30.075581,-0.001953125,-0.001953125,-0.05000000000000071,-0.05000000000000071,25.55,25.6,25.55,25.6,245.0,187.0,3174.0,2473.0,False,False
5880,2022-10-27 09:41:32.955776,-0.001953125,-0.001953125,-0.05000000000000071,-0.05000000000000071,25.55,25.6,25.55,25.6,245.0,187.0,3174.0,2473.0,True,True
5880,2022-10-27 09:41:33.012318,-0.001953125,-0.001953125,-0.05000000000000071,-0.05000000000000071,25.55,25.6,25.55,25.6,245.0,190.0,3174.0,2473.0,False,False
5880,2022-10-27 09:41:34.912741,-0.001953125,-0.001953125,-0.05000000000000071,-0.05000000000000071,25.55,25.6,25.55,25.6,290.0,190.0,3174.0,2473.0,False,False
5880,2022-10-27 09:41:36.546072,-0.001953125,-0.001953125,-0.05000000000000071,-0.05000000000000071,25.55,25.6,25.55,25.6,290.0,185.0,3174.0,2473.0,False,False
5880,2022-10-27 09:41:39.071460,-0.001953125,-0.001953125,-0.05000000000000071,-0.05000000000000071,25.55,25.6,25.55,25.6,292.0,185.0,3174.0,2473.0,False,False
5880,2022-10-27 09:41:41.767656,-0.001953125,-0.001953125,-0.05000000000000071,-0.05000000000000071,25.55,25.6,25.55,25.6,292.0,186.0,3174.0,2473.0,False,False
5880,2022-10-27 09:41:48.147253,-0.001953125,-0.001953125,-0.05000000000000071,-0.05000000000000071,25.55,25.6,25.55,25.6,292.0,187.0,3174.0,2473.0,False,False
5880,2022-10-27 09:41:49.100885,-0.001953125,-0.001953125,-0.05000000000000071,-0.05000000000000071,25.55,25.6,25.55,25.6,292.0,184.0,3174.0,2473.0,False,False
5880,2022-10-27 09:41:50.916528,-0.001953125,-0.001953125,-0.05000000000000071,-0.05000000000000071,25.55,25.6,25.55,25.6,292.0,184.0,3174.0,2473.0,False,False
5880,2022-10-27 09:41:53.040287,-0.001953125,-0.001953125,-0.05000000000000071,-0.05000000000000071,25.55,25.6,25.55,25.6,292.0,184.0,2794.0,2473.0,True,True
5880,2022-10-27 09:41:55.238377,-0.001953125,-0.001953125,-0.05000000000000071,-0.05000000000000071,25.55,25.6,25.55,25.6,292.0,188.0,2794.0,2473.0,False,False
5880,2022-10-27 09:41:56.714591,-0.001953125,-0.001953125,-0.05000000000000071,-0.05000000000000071,25.55,25.6,25.55,25.6,292.0,188.0,2794.0,2473.0,False,False
5880,2022-10-27 09:41:57.743315,-0.001953125,-0.001953125,-0.05000000000000071,-0.05000000000000071,25.55,25.6,25.55,25.6,292.0,188.0,2794.0,2473.0,False,False
5880,2022-10-27 09:41:58.372341,-0.001953125,-0.001953125,-0.05000000000000071,-0.05000000000000071,25.55,25.6,25.55,25.6,292.0,183.0,2794.0,2473.0,False,False
5880,2022-10-27 09:42:02.527427,-0.001953125,-0.001953125,-0.05000000000000071,-0.05000000000000071,25.55,25.6,25.55,25.6,292.0,183.0,2794.0,2473.0,False,False
5880,2022-10-27 09:42:03.076344,-0.001953125,-0.001953125,-0.05000000000000071,-0.05000000000000071,25.55,25.6,25.55,25.6,292.0,183.0,2789.0,2473.0,True,True
5880,2022-10-27 09:42:09.994865,-0.001953125,-0.001953125,-0.05000000000000071,-0.05000000000000071,25.55,25.6,25.55,25.6,292.0,183.0,2789.0,2473.0,False,False
5880,2022-10-27 09:42:13.141168,-0.001953125,-0.001953125,-0.05000000000000071,-0.05000000000000071,25.55,25.6,25.55,25.6,292.0,183.0,2789.0,2503.0,True,True
5880,2022-10-27 09:42:13.169594,-0.001953125,-0.001953125,-0.05000000000000071,-0.05000000000000071,25.55,25.6,25.55,25.6,334.0,183.0,2789.0,2503.0,False,False
5880,2022-10-27 09:42:13.803275,-0.001953125,-0.001953125,-0.05000000000000071,-0.05000000000000071,25.55,25.6,25.55,25.6,334.0,182.0,2789.0,2503.0,False,False
5880,2022-10-27 09:42:25.116091,-0.001953125,-0.001953125,-0.05000000000000071,-0.05000000000000071,25.55,25.6,25.55,25.6,292.0,182.0,2789.0,2503.0,False,False
5880,2022-10-27 09:42:25.210546,-0.001953125,-0.001953125,-0.05000000000000071,-0.05000000000000071,25.55,25.6,25.55,25.6,292.0,182.0,2789.0,2503.0,False,False
5880,2022-10-27 09:42:25.707569,-0.001953125,-0.001953125,-0.05000000000000071,-0.05000000000000071,25.55,25.6,25.55,25.6,246.0,182.0,2789.0,2503.0,False,False
5880,2022-10-27 09:42:30.034718,-0.001953125,-0.001953125,-0.05000000000000071,-0.05000000000000071,25.55,25.6,25.55,25.6,246.0,182.0,2789.0,2503.0,False,False
5880,2022-10-27 09:42:30.372190,-0.001953125,-0.001953125,-0.05000000000000071,-0.05000000000000071,25.55,25.6,25.55,25.6,246.0,182.0,2789.0,2503.0,False,False
5880,2022-10-27 09:42:33.220530,-0.001953125,-0.001953125,-0.05000000000000071,-0.05000000000000071,25.55,25.6,25.55,25.6,246.0,182.0,2829.0,2503.0,True,True
5880,2022-10-27 09:42:35.909540,-0.001953125,-0.001953125,-0.05000000000000071,-0.05000000000000071,25.55,25.6,25.55,25.6,253.0,182.0,2829.0,2503.0,False,False
5880,2022-10-27 09:42:36.832975,-0.001953125,-0.001953125,-0.05000000000000071,-0.05000000000000071,25.55,25.6,25.55,25.6,253.0,182.0,2829.0,2503.0,False,False
5880,2022-10-27 09:42:43.259628,-0.001953125,-0.001953125,-0.05000000000000071,-0.05000000000000071,25.55,25.6,25.55,25.6,253.0,182.0,2929.0,2503.0,True,True
5880,2022-10-27 09:42:44.589011,-0.001953125,-0.001953125,-0.05000000000000071,-0.05000000000000071,25.55,25.6,25.55,25.6,253.0,182.0,2929.0,2503.0,False,False
5880,2022-10-27 09:42:46.100910,-0.001953125,-0.001953125,-0.05000000000000071,-0.05000000000000071,25.55,25.6,25.55,25.6,253.0,183.0,2929.0,2503.0,False,False
5880,2022-10-27 09:42:48.873744,-0.001953125,-0.001953125,-0.05000000000000071,-0.05000000000000071,25.55,25.6,25.55,25.6,253.0,218.0,2929.0,2503.0,False,False
5880,2022-10-27 09:42:56.460563,-0.001953125,-0.001953125,-0.05000000000000071,-0.05000000000000071,25.55,25.6,25.55,25.6,250.0,218.0,2929.0,2503.0,False,False
5880,2022-10-27 09:43:00.854131,-0.001953125,-0.001953125,-0.05000000000000071,-0.05000000000000071,25.55,25.6,25.55,25.6,233.0,218.0,2929.0,2503.0,False,False
5880,2022-10-27 09:43:00.859415,-0.001953125,-0.001953125,-0.05000000000000071,-0.05000000000000071,25.55,25.6,25.55,25.6,216.0,218.0,2929.0,2503.0,False,False
5880,2022-10-27 09:43:02.539757,-0.001953125,-0.001953125,-0.05000000000000071,-0.05000000000000071,25.55,25.6,25.55,25.6,216.0,218.0,2929.0,2503.0,False,True
5880,2022-10-27 09:43:04.357416,-0.001953125,-0.001953125,-0.05000000000000071,-0.05000000000000071,25.55,25.6,25.55,25.6,216.0,218.0,2929.0,2503.0,False,False
5880,2022-10-27 09:43:04.908439,-0.001953125,-0.001953125,-0.05000000000000071,-0.05000000000000071,25.55,25.6,25.55,25.6,215.0,218.0,2929.0,2503.0,False,False
5880,2022-10-27 09:43:06.607677,-0.001953125,-0.001953125,-0.05000000000000071,-0.05000000000000071,25.55,25.6,25.55,25.6,215.0,218.0,2929.0,2503.0,False,False
5880,2022-10-27 09:43:06.824694,-0.001953125,-0.001953125,-0.05000000000000071,-0.05000000000000071,25.55,25.6,25.55,25.6,215.0,218.0,2929.0,2503.0,False,False
5880,2022-10-27 09:43:09.013025,-0.001953125,-0.001953125,-0.05000000000000071,-0.05000000000000071,25.55,25.6,25.55,25.6,215.0,218.0,2929.0,2503.0,False,False
5880,2022-10-27 09:43:09.165229,-0.001953125,-0.001953125,-0.05000000000000071,-0.05000000000000071,25.55,25.6,25.55,25.6,215.0,223.0,2929.0,2503.0,False,False
5880,2022-10-27 09:43:12.579908,-0.001953125,-0.001953125,-0.05000000000000071,-0.05000000000000071,25.55,25.6,25.55,25.6,215.0,223.0,2962.0,2503.0,True,True
5880,2022-10-27 09:43:14.887320,-0.001953125,-0.001953125,-0.05000000000000071,-0.05000000000000071,25.55,25.6,25.55,25.6,215.0,223.0,2962.0,2503.0,False,False
5880,2022-10-27 09:43:17.558891,-0.001953125,-0.001953125,-0.05000000000000071,-0.05000000000000071,25.55,25.6,25.55,25.6,215.0,223.0,2962.0,2503.0,False,False
5880,2022-10-27 09:43:18.191271,-0.001953125,-0.001953125,-0.05000000000000071,-0.05000000000000071,25.55,25.6,25.55,25.6,215.0,227.0,2962.0,2503.0,False,False
5880,2022-10-27 09:43:18.211814,-0.001953125,-0.001953125,-0.05000000000000071,-0.05000000000000071,25.55,25.6,25.55,25.6,207.0,227.0,2962.0,2503.0,False,False
5880,2022-10-27 09:43:22.616023,-0.001953125,-0.001953125,-0.05000000000000071,-0.05000000000000071,25.55,25.6,25.55,25.6,207.0,227.0,2962.0,2846.0,True,True
5880,2022-10-27 09:43:31.468461,-0.001953125,-0.001953125,-0.05000000000000071,-0.05000000000000071,25.55,25.6,25.55,25.6,207.0,227.0,2962.0,2846.0,False,False
5880,2022-10-27 09:43:33.345706,-0.001953125,-0.001953125,-0.05000000000000071,-0.05000000000000071,25.55,25.6,25.55,25.6,207.0,229.0,2962.0,2846.0,False,False
5880,2022-10-27 09:43:33.494458,-0.001953125,-0.001953125,-0.05000000000000071,-0.05000000000000071,25.55,25.6,25.55,25.6,207.0,229.0,2962.0,2846.0,False,False
5880,2022-10-27 09:43:34.486060,-0.001953125,-0.001953125,-0.05000000000000071,-0.05000000000000071,25.55,25.6,25.55,25.6,207.0,237.0,2962.0,2846.0,False,False
5880,2022-10-27 09:43:37.365491,-0.001953125,-0.001953125,-0.05000000000000071,-0.05000000000000071,25.55,25.6,25.55,25.6,212.0,237.0,2962.0,2846.0,False,False
5880,2022-10-27 09:43:39.453991,-0.001953125,-0.001953125,-0.05000000000000071,-0.05000000000000071,25.55,25.6,25.55,25.6,212.0,237.0,2962.0,2846.0,False,False
5880,2022-10-27 09:43:39.455043,-0.001953125,-0.001953125,-0.05000000000000071,-0.05000000000000071,25.55,25.6,25.55,25.6,212.0,238.0,2962.0,2846.0,False,False
5880,2022-10-27 09:43:42.706536,-0.001953125,-0.001953125,-0.05000000000000071,-0.05000000000000071,25.55,25.6,25.55,25.6,212.0,238.0,2962.0,2280.0,True,True
5880,2022-10-27 09:43:43.426806,-0.001953125,-0.001953125,-0.05000000000000071,-0.05000000000000071,25.55,25.6,25.55,25.6,211.0,238.0,2962.0,2280.0,False,False
5880,2022-10-27 09:43:43.760121,-0.001953125,-0.001953125,-0.05000000000000071,-0.05000000000000071,25.55,25.6,25.55,25.6,211.0,238.0,2962.0,2280.0,False,False
5880,2022-10-27 09:43:43.762246,-0.001953125,-0.001953125,-0.05000000000000071,-0.05000000000000071,25.55,25.6,25.55,25.6,212.0,238.0,2962.0,2280.0,False,False
5880,2022-10-27 09:43:44.518591,-0.001953125,-0.001953125,-0.05000000000000071,-0.05000000000000071,25.55,25.6,25.55,25.6,212.0,238.0,2962.0,2280.0,False,False
5880,2022-10-27 09:43:44.544690,-0.001953125,-0.001953125,-0.05000000000000071,-0.05000000000000071,25.55,25.6,25.55,25.6,234.0,238.0,2962.0,2280.0,False,False
5880,2022-10-27 09:43:45.810570,-0.001953125,-0.001953125,-0.05000000000000071,-0.05000000000000071,25.55,25.6,25.55,25.6,279.0,238.0,2962.0,2280.0,False,False
5880,2022-10-27 09:43:45.833341,-0.001953125,-0.001953125,-0.05000000000000071,-0.05000000000000071,25.55,25.6,25.55,25.6,279.0,234.0,2962.0,2280.0,False,False
5880,2022-10-27 09:43:47.928627,-0.001953125,-0.001953125,-0.05000000000000071,-0.05000000000000071,25.55,25.6,25.55,25.6,279.0,236.0,2962.0,2280.0,False,False
5880,2022-10-27 09:43:49.867738,-0.001953125,-0.001953125,-0.05000000000000071,-0.05000000000000071,25.55,25.6,25.55,25.6,278.0,236.0,2962.0,2280.0,False,False
5880,2022-10-27 09:43:50.925278,-0.001953125,-0.001953125,-0.05000000000000071,-0.05000000000000071,25.55,25.6,25.55,25.6,312.0,236.0,2962.0,2280.0,False,False
5880,2022-10-27 09:43:52.743330,-0.001953125,-0.001953125,-0.05000000000000071,-0.05000000000000071,25.55,25.6,25.55,25.6,312.0,236.0,2962.0,2280.0,True,True
5880,2022-10-27 09:43:54.004511,-0.001953125,-0.001953125,-0.05000000000000071,-0.05000000000000071,25.55,25.6,25.55,25.6,312.0,228.0,2962.0,2280.0,False,False
5880,2022-10-27 09:43:54.077790,-0.001953125,-0.001953125,-0.05000000000000071,-0.05000000000000071,25.55,25.6,25.55,25.6,313.0,228.0,2962.0,2280.0,False,False
5880,2022-10-27 09:43:54.080323,-0.001953125,-0.001953125,-0.05000000000000071,-0.05000000000000071,25.55,25.6,25.55,25.6,320.0,228.0,2962.0,2280.0,False,False
5880,2022-10-27 09:44:00.756049,-0.001953125,-0.001953125,-0.05000000000000071,-0.05000000000000071,25.55,25.6,25.55,25.6,275.0,228.0,2962.0,2280.0,False,False
5880,2022-10-27 09:44:00.982745,-0.001953125,-0.001953125,-0.05000000000000071,-0.05000000000000071,25.55,25.6,25.55,25.6,268.0,228.0,2962.0,2280.0,False,False
5880,2022-10-27 09:44:00.993579,-0.001953125,-0.001953125,-0.05000000000000071,-0.05000000000000071,25.55,25.6,25.55,25.6,268.0,217.0,2962.0,2280.0,False,False
5880,2022-10-27 09:44:02.784351,-0.001953125,-0.001953125,-0.05000000000000071,-0.05000000000000071,25.55,25.6,25.55,25.6,268.0,217.0,2962.0,2212.0,True,True
5880,2022-10-27 09:44:04.191386,-0.001953125,-0.001953125,-0.05000000000000071,-0.05000000000000071,25.55,25.6,25.55,25.6,268.0,217.0,2962.0,2212.0,False,False
5880,2022-10-27 09:44:04.852276,-0.001953125,-0.001953125,-0.05000000000000071,-0.05000000000000071,25.55,25.6,25.55,25.6,234.0,217.0,2962.0,2212.0,False,False
5880,2022-10-27 09:44:09.359835,-0.001953125,-0.001953125,-0.05000000000000071,-0.05000000000000071,25.55,25.6,25.55,25.6,234.0,217.0,2962.0,2212.0,False,False
5880,2022-10-27 09:44:09.361383,-0.001953125,-0.001953125,-0.05000000000000071,-0.05000000000000071,25.55,25.6,25.55,25.6,243.0,217.0,2962.0,2212.0,False,False
5880,2022-10-27 09:44:17.878605,-0.001953125,-0.001953125,-0.05000000000000071,-0.05000000000000071,25.55,25.6,25.55,25.6,242.0,217.0,2962.0,2212.0,False,False
5880,2022-10-27 09:44:21.640875,-0.001953125,-0.001953125,-0.05000000000000071,-0.05000000000000071,25.55,25.6,25.55,25.6,241.0,217.0,2962.0,2212.0,False,False
5880,2022-10-27 09:44:21.937696,-0.001953125,-0.001953125,-0.05000000000000071,-0.05000000000000071,25.55,25.6,25.55,25.6,241.0,225.0,2962.0,2212.0,False,False
5880,2022-10-27 09:44:22.871350,-0.001953125,-0.001953125,-0.05000000000000071,-0.05000000000000071,25.55,25.6,25.55,25.6,241.0,225.0,2962.0,2202.0,True,True
5880,2022-10-27 09:44:30.068322,-0.001953125,-0.001953125,-0.05000000000000071,-0.05000000000000071,25.55,25.6,25.55,25.6,241.0,230.0,2962.0,2202.0,False,False
5880,2022-10-27 09:44:31.510497,-0.001953125,-0.001953125,-0.05000000000000071,-0.05000000000000071,25.55,25.6,25.55,25.6,238.0,230.0,2962.0,2202.0,False,False
5880,2022-10-27 09:44:32.915592,-0.001953125,-0.001953125,-0.05000000000000071,-0.05000000000000071,25.55,25.6,25.55,25.6,238.0,230.0,2962.0,2212.0,True,True
5880,2022-10-27 09:44:33.384687,-0.001953125,-0.001953125,-0.05000000000000071,-0.05000000000000071,25.55,25.6,25.55,25.6,238.0,234.0,2962.0,2212.0,False,False
5880,2022-10-27 09:44:39.294076,-0.001953125,-0.001953125,-0.05000000000000071,-0.05000000000000071,25.55,25.6,25.55,25.6,238.0,234.0,2962.0,2212.0,False,False
5880,2022-10-27 09:44:40.318456,-0.001953125,-0.001953125,-0.05000000000000071,-0.05000000000000071,25.55,25.6,25.55,25.6,238.0,234.0,2962.0,2212.0,False,False
5880,2022-10-27 09:44:42.954953,-0.001953125,-0.001953125,-0.05000000000000071,-0.05000000000000071,25.55,25.6,25.55,25.6,238.0,234.0,2845.0,2846.0,True,True
5880,2022-10-27 09:44:47.199956,-0.001953125,-0.001953125,-0.05000000000000071,-0.05000000000000071,25.55,25.6,25.55,25.6,238.0,232.0,2845.0,2846.0,False,False
5880,2022-10-27 09:44:51.828859,-0.001953125,-0.001953125,-0.05000000000000071,-0.05000000000000071,25.55,25.6,25.55,25.6,284.0,232.0,2845.0,2846.0,False,False
5880,2022-10-27 09:44:51.868151,-0.001953125,-0.001953125,-0.05000000000000071,-0.05000000000000071,25.55,25.6,25.55,25.6,284.0,228.0,2845.0,2846.0,False,False
5880,2022-10-27 09:44:52.203101,-0.001953125,-0.001953125,-0.05000000000000071,-0.05000000000000071,25.55,25.6,25.55,25.6,284.0,223.0,2845.0,2846.0,False,False
5880,2022-10-27 09:44:52.995237,-0.001953125,-0.001953125,-0.05000000000000071,-0.05000000000000071,25.55,25.6,25.55,25.6,284.0,223.0,2735.0,2836.0,True,True
5880,2022-10-27 09:44:54.940450,-0.001953125,-0.001953125,-0.05000000000000071,-0.05000000000000071,25.55,25.6,25.55,25.6,318.0,223.0,2735.0,2836.0,False,False
5880,2022-10-27 09:45:03.160066,-0.001953125,-0.001953125,-0.05000000000000071,-0.05000000000000071,25.55,25.6,25.55,25.6,318.0,223.0,2804.0,2836.0,True,True
5880,2022-10-27 09:45:03.575931,-0.001953125,-0.001953125,-0.05000000000000071,-0.05000000000000071,25.55,25.6,25.55,25.6,318.0,223.0,2804.0,2836.0,False,False
5880,2022-10-27 09:45:04.477357,-0.001953125,-0.001953125,-0.05000000000000071,-0.05000000000000071,25.55,25.6,25.55,25.6,318.0,223.0,2804.0,2836.0,False,False
5880,2022-10-27 09:45:13.355068,-0.001953125,-0.001953125,-0.05000000000000071,-0.05000000000000071,25.55,25.6,25.55,25.6,318.0,223.0,2814.0,2806.0,True,True
5880,2022-10-27 09:45:14.867073,-0.001953125,-0.001953125,-0.05000000000000071,-0.05000000000000071,25.55,25.6,25.55,25.6,284.0,223.0,2814.0,2806.0,False,False
5880,2022-10-27 09:45:15.045475,-0.001953125,-0.001953125,-0.05000000000000071,-0.05000000000000071,25.55,25.6,25.55,25.6,238.0,223.0,2814.0,2806.0,False,False
5880,2022-10-27 09:45:22.133914,-0.001953125,-0.001953125,-0.05000000000000071,-0.05000000000000071,25.55,25.6,25.55,25.6,238.0,223.0,2814.0,2806.0,False,False
5880,2022-10-27 09:45:24.541644,-0.001953125,-0.001953125,-0.05000000000000071,-0.05000000000000071,25.55,25.6,25.55,25.6,238.0,222.0,2814.0,2806.0,False,False
5880,2022-10-27 09:45:31.998898,-0.001953125,-0.001953125,-0.05000000000000071,-0.05000000000000071,25.55,25.6,25.55,25.6,238.0,237.0,2814.0,2806.0,False,False
5880,2022-10-27 09:45:33.385196,-0.001953125,-0.001953125,-0.05000000000000071,-0.05000000000000071,25.55,25.6,25.55,25.6,238.0,237.0,2914.0,2806.0,True,True
5880,2022-10-27 09:45:35.108730,-0.001953125,-0.001953125,-0.05000000000000071,-0.05000000000000071,25.55,25.6,25.55,25.6,238.0,237.0,2914.0,2806.0,False,False
5880,2022-10-27 09:45:37.654658,-0.001953125,-0.001953125,-0.05000000000000071,-0.05000000000000071,25.55,25.6,25.55,25.6,238.0,237.0,2914.0,2806.0,False,False
5880,2022-10-27 09:45:38.643775,-0.001953125,-0.001953125,-0.05000000000000071,-0.05000000000000071,25.55,25.6,25.55,25.6,238.0,241.0,2914.0,2806.0,False,False
5880,2022-10-27 09:45:41.962888,-0.001953125,-0.001953125,-0.05000000000000071,-0.05000000000000071,25.55,25.6,25.55,25.6,238.0,241.0,2914.0,2806.0,False,False
5880,2022-10-27 09:45:43.410923,-0.001953125,-0.001953125,-0.05000000000000071,-0.05000000000000071,25.55,25.6,25.55,25.6,238.0,241.0,3112.0,2804.0,True,True
5880,2022-10-27 09:45:52.415579,-0.001953125,-0.001953125,-0.05000000000000071,-0.05000000000000071,25.55,25.6,25.55,25.6,238.0,241.0,3112.0,2804.0,False,False
5880,2022-10-27 09:45:53.440249,-0.001953125,-0.001953125,-0.05000000000000071,-0.05000000000000071,25.55,25.6,25.55,25.6,238.0,241.0,3119.0,2804.0,True,True
5880,2022-10-27 09:46:00.461980,-0.001953125,-0.001953125,-0.05000000000000071,-0.05000000000000071,25.55,25.6,25.55,25.6,238.0,261.0,3119.0,2804.0,False,False
5880,2022-10-27 09:46:02.190065,-0.001953125,-0.001953125,-0.05000000000000071,-0.05000000000000071,25.55,25.6,25.55,25.6,238.0,262.0,3119.0,2804.0,False,False
5880,2022-10-27 09:46:02.664546,-0.001953125,-0.001953125,-0.05000000000000071,-0.05000000000000071,25.55,25.6,25.55,25.6,238.0,262.0,3119.0,2804.0,False,True
5880,2022-10-27 09:46:03.091475,-0.001953125,-0.001953125,-0.05000000000000071,-0.05000000000000071,25.55,25.6,25.55,25.6,238.0,259.0,3119.0,2804.0,False,False
5880,2022-10-27 09:46:04.043661,-0.001953125,-0.001953125,-0.05000000000000071,-0.05000000000000071,25.55,25.6,25.55,25.6,238.0,264.0,3119.0,2804.0,False,False
5880,2022-10-27 09:46:04.161294,-0.001953125,-0.001953125,-0.05000000000000071,-0.05000000000000071,25.55,25.6,25.55,25.6,228.0,264.0,3119.0,2804.0,False,False
5880,2022-10-27 09:46:07.334621,-0.001953125,-0.001953125,-0.05000000000000071,-0.05000000000000071,25.55,25.6,25.55,25.6,225.0,264.0,3119.0,2804.0,False,False
5880,2022-10-27 09:46:07.614573,-0.001953125,-0.001953125,-0.05000000000000071,-0.05000000000000071,25.55,25.6,25.55,25.6,225.0,229.0,3119.0,2804.0,False,False
5880,2022-10-27 09:46:11.811460,-0.001953125,-0.001953125,-0.05000000000000071,-0.05000000000000071,25.55,25.6,25.55,25.6,231.0,229.0,3119.0,2804.0,False,False
5880,2022-10-27 09:46:12.691443,-0.001953125,-0.001953125,-0.05000000000000071,-0.05000000000000071,25.55,25.6,25.55,25.6,231.0,229.0,3169.0,2804.0,True,True
5880,2022-10-27 09:46:13.340424,-0.001953125,-0.001953125,-0.05000000000000071,-0.05000000000000071,25.55,25.6,25.55,25.6,231.0,264.0,3169.0,2804.0,False,False
5880,2022-10-27 09:46:22.855587,-0.001953125,-0.001953125,-0.05000000000000071,-0.05000000000000071,25.55,25.6,25.55,25.6,231.0,264.0,3169.0,2804.0,False,False
5880,2022-10-27 09:46:24.145592,-0.001953125,-0.001953125,-0.05000000000000071,-0.05000000000000071,25.55,25.6,25.55,25.6,231.0,265.0,3169.0,2804.0,False,False
5880,2022-10-27 09:46:28.573492,-0.001953125,-0.001953125,-0.05000000000000071,-0.05000000000000071,25.55,25.6,25.55,25.6,231.0,265.0,3169.0,2804.0,False,False
5880,2022-10-27 09:46:38.465133,-0.001953125,-0.001953125,-0.05000000000000071,-0.05000000000000071,25.55,25.6,25.55,25.6,231.0,264.0,3169.0,2804.0,False,False
5880,2022-10-27 09:46:38.601916,-0.001953125,-0.001953125,-0.05000000000000071,-0.05000000000000071,25.55,25.6,25.55,25.6,231.0,265.0,3169.0,2804.0,False,False
5880,2022-10-27 09:46:42.785376,-0.001953125,-0.001953125,-0.05000000000000071,-0.05000000000000071,25.55,25.6,25.55,25.6,231.0,265.0,3169.0,2823.0,True,True
5880,2022-10-27 09:46:45.534158,-0.001953125,-0.001953125,-0.05000000000000071,-0.05000000000000071,25.55,25.6,25.55,25.6,231.0,265.0,3169.0,2823.0,False,False
5880,2022-10-27 09:46:49.277124,-0.001953125,-0.001953125,-0.05000000000000071,-0.05000000000000071,25.55,25.6,25.55,25.6,231.0,269.0,3169.0,2823.0,False,False
5880,2022-10-27 09:46:49.695123,-0.001953125,-0.001953125,-0.05000000000000071,-0.05000000000000071,25.55,25.6,25.55,25.6,231.0,269.0,3169.0,2823.0,False,False
5880,2022-10-27 09:46:50.277693,-0.001953125,-0.001953125,-0.05000000000000071,-0.05000000000000071,25.55,25.6,25.55,25.6,227.0,269.0,3169.0,2823.0,False,False
5880,2022-10-27 09:46:51.273486,-0.001953125,-0.001953125,-0.05000000000000071,-0.05000000000000071,25.55,25.6,25.55,25.6,227.0,265.0,3169.0,2823.0,False,False
5880,2022-10-27 09:46:52.816523,-0.001953125,-0.001953125,-0.05000000000000071,-0.05000000000000071,25.55,25.6,25.55,25.6,227.0,265.0,3169.0,2703.0,True,True
5880,2022-10-27 09:46:55.093021,-0.001953125,-0.001953125,-0.05000000000000071,-0.05000000000000071,25.55,25.6,25.55,25.6,227.0,267.0,3169.0,2703.0,False,False
5880,2022-10-27 09:47:00.115194,-0.001953125,-0.001953125,-0.05000000000000071,-0.05000000000000071,25.55,25.6,25.55,25.6,223.0,267.0,3169.0,2703.0,False,False
5880,2022-10-27 09:47:02.897423,-0.001953125,-0.001953125,-0.05000000000000071,-0.05000000000000071,25.55,25.6,25.55,25.6,223.0,266.0,3169.0,2703.0,False,False
5880,2022-10-27 09:47:05.085185,-0.001953125,-0.001953125,-0.05000000000000071,-0.05000000000000071,25.55,25.6,25.55,25.6,222.0,266.0,3169.0,2703.0,False,False
5880,2022-10-27 09:47:09.261391,-0.001953125,-0.001953125,-0.05000000000000071,-0.05000000000000071,25.55,25.6,25.55,25.6,222.0,266.0,3169.0,2703.0,False,False
5880,2022-10-27 09:47:20.035439,-0.001953125,-0.001953125,-0.05000000000000071,-0.05000000000000071,25.55,25.6,25.55,25.6,222.0,268.0,3169.0,2703.0,False,False
5880,2022-10-27 09:47:25.904425,-0.001953125,-0.001953125,-0.05000000000000071,-0.05000000000000071,25.55,25.6,25.55,25.6,222.0,268.0,3169.0,2703.0,False,False
5880,2022-10-27 09:47:32.939081,-0.001953125,-0.001953125,-0.05000000000000071,-0.05000000000000071,25.55,25.6,25.55,25.6,222.0,268.0,3169.0,2183.0,True,True
5880,2022-10-27 09:47:42.288418,-0.001953125,-0.001953125,-0.05000000000000071,-0.05000000000000071,25.55,25.6,25.55,25.6,219.0,268.0,3169.0,2183.0,False,False
5880,2022-10-27 09:47:42.572890,-0.001953125,-0.001953125,-0.05000000000000071,-0.05000000000000071,25.55,25.6,25.55,25.6,219.0,233.0,3169.0,2183.0,False,False
5880,2022-10-27 09:47:44.896471,-0.001953125,-0.001953125,-0.05000000000000071,-0.05000000000000071,25.55,25.6,25.55,25.6,229.0,233.0,3169.0,2183.0,False,False
5880,2022-10-27 09:47:45.516510,-0.001953125,-0.001953125,-0.05000000000000071,-0.05000000000000071,25.55,25.6,25.55,25.6,229.0,233.0,3169.0,2183.0,False,False
5880,2022-10-27 09:47:47.290694,-0.001953125,-0.001953125,-0.05000000000000071,-0.05000000000000071,25.55,25.6,25.55,25.6,221.0,233.0,3169.0,2183.0,False,False
5880,2022-10-27 09:47:47.295766,-0.001953125,-0.001953125,-0.05000000000000071,-0.05000000000000071,25.55,25.6,25.55,25.6,196.0,233.0,3169.0,2183.0,False,False
5880,2022-10-27 09:47:47.295959,-0.001953125,-0.001953125,-0.05000000000000071,-0.05000000000000071,25.55,25.6,25.55,25.6,194.0,233.0,3169.0,2183.0,False,False
5880,2022-10-27 09:47:48.365295,-0.001953125,-0.001953125,-0.05000000000000071,-0.05000000000000071,25.55,25.6,25.55,25.6,244.0,233.0,3169.0,2183.0,False,False
5880,2022-10-27 09:47:49.432785,-0.001953125,-0.001953125,-0.05000000000000071,-0.05000000000000071,25.55,25.6,25.55,25.6,244.0,234.0,3169.0,2183.0,False,False
5880,2022-10-27 09:47:49.773452,-0.001953125,-0.001953125,-0.05000000000000071,-0.05000000000000071,25.55,25.6,25.55,25.6,246.0,234.0,3169.0,2183.0,False,False
5880,2022-10-27 09:47:52.996158,-0.001953125,-0.001953125,-0.05000000000000071,-0.05000000000000071,25.55,25.6,25.55,25.6,246.0,234.0,3169.0,2188.0,True,True
5880,2022-10-27 09:47:53.354255,-0.001953125,-0.001953125,-0.05000000000000071,-0.05000000000000071,25.55,25.6,25.55,25.6,246.0,225.0,3169.0,2188.0,False,False
5880,2022-10-27 09:47:53.673895,-0.001953125,-0.001953125,-0.05000000000000071,-0.05000000000000071,25.55,25.6,25.55,25.6,246.0,221.0,3169.0,2188.0,False,False
5880,2022-10-27 09:47:54.475426,-0.001953125,-0.001953125,-0.05000000000000071,-0.05000000000000071,25.55,25.6,25.55,25.6,246.0,218.0,3169.0,2188.0,False,False
5880,2022-10-27 09:47:54.787189,-0.001953125,-0.001953125,-0.05000000000000071,-0.05000000000000071,25.55,25.6,25.55,25.6,246.0,215.0,3169.0,2188.0,False,False
5880,2022-10-27 09:48:03.026216,-0.001953125,-0.001953125,-0.05000000000000071,-0.05000000000000071,25.55,25.6,25.55,25.6,246.0,215.0,3169.0,2186.0,True,True
5880,2022-10-27 09:48:04.592992,-0.001953125,-0.001953125,-0.05000000000000071,-0.05000000000000071,25.55,25.6,25.55,25.6,246.0,215.0,3169.0,2186.0,False,False
5880,2022-10-27 09:48:07.298541,-0.001953125,-0.001953125,-0.05000000000000071,-0.05000000000000071,25.55,25.6,25.55,25.6,265.0,215.0,3169.0,2186.0,False,False
5880,2022-10-27 09:48:07.323178,-0.001953125,-0.001953125,-0.05000000000000071,-0.05000000000000071,25.55,25.6,25.55,25.6,265.0,211.0,3169.0,2186.0,False,False
5880,2022-10-27 09:48:08.726639,-0.001953125,-0.001953125,-0.05000000000000071,-0.05000000000000071,25.55,25.6,25.55,25.6,265.0,204.0,3169.0,2186.0,False,False
5880,2022-10-27 09:48:08.925345,-0.001953125,-0.001953125,-0.05000000000000071,-0.05000000000000071,25.55,25.6,25.55,25.6,265.0,196.0,3169.0,2186.0,False,False
5880,2022-10-27 09:48:10.026047,-0.001953125,-0.001953125,-0.05000000000000071,-0.05000000000000071,25.55,25.6,25.55,25.6,265.0,196.0,3169.0,2186.0,False,False
5880,2022-10-27 09:48:10.521316,-0.001953125,-0.001953125,-0.05000000000000071,-0.05000000000000071,25.55,25.6,25.55,25.6,265.0,195.0,3169.0,2186.0,False,False
5880,2022-10-27 09:48:10.575087,-0.001953125,-0.001953125,-0.05000000000000071,-0.05000000000000071,25.55,25.6,25.55,25.6,275.0,195.0,3169.0,2186.0,False,False
5880,2022-10-27 09:48:10.644652,-0.001953125,-0.001953125,-0.05000000000000071,-0.05000000000000071,25.55,25.6,25.55,25.6,282.0,195.0,3169.0,2186.0,False,False
5880,2022-10-27 09:48:13.061460,-0.001953125,-0.001953125,-0.05000000000000071,-0.05000000000000071,25.55,25.6,25.55,25.6,282.0,195.0,3169.0,2286.0,True,True
5880,2022-10-27 09:48:21.891623,-0.001953125,-0.001953125,-0.05000000000000071,-0.05000000000000071,25.55,25.6,25.55,25.6,282.0,196.0,3169.0,2286.0,False,False
5880,2022-10-27 09:48:23.094664,-0.001953125,-0.001953125,-0.05000000000000071,-0.05000000000000071,25.55,25.6,25.55,25.6,282.0,196.0,3169.0,2586.0,True,True
5880,2022-10-27 09:48:24.729463,-0.001953125,-0.001953125,-0.05000000000000071,-0.05000000000000071,25.55,25.6,25.55,25.6,282.0,196.0,3169.0,2586.0,False,False
5880,2022-10-27 09:48:25.123800,-0.001953125,-0.001953125,-0.05000000000000071,-0.05000000000000071,25.55,25.6,25.55,25.6,282.0,195.0,3169.0,2586.0,False,False
5880,2022-10-27 09:48:25.708093,-0.001953125,-0.001953125,-0.05000000000000071,-0.05000000000000071,25.55,25.6,25.55,25.6,282.0,200.0,3169.0,2586.0,False,False
5880,2022-10-27 09:48:28.946010,-0.001953125,-0.001953125,-0.05000000000000071,-0.05000000000000071,25.55,25.6,25.55,25.6,282.0,198.0,3169.0,2586.0,False,False
5880,2022-10-27 09:48:33.120788,-0.001953125,-0.001953125,-0.05000000000000071,-0.05000000000000071,25.55,25.6,25.55,25.6,282.0,198.0,3219.0,2586.0,True,True
5880,2022-10-27 09:48:38.849653,-0.001953125,-0.001953125,-0.05000000000000071,-0.05000000000000071,25.55,25.6,25.55,25.6,327.0,198.0,3219.0,2586.0,False,False
5880,2022-10-27 09:48:43.147809,-0.001953125,-0.001953125,-0.05000000000000071,-0.05000000000000071,25.55,25.6,25.55,25.6,327.0,198.0,3219.0,2558.0,True,True
5880,2022-10-27 09:48:45.580520,-0.001953125,-0.001953125,-0.05000000000000071,-0.05000000000000071,25.55,25.6,25.55,25.6,327.0,198.0,3219.0,2558.0,False,False
5880,2022-10-27 09:48:53.177862,-0.001953125,-0.001953125,-0.05000000000000071,-0.05000000000000071,25.55,25.6,25.55,25.6,327.0,198.0,3219.0,2558.0,True,True
5880,2022-10-27 09:48:58.953002,-0.001953125,-0.001953125,-0.05000000000000071,-0.05000000000000071,25.55,25.6,25.55,25.6,327.0,203.0,3219.0,2558.0,False,False
5880,2022-10-27 09:48:59.259663,-0.001953125,-0.001953125,-0.05000000000000071,-0.05000000000000071,25.55,25.6,25.55,25.6,327.0,203.0,3219.0,2558.0,False,False
5880,2022-10-27 09:48:59.261791,-0.001953125,-0.001953125,-0.05000000000000071,-0.05000000000000071,25.55,25.6,25.55,25.6,333.0,203.0,3219.0,2558.0,False,False
5880,2022-10-27 09:48:59.908352,-0.001953125,-0.001953125,-0.05000000000000071,-0.05000000000000071,25.55,25.6,25.55,25.6,333.0,208.0,3219.0,2558.0,False,False
5880,2022-10-27 09:49:00.585345,-0.001953125,-0.001953125,-0.05000000000000071,-0.05000000000000071,25.55,25.6,25.55,25.6,333.0,207.0,3219.0,2558.0,False,False
5880,2022-10-27 09:49:00.740915,-0.001953125,-0.001953125,-0.05000000000000071,-0.05000000000000071,25.55,25.6,25.55,25.6,334.0,207.0,3219.0,2558.0,False,False
5880,2022-10-27 09:49:02.806782,-0.001953125,-0.001953125,-0.05000000000000071,-0.05000000000000071,25.55,25.6,25.55,25.6,334.0,207.0,3219.0,2558.0,False,True
5880,2022-10-27 09:49:14.415167,-0.001953125,-0.001953125,-0.05000000000000071,-0.05000000000000071,25.55,25.6,25.55,25.6,334.0,207.0,3219.0,2558.0,False,False
5880,2022-10-27 09:49:18.060117,-0.001953125,-0.001953125,-0.05000000000000071,-0.05000000000000071,25.55,25.6,25.55,25.6,334.0,207.0,3219.0,2558.0,False,False
5880,2022-10-27 09:49:18.083792,-0.001953125,-0.001953125,-0.05000000000000071,-0.05000000000000071,25.55,25.6,25.55,25.6,334.0,209.0,3219.0,2558.0,False,False
5880,2022-10-27 09:49:18.163423,-0.001953125,-0.001953125,-0.05000000000000071,-0.05000000000000071,25.55,25.6,25.55,25.6,334.0,208.0,3219.0,2558.0,False,False
5880,2022-10-27 09:49:18.432519,-0.001953125,-0.001953125,-0.05000000000000071,-0.05000000000000071,25.55,25.6,25.55,25.6,331.0,208.0,3219.0,2558.0,False,False
5880,2022-10-27 09:49:22.018829,-0.001953125,-0.001953125,-0.05000000000000071,-0.05000000000000071,25.55,25.6,25.55,25.6,330.0,208.0,3219.0,2558.0,False,False
5880,2022-10-27 09:49:26.780679,-0.001953125,-0.001953125,-0.05000000000000071,-0.05000000000000071,25.55,25.6,25.55,25.6,333.0,208.0,3219.0,2558.0,False,False
5880,2022-10-27 09:49:26.781923,-0.001953125,-0.001953125,-0.05000000000000071,-0.05000000000000071,25.55,25.6,25.55,25.6,333.0,208.0,3219.0,2558.0,False,False
5880,2022-10-27 09:49:28.852645,-0.001953125,-0.001953125,-0.05000000000000071,-0.05000000000000071,25.55,25.6,25.55,25.6,333.0,208.0,3219.0,2558.0,False,False
5880,2022-10-27 09:49:37.732802,-0.001953125,-0.001953125,-0.05000000000000071,-0.05000000000000071,25.55,25.6,25.55,25.6,333.0,210.0,3219.0,2558.0,False,False
5880,2022-10-27 09:49:41.296608,-0.001953125,-0.001953125,-0.05000000000000071,-0.05000000000000071,25.55,25.6,25.55,25.6,333.0,210.0,3219.0,2558.0,False,False
5880,2022-10-27 09:49:44.480590,-0.001953125,-0.001953125,-0.05000000000000071,-0.05000000000000071,25.55,25.6,25.55,25.6,333.0,210.0,3219.0,2558.0,False,False
5880,2022-10-27 09:49:48.873264,-0.001953125,-0.001953125,-0.05000000000000071,-0.05000000000000071,25.55,25.6,25.55,25.6,333.0,211.0,3219.0,2558.0,False,False
5880,2022-10-27 09:49:48.876739,-0.001953125,-0.001953125,-0.05000000000000071,-0.05000000000000071,25.55,25.6,25.55,25.6,333.0,211.0,3219.0,2558.0,False,False
5880,2022-10-27 09:49:49.026769,-0.001953125,-0.001953125,-0.05000000000000071,-0.05000000000000071,25.55,25.6,25.55,25.6,334.0,211.0,3219.0,2558.0,False,False
5880,2022-10-27 09:49:49.102933,-0.001953125,-0.001953125,-0.05000000000000071,-0.05000000000000071,25.55,25.6,25.55,25.6,334.0,211.0,3219.0,2558.0,False,False
5880,2022-10-27 09:49:49.529970,-0.001953125,-0.001953125,-0.05000000000000071,-0.05000000000000071,25.55,25.6,25.55,25.6,326.0,211.0,3219.0,2558.0,False,False
5880,2022-10-27 09:49:50.731837,-0.001953125,-0.001953125,-0.05000000000000071,-0.05000000000000071,25.55,25.6,25.55,25.6,337.0,211.0,3219.0,2558.0,False,False
5880,2022-10-27 09:49:52.198291,-0.001953125,-0.001953125,-0.05000000000000071,-0.05000000000000071,25.55,25.6,25.55,25.6,337.0,211.0,3219.0,2558.0,False,False
5880,2022-10-27 09:49:52.960442,-0.001953125,-0.001953125,-0.05000000000000071,-0.05000000000000071,25.55,25.6,25.55,25.6,337.0,211.0,3219.0,2659.0,True,True
5880,2022-10-27 09:50:03.065393,-0.001953125,-0.001953125,-0.05000000000000071,-0.05000000000000071,25.55,25.6,25.55,25.6,337.0,211.0,3219.0,2459.0,True,True
5880,2022-10-27 09:50:13.156063,-0.001953125,-0.001953125,-0.05000000000000071,-0.05000000000000071,25.55,25.6,25.55,25.6,337.0,211.0,3219.0,2404.0,True,True
5880,2022-10-27 09:50:13.764267,-0.001953125,-0.001953125,-0.05000000000000071,-0.05000000000000071,25.55,25.6,25.55,25.6,336.0,210.0,3219.0,2404.0,False,False
5880,2022-10-27 09:50:21.258658,-0.001953125,-0.001953125,-0.05000000000000071,-0.05000000000000071,25.55,25.6,25.55,25.6,336.0,210.0,3219.0,2404.0,False,False
5880,2022-10-27 09:50:21.987249,-0.001953125,-0.001953125,-0.05000000000000071,-0.05000000000000071,25.55,25.6,25.55,25.6,336.0,213.0,3219.0,2404.0,False,False
5880,2022-10-27 09:50:23.219693,-0.001953125,-0.001953125,-0.05000000000000071,-0.05000000000000071,25.55,25.6,25.55,25.6,336.0,213.0,3219.0,1904.0,True,True
5880,2022-10-27 09:50:31.492086,-0.001953125,-0.001953125,-0.05000000000000071,-0.05000000000000071,25.55,25.6,25.55,25.6,336.0,214.0,3219.0,1904.0,False,False
5880,2022-10-27 09:50:33.275154,-0.001953125,-0.001953125,-0.05000000000000071,-0.05000000000000071,25.55,25.6,25.55,25.6,336.0,214.0,4159.0,1954.0,True,True
5880,2022-10-27 09:50:40.716304,-0.001953125,-0.001953125,-0.05000000000000071,-0.05000000000000071,25.55,25.6,25.55,25.6,343.0,214.0,4159.0,1954.0,False,False
5880,2022-10-27 09:50:43.321347,-0.001953125,-0.001953125,-0.05000000000000071,-0.05000000000000071,25.55,25.6,25.55,25.6,343.0,214.0,4159.0,1927.0,True,True
5880,2022-10-27 09:50:53.364566,-0.001953125,-0.001953125,-0.05000000000000071,-0.05000000000000071,25.55,25.6,25.55,25.6,343.0,214.0,4409.0,1927.0,True,True
5880,2022-10-27 09:50:53.404212,-0.001953125,-0.001953125,-0.05000000000000071,-0.05000000000000071,25.55,25.6,25.55,25.6,340.0,214.0,4409.0,1927.0,False,False
5880,2022-10-27 09:50:56.425760,-0.001953125,-0.001953125,-0.05000000000000071,-0.05000000000000071,25.55,25.6,25.55,25.6,339.0,214.0,4409.0,1927.0,False,False
5880,2022-10-27 09:50:57.240690,-0.001953125,-0.001953125,-0.05000000000000071,-0.05000000000000071,25.55,25.6,25.55,25.6,339.0,214.0,4409.0,1927.0,False,False
5880,2022-10-27 09:51:03.410257,-0.001953125,-0.001953125,-0.05000000000000071,-0.05000000000000071,25.55,25.6,25.55,25.6,339.0,214.0,4509.0,1833.0,True,True
5880,2022-10-27 09:51:05.509972,-0.001953125,-0.001953125,-0.05000000000000071,-0.05000000000000071,25.55,25.6,25.55,25.6,339.0,214.0,4509.0,1833.0,False,False
5880,2022-10-27 09:51:11.796205,-0.001953125,-0.001953125,-0.05000000000000071,-0.05000000000000071,25.55,25.6,25.55,25.6,339.0,215.0,4509.0,1833.0,False,False
5880,2022-10-27 09:51:13.108435,-0.001953125,-0.001953125,-0.05000000000000071,-0.05000000000000071,25.55,25.6,25.55,25.6,341.0,215.0,4509.0,1833.0,False,False
5880,2022-10-27 09:51:13.452296,-0.001953125,-0.001953125,-0.05000000000000071,-0.05000000000000071,25.55,25.6,25.55,25.6,341.0,215.0,4509.0,1805.0,True,True
5880,2022-10-27 09:51:14.566927,-0.001953125,-0.001953125,-0.05000000000000071,-0.05000000000000071,25.55,25.6,25.55,25.6,342.0,215.0,4509.0,1805.0,False,False
5880,2022-10-27 09:51:15.004318,-0.001953125,-0.001953125,-0.05000000000000071,-0.05000000000000071,25.55,25.6,25.55,25.6,342.0,217.0,4509.0,1805.0,False,False
5880,2022-10-27 09:51:24.049287,-0.001953125,-0.001953125,-0.05000000000000071,-0.05000000000000071,25.55,25.6,25.55,25.6,342.0,218.0,4509.0,1805.0,False,False
5880,2022-10-27 09:51:32.672908,-0.001953125,-0.001953125,-0.05000000000000071,-0.05000000000000071,25.55,25.6,25.55,25.6,342.0,218.0,4509.0,1805.0,False,False
5880,2022-10-27 09:51:33.181013,-0.001953125,-0.001953125,-0.05000000000000071,-0.05000000000000071,25.55,25.6,25.55,25.6,342.0,218.0,4509.0,1805.0,False,False
5880,2022-10-27 09:51:33.532214,-0.001953125,-0.001953125,-0.05000000000000071,-0.05000000000000071,25.55,25.6,25.55,25.6,342.0,218.0,4509.0,1719.0,True,True
5880,2022-10-27 09:51:33.724334,-0.001953125,-0.001953125,-0.05000000000000071,-0.05000000000000071,25.55,25.6,25.55,25.6,341.0,218.0,4509.0,1719.0,False,False
5880,2022-10-27 09:51:38.501817,-0.001953125,-0.001953125,-0.05000000000000071,-0.05000000000000071,25.55,25.6,25.55,25.6,343.0,218.0,4509.0,1719.0,False,False
5880,2022-10-27 09:51:39.965082,-0.001953125,-0.001953125,-0.05000000000000071,-0.05000000000000071,25.55,25.6,25.55,25.6,342.0,218.0,4509.0,1719.0,False,False
5880,2022-10-27 09:51:42.264981,-0.001953125,-0.001953125,-0.05000000000000071,-0.05000000000000071,25.55,25.6,25.55,25.6,335.0,218.0,4509.0,1719.0,False,False
5880,2022-10-27 09:51:43.412567,-0.001953125,-0.001953125,-0.05000000000000071,-0.05000000000000071,25.55,25.6,25.55,25.6,335.0,217.0,4509.0,1719.0,False,False
5880,2022-10-27 09:51:43.572516,-0.001953125,-0.001953125,-0.05000000000000071,-0.05000000000000071,25.55,25.6,25.55,25.6,335.0,217.0,4549.0,1556.0,True,True
5880,2022-10-27 09:51:45.425081,-0.001953125,-0.001953125,-0.05000000000000071,-0.05000000000000071,25.55,25.6,25.55,25.6,335.0,217.0,4549.0,1556.0,False,False
5880,2022-10-27 09:51:53.610956,-0.001953125,-0.001953125,-0.05000000000000071,-0.05000000000000071,25.55,25.6,25.55,25.6,335.0,217.0,4513.0,1556.0,True,True
5880,2022-10-27 09:51:54.134140,-0.001953125,-0.001953125,-0.05000000000000071,-0.05000000000000071,25.55,25.6,25.55,25.6,335.0,222.0,4513.0,1556.0,False,False
5880,2022-10-27 09:51:54.619080,-0.001953125,-0.001953125,-0.05000000000000071,-0.05000000000000071,25.55,25.6,25.55,25.6,335.0,217.0,4513.0,1556.0,False,False
5880,2022-10-27 09:51:54.766357,-0.001953125,-0.001953125,-0.05000000000000071,-0.05000000000000071,25.55,25.6,25.55,25.6,335.0,218.0,4513.0,1556.0,False,False
5880,2022-10-27 09:52:02.860043,-0.001953125,-0.001953125,-0.05000000000000071,-0.05000000000000071,25.55,25.6,25.55,25.6,335.0,218.0,4513.0,1556.0,False,True
5880,2022-10-27 09:52:03.368229,-0.001953125,-0.001953125,-0.05000000000000071,-0.05000000000000071,25.55,25.6,25.55,25.6,360.0,218.0,4513.0,1556.0,False,False
5880,2022-10-27 09:52:07.691202,-0.001953125,-0.001953125,-0.05000000000000071,-0.05000000000000071,25.55,25.6,25.55,25.6,360.0,218.0,4513.0,1556.0,False,False
5880,2022-10-27 09:52:12.904213,-0.001953125,-0.001953125,-0.05000000000000071,-0.05000000000000071,25.55,25.6,25.55,25.6,360.0,218.0,4513.0,1786.0,True,True
5880,2022-10-27 09:52:13.609886,-0.001953125,-0.001953125,-0.05000000000000071,-0.05000000000000071,25.55,25.6,25.55,25.6,360.0,218.0,4513.0,1786.0,False,False
5880,2022-10-27 09:52:17.519638,-0.001953125,-0.001953125,-0.05000000000000071,-0.05000000000000071,25.55,25.6,25.55,25.6,360.0,217.0,4513.0,1786.0,False,False
5880,2022-10-27 09:52:18.740080,-0.001953125,-0.001953125,-0.05000000000000071,-0.05000000000000071,25.55,25.6,25.55,25.6,406.0,217.0,4513.0,1786.0,False,False
5880,2022-10-27 09:52:18.968706,-0.001953125,-0.001953125,-0.05000000000000071,-0.05000000000000071,25.55,25.6,25.55,25.6,406.0,217.0,4513.0,1786.0,False,False
5880,2022-10-27 09:52:22.944375,-0.001953125,-0.001953125,-0.05000000000000071,-0.05000000000000071,25.55,25.6,25.55,25.6,406.0,217.0,4513.0,1809.0,True,True
5880,2022-10-27 09:52:27.158327,-0.001953125,-0.001953125,-0.05000000000000071,-0.05000000000000071,25.55,25.6,25.55,25.6,411.0,217.0,4513.0,1809.0,False,False
5880,2022-10-27 09:52:28.445787,-0.001953125,-0.001953125,-0.05000000000000071,-0.05000000000000071,25.55,25.6,25.55,25.6,408.0,217.0,4513.0,1809.0,False,False
5880,2022-10-27 09:52:28.680015,-0.001953125,-0.001953125,-0.05000000000000071,-0.05000000000000071,25.55,25.6,25.55,25.6,408.0,217.0,4513.0,1809.0,False,False
5880,2022-10-27 09:52:29.833547,-0.001953125,-0.001953125,-0.05000000000000071,-0.05000000000000071,25.55,25.6,25.55,25.6,408.0,217.0,4513.0,1809.0,False,False
5880,2022-10-27 09:52:30.021315,-0.001953125,-0.001953125,-0.05000000000000071,-0.05000000000000071,25.55,25.6,25.55,25.6,408.0,217.0,4513.0,1809.0,False,False
5880,2022-10-27 09:52:31.412690,-0.001953125,-0.001953125,-0.05000000000000071,-0.05000000000000071,25.55,25.6,25.55,25.6,408.0,217.0,4513.0,1809.0,False,False
5880,2022-10-27 09:52:42.149842,-0.001953125,-0.001953125,-0.05000000000000071,-0.05000000000000071,25.55,25.6,25.55,25.6,408.0,237.0,4513.0,1809.0,False,False
5880,2022-10-27 09:52:43.037029,-0.001953125,-0.001953125,-0.05000000000000071,-0.05000000000000071,25.55,25.6,25.55,25.6,408.0,237.0,4513.0,1779.0,True,True
5880,2022-10-27 09:52:43.401518,-0.001953125,-0.001953125,-0.05000000000000071,-0.05000000000000071,25.55,25.6,25.55,25.6,408.0,238.0,4513.0,1779.0,False,False
5880,2022-10-27 09:52:45.515819,-0.001953125,-0.001953125,-0.05000000000000071,-0.05000000000000071,25.55,25.6,25.55,25.6,408.0,238.0,4513.0,1779.0,False,False
5880,2022-10-27 09:52:47.206594,-0.001953125,-0.001953125,-0.05000000000000071,-0.05000000000000071,25.55,25.6,25.55,25.6,408.0,238.0,4513.0,1779.0,False,False
5880,2022-10-27 09:52:49.940390,-0.001953125,-0.001953125,-0.05000000000000071,-0.05000000000000071,25.55,25.6,25.55,25.6,404.0,238.0,4513.0,1779.0,False,False
5880,2022-10-27 09:52:52.390937,-0.001953125,-0.001953125,-0.05000000000000071,-0.05000000000000071,25.55,25.6,25.55,25.6,404.0,238.0,4513.0,1779.0,False,False
5880,2022-10-27 09:52:53.080225,-0.001953125,-0.001953125,-0.05000000000000071,-0.05000000000000071,25.55,25.6,25.55,25.6,404.0,238.0,4513.0,1646.0,True,True
5880,2022-10-27 09:52:53.351823,-0.001953125,-0.001953125,-0.05000000000000071,-0.05000000000000071,25.55,25.6,25.55,25.6,403.0,237.0,4513.0,1646.0,False,False
5880,2022-10-27 09:52:55.416214,-0.001953125,-0.001953125,-0.05000000000000071,-0.05000000000000071,25.55,25.6,25.55,25.6,403.0,237.0,4513.0,1646.0,False,False
5880,2022-10-27 09:53:03.123611,-0.001953125,-0.001953125,-0.05000000000000071,-0.05000000000000071,25.55,25.6,25.55,25.6,403.0,237.0,4513.0,1646.0,True,True
5880,2022-10-27 09:53:05.105759,-0.001953125,-0.001953125,-0.05000000000000071,-0.05000000000000071,25.55,25.6,25.55,25.6,403.0,237.0,4513.0,1646.0,False,False
5880,2022-10-27 09:53:05.128605,-0.001953125,-0.001953125,-0.05000000000000071,-0.05000000000000071,25.55,25.6,25.55,25.6,403.0,240.0,4513.0,1646.0,False,False
5880,2022-10-27 09:53:11.593724,-0.001953125,-0.001953125,-0.05000000000000071,-0.05000000000000071,25.55,25.6,25.55,25.6,403.0,242.0,4513.0,1646.0,False,False
5880,2022-10-27 09:53:12.824534,-0.001953125,-0.001953125,-0.05000000000000071,-0.05000000000000071,25.55,25.6,25.55,25.6,403.0,247.0,4513.0,1646.0,False,False
5880,2022-10-27 09:53:13.163030,-0.001953125,-0.001953125,-0.05000000000000071,-0.05000000000000071,25.55,25.6,25.55,25.6,403.0,247.0,4407.0,1663.0,True,True
5880,2022-10-27 09:53:19.606925,-0.001953125,-0.001953125,-0.05000000000000071,-0.05000000000000071,25.55,25.6,25.55,25.6,403.0,247.0,4407.0,1663.0,False,False
5880,2022-10-27 09:53:23.216059,-0.001953125,-0.001953125,-0.05000000000000071,-0.05000000000000071,25.55,25.6,25.55,25.6,403.0,247.0,4524.0,1663.0,True,True
5880,2022-10-27 09:53:33.257332,-0.001953125,-0.001953125,-0.05000000000000071,-0.05000000000000071,25.55,25.6,25.55,25.6,403.0,247.0,4574.0,1663.0,True,True
5880,2022-10-27 09:53:43.300487,-0.001953125,-0.001953125,-0.05000000000000071,-0.05000000000000071,25.55,25.6,25.55,25.6,403.0,247.0,4574.0,1673.0,True,True
5880,2022-10-27 09:53:44.832652,-0.001953125,-0.001953125,-0.05000000000000071,-0.05000000000000071,25.55,25.6,25.55,25.6,403.0,247.0,4574.0,1673.0,False,False
5880,2022-10-27 09:53:50.532046,-0.001953125,-0.001953125,-0.05000000000000071,-0.05000000000000071,25.55,25.6,25.55,25.6,402.0,247.0,4574.0,1673.0,False,False
5880,2022-10-27 09:53:52.738654,-0.001953125,-0.001953125,-0.05000000000000071,-0.05000000000000071,25.55,25.6,25.55,25.6,402.0,247.0,4574.0,1673.0,False,False
5880,2022-10-27 09:53:57.368927,-0.001953125,-0.001953125,-0.05000000000000071,-0.05000000000000071,25.55,25.6,25.55,25.6,402.0,250.0,4574.0,1673.0,False,False
5880,2022-10-27 09:53:59.141339,-0.001953125,-0.001953125,-0.05000000000000071,-0.05000000000000071,25.55,25.6,25.55,25.6,404.0,250.0,4574.0,1673.0,False,False
5880,2022-10-27 09:53:59.353188,-0.001953125,-0.001953125,-0.05000000000000071,-0.05000000000000071,25.55,25.6,25.55,25.6,424.0,250.0,4574.0,1673.0,False,False
5880,2022-10-27 09:54:03.401323,-0.001953125,-0.001953125,-0.05000000000000071,-0.05000000000000071,25.55,25.6,25.55,25.6,424.0,250.0,4569.0,1673.0,True,True
5880,2022-10-27 09:54:04.442842,-0.001953125,-0.001953125,-0.05000000000000071,-0.05000000000000071,25.55,25.6,25.55,25.6,430.0,250.0,4569.0,1673.0,False,False
5880,2022-10-27 09:54:04.496312,-0.001953125,-0.001953125,-0.05000000000000071,-0.05000000000000071,25.55,25.6,25.55,25.6,427.0,250.0,4569.0,1673.0,False,False
5880,2022-10-27 09:54:10.076414,-0.001953125,-0.001953125,-0.05000000000000071,-0.05000000000000071,25.55,25.6,25.55,25.6,427.0,246.0,4569.0,1673.0,False,False
5880,2022-10-27 09:54:15.443541,-0.001953125,-0.001953125,-0.05000000000000071,-0.05000000000000071,25.55,25.6,25.55,25.6,425.0,246.0,4569.0,1673.0,False,False
5880,2022-10-27 09:54:15.564181,-0.001953125,-0.001953125,-0.05000000000000071,-0.05000000000000071,25.55,25.6,25.55,25.6,425.0,247.0,4569.0,1673.0,False,False
5880,2022-10-27 09:54:17.558247,-0.001953125,-0.001953125,-0.05000000000000071,-0.05000000000000071,25.55,25.6,25.55,25.6,425.0,247.0,4569.0,1673.0,False,False
5880,2022-10-27 09:54:18.815757,-0.001953125,-0.001953125,-0.05000000000000071,-0.05000000000000071,25.55,25.6,25.55,25.6,424.0,246.0,4569.0,1673.0,False,False
5880,2022-10-27 09:54:19.734949,-0.001953125,-0.001953125,-0.05000000000000071,-0.05000000000000071,25.55,25.6,25.55,25.6,436.0,246.0,4569.0,1673.0,False,False
5880,2022-10-27 09:54:25.414450,-0.001953125,-0.001953125,-0.05000000000000071,-0.05000000000000071,25.55,25.6,25.55,25.6,436.0,244.0,4569.0,1673.0,False,False
5880,2022-10-27 09:54:26.706168,-0.001953125,-0.001953125,-0.05000000000000071,-0.05000000000000071,25.55,25.6,25.55,25.6,436.0,261.0,4569.0,1673.0,False,False
5880,2022-10-27 09:54:30.307928,-0.001953125,-0.001953125,-0.05000000000000071,-0.05000000000000071,25.55,25.6,25.55,25.6,436.0,262.0,4569.0,1673.0,False,False
5880,2022-10-27 09:54:30.310686,-0.001953125,-0.001953125,-0.05000000000000071,-0.05000000000000071,25.55,25.6,25.55,25.6,436.0,262.0,4569.0,1673.0,False,False
5880,2022-10-27 09:54:42.401205,-0.001953125,-0.001953125,-0.05000000000000071,-0.05000000000000071,25.55,25.6,25.55,25.6,436.0,263.0,4569.0,1673.0,False,False
5880,2022-10-27 09:54:43.563939,-0.001953125,-0.001953125,-0.05000000000000071,-0.05000000000000071,25.55,25.6,25.55,25.6,436.0,263.0,4519.0,1833.0,True,True
5880,2022-10-27 09:54:44.413277,-0.001953125,-0.001953125,-0.05000000000000071,-0.05000000000000071,25.55,25.6,25.55,25.6,437.0,263.0,4519.0,1833.0,False,False
5880,2022-10-27 09:54:49.253115,-0.001953125,-0.001953125,-0.05000000000000071,-0.05000000000000071,25.55,25.6,25.55,25.6,437.0,268.0,4519.0,1833.0,False,False
5880,2022-10-27 09:54:49.286350,-0.001953125,-0.001953125,-0.05000000000000071,-0.05000000000000071,25.55,25.6,25.55,25.6,437.0,269.0,4519.0,1833.0,False,False
5880,2022-10-27 09:54:56.829201,-0.001953125,-0.001953125,-0.05000000000000071,-0.05000000000000071,25.55,25.6,25.55,25.6,439.0,269.0,4519.0,1833.0,False,False
5880,2022-10-27 09:55:02.967411,-0.001953125,-0.001953125,-0.05000000000000071,-0.05000000000000071,25.55,25.6,25.55,25.6,439.0,269.0,4521.0,1833.0,False,True
5880,2022-10-27 09:55:03.201313,-0.001953125,-0.001953125,-0.05000000000000071,-0.05000000000000071,25.55,25.6,25.55,25.6,439.0,269.0,4521.0,1833.0,False,False
5880,2022-10-27 09:55:07.150199,-0.001953125,-0.001953125,-0.05000000000000071,-0.05000000000000071,25.55,25.6,25.55,25.6,439.0,269.0,4521.0,1833.0,False,False
5880,2022-10-27 09:55:10.915864,-0.001953125,-0.001953125,-0.05000000000000071,-0.05000000000000071,25.55,25.6,25.55,25.6,433.0,269.0,4521.0,1833.0,False,False
5880,2022-10-27 09:55:10.921551,-0.001953125,-0.001953125,-0.05000000000000071,-0.05000000000000071,25.55,25.6,25.55,25.6,433.0,263.0,4521.0,1833.0,False,False
5880,2022-10-27 09:55:16.729607,-0.001953125,-0.001953125,-0.05000000000000071,-0.05000000000000071,25.55,25.6,25.55,25.6,433.0,264.0,4521.0,1833.0,False,False
5880,2022-10-27 09:55:24.990039,-0.001953125,-0.001953125,-0.05000000000000071,-0.05000000000000071,25.55,25.6,25.55,25.6,433.0,264.0,4521.0,1833.0,False,False
5880,2022-10-27 09:55:29.930606,-0.001953125,-0.001953125,-0.05000000000000071,-0.05000000000000071,25.55,25.6,25.55,25.6,433.0,265.0,4521.0,1833.0,False,False
5880,2022-10-27 09:55:33.187499,-0.001953125,-0.001953125,-0.05000000000000071,-0.05000000000000071,25.55,25.6,25.55,25.6,433.0,265.0,4521.0,1833.0,True,True
5880,2022-10-27 09:55:36.708402,-0.001953125,-0.001953125,-0.05000000000000071,-0.05000000000000071,25.55,25.6,25.55,25.6,434.0,265.0,4521.0,1833.0,False,False
5880,2022-10-27 09:55:39.406323,-0.001953125,-0.001953125,-0.05000000000000071,-0.05000000000000071,25.55,25.6,25.55,25.6,431.0,265.0,4521.0,1833.0,False,False
5880,2022-10-27 09:55:39.515075,-0.001953125,-0.001953125,-0.05000000000000071,-0.05000000000000071,25.55,25.6,25.55,25.6,431.0,266.0,4521.0,1833.0,False,False
5880,2022-10-27 09:55:43.212167,-0.001953125,-0.001953125,-0.05000000000000071,-0.05000000000000071,25.55,25.6,25.55,25.6,431.0,266.0,4421.0,1883.0,True,True
5880,2022-10-27 09:55:56.448312,-0.001953125,-0.001953125,-0.05000000000000071,-0.05000000000000071,25.55,25.6,25.55,25.6,431.0,267.0,4421.0,1883.0,False,False
5880,2022-10-27 09:56:00.586541,-0.001953125,-0.001953125,-0.05000000000000071,-0.05000000000000071,25.55,25.6,25.55,25.6,431.0,266.0,4421.0,1883.0,False,False
5880,2022-10-27 09:56:01.501111,-0.001953125,-0.001953125,-0.05000000000000071,-0.05000000000000071,25.55,25.6,25.55,25.6,430.0,265.0,4421.0,1883.0,False,False
5880,2022-10-27 09:56:01.504985,-0.001953125,-0.001953125,-0.05000000000000071,-0.05000000000000071,25.55,25.6,25.55,25.6,428.0,263.0,4421.0,1883.0,False,False
5880,2022-10-27 09:56:08.285368,-0.001953125,-0.001953125,-0.05000000000000071,-0.05000000000000071,25.55,25.6,25.55,25.6,428.0,260.0,4421.0,1883.0,False,False
5880,2022-10-27 09:56:09.392832,-0.001953125,-0.001953125,-0.05000000000000071,-0.05000000000000071,25.55,25.6,25.55,25.6,428.0,260.0,4421.0,1883.0,False,False
5880,2022-10-27 09:56:10.494017,-0.001953125,-0.001953125,-0.05000000000000071,-0.05000000000000071,25.55,25.6,25.55,25.6,428.0,260.0,4421.0,1883.0,False,False
5880,2022-10-27 09:56:13.612134,-0.001953125,-0.001953125,-0.05000000000000071,-0.05000000000000071,25.55,25.6,25.55,25.6,426.0,260.0,4421.0,1883.0,False,False
5880,2022-10-27 09:56:19.823038,-0.001953125,-0.001953125,-0.05000000000000071,-0.05000000000000071,25.55,25.6,25.55,25.6,431.0,260.0,4421.0,1883.0,False,False
5880,2022-10-27 09:56:24.755010,-0.001953125,-0.001953125,-0.05000000000000071,-0.05000000000000071,25.55,25.6,25.55,25.6,424.0,260.0,4421.0,1883.0,False,False
5880,2022-10-27 09:56:24.756615,-0.001953125,-0.001953125,-0.05000000000000071,-0.05000000000000071,25.55,25.6,25.55,25.6,424.0,258.0,4421.0,1883.0,False,False
5880,2022-10-27 09:56:33.372294,-0.001953125,-0.001953125,-0.05000000000000071,-0.05000000000000071,25.55,25.6,25.55,25.6,424.0,258.0,4427.0,1883.0,True,True
5880,2022-10-27 09:56:34.622794,-0.001953125,-0.001953125,-0.05000000000000071,-0.05000000000000071,25.55,25.6,25.55,25.6,424.0,257.0,4427.0,1883.0,False,False
5880,2022-10-27 09:56:43.404353,-0.001953125,-0.001953125,-0.05000000000000071,-0.05000000000000071,25.55,25.6,25.55,25.6,424.0,257.0,4427.0,1833.0,True,True
5880,2022-10-27 09:56:43.961122,-0.001953125,-0.001953125,-0.05000000000000071,-0.05000000000000071,25.55,25.6,25.55,25.6,424.0,258.0,4427.0,1833.0,False,False
5880,2022-10-27 09:56:50.304658,-0.001953125,-0.001953125,-0.05000000000000071,-0.05000000000000071,25.55,25.6,25.55,25.6,424.0,258.0,4427.0,1833.0,False,False
5880,2022-10-27 09:56:50.350927,-0.001953125,-0.001953125,-0.05000000000000071,-0.05000000000000071,25.55,25.6,25.55,25.6,424.0,258.0,4427.0,1833.0,False,False
5880,2022-10-27 09:56:52.320364,-0.001953125,-0.001953125,-0.05000000000000071,-0.05000000000000071,25.55,25.6,25.55,25.6,424.0,260.0,4427.0,1833.0,False,False
5880,2022-10-27 09:56:53.446673,-0.001953125,-0.001953125,-0.05000000000000071,-0.05000000000000071,25.55,25.6,25.55,25.6,424.0,260.0,4428.0,1946.0,True,True
5880,2022-10-27 09:56:57.875161,-0.001953125,-0.001953125,-0.05000000000000071,-0.05000000000000071,25.55,25.6,25.55,25.6,424.0,260.0,4428.0,1946.0,False,False
5880,2022-10-27 09:56:59.578488,-0.001953125,-0.001953125,-0.05000000000000071,-0.05000000000000071,25.55,25.6,25.55,25.6,424.0,260.0,4428.0,1946.0,False,False
5880,2022-10-27 09:57:00.248014,-0.001953125,-0.001953125,-0.05000000000000071,-0.05000000000000071,25.55,25.6,25.55,25.6,424.0,260.0,4428.0,1946.0,False,False
5880,2022-10-27 09:57:03.477863,-0.001953125,-0.001953125,-0.05000000000000071,-0.05000000000000071,25.55,25.6,25.55,25.6,424.0,260.0,4423.0,1946.0,True,True
5880,2022-10-27 09:57:15.307063,-0.001953125,-0.001953125,-0.05000000000000071,-0.05000000000000071,25.55,25.6,25.55,25.6,421.0,260.0,4423.0,1946.0,False,False
5880,2022-10-27 09:57:17.778458,-0.001953125,-0.001953125,-0.05000000000000071,-0.05000000000000071,25.55,25.6,25.55,25.6,421.0,260.0,4423.0,1946.0,False,False
5880,2022-10-27 09:57:19.464618,-0.001953125,-0.001953125,-0.05000000000000071,-0.05000000000000071,25.55,25.6,25.55,25.6,420.0,260.0,4423.0,1946.0,False,False
5880,2022-10-27 09:57:33.026642,-0.001953125,-0.001953125,-0.05000000000000071,-0.05000000000000071,25.55,25.6,25.55,25.6,420.0,260.0,4423.0,1946.0,False,False
5880,2022-10-27 09:57:33.574310,-0.001953125,-0.001953125,-0.05000000000000071,-0.05000000000000071,25.55,25.6,25.55,25.6,420.0,260.0,4418.0,1946.0,True,True
5880,2022-10-27 09:57:37.601900,-0.001953125,-0.001953125,-0.05000000000000071,-0.05000000000000071,25.55,25.6,25.55,25.6,420.0,260.0,4418.0,1946.0,False,False
5880,2022-10-27 09:57:39.249273,-0.001953125,-0.001953125,-0.05000000000000071,-0.05000000000000071,25.55,25.6,25.55,25.6,420.0,260.0,4418.0,1946.0,False,False
5880,2022-10-27 09:57:42.407046,-0.001953125,-0.001953125,-0.05000000000000071,-0.05000000000000071,25.55,25.6,25.55,25.6,420.0,261.0,4418.0,1946.0,False,False
5880,2022-10-27 09:57:43.988849,-0.001953125,-0.001953125,-0.05000000000000071,-0.05000000000000071,25.55,25.6,25.55,25.6,420.0,266.0,4418.0,1946.0,False,False
5880,2022-10-27 09:57:49.272154,-0.001953125,-0.001953125,-0.05000000000000071,-0.05000000000000071,25.55,25.6,25.55,25.6,421.0,266.0,4418.0,1946.0,False,False
5880,2022-10-27 09:57:50.096567,-0.001953125,-0.001953125,-0.05000000000000071,-0.05000000000000071,25.55,25.6,25.55,25.6,421.0,266.0,4418.0,1946.0,False,False
5880,2022-10-27 09:57:50.147371,-0.001953125,-0.001953125,-0.05000000000000071,-0.05000000000000071,25.55,25.6,25.55,25.6,419.0,266.0,4418.0,1946.0,False,False
5880,2022-10-27 09:57:50.926276,-0.001953125,-0.001953125,-0.05000000000000071,-0.05000000000000071,25.55,25.6,25.55,25.6,419.0,266.0,4418.0,1946.0,False,False
5880,2022-10-27 09:57:53.628528,-0.001953125,-0.001953125,-0.05000000000000071,-0.05000000000000071,25.55,25.6,25.55,25.6,419.0,266.0,4418.0,1946.0,True,True
5880,2022-10-27 09:58:00.760413,-0.001953125,-0.001953125,-0.05000000000000071,-0.05000000000000071,25.55,25.6,25.55,25.6,485.0,266.0,4418.0,1946.0,False,False
5880,2022-10-27 09:58:03.056673,-0.001953125,-0.001953125,-0.05000000000000071,-0.05000000000000071,25.55,25.6,25.55,25.6,485.0,266.0,4418.0,1946.0,False,True
5880,2022-10-27 09:58:12.638412,-0.001953125,-0.001953125,-0.05000000000000071,-0.05000000000000071,25.55,25.6,25.55,25.6,485.0,266.0,4418.0,1946.0,False,False
5880,2022-10-27 09:58:14.278986,-0.001953125,-0.001953125,-0.05000000000000071,-0.05000000000000071,25.55,25.6,25.55,25.6,484.0,266.0,4418.0,1946.0,False,False
5880,2022-10-27 09:58:14.430532,-0.001953125,-0.001953125,-0.05000000000000071,-0.05000000000000071,25.55,25.6,25.55,25.6,486.0,266.0,4418.0,1946.0,False,False
5880,2022-10-27 09:58:19.996271,-0.001953125,-0.001953125,-0.05000000000000071,-0.05000000000000071,25.55,25.6,25.55,25.6,486.0,266.0,4418.0,1946.0,False,False
5880,2022-10-27 09:58:22.963013,-0.001953125,-0.001953125,-0.05000000000000071,-0.05000000000000071,25.55,25.6,25.55,25.6,486.0,266.0,4418.0,1946.0,False,False
5880,2022-10-27 09:58:23.121050,-0.001953125,-0.001953125,-0.05000000000000071,-0.05000000000000071,25.55,25.6,25.55,25.6,486.0,266.0,4418.0,1946.0,True,True
5880,2022-10-27 09:58:30.044421,-0.001953125,-0.001953125,-0.05000000000000071,-0.05000000000000071,25.55,25.6,25.55,25.6,485.0,266.0,4418.0,1946.0,False,False
