ts,close,volume,bid_price,bid_volume,ask_price,ask_volume,tick_type,datetime
1660035602931794000,14.3,470,14.25,2,14.3,3,2,2022-08-09 09:00:02
1660035604021228000,14.25,1,14.25,2,14.3,5,2,2022-08-09 09:00:04
1660035606278502000,14.3,1,14.25,1,14.3,4,1,2022-08-09 09:00:06
1660035606314024000,14.25,1,14.2,21,14.3,4,2,2022-08-09 09:00:06
1660035607588113000,14.2,10,14.2,11,14.3,4,2,2022-08-09 09:00:07
1660035608013350000,14.2,1,14.2,10,14.3,4,2,2022-08-09 09:00:08
1660035608799436000,14.2,10,14.15,10,14.2,6,2,2022-08-09 09:00:08
1660035608846818000,14.15,3,14.15,7,14.2,6,2,2022-08-09 09:00:08
1660035608957390000,14.15,1,14.15,6,14.2,6,2,2022-08-09 09:00:08
1660035609490563000,14.15,1,14.15,5,14.2,6,2,2022-08-09 09:00:09
1660035609811771000,14.15,5,14.1,53,14.2,6,2,2022-08-09 09:00:09
1660035609811771000,14.1,45,14.1,53,14.2,6,2,2022-08-09 09:00:09
1660035610258548000,14.1,2,14.1,51,14.2,6,2,2022-08-09 09:00:10
1660035610726553000,14.1,1,14.1,50,14.2,6,2,2022-08-09 09:00:10
1660035612774251000,14.1,1,14.1,49,14.2,6,2,2022-08-09 09:00:12
1660035613525218000,14.1,10,14.1,39,14.15,9,2,2022-08-09 09:00:13
1660035614180478000,14.1,1,14.1,38,14.15,9,2,2022-08-09 09:00:14
1660035614752229000,14.1,2,14.1,19,14.15,9,2,2022-08-09 09:00:14
1660035615081961000,14.1,3,14.1,16,14.15,9,2,2022-08-09 09:00:15
1660035615193293000,14.1,5,14.1,11,14.15,9,2,2022-08-09 09:00:15
1660035615199190000,14.15,1,14.1,11,14.15,8,1,2022-08-09 09:00:15
1660035616397362000,14.1,1,14.1,10,14.2,6,2,2022-08-09 09:00:16
1660035616911230000,14.1,1,14.1,9,14.2,6,2,2022-08-09 09:00:16
1660035617217086000,14.15,1,14.1,9,14.15,52,1,2022-08-09 09:00:17
1660035618811889000,14.1,9,14.05,33,14.1,21,2,2022-08-09 09:00:18
1660035619153947000,14.1,1,14.05,33,14.1,20,1,2022-08-09 09:00:19
1660035619181797000,14.1,20,14.05,33,14.15,52,1,2022-08-09 09:00:19
1660035620761872000,14.1,1,14.05,33,14.15,52,2,2022-08-09 09:00:20
1660035620763229000,14.05,5,14.05,28,14.15,52,2,2022-08-09 09:00:20
1660035622768370000,14.05,28,14.0,94,14.05,12,2,2022-08-09 09:00:22
1660035624766315000,14.0,1,14.0,93,14.05,12,2,2022-08-09 09:00:24
1660035625601267000,14.0,20,14.0,73,14.05,12,2,2022-08-09 09:00:25
1660035627084639000,14.05,2,14.0,73,14.05,11,1,2022-08-09 09:00:27
1660035627309766000,14.0,6,14.0,67,14.05,11,2,2022-08-09 09:00:27
1660035627610567000,14.05,1,14.0,67,14.05,10,1,2022-08-09 09:00:27
1660035628859742000,14.05,3,14.0,67,14.05,7,1,2022-08-09 09:00:28
1660035629051211000,14.0,40,14.0,27,14.05,7,2,2022-08-09 09:00:29
1660035629238677000,14.0,27,13.95,36,14.0,3,2,2022-08-09 09:00:29
1660035631277522000,14.0,1,13.95,37,14.0,37,1,2022-08-09 09:00:31
1660035632952113000,13.95,1,13.95,36,14.0,37,2,2022-08-09 09:00:32
1660035632974857000,13.95,8,13.95,28,14.0,37,2,2022-08-09 09:00:32
1660035633779578000,13.95,28,13.9,7,13.95,2,2,2022-08-09 09:00:33
1660035634781462000,13.95,1,13.9,7,13.95,1,1,2022-08-09 09:00:34
1660035635580017000,13.9,7,13.85,5,13.95,1,2,2022-08-09 09:00:35
1660035636253050000,13.85,5,13.8,31,13.95,1,2,2022-08-09 09:00:36
1660035636253050000,13.8,3,13.8,31,13.95,1,2,2022-08-09 09:00:36
1660035636258192000,13.95,1,13.8,31,14.0,32,1,2022-08-09 09:00:36
1660035636258192000,14.0,9,13.8,31,14.0,32,1,2022-08-09 09:00:36
1660035637081135000,13.8,1,13.8,30,13.95,5,2,2022-08-09 09:00:37
1660035637701509000,13.8,10,13.8,20,13.95,5,2,2022-08-09 09:00:37
1660035637736574000,13.8,20,13.7,15,13.95,5,2,2022-08-09 09:00:37
1660035762366772000,13.5,540,13.45,41,13.5,460,2,2022-08-09 09:02:42
1660035762474094000,13.5,41,13.45,41,13.5,460,1,2022-08-09 09:02:42
1660035763035679000,13.5,29,13.45,41,13.5,390,1,2022-08-09 09:02:43
1660035764639719000,13.5,1,13.45,41,13.5,389,1,2022-08-09 09:02:44
1660035764647605000,13.5,1,13.45,41,13.5,388,1,2022-08-09 09:02:44
1660035764647931000,13.5,1,13.45,41,13.5,387,1,2022-08-09 09:02:44
1660035764653383000,13.5,1,13.45,41,13.5,386,1,2022-08-09 09:02:44
1660035764659923000,13.5,1,13.45,41,13.5,385,1,2022-08-09 09:02:44
1660035764667388000,13.5,1,13.45,41,13.5,384,1,2022-08-09 09:02:44
1660035764676177000,13.5,1,13.45,41,13.5,383,1,2022-08-09 09:02:44
1660035764758525000,13.5,2,13.45,42,13.5,381,1,2022-08-09 09:02:44
1660035765844285000,13.5,2,13.45,43,13.5,379,1,2022-08-09 09:02:45
1660035765890499000,13.5,2,13.45,43,13.5,377,1,2022-08-09 09:02:45
1660035766009842000,13.5,1,13.45,43,13.5,376,1,2022-08-09 09:02:46
1660035767792564000,13.5,20,13.45,43,13.5,356,1,2022-08-09 09:02:47
1660035767910279000,13.5,1,13.45,43,13.5,355,1,2022-08-09 09:02:47
1660035768161494000,13.5,1,13.45,43,13.5,354,1,2022-08-09 09:02:48
1660035768216327000,13.5,10,13.45,43,13.5,344,1,2022-08-09 09:02:48
1660035768693626000,13.5,10,13.45,43,13.5,334,1,2022-08-09 09:02:48
1660035769068522000,13.45,1,13.45,42,13.5,334,2,2022-08-09 09:02:49
1660035769071250000,13.5,5,13.45,42,13.5,329,1,2022-08-09 09:02:49
1660035769105372000,13.5,1,13.45,42,13.5,328,1,2022-08-09 09:02:49
1660035770465003000,13.5,64,13.45,42,13.5,264,1,2022-08-09 09:02:50
1660035770490711000,13.5,98,13.45,42,13.5,166,1,2022-08-09 09:02:50
1660035770531818000,13.5,41,13.45,42,13.5,125,1,2022-08-09 09:02:50
1660035770621219000,13.5,3,13.45,42,13.5,122,1,2022-08-09 09:02:50
1660035770649062000,13.5,57,13.45,42,13.5,65,1,2022-08-09 09:02:50
1660035770682099000,13.5,65,13.45,42,13.6,6,1,2022-08-09 09:02:50
1660035770842092000,13.6,4,13.5,10,13.6,2,1,2022-08-09 09:02:50
1660035771488029000,13.6,2,13.65,8,13.8,10,1,2022-08-09 09:02:51
1660035774510432000,13.8,1,13.7,10,13.8,9,1,2022-08-09 09:02:54
1660035777228150000,13.8,5,13.7,10,13.8,4,1,2022-08-09 09:02:57
1660035777950083000,13.8,1,13.7,11,13.8,3,1,2022-08-09 09:02:57
1660035778392126000,13.7,10,13.7,1,13.8,3,2,2022-08-09 09:02:58
1660035779113149000,13.8,3,13.75,1,13.8,3,1,2022-08-09 09:02:59
1660035782628276000,13.8,1,13.8,12,13.95,10,2,2022-08-09 09:03:02
1660035783747108000,13.8,1,13.8,11,13.95,15,2,2022-08-09 09:03:03
1660035784533281000,13.8,1,13.8,10,13.95,19,2,2022-08-09 09:03:04
1660035785262175000,13.8,5,13.8,8,13.9,15,2,2022-08-09 09:03:05
1660035785602217000,13.9,1,13.8,8,13.9,14,1,2022-08-09 09:03:05
1660035785846702000,13.8,8,13.7,4,13.8,2,2,2022-08-09 09:03:05
1660035785958973000,13.7,2,13.7,2,13.8,2,2,2022-08-09 09:03:05
1660035786069264000,13.75,1,13.7,2,13.75,20,1,2022-08-09 09:03:06
1660035786215497000,13.75,1,13.7,2,13.75,20,1,2022-08-09 09:03:06
1660035787499552000,13.75,10,13.7,2,13.75,20,1,2022-08-09 09:03:07
1660035788440607000,13.75,10,13.7,2,13.75,10,1,2022-08-09 09:03:08
1660035788536818000,13.7,1,13.7,1,13.75,10,2,2022-08-09 09:03:08
1660035790125327000,13.75,1,13.7,1,13.75,31,1,2022-08-09 09:03:10
1660035790276736000,13.75,1,13.7,1,13.75,30,1,2022-08-09 09:03:10
1660035790803603000,13.7,1,13.7,1,13.75,30,2,2022-08-09 09:03:10
1660035790906533000,13.75,2,13.7,1,13.75,28,1,2022-08-09 09:03:10
1660035791447845000,13.75,2,13.7,1,13.75,26,1,2022-08-09 09:03:11
1660035791672198000,13.75,1,13.7,1,13.75,25,1,2022-08-09 09:03:11
1660035791799713000,13.75,5,13.7,1,13.75,20,1,2022-08-09 09:03:11
1660035792001108000,13.75,1,13.7,1,13.75,19,1,2022-08-09 09:03:12
1660035792812467000,13.75,2,13.7,1,13.75,17,1,2022-08-09 09:03:12
1660035793220247000,13.7,1,13.7,1,13.75,17,2,2022-08-09 09:03:13
1660035793478301000,13.75,2,13.7,1,13.75,17,1,2022-08-09 09:03:13
1660035795028384000,13.75,1,13.7,4,13.75,14,1,2022-08-09 09:03:15
1660035795084505000,13.7,1,13.7,3,13.75,14,2,2022-08-09 09:03:15
1660035795994818000,13.75,1,13.7,4,13.75,13,1,2022-08-09 09:03:15
1660035796789084000,13.7,2,13.7,10,13.75,13,2,2022-08-09 09:03:16
1660035797320433000,13.75,2,13.7,9,13.75,11,1,2022-08-09 09:03:17
1660035797320523000,13.75,4,13.7,9,13.75,7,1,2022-08-09 09:03:17
1660035799686243000,13.75,3,13.7,16,13.75,7,1,2022-08-09 09:03:19
1660035801514156000,13.75,1,13.7,16,13.75,3,1,2022-08-09 09:03:21
1660035804186143000,13.75,1,13.7,20,13.75,3,1,2022-08-09 09:03:24
1660035804440088000,13.75,2,13.7,20,13.8,10,1,2022-08-09 09:03:24
1660035805300054000,13.75,1,13.75,1,13.85,7,2,2022-08-09 09:03:25
1660035806436431000,13.75,1,13.7,22,13.75,2,1,2022-08-09 09:03:26
1660035806677909000,13.7,1,13.7,22,13.75,2,2,2022-08-09 09:03:26
1660035807460880000,13.75,1,13.7,20,13.75,1,1,2022-08-09 09:03:27
1660035808046775000,13.75,1,13.75,1,13.85,7,1,2022-08-09 09:03:28
1660035809004089000,13.85,2,13.75,2,13.85,5,1,2022-08-09 09:03:29
1660035811426119000,13.85,5,13.8,1,13.9,15,1,2022-08-09 09:03:31
1660035811467719000,13.8,1,13.75,8,13.9,15,2,2022-08-09 09:03:31
1660035811467719000,13.75,1,13.75,8,13.9,15,2,2022-08-09 09:03:31
1660035813385713000,13.75,1,13.75,17,13.85,1,2,2022-08-09 09:03:33
1660035813991799000,13.75,1,13.75,16,13.85,1,2,2022-08-09 09:03:33
1660035814956184000,13.75,5,13.75,11,13.85,1,2,2022-08-09 09:03:34
1660035816520846000,13.75,1,13.75,25,13.85,1,2,2022-08-09 09:03:36
1660035816859301000,13.85,2,13.75,25,13.85,4,1,2022-08-09 09:03:36
1660035817124654000,13.85,3,13.75,25,13.85,1,1,2022-08-09 09:03:37
1660035820759644000,13.8,2,13.75,27,13.85,1,2,2022-08-09 09:03:40
1660035822824380000,13.85,1,13.75,32,13.9,10,1,2022-08-09 09:03:42
1660035822824380000,13.9,5,13.75,32,13.9,10,1,2022-08-09 09:03:42
1660035826220516000,13.8,1,13.75,32,13.85,1,2,2022-08-09 09:03:46
1660035826220516000,13.75,2,13.75,32,13.85,1,2,2022-08-09 09:03:46
1660035826714082000,13.85,1,13.75,32,13.9,7,1,2022-08-09 09:03:46
1660035826714082000,13.9,4,13.75,32,13.9,7,1,2022-08-09 09:03:46
1660035828641531000,13.85,1,13.8,16,13.9,7,2,2022-08-09 09:03:48
1660035828641531000,13.8,1,13.8,16,13.9,7,2,2022-08-09 09:03:48
1660035829548629000,13.9,1,13.8,16,13.9,6,1,2022-08-09 09:03:49
1660035831523318000,13.85,2,13.8,17,13.9,3,1,2022-08-09 09:03:51
1660035831523318000,13.9,3,13.8,17,13.9,3,1,2022-08-09 09:03:51
1660035831715263000,13.9,3,13.8,20,14.0,23,1,2022-08-09 09:03:51
1660035831968462000,13.95,1,13.8,25,13.95,1,1,2022-08-09 09:03:51
1660035952389370000,14.0,160,14.0,45,14.05,81,1,2022-08-09 09:05:52
1660035953589924000,14.05,1,14.0,46,14.05,80,1,2022-08-09 09:05:53
1660035954360626000,14.05,38,14.0,46,14.05,42,1,2022-08-09 09:05:54
1660035958094460000,14.05,1,14.0,48,14.05,40,1,2022-08-09 09:05:58
1660035962656876000,14.05,4,14.0,68,14.05,36,1,2022-08-09 09:06:02
1660035964119668000,14.05,5,14.0,76,14.05,31,1,2022-08-09 09:06:04
1660035964479214000,14.05,1,14.0,76,14.05,30,1,2022-08-09 09:06:04
1660035967157428000,14.05,2,14.0,77,14.05,28,1,2022-08-09 09:06:07
1660035969463447000,14.05,1,14.0,80,14.05,27,1,2022-08-09 09:06:09
1660035969857750000,14.05,1,14.0,80,14.05,26,1,2022-08-09 09:06:09
1660035970584942000,14.05,2,14.0,83,14.05,24,1,2022-08-09 09:06:10
1660035971132186000,14.05,2,14.0,84,14.05,22,1,2022-08-09 09:06:11
1660035971504442000,14.05,1,14.0,86,14.05,21,1,2022-08-09 09:06:11
1660035971505929000,14.05,1,14.0,86,14.05,20,1,2022-08-09 09:06:11
1660035971862881000,14.05,5,14.0,91,14.05,15,1,2022-08-09 09:06:11
1660035972370711000,14.0,1,14.0,90,14.05,15,2,2022-08-09 09:06:12
1660035973428065000,14.05,10,14.0,96,14.05,15,1,2022-08-09 09:06:13
1660035975647967000,14.05,2,14.0,96,14.05,3,1,2022-08-09 09:06:15
1660035975718219000,14.05,2,14.0,96,14.05,1,1,2022-08-09 09:06:15
1660035977559396000,14.05,1,14.05,4,14.1,3,1,2022-08-09 09:06:17
1660035981643953000,14.05,2,14.05,4,14.1,3,2,2022-08-09 09:06:21
1660035984581988000,14.1,1,14.05,4,14.1,3,1,2022-08-09 09:06:24
1660035986322511000,14.1,1,14.05,4,14.1,2,1,2022-08-09 09:06:26
1660035986323207000,14.05,1,14.05,3,14.1,2,2,2022-08-09 09:06:26
1660035987947717000,14.1,2,14.05,8,14.1,2,1,2022-08-09 09:06:27
1660035989210719000,14.15,1,14.1,10,14.15,29,1,2022-08-09 09:06:29
1660035989211056000,14.1,7,14.1,3,14.15,29,2,2022-08-09 09:06:29
1660035989247747000,14.1,3,14.1,4,14.15,29,2,2022-08-09 09:06:29
1660035989739050000,14.1,1,14.05,9,14.15,29,2,2022-08-09 09:06:29
1660035990382016000,14.15,1,14.05,9,14.15,28,1,2022-08-09 09:06:30
1660035991333584000,14.15,20,14.1,5,14.15,8,1,2022-08-09 09:06:31
1660035993278440000,14.15,8,14.15,2,14.2,11,1,2022-08-09 09:06:33
1660035993311012000,14.15,2,14.1,5,14.2,11,2,2022-08-09 09:06:33
1660035995297098000,14.2,1,14.1,5,14.2,25,1,2022-08-09 09:06:35
1660035999463113000,14.15,1,14.1,5,14.2,25,2,2022-08-09 09:06:39
1660035999747293000,14.1,3,14.1,2,14.2,25,2,2022-08-09 09:06:39
1660036000290313000,14.1,1,14.1,1,14.2,25,2,2022-08-09 09:06:40
1660036001198094000,14.1,1,14.05,14,14.15,27,2,2022-08-09 09:06:41
1660036001431934000,14.15,10,14.05,14,14.15,29,1,2022-08-09 09:06:41
1660036002641462000,14.1,1,14.05,13,14.1,1,1,2022-08-09 09:06:42
1660036003984270000,14.15,1,14.05,13,14.15,24,1,2022-08-09 09:06:43
1660036007951440000,14.15,2,14.05,14,14.15,23,1,2022-08-09 09:06:47
1660036008114030000,14.15,5,14.05,14,14.15,18,1,2022-08-09 09:06:48
1660036009258501000,14.15,1,14.1,1,14.15,17,1,2022-08-09 09:06:49
1660036009467086000,14.1,1,14.05,14,14.15,17,2,2022-08-09 09:06:49
1660036010049827000,14.15,1,14.05,16,14.15,16,1,2022-08-09 09:06:50
1660036010966053000,14.1,2,14.1,1,14.15,16,2,2022-08-09 09:06:50
1660036013130841000,14.15,5,14.1,3,14.15,11,1,2022-08-09 09:06:53
1660036013365274000,14.15,1,14.1,3,14.15,10,1,2022-08-09 09:06:53
1660036013595315000,14.15,1,14.1,3,14.15,9,1,2022-08-09 09:06:53
1660036014100046000,14.15,1,14.1,3,14.15,8,1,2022-08-09 09:06:54
1660036014133879000,14.1,3,14.05,25,14.15,8,2,2022-08-09 09:06:54
1660036014974299000,14.15,1,14.1,1,14.15,12,1,2022-08-09 09:06:54
1660036017968786000,14.1,1,14.1,2,14.15,14,2,2022-08-09 09:06:57
1660036018467583000,14.1,2,14.05,23,14.15,14,2,2022-08-09 09:06:58
1660036018467583000,14.05,1,14.05,23,14.15,14,2,2022-08-09 09:06:58
1660036019967627000,14.1,1,14.05,24,14.15,10,1,2022-08-09 09:06:59
1660036019967627000,14.15,5,14.05,24,14.15,10,1,2022-08-09 09:06:59
1660036020820974000,14.1,2,14.05,24,14.1,6,1,2022-08-09 09:07:00
1660036022105730000,14.1,1,14.05,24,14.1,5,1,2022-08-09 09:07:02
1660036022794973000,14.1,1,14.05,24,14.1,4,1,2022-08-09 09:07:02
1660036023268598000,14.05,27,14.05,27,14.1,4,2,2022-08-09 09:07:03
1660036024337122000,14.05,3,14.0,114,14.05,3,1,2022-08-09 09:07:04
1660036024337122000,14.1,2,14.0,114,14.05,3,1,2022-08-09 09:07:04
1660036025841941000,14.05,4,14.05,4,14.1,17,2,2022-08-09 09:07:05
1660036028554421000,14.05,1,14.0,112,14.05,12,1,2022-08-09 09:07:08
1660036028637349000,14.05,1,14.0,112,14.05,11,1,2022-08-09 09:07:08
1660036029620293000,14.0,1,14.0,111,14.05,11,2,2022-08-09 09:07:09
1660036029902907000,14.05,10,14.0,111,14.05,13,1,2022-08-09 09:07:09
1660036033035425000,14.0,17,14.0,96,14.05,16,2,2022-08-09 09:07:13
1660036033179521000,14.0,2,14.0,94,14.05,16,2,2022-08-09 09:07:13
1660036033551033000,14.05,16,14.0,94,14.2,35,1,2022-08-09 09:07:13
1660036033551033000,14.1,18,14.0,94,14.2,35,1,2022-08-09 09:07:13
1660036033551033000,14.15,20,14.0,94,14.2,35,1,2022-08-09 09:07:13
1660036033551033000,14.2,6,14.0,94,14.2,35,1,2022-08-09 09:07:13
1660036033782034000,14.0,2,14.0,92,14.05,3,2,2022-08-09 09:07:13
1660036034119543000,14.0,1,14.0,91,14.05,3,2,2022-08-09 09:07:14
1660036037459803000,14.0,19,14.0,72,14.05,3,2,2022-08-09 09:07:17
1660036037529736000,14.0,19,14.0,53,14.05,7,2,2022-08-09 09:07:17
1660036037588448000,14.0,19,14.0,34,14.05,7,2,2022-08-09 09:07:17
1660036037630999000,14.0,19,14.0,15,14.05,7,2,2022-08-09 09:07:17
1660036037670968000,14.0,15,13.95,30,14.05,7,2,2022-08-09 09:07:17
1660036038949279000,13.95,13,13.95,17,14.0,27,2,2022-08-09 09:07:18
1660036038980085000,13.95,17,13.95,30,14.0,27,2,2022-08-09 09:07:18
1660036040291308000,13.95,1,13.9,55,13.95,3,1,2022-08-09 09:07:20
1660036041989810000,13.95,4,13.9,54,13.95,4,1,2022-08-09 09:07:21
1660036042373334000,13.9,3,13.9,51,14.0,22,2,2022-08-09 09:07:22
1660036044270963000,14.0,5,13.9,51,14.0,17,1,2022-08-09 09:07:24
1660036044810655000,13.9,4,13.9,47,14.0,21,2,2022-08-09 09:07:24
1660036045317251000,14.0,10,13.9,47,14.0,11,1,2022-08-09 09:07:25
1660036045686052000,13.9,43,13.9,2,14.0,11,2,2022-08-09 09:07:25
1660036045714433000,13.9,2,13.85,3,14.0,11,2,2022-08-09 09:07:25
1660036046818558000,13.85,3,13.8,64,13.9,40,2,2022-08-09 09:07:26
1660036051050677000,13.8,3,13.8,70,13.9,62,2,2022-08-09 09:07:31
1660036053898590000,13.8,1,13.8,68,13.85,4,2,2022-08-09 09:07:33
1660036053970682000,13.85,4,13.8,68,13.9,56,1,2022-08-09 09:07:33
1660036053970682000,13.9,6,13.8,68,13.9,56,1,2022-08-09 09:07:33
1660036054418289000,13.8,1,13.8,67,13.9,56,2,2022-08-09 09:07:34
1660036060657225000,13.85,1,13.8,67,13.85,2,2,2022-08-09 09:07:40
1660036061604428000,13.85,2,13.8,65,13.85,4,1,2022-08-09 09:07:41
1660036064320449000,13.8,1,13.8,59,13.9,56,2,2022-08-09 09:07:44
1660036065795117000,13.9,6,13.8,59,13.9,50,1,2022-08-09 09:07:45
1660036067748332000,13.85,1,13.8,58,13.85,5,1,2022-08-09 09:07:47
1660036069405598000,13.85,1,13.8,59,13.9,50,1,2022-08-09 09:07:49
1660036072545939000,13.8,6,13.8,53,13.9,50,2,2022-08-09 09:07:52
1660036079151601000,13.8,5,13.8,53,13.9,50,2,2022-08-09 09:07:59
1660036081421877000,13.85,1,13.85,2,13.9,52,2,2022-08-09 09:08:01
1660036083294564000,13.85,3,13.8,52,13.85,2,2,2022-08-09 09:08:03
1660036084793883000,13.85,2,13.8,52,13.9,53,1,2022-08-09 09:08:04
1660036086357689000,13.85,1,13.85,5,13.9,31,2,2022-08-09 09:08:06
1660036089534692000,13.85,1,13.85,3,13.9,3,2,2022-08-09 09:08:09
1660036089585706000,13.85,1,13.85,2,13.9,3,2,2022-08-09 09:08:09
1660036089888489000,13.85,2,13.8,53,13.85,1,2,2022-08-09 09:08:09
1660036093153816000,13.85,1,13.85,4,13.9,3,1,2022-08-09 09:08:13
1660036096583425000,13.9,1,13.85,4,13.9,2,1,2022-08-09 09:08:16
1660036100656758000,13.9,1,13.85,7,13.9,3,1,2022-08-09 09:08:20
1660036105849240000,13.85,1,13.85,6,13.9,4,2,2022-08-09 09:08:25
1660036105881342000,13.85,6,13.8,53,13.9,4,2,2022-08-09 09:08:25
1660036107498916000,13.9,5,13.85,10,13.9,1,1,2022-08-09 09:08:27
1660036110472751000,13.85,5,13.85,6,13.9,1,2,2022-08-09 09:08:30
1660036111847421000,13.85,6,13.8,63,13.85,2,2,2022-08-09 09:08:31
1660036112827908000,13.85,2,13.8,63,13.9,1,1,2022-08-09 09:08:32
1660036121749325000,13.85,1,13.8,62,13.9,5,1,2022-08-09 09:08:41
1660036128248413000,13.85,1,13.85,8,13.9,2,2,2022-08-09 09:08:48
1660036128496287000,13.9,2,13.85,8,14.0,1,1,2022-08-09 09:08:48
1660036128496287000,13.95,13,13.85,8,14.0,1,1,2022-08-09 09:08:48
1660036128496287000,14.0,15,13.85,8,14.0,1,1,2022-08-09 09:08:48
1660036134210364000,13.85,3,13.85,5,14.0,10,2,2022-08-09 09:08:54
1660036135113766000,13.85,5,13.85,1,14.0,10,2,2022-08-09 09:08:55
1660036135145930000,13.85,1,13.8,60,14.0,10,2,2022-08-09 09:08:55
1660036139730352000,13.85,1,13.8,51,14.0,10,2,2022-08-09 09:08:59
1660036139730352000,13.8,9,13.8,51,14.0,10,2,2022-08-09 09:08:59
1660036140613279000,13.8,3,13.8,48,14.0,10,2,2022-08-09 09:09:00
1660036153681568000,13.85,1,13.85,5,13.95,26,2,2022-08-09 09:09:13
1660036154635460000,13.95,10,13.85,5,13.95,16,1,2022-08-09 09:09:14
1660036158979802000,13.95,3,13.85,7,13.95,12,1,2022-08-09 09:09:18
1660036159642959000,13.95,10,13.85,7,13.95,2,1,2022-08-09 09:09:19
1660036162730778000,13.85,7,13.8,67,13.85,5,2,2022-08-09 09:09:22
1660036162847372000,13.8,2,13.8,65,13.85,5,2,2022-08-09 09:09:22
1660036163623214000,13.85,1,13.8,65,13.85,4,1,2022-08-09 09:09:23
1660036164034637000,13.85,1,13.8,65,13.85,3,1,2022-08-09 09:09:24
1660036168250943000,13.85,1,13.8,87,13.85,2,1,2022-08-09 09:09:28
1660036168822881000,13.85,2,13.85,1,13.95,13,1,2022-08-09 09:09:28
1660036169384154000,13.85,4,13.8,92,13.85,1,2,2022-08-09 09:09:29
1660036170031329000,13.85,1,13.8,92,13.95,10,1,2022-08-09 09:09:30
1660036170642984000,13.8,5,13.8,87,13.95,10,2,2022-08-09 09:09:30
1660036173098987000,13.8,12,13.8,77,13.85,1,2,2022-08-09 09:09:33
1660036173123119000,13.8,77,13.75,30,13.85,1,2,2022-08-09 09:09:33
1660036177803699000,13.8,2,13.75,7,13.85,1,2,2022-08-09 09:09:37
1660036177803699000,13.75,23,13.75,7,13.85,1,2,2022-08-09 09:09:37
1660036177807444000,13.85,1,13.85,4,13.95,14,1,2022-08-09 09:09:37
1660036189681988000,13.85,3,13.85,6,13.9,3,2,2022-08-09 09:09:49
1660036189702668000,13.85,6,13.8,5,13.9,6,2,2022-08-09 09:09:49
1660036196425840000,13.8,3,13.8,7,13.85,27,2,2022-08-09 09:09:56
1660036196464453000,13.8,3,13.8,4,13.85,37,2,2022-08-09 09:09:56
1660036196503504000,13.8,4,13.8,7,13.85,37,2,2022-08-09 09:09:56
1660036198573581000,13.8,7,13.8,3,13.85,37,2,2022-08-09 09:09:58
1660036198642764000,13.8,2,13.8,1,13.85,37,2,2022-08-09 09:09:58
1660036199399922000,13.8,1,13.75,7,13.85,37,2,2022-08-09 09:09:59
1660036199496036000,13.75,1,13.75,6,13.85,37,2,2022-08-09 09:09:59
1660036203592084000,13.75,2,13.75,4,13.85,37,2,2022-08-09 09:10:03
1660036203878623000,13.75,4,13.7,115,13.75,16,2,2022-08-09 09:10:03
1660036207121674000,13.75,3,13.7,117,13.75,13,1,2022-08-09 09:10:07
1660036207768345000,13.7,1,13.7,118,13.75,13,2,2022-08-09 09:10:07
1660036212443809000,13.75,2,13.7,118,13.75,11,1,2022-08-09 09:10:12
1660036212829971000,13.75,1,13.7,118,13.75,10,1,2022-08-09 09:10:12
1660036215404499000,13.7,1,13.7,126,13.75,10,2,2022-08-09 09:10:15
1660036219393231000,13.7,1,13.7,126,13.75,10,2,2022-08-09 09:10:19
1660036219440417000,13.7,2,13.7,124,13.75,10,2,2022-08-09 09:10:19
1660036221165610000,13.7,1,13.7,122,13.75,10,2,2022-08-09 09:10:21
1660036223295994000,13.75,1,13.7,122,13.75,9,1,2022-08-09 09:10:23
1660036227345390000,13.7,2,13.7,122,13.75,9,2,2022-08-09 09:10:27
1660036231986165000,13.75,9,13.7,122,13.85,1,1,2022-08-09 09:10:31
1660036231986165000,13.8,6,13.7,122,13.85,1,1,2022-08-09 09:10:31
1660036231986165000,13.85,15,13.7,122,13.85,1,1,2022-08-09 09:10:31
1660036234472235000,13.8,1,13.8,9,13.95,5,2,2022-08-09 09:10:34
1660036236923893000,13.8,1,13.8,8,13.95,5,2,2022-08-09 09:10:36
1660036242498766000,13.8,1,13.8,4,13.95,5,2,2022-08-09 09:10:42
1660036242904185000,13.8,1,13.8,3,13.95,5,2,2022-08-09 09:10:42
1660036245758528000,13.8,2,13.8,1,13.95,5,2,2022-08-09 09:10:45
1660036246606591000,13.8,1,13.75,6,13.8,1,2,2022-08-09 09:10:46
1660036247304745000,13.8,1,13.75,9,13.8,1,1,2022-08-09 09:10:47
1660036257427732000,13.8,1,13.75,10,13.95,5,2,2022-08-09 09:10:57
1660036262209708000,13.8,1,13.75,10,13.8,4,1,2022-08-09 09:11:02
1660036263073656000,13.75,1,13.75,9,13.8,5,2,2022-08-09 09:11:03
1660036265818538000,13.8,1,13.75,9,13.8,5,1,2022-08-09 09:11:05
1660036271658367000,13.8,1,13.75,10,13.8,3,1,2022-08-09 09:11:11
1660036273556936000,13.8,3,13.75,11,13.95,4,1,2022-08-09 09:11:13
1660036273556936000,13.9,1,13.75,11,13.95,4,1,2022-08-09 09:11:13
1660036273556936000,13.95,1,13.75,11,13.95,4,1,2022-08-09 09:11:13
1660036284763877000,13.9,5,13.75,16,13.9,19,1,2022-08-09 09:11:24
1660036290194950000,13.9,1,13.85,1,13.9,18,1,2022-08-09 09:11:30
1660036291557496000,13.9,5,13.85,1,13.9,13,1,2022-08-09 09:11:31
1660036295349838000,13.9,1,13.85,1,13.9,12,1,2022-08-09 09:11:35
1660036295523909000,13.9,5,13.85,1,13.9,7,1,2022-08-09 09:11:35
1660036296186672000,13.9,2,13.85,5,13.9,5,1,2022-08-09 09:11:36
1660036298974923000,13.9,5,13.9,2,13.95,2,1,2022-08-09 09:11:38
1660036301814246000,13.9,1,13.9,2,13.95,4,2,2022-08-09 09:11:41
1660036302685935000,13.95,4,13.9,32,14.0,35,1,2022-08-09 09:11:42
1660036332129760000,13.95,1,13.9,34,14.0,26,1,2022-08-09 09:12:12
1660036340988640000,14.0,26,13.9,34,14.05,1,1,2022-08-09 09:12:20
1660036340988640000,14.05,9,13.9,34,14.05,1,1,2022-08-09 09:12:20
1660036362348032000,14.05,1,14.0,5,14.05,20,1,2022-08-09 09:12:42
1660036368043034000,14.0,1,14.0,4,14.05,16,2,2022-08-09 09:12:48
1660036368077488000,14.0,4,13.95,61,14.05,16,2,2022-08-09 09:12:48
1660036370214686000,14.05,1,13.95,61,14.05,15,1,2022-08-09 09:12:50
1660036372061032000,14.05,2,13.95,61,14.05,13,1,2022-08-09 09:12:52
1660036386199437000,14.05,3,13.95,62,14.05,13,1,2022-08-09 09:13:06
1660036390734202000,14.05,1,13.95,62,14.05,9,1,2022-08-09 09:13:10
1660036398077078000,14.05,10,13.95,62,14.05,7,1,2022-08-09 09:13:18
1660036401152632000,14.05,3,14.0,5,14.05,1,1,2022-08-09 09:13:21
1660036401198659000,14.05,1,14.0,5,14.1,5,1,2022-08-09 09:13:21
1660036409589027000,14.1,5,14.05,12,14.15,14,1,2022-08-09 09:13:29
1660036414809619000,14.1,3,14.1,7,14.15,14,1,2022-08-09 09:13:34
1660036417226282000,14.15,1,14.1,13,14.15,13,1,2022-08-09 09:13:37
1660036423828505000,14.1,5,14.1,17,14.15,13,2,2022-08-09 09:13:43
1660036425872556000,14.15,5,14.1,12,14.15,8,1,2022-08-09 09:13:45
1660036432106018000,14.15,2,14.1,8,14.15,8,1,2022-08-09 09:13:52
1660036432399224000,14.15,1,14.1,8,14.15,7,1,2022-08-09 09:13:52
1660036433397831000,14.15,1,14.1,8,14.15,6,1,2022-08-09 09:13:53
1660036433742392000,14.1,4,14.1,4,14.15,6,2,2022-08-09 09:13:53
1660036433768135000,14.1,4,14.05,5,14.15,6,2,2022-08-09 09:13:53
1660036434994763000,14.15,4,14.05,5,14.15,5,1,2022-08-09 09:13:54
1660036437114662000,14.05,5,13.95,62,14.1,30,2,2022-08-09 09:13:57
1660036437867831000,14.05,1,13.95,62,14.05,3,1,2022-08-09 09:13:57
1660036438090867000,14.1,2,13.95,65,14.1,33,1,2022-08-09 09:13:58
1660036440752809000,14.05,5,13.95,65,14.05,8,1,2022-08-09 09:14:00
1660036447982781000,14.05,1,14.0,1,14.05,7,1,2022-08-09 09:14:07
1660036448106170000,14.05,1,14.0,5,14.05,2,1,2022-08-09 09:14:08
1660036448395587000,14.05,1,14.0,5,14.05,3,1,2022-08-09 09:14:08
1660036450264099000,14.05,1,14.0,5,14.1,31,1,2022-08-09 09:14:10
1660036452799709000,14.05,1,14.0,7,14.1,24,1,2022-08-09 09:14:12
1660036452799709000,14.1,4,14.0,7,14.1,24,1,2022-08-09 09:14:12
1660036459607730000,14.0,1,14.0,6,14.1,34,2,2022-08-09 09:14:19
1660036462138726000,14.05,1,14.05,9,14.1,34,1,2022-08-09 09:14:22
1660036464454602000,14.1,1,14.05,9,14.1,33,1,2022-08-09 09:14:24
1660036465059919000,14.1,10,14.05,9,14.1,23,1,2022-08-09 09:14:25
1660036467082194000,14.05,1,14.05,8,14.1,23,2,2022-08-09 09:14:27
1660036467884356000,14.1,24,14.05,8,14.15,9,1,2022-08-09 09:14:27
1660036467884356000,14.15,1,14.05,8,14.15,9,1,2022-08-09 09:14:27
1660036471102856000,14.05,8,13.95,67,14.15,6,2,2022-08-09 09:14:31
1660036471102856000,14.0,8,13.95,67,14.15,6,2,2022-08-09 09:14:31
1660036471102856000,13.95,4,13.95,67,14.15,6,2,2022-08-09 09:14:31
1660036476198197000,14.0,1,13.95,67,14.05,8,2,2022-08-09 09:14:36
1660036476620705000,14.05,5,13.95,67,14.05,3,1,2022-08-09 09:14:36
1660036480279788000,14.05,1,14.0,1,14.05,4,1,2022-08-09 09:14:40
1660036489463255000,14.0,1,14.0,2,14.05,5,2,2022-08-09 09:14:49
1660036489618786000,14.05,1,14.0,2,14.05,4,1,2022-08-09 09:14:49
1660036492609142000,14.0,2,13.95,66,14.1,12,2,2022-08-09 09:14:52
1660036492609142000,13.95,1,13.95,66,14.1,12,2,2022-08-09 09:14:52
1660036497008690000,14.0,1,14.0,5,14.05,1,2,2022-08-09 09:14:57
1660036497328730000,14.05,1,14.0,5,14.1,12,1,2022-08-09 09:14:57
1660036500369152000,14.1,4,14.0,5,14.1,9,1,2022-08-09 09:15:00
1660036501475146000,14.0,5,13.95,68,14.1,9,2,2022-08-09 09:15:01
1660036502071648000,13.95,10,13.95,58,14.1,9,2,2022-08-09 09:15:02
1660036512285748000,14.05,1,14.0,1,14.05,14,1,2022-08-09 09:15:12
1660036512325484000,14.0,1,13.95,58,14.05,14,2,2022-08-09 09:15:12
1660036516342058000,14.0,1,13.95,53,14.0,3,1,2022-08-09 09:15:16
1660036521596393000,14.0,1,13.95,54,14.0,8,1,2022-08-09 09:15:21
1660036527292094000,14.0,1,13.95,57,14.0,8,1,2022-08-09 09:15:27
1660036527377680000,14.0,1,13.95,57,14.0,7,1,2022-08-09 09:15:27
1660036528415226000,14.0,1,13.95,57,14.0,6,1,2022-08-09 09:15:28
1660036528945302000,14.0,6,14.0,12,14.05,14,1,2022-08-09 09:15:28
1660036530511652000,14.0,5,14.0,7,14.05,11,2,2022-08-09 09:15:30
1660036531045588000,14.0,2,14.0,5,14.05,11,2,2022-08-09 09:15:31
1660036531078065000,14.0,5,13.95,57,14.05,11,2,2022-08-09 09:15:31
1660036543933238000,14.05,1,14.0,8,14.05,10,1,2022-08-09 09:15:43
1660036547229283000,14.0,1,14.0,7,14.05,10,2,2022-08-09 09:15:47
1660036553755442000,14.0,1,14.0,6,14.05,17,2,2022-08-09 09:15:53
1660036559344916000,14.05,1,14.0,14,14.05,13,1,2022-08-09 09:15:59
1660036564517153000,14.0,3,14.0,11,14.05,19,2,2022-08-09 09:16:04
1660036566400812000,14.0,11,14.0,5,14.05,19,2,2022-08-09 09:16:06
1660036566431099000,14.0,5,13.95,61,14.05,19,2,2022-08-09 09:16:06
1660036566485725000,13.95,5,13.95,61,14.05,22,2,2022-08-09 09:16:06
1660036567224778000,14.05,10,13.95,56,14.05,12,1,2022-08-09 09:16:07
1660036574773387000,14.0,5,13.95,56,14.05,21,1,2022-08-09 09:16:14
1660036581559292000,14.05,1,13.95,56,14.05,23,1,2022-08-09 09:16:21
1660036587873640000,14.05,1,14.0,1,14.05,20,1,2022-08-09 09:16:27
1660036587902847000,14.0,1,13.95,55,14.05,20,2,2022-08-09 09:16:27
1660036591761343000,14.05,2,14.0,1,14.05,23,1,2022-08-09 09:16:31
1660036603387548000,14.05,1,14.0,2,14.05,25,1,2022-08-09 09:16:43
1660036607721785000,14.05,1,14.0,3,14.05,24,1,2022-08-09 09:16:47
1660036611040172000,14.0,2,14.0,1,14.05,24,2,2022-08-09 09:16:51
1660036612685234000,14.05,5,14.0,1,14.05,19,1,2022-08-09 09:16:52
1660036618336613000,14.05,1,14.0,1,14.05,19,1,2022-08-09 09:16:58
1660036620318134000,14.0,1,13.95,56,14.05,19,2,2022-08-09 09:17:00
1660036634311076000,13.95,10,13.95,47,14.05,19,2,2022-08-09 09:17:14
1660036644343187000,14.05,1,14.0,5,14.05,18,1,2022-08-09 09:17:24
1660036644374657000,14.0,5,13.95,49,14.05,18,2,2022-08-09 09:17:24
1660036653990752000,14.0,2,13.95,49,14.0,18,1,2022-08-09 09:17:33
1660036658328318000,14.0,1,13.95,49,14.0,17,1,2022-08-09 09:17:38
1660036660417921000,14.0,1,13.95,49,14.0,16,1,2022-08-09 09:17:40
1660036676401601000,14.0,1,13.95,51,14.0,17,1,2022-08-09 09:17:56
1660036683835846000,14.0,18,13.95,51,14.05,16,1,2022-08-09 09:18:03
1660036683835846000,14.05,2,13.95,51,14.05,16,1,2022-08-09 09:18:03
1660036692459464000,14.05,1,14.0,10,14.05,14,1,2022-08-09 09:18:12
1660036708412778000,14.05,1,14.0,20,14.05,13,1,2022-08-09 09:18:28
1660036710708284000,14.05,5,14.0,20,14.05,8,1,2022-08-09 09:18:30
1660036710746077000,14.05,3,14.0,20,14.05,5,1,2022-08-09 09:18:30
1660036712750611000,14.05,2,14.0,20,14.05,3,1,2022-08-09 09:18:32
1660036712786599000,14.05,3,14.0,21,14.1,25,1,2022-08-09 09:18:32
1660036722727251000,14.05,2,14.05,6,14.1,25,2,2022-08-09 09:18:42
1660036724189585000,14.1,1,14.05,3,14.1,24,1,2022-08-09 09:18:44
1660036740443293000,14.1,1,14.05,7,14.1,23,1,2022-08-09 09:19:00
1660036744512397000,14.1,3,14.05,9,14.1,20,1,2022-08-09 09:19:04
1660036744534286000,14.1,4,14.05,9,14.1,16,1,2022-08-09 09:19:04
1660036744849852000,14.1,5,14.05,6,14.1,23,1,2022-08-09 09:19:04
1660036748656893000,14.1,4,14.05,16,14.1,19,1,2022-08-09 09:19:08
1660036754347456000,14.1,3,14.05,22,14.1,20,1,2022-08-09 09:19:14
1660036756208608000,14.1,1,14.05,22,14.1,19,1,2022-08-09 09:19:16
1660036757321941000,14.05,14,14.05,9,14.1,19,2,2022-08-09 09:19:17
1660036757768317000,14.1,2,14.05,9,14.1,17,1,2022-08-09 09:19:17
1660036758206018000,14.1,1,14.05,9,14.1,16,1,2022-08-09 09:19:18
1660036760767375000,14.1,1,14.05,9,14.1,15,1,2022-08-09 09:19:20
1660036761603458000,14.1,3,14.05,9,14.1,12,1,2022-08-09 09:19:21
1660036772154596000,14.1,1,14.05,9,14.1,13,1,2022-08-09 09:19:32
1660036785107014000,14.1,1,14.05,9,14.1,12,1,2022-08-09 09:19:45
1660036788143580000,14.1,1,14.05,13,14.1,11,1,2022-08-09 09:19:48
1660036792305373000,14.1,1,14.05,13,14.1,10,1,2022-08-09 09:19:52
1660036795843681000,14.1,1,14.05,14,14.1,9,1,2022-08-09 09:19:55
1660036797863843000,14.1,1,14.05,14,14.1,8,1,2022-08-09 09:19:57
1660036804278062000,14.1,1,14.05,44,14.1,7,1,2022-08-09 09:20:04
1660036820193203000,14.1,1,14.05,41,14.1,16,1,2022-08-09 09:20:20
1660036822414141000,14.1,1,14.05,41,14.1,15,1,2022-08-09 09:20:22
1660036830785394000,14.1,1,14.05,41,14.1,14,1,2022-08-09 09:20:30
1660036836185868000,14.1,1,14.05,41,14.1,13,1,2022-08-09 09:20:36
1660036840447730000,14.1,13,14.1,7,14.15,28,1,2022-08-09 09:20:40
1660036841856657000,14.1,1,14.1,6,14.15,36,2,2022-08-09 09:20:41
1660036844715086000,14.1,5,14.1,1,14.15,36,2,2022-08-09 09:20:44
1660036844740632000,14.1,1,14.05,43,14.15,36,2,2022-08-09 09:20:44
1660036844873276000,14.05,1,14.05,42,14.15,36,2,2022-08-09 09:20:44
1660036850449767000,14.1,1,14.1,2,14.15,36,2,2022-08-09 09:20:50
1660036852115730000,14.15,1,14.1,1,14.15,35,1,2022-08-09 09:20:52
1660036857290108000,14.1,1,14.05,43,14.15,35,2,2022-08-09 09:20:57
1660036861502455000,14.1,5,14.1,21,14.15,35,2,2022-08-09 09:21:01
1660036867719836000,14.1,1,14.1,22,14.15,35,2,2022-08-09 09:21:07
1660036868490423000,14.15,1,14.1,22,14.15,36,1,2022-08-09 09:21:08
1660036872047585000,14.1,1,14.1,21,14.15,35,2,2022-08-09 09:21:12
1660036877745850000,14.15,1,14.1,24,14.15,35,1,2022-08-09 09:21:17
1660036877777130000,14.15,4,14.1,24,14.15,31,1,2022-08-09 09:21:17
1660036883121778000,14.15,1,14.1,24,14.15,32,1,2022-08-09 09:21:23
1660036884584228000,14.15,2,14.1,22,14.15,30,1,2022-08-09 09:21:24
1660036884706858000,14.15,1,14.1,22,14.15,29,1,2022-08-09 09:21:24
1660036884745335000,14.15,4,14.1,22,14.15,25,1,2022-08-09 09:21:24
1660036887493196000,14.15,1,14.1,22,14.15,26,1,2022-08-09 09:21:27
1660036890425606000,14.15,1,14.1,22,14.15,25,1,2022-08-09 09:21:30
1660036898194034000,14.15,1,14.1,27,14.15,15,1,2022-08-09 09:21:38
1660036901567432000,14.15,1,14.1,39,14.15,14,1,2022-08-09 09:21:41
1660036904146030000,14.15,2,14.1,39,14.15,12,1,2022-08-09 09:21:44
1660036907608831000,14.15,2,14.1,43,14.15,10,1,2022-08-09 09:21:47
1660036907845572000,14.15,2,14.1,43,14.15,8,1,2022-08-09 09:21:47
1660036908199805000,14.15,2,14.1,43,14.15,6,1,2022-08-09 09:21:48
1660036908343387000,14.15,1,14.1,43,14.15,5,1,2022-08-09 09:21:48
1660036908521011000,14.15,2,14.1,43,14.15,3,1,2022-08-09 09:21:48
1660036909350514000,14.15,3,14.1,43,14.2,10,1,2022-08-09 09:21:49
1660036920816958000,14.2,1,14.1,43,14.2,11,1,2022-08-09 09:22:00
1660036923131617000,14.1,4,14.1,42,14.2,11,2,2022-08-09 09:22:03
1660036924910693000,14.2,10,14.15,7,14.2,18,1,2022-08-09 09:22:04
1660036925135578000,14.2,1,14.15,7,14.2,7,1,2022-08-09 09:22:05
1660036928301511000,14.2,6,14.15,7,14.2,9,1,2022-08-09 09:22:08
1660036930079024000,14.15,5,14.15,2,14.2,9,2,2022-08-09 09:22:10
1660036930104394000,14.15,2,14.1,43,14.2,9,2,2022-08-09 09:22:10
1660036931502229000,14.2,2,14.1,43,14.2,7,1,2022-08-09 09:22:11
1660036940103187000,14.2,1,14.15,4,14.2,8,1,2022-08-09 09:22:20
1660036942855252000,14.15,1,14.15,5,14.2,8,2,2022-08-09 09:22:22
1660036942882844000,14.15,5,14.1,51,14.2,8,2,2022-08-09 09:22:22
1660036956522389000,14.15,1,14.1,62,14.2,14,1,2022-08-09 09:22:36
1660036960477631000,14.15,1,14.15,11,14.2,11,2,2022-08-09 09:22:40
1660036964755756000,14.15,14,14.1,52,14.2,11,2,2022-08-09 09:22:44
1660036972313590000,14.15,1,14.1,52,14.15,6,1,2022-08-09 09:22:52
1660036973894495000,14.15,1,14.1,52,14.15,5,1,2022-08-09 09:22:53
1660036988235019000,14.15,1,14.1,52,14.15,20,1,2022-08-09 09:23:08
1660036989281904000,14.1,5,14.1,47,14.15,20,2,2022-08-09 09:23:09
1660036989311963000,14.1,19,14.1,28,14.15,20,2,2022-08-09 09:23:09
1660036989384874000,14.1,3,14.1,25,14.15,20,2,2022-08-09 09:23:09
1660036989402573000,14.1,19,14.1,6,14.15,20,2,2022-08-09 09:23:09
1660036989420311000,14.1,6,14.05,65,14.15,20,2,2022-08-09 09:23:09
1660036996418857000,14.15,1,14.05,68,14.15,25,1,2022-08-09 09:23:16
1660037002911185000,14.1,1,14.1,1,14.15,21,2,2022-08-09 09:23:22
1660037003779034000,14.1,1,14.05,62,14.15,21,2,2022-08-09 09:23:23
1660037005116663000,14.1,1,14.05,59,14.15,28,1,2022-08-09 09:23:25
1660037007383251000,14.1,1,14.05,59,14.1,5,2,2022-08-09 09:23:27
1660037009374334000,14.1,1,14.05,61,14.1,4,1,2022-08-09 09:23:29
1660037015555744000,14.1,2,14.05,61,14.1,2,1,2022-08-09 09:23:35
1660037021492966000,14.05,2,14.05,62,14.1,5,2,2022-08-09 09:23:41
1660037023910795000,14.1,1,14.05,62,14.1,14,1,2022-08-09 09:23:43
1660037028212259000,14.1,13,14.1,1,14.15,28,1,2022-08-09 09:23:48
1660037030763340000,14.1,2,14.1,3,14.15,28,2,2022-08-09 09:23:50
1660037033903734000,14.1,2,14.1,1,14.15,28,2,2022-08-09 09:23:53
1660037033933032000,14.1,1,14.05,63,14.15,28,2,2022-08-09 09:23:53
1660037044443079000,14.1,1,14.1,3,14.15,28,1,2022-08-09 09:24:04
1660037046274775000,14.1,3,14.05,51,14.15,28,2,2022-08-09 09:24:06
1660037046274775000,14.05,15,14.05,51,14.15,28,2,2022-08-09 09:24:06
1660037048396960000,14.05,1,14.05,52,14.15,29,2,2022-08-09 09:24:08
1660037052540378000,14.05,8,14.05,39,14.1,13,2,2022-08-09 09:24:12
1660037052577539000,14.05,39,14.05,47,14.1,13,2,2022-08-09 09:24:12
1660037055304683000,14.05,3,14.0,66,14.1,14,1,2022-08-09 09:24:15
1660037055342065000,14.1,5,14.0,66,14.1,9,1,2022-08-09 09:24:15
1660037060631454000,14.1,1,14.0,61,14.1,14,1,2022-08-09 09:24:20
1660037070314474000,14.1,1,14.0,72,14.1,14,1,2022-08-09 09:24:30
1660037086060427000,14.1,3,14.0,72,14.1,11,1,2022-08-09 09:24:46
1660037087704814000,14.1,1,14.0,72,14.1,10,1,2022-08-09 09:24:47
1660037091172559000,14.1,5,14.0,72,14.1,5,1,2022-08-09 09:24:51
1660037097829677000,14.05,1,14.0,72,14.05,2,2,2022-08-09 09:24:57
1660037097959046000,14.0,1,14.0,71,14.05,2,2,2022-08-09 09:24:57
1660037113110552000,14.0,10,14.0,51,14.05,4,2,2022-08-09 09:25:13
1660037116088814000,14.0,5,14.0,46,14.05,8,2,2022-08-09 09:25:16
1660037118129767000,14.0,4,14.0,42,14.05,12,2,2022-08-09 09:25:18
1660037118148330000,14.0,42,13.95,59,14.05,12,2,2022-08-09 09:25:18
1660037126416305000,14.0,1,13.95,65,14.0,20,1,2022-08-09 09:25:26
1660037126829384000,14.0,2,13.95,65,14.0,18,1,2022-08-09 09:25:26
1660037142144094000,14.0,3,13.95,66,14.0,12,1,2022-08-09 09:25:42
1660037154717411000,14.0,2,13.95,66,14.0,13,1,2022-08-09 09:25:54
1660037158050990000,14.0,1,13.95,66,14.0,12,1,2022-08-09 09:25:58
1660037161118508000,13.95,49,13.95,17,14.0,12,2,2022-08-09 09:26:01
1660037161149977000,13.95,17,13.9,50,14.0,12,2,2022-08-09 09:26:01
1660037163247663000,13.9,1,13.9,51,13.95,4,2,2022-08-09 09:26:03
1660037165548330000,13.95,2,13.9,51,14.0,20,2,2022-08-09 09:26:05
1660037169519830000,13.9,2,13.9,44,14.0,14,2,2022-08-09 09:26:09
1660037172429687000,13.95,1,13.95,1,14.0,14,2,2022-08-09 09:26:12
1660037172592645000,13.95,1,13.9,36,14.0,14,2,2022-08-09 09:26:12
1660037172592645000,13.9,9,13.9,36,14.0,14,2,2022-08-09 09:26:12
1660037177023594000,13.9,2,13.9,35,13.95,2,2,2022-08-09 09:26:17
1660037177753424000,13.9,1,13.9,34,13.95,2,2,2022-08-09 09:26:17
1660037178461293000,13.9,2,13.9,32,13.95,2,2,2022-08-09 09:26:18
1660037181018867000,13.9,5,13.9,27,13.95,2,2,2022-08-09 09:26:21
1660037182164521000,13.9,14,13.9,19,13.95,2,2,2022-08-09 09:26:22
1660037184469213000,13.9,5,13.9,14,13.95,2,2,2022-08-09 09:26:24
1660037185179394000,13.95,2,13.9,14,14.0,5,1,2022-08-09 09:26:25
1660037185179394000,14.0,3,13.9,14,14.0,5,1,2022-08-09 09:26:25
1660037186634934000,13.9,1,13.9,13,14.0,5,2,2022-08-09 09:26:26
1660037187018966000,13.9,1,13.9,12,14.0,5,2,2022-08-09 09:26:27
1660037191133699000,13.9,3,13.9,9,14.0,5,2,2022-08-09 09:26:31
1660037198274616000,14.0,1,13.95,3,14.0,5,1,2022-08-09 09:26:38
1660037199021835000,13.95,1,13.95,2,14.0,5,2,2022-08-09 09:26:39
1660037213946917000,13.95,3,13.95,4,14.0,6,2,2022-08-09 09:26:53
1660037223586176000,13.95,2,13.95,9,14.0,3,2,2022-08-09 09:27:03
1660037247364773000,13.95,4,13.95,18,14.0,1,2,2022-08-09 09:27:27
1660037251921107000,13.95,5,13.95,15,14.0,1,2,2022-08-09 09:27:31
1660037253171061000,13.95,1,13.95,18,14.0,1,2,2022-08-09 09:27:33
1660037263092606000,13.95,1,13.95,17,14.0,1,2,2022-08-09 09:27:43
1660037266339548000,13.95,5,13.95,14,14.0,1,2,2022-08-09 09:27:46
1660037269967687000,14.0,1,13.95,19,14.05,1,1,2022-08-09 09:27:49
1660037275541111000,13.95,1,13.95,18,14.05,1,2,2022-08-09 09:27:55
1660037276416507000,14.05,1,13.95,18,14.1,42,1,2022-08-09 09:27:56
1660037281058562000,13.95,5,13.95,13,14.1,42,2,2022-08-09 09:28:01
1660037284383450000,14.05,1,13.95,13,14.1,42,1,2022-08-09 09:28:04
1660037287611630000,13.95,4,13.95,9,14.05,7,2,2022-08-09 09:28:07
1660037301263856000,14.0,5,14.0,5,14.05,7,2,2022-08-09 09:28:21
1660037301288159000,14.0,1,14.0,4,14.05,7,2,2022-08-09 09:28:21
1660037301291449000,14.0,4,13.95,11,14.05,7,2,2022-08-09 09:28:21
1660037302154237000,13.95,1,13.95,10,14.05,7,2,2022-08-09 09:28:22
1660037308276094000,13.95,4,13.95,12,14.05,19,2,2022-08-09 09:28:28
1660037311394699000,14.05,4,13.95,14,14.05,15,1,2022-08-09 09:28:31
1660037341551108000,14.0,1,13.95,28,14.05,36,1,2022-08-09 09:29:01
1660037344770085000,14.05,1,13.95,27,14.05,35,1,2022-08-09 09:29:04
1660037354029871000,13.95,1,13.95,18,14.05,35,2,2022-08-09 09:29:14
1660037354530501000,14.05,1,13.95,18,14.05,34,1,2022-08-09 09:29:14
1660037362744199000,14.0,1,13.95,18,14.05,34,1,2022-08-09 09:29:22
1660037362744199000,14.05,1,13.95,18,14.05,34,1,2022-08-09 09:29:22
1660037364816084000,14.0,2,14.0,3,14.05,34,2,2022-08-09 09:29:24
1660037364847538000,14.0,3,13.95,18,14.05,34,2,2022-08-09 09:29:24
1660037383214696000,14.0,4,14.0,7,14.05,34,2,2022-08-09 09:29:43
1660037389778618000,14.0,1,14.0,17,14.05,34,2,2022-08-09 09:29:49
1660037390983642000,14.05,6,14.0,17,14.05,28,1,2022-08-09 09:29:50
1660037403230089000,14.05,1,14.0,20,14.05,27,1,2022-08-09 09:30:03
1660037403259764000,14.05,19,14.0,20,14.05,8,1,2022-08-09 09:30:03
1660037409050210000,14.05,7,14.0,24,14.05,1,1,2022-08-09 09:30:09
1660037409089586000,14.05,1,14.0,24,14.1,47,1,2022-08-09 09:30:09
1660037414220893000,14.05,3,14.05,4,14.1,47,2,2022-08-09 09:30:14
1660037414251013000,14.05,4,14.0,27,14.1,47,2,2022-08-09 09:30:14
1660037468263513000,14.05,2,14.05,3,14.1,46,2,2022-08-09 09:31:08
1660037468424950000,14.05,1,14.05,2,14.1,46,2,2022-08-09 09:31:08
1660037473478483000,14.05,1,14.05,1,14.1,46,2,2022-08-09 09:31:13
1660037487143715000,14.05,1,14.0,24,14.1,46,2,2022-08-09 09:31:27
1660037549173086000,14.05,10,14.0,33,14.05,10,1,2022-08-09 09:32:29
1660037549257680000,14.05,5,14.0,33,14.05,5,1,2022-08-09 09:32:29
1660037549319253000,14.05,1,14.0,33,14.05,4,1,2022-08-09 09:32:29
1660037551352753000,14.05,2,14.0,34,14.05,2,1,2022-08-09 09:32:31
1660037553008736000,14.05,1,14.0,34,14.05,1,1,2022-08-09 09:32:33
1660037553042772000,14.05,1,14.0,34,14.1,49,1,2022-08-09 09:32:33
1660037569506534000,14.05,1,14.0,36,14.1,49,1,2022-08-09 09:32:49
1660037577075123000,14.0,3,14.0,33,14.1,51,2,2022-08-09 09:32:57
1660037588918949000,14.1,5,14.0,37,14.1,46,1,2022-08-09 09:33:08
1660037604928186000,14.05,1,13.95,19,14.0,60,2,2022-08-09 09:33:24
1660037604928186000,14.0,39,13.95,19,14.0,60,2,2022-08-09 09:33:24
1660037610795596000,13.95,5,13.95,14,14.0,60,2,2022-08-09 09:33:30
1660037641977687000,13.95,2,13.95,14,14.0,60,2,2022-08-09 09:34:01
1660037648936092000,13.95,1,13.95,15,14.0,60,2,2022-08-09 09:34:08
1660037674637831000,14.0,1,13.95,19,14.0,60,1,2022-08-09 09:34:34
1660037682506252000,14.0,60,13.95,19,14.0,2,1,2022-08-09 09:34:42
1660037682543661000,14.0,2,13.95,19,14.05,1,1,2022-08-09 09:34:42
1660037690405169000,14.0,2,14.0,10,14.05,1,2,2022-08-09 09:34:50
1660037698704266000,14.0,6,14.0,5,14.05,2,2,2022-08-09 09:34:58
1660037698732307000,14.0,5,13.95,19,14.05,2,2,2022-08-09 09:34:58
1660037708512485000,14.05,1,14.0,2,14.05,1,1,2022-08-09 09:35:08
1660037708773452000,14.05,1,14.0,2,14.1,39,1,2022-08-09 09:35:08
1660037708773452000,14.1,6,14.0,2,14.1,39,1,2022-08-09 09:35:08
1660037720145680000,14.05,10,14.0,24,14.05,10,1,2022-08-09 09:35:20
1660037720186824000,14.05,10,14.0,24,14.1,19,1,2022-08-09 09:35:20
1660037733889546000,14.05,1,14.0,24,14.05,2,2,2022-08-09 09:35:33
1660037734660158000,14.05,2,14.0,26,14.1,11,1,2022-08-09 09:35:34
1660037734660158000,14.1,8,14.0,26,14.1,11,1,2022-08-09 09:35:34
1660037759957530000,14.1,11,14.05,17,14.15,14,1,2022-08-09 09:35:59
1660037792367927000,14.15,1,14.1,3,14.15,13,1,2022-08-09 09:36:32
1660037797464591000,14.1,1,14.1,2,14.15,14,2,2022-08-09 09:36:37
1660037804295511000,14.15,10,14.1,2,14.15,4,1,2022-08-09 09:36:44
1660037811425035000,14.15,1,14.1,3,14.15,3,1,2022-08-09 09:36:51
1660037817284591000,14.15,1,14.1,3,14.15,2,1,2022-08-09 09:36:57
1660037820218534000,14.15,1,14.1,3,14.15,1,1,2022-08-09 09:37:00
1660037820737788000,14.15,1,14.15,2,14.2,47,1,2022-08-09 09:37:00
1660037820759758000,14.15,2,14.1,3,14.2,47,2,2022-08-09 09:37:00
1660037825074437000,14.2,10,14.15,1,14.2,37,1,2022-08-09 09:37:05
1660037855937931000,14.15,2,14.1,15,14.15,1,2,2022-08-09 09:37:35
1660037864225530000,14.15,1,14.1,23,14.2,40,1,2022-08-09 09:37:44
1660037864225530000,14.2,1,14.1,23,14.2,40,1,2022-08-09 09:37:44
1660037889523640000,14.15,2,14.15,2,14.2,61,2,2022-08-09 09:38:09
1660037889547194000,14.15,2,14.1,41,14.2,61,2,2022-08-09 09:38:09
1660037893877295000,14.2,10,14.1,41,14.2,50,1,2022-08-09 09:38:13
1660037904863102000,14.2,2,14.15,1,14.2,50,1,2022-08-09 09:38:24
1660037934714714000,14.2,1,14.15,2,14.2,50,1,2022-08-09 09:38:54
1660037958318319000,14.15,7,14.1,39,14.2,49,2,2022-08-09 09:39:18
1660037958318319000,14.1,3,14.1,39,14.2,49,2,2022-08-09 09:39:18
1660037969011301000,14.15,2,14.1,39,14.2,49,2,2022-08-09 09:39:29
1660037997182276000,14.15,1,14.1,42,14.2,50,2,2022-08-09 09:39:57
1660038024783180000,14.15,1,14.15,1,14.2,150,2,2022-08-09 09:40:24
1660038024816438000,14.15,1,14.1,36,14.2,150,2,2022-08-09 09:40:24
1660038034259622000,14.1,1,14.1,35,14.15,8,2,2022-08-09 09:40:34
1660038064383366000,14.15,5,14.1,35,14.15,6,1,2022-08-09 09:41:04
1660038074271746000,14.15,1,14.1,35,14.15,4,1,2022-08-09 09:41:14
1660038082230520000,14.1,1,14.1,37,14.15,6,2,2022-08-09 09:41:22
1660038087320609000,14.15,3,14.1,37,14.15,6,1,2022-08-09 09:41:27
1660038122324386000,14.1,19,14.1,19,14.15,23,2,2022-08-09 09:42:02
1660038122352125000,14.1,2,14.1,17,14.15,23,2,2022-08-09 09:42:02
1660038122352591000,14.1,17,14.05,15,14.15,23,2,2022-08-09 09:42:02
1660038126168901000,14.1,3,14.05,13,14.1,1,1,2022-08-09 09:42:06
1660038137831288000,14.05,2,14.05,11,14.15,29,2,2022-08-09 09:42:17
1660038138571455000,14.1,1,14.05,11,14.1,3,1,2022-08-09 09:42:18
1660038149549346000,14.1,2,14.05,11,14.1,3,1,2022-08-09 09:42:29
1660038156819215000,14.05,2,14.05,9,14.1,5,2,2022-08-09 09:42:36
1660038163935211000,14.05,9,14.05,10,14.1,6,2,2022-08-09 09:42:43
1660038163962209000,14.05,10,14.0,44,14.1,6,2,2022-08-09 09:42:43
1660038170039035000,14.0,1,14.0,47,14.05,20,2,2022-08-09 09:42:50
1660038178736758000,14.0,1,14.0,55,14.05,20,2,2022-08-09 09:42:58
1660038180440164000,14.0,50,14.0,1,14.05,20,2,2022-08-09 09:43:00
1660038180474649000,14.0,1,13.95,41,14.05,20,2,2022-08-09 09:43:00
1660038181698173000,14.0,3,13.95,45,14.05,23,2,2022-08-09 09:43:01
1660038182765993000,14.0,1,13.95,45,14.05,20,2,2022-08-09 09:43:02
1660038183438005000,14.05,10,13.95,45,14.05,10,1,2022-08-09 09:43:03
1660038193320072000,13.95,1,13.95,43,14.05,12,2,2022-08-09 09:43:13
1660038209570727000,13.95,2,13.95,44,14.0,2,2,2022-08-09 09:43:29
1660038210290882000,14.0,2,13.95,44,14.05,23,1,2022-08-09 09:43:30
1660038213600230000,13.95,1,13.95,43,14.05,23,2,2022-08-09 09:43:33
1660038232590774000,14.0,1,14.0,19,14.05,23,2,2022-08-09 09:43:52
1660038235192646000,14.05,1,14.0,19,14.05,22,1,2022-08-09 09:43:55
1660038236369256000,14.0,5,14.0,14,14.05,22,2,2022-08-09 09:43:56
1660038236882026000,14.0,6,14.0,8,14.05,22,2,2022-08-09 09:43:56
1660038236914320000,14.0,1,14.0,7,14.05,22,2,2022-08-09 09:43:56
1660038257158273000,14.0,1,14.0,7,14.05,22,2,2022-08-09 09:44:17
1660038257404542000,14.0,2,14.0,5,14.05,22,2,2022-08-09 09:44:17
1660038258423982000,14.0,1,14.0,4,14.05,22,2,2022-08-09 09:44:18
1660038261872987000,14.0,1,14.0,3,14.05,22,2,2022-08-09 09:44:21
1660038269849411000,14.0,1,14.0,4,14.05,22,2,2022-08-09 09:44:29
1660038282829553000,14.0,1,14.0,3,14.05,22,2,2022-08-09 09:44:42
1660038291669799000,14.0,1,14.0,2,14.05,22,2,2022-08-09 09:44:51
1660038295171028000,14.0,2,14.0,1,14.05,22,2,2022-08-09 09:44:55
1660038312933262000,14.0,1,13.95,52,14.05,23,2,2022-08-09 09:45:12
1660038325824931000,14.0,2,14.0,11,14.05,14,2,2022-08-09 09:45:25
1660038329904056000,14.0,1,14.0,7,14.05,14,2,2022-08-09 09:45:29
1660038342654885000,14.0,8,13.95,52,14.0,1,2,2022-08-09 09:45:42
1660038367542448000,13.95,1,13.95,52,14.0,5,2,2022-08-09 09:46:07
1660038376411196000,13.95,35,13.95,17,14.0,4,2,2022-08-09 09:46:16
1660038376444200000,13.95,17,13.9,119,14.0,4,2,2022-08-09 09:46:16
1660038385440703000,13.95,1,13.95,9,14.0,4,2,2022-08-09 09:46:25
1660038407131475000,13.95,1,13.95,16,14.0,11,2,2022-08-09 09:46:47
1660038416613528000,13.95,5,13.95,11,14.0,13,2,2022-08-09 09:46:56
1660038421098596000,13.95,6,13.95,6,14.0,13,2,2022-08-09 09:47:01
1660038425709044000,13.95,1,13.95,3,14.0,13,2,2022-08-09 09:47:05
1660038442901800000,14.0,10,13.95,7,14.0,4,1,2022-08-09 09:47:22
1660038456814738000,13.95,2,13.95,15,14.0,4,2,2022-08-09 09:47:36
1660038457369359000,14.0,1,13.95,15,14.0,3,1,2022-08-09 09:47:37
1660038458886591000,13.95,6,13.95,11,14.0,3,2,2022-08-09 09:47:38
1660038461348529000,13.95,2,13.95,18,14.0,5,2,2022-08-09 09:47:41
1660038462268496000,13.95,10,13.95,8,14.0,5,2,2022-08-09 09:47:42
1660038495701035000,14.0,5,13.95,31,14.0,1,1,2022-08-09 09:48:15
1660038509065141000,13.95,3,13.95,17,14.0,11,2,2022-08-09 09:48:29
1660038512563092000,13.95,2,13.95,20,14.0,11,2,2022-08-09 09:48:32
1660038528719637000,14.0,11,13.95,50,14.05,15,1,2022-08-09 09:48:48
1660038533499762000,14.0,1,14.0,13,14.05,15,2,2022-08-09 09:48:53
1660038540952249000,14.0,1,14.0,14,14.05,15,2,2022-08-09 09:49:00
1660038551753517000,14.0,1,14.0,12,14.05,14,2,2022-08-09 09:49:11
1660038579343742000,14.0,1,14.0,12,14.05,14,2,2022-08-09 09:49:39
1660038599796585000,14.05,1,14.0,16,14.05,13,1,2022-08-09 09:49:59
1660038600528673000,14.0,10,14.0,6,14.05,13,2,2022-08-09 09:50:00
1660038600952261000,14.05,13,14.0,6,14.1,15,1,2022-08-09 09:50:00
1660038610550251000,14.05,1,14.05,6,14.1,14,2,2022-08-09 09:50:10
1660038613046770000,14.05,6,13.95,48,14.1,14,2,2022-08-09 09:50:13
1660038625445262000,14.1,10,14.0,33,14.1,3,1,2022-08-09 09:50:25
1660038639042004000,14.1,1,14.0,35,14.1,7,1,2022-08-09 09:50:39
1660038701795191000,14.05,3,14.05,8,14.1,17,2,2022-08-09 09:51:41
1660038710987907000,14.1,17,14.1,3,14.15,29,1,2022-08-09 09:51:50
1660038724713954000,14.1,2,14.1,4,14.15,29,2,2022-08-09 09:52:04
1660038730023122000,14.15,1,14.1,4,14.15,28,1,2022-08-09 09:52:10
1660038757866342000,14.15,1,14.1,1,14.15,30,1,2022-08-09 09:52:37
1660038775583242000,14.15,10,14.1,11,14.15,21,1,2022-08-09 09:52:55
1660038779721003000,14.15,1,14.1,11,14.15,20,1,2022-08-09 09:52:59
1660038780669467000,14.15,1,14.1,10,14.15,19,1,2022-08-09 09:53:00
1660038807937116000,14.15,20,14.1,13,14.15,12,1,2022-08-09 09:53:27
1660038845888485000,14.15,10,14.1,28,14.15,5,1,2022-08-09 09:54:05
1660038847255850000,14.15,1,14.1,28,14.15,4,1,2022-08-09 09:54:07
1660038848849158000,14.15,1,14.1,28,14.15,3,1,2022-08-09 09:54:08
1660038852399303000,14.15,1,14.1,26,14.15,2,1,2022-08-09 09:54:12
1660038860641481000,14.15,8,14.15,2,14.2,176,1,2022-08-09 09:54:20
1660038860663541000,14.15,2,14.1,26,14.2,176,2,2022-08-09 09:54:20
1660038860725813000,14.2,1,14.1,26,14.2,175,1,2022-08-09 09:54:20
1660038862638792000,14.2,4,14.1,26,14.2,171,1,2022-08-09 09:54:22
1660038880629393000,14.2,2,14.1,26,14.2,177,1,2022-08-09 09:54:40
1660038915383132000,14.2,20,14.15,12,14.2,161,1,2022-08-09 09:55:15
1660038915420879000,14.2,4,14.15,12,14.2,157,1,2022-08-09 09:55:15
1660038917328731000,14.15,1,14.15,15,14.2,157,2,2022-08-09 09:55:17
1660038919104556000,14.15,1,14.15,14,14.2,157,2,2022-08-09 09:55:19
1660038922586010000,14.15,8,14.15,2,14.2,157,2,2022-08-09 09:55:22
1660038926519945000,14.15,2,14.15,4,14.2,156,2,2022-08-09 09:55:26
1660038946084726000,14.1,1,14.1,26,14.15,2,2,2022-08-09 09:55:46
1660038971005331000,14.1,2,14.1,21,14.15,5,2,2022-08-09 09:56:11
1660038983667991000,14.1,4,14.1,17,14.15,8,2,2022-08-09 09:56:23
1660038997803214000,14.1,1,14.1,37,14.15,16,2,2022-08-09 09:56:37
1660038997949371000,14.1,1,14.1,36,14.15,15,2,2022-08-09 09:56:37
1660039041084191000,14.15,1,14.1,36,14.15,14,1,2022-08-09 09:57:21
1660039041109859000,14.15,14,14.1,36,14.2,156,1,2022-08-09 09:57:21
1660039090618172000,14.1,1,14.1,47,14.15,13,2,2022-08-09 09:58:10
1660039093193492000,14.1,1,14.1,46,14.15,14,2,2022-08-09 09:58:13
1660039095161646000,14.15,1,14.1,46,14.15,13,1,2022-08-09 09:58:15
1660039106045354000,14.15,1,14.1,46,14.15,12,1,2022-08-09 09:58:26
1660039107708024000,14.1,1,14.1,45,14.15,12,2,2022-08-09 09:58:27
1660039110358050000,14.15,2,14.1,47,14.15,10,1,2022-08-09 09:58:30
1660039111662758000,14.15,1,14.1,47,14.15,9,1,2022-08-09 09:58:31
1660039123369613000,14.15,1,14.1,47,14.15,8,1,2022-08-09 09:58:43
1660039123396775000,14.15,8,14.1,47,14.2,157,1,2022-08-09 09:58:43
1660039128545627000,14.15,2,14.1,45,14.2,157,2,2022-08-09 09:58:48
1660039128545627000,14.1,2,14.1,45,14.2,157,2,2022-08-09 09:58:48
1660039131835423000,14.1,3,14.1,42,14.2,157,2,2022-08-09 09:58:51
1660039135991278000,14.15,1,14.1,46,14.2,148,1,2022-08-09 09:58:55
1660039135991278000,14.2,9,14.1,46,14.2,148,1,2022-08-09 09:58:55
1660039151950903000,14.2,1,14.15,5,14.2,147,1,2022-08-09 09:59:11
1660039178247570000,14.15,1,14.15,1,14.2,151,2,2022-08-09 09:59:38
1660039184569055000,14.15,2,14.1,49,14.2,146,2,2022-08-09 09:59:44
1660039207905080000,14.15,1,14.15,2,14.2,145,2,2022-08-09 10:00:07
1660039230173057000,14.2,2,14.15,1,14.2,143,1,2022-08-09 10:00:30
1660039250155716000,14.15,1,14.15,7,14.2,144,2,2022-08-09 10:00:50
1660039257373142000,14.15,1,14.15,6,14.2,143,2,2022-08-09 10:00:57
1660039259636927000,14.15,5,14.15,1,14.2,143,2,2022-08-09 10:00:59
1660039261358805000,14.2,1,14.15,1,14.2,142,1,2022-08-09 10:01:01
1660039262061101000,14.15,1,14.1,53,14.2,142,2,2022-08-09 10:01:02
1660039289599948000,14.15,1,14.1,48,14.15,2,2,2022-08-09 10:01:29
1660039290350733000,14.1,1,14.1,47,14.15,2,2,2022-08-09 10:01:30
1660039300652086000,14.15,1,14.1,47,14.15,5,1,2022-08-09 10:01:40
1660039305527465000,14.15,1,14.1,47,14.15,4,1,2022-08-09 10:01:45
1660039329529825000,14.1,2,14.1,45,14.15,6,2,2022-08-09 10:02:09
1660039343040155000,14.1,1,14.1,44,14.15,6,2,2022-08-09 10:02:23
1660039365577976000,14.15,5,14.1,47,14.15,1,1,2022-08-09 10:02:45
1660039373108171000,14.15,1,14.1,47,14.2,143,1,2022-08-09 10:02:53
1660039412257614000,14.15,1,14.1,53,14.15,35,1,2022-08-09 10:03:32
1660039453029987000,14.15,10,14.1,57,14.15,25,1,2022-08-09 10:04:13
1660039466312060000,14.15,13,14.1,57,14.15,12,1,2022-08-09 10:04:26
1660039466345187000,14.15,12,14.1,57,14.2,111,1,2022-08-09 10:04:26
1660039551033098000,14.15,2,14.15,4,14.2,114,2,2022-08-09 10:05:51
1660039555202636000,14.15,1,14.15,3,14.2,114,2,2022-08-09 10:05:55
1660039568819171000,14.15,3,14.1,64,14.2,114,2,2022-08-09 10:06:08
1660039594966091000,14.15,1,14.15,2,14.2,114,2,2022-08-09 10:06:34
1660039596627139000,14.15,2,14.1,60,14.2,114,2,2022-08-09 10:06:36
1660039644470161000,14.15,5,14.1,78,14.15,7,1,2022-08-09 10:07:24
1660039644558870000,14.15,1,14.1,78,14.15,6,1,2022-08-09 10:07:24
1660039644616925000,14.15,1,14.1,78,14.15,5,1,2022-08-09 10:07:24
1660039656291945000,14.15,6,14.15,14,14.2,115,1,2022-08-09 10:07:36
1660039666436579000,14.15,2,14.15,14,14.2,125,2,2022-08-09 10:07:46
1660039681471760000,14.15,2,14.15,13,14.2,125,2,2022-08-09 10:08:01
1660039710652943000,14.2,1,14.15,13,14.2,128,1,2022-08-09 10:08:30
1660039727696886000,14.2,1,14.15,13,14.2,127,1,2022-08-09 10:08:47
1660039728214335000,14.15,5,14.15,8,14.2,127,2,2022-08-09 10:08:48
1660039756222404000,14.15,1,14.15,7,14.2,125,2,2022-08-09 10:09:16
1660039767770687000,14.2,1,14.15,8,14.2,126,1,2022-08-09 10:09:27
1660039773444639000,14.2,1,14.15,10,14.2,125,1,2022-08-09 10:09:33
1660039774228046000,14.2,1,14.15,10,14.2,124,1,2022-08-09 10:09:34
1660039812208659000,14.15,1,14.15,12,14.2,126,2,2022-08-09 10:10:12
1660039814602738000,14.2,2,14.15,12,14.2,124,1,2022-08-09 10:10:14
1660039826924437000,14.15,12,14.1,32,14.2,124,2,2022-08-09 10:10:26
1660039826924437000,14.1,38,14.1,32,14.2,124,2,2022-08-09 10:10:26
1660039827942368000,14.15,4,14.1,32,14.15,2,2,2022-08-09 10:10:27
1660039828603908000,14.15,1,14.1,35,14.15,1,1,2022-08-09 10:10:28
1660039853330931000,14.15,1,14.1,36,14.2,120,1,2022-08-09 10:10:53
1660039853330931000,14.2,4,14.1,36,14.2,120,1,2022-08-09 10:10:53
1660039871469621000,14.15,3,14.15,20,14.2,120,2,2022-08-09 10:11:11
1660039874928684000,14.15,1,14.15,19,14.2,120,2,2022-08-09 10:11:14
1660039892527794000,14.15,6,14.15,18,14.2,120,2,2022-08-09 10:11:32
1660039917070703000,14.15,1,14.15,17,14.2,120,2,2022-08-09 10:11:57
1660039931348208000,14.15,9,14.15,8,14.2,120,2,2022-08-09 10:12:11
1660039959479366000,14.15,1,14.15,22,14.2,120,2,2022-08-09 10:12:39
1660039990859081000,14.15,3,14.15,20,14.2,120,2,2022-08-09 10:13:10
1660039997515134000,14.15,5,14.15,15,14.2,120,2,2022-08-09 10:13:17
1660040002322332000,14.15,1,14.15,14,14.2,120,2,2022-08-09 10:13:22
1660040020128113000,14.15,5,14.15,10,14.2,121,2,2022-08-09 10:13:40
1660040041259108000,14.15,1,14.15,8,14.2,121,2,2022-08-09 10:14:01
1660040104047748000,14.15,1,14.15,7,14.2,121,2,2022-08-09 10:15:04
1660040118695988000,14.15,6,14.15,1,14.2,121,2,2022-08-09 10:15:18
1660040154413217000,14.15,1,14.1,39,14.2,121,2,2022-08-09 10:15:54
1660040208719106000,14.15,1,14.1,46,14.2,122,1,2022-08-09 10:16:48
1660040222262709000,14.1,1,14.1,45,14.2,122,2,2022-08-09 10:17:02
1660040250897082000,14.1,10,14.1,38,14.15,7,2,2022-08-09 10:17:30
1660040258807599000,14.1,5,14.1,28,14.15,7,2,2022-08-09 10:17:38
1660040275590920000,14.1,1,14.1,27,14.15,7,2,2022-08-09 10:17:55
1660040281963409000,14.1,27,14.05,2,14.15,7,2,2022-08-09 10:18:01
1660040281963409000,14.05,63,14.05,2,14.15,7,2,2022-08-09 10:18:01
1660040282484234000,14.05,1,14.05,13,14.15,11,2,2022-08-09 10:18:02
1660040380563069000,14.05,6,14.05,10,14.1,6,2,2022-08-09 10:19:40
1660040406227018000,14.05,10,14.0,119,14.1,7,2,2022-08-09 10:20:06
1660040408249628000,14.05,1,14.0,129,14.1,11,1,2022-08-09 10:20:08
1660040444733931000,14.05,1,14.05,4,14.1,7,2,2022-08-09 10:20:44
1660040461533175000,14.1,1,14.05,4,14.1,6,1,2022-08-09 10:21:01
1660040464288973000,14.05,3,14.05,1,14.1,6,2,2022-08-09 10:21:04
1660040469384537000,14.05,1,14.0,121,14.05,1,2,2022-08-09 10:21:09
1660040469466523000,14.05,1,14.0,121,14.1,6,1,2022-08-09 10:21:09
1660040545547229000,14.05,2,14.0,100,14.1,13,2,2022-08-09 10:22:25
1660040545547229000,14.0,4,14.0,100,14.1,13,2,2022-08-09 10:22:25
1660040556368511000,14.0,1,14.0,99,14.1,13,2,2022-08-09 10:22:36
1660040559660669000,14.0,5,14.0,94,14.1,13,2,2022-08-09 10:22:39
1660040594929830000,14.05,1,14.0,106,14.1,13,2,2022-08-09 10:23:14
1660040623043188000,14.05,1,14.05,9,14.1,13,1,2022-08-09 10:23:43
1660040636517807000,14.05,5,14.05,4,14.1,13,2,2022-08-09 10:23:56
1660040642996446000,14.05,4,14.0,116,14.1,15,2,2022-08-09 10:24:02
1660040642996446000,14.0,1,14.0,116,14.1,15,2,2022-08-09 10:24:02
1660040655371361000,14.0,10,14.0,109,14.1,15,2,2022-08-09 10:24:15
1660040676529007000,14.0,2,14.0,107,14.05,1,2,2022-08-09 10:24:36
1660040678841212000,14.0,50,14.0,57,14.05,1,2,2022-08-09 10:24:38
1660040680549740000,14.0,1,14.0,56,14.05,3,2,2022-08-09 10:24:40
1660040690819471000,14.0,2,14.0,54,14.05,5,2,2022-08-09 10:24:50
1660040719296102000,14.0,1,14.0,42,14.05,5,2,2022-08-09 10:25:19
1660040726899979000,14.0,5,14.0,37,14.05,5,2,2022-08-09 10:25:26
1660040762180327000,14.05,2,14.0,38,14.05,7,1,2022-08-09 10:26:02
1660040769626525000,14.0,20,14.0,20,14.05,12,2,2022-08-09 10:26:09
1660040784960713000,14.05,1,14.0,25,14.05,6,1,2022-08-09 10:26:24
1660040802682659000,14.05,7,14.0,23,14.1,21,1,2022-08-09 10:26:42
1660040883057196000,14.0,18,14.0,6,14.05,6,2,2022-08-09 10:28:03
1660040883094094000,14.0,6,13.95,62,14.05,6,2,2022-08-09 10:28:03
1660040883968418000,14.05,1,14.0,3,14.05,5,1,2022-08-09 10:28:03
1660040892242916000,14.0,1,14.0,5,14.05,5,2,2022-08-09 10:28:12
1660040930240327000,14.05,1,14.0,6,14.05,4,1,2022-08-09 10:28:50
1660040948324107000,14.05,1,14.0,17,14.05,1,1,2022-08-09 10:29:08
1660040974271070000,14.0,10,14.0,8,14.05,1,2,2022-08-09 10:29:34
1660040974292944000,14.0,8,13.95,63,14.05,1,2,2022-08-09 10:29:34
1660040975226055000,14.0,2,13.95,63,14.0,3,2,2022-08-09 10:29:35
1660040986566387000,13.95,1,13.95,62,14.0,3,2,2022-08-09 10:29:46
1660040997106725000,13.95,1,13.95,71,14.0,27,2,2022-08-09 10:29:57
1660041024032433000,14.0,1,13.95,70,14.0,27,1,2022-08-09 10:30:24
1660041043402680000,14.0,1,13.95,80,14.0,27,1,2022-08-09 10:30:43
1660041051009176000,13.95,21,13.95,60,14.0,27,2,2022-08-09 10:30:51
1660041053816336000,14.0,1,13.95,60,14.0,26,1,2022-08-09 10:30:53
1660041066592064000,13.95,5,13.95,65,14.0,27,2,2022-08-09 10:31:06
1660041068670301000,14.0,1,13.95,65,14.0,26,1,2022-08-09 10:31:08
1660041073342727000,13.95,1,13.95,64,14.0,25,2,2022-08-09 10:31:13
1660041085084446000,14.0,5,13.95,65,14.0,20,1,2022-08-09 10:31:25
1660041119315726000,14.0,5,13.95,71,14.0,17,1,2022-08-09 10:31:59
1660041125391215000,13.95,2,13.95,69,14.0,17,2,2022-08-09 10:32:05
1660041138383470000,14.0,2,13.95,79,14.0,15,1,2022-08-09 10:32:18
1660041170730645000,13.95,1,13.95,78,14.0,15,2,2022-08-09 10:32:50
1660041210111213000,13.95,1,13.95,79,14.0,45,2,2022-08-09 10:33:30
1660041210395936000,13.95,10,13.95,69,14.0,45,2,2022-08-09 10:33:30
1660041221660953000,14.0,4,13.95,70,14.0,45,1,2022-08-09 10:33:41
1660041266212461000,13.95,1,13.95,69,14.0,47,2,2022-08-09 10:34:26
1660041266247345000,13.95,4,13.95,65,14.0,47,2,2022-08-09 10:34:26
1660041274271745000,14.0,1,13.95,65,14.0,46,1,2022-08-09 10:34:34
1660041293827548000,14.0,1,13.95,67,14.0,47,1,2022-08-09 10:34:53
1660041303771640000,14.0,10,13.95,68,14.0,36,1,2022-08-09 10:35:03
1660041303964491000,14.0,2,13.95,71,14.0,31,1,2022-08-09 10:35:03
1660041309680069000,14.0,10,13.95,71,14.0,21,1,2022-08-09 10:35:09
1660041314159876000,14.0,1,13.95,74,14.0,20,1,2022-08-09 10:35:14
1660041315102078000,14.0,10,13.95,74,14.0,10,1,2022-08-09 10:35:15
1660041315189360000,14.0,5,13.95,74,14.0,5,1,2022-08-09 10:35:15
1660041317969399000,14.0,1,13.95,74,14.0,4,1,2022-08-09 10:35:17
1660041318045987000,14.0,1,13.95,74,14.0,3,1,2022-08-09 10:35:18
1660041318262983000,14.0,1,13.95,74,14.0,2,1,2022-08-09 10:35:18
1660041320038082000,14.0,2,13.95,74,14.1,28,1,2022-08-09 10:35:20
1660041353807810000,14.0,1,14.0,2,14.05,3,2,2022-08-09 10:35:53
1660041353840215000,14.0,2,13.95,79,14.05,3,2,2022-08-09 10:35:53
1660041361549997000,14.05,1,13.95,79,14.05,2,1,2022-08-09 10:36:01
1660041392777590000,14.0,1,13.95,80,14.05,3,1,2022-08-09 10:36:32
1660041392777590000,14.05,2,13.95,80,14.05,3,1,2022-08-09 10:36:32
1660041503049288000,14.05,1,14.0,11,14.05,7,1,2022-08-09 10:38:23
1660041523564186000,14.05,1,14.0,11,14.05,11,1,2022-08-09 10:38:43
1660041531764899000,14.05,1,14.0,11,14.05,10,1,2022-08-09 10:38:51
1660041533776992000,14.05,10,14.0,11,14.1,35,1,2022-08-09 10:38:53
1660041588535953000,14.05,1,14.0,12,14.05,7,2,2022-08-09 10:39:48
1660041626980732000,14.05,5,14.0,14,14.05,5,1,2022-08-09 10:40:26
1660041728391807000,14.0,2,14.0,21,14.05,2,2,2022-08-09 10:42:08
1660041736930097000,14.05,3,14.05,2,14.1,36,1,2022-08-09 10:42:16
1660041745878142000,14.05,2,14.05,3,14.1,33,2,2022-08-09 10:42:25
1660041804331392000,14.05,4,14.0,12,14.1,33,2,2022-08-09 10:43:24
1660041804331392000,14.0,16,14.0,12,14.1,33,2,2022-08-09 10:43:24
1660041815245077000,14.1,3,14.0,13,14.1,46,1,2022-08-09 10:43:35
1660041896931380000,14.05,5,14.0,18,14.1,30,1,2022-08-09 10:44:56
1660041904676394000,14.1,20,14.0,22,14.1,10,1,2022-08-09 10:45:04
1660041910486562000,14.1,1,14.0,22,14.1,9,1,2022-08-09 10:45:10
1660041916028958000,14.0,1,14.0,22,14.1,9,2,2022-08-09 10:45:16
1660041917356513000,14.1,3,14.0,22,14.1,6,1,2022-08-09 10:45:17
1660041943666694000,14.1,1,14.0,17,14.1,40,1,2022-08-09 10:45:43
1660041952915787000,14.05,1,14.0,21,14.05,4,2,2022-08-09 10:45:52
1660041956312856000,14.05,2,14.0,31,14.05,2,1,2022-08-09 10:45:56
1660041956396142000,14.05,1,14.0,31,14.05,1,1,2022-08-09 10:45:56
1660042075083806000,14.05,2,14.0,40,14.1,15,1,2022-08-09 10:47:55
1660042108258727000,14.05,2,14.05,8,14.1,15,2,2022-08-09 10:48:28
1660042125006545000,14.05,1,14.05,7,14.1,15,2,2022-08-09 10:48:45
1660042178656068000,14.05,1,14.05,8,14.1,15,2,2022-08-09 10:49:38
1660042185444720000,14.05,1,14.05,13,14.1,15,2,2022-08-09 10:49:45
1660042209126579000,14.05,1,14.05,13,14.1,15,2,2022-08-09 10:50:09
1660042220301440000,14.05,5,14.05,8,14.1,15,2,2022-08-09 10:50:20
1660042220332238000,14.05,8,14.0,44,14.1,15,2,2022-08-09 10:50:20
1660042297678401000,14.05,1,14.0,43,14.05,9,1,2022-08-09 10:51:37
1660042329278468000,14.0,1,14.0,42,14.05,20,2,2022-08-09 10:52:09
1660042338316884000,14.0,1,14.0,41,14.05,20,2,2022-08-09 10:52:18
1660042341988849000,14.0,1,14.0,40,14.05,20,2,2022-08-09 10:52:21
1660042342109939000,14.05,2,14.0,40,14.05,18,1,2022-08-09 10:52:22
1660042351849087000,14.0,10,14.0,31,14.05,8,2,2022-08-09 10:52:31
1660042364280177000,14.0,33,13.95,79,14.05,8,2,2022-08-09 10:52:44
1660042364280177000,13.95,12,13.95,79,14.05,8,2,2022-08-09 10:52:44
1660042365415659000,13.95,10,13.95,76,14.05,12,2,2022-08-09 10:52:45
1660042391474834000,14.0,1,14.0,4,14.05,11,2,2022-08-09 10:53:11
1660042403441994000,14.0,4,13.95,74,14.0,1,2,2022-08-09 10:53:23
1660042411125639000,14.0,1,13.95,74,14.05,11,1,2022-08-09 10:53:31
1660042450089730000,13.95,1,13.95,73,14.0,5,2,2022-08-09 10:54:10
1660042481753275000,14.0,2,13.95,67,14.0,3,1,2022-08-09 10:54:41
1660042516222463000,14.0,1,13.95,67,14.0,2,1,2022-08-09 10:55:16
1660042534140847000,13.95,67,13.9,102,14.0,2,2,2022-08-09 10:55:34
1660042541789228000,14.0,6,13.95,3,14.05,13,1,2022-08-09 10:55:41
1660042543246392000,13.95,6,13.9,97,14.05,13,2,2022-08-09 10:55:43
1660042543246392000,13.9,9,13.9,97,14.05,13,2,2022-08-09 10:55:43
1660042543432521000,13.95,2,13.9,84,14.05,13,2,2022-08-09 10:55:43
1660042543432521000,13.9,13,13.9,84,14.05,13,2,2022-08-09 10:55:43
1660042543906878000,13.95,2,13.9,71,14.05,13,2,2022-08-09 10:55:43
1660042543906878000,13.9,13,13.9,71,14.05,13,2,2022-08-09 10:55:43
1660042544039061000,13.95,1,13.95,1,14.05,13,2,2022-08-09 10:55:44
1660042544039061000,13.9,14,13.95,1,14.05,13,2,2022-08-09 10:55:44
1660042552236383000,13.95,1,13.95,1,14.05,14,2,2022-08-09 10:55:52
1660042553763340000,14.0,10,13.95,1,14.05,14,2,2022-08-09 10:55:53
1660042575306754000,14.0,1,13.95,9,14.05,15,2,2022-08-09 10:56:15
1660042613173379000,13.95,8,13.95,1,14.0,1,2,2022-08-09 10:56:53
1660042613194145000,13.95,1,13.9,65,14.0,1,2,2022-08-09 10:56:53
1660042619970977000,13.95,1,13.9,65,14.0,1,2,2022-08-09 10:56:59
1660042637805148000,13.95,1,13.95,25,14.0,1,2,2022-08-09 10:57:17
1660042675561066000,14.0,7,14.0,3,14.05,13,1,2022-08-09 10:57:55
1660042684970398000,14.0,3,13.95,23,14.05,13,2,2022-08-09 10:58:04
1660042684970398000,13.95,2,13.95,23,14.05,13,2,2022-08-09 10:58:04
1660042733145779000,13.95,1,13.95,23,14.0,2,2,2022-08-09 10:58:53
1660042774064008000,13.95,4,13.95,20,14.0,32,2,2022-08-09 10:59:34
1660042782179096000,13.95,2,13.95,18,14.0,30,2,2022-08-09 10:59:42
1660042801186397000,13.95,2,13.95,17,14.0,35,2,2022-08-09 11:00:01
1660042859321014000,13.95,1,13.95,22,14.0,37,2,2022-08-09 11:00:59
1660042907947151000,13.95,1,13.95,21,14.0,38,2,2022-08-09 11:01:47
1660042912870934000,13.95,10,13.95,11,14.0,38,2,2022-08-09 11:01:52
1660042916708183000,13.95,1,13.95,10,14.0,38,2,2022-08-09 11:01:56
1660042923318705000,13.95,5,13.95,5,14.0,38,2,2022-08-09 11:02:03
1660042925209787000,13.95,5,13.9,79,13.95,5,2,2022-08-09 11:02:05
1660043001838918000,13.9,40,13.9,42,13.95,44,2,2022-08-09 11:03:21
1660043003065221000,13.9,3,13.9,39,13.95,45,2,2022-08-09 11:03:23
1660043009280652000,13.95,1,13.9,39,13.95,45,1,2022-08-09 11:03:29
1660043009794159000,13.9,39,13.85,67,13.9,1,2,2022-08-09 11:03:29
1660043014944741000,13.85,10,13.85,69,13.9,4,2,2022-08-09 11:03:34
1660043015196486000,13.85,1,13.85,68,13.9,7,2,2022-08-09 11:03:35
1660043026659413000,13.85,1,13.85,68,13.9,11,2,2022-08-09 11:03:46
1660043028203886000,13.85,6,13.85,62,13.9,11,2,2022-08-09 11:03:48
1660043036374963000,13.85,1,13.85,61,13.9,11,2,2022-08-09 11:03:56
1660043040393083000,13.85,5,13.85,56,13.9,13,2,2022-08-09 11:04:00
1660043041035960000,13.85,1,13.85,55,13.9,13,2,2022-08-09 11:04:01
1660043042182693000,13.85,10,13.85,45,13.9,13,2,2022-08-09 11:04:02
1660043044548318000,13.85,22,13.85,24,13.9,14,2,2022-08-09 11:04:04
1660043044669903000,13.85,2,13.85,22,13.9,14,2,2022-08-09 11:04:04
1660043044701443000,13.85,19,13.85,3,13.9,14,2,2022-08-09 11:04:04
1660043044727977000,13.85,3,13.8,194,13.9,14,2,2022-08-09 11:04:04
1660043046277239000,13.85,2,13.85,5,13.9,14,2,2022-08-09 11:04:06
1660043046638071000,13.85,1,13.85,4,13.9,14,2,2022-08-09 11:04:06
1660043048119764000,13.85,4,13.8,183,13.9,14,2,2022-08-09 11:04:08
1660043048119764000,13.8,11,13.8,183,13.9,14,2,2022-08-09 11:04:08
1660043048247671000,13.85,1,13.85,1,13.9,14,2,2022-08-09 11:04:08
1660043048323120000,13.85,1,13.8,175,13.9,14,2,2022-08-09 11:04:08
1660043048323120000,13.8,14,13.8,175,13.9,14,2,2022-08-09 11:04:08
1660043048503134000,13.8,2,13.8,176,13.9,14,2,2022-08-09 11:04:08
1660043050275384000,13.85,1,13.8,174,13.85,2,1,2022-08-09 11:04:10
1660043052080490000,13.85,1,13.8,173,13.85,1,1,2022-08-09 11:04:12
1660043079484199000,13.85,4,13.8,166,13.9,11,2,2022-08-09 11:04:39
1660043079484199000,13.8,6,13.8,166,13.9,11,2,2022-08-09 11:04:39
1660043088095846000,13.85,2,13.8,167,13.85,14,1,2022-08-09 11:04:48
1660043088149494000,13.85,9,13.8,167,13.85,15,1,2022-08-09 11:04:48
1660043088232065000,13.85,1,13.8,167,13.85,5,1,2022-08-09 11:04:48
1660043088370056000,13.85,1,13.8,167,13.85,4,1,2022-08-09 11:04:48
1660043088675416000,13.8,10,13.8,157,13.85,4,2,2022-08-09 11:04:48
1660043088949111000,13.8,1,13.8,156,13.85,4,2,2022-08-09 11:04:48
1660043091101231000,13.85,1,13.8,156,13.85,3,1,2022-08-09 11:04:51
1660043094419168000,13.85,2,13.8,156,13.85,5,1,2022-08-09 11:04:54
1660043094571928000,13.85,1,13.8,156,13.85,4,1,2022-08-09 11:04:54
1660043094673395000,13.85,1,13.8,157,13.85,3,1,2022-08-09 11:04:54
1660043094739428000,13.85,1,13.8,157,13.85,2,1,2022-08-09 11:04:54
1660043094739690000,13.85,2,13.85,3,13.9,12,1,2022-08-09 11:04:54
1660043094884758000,13.9,6,13.85,3,13.9,12,1,2022-08-09 11:04:54
1660043097662643000,13.85,9,13.8,116,13.9,6,2,2022-08-09 11:04:57
1660043097662643000,13.8,41,13.8,116,13.9,6,2,2022-08-09 11:04:57
1660043098695667000,13.8,2,13.8,114,13.9,8,2,2022-08-09 11:04:58
1660043100857939000,13.8,2,13.8,113,13.9,8,2,2022-08-09 11:05:00
1660043122467223000,13.85,1,13.85,3,13.9,5,2,2022-08-09 11:05:22
1660043158005220000,13.85,2,13.85,3,13.9,7,2,2022-08-09 11:05:58
1660043169431566000,13.85,7,13.8,121,13.85,16,2,2022-08-09 11:06:09
1660043180438318000,13.85,2,13.8,121,13.85,14,1,2022-08-09 11:06:20
1660043184458421000,13.85,1,13.8,121,13.85,13,1,2022-08-09 11:06:24
1660043190830948000,13.8,3,13.8,118,13.85,13,2,2022-08-09 11:06:30
1660043210218155000,13.85,2,13.8,119,13.85,11,1,2022-08-09 11:06:50
1660043212388010000,13.8,50,13.8,69,13.85,11,2,2022-08-09 11:06:52
1660043215977855000,13.8,4,13.8,65,13.85,11,2,2022-08-09 11:06:55
1660043216984801000,13.8,2,13.8,62,13.85,11,2,2022-08-09 11:06:56
1660043221812112000,13.8,5,13.8,59,13.85,11,2,2022-08-09 11:07:01
1660043222020496000,13.85,1,13.8,59,13.85,10,1,2022-08-09 11:07:02
1660043222621950000,13.8,2,13.8,57,13.85,10,2,2022-08-09 11:07:02
1660043224602244000,13.8,30,13.8,27,13.85,10,2,2022-08-09 11:07:04
1660043224611638000,13.8,4,13.8,23,13.85,10,2,2022-08-09 11:07:04
1660043224873899000,13.8,2,13.8,21,13.85,10,2,2022-08-09 11:07:04
1660043224895542000,13.8,21,13.75,18,13.85,10,2,2022-08-09 11:07:04
1660043231237484000,13.85,2,13.75,35,13.85,8,1,2022-08-09 11:07:11
1660043254503889000,13.8,3,13.8,17,13.85,8,2,2022-08-09 11:07:34
1660043256658552000,13.8,2,13.8,15,13.85,8,2,2022-08-09 11:07:36
1660043258014606000,13.85,1,13.8,19,13.85,7,1,2022-08-09 11:07:38
1660043258317906000,13.8,2,13.8,17,13.85,7,2,2022-08-09 11:07:38
1660043266516119000,13.8,10,13.8,9,13.85,7,2,2022-08-09 11:07:46
1660043296023036000,13.8,1,13.8,20,13.85,7,2,2022-08-09 11:08:16
1660043339778125000,13.85,1,13.8,20,13.85,6,1,2022-08-09 11:08:59
1660043386434378000,13.85,1,13.8,29,13.85,15,1,2022-08-09 11:09:46
1660043391353527000,13.85,1,13.8,29,13.85,14,1,2022-08-09 11:09:51
1660043412444920000,13.85,1,13.8,32,13.85,13,1,2022-08-09 11:10:12
1660043423218870000,13.85,5,13.8,32,13.85,8,1,2022-08-09 11:10:23
1660043423245524000,13.85,1,13.8,32,13.85,7,1,2022-08-09 11:10:23
1660043423322605000,13.85,3,13.8,32,13.85,4,1,2022-08-09 11:10:23
1660043423345580000,13.85,4,13.8,32,13.9,9,1,2022-08-09 11:10:23
1660043430022763000,13.85,1,13.8,32,13.85,1,1,2022-08-09 11:10:30
1660043432888898000,13.85,1,13.8,32,13.9,9,1,2022-08-09 11:10:32
1660043442970752000,13.85,1,13.85,3,13.9,9,2,2022-08-09 11:10:42
1660043449004150000,13.85,3,13.8,32,13.85,3,2,2022-08-09 11:10:49
1660043473894729000,13.85,4,13.85,1,13.9,9,1,2022-08-09 11:11:13
1660043487237205000,13.85,1,13.85,1,13.9,9,2,2022-08-09 11:11:27
1660043488041198000,13.85,1,13.8,27,13.85,1,2,2022-08-09 11:11:28
1660043494305945000,13.8,20,13.8,7,13.85,1,2,2022-08-09 11:11:34
1660043504481335000,13.85,1,13.8,10,13.9,9,1,2022-08-09 11:11:44
1660043556970558000,13.9,1,13.85,1,13.9,8,1,2022-08-09 11:12:36
1660043636489873000,13.9,1,13.85,7,13.9,7,1,2022-08-09 11:13:56
1660043677939436000,13.85,2,13.85,16,13.9,7,2,2022-08-09 11:14:37
1660043695513783000,13.85,5,13.85,11,13.9,9,2,2022-08-09 11:14:55
1660043709151564000,13.85,10,13.85,1,13.9,9,2,2022-08-09 11:15:09
1660043709181062000,13.85,1,13.8,31,13.9,9,2,2022-08-09 11:15:09
1660043729154843000,13.85,2,13.8,31,13.85,3,1,2022-08-09 11:15:29
1660043736368124000,13.85,1,13.8,36,13.85,2,1,2022-08-09 11:15:36
1660043736386294000,13.85,1,13.8,36,13.85,1,1,2022-08-09 11:15:36
1660043749470328000,13.8,15,13.8,21,13.85,1,2,2022-08-09 11:15:49
1660043778767356000,13.85,1,13.8,30,13.9,9,1,2022-08-09 11:16:18
1660043829980426000,13.8,10,13.8,59,13.9,9,2,2022-08-09 11:17:09
1660043830701833000,13.9,9,13.8,59,13.95,20,1,2022-08-09 11:17:10
1660043830701833000,13.95,1,13.8,59,13.95,20,1,2022-08-09 11:17:10
1660043855162466000,13.95,1,13.9,4,13.95,19,1,2022-08-09 11:17:35
1660043905215970000,13.9,1,13.9,11,13.95,20,2,2022-08-09 11:18:25
1660043953666169000,13.9,5,13.9,9,13.95,16,2,2022-08-09 11:19:13
1660043953696408000,13.9,9,13.85,29,13.95,16,2,2022-08-09 11:19:13
1660043967531352000,13.9,1,13.85,26,13.9,3,1,2022-08-09 11:19:27
1660043970825069000,13.9,1,13.85,26,13.9,2,1,2022-08-09 11:19:30
1660043980042184000,13.9,1,13.85,26,13.9,1,1,2022-08-09 11:19:40
1660044003927391000,13.9,1,13.85,26,13.95,17,1,2022-08-09 11:20:03
1660044010658226000,13.9,1,13.9,4,13.95,17,1,2022-08-09 11:20:10
1660044056031250000,13.9,5,13.9,11,13.95,14,2,2022-08-09 11:20:56
1660044076714876000,13.9,5,13.9,6,13.95,14,2,2022-08-09 11:21:16
1660044130713110000,13.9,1,13.9,18,13.95,13,2,2022-08-09 11:22:10
1660044134391085000,13.9,1,13.9,17,13.95,13,2,2022-08-09 11:22:14
1660044207680779000,13.9,10,13.9,11,13.95,13,2,2022-08-09 11:23:27
1660044221823708000,13.95,13,13.95,7,14.0,39,1,2022-08-09 11:23:41
1660044222271374000,13.95,7,13.9,13,14.0,39,2,2022-08-09 11:23:42
1660044227666240000,13.9,1,13.9,13,14.0,39,2,2022-08-09 11:23:47
1660044253803556000,14.0,2,13.9,16,14.0,59,1,2022-08-09 11:24:13
1660044289419263000,13.9,6,13.9,29,14.0,60,2,2022-08-09 11:24:49
1660044376948488000,13.9,19,13.9,16,14.0,60,2,2022-08-09 11:26:16
1660044407363938000,13.9,3,13.9,13,13.95,11,2,2022-08-09 11:26:47
1660044429830807000,13.9,3,13.9,20,13.95,8,2,2022-08-09 11:27:09
1660044460993877000,13.95,3,13.9,20,13.95,5,1,2022-08-09 11:27:40
1660044474105490000,13.95,1,13.9,24,13.95,2,1,2022-08-09 11:27:54
1660044481301403000,13.95,1,13.9,25,13.95,1,1,2022-08-09 11:28:01
1660044485887558000,13.95,1,13.95,1,14.0,38,1,2022-08-09 11:28:05
1660044496279381000,13.95,1,13.9,25,14.0,42,2,2022-08-09 11:28:16
1660044498515241000,13.9,2,13.9,23,14.0,46,2,2022-08-09 11:28:18
1660044500500259000,13.95,5,13.9,24,14.0,42,2,2022-08-09 11:28:20
1660044528432631000,13.95,2,13.9,24,14.0,42,2,2022-08-09 11:28:48
1660044535269231000,13.95,1,13.9,24,14.0,42,2,2022-08-09 11:28:55
1660044566394949000,13.95,5,13.9,25,14.0,46,2,2022-08-09 11:29:26
1660044611513736000,13.95,1,13.9,26,14.0,40,1,2022-08-09 11:30:11
1660044655792790000,14.0,3,13.9,26,14.0,38,1,2022-08-09 11:30:55
1660044656052350000,13.95,1,13.9,26,14.0,38,1,2022-08-09 11:30:56
1660044709101852000,13.9,1,13.9,24,14.0,38,2,2022-08-09 11:31:49
1660044736693385000,13.95,18,13.9,24,14.0,46,2,2022-08-09 11:32:16
1660044765814685000,13.95,1,13.9,26,13.95,5,1,2022-08-09 11:32:45
1660044793529719000,13.95,1,13.9,26,13.95,5,1,2022-08-09 11:33:13
1660044811335317000,13.95,2,13.9,26,13.95,3,1,2022-08-09 11:33:31
1660044885533671000,13.95,1,13.9,27,13.95,14,1,2022-08-09 11:34:45
1660044954101368000,13.95,1,13.9,29,13.95,13,1,2022-08-09 11:35:54
1660044957151915000,13.95,5,13.9,29,13.95,8,1,2022-08-09 11:35:57
1660044980879777000,13.95,1,13.9,30,13.95,5,1,2022-08-09 11:36:20
1660045017116170000,13.95,2,13.9,36,13.95,3,1,2022-08-09 11:36:57
1660045017205298000,13.95,3,13.9,36,14.0,37,1,2022-08-09 11:36:57
1660045161504440000,13.95,1,13.95,34,14.0,39,2,2022-08-09 11:39:21
1660045181751875000,13.95,1,13.95,32,14.0,39,2,2022-08-09 11:39:41
1660045297254985000,14.0,30,13.95,37,14.0,15,1,2022-08-09 11:41:37
1660045315670946000,14.0,9,13.95,37,14.0,6,1,2022-08-09 11:41:55
1660045315756010000,14.0,1,13.95,37,14.0,5,1,2022-08-09 11:41:55
1660045329538459000,14.0,2,13.95,42,14.0,3,1,2022-08-09 11:42:09
1660045364493569000,14.0,1,13.95,42,14.0,2,1,2022-08-09 11:42:44
1660045369826339000,14.0,1,13.95,42,14.0,1,1,2022-08-09 11:42:49
1660045375972873000,14.0,1,13.95,42,14.05,12,1,2022-08-09 11:42:55
1660045379827625000,14.05,1,13.95,42,14.05,11,1,2022-08-09 11:42:59
1660045422037649000,14.05,5,14.0,22,14.05,20,1,2022-08-09 11:43:42
1660045428040261000,14.05,1,14.0,37,14.05,14,1,2022-08-09 11:43:48
1660045457661723000,14.05,5,14.0,33,14.05,19,1,2022-08-09 11:44:17
1660045476567064000,14.05,3,14.0,35,14.05,16,1,2022-08-09 11:44:36
1660045486672896000,14.05,1,14.0,34,14.05,11,1,2022-08-09 11:44:46
1660045492269290000,14.05,10,14.0,33,14.05,1,1,2022-08-09 11:44:52
1660045495349673000,14.05,1,14.0,33,14.1,36,1,2022-08-09 11:44:55
1660045502528248000,14.05,1,14.0,36,14.1,36,1,2022-08-09 11:45:02
1660045505639762000,14.1,4,14.0,36,14.1,32,1,2022-08-09 11:45:05
1660045528941839000,14.1,3,14.05,3,14.1,35,1,2022-08-09 11:45:28
1660045534392728000,14.1,7,14.05,3,14.1,28,1,2022-08-09 11:45:34
1660045540601839000,14.1,1,14.05,3,14.1,27,1,2022-08-09 11:45:40
1660045559258385000,14.1,1,14.05,5,14.1,26,1,2022-08-09 11:45:59
1660045586836363000,14.1,1,14.05,15,14.1,25,1,2022-08-09 11:46:26
1660045604085547000,14.1,1,14.05,15,14.1,22,1,2022-08-09 11:46:44
1660045614213781000,14.05,5,14.0,39,14.1,22,2,2022-08-09 11:46:54
1660045615497301000,14.1,1,14.0,39,14.1,34,1,2022-08-09 11:46:55
1660045620297194000,14.1,1,14.0,39,14.1,32,1,2022-08-09 11:47:00
1660045652586561000,14.1,1,14.05,2,14.1,19,1,2022-08-09 11:47:32
1660045670716453000,14.1,10,14.05,6,14.1,9,1,2022-08-09 11:47:50
1660045681977889000,14.1,1,14.05,5,14.1,8,1,2022-08-09 11:48:01
1660045736270068000,14.1,2,14.05,6,14.1,7,1,2022-08-09 11:48:56
1660045795119412000,14.1,10,14.05,9,14.1,7,1,2022-08-09 11:49:55
1660045846891902000,14.05,1,14.05,9,14.1,7,2,2022-08-09 11:50:46
1660045949947800000,14.05,1,14.05,8,14.1,20,2,2022-08-09 11:52:29
1660045956978072000,14.05,8,14.0,38,14.05,2,2,2022-08-09 11:52:36
1660045957092270000,14.05,2,14.0,38,14.1,10,1,2022-08-09 11:52:37
1660046037953918000,14.05,1,14.05,5,14.1,11,2,2022-08-09 11:53:57
1660046059643870000,14.1,1,14.05,4,14.1,10,1,2022-08-09 11:54:19
1660046095494949000,14.1,10,14.05,4,14.15,69,1,2022-08-09 11:54:55
1660046111619493000,14.1,1,14.05,6,14.15,74,1,2022-08-09 11:55:11
1660046152796425000,14.15,2,14.05,7,14.15,85,1,2022-08-09 11:55:52
1660046207696032000,14.05,1,14.05,6,14.1,1,2,2022-08-09 11:56:47
1660046221702961000,14.1,1,14.05,6,14.15,72,1,2022-08-09 11:57:01
1660046228847109000,14.15,10,14.05,6,14.15,75,1,2022-08-09 11:57:08
1660046237802291000,14.15,2,14.05,7,14.15,76,1,2022-08-09 11:57:17
1660046250610006000,14.15,1,14.05,7,14.15,75,1,2022-08-09 11:57:30
1660046258135140000,14.15,1,14.1,1,14.15,74,1,2022-08-09 11:57:38
1660046262781924000,14.1,1,14.05,8,14.15,73,2,2022-08-09 11:57:42
1660046264858316000,14.15,1,14.05,8,14.15,72,1,2022-08-09 11:57:44
1660046272504010000,14.15,1,14.05,8,14.15,72,1,2022-08-09 11:57:52
1660046381555487000,14.1,1,14.1,9,14.15,71,2,2022-08-09 11:59:41
1660046383026022000,14.1,2,14.1,7,14.15,71,2,2022-08-09 11:59:43
1660046430474855000,14.15,1,14.1,9,14.15,71,1,2022-08-09 12:00:30
1660046461275493000,14.15,7,14.1,5,14.15,64,1,2022-08-09 12:01:01
1660046477840890000,14.15,1,14.1,5,14.15,50,1,2022-08-09 12:01:17
1660046548884904000,14.15,1,14.1,3,14.15,37,1,2022-08-09 12:02:28
1660046571783836000,14.15,1,14.1,3,14.15,44,1,2022-08-09 12:02:51
1660046594407346000,14.15,1,14.1,3,14.15,44,1,2022-08-09 12:03:14
1660046761983199000,14.15,30,14.1,12,14.15,20,1,2022-08-09 12:06:01
1660046762007880000,14.15,20,14.1,12,14.2,79,1,2022-08-09 12:06:02
1660046828839503000,14.2,3,14.15,14,14.2,84,1,2022-08-09 12:07:08
1660046829537247000,14.2,6,14.15,14,14.2,78,1,2022-08-09 12:07:09
1660046830623023000,14.2,20,14.15,14,14.2,58,1,2022-08-09 12:07:10
1660046830654514000,14.2,19,14.15,14,14.2,39,1,2022-08-09 12:07:10
1660046846434871000,14.2,1,14.15,13,14.2,38,1,2022-08-09 12:07:26
1660046847442808000,14.2,1,14.15,13,14.2,37,1,2022-08-09 12:07:27
1660046847468428000,14.2,4,14.15,13,14.2,33,1,2022-08-09 12:07:27
1660046869876869000,14.2,1,14.15,14,14.2,32,1,2022-08-09 12:07:49
1660046870279477000,14.2,1,14.15,14,14.2,31,1,2022-08-09 12:07:50
1660046880520671000,14.2,2,14.15,14,14.2,20,1,2022-08-09 12:08:00
1660046887409357000,14.2,2,14.15,14,14.2,18,1,2022-08-09 12:08:07
1660046890297041000,14.2,1,14.15,14,14.2,17,1,2022-08-09 12:08:10
1660046897730021000,14.2,2,14.15,12,14.2,15,1,2022-08-09 12:08:17
1660046912127398000,14.2,9,14.15,12,14.2,6,1,2022-08-09 12:08:32
1660046912159958000,14.2,6,14.15,12,14.25,27,1,2022-08-09 12:08:32
1660046923063955000,14.2,1,14.15,12,14.25,30,2,2022-08-09 12:08:43
1660046929048580000,14.25,10,14.15,12,14.25,21,1,2022-08-09 12:08:49
1660046942363693000,14.25,10,14.2,1,14.25,11,1,2022-08-09 12:09:02
1660046946898992000,14.25,1,14.2,2,14.25,10,1,2022-08-09 12:09:06
1660046949621175000,14.25,1,14.2,2,14.25,13,1,2022-08-09 12:09:09
1660046950168551000,14.25,7,14.2,2,14.25,6,1,2022-08-09 12:09:10
1660046964702679000,14.2,1,14.2,1,14.25,6,2,2022-08-09 12:09:24
1660046973520166000,14.25,6,14.2,2,14.3,49,1,2022-08-09 12:09:33
1660046973520166000,14.3,2,14.2,2,14.3,49,1,2022-08-09 12:09:33
1660046992130837000,14.25,5,14.2,3,14.3,49,1,2022-08-09 12:09:52
1660046992538944000,14.3,5,14.2,3,14.3,44,1,2022-08-09 12:09:52
1660047000533091000,14.3,3,14.25,3,14.3,46,1,2022-08-09 12:10:00
1660047001776997000,14.3,2,14.25,3,14.3,44,1,2022-08-09 12:10:01
1660047009190673000,14.3,4,14.25,27,14.3,40,1,2022-08-09 12:10:09
1660047010804519000,14.3,1,14.25,27,14.3,39,1,2022-08-09 12:10:10
1660047011381944000,14.3,1,14.25,27,14.3,38,1,2022-08-09 12:10:11
1660047012593279000,14.3,1,14.25,27,14.3,37,1,2022-08-09 12:10:12
1660047018200203000,14.3,1,14.25,27,14.3,36,1,2022-08-09 12:10:18
1660047021340238000,14.3,1,14.25,27,14.3,35,1,2022-08-09 12:10:21
1660047024920696000,14.3,1,14.25,27,14.3,34,1,2022-08-09 12:10:24
1660047027590935000,14.3,1,14.25,27,14.3,33,1,2022-08-09 12:10:27
1660047030923838000,14.3,5,14.25,27,14.3,28,1,2022-08-09 12:10:30
1660047032203499000,14.3,9,14.25,27,14.3,19,1,2022-08-09 12:10:32
1660047034922120000,14.3,1,14.25,27,14.3,18,1,2022-08-09 12:10:34
1660047039160344000,14.3,10,14.25,27,14.3,8,1,2022-08-09 12:10:39
1660047039944179000,14.3,6,14.25,27,14.3,2,1,2022-08-09 12:10:39
1660047039960303000,14.3,2,14.25,27,14.35,52,1,2022-08-09 12:10:39
1660047052525273000,14.35,1,14.3,14,14.35,51,1,2022-08-09 12:10:52
1660047052760519000,14.35,1,14.3,14,14.35,50,1,2022-08-09 12:10:52
1660047062898733000,14.35,1,14.3,13,14.35,49,1,2022-08-09 12:11:02
1660047071344667000,14.35,1,14.3,13,14.35,54,1,2022-08-09 12:11:11
1660047071698228000,14.35,1,14.3,13,14.35,53,1,2022-08-09 12:11:11
1660047076076150000,14.35,5,14.3,16,14.35,48,1,2022-08-09 12:11:16
1660047076106774000,14.35,10,14.3,16,14.35,38,1,2022-08-09 12:11:16
1660047079886598000,14.35,20,14.3,16,14.35,18,1,2022-08-09 12:11:19
1660047079906004000,14.35,7,14.3,16,14.35,11,1,2022-08-09 12:11:19
1660047079909642000,14.35,4,14.3,16,14.35,7,1,2022-08-09 12:11:19
1660047081143548000,14.35,5,14.3,20,14.35,2,1,2022-08-09 12:11:21
1660047081174524000,14.35,2,14.3,20,14.4,128,1,2022-08-09 12:11:21
1660047089287551000,14.4,4,14.35,5,14.4,129,1,2022-08-09 12:11:29
1660047091442722000,14.4,10,14.35,8,14.4,119,1,2022-08-09 12:11:31
1660047103338136000,14.4,2,14.35,16,14.4,117,1,2022-08-09 12:11:43
1660047104949564000,14.4,10,14.35,15,14.4,107,1,2022-08-09 12:11:44
1660047108097064000,14.4,1,14.35,16,14.4,106,1,2022-08-09 12:11:48
1660047112533737000,14.4,10,14.35,17,14.4,96,1,2022-08-09 12:11:52
1660047112572084000,14.4,4,14.35,17,14.4,92,1,2022-08-09 12:11:52
1660047114642829000,14.4,2,14.35,17,14.4,90,1,2022-08-09 12:11:54
1660047114671125000,14.4,4,14.35,17,14.4,86,1,2022-08-09 12:11:54
1660047117081493000,14.4,1,14.35,17,14.4,85,1,2022-08-09 12:11:57
1660047117159036000,14.4,2,14.35,17,14.4,83,1,2022-08-09 12:11:57
1660047120193542000,14.4,1,14.35,17,14.4,82,1,2022-08-09 12:12:00
1660047122341084000,14.4,1,14.35,17,14.4,81,1,2022-08-09 12:12:02
1660047128470262000,14.4,1,14.35,16,14.4,80,1,2022-08-09 12:12:08
1660047136912195000,14.4,2,14.35,16,14.4,78,1,2022-08-09 12:12:16
1660047139168033000,14.4,1,14.35,16,14.4,77,1,2022-08-09 12:12:19
1660047162593154000,14.4,1,14.35,46,14.4,77,1,2022-08-09 12:12:42
1660047170697454000,14.4,1,14.35,47,14.4,76,1,2022-08-09 12:12:50
1660047172888140000,14.4,2,14.35,47,14.4,74,1,2022-08-09 12:12:52
1660047178750341000,14.4,1,14.35,43,14.4,73,1,2022-08-09 12:12:58
1660047183626170000,14.4,10,14.35,43,14.4,63,1,2022-08-09 12:13:03
1660047192935647000,14.4,3,14.35,46,14.4,60,1,2022-08-09 12:13:12
1660047195417319000,14.4,1,14.35,45,14.4,59,1,2022-08-09 12:13:15
1660047195775131000,14.4,2,14.35,45,14.4,57,1,2022-08-09 12:13:15
1660047196020738000,14.4,2,14.35,45,14.4,55,1,2022-08-09 12:13:16
1660047196060928000,14.4,4,14.35,45,14.4,51,1,2022-08-09 12:13:16
1660047196423051000,14.4,1,14.35,45,14.4,50,1,2022-08-09 12:13:16
1660047201873094000,14.4,5,14.35,45,14.4,45,1,2022-08-09 12:13:21
1660047205371184000,14.4,6,14.35,45,14.4,39,1,2022-08-09 12:13:25
1660047206367764000,14.4,2,14.35,45,14.4,37,1,2022-08-09 12:13:26
1660047206400102000,14.4,4,14.35,45,14.4,33,1,2022-08-09 12:13:26
1660047207081144000,14.4,5,14.35,45,14.4,28,1,2022-08-09 12:13:27
1660047207114287000,14.4,4,14.35,45,14.4,24,1,2022-08-09 12:13:27
1660047208034546000,14.4,1,14.35,45,14.4,23,1,2022-08-09 12:13:28
1660047209219692000,14.4,1,14.35,45,14.4,22,1,2022-08-09 12:13:29
1660047209247769000,14.4,4,14.35,45,14.4,18,1,2022-08-09 12:13:29
1660047209724348000,14.4,1,14.35,45,14.4,17,1,2022-08-09 12:13:29
1660047211553247000,14.4,2,14.35,45,14.4,15,1,2022-08-09 12:13:31
1660047211583318000,14.4,4,14.35,45,14.4,11,1,2022-08-09 12:13:31
1660047212474902000,14.4,3,14.35,45,14.4,8,1,2022-08-09 12:13:32
1660047212675177000,14.4,1,14.35,45,14.4,7,1,2022-08-09 12:13:32
1660047214844844000,14.4,5,14.35,45,14.4,2,1,2022-08-09 12:13:34
1660047215366596000,14.4,2,14.4,3,14.45,10,1,2022-08-09 12:13:35
1660047219887411000,14.4,2,14.4,3,14.45,20,2,2022-08-09 12:13:39
1660047221046604000,14.4,1,14.4,2,14.45,20,2,2022-08-09 12:13:41
1660047221154212000,14.4,1,14.4,1,14.45,20,2,2022-08-09 12:13:41
1660047225312333000,14.4,1,14.4,1,14.45,20,2,2022-08-09 12:13:45
1660047229496567000,14.45,3,14.4,1,14.45,17,1,2022-08-09 12:13:49
1660047232897666000,14.45,1,14.4,1,14.45,16,1,2022-08-09 12:13:52
1660047236756793000,14.45,5,14.4,2,14.45,16,1,2022-08-09 12:13:56
1660047237849068000,14.45,2,14.4,2,14.45,9,1,2022-08-09 12:13:57
1660047245526495000,14.45,1,14.4,4,14.45,10,1,2022-08-09 12:14:05
1660047252373847000,14.45,5,14.4,2,14.45,5,1,2022-08-09 12:14:12
1660047253409217000,14.45,5,14.4,4,14.5,168,1,2022-08-09 12:14:13
1660047253409217000,14.5,5,14.4,4,14.5,168,1,2022-08-09 12:14:13
1660047253963971000,14.5,1,14.4,4,14.5,167,1,2022-08-09 12:14:13
1660047267090090000,14.5,1,14.45,4,14.5,126,1,2022-08-09 12:14:27
1660047270637199000,14.5,1,14.45,4,14.5,125,1,2022-08-09 12:14:30
1660047273134479000,14.5,1,14.45,4,14.5,134,1,2022-08-09 12:14:33
1660047274316049000,14.5,5,14.45,4,14.5,129,1,2022-08-09 12:14:34
1660047275826289000,14.5,2,14.45,6,14.5,127,1,2022-08-09 12:14:35
1660047279617053000,14.5,1,14.45,5,14.5,126,1,2022-08-09 12:14:39
1660047282938165000,14.5,1,14.45,5,14.5,125,1,2022-08-09 12:14:42
1660047285745463000,14.5,1,14.45,5,14.5,124,1,2022-08-09 12:14:45
1660047292344583000,14.5,1,14.45,5,14.5,123,1,2022-08-09 12:14:52
1660047293726004000,14.45,1,14.45,4,14.5,123,2,2022-08-09 12:14:53
1660047296858183000,14.5,3,14.45,4,14.5,120,1,2022-08-09 12:14:56
1660047297695032000,14.5,5,14.45,4,14.5,115,1,2022-08-09 12:14:57
1660047298250433000,14.5,1,14.45,4,14.5,114,1,2022-08-09 12:14:58
1660047299070314000,14.45,1,14.45,3,14.5,114,2,2022-08-09 12:14:59
1660047307347545000,14.5,2,14.45,9,14.5,113,1,2022-08-09 12:15:07
1660047312779322000,14.5,10,14.45,11,14.5,103,1,2022-08-09 12:15:12
1660047313782979000,14.45,1,14.45,10,14.5,103,2,2022-08-09 12:15:13
1660047322264159000,14.5,10,14.45,10,14.5,95,1,2022-08-09 12:15:22
1660047323672992000,14.5,2,14.45,10,14.5,93,1,2022-08-09 12:15:23
1660047325578471000,14.5,1,14.45,11,14.5,92,1,2022-08-09 12:15:25
1660047326058631000,14.5,2,14.45,14,14.5,90,1,2022-08-09 12:15:26
1660047326093257000,14.5,8,14.45,14,14.5,82,1,2022-08-09 12:15:26
1660047332011185000,14.5,3,14.45,14,14.5,80,1,2022-08-09 12:15:32
1660047333671281000,14.5,2,14.45,14,14.5,78,1,2022-08-09 12:15:33
1660047336581066000,14.5,2,14.45,14,14.5,76,1,2022-08-09 12:15:36
1660047338161853000,14.45,1,14.45,13,14.5,76,2,2022-08-09 12:15:38
1660047340209921000,14.5,1,14.45,14,14.5,75,1,2022-08-09 12:15:40
1660047341260471000,14.5,1,14.45,13,14.5,74,1,2022-08-09 12:15:41
1660047344260431000,14.5,1,14.45,13,14.5,74,1,2022-08-09 12:15:44
1660047346906631000,14.5,10,14.45,13,14.5,64,1,2022-08-09 12:15:46
1660047352864604000,14.5,2,14.45,15,14.5,62,1,2022-08-09 12:15:52
1660047353318566000,14.5,1,14.45,15,14.5,61,1,2022-08-09 12:15:53
1660047354807310000,14.5,12,14.45,15,14.5,49,1,2022-08-09 12:15:54
1660047354827587000,14.5,8,14.45,15,14.5,41,1,2022-08-09 12:15:54
1660047355423684000,14.5,10,14.45,15,14.5,31,1,2022-08-09 12:15:55
1660047355456420000,14.5,8,14.45,15,14.5,23,1,2022-08-09 12:15:55
1660047356383151000,14.5,20,14.45,15,14.5,3,1,2022-08-09 12:15:56
1660047356411911000,14.5,3,14.45,15,14.55,24,1,2022-08-09 12:15:56
1660047356421171000,14.55,5,14.45,15,14.55,19,1,2022-08-09 12:15:56
1660047356613866000,14.5,1,14.45,15,14.55,23,2,2022-08-09 12:15:56
1660047356904221000,14.55,2,14.5,5,14.55,23,1,2022-08-09 12:15:56
1660047358568994000,14.55,5,14.5,6,14.55,21,1,2022-08-09 12:15:58
1660047359142422000,14.55,3,14.5,6,14.55,13,1,2022-08-09 12:15:59
1660047362450115000,14.55,3,14.5,12,14.55,10,1,2022-08-09 12:16:02
1660047362932526000,14.55,2,14.5,11,14.55,8,1,2022-08-09 12:16:02
1660047364087562000,14.55,2,14.5,11,14.55,7,1,2022-08-09 12:16:04
1660047364637898000,14.55,1,14.5,11,14.55,6,1,2022-08-09 12:16:04
1660047364682688000,14.55,3,14.5,8,14.55,3,1,2022-08-09 12:16:04
1660047365970432000,14.55,1,14.5,8,14.55,2,1,2022-08-09 12:16:05
1660047366021347000,14.55,1,14.5,8,14.55,1,1,2022-08-09 12:16:06
1660047366052731000,14.55,1,14.5,8,14.6,39,1,2022-08-09 12:16:06
1660047369763397000,14.55,1,14.5,8,14.55,5,1,2022-08-09 12:16:09
1660047370461913000,14.55,1,14.5,8,14.55,4,1,2022-08-09 12:16:10
1660047370633811000,14.55,2,14.5,8,14.55,2,1,2022-08-09 12:16:10
1660047371570403000,14.55,1,14.5,8,14.55,1,1,2022-08-09 12:16:11
1660047374738334000,14.55,1,14.5,8,14.6,39,1,2022-08-09 12:16:14
1660047376427616000,14.6,4,14.5,8,14.6,40,1,2022-08-09 12:16:16
1660047380304739000,14.55,1,14.5,8,14.6,21,1,2022-08-09 12:16:20
1660047380304739000,14.6,19,14.5,8,14.6,21,1,2022-08-09 12:16:20
1660047387612311000,14.6,5,14.55,2,14.6,13,1,2022-08-09 12:16:27
1660047390216624000,14.6,10,14.55,10,14.6,3,1,2022-08-09 12:16:30
1660047390234161000,14.6,3,14.55,10,14.65,7,1,2022-08-09 12:16:30
1660047400129679000,14.65,1,14.6,1,14.65,8,1,2022-08-09 12:16:40
1660047403279841000,14.6,2,14.55,12,14.65,8,2,2022-08-09 12:16:43
1660047412044341000,14.65,1,14.6,3,14.65,7,1,2022-08-09 12:16:52
1660047421669662000,14.65,1,14.6,7,14.65,10,1,2022-08-09 12:17:01
1660047423732243000,14.6,5,14.6,2,14.65,10,2,2022-08-09 12:17:03
1660047423750182000,14.6,2,14.55,11,14.65,10,2,2022-08-09 12:17:03
1660047435521758000,14.6,1,14.6,5,14.65,12,2,2022-08-09 12:17:15
1660047435553678000,14.6,5,14.55,7,14.65,12,2,2022-08-09 12:17:15
1660047438033071000,14.6,1,14.55,7,14.6,9,1,2022-08-09 12:17:18
1660047457789636000,14.6,1,14.55,6,14.6,22,1,2022-08-09 12:17:37
1660047459623949000,14.6,1,14.55,6,14.6,21,1,2022-08-09 12:17:39
1660047463413019000,14.55,2,14.55,4,14.6,21,2,2022-08-09 12:17:43
1660047465070073000,14.55,1,14.55,3,14.6,21,2,2022-08-09 12:17:45
1660047465103316000,14.55,3,14.5,11,14.6,21,2,2022-08-09 12:17:45
1660047482899732000,14.55,1,14.5,12,14.55,22,1,2022-08-09 12:18:02
1660047484769334000,14.5,1,14.5,6,14.55,22,2,2022-08-09 12:18:04
1660047486973502000,14.5,5,14.5,1,14.55,22,2,2022-08-09 12:18:06
1660047486992885000,14.5,1,14.45,3,14.55,22,2,2022-08-09 12:18:06
1660047490515934000,14.5,2,14.45,3,14.5,11,1,2022-08-09 12:18:10
1660047496625962000,14.45,1,14.45,3,14.5,13,2,2022-08-09 12:18:16
1660047500356256000,14.45,1,14.45,2,14.5,13,2,2022-08-09 12:18:20
1660047502068144000,14.45,1,14.45,1,14.5,13,2,2022-08-09 12:18:22
1660047503704211000,14.5,1,14.45,1,14.5,12,1,2022-08-09 12:18:23
1660047513384792000,14.45,1,14.4,24,14.5,12,2,2022-08-09 12:18:33
1660047548508808000,14.4,24,14.4,3,14.45,13,2,2022-08-09 12:19:08
1660047548544701000,14.4,3,14.35,33,14.45,13,2,2022-08-09 12:19:08
1660047568633701000,14.35,3,14.35,30,14.4,10,2,2022-08-09 12:19:28
1660047568663940000,14.35,24,14.35,6,14.4,10,2,2022-08-09 12:19:28
1660047568690974000,14.35,2,14.35,4,14.4,10,2,2022-08-09 12:19:28
1660047568906482000,14.35,2,14.35,2,14.4,19,2,2022-08-09 12:19:28
1660047570041025000,14.35,1,14.35,1,14.4,19,2,2022-08-09 12:19:30
1660047576467362000,14.35,1,14.3,27,14.35,2,2,2022-08-09 12:19:36
1660047637219277000,14.35,2,14.3,32,14.35,15,1,2022-08-09 12:20:37
1660047641246772000,14.3,1,14.3,31,14.35,15,2,2022-08-09 12:20:41
1660047646757425000,14.35,15,14.35,5,14.4,21,1,2022-08-09 12:20:46
1660047656457223000,14.35,1,14.35,4,14.4,21,2,2022-08-09 12:20:56
1660047700167793000,14.4,2,14.35,17,14.4,19,1,2022-08-09 12:21:40
1660047710185925000,14.4,1,14.35,37,14.4,11,1,2022-08-09 12:21:50
1660047726403454000,14.35,3,14.35,32,14.4,10,2,2022-08-09 12:22:06
1660047729343826000,14.4,1,14.35,32,14.4,9,1,2022-08-09 12:22:09
1660047735278013000,14.4,3,14.35,32,14.4,6,1,2022-08-09 12:22:15
1660047738789839000,14.4,2,14.35,34,14.4,4,1,2022-08-09 12:22:18
1660047741226592000,14.4,1,14.35,34,14.4,3,1,2022-08-09 12:22:21
1660047741253307000,14.4,1,14.35,34,14.4,2,1,2022-08-09 12:22:21
1660047742113747000,14.4,1,14.35,34,14.4,1,1,2022-08-09 12:22:22
1660047742141762000,14.4,1,14.35,34,14.45,12,1,2022-08-09 12:22:22
1660047756122969000,14.35,2,14.35,32,14.4,2,2,2022-08-09 12:22:36
1660047757469180000,14.4,1,14.35,33,14.4,1,1,2022-08-09 12:22:37
1660047822764894000,14.4,1,14.35,33,14.4,12,1,2022-08-09 12:23:42
1660047832459474000,14.4,10,14.35,32,14.4,3,1,2022-08-09 12:23:52
1660047842103510000,14.4,4,14.35,32,14.4,3,1,2022-08-09 12:24:02
1660047879832805000,14.4,1,14.35,33,14.4,3,1,2022-08-09 12:24:39
1660047899168861000,14.4,1,14.35,38,14.45,20,2,2022-08-09 12:24:59
1660047904638483000,14.4,2,14.35,38,14.4,2,1,2022-08-09 12:25:04
1660047913402141000,14.4,4,14.4,6,14.45,21,1,2022-08-09 12:25:13
1660047924095247000,14.4,6,14.35,39,14.4,44,2,2022-08-09 12:25:24
1660047934640077000,14.35,19,14.35,19,14.4,50,2,2022-08-09 12:25:34
1660047934750742000,14.35,4,14.35,19,14.4,47,2,2022-08-09 12:25:34
1660047936165295000,14.35,1,14.35,14,14.4,47,2,2022-08-09 12:25:36
1660047937599185000,14.4,2,14.35,14,14.4,45,1,2022-08-09 12:25:37
1660047944103331000,14.35,7,14.35,6,14.4,95,2,2022-08-09 12:25:44
1660047944132756000,14.35,6,14.3,45,14.4,95,2,2022-08-09 12:25:44
1660047951208984000,14.35,1,14.35,3,14.4,95,2,2022-08-09 12:25:51
1660047955769663000,14.35,1,14.35,2,14.4,95,2,2022-08-09 12:25:55
1660047955992342000,14.35,2,14.3,45,14.35,1,2,2022-08-09 12:25:55
1660047980670588000,14.35,2,14.35,8,14.4,97,1,2022-08-09 12:26:20
1660047989228223000,14.35,5,14.35,4,14.4,127,2,2022-08-09 12:26:29
1660047991341387000,14.35,4,14.3,45,14.35,1,2,2022-08-09 12:26:31
1660048022779849000,14.35,20,14.3,45,14.35,4,1,2022-08-09 12:27:02
1660048051237951000,14.3,30,14.3,20,14.35,9,2,2022-08-09 12:27:31
1660048062806393000,14.3,3,14.3,18,14.35,9,2,2022-08-09 12:27:42
1660048063172065000,14.35,1,14.3,18,14.35,11,1,2022-08-09 12:27:43
1660048077353760000,14.3,2,14.3,17,14.35,18,2,2022-08-09 12:27:57
1660048086272620000,14.3,4,14.3,13,14.35,15,2,2022-08-09 12:28:06
1660048087693342000,14.3,2,14.3,13,14.35,15,2,2022-08-09 12:28:07
1660048100698676000,14.35,1,14.3,13,14.35,15,1,2022-08-09 12:28:20
1660048101164012000,14.3,13,14.25,24,14.3,7,2,2022-08-09 12:28:21
1660048111512284000,14.25,1,14.25,23,14.3,50,2,2022-08-09 12:28:31
1660048114678213000,14.25,1,14.25,22,14.3,50,2,2022-08-09 12:28:34
1660048135526008000,14.25,5,14.25,19,14.3,55,2,2022-08-09 12:28:55
1660048137838372000,14.25,2,14.25,17,14.3,55,2,2022-08-09 12:28:57
1660048139842190000,14.25,1,14.25,16,14.3,55,2,2022-08-09 12:28:59
1660048141733825000,14.25,2,14.25,14,14.3,55,2,2022-08-09 12:29:01
1660048162298284000,14.25,2,14.25,13,14.3,60,2,2022-08-09 12:29:22
1660048165749899000,14.25,1,14.25,12,14.3,59,2,2022-08-09 12:29:25
1660048166176443000,14.25,10,14.25,2,14.3,59,2,2022-08-09 12:29:26
1660048167980630000,14.25,2,14.2,6,14.25,1,2,2022-08-09 12:29:27
1660048171243833000,14.25,1,14.2,6,14.25,1,1,2022-08-09 12:29:31
1660048180021255000,14.2,3,14.2,3,14.25,3,2,2022-08-09 12:29:40
1660048184218753000,14.25,2,14.2,3,14.25,1,1,2022-08-09 12:29:44
1660048198406711000,14.25,1,14.2,3,14.25,5,1,2022-08-09 12:29:58
1660048204106192000,14.25,2,14.2,3,14.25,3,1,2022-08-09 12:30:04
1660048204130387000,14.25,3,14.2,3,14.3,59,1,2022-08-09 12:30:04
1660048224665579000,14.25,2,14.25,1,14.3,59,1,2022-08-09 12:30:24
1660048228430047000,14.25,1,14.2,3,14.3,59,2,2022-08-09 12:30:28
1660048235687613000,14.25,1,14.2,3,14.25,14,2,2022-08-09 12:30:35
1660048257290653000,14.25,1,14.2,3,14.25,13,1,2022-08-09 12:30:57
1660048263807675000,14.25,1,14.2,3,14.25,12,1,2022-08-09 12:31:03
1660048301780808000,14.25,1,14.2,3,14.25,12,1,2022-08-09 12:31:41
1660048304176558000,14.2,2,14.2,1,14.25,12,2,2022-08-09 12:31:44
1660048320403164000,14.2,1,14.15,8,14.25,12,2,2022-08-09 12:32:00
1660048330894820000,14.25,12,14.25,5,14.3,59,1,2022-08-09 12:32:10
1660048349910474000,14.25,5,14.2,2,14.3,59,2,2022-08-09 12:32:29
1660048399390681000,14.25,2,14.2,12,14.25,6,1,2022-08-09 12:33:19
1660048406104912000,14.2,1,14.2,11,14.25,6,2,2022-08-09 12:33:26
1660048425880066000,14.25,1,14.2,12,14.25,5,1,2022-08-09 12:33:45
1660048434646027000,14.25,1,14.2,12,14.25,4,1,2022-08-09 12:33:54
1660048435317449000,14.25,1,14.2,12,14.25,3,1,2022-08-09 12:33:55
1660048435543093000,14.2,2,14.2,10,14.25,3,2,2022-08-09 12:33:55
1660048436201335000,14.25,3,14.2,10,14.3,65,1,2022-08-09 12:33:56
1660048436201335000,14.3,1,14.2,10,14.3,65,1,2022-08-09 12:33:56
1660048441582663000,14.2,2,14.2,8,14.3,65,2,2022-08-09 12:34:01
1660048444084389000,14.3,1,14.2,8,14.3,64,1,2022-08-09 12:34:04
1660048470294234000,14.3,1,14.2,9,14.3,64,1,2022-08-09 12:34:30
1660048477108991000,14.3,3,14.2,9,14.3,61,1,2022-08-09 12:34:37
1660048489288923000,14.3,5,14.2,9,14.3,58,1,2022-08-09 12:34:49
1660048497762443000,14.2,20,14.2,9,14.3,58,2,2022-08-09 12:34:57
1660048508035503000,14.25,1,14.2,10,14.3,49,1,2022-08-09 12:35:08
1660048508035503000,14.3,9,14.2,10,14.3,49,1,2022-08-09 12:35:08
1660048515539730000,14.3,1,14.2,10,14.3,19,1,2022-08-09 12:35:15
1660048570004728000,14.3,10,14.2,20,14.3,12,1,2022-08-09 12:36:10
1660048622580094000,14.3,20,14.2,31,14.3,1,1,2022-08-09 12:37:02
1660048622605737000,14.3,1,14.2,31,14.35,11,1,2022-08-09 12:37:02
1660048624281374000,14.35,2,14.2,31,14.35,9,1,2022-08-09 12:37:04
