ts,close,volume,bid_price,bid_volume,ask_price,ask_volume,tick_type,datetime
1660035607049449000,13.8,180,13.75,20,13.8,334,2,2022-08-09 09:00:07
1660035607893461000,13.75,20,13.7,18,13.75,225,2,2022-08-09 09:00:07
1660035611628196000,13.7,1,13.7,104,13.75,225,2,2022-08-09 09:00:11
1660035611696847000,13.7,6,13.7,98,13.75,225,2,2022-08-09 09:00:11
1660035615720794000,13.7,1,13.7,99,13.75,225,2,2022-08-09 09:00:15
1660035616306826000,13.7,8,13.7,90,13.75,225,2,2022-08-09 09:00:16
1660035616325810000,13.7,1,13.7,89,13.75,225,2,2022-08-09 09:00:16
1660035616845276000,13.7,4,13.7,85,13.75,225,2,2022-08-09 09:00:16
1660035617921157000,13.7,10,13.7,75,13.75,225,2,2022-08-09 09:00:17
1660035622516957000,13.7,3,13.7,72,13.75,226,2,2022-08-09 09:00:22
1660035622861066000,13.7,5,13.7,67,13.75,226,2,2022-08-09 09:00:22
1660035623550822000,13.7,5,13.7,62,13.75,226,2,2022-08-09 09:00:23
1660035623657670000,13.7,2,13.7,60,13.75,226,2,2022-08-09 09:00:23
1660035623833163000,13.75,5,13.7,60,13.75,221,1,2022-08-09 09:00:23
1660035624251182000,13.7,10,13.7,50,13.75,221,2,2022-08-09 09:00:24
1660035624690572000,13.7,2,13.7,48,13.75,221,2,2022-08-09 09:00:24
1660035625857220000,13.7,1,13.7,47,13.75,221,2,2022-08-09 09:00:25
1660035626573494000,13.7,25,13.7,22,13.75,221,2,2022-08-09 09:00:26
1660035626605284000,13.7,22,13.65,6,13.75,221,2,2022-08-09 09:00:26
1660035626811211000,13.7,1,13.65,6,13.7,9,1,2022-08-09 09:00:26
1660035637794694000,13.65,1,13.65,4,13.7,27,2,2022-08-09 09:00:37
1660035639002975000,13.7,2,13.65,5,13.7,25,1,2022-08-09 09:00:39
1660035643788765000,13.7,1,13.65,25,13.7,35,1,2022-08-09 09:00:43
1660035644690608000,13.7,3,13.65,25,13.7,32,1,2022-08-09 09:00:44
1660035644727827000,13.7,32,13.65,25,13.75,121,1,2022-08-09 09:00:44
1660035645691971000,13.65,2,13.65,23,13.75,121,2,2022-08-09 09:00:45
1660035647760527000,13.75,1,13.65,23,13.75,120,1,2022-08-09 09:00:47
1660035654934411000,13.7,1,13.65,23,13.75,122,2,2022-08-09 09:00:54
1660035659051972000,13.7,6,13.7,5,13.75,127,2,2022-08-09 09:00:59
1660035659071335000,13.7,5,13.65,24,13.75,127,2,2022-08-09 09:00:59
1660035659514189000,13.75,5,13.65,24,13.75,122,1,2022-08-09 09:00:59
1660035666691220000,13.7,1,13.7,2,13.75,122,2,2022-08-09 09:01:06
1660035667040681000,13.75,5,13.7,3,13.75,122,1,2022-08-09 09:01:07
1660035668766863000,13.75,1,13.7,3,13.75,116,1,2022-08-09 09:01:08
1660035670915166000,13.7,1,13.7,3,13.75,116,2,2022-08-09 09:01:10
1660035671467227000,13.7,3,13.65,26,13.7,3,2,2022-08-09 09:01:11
1660035672240461000,13.7,1,13.65,26,13.7,2,1,2022-08-09 09:01:12
1660035672271485000,13.7,2,13.65,26,13.75,116,1,2022-08-09 09:01:12
1660035673436090000,13.75,10,13.65,26,13.75,106,1,2022-08-09 09:01:13
1660035676803553000,13.7,1,13.7,7,13.75,105,2,2022-08-09 09:01:16
1660035677673119000,13.7,2,13.7,25,13.75,105,2,2022-08-09 09:01:17
1660035678490970000,13.7,1,13.7,25,13.75,105,2,2022-08-09 09:01:18
1660035682622248000,13.7,1,13.7,25,13.75,105,2,2022-08-09 09:01:22
1660035683477672000,13.75,4,13.7,25,13.75,101,1,2022-08-09 09:01:23
1660035687371243000,13.7,1,13.7,27,13.75,106,2,2022-08-09 09:01:27
1660035687695254000,13.7,5,13.7,22,13.75,106,2,2022-08-09 09:01:27
1660035687988055000,13.7,1,13.7,21,13.75,106,2,2022-08-09 09:01:27
1660035688679988000,13.75,50,13.7,22,13.75,56,1,2022-08-09 09:01:28
1660035691641281000,13.75,2,13.7,28,13.75,54,1,2022-08-09 09:01:31
1660035692254218000,13.75,25,13.7,28,13.75,29,1,2022-08-09 09:01:32
1660035693969217000,13.75,1,13.7,36,13.75,28,1,2022-08-09 09:01:33
1660035695149856000,13.75,1,13.7,36,13.75,27,1,2022-08-09 09:01:35
1660035696072484000,13.75,1,13.7,35,13.75,26,1,2022-08-09 09:01:36
1660035697988536000,13.75,1,13.7,35,13.75,25,1,2022-08-09 09:01:37
1660035699266054000,13.75,3,13.7,35,13.75,22,1,2022-08-09 09:01:39
1660035702257697000,13.75,5,13.7,36,13.75,22,1,2022-08-09 09:01:42
1660035702863155000,13.75,17,13.7,41,13.8,91,1,2022-08-09 09:01:42
1660035702863155000,13.8,3,13.7,41,13.8,91,1,2022-08-09 09:01:42
1660035706092994000,13.8,1,13.75,6,13.8,90,1,2022-08-09 09:01:46
1660035708030841000,13.75,2,13.75,6,13.8,90,2,2022-08-09 09:01:48
1660035714156485000,13.75,1,13.75,11,13.8,90,2,2022-08-09 09:01:54
1660035719307471000,13.75,1,13.75,17,13.8,91,2,2022-08-09 09:01:59
1660035721968159000,13.8,1,13.75,23,13.8,99,1,2022-08-09 09:02:01
1660035724184649000,13.8,12,13.75,19,13.8,86,1,2022-08-09 09:02:04
1660035727979852000,13.8,5,13.75,20,13.8,81,1,2022-08-09 09:02:07
1660035728893135000,13.8,1,13.75,20,13.8,80,1,2022-08-09 09:02:08
1660035729048644000,13.75,20,13.7,54,13.75,5,2,2022-08-09 09:02:09
1660035734536829000,13.7,2,13.7,52,13.75,15,2,2022-08-09 09:02:14
1660035736417999000,13.75,1,13.7,62,13.75,14,1,2022-08-09 09:02:16
1660035736961026000,13.7,2,13.7,60,13.75,14,2,2022-08-09 09:02:16
1660035741433648000,13.75,1,13.7,61,13.75,13,1,2022-08-09 09:02:21
1660035742688496000,13.75,2,13.7,61,13.75,11,1,2022-08-09 09:02:22
1660035742861830000,13.75,2,13.7,61,13.75,9,1,2022-08-09 09:02:22
1660035743239744000,13.7,2,13.7,59,13.75,9,2,2022-08-09 09:02:23
1660035744008666000,13.75,1,13.7,59,13.8,81,2,2022-08-09 09:02:24
1660035750828029000,13.75,1,13.75,9,13.8,81,2,2022-08-09 09:02:30
1660035750865565000,13.75,9,13.75,3,13.8,81,2,2022-08-09 09:02:30
1660035751084484000,13.75,3,13.7,62,13.8,73,2,2022-08-09 09:02:31
1660035756573129000,13.8,1,13.75,21,13.8,72,1,2022-08-09 09:02:36
1660035761024077000,13.8,10,13.75,26,13.8,63,1,2022-08-09 09:02:41
1660035768611293000,13.8,1,13.75,36,13.8,62,1,2022-08-09 09:02:48
1660035781502967000,13.8,1,13.75,76,13.8,75,1,2022-08-09 09:03:01
1660035782110334000,13.8,3,13.75,76,13.8,72,1,2022-08-09 09:03:02
1660035784541100000,13.8,2,13.75,76,13.8,70,1,2022-08-09 09:03:04
1660035784759595000,13.8,1,13.75,77,13.8,69,1,2022-08-09 09:03:04
1660035789893980000,13.75,5,13.75,72,13.8,62,2,2022-08-09 09:03:09
1660035789990773000,13.8,5,13.75,72,13.8,57,1,2022-08-09 09:03:09
1660035790203715000,13.8,10,13.75,72,13.8,68,1,2022-08-09 09:03:10
1660035791999782000,13.75,40,13.75,18,13.8,58,2,2022-08-09 09:03:11
1660035792035390000,13.75,18,13.7,68,13.8,58,2,2022-08-09 09:03:12
1660035793783328000,13.8,5,13.7,68,13.8,53,1,2022-08-09 09:03:13
1660035798725363000,13.75,1,13.7,88,13.75,2,1,2022-08-09 09:03:18
1660035804358991000,13.75,1,13.7,88,13.75,1,1,2022-08-09 09:03:24
1660035820969781000,13.75,1,13.7,94,13.8,54,1,2022-08-09 09:03:40
1660035826371213000,13.75,2,13.75,1,13.8,55,2,2022-08-09 09:03:46
1660035826407039000,13.75,1,13.75,1,13.8,105,2,2022-08-09 09:03:46
1660035827978145000,13.7,94,13.65,57,13.7,6,2,2022-08-09 09:03:47
1660035835765437000,13.65,4,13.65,53,13.7,6,2,2022-08-09 09:03:55
1660035843194819000,13.7,2,13.65,49,13.7,12,1,2022-08-09 09:04:03
1660035846180635000,13.65,2,13.65,42,13.7,13,2,2022-08-09 09:04:06
1660035856629303000,13.65,20,13.65,14,13.7,13,2,2022-08-09 09:04:16
1660035856849325000,13.65,5,13.65,9,13.7,13,2,2022-08-09 09:04:16
1660035858823268000,13.65,2,13.65,7,13.7,13,2,2022-08-09 09:04:18
1660035859718193000,13.65,7,13.6,73,13.65,3,2,2022-08-09 09:04:19
1660035862330346000,13.65,1,13.6,75,13.65,3,1,2022-08-09 09:04:22
1660035865466048000,13.6,3,13.6,73,13.65,4,2,2022-08-09 09:04:25
1660035873100519000,13.65,10,13.6,70,13.65,8,1,2022-08-09 09:04:33
1660035874718495000,13.6,30,13.6,72,13.65,8,2,2022-08-09 09:04:34
1660035876815068000,13.65,2,13.6,43,13.65,6,1,2022-08-09 09:04:36
1660035877212629000,13.6,3,13.6,40,13.65,6,2,2022-08-09 09:04:37
1660035881427788000,13.6,1,13.6,44,13.65,7,2,2022-08-09 09:04:41
1660035885210454000,13.65,1,13.6,44,13.65,10,1,2022-08-09 09:04:45
1660035885350891000,13.6,1,13.6,43,13.65,10,2,2022-08-09 09:04:45
1660035887215584000,13.65,6,13.6,43,13.65,4,1,2022-08-09 09:04:47
1660035887672190000,13.65,1,13.6,43,13.65,3,1,2022-08-09 09:04:47
1660035897011522000,13.65,2,13.6,45,13.65,3,1,2022-08-09 09:04:57
1660035897355202000,13.65,1,13.65,9,13.7,13,1,2022-08-09 09:04:57
1660035906461010000,13.65,2,13.65,30,13.7,5,2,2022-08-09 09:05:06
1660035911256300000,13.7,5,13.65,44,13.7,5,1,2022-08-09 09:05:11
1660035935827065000,13.7,5,13.7,10,13.75,28,2,2022-08-09 09:05:35
1660035943283483000,13.75,2,13.7,45,13.75,22,1,2022-08-09 09:05:43
1660035944040709000,13.75,2,13.7,45,13.75,20,1,2022-08-09 09:05:44
1660035949964651000,13.75,10,13.7,54,13.75,10,1,2022-08-09 09:05:49
1660035954377960000,13.7,1,13.7,53,13.75,18,2,2022-08-09 09:05:54
1660035956756441000,13.75,1,13.7,50,13.75,18,1,2022-08-09 09:05:56
1660035966512793000,13.7,1,13.7,49,13.75,19,2,2022-08-09 09:06:06
1660035967047394000,13.7,17,13.7,32,13.75,9,2,2022-08-09 09:06:07
1660035967233938000,13.75,2,13.7,32,13.75,7,1,2022-08-09 09:06:07
1660035972573746000,13.75,1,13.7,32,13.75,6,1,2022-08-09 09:06:12
1660035979502424000,13.75,1,13.7,32,13.75,15,1,2022-08-09 09:06:19
1660035982181958000,13.75,1,13.7,34,13.75,14,1,2022-08-09 09:06:22
1660035996946851000,13.75,1,13.7,41,13.75,33,1,2022-08-09 09:06:36
1660036004651497000,13.75,1,13.7,41,13.75,82,1,2022-08-09 09:06:44
1660036009346639000,13.75,26,13.7,16,13.75,56,1,2022-08-09 09:06:49
1660036010054450000,13.7,4,13.7,12,13.75,56,2,2022-08-09 09:06:50
1660036026459991000,13.7,1,13.7,15,13.75,56,2,2022-08-09 09:07:06
1660036032161039000,13.7,10,13.7,5,13.75,56,2,2022-08-09 09:07:12
1660036037509394000,13.7,1,13.7,4,13.75,56,2,2022-08-09 09:07:17
1660036040996815000,13.7,10,13.7,11,13.75,56,2,2022-08-09 09:07:20
1660036041220240000,13.7,11,13.65,69,13.75,56,2,2022-08-09 09:07:21
1660036045798036000,13.7,1,13.65,79,13.7,3,2,2022-08-09 09:07:25
1660036055327623000,13.7,5,13.65,79,13.7,5,1,2022-08-09 09:07:35
1660036060942594000,13.7,1,13.65,78,13.7,14,1,2022-08-09 09:07:40
1660036062998549000,13.7,14,13.7,6,13.75,50,1,2022-08-09 09:07:42
1660036067903875000,13.7,7,13.65,78,13.7,3,2,2022-08-09 09:07:47
1660036075538260000,13.7,1,13.65,78,13.7,2,1,2022-08-09 09:07:55
1660036076401751000,13.7,2,13.7,3,13.75,50,1,2022-08-09 09:07:56
1660036079428160000,13.7,3,13.65,78,13.7,7,2,2022-08-09 09:07:59
1660036080346369000,13.7,5,13.65,78,13.7,2,1,2022-08-09 09:08:00
1660036081180209000,13.7,1,13.65,78,13.7,1,1,2022-08-09 09:08:01
1660036082824186000,13.7,1,13.7,2,13.75,50,1,2022-08-09 09:08:02
1660036086886633000,13.7,1,13.7,1,13.75,50,2,2022-08-09 09:08:06
1660036095405697000,13.7,1,13.7,2,13.75,50,2,2022-08-09 09:08:15
1660036102509356000,13.7,4,13.65,76,13.7,10,2,2022-08-09 09:08:22
1660036103316707000,13.7,1,13.65,76,13.7,9,1,2022-08-09 09:08:23
1660036105954081000,13.7,1,13.65,76,13.7,18,1,2022-08-09 09:08:25
1660036107860947000,13.7,1,13.65,76,13.7,17,1,2022-08-09 09:08:27
1660036112499134000,13.7,10,13.65,76,13.7,7,1,2022-08-09 09:08:32
1660036112581341000,13.7,1,13.65,76,13.7,6,1,2022-08-09 09:08:32
1660036115364957000,13.7,1,13.65,83,13.7,5,1,2022-08-09 09:08:35
1660036120561606000,13.7,1,13.65,82,13.7,4,1,2022-08-09 09:08:40
1660036129869953000,13.7,3,13.65,82,13.7,2,1,2022-08-09 09:08:49
1660036133135411000,13.7,2,13.7,1,13.75,60,1,2022-08-09 09:08:53
1660036133160694000,13.7,1,13.65,84,13.75,60,2,2022-08-09 09:08:53
1660036142448964000,13.75,1,13.65,84,13.75,59,1,2022-08-09 09:09:02
1660036143222463000,13.7,1,13.65,84,13.7,9,2,2022-08-09 09:09:03
1660036147063025000,13.7,9,13.7,1,13.75,69,1,2022-08-09 09:09:07
1660036147085536000,13.7,1,13.65,84,13.75,69,2,2022-08-09 09:09:07
1660036150359939000,13.7,5,13.65,51,13.75,59,2,2022-08-09 09:09:10
1660036150359939000,13.65,45,13.65,51,13.75,59,2,2022-08-09 09:09:10
1660036152198429000,13.7,10,13.65,51,13.7,25,1,2022-08-09 09:09:12
1660036154591229000,13.7,1,13.65,51,13.7,14,1,2022-08-09 09:09:14
1660036162425987000,13.65,5,13.65,46,13.7,17,2,2022-08-09 09:09:22
1660036173928213000,13.7,10,13.65,38,13.7,16,1,2022-08-09 09:09:33
1660036186593309000,13.7,5,13.65,38,13.7,21,1,2022-08-09 09:09:46
1660036189889096000,13.65,1,13.65,40,13.7,21,2,2022-08-09 09:09:49
1660036190361662000,13.7,3,13.65,40,13.7,18,1,2022-08-09 09:09:50
1660036192518924000,13.7,1,13.65,41,13.7,17,1,2022-08-09 09:09:52
1660036195485389000,13.65,5,13.65,36,13.7,17,2,2022-08-09 09:09:55
1660036207537455000,13.65,1,13.65,35,13.7,19,2,2022-08-09 09:10:07
1660036220207576000,13.65,5,13.65,30,13.7,29,2,2022-08-09 09:10:20
1660036220236366000,13.65,30,13.6,111,13.7,29,2,2022-08-09 09:10:20
1660036220741012000,13.6,10,13.6,101,13.7,32,2,2022-08-09 09:10:20
1660036229607630000,13.6,6,13.6,95,13.7,45,2,2022-08-09 09:10:29
1660036240041417000,13.6,5,13.6,89,13.65,3,2,2022-08-09 09:10:40
1660036241942130000,13.6,4,13.6,85,13.65,3,2,2022-08-09 09:10:41
1660036246068883000,13.6,5,13.6,80,13.65,13,2,2022-08-09 09:10:46
1660036248259400000,13.6,1,13.6,79,13.65,13,2,2022-08-09 09:10:48
1660036252766977000,13.6,20,13.6,59,13.65,23,2,2022-08-09 09:10:52
1660036255182951000,13.6,3,13.6,61,13.65,23,2,2022-08-09 09:10:55
1660036256968758000,13.6,4,13.6,57,13.65,23,2,2022-08-09 09:10:56
1660036272806746000,13.6,64,13.55,99,13.6,35,2,2022-08-09 09:11:12
1660036273055191000,13.6,1,13.55,99,13.6,34,1,2022-08-09 09:11:13
1660036280198496000,13.6,5,13.55,101,13.6,30,1,2022-08-09 09:11:20
1660036284040897000,13.55,19,13.55,90,13.6,32,2,2022-08-09 09:11:24
1660036288101595000,13.6,5,13.55,90,13.6,29,1,2022-08-09 09:11:28
1660036290273548000,13.55,5,13.55,90,13.6,30,2,2022-08-09 09:11:30
1660036299469371000,13.55,2,13.55,88,13.6,30,2,2022-08-09 09:11:39
1660036302571648000,13.6,1,13.55,93,13.6,34,1,2022-08-09 09:11:42
1660036305316164000,13.55,1,13.55,93,13.6,34,2,2022-08-09 09:11:45
1660036306686732000,13.55,50,13.55,43,13.6,32,2,2022-08-09 09:11:46
1660036310022552000,13.6,2,13.55,47,13.6,32,1,2022-08-09 09:11:50
1660036310659476000,13.55,5,13.55,42,13.6,32,2,2022-08-09 09:11:50
1660036310852670000,13.55,2,13.55,40,13.6,30,2,2022-08-09 09:11:50
1660036314553016000,13.55,2,13.55,39,13.6,30,2,2022-08-09 09:11:54
1660036314812350000,13.55,2,13.55,37,13.6,30,2,2022-08-09 09:11:54
1660036314967772000,13.6,3,13.55,37,13.6,27,1,2022-08-09 09:11:54
1660036315995484000,13.55,10,13.55,27,13.6,27,2,2022-08-09 09:11:55
1660036318221737000,13.55,1,13.55,26,13.6,27,2,2022-08-09 09:11:58
1660036319360656000,13.55,1,13.55,25,13.6,30,2,2022-08-09 09:11:59
1660036320425883000,13.6,1,13.55,25,13.6,30,1,2022-08-09 09:12:00
1660036321493554000,13.55,1,13.55,24,13.6,30,2,2022-08-09 09:12:01
1660036321682487000,13.55,10,13.55,14,13.6,30,2,2022-08-09 09:12:01
1660036328321344000,13.55,2,13.55,54,13.6,30,2,2022-08-09 09:12:08
1660036332701059000,13.55,10,13.55,58,13.6,30,2,2022-08-09 09:12:12
1660036333420498000,13.55,3,13.55,55,13.6,30,2,2022-08-09 09:12:13
1660036334961388000,13.55,5,13.55,55,13.6,25,2,2022-08-09 09:12:14
1660036335801018000,13.6,5,13.55,55,13.6,20,1,2022-08-09 09:12:15
1660036340127809000,13.55,5,13.55,50,13.6,20,2,2022-08-09 09:12:20
1660036342474813000,13.55,2,13.55,48,13.6,20,2,2022-08-09 09:12:22
1660036351390130000,13.55,10,13.55,65,13.6,23,2,2022-08-09 09:12:31
1660036352723365000,13.6,10,13.55,55,13.6,13,1,2022-08-09 09:12:32
1660036355415119000,13.55,10,13.55,50,13.6,13,2,2022-08-09 09:12:35
1660036359103020000,13.55,10,13.55,40,13.6,13,2,2022-08-09 09:12:39
1660036360879158000,13.55,2,13.55,38,13.6,13,2,2022-08-09 09:12:40
1660036365820481000,13.55,1,13.55,38,13.6,13,2,2022-08-09 09:12:45
1660036397498120000,13.55,1,13.55,68,13.6,23,2,2022-08-09 09:13:17
1660036398622742000,13.55,1,13.55,67,13.6,23,2,2022-08-09 09:13:18
1660036400947306000,13.6,10,13.55,67,13.6,13,1,2022-08-09 09:13:20
1660036406028188000,13.55,3,13.55,65,13.6,18,2,2022-08-09 09:13:26
1660036406880956000,13.55,5,13.55,60,13.6,18,2,2022-08-09 09:13:26
1660036409299774000,13.6,2,13.55,61,13.6,11,1,2022-08-09 09:13:29
1660036420190353000,13.6,1,13.55,86,13.6,10,1,2022-08-09 09:13:40
1660036422786794000,13.6,1,13.55,96,13.6,9,1,2022-08-09 09:13:42
1660036424449154000,13.6,5,13.55,96,13.6,4,1,2022-08-09 09:13:44
1660036429141030000,13.6,4,13.55,102,13.65,10,1,2022-08-09 09:13:49
1660036450536756000,13.6,42,13.55,102,13.6,8,2,2022-08-09 09:14:10
1660036451453294000,13.6,5,13.55,102,13.6,3,1,2022-08-09 09:14:11
1660036452496311000,13.6,1,13.55,103,13.6,2,1,2022-08-09 09:14:12
1660036456888518000,13.6,1,13.55,103,13.6,1,1,2022-08-09 09:14:16
1660036467579997000,13.6,1,13.55,110,13.6,10,1,2022-08-09 09:14:27
1660036472778524000,13.6,10,13.55,102,13.6,11,1,2022-08-09 09:14:32
1660036480584103000,13.6,1,13.55,102,13.6,2,1,2022-08-09 09:14:40
1660036483719934000,13.6,1,13.55,104,13.6,1,1,2022-08-09 09:14:43
1660036484592079000,13.55,56,13.55,48,13.6,1,2,2022-08-09 09:14:44
1660036492214908000,13.6,1,13.6,4,13.65,11,1,2022-08-09 09:14:52
1660036542744579000,13.6,10,13.6,23,13.65,15,2,2022-08-09 09:15:42
1660036548285667000,13.6,1,13.6,22,13.65,15,2,2022-08-09 09:15:48
1660036583983440000,13.6,3,13.6,81,13.65,12,2,2022-08-09 09:16:23
1660036587748083000,13.6,1,13.6,80,13.65,12,2,2022-08-09 09:16:27
1660036594467839000,13.6,10,13.6,75,13.65,12,2,2022-08-09 09:16:34
1660036595021767000,13.6,1,13.6,74,13.65,12,2,2022-08-09 09:16:35
1660036596761373000,13.6,1,13.6,73,13.65,12,2,2022-08-09 09:16:36
1660036600417265000,13.6,1,13.6,72,13.65,12,2,2022-08-09 09:16:40
1660036606765276000,13.6,1,13.6,72,13.65,14,2,2022-08-09 09:16:46
1660036607090030000,13.6,1,13.6,71,13.65,14,2,2022-08-09 09:16:47
1660036610515029000,13.6,50,13.6,31,13.65,14,2,2022-08-09 09:16:50
1660036611552466000,13.65,10,13.6,31,13.65,4,1,2022-08-09 09:16:51
1660036613213148000,13.6,10,13.6,21,13.65,4,2,2022-08-09 09:16:53
1660036621994015000,13.65,1,13.6,19,13.65,3,1,2022-08-09 09:17:01
1660036630699087000,13.6,3,13.6,26,13.65,54,2,2022-08-09 09:17:10
1660036656723847000,13.6,2,13.6,35,13.65,54,2,2022-08-09 09:17:36
1660036669857208000,13.65,4,13.6,36,13.65,49,1,2022-08-09 09:17:49
1660036671367014000,13.65,3,13.6,36,13.65,46,1,2022-08-09 09:17:51
1660036673634307000,13.65,3,13.6,37,13.65,43,1,2022-08-09 09:17:53
1660036687605415000,13.6,10,13.6,47,13.65,47,2,2022-08-09 09:18:07
1660036693831019000,13.6,1,13.6,46,13.65,47,2,2022-08-09 09:18:13
1660036703694039000,13.6,1,13.6,40,13.65,47,2,2022-08-09 09:18:23
1660036731691185000,13.6,4,13.6,49,13.65,43,2,2022-08-09 09:18:51
1660036786690392000,13.6,1,13.6,63,13.65,43,2,2022-08-09 09:19:46
1660036801365716000,13.6,1,13.6,62,13.65,43,2,2022-08-09 09:20:01
1660036803774362000,13.6,2,13.6,60,13.65,43,2,2022-08-09 09:20:03
1660036833819269000,13.65,1,13.6,61,13.65,46,1,2022-08-09 09:20:33
1660036845726444000,13.6,10,13.6,51,13.65,42,2,2022-08-09 09:20:45
1660036846229225000,13.65,10,13.6,51,13.65,32,1,2022-08-09 09:20:46
1660036848590817000,13.65,10,13.6,51,13.65,22,1,2022-08-09 09:20:48
1660036855779256000,13.65,2,13.6,54,13.65,21,1,2022-08-09 09:20:55
1660036868394519000,13.65,1,13.6,54,13.65,20,1,2022-08-09 09:21:08
1660036877324737000,13.65,5,13.6,54,13.65,15,1,2022-08-09 09:21:17
1660036886770222000,13.65,1,13.6,55,13.65,24,1,2022-08-09 09:21:26
1660036893162876000,13.65,1,13.6,55,13.65,23,1,2022-08-09 09:21:33
1660036897035513000,13.65,5,13.6,55,13.65,28,1,2022-08-09 09:21:37
1660036950440093000,13.65,1,13.6,58,13.65,27,1,2022-08-09 09:22:30
1660036963229108000,13.65,5,13.6,57,13.65,37,1,2022-08-09 09:22:43
1660036974611074000,13.65,10,13.6,60,13.65,27,1,2022-08-09 09:22:54
1660037015871000000,13.6,5,13.6,63,13.65,32,2,2022-08-09 09:23:35
1660037019752160000,13.6,5,13.6,58,13.65,32,2,2022-08-09 09:23:39
1660037020100492000,13.6,5,13.6,53,13.65,27,2,2022-08-09 09:23:40
1660037037402338000,13.65,2,13.6,58,13.65,25,1,2022-08-09 09:23:57
1660037046887625000,13.6,57,13.6,1,13.65,25,2,2022-08-09 09:24:06
1660037046920349000,13.6,1,13.6,1,13.65,25,2,2022-08-09 09:24:06
1660037048382179000,13.65,1,13.55,320,13.65,24,1,2022-08-09 09:24:08
1660037078226494000,13.65,2,13.6,1,13.65,32,1,2022-08-09 09:24:38
1660037087536501000,13.65,1,13.6,16,13.65,34,1,2022-08-09 09:24:47
1660037093576028000,13.65,1,13.6,21,13.65,27,1,2022-08-09 09:24:53
1660037143114919000,13.65,2,13.6,32,13.65,27,1,2022-08-09 09:25:43
1660037157478322000,13.6,3,13.6,24,13.65,24,2,2022-08-09 09:25:57
1660037164020957000,13.6,5,13.6,19,13.65,24,2,2022-08-09 09:26:04
1660037164564920000,13.65,5,13.6,19,13.65,19,1,2022-08-09 09:26:04
1660037182337447000,13.6,2,13.6,21,13.65,19,2,2022-08-09 09:26:22
1660037186081404000,13.6,1,13.6,20,13.65,19,2,2022-08-09 09:26:26
1660037191888005000,13.65,5,13.6,20,13.65,22,1,2022-08-09 09:26:31
1660037215687934000,13.6,2,13.6,26,13.65,14,2,2022-08-09 09:26:55
1660037225119477000,13.6,2,13.6,31,13.65,12,2,2022-08-09 09:27:05
1660037225357782000,13.6,3,13.6,28,13.65,12,2,2022-08-09 09:27:05
1660037232153422000,13.6,3,13.6,20,13.65,12,2,2022-08-09 09:27:12
1660037259545912000,13.6,5,13.6,15,13.65,37,2,2022-08-09 09:27:39
1660037272690463000,13.6,3,13.6,12,13.65,37,2,2022-08-09 09:27:52
1660037282104944000,13.6,2,13.6,10,13.65,37,2,2022-08-09 09:28:02
1660037289384101000,13.6,10,13.6,1,13.65,37,2,2022-08-09 09:28:09
1660037295216014000,13.6,1,13.55,116,13.65,37,2,2022-08-09 09:28:15
1660037327117643000,13.65,4,13.6,5,13.65,33,1,2022-08-09 09:28:47
1660037383922989000,13.65,5,13.6,108,13.65,33,1,2022-08-09 09:29:43
1660037397339360000,13.6,1,13.6,114,13.65,33,2,2022-08-09 09:29:57
1660037401212341000,13.65,1,13.6,113,13.65,32,1,2022-08-09 09:30:01
1660037429040643000,13.65,1,13.6,112,13.65,46,1,2022-08-09 09:30:29
1660037539576913000,13.65,1,13.6,149,13.65,35,1,2022-08-09 09:32:19
1660037548022054000,13.65,1,13.6,149,13.65,39,1,2022-08-09 09:32:28
1660037552559304000,13.65,1,13.6,149,13.65,38,1,2022-08-09 09:32:32
1660037569033619000,13.65,5,13.6,152,13.65,34,1,2022-08-09 09:32:49
1660037587822989000,13.65,9,13.6,152,13.65,25,1,2022-08-09 09:33:07
1660037588035306000,13.65,9,13.6,152,13.65,16,1,2022-08-09 09:33:08
1660037591936924000,13.65,5,13.6,154,13.65,11,1,2022-08-09 09:33:11
1660037600487222000,13.65,5,13.6,154,13.65,6,1,2022-08-09 09:33:20
1660037609146803000,13.65,1,13.6,155,13.65,5,1,2022-08-09 09:33:29
1660037614995042000,13.65,1,13.6,155,13.65,4,1,2022-08-09 09:33:34
1660037617500352000,13.65,1,13.6,155,13.65,3,1,2022-08-09 09:33:37
1660037651571711000,13.65,3,13.6,160,13.7,177,1,2022-08-09 09:34:11
1660037682227743000,13.65,1,13.65,1,13.7,176,2,2022-08-09 09:34:42
1660037737116750000,13.65,3,13.65,8,13.7,177,2,2022-08-09 09:35:37
1660037738773801000,13.65,1,13.65,7,13.7,177,2,2022-08-09 09:35:38
1660037738982415000,13.65,7,13.6,159,13.7,177,2,2022-08-09 09:35:38
1660037751120877000,13.65,1,13.6,159,13.7,177,1,2022-08-09 09:35:51
1660037769214586000,13.65,4,13.6,159,13.65,1,1,2022-08-09 09:36:09
1660037806234523000,13.65,1,13.6,162,13.65,15,1,2022-08-09 09:36:46
1660037811865061000,13.65,1,13.6,162,13.65,25,1,2022-08-09 09:36:51
1660037878760542000,13.65,10,13.6,162,13.65,35,1,2022-08-09 09:37:58
1660037906912385000,13.65,1,13.6,163,13.65,43,1,2022-08-09 09:38:26
1660037926841068000,13.65,1,13.6,163,13.65,42,1,2022-08-09 09:38:46
1660037934394678000,13.65,1,13.6,163,13.65,41,1,2022-08-09 09:38:54
1660037947603724000,13.65,10,13.6,163,13.65,21,1,2022-08-09 09:39:07
1660037957044587000,13.65,2,13.6,160,13.65,19,1,2022-08-09 09:39:17
1660037958704755000,13.65,19,13.65,31,13.7,184,1,2022-08-09 09:39:18
1660037958738603000,13.65,31,13.6,160,13.7,184,2,2022-08-09 09:39:18
1660037962759427000,13.7,2,13.6,161,13.7,182,1,2022-08-09 09:39:22
1660037968661015000,13.7,1,13.6,161,13.7,181,1,2022-08-09 09:39:28
1660037991448220000,13.6,3,13.6,160,13.65,10,2,2022-08-09 09:39:51
1660037991908895000,13.65,2,13.6,160,13.65,8,1,2022-08-09 09:39:51
1660038003752494000,13.65,1,13.6,158,13.65,7,1,2022-08-09 09:40:03
1660038011170820000,13.65,8,13.6,158,13.7,180,1,2022-08-09 09:40:11
1660038024705342000,13.65,10,13.6,158,13.7,180,1,2022-08-09 09:40:24
1660038071741555000,13.7,2,13.65,52,13.7,179,1,2022-08-09 09:41:11
1660038087474037000,13.7,3,13.65,53,13.7,181,1,2022-08-09 09:41:27
1660038090364392000,13.7,1,13.65,53,13.7,180,1,2022-08-09 09:41:30
1660038105473414000,13.65,64,13.6,170,13.65,36,2,2022-08-09 09:41:45
1660038107057452000,13.65,10,13.6,170,13.65,26,1,2022-08-09 09:41:47
1660038108060654000,13.65,5,13.6,170,13.65,21,1,2022-08-09 09:41:48
1660038108680623000,13.65,1,13.6,170,13.65,20,1,2022-08-09 09:41:48
1660038116630153000,13.65,1,13.6,170,13.65,19,1,2022-08-09 09:41:56
1660038118689279000,13.6,1,13.6,170,13.65,19,2,2022-08-09 09:41:58
1660038126614097000,13.65,5,13.6,170,13.65,24,1,2022-08-09 09:42:06
1660038126879792000,13.65,24,13.65,6,13.7,180,1,2022-08-09 09:42:06
1660038130417757000,13.65,6,13.6,165,13.7,175,2,2022-08-09 09:42:10
1660038138543186000,13.65,1,13.6,165,13.65,1,1,2022-08-09 09:42:18
1660038138979344000,13.65,1,13.6,165,13.7,175,1,2022-08-09 09:42:18
1660038153294713000,13.7,2,13.65,6,13.7,173,1,2022-08-09 09:42:33
1660038164947058000,13.7,20,13.65,8,13.7,153,1,2022-08-09 09:42:44
1660038177616758000,13.65,3,13.65,13,13.7,152,2,2022-08-09 09:42:57
1660038179185869000,13.7,3,13.65,14,13.7,148,1,2022-08-09 09:42:59
1660038182008608000,13.65,3,13.65,11,13.7,148,2,2022-08-09 09:43:02
1660038185691671000,13.65,3,13.65,12,13.7,148,2,2022-08-09 09:43:05
1660038191520318000,13.65,1,13.65,33,13.7,148,2,2022-08-09 09:43:11
1660038198130052000,13.7,30,13.65,33,13.7,118,1,2022-08-09 09:43:18
1660038256397739000,13.65,20,13.65,49,13.7,121,2,2022-08-09 09:44:16
1660038268638199000,13.7,5,13.65,44,13.7,116,1,2022-08-09 09:44:28
1660038275128220000,13.65,3,13.65,41,13.7,116,2,2022-08-09 09:44:35
1660038290528864000,13.7,2,13.65,44,13.7,114,1,2022-08-09 09:44:50
1660038294243388000,13.65,5,13.65,39,13.7,114,2,2022-08-09 09:44:54
1660038297601103000,13.65,1,13.65,38,13.7,114,2,2022-08-09 09:44:57
1660038314953394000,13.65,10,13.65,32,13.7,164,2,2022-08-09 09:45:14
1660038315664889000,13.65,1,13.65,31,13.7,214,2,2022-08-09 09:45:15
1660038332865867000,13.7,1,13.65,31,13.7,213,1,2022-08-09 09:45:32
1660038336331510000,13.65,20,13.65,11,13.7,213,2,2022-08-09 09:45:36
1660038336346010000,13.65,11,13.6,181,13.7,213,2,2022-08-09 09:45:36
1660038348403431000,13.65,1,13.65,2,13.7,216,2,2022-08-09 09:45:48
1660038348434690000,13.65,2,13.6,181,13.7,216,2,2022-08-09 09:45:48
1660038365408347000,13.65,5,13.6,181,13.65,14,1,2022-08-09 09:46:05
1660038366446890000,13.65,1,13.6,181,13.65,5,1,2022-08-09 09:46:06
1660038385296846000,13.65,53,13.6,184,13.7,117,1,2022-08-09 09:46:25
1660038385296846000,13.7,97,13.6,184,13.7,117,1,2022-08-09 09:46:25
1660038405268059000,13.65,3,13.6,184,13.65,2,2,2022-08-09 09:46:45
1660038406120439000,13.65,2,13.65,3,13.7,117,1,2022-08-09 09:46:46
1660038412974895000,13.65,2,13.65,1,13.7,122,2,2022-08-09 09:46:52
1660038413002915000,13.65,1,13.6,184,13.7,122,2,2022-08-09 09:46:53
1660038433441041000,13.65,1,13.65,6,13.7,123,2,2022-08-09 09:47:13
1660038440929078000,13.7,10,13.65,11,13.7,114,1,2022-08-09 09:47:20
1660038452459105000,13.65,10,13.65,1,13.7,114,2,2022-08-09 09:47:32
1660038453128022000,13.7,5,13.65,1,13.7,109,1,2022-08-09 09:47:33
1660038476445245000,13.65,1,13.6,187,13.65,1,2,2022-08-09 09:47:56
1660038479008616000,13.65,1,13.6,187,13.7,110,1,2022-08-09 09:47:59
1660038494425887000,13.65,1,13.65,13,13.7,110,2,2022-08-09 09:48:14
1660038513733369000,13.65,10,13.65,3,13.7,112,2,2022-08-09 09:48:33
1660038522243858000,13.65,3,13.6,187,13.7,112,2,2022-08-09 09:48:42
1660038585278909000,13.6,50,13.6,142,13.65,40,2,2022-08-09 09:49:45
1660038585518037000,13.6,9,13.6,133,13.65,40,2,2022-08-09 09:49:45
1660038602988717000,13.65,2,13.6,133,13.65,43,1,2022-08-09 09:50:02
1660038606672206000,13.6,1,13.6,132,13.65,43,2,2022-08-09 09:50:06
1660038608905456000,13.6,1,13.6,131,13.65,43,2,2022-08-09 09:50:08
1660038615513547000,13.6,5,13.6,126,13.65,43,2,2022-08-09 09:50:15
1660038626298115000,13.65,5,13.6,136,13.65,38,1,2022-08-09 09:50:26
1660038631633344000,13.65,5,13.6,136,13.65,33,1,2022-08-09 09:50:31
1660038632763357000,13.6,50,13.6,86,13.65,33,2,2022-08-09 09:50:32
1660038635214020000,13.6,1,13.6,85,13.65,33,2,2022-08-09 09:50:35
1660038635771295000,13.6,1,13.6,84,13.65,34,2,2022-08-09 09:50:35
1660038635790848000,13.65,5,13.6,84,13.65,29,1,2022-08-09 09:50:35
1660038636268867000,13.6,1,13.6,83,13.65,29,2,2022-08-09 09:50:36
1660038637548434000,13.6,14,13.6,69,13.65,29,2,2022-08-09 09:50:37
1660038654689166000,13.6,50,13.6,20,13.65,30,2,2022-08-09 09:50:54
1660038654720399000,13.6,20,13.55,129,13.65,30,2,2022-08-09 09:50:54
1660038708127389000,13.6,10,13.55,135,13.6,14,1,2022-08-09 09:51:48
1660038725122748000,13.6,1,13.55,135,13.6,13,1,2022-08-09 09:52:05
1660038733522513000,13.6,3,13.55,135,13.6,12,1,2022-08-09 09:52:13
1660038735476950000,13.6,1,13.55,135,13.6,18,1,2022-08-09 09:52:15
1660038742126894000,13.6,5,13.55,135,13.6,13,1,2022-08-09 09:52:22
1660038748721485000,13.6,2,13.55,135,13.6,11,1,2022-08-09 09:52:28
1660038751866339000,13.6,3,13.55,130,13.6,15,1,2022-08-09 09:52:31
1660038752096694000,13.55,10,13.55,120,13.6,15,2,2022-08-09 09:52:32
1660038754621694000,13.6,10,13.55,120,13.6,15,1,2022-08-09 09:52:34
1660038770938796000,13.6,5,13.55,131,13.6,10,1,2022-08-09 09:52:50
1660038799736566000,13.6,4,13.55,132,13.6,12,1,2022-08-09 09:53:19
1660038811069844000,13.6,1,13.55,132,13.6,11,1,2022-08-09 09:53:31
1660038823843864000,13.6,10,13.55,132,13.6,1,1,2022-08-09 09:53:43
1660038826730779000,13.6,1,13.6,3,13.65,49,1,2022-08-09 09:53:46
1660038843770784000,13.6,4,13.55,132,13.6,21,2,2022-08-09 09:54:03
1660038858717480000,13.6,1,13.55,133,13.6,35,1,2022-08-09 09:54:18
1660038908970873000,13.6,10,13.55,133,13.6,29,1,2022-08-09 09:55:08
1660038931964363000,13.6,10,13.55,133,13.6,9,1,2022-08-09 09:55:31
1660038943924844000,13.6,9,13.6,191,13.65,58,1,2022-08-09 09:55:43
1660038947364260000,13.65,1,13.6,191,13.65,49,1,2022-08-09 09:55:47
1660038972582621000,13.65,1,13.6,191,13.65,43,1,2022-08-09 09:56:12
1660038977433380000,13.65,4,13.6,194,13.65,39,1,2022-08-09 09:56:17
1660038981259217000,13.65,39,13.65,161,13.7,125,1,2022-08-09 09:56:21
1660039012367598000,13.7,24,13.65,176,13.7,102,1,2022-08-09 09:56:52
1660039025622054000,13.7,1,13.65,181,13.7,101,1,2022-08-09 09:57:05
1660039049795720000,13.7,3,13.65,181,13.7,98,1,2022-08-09 09:57:29
1660039059125998000,13.7,1,13.65,181,13.7,87,1,2022-08-09 09:57:39
1660039068826383000,13.7,2,13.65,181,13.7,85,1,2022-08-09 09:57:48
1660039111181802000,13.7,10,13.65,183,13.7,79,1,2022-08-09 09:58:31
1660039117826063000,13.7,10,13.65,184,13.7,69,1,2022-08-09 09:58:37
1660039121505624000,13.7,4,13.65,184,13.7,65,1,2022-08-09 09:58:41
1660039123521018000,13.7,3,13.65,184,13.7,62,1,2022-08-09 09:58:43
1660039126194389000,13.7,1,13.65,184,13.7,61,1,2022-08-09 09:58:46
1660039139737995000,13.7,1,13.65,184,13.7,80,1,2022-08-09 09:58:59
1660039149925290000,13.7,3,13.65,184,13.7,77,1,2022-08-09 09:59:09
1660039168288812000,13.7,10,13.65,184,13.7,69,1,2022-08-09 09:59:28
1660039174847819000,13.7,5,13.65,194,13.7,64,1,2022-08-09 09:59:34
1660039177794458000,13.7,1,13.65,194,13.7,63,1,2022-08-09 09:59:37
1660039205809014000,13.65,2,13.65,192,13.7,94,2,2022-08-09 10:00:05
1660039293599102000,13.65,6,13.65,205,13.7,97,2,2022-08-09 10:01:33
1660039306528208000,13.65,1,13.65,224,13.7,97,2,2022-08-09 10:01:46
1660039311087115000,13.65,1,13.65,223,13.7,97,2,2022-08-09 10:01:51
1660039319457506000,13.65,4,13.65,219,13.7,97,2,2022-08-09 10:01:59
1660039325281677000,13.7,1,13.65,229,13.7,96,1,2022-08-09 10:02:05
1660039334861127000,13.65,4,13.65,225,13.7,96,2,2022-08-09 10:02:14
1660039340479286000,13.7,2,13.65,225,13.7,94,1,2022-08-09 10:02:20
1660039345897124000,13.7,10,13.65,215,13.7,84,1,2022-08-09 10:02:25
1660039356109748000,13.7,2,13.65,215,13.7,82,1,2022-08-09 10:02:36
1660039386473530000,13.7,3,13.65,215,13.7,79,1,2022-08-09 10:03:06
1660039406860452000,13.7,1,13.65,215,13.7,78,1,2022-08-09 10:03:26
1660039416357997000,13.7,2,13.65,215,13.7,76,1,2022-08-09 10:03:36
1660039505651105000,13.7,5,13.65,206,13.7,71,1,2022-08-09 10:05:05
1660039544902464000,13.7,4,13.65,206,13.7,70,1,2022-08-09 10:05:44
1660039563252456000,13.7,4,13.65,206,13.7,263,1,2022-08-09 10:06:03
1660039597819553000,13.7,20,13.65,216,13.7,243,1,2022-08-09 10:06:37
1660039600942657000,13.7,10,13.65,216,13.7,233,1,2022-08-09 10:06:40
1660039602329659000,13.7,6,13.65,216,13.7,227,1,2022-08-09 10:06:42
1660039603001695000,13.7,2,13.65,216,13.7,225,1,2022-08-09 10:06:43
1660039606194199000,13.7,40,13.65,216,13.7,185,1,2022-08-09 10:06:46
1660039607192672000,13.7,2,13.65,216,13.7,183,1,2022-08-09 10:06:47
1660039607836855000,13.7,2,13.65,216,13.7,181,1,2022-08-09 10:06:47
1660039609438742000,13.7,1,13.65,216,13.7,180,1,2022-08-09 10:06:49
1660039611323565000,13.7,10,13.65,216,13.7,170,1,2022-08-09 10:06:51
1660039617842566000,13.7,5,13.65,217,13.7,165,1,2022-08-09 10:06:57
1660039625103381000,13.7,5,13.65,229,13.7,160,1,2022-08-09 10:07:05
1660039625793314000,13.7,10,13.65,229,13.7,150,1,2022-08-09 10:07:05
1660039626190421000,13.7,20,13.65,229,13.7,130,1,2022-08-09 10:07:06
1660039627471394000,13.7,10,13.65,231,13.7,120,1,2022-08-09 10:07:07
1660039629119541000,13.7,1,13.65,231,13.7,119,1,2022-08-09 10:07:09
1660039630586577000,13.7,30,13.65,231,13.7,89,1,2022-08-09 10:07:10
1660039630726683000,13.7,4,13.65,231,13.7,85,1,2022-08-09 10:07:10
1660039631335850000,13.7,5,13.65,231,13.7,80,1,2022-08-09 10:07:11
1660039631932132000,13.7,3,13.65,231,13.7,77,1,2022-08-09 10:07:11
1660039632090079000,13.7,1,13.65,231,13.7,76,1,2022-08-09 10:07:12
1660039632811949000,13.7,10,13.65,231,13.7,66,1,2022-08-09 10:07:12
1660039633806051000,13.7,20,13.65,231,13.7,46,1,2022-08-09 10:07:13
1660039633833782000,13.7,12,13.65,231,13.7,34,1,2022-08-09 10:07:13
1660039633972409000,13.7,10,13.65,231,13.7,24,1,2022-08-09 10:07:13
1660039634000350000,13.7,17,13.65,231,13.7,7,1,2022-08-09 10:07:14
1660039634764517000,13.7,7,13.7,13,13.75,285,1,2022-08-09 10:07:14
1660039638715803000,13.75,1,13.7,46,13.75,284,1,2022-08-09 10:07:18
1660039649322007000,13.75,3,13.7,77,13.75,281,1,2022-08-09 10:07:29
1660039654839161000,13.75,5,13.7,83,13.75,276,1,2022-08-09 10:07:34
1660039658783877000,13.75,10,13.7,88,13.75,266,1,2022-08-09 10:07:38
1660039659506694000,13.75,50,13.7,88,13.75,216,1,2022-08-09 10:07:39
1660039661770048000,13.75,2,13.7,288,13.75,214,1,2022-08-09 10:07:41
1660039666947424000,13.75,5,13.7,338,13.75,209,1,2022-08-09 10:07:46
1660039670507643000,13.75,5,13.7,339,13.75,204,1,2022-08-09 10:07:50
1660039671978259000,13.75,10,13.7,289,13.75,194,1,2022-08-09 10:07:51
1660039679633702000,13.75,1,13.7,300,13.75,193,1,2022-08-09 10:07:59
1660039683809898000,13.75,50,13.7,304,13.75,143,1,2022-08-09 10:08:03
1660039684048905000,13.75,12,13.7,304,13.75,143,1,2022-08-09 10:08:04
1660039686913777000,13.75,1,13.7,304,13.75,130,1,2022-08-09 10:08:06
1660039688362730000,13.75,1,13.7,304,13.75,129,1,2022-08-09 10:08:08
1660039688484156000,13.75,5,13.7,304,13.75,129,1,2022-08-09 10:08:08
1660039688876788000,13.75,2,13.7,304,13.75,122,1,2022-08-09 10:08:08
1660039691576594000,13.75,1,13.7,304,13.75,121,1,2022-08-09 10:08:11
1660039692023265000,13.75,1,13.7,304,13.75,120,1,2022-08-09 10:08:12
1660039693979196000,13.75,10,13.7,304,13.75,110,1,2022-08-09 10:08:13
1660039695519644000,13.75,10,13.7,304,13.75,100,1,2022-08-09 10:08:15
1660039696170296000,13.75,1,13.7,303,13.75,99,1,2022-08-09 10:08:16
1660039696697401000,13.75,15,13.7,303,13.75,84,1,2022-08-09 10:08:16
1660039698794109000,13.75,20,13.7,303,13.75,64,1,2022-08-09 10:08:18
1660039701293886000,13.75,2,13.7,303,13.75,62,1,2022-08-09 10:08:21
1660039703115944000,13.75,50,13.7,303,13.75,12,1,2022-08-09 10:08:23
1660039703140196000,13.75,12,13.7,303,13.8,59,1,2022-08-09 10:08:23
1660039714073288000,13.8,1,13.75,33,13.8,58,1,2022-08-09 10:08:34
1660039714101930000,13.8,58,13.75,33,13.85,25,1,2022-08-09 10:08:34
1660039715765847000,13.75,1,13.75,82,13.85,25,2,2022-08-09 10:08:35
1660039721623464000,13.85,5,13.8,5,13.85,20,1,2022-08-09 10:08:41
1660039729030961000,13.85,2,13.8,23,13.85,20,1,2022-08-09 10:08:49
1660039733672889000,13.85,5,13.8,23,13.85,13,1,2022-08-09 10:08:53
1660039737179218000,13.85,1,13.8,33,13.85,12,1,2022-08-09 10:08:57
1660039738521986000,13.85,4,13.8,33,13.85,8,1,2022-08-09 10:08:58
1660039738746865000,13.85,8,13.8,33,13.9,44,1,2022-08-09 10:08:58
1660039758325453000,13.9,1,13.85,22,13.9,43,1,2022-08-09 10:09:18
1660039764470378000,13.9,1,13.85,22,13.9,42,1,2022-08-09 10:09:24
1660039765116887000,13.9,1,13.85,22,13.9,41,1,2022-08-09 10:09:25
1660039765831849000,13.9,15,13.85,22,13.9,26,1,2022-08-09 10:09:25
1660039766406777000,13.9,1,13.85,23,13.9,25,1,2022-08-09 10:09:26
1660039766618507000,13.9,5,13.85,18,13.9,20,1,2022-08-09 10:09:26
1660039773377136000,13.9,1,13.85,18,13.9,19,1,2022-08-09 10:09:33
1660039773471986000,13.9,3,13.85,18,13.9,16,1,2022-08-09 10:09:33
1660039775342085000,13.9,15,13.85,18,13.9,1,1,2022-08-09 10:09:35
1660039776950924000,13.9,1,13.9,1,13.95,48,1,2022-08-09 10:09:36
1660039782837707000,13.95,1,13.9,9,13.95,47,1,2022-08-09 10:09:42
1660039786058291000,13.95,1,13.9,12,13.95,46,1,2022-08-09 10:09:46
1660039788413252000,13.95,2,13.9,13,13.95,39,1,2022-08-09 10:09:48
1660039790147249000,13.95,9,13.9,13,13.95,30,1,2022-08-09 10:09:50
1660039800288795000,13.95,2,13.9,20,13.95,29,1,2022-08-09 10:10:00
1660039804200708000,13.95,10,13.9,20,13.95,19,1,2022-08-09 10:10:04
1660039809572685000,13.95,3,13.9,30,13.95,16,1,2022-08-09 10:10:09
1660039812929056000,13.95,5,13.9,34,13.95,11,1,2022-08-09 10:10:12
1660039814503079000,13.95,1,13.9,34,13.95,10,1,2022-08-09 10:10:14
1660039818359636000,13.95,10,13.95,2,14.0,96,1,2022-08-09 10:10:18
1660039818384569000,13.95,2,13.9,34,14.0,96,2,2022-08-09 10:10:18
1660039825426148000,13.95,2,13.95,2,14.0,79,2,2022-08-09 10:10:25
1660039831577517000,13.95,3,13.95,2,14.0,99,1,2022-08-09 10:10:31
1660039841575855000,13.95,8,13.9,32,13.95,2,2,2022-08-09 10:10:41
1660039845061122000,13.95,1,13.9,32,13.95,3,1,2022-08-09 10:10:45
1660039847555290000,13.95,1,13.9,32,13.95,2,1,2022-08-09 10:10:47
1660039850698334000,13.95,2,13.95,1,14.0,79,1,2022-08-09 10:10:50
1660039852651545000,13.95,1,13.9,31,14.0,99,2,2022-08-09 10:10:52
1660039852651545000,13.9,7,13.9,31,14.0,99,2,2022-08-09 10:10:52
1660039853683083000,13.95,1,13.95,19,14.0,99,1,2022-08-09 10:10:53
1660039861175857000,13.95,5,13.95,14,14.0,79,2,2022-08-09 10:11:01
1660039861667553000,13.95,1,13.95,13,14.0,96,2,2022-08-09 10:11:01
1660039861689840000,13.95,13,13.9,31,14.0,96,2,2022-08-09 10:11:01
1660039870348295000,13.95,1,13.9,31,13.95,36,1,2022-08-09 10:11:10
1660039870469404000,13.9,6,13.9,25,13.95,36,2,2022-08-09 10:11:10
1660039872809671000,13.9,10,13.9,15,13.95,36,2,2022-08-09 10:11:12
1660039876535542000,13.9,1,13.9,14,13.95,36,2,2022-08-09 10:11:16
1660039877549510000,13.9,14,13.85,10,13.9,6,2,2022-08-09 10:11:17
1660039882721454000,13.9,1,13.85,9,13.9,28,1,2022-08-09 10:11:22
1660039898838780000,13.9,4,13.85,13,13.9,3,1,2022-08-09 10:11:38
1660039907958339000,13.9,1,13.85,11,13.9,19,1,2022-08-09 10:11:47
1660039917447956000,13.9,1,13.85,25,13.9,1,1,2022-08-09 10:11:57
1660039917762314000,13.9,1,13.85,25,13.95,34,1,2022-08-09 10:11:57
1660039923996100000,13.85,3,13.85,22,13.95,34,2,2022-08-09 10:12:03
1660039950641893000,13.85,1,13.85,37,13.95,45,2,2022-08-09 10:12:30
1660039970000147000,13.85,1,13.85,46,13.95,44,2,2022-08-09 10:12:50
1660039987224339000,13.85,15,13.85,31,13.9,13,2,2022-08-09 10:13:07
1660039987471094000,13.85,31,13.8,42,13.9,13,2,2022-08-09 10:13:07
1660039989497057000,13.9,3,13.85,2,13.9,10,1,2022-08-09 10:13:09
1660039998056485000,13.9,2,13.85,4,13.95,49,1,2022-08-09 10:13:18
1660040032432825000,13.9,5,13.85,27,13.9,17,1,2022-08-09 10:13:52
1660040058718782000,13.9,5,13.85,27,13.9,20,1,2022-08-09 10:14:18
1660040065786601000,13.9,12,13.85,37,13.95,41,1,2022-08-09 10:14:25
1660040065786601000,13.95,8,13.85,37,13.95,41,1,2022-08-09 10:14:25
1660040101203353000,13.95,4,13.9,21,13.95,16,1,2022-08-09 10:15:01
1660040107557995000,13.95,1,13.9,20,13.95,15,1,2022-08-09 10:15:07
1660040126440854000,13.95,1,13.9,20,13.95,31,1,2022-08-09 10:15:26
1660040153381806000,13.95,2,13.9,34,13.95,31,1,2022-08-09 10:15:53
1660040170700938000,13.95,2,13.9,34,13.95,29,1,2022-08-09 10:16:10
1660040171922981000,13.95,9,13.9,34,13.95,20,1,2022-08-09 10:16:11
1660040172526821000,13.95,5,13.9,34,13.95,7,1,2022-08-09 10:16:12
1660040175335458000,13.95,5,13.9,34,13.95,2,1,2022-08-09 10:16:15
1660040176642026000,13.95,1,13.9,34,13.95,1,1,2022-08-09 10:16:16
1660040179660280000,13.95,1,13.9,34,14.0,105,1,2022-08-09 10:16:19
1660040205174802000,14.0,1,13.95,17,14.0,88,1,2022-08-09 10:16:45
1660040210658793000,14.0,1,13.95,27,14.0,89,1,2022-08-09 10:16:50
1660040216957629000,14.0,2,13.95,26,14.0,87,1,2022-08-09 10:16:56
1660040225917633000,14.0,1,13.95,26,14.0,86,1,2022-08-09 10:17:05
1660040236433661000,13.95,1,13.95,25,14.0,86,2,2022-08-09 10:17:16
1660040272315834000,13.95,1,13.95,35,14.0,95,2,2022-08-09 10:17:52
1660040272533675000,13.95,35,13.9,30,14.0,95,2,2022-08-09 10:17:52
1660040277153791000,13.95,1,13.95,9,14.0,86,2,2022-08-09 10:17:57
1660040277365506000,13.95,9,13.9,20,14.0,86,2,2022-08-09 10:17:57
1660040308781832000,13.95,1,13.9,20,13.95,8,1,2022-08-09 10:18:28
1660040371259529000,13.95,5,13.9,22,13.95,39,1,2022-08-09 10:19:31
1660040378966833000,13.95,1,13.9,22,13.95,38,1,2022-08-09 10:19:38
1660040454954063000,13.95,5,13.9,40,13.95,36,1,2022-08-09 10:20:54
1660040470184870000,13.95,2,13.9,40,13.95,34,1,2022-08-09 10:21:10
1660040473112621000,13.95,3,13.9,40,13.95,31,1,2022-08-09 10:21:13
1660040486430013000,13.95,1,13.9,50,13.95,30,1,2022-08-09 10:21:26
1660040502024106000,13.95,8,13.9,50,13.95,24,1,2022-08-09 10:21:42
1660040505284387000,13.95,2,13.9,50,13.95,23,1,2022-08-09 10:21:45
1660040506038185000,13.95,3,13.9,47,13.95,21,1,2022-08-09 10:21:46
1660040506327870000,13.95,1,13.9,47,13.95,20,1,2022-08-09 10:21:46
1660040515266525000,13.9,1,13.9,46,13.95,20,2,2022-08-09 10:21:55
1660040520564061000,13.9,1,13.9,45,13.95,20,2,2022-08-09 10:22:00
1660040521184179000,13.95,1,13.9,45,13.95,19,1,2022-08-09 10:22:01
1660040533983902000,13.95,10,13.9,45,13.95,9,1,2022-08-09 10:22:13
1660040540775300000,13.95,12,13.95,8,14.0,90,1,2022-08-09 10:22:20
1660040542758218000,13.95,1,13.95,7,14.0,89,2,2022-08-09 10:22:22
1660040554379487000,13.95,1,13.95,6,14.0,92,2,2022-08-09 10:22:34
1660040555981767000,13.95,4,13.95,2,14.0,92,2,2022-08-09 10:22:35
1660040564017336000,13.95,1,13.95,6,14.0,92,2,2022-08-09 10:22:44
1660040568242407000,13.95,1,13.95,5,14.0,92,2,2022-08-09 10:22:48
1660040581519013000,13.95,1,13.95,4,14.0,92,2,2022-08-09 10:23:01
1660040595798950000,13.95,1,13.95,6,14.0,92,2,2022-08-09 10:23:15
1660040611247165000,13.95,1,13.95,5,14.0,92,2,2022-08-09 10:23:31
1660040614525331000,13.95,1,13.95,5,14.0,92,2,2022-08-09 10:23:34
1660040621549355000,14.0,1,13.95,5,14.0,91,1,2022-08-09 10:23:41
1660040624286108000,13.95,1,13.95,4,14.0,91,2,2022-08-09 10:23:44
1660040629230508000,13.95,1,13.95,3,14.0,91,2,2022-08-09 10:23:49
1660040647110242000,13.95,1,13.95,13,14.0,93,2,2022-08-09 10:24:07
1660040647261344000,13.95,3,13.95,10,14.0,93,2,2022-08-09 10:24:07
1660040662741322000,13.95,1,13.95,33,14.0,93,2,2022-08-09 10:24:22
1660040666450202000,13.95,4,13.95,29,14.0,93,2,2022-08-09 10:24:26
1660040743008904000,14.0,2,13.95,30,14.0,105,1,2022-08-09 10:25:43
1660040746833751000,13.95,10,13.95,20,14.0,105,2,2022-08-09 10:25:46
1660040752308674000,14.0,50,13.95,21,14.0,60,1,2022-08-09 10:25:52
1660040759114403000,13.95,5,13.95,17,14.0,60,2,2022-08-09 10:25:59
1660040776781675000,14.0,2,13.95,25,14.0,60,1,2022-08-09 10:26:16
1660040783853613000,14.0,3,13.95,40,14.0,57,1,2022-08-09 10:26:23
1660040789561281000,14.0,20,13.95,40,14.0,37,1,2022-08-09 10:26:29
1660040791397099000,14.0,5,13.95,40,14.0,32,1,2022-08-09 10:26:31
1660040794534182000,14.0,1,13.95,44,14.0,31,1,2022-08-09 10:26:34
1660040795804216000,14.0,1,13.95,44,14.0,30,1,2022-08-09 10:26:35
1660040803961579000,14.0,2,13.95,49,14.0,28,1,2022-08-09 10:26:43
1660040827490445000,14.0,3,13.95,55,14.0,29,1,2022-08-09 10:27:07
1660040836005443000,14.0,1,13.95,51,14.0,38,1,2022-08-09 10:27:16
1660040837966180000,14.0,2,13.95,51,14.0,36,1,2022-08-09 10:27:17
1660040844029123000,14.0,2,13.95,51,14.0,45,1,2022-08-09 10:27:24
1660040852251716000,14.0,1,13.95,51,14.0,46,1,2022-08-09 10:27:32
1660040853306281000,14.0,15,13.95,51,14.0,31,1,2022-08-09 10:27:33
1660040860781466000,14.0,1,13.95,56,14.0,40,1,2022-08-09 10:27:40
1660040869692812000,14.0,1,13.95,56,14.0,37,1,2022-08-09 10:27:49
1660040886738075000,14.0,1,13.95,56,14.0,59,1,2022-08-09 10:28:06
1660040890309906000,14.0,1,13.95,56,14.0,58,1,2022-08-09 10:28:10
1660040892739078000,14.0,1,13.95,56,14.0,57,1,2022-08-09 10:28:12
1660040893383688000,14.0,6,13.95,56,14.0,51,1,2022-08-09 10:28:13
1660040911911112000,14.0,70,13.95,57,14.0,6,1,2022-08-09 10:28:31
1660040918000419000,14.0,2,13.95,57,14.0,4,1,2022-08-09 10:28:38
1660040920687912000,14.0,1,13.95,62,14.0,3,1,2022-08-09 10:28:40
1660040922221057000,14.0,1,13.95,62,14.0,10,1,2022-08-09 10:28:42
1660040923226644000,14.0,2,13.95,62,14.0,8,1,2022-08-09 10:28:43
1660040928371923000,14.0,1,13.95,63,14.0,17,1,2022-08-09 10:28:48
1660040932486511000,14.0,1,13.95,63,14.0,16,1,2022-08-09 10:28:52
1660040949162612000,14.0,1,13.95,62,14.0,15,1,2022-08-09 10:29:09
1660040956936116000,14.0,1,13.95,62,14.0,14,1,2022-08-09 10:29:16
1660040962971675000,13.95,5,13.95,56,14.0,14,2,2022-08-09 10:29:22
1660040975131577000,13.95,2,13.95,54,14.0,15,2,2022-08-09 10:29:35
1660041006109740000,14.0,3,13.95,55,14.0,16,1,2022-08-09 10:30:06
1660041038474661000,14.0,18,14.0,32,14.05,84,1,2022-08-09 10:30:38
1660041044843446000,14.0,1,14.0,31,14.05,76,2,2022-08-09 10:30:44
1660041045057978000,14.0,26,14.0,5,14.05,76,2,2022-08-09 10:30:45
1660041045085630000,14.0,5,13.95,63,14.05,82,2,2022-08-09 10:30:45
1660041052221048000,13.95,10,13.95,53,14.05,76,2,2022-08-09 10:30:52
1660041064607094000,14.0,1,13.95,58,14.05,76,2,2022-08-09 10:31:04
1660041080391109000,14.0,10,13.95,58,14.0,9,1,2022-08-09 10:31:20
1660041084198282000,14.0,9,14.0,1,14.05,76,1,2022-08-09 10:31:24
1660041096877925000,14.0,1,14.0,8,14.05,76,2,2022-08-09 10:31:36
1660041107205897000,14.0,3,14.0,10,14.05,76,2,2022-08-09 10:31:47
1660041121124281000,14.0,2,14.0,23,14.05,76,2,2022-08-09 10:32:01
1660041144150177000,14.0,3,14.0,31,14.05,88,2,2022-08-09 10:32:24
1660041150030271000,14.0,2,14.0,29,14.05,92,2,2022-08-09 10:32:30
1660041168829445000,14.0,5,14.0,24,14.05,92,2,2022-08-09 10:32:48
1660041189463326000,14.0,1,14.0,25,14.05,96,2,2022-08-09 10:33:09
1660041190788935000,14.0,5,14.0,20,14.05,96,2,2022-08-09 10:33:10
1660041202120778000,14.05,1,14.0,21,14.05,90,1,2022-08-09 10:33:22
1660041232144979000,14.05,1,14.0,21,14.05,93,1,2022-08-09 10:33:52
1660041255727699000,14.05,1,14.0,32,14.05,92,1,2022-08-09 10:34:15
1660041269698394000,14.05,10,14.0,32,14.05,83,1,2022-08-09 10:34:29
1660041275588740000,14.05,1,14.0,33,14.05,79,1,2022-08-09 10:34:35
1660041280528983000,14.05,5,14.0,36,14.05,75,1,2022-08-09 10:34:40
1660041281377011000,14.05,1,14.0,35,14.05,74,1,2022-08-09 10:34:41
1660041283195986000,14.05,1,14.0,35,14.05,73,1,2022-08-09 10:34:43
1660041285508730000,14.0,2,14.0,33,14.05,73,2,2022-08-09 10:34:45
1660041302406837000,14.0,1,14.0,42,14.05,82,2,2022-08-09 10:35:02
1660041309666823000,14.0,1,14.0,41,14.05,82,2,2022-08-09 10:35:09
1660041358963793000,14.0,2,14.0,40,14.05,98,2,2022-08-09 10:35:58
1660041362469873000,14.0,1,14.0,39,14.05,98,2,2022-08-09 10:36:02
1660041407604515000,14.0,30,14.0,21,14.05,98,2,2022-08-09 10:36:47
1660041411287789000,14.0,2,14.0,19,14.05,98,2,2022-08-09 10:36:51
1660041418520939000,14.0,2,14.0,17,14.05,98,2,2022-08-09 10:36:58
1660041423358996000,14.0,4,14.0,13,14.05,98,2,2022-08-09 10:37:03
1660041424540298000,14.0,5,14.0,8,14.05,98,2,2022-08-09 10:37:04
1660041435258592000,14.0,5,14.0,3,14.05,93,2,2022-08-09 10:37:15
1660041437433232000,14.0,3,13.95,70,14.0,7,2,2022-08-09 10:37:17
1660041457528802000,14.0,10,13.95,70,14.0,44,1,2022-08-09 10:37:37
1660041463652291000,14.0,4,13.95,70,14.0,40,1,2022-08-09 10:37:43
1660041506844016000,14.0,2,13.95,71,14.0,47,1,2022-08-09 10:38:26
1660041518525341000,14.0,10,13.95,71,14.0,37,1,2022-08-09 10:38:38
1660041535044209000,14.0,1,13.95,71,14.0,42,1,2022-08-09 10:38:55
1660041547099708000,14.0,1,13.95,70,14.0,41,1,2022-08-09 10:39:07
1660041594228496000,14.0,61,13.95,70,14.1,278,1,2022-08-09 10:39:54
1660041594228496000,14.05,83,13.95,70,14.1,278,1,2022-08-09 10:39:54
1660041594228496000,14.1,6,13.95,70,14.1,278,1,2022-08-09 10:39:54
1660041599913562000,14.0,1,13.95,72,14.0,3,1,2022-08-09 10:39:59
1660041600150699000,14.0,3,13.95,72,14.0,3,1,2022-08-09 10:40:00
1660041639220082000,14.05,1,14.0,20,14.05,1,1,2022-08-09 10:40:39
1660041641877645000,14.05,1,14.0,20,14.15,83,1,2022-08-09 10:40:41
1660041641877645000,14.1,278,14.0,20,14.15,83,1,2022-08-09 10:40:41
1660041656651673000,14.1,1,14.1,1,14.15,49,2,2022-08-09 10:40:56
1660041688573653000,14.1,25,14.05,16,14.1,5,2,2022-08-09 10:41:28
1660041689713116000,14.1,5,14.05,16,14.15,46,1,2022-08-09 10:41:29
1660041692266044000,14.15,1,14.05,16,14.15,48,1,2022-08-09 10:41:32
1660041694850702000,14.1,3,14.05,16,14.15,41,1,2022-08-09 10:41:34
1660041694850702000,14.15,7,14.05,16,14.15,41,1,2022-08-09 10:41:34
1660041694946310000,14.15,2,14.05,16,14.15,39,1,2022-08-09 10:41:34
1660041705687253000,14.15,5,14.1,28,14.15,33,1,2022-08-09 10:41:45
1660041705973842000,14.15,1,14.1,28,14.15,32,1,2022-08-09 10:41:45
1660041706246991000,14.15,1,14.1,28,14.15,31,1,2022-08-09 10:41:46
1660041706761620000,14.15,1,14.1,29,14.15,25,1,2022-08-09 10:41:46
1660041708387644000,14.15,10,14.1,35,14.15,15,1,2022-08-09 10:41:48
1660041708863731000,14.15,1,14.1,35,14.15,14,1,2022-08-09 10:41:48
1660041711128392000,14.15,20,14.15,1,14.2,73,1,2022-08-09 10:41:51
1660041716292501000,14.15,15,14.1,30,14.2,73,2,2022-08-09 10:41:56
1660041722272177000,14.15,2,14.15,7,14.2,73,2,2022-08-09 10:42:02
1660041728276658000,14.2,2,14.15,17,14.2,73,1,2022-08-09 10:42:08
1660041728892111000,14.15,1,14.15,16,14.2,71,2,2022-08-09 10:42:08
1660041729221925000,14.15,1,14.15,15,14.2,71,2,2022-08-09 10:42:09
1660041729515984000,14.15,1,14.15,14,14.2,71,2,2022-08-09 10:42:09
1660041731340968000,14.15,14,14.1,31,14.15,6,2,2022-08-09 10:42:11
1660041731621627000,14.15,1,14.1,31,14.15,5,1,2022-08-09 10:42:11
1660041732068821000,14.15,5,14.1,31,14.2,71,1,2022-08-09 10:42:12
1660041734383272000,14.15,1,14.15,9,14.2,74,1,2022-08-09 10:42:14
1660041738741250000,14.15,5,14.15,5,14.2,76,2,2022-08-09 10:42:18
1660041739921980000,14.15,2,14.15,4,14.2,76,2,2022-08-09 10:42:19
1660041742586829000,14.15,2,14.15,3,14.2,76,2,2022-08-09 10:42:22
1660041745763789000,14.15,2,14.15,11,14.2,91,2,2022-08-09 10:42:25
1660041745787877000,14.15,1,14.15,10,14.2,91,2,2022-08-09 10:42:25
1660041751102725000,14.2,10,14.15,11,14.2,82,1,2022-08-09 10:42:31
1660041752279824000,14.15,1,14.15,11,14.2,82,2,2022-08-09 10:42:32
1660041754804338000,14.15,1,14.15,10,14.2,82,2,2022-08-09 10:42:34
1660041759367050000,14.2,1,14.15,19,14.2,80,1,2022-08-09 10:42:39
1660041759761851000,14.15,10,14.15,9,14.2,80,2,2022-08-09 10:42:39
1660041759777222000,14.15,1,14.15,8,14.2,80,2,2022-08-09 10:42:39
1660041762036799000,14.2,5,14.15,9,14.2,74,1,2022-08-09 10:42:42
1660041762784831000,14.2,50,14.15,9,14.2,24,1,2022-08-09 10:42:42
1660041764543784000,14.2,1,14.15,14,14.2,23,1,2022-08-09 10:42:44
1660041772639901000,14.2,5,14.15,16,14.2,18,1,2022-08-09 10:42:52
1660041772758742000,14.2,1,14.15,16,14.2,17,1,2022-08-09 10:42:52
1660041774045313000,14.2,10,14.15,16,14.2,9,1,2022-08-09 10:42:54
1660041774902647000,14.2,1,14.15,16,14.2,19,1,2022-08-09 10:42:54
1660041776913357000,14.2,1,14.15,17,14.2,18,1,2022-08-09 10:42:56
1660041779037402000,14.2,5,14.15,17,14.2,13,1,2022-08-09 10:42:59
1660041780868881000,14.2,3,14.15,17,14.2,15,1,2022-08-09 10:43:00
1660041781928384000,14.2,1,14.15,21,14.2,14,1,2022-08-09 10:43:01
1660041783170673000,14.2,1,14.15,26,14.2,13,1,2022-08-09 10:43:03
1660041784165749000,14.15,10,14.15,16,14.2,13,2,2022-08-09 10:43:04
1660041784586616000,14.2,1,14.15,16,14.2,12,1,2022-08-09 10:43:04
1660041785253034000,14.2,1,14.15,16,14.2,11,1,2022-08-09 10:43:05
1660041786990244000,14.2,1,14.15,16,14.2,10,1,2022-08-09 10:43:06
1660041792593143000,14.15,17,14.1,42,14.15,83,2,2022-08-09 10:43:12
1660041802061117000,14.15,1,14.1,42,14.15,82,1,2022-08-09 10:43:22
1660041810633659000,14.1,1,14.1,41,14.15,103,2,2022-08-09 10:43:30
1660041814712908000,14.1,2,14.1,37,14.15,106,2,2022-08-09 10:43:34
1660041816145464000,14.15,2,14.1,37,14.15,104,1,2022-08-09 10:43:36
1660041817526794000,14.15,3,14.1,37,14.15,101,1,2022-08-09 10:43:37
1660041820066835000,14.15,1,14.1,37,14.15,100,1,2022-08-09 10:43:40
1660041826067651000,14.15,1,14.1,37,14.15,99,1,2022-08-09 10:43:46
1660041833177841000,14.15,1,14.1,37,14.15,98,1,2022-08-09 10:43:53
1660041835078669000,14.1,5,14.1,32,14.15,98,2,2022-08-09 10:43:55
1660041836207842000,14.1,1,14.1,31,14.15,98,2,2022-08-09 10:43:56
1660041856506584000,14.1,5,14.1,68,14.15,106,2,2022-08-09 10:44:16
1660041864263656000,14.1,15,14.1,58,14.15,106,2,2022-08-09 10:44:24
1660041866801543000,14.1,1,14.1,57,14.15,106,2,2022-08-09 10:44:26
1660041905129581000,14.1,1,14.1,58,14.15,106,2,2022-08-09 10:45:05
1660041918204161000,14.1,3,14.1,54,14.15,106,2,2022-08-09 10:45:18
1660041920625215000,14.1,5,14.1,50,14.15,106,2,2022-08-09 10:45:20
1660041922474638000,14.1,1,14.1,49,14.15,106,2,2022-08-09 10:45:22
1660041923564967000,14.1,1,14.1,48,14.15,106,2,2022-08-09 10:45:23
1660041924100390000,14.1,18,14.1,30,14.15,106,2,2022-08-09 10:45:24
1660041926859733000,14.15,2,14.1,47,14.15,104,1,2022-08-09 10:45:26
1660041927584637000,14.1,5,14.1,42,14.15,104,2,2022-08-09 10:45:27
1660041933186345000,14.15,1,14.1,42,14.15,103,1,2022-08-09 10:45:33
1660041954219556000,14.15,5,14.1,45,14.15,105,1,2022-08-09 10:45:54
1660041966476749000,14.15,3,14.1,45,14.15,102,1,2022-08-09 10:46:06
1660041967580022000,14.1,1,14.1,44,14.15,102,2,2022-08-09 10:46:07
1660041999817296000,14.15,3,14.1,40,14.15,102,1,2022-08-09 10:46:39
1660042000253962000,14.1,5,14.1,35,14.15,102,2,2022-08-09 10:46:40
1660042005602912000,14.1,5,14.1,30,14.15,102,2,2022-08-09 10:46:45
1660042008170659000,14.1,2,14.1,28,14.15,102,2,2022-08-09 10:46:48
1660042008384765000,14.1,15,14.1,13,14.15,102,2,2022-08-09 10:46:48
1660042012661555000,14.1,1,14.1,12,14.15,102,2,2022-08-09 10:46:52
1660042013073311000,14.1,2,14.1,10,14.15,102,2,2022-08-09 10:46:53
1660042020847034000,14.1,2,14.1,8,14.15,100,2,2022-08-09 10:47:00
1660042021075115000,14.1,2,14.1,6,14.15,100,2,2022-08-09 10:47:01
1660042026442355000,14.1,1,14.1,5,14.15,100,2,2022-08-09 10:47:06
1660042027067796000,14.1,5,14.05,24,14.15,100,2,2022-08-09 10:47:07
1660042044920010000,14.1,10,14.05,26,14.1,7,1,2022-08-09 10:47:24
1660042051669433000,14.1,9,14.05,36,14.15,107,1,2022-08-09 10:47:31
1660042051669433000,14.15,1,14.05,36,14.15,107,1,2022-08-09 10:47:31
1660042058574957000,14.1,2,14.1,8,14.15,107,1,2022-08-09 10:47:38
1660042058799739000,14.15,2,14.1,8,14.15,105,1,2022-08-09 10:47:38
1660042058979524000,14.1,2,14.1,6,14.15,105,2,2022-08-09 10:47:38
1660042062077038000,14.1,5,14.1,1,14.15,123,2,2022-08-09 10:47:42
1660042073253849000,14.1,4,14.1,2,14.15,118,2,2022-08-09 10:47:53
1660042077162687000,14.1,2,14.05,36,14.1,1,2,2022-08-09 10:47:57
1660042089200176000,14.1,1,14.05,36,14.1,2,1,2022-08-09 10:48:09
1660042109410389000,14.1,1,14.05,26,14.1,15,1,2022-08-09 10:48:29
1660042127404066000,14.1,3,14.05,26,14.1,26,1,2022-08-09 10:48:47
1660042160131059000,14.1,1,14.05,24,14.1,26,1,2022-08-09 10:49:20
1660042164565389000,14.1,1,14.05,24,14.1,25,1,2022-08-09 10:49:24
1660042169927273000,14.1,25,14.1,21,14.15,122,1,2022-08-09 10:49:29
1660042181090176000,14.1,24,14.05,24,14.1,76,2,2022-08-09 10:49:41
1660042193936941000,14.05,10,14.05,14,14.1,82,2,2022-08-09 10:49:53
1660042205176180000,14.05,5,14.05,12,14.1,83,2,2022-08-09 10:50:05
1660042240159090000,14.05,2,14.05,13,14.1,110,2,2022-08-09 10:50:40
1660042245844082000,14.05,4,14.05,10,14.1,110,2,2022-08-09 10:50:45
1660042257867438000,14.05,5,14.05,6,14.1,110,2,2022-08-09 10:50:57
1660042270993800000,14.05,6,14.0,40,14.05,4,2,2022-08-09 10:51:10
1660042290871231000,14.05,4,14.0,40,14.05,1,1,2022-08-09 10:51:30
1660042324308009000,14.05,1,14.0,40,14.1,111,1,2022-08-09 10:52:04
1660042330547414000,14.05,1,14.0,40,14.05,9,2,2022-08-09 10:52:10
1660042345099019000,14.05,1,14.0,43,14.05,10,1,2022-08-09 10:52:25
1660042381838772000,14.0,2,14.0,44,14.05,56,2,2022-08-09 10:53:01
1660042404276008000,14.0,1,14.0,43,14.05,58,2,2022-08-09 10:53:24
1660042410372527000,14.0,2,14.0,41,14.05,56,2,2022-08-09 10:53:30
1660042416761152000,14.0,2,14.0,39,14.05,56,2,2022-08-09 10:53:36
1660042430036425000,14.0,4,14.0,45,14.05,56,2,2022-08-09 10:53:50
1660042451535208000,14.0,10,14.0,35,14.05,64,2,2022-08-09 10:54:11
1660042455103027000,14.0,1,14.0,34,14.05,64,2,2022-08-09 10:54:15
1660042460077454000,14.0,2,14.0,32,14.05,64,2,2022-08-09 10:54:20
1660042487159623000,14.0,1,14.0,31,14.05,64,2,2022-08-09 10:54:47
1660042514224185000,14.0,10,14.0,21,14.05,64,2,2022-08-09 10:55:14
1660042516629220000,14.0,10,14.0,11,14.05,54,2,2022-08-09 10:55:16
1660042517611726000,14.05,54,14.05,20,14.1,109,1,2022-08-09 10:55:17
1660042518588866000,14.05,5,14.05,15,14.1,109,2,2022-08-09 10:55:18
1660042542534300000,14.0,10,14.0,1,14.05,7,2,2022-08-09 10:55:42
1660042542565896000,14.0,1,13.95,89,14.05,7,2,2022-08-09 10:55:42
1660042562228119000,13.95,1,13.95,89,14.0,58,2,2022-08-09 10:56:02
1660042578824507000,13.95,2,13.95,87,14.0,60,2,2022-08-09 10:56:18
1660042583945265000,13.95,57,13.95,30,14.0,3,2,2022-08-09 10:56:23
1660042595767157000,13.95,1,13.95,29,14.0,3,2,2022-08-09 10:56:35
1660042610535350000,13.95,30,13.9,87,13.95,3,2,2022-08-09 10:56:50
1660042638848638000,13.9,10,13.9,74,13.95,8,2,2022-08-09 10:57:18
1660042644718493000,13.9,1,13.9,73,13.95,8,2,2022-08-09 10:57:24
1660042646246155000,13.9,1,13.9,72,13.95,8,2,2022-08-09 10:57:26
1660042695784802000,13.95,3,13.9,71,13.95,6,1,2022-08-09 10:58:15
1660042746618268000,13.9,1,13.9,70,13.95,8,2,2022-08-09 10:59:06
1660042756262421000,13.95,8,13.9,70,14.0,23,1,2022-08-09 10:59:16
1660042915319498000,14.0,25,14.0,5,14.05,20,1,2022-08-09 11:01:55
1660042943796032000,14.05,6,14.0,30,14.05,22,1,2022-08-09 11:02:23
1660042956588079000,14.05,1,14.0,30,14.05,21,1,2022-08-09 11:02:36
1660042959203677000,14.05,2,14.0,30,14.05,19,1,2022-08-09 11:02:39
1660042960838403000,14.05,1,14.0,30,14.05,18,1,2022-08-09 11:02:40
1660042962193518000,14.05,3,14.0,30,14.05,15,1,2022-08-09 11:02:42
1660042965804643000,14.05,3,14.0,30,14.05,12,1,2022-08-09 11:02:45
1660042967808365000,14.05,2,14.0,30,14.05,10,1,2022-08-09 11:02:47
1660042970590207000,14.05,1,14.0,30,14.05,9,1,2022-08-09 11:02:50
1660042972422445000,14.05,5,14.0,25,14.05,4,1,2022-08-09 11:02:52
1660042976051544000,14.05,2,14.0,25,14.05,17,1,2022-08-09 11:02:56
1660042977536236000,14.05,2,14.0,25,14.05,15,1,2022-08-09 11:02:57
1660043014664562000,14.05,1,14.05,3,14.1,138,2,2022-08-09 11:03:34
1660043018612010000,14.05,1,14.05,2,14.1,138,2,2022-08-09 11:03:38
1660043020231447000,14.05,1,14.05,1,14.1,138,2,2022-08-09 11:03:40
1660043026099996000,14.05,1,14.0,25,14.05,9,2,2022-08-09 11:03:46
1660043040987258000,14.0,4,14.0,21,14.05,11,2,2022-08-09 11:04:00
1660043047930550000,14.05,1,14.0,21,14.05,15,1,2022-08-09 11:04:07
1660043063884486000,14.05,5,14.0,23,14.05,10,1,2022-08-09 11:04:23
1660043088963445000,14.05,3,14.0,23,14.05,14,1,2022-08-09 11:04:48
1660043091711405000,14.05,1,14.0,23,14.05,13,1,2022-08-09 11:04:51
1660043106291670000,14.05,3,14.0,23,14.05,10,1,2022-08-09 11:05:06
1660043116022728000,14.05,1,14.0,23,14.05,9,1,2022-08-09 11:05:16
1660043142392707000,14.0,1,14.0,22,14.05,9,2,2022-08-09 11:05:42
1660043166888678000,14.0,1,14.0,81,14.05,9,2,2022-08-09 11:06:06
1660043195241494000,14.0,1,14.0,83,14.05,9,2,2022-08-09 11:06:35
1660043257422495000,14.0,6,14.0,77,14.05,22,2,2022-08-09 11:07:37
1660043276968381000,14.0,5,14.0,72,14.05,22,2,2022-08-09 11:07:56
1660043329528720000,14.0,1,14.0,91,14.05,22,2,2022-08-09 11:08:49
1660043333110381000,14.0,2,14.0,89,14.05,22,2,2022-08-09 11:08:53
1660043339910694000,14.0,76,14.0,13,14.05,22,2,2022-08-09 11:08:59
1660043339933393000,14.0,13,13.95,63,14.05,22,2,2022-08-09 11:08:59
1660043375227652000,14.0,3,13.95,63,14.0,2,2,2022-08-09 11:09:35
1660043400358709000,13.95,63,13.9,106,13.95,37,2,2022-08-09 11:10:00
1660043421973935000,13.9,100,13.9,6,13.95,37,2,2022-08-09 11:10:21
1660043432127943000,13.9,6,13.85,77,13.9,4,2,2022-08-09 11:10:32
1660043444609267000,13.85,4,13.85,73,13.9,4,2,2022-08-09 11:10:44
1660043462170170000,13.85,1,13.85,72,13.9,14,2,2022-08-09 11:11:02
1660043472987908000,13.85,15,13.85,58,13.9,14,2,2022-08-09 11:11:12
1660043478126201000,13.85,10,13.85,48,13.9,15,2,2022-08-09 11:11:18
1660043484783590000,13.85,15,13.85,33,13.9,15,2,2022-08-09 11:11:24
1660043495468740000,13.9,6,13.85,33,13.9,9,1,2022-08-09 11:11:35
1660043550885041000,13.9,10,13.85,41,13.9,2,1,2022-08-09 11:12:30
1660043551054057000,13.9,1,13.85,41,13.9,1,1,2022-08-09 11:12:31
1660043556963634000,13.9,1,13.85,41,13.95,37,1,2022-08-09 11:12:36
1660043606997382000,13.95,37,13.9,17,14.0,35,1,2022-08-09 11:13:26
1660043606997382000,14.0,3,13.9,17,14.0,35,1,2022-08-09 11:13:26
1660043631616503000,14.0,31,13.9,12,14.0,4,1,2022-08-09 11:13:51
1660043641729068000,14.0,2,13.9,13,14.0,2,1,2022-08-09 11:14:01
1660043681904937000,14.0,2,13.95,6,14.0,7,1,2022-08-09 11:14:41
1660043687264346000,14.0,2,13.95,6,14.0,5,1,2022-08-09 11:14:47
1660043693011205000,13.95,1,13.95,5,14.0,5,2,2022-08-09 11:14:53
1660043724429705000,13.95,2,13.95,7,14.0,8,2,2022-08-09 11:15:24
1660043750366610000,14.0,5,13.95,7,14.0,9,1,2022-08-09 11:15:50
1660043755063187000,13.95,4,13.95,3,14.0,9,2,2022-08-09 11:15:55
1660043760744580000,14.0,4,13.95,3,14.0,5,1,2022-08-09 11:16:00
1660043770256879000,14.0,7,13.95,3,14.05,50,1,2022-08-09 11:16:10
1660043849630574000,14.0,2,14.0,1,14.05,57,2,2022-08-09 11:17:29
1660043898732094000,14.0,1,13.95,9,14.05,58,2,2022-08-09 11:18:18
1660043921690916000,14.05,5,13.95,9,14.05,53,1,2022-08-09 11:18:41
1660043926693418000,14.05,3,13.95,9,14.05,50,1,2022-08-09 11:18:46
1660043958966738000,14.05,2,13.95,9,14.05,48,1,2022-08-09 11:19:18
1660043995123438000,14.05,1,14.0,1,14.05,48,1,2022-08-09 11:19:55
1660043999088069000,14.0,1,13.95,9,14.05,48,2,2022-08-09 11:19:59
1660044091793400000,14.0,1,13.95,22,14.0,13,1,2022-08-09 11:21:31
1660044094005480000,13.95,10,13.95,12,14.0,13,2,2022-08-09 11:21:34
1660044096413373000,14.0,8,13.95,12,14.0,5,1,2022-08-09 11:21:36
1660044183377292000,14.0,16,13.95,27,14.05,50,1,2022-08-09 11:23:03
1660044223731377000,14.0,1,14.0,1,14.05,52,2,2022-08-09 11:23:43
1660044288541085000,14.0,5,14.0,10,14.05,49,2,2022-08-09 11:24:48
1660044338657812000,14.0,5,14.0,5,14.05,50,2,2022-08-09 11:25:38
1660044342699259000,14.0,5,13.95,94,14.05,50,2,2022-08-09 11:25:42
1660044470646271000,14.0,1,13.95,97,14.0,2,1,2022-08-09 11:27:50
1660044475045739000,13.95,1,13.95,96,14.0,2,2,2022-08-09 11:27:55
1660044481549520000,14.0,1,13.95,96,14.0,10,1,2022-08-09 11:28:01
1660044535410470000,13.95,1,13.95,95,14.0,13,2,2022-08-09 11:28:55
1660044536175285000,14.0,13,14.0,1,14.05,61,1,2022-08-09 11:28:56
1660044536643653000,14.0,1,13.95,95,14.0,1,2,2022-08-09 11:28:56
1660044565957817000,14.0,2,13.95,100,14.05,61,1,2022-08-09 11:29:25
1660044593438982000,14.0,3,14.0,17,14.05,66,1,2022-08-09 11:29:53
1660044602184103000,14.05,30,14.0,22,14.05,36,1,2022-08-09 11:30:02
1660044606097227000,14.05,20,14.0,22,14.05,16,1,2022-08-09 11:30:06
1660044623376593000,14.05,15,14.0,5,14.05,5,1,2022-08-09 11:30:23
1660044627301503000,14.05,2,14.0,5,14.05,3,1,2022-08-09 11:30:27
1660044680358174000,14.05,1,14.0,35,14.05,7,1,2022-08-09 11:31:20
1660044711326368000,14.05,1,14.0,36,14.05,7,1,2022-08-09 11:31:51
1660044723721235000,14.0,1,14.0,55,14.05,7,2,2022-08-09 11:32:03
1660044728687779000,14.0,3,14.0,52,14.05,9,2,2022-08-09 11:32:08
1660044736790359000,14.0,1,14.0,51,14.05,9,2,2022-08-09 11:32:16
1660044817746945000,14.0,2,14.0,60,14.05,27,2,2022-08-09 11:33:37
1660044828379491000,14.0,1,14.0,59,14.05,27,2,2022-08-09 11:33:48
1660044829745147000,14.0,10,14.0,49,14.05,27,2,2022-08-09 11:33:49
1660044831365235000,14.0,1,14.0,48,14.05,27,2,2022-08-09 11:33:51
1660044858277134000,14.0,2,14.0,46,14.05,26,2,2022-08-09 11:34:18
1660044887560431000,14.0,10,14.0,39,14.05,26,2,2022-08-09 11:34:47
1660044913795642000,14.0,1,14.0,43,14.05,36,2,2022-08-09 11:35:13
1660044921344155000,14.0,10,14.0,33,14.05,31,2,2022-08-09 11:35:21
1660044928426280000,14.0,2,14.0,31,14.05,31,2,2022-08-09 11:35:28
1660044931142816000,14.0,31,13.95,106,14.0,19,2,2022-08-09 11:35:31
1660045025564944000,14.0,4,13.95,105,14.0,35,1,2022-08-09 11:37:05
1660045052452329000,14.0,1,13.95,105,14.0,34,1,2022-08-09 11:37:32
1660045061293185000,13.95,1,13.95,104,14.0,34,2,2022-08-09 11:37:41
1660045086946592000,14.0,1,13.95,105,14.0,33,1,2022-08-09 11:38:06
1660045099708933000,14.0,1,13.95,105,14.0,34,1,2022-08-09 11:38:19
1660045149530448000,14.0,10,13.95,105,14.0,34,1,2022-08-09 11:39:09
1660045200814554000,14.0,10,13.95,117,14.0,19,1,2022-08-09 11:40:00
1660045222798954000,14.0,3,13.95,117,14.0,19,1,2022-08-09 11:40:22
1660045230106835000,14.0,3,13.95,117,14.0,16,1,2022-08-09 11:40:30
1660045287173643000,14.0,10,13.95,117,14.0,13,1,2022-08-09 11:41:27
1660045288765458000,14.0,6,13.95,117,14.0,7,1,2022-08-09 11:41:28
1660045289441069000,14.0,7,14.0,1,14.05,25,1,2022-08-09 11:41:29
1660045289819415000,14.0,1,13.95,117,14.0,5,2,2022-08-09 11:41:29
1660045289879501000,14.0,2,13.95,117,14.0,5,1,2022-08-09 11:41:29
1660045290613215000,14.0,2,13.95,117,14.0,1,1,2022-08-09 11:41:30
1660045292574658000,14.0,1,13.95,117,14.05,25,1,2022-08-09 11:41:32
1660045325392488000,14.0,3,14.0,33,14.05,33,2,2022-08-09 11:42:05
1660045326541552000,14.05,1,14.0,33,14.05,32,1,2022-08-09 11:42:06
1660045387507553000,14.05,10,14.0,38,14.05,23,1,2022-08-09 11:43:07
1660045392749351000,14.05,3,14.0,38,14.05,20,1,2022-08-09 11:43:12
1660045402318721000,14.05,3,14.0,38,14.05,15,1,2022-08-09 11:43:22
1660045403858398000,14.05,3,14.0,28,14.05,12,1,2022-08-09 11:43:23
1660045417105492000,14.05,13,14.05,7,14.1,135,1,2022-08-09 11:43:37
1660045423476226000,14.05,2,14.05,5,14.1,143,2,2022-08-09 11:43:43
1660045423509170000,14.05,3,14.05,2,14.1,143,2,2022-08-09 11:43:43
1660045461233044000,14.05,1,14.05,23,14.1,145,2,2022-08-09 11:44:21
1660045461586681000,14.05,2,14.05,21,14.1,145,2,2022-08-09 11:44:21
1660045469323549000,14.05,1,14.05,20,14.1,145,2,2022-08-09 11:44:29
1660045480869898000,14.05,10,14.05,10,14.1,150,2,2022-08-09 11:44:40
1660045494195937000,14.05,5,14.05,5,14.1,150,2,2022-08-09 11:44:54
1660045498349279000,14.05,5,14.0,23,14.05,3,2,2022-08-09 11:44:58
1660045663270553000,14.05,1,14.0,35,14.05,32,1,2022-08-09 11:47:43
1660045674391859000,14.0,4,14.0,36,14.05,32,2,2022-08-09 11:47:54
1660045696226234000,14.0,20,14.0,16,14.05,21,2,2022-08-09 11:48:16
1660045710264444000,14.0,1,14.0,15,14.05,21,2,2022-08-09 11:48:30
1660045720957621000,14.05,10,14.0,17,14.05,12,1,2022-08-09 11:48:40
1660045764974408000,14.0,10,14.0,7,14.05,16,2,2022-08-09 11:49:24
1660045812012909000,14.0,1,14.0,7,14.05,23,2,2022-08-09 11:50:12
1660045877952142000,14.05,1,14.0,12,14.05,37,1,2022-08-09 11:51:17
1660045899265097000,14.0,5,14.0,7,14.05,37,2,2022-08-09 11:51:39
1660045915955745000,14.0,9,13.95,147,14.0,6,2,2022-08-09 11:51:55
1660045933286801000,14.0,6,14.0,4,14.05,38,1,2022-08-09 11:52:13
1660045943983903000,14.0,4,13.95,147,14.05,38,2,2022-08-09 11:52:23
1660046004158079000,14.0,2,13.95,152,14.0,50,1,2022-08-09 11:53:24
1660046035183943000,14.0,1,13.95,152,14.0,49,1,2022-08-09 11:53:55
1660046066165516000,14.0,3,13.95,152,14.0,48,1,2022-08-09 11:54:26
1660046069446691000,14.0,10,13.95,217,14.0,38,1,2022-08-09 11:54:29
1660046078774815000,14.0,2,13.95,217,14.0,36,1,2022-08-09 11:54:38
1660046094128566000,14.0,1,13.95,217,14.0,34,1,2022-08-09 11:54:54
1660046114644540000,14.0,1,13.95,217,14.0,33,1,2022-08-09 11:55:14
1660046145336483000,14.0,1,13.95,217,14.0,38,1,2022-08-09 11:55:45
1660046195881198000,14.0,4,13.95,217,14.0,42,1,2022-08-09 11:56:35
1660046200473418000,14.0,5,13.95,212,14.0,37,1,2022-08-09 11:56:40
1660046203302370000,14.0,2,13.95,212,14.0,35,1,2022-08-09 11:56:43
1660046238517165000,14.0,10,13.95,138,14.0,27,1,2022-08-09 11:57:18
1660046250850392000,14.0,28,14.0,42,14.05,41,1,2022-08-09 11:57:30
1660046261641105000,14.0,2,14.0,40,14.05,41,2,2022-08-09 11:57:41
1660046281764246000,14.0,3,14.0,37,14.05,43,2,2022-08-09 11:58:01
1660046309097013000,14.0,5,14.0,34,14.05,49,2,2022-08-09 11:58:29
1660046343341450000,14.0,2,14.0,41,14.05,52,2,2022-08-09 11:59:03
1660046350533084000,14.0,35,14.0,6,14.05,52,2,2022-08-09 11:59:10
1660046350559063000,14.0,6,13.95,137,14.05,52,2,2022-08-09 11:59:10
1660046396131047000,13.95,1,13.95,166,14.0,1,2,2022-08-09 11:59:56
1660046411401431000,13.95,1,13.95,166,14.0,1,2,2022-08-09 12:00:11
1660046423003248000,13.95,1,13.95,135,14.05,53,2,2022-08-09 12:00:23
1660046450351876000,13.95,3,13.95,147,14.0,10,2,2022-08-09 12:00:50
1660046459222919000,13.95,30,13.95,117,14.0,10,2,2022-08-09 12:00:59
1660046499021185000,14.0,1,13.95,122,14.0,10,1,2022-08-09 12:01:39
1660046538237248000,14.0,2,13.95,132,14.0,20,1,2022-08-09 12:02:18
1660046562086983000,14.0,5,13.95,132,14.0,15,1,2022-08-09 12:02:42
1660046578136798000,14.0,20,13.95,133,14.0,16,1,2022-08-09 12:02:58
1660046579820699000,14.0,1,13.95,133,14.0,15,1,2022-08-09 12:02:59
1660046600649349000,14.0,15,13.95,118,14.0,1,1,2022-08-09 12:03:20
1660046611830236000,14.0,1,13.95,118,14.05,53,1,2022-08-09 12:03:31
1660046693857881000,14.0,1,14.0,10,14.05,83,2,2022-08-09 12:04:53
1660046697580465000,14.0,2,14.0,9,14.05,83,2,2022-08-09 12:04:57
1660046731694696000,14.0,18,13.95,118,14.0,2,2,2022-08-09 12:05:31
1660046745360866000,14.0,20,13.95,118,14.0,14,1,2022-08-09 12:05:45
1660046745391762000,14.0,14,13.95,118,14.05,57,1,2022-08-09 12:05:45
1660046812004790000,14.0,3,14.0,29,14.05,64,2,2022-08-09 12:06:52
1660046894292947000,14.0,2,14.0,39,14.05,62,2,2022-08-09 12:08:14
1660046901011005000,14.0,1,14.0,48,14.05,62,2,2022-08-09 12:08:21
1660046925075389000,14.0,1,14.0,48,14.05,63,2,2022-08-09 12:08:45
1660046944399570000,14.0,1,14.0,47,14.05,63,2,2022-08-09 12:09:04
1660046950734208000,14.0,7,14.0,40,14.05,63,2,2022-08-09 12:09:10
1660047009949295000,14.0,20,14.0,30,14.05,80,2,2022-08-09 12:10:09
1660047010046427000,14.0,2,14.0,28,14.05,80,2,2022-08-09 12:10:10
1660047022338040000,14.0,1,14.0,27,14.05,80,2,2022-08-09 12:10:22
1660047031835160000,14.0,1,14.0,26,14.05,80,2,2022-08-09 12:10:31
1660047034384821000,14.0,2,14.0,25,14.05,80,2,2022-08-09 12:10:34
1660047035850086000,14.0,1,14.0,24,14.05,80,2,2022-08-09 12:10:35
1660047040437462000,14.0,10,14.0,14,14.05,80,2,2022-08-09 12:10:40
1660047059843829000,14.0,1,14.0,13,14.05,80,2,2022-08-09 12:10:59
1660047068947555000,14.0,14,13.95,139,14.0,1,2,2022-08-09 12:11:08
1660047079396510000,14.0,1,13.95,139,14.05,82,1,2022-08-09 12:11:19
1660047093698718000,14.0,5,14.0,5,14.05,77,2,2022-08-09 12:11:33
1660047135472894000,14.0,9,13.95,139,14.0,13,1,2022-08-09 12:12:15
1660047158474593000,14.0,1,13.95,139,14.0,12,1,2022-08-09 12:12:38
1660047170086345000,14.0,1,13.95,140,14.0,22,1,2022-08-09 12:12:50
1660047243851640000,14.0,5,13.95,138,14.0,23,1,2022-08-09 12:14:03
1660047272227870000,14.0,10,13.95,158,14.0,13,1,2022-08-09 12:14:32
1660047275464521000,14.0,14,14.0,6,14.05,80,1,2022-08-09 12:14:35
1660047289786389000,14.0,1,14.0,6,14.05,77,2,2022-08-09 12:14:49
1660047380858836000,14.0,1,14.0,86,14.05,77,2,2022-08-09 12:16:20
1660047386524341000,14.0,2,14.0,84,14.05,97,2,2022-08-09 12:16:26
1660047390919347000,14.0,1,14.0,83,14.05,97,2,2022-08-09 12:16:30
1660047409951732000,14.0,20,14.0,63,14.05,82,2,2022-08-09 12:16:49
1660047422076544000,14.0,10,14.0,63,14.05,84,2,2022-08-09 12:17:02
1660047427427247000,14.0,5,14.0,58,14.05,84,2,2022-08-09 12:17:07
1660047451551481000,14.0,1,14.0,57,14.05,85,2,2022-08-09 12:17:31
1660047463336402000,14.05,3,14.0,59,14.05,82,1,2022-08-09 12:17:43
1660047471698151000,14.05,1,14.0,59,14.05,91,1,2022-08-09 12:17:51
1660047475962107000,14.0,1,14.0,58,14.05,90,2,2022-08-09 12:17:55
1660047495832050000,14.0,1,14.0,57,14.05,89,2,2022-08-09 12:18:15
1660047513564802000,14.0,3,14.0,54,14.05,89,2,2022-08-09 12:18:33
1660047604438127000,14.0,2,14.0,54,14.05,89,2,2022-08-09 12:20:04
1660047632398430000,14.0,7,14.0,50,14.05,89,2,2022-08-09 12:20:32
1660047640897614000,14.0,10,14.0,40,14.05,89,2,2022-08-09 12:20:40
1660047648342110000,14.0,10,14.0,30,14.05,89,2,2022-08-09 12:20:48
1660047655113462000,14.0,2,14.0,28,14.05,89,2,2022-08-09 12:20:55
1660047679655157000,14.0,4,14.0,24,14.05,89,2,2022-08-09 12:21:19
1660047706047985000,14.0,3,14.0,21,14.05,89,2,2022-08-09 12:21:46
1660047778695673000,14.0,1,14.0,36,14.05,93,2,2022-08-09 12:22:58
1660047813232913000,14.05,5,14.0,41,14.05,101,1,2022-08-09 12:23:33
1660047821146669000,14.0,10,14.0,31,14.05,101,2,2022-08-09 12:23:41
1660047830401631000,14.0,1,14.0,39,14.05,101,2,2022-08-09 12:23:50
1660047875143718000,14.05,1,14.0,41,14.05,107,1,2022-08-09 12:24:35
1660047884185341000,14.0,20,14.0,21,14.05,107,2,2022-08-09 12:24:44
1660047887304991000,14.05,5,14.0,21,14.05,97,1,2022-08-09 12:24:47
1660047893359136000,14.0,1,14.0,22,14.05,97,2,2022-08-09 12:24:53
1660047893613308000,14.0,10,14.0,12,14.05,97,2,2022-08-09 12:24:53
1660047894905716000,14.0,1,14.0,17,14.05,97,2,2022-08-09 12:24:54
1660047906213765000,14.0,1,14.0,17,14.05,100,2,2022-08-09 12:25:06
1660047930472360000,14.0,3,14.0,17,14.05,99,2,2022-08-09 12:25:30
1660047948146265000,14.05,1,14.0,37,14.05,98,1,2022-08-09 12:25:48
1660047948367892000,14.05,33,14.0,37,14.05,65,1,2022-08-09 12:25:48
1660047948404477000,14.05,36,14.0,37,14.05,29,1,2022-08-09 12:25:48
1660047948465948000,14.05,26,14.0,47,14.05,29,1,2022-08-09 12:25:48
1660047948496804000,14.05,3,14.0,47,14.1,202,1,2022-08-09 12:25:48
1660047992731881000,14.05,10,14.05,5,14.1,189,2,2022-08-09 12:26:32
1660048000101279000,14.05,1,14.05,10,14.1,190,2,2022-08-09 12:26:40
1660048039376235000,14.05,6,14.05,36,14.1,189,2,2022-08-09 12:27:19
1660048060910655000,14.05,3,14.05,35,14.1,191,2,2022-08-09 12:27:40
1660048061642849000,14.05,20,14.05,15,14.1,191,2,2022-08-09 12:27:41
1660048064486530000,14.05,1,14.05,23,14.1,191,2,2022-08-09 12:27:44
1660048080714662000,14.05,3,14.05,20,14.1,191,2,2022-08-09 12:28:00
1660048088570249000,14.05,2,14.05,18,14.1,198,2,2022-08-09 12:28:08
1660048113441800000,14.05,3,14.05,15,14.1,198,2,2022-08-09 12:28:33
1660048114502969000,14.05,1,14.05,14,14.1,198,2,2022-08-09 12:28:34
1660048124774665000,14.05,2,14.05,12,14.1,201,2,2022-08-09 12:28:44
1660048148534718000,14.05,1,14.05,31,14.1,213,2,2022-08-09 12:29:08
1660048150252629000,14.05,1,14.05,40,14.1,213,2,2022-08-09 12:29:10
1660048151625749000,14.05,10,14.05,30,14.1,203,2,2022-08-09 12:29:11
1660048163605187000,14.05,5,14.05,35,14.1,203,2,2022-08-09 12:29:23
1660048172405006000,14.05,2,14.05,33,14.1,203,2,2022-08-09 12:29:32
1660048182933702000,14.05,3,14.05,30,14.1,203,2,2022-08-09 12:29:42
1660048195008270000,14.05,2,14.05,28,14.1,203,2,2022-08-09 12:29:55
1660048219343949000,14.05,20,14.05,13,14.1,204,2,2022-08-09 12:30:19
1660048225051164000,14.1,1,14.05,13,14.1,203,1,2022-08-09 12:30:25
1660048240366183000,14.05,2,14.05,11,14.1,205,2,2022-08-09 12:30:40
1660048242003652000,14.1,5,14.05,11,14.1,200,1,2022-08-09 12:30:42
1660048253576081000,14.05,1,14.05,12,14.1,200,2,2022-08-09 12:30:53
1660048300236471000,14.05,1,14.05,16,14.1,207,2,2022-08-09 12:31:40
1660048301525235000,14.05,1,14.05,15,14.1,206,2,2022-08-09 12:31:41
1660048310279769000,14.05,1,14.05,14,14.1,206,2,2022-08-09 12:31:50
1660048324932541000,14.05,1,14.05,14,14.1,204,2,2022-08-09 12:32:04
1660048362564595000,14.05,2,14.05,12,14.1,205,2,2022-08-09 12:32:42
1660048364538329000,14.05,1,14.05,19,14.1,205,2,2022-08-09 12:32:44
1660048379438707000,14.05,2,14.05,17,14.1,207,2,2022-08-09 12:32:59
1660048418633446000,14.05,10,14.05,7,14.1,213,2,2022-08-09 12:33:38
1660048476008712000,14.0,3,14.0,85,14.1,217,2,2022-08-09 12:34:36
1660048504920295000,14.05,1,14.0,85,14.05,21,1,2022-08-09 12:35:04
1660048562455924000,14.05,2,14.0,124,14.05,25,1,2022-08-09 12:36:02
1660048562671018000,14.05,25,14.0,124,14.1,198,1,2022-08-09 12:36:02
1660048572056121000,14.0,100,14.0,24,14.1,199,2,2022-08-09 12:36:12
1660048572077203000,14.0,24,14.0,24,14.1,199,2,2022-08-09 12:36:12
1660048601848405000,14.0,1,13.95,193,14.0,1,1,2022-08-09 12:36:41
1660048628251476000,13.95,1,13.95,195,14.0,1,2,2022-08-09 12:37:08
1660048670245184000,14.0,5,13.95,207,14.0,1,1,2022-08-09 12:37:50
1660048672654244000,14.0,1,14.0,4,14.05,12,1,2022-08-09 12:37:52
1660048686226771000,14.0,10,14.0,2,14.05,12,2,2022-08-09 12:38:06
1660048686270124000,14.0,2,13.95,208,14.05,12,2,2022-08-09 12:38:06
1660048704538223000,14.0,3,14.0,35,14.05,21,2,2022-08-09 12:38:24
1660048716507247000,14.0,1,14.0,34,14.05,21,2,2022-08-09 12:38:36
1660048729633002000,14.0,1,14.0,34,14.05,31,2,2022-08-09 12:38:49
1660048737528745000,14.05,5,14.0,34,14.05,26,1,2022-08-09 12:38:57
1660048742513569000,14.05,5,14.0,34,14.05,21,1,2022-08-09 12:39:02
1660048746287293000,14.05,5,14.0,34,14.05,16,1,2022-08-09 12:39:06
1660048746500304000,14.05,16,14.0,34,14.1,203,1,2022-08-09 12:39:06
1660048752296871000,14.05,10,14.0,26,14.05,40,1,2022-08-09 12:39:12
1660048753456387000,14.0,2,14.0,24,14.05,40,2,2022-08-09 12:39:13
1660048774454268000,14.05,41,14.05,59,14.1,203,1,2022-08-09 12:39:34
1660048774861845000,14.05,10,14.05,49,14.1,203,2,2022-08-09 12:39:34
1660048783613292000,14.05,2,14.05,47,14.1,203,2,2022-08-09 12:39:43
1660048795562566000,14.05,1,14.05,48,14.1,203,2,2022-08-09 12:39:55
1660048801210525000,14.05,1,14.05,53,14.1,203,2,2022-08-09 12:40:01
1660048812441576000,14.05,5,14.05,42,14.1,203,2,2022-08-09 12:40:12
1660048830094726000,14.05,3,14.05,62,14.1,200,2,2022-08-09 12:40:30
1660048833954037000,14.05,1,14.05,61,14.1,200,2,2022-08-09 12:40:33
1660048836469918000,14.05,1,14.05,60,14.1,200,2,2022-08-09 12:40:36
1660048838560542000,14.1,5,14.05,55,14.1,195,1,2022-08-09 12:40:38
1660048839878394000,14.05,3,14.05,52,14.1,195,2,2022-08-09 12:40:39
1660048843345109000,14.05,6,14.05,46,14.1,195,2,2022-08-09 12:40:43
1660048849064455000,14.1,10,14.05,36,14.1,185,1,2022-08-09 12:40:49
1660048858154143000,14.1,1,14.05,35,14.1,184,1,2022-08-09 12:40:58
1660048865843628000,14.1,1,14.05,35,14.1,189,1,2022-08-09 12:41:05
1660048871210339000,14.05,1,14.05,35,14.1,190,2,2022-08-09 12:41:11
1660048872681698000,14.1,2,14.05,27,14.1,188,1,2022-08-09 12:41:12
1660048872830641000,14.1,3,14.05,27,14.1,185,1,2022-08-09 12:41:12
1660048876484992000,14.1,10,14.05,27,14.1,175,1,2022-08-09 12:41:16
1660048879296264000,14.1,10,14.05,35,14.1,165,1,2022-08-09 12:41:19
1660048880053258000,14.1,1,14.05,35,14.1,164,1,2022-08-09 12:41:20
1660048880445036000,14.1,1,14.05,35,14.1,163,1,2022-08-09 12:41:20
1660048884714828000,14.1,150,14.05,35,14.1,13,1,2022-08-09 12:41:24
1660048884747246000,14.1,13,14.05,35,14.1,13,1,2022-08-09 12:41:24
1660048928509000000,14.15,1,14.1,16,14.15,126,1,2022-08-09 12:42:08
1660048928734100000,14.15,28,14.1,17,14.15,126,1,2022-08-09 12:42:08
1660048931293625000,14.15,5,14.1,20,14.15,95,1,2022-08-09 12:42:11
1660048933218012000,14.1,2,14.1,28,14.15,95,2,2022-08-09 12:42:13
1660048933275583000,14.15,10,14.1,28,14.15,85,1,2022-08-09 12:42:13
1660048934017276000,14.15,1,14.1,28,14.15,84,1,2022-08-09 12:42:14
1660048936571007000,14.15,3,14.1,29,14.15,81,1,2022-08-09 12:42:16
1660048936821900000,14.15,28,14.1,29,14.15,53,1,2022-08-09 12:42:16
1660048938671485000,14.15,2,14.1,29,14.15,51,1,2022-08-09 12:42:18
1660048942495517000,14.15,1,14.1,29,14.15,50,1,2022-08-09 12:42:22
1660048942714394000,14.15,10,14.1,19,14.15,40,1,2022-08-09 12:42:22
1660048943346304000,14.15,1,14.1,19,14.15,39,1,2022-08-09 12:42:23
1660048947898059000,14.15,1,14.1,20,14.15,39,1,2022-08-09 12:42:27
1660048951994350000,14.15,10,14.1,10,14.15,33,1,2022-08-09 12:42:31
1660048952049643000,14.15,2,14.1,10,14.15,31,1,2022-08-09 12:42:32
1660048953919130000,14.15,1,14.1,9,14.15,30,1,2022-08-09 12:42:33
1660048954132870000,14.15,2,14.1,9,14.15,28,1,2022-08-09 12:42:34
1660048954261386000,14.15,1,14.1,9,14.15,27,1,2022-08-09 12:42:34
1660048955268858000,14.15,1,14.1,9,14.15,26,1,2022-08-09 12:42:35
1660048955292995000,14.15,16,14.1,9,14.15,10,1,2022-08-09 12:42:35
1660048955530444000,14.15,10,14.1,19,14.15,10,1,2022-08-09 12:42:35
1660048958099558000,14.15,6,14.15,4,14.2,474,1,2022-08-09 12:42:38
1660048961078312000,14.2,1,14.15,5,14.2,483,1,2022-08-09 12:42:41
1660048963193890000,14.2,1,14.15,5,14.2,483,1,2022-08-09 12:42:43
1660048964858341000,14.15,1,14.15,4,14.2,483,2,2022-08-09 12:42:44
1660048967794207000,14.2,1,14.15,4,14.2,482,1,2022-08-09 12:42:47
1660048968311274000,14.15,1,14.15,3,14.2,482,2,2022-08-09 12:42:48
1660048970391749000,14.2,2,14.15,3,14.2,480,1,2022-08-09 12:42:50
1660048978752825000,14.2,10,14.15,7,14.2,475,1,2022-08-09 12:42:58
1660048983502033000,14.2,10,14.15,7,14.2,435,1,2022-08-09 12:43:03
1660048987258795000,14.2,1,14.15,12,14.2,434,1,2022-08-09 12:43:07
1660048987452147000,14.2,10,14.15,13,14.2,423,1,2022-08-09 12:43:07
1660048987826130000,14.15,4,14.15,15,14.2,423,2,2022-08-09 12:43:07
1660048993835633000,14.2,10,14.15,25,14.2,414,1,2022-08-09 12:43:13
1660048999330696000,14.2,1,14.15,25,14.2,413,1,2022-08-09 12:43:19
1660049006840954000,14.2,5,14.15,26,14.2,410,1,2022-08-09 12:43:26
1660049011648698000,14.2,1,14.15,26,14.2,409,1,2022-08-09 12:43:31
1660049012727871000,14.2,1,14.15,26,14.2,408,1,2022-08-09 12:43:32
1660049012982357000,14.2,5,14.15,26,14.2,403,1,2022-08-09 12:43:32
1660049025161919000,14.2,10,14.15,20,14.2,393,1,2022-08-09 12:43:45
1660049027818396000,14.2,20,14.15,21,14.2,373,1,2022-08-09 12:43:47
1660049028503959000,14.2,10,14.15,27,14.2,363,1,2022-08-09 12:43:48
1660049031377599000,14.2,10,14.15,27,14.2,353,1,2022-08-09 12:43:51
1660049035578081000,14.15,5,14.15,22,14.2,353,2,2022-08-09 12:43:55
1660049037589337000,14.2,3,14.15,16,14.2,353,1,2022-08-09 12:43:57
1660049046219249000,14.2,1,14.15,16,14.2,354,1,2022-08-09 12:44:06
1660049055668470000,14.2,2,14.15,19,14.2,357,1,2022-08-09 12:44:15
1660049065022446000,14.2,5,14.15,19,14.2,362,1,2022-08-09 12:44:25
1660049069960496000,14.2,10,14.15,19,14.2,352,1,2022-08-09 12:44:29
1660049077142764000,14.2,5,14.15,9,14.2,345,1,2022-08-09 12:44:37
1660049077307293000,14.2,5,14.15,9,14.2,340,1,2022-08-09 12:44:37
1660049079326983000,14.2,2,14.15,9,14.2,338,1,2022-08-09 12:44:39
1660049086585450000,14.2,5,14.15,10,14.2,337,1,2022-08-09 12:44:46
1660049086645835000,14.2,1,14.15,10,14.2,336,1,2022-08-09 12:44:46
1660049099131926000,14.15,2,14.15,8,14.2,357,2,2022-08-09 12:44:59
1660049103003346000,14.15,2,14.15,6,14.2,359,2,2022-08-09 12:45:03
1660049109582612000,14.15,1,14.15,8,14.2,359,2,2022-08-09 12:45:09
1660049121416410000,14.15,1,14.15,12,14.2,362,2,2022-08-09 12:45:21
1660049129540386000,14.2,5,14.15,12,14.2,365,1,2022-08-09 12:45:29
1660049131716101000,14.15,3,14.15,9,14.2,365,2,2022-08-09 12:45:31
1660049144832395000,14.15,1,14.15,13,14.2,367,2,2022-08-09 12:45:44
1660049150256017000,14.15,5,14.15,8,14.2,380,2,2022-08-09 12:45:50
1660049158586472000,14.15,5,14.15,4,14.2,380,2,2022-08-09 12:45:58
1660049158753266000,14.15,1,14.15,3,14.2,380,2,2022-08-09 12:45:58
1660049163333642000,14.15,2,14.15,1,14.2,380,2,2022-08-09 12:46:03
1660049163963212000,14.15,1,14.1,11,14.2,380,2,2022-08-09 12:46:03
1660049167732284000,14.15,1,14.1,11,14.15,4,2,2022-08-09 12:46:07
1660049191078193000,14.15,1,14.1,12,14.15,22,1,2022-08-09 12:46:31
1660049206658679000,14.15,10,14.1,15,14.15,12,1,2022-08-09 12:46:46
1660049206685007000,14.15,12,14.1,15,14.2,374,1,2022-08-09 12:46:46
1660049219910458000,14.15,3,14.1,12,14.2,374,2,2022-08-09 12:46:59
1660049219910458000,14.1,3,14.1,12,14.2,374,2,2022-08-09 12:46:59
1660049232195279000,14.15,1,14.15,9,14.2,374,1,2022-08-09 12:47:12
1660049249384925000,14.15,5,14.15,4,14.2,381,2,2022-08-09 12:47:29
1660049261745828000,14.15,4,14.1,31,14.2,380,2,2022-08-09 12:47:41
1660049271521255000,14.15,1,14.1,12,14.2,380,1,2022-08-09 12:47:51
1660049326456489000,14.15,3,14.1,14,14.15,17,1,2022-08-09 12:48:46
1660049328460723000,14.1,10,14.1,4,14.15,17,2,2022-08-09 12:48:48
1660049333154272000,14.1,1,14.1,3,14.15,45,2,2022-08-09 12:48:53
1660049344743597000,14.1,1,14.1,2,14.15,45,2,2022-08-09 12:49:04
1660049353659495000,14.1,1,14.1,1,14.15,45,2,2022-08-09 12:49:13
1660049356512924000,14.1,1,14.05,55,14.15,45,2,2022-08-09 12:49:16
1660049400671133000,14.1,1,14.05,59,14.1,7,1,2022-08-09 12:50:00
1660049406641053000,14.05,2,14.05,57,14.1,7,2,2022-08-09 12:50:06
1660049425066610000,14.05,1,14.05,56,14.1,11,2,2022-08-09 12:50:25
1660049429572975000,14.1,7,14.05,56,14.1,4,1,2022-08-09 12:50:29
1660049443059016000,14.05,50,14.05,6,14.1,8,2,2022-08-09 12:50:43
1660049443093023000,14.05,6,14.05,6,14.1,8,2,2022-08-09 12:50:43
1660049465754439000,14.05,1,14.05,13,14.1,10,2,2022-08-09 12:51:05
1660049470911379000,14.05,2,14.05,11,14.1,12,2,2022-08-09 12:51:10
1660049479527368000,14.05,11,14.05,2,14.1,12,2,2022-08-09 12:51:19
1660049479558060000,14.05,2,14.0,74,14.1,12,2,2022-08-09 12:51:19
1660049493968119000,14.05,1,14.05,299,14.1,12,2,2022-08-09 12:51:33
1660049500102886000,14.05,10,14.05,289,14.1,12,2,2022-08-09 12:51:40
1660049503298263000,14.1,1,14.05,289,14.1,12,1,2022-08-09 12:51:43
1660049512803280000,14.1,5,14.05,289,14.1,8,1,2022-08-09 12:51:52
1660049514456385000,14.1,8,14.1,12,14.15,56,1,2022-08-09 12:51:54
1660049514806257000,14.1,2,14.1,10,14.15,56,2,2022-08-09 12:51:54
1660049546001791000,14.1,10,14.1,12,14.15,58,2,2022-08-09 12:52:26
1660049575779539000,14.1,10,14.1,308,14.15,64,2,2022-08-09 12:52:55
1660049591325706000,14.1,1,14.1,306,14.15,67,2,2022-08-09 12:53:11
1660049627925711000,14.1,2,14.1,316,14.15,109,2,2022-08-09 12:53:47
1660049629587387000,14.1,1,14.1,315,14.15,109,2,2022-08-09 12:53:49
1660049657537978000,14.1,1,14.1,315,14.15,111,2,2022-08-09 12:54:17
1660049668633768000,14.15,113,14.15,7,14.2,415,1,2022-08-09 12:54:28
1660049677169553000,14.15,1,14.15,16,14.2,415,2,2022-08-09 12:54:37
1660049687341808000,14.15,2,14.15,15,14.2,413,2,2022-08-09 12:54:47
1660049705248322000,14.2,1,14.15,75,14.2,422,1,2022-08-09 12:55:05
1660049705460183000,14.2,32,14.15,75,14.2,390,1,2022-08-09 12:55:05
1660049705623623000,14.15,1,14.15,74,14.2,390,2,2022-08-09 12:55:05
1660049707722354000,14.2,300,14.15,363,14.2,90,1,2022-08-09 12:55:07
1660049707751950000,14.2,64,14.15,363,14.2,26,1,2022-08-09 12:55:07
1660049707772720000,14.2,26,14.15,363,14.25,140,1,2022-08-09 12:55:07
1660049710620813000,14.15,1,14.15,364,14.25,140,2,2022-08-09 12:55:10
1660049714598641000,14.25,1,14.2,138,14.25,140,1,2022-08-09 12:55:14
1660049714826138000,14.25,32,14.2,138,14.25,107,1,2022-08-09 12:55:14
1660049714853130000,14.25,107,14.2,138,14.3,174,1,2022-08-09 12:55:14
1660049724174590000,14.3,1,14.25,15,14.3,157,1,2022-08-09 12:55:24
1660049724607520000,14.3,1,14.25,17,14.3,156,1,2022-08-09 12:55:24
1660049729171353000,14.3,1,14.25,22,14.3,157,1,2022-08-09 12:55:29
1660049737872815000,14.3,1,14.25,21,14.3,156,1,2022-08-09 12:55:37
1660049737922226000,14.3,1,14.25,21,14.3,155,1,2022-08-09 12:55:37
1660049739428135000,14.3,1,14.25,21,14.3,154,1,2022-08-09 12:55:39
1660049739689009000,14.3,2,14.25,21,14.3,152,1,2022-08-09 12:55:39
1660049739704836000,14.3,1,14.25,21,14.3,151,1,2022-08-09 12:55:39
1660049740592505000,14.3,1,14.25,21,14.3,150,1,2022-08-09 12:55:40
1660049740851299000,14.3,5,14.25,21,14.3,145,1,2022-08-09 12:55:40
1660049741746016000,14.3,1,14.25,81,14.3,144,1,2022-08-09 12:55:41
1660049743835198000,14.3,1,14.25,82,14.3,142,1,2022-08-09 12:55:43
1660049745862496000,14.3,1,14.25,82,14.3,142,1,2022-08-09 12:55:45
1660049747445561000,14.3,5,14.25,98,14.3,137,1,2022-08-09 12:55:47
1660049747684594000,14.3,1,14.25,98,14.3,136,1,2022-08-09 12:55:47
1660049749524477000,14.3,1,14.25,98,14.3,135,1,2022-08-09 12:55:49
1660049750641920000,14.3,1,14.25,98,14.3,134,1,2022-08-09 12:55:50
1660049751513164000,14.3,1,14.25,98,14.3,133,1,2022-08-09 12:55:51
1660049751802199000,14.3,1,14.25,98,14.3,122,1,2022-08-09 12:55:51
1660049753781731000,14.3,1,14.25,98,14.3,124,1,2022-08-09 12:55:53
1660049753885957000,14.3,2,14.25,98,14.3,121,1,2022-08-09 12:55:53
1660049754281772000,14.3,10,14.25,98,14.3,111,1,2022-08-09 12:55:54
1660049754288150000,14.3,100,14.25,98,14.3,11,1,2022-08-09 12:55:54
1660049754508080000,14.3,11,14.25,98,14.35,87,1,2022-08-09 12:55:54
1660049757422907000,14.35,2,14.3,51,14.35,85,1,2022-08-09 12:55:57
1660049757452708000,14.35,1,14.3,51,14.35,84,1,2022-08-09 12:55:57
1660049758050074000,14.35,84,14.35,205,14.4,141,1,2022-08-09 12:55:58
1660049758458104000,14.4,1,14.35,205,14.4,83,1,2022-08-09 12:55:58
1660049759635205000,14.4,5,14.35,205,14.4,78,1,2022-08-09 12:55:59
1660049760138903000,14.4,1,14.35,205,14.4,77,1,2022-08-09 12:56:00
1660049760341222000,14.4,5,14.35,205,14.4,72,1,2022-08-09 12:56:00
1660049761011872000,14.4,1,14.35,205,14.4,71,1,2022-08-09 12:56:01
1660049763971328000,14.4,1,14.35,205,14.4,70,1,2022-08-09 12:56:03
1660049765206997000,14.4,1,14.35,205,14.4,71,1,2022-08-09 12:56:05
1660049767445578000,14.4,1,14.35,205,14.4,52,1,2022-08-09 12:56:07
1660049767598144000,14.4,1,14.35,205,14.4,51,1,2022-08-09 12:56:07
1660049767942298000,14.35,1,14.35,204,14.4,51,2,2022-08-09 12:56:07
1660049768322702000,14.4,1,14.35,204,14.4,50,1,2022-08-09 12:56:08
1660049768674242000,14.4,1,14.35,204,14.4,49,1,2022-08-09 12:56:08
1660049768812723000,14.4,1,14.35,204,14.4,48,1,2022-08-09 12:56:08
1660049769557360000,14.4,1,14.35,205,14.4,47,1,2022-08-09 12:56:09
1660049769637819000,14.4,10,14.35,205,14.4,48,1,2022-08-09 12:56:09
1660049770753788000,14.4,1,14.35,205,14.4,36,1,2022-08-09 12:56:10
1660049770789241000,14.4,5,14.35,205,14.4,31,1,2022-08-09 12:56:10
1660049771171071000,14.4,3,14.35,205,14.4,28,1,2022-08-09 12:56:11
1660049772103909000,14.4,5,14.35,207,14.4,23,1,2022-08-09 12:56:12
1660049772201428000,14.4,1,14.35,207,14.4,22,1,2022-08-09 12:56:12
1660049772869213000,14.4,1,14.35,207,14.4,21,1,2022-08-09 12:56:12
1660049773589865000,14.4,2,14.35,207,14.4,19,1,2022-08-09 12:56:13
1660049773748322000,14.4,1,14.35,207,14.4,18,1,2022-08-09 12:56:13
1660049774209459000,14.4,5,14.35,217,14.4,28,1,2022-08-09 12:56:14
1660049774530787000,14.4,1,14.35,217,14.4,22,1,2022-08-09 12:56:14
1660049774826549000,14.4,2,14.35,217,14.4,20,1,2022-08-09 12:56:14
1660049774925569000,14.4,2,14.35,217,14.4,18,1,2022-08-09 12:56:14
1660049775251740000,14.4,1,14.35,217,14.4,17,1,2022-08-09 12:56:15
1660049775255525000,14.4,1,14.35,217,14.4,20,1,2022-08-09 12:56:15
1660049775708208000,14.4,16,14.4,44,14.45,104,1,2022-08-09 12:56:15
1660049777843867000,14.4,5,14.4,53,14.45,106,2,2022-08-09 12:56:17
1660049777970921000,14.45,1,14.4,53,14.45,105,1,2022-08-09 12:56:17
1660049781067397000,14.45,3,14.4,57,14.45,102,1,2022-08-09 12:56:21
1660049784773664000,14.45,1,14.4,57,14.45,83,1,2022-08-09 12:56:24
1660049785566842000,14.45,2,14.4,57,14.45,80,1,2022-08-09 12:56:25
1660049788005915000,14.45,10,14.4,59,14.45,70,1,2022-08-09 12:56:28
1660049789167770000,14.45,1,14.4,59,14.45,69,1,2022-08-09 12:56:29
1660049789192892000,14.45,1,14.4,59,14.45,68,1,2022-08-09 12:56:29
1660049789387044000,14.45,15,14.4,59,14.45,53,1,2022-08-09 12:56:29
1660049790996826000,14.45,4,14.4,59,14.45,51,1,2022-08-09 12:56:30
1660049792572847000,14.45,10,14.4,59,14.45,42,1,2022-08-09 12:56:32
1660049792805861000,14.45,1,14.4,59,14.45,41,1,2022-08-09 12:56:32
1660049794041817000,14.45,1,14.4,60,14.45,54,1,2022-08-09 12:56:34
1660049794347348000,14.45,5,14.4,60,14.45,48,1,2022-08-09 12:56:34
1660049794357550000,14.45,10,14.4,60,14.45,38,1,2022-08-09 12:56:34
1660049794597328000,14.45,3,14.4,60,14.45,38,1,2022-08-09 12:56:34
1660049794871331000,14.45,10,14.4,60,14.45,25,1,2022-08-09 12:56:34
1660049795705939000,14.45,2,14.4,60,14.45,25,1,2022-08-09 12:56:35
1660049795821036000,14.45,6,14.4,60,14.45,27,1,2022-08-09 12:56:35
1660049795912768000,14.45,10,14.4,60,14.45,9,1,2022-08-09 12:56:35
1660049796523111000,14.45,4,14.4,62,14.45,5,1,2022-08-09 12:56:36
1660049796634489000,14.45,1,14.4,62,14.45,9,1,2022-08-09 12:56:36
1660049796919243000,14.45,1,14.4,62,14.45,3,1,2022-08-09 12:56:36
1660049797309701000,14.45,3,14.4,62,14.5,379,1,2022-08-09 12:56:37
1660049797309701000,14.5,7,14.4,62,14.5,379,1,2022-08-09 12:56:37
1660049798794583000,14.5,2,14.45,10,14.5,325,1,2022-08-09 12:56:38
1660049801412129000,14.45,1,14.45,19,14.5,325,2,2022-08-09 12:56:41
1660049801626387000,14.45,10,14.45,9,14.5,315,2,2022-08-09 12:56:41
1660049803621391000,14.5,2,14.45,10,14.5,313,1,2022-08-09 12:56:43
1660049807243659000,14.45,1,14.45,9,14.5,302,2,2022-08-09 12:56:47
1660049808709868000,14.45,9,14.4,67,14.5,303,2,2022-08-09 12:56:48
1660049812966176000,14.45,10,14.4,270,14.45,5,1,2022-08-09 12:56:52
1660049813481781000,14.45,5,14.4,270,14.5,305,1,2022-08-09 12:56:53
1660049817521008000,14.5,5,14.45,1,14.5,300,1,2022-08-09 12:56:57
1660049817661832000,14.5,1,14.45,1,14.5,299,1,2022-08-09 12:56:57
1660049826276534000,14.45,13,14.4,271,14.45,37,2,2022-08-09 12:57:06
1660049830249869000,14.45,5,14.4,277,14.45,32,1,2022-08-09 12:57:10
1660049833052428000,14.4,10,14.4,267,14.45,34,2,2022-08-09 12:57:13
1660049833713291000,14.45,1,14.4,267,14.45,33,1,2022-08-09 12:57:13
1660049837586794000,14.45,2,14.4,267,14.45,32,1,2022-08-09 12:57:17
1660049839148048000,14.45,20,14.4,267,14.45,13,1,2022-08-09 12:57:19
1660049839872881000,14.45,14,14.4,64,14.5,116,1,2022-08-09 12:57:19
1660049839872881000,14.5,190,14.4,64,14.5,116,1,2022-08-09 12:57:19
1660049843254565000,14.45,1,14.45,5,14.5,116,2,2022-08-09 12:57:23
1660049843283642000,14.45,5,14.4,64,14.5,116,2,2022-08-09 12:57:23
1660049843542017000,14.5,5,14.4,64,14.5,111,1,2022-08-09 12:57:23
1660049844356596000,14.4,3,14.4,61,14.5,111,2,2022-08-09 12:57:24
1660049844475985000,14.5,2,14.4,61,14.5,109,1,2022-08-09 12:57:24
1660049845303397000,14.5,5,14.45,28,14.5,104,1,2022-08-09 12:57:25
1660049847687180000,14.5,1,14.45,29,14.5,105,1,2022-08-09 12:57:27
1660049852086271000,14.5,28,14.45,1,14.5,77,1,2022-08-09 12:57:32
1660049854908057000,14.5,1,14.45,11,14.5,75,1,2022-08-09 12:57:34
1660049855524490000,14.5,10,14.45,11,14.5,70,1,2022-08-09 12:57:35
1660049861095053000,14.45,10,14.45,12,14.5,75,2,2022-08-09 12:57:41
1660049861800346000,14.45,5,14.45,7,14.5,75,2,2022-08-09 12:57:41
1660049868817381000,14.5,2,14.45,13,14.5,75,1,2022-08-09 12:57:48
1660049871445310000,14.45,10,14.45,3,14.5,75,2,2022-08-09 12:57:51
1660049874596014000,14.45,1,14.45,2,14.5,88,2,2022-08-09 12:57:54
1660049874620171000,14.45,1,14.45,1,14.5,88,2,2022-08-09 12:57:54
1660049884003330000,14.45,2,14.45,2,14.5,112,2,2022-08-09 12:58:04
1660049886246325000,14.45,1,14.45,1,14.5,112,2,2022-08-09 12:58:06
1660049890794159000,14.45,2,14.4,57,14.45,8,2,2022-08-09 12:58:10
1660049891660988000,14.45,1,14.4,57,14.45,8,1,2022-08-09 12:58:11
1660049896754988000,14.45,2,14.4,57,14.45,6,1,2022-08-09 12:58:16
1660049900657713000,14.45,1,14.4,56,14.45,6,1,2022-08-09 12:58:20
1660049903366378000,14.4,10,14.4,46,14.45,9,2,2022-08-09 12:58:23
1660049903391694000,14.45,3,14.4,46,14.45,6,1,2022-08-09 12:58:23
1660049903399857000,14.4,38,14.4,8,14.45,6,2,2022-08-09 12:58:23
1660049904939998000,14.45,2,14.4,8,14.45,4,1,2022-08-09 12:58:24
1660049911064871000,14.45,5,14.4,8,14.45,29,1,2022-08-09 12:58:31
1660049911585619000,14.45,2,14.4,8,14.45,22,1,2022-08-09 12:58:31
1660049914334226000,14.4,2,14.4,6,14.45,22,2,2022-08-09 12:58:34
1660049914681150000,14.4,6,14.3,19,14.45,22,2,2022-08-09 12:58:34
1660049914681150000,14.35,3,14.3,19,14.45,22,2,2022-08-09 12:58:34
1660049914681150000,14.3,11,14.3,19,14.45,22,2,2022-08-09 12:58:34
1660049928643919000,14.45,5,14.4,5,14.45,29,1,2022-08-09 12:58:48
1660049931817541000,14.4,5,14.35,6,14.45,31,2,2022-08-09 12:58:51
1660049933118230000,14.45,1,14.35,6,14.45,30,1,2022-08-09 12:58:53
1660049937861041000,14.4,3,14.35,6,14.4,3,1,2022-08-09 12:58:57
1660049937861041000,14.45,7,14.35,6,14.4,3,1,2022-08-09 12:58:57
1660049939009005000,14.45,15,14.35,6,14.45,9,1,2022-08-09 12:58:59
1660049940879967000,14.4,2,14.4,8,14.45,10,1,2022-08-09 12:59:00
1660049945287393000,14.45,13,14.45,2,14.5,152,1,2022-08-09 12:59:05
1660049946977463000,14.45,1,14.45,12,14.5,152,2,2022-08-09 12:59:06
1660049947976811000,14.45,1,14.45,11,14.5,152,2,2022-08-09 12:59:07
1660049950912876000,14.45,2,14.45,9,14.5,154,2,2022-08-09 12:59:10
1660049951632801000,14.5,1,14.45,9,14.5,153,1,2022-08-09 12:59:11
1660049952758360000,14.45,6,14.45,3,14.5,153,2,2022-08-09 12:59:12
1660049953156752000,14.45,1,14.45,2,14.5,153,2,2022-08-09 12:59:13
1660049959477186000,14.45,1,14.45,3,14.5,189,2,2022-08-09 12:59:19
1660049976066854000,14.45,1,14.45,49,14.5,229,2,2022-08-09 12:59:36
1660049976151999000,14.45,1,14.45,48,14.5,229,2,2022-08-09 12:59:36
1660049988153748000,14.45,5,14.45,48,14.5,232,2,2022-08-09 12:59:48
1660049988386812000,14.45,2,14.45,46,14.5,232,2,2022-08-09 12:59:48
1660049990092926000,14.45,1,14.45,45,14.5,232,2,2022-08-09 12:59:50
1660049997891719000,14.45,1,14.45,46,14.5,257,2,2022-08-09 12:59:57
1660049999920667000,14.45,1,14.45,45,14.5,257,2,2022-08-09 12:59:59
1660050002199029000,14.45,2,14.45,48,14.5,359,2,2022-08-09 13:00:02
1660050011351226000,14.45,1,14.45,65,14.5,359,2,2022-08-09 13:00:11
1660050013451317000,14.5,2,14.45,64,14.5,357,1,2022-08-09 13:00:13
1660050016265203000,14.45,10,14.45,54,14.5,357,2,2022-08-09 13:00:16
1660050017008568000,14.45,2,14.45,52,14.5,357,2,2022-08-09 13:00:17
1660050017993058000,14.45,3,14.45,49,14.5,357,2,2022-08-09 13:00:17
1660050019727212000,14.5,5,14.45,49,14.5,352,1,2022-08-09 13:00:19
1660050020382141000,14.45,10,14.45,39,14.5,352,2,2022-08-09 13:00:20
1660050022056610000,14.45,30,14.45,9,14.5,322,2,2022-08-09 13:00:22
1660050026131174000,14.45,2,14.45,7,14.5,322,2,2022-08-09 13:00:26
1660050027556131000,14.45,1,14.45,6,14.5,322,2,2022-08-09 13:00:27
1660050029389038000,14.45,1,14.45,5,14.5,322,2,2022-08-09 13:00:29
1660050032401007000,14.45,5,14.4,17,14.5,323,2,2022-08-09 13:00:32
1660050035231841000,14.45,2,14.45,3,14.5,323,1,2022-08-09 13:00:35
1660050036531820000,14.45,1,14.45,10,14.5,329,2,2022-08-09 13:00:36
1660050038438759000,14.45,1,14.45,9,14.5,329,2,2022-08-09 13:00:38
1660050038944964000,14.5,5,14.45,9,14.5,324,1,2022-08-09 13:00:38
1660050041987246000,14.45,5,14.45,4,14.5,324,2,2022-08-09 13:00:41
1660050043679326000,14.45,1,14.45,3,14.5,324,2,2022-08-09 13:00:43
1660050045886603000,14.45,1,14.45,2,14.5,324,2,2022-08-09 13:00:45
1660050046018768000,14.45,1,14.45,1,14.5,324,2,2022-08-09 13:00:46
1660050046660867000,14.45,1,14.4,20,14.45,2,2,2022-08-09 13:00:46
1660050049189225000,14.45,3,14.4,20,14.45,3,1,2022-08-09 13:00:49
1660050051433289000,14.4,1,14.4,19,14.45,4,2,2022-08-09 13:00:51
1660050057733371000,14.45,1,14.4,29,14.45,15,1,2022-08-09 13:00:57
1660050066901159000,14.45,5,14.4,37,14.45,18,1,2022-08-09 13:01:06
1660050068512024000,14.4,15,14.4,22,14.45,18,2,2022-08-09 13:01:08
1660050073961716000,14.4,1,14.4,32,14.45,23,2,2022-08-09 13:01:13
1660050088509308000,14.4,10,14.4,21,14.45,47,2,2022-08-09 13:01:28
1660050088774912000,14.4,1,14.4,20,14.45,47,2,2022-08-09 13:01:28
1660050088933019000,14.4,10,14.4,10,14.45,47,2,2022-08-09 13:01:28
1660050097336499000,14.4,1,14.4,15,14.45,59,2,2022-08-09 13:01:37
1660050101996506000,14.4,15,14.35,20,14.4,1,2,2022-08-09 13:01:41
1660050102214425000,14.4,1,14.35,20,14.45,59,1,2022-08-09 13:01:42
1660050106613162000,14.4,1,14.4,29,14.45,59,1,2022-08-09 13:01:46
1660050106647512000,14.45,13,14.4,29,14.45,46,1,2022-08-09 13:01:46
1660050106961501000,14.4,1,14.4,28,14.45,46,2,2022-08-09 13:01:46
1660050109399799000,14.4,1,14.4,27,14.45,46,2,2022-08-09 13:01:49
1660050115856711000,14.4,2,14.4,30,14.45,50,2,2022-08-09 13:01:55
1660050119509088000,14.4,1,14.4,34,14.45,52,2,2022-08-09 13:01:59
1660050125083583000,14.4,1,14.4,33,14.45,57,2,2022-08-09 13:02:05
1660050125250430000,14.4,7,14.4,26,14.45,57,2,2022-08-09 13:02:05
1660050127820333000,14.4,10,14.4,16,14.45,58,2,2022-08-09 13:02:07
1660050136426648000,14.4,17,14.35,14,14.4,9,2,2022-08-09 13:02:16
