ts,close,volume,bid_price,bid_volume,ask_price,ask_volume,tick_type,datetime
1644829204845379000,292.0,132,291.5,9,292.0,19,2,2022-02-14 09:00:04
1644829205052039000,292.0,14,291.5,20,292.0,5,1,2022-02-14 09:00:05
1644829205891616000,291.5,1,291.5,19,292.0,5,2,2022-02-14 09:00:05
1644829205930714000,292.0,5,291.5,19,292.5,22,1,2022-02-14 09:00:05
1644829207055784000,292.0,2,291.5,19,292.0,3,1,2022-02-14 09:00:07
1644829209575534000,291.5,2,291.5,20,292.0,4,2,2022-02-14 09:00:09
1644829210120905000,292.0,4,292.0,1,292.5,22,1,2022-02-14 09:00:10
1644829210200118000,292.0,1,291.5,21,292.5,22,2,2022-02-14 09:00:10
1644829211426081000,292.0,4,291.5,25,292.5,22,1,2022-02-14 09:00:11
1644829211469098000,291.5,1,291.5,25,292.5,22,2,2022-02-14 09:00:11
1644829212168336000,291.5,2,291.5,23,292.5,22,2,2022-02-14 09:00:12
1644829213119368000,292.0,1,291.5,24,292.5,22,1,2022-02-14 09:00:13
1644829214160027000,292.0,2,291.5,24,292.5,22,1,2022-02-14 09:00:14
1644829214365575000,292.0,2,292.0,9,292.5,22,2,2022-02-14 09:00:14
1644829214532653000,292.0,1,292.0,8,292.5,22,2,2022-02-14 09:00:14
1644829214921478000,292.0,1,292.0,8,292.5,22,2,2022-02-14 09:00:14
1644829215394723000,292.0,3,292.0,6,292.5,22,2,2022-02-14 09:00:15
1644829216272521000,292.5,1,292.0,6,292.5,21,1,2022-02-14 09:00:16
1644829216420396000,292.0,1,292.0,5,292.5,21,2,2022-02-14 09:00:16
1644829217266168000,292.5,1,292.0,5,292.5,20,1,2022-02-14 09:00:17
1644829217294791000,292.5,4,292.0,5,292.5,16,1,2022-02-14 09:00:17
1644829218191729000,292.5,2,292.0,8,292.5,14,1,2022-02-14 09:00:18
1644829218341373000,292.5,3,292.0,5,292.5,11,1,2022-02-14 09:00:18
1644829218380654000,292.5,11,292.0,5,293.0,16,1,2022-02-14 09:00:18
1644829218705241000,293.0,3,292.0,5,293.0,13,1,2022-02-14 09:00:18
1644829218938414000,293.0,1,292.0,5,293.0,12,1,2022-02-14 09:00:18
1644829219406303000,293.0,1,292.0,5,293.0,11,1,2022-02-14 09:00:19
1644829219720514000,293.0,1,292.5,1,293.0,10,1,2022-02-14 09:00:19
1644829220569525000,293.0,8,292.5,5,293.0,2,1,2022-02-14 09:00:20
1644829220593412000,293.0,2,292.5,5,293.5,29,1,2022-02-14 09:00:20
1644829220627566000,293.5,28,292.5,5,293.5,1,1,2022-02-14 09:00:20
1644829220658206000,293.5,1,292.5,5,294.0,33,1,2022-02-14 09:00:20
1644829221213822000,292.5,1,292.5,24,294.0,33,2,2022-02-14 09:00:21
1644829224587417000,293.0,2,293.0,1,294.0,33,2,2022-02-14 09:00:24
1644829224589425000,293.0,1,292.5,24,294.0,33,2,2022-02-14 09:00:24
1644829224589425000,292.5,1,292.5,24,294.0,33,2,2022-02-14 09:00:24
1644829225696739000,293.0,2,293.0,8,294.0,33,2,2022-02-14 09:00:25
1644829227877620000,294.0,1,293.0,9,294.0,32,1,2022-02-14 09:00:27
1644829228315072000,293.0,1,293.0,29,294.0,32,2,2022-02-14 09:00:28
1644829228451059000,294.0,1,293.0,29,294.0,31,1,2022-02-14 09:00:28
1644829228612426000,293.0,10,293.0,19,294.0,31,2,2022-02-14 09:00:28
1644829229462663000,293.0,1,293.0,20,294.0,31,2,2022-02-14 09:00:29
1644829229602260000,293.0,1,293.0,19,294.0,31,2,2022-02-14 09:00:29
1644829230729951000,294.0,1,293.0,21,294.0,31,1,2022-02-14 09:00:30
1644829231788621000,293.5,1,293.0,12,294.0,31,2,2022-02-14 09:00:31
1644829231788621000,293.0,9,293.0,12,294.0,31,2,2022-02-14 09:00:31
1644829232630637000,294.0,1,293.0,13,294.0,40,1,2022-02-14 09:00:32
1644829237739158000,294.0,1,293.0,18,294.0,43,1,2022-02-14 09:00:37
1644829237762143000,294.0,1,293.0,18,294.0,42,1,2022-02-14 09:00:37
1644829237764481000,293.0,2,293.0,16,294.0,42,2,2022-02-14 09:00:37
1644829238288185000,293.5,2,293.0,16,293.5,1,1,2022-02-14 09:00:38
1644829238333532000,293.5,1,293.5,6,294.0,45,1,2022-02-14 09:00:38
1644829238896418000,294.0,1,293.5,6,294.0,44,1,2022-02-14 09:00:38
1644829239100179000,294.0,2,293.5,16,294.0,42,1,2022-02-14 09:00:39
1644829239496280000,294.0,1,293.5,16,294.0,41,1,2022-02-14 09:00:39
1644829239599811000,294.0,2,293.5,16,294.0,39,1,2022-02-14 09:00:39
1644829239790212000,294.0,1,293.5,18,294.0,38,1,2022-02-14 09:00:39
1644829239818835000,294.0,1,293.5,18,294.0,37,1,2022-02-14 09:00:39
1644829239849682000,294.0,3,293.5,18,294.0,34,1,2022-02-14 09:00:39
1644829240076196000,294.0,6,293.5,18,294.0,28,1,2022-02-14 09:00:40
1644829240098832000,294.0,1,293.5,18,294.0,27,1,2022-02-14 09:00:40
1644829240108369000,294.0,8,293.5,18,294.0,19,1,2022-02-14 09:00:40
1644829240108647000,294.0,19,293.5,18,294.5,18,1,2022-02-14 09:00:40
1644829240555416000,294.5,18,294.0,21,295.0,12,1,2022-02-14 09:00:40
1644829240799345000,294.0,2,294.0,19,295.0,12,2,2022-02-14 09:00:40
1644829241956199000,295.0,12,295.5,7,296.0,7,1,2022-02-14 09:00:41
1644829241956199000,295.5,1,295.5,7,296.0,7,1,2022-02-14 09:00:41
1644829241988297000,295.5,7,294.5,3,296.0,7,2,2022-02-14 09:00:41
1644829242083109000,296.0,1,294.5,3,296.0,6,1,2022-02-14 09:00:42
1644829242203274000,295.0,2,295.0,8,296.0,6,2,2022-02-14 09:00:42
1644829242240284000,295.0,1,295.0,7,296.0,6,2,2022-02-14 09:00:42
1644829242322828000,296.0,1,295.0,7,296.0,5,1,2022-02-14 09:00:42
1644829242387774000,295.0,2,295.0,5,296.0,5,2,2022-02-14 09:00:42
1644829242586577000,295.0,5,294.5,3,295.0,5,2,2022-02-14 09:00:42
1644829244957968000,295.0,2,294.5,4,295.0,3,1,2022-02-14 09:00:44
1644829245863791000,295.0,1,294.5,4,295.0,7,1,2022-02-14 09:00:45
1644829246001078000,294.5,1,294.5,3,295.0,7,2,2022-02-14 09:00:46
1644829247030054000,295.0,1,294.5,3,295.0,19,1,2022-02-14 09:00:47
1644829247104357000,295.0,1,294.5,4,295.0,18,1,2022-02-14 09:00:47
1644829247637427000,294.5,1,294.5,3,295.0,23,2,2022-02-14 09:00:47
1644829248402133000,295.0,1,294.5,4,295.0,22,1,2022-02-14 09:00:48
1644829248635107000,295.0,1,294.5,4,295.0,21,1,2022-02-14 09:00:48
1644829249063823000,294.5,6,294.0,28,295.0,22,2,2022-02-14 09:00:49
1644829249210049000,294.5,2,294.0,28,295.0,22,2,2022-02-14 09:00:49
1644829249629678000,295.0,1,294.5,1,295.0,21,1,2022-02-14 09:00:49
1644829249692915000,294.5,1,294.0,28,294.5,1,2,2022-02-14 09:00:49
1644829249814413000,294.5,1,294.5,9,295.0,21,1,2022-02-14 09:00:49
1644829249840969000,294.5,9,294.0,28,294.5,1,2,2022-02-14 09:00:49
1644829249920911000,294.5,1,294.0,28,295.0,17,1,2022-02-14 09:00:49
1644829249920911000,295.0,1,294.0,28,295.0,17,1,2022-02-14 09:00:49
1644829250088689000,294.0,5,294.0,23,294.5,1,2,2022-02-14 09:00:50
1644829250388242000,294.5,1,294.0,23,295.0,17,1,2022-02-14 09:00:50
1644829250424535000,294.0,23,293.5,3,295.0,17,2,2022-02-14 09:00:50
1644829250667206000,294.5,1,294.5,9,295.0,17,1,2022-02-14 09:00:50
1644829250709180000,294.5,9,293.5,3,295.0,17,2,2022-02-14 09:00:50
1644829250726871000,295.0,1,293.5,3,295.0,16,1,2022-02-14 09:00:50
1644829251020639000,293.5,3,293.0,15,295.0,16,2,2022-02-14 09:00:51
1644829251020639000,293.0,2,293.0,15,295.0,16,2,2022-02-14 09:00:51
1644829251368379000,294.5,1,293.5,2,294.5,1,1,2022-02-14 09:00:51
1644829251555596000,294.5,2,293.5,2,295.0,8,1,2022-02-14 09:00:51
1644829251555596000,295.0,8,293.5,2,295.0,8,1,2022-02-14 09:00:51
1644829252102605000,294.0,1,293.5,2,294.0,1,1,2022-02-14 09:00:52
1644829252819898000,293.5,1,293.5,1,294.0,1,2,2022-02-14 09:00:52
1644829252845346000,294.0,1,293.5,1,294.5,19,1,2022-02-14 09:00:52
1644829253178956000,294.5,1,293.5,1,294.5,18,1,2022-02-14 09:00:53
1644829253847983000,293.5,1,293.0,13,294.5,18,2,2022-02-14 09:00:53
1644829254718583000,294.5,4,293.5,1,294.5,14,1,2022-02-14 09:00:54
1644829255825066000,294.5,1,294.0,3,294.5,14,1,2022-02-14 09:00:55
1644829256123691000,294.0,2,294.0,4,294.5,14,2,2022-02-14 09:00:56
1644829256132526000,294.0,2,294.0,2,294.5,14,2,2022-02-14 09:00:56
1644829256147020000,294.5,14,294.0,2,295.0,16,1,2022-02-14 09:00:56
1644829256147020000,295.0,4,294.0,2,295.0,16,1,2022-02-14 09:00:56
1644829256969354000,294.5,1,294.0,5,295.0,16,1,2022-02-14 09:00:56
1644829257202709000,295.0,1,294.0,5,295.0,15,1,2022-02-14 09:00:57
1644829257367473000,294.0,1,294.0,6,295.0,15,2,2022-02-14 09:00:57
1644829257920113000,294.0,1,294.0,6,294.5,1,2,2022-02-14 09:00:57
1644829258024347000,294.0,1,294.0,5,294.5,1,2,2022-02-14 09:00:58
1644829259026255000,294.5,1,294.0,8,295.0,15,1,2022-02-14 09:00:59
1644829259122659000,295.0,1,294.0,8,295.0,14,1,2022-02-14 09:00:59
1644829259156797000,294.5,2,294.0,8,295.0,14,1,2022-02-14 09:00:59
1644829261231101000,294.5,1,294.0,20,294.5,3,1,2022-02-14 09:01:01
1644829261324264000,294.5,2,294.0,21,294.5,1,1,2022-02-14 09:01:01
1644829261380384000,294.5,1,294.5,9,295.0,15,1,2022-02-14 09:01:01
1644829261680317000,294.5,3,294.5,6,295.0,15,2,2022-02-14 09:01:01
1644829261711365000,294.5,3,294.5,3,295.0,15,2,2022-02-14 09:01:01
1644829261738827000,294.5,3,294.0,11,295.0,15,2,2022-02-14 09:01:01
1644829261989690000,294.5,3,294.5,2,295.0,15,1,2022-02-14 09:01:01
1644829262398701000,294.5,2,294.0,11,294.5,8,2,2022-02-14 09:01:02
1644829262820825000,294.5,1,294.0,14,294.5,9,1,2022-02-14 09:01:02
1644829264426396000,294.5,1,294.0,13,294.5,12,1,2022-02-14 09:01:04
1644829264747226000,294.5,2,294.0,13,294.5,11,1,2022-02-14 09:01:04
1644829265499257000,294.5,1,294.0,13,294.5,10,1,2022-02-14 09:01:05
1644829265574484000,294.5,1,294.0,13,294.5,9,1,2022-02-14 09:01:05
1644829266333873000,294.5,1,294.0,19,294.5,8,1,2022-02-14 09:01:06
1644829266530616000,294.5,5,294.0,19,294.5,3,1,2022-02-14 09:01:06
1644829266659835000,294.5,1,294.0,19,294.5,2,1,2022-02-14 09:01:06
1644829267063441000,294.5,1,294.0,23,294.5,1,1,2022-02-14 09:01:07
1644829267254099000,294.5,1,294.0,23,295.0,21,1,2022-02-14 09:01:07
1644829267421834000,295.0,1,294.0,23,295.0,20,1,2022-02-14 09:01:07
1644829268290689000,294.5,1,294.0,23,295.0,20,1,2022-02-14 09:01:08
1644829268615858000,295.0,3,294.0,23,295.0,17,1,2022-02-14 09:01:08
1644829268899099000,294.0,1,294.0,23,295.0,17,2,2022-02-14 09:01:08
1644829270099942000,294.5,1,294.0,24,295.0,17,2,2022-02-14 09:01:10
1644829270527180000,294.0,1,294.0,23,295.0,17,2,2022-02-14 09:01:10
1644829270621673000,294.5,2,294.5,3,295.0,17,2,2022-02-14 09:01:10
1644829272875956000,295.0,17,294.5,11,295.5,10,1,2022-02-14 09:01:12
1644829273136165000,295.5,4,294.5,15,295.5,6,1,2022-02-14 09:01:13
1644829273339113000,295.0,1,294.5,15,295.5,6,2,2022-02-14 09:01:13
1644829273383642000,295.0,1,294.5,15,295.5,6,1,2022-02-14 09:01:13
1644829273474912000,295.0,1,294.5,15,295.5,6,1,2022-02-14 09:01:13
1644829273522842000,294.5,1,294.5,14,295.5,6,2,2022-02-14 09:01:13
1644829273523317000,294.5,1,294.5,13,295.5,6,2,2022-02-14 09:01:13
1644829273744393000,294.5,1,294.5,12,295.5,6,2,2022-02-14 09:01:13
1644829274014372000,295.5,1,294.5,12,295.5,5,1,2022-02-14 09:01:14
1644829275119803000,295.0,2,294.5,16,295.5,5,1,2022-02-14 09:01:15
1644829276058072000,295.0,3,294.5,5,295.5,5,2,2022-02-14 09:01:16
1644829276058072000,294.5,7,294.5,5,295.5,5,2,2022-02-14 09:01:16
1644829276438271000,295.0,1,294.5,6,295.5,5,2,2022-02-14 09:01:16
1644829277753243000,295.0,1,294.5,15,295.5,5,1,2022-02-14 09:01:17
1644829277942569000,295.0,1,294.5,16,295.5,5,1,2022-02-14 09:01:17
1644829278740783000,295.0,1,294.5,16,295.5,5,1,2022-02-14 09:01:18
1644829280110791000,295.0,1,294.5,20,295.0,2,1,2022-02-14 09:01:20
1644829280393053000,294.5,1,294.5,19,295.0,4,2,2022-02-14 09:01:20
1644829280709348000,295.0,1,294.5,19,295.0,3,1,2022-02-14 09:01:20
1644829280746582000,295.0,1,294.5,19,295.0,2,1,2022-02-14 09:01:20
1644829280822363000,295.0,1,294.5,19,295.0,1,1,2022-02-14 09:01:20
1644829280903885000,295.0,1,294.5,21,295.5,5,1,2022-02-14 09:01:20
1644829280903885000,295.5,1,294.5,21,295.5,5,1,2022-02-14 09:01:20
1644829281408950000,295.5,1,295.0,1,295.5,4,1,2022-02-14 09:01:21
1644829281691563000,295.0,1,294.5,22,295.5,4,2,2022-02-14 09:01:21
1644829282571824000,295.0,1,295.0,3,295.5,5,2,2022-02-14 09:01:22
1644829283703508000,295.5,2,295.0,4,295.5,3,1,2022-02-14 09:01:23
1644829284002349000,295.5,1,295.0,7,295.5,2,1,2022-02-14 09:01:24
1644829284080366000,295.0,1,295.0,6,295.5,2,2,2022-02-14 09:01:24
1644829284325022000,295.0,1,295.0,5,295.5,2,2,2022-02-14 09:01:24
1644829284850901000,295.5,1,295.0,6,295.5,1,1,2022-02-14 09:01:24
1644829285910002000,295.0,7,294.5,32,295.0,3,2,2022-02-14 09:01:25
1644829286041342000,295.0,1,294.5,31,295.0,2,1,2022-02-14 09:01:26
1644829286079472000,295.0,1,294.5,32,295.0,1,1,2022-02-14 09:01:26
1644829286234716000,295.0,1,294.5,32,295.5,2,1,2022-02-14 09:01:26
1644829286295847000,295.5,1,294.5,32,295.5,1,1,2022-02-14 09:01:26
1644829287386024000,295.5,1,295.0,2,295.5,5,1,2022-02-14 09:01:27
1644829287431348000,295.5,1,295.0,2,295.5,4,1,2022-02-14 09:01:27
1644829287515011000,295.5,4,295.0,4,296.0,18,1,2022-02-14 09:01:27
1644829288090426000,296.0,1,295.5,2,296.0,17,1,2022-02-14 09:01:28
1644829290362973000,296.0,1,295.5,6,296.0,16,1,2022-02-14 09:01:30
1644829290790962000,295.5,1,295.5,5,296.0,16,2,2022-02-14 09:01:30
1644829292082307000,296.0,1,295.5,5,296.0,20,1,2022-02-14 09:01:32
1644829292484222000,295.5,1,295.5,5,296.0,21,2,2022-02-14 09:01:32
1644829292669226000,296.0,1,295.5,5,296.0,20,1,2022-02-14 09:01:32
1644829293113567000,295.5,1,295.5,8,296.0,20,2,2022-02-14 09:01:33
1644829293634035000,296.0,1,295.5,10,296.0,19,1,2022-02-14 09:01:33
1644829293667379000,295.5,1,295.5,9,296.0,19,2,2022-02-14 09:01:33
1644829294081149000,296.0,1,295.5,10,296.0,18,1,2022-02-14 09:01:34
1644829294867386000,296.0,1,295.5,13,296.0,17,1,2022-02-14 09:01:34
1644829294954176000,296.0,1,295.5,14,296.0,16,1,2022-02-14 09:01:34
1644829295039370000,296.0,4,295.5,15,296.0,12,1,2022-02-14 09:01:35
1644829295429458000,296.0,4,295.5,20,296.0,8,1,2022-02-14 09:01:35
1644829296083278000,296.0,1,295.5,22,296.0,7,1,2022-02-14 09:01:36
1644829296106064000,296.0,1,295.5,22,296.0,6,1,2022-02-14 09:01:36
1644829296116342000,296.0,6,295.5,22,296.5,12,1,2022-02-14 09:01:36
1644829296963261000,296.0,2,296.0,6,296.5,12,2,2022-02-14 09:01:36
1644829297328862000,296.5,1,296.0,10,296.5,15,1,2022-02-14 09:01:37
1644829297694977000,296.0,5,296.0,6,296.5,15,2,2022-02-14 09:01:37
1644829298372918000,296.0,5,296.0,13,296.5,17,2,2022-02-14 09:01:38
1644829298410405000,296.5,10,296.0,13,296.5,7,1,2022-02-14 09:01:38
1644829299358401000,296.5,1,296.0,17,296.5,2,1,2022-02-14 09:01:39
1644829299705291000,296.5,2,296.5,8,297.0,12,1,2022-02-14 09:01:39
1644829300038185000,297.0,1,296.5,9,297.0,11,1,2022-02-14 09:01:40
1644829300454108000,297.0,1,296.5,9,297.0,10,1,2022-02-14 09:01:40
1644829300776625000,297.0,1,296.5,10,297.0,9,1,2022-02-14 09:01:40
1644829301267752000,297.0,1,296.5,12,297.0,9,1,2022-02-14 09:01:41
1644829301439751000,297.0,1,296.5,12,297.0,8,1,2022-02-14 09:01:41
1644829301483583000,297.0,1,296.5,12,297.0,8,1,2022-02-14 09:01:41
1644829302316767000,297.0,1,296.5,12,297.0,7,1,2022-02-14 09:01:42
1644829302345333000,297.0,5,296.5,13,297.0,2,1,2022-02-14 09:01:42
1644829302387979000,296.5,1,296.5,13,297.0,2,2,2022-02-14 09:01:42
1644829302535037000,297.0,1,296.5,14,297.0,1,1,2022-02-14 09:01:42
1644829303126297000,297.0,1,296.5,14,297.5,8,1,2022-02-14 09:01:43
1644829304180905000,297.5,2,297.0,6,297.5,8,1,2022-02-14 09:01:44
1644829305172541000,297.0,1,297.0,13,297.5,8,2,2022-02-14 09:01:45
1644829305190041000,297.5,5,297.0,13,297.5,3,1,2022-02-14 09:01:45
1644829305690387000,297.5,1,297.0,19,297.5,2,1,2022-02-14 09:01:45
1644829305719505000,297.5,2,297.0,19,298.0,5,1,2022-02-14 09:01:45
1644829305907122000,297.0,2,297.0,21,297.5,1,2,2022-02-14 09:01:45
1644829305942712000,297.5,1,297.0,21,298.0,5,1,2022-02-14 09:01:45
1644829306277916000,297.5,1,297.0,22,297.5,1,2,2022-02-14 09:01:46
1644829306309590000,297.5,1,297.0,22,298.0,5,1,2022-02-14 09:01:46
1644829306359528000,298.0,1,297.0,22,298.0,4,1,2022-02-14 09:01:46
1644829307228745000,298.0,1,297.0,28,298.0,3,1,2022-02-14 09:01:47
1644829308256135000,297.5,1,297.5,4,298.0,4,2,2022-02-14 09:01:48
1644829308262927000,297.5,1,297.5,3,298.0,4,2,2022-02-14 09:01:48
1644829308313967000,298.0,1,297.5,4,298.0,3,1,2022-02-14 09:01:48
1644829309178883000,298.0,1,297.5,7,298.0,3,1,2022-02-14 09:01:49
1644829309529202000,297.5,1,297.5,9,298.0,3,2,2022-02-14 09:01:49
1644829309607660000,298.0,1,297.5,9,298.0,2,1,2022-02-14 09:01:49
1644829309675048000,298.0,1,297.5,9,298.0,1,1,2022-02-14 09:01:49
1644829309874152000,298.0,1,297.5,9,298.5,6,1,2022-02-14 09:01:49
1644829309971203000,298.5,1,297.5,9,298.5,11,1,2022-02-14 09:01:49
1644829310125353000,297.5,1,297.5,8,298.5,2,2,2022-02-14 09:01:50
1644829310414994000,298.0,10,297.5,9,298.5,7,2,2022-02-14 09:01:50
1644829310436675000,298.5,1,297.5,9,298.5,1,1,2022-02-14 09:01:50
1644829310517692000,298.0,1,297.5,9,298.5,6,2,2022-02-14 09:01:50
1644829310803121000,298.0,1,297.5,9,298.5,7,2,2022-02-14 09:01:50
1644829311051979000,298.5,1,297.5,14,298.5,5,1,2022-02-14 09:01:51
1644829311305084000,298.0,1,297.5,16,299.0,18,1,2022-02-14 09:01:51
1644829311502060000,299.0,1,298.0,4,299.0,17,1,2022-02-14 09:01:51
1644829311552057000,298.0,4,297.5,16,298.0,5,2,2022-02-14 09:01:51
1644829311572256000,298.0,1,297.5,16,298.0,4,1,2022-02-14 09:01:51
1644829311906883000,298.0,1,297.5,16,298.0,3,1,2022-02-14 09:01:51
1644829311970818000,298.0,1,297.5,16,298.0,2,1,2022-02-14 09:01:51
1644829311989615000,298.0,1,297.5,17,298.0,1,1,2022-02-14 09:01:51
1644829312115265000,298.0,1,297.5,17,299.0,17,1,2022-02-14 09:01:52
1644829312346816000,298.0,2,297.5,18,298.0,5,1,2022-02-14 09:01:52
1644829312434217000,298.0,3,297.5,18,298.0,4,1,2022-02-14 09:01:52
1644829312521847000,298.0,1,297.5,19,298.0,3,1,2022-02-14 09:01:52
1644829312874911000,297.5,2,297.5,17,298.0,3,2,2022-02-14 09:01:52
1644829313178992000,298.0,2,297.5,17,298.0,1,1,2022-02-14 09:01:53
1644829313485686000,298.0,1,297.5,17,298.5,4,1,2022-02-14 09:01:53
1644829313758025000,298.0,1,297.5,17,298.0,5,1,2022-02-14 09:01:53
1644829314397328000,298.0,1,297.5,22,298.0,12,1,2022-02-14 09:01:54
1644829314525892000,298.0,1,297.5,22,298.0,11,1,2022-02-14 09:01:54
1644829314565519000,298.0,1,297.5,22,298.0,10,1,2022-02-14 09:01:54
1644829314596229000,297.5,11,297.5,11,298.0,10,2,2022-02-14 09:01:54
1644829314694330000,298.0,4,297.5,11,298.0,8,1,2022-02-14 09:01:54
1644829314721762000,297.5,11,297.0,41,298.0,8,2,2022-02-14 09:01:54
1644829314936688000,297.5,1,297.0,43,298.0,12,2,2022-02-14 09:01:54
1644829315146807000,297.0,2,297.0,41,298.0,18,2,2022-02-14 09:01:55
1644829315259210000,297.5,1,297.0,41,297.5,7,1,2022-02-14 09:01:55
1644829315484721000,297.5,1,297.0,41,297.5,8,1,2022-02-14 09:01:55
1644829315654603000,297.0,11,297.0,30,297.5,11,2,2022-02-14 09:01:55
1644829315682885000,297.0,2,297.0,28,297.5,11,2,2022-02-14 09:01:55
1644829315689303000,297.0,24,297.0,4,297.5,12,2,2022-02-14 09:01:55
1644829315692795000,297.0,4,296.5,12,297.5,12,2,2022-02-14 09:01:55
1644829315861848000,297.5,2,296.5,12,297.5,23,1,2022-02-14 09:01:55
1644829315938408000,297.5,1,296.5,12,297.5,25,1,2022-02-14 09:01:55
1644829316640437000,297.0,1,296.5,12,297.0,11,1,2022-02-14 09:01:56
1644829316714170000,297.0,2,296.5,12,297.0,12,1,2022-02-14 09:01:56
1644829316740293000,296.5,11,296.5,1,297.0,12,2,2022-02-14 09:01:56
1644829316771496000,296.5,1,296.0,43,297.0,12,2,2022-02-14 09:01:56
1644829317021773000,297.0,4,296.0,43,297.0,8,1,2022-02-14 09:01:57
1644829317092861000,297.0,1,296.0,43,297.0,7,1,2022-02-14 09:01:57
1644829317204656000,297.0,5,296.0,43,297.0,2,1,2022-02-14 09:01:57
1644829317291338000,296.0,22,296.0,21,296.5,3,2,2022-02-14 09:01:57
1644829317334966000,296.0,4,296.0,17,296.5,3,2,2022-02-14 09:01:57
1644829317901895000,296.5,1,296.0,17,296.5,4,1,2022-02-14 09:01:57
1644829318229536000,296.5,1,296.0,17,296.5,4,1,2022-02-14 09:01:58
1644829318368188000,296.5,1,296.0,17,296.5,2,1,2022-02-14 09:01:58
1644829318540542000,296.5,1,296.0,17,296.5,1,1,2022-02-14 09:01:58
1644829318708771000,296.0,7,296.0,10,296.5,8,2,2022-02-14 09:01:58
1644829318738587000,296.0,10,295.5,26,296.5,8,2,2022-02-14 09:01:58
1644829320264241000,296.0,1,295.5,25,296.0,6,1,2022-02-14 09:02:00
1644829320515368000,295.5,1,295.5,23,296.0,6,2,2022-02-14 09:02:00
1644829320783372000,296.0,1,295.5,23,296.0,7,1,2022-02-14 09:02:00
1644829320850128000,296.0,2,295.5,23,296.0,5,1,2022-02-14 09:02:00
1644829322107120000,296.0,1,295.5,22,296.0,4,1,2022-02-14 09:02:02
1644829322130073000,296.0,1,295.5,22,296.0,3,1,2022-02-14 09:02:02
1644829322408611000,296.0,1,295.5,22,296.0,5,1,2022-02-14 09:02:02
1644829322628457000,295.5,13,295.5,9,296.0,5,2,2022-02-14 09:02:02
1644829322656466000,295.5,9,295.0,14,296.0,5,2,2022-02-14 09:02:02
1644829322837036000,295.5,1,295.0,14,295.5,3,1,2022-02-14 09:02:02
1644829323048284000,295.5,2,295.0,14,295.5,1,1,2022-02-14 09:02:03
1644829323412566000,295.0,6,295.0,10,295.5,4,2,2022-02-14 09:02:03
1644829323594677000,295.0,10,294.5,16,295.5,4,2,2022-02-14 09:02:03
1644829323722347000,295.5,1,294.5,16,295.5,3,1,2022-02-14 09:02:03
1644829323737111000,295.5,1,294.5,16,295.5,2,1,2022-02-14 09:02:03
1644829323787799000,294.5,1,294.5,15,295.5,2,2,2022-02-14 09:02:03
1644829323868883000,294.5,10,294.5,5,295.5,2,2,2022-02-14 09:02:03
1644829323909693000,294.5,5,294.0,39,295.5,3,2,2022-02-14 09:02:03
1644829324193984000,295.5,1,294.0,39,295.5,5,1,2022-02-14 09:02:04
1644829324286748000,294.0,1,294.0,38,295.5,4,2,2022-02-14 09:02:04
1644829324803527000,294.5,1,294.0,38,295.5,4,1,2022-02-14 09:02:04
1644829326070087000,294.0,3,294.0,35,295.0,2,2,2022-02-14 09:02:06
1644829326071590000,295.0,2,294.0,35,296.0,17,1,2022-02-14 09:02:06
1644829326071590000,295.5,4,294.0,35,296.0,17,1,2022-02-14 09:02:06
1644829326071590000,296.0,4,294.0,35,296.0,17,1,2022-02-14 09:02:06
1644829326271982000,294.5,2,294.0,36,294.5,9,2,2022-02-14 09:02:06
1644829327798042000,294.5,1,294.0,35,294.5,8,1,2022-02-14 09:02:07
1644829330087459000,294.5,9,294.0,36,296.0,9,1,2022-02-14 09:02:10
1644829330087459000,295.0,6,294.0,36,296.0,9,1,2022-02-14 09:02:10
1644829330087459000,295.5,3,294.0,36,296.0,9,1,2022-02-14 09:02:10
1644829330087459000,296.0,2,294.0,36,296.0,9,1,2022-02-14 09:02:10
1644829330525802000,294.5,1,294.5,2,295.5,2,2,2022-02-14 09:02:10
1644829332801878000,294.5,1,294.5,4,295.5,4,2,2022-02-14 09:02:12
1644829333869199000,295.5,1,294.5,8,295.5,4,1,2022-02-14 09:02:13
1644829338345172000,295.0,1,294.5,22,295.0,7,1,2022-02-14 09:02:18
1644829339694156000,295.0,10,294.5,26,295.5,11,1,2022-02-14 09:02:19
1644829340103025000,295.0,1,294.5,26,295.0,2,1,2022-02-14 09:02:20
1644829340276402000,295.0,1,294.5,26,295.0,6,1,2022-02-14 09:02:20
1644829340916650000,295.0,6,294.5,26,295.5,6,1,2022-02-14 09:02:20
1644829340916650000,295.5,4,294.5,26,295.5,6,1,2022-02-14 09:02:20
1644829341231556000,295.0,1,295.0,1,295.5,6,2,2022-02-14 09:02:21
1644829341535417000,295.0,1,295.0,1,295.5,6,2,2022-02-14 09:02:21
1644829342207777000,295.0,1,294.5,28,295.0,2,2,2022-02-14 09:02:22
1644829342872043000,295.0,1,294.5,28,295.0,1,1,2022-02-14 09:02:22
1644829342877509000,295.0,1,294.5,28,295.5,5,1,2022-02-14 09:02:22
1644829343917052000,295.5,2,295.0,3,295.5,6,1,2022-02-14 09:02:23
1644829344296231000,295.0,1,295.0,3,295.5,8,2,2022-02-14 09:02:24
1644829345185559000,295.0,2,295.0,1,295.5,8,2,2022-02-14 09:02:25
1644829346240569000,295.0,3,295.0,2,295.5,8,2,2022-02-14 09:02:26
1644829346296126000,295.5,2,295.0,2,295.5,6,1,2022-02-14 09:02:26
1644829346456632000,295.5,1,295.0,3,295.5,5,1,2022-02-14 09:02:26
1644829346563635000,295.5,2,295.0,3,295.5,3,1,2022-02-14 09:02:26
1644829346937973000,295.5,1,295.0,3,295.5,2,1,2022-02-14 09:02:26
1644829347569572000,295.5,1,295.0,4,295.5,1,1,2022-02-14 09:02:27
1644829347694246000,295.0,1,295.0,3,295.5,1,2,2022-02-14 09:02:27
1644829349169244000,295.0,1,295.0,5,295.5,1,2,2022-02-14 09:02:29
1644829349585185000,295.5,1,295.0,5,295.5,1,1,2022-02-14 09:02:29
1644829350012416000,295.0,6,294.5,26,295.0,44,2,2022-02-14 09:02:30
1644829350300774000,294.5,1,294.5,25,295.0,44,2,2022-02-14 09:02:30
1644829350553164000,295.0,1,294.5,24,295.0,43,1,2022-02-14 09:02:30
1644829351303074000,294.5,2,294.5,23,295.0,47,2,2022-02-14 09:02:31
1644829351365254000,294.5,20,294.5,3,295.0,48,2,2022-02-14 09:02:31
1644829351387266000,294.5,3,294.0,52,295.0,48,2,2022-02-14 09:02:31
1644829352134514000,294.0,6,294.0,45,294.5,3,2,2022-02-14 09:02:32
1644829352163003000,294.0,22,294.0,23,294.5,4,2,2022-02-14 09:02:32
1644829352191258000,294.0,12,294.0,11,294.5,4,2,2022-02-14 09:02:32
1644829352233797000,294.0,11,293.5,13,294.5,4,2,2022-02-14 09:02:32
1644829352475928000,293.5,2,293.5,11,294.0,1,2,2022-02-14 09:02:32
1644829352511784000,293.5,4,293.5,8,294.0,1,2,2022-02-14 09:02:32
1644829353089418000,294.0,2,293.5,8,294.0,3,1,2022-02-14 09:02:33
1644829353184623000,294.0,1,293.5,8,294.0,2,1,2022-02-14 09:02:33
1644829353305277000,294.0,2,293.5,8,294.5,2,1,2022-02-14 09:02:33
1644829353305277000,294.5,1,293.5,8,294.5,2,1,2022-02-14 09:02:33
1644829353627105000,293.5,6,293.5,2,294.5,3,2,2022-02-14 09:02:33
1644829353848206000,293.5,1,293.5,1,294.5,3,2,2022-02-14 09:02:33
1644829353907623000,294.5,1,293.5,1,294.5,2,1,2022-02-14 09:02:33
1644829354589309000,294.5,2,293.5,1,295.0,57,1,2022-02-14 09:02:34
1644829355704181000,294.0,1,293.5,3,294.0,2,1,2022-02-14 09:02:35
1644829357996354000,294.0,1,293.5,2,294.0,2,1,2022-02-14 09:02:37
1644829358980526000,294.0,2,293.5,2,294.5,4,1,2022-02-14 09:02:38
1644829358980526000,294.5,1,293.5,2,294.5,4,1,2022-02-14 09:02:38
1644829360324162000,294.0,1,293.5,4,294.5,4,1,2022-02-14 09:02:40
1644829360373472000,293.5,1,293.5,3,294.5,4,2,2022-02-14 09:02:40
1644829362774917000,294.0,1,293.5,5,294.5,4,2,2022-02-14 09:02:42
1644829363644405000,294.0,1,294.0,3,294.5,6,2,2022-02-14 09:02:43
1644829363799242000,294.5,1,294.0,3,294.5,5,1,2022-02-14 09:02:43
1644829364403815000,294.5,1,294.0,4,294.5,6,1,2022-02-14 09:02:44
1644829364823156000,294.0,1,294.0,3,294.5,6,2,2022-02-14 09:02:44
1644829366938587000,294.5,1,294.0,5,294.5,7,1,2022-02-14 09:02:46
1644829367725542000,294.5,1,294.0,6,294.5,9,1,2022-02-14 09:02:47
1644829367731889000,294.5,5,294.0,6,294.5,4,1,2022-02-14 09:02:47
1644829369282985000,294.5,3,294.0,9,294.5,1,1,2022-02-14 09:02:49
1644829369580328000,294.0,9,293.5,12,294.0,11,2,2022-02-14 09:02:49
1644829369829845000,294.0,1,293.5,12,294.0,10,1,2022-02-14 09:02:49
1644829369851394000,294.0,3,293.5,12,294.0,7,1,2022-02-14 09:02:49
1644829369948257000,294.0,1,293.5,12,294.0,6,1,2022-02-14 09:02:49
1644829370229729000,293.5,1,293.5,11,294.0,6,2,2022-02-14 09:02:50
1644829370306404000,294.0,2,293.5,11,294.0,4,1,2022-02-14 09:02:50
1644829370598741000,294.0,2,293.5,12,294.0,2,1,2022-02-14 09:02:50
1644829370625147000,294.0,2,293.5,12,294.5,6,1,2022-02-14 09:02:50
1644829371917208000,294.0,1,293.5,12,294.5,8,1,2022-02-14 09:02:51
1644829372716206000,294.0,1,293.5,13,294.5,8,2,2022-02-14 09:02:52
1644829373690412000,294.0,1,293.5,13,294.0,1,1,2022-02-14 09:02:53
1644829375216846000,294.0,1,293.5,19,294.0,1,1,2022-02-14 09:02:55
1644829375375379000,294.0,1,294.0,9,294.5,24,1,2022-02-14 09:02:55
1644829376637879000,294.0,5,294.0,4,294.5,24,2,2022-02-14 09:02:56
1644829376701483000,294.0,1,294.0,5,294.5,24,2,2022-02-14 09:02:56
1644829376892515000,294.0,3,294.0,2,294.5,24,2,2022-02-14 09:02:56
1644829377831018000,294.0,1,294.0,1,294.5,25,2,2022-02-14 09:02:57
1644829378551789000,294.0,1,294.0,1,294.5,25,2,2022-02-14 09:02:58
1644829378819428000,294.0,1,293.5,20,294.0,4,2,2022-02-14 09:02:58
1644829379410408000,293.5,1,293.5,19,294.0,4,2,2022-02-14 09:02:59
1644829380026849000,294.0,2,293.5,19,294.0,6,1,2022-02-14 09:03:00
1644829380412090000,293.5,1,293.5,18,294.0,6,2,2022-02-14 09:03:00
1644829380754977000,293.5,1,293.5,17,294.0,7,2,2022-02-14 09:03:00
1644829380893067000,294.0,1,293.5,17,294.0,6,1,2022-02-14 09:03:00
1644829381069677000,294.0,1,293.5,17,294.0,5,1,2022-02-14 09:03:01
1644829383127250000,293.5,1,293.5,17,294.0,10,2,2022-02-14 09:03:03
1644829383140435000,294.0,1,293.5,17,294.0,9,1,2022-02-14 09:03:03
1644829383156030000,293.5,1,293.5,16,294.0,9,2,2022-02-14 09:03:03
1644829383843607000,293.5,1,293.5,15,294.0,10,2,2022-02-14 09:03:03
1644829383873304000,293.5,2,293.5,13,294.0,10,2,2022-02-14 09:03:03
1644829383976382000,293.5,1,293.5,12,294.0,12,2,2022-02-14 09:03:03
1644829384059304000,293.5,1,293.5,11,294.0,13,2,2022-02-14 09:03:04
1644829384091410000,294.0,1,293.5,11,294.0,12,1,2022-02-14 09:03:04
1644829385646486000,293.5,1,293.5,10,294.0,13,2,2022-02-14 09:03:05
1644829387021897000,293.5,11,293.0,36,294.0,15,2,2022-02-14 09:03:07
1644829389625957000,293.5,1,293.5,5,294.0,19,2,2022-02-14 09:03:09
1644829391115549000,293.5,1,293.5,6,294.0,21,2,2022-02-14 09:03:11
1644829393278847000,293.5,1,293.5,5,294.0,23,2,2022-02-14 09:03:13
1644829394050259000,293.5,1,293.5,5,294.0,24,2,2022-02-14 09:03:14
1644829394136797000,293.5,1,293.5,4,294.0,24,2,2022-02-14 09:03:14
1644829394899625000,293.5,5,293.5,5,294.0,25,2,2022-02-14 09:03:14
1644829394904430000,294.0,25,293.5,5,295.0,85,1,2022-02-14 09:03:14
1644829394904430000,294.5,28,293.5,5,295.0,85,1,2022-02-14 09:03:14
1644829394904430000,295.0,47,293.5,5,295.0,85,1,2022-02-14 09:03:14
1644829395024107000,293.5,2,293.5,5,295.0,88,2,2022-02-14 09:03:15
1644829395148773000,293.5,1,293.5,4,295.0,88,2,2022-02-14 09:03:15
1644829396024714000,294.0,1,294.0,1,295.0,83,2,2022-02-14 09:03:16
1644829396439848000,294.0,1,294.0,3,295.0,83,2,2022-02-14 09:03:16
1644829397037631000,294.0,1,294.0,2,295.0,83,2,2022-02-14 09:03:17
1644829397188414000,294.0,1,294.0,1,295.0,83,2,2022-02-14 09:03:17
1644829397931606000,294.0,1,294.0,2,295.0,83,2,2022-02-14 09:03:17
1644829399815592000,294.0,1,294.0,4,295.0,83,2,2022-02-14 09:03:19
1644829401131486000,294.0,1,294.0,3,295.0,83,2,2022-02-14 09:03:21
1644829401827876000,294.0,1,294.0,3,295.0,85,2,2022-02-14 09:03:21
1644829402588054000,294.0,1,294.0,4,295.0,85,2,2022-02-14 09:03:22
1644829404211774000,294.0,2,294.0,3,295.0,85,2,2022-02-14 09:03:24
1644829405424574000,294.0,1,294.0,2,295.0,86,2,2022-02-14 09:03:25
1644829405771812000,294.0,3,293.5,12,294.0,2,2,2022-02-14 09:03:25
1644829405800422000,294.0,2,293.5,12,295.0,86,1,2022-02-14 09:03:25
1644829408901482000,294.0,1,294.0,1,295.0,86,2,2022-02-14 09:03:28
1644829408924828000,294.0,1,293.5,11,295.0,86,2,2022-02-14 09:03:28
1644829409473852000,293.5,7,293.5,4,295.0,86,2,2022-02-14 09:03:29
1644829409996592000,294.0,1,293.5,5,295.0,86,2,2022-02-14 09:03:29
1644829410038652000,294.0,1,293.5,5,295.0,86,2,2022-02-14 09:03:30
1644829410617928000,294.0,1,293.5,5,295.0,86,2,2022-02-14 09:03:30
1644829411624585000,293.5,3,293.5,2,295.0,87,2,2022-02-14 09:03:31
1644829412031635000,294.0,1,293.5,2,295.0,88,1,2022-02-14 09:03:32
1644829412047936000,293.5,1,293.5,1,295.0,88,2,2022-02-14 09:03:32
1644829414932272000,294.0,1,294.0,3,294.5,2,2,2022-02-14 09:03:34
1644829414964296000,294.0,3,293.5,1,294.5,2,2,2022-02-14 09:03:34
1644829420984079000,293.5,3,293.0,49,294.0,4,2,2022-02-14 09:03:40
1644829421806065000,294.0,3,293.0,39,294.0,1,1,2022-02-14 09:03:41
1644829421839815000,294.0,1,293.0,39,294.5,6,1,2022-02-14 09:03:41
1644829422934054000,294.5,1,293.0,39,294.5,5,1,2022-02-14 09:03:42
1644829423924615000,294.0,1,293.0,45,294.5,5,2,2022-02-14 09:03:43
1644829427015676000,294.0,1,293.0,45,294.0,4,1,2022-02-14 09:03:47
1644829427256295000,294.0,2,293.5,1,294.0,2,1,2022-02-14 09:03:47
1644829427319156000,294.0,1,293.5,1,294.0,1,1,2022-02-14 09:03:47
1644829427356195000,294.0,1,293.5,1,294.5,5,1,2022-02-14 09:03:47
1644829430069615000,294.5,1,294.0,1,294.5,6,1,2022-02-14 09:03:50
1644829430603995000,294.0,1,293.5,5,294.5,6,2,2022-02-14 09:03:50
1644829431343440000,294.0,1,293.5,10,294.5,6,1,2022-02-14 09:03:51
1644829432714774000,294.0,1,293.5,10,294.5,6,1,2022-02-14 09:03:52
1644829433780248000,293.5,1,293.5,12,294.5,6,2,2022-02-14 09:03:53
1644829436113312000,294.0,1,293.5,14,294.5,7,1,2022-02-14 09:03:56
1644829437610349000,294.0,1,293.5,15,294.5,7,1,2022-02-14 09:03:57
1644829439909765000,294.0,1,293.5,18,294.5,12,2,2022-02-14 09:03:59
1644829441445497000,294.0,1,293.5,19,294.5,12,1,2022-02-14 09:04:01
1644829441567731000,294.0,5,293.5,19,294.5,12,2,2022-02-14 09:04:01
1644829441716780000,294.0,1,293.5,19,294.5,12,2,2022-02-14 09:04:01
1644829443923600000,294.0,1,293.5,22,294.0,35,1,2022-02-14 09:04:03
1644829443945143000,293.5,6,293.5,16,294.0,35,2,2022-02-14 09:04:03
1644829444899179000,294.0,1,293.5,16,294.0,34,1,2022-02-14 09:04:04
1644829445974357000,294.0,1,293.5,15,294.0,33,1,2022-02-14 09:04:05
1644829447128769000,294.0,1,293.5,16,294.0,31,1,2022-02-14 09:04:07
1644829449553521000,293.5,17,293.5,1,294.0,32,2,2022-02-14 09:04:09
1644829449586770000,293.5,1,293.0,49,294.0,32,2,2022-02-14 09:04:09
1644829449733444000,293.0,1,293.0,48,294.0,32,2,2022-02-14 09:04:09
1644829450163843000,293.5,1,293.0,48,294.0,32,1,2022-02-14 09:04:10
1644829451164170000,293.5,1,293.0,49,294.0,37,1,2022-02-14 09:04:11
1644829452476495000,293.5,1,293.0,49,294.0,38,2,2022-02-14 09:04:12
1644829453240146000,293.0,49,292.5,8,293.0,11,2,2022-02-14 09:04:13
1644829453816780000,292.5,1,292.5,7,293.0,12,2,2022-02-14 09:04:13
1644829453997282000,293.0,11,292.5,7,293.0,1,1,2022-02-14 09:04:13
1644829454195549000,292.5,2,292.5,5,293.0,3,2,2022-02-14 09:04:14
1644829454291315000,292.5,2,292.5,3,293.0,3,2,2022-02-14 09:04:14
1644829455211612000,292.5,3,292.0,30,292.5,5,2,2022-02-14 09:04:15
1644829455267814000,292.5,1,292.0,30,292.5,4,1,2022-02-14 09:04:15
1644829459072635000,292.0,1,292.0,28,292.5,9,2,2022-02-14 09:04:19
1644829459186299000,292.0,2,292.0,26,292.5,9,2,2022-02-14 09:04:19
1644829460379327000,292.0,2,292.0,25,292.5,11,2,2022-02-14 09:04:20
1644829461033924000,292.0,20,292.0,5,292.5,12,2,2022-02-14 09:04:21
1644829461063679000,292.0,5,291.5,5,292.5,12,2,2022-02-14 09:04:21
1644829461234125000,292.0,1,291.5,6,292.0,3,1,2022-02-14 09:04:21
1644829465216431000,291.5,1,291.5,5,292.0,8,2,2022-02-14 09:04:25
1644829465442636000,292.0,2,291.5,5,292.0,6,1,2022-02-14 09:04:25
1644829467050716000,291.5,1,291.5,4,292.0,6,2,2022-02-14 09:04:27
1644829467521336000,291.5,1,291.5,3,292.0,6,2,2022-02-14 09:04:27
1644829469642886000,292.0,2,291.5,5,292.0,6,1,2022-02-14 09:04:29
1644829470593768000,291.5,5,291.0,15,291.5,25,2,2022-02-14 09:04:30
1644829470843309000,291.5,2,291.0,15,291.5,23,1,2022-02-14 09:04:30
1644829470902846000,291.0,2,291.0,13,291.5,23,2,2022-02-14 09:04:30
1644829471063767000,291.0,1,291.0,12,291.5,23,2,2022-02-14 09:04:31
1644829472018673000,291.0,1,291.0,11,291.5,23,2,2022-02-14 09:04:32
1644829472364434000,291.5,1,291.0,10,291.5,22,1,2022-02-14 09:04:32
1644829472955175000,291.5,24,291.0,11,292.0,10,1,2022-02-14 09:04:32
1644829473322763000,291.5,1,291.0,13,292.0,10,2,2022-02-14 09:04:33
1644829473659538000,291.5,2,291.0,13,292.0,10,1,2022-02-14 09:04:33
1644829474169255000,292.0,1,291.0,13,292.0,9,1,2022-02-14 09:04:34
1644829474324865000,292.0,1,291.0,13,292.0,8,1,2022-02-14 09:04:34
1644829474817916000,291.5,1,291.0,13,291.5,3,1,2022-02-14 09:04:34
1644829475015721000,291.5,3,291.5,2,292.0,9,1,2022-02-14 09:04:35
1644829475026240000,291.5,2,291.0,10,292.0,9,2,2022-02-14 09:04:35
1644829475026240000,291.0,3,291.0,10,292.0,9,2,2022-02-14 09:04:35
1644829475974198000,291.0,3,291.0,7,292.0,11,2,2022-02-14 09:04:35
1644829476333440000,292.0,1,291.0,7,292.0,10,1,2022-02-14 09:04:36
1644829477855391000,291.0,1,291.0,13,292.0,11,2,2022-02-14 09:04:37
1644829477932222000,291.0,1,291.0,12,292.0,11,2,2022-02-14 09:04:37
1644829479038580000,292.0,9,291.5,2,292.5,13,1,2022-02-14 09:04:39
1644829479166803000,291.5,1,291.5,7,292.0,2,2,2022-02-14 09:04:39
1644829479174472000,292.0,2,291.5,7,292.5,13,1,2022-02-14 09:04:39
1644829479997243000,291.5,1,291.5,7,292.5,13,2,2022-02-14 09:04:39
1644829480145066000,291.5,1,291.5,6,292.5,16,2,2022-02-14 09:04:40
1644829480594958000,291.5,1,291.5,3,292.0,2,2,2022-02-14 09:04:40
1644829480778536000,291.5,3,291.0,4,292.0,2,2,2022-02-14 09:04:40
1644829480778536000,291.0,7,291.0,4,292.0,2,2,2022-02-14 09:04:40
1644829483345563000,291.5,1,291.5,1,292.0,8,2,2022-02-14 09:04:43
1644829486589236000,291.5,1,291.5,2,292.0,26,2,2022-02-14 09:04:46
1644829486648199000,292.0,5,291.5,2,292.0,21,1,2022-02-14 09:04:46
1644829486841530000,292.0,5,291.5,2,292.0,17,1,2022-02-14 09:04:46
1644829487033226000,292.0,5,291.5,2,292.0,12,1,2022-02-14 09:04:47
1644829487227503000,292.0,5,291.5,2,292.0,7,1,2022-02-14 09:04:47
1644829487253002000,292.0,7,291.5,2,292.5,19,1,2022-02-14 09:04:47
1644829487349558000,291.5,5,291.5,2,292.0,1,2,2022-02-14 09:04:47
1644829487467820000,291.5,5,291.5,4,292.0,1,2,2022-02-14 09:04:47
1644829489327706000,292.0,2,291.5,6,292.5,15,1,2022-02-14 09:04:49
1644829489466859000,292.5,1,291.5,6,292.5,14,1,2022-02-14 09:04:49
1644829489490450000,292.5,11,291.5,6,292.5,3,1,2022-02-14 09:04:49
1644829489521125000,292.5,3,291.5,6,293.0,5,1,2022-02-14 09:04:49
1644829490379176000,292.0,3,292.0,9,293.0,5,2,2022-02-14 09:04:50
1644829490910352000,292.0,2,292.0,7,293.0,5,2,2022-02-14 09:04:50
1644829491067013000,292.0,1,292.0,6,293.0,5,2,2022-02-14 09:04:51
1644829493768887000,292.0,1,292.0,6,293.0,5,2,2022-02-14 09:04:53
1644829497514451000,293.0,5,292.5,2,294.0,13,1,2022-02-14 09:04:57
1644829498252400000,292.5,1,292.5,1,294.0,15,2,2022-02-14 09:04:58
1644829498687274000,292.5,1,292.0,18,294.0,15,2,2022-02-14 09:04:58
1644829500874850000,292.5,1,292.5,3,293.5,2,2,2022-02-14 09:05:00
1644829501310442000,292.5,1,292.5,2,293.5,2,2,2022-02-14 09:05:01
1644829503720749000,293.0,1,292.5,4,293.5,2,1,2022-02-14 09:05:03
1644829505221471000,292.5,1,292.5,5,293.0,16,2,2022-02-14 09:05:05
1644829507880772000,293.0,16,292.5,20,293.5,2,1,2022-02-14 09:05:07
1644829508600935000,293.0,1,292.5,24,293.5,2,1,2022-02-14 09:05:08
1644829509614799000,293.5,2,293.0,1,293.5,2,1,2022-02-14 09:05:09
1644829509884618000,293.5,2,293.0,2,294.0,15,1,2022-02-14 09:05:09
1644829512000997000,293.5,1,293.0,3,294.0,13,2,2022-02-14 09:05:12
1644829512000997000,293.0,1,293.0,3,294.0,13,2,2022-02-14 09:05:12
1644829512688775000,293.0,4,292.0,31,294.0,13,2,2022-02-14 09:05:12
1644829512688775000,292.5,29,292.0,31,294.0,13,2,2022-02-14 09:05:12
1644829512688775000,292.0,7,292.0,31,294.0,13,2,2022-02-14 09:05:12
1644829517538350000,293.5,1,293.0,7,293.5,4,1,2022-02-14 09:05:17
1644829518234298000,293.0,1,293.0,6,293.5,4,2,2022-02-14 09:05:18
1644829518532411000,293.5,1,293.0,6,293.5,3,1,2022-02-14 09:05:18
1644829519366683000,293.5,3,293.0,6,294.0,16,1,2022-02-14 09:05:19
1644829522589539000,293.0,1,293.0,5,293.5,5,2,2022-02-14 09:05:22
1644829525256127000,293.0,1,293.0,4,293.5,5,2,2022-02-14 09:05:25
1644829527230464000,293.0,1,293.0,6,293.5,7,2,2022-02-14 09:05:27
1644829527825319000,293.5,1,293.0,6,293.5,6,1,2022-02-14 09:05:27
1644829529256666000,293.5,2,293.0,6,293.5,4,1,2022-02-14 09:05:29
1644829531474203000,293.0,1,293.0,6,293.5,5,2,2022-02-14 09:05:31
1644829539207574000,293.5,1,293.0,10,293.5,6,1,2022-02-14 09:05:39
1644829539610132000,293.0,10,292.5,7,293.5,6,2,2022-02-14 09:05:39
1644829543082650000,292.5,1,292.5,7,293.0,2,2,2022-02-14 09:05:43
1644829545269433000,293.0,1,292.5,8,293.0,4,1,2022-02-14 09:05:45
1644829545676144000,293.0,1,292.5,8,293.0,3,1,2022-02-14 09:05:45
1644829546295002000,293.0,1,292.5,8,293.0,2,1,2022-02-14 09:05:46
1644829546690000000,293.0,2,292.5,8,293.5,10,1,2022-02-14 09:05:46
1644829549825966000,293.0,1,293.0,1,293.5,7,2,2022-02-14 09:05:49
1644829555998252000,293.0,1,293.0,8,293.5,7,2,2022-02-14 09:05:55
1644829556078650000,293.5,1,293.0,8,293.5,6,1,2022-02-14 09:05:56
1644829558801418000,293.0,1,293.0,7,293.5,6,2,2022-02-14 09:05:58
1644829560769294000,293.0,1,293.0,6,293.5,9,2,2022-02-14 09:06:00
1644829560773368000,293.0,1,293.0,5,293.5,9,2,2022-02-14 09:06:00
1644829561312718000,293.0,1,293.0,4,293.5,10,2,2022-02-14 09:06:01
1644829565365914000,293.0,1,293.0,3,293.5,11,2,2022-02-14 09:06:05
1644829567180808000,293.0,2,293.0,2,293.5,13,2,2022-02-14 09:06:07
1644829569750800000,293.0,1,293.0,2,293.5,13,2,2022-02-14 09:06:09
1644829570729535000,293.0,1,293.0,1,293.5,13,2,2022-02-14 09:06:10
1644829572046231000,293.0,1,292.5,12,293.5,13,2,2022-02-14 09:06:12
1644829573932177000,292.5,1,292.5,12,293.0,1,2,2022-02-14 09:06:13
1644829574973513000,292.5,4,292.5,8,293.0,24,2,2022-02-14 09:06:14
1644829575003796000,292.5,3,292.5,5,293.0,24,2,2022-02-14 09:06:15
1644829575005514000,292.5,5,292.0,36,293.0,24,2,2022-02-14 09:06:15
1644829577923294000,292.5,1,292.0,35,293.0,27,2,2022-02-14 09:06:17
1644829578052380000,292.5,1,292.0,35,293.0,27,2,2022-02-14 09:06:18
1644829578274954000,292.5,1,292.0,35,292.5,1,1,2022-02-14 09:06:18
1644829586863940000,292.5,1,292.0,37,292.5,2,1,2022-02-14 09:06:26
1644829586902430000,292.0,1,292.0,36,292.5,2,2,2022-02-14 09:06:26
1644829586935449000,292.0,1,292.0,35,292.5,2,2,2022-02-14 09:06:26
1644829590239697000,292.5,1,292.0,35,292.5,3,1,2022-02-14 09:06:30
1644829593617052000,292.5,1,292.0,35,292.5,4,1,2022-02-14 09:06:33
1644829594228615000,292.0,2,292.0,33,292.5,4,2,2022-02-14 09:06:34
1644829596234753000,292.5,1,292.0,34,292.5,5,1,2022-02-14 09:06:36
1644829598787371000,292.0,1,292.0,33,292.5,6,2,2022-02-14 09:06:38
1644829600574080000,292.0,3,292.0,30,292.5,7,2,2022-02-14 09:06:40
1644829600604618000,292.0,1,292.0,29,292.5,7,2,2022-02-14 09:06:40
1644829601018358000,292.0,3,292.0,26,292.5,7,2,2022-02-14 09:06:41
1644829601050592000,292.0,1,292.0,25,292.5,7,2,2022-02-14 09:06:41
1644829601303068000,292.0,3,292.0,22,292.5,7,2,2022-02-14 09:06:41
1644829601724138000,292.0,3,292.0,19,292.5,8,2,2022-02-14 09:06:41
1644829602120547000,292.0,3,292.0,16,292.5,11,2,2022-02-14 09:06:42
1644829602156072000,292.0,6,292.0,10,292.5,11,2,2022-02-14 09:06:42
1644829602159064000,292.0,1,292.0,9,292.5,11,2,2022-02-14 09:06:42
1644829602193563000,292.0,1,292.0,8,292.5,11,2,2022-02-14 09:06:42
1644829602225571000,292.0,2,292.0,6,292.5,11,2,2022-02-14 09:06:42
1644829602591819000,292.0,1,292.0,5,292.5,10,2,2022-02-14 09:06:42
1644829603179206000,292.0,3,292.0,2,292.5,10,2,2022-02-14 09:06:43
1644829603454345000,292.0,1,292.0,2,292.5,10,2,2022-02-14 09:06:43
1644829604349733000,292.0,1,292.0,1,292.5,10,2,2022-02-14 09:06:44
1644829604498615000,292.0,1,291.5,5,292.5,10,2,2022-02-14 09:06:44
1644829604748212000,291.5,2,291.5,3,292.5,11,2,2022-02-14 09:06:44
1644829606239730000,291.5,3,291.0,17,292.5,10,2,2022-02-14 09:06:46
1644829610449205000,291.0,1,291.0,15,291.5,7,2,2022-02-14 09:06:50
1644829612959210000,291.0,1,291.0,13,291.5,7,2,2022-02-14 09:06:52
1644829612991275000,291.0,1,291.0,12,291.5,7,2,2022-02-14 09:06:52
1644829613296970000,291.5,2,291.0,12,291.5,5,1,2022-02-14 09:06:53
1644829613608255000,291.0,1,291.0,11,291.5,6,2,2022-02-14 09:06:53
1644829615148007000,291.0,1,291.0,11,291.5,6,2,2022-02-14 09:06:55
1644829615574398000,291.0,1,291.0,11,291.5,6,2,2022-02-14 09:06:55
1644829616017019000,291.0,1,291.0,10,291.5,6,2,2022-02-14 09:06:56
1644829616054239000,291.0,1,291.0,9,291.5,6,2,2022-02-14 09:06:56
1644829616172776000,291.0,2,291.0,7,291.5,6,2,2022-02-14 09:06:56
1644829616445317000,291.5,2,291.0,7,291.5,5,1,2022-02-14 09:06:56
1644829619489502000,291.0,1,291.0,8,291.5,5,2,2022-02-14 09:06:59
1644829619986761000,291.5,1,291.0,8,291.5,4,1,2022-02-14 09:06:59
1644829621710026000,291.5,1,291.0,8,291.5,3,1,2022-02-14 09:07:01
1644829621748900000,291.5,3,291.0,8,292.0,7,1,2022-02-14 09:07:01
1644829622387415000,291.5,1,291.0,8,291.5,1,1,2022-02-14 09:07:02
1644829623306145000,291.5,1,291.0,8,292.0,4,1,2022-02-14 09:07:03
1644829623408368000,291.0,2,291.0,6,292.0,4,2,2022-02-14 09:07:03
1644829623473305000,291.5,1,291.0,6,292.0,4,1,2022-02-14 09:07:03
1644829623995081000,291.5,1,291.0,6,292.0,4,2,2022-02-14 09:07:03
1644829625359571000,291.5,1,291.0,8,292.0,5,1,2022-02-14 09:07:05
1644829626054661000,292.0,1,291.0,11,292.0,4,1,2022-02-14 09:07:06
1644829632588369000,292.0,1,291.5,6,292.0,9,1,2022-02-14 09:07:12
1644829633476154000,292.0,9,291.5,7,292.5,30,1,2022-02-14 09:07:13
1644829635684333000,292.0,1,292.0,5,292.5,29,2,2022-02-14 09:07:15
1644829635832546000,292.5,11,292.0,2,292.5,18,1,2022-02-14 09:07:15
1644829635861796000,292.0,1,292.0,1,292.5,18,2,2022-02-14 09:07:15
1644829636876868000,292.5,2,292.0,1,292.5,16,1,2022-02-14 09:07:16
1644829636910702000,292.5,11,292.0,1,292.5,5,1,2022-02-14 09:07:16
1644829636937793000,292.5,5,292.0,1,293.0,5,1,2022-02-14 09:07:16
1644829636941584000,292.0,1,291.5,11,293.0,5,2,2022-02-14 09:07:16
1644829637091641000,292.0,3,292.0,1,293.0,5,2,2022-02-14 09:07:17
1644829637323790000,292.0,1,291.5,8,292.5,1,1,2022-02-14 09:07:17
1644829641025159000,292.0,1,291.5,7,292.0,1,1,2022-02-14 09:07:21
1644829641253584000,292.0,1,291.5,7,292.5,4,1,2022-02-14 09:07:21
1644829644488938000,292.0,1,292.0,1,292.5,4,2,2022-02-14 09:07:24
1644829644946403000,292.0,1,291.5,9,292.0,9,2,2022-02-14 09:07:24
1644829645285230000,292.0,10,291.5,9,292.0,2,1,2022-02-14 09:07:25
1644829645314057000,292.0,2,291.5,9,292.5,4,1,2022-02-14 09:07:25
1644829645317006000,291.5,1,291.5,8,292.5,4,2,2022-02-14 09:07:25
1644829646829400000,292.0,1,291.5,9,292.0,2,2,2022-02-14 09:07:26
1644829649802375000,291.5,1,291.5,7,292.0,16,2,2022-02-14 09:07:29
1644829649837373000,291.5,1,291.5,6,292.0,16,2,2022-02-14 09:07:29
1644829649868126000,291.5,6,291.0,12,292.0,16,2,2022-02-14 09:07:29
1644829651296001000,291.5,1,291.0,13,292.0,17,1,2022-02-14 09:07:31
1644829653283786000,291.5,1,291.0,14,292.0,16,1,2022-02-14 09:07:33
1644829658219212000,291.5,2,291.0,16,292.0,16,1,2022-02-14 09:07:38
1644829661239456000,291.5,1,291.5,1,292.0,19,2,2022-02-14 09:07:41
1644829663719813000,291.5,2,291.5,1,292.0,19,2,2022-02-14 09:07:43
1644829663750960000,291.5,1,291.0,17,292.0,19,2,2022-02-14 09:07:43
1644829664730054000,291.5,1,291.0,16,292.0,18,1,2022-02-14 09:07:44
1644829664730054000,292.0,1,291.0,16,292.0,18,1,2022-02-14 09:07:44
1644829670146607000,292.0,3,291.5,10,292.0,20,1,2022-02-14 09:07:50
1644829671103367000,291.5,1,291.5,9,292.0,21,2,2022-02-14 09:07:51
1644829674341061000,291.5,2,291.5,7,292.0,21,2,2022-02-14 09:07:54
1644829674377810000,291.5,7,291.0,18,292.0,21,2,2022-02-14 09:07:54
1644829676192289000,291.5,2,291.0,18,292.0,21,1,2022-02-14 09:07:56
1644829676970099000,291.5,1,291.0,18,292.0,21,2,2022-02-14 09:07:56
1644829682709863000,291.5,6,291.0,18,292.0,33,2,2022-02-14 09:08:02
1644829683314609000,291.5,1,291.0,18,292.0,33,2,2022-02-14 09:08:03
1644829689319894000,291.0,1,291.0,13,291.5,4,2,2022-02-14 09:08:09
1644829690331248000,291.5,4,291.0,13,291.5,4,1,2022-02-14 09:08:10
1644829690371665000,291.5,2,291.0,13,292.0,32,2,2022-02-14 09:08:10
1644829692858796000,291.5,1,291.0,14,291.5,2,1,2022-02-14 09:08:12
1644829697882592000,291.5,5,291.0,13,291.5,1,1,2022-02-14 09:08:17
1644829697911271000,291.0,1,291.0,12,291.5,1,2,2022-02-14 09:08:17
1644829698599501000,291.5,1,291.0,12,292.0,33,1,2022-02-14 09:08:18
1644829701608108000,291.5,1,291.0,11,292.0,31,2,2022-02-14 09:08:21
1644829701608108000,291.0,1,291.0,11,292.0,31,2,2022-02-14 09:08:21
1644829701906286000,291.5,1,291.5,1,292.0,31,1,2022-02-14 09:08:21
1644829710288761000,291.5,3,291.5,4,292.0,46,2,2022-02-14 09:08:30
1644829712032309000,291.5,4,291.0,11,292.0,46,2,2022-02-14 09:08:32
1644829714913705000,291.5,1,291.0,12,292.0,42,2,2022-02-14 09:08:34
1644829716495919000,292.0,1,291.0,13,292.0,41,1,2022-02-14 09:08:36
1644829721791871000,291.5,1,291.5,2,292.0,41,2,2022-02-14 09:08:41
1644829721981181000,291.5,1,291.5,1,292.0,41,2,2022-02-14 09:08:41
1644829726115710000,291.5,1,291.0,14,291.5,2,2,2022-02-14 09:08:46
1644829727952970000,291.5,3,291.5,23,292.0,45,1,2022-02-14 09:08:47
1644829734378964000,291.5,10,291.5,15,292.0,46,2,2022-02-14 09:08:54
1644829734422326000,291.5,1,291.5,14,292.0,46,2,2022-02-14 09:08:54
1644829740061327000,291.5,14,291.0,16,292.0,48,2,2022-02-14 09:09:00
1644829753047113000,291.5,1,291.0,21,291.5,4,1,2022-02-14 09:09:13
1644829759419446000,291.5,1,291.0,21,291.5,3,1,2022-02-14 09:09:19
1644829760448874000,291.5,1,291.0,21,291.5,2,1,2022-02-14 09:09:20
1644829760572294000,291.5,1,291.0,21,291.5,1,1,2022-02-14 09:09:20
1644829760894721000,291.5,1,291.5,1,292.0,49,1,2022-02-14 09:09:20
1644829764029880000,291.5,7,291.0,23,291.5,3,2,2022-02-14 09:09:24
1644829764534252000,291.5,1,291.0,23,291.5,2,1,2022-02-14 09:09:24
1644829767444535000,291.5,2,291.0,23,291.5,1,1,2022-02-14 09:09:27
1644829768205341000,291.5,1,291.0,23,291.5,5,1,2022-02-14 09:09:28
1644829769669542000,291.5,1,291.0,22,291.5,4,1,2022-02-14 09:09:29
1644829769944942000,291.5,1,291.0,22,291.5,3,1,2022-02-14 09:09:29
1644829771545430000,291.5,1,291.0,23,291.5,4,1,2022-02-14 09:09:31
1644829774183050000,291.5,1,291.0,23,291.5,5,1,2022-02-14 09:09:34
1644829780299145000,291.0,1,291.0,20,291.5,6,2,2022-02-14 09:09:40
1644829780454631000,291.5,1,291.0,20,291.5,5,1,2022-02-14 09:09:40
1644829782271549000,291.5,3,291.0,20,291.5,2,1,2022-02-14 09:09:42
1644829784141765000,291.5,1,291.0,20,291.5,2,1,2022-02-14 09:09:44
1644829784818686000,291.5,1,291.0,20,291.5,1,1,2022-02-14 09:09:44
1644829787979684000,291.5,1,291.5,4,292.0,50,1,2022-02-14 09:09:47
1644829790749742000,292.0,1,291.5,4,292.0,49,1,2022-02-14 09:09:50
1644829792939156000,291.5,1,291.5,4,292.0,49,2,2022-02-14 09:09:52
1644829797329958000,292.0,7,291.5,12,292.0,44,1,2022-02-14 09:09:57
1644829797362028000,292.0,41,291.5,12,292.0,3,1,2022-02-14 09:09:57
1644829797395954000,292.0,3,291.5,12,292.5,21,1,2022-02-14 09:09:57
1644829799026579000,292.5,11,292.0,3,292.5,10,1,2022-02-14 09:09:59
1644829799057068000,292.5,10,292.0,7,293.0,21,1,2022-02-14 09:09:59
1644829799097507000,293.0,2,292.0,7,293.0,19,1,2022-02-14 09:09:59
1644829799098870000,293.0,2,292.0,7,293.0,17,1,2022-02-14 09:09:59
1644829799186021000,293.0,2,292.0,7,293.0,15,1,2022-02-14 09:09:59
1644829800292255000,293.0,15,292.0,18,293.5,11,1,2022-02-14 09:10:00
1644829800333036000,293.5,2,292.0,20,293.5,9,1,2022-02-14 09:10:00
1644829800334761000,293.5,2,292.0,20,293.5,7,1,2022-02-14 09:10:00
1644829801060794000,293.5,7,292.5,1,294.0,14,1,2022-02-14 09:10:01
1644829801097316000,294.0,2,292.5,5,294.0,12,1,2022-02-14 09:10:01
1644829801098569000,294.0,2,292.5,5,294.0,10,1,2022-02-14 09:10:01
1644829804778737000,293.5,1,292.5,7,294.0,8,2,2022-02-14 09:10:04
1644829804811545000,294.0,1,292.5,7,294.0,7,1,2022-02-14 09:10:04
1644829804813252000,294.0,1,292.5,7,294.0,6,1,2022-02-14 09:10:04
1644829806180480000,294.0,1,292.5,7,294.0,5,1,2022-02-14 09:10:06
1644829806510024000,294.0,2,292.5,9,294.0,3,1,2022-02-14 09:10:06
1644829807368989000,294.0,1,293.5,2,294.0,2,1,2022-02-14 09:10:07
1644829807409306000,294.0,1,293.5,2,294.0,1,1,2022-02-14 09:10:07
1644829807410454000,294.0,1,293.5,2,294.5,19,1,2022-02-14 09:10:07
1644829808019337000,293.5,6,292.5,8,294.5,19,2,2022-02-14 09:10:08
1644829808060669000,294.0,1,293.0,2,294.0,1,1,2022-02-14 09:10:08
1644829808062224000,294.0,1,293.0,2,294.5,19,1,2022-02-14 09:10:08
1644829809563549000,294.5,2,294.0,1,294.5,19,1,2022-02-14 09:10:09
1644829809590774000,294.5,1,294.0,1,294.5,16,1,2022-02-14 09:10:09
1644829809592399000,294.5,1,294.0,1,294.5,15,1,2022-02-14 09:10:09
1644829809753876000,294.0,1,292.5,8,294.5,15,2,2022-02-14 09:10:09
1644829809816123000,294.0,2,293.0,2,294.5,15,1,2022-02-14 09:10:09
1644829809855318000,294.5,1,293.0,6,294.5,14,1,2022-02-14 09:10:09
1644829809856568000,294.5,1,293.0,6,294.5,13,1,2022-02-14 09:10:09
1644829810356290000,294.0,2,293.0,6,294.5,13,2,2022-02-14 09:10:10
1644829814531536000,294.0,2,293.0,2,294.5,13,2,2022-02-14 09:10:14
1644829814570916000,294.5,1,293.0,2,294.5,13,1,2022-02-14 09:10:14
1644829814572228000,294.5,1,293.0,2,294.5,12,1,2022-02-14 09:10:14
1644829815206112000,294.0,2,294.0,5,294.5,12,2,2022-02-14 09:10:15
1644829817983972000,294.0,8,294.0,7,294.5,7,2,2022-02-14 09:10:17
1644829818027907000,294.5,2,294.0,7,294.5,5,1,2022-02-14 09:10:18
1644829818029786000,294.5,2,294.0,7,294.5,3,1,2022-02-14 09:10:18
1644829819984184000,294.5,1,294.0,13,294.5,1,1,2022-02-14 09:10:19
1644829820019384000,294.5,1,294.0,13,295.0,21,1,2022-02-14 09:10:20
1644829820056096000,295.0,1,294.0,13,295.0,20,1,2022-02-14 09:10:20
1644829820734579000,295.0,1,294.0,13,295.0,20,1,2022-02-14 09:10:20
1644829821133488000,295.0,1,294.0,13,295.0,19,1,2022-02-14 09:10:21
1644829822589985000,295.0,1,294.5,1,295.0,17,1,2022-02-14 09:10:22
1644829822682588000,295.0,1,294.5,1,295.0,16,1,2022-02-14 09:10:22
1644829822700108000,294.5,1,294.0,14,295.0,16,2,2022-02-14 09:10:22
1644829822719303000,295.0,1,294.0,14,295.0,15,1,2022-02-14 09:10:22
1644829822721185000,295.0,1,294.0,14,295.0,14,1,2022-02-14 09:10:22
1644829823140864000,295.0,1,294.5,2,295.0,13,1,2022-02-14 09:10:23
1644829823181590000,295.0,4,294.5,2,295.0,9,1,2022-02-14 09:10:23
1644829823216970000,295.0,1,294.5,2,295.0,8,1,2022-02-14 09:10:23
1644829823218746000,295.0,1,294.5,2,295.0,7,1,2022-02-14 09:10:23
1644829823666812000,295.0,3,294.5,4,295.0,3,1,2022-02-14 09:10:23
1644829823699555000,295.0,3,294.5,4,295.5,9,1,2022-02-14 09:10:23
1644829823738830000,295.5,1,294.5,4,295.5,8,1,2022-02-14 09:10:23
1644829823740343000,295.5,1,294.5,4,295.5,7,1,2022-02-14 09:10:23
1644829823784644000,295.5,1,295.0,2,295.5,6,1,2022-02-14 09:10:23
1644829824425958000,295.5,1,295.0,2,295.5,5,1,2022-02-14 09:10:24
1644829826041570000,295.5,1,295.0,4,295.5,3,1,2022-02-14 09:10:26
1644829826073820000,295.5,1,295.0,4,295.5,2,1,2022-02-14 09:10:26
1644829826076702000,295.5,2,295.0,4,296.0,17,1,2022-02-14 09:10:26
1644829827260926000,296.0,2,295.5,1,296.0,15,1,2022-02-14 09:10:27
1644829827478495000,296.0,1,295.5,6,296.0,15,1,2022-02-14 09:10:27
1644829827562656000,296.0,1,295.5,6,296.0,14,1,2022-02-14 09:10:27
1644829829682160000,296.0,1,295.5,7,296.0,14,1,2022-02-14 09:10:29
1644829830230617000,296.0,1,295.5,9,296.0,13,1,2022-02-14 09:10:30
1644829830893495000,296.0,1,295.5,9,296.0,13,1,2022-02-14 09:10:30
1644829831069746000,296.0,1,295.5,9,296.0,12,1,2022-02-14 09:10:31
1644829831083137000,296.0,1,295.5,9,296.0,11,1,2022-02-14 09:10:31
1644829831188685000,296.0,2,295.5,9,296.0,9,1,2022-02-14 09:10:31
1644829831416596000,296.0,1,295.5,9,296.0,8,1,2022-02-14 09:10:31
1644829831876236000,296.0,1,295.5,10,296.0,7,1,2022-02-14 09:10:31
1644829831893810000,296.0,1,295.5,10,296.0,6,1,2022-02-14 09:10:31
1644829832261545000,296.0,1,295.5,10,296.0,5,1,2022-02-14 09:10:32
1644829832284929000,296.0,2,295.5,10,296.0,3,1,2022-02-14 09:10:32
1644829832560580000,295.5,1,295.5,9,296.0,3,2,2022-02-14 09:10:32
1644829832720623000,296.0,1,295.5,9,296.0,2,1,2022-02-14 09:10:32
1644829833032754000,296.0,1,295.5,9,296.0,1,1,2022-02-14 09:10:33
1644829833044749000,296.0,1,295.5,9,296.5,8,1,2022-02-14 09:10:33
1644829833903376000,296.5,5,296.0,8,296.5,4,1,2022-02-14 09:10:33
1644829833924016000,296.5,4,296.0,8,297.0,24,1,2022-02-14 09:10:33
1644829834237083000,296.5,1,296.0,8,297.0,24,2,2022-02-14 09:10:34
1644829835123996000,296.0,1,296.0,15,297.0,27,2,2022-02-14 09:10:35
1644829836677343000,296.0,3,296.0,16,296.5,4,2,2022-02-14 09:10:36
1644829837255796000,296.5,1,296.0,23,296.5,8,1,2022-02-14 09:10:37
1644829838906335000,296.5,1,296.0,28,296.5,8,1,2022-02-14 09:10:38
1644829839130341000,296.5,2,296.0,28,296.5,6,1,2022-02-14 09:10:39
1644829839484890000,296.0,20,296.0,9,296.5,14,2,2022-02-14 09:10:39
1644829839507713000,296.5,1,296.0,9,296.5,13,1,2022-02-14 09:10:39
1644829839516669000,296.0,1,296.0,8,296.5,14,2,2022-02-14 09:10:39
1644829839639815000,296.5,1,296.0,9,296.5,13,1,2022-02-14 09:10:39
1644829840635167000,296.5,1,296.0,20,296.5,14,1,2022-02-14 09:10:40
1644829840757116000,296.0,6,296.0,14,296.5,13,2,2022-02-14 09:10:40
1644829840795491000,296.0,1,296.0,13,296.5,13,2,2022-02-14 09:10:40
1644829840865009000,296.5,1,296.0,13,296.5,12,1,2022-02-14 09:10:40
1644829841223964000,296.5,1,296.0,13,296.5,11,1,2022-02-14 09:10:41
1644829841497542000,296.5,2,296.0,13,296.5,10,1,2022-02-14 09:10:41
1644829841610590000,296.5,1,296.0,13,296.5,9,1,2022-02-14 09:10:41
1644829841752925000,296.0,1,296.0,13,296.5,9,2,2022-02-14 09:10:41
1644829842097994000,296.0,7,296.0,7,296.5,9,2,2022-02-14 09:10:42
1644829842238150000,296.5,1,296.0,7,296.5,8,1,2022-02-14 09:10:42
1644829842248562000,296.5,5,296.0,7,296.5,3,1,2022-02-14 09:10:42
1644829842327915000,296.5,1,296.0,7,296.5,2,1,2022-02-14 09:10:42
1644829842342081000,296.0,7,295.5,13,296.5,2,2,2022-02-14 09:10:42
1644829843401532000,296.5,1,296.0,3,296.5,2,1,2022-02-14 09:10:43
1644829843563622000,296.5,2,296.0,3,297.0,22,1,2022-02-14 09:10:43
1644829843821975000,296.0,3,295.5,13,296.0,2,2,2022-02-14 09:10:43
1644829844235414000,295.5,1,295.5,14,296.0,2,2,2022-02-14 09:10:44
1644829844424460000,296.0,2,295.5,14,297.0,22,1,2022-02-14 09:10:44
1644829844815727000,296.5,2,295.5,13,297.0,22,1,2022-02-14 09:10:44
1644829845640051000,296.5,1,296.5,5,297.0,25,2,2022-02-14 09:10:45
1644829845791717000,296.5,1,296.5,4,297.0,25,2,2022-02-14 09:10:45
1644829845978440000,296.5,1,296.5,3,297.0,25,2,2022-02-14 09:10:45
1644829846176233000,296.5,1,296.5,2,297.0,27,2,2022-02-14 09:10:46
1644829846306593000,297.0,1,296.5,2,297.0,26,1,2022-02-14 09:10:46
1644829846629535000,296.5,1,296.5,1,297.0,26,2,2022-02-14 09:10:46
1644829846836554000,296.5,1,296.0,13,297.0,26,2,2022-02-14 09:10:46
1644829847902391000,296.0,1,296.0,13,297.0,27,2,2022-02-14 09:10:47
1644829848644568000,297.0,1,296.0,14,297.0,26,1,2022-02-14 09:10:48
1644829849766313000,297.0,1,296.5,3,297.0,26,1,2022-02-14 09:10:49
1644829850198091000,296.5,1,296.5,3,297.0,26,2,2022-02-14 09:10:50
1644829851363099000,296.5,1,296.5,3,297.0,26,2,2022-02-14 09:10:51
1644829851590511000,296.5,1,296.5,3,297.0,26,2,2022-02-14 09:10:51
1644829851698069000,297.0,3,296.5,3,297.0,23,1,2022-02-14 09:10:51
1644829852139267000,297.0,1,296.5,3,297.0,22,1,2022-02-14 09:10:52
1644829852176281000,296.5,2,296.5,1,297.0,22,2,2022-02-14 09:10:52
1644829852335268000,296.5,1,296.0,18,297.0,22,2,2022-02-14 09:10:52
1644829853304276000,296.5,1,296.5,1,297.0,25,2,2022-02-14 09:10:53
1644829853333833000,296.5,1,296.0,17,297.0,25,2,2022-02-14 09:10:53
1644829853983208000,296.0,1,296.0,16,297.0,26,2,2022-02-14 09:10:53
1644829854528818000,296.5,1,296.0,16,296.5,3,1,2022-02-14 09:10:54
1644829855402294000,296.5,1,296.0,18,296.5,5,1,2022-02-14 09:10:55
1644829856115927000,296.5,1,296.0,23,296.5,7,1,2022-02-14 09:10:56
1644829856586803000,296.5,1,296.0,22,296.5,6,1,2022-02-14 09:10:56
1644829857584642000,296.5,1,296.0,25,296.5,5,1,2022-02-14 09:10:57
1644829858724497000,296.5,1,296.0,25,296.5,15,1,2022-02-14 09:10:58
1644829858994969000,296.5,1,296.0,25,296.5,13,1,2022-02-14 09:10:58
1644829859144864000,296.5,1,296.0,25,296.5,12,1,2022-02-14 09:10:59
1644829859266295000,296.0,1,296.0,24,296.5,13,2,2022-02-14 09:10:59
1644829860627678000,296.5,2,296.0,30,296.5,12,1,2022-02-14 09:11:00
1644829860820818000,296.5,1,296.0,30,296.5,11,1,2022-02-14 09:11:00
1644829860841163000,296.5,1,296.0,30,296.5,10,1,2022-02-14 09:11:00
1644829860924010000,296.5,1,296.0,30,296.5,9,1,2022-02-14 09:11:00
1644829861035147000,296.5,1,296.0,31,296.5,8,1,2022-02-14 09:11:01
1644829861729726000,296.5,1,296.0,31,296.5,8,1,2022-02-14 09:11:01
1644829862864265000,296.5,1,296.0,39,296.5,9,1,2022-02-14 09:11:02
1644829863787756000,296.5,6,296.0,41,296.5,5,1,2022-02-14 09:11:03
1644829864310232000,296.5,1,296.0,41,296.5,6,1,2022-02-14 09:11:04
1644829864719020000,296.5,1,296.0,42,296.5,5,1,2022-02-14 09:11:04
1644829865072156000,296.5,1,296.0,41,296.5,5,1,2022-02-14 09:11:05
1644829865781904000,296.5,1,296.0,42,296.5,6,1,2022-02-14 09:11:05
1644829865917567000,296.5,1,296.0,42,296.5,5,1,2022-02-14 09:11:05
1644829866164417000,296.5,1,296.0,42,296.5,4,1,2022-02-14 09:11:06
1644829866424254000,296.5,1,296.0,42,296.5,3,1,2022-02-14 09:11:06
1644829867565407000,296.5,1,296.0,44,296.5,4,1,2022-02-14 09:11:07
1644829867849253000,296.5,1,296.0,44,296.5,4,1,2022-02-14 09:11:07
1644829868049969000,296.5,4,296.5,1,297.0,30,1,2022-02-14 09:11:08
1644829868284425000,296.5,1,296.0,44,297.0,28,2,2022-02-14 09:11:08
1644829869130184000,296.5,1,296.0,44,297.0,28,1,2022-02-14 09:11:09
1644829869974523000,297.0,1,296.5,7,297.0,27,1,2022-02-14 09:11:09
1644829870998581000,296.5,2,296.5,9,297.0,27,2,2022-02-14 09:11:10
1644829871557890000,296.5,1,296.5,9,297.0,27,2,2022-02-14 09:11:11
1644829872744446000,296.5,5,296.5,5,297.0,28,2,2022-02-14 09:11:12
1644829872764212000,296.5,5,296.0,48,297.0,28,2,2022-02-14 09:11:12
1644829873165435000,297.0,1,296.5,3,297.0,27,1,2022-02-14 09:11:13
1644829873542635000,296.5,1,296.5,2,297.0,27,2,2022-02-14 09:11:13
1644829873972312000,297.0,1,296.5,2,297.0,26,1,2022-02-14 09:11:13
1644829876338944000,297.0,5,296.5,3,297.0,22,1,2022-02-14 09:11:16
1644829877000586000,297.0,1,296.5,5,297.0,26,1,2022-02-14 09:11:17
1644829877547655000,297.0,1,296.5,7,297.0,26,1,2022-02-14 09:11:17
1644829877655373000,297.0,1,296.5,7,297.0,25,1,2022-02-14 09:11:17
1644829878798083000,297.0,1,296.5,12,297.0,24,1,2022-02-14 09:11:18
1644829879837549000,296.5,7,296.5,6,297.0,31,2,2022-02-14 09:11:19
1644829880454246000,296.5,1,296.5,5,297.0,31,2,2022-02-14 09:11:20
1644829880477227000,296.5,5,296.0,54,297.0,31,2,2022-02-14 09:11:20
1644829881418393000,297.0,1,296.5,1,297.0,35,1,2022-02-14 09:11:21
1644829882350805000,297.0,2,296.5,2,297.0,34,1,2022-02-14 09:11:22
1644829882826974000,297.0,1,296.5,2,297.0,31,1,2022-02-14 09:11:22
1644829883122530000,297.0,1,296.5,3,297.0,30,1,2022-02-14 09:11:23
1644829884139751000,297.0,2,296.5,5,297.0,27,1,2022-02-14 09:11:24
1644829885623151000,297.0,1,296.5,8,297.0,29,1,2022-02-14 09:11:25
1644829886124964000,296.5,1,296.5,8,297.0,29,2,2022-02-14 09:11:26
1644829887233035000,297.0,3,296.5,8,297.0,26,1,2022-02-14 09:11:27
1644829887302780000,297.0,1,296.5,8,297.0,25,1,2022-02-14 09:11:27
1644829887573911000,296.5,1,296.5,7,297.0,25,2,2022-02-14 09:11:27
1644829888275578000,297.0,1,296.5,10,297.0,24,1,2022-02-14 09:11:28
1644829890459707000,296.5,5,296.5,11,297.0,27,2,2022-02-14 09:11:30
1644829890489895000,296.5,11,296.5,1,297.0,27,2,2022-02-14 09:11:30
1644829890521815000,296.5,1,296.0,58,297.0,27,2,2022-02-14 09:11:30
1644829893328452000,296.5,1,296.5,5,297.0,28,2,2022-02-14 09:11:33
1644829893770308000,296.5,1,296.5,7,297.0,28,2,2022-02-14 09:11:33
1644829893908293000,296.5,1,296.5,6,297.0,28,2,2022-02-14 09:11:33
1644829894500078000,296.5,1,296.5,6,297.0,28,2,2022-02-14 09:11:34
1644829894602049000,296.5,2,296.5,4,297.0,28,2,2022-02-14 09:11:34
1644829894629490000,296.5,4,296.0,58,297.0,28,2,2022-02-14 09:11:34
1644829895479175000,296.0,11,296.0,47,296.5,26,2,2022-02-14 09:11:35
1644829895508939000,296.0,40,296.0,7,296.5,26,2,2022-02-14 09:11:35
1644829895513016000,296.0,1,296.0,6,296.5,29,2,2022-02-14 09:11:35
1644829895528643000,296.0,4,296.0,2,296.5,26,2,2022-02-14 09:11:35
1644829895538697000,296.0,2,295.5,14,296.5,26,2,2022-02-14 09:11:35
1644829895652217000,296.0,1,295.5,14,296.0,15,1,2022-02-14 09:11:35
1644829895842567000,295.5,4,295.5,10,296.0,18,2,2022-02-14 09:11:35
1644829895870282000,295.5,10,295.0,15,296.0,18,2,2022-02-14 09:11:35
1644829896939174000,295.0,1,295.0,14,295.5,4,2,2022-02-14 09:11:36
1644829897084287000,295.5,1,295.0,13,295.5,4,1,2022-02-14 09:11:37
1644829897122287000,295.0,1,295.0,12,295.5,5,2,2022-02-14 09:11:37
1644829897148523000,295.0,1,295.0,11,295.5,7,2,2022-02-14 09:11:37
1644829897234268000,295.5,2,295.0,11,295.5,5,1,2022-02-14 09:11:37
1644829897391185000,295.0,1,295.0,10,295.5,5,2,2022-02-14 09:11:37
1644829897613231000,295.0,5,295.0,7,295.5,5,2,2022-02-14 09:11:37
1644829897746817000,295.5,1,295.0,8,295.5,4,1,2022-02-14 09:11:37
1644829901381386000,295.0,1,295.0,7,295.5,6,2,2022-02-14 09:11:41
1644829901405605000,295.0,1,295.0,6,295.5,6,2,2022-02-14 09:11:41
1644829901579689000,295.0,1,295.0,5,295.5,6,2,2022-02-14 09:11:41
1644829901618496000,295.0,1,295.0,4,295.5,6,2,2022-02-14 09:11:41
1644829902434796000,295.5,1,295.0,4,295.5,9,1,2022-02-14 09:11:42
1644829902891593000,295.5,1,295.0,5,295.5,8,1,2022-02-14 09:11:42
1644829903554231000,295.5,1,295.0,5,295.5,8,1,2022-02-14 09:11:43
1644829908096426000,295.5,2,295.0,6,295.5,18,1,2022-02-14 09:11:48
1644829908144931000,295.0,1,295.0,5,295.5,18,2,2022-02-14 09:11:48
1644829908173975000,295.0,1,295.0,4,295.5,18,2,2022-02-14 09:11:48
1644829909339330000,295.5,1,295.0,8,295.5,21,1,2022-02-14 09:11:49
1644829910796391000,295.5,1,295.0,9,295.5,23,1,2022-02-14 09:11:50
1644829911343361000,295.5,1,295.0,9,295.5,22,1,2022-02-14 09:11:51
1644829914891227000,295.0,1,295.0,9,295.5,25,2,2022-02-14 09:11:54
1644829916553356000,295.5,1,295.0,11,295.5,24,1,2022-02-14 09:11:56
1644829917904930000,295.0,2,295.0,9,295.5,20,2,2022-02-14 09:11:57
1644829918965746000,295.5,1,295.0,9,295.5,20,1,2022-02-14 09:11:58
1644829919845606000,295.0,1,295.0,8,295.5,25,2,2022-02-14 09:11:59
1644829920313666000,295.0,1,295.0,8,295.5,25,2,2022-02-14 09:12:00
1644829921997278000,295.0,1,295.0,8,295.5,26,2,2022-02-14 09:12:01
1644829923751324000,295.0,2,295.0,7,295.5,26,2,2022-02-14 09:12:03
1644829925545716000,295.0,2,295.0,7,295.5,26,2,2022-02-14 09:12:05
1644829925567152000,295.0,4,295.0,3,295.5,26,2,2022-02-14 09:12:05
1644829925603007000,295.0,1,295.0,2,295.5,26,2,2022-02-14 09:12:05
1644829926245096000,295.0,1,295.0,1,295.5,29,2,2022-02-14 09:12:06
1644829926793437000,295.0,1,294.5,13,295.5,29,2,2022-02-14 09:12:06
1644829926793437000,294.5,2,294.5,13,295.5,29,2,2022-02-14 09:12:06
1644829930623803000,294.5,1,294.5,12,295.0,11,2,2022-02-14 09:12:10
1644829934958335000,295.0,1,294.5,12,295.0,13,1,2022-02-14 09:12:14
1644829936394607000,294.5,2,294.5,15,295.0,15,2,2022-02-14 09:12:16
1644829939298192000,294.5,4,294.5,12,295.0,15,2,2022-02-14 09:12:19
1644829939339378000,294.5,1,294.5,11,295.0,15,2,2022-02-14 09:12:19
1644829939339876000,294.5,1,294.5,10,295.0,15,2,2022-02-14 09:12:19
1644829939370272000,294.5,2,294.5,8,295.0,15,2,2022-02-14 09:12:19
1644829939405508000,294.5,1,294.5,7,295.0,15,2,2022-02-14 09:12:19
1644829939406823000,294.5,4,294.5,3,295.0,15,2,2022-02-14 09:12:19
1644829939408230000,294.5,3,294.0,20,295.0,15,2,2022-02-14 09:12:19
1644829939735718000,294.5,1,294.0,22,294.5,4,1,2022-02-14 09:12:19
1644829940227993000,294.5,1,294.0,23,294.5,3,1,2022-02-14 09:12:20
1644829940238529000,294.5,1,294.0,23,294.5,2,1,2022-02-14 09:12:20
1644829940465139000,294.5,1,294.0,23,294.5,1,1,2022-02-14 09:12:20
1644829941360167000,294.5,1,294.0,22,295.0,15,1,2022-02-14 09:12:21
1644829942737346000,294.0,4,294.0,16,295.0,15,2,2022-02-14 09:12:22
1644829944007764000,294.5,1,294.0,17,295.0,16,2,2022-02-14 09:12:24
1644829947650561000,294.5,1,294.0,17,294.5,4,1,2022-02-14 09:12:27
1644829947893784000,294.0,2,294.0,15,294.5,4,2,2022-02-14 09:12:27
1644829950719024000,294.0,3,294.0,13,294.5,8,2,2022-02-14 09:12:30
1644829952100830000,294.5,1,294.0,12,294.5,11,1,2022-02-14 09:12:32
1644829956111474000,294.0,6,294.0,8,294.5,15,2,2022-02-14 09:12:36
1644829956142035000,294.0,1,294.0,7,294.5,15,2,2022-02-14 09:12:36
1644829956143032000,294.0,1,294.0,6,294.5,15,2,2022-02-14 09:12:36
1644829956162297000,294.0,6,293.5,3,294.5,15,2,2022-02-14 09:12:36
1644829957268724000,294.0,1,293.5,5,294.0,3,1,2022-02-14 09:12:37
1644829959219178000,294.0,1,293.5,10,294.0,5,1,2022-02-14 09:12:39
1644829959382538000,294.0,1,293.5,10,294.0,4,1,2022-02-14 09:12:39
1644829960234967000,293.5,1,293.5,10,294.0,4,2,2022-02-14 09:12:40
1644829964242370000,293.5,1,293.5,11,294.0,9,2,2022-02-14 09:12:44
1644829964356849000,293.5,5,293.5,6,294.0,9,2,2022-02-14 09:12:44
1644829965781747000,293.5,1,293.5,6,294.0,9,2,2022-02-14 09:12:45
1644829966759232000,293.5,2,293.5,4,294.0,9,2,2022-02-14 09:12:46
1644829967357274000,294.0,1,293.5,4,294.0,8,1,2022-02-14 09:12:47
1644829967666558000,294.0,3,293.5,4,294.0,5,1,2022-02-14 09:12:47
1644829967676193000,293.5,1,293.5,3,294.0,5,2,2022-02-14 09:12:47
1644829969279417000,293.5,1,293.5,2,294.0,7,2,2022-02-14 09:12:49
1644829970533205000,293.5,2,293.0,9,293.5,4,2,2022-02-14 09:12:50
1644829970592944000,293.0,10,293.0,1,293.5,4,2,2022-02-14 09:12:50
1644829970621863000,293.0,1,292.5,8,293.5,5,2,2022-02-14 09:12:50
1644829973775158000,293.0,1,292.5,7,293.5,14,1,2022-02-14 09:12:53
1644829977688399000,293.0,1,293.0,5,293.5,14,2,2022-02-14 09:12:57
1644829978126834000,293.0,1,293.0,5,293.5,14,2,2022-02-14 09:12:58
1644829978381968000,293.0,1,293.0,4,293.5,14,2,2022-02-14 09:12:58
1644829978415513000,293.0,4,292.5,8,293.5,14,2,2022-02-14 09:12:58
1644829980045230000,292.5,1,292.5,9,293.5,18,2,2022-02-14 09:13:00
1644829982634884000,292.5,1,292.5,5,293.0,5,2,2022-02-14 09:13:02
1644829983042724000,292.5,1,292.5,4,293.0,5,2,2022-02-14 09:13:03
1644829984794113000,293.0,1,292.5,6,293.0,7,1,2022-02-14 09:13:04
1644829986522880000,292.5,1,292.5,5,293.0,10,2,2022-02-14 09:13:06
1644829988140313000,292.5,1,292.5,4,293.0,13,2,2022-02-14 09:13:08
1644829990772320000,292.5,4,292.5,1,293.0,10,2,2022-02-14 09:13:10
1644829990809274000,292.5,1,292.0,27,293.0,10,2,2022-02-14 09:13:10
1644829993014475000,292.5,1,292.0,29,292.5,1,1,2022-02-14 09:13:13
1644829997978675000,292.5,2,292.0,32,293.0,34,1,2022-02-14 09:13:17
1644829998357213000,292.0,8,292.0,26,292.5,1,2,2022-02-14 09:13:18
1644829998631816000,292.0,1,292.0,25,292.5,1,2,2022-02-14 09:13:18
1644829998725180000,292.0,1,292.0,24,292.5,1,2,2022-02-14 09:13:18
1644830003075361000,292.0,1,292.0,23,292.5,1,2,2022-02-14 09:13:23
1644830006321591000,292.0,1,292.0,22,292.5,2,2,2022-02-14 09:13:26
1644830006354958000,292.0,2,292.0,20,292.5,2,2,2022-02-14 09:13:26
1644830006358223000,292.0,1,292.0,19,292.5,2,2,2022-02-14 09:13:26
1644830006526167000,292.0,1,292.0,18,292.5,2,2,2022-02-14 09:13:26
1644830006668297000,292.5,1,292.0,18,292.5,1,1,2022-02-14 09:13:26
1644830006697686000,292.0,1,292.0,17,292.5,1,2,2022-02-14 09:13:26
1644830007375252000,292.5,1,292.0,18,293.0,48,1,2022-02-14 09:13:27
1644830007375252000,293.0,1,292.0,18,293.0,48,1,2022-02-14 09:13:27
1644830008125059000,292.0,1,292.0,18,292.5,2,2,2022-02-14 09:13:28
1644830009139365000,292.5,1,292.0,17,292.5,2,1,2022-02-14 09:13:29
1644830010085473000,292.5,1,292.0,17,292.5,1,1,2022-02-14 09:13:30
1644830011354891000,292.5,1,292.0,17,293.0,49,1,2022-02-14 09:13:31
1644830013095008000,292.5,1,292.5,6,293.0,49,2,2022-02-14 09:13:33
1644830013166396000,292.5,1,292.5,5,293.0,49,2,2022-02-14 09:13:33
1644830014596255000,292.5,1,292.5,8,293.0,53,2,2022-02-14 09:13:34
1644830014627860000,292.5,2,292.5,6,293.0,53,2,2022-02-14 09:13:34
1644830015782868000,293.0,4,292.5,9,293.0,47,1,2022-02-14 09:13:35
1644830025795620000,293.0,2,292.5,15,293.0,45,1,2022-02-14 09:13:45
1644830026539888000,292.5,1,292.5,14,293.0,45,2,2022-02-14 09:13:46
1644830026569695000,292.5,14,292.0,21,293.0,45,2,2022-02-14 09:13:46
1644830029370440000,292.5,1,292.0,23,292.5,1,1,2022-02-14 09:13:49
1644830029604293000,292.5,1,292.0,23,293.0,44,1,2022-02-14 09:13:49
1644830030738823000,292.5,1,292.0,22,293.0,51,1,2022-02-14 09:13:50
1644830033729010000,292.5,6,292.0,25,293.0,53,2,2022-02-14 09:13:53
1644830037717063000,292.5,1,292.5,1,293.0,54,2,2022-02-14 09:13:57
1644830039716029000,292.5,1,292.5,5,293.0,56,2,2022-02-14 09:13:59
1644830042092340000,292.5,1,292.5,4,293.0,56,2,2022-02-14 09:14:02
1644830045200651000,292.5,1,292.5,13,293.0,54,2,2022-02-14 09:14:05
1644830047383746000,292.5,1,292.5,13,293.0,54,2,2022-02-14 09:14:07
1644830049139309000,293.0,5,292.5,14,293.0,52,1,2022-02-14 09:14:09
1644830049158631000,292.5,1,292.5,13,293.0,52,2,2022-02-14 09:14:09
1644830053075075000,292.5,2,292.5,15,293.0,52,2,2022-02-14 09:14:13
1644830055907330000,292.5,15,292.0,27,293.0,54,2,2022-02-14 09:14:15
1644830056653565000,292.0,2,292.0,25,293.0,51,2,2022-02-14 09:14:16
1644830057301934000,292.5,1,292.0,25,292.5,4,1,2022-02-14 09:14:17
1644830066981666000,292.5,1,292.0,30,292.5,5,1,2022-02-14 09:14:26
1644830067751131000,292.5,2,292.0,32,293.0,46,1,2022-02-14 09:14:27
1644830068208385000,292.5,1,292.0,32,292.5,4,2,2022-02-14 09:14:28
1644830068212776000,292.5,2,292.0,32,292.5,2,1,2022-02-14 09:14:28
1644830068212869000,292.5,2,292.0,32,293.0,46,1,2022-02-14 09:14:28
1644830079982709000,292.5,6,292.5,7,293.0,44,2,2022-02-14 09:14:39
1644830079985375000,292.5,1,292.5,6,293.0,44,2,2022-02-14 09:14:39
1644830080014248000,292.5,6,292.0,33,293.0,44,2,2022-02-14 09:14:40
1644830084883844000,292.5,2,292.5,2,293.0,47,2,2022-02-14 09:14:44
1644830084924855000,292.5,2,292.0,36,293.0,47,2,2022-02-14 09:14:44
1644830086600503000,292.5,1,292.0,35,293.0,44,1,2022-02-14 09:14:46
1644830087353687000,292.0,2,292.0,34,293.0,47,2,2022-02-14 09:14:47
1644830091812283000,293.0,3,292.5,17,293.0,44,1,2022-02-14 09:14:51
1644830091840445000,293.0,28,292.5,17,293.0,16,1,2022-02-14 09:14:51
1644830091864877000,293.0,16,292.5,17,293.5,18,1,2022-02-14 09:14:51
1644830091866653000,293.5,8,293.0,17,293.5,10,1,2022-02-14 09:14:51
1644830091899554000,293.5,7,293.0,17,293.5,4,1,2022-02-14 09:14:51
1644830091899726000,293.5,4,293.0,17,294.0,2,1,2022-02-14 09:14:51
1644830098284611000,293.0,1,293.0,4,294.0,6,2,2022-02-14 09:14:58
1644830101558386000,293.5,1,293.5,1,294.0,5,2,2022-02-14 09:15:01
1644830109709834000,294.0,1,293.5,14,294.0,3,1,2022-02-14 09:15:09
1644830109870022000,294.0,3,293.5,14,294.5,7,1,2022-02-14 09:15:09
1644830111132641000,294.0,1,293.5,15,294.5,10,1,2022-02-14 09:15:11
1644830112243774000,294.5,3,294.0,1,294.5,4,1,2022-02-14 09:15:12
1644830114261386000,294.5,2,294.0,3,294.5,2,1,2022-02-14 09:15:14
1644830114293499000,294.5,2,294.0,3,295.0,13,1,2022-02-14 09:15:14
1644830115920665000,295.0,1,294.5,1,295.0,13,1,2022-02-14 09:15:15
1644830116402876000,294.5,1,294.0,8,295.0,10,2,2022-02-14 09:15:16
1644830121027217000,295.0,1,294.5,3,295.0,10,1,2022-02-14 09:15:21
1644830121360384000,295.0,10,294.5,3,295.5,3,1,2022-02-14 09:15:21
1644830121360384000,295.5,5,294.5,3,295.5,3,1,2022-02-14 09:15:21
1644830124446347000,295.5,5,295.0,3,295.5,1,1,2022-02-14 09:15:24
1644830126449741000,295.5,1,295.0,5,295.5,1,1,2022-02-14 09:15:26
1644830127121165000,295.0,1,295.0,6,295.5,1,2,2022-02-14 09:15:27
1644830127502221000,295.5,1,295.0,6,296.0,17,1,2022-02-14 09:15:27
1644830128177181000,295.0,2,295.0,5,296.0,17,2,2022-02-14 09:15:28
1644830128579057000,295.5,2,295.5,2,296.0,17,2,2022-02-14 09:15:28
1644830129180829000,295.5,1,295.5,2,296.0,18,2,2022-02-14 09:15:29
1644830130441927000,295.5,1,295.5,2,296.0,18,2,2022-02-14 09:15:30
1644830132225181000,295.5,1,295.5,1,296.0,17,2,2022-02-14 09:15:32
1644830133485510000,295.5,1,295.0,9,295.5,1,2,2022-02-14 09:15:33
1644830135566726000,295.5,1,295.0,9,295.5,5,1,2022-02-14 09:15:35
1644830135788934000,295.5,1,295.0,9,295.5,4,1,2022-02-14 09:15:35
1644830136698107000,295.5,4,295.0,9,296.0,4,1,2022-02-14 09:15:36
1644830136698107000,296.0,11,295.0,9,296.0,4,1,2022-02-14 09:15:36
1644830139166943000,295.5,1,295.0,10,295.5,2,1,2022-02-14 09:15:39
1644830139314817000,295.5,1,295.0,10,295.5,2,1,2022-02-14 09:15:39
1644830139508156000,295.5,1,295.0,10,295.5,1,1,2022-02-14 09:15:39
1644830139536691000,295.5,1,295.0,10,296.0,6,1,2022-02-14 09:15:39
1644830139668394000,296.0,2,295.0,10,296.0,2,1,2022-02-14 09:15:39
1644830139955470000,296.0,1,295.5,1,296.0,1,1,2022-02-14 09:15:39
1644830140848195000,295.5,1,295.0,9,296.0,5,2,2022-02-14 09:15:40
1644830140848195000,295.0,1,295.0,9,296.0,5,2,2022-02-14 09:15:40
1644830141273308000,296.0,1,295.0,9,296.0,7,1,2022-02-14 09:15:41
1644830141364912000,296.0,1,295.0,9,296.5,10,1,2022-02-14 09:15:41
1644830141555173000,296.5,1,295.0,11,296.5,9,1,2022-02-14 09:15:41
1644830141926526000,296.0,1,295.0,12,296.5,10,2,2022-02-14 09:15:41
1644830144611865000,295.5,1,295.0,14,296.0,2,2,2022-02-14 09:15:44
1644830145896695000,296.0,1,295.0,14,296.0,7,1,2022-02-14 09:15:45
1644830145997919000,295.0,10,295.0,5,296.0,7,2,2022-02-14 09:15:45
1644830146521993000,295.5,1,295.0,4,296.0,10,2,2022-02-14 09:15:46
1644830146752803000,295.5,1,295.0,4,296.0,15,2,2022-02-14 09:15:46
1644830146891848000,295.0,2,295.0,2,296.0,15,2,2022-02-14 09:15:46
1644830149327061000,295.5,1,295.0,4,295.5,3,1,2022-02-14 09:15:49
1644830150563032000,295.0,2,295.0,4,295.5,6,2,2022-02-14 09:15:50
1644830151405308000,295.5,3,295.0,4,296.0,16,1,2022-02-14 09:15:51
1644830151405308000,296.0,3,295.0,4,296.0,16,1,2022-02-14 09:15:51
1644830151440744000,295.5,1,295.0,4,296.0,8,1,2022-02-14 09:15:51
1644830151440744000,296.0,7,295.0,4,296.0,8,1,2022-02-14 09:15:51
1644830154220446000,295.5,1,295.0,7,295.5,4,1,2022-02-14 09:15:54
1644830155808779000,295.0,2,295.0,6,295.5,1,2,2022-02-14 09:15:55
1644830161365229000,295.5,4,295.5,1,296.0,13,1,2022-02-14 09:16:01
1644830162324893000,295.5,4,295.5,2,296.0,14,2,2022-02-14 09:16:02
1644830162917111000,295.5,2,295.0,20,296.0,14,2,2022-02-14 09:16:02
1644830164514017000,295.5,1,295.0,21,295.5,1,1,2022-02-14 09:16:04
1644830165088302000,295.5,1,295.0,21,296.0,15,1,2022-02-14 09:16:05
1644830167189117000,295.5,1,295.0,22,296.0,15,1,2022-02-14 09:16:07
1644830167189117000,296.0,1,295.0,22,296.0,15,1,2022-02-14 09:16:07
1644830170427349000,296.0,10,295.5,3,296.0,7,1,2022-02-14 09:16:10
1644830170782471000,296.0,5,295.5,4,296.0,2,1,2022-02-14 09:16:10
1644830170803297000,296.0,2,295.5,4,296.5,16,1,2022-02-14 09:16:10
1644830175398539000,296.0,1,296.0,3,296.5,16,2,2022-02-14 09:16:15
1644830178351768000,296.5,1,296.0,7,296.5,14,1,2022-02-14 09:16:18
1644830178358706000,296.0,1,296.0,6,296.5,14,2,2022-02-14 09:16:18
1644830178669205000,296.5,1,296.0,6,296.5,13,1,2022-02-14 09:16:18
1644830179826551000,296.0,1,296.0,6,296.5,13,2,2022-02-14 09:16:19
1644830180687292000,296.0,2,296.0,4,296.5,13,2,2022-02-14 09:16:20
1644830180831530000,296.5,2,296.0,4,296.5,11,1,2022-02-14 09:16:20
1644830181670096000,296.5,1,296.0,5,296.5,10,1,2022-02-14 09:16:21
1644830184986379000,296.5,3,296.0,17,296.5,9,1,2022-02-14 09:16:24
1644830185507636000,296.5,1,296.0,17,296.5,8,1,2022-02-14 09:16:25
1644830187034410000,296.5,1,296.0,18,296.5,12,1,2022-02-14 09:16:27
1644830188251581000,296.5,1,296.0,18,296.5,12,1,2022-02-14 09:16:28
1644830188403096000,296.5,1,296.0,18,296.5,11,1,2022-02-14 09:16:28
1644830188503723000,296.5,1,296.0,18,296.5,10,1,2022-02-14 09:16:28
1644830189049303000,296.5,1,296.0,20,296.5,9,1,2022-02-14 09:16:29
1644830189632085000,296.5,1,296.0,20,296.5,9,1,2022-02-14 09:16:29
1644830190710926000,296.5,1,296.0,20,296.5,8,1,2022-02-14 09:16:30
1644830191357687000,296.5,1,296.0,20,296.5,10,1,2022-02-14 09:16:31
1644830191495232000,296.5,1,296.0,20,296.5,9,1,2022-02-14 09:16:31
1644830192136248000,296.5,5,296.0,20,296.5,9,1,2022-02-14 09:16:32
1644830192287387000,296.5,3,296.0,20,296.5,6,1,2022-02-14 09:16:32
1644830192315635000,296.5,1,296.0,20,296.5,5,1,2022-02-14 09:16:32
1644830193282296000,296.5,1,296.0,20,296.5,5,1,2022-02-14 09:16:33
1644830194164347000,296.5,1,296.0,20,296.5,6,1,2022-02-14 09:16:34
1644830195128757000,296.5,1,296.0,26,296.5,5,1,2022-02-14 09:16:35
1644830195298760000,296.5,1,296.0,26,296.5,4,1,2022-02-14 09:16:35
1644830195750494000,296.5,1,296.0,27,296.5,5,1,2022-02-14 09:16:35
1644830196072384000,296.5,1,296.0,27,296.5,4,1,2022-02-14 09:16:36
1644830197493920000,296.5,1,296.0,28,296.5,3,1,2022-02-14 09:16:37
1644830197928406000,296.5,1,296.0,31,296.5,2,1,2022-02-14 09:16:37
1644830198704429000,296.5,2,296.5,13,297.0,59,1,2022-02-14 09:16:38
1644830199225006000,296.5,1,296.5,13,297.0,60,2,2022-02-14 09:16:39
1644830199740266000,297.0,1,296.5,14,297.0,59,1,2022-02-14 09:16:39
1644830202122396000,297.0,5,296.5,15,297.0,55,1,2022-02-14 09:16:42
1644830202400420000,297.0,1,296.5,15,297.0,54,1,2022-02-14 09:16:42
1644830203450618000,296.5,2,296.5,13,297.0,54,2,2022-02-14 09:16:43
1644830203949894000,297.0,1,296.5,14,297.0,53,1,2022-02-14 09:16:43
1644830205990062000,297.0,10,296.5,17,297.0,44,1,2022-02-14 09:16:45
1644830207141511000,297.0,1,296.5,17,297.0,44,1,2022-02-14 09:16:47
1644830207648883000,297.0,1,296.5,18,297.0,43,1,2022-02-14 09:16:47
1644830208475725000,297.0,1,296.5,19,297.0,46,1,2022-02-14 09:16:48
1644830209117377000,297.0,1,296.5,19,297.0,45,1,2022-02-14 09:16:49
1644830209323813000,297.0,1,296.5,19,297.0,44,1,2022-02-14 09:16:49
1644830209730457000,296.5,4,296.5,15,297.0,45,2,2022-02-14 09:16:49
1644830210320673000,296.5,1,296.5,15,297.0,46,2,2022-02-14 09:16:50
1644830210921612000,297.0,1,296.5,15,297.0,46,1,2022-02-14 09:16:50
1644830214558647000,297.0,1,296.5,25,297.0,50,1,2022-02-14 09:16:54
1644830214855700000,297.0,10,296.5,25,297.0,40,1,2022-02-14 09:16:54
1644830214964162000,296.5,2,296.5,23,297.0,40,2,2022-02-14 09:16:54
1644830215072362000,297.0,1,296.5,23,297.0,39,1,2022-02-14 09:16:55
1644830216687075000,297.0,1,296.5,23,297.0,38,1,2022-02-14 09:16:56
1644830216710155000,297.0,2,296.5,23,297.0,36,1,2022-02-14 09:16:56
1644830217084686000,297.0,5,296.5,23,297.0,31,1,2022-02-14 09:16:57
1644830217288916000,297.0,2,296.5,23,297.0,29,1,2022-02-14 09:16:57
1644830218309588000,297.0,16,296.5,23,297.0,13,1,2022-02-14 09:16:58
1644830218353005000,297.0,11,296.5,23,297.0,2,1,2022-02-14 09:16:58
1644830218381433000,297.0,2,296.5,23,297.5,41,1,2022-02-14 09:16:58
1644830220754554000,297.5,1,297.0,5,297.5,40,1,2022-02-14 09:17:00
1644830222740082000,297.5,1,297.0,18,297.5,41,1,2022-02-14 09:17:02
1644830225330125000,297.5,1,297.0,23,297.5,38,1,2022-02-14 09:17:05
1644830225360803000,297.5,1,297.0,23,297.5,37,1,2022-02-14 09:17:05
1644830225516692000,297.5,2,297.0,24,297.5,34,1,2022-02-14 09:17:05
1644830225546860000,297.5,4,297.0,24,297.5,30,1,2022-02-14 09:17:05
1644830225550365000,297.5,4,297.0,24,297.5,26,1,2022-02-14 09:17:05
1644830225599054000,297.5,4,297.0,24,297.5,22,1,2022-02-14 09:17:05
1644830225636158000,297.5,10,297.0,24,297.5,12,1,2022-02-14 09:17:05
1644830225673626000,297.5,11,297.0,24,297.5,2,1,2022-02-14 09:17:05
1644830225692029000,297.5,2,297.0,24,298.0,49,1,2022-02-14 09:17:05
1644830228599526000,298.0,1,297.5,16,298.0,47,1,2022-02-14 09:17:08
1644830228919792000,297.5,1,297.5,16,298.0,46,2,2022-02-14 09:17:08
1644830229363301000,297.5,2,297.5,14,298.0,45,2,2022-02-14 09:17:09
1644830231282578000,297.5,2,297.5,15,298.0,44,2,2022-02-14 09:17:11
1644830233549314000,297.5,3,297.5,12,298.0,43,2,2022-02-14 09:17:13
1644830233595358000,297.5,1,297.5,11,298.0,43,2,2022-02-14 09:17:13
1644830233829151000,297.5,10,297.5,2,298.0,44,2,2022-02-14 09:17:13
1644830235422432000,297.5,1,297.5,10,298.0,53,2,2022-02-14 09:17:15
1644830236249260000,297.5,5,297.5,16,298.0,53,2,2022-02-14 09:17:16
1644830236553101000,298.0,1,297.5,17,298.0,52,1,2022-02-14 09:17:16
1644830238311340000,297.5,1,297.5,19,298.0,52,2,2022-02-14 09:17:18
1644830239921794000,298.0,1,297.5,21,298.0,52,1,2022-02-14 09:17:19
1644830240196501000,297.5,1,297.5,20,298.0,52,2,2022-02-14 09:17:20
1644830240499812000,297.5,1,297.5,19,298.0,52,2,2022-02-14 09:17:20
1644830240692297000,298.0,5,297.5,19,298.0,47,1,2022-02-14 09:17:20
1644830241257758000,297.5,19,297.0,24,297.5,1,2,2022-02-14 09:17:21
1644830241284961000,297.5,1,297.0,24,298.0,47,1,2022-02-14 09:17:21
1644830241713299000,297.5,1,297.5,1,298.0,49,2,2022-02-14 09:17:21
1644830242769433000,297.5,1,297.0,23,298.0,47,2,2022-02-14 09:17:22
1644830243500335000,297.5,1,297.0,24,298.0,48,2,2022-02-14 09:17:23
1644830243568045000,298.0,1,297.0,24,298.0,46,1,2022-02-14 09:17:23
1644830243823325000,297.5,1,297.0,24,298.0,46,1,2022-02-14 09:17:23
1644830244160398000,297.5,1,297.0,24,297.5,4,1,2022-02-14 09:17:24
1644830245086693000,297.5,4,297.0,24,298.0,45,1,2022-02-14 09:17:25
1644830245086693000,298.0,1,297.0,24,298.0,45,1,2022-02-14 09:17:25
1644830246311687000,297.0,1,297.0,23,297.5,2,2,2022-02-14 09:17:26
1644830246780054000,297.5,1,297.0,23,297.5,1,1,2022-02-14 09:17:26
1644830247067716000,297.5,1,297.0,23,298.0,47,1,2022-02-14 09:17:27
1644830247698494000,298.0,1,297.0,23,298.0,46,1,2022-02-14 09:17:27
1644830248208874000,297.5,2,297.0,23,297.5,13,1,2022-02-14 09:17:28
1644830249164420000,297.5,1,297.0,23,297.5,15,1,2022-02-14 09:17:29
1644830249430038000,297.5,5,297.0,23,297.5,10,1,2022-02-14 09:17:29
1644830251142176000,297.5,1,297.0,25,297.5,9,1,2022-02-14 09:17:31
1644830251535904000,297.5,1,297.0,25,297.5,9,1,2022-02-14 09:17:31
1644830251661632000,297.5,1,297.0,25,297.5,8,1,2022-02-14 09:17:31
1644830251713170000,297.5,1,297.0,25,297.5,7,1,2022-02-14 09:17:31
1644830251864547000,297.5,1,297.0,25,297.5,6,1,2022-02-14 09:17:31
1644830251868520000,297.5,1,297.0,25,297.5,5,1,2022-02-14 09:17:31
1644830251932688000,297.5,1,297.0,25,297.5,4,1,2022-02-14 09:17:31
1644830252064869000,297.5,1,297.0,25,297.5,3,1,2022-02-14 09:17:32
1644830252176408000,297.5,1,297.0,25,297.5,2,1,2022-02-14 09:17:32
1644830252617395000,297.5,1,297.0,25,297.5,1,1,2022-02-14 09:17:32
1644830253108961000,297.5,1,297.0,25,297.5,5,1,2022-02-14 09:17:33
1644830254203714000,297.5,2,297.0,25,297.5,4,1,2022-02-14 09:17:34
1644830255220503000,297.5,2,297.0,25,297.5,3,1,2022-02-14 09:17:35
1644830255225535000,297.5,1,297.0,25,297.5,2,1,2022-02-14 09:17:35
1644830256005777000,297.5,1,297.0,25,297.5,2,1,2022-02-14 09:17:36
1644830256167841000,297.5,1,297.0,25,297.5,1,1,2022-02-14 09:17:36
1644830256449077000,297.5,1,297.0,25,298.0,53,1,2022-02-14 09:17:36
1644830257522314000,297.5,1,297.0,26,297.5,1,1,2022-02-14 09:17:37
1644830258952970000,297.5,1,297.0,27,297.5,2,1,2022-02-14 09:17:38
1644830260113724000,297.5,1,297.0,26,297.5,1,1,2022-02-14 09:17:40
1644830260813656000,297.5,1,297.0,26,298.0,57,1,2022-02-14 09:17:40
1644830262262814000,297.5,1,297.0,26,297.5,2,1,2022-02-14 09:17:42
1644830262588127000,297.5,1,297.0,26,297.5,1,1,2022-02-14 09:17:42
1644830263833818000,297.5,2,297.0,26,297.5,4,1,2022-02-14 09:17:43
1644830263899582000,297.5,3,297.0,26,297.5,1,1,2022-02-14 09:17:43
1644830264528419000,297.5,1,297.0,26,297.5,9,1,2022-02-14 09:17:44
1644830265001690000,297.5,1,297.0,26,297.5,12,1,2022-02-14 09:17:45
1644830265232799000,297.5,3,297.0,26,297.5,9,1,2022-02-14 09:17:45
1644830266379421000,297.5,1,297.0,26,297.5,9,1,2022-02-14 09:17:46
1644830266586805000,297.5,1,297.0,26,297.5,9,1,2022-02-14 09:17:46
1644830266594536000,297.5,2,297.0,26,297.5,7,1,2022-02-14 09:17:46
1644830266692598000,297.5,1,297.0,26,297.5,6,1,2022-02-14 09:17:46
1644830267046233000,297.0,1,297.0,25,297.5,8,2,2022-02-14 09:17:47
1644830267191198000,297.5,1,297.0,25,297.5,7,1,2022-02-14 09:17:47
1644830267397299000,297.5,1,297.0,25,297.5,6,1,2022-02-14 09:17:47
1644830267679441000,297.5,3,297.0,25,297.5,3,1,2022-02-14 09:17:47
1644830268134007000,297.5,1,297.0,25,297.5,2,1,2022-02-14 09:17:48
1644830268582308000,297.5,1,297.0,26,297.5,1,1,2022-02-14 09:17:48
1644830268641166000,297.5,1,297.0,26,298.0,64,1,2022-02-14 09:17:48
1644830270425177000,298.0,10,297.5,10,298.0,56,1,2022-02-14 09:17:50
1644830271268317000,298.0,5,297.5,12,298.0,51,1,2022-02-14 09:17:51
1644830271296791000,298.0,33,297.5,12,298.0,18,1,2022-02-14 09:17:51
1644830271317068000,298.0,17,297.5,15,298.0,1,1,2022-02-14 09:17:51
1644830271317135000,298.0,1,297.5,15,298.5,24,1,2022-02-14 09:17:51
1644830271649704000,298.5,2,298.0,2,298.5,22,1,2022-02-14 09:17:51
1644830271996123000,298.0,1,298.0,1,298.5,22,2,2022-02-14 09:17:51
1644830272111024000,298.5,5,298.0,1,298.5,17,1,2022-02-14 09:17:52
1644830273155488000,298.5,1,298.0,3,298.5,16,1,2022-02-14 09:17:53
1644830273774434000,298.0,3,297.5,27,298.5,16,2,2022-02-14 09:17:53
1644830273841642000,298.0,1,297.5,27,298.5,16,1,2022-02-14 09:17:53
1644830275800958000,298.5,1,298.0,7,298.5,15,1,2022-02-14 09:17:55
1644830275972274000,298.5,2,298.0,7,298.5,13,1,2022-02-14 09:17:55
1644830276001023000,298.5,13,298.0,8,299.0,52,1,2022-02-14 09:17:56
1644830276124227000,299.0,2,298.0,13,299.0,50,1,2022-02-14 09:17:56
1644830276365283000,298.5,1,298.0,13,299.0,50,1,2022-02-14 09:17:56
1644830276441438000,299.0,1,298.0,9,299.0,49,1,2022-02-14 09:17:56
1644830276737236000,298.0,1,298.0,13,299.0,49,2,2022-02-14 09:17:56
1644830277697898000,299.0,1,298.5,9,299.0,48,1,2022-02-14 09:17:57
1644830278319713000,299.0,11,298.5,9,299.0,37,1,2022-02-14 09:17:58
1644830278350833000,299.0,8,298.5,9,299.0,29,1,2022-02-14 09:17:58
1644830278350878000,299.0,3,298.5,10,299.0,26,1,2022-02-14 09:17:58
1644830278383696000,299.0,16,298.5,10,299.0,10,1,2022-02-14 09:17:58
1644830278383877000,299.0,8,298.5,10,299.0,2,1,2022-02-14 09:17:58
1644830278384255000,299.0,2,298.5,10,299.5,19,1,2022-02-14 09:17:58
1644830278411244000,298.5,1,298.5,9,299.5,19,2,2022-02-14 09:17:58
1644830279698172000,299.5,1,299.0,1,299.5,20,1,2022-02-14 09:17:59
1644830279766087000,299.0,1,299.0,5,299.5,20,2,2022-02-14 09:17:59
1644830280050392000,299.0,1,299.0,3,299.5,20,2,2022-02-14 09:18:00
1644830280265347000,299.5,10,298.5,22,299.5,10,1,2022-02-14 09:18:00
1644830280303071000,299.5,10,299.0,1,300.0,80,1,2022-02-14 09:18:00
1644830280344170000,300.0,1,299.0,4,300.0,79,1,2022-02-14 09:18:00
1644830280424630000,299.0,1,299.0,3,300.0,79,2,2022-02-14 09:18:00
1644830281060632000,299.5,1,298.5,22,300.0,79,1,2022-02-14 09:18:01
1644830281224092000,300.0,1,299.0,1,300.0,78,1,2022-02-14 09:18:01
1644830281391265000,300.0,1,299.0,4,300.0,77,1,2022-02-14 09:18:01
1644830281469552000,299.0,4,298.5,23,299.0,16,2,2022-02-14 09:18:01
1644830281485340000,298.5,1,298.5,22,299.0,16,2,2022-02-14 09:18:01
1644830281690298000,299.0,1,298.5,17,299.0,15,1,2022-02-14 09:18:01
1644830281734350000,298.5,1,298.5,16,299.0,15,2,2022-02-14 09:18:01
1644830281997435000,299.0,1,298.5,15,299.0,14,1,2022-02-14 09:18:01
1644830282402077000,299.0,1,298.5,15,299.0,13,1,2022-02-14 09:18:02
1644830282453705000,299.0,1,298.5,15,299.0,12,1,2022-02-14 09:18:02
1644830282658263000,299.0,1,298.5,15,299.0,11,1,2022-02-14 09:18:02
1644830282700040000,299.0,1,298.5,15,299.0,10,1,2022-02-14 09:18:02
1644830283224243000,299.0,2,298.5,15,299.0,8,1,2022-02-14 09:18:03
1644830283256317000,299.0,1,298.5,15,299.0,7,1,2022-02-14 09:18:03
1644830284106114000,299.0,1,298.5,16,299.0,6,1,2022-02-14 09:18:04
1644830284561499000,299.0,1,298.5,17,299.0,5,1,2022-02-14 09:18:04
1644830284866175000,299.0,3,298.5,16,299.0,2,1,2022-02-14 09:18:04
1644830285611387000,299.0,1,298.5,17,299.0,1,1,2022-02-14 09:18:05
1644830285669558000,299.0,1,298.5,17,299.5,5,1,2022-02-14 09:18:05
1644830286813806000,299.5,9,299.0,7,300.0,61,1,2022-02-14 09:18:06
1644830286813806000,300.0,11,299.0,7,300.0,61,1,2022-02-14 09:18:06
1644830286839267000,299.0,2,299.0,5,300.0,61,2,2022-02-14 09:18:06
1644830287449018000,300.0,1,299.0,15,300.0,60,1,2022-02-14 09:18:07
1644830287801937000,299.5,1,299.0,2,300.0,59,2,2022-02-14 09:18:07
1644830287801937000,299.0,14,299.0,2,300.0,59,2,2022-02-14 09:18:07
1644830287927035000,299.5,1,299.0,2,300.0,59,1,2022-02-14 09:18:07
1644830288390135000,300.0,1,299.0,5,300.0,59,1,2022-02-14 09:18:08
1644830288497443000,300.0,22,299.0,5,300.0,37,1,2022-02-14 09:18:08
1644830288582551000,299.0,1,299.0,8,300.0,37,2,2022-02-14 09:18:08
1644830288685614000,299.0,1,299.0,10,300.0,37,2,2022-02-14 09:18:08
1644830288737735000,300.0,1,299.0,10,300.0,36,1,2022-02-14 09:18:08
1644830289103232000,299.5,1,299.0,10,300.0,26,1,2022-02-14 09:18:09
1644830289103232000,300.0,9,299.0,10,300.0,26,1,2022-02-14 09:18:09
1644830290099208000,300.0,1,299.0,12,300.0,25,1,2022-02-14 09:18:10
1644830290129846000,300.0,1,299.0,13,300.0,24,1,2022-02-14 09:18:10
1644830290464444000,300.0,1,299.0,15,300.0,24,1,2022-02-14 09:18:10
1644830290757981000,300.0,2,299.5,1,300.0,22,1,2022-02-14 09:18:10
1644830290788635000,300.0,22,299.5,1,300.5,11,1,2022-02-14 09:18:10
1644830291126652000,299.5,1,299.5,5,300.5,11,2,2022-02-14 09:18:11
1644830291874794000,300.0,1,300.0,1,300.5,11,2,2022-02-14 09:18:11
1644830292160516000,300.5,1,300.0,2,300.5,12,1,2022-02-14 09:18:12
1644830292242483000,300.5,5,300.0,2,300.5,7,1,2022-02-14 09:18:12
1644830292380723000,300.5,1,300.0,2,300.5,6,1,2022-02-14 09:18:12
1644830292383811000,300.5,1,300.0,2,300.5,5,1,2022-02-14 09:18:12
1644830292620987000,300.0,1,300.0,2,300.5,4,2,2022-02-14 09:18:12
1644830293497508000,300.5,1,300.0,5,300.5,3,1,2022-02-14 09:18:13
1644830293529452000,300.5,3,300.0,5,301.0,19,1,2022-02-14 09:18:13
1644830293612350000,301.0,2,300.0,5,301.0,17,1,2022-02-14 09:18:13
1644830294064367000,300.5,2,300.5,2,301.0,17,2,2022-02-14 09:18:14
1644830294619487000,300.5,1,300.5,2,301.0,17,2,2022-02-14 09:18:14
1644830294728877000,300.5,1,300.5,1,301.0,17,2,2022-02-14 09:18:14
1644830294740608000,300.5,1,300.0,10,301.0,17,2,2022-02-14 09:18:14
1644830294750303000,301.0,2,300.0,10,301.0,15,1,2022-02-14 09:18:14
1644830294848696000,301.0,2,300.0,11,301.0,13,1,2022-02-14 09:18:14
1644830295377674000,301.0,10,300.0,22,301.0,3,1,2022-02-14 09:18:15
1644830295396329000,301.0,2,300.0,22,301.0,1,1,2022-02-14 09:18:15
1644830295467656000,301.0,1,300.5,3,301.5,4,1,2022-02-14 09:18:15
1644830295467656000,301.5,4,300.5,3,301.5,4,1,2022-02-14 09:18:15
1644830295514135000,301.5,1,300.5,6,301.5,3,1,2022-02-14 09:18:15
1644830296169409000,300.5,1,300.5,7,301.5,3,2,2022-02-14 09:18:16
1644830296414769000,300.5,4,300.0,23,300.5,11,2,2022-02-14 09:18:16
1644830296510278000,300.5,1,300.0,22,300.5,10,1,2022-02-14 09:18:16
1644830296662343000,300.5,6,300.0,23,300.5,4,1,2022-02-14 09:18:16
1644830296726536000,300.5,5,300.0,23,301.5,3,1,2022-02-14 09:18:16
1644830296726536000,301.5,10,300.0,23,301.5,3,1,2022-02-14 09:18:16
1644830296954310000,301.5,3,300.0,24,302.0,29,1,2022-02-14 09:18:16
1644830297031646000,300.5,1,300.0,24,301.5,1,2,2022-02-14 09:18:17
1644830297046762000,301.5,1,300.0,24,302.0,29,1,2022-02-14 09:18:17
1644830297996189000,301.0,2,300.5,2,301.5,6,2,2022-02-14 09:18:17
1644830298187173000,301.5,1,300.5,10,301.5,5,1,2022-02-14 09:18:18
1644830298727154000,301.5,1,300.5,10,301.5,7,1,2022-02-14 09:18:18
1644830298760023000,301.5,1,300.5,10,301.5,6,1,2022-02-14 09:18:18
1644830298897486000,301.5,1,300.5,11,301.5,5,1,2022-02-14 09:18:18
1644830299074053000,301.5,1,301.0,1,301.5,5,1,2022-02-14 09:18:19
1644830299097679000,301.5,1,301.0,1,301.5,4,1,2022-02-14 09:18:19
1644830299111566000,301.5,1,301.0,1,301.5,3,1,2022-02-14 09:18:19
1644830299730464000,301.5,1,301.0,2,301.5,2,1,2022-02-14 09:18:19
1644830299830769000,301.0,1,301.0,1,301.5,1,2,2022-02-14 09:18:19
1644830299936493000,301.5,1,301.0,1,302.0,50,1,2022-02-14 09:18:19
1644830300628119000,301.5,1,301.0,2,302.0,50,2,2022-02-14 09:18:20
1644830300772808000,301.5,1,301.0,2,301.5,1,2,2022-02-14 09:18:20
1644830300790570000,301.5,1,301.0,2,302.0,50,1,2022-02-14 09:18:20
1644830300804226000,301.0,2,300.5,16,302.0,50,2,2022-02-14 09:18:20
1644830300851382000,301.5,1,300.5,16,301.5,1,1,2022-02-14 09:18:20
1644830301005026000,301.5,4,301.5,1,302.0,50,1,2022-02-14 09:18:21
1644830301083180000,302.0,2,301.5,1,302.0,48,1,2022-02-14 09:18:21
1644830301169905000,301.5,1,301.5,2,302.0,48,2,2022-02-14 09:18:21
1644830301240133000,302.0,2,301.5,2,302.0,46,1,2022-02-14 09:18:21
1644830301315525000,302.0,1,301.5,5,302.0,45,1,2022-02-14 09:18:21
1644830301475173000,301.5,1,301.5,4,302.0,46,2,2022-02-14 09:18:21
1644830301857964000,301.5,2,301.5,4,302.0,47,2,2022-02-14 09:18:21
1644830302160716000,302.0,2,301.5,5,302.0,45,1,2022-02-14 09:18:22
1644830302569700000,301.5,1,301.5,6,302.0,45,2,2022-02-14 09:18:22
1644830302763996000,302.0,1,301.5,6,302.0,44,1,2022-02-14 09:18:22
1644830302849843000,301.5,1,301.5,5,302.0,44,2,2022-02-14 09:18:22
1644830303246896000,301.5,1,301.5,6,302.0,45,2,2022-02-14 09:18:23
1644830303461148000,302.0,1,301.5,7,302.0,46,1,2022-02-14 09:18:23
1644830303574834000,302.0,1,301.5,7,302.0,45,1,2022-02-14 09:18:23
1644830303636860000,302.0,1,301.5,7,302.0,44,1,2022-02-14 09:18:23
1644830304093271000,301.5,1,301.5,9,302.0,45,2,2022-02-14 09:18:24
1644830304113187000,301.5,1,301.5,9,302.0,45,2,2022-02-14 09:18:24
1644830304190345000,302.0,2,301.5,9,302.0,43,1,2022-02-14 09:18:24
1644830304300226000,301.5,2,301.5,7,302.0,43,2,2022-02-14 09:18:24
1644830304481912000,301.5,5,301.5,2,302.0,43,2,2022-02-14 09:18:24
1644830305073482000,301.5,1,301.5,4,302.0,43,2,2022-02-14 09:18:25
1644830305076535000,302.0,1,301.5,4,302.0,42,1,2022-02-14 09:18:25
1644830305098706000,301.5,4,301.0,9,302.0,44,2,2022-02-14 09:18:25
1644830305318007000,301.0,1,301.0,8,302.0,45,2,2022-02-14 09:18:25
1644830305654705000,301.5,1,301.0,10,301.5,2,1,2022-02-14 09:18:25
1644830305803636000,301.5,2,301.5,4,302.0,45,1,2022-02-14 09:18:25
1644830306108899000,301.5,1,301.5,6,302.0,48,2,2022-02-14 09:18:26
1644830306185856000,301.5,2,301.5,4,302.0,48,2,2022-02-14 09:18:26
1644830306209514000,301.5,4,301.0,13,302.0,48,2,2022-02-14 09:18:26
1644830306646025000,301.5,1,301.0,13,301.5,7,1,2022-02-14 09:18:26
1644830306714429000,301.5,1,301.0,13,301.5,6,1,2022-02-14 09:18:26
1644830306738791000,301.5,1,301.0,13,301.5,5,1,2022-02-14 09:18:26
1644830307143280000,301.5,1,301.0,14,301.5,6,1,2022-02-14 09:18:27
1644830307686627000,301.5,1,301.0,14,301.5,11,1,2022-02-14 09:18:27
1644830308061954000,301.5,1,301.0,14,301.5,12,1,2022-02-14 09:18:28
1644830308086979000,301.5,1,301.0,14,301.5,11,1,2022-02-14 09:18:28
1644830308412392000,301.5,2,301.0,14,301.5,9,1,2022-02-14 09:18:28
1644830308675940000,301.5,1,301.0,15,301.5,9,1,2022-02-14 09:18:28
1644830308731792000,301.5,1,301.0,15,301.5,8,1,2022-02-14 09:18:28
1644830308896024000,301.5,1,301.0,16,301.5,12,1,2022-02-14 09:18:28
1644830308922029000,301.5,1,301.0,16,301.5,11,1,2022-02-14 09:18:28
1644830309075691000,301.5,1,301.0,16,301.5,10,1,2022-02-14 09:18:29
1644830309254443000,301.5,1,301.0,17,301.5,9,1,2022-02-14 09:18:29
1644830309278830000,301.5,2,301.0,17,301.5,7,1,2022-02-14 09:18:29
1644830309367156000,301.5,1,301.0,17,301.5,6,1,2022-02-14 09:18:29
1644830309389513000,301.5,1,301.0,17,301.5,5,1,2022-02-14 09:18:29
1644830309513758000,301.5,2,301.0,27,301.5,3,1,2022-02-14 09:18:29
1644830310011081000,301.5,1,301.0,29,301.5,12,1,2022-02-14 09:18:30
1644830310096546000,301.5,1,301.0,29,301.5,11,1,2022-02-14 09:18:30
1644830310278814000,301.5,2,301.0,29,301.5,9,1,2022-02-14 09:18:30
1644830310292574000,301.5,1,301.0,29,301.5,8,1,2022-02-14 09:18:30
1644830310488834000,301.0,1,301.0,29,301.5,10,2,2022-02-14 09:18:30
1644830310700805000,301.5,1,301.0,30,301.5,12,1,2022-02-14 09:18:30
1644830310754366000,301.0,2,301.0,28,301.5,12,2,2022-02-14 09:18:30
1644830310761203000,301.5,1,301.0,28,301.5,11,1,2022-02-14 09:18:30
1644830310907353000,301.5,1,301.0,28,301.5,11,1,2022-02-14 09:18:30
1644830311075241000,301.0,2,301.0,26,301.5,12,2,2022-02-14 09:18:31
1644830311082094000,301.5,3,301.0,26,301.5,9,1,2022-02-14 09:18:31
1644830311143068000,301.5,1,301.0,26,301.5,8,1,2022-02-14 09:18:31
1644830311145974000,301.0,1,301.0,25,301.5,8,2,2022-02-14 09:18:31
1644830311185998000,301.5,1,301.0,25,301.5,7,1,2022-02-14 09:18:31
1644830311199619000,301.5,1,301.0,25,301.5,6,1,2022-02-14 09:18:31
1644830311253527000,301.5,1,301.0,25,301.5,5,1,2022-02-14 09:18:31
1644830311364473000,301.5,1,301.0,25,301.5,5,1,2022-02-14 09:18:31
1644830311415058000,301.5,1,301.0,25,301.5,4,1,2022-02-14 09:18:31
1644830311770152000,301.5,1,301.0,28,301.5,6,1,2022-02-14 09:18:31
1644830311923297000,301.5,1,301.0,28,301.5,7,1,2022-02-14 09:18:31
1644830312040717000,301.5,1,301.0,28,301.5,6,1,2022-02-14 09:18:32
1644830312156652000,301.5,1,301.0,28,301.5,5,1,2022-02-14 09:18:32
1644830312315909000,301.5,5,301.5,1,302.0,67,1,2022-02-14 09:18:32
1644830312431925000,301.5,1,301.5,2,302.0,67,2,2022-02-14 09:18:32
1644830312469102000,301.5,1,301.5,1,302.0,67,2,2022-02-14 09:18:32
1644830312488594000,301.5,1,301.0,29,302.0,67,2,2022-02-14 09:18:32
1644830312944322000,301.5,2,301.0,36,302.0,67,2,2022-02-14 09:18:32
1644830313402938000,301.5,1,301.5,1,302.0,67,2,2022-02-14 09:18:33
1644830313504665000,301.5,1,301.0,39,302.0,67,2,2022-02-14 09:18:33
1644830313614193000,301.5,1,301.5,1,302.0,67,2,2022-02-14 09:18:33
1644830313627925000,301.5,1,301.0,39,302.0,67,2,2022-02-14 09:18:33
1644830313690370000,302.0,5,301.0,39,302.0,61,1,2022-02-14 09:18:33
1644830314851976000,301.5,1,301.5,3,302.0,64,2,2022-02-14 09:18:34
1644830315669201000,302.0,1,301.5,8,302.0,63,1,2022-02-14 09:18:35
1644830316052192000,302.0,5,301.5,10,302.0,58,1,2022-02-14 09:18:36
1644830316332818000,301.5,5,301.5,6,302.0,58,2,2022-02-14 09:18:36
1644830316416323000,301.5,1,301.5,6,302.0,58,2,2022-02-14 09:18:36
1644830316684903000,301.5,9,301.0,47,302.0,58,2,2022-02-14 09:18:36
1644830316763515000,301.5,1,301.0,47,302.0,58,2,2022-02-14 09:18:36
1644830317819898000,302.0,1,301.5,3,302.0,65,1,2022-02-14 09:18:37
1644830317884371000,301.5,3,301.0,47,301.5,8,2,2022-02-14 09:18:37
1644830319099224000,301.5,1,301.0,49,301.5,15,1,2022-02-14 09:18:39
1644830319353644000,301.0,1,301.0,48,301.5,17,2,2022-02-14 09:18:39
1644830319458043000,301.5,1,301.0,47,301.5,26,1,2022-02-14 09:18:39
