ts,close,volume,bid_price,bid_volume,ask_price,ask_volume,tick_type,datetime
1659430807123792000,143.0,297,143.0,5,143.5,36,2,2022-08-02 09:00:07
1659430807163210000,143.0,5,142.5,14,143.5,36,2,2022-08-02 09:00:07
1659430807168372000,142.5,1,142.5,13,143.5,36,2,2022-08-02 09:00:07
1659430807182950000,142.5,1,142.5,12,143.5,36,2,2022-08-02 09:00:07
1659430807191658000,142.5,1,142.5,11,143.5,36,2,2022-08-02 09:00:07
1659430807313658000,142.5,11,142.0,32,142.5,3,2,2022-08-02 09:00:07
1659430808366818000,142.0,1,142.0,31,142.5,15,2,2022-08-02 09:00:08
1659430808947684000,142.5,1,142.0,31,142.5,14,1,2022-08-02 09:00:08
1659430808989683000,142.5,13,142.0,31,142.5,1,1,2022-08-02 09:00:08
1659430809041732000,142.5,1,142.0,31,143.0,13,1,2022-08-02 09:00:09
1659430811127583000,142.5,3,142.5,3,143.0,3,2,2022-08-02 09:00:11
1659430811195563000,143.0,6,142.0,31,143.5,45,1,2022-08-02 09:00:11
1659430813283077000,143.5,1,142.5,28,143.5,41,1,2022-08-02 09:00:13
1659430815317428000,143.5,1,142.5,32,143.5,40,1,2022-08-02 09:00:15
1659430818807859000,143.0,1,143.0,5,143.5,42,2,2022-08-02 09:00:18
1659430819072737000,143.0,1,143.0,6,143.5,42,2,2022-08-02 09:00:19
1659430820933192000,143.0,1,143.0,6,143.5,46,2,2022-08-02 09:00:20
1659430821729396000,143.0,1,143.0,6,143.5,46,2,2022-08-02 09:00:21
1659430822606272000,143.0,3,143.0,3,143.5,46,2,2022-08-02 09:00:22
1659430824059158000,143.0,1,143.0,4,143.5,46,2,2022-08-02 09:00:24
1659430824662911000,143.0,1,143.0,4,143.5,45,2,2022-08-02 09:00:24
1659430825235712000,143.5,1,143.0,4,143.5,44,1,2022-08-02 09:00:25
1659430828322962000,143.5,1,143.0,13,143.5,44,1,2022-08-02 09:00:28
1659430829456558000,143.0,1,143.0,13,143.5,44,2,2022-08-02 09:00:29
1659430830817741000,143.5,1,143.0,14,143.5,43,1,2022-08-02 09:00:30
1659430831462067000,143.5,1,143.0,15,143.5,42,1,2022-08-02 09:00:31
1659430833040184000,143.0,1,143.0,15,143.5,43,2,2022-08-02 09:00:33
1659430834091566000,143.5,1,143.0,18,143.5,42,1,2022-08-02 09:00:34
1659430834209496000,143.5,43,143.0,42,144.0,54,1,2022-08-02 09:00:34
1659430834313470000,144.0,18,143.5,20,144.0,36,1,2022-08-02 09:00:34
1659430834313682000,144.0,36,143.5,20,144.5,36,1,2022-08-02 09:00:34
1659430835380424000,143.5,1,143.5,26,144.5,36,2,2022-08-02 09:00:35
1659430835611029000,143.5,20,143.5,27,144.5,36,2,2022-08-02 09:00:35
1659430835808853000,143.5,1,143.5,6,144.5,36,2,2022-08-02 09:00:35
1659430836298158000,144.0,1,144.0,5,144.5,36,1,2022-08-02 09:00:36
1659430836321631000,144.0,5,143.5,6,144.5,36,2,2022-08-02 09:00:36
1659430837994014000,144.5,1,143.5,7,144.5,35,1,2022-08-02 09:00:37
1659430838771439000,144.5,1,143.5,7,144.5,34,1,2022-08-02 09:00:38
1659430839626899000,144.5,2,143.5,7,144.5,32,1,2022-08-02 09:00:39
1659430839739624000,144.0,1,143.5,7,144.5,32,1,2022-08-02 09:00:39
1659430840164522000,144.0,1,143.5,7,144.0,1,1,2022-08-02 09:00:40
1659430840269430000,144.0,1,143.5,7,144.5,28,1,2022-08-02 09:00:40
1659430840269430000,144.5,4,143.5,7,144.5,28,1,2022-08-02 09:00:40
1659430841618598000,144.0,1,143.5,9,144.5,28,2,2022-08-02 09:00:41
1659430841863025000,144.0,1,143.5,9,144.5,31,1,2022-08-02 09:00:41
1659430842691152000,144.0,3,143.5,9,144.5,28,2,2022-08-02 09:00:42
1659430842970952000,144.5,1,143.5,9,144.5,27,1,2022-08-02 09:00:42
1659430843126968000,144.5,2,144.0,1,144.5,25,1,2022-08-02 09:00:43
1659430843255089000,144.5,1,144.0,1,144.5,24,1,2022-08-02 09:00:43
1659430843963392000,144.0,1,144.0,1,144.5,24,2,2022-08-02 09:00:43
1659430845706752000,144.0,4,144.0,1,144.5,25,2,2022-08-02 09:00:45
1659430845743151000,144.0,1,143.5,14,144.5,25,2,2022-08-02 09:00:45
1659430846861113000,144.5,1,144.0,1,144.5,24,1,2022-08-02 09:00:46
1659430847143259000,144.0,2,143.5,12,144.5,24,2,2022-08-02 09:00:47
1659430847143259000,143.5,3,143.5,12,144.5,24,2,2022-08-02 09:00:47
1659430847191413000,144.0,1,143.5,15,144.5,24,2,2022-08-02 09:00:47
1659430847728002000,144.0,2,143.5,15,144.5,24,2,2022-08-02 09:00:47
1659430848056928000,144.5,1,143.5,15,144.5,23,1,2022-08-02 09:00:48
1659430848094660000,144.5,1,143.5,15,144.5,24,1,2022-08-02 09:00:48
1659430849233238000,144.0,11,143.5,14,144.5,22,1,2022-08-02 09:00:49
1659430849270593000,144.0,1,143.5,14,144.5,22,2,2022-08-02 09:00:49
1659430849312735000,144.5,2,143.5,14,144.5,23,1,2022-08-02 09:00:49
1659430849426986000,144.0,1,144.0,14,144.5,23,2,2022-08-02 09:00:49
1659430849576264000,144.5,1,144.0,15,144.5,20,1,2022-08-02 09:00:49
1659430849848850000,144.5,10,144.0,15,144.5,9,1,2022-08-02 09:00:49
1659430850010955000,144.0,3,144.0,13,144.5,4,2,2022-08-02 09:00:50
1659430850176455000,144.5,2,144.0,37,144.5,4,1,2022-08-02 09:00:50
1659430850210453000,144.5,2,144.0,37,145.0,51,1,2022-08-02 09:00:50
1659430850210453000,145.0,5,144.0,37,145.0,51,1,2022-08-02 09:00:50
1659430850516126000,145.0,1,144.0,37,145.0,51,1,2022-08-02 09:00:50
1659430852476604000,144.0,15,144.0,24,145.0,65,2,2022-08-02 09:00:52
1659430852596693000,144.0,1,144.0,23,145.0,68,2,2022-08-02 09:00:52
1659430852629083000,144.0,23,143.5,16,145.0,68,2,2022-08-02 09:00:52
1659430852805010000,144.5,1,143.5,16,144.5,2,1,2022-08-02 09:00:52
1659430853159702000,144.0,2,143.5,16,144.5,2,2,2022-08-02 09:00:53
1659430854480879000,144.5,1,143.5,15,144.5,3,1,2022-08-02 09:00:54
1659430855204328000,144.5,1,144.0,1,144.5,4,1,2022-08-02 09:00:55
1659430855299429000,144.5,1,144.0,1,144.5,3,1,2022-08-02 09:00:55
1659430855417705000,144.0,1,144.0,2,145.0,64,2,2022-08-02 09:00:55
1659430855634220000,144.5,1,144.0,4,145.0,64,2,2022-08-02 09:00:55
1659430856459647000,144.0,1,144.0,5,145.0,65,2,2022-08-02 09:00:56
1659430858005972000,144.5,3,144.5,2,145.0,65,1,2022-08-02 09:00:58
1659430858034499000,144.5,1,144.5,1,145.0,65,2,2022-08-02 09:00:58
1659430858035671000,144.5,1,144.0,10,145.0,65,2,2022-08-02 09:00:58
1659430858541327000,144.0,1,144.0,10,145.0,73,2,2022-08-02 09:00:58
1659430859357198000,144.5,1,144.0,10,145.0,73,2,2022-08-02 09:00:59
1659430860485359000,144.0,4,144.0,12,144.5,9,2,2022-08-02 09:01:00
1659430860834774000,144.0,8,143.5,30,144.5,9,2,2022-08-02 09:01:00
1659430861498453000,144.0,1,143.5,24,144.5,14,2,2022-08-02 09:01:01
1659430862309778000,144.0,1,143.5,24,144.0,5,1,2022-08-02 09:01:02
1659430862933461000,143.5,13,143.5,11,144.0,4,2,2022-08-02 09:01:02
1659430862967236000,143.5,7,143.5,4,144.0,4,2,2022-08-02 09:01:02
1659430863001450000,143.5,4,143.0,28,144.0,4,2,2022-08-02 09:01:03
1659430863136618000,143.0,2,143.0,22,144.0,4,2,2022-08-02 09:01:03
1659430863489533000,144.0,1,143.0,21,144.0,3,1,2022-08-02 09:01:03
1659430864121698000,144.0,1,143.0,21,144.0,4,1,2022-08-02 09:01:04
1659430864583127000,144.0,1,143.0,21,144.0,8,1,2022-08-02 09:01:04
1659430864799234000,144.0,5,143.0,21,144.0,3,1,2022-08-02 09:01:04
1659430864944034000,144.0,1,143.0,21,144.0,5,1,2022-08-02 09:01:04
1659430865530762000,143.5,1,143.0,21,144.0,8,2,2022-08-02 09:01:05
1659430865827619000,143.0,1,143.0,20,144.0,8,2,2022-08-02 09:01:05
1659430865969074000,144.0,1,143.0,20,144.0,7,1,2022-08-02 09:01:05
1659430866186870000,143.5,1,143.5,1,144.0,7,2,2022-08-02 09:01:06
1659430866484127000,143.0,5,143.0,20,144.0,8,2,2022-08-02 09:01:06
1659430867365852000,143.5,2,143.0,16,144.0,8,2,2022-08-02 09:01:07
1659430867718332000,143.0,1,143.0,15,144.0,8,2,2022-08-02 09:01:07
1659430867859661000,144.0,1,143.0,15,144.0,7,1,2022-08-02 09:01:07
1659430870050583000,144.0,1,143.5,2,144.0,11,1,2022-08-02 09:01:10
1659430870092247000,143.5,1,143.5,1,144.0,11,2,2022-08-02 09:01:10
1659430870633302000,144.0,2,143.5,2,144.0,9,1,2022-08-02 09:01:10
1659430872317955000,144.0,1,143.5,6,144.0,19,1,2022-08-02 09:01:12
1659430872999218000,143.5,6,143.0,14,144.0,18,2,2022-08-02 09:01:12
1659430873559323000,144.0,1,143.5,2,144.0,19,1,2022-08-02 09:01:13
1659430874965966000,144.0,1,143.5,4,144.0,19,1,2022-08-02 09:01:14
1659430874996893000,143.5,1,143.5,3,144.0,19,2,2022-08-02 09:01:14
1659430875101675000,143.5,1,143.5,4,144.0,20,2,2022-08-02 09:01:15
1659430876246766000,143.5,1,143.5,1,144.0,20,2,2022-08-02 09:01:16
1659430878543373000,143.5,3,143.0,14,143.5,2,2,2022-08-02 09:01:18
1659430878599611000,143.5,2,143.0,14,144.0,25,1,2022-08-02 09:01:18
1659430878787615000,143.5,1,143.5,1,144.0,25,2,2022-08-02 09:01:18
1659430880533507000,143.5,1,143.0,14,144.0,39,2,2022-08-02 09:01:20
1659430880870882000,144.0,5,143.0,14,144.0,41,1,2022-08-02 09:01:20
1659430881067620000,143.5,1,143.0,14,144.0,41,2,2022-08-02 09:01:21
1659430882352904000,143.0,1,143.0,14,144.0,43,2,2022-08-02 09:01:22
1659430885495394000,143.0,3,143.0,11,143.5,24,2,2022-08-02 09:01:25
1659430887059030000,143.0,1,143.0,10,143.5,25,2,2022-08-02 09:01:27
1659430887382856000,143.0,6,143.0,4,143.5,25,2,2022-08-02 09:01:27
1659430887417899000,143.0,2,143.0,2,143.5,25,2,2022-08-02 09:01:27
1659430887449779000,143.0,2,142.5,34,143.5,25,2,2022-08-02 09:01:27
1659430888132567000,143.0,1,142.5,31,143.5,25,1,2022-08-02 09:01:28
1659430889708465000,143.0,1,142.5,31,143.0,4,1,2022-08-02 09:01:29
1659430891311387000,142.5,1,142.5,30,143.0,6,2,2022-08-02 09:01:31
1659430892247600000,142.5,1,142.5,29,143.0,10,2,2022-08-02 09:01:32
1659430892490982000,143.0,1,142.5,29,143.0,9,1,2022-08-02 09:01:32
1659430893192933000,143.0,1,142.5,29,143.0,10,1,2022-08-02 09:01:33
1659430893223988000,143.0,10,142.5,29,143.5,26,1,2022-08-02 09:01:33
1659430893814840000,143.0,1,142.5,29,143.5,26,2,2022-08-02 09:01:33
1659430893814840000,142.5,4,142.5,29,143.5,26,2,2022-08-02 09:01:33
1659430895945813000,143.0,1,142.5,29,143.5,26,2,2022-08-02 09:01:35
1659430896291546000,143.0,1,142.5,29,143.5,26,2,2022-08-02 09:01:36
1659430896434834000,143.0,2,143.0,2,143.5,31,2,2022-08-02 09:01:36
1659430897758245000,143.0,1,143.0,2,143.5,34,2,2022-08-02 09:01:37
1659430898853468000,143.0,1,143.0,1,143.5,34,2,2022-08-02 09:01:38
1659430899255404000,143.0,1,142.5,29,143.5,34,2,2022-08-02 09:01:39
1659430899597922000,143.0,1,142.5,26,143.5,34,1,2022-08-02 09:01:39
1659430901391552000,143.0,1,143.0,7,143.5,36,2,2022-08-02 09:01:41
1659430903783879000,143.0,1,143.0,23,143.5,31,2,2022-08-02 09:01:43
1659430905256154000,143.5,1,143.0,20,143.5,27,1,2022-08-02 09:01:45
1659430905280874000,143.5,27,143.0,20,144.0,28,1,2022-08-02 09:01:45
1659430906008994000,143.5,1,143.5,8,144.0,28,2,2022-08-02 09:01:46
1659430910731299000,144.0,1,143.5,14,144.0,28,1,2022-08-02 09:01:50
1659430911098952000,143.5,10,143.5,5,144.0,28,2,2022-08-02 09:01:51
1659430912509712000,143.5,1,143.5,6,144.0,32,2,2022-08-02 09:01:52
1659430915539551000,143.5,5,143.0,29,143.5,5,2,2022-08-02 09:01:55
1659430915717042000,143.5,1,143.0,29,143.5,5,1,2022-08-02 09:01:55
1659430916100045000,143.5,1,143.0,29,143.5,6,1,2022-08-02 09:01:56
1659430917086849000,143.5,1,143.0,36,143.5,4,1,2022-08-02 09:01:57
1659430917180967000,143.5,2,143.0,36,143.5,5,1,2022-08-02 09:01:57
1659430917861789000,143.5,1,143.0,38,143.5,1,1,2022-08-02 09:01:57
1659430917901179000,143.5,1,143.0,38,144.0,33,1,2022-08-02 09:01:57
1659430918148653000,143.5,1,143.0,38,144.0,33,1,2022-08-02 09:01:58
1659430919513829000,143.5,2,143.0,38,144.0,33,1,2022-08-02 09:01:59
1659430922875269000,144.0,31,143.5,5,144.0,2,1,2022-08-02 09:02:02
1659430922906834000,144.0,2,143.5,6,144.5,35,1,2022-08-02 09:02:02
1659430923032536000,144.5,18,143.5,6,144.5,6,1,2022-08-02 09:02:03
1659430923099038000,144.5,6,144.0,1,145.0,91,1,2022-08-02 09:02:03
1659430923317742000,144.0,2,144.0,1,144.5,2,2,2022-08-02 09:02:03
1659430928288683000,144.5,1,144.0,5,144.5,8,1,2022-08-02 09:02:08
1659430929145999000,144.5,4,144.0,12,144.5,3,1,2022-08-02 09:02:09
1659430929464018000,144.5,1,144.0,14,144.5,1,1,2022-08-02 09:02:09
1659430929809009000,144.5,1,144.0,14,144.5,1,1,2022-08-02 09:02:09
1659430932142866000,144.5,3,144.5,2,145.0,69,1,2022-08-02 09:02:12
1659430932168158000,144.5,2,144.0,17,145.0,70,2,2022-08-02 09:02:12
1659430932304429000,144.0,1,144.0,16,144.5,1,2,2022-08-02 09:02:12
1659430932825372000,144.0,2,144.0,17,144.5,1,2,2022-08-02 09:02:12
1659430932978711000,144.5,3,144.0,16,144.5,4,1,2022-08-02 09:02:12
1659430934193871000,144.5,1,144.0,16,144.5,4,1,2022-08-02 09:02:14
1659430937003820000,144.5,1,144.0,26,144.5,1,1,2022-08-02 09:02:17
1659430937103866000,144.5,2,144.5,1,145.0,74,1,2022-08-02 09:02:17
1659430937133900000,144.5,1,144.0,26,145.0,75,2,2022-08-02 09:02:17
1659430938494599000,144.5,1,144.0,28,144.5,8,1,2022-08-02 09:02:18
1659430938829715000,144.5,1,144.0,26,144.5,7,1,2022-08-02 09:02:18
1659430939818129000,144.5,1,144.0,26,144.5,8,1,2022-08-02 09:02:19
1659430940369016000,144.5,1,144.0,26,144.5,9,1,2022-08-02 09:02:20
1659430940515665000,144.5,2,144.0,26,144.5,12,1,2022-08-02 09:02:20
1659430941227234000,144.5,1,144.0,27,144.5,13,1,2022-08-02 09:02:21
1659430941752601000,144.5,1,144.0,32,144.5,13,1,2022-08-02 09:02:21
1659430942000415000,144.5,12,144.0,32,145.0,70,1,2022-08-02 09:02:22
1659430942000415000,145.0,3,144.0,32,145.0,70,1,2022-08-02 09:02:22
1659430942696464000,144.5,10,144.0,32,145.0,70,2,2022-08-02 09:02:22
1659430942844918000,144.5,1,144.5,1,145.0,72,2,2022-08-02 09:02:22
1659430942845160000,144.5,1,144.0,32,145.0,72,2,2022-08-02 09:02:22
1659430945590122000,144.5,5,144.0,34,145.0,77,1,2022-08-02 09:02:25
1659430946453210000,144.5,1,144.0,34,144.5,1,1,2022-08-02 09:02:26
1659430946849382000,144.5,1,144.0,34,145.0,77,1,2022-08-02 09:02:26
1659430947693103000,144.5,1,144.0,34,144.5,23,1,2022-08-02 09:02:27
1659430947866147000,144.5,1,144.0,34,144.5,24,1,2022-08-02 09:02:27
1659430948655313000,144.5,1,144.0,35,144.5,23,1,2022-08-02 09:02:28
1659430948742213000,144.5,1,144.0,35,144.5,43,1,2022-08-02 09:02:28
1659430948905550000,144.5,1,144.0,35,144.5,41,1,2022-08-02 09:02:28
1659430949570985000,144.5,1,144.0,35,144.5,40,1,2022-08-02 09:02:29
1659430949966726000,144.5,1,144.0,35,144.5,39,1,2022-08-02 09:02:29
1659430950630492000,144.5,1,144.0,34,144.5,39,1,2022-08-02 09:02:30
1659430951093076000,144.5,1,144.0,34,144.5,38,1,2022-08-02 09:02:31
1659430952919581000,144.5,1,144.0,36,144.5,39,1,2022-08-02 09:02:32
1659430955231510000,144.5,1,144.0,36,144.5,39,1,2022-08-02 09:02:35
1659430956144364000,144.5,1,144.0,36,144.5,40,1,2022-08-02 09:02:36
1659430956250554000,144.0,10,144.0,34,144.5,40,2,2022-08-02 09:02:36
1659430956279422000,144.0,6,144.0,18,144.5,40,2,2022-08-02 09:02:36
1659430956279448000,144.0,8,144.0,10,144.5,40,2,2022-08-02 09:02:36
1659430956308020000,144.0,3,144.0,7,144.5,40,2,2022-08-02 09:02:36
1659430956308487000,144.0,7,143.5,18,144.5,40,2,2022-08-02 09:02:36
1659430956758876000,144.0,1,143.5,14,144.0,4,1,2022-08-02 09:02:36
1659430958174395000,144.0,3,143.5,14,144.0,7,1,2022-08-02 09:02:38
1659430958839612000,144.0,1,143.5,14,144.0,6,1,2022-08-02 09:02:38
1659430958871769000,144.0,1,143.5,14,144.0,5,1,2022-08-02 09:02:38
1659430960024473000,144.0,1,143.5,14,144.0,4,1,2022-08-02 09:02:40
1659430961487117000,144.0,1,143.5,15,144.0,8,1,2022-08-02 09:02:41
1659430962905168000,144.0,3,143.5,16,144.0,9,1,2022-08-02 09:02:42
1659430964854378000,144.0,4,143.5,17,144.0,8,1,2022-08-02 09:02:44
1659430965532290000,144.0,2,143.5,18,144.0,6,1,2022-08-02 09:02:45
1659430965567015000,144.0,6,143.5,18,144.5,47,1,2022-08-02 09:02:45
1659430966900841000,144.0,1,144.0,11,144.5,54,2,2022-08-02 09:02:46
1659430967293099000,144.0,5,144.0,7,144.5,51,2,2022-08-02 09:02:47
1659430968073115000,144.0,1,144.0,5,144.5,56,2,2022-08-02 09:02:48
1659430968101914000,144.0,5,143.5,49,144.5,56,2,2022-08-02 09:02:48
1659430968491995000,144.0,1,143.5,49,144.0,2,2,2022-08-02 09:02:48
1659430968506851000,144.0,2,144.0,4,144.5,54,1,2022-08-02 09:02:48
1659430969917926000,144.0,1,144.0,5,144.5,52,2,2022-08-02 09:02:49
1659430981969976000,144.0,4,144.0,42,144.5,57,2,2022-08-02 09:03:01
1659430982277286000,144.0,1,144.0,41,144.5,57,2,2022-08-02 09:03:02
1659430982481291000,144.0,3,144.0,38,144.5,57,2,2022-08-02 09:03:02
1659430982835542000,144.0,2,144.0,36,144.5,57,2,2022-08-02 09:03:02
1659430984587092000,144.0,1,144.0,36,144.5,58,2,2022-08-02 09:03:04
1659430984836806000,144.0,2,144.0,35,144.5,58,2,2022-08-02 09:03:04
1659430989760156000,144.0,5,144.0,21,144.5,59,2,2022-08-02 09:03:09
1659430990815380000,144.0,1,144.0,17,144.5,59,2,2022-08-02 09:03:10
1659430991572642000,144.0,1,144.0,17,144.5,59,2,2022-08-02 09:03:11
1659430991665314000,144.0,1,144.0,16,144.5,59,2,2022-08-02 09:03:11
1659430991858025000,144.0,1,144.0,14,144.5,59,2,2022-08-02 09:03:11
1659430992240243000,144.0,1,144.0,13,144.5,60,2,2022-08-02 09:03:12
1659430994716042000,144.0,4,144.0,8,144.5,65,2,2022-08-02 09:03:14
1659430996374578000,144.0,1,144.0,10,144.5,66,2,2022-08-02 09:03:16
1659430996496327000,144.0,1,144.0,11,144.5,66,2,2022-08-02 09:03:16
1659430997004852000,144.0,1,144.0,10,144.5,66,2,2022-08-02 09:03:17
1659430997323137000,144.0,2,144.0,7,144.5,66,2,2022-08-02 09:03:17
1659430998924125000,144.0,1,144.0,27,144.5,66,2,2022-08-02 09:03:18
1659430998946555000,144.0,3,144.0,28,144.5,66,2,2022-08-02 09:03:18
1659430999825284000,144.0,1,144.0,23,144.5,66,2,2022-08-02 09:03:19
1659430999962147000,144.0,1,144.0,22,144.5,66,2,2022-08-02 09:03:19
1659431002351971000,144.0,1,144.0,33,144.5,65,2,2022-08-02 09:03:22
1659431004437367000,144.0,1,144.0,34,144.5,68,2,2022-08-02 09:03:24
1659431005702514000,144.0,1,144.0,33,144.5,68,2,2022-08-02 09:03:25
1659431006749399000,144.0,2,144.0,31,144.5,66,2,2022-08-02 09:03:26
1659431010176155000,144.0,1,144.0,31,144.5,66,2,2022-08-02 09:03:30
1659431014328293000,144.0,1,144.0,36,144.5,66,2,2022-08-02 09:03:34
1659431015518432000,144.0,1,144.0,37,144.5,66,2,2022-08-02 09:03:35
1659431015674154000,144.0,1,144.0,36,144.5,66,2,2022-08-02 09:03:35
1659431015849828000,144.0,1,144.0,35,144.5,66,2,2022-08-02 09:03:35
1659431016642606000,144.0,1,144.0,34,144.5,66,2,2022-08-02 09:03:36
1659431017862832000,144.0,1,144.0,33,144.5,66,2,2022-08-02 09:03:37
1659431022363205000,144.0,1,144.0,35,144.5,66,2,2022-08-02 09:03:42
1659431026744801000,144.0,4,144.0,31,144.5,67,2,2022-08-02 09:03:46
1659431029655882000,144.5,3,144.0,30,144.5,64,1,2022-08-02 09:03:49
1659431031416546000,144.5,5,144.0,54,144.5,58,1,2022-08-02 09:03:51
1659431031429455000,144.5,12,144.0,54,144.5,46,1,2022-08-02 09:03:51
1659431031457564000,144.5,1,144.0,54,144.5,45,1,2022-08-02 09:03:51
1659431031459140000,144.5,45,144.0,54,145.0,70,1,2022-08-02 09:03:51
1659431031479742000,145.0,6,144.5,1,145.0,62,1,2022-08-02 09:03:51
1659431031535067000,145.0,26,144.5,6,145.0,36,1,2022-08-02 09:03:51
1659431031561517000,145.0,36,144.5,6,145.5,42,1,2022-08-02 09:03:51
1659431031805299000,145.0,1,145.0,4,145.5,23,2,2022-08-02 09:03:51
1659431038238643000,145.5,3,145.0,11,145.5,20,1,2022-08-02 09:03:58
1659431038253902000,145.5,1,145.0,11,145.5,19,1,2022-08-02 09:03:58
1659431041296025000,145.5,1,145.0,24,145.5,18,1,2022-08-02 09:04:01
1659431041956554000,145.5,1,145.0,28,145.5,16,1,2022-08-02 09:04:01
1659431042002292000,145.5,1,145.0,28,145.5,15,1,2022-08-02 09:04:02
1659431042337956000,145.5,1,145.0,28,145.5,14,1,2022-08-02 09:04:02
1659431043452726000,145.5,1,145.0,24,145.5,18,1,2022-08-02 09:04:03
1659431043735692000,145.5,1,145.0,24,145.5,17,1,2022-08-02 09:04:03
1659431043744792000,145.5,1,145.0,24,145.5,16,1,2022-08-02 09:04:03
1659431043889848000,145.5,5,145.0,24,145.5,11,1,2022-08-02 09:04:03
1659431043970909000,145.5,1,145.0,24,145.5,10,1,2022-08-02 09:04:03
1659431044516336000,145.5,2,145.0,27,145.5,8,1,2022-08-02 09:04:04
1659431044577036000,145.5,1,145.0,27,145.5,7,1,2022-08-02 09:04:04
1659431044586258000,145.5,4,145.0,27,145.5,10,1,2022-08-02 09:04:04
1659431044639932000,145.5,1,145.0,31,145.5,2,1,2022-08-02 09:04:04
1659431044672324000,145.5,1,145.0,31,146.0,61,1,2022-08-02 09:04:04
1659431044682814000,145.0,2,145.0,29,146.0,61,2,2022-08-02 09:04:04
1659431044868625000,145.5,1,145.5,1,146.0,61,1,2022-08-02 09:04:04
1659431045331399000,145.5,1,145.0,38,146.0,62,2,2022-08-02 09:04:05
1659431045555305000,145.5,1,145.0,33,146.0,65,1,2022-08-02 09:04:05
1659431045892157000,145.5,1,145.0,29,145.5,3,2,2022-08-02 09:04:05
1659431046086387000,145.5,1,145.0,29,145.5,6,1,2022-08-02 09:04:06
1659431046530819000,145.5,1,145.0,30,145.5,5,1,2022-08-02 09:04:06
1659431046781676000,145.5,1,145.0,30,145.5,13,1,2022-08-02 09:04:06
1659431047046041000,145.5,2,145.0,30,145.5,11,1,2022-08-02 09:04:07
1659431047280090000,145.5,1,145.0,30,145.5,15,1,2022-08-02 09:04:07
1659431047360411000,145.5,1,145.0,31,145.5,10,1,2022-08-02 09:04:07
1659431047734252000,145.5,5,145.0,32,145.5,15,1,2022-08-02 09:04:07
1659431048280255000,145.5,1,145.0,32,145.5,19,1,2022-08-02 09:04:08
1659431048355430000,145.5,1,145.0,31,145.5,18,1,2022-08-02 09:04:08
1659431048770298000,145.5,1,145.0,36,145.5,13,1,2022-08-02 09:04:08
1659431048771041000,145.5,1,145.0,36,145.5,12,1,2022-08-02 09:04:08
1659431048945918000,145.5,1,145.0,37,145.5,12,1,2022-08-02 09:04:08
1659431049223390000,145.5,5,145.0,38,145.5,12,1,2022-08-02 09:04:09
1659431049254242000,145.5,2,145.0,38,145.5,10,1,2022-08-02 09:04:09
1659431049301897000,145.5,1,145.0,42,145.5,5,1,2022-08-02 09:04:09
1659431049392414000,145.5,5,145.0,42,146.0,66,1,2022-08-02 09:04:09
1659431050301705000,145.5,3,145.5,3,146.0,62,2,2022-08-02 09:04:10
1659431050536125000,145.5,2,145.5,4,146.0,62,2,2022-08-02 09:04:10
1659431051147970000,145.5,3,145.5,6,146.0,72,2,2022-08-02 09:04:11
1659431051184717000,145.5,2,145.5,4,146.0,72,2,2022-08-02 09:04:11
1659431051423256000,145.5,1,145.5,5,146.0,72,2,2022-08-02 09:04:11
1659431055179874000,146.0,1,145.5,28,146.0,71,1,2022-08-02 09:04:15
1659431057956683000,146.0,1,145.5,34,146.0,69,1,2022-08-02 09:04:17
1659431058290276000,145.5,1,145.5,32,146.0,69,2,2022-08-02 09:04:18
1659431058679669000,146.0,1,145.5,32,146.0,68,1,2022-08-02 09:04:18
1659431058697399000,146.0,2,145.5,32,146.0,66,1,2022-08-02 09:04:18
1659431059683629000,146.0,1,145.5,33,146.0,64,1,2022-08-02 09:04:19
1659431060268154000,146.0,43,145.5,33,146.0,21,1,2022-08-02 09:04:20
1659431060385360000,146.0,1,145.5,34,146.0,21,1,2022-08-02 09:04:20
1659431060702576000,146.0,3,145.5,34,146.0,17,1,2022-08-02 09:04:20
1659431061006948000,146.0,3,145.5,34,146.0,14,1,2022-08-02 09:04:21
1659431061218849000,146.0,3,145.5,35,146.0,11,1,2022-08-02 09:04:21
1659431061225592000,146.0,3,145.5,35,146.0,8,1,2022-08-02 09:04:21
1659431061256047000,146.0,1,145.5,35,146.0,7,1,2022-08-02 09:04:21
1659431061352602000,146.0,5,145.5,35,146.0,2,1,2022-08-02 09:04:21
1659431061368366000,146.0,2,146.0,3,146.5,67,1,2022-08-02 09:04:21
1659431064266100000,146.5,1,146.0,20,146.5,45,1,2022-08-02 09:04:24
1659431064487181000,146.5,1,146.0,20,146.5,45,1,2022-08-02 09:04:24
1659431064708496000,146.0,3,146.0,17,146.5,44,2,2022-08-02 09:04:24
1659431064746452000,146.5,43,146.0,17,146.5,1,1,2022-08-02 09:04:24
1659431064864154000,146.0,1,146.0,20,146.5,1,2,2022-08-02 09:04:24
1659431064898370000,146.0,1,146.0,21,146.5,1,2,2022-08-02 09:04:24
1659431066118050000,146.0,5,146.0,26,146.5,6,2,2022-08-02 09:04:26
1659431066597721000,146.0,1,146.0,35,146.5,7,2,2022-08-02 09:04:26
1659431066630798000,146.5,1,146.0,35,146.5,6,1,2022-08-02 09:04:26
1659431066803369000,146.5,2,146.0,36,146.5,5,1,2022-08-02 09:04:26
1659431067121102000,146.5,2,146.0,40,146.5,3,1,2022-08-02 09:04:27
1659431067166540000,146.0,5,146.0,36,146.5,3,2,2022-08-02 09:04:27
1659431067657000000,146.5,2,146.0,40,146.5,1,1,2022-08-02 09:04:27
1659431068670539000,146.5,1,146.0,46,146.5,7,1,2022-08-02 09:04:28
1659431068950355000,146.5,1,146.0,47,146.5,7,1,2022-08-02 09:04:28
1659431068962923000,146.5,1,146.0,47,146.5,8,1,2022-08-02 09:04:28
1659431069317169000,146.5,1,146.0,49,146.5,8,1,2022-08-02 09:04:29
1659431069380400000,146.5,5,146.0,49,146.5,4,1,2022-08-02 09:04:29
1659431069512524000,146.5,1,146.0,49,146.5,4,1,2022-08-02 09:04:29
1659431069719525000,146.5,4,146.0,50,146.5,1,1,2022-08-02 09:04:29
1659431069752593000,146.5,1,146.0,50,147.0,58,1,2022-08-02 09:04:29
1659431069860893000,147.0,1,146.0,53,147.0,62,1,2022-08-02 09:04:29
1659431070313550000,146.5,1,146.5,2,147.0,64,2,2022-08-02 09:04:30
1659431070484709000,146.5,1,146.5,2,147.0,60,2,2022-08-02 09:04:30
1659431070656604000,146.5,1,146.5,1,147.0,59,2,2022-08-02 09:04:30
1659431071004002000,146.5,1,146.5,2,147.0,59,2,2022-08-02 09:04:31
1659431071086747000,146.5,1,146.5,3,147.0,59,2,2022-08-02 09:04:31
1659431071851519000,147.0,1,146.5,15,147.0,72,1,2022-08-02 09:04:31
1659431072858809000,146.5,2,146.5,15,147.0,68,2,2022-08-02 09:04:32
1659431072896358000,147.0,1,146.5,15,147.0,67,1,2022-08-02 09:04:32
1659431073369568000,147.0,3,146.5,18,147.0,64,1,2022-08-02 09:04:33
1659431073403121000,146.5,1,146.5,17,147.0,64,2,2022-08-02 09:04:33
1659431073514148000,146.5,1,146.5,19,147.0,64,2,2022-08-02 09:04:33
1659431073564549000,147.0,1,146.5,20,147.0,64,1,2022-08-02 09:04:33
1659431074705164000,147.0,2,146.5,24,147.0,61,1,2022-08-02 09:04:34
1659431074811451000,147.0,1,146.5,27,147.0,60,1,2022-08-02 09:04:34
1659431075229242000,147.0,1,146.5,30,147.0,59,1,2022-08-02 09:04:35
1659431076190875000,147.0,1,146.5,32,147.0,59,1,2022-08-02 09:04:36
1659431076612559000,147.0,1,146.5,37,147.0,59,1,2022-08-02 09:04:36
1659431076966754000,146.5,1,146.5,38,147.0,59,2,2022-08-02 09:04:36
1659431077101431000,146.5,38,146.0,55,147.0,59,2,2022-08-02 09:04:37
1659431077140558000,146.5,1,146.0,55,147.0,63,2,2022-08-02 09:04:37
1659431077164852000,146.5,1,146.0,54,147.0,62,1,2022-08-02 09:04:37
1659431077194847000,146.5,1,146.0,53,147.0,62,1,2022-08-02 09:04:37
1659431077218018000,147.0,1,146.0,53,147.0,61,1,2022-08-02 09:04:37
1659431077421040000,147.0,1,146.0,53,147.0,60,1,2022-08-02 09:04:37
1659431077843172000,146.5,1,146.0,53,147.0,61,2,2022-08-02 09:04:37
1659431078068713000,147.0,4,146.0,53,147.0,61,1,2022-08-02 09:04:38
1659431078209350000,147.0,1,146.0,49,147.0,56,1,2022-08-02 09:04:38
1659431078349757000,146.5,1,146.0,50,147.0,56,2,2022-08-02 09:04:38
1659431078599192000,147.0,1,146.0,50,147.0,55,1,2022-08-02 09:04:38
1659431078944501000,147.0,1,146.5,3,147.0,65,1,2022-08-02 09:04:38
1659431079039287000,147.0,1,146.5,3,147.0,68,1,2022-08-02 09:04:39
1659431079204377000,146.5,3,146.0,51,146.5,1,2,2022-08-02 09:04:39
1659431079308164000,146.5,1,146.0,51,147.0,66,1,2022-08-02 09:04:39
1659431079423490000,146.5,1,146.0,51,146.5,1,2,2022-08-02 09:04:39
1659431079443795000,146.5,1,146.5,1,147.0,67,1,2022-08-02 09:04:39
1659431079584613000,146.5,2,146.5,6,147.0,69,2,2022-08-02 09:04:39
1659431079661107000,147.0,1,146.5,4,147.0,70,1,2022-08-02 09:04:39
1659431079799978000,147.0,1,146.5,4,147.0,69,1,2022-08-02 09:04:39
1659431079874626000,146.5,1,146.5,3,147.0,69,2,2022-08-02 09:04:39
1659431080018913000,147.0,1,146.5,6,147.0,68,1,2022-08-02 09:04:40
1659431080159335000,146.5,5,146.5,1,147.0,68,2,2022-08-02 09:04:40
1659431080189559000,147.0,1,146.5,1,147.0,67,1,2022-08-02 09:04:40
1659431080510710000,147.0,1,146.5,2,147.0,72,1,2022-08-02 09:04:40
1659431080526097000,146.5,1,146.5,2,147.0,73,2,2022-08-02 09:04:40
1659431080755975000,147.0,1,146.5,1,147.0,70,1,2022-08-02 09:04:40
1659431080796583000,147.0,1,146.5,1,147.0,74,1,2022-08-02 09:04:40
1659431081558102000,147.0,1,146.5,2,147.0,77,1,2022-08-02 09:04:41
1659431081614430000,147.0,1,146.5,2,147.0,75,1,2022-08-02 09:04:41
1659431081652804000,146.5,1,146.5,1,147.0,75,2,2022-08-02 09:04:41
1659431081729545000,146.5,1,146.0,46,147.0,75,2,2022-08-02 09:04:41
1659431081756284000,146.5,1,146.5,4,147.0,75,1,2022-08-02 09:04:41
1659431082043944000,147.0,1,146.5,4,147.0,81,1,2022-08-02 09:04:42
1659431082327609000,147.0,1,146.5,6,147.0,78,1,2022-08-02 09:04:42
1659431082339218000,147.0,1,146.5,6,147.0,77,1,2022-08-02 09:04:42
1659431082346899000,146.5,1,146.5,5,147.0,77,2,2022-08-02 09:04:42
1659431083049659000,147.0,1,146.5,6,147.0,79,1,2022-08-02 09:04:43
1659431083688881000,146.5,4,146.5,3,147.0,78,2,2022-08-02 09:04:43
1659431084452916000,147.0,1,146.5,10,147.0,79,1,2022-08-02 09:04:44
1659431084603837000,147.0,1,146.5,11,147.0,79,1,2022-08-02 09:04:44
1659431084920503000,147.0,3,146.5,11,147.0,77,1,2022-08-02 09:04:44
1659431084957649000,146.5,2,146.5,9,147.0,78,2,2022-08-02 09:04:44
1659431085027715000,147.0,3,146.5,11,147.0,75,1,2022-08-02 09:04:45
1659431086122397000,146.5,1,146.5,10,147.0,81,2,2022-08-02 09:04:46
1659431086218818000,147.0,5,146.5,10,147.0,76,1,2022-08-02 09:04:46
1659431087119195000,147.0,1,146.5,10,147.0,78,1,2022-08-02 09:04:47
1659431087321650000,146.5,2,146.5,12,147.0,85,2,2022-08-02 09:04:47
1659431087708133000,147.0,4,146.5,10,147.0,81,1,2022-08-02 09:04:47
1659431088381362000,146.5,2,146.5,14,147.0,82,2,2022-08-02 09:04:48
1659431089823644000,147.0,20,146.5,19,147.0,53,1,2022-08-02 09:04:49
1659431090585459000,146.5,2,146.5,22,147.0,57,2,2022-08-02 09:04:50
1659431090628163000,147.0,1,146.5,19,147.0,57,1,2022-08-02 09:04:50
1659431090645067000,146.5,5,146.5,14,147.0,57,2,2022-08-02 09:04:50
1659431090859089000,146.5,5,146.5,12,147.0,56,2,2022-08-02 09:04:50
1659431090958889000,147.0,10,146.5,12,147.0,46,1,2022-08-02 09:04:50
1659431091071855000,147.0,1,146.5,12,147.0,46,1,2022-08-02 09:04:51
1659431091662880000,147.0,1,146.5,12,147.0,61,1,2022-08-02 09:04:51
1659431091776358000,147.0,1,146.5,13,147.0,61,1,2022-08-02 09:04:51
1659431091885299000,147.0,1,146.5,13,147.0,60,1,2022-08-02 09:04:51
1659431091900844000,146.5,2,146.5,13,147.0,62,2,2022-08-02 09:04:51
1659431092445818000,147.0,1,146.5,15,147.0,59,1,2022-08-02 09:04:52
1659431092716243000,147.0,2,146.5,16,147.0,60,1,2022-08-02 09:04:52
1659431094327492000,147.0,1,146.5,22,147.0,60,1,2022-08-02 09:04:54
1659431094413713000,147.0,1,146.5,22,147.0,59,1,2022-08-02 09:04:54
1659431094531983000,147.0,2,146.5,24,147.0,59,1,2022-08-02 09:04:54
1659431094618714000,147.0,1,146.5,24,147.0,56,1,2022-08-02 09:04:54
1659431095257908000,147.0,1,146.5,24,147.0,86,1,2022-08-02 09:04:55
1659431095402513000,146.5,1,146.5,23,147.0,85,2,2022-08-02 09:04:55
1659431095969797000,147.0,1,146.5,25,147.0,87,1,2022-08-02 09:04:55
1659431097090122000,147.0,1,146.5,31,147.0,86,1,2022-08-02 09:04:57
1659431098431308000,147.0,1,146.5,32,147.0,95,1,2022-08-02 09:04:58
1659431098802445000,146.5,20,146.5,13,147.0,94,2,2022-08-02 09:04:58
1659431098834362000,146.5,13,146.0,50,147.0,98,2,2022-08-02 09:04:58
1659431098910615000,146.5,1,146.0,51,147.0,97,1,2022-08-02 09:04:58
1659431100006121000,146.5,1,146.0,51,146.5,7,1,2022-08-02 09:05:00
1659431100019393000,146.0,1,146.0,51,146.5,8,2,2022-08-02 09:05:00
1659431100071600000,146.0,3,146.0,47,146.5,7,2,2022-08-02 09:05:00
1659431100075839000,146.5,1,146.0,47,146.5,6,1,2022-08-02 09:05:00
1659431100131511000,146.5,7,146.5,3,147.0,97,1,2022-08-02 09:05:00
1659431100171987000,146.5,3,146.0,47,147.0,98,2,2022-08-02 09:05:00
1659431100309107000,147.0,1,146.5,1,147.0,103,1,2022-08-02 09:05:00
1659431100411512000,146.5,1,146.0,48,146.5,5,2,2022-08-02 09:05:00
1659431100980912000,146.0,48,145.5,32,146.5,17,2,2022-08-02 09:05:00
1659431101491036000,146.0,2,145.5,32,146.0,4,1,2022-08-02 09:05:01
1659431101625917000,146.0,1,145.5,32,146.5,94,1,2022-08-02 09:05:01
1659431102428301000,145.5,25,145.5,6,146.0,6,2,2022-08-02 09:05:02
1659431102463440000,145.5,6,145.0,30,146.0,6,2,2022-08-02 09:05:02
1659431102882765000,145.5,1,145.0,30,146.0,6,1,2022-08-02 09:05:02
1659431103010510000,146.0,1,145.0,29,146.0,6,1,2022-08-02 09:05:03
1659431103042211000,146.0,1,145.0,29,146.0,7,1,2022-08-02 09:05:03
1659431103277951000,145.0,1,145.0,28,146.0,6,2,2022-08-02 09:05:03
1659431103712560000,145.0,1,145.0,27,146.0,8,2,2022-08-02 09:05:03
1659431104530662000,146.0,2,145.5,43,146.0,18,1,2022-08-02 09:05:04
1659431104591296000,145.5,1,145.5,42,146.0,16,2,2022-08-02 09:05:04
1659431105196866000,146.0,10,145.5,44,146.0,3,1,2022-08-02 09:05:05
1659431105951700000,146.0,1,145.5,45,146.0,4,1,2022-08-02 09:05:05
1659431107769155000,146.0,1,145.5,45,146.0,2,1,2022-08-02 09:05:07
1659431107774407000,146.0,2,146.0,3,146.5,94,1,2022-08-02 09:05:07
1659431107818132000,146.0,3,145.5,45,146.5,95,2,2022-08-02 09:05:07
1659431110002499000,145.5,1,145.5,49,146.0,14,2,2022-08-02 09:05:10
1659431110345565000,146.0,1,145.5,49,146.0,16,1,2022-08-02 09:05:10
1659431110422518000,146.0,1,145.5,49,146.0,15,1,2022-08-02 09:05:10
1659431110447170000,146.0,1,145.5,50,146.0,15,1,2022-08-02 09:05:10
1659431111096084000,146.0,1,145.5,70,146.0,16,1,2022-08-02 09:05:11
1659431113491052000,146.0,1,145.5,77,146.0,21,1,2022-08-02 09:05:13
1659431113654097000,146.0,1,145.5,77,146.0,24,1,2022-08-02 09:05:13
1659431114455094000,146.0,1,145.5,80,146.0,25,1,2022-08-02 09:05:14
1659431115632112000,146.0,29,146.0,14,146.5,79,1,2022-08-02 09:05:15
1659431115657098000,146.0,14,146.0,1,146.5,79,2,2022-08-02 09:05:15
1659431116092378000,145.5,2,145.5,85,146.5,79,2,2022-08-02 09:05:16
1659431117336566000,146.0,1,146.0,3,146.5,78,2,2022-08-02 09:05:17
1659431119769599000,146.0,1,146.0,27,146.5,70,2,2022-08-02 09:05:19
1659431120134755000,146.0,1,146.0,27,146.5,69,2,2022-08-02 09:05:20
1659431120403206000,146.0,6,146.0,20,146.5,69,2,2022-08-02 09:05:20
1659431121009159000,146.0,3,146.0,21,146.5,69,2,2022-08-02 09:05:21
1659431123642086000,146.0,1,146.0,111,146.5,69,2,2022-08-02 09:05:23
1659431123774273000,146.5,1,146.0,111,146.5,68,1,2022-08-02 09:05:23
1659431124361831000,146.0,1,146.0,111,146.5,68,2,2022-08-02 09:05:24
1659431125404469000,146.0,2,146.0,111,146.5,68,2,2022-08-02 09:05:25
1659431125850154000,146.5,10,146.0,111,146.5,58,1,2022-08-02 09:05:25
1659431125874324000,146.5,1,146.0,111,146.5,57,1,2022-08-02 09:05:25
1659431126505743000,146.5,1,146.0,111,146.5,53,1,2022-08-02 09:05:26
1659431127433081000,146.5,1,146.0,111,146.5,54,1,2022-08-02 09:05:27
1659431129090912000,146.5,1,146.0,113,146.5,54,1,2022-08-02 09:05:29
1659431129771031000,146.5,1,146.0,115,146.5,53,1,2022-08-02 09:05:29
1659431130204142000,146.5,2,146.0,117,146.5,51,1,2022-08-02 09:05:30
1659431131376056000,146.5,1,146.0,117,146.5,56,1,2022-08-02 09:05:31
1659431131971033000,146.5,1,146.0,135,146.5,55,1,2022-08-02 09:05:31
1659431134222320000,146.5,1,146.0,137,146.5,55,1,2022-08-02 09:05:34
1659431134414106000,146.5,1,146.0,137,146.5,54,1,2022-08-02 09:05:34
1659431134821111000,146.5,1,146.0,134,146.5,55,1,2022-08-02 09:05:34
1659431134890972000,146.5,5,146.0,134,146.5,50,1,2022-08-02 09:05:34
1659431135311749000,146.5,1,146.0,135,146.5,53,1,2022-08-02 09:05:35
1659431135882343000,146.5,20,146.0,136,146.5,34,1,2022-08-02 09:05:35
1659431135931163000,146.5,1,146.0,137,146.5,32,1,2022-08-02 09:05:35
1659431136191778000,146.5,1,146.0,137,146.5,31,1,2022-08-02 09:05:36
1659431136343928000,146.5,1,146.0,137,146.5,30,1,2022-08-02 09:05:36
1659431136542546000,146.5,1,146.0,137,146.5,31,1,2022-08-02 09:05:36
1659431136835585000,146.5,5,146.0,137,146.5,24,1,2022-08-02 09:05:36
1659431136979600000,146.5,2,146.0,138,146.5,22,1,2022-08-02 09:05:36
1659431137440523000,146.5,1,146.0,142,146.5,21,1,2022-08-02 09:05:37
1659431137441685000,146.5,5,146.0,142,146.5,22,1,2022-08-02 09:05:37
1659431137662188000,146.5,2,146.0,142,146.5,15,1,2022-08-02 09:05:37
1659431137719505000,146.5,1,146.0,142,146.5,14,1,2022-08-02 09:05:37
1659431137979282000,146.5,14,146.5,36,147.0,136,1,2022-08-02 09:05:37
1659431138030018000,147.0,1,146.5,37,147.0,136,1,2022-08-02 09:05:38
1659431139056662000,146.5,1,146.5,52,147.0,136,2,2022-08-02 09:05:39
1659431140384267000,146.5,1,146.5,63,147.0,138,2,2022-08-02 09:05:40
1659431142427326000,146.5,1,146.5,76,147.0,144,2,2022-08-02 09:05:42
1659431147097833000,147.0,10,146.5,89,147.0,139,1,2022-08-02 09:05:47
1659431148618436000,147.0,1,146.5,91,147.0,143,1,2022-08-02 09:05:48
1659431150913978000,147.0,1,146.5,101,147.0,145,1,2022-08-02 09:05:50
1659431151768901000,147.0,5,146.5,100,147.0,140,1,2022-08-02 09:05:51
1659431151821681000,147.0,5,146.5,100,147.0,135,1,2022-08-02 09:05:51
1659431152691467000,146.5,37,146.5,66,147.0,138,2,2022-08-02 09:05:52
1659431152692085000,146.5,1,146.5,65,147.0,138,2,2022-08-02 09:05:52
1659431152728798000,146.5,12,146.5,53,147.0,138,2,2022-08-02 09:05:52
1659431152733683000,146.5,1,146.5,52,147.0,138,2,2022-08-02 09:05:52
1659431152741122000,146.5,7,146.5,45,147.0,138,2,2022-08-02 09:05:52
1659431152779351000,146.5,3,146.5,42,147.0,138,2,2022-08-02 09:05:52
1659431152998070000,146.5,2,146.5,42,147.0,132,2,2022-08-02 09:05:52
1659431153734829000,146.5,1,146.5,47,147.0,131,2,2022-08-02 09:05:53
1659431153893592000,146.5,47,146.0,141,146.5,53,2,2022-08-02 09:05:53
1659431154851989000,146.0,1,146.0,139,146.5,54,2,2022-08-02 09:05:54
1659431155293489000,146.5,1,146.0,54,146.5,58,1,2022-08-02 09:05:55
1659431155604142000,146.5,1,146.0,54,146.5,55,1,2022-08-02 09:05:55
1659431156435283000,146.5,1,146.0,53,146.5,66,1,2022-08-02 09:05:56
1659431156441069000,146.5,1,146.0,53,146.5,65,1,2022-08-02 09:05:56
1659431156822017000,146.5,1,146.0,53,146.5,64,1,2022-08-02 09:05:56
1659431158027050000,146.0,1,146.0,54,146.5,25,2,2022-08-02 09:05:58
1659431158218089000,146.5,1,146.0,54,146.5,25,1,2022-08-02 09:05:58
1659431158235147000,146.5,2,146.0,54,146.5,23,1,2022-08-02 09:05:58
1659431158485717000,146.5,1,146.0,55,146.5,23,1,2022-08-02 09:05:58
1659431158588838000,146.5,1,146.0,55,146.5,21,1,2022-08-02 09:05:58
1659431159117235000,146.0,1,146.0,54,146.5,22,2,2022-08-02 09:05:59
1659431159524286000,146.0,5,146.0,51,146.5,24,2,2022-08-02 09:05:59
1659431159907987000,146.5,2,146.0,52,146.5,34,1,2022-08-02 09:05:59
1659431159975581000,146.5,30,146.0,52,146.5,34,1,2022-08-02 09:05:59
1659431160421845000,146.5,1,146.0,52,146.5,6,1,2022-08-02 09:06:00
1659431160709243000,146.5,1,146.0,52,146.5,5,1,2022-08-02 09:06:00
1659431160747785000,146.5,1,146.0,52,146.5,5,1,2022-08-02 09:06:00
1659431161386859000,146.0,2,146.0,51,146.5,6,2,2022-08-02 09:06:01
1659431161432892000,146.0,1,146.0,50,146.5,6,2,2022-08-02 09:06:01
1659431161540132000,146.0,2,146.0,49,146.5,6,2,2022-08-02 09:06:01
1659431162906505000,146.5,1,146.0,48,146.5,9,1,2022-08-02 09:06:02
1659431163108631000,146.5,1,146.0,49,146.5,8,1,2022-08-02 09:06:03
1659431163130839000,146.5,1,146.0,49,146.5,7,1,2022-08-02 09:06:03
1659431163147461000,146.0,2,146.0,47,146.5,7,2,2022-08-02 09:06:03
1659431163222463000,146.5,1,146.0,47,146.5,6,1,2022-08-02 09:06:03
1659431163490848000,146.5,1,146.0,47,146.5,7,1,2022-08-02 09:06:03
1659431163577672000,146.5,1,146.0,47,146.5,5,1,2022-08-02 09:06:03
1659431163798039000,146.5,1,146.0,47,146.5,4,1,2022-08-02 09:06:03
1659431163815182000,146.0,4,146.0,43,146.5,4,2,2022-08-02 09:06:03
1659431163874596000,146.5,1,146.0,43,146.5,5,1,2022-08-02 09:06:03
1659431164240010000,146.0,1,146.0,42,146.5,6,2,2022-08-02 09:06:04
1659431164281532000,146.5,1,146.0,42,146.5,5,1,2022-08-02 09:06:04
1659431164535832000,146.5,3,146.0,42,146.5,6,1,2022-08-02 09:06:04
1659431164633374000,146.0,1,146.0,41,146.5,2,2,2022-08-02 09:06:04
1659431165384521000,146.0,15,146.0,26,146.5,18,2,2022-08-02 09:06:05
1659431165384705000,146.0,26,145.5,38,146.5,18,2,2022-08-02 09:06:05
1659431166149208000,146.0,1,145.5,37,146.5,30,2,2022-08-02 09:06:06
1659431166309667000,146.5,1,145.5,42,146.5,30,1,2022-08-02 09:06:06
1659431167155202000,146.0,1,145.5,38,146.5,31,2,2022-08-02 09:06:07
1659431167337587000,146.0,1,145.5,38,146.5,32,2,2022-08-02 09:06:07
1659431167875780000,146.0,1,146.0,3,146.5,35,2,2022-08-02 09:06:07
1659431169019136000,146.0,1,146.0,5,146.5,42,2,2022-08-02 09:06:09
1659431169469782000,146.0,4,145.5,37,146.0,6,2,2022-08-02 09:06:09
1659431169508940000,145.5,1,145.5,32,146.0,6,2,2022-08-02 09:06:09
1659431169689938000,146.0,1,145.5,32,146.0,5,1,2022-08-02 09:06:09
1659431170601680000,145.5,6,145.5,26,146.0,8,2,2022-08-02 09:06:10
1659431171311131000,146.0,5,145.5,26,146.0,8,1,2022-08-02 09:06:11
1659431171962287000,146.0,1,145.5,27,146.0,7,1,2022-08-02 09:06:11
1659431172478596000,146.0,1,145.5,28,146.0,7,1,2022-08-02 09:06:12
1659431173220435000,146.0,1,145.5,37,146.0,5,1,2022-08-02 09:06:13
1659431173874772000,146.0,1,145.5,37,146.5,47,2,2022-08-02 09:06:13
1659431175929850000,145.5,2,145.5,44,146.0,1,2,2022-08-02 09:06:15
1659431176396085000,146.0,1,145.5,42,146.0,1,1,2022-08-02 09:06:16
1659431179129083000,146.0,4,145.5,42,146.0,4,1,2022-08-02 09:06:19
1659431179526299000,145.5,2,145.5,43,146.0,5,2,2022-08-02 09:06:19
1659431180021774000,145.5,1,145.5,41,146.0,5,2,2022-08-02 09:06:20
1659431182368001000,146.0,5,145.5,39,146.0,8,1,2022-08-02 09:06:22
1659431182757286000,145.5,2,145.5,38,146.0,7,2,2022-08-02 09:06:22
1659431182790705000,145.5,1,145.5,37,146.0,7,2,2022-08-02 09:06:22
1659431185006778000,146.0,1,145.5,40,146.0,8,1,2022-08-02 09:06:25
1659431185780436000,146.0,1,145.5,41,146.0,7,1,2022-08-02 09:06:25
1659431186155496000,146.0,3,145.5,41,146.0,5,1,2022-08-02 09:06:26
1659431186566797000,146.0,1,145.5,41,146.0,6,1,2022-08-02 09:06:26
1659431187774403000,146.0,1,145.5,41,146.0,5,1,2022-08-02 09:06:27
1659431188470082000,146.0,1,145.5,42,146.0,6,1,2022-08-02 09:06:28
1659431192966865000,146.0,1,145.5,46,146.0,12,1,2022-08-02 09:06:32
1659431193526755000,146.0,1,145.5,46,146.0,12,1,2022-08-02 09:06:33
1659431193746362000,146.0,1,145.5,46,146.0,12,1,2022-08-02 09:06:33
1659431195818888000,146.0,1,145.5,47,146.0,23,1,2022-08-02 09:06:35
1659431196493335000,146.0,1,145.5,50,146.0,23,1,2022-08-02 09:06:36
1659431197851784000,146.0,4,145.5,49,146.0,18,1,2022-08-02 09:06:37
1659431197867604000,146.0,1,145.5,49,146.0,17,1,2022-08-02 09:06:37
1659431197889679000,145.5,1,145.5,48,146.0,17,2,2022-08-02 09:06:37
1659431198692019000,146.0,2,145.5,48,146.0,18,1,2022-08-02 09:06:38
1659431202430408000,145.5,2,145.5,47,146.0,26,2,2022-08-02 09:06:42
1659431208284316000,146.0,1,145.5,57,146.0,32,1,2022-08-02 09:06:48
1659431215147023000,146.0,2,145.5,62,146.0,35,1,2022-08-02 09:06:55
1659431218277802000,146.0,3,145.5,68,146.0,33,1,2022-08-02 09:06:58
1659431218508374000,146.0,1,145.5,68,146.0,32,1,2022-08-02 09:06:58
1659431222859335000,146.0,2,145.5,70,146.0,31,1,2022-08-02 09:07:02
1659431224091392000,145.5,1,145.5,69,146.0,33,2,2022-08-02 09:07:04
1659431224122326000,145.5,1,145.5,68,146.0,33,2,2022-08-02 09:07:04
1659431226241869000,146.0,2,145.5,69,146.0,31,1,2022-08-02 09:07:06
1659431227348401000,146.0,1,145.5,69,146.0,33,1,2022-08-02 09:07:07
1659431227405717000,146.0,1,145.5,69,146.0,32,1,2022-08-02 09:07:07
1659431227533422000,146.0,1,145.5,69,146.0,31,1,2022-08-02 09:07:07
1659431230666356000,146.0,1,145.5,70,146.0,29,1,2022-08-02 09:07:10
1659431232211872000,146.0,2,145.5,71,146.0,30,1,2022-08-02 09:07:12
1659431232526902000,146.0,5,145.5,71,146.0,33,1,2022-08-02 09:07:12
1659431232924054000,145.5,1,145.5,71,146.0,28,2,2022-08-02 09:07:12
1659431233421556000,146.0,3,145.5,70,146.0,28,1,2022-08-02 09:07:13
1659431234804190000,145.5,3,145.5,68,146.0,25,2,2022-08-02 09:07:14
1659431236214876000,146.0,1,145.5,69,146.0,30,1,2022-08-02 09:07:16
1659431238166574000,145.5,5,145.5,66,146.0,31,2,2022-08-02 09:07:18
1659431242241596000,145.5,1,145.5,90,146.0,33,2,2022-08-02 09:07:22
1659431246380113000,146.0,34,146.0,11,146.5,85,1,2022-08-02 09:07:26
1659431246666642000,146.0,1,146.0,11,146.5,84,2,2022-08-02 09:07:26
1659431246730813000,146.0,2,146.0,9,146.5,84,2,2022-08-02 09:07:26
1659431248919397000,146.0,1,146.0,15,146.5,86,2,2022-08-02 09:07:28
1659431250173011000,146.0,2,146.0,16,146.5,86,2,2022-08-02 09:07:30
1659431251229680000,146.0,1,146.0,19,146.5,89,2,2022-08-02 09:07:31
1659431253107957000,146.0,1,146.0,18,146.5,90,2,2022-08-02 09:07:33
1659431256468686000,146.0,6,146.0,20,146.5,91,2,2022-08-02 09:07:36
1659431256555262000,146.0,1,146.0,18,146.5,91,2,2022-08-02 09:07:36
1659431257535962000,146.0,1,146.0,20,146.5,91,2,2022-08-02 09:07:37
1659431257769742000,146.0,1,146.0,19,146.5,91,2,2022-08-02 09:07:37
1659431261251789000,146.0,1,146.0,20,146.5,86,2,2022-08-02 09:07:41
1659431264427565000,146.0,1,146.0,23,146.5,92,2,2022-08-02 09:07:44
1659431264979219000,146.5,1,146.0,22,146.5,92,1,2022-08-02 09:07:44
1659431266149803000,146.0,4,146.0,18,146.5,91,2,2022-08-02 09:07:46
1659431266272331000,146.0,1,146.0,16,146.5,91,2,2022-08-02 09:07:46
1659431266276576000,146.0,1,146.0,15,146.5,91,2,2022-08-02 09:07:46
1659431267131435000,146.0,2,146.0,13,146.5,91,2,2022-08-02 09:07:47
1659431267644374000,146.0,1,146.0,13,146.5,91,2,2022-08-02 09:07:47
1659431268971935000,146.0,1,146.0,14,146.5,91,2,2022-08-02 09:07:48
1659431269998109000,146.0,1,146.0,13,146.5,92,2,2022-08-02 09:07:49
1659431270255231000,146.0,13,145.5,96,146.0,7,2,2022-08-02 09:07:50
1659431270372081000,145.5,1,145.5,95,146.0,7,2,2022-08-02 09:07:50
1659431271257506000,146.0,2,145.5,93,146.0,12,1,2022-08-02 09:07:51
1659431272004778000,146.0,1,145.5,92,146.0,22,1,2022-08-02 09:07:52
1659431276364178000,146.0,2,145.5,100,146.0,29,1,2022-08-02 09:07:56
1659431276951424000,146.0,10,145.5,100,146.0,19,1,2022-08-02 09:07:56
1659431280096579000,146.0,1,145.5,101,146.0,27,1,2022-08-02 09:08:00
1659431280391880000,146.0,1,145.5,101,146.0,26,1,2022-08-02 09:08:00
1659431282203664000,146.0,1,145.5,100,146.0,25,1,2022-08-02 09:08:02
1659431287174677000,145.5,43,145.5,33,146.0,35,2,2022-08-02 09:08:07
1659431287208611000,145.5,3,145.5,30,146.0,35,2,2022-08-02 09:08:07
1659431287208767000,145.5,20,145.5,10,146.0,35,2,2022-08-02 09:08:07
1659431287208809000,145.5,8,145.5,2,146.0,35,2,2022-08-02 09:08:07
1659431287208879000,145.5,2,145.0,97,146.0,35,2,2022-08-02 09:08:07
1659431287290361000,145.0,2,145.0,96,145.5,7,2,2022-08-02 09:08:07
1659431288690741000,145.5,1,145.0,93,145.5,6,1,2022-08-02 09:08:08
1659431290078299000,145.0,1,145.0,90,145.5,5,2,2022-08-02 09:08:10
1659431291558854000,145.5,1,145.0,89,145.5,6,1,2022-08-02 09:08:11
1659431291643750000,145.0,1,145.0,84,145.5,6,2,2022-08-02 09:08:11
1659431291687487000,145.0,1,145.0,82,145.5,6,2,2022-08-02 09:08:11
1659431292018736000,145.0,45,145.0,37,145.5,6,2,2022-08-02 09:08:12
1659431292043665000,145.5,1,145.0,37,145.5,5,1,2022-08-02 09:08:12
1659431292052040000,145.0,30,145.0,6,145.5,5,2,2022-08-02 09:08:12
1659431292053996000,145.0,1,145.0,5,145.5,5,2,2022-08-02 09:08:12
1659431292059288000,145.0,1,145.0,4,145.5,9,2,2022-08-02 09:08:12
1659431292070649000,145.0,1,145.0,3,145.5,9,2,2022-08-02 09:08:12
1659431292078451000,145.0,1,145.0,2,145.5,9,2,2022-08-02 09:08:12
1659431292096590000,145.0,1,145.0,1,145.5,9,2,2022-08-02 09:08:12
1659431292096648000,145.0,1,144.5,29,145.5,9,2,2022-08-02 09:08:12
1659431293247867000,144.5,2,144.5,36,145.0,2,2,2022-08-02 09:08:13
1659431294573315000,144.5,1,144.5,33,145.0,2,2,2022-08-02 09:08:14
1659431299919250000,144.5,2,144.5,29,145.0,12,2,2022-08-02 09:08:19
1659431301069211000,145.0,5,144.5,28,145.0,9,1,2022-08-02 09:08:21
1659431302874115000,144.5,10,144.5,20,145.0,10,2,2022-08-02 09:08:22
1659431303352264000,144.5,1,144.5,20,145.0,10,2,2022-08-02 09:08:23
1659431303404734000,145.0,5,144.5,21,145.0,10,1,2022-08-02 09:08:23
1659431305610153000,144.5,1,144.5,25,145.0,5,2,2022-08-02 09:08:25
1659431306151145000,145.0,2,144.5,25,145.0,4,1,2022-08-02 09:08:26
1659431310274859000,145.0,1,144.5,39,145.0,8,1,2022-08-02 09:08:30
1659431310434160000,145.0,1,144.5,39,145.0,7,1,2022-08-02 09:08:30
1659431310707886000,144.5,2,144.5,36,145.0,7,2,2022-08-02 09:08:30
1659431310982167000,145.0,2,144.5,36,145.0,8,1,2022-08-02 09:08:30
1659431311922948000,145.0,6,144.5,37,145.5,23,1,2022-08-02 09:08:31
1659431312262209000,145.0,1,144.5,43,145.5,26,2,2022-08-02 09:08:32
1659431312989372000,145.0,1,144.5,43,145.5,26,1,2022-08-02 09:08:32
1659431314047906000,145.0,2,144.5,40,145.5,18,2,2022-08-02 09:08:34
1659431314884897000,145.0,5,145.0,1,145.5,18,2,2022-08-02 09:08:34
1659431316555200000,145.0,2,145.0,5,145.5,19,2,2022-08-02 09:08:36
1659431321952558000,145.0,1,145.0,27,145.5,21,2,2022-08-02 09:08:41
1659431322683773000,145.0,1,145.0,29,145.5,31,2,2022-08-02 09:08:42
1659431322970330000,145.0,1,145.0,27,145.5,31,2,2022-08-02 09:08:42
1659431323842559000,145.0,1,145.0,27,145.5,31,2,2022-08-02 09:08:43
1659431329273072000,145.0,2,145.0,32,145.5,31,2,2022-08-02 09:08:49
1659431330636268000,145.0,1,145.0,33,145.5,34,2,2022-08-02 09:08:50
1659431332034138000,145.0,1,145.0,33,145.5,34,2,2022-08-02 09:08:52
1659431335262955000,145.0,5,145.0,30,145.5,40,2,2022-08-02 09:08:55
1659431336378202000,145.0,1,145.0,28,145.5,40,2,2022-08-02 09:08:56
1659431337451925000,145.0,1,145.0,26,145.5,40,2,2022-08-02 09:08:57
1659431338838161000,145.0,1,145.0,26,145.5,40,2,2022-08-02 09:08:58
1659431340154453000,145.0,2,145.0,26,145.5,40,2,2022-08-02 09:09:00
1659431340372293000,145.0,1,145.0,23,145.5,40,2,2022-08-02 09:09:00
1659431340583985000,145.0,1,145.0,24,145.5,40,2,2022-08-02 09:09:00
1659431341160389000,145.0,1,145.0,21,145.5,40,2,2022-08-02 09:09:01
1659431341663514000,145.0,10,145.0,27,145.5,40,2,2022-08-02 09:09:01
1659431343316330000,145.0,2,145.0,17,145.5,40,2,2022-08-02 09:09:03
1659431343683891000,145.0,1,145.0,18,145.5,42,2,2022-08-02 09:09:03
1659431343778124000,145.0,1,145.0,16,145.5,42,2,2022-08-02 09:09:03
1659431344235761000,145.0,1,145.0,15,145.5,42,2,2022-08-02 09:09:04
1659431344680442000,145.0,5,145.0,10,145.5,42,2,2022-08-02 09:09:04
1659431344718956000,145.0,1,145.0,9,145.5,42,2,2022-08-02 09:09:04
1659431345637878000,145.0,2,145.0,7,145.5,40,2,2022-08-02 09:09:05
1659431345638651000,145.0,1,145.0,9,145.5,40,2,2022-08-02 09:09:05
1659431346042786000,145.0,1,145.0,5,145.5,40,2,2022-08-02 09:09:06
1659431346146047000,145.0,2,145.0,3,145.5,40,2,2022-08-02 09:09:06
1659431346171143000,145.0,1,145.0,2,145.5,40,2,2022-08-02 09:09:06
1659431346928872000,145.0,1,145.0,1,145.5,40,2,2022-08-02 09:09:06
1659431348113386000,145.0,2,145.0,19,145.5,40,2,2022-08-02 09:09:08
1659431349123846000,145.0,1,145.0,18,145.5,40,2,2022-08-02 09:09:09
1659431351508383000,145.0,1,145.0,31,145.5,40,2,2022-08-02 09:09:11
1659431351725378000,145.0,2,145.0,29,145.5,40,2,2022-08-02 09:09:11
1659431351925588000,145.0,1,145.0,28,145.5,40,2,2022-08-02 09:09:11
1659431354730907000,145.0,1,145.0,68,145.5,40,2,2022-08-02 09:09:14
1659431354963517000,145.0,1,145.0,67,145.5,39,2,2022-08-02 09:09:14
1659431355915982000,145.0,1,145.0,66,145.5,36,2,2022-08-02 09:09:15
1659431356678323000,145.0,1,145.0,67,145.5,36,2,2022-08-02 09:09:16
1659431358567789000,145.5,1,145.0,67,145.5,35,1,2022-08-02 09:09:18
1659431359023917000,145.5,1,145.0,67,145.5,33,1,2022-08-02 09:09:19
1659431359377367000,145.5,23,145.0,77,145.5,10,1,2022-08-02 09:09:19
1659431359395913000,145.5,2,145.0,77,145.5,8,1,2022-08-02 09:09:19
1659431359395929000,145.5,8,145.0,77,146.0,61,1,2022-08-02 09:09:19
1659431359649161000,145.5,2,145.0,54,146.0,61,2,2022-08-02 09:09:19
1659431359649161000,145.0,27,145.0,54,146.0,61,2,2022-08-02 09:09:19
1659431359916026000,145.0,1,145.0,55,145.5,1,2,2022-08-02 09:09:19
1659431362432443000,145.5,1,145.5,99,146.0,60,1,2022-08-02 09:09:22
1659431362497044000,146.0,21,145.5,100,146.0,39,1,2022-08-02 09:09:22
1659431362568608000,146.0,2,145.5,100,146.0,37,1,2022-08-02 09:09:22
1659431362589025000,146.0,20,145.5,100,146.0,17,1,2022-08-02 09:09:22
1659431362616458000,146.0,1,145.5,100,146.0,16,1,2022-08-02 09:09:22
1659431362616745000,146.0,14,145.5,100,146.0,2,1,2022-08-02 09:09:22
1659431362617616000,146.0,2,145.5,100,146.5,84,1,2022-08-02 09:09:22
1659431364485455000,146.0,1,146.0,16,146.5,84,2,2022-08-02 09:09:24
1659431367837277000,146.5,1,146.0,17,146.5,83,1,2022-08-02 09:09:27
1659431368502196000,146.5,1,146.0,22,146.5,86,1,2022-08-02 09:09:28
1659431368666047000,146.0,1,146.0,22,146.5,86,2,2022-08-02 09:09:28
1659431370629378000,146.0,1,146.0,19,146.5,98,2,2022-08-02 09:09:30
1659431372801251000,146.0,1,146.0,20,146.5,93,2,2022-08-02 09:09:32
1659431373105784000,146.5,1,146.0,20,146.5,92,1,2022-08-02 09:09:33
1659431374313376000,146.0,1,146.0,19,146.5,93,2,2022-08-02 09:09:34
1659431375593907000,146.5,1,146.0,20,146.5,94,1,2022-08-02 09:09:35
1659431375921903000,146.0,1,146.0,19,146.5,96,2,2022-08-02 09:09:35
1659431377595188000,146.5,1,146.0,21,146.5,95,1,2022-08-02 09:09:37
1659431380207558000,146.0,1,146.0,23,146.5,96,2,2022-08-02 09:09:40
1659431382928687000,146.0,1,146.0,49,146.5,93,2,2022-08-02 09:09:42
1659431383859963000,146.0,30,146.0,20,146.5,95,2,2022-08-02 09:09:43
1659431385351635000,146.0,2,146.0,17,146.5,107,2,2022-08-02 09:09:45
1659431385562640000,146.0,1,145.5,106,146.5,107,2,2022-08-02 09:09:45
1659431386623101000,145.5,1,145.5,132,146.0,3,2,2022-08-02 09:09:46
1659431395580715000,146.0,1,145.5,133,146.0,32,1,2022-08-02 09:09:55
1659431397786455000,145.5,1,145.5,132,146.0,33,2,2022-08-02 09:09:57
1659431409828769000,146.0,1,145.5,35,146.0,50,1,2022-08-02 09:10:09
1659431414273672000,146.0,1,145.5,35,146.0,68,1,2022-08-02 09:10:14
1659431414475896000,146.0,1,145.5,35,146.0,67,1,2022-08-02 09:10:14
1659431415715500000,146.0,2,145.5,37,146.0,67,1,2022-08-02 09:10:15
1659431418439591000,146.0,10,145.5,38,146.0,56,1,2022-08-02 09:10:18
1659431420872136000,146.0,1,145.5,39,146.0,56,1,2022-08-02 09:10:20
1659431421001368000,146.0,1,145.5,39,146.0,55,1,2022-08-02 09:10:21
1659431422081424000,146.0,2,145.5,39,146.0,53,1,2022-08-02 09:10:22
1659431422222698000,146.0,2,145.5,39,146.0,51,1,2022-08-02 09:10:22
1659431422856188000,146.0,1,145.5,39,146.0,50,1,2022-08-02 09:10:22
1659431425442591000,146.0,2,145.5,39,146.0,48,1,2022-08-02 09:10:25
1659431428898283000,146.0,4,145.5,40,146.0,44,1,2022-08-02 09:10:28
1659431430694021000,146.0,2,145.5,40,146.0,42,1,2022-08-02 09:10:30
1659431430764420000,146.0,1,145.5,40,146.0,41,1,2022-08-02 09:10:30
1659431430834091000,146.0,1,145.5,40,146.0,40,1,2022-08-02 09:10:30
1659431430860481000,146.0,40,145.5,40,146.5,121,1,2022-08-02 09:10:30
1659431431442089000,146.0,1,146.0,1,146.5,122,2,2022-08-02 09:10:31
1659431437606447000,146.0,1,146.0,20,146.5,116,2,2022-08-02 09:10:37
1659431448693693000,146.0,1,146.0,49,146.5,112,2,2022-08-02 09:10:48
1659431448886286000,146.5,1,146.0,49,146.5,111,1,2022-08-02 09:10:48
1659431449654441000,146.0,10,146.0,68,146.5,110,2,2022-08-02 09:10:49
1659431449798360000,146.0,5,146.0,62,146.5,111,2,2022-08-02 09:10:49
1659431450822054000,146.0,1,146.0,62,146.5,111,2,2022-08-02 09:10:50
1659431453418668000,146.0,2,146.0,62,146.5,110,2,2022-08-02 09:10:53
1659431454663621000,146.0,1,146.0,61,146.5,111,2,2022-08-02 09:10:54
1659431455469608000,146.0,9,146.0,52,146.5,111,2,2022-08-02 09:10:55
1659431458335017000,146.0,1,146.0,44,146.5,113,2,2022-08-02 09:10:58
1659431459406685000,146.0,2,146.0,42,146.5,113,2,2022-08-02 09:10:59
1659431460537267000,146.0,2,146.0,39,146.5,113,2,2022-08-02 09:11:00
1659431460651821000,146.0,17,146.0,22,146.5,113,2,2022-08-02 09:11:00
1659431460651837000,146.0,5,146.0,17,146.5,113,2,2022-08-02 09:11:00
1659431460681905000,146.0,3,146.0,14,146.5,118,2,2022-08-02 09:11:00
1659431461108606000,146.0,1,146.0,14,146.5,118,2,2022-08-02 09:11:01
1659431461733622000,146.5,1,146.0,13,146.5,117,1,2022-08-02 09:11:01
1659431462279727000,146.0,2,146.0,11,146.5,117,2,2022-08-02 09:11:02
1659431462697446000,146.0,1,146.0,10,146.5,117,2,2022-08-02 09:11:02
1659431462879281000,146.0,1,146.0,9,146.5,116,2,2022-08-02 09:11:02
1659431462892072000,146.0,1,146.0,8,146.5,116,2,2022-08-02 09:11:02
1659431463097402000,146.0,1,146.0,7,146.5,116,2,2022-08-02 09:11:03
1659431463446651000,146.0,1,146.0,6,146.5,116,2,2022-08-02 09:11:03
1659431464222353000,146.0,1,146.0,5,146.5,117,2,2022-08-02 09:11:04
1659431465098423000,146.0,1,146.0,5,146.5,117,2,2022-08-02 09:11:05
1659431465297885000,146.0,1,146.0,5,146.5,117,2,2022-08-02 09:11:05
1659431465487495000,146.0,1,146.0,3,146.5,117,2,2022-08-02 09:11:05
1659431465799010000,146.0,1,146.0,3,146.5,118,2,2022-08-02 09:11:05
1659431465855990000,146.0,1,146.0,1,146.5,118,2,2022-08-02 09:11:05
1659431466113295000,146.0,1,145.5,52,146.5,118,2,2022-08-02 09:11:06
1659431471328831000,146.0,2,145.5,29,146.0,4,1,2022-08-02 09:11:11
1659431472119032000,146.0,4,146.0,1,146.5,117,1,2022-08-02 09:11:12
1659431473259708000,146.0,1,145.5,28,146.0,4,2,2022-08-02 09:11:13
1659431475111598000,146.0,2,145.5,27,146.0,3,1,2022-08-02 09:11:15
1659431481557126000,146.0,1,145.5,27,146.0,7,1,2022-08-02 09:11:21
1659431482560065000,145.5,2,145.5,25,146.0,7,2,2022-08-02 09:11:22
1659431483006919000,146.0,1,145.5,25,146.0,6,1,2022-08-02 09:11:23
1659431485923510000,146.0,1,145.5,25,146.0,7,1,2022-08-02 09:11:25
1659431486983100000,146.0,1,145.5,25,146.0,6,1,2022-08-02 09:11:26
1659431490058838000,146.0,1,145.5,26,146.0,7,1,2022-08-02 09:11:30
1659431490335787000,145.5,1,145.5,25,146.0,8,2,2022-08-02 09:11:30
1659431490501576000,146.0,1,145.5,25,146.0,12,1,2022-08-02 09:11:30
1659431491585312000,146.0,1,145.5,25,146.0,15,1,2022-08-02 09:11:31
1659431493284350000,146.0,1,145.5,26,146.0,21,1,2022-08-02 09:11:33
1659431501821717000,146.0,1,145.5,25,146.0,44,1,2022-08-02 09:11:41
1659431504429031000,146.0,1,145.5,25,146.0,43,1,2022-08-02 09:11:44
1659431507340593000,145.5,2,145.5,23,146.0,44,2,2022-08-02 09:11:47
1659431507417318000,145.5,18,145.5,5,146.0,44,2,2022-08-02 09:11:47
1659431507449865000,145.5,1,145.5,4,146.0,44,2,2022-08-02 09:11:47
1659431507453171000,145.5,1,145.5,3,146.0,44,2,2022-08-02 09:11:47
1659431507460827000,145.5,1,145.5,2,146.0,44,2,2022-08-02 09:11:47
1659431507480048000,145.5,1,145.5,1,146.0,44,2,2022-08-02 09:11:47
1659431507498846000,145.5,1,145.0,58,146.0,44,2,2022-08-02 09:11:47
1659431511793140000,145.5,2,145.0,59,146.0,46,1,2022-08-02 09:11:51
1659431513738224000,145.0,2,145.0,56,145.5,1,2,2022-08-02 09:11:53
1659431513820863000,145.5,1,145.0,56,145.5,1,1,2022-08-02 09:11:53
1659431514689447000,145.5,1,145.5,1,146.0,50,2,2022-08-02 09:11:54
1659431514690575000,145.5,1,145.0,56,145.5,1,2,2022-08-02 09:11:54
1659431514729290000,145.0,1,145.0,55,145.5,1,2,2022-08-02 09:11:54
1659431517886641000,145.0,3,145.0,52,145.5,2,2,2022-08-02 09:11:57
1659431521135263000,145.5,1,145.0,53,145.5,4,1,2022-08-02 09:12:01
1659431521773737000,145.5,2,145.0,30,145.5,2,1,2022-08-02 09:12:01
1659431525503846000,145.5,2,145.0,28,145.5,1,1,2022-08-02 09:12:05
1659431526357658000,145.0,1,145.0,27,145.5,1,2,2022-08-02 09:12:06
1659431526939126000,145.5,1,145.0,26,145.5,1,1,2022-08-02 09:12:06
1659431528638476000,145.5,1,145.0,47,146.0,60,1,2022-08-02 09:12:08
1659431530065797000,145.5,1,145.0,51,146.0,62,2,2022-08-02 09:12:10
1659431532728624000,145.5,1,145.5,1,146.0,67,2,2022-08-02 09:12:12
1659431534378335000,145.5,1,145.0,55,145.5,3,2,2022-08-02 09:12:14
1659431536576693000,145.0,1,145.0,55,145.5,3,2,2022-08-02 09:12:16
1659431537884939000,145.5,3,145.5,17,146.0,69,1,2022-08-02 09:12:17
1659431537930196000,145.5,1,145.5,16,146.0,69,2,2022-08-02 09:12:17
1659431537954438000,145.5,1,145.5,15,146.0,69,2,2022-08-02 09:12:17
1659431537990019000,145.5,1,145.5,14,146.0,69,2,2022-08-02 09:12:17
1659431538034459000,145.5,1,145.5,15,146.0,69,2,2022-08-02 09:12:18
1659431545533665000,145.5,4,145.5,11,146.0,72,2,2022-08-02 09:12:25
1659431546118585000,145.5,2,145.5,9,146.0,72,2,2022-08-02 09:12:26
1659431548633193000,145.5,2,145.5,10,146.0,72,2,2022-08-02 09:12:28
1659431551073735000,145.5,5,145.5,12,146.0,71,2,2022-08-02 09:12:31
1659431551113175000,145.5,1,145.5,11,146.0,72,2,2022-08-02 09:12:31
1659431553653025000,145.5,1,145.5,11,146.0,73,2,2022-08-02 09:12:33
1659431559360079000,145.5,1,145.5,11,146.0,74,2,2022-08-02 09:12:39
1659431559535820000,145.5,2,145.5,9,146.0,74,2,2022-08-02 09:12:39
1659431559574622000,145.5,1,145.5,8,146.0,74,2,2022-08-02 09:12:39
1659431560290997000,145.5,1,145.5,8,146.0,73,2,2022-08-02 09:12:40
1659431562102132000,145.5,1,145.5,7,146.0,79,2,2022-08-02 09:12:42
1659431562462753000,145.5,1,145.5,7,146.0,79,2,2022-08-02 09:12:42
1659431562908222000,145.5,2,145.5,6,146.0,79,2,2022-08-02 09:12:42
1659431562932152000,145.5,1,145.5,5,146.0,79,2,2022-08-02 09:12:42
1659431566413801000,145.5,1,145.5,8,146.0,79,2,2022-08-02 09:12:46
1659431570159289000,145.5,1,145.5,9,146.0,81,2,2022-08-02 09:12:50
1659431571221324000,146.0,48,145.5,11,146.0,33,1,2022-08-02 09:12:51
1659431571241451000,146.0,11,145.5,18,146.0,22,1,2022-08-02 09:12:51
1659431571241919000,146.0,8,145.5,18,146.0,14,1,2022-08-02 09:12:51
1659431571244599000,146.0,12,145.5,18,146.0,2,1,2022-08-02 09:12:51
1659431571271560000,146.0,2,145.5,18,146.5,224,1,2022-08-02 09:12:51
1659431571432083000,146.5,33,146.0,48,146.5,186,1,2022-08-02 09:12:51
1659431571500176000,146.5,3,146.0,52,146.5,183,1,2022-08-02 09:12:51
1659431571568430000,146.5,1,146.0,52,146.5,182,1,2022-08-02 09:12:51
1659431573384674000,146.0,1,146.0,57,146.5,182,2,2022-08-02 09:12:53
1659431573937106000,146.5,2,146.0,57,146.5,78,1,2022-08-02 09:12:53
1659431574740259000,146.5,23,146.0,57,146.5,55,1,2022-08-02 09:12:54
1659431574810598000,146.5,2,146.0,57,146.5,78,1,2022-08-02 09:12:54
1659431574840437000,146.5,12,146.0,57,146.5,41,1,2022-08-02 09:12:54
1659431574858005000,146.5,5,146.0,57,146.5,36,1,2022-08-02 09:12:54
1659431574922891000,146.5,2,146.0,73,146.5,34,1,2022-08-02 09:12:54
1659431574946499000,146.5,3,146.0,73,146.5,31,1,2022-08-02 09:12:54
1659431574965988000,146.5,19,146.0,73,146.5,12,1,2022-08-02 09:12:54
1659431574999009000,146.5,1,146.0,73,146.5,11,1,2022-08-02 09:12:54
1659431574999028000,146.5,11,146.0,73,147.0,254,1,2022-08-02 09:12:54
1659431577130464000,146.5,1,146.5,36,147.0,150,2,2022-08-02 09:12:57
1659431577158171000,147.0,5,146.5,36,147.0,145,1,2022-08-02 09:12:57
1659431577208353000,147.0,1,146.5,36,147.0,145,1,2022-08-02 09:12:57
1659431578593044000,147.0,1,146.5,45,147.0,143,1,2022-08-02 09:12:58
1659431580079742000,147.0,1,146.5,44,147.0,141,1,2022-08-02 09:13:00
1659431580662770000,147.0,1,146.5,45,147.0,140,1,2022-08-02 09:13:00
1659431580675691000,147.0,1,146.5,45,147.0,139,1,2022-08-02 09:13:00
1659431580719585000,147.0,5,146.5,45,147.0,134,1,2022-08-02 09:13:00
1659431581074154000,147.0,1,146.5,51,147.0,133,1,2022-08-02 09:13:01
1659431581244488000,147.0,2,146.5,51,147.0,130,1,2022-08-02 09:13:01
1659431581316115000,147.0,1,146.5,51,147.0,129,1,2022-08-02 09:13:01
1659431581321544000,147.0,1,146.5,51,147.0,128,1,2022-08-02 09:13:01
1659431581724943000,147.0,4,146.5,51,147.0,124,1,2022-08-02 09:13:01
1659431581735376000,147.0,1,146.5,51,147.0,123,1,2022-08-02 09:13:01
1659431582122343000,147.0,5,146.5,53,147.0,118,1,2022-08-02 09:13:02
1659431582170104000,147.0,100,146.5,53,147.0,18,1,2022-08-02 09:13:02
1659431582203623000,147.0,18,146.5,53,147.5,123,1,2022-08-02 09:13:02
1659431582208639000,147.5,1,146.5,53,147.5,122,1,2022-08-02 09:13:02
1659431582317544000,147.0,1,146.5,53,147.0,3,2,2022-08-02 09:13:02
1659431582366437000,147.0,2,146.5,53,147.0,1,1,2022-08-02 09:13:02
1659431582387251000,146.5,1,146.5,52,147.0,1,2,2022-08-02 09:13:02
1659431582847568000,147.0,1,146.5,51,147.0,2,1,2022-08-02 09:13:02
1659431582848461000,147.0,2,147.0,3,147.5,123,1,2022-08-02 09:13:02
1659431583102182000,147.0,1,147.0,12,147.5,122,2,2022-08-02 09:13:03
1659431583419749000,147.5,2,147.0,24,147.5,120,1,2022-08-02 09:13:03
1659431583597368000,147.5,1,147.0,24,147.5,119,1,2022-08-02 09:13:03
1659431584391278000,147.5,1,147.0,29,147.5,121,1,2022-08-02 09:13:04
1659431584816658000,147.5,5,147.0,35,147.5,116,1,2022-08-02 09:13:04
1659431586055530000,147.5,1,147.0,37,147.5,113,1,2022-08-02 09:13:06
1659431586142666000,147.5,3,147.0,41,147.5,111,1,2022-08-02 09:13:06
1659431586472520000,147.5,1,147.0,41,147.5,110,1,2022-08-02 09:13:06
1659431586680601000,147.5,10,147.0,41,147.5,100,1,2022-08-02 09:13:06
1659431587108154000,147.0,8,147.0,33,147.5,99,2,2022-08-02 09:13:07
1659431587162289000,147.5,4,147.0,34,147.5,96,1,2022-08-02 09:13:07
1659431587328954000,147.5,1,147.0,34,147.5,95,1,2022-08-02 09:13:07
1659431587652547000,147.0,1,147.0,35,147.5,95,2,2022-08-02 09:13:07
1659431587708834000,147.5,1,147.0,35,147.5,93,1,2022-08-02 09:13:07
1659431587717063000,147.5,1,147.0,35,147.5,92,1,2022-08-02 09:13:07
1659431587825381000,147.5,1,147.0,35,147.5,91,1,2022-08-02 09:13:07
1659431587919533000,147.5,2,147.0,35,147.5,90,1,2022-08-02 09:13:07
1659431588044347000,147.5,1,147.0,37,147.5,89,1,2022-08-02 09:13:08
1659431588107461000,147.5,2,147.0,37,147.5,87,1,2022-08-02 09:13:08
1659431588443181000,147.5,1,147.0,38,147.5,85,1,2022-08-02 09:13:08
1659431588443311000,147.5,1,147.0,38,147.5,84,1,2022-08-02 09:13:08
1659431588739616000,147.5,1,147.0,39,147.5,84,1,2022-08-02 09:13:08
1659431589023377000,147.5,1,147.0,38,147.5,81,1,2022-08-02 09:13:09
1659431589213666000,147.5,1,147.0,47,147.5,80,1,2022-08-02 09:13:09
1659431589474931000,147.5,1,147.0,47,147.5,78,1,2022-08-02 09:13:09
1659431589529347000,147.5,2,147.0,47,147.5,76,1,2022-08-02 09:13:09
1659431589594880000,147.5,1,147.0,47,147.5,75,1,2022-08-02 09:13:09
1659431589914138000,147.5,1,147.0,47,147.5,75,1,2022-08-02 09:13:09
1659431590061045000,147.5,10,147.0,48,147.5,65,1,2022-08-02 09:13:10
1659431590908895000,147.5,1,147.0,49,147.5,65,1,2022-08-02 09:13:10
1659431590934947000,147.5,10,147.0,49,147.5,55,1,2022-08-02 09:13:10
1659431590983011000,147.5,1,147.0,48,147.5,54,1,2022-08-02 09:13:10
1659431591060444000,147.5,1,147.0,48,147.5,53,1,2022-08-02 09:13:11
1659431591285389000,147.5,2,147.0,48,147.5,51,1,2022-08-02 09:13:11
1659431591661290000,147.5,3,147.0,46,147.5,48,1,2022-08-02 09:13:11
1659431591695510000,147.5,3,147.0,49,147.5,51,1,2022-08-02 09:13:11
1659431591827882000,147.5,1,147.0,46,147.5,40,1,2022-08-02 09:13:11
1659431591839000000,147.5,1,147.0,46,147.5,39,1,2022-08-02 09:13:11
1659431591923355000,147.5,1,147.0,46,147.5,38,1,2022-08-02 09:13:11
1659431592051751000,147.5,2,147.0,46,147.5,36,1,2022-08-02 09:13:12
1659431592059176000,147.5,3,147.0,46,147.5,33,1,2022-08-02 09:13:12
1659431592100054000,147.5,1,147.0,46,147.5,41,1,2022-08-02 09:13:12
1659431592434237000,147.5,2,147.0,48,147.5,30,1,2022-08-02 09:13:12
1659431592721212000,147.5,1,147.0,48,147.5,29,1,2022-08-02 09:13:12
1659431592734306000,147.5,4,147.0,49,147.5,30,1,2022-08-02 09:13:12
1659431593157557000,147.5,1,147.0,48,147.5,25,1,2022-08-02 09:13:13
1659431593247930000,147.5,1,147.0,47,147.5,24,1,2022-08-02 09:13:13
1659431593305201000,147.5,1,147.0,47,147.5,23,1,2022-08-02 09:13:13
1659431593363912000,147.5,1,147.0,47,147.5,22,1,2022-08-02 09:13:13
1659431593667018000,147.5,1,147.0,48,147.5,21,1,2022-08-02 09:13:13
1659431593705858000,147.5,4,147.0,48,147.5,17,1,2022-08-02 09:13:13
1659431593723873000,147.5,1,147.0,48,147.5,22,1,2022-08-02 09:13:13
1659431593881142000,147.5,8,147.0,49,147.5,9,1,2022-08-02 09:13:13
1659431594117688000,147.5,1,147.0,49,147.5,11,1,2022-08-02 09:13:14
1659431594220717000,147.5,1,147.0,49,147.5,12,1,2022-08-02 09:13:14
1659431594342893000,147.5,1,147.0,49,147.5,10,1,2022-08-02 09:13:14
1659431594350200000,147.5,2,147.0,49,147.5,8,1,2022-08-02 09:13:14
1659431594422453000,147.5,1,147.0,49,147.5,7,1,2022-08-02 09:13:14
1659431594461373000,147.5,2,147.0,49,147.5,5,1,2022-08-02 09:13:14
1659431594475878000,147.5,3,147.0,49,147.5,2,1,2022-08-02 09:13:14
1659431594571051000,147.5,1,147.0,48,147.5,1,1,2022-08-02 09:13:14
1659431594613797000,147.5,1,147.5,9,148.0,108,1,2022-08-02 09:13:14
1659431594644158000,147.5,9,147.0,48,148.0,108,2,2022-08-02 09:13:14
1659431594652158000,148.0,3,147.0,48,148.0,105,1,2022-08-02 09:13:14
1659431594738328000,147.5,1,147.0,48,147.5,1,1,2022-08-02 09:13:14
1659431594777609000,147.5,1,147.0,47,148.0,105,2,2022-08-02 09:13:14
1659431594820639000,147.5,1,147.0,48,148.0,101,1,2022-08-02 09:13:14
1659431594820639000,148.0,4,147.0,48,148.0,101,1,2022-08-02 09:13:14
1659431594883894000,147.5,1,147.0,47,148.0,100,1,2022-08-02 09:13:14
1659431595033146000,148.0,1,147.0,49,148.0,99,1,2022-08-02 09:13:15
1659431595176137000,147.5,1,147.5,1,148.0,100,2,2022-08-02 09:13:15
1659431595197174000,148.0,4,147.5,1,148.0,95,1,2022-08-02 09:13:15
1659431595198640000,147.5,1,147.0,48,148.0,95,2,2022-08-02 09:13:15
1659431595282581000,148.0,1,147.0,52,148.0,96,1,2022-08-02 09:13:15
1659431595366316000,147.5,1,147.0,51,148.0,96,2,2022-08-02 09:13:15
1659431595664866000,147.5,1,147.5,7,148.0,95,1,2022-08-02 09:13:15
1659431595698618000,147.5,1,147.5,8,148.0,95,2,2022-08-02 09:13:15
1659431595698634000,147.5,7,147.5,1,148.0,95,2,2022-08-02 09:13:15
1659431595699193000,147.5,1,147.0,51,148.0,94,2,2022-08-02 09:13:15
1659431595748836000,147.5,1,147.5,3,148.0,94,1,2022-08-02 09:13:15
1659431595780250000,147.5,3,147.0,51,148.0,94,2,2022-08-02 09:13:15
1659431596020262000,147.5,1,147.0,46,148.0,94,2,2022-08-02 09:13:16
1659431596083526000,148.0,2,147.0,46,148.0,92,1,2022-08-02 09:13:16
1659431596123811000,147.5,1,147.5,1,148.0,92,2,2022-08-02 09:13:16
1659431596133996000,147.5,1,147.0,47,148.0,92,2,2022-08-02 09:13:16
1659431596153119000,148.0,1,147.0,47,148.0,91,1,2022-08-02 09:13:16
1659431596225990000,147.5,1,147.0,47,148.0,91,2,2022-08-02 09:13:16
1659431596398381000,147.5,1,147.0,47,147.5,16,1,2022-08-02 09:13:16
1659431596550426000,147.5,1,147.0,47,147.5,15,1,2022-08-02 09:13:16
1659431596888405000,147.5,2,147.0,46,147.5,17,1,2022-08-02 09:13:16
1659431596897414000,147.5,1,147.0,46,147.5,21,1,2022-08-02 09:13:16
1659431597135391000,147.5,1,147.0,45,147.5,27,1,2022-08-02 09:13:17
1659431598714079000,147.0,1,147.0,45,147.5,73,2,2022-08-02 09:13:18
1659431598792958000,147.5,1,147.0,44,147.5,72,1,2022-08-02 09:13:18
1659431599106966000,147.5,1,147.0,40,147.5,72,1,2022-08-02 09:13:19
1659431600127126000,147.0,23,147.0,10,147.5,76,2,2022-08-02 09:13:20
1659431600164524000,147.0,10,146.5,44,147.5,76,2,2022-08-02 09:13:20
1659431600217140000,147.0,2,146.5,44,147.0,3,1,2022-08-02 09:13:20
1659431600243948000,146.5,2,146.5,42,147.0,1,2,2022-08-02 09:13:20
1659431600289138000,146.5,1,146.5,35,147.0,1,2,2022-08-02 09:13:20
1659431600309913000,146.5,1,146.5,34,147.0,1,2,2022-08-02 09:13:20
1659431600733313000,147.0,1,146.5,33,147.0,10,1,2022-08-02 09:13:20
1659431600794135000,146.5,1,146.5,33,147.0,10,2,2022-08-02 09:13:20
1659431600975674000,147.0,1,146.5,32,147.0,9,1,2022-08-02 09:13:20
1659431601001741000,147.0,1,146.5,32,147.0,8,1,2022-08-02 09:13:21
1659431601026939000,147.0,1,146.5,32,147.0,7,1,2022-08-02 09:13:21
1659431601249897000,147.0,4,146.5,32,147.0,1,1,2022-08-02 09:13:21
1659431601324778000,146.5,1,146.5,13,147.0,1,2,2022-08-02 09:13:21
1659431601628397000,147.0,1,146.5,13,147.5,81,1,2022-08-02 09:13:21
1659431601704992000,147.0,1,146.5,12,147.5,81,2,2022-08-02 09:13:21
1659431601704992000,146.5,1,146.5,12,147.5,81,2,2022-08-02 09:13:21
1659431602588732000,147.0,1,146.5,8,147.0,6,1,2022-08-02 09:13:22
1659431602624954000,146.5,1,146.5,7,147.0,1,2,2022-08-02 09:13:22
1659431603202984000,147.0,1,146.5,6,147.0,7,1,2022-08-02 09:13:23
1659431603718392000,147.0,1,146.5,6,147.0,6,1,2022-08-02 09:13:23
1659431604459023000,147.0,1,146.5,6,147.0,7,1,2022-08-02 09:13:24
1659431604543080000,147.0,2,146.5,6,147.0,6,1,2022-08-02 09:13:24
1659431605995761000,146.5,2,146.5,10,147.0,13,2,2022-08-02 09:13:25
1659431606548255000,147.0,1,146.5,10,147.0,12,1,2022-08-02 09:13:26
1659431606682536000,147.0,1,146.5,9,147.0,21,1,2022-08-02 09:13:26
1659431608713059000,147.0,4,146.5,11,147.0,21,1,2022-08-02 09:13:28
1659431608754746000,146.5,1,146.5,11,147.0,19,2,2022-08-02 09:13:28
1659431608758277000,146.5,1,146.5,10,147.0,19,2,2022-08-02 09:13:28
1659431608996652000,146.5,9,146.0,23,146.5,11,2,2022-08-02 09:13:28
1659431609025222000,146.0,1,146.0,17,146.5,11,2,2022-08-02 09:13:29
1659431609046393000,146.0,1,146.0,16,146.5,11,2,2022-08-02 09:13:29
1659431609298848000,146.5,1,146.0,17,146.5,10,1,2022-08-02 09:13:29
1659431609965523000,146.5,1,146.0,18,146.5,10,1,2022-08-02 09:13:29
1659431612466846000,146.0,19,145.5,18,146.5,11,2,2022-08-02 09:13:32
1659431613142260000,146.0,1,145.5,18,146.0,1,1,2022-08-02 09:13:33
1659431613800233000,146.0,1,145.5,18,146.5,12,1,2022-08-02 09:13:33
1659431614804573000,146.5,1,146.0,1,146.5,11,1,2022-08-02 09:13:34
1659431615527802000,146.5,2,146.0,2,146.5,9,1,2022-08-02 09:13:35
1659431615977613000,146.0,1,146.0,10,146.5,9,2,2022-08-02 09:13:35
1659431616452655000,146.5,3,146.0,9,146.5,6,1,2022-08-02 09:13:36
1659431616484276000,146.0,1,146.0,8,146.5,6,2,2022-08-02 09:13:36
1659431618704589000,146.5,1,146.0,12,146.5,8,1,2022-08-02 09:13:38
1659431619131666000,146.0,1,146.0,12,146.5,8,2,2022-08-02 09:13:39
1659431621772129000,146.0,1,146.0,18,146.5,9,2,2022-08-02 09:13:41
1659431621957593000,146.5,5,146.0,20,146.5,4,1,2022-08-02 09:13:41
1659431623455590000,146.5,5,146.0,21,147.0,74,1,2022-08-02 09:13:43
1659431624170138000,146.5,2,146.5,10,147.0,75,2,2022-08-02 09:13:44
1659431624969168000,146.5,1,146.5,9,147.0,29,2,2022-08-02 09:13:44
1659431625225948000,147.0,1,146.5,10,147.0,28,1,2022-08-02 09:13:45
1659431625756823000,146.5,1,146.5,12,147.0,27,2,2022-08-02 09:13:45
1659431629852021000,147.0,28,147.0,2,147.5,97,1,2022-08-02 09:13:49
1659431630204972000,147.0,1,147.0,2,147.5,93,2,2022-08-02 09:13:50
1659431634795217000,147.5,1,147.0,39,147.5,47,1,2022-08-02 09:13:54
1659431635829680000,147.5,1,147.0,42,147.5,51,1,2022-08-02 09:13:55
1659431636379359000,147.0,2,147.0,40,147.5,49,2,2022-08-02 09:13:56
1659431637157246000,147.5,1,147.0,41,147.5,49,1,2022-08-02 09:13:57
1659431637554711000,147.0,1,147.0,40,147.5,49,2,2022-08-02 09:13:57
1659431637677089000,147.5,1,147.0,40,147.5,49,1,2022-08-02 09:13:57
1659431638270744000,147.5,3,147.0,41,147.5,45,1,2022-08-02 09:13:58
1659431638800985000,147.0,1,147.0,37,147.5,45,2,2022-08-02 09:13:58
1659431638848585000,147.5,2,147.0,37,147.5,43,1,2022-08-02 09:13:58
1659431640004817000,147.5,1,147.0,44,147.5,42,1,2022-08-02 09:14:00
1659431641790422000,147.5,2,147.0,47,147.5,42,1,2022-08-02 09:14:01
1659431642360406000,147.5,1,147.0,47,147.5,42,1,2022-08-02 09:14:02
1659431642577613000,147.5,1,147.0,46,147.5,41,1,2022-08-02 09:14:02
1659431643183269000,147.5,2,147.0,46,147.5,41,1,2022-08-02 09:14:03
1659431643373407000,147.5,1,147.0,45,147.5,38,1,2022-08-02 09:14:03
1659431643417696000,147.5,1,147.0,45,147.5,37,1,2022-08-02 09:14:03
1659431644249513000,147.5,1,147.0,48,147.5,38,1,2022-08-02 09:14:04
1659431644366567000,147.5,1,147.0,48,147.5,37,1,2022-08-02 09:14:04
1659431644690633000,147.0,4,147.0,44,147.5,37,2,2022-08-02 09:14:04
1659431644793046000,147.5,2,147.0,43,147.5,36,1,2022-08-02 09:14:04
1659431645214087000,147.5,5,147.0,42,147.5,30,1,2022-08-02 09:14:05
1659431645418342000,147.5,1,147.0,43,147.5,29,1,2022-08-02 09:14:05
1659431645545749000,147.5,2,147.0,45,147.5,27,1,2022-08-02 09:14:05
1659431645621792000,147.5,1,147.0,45,147.5,26,1,2022-08-02 09:14:05
1659431645781296000,147.5,2,147.0,45,147.5,23,1,2022-08-02 09:14:05
1659431645880042000,147.5,1,147.0,45,147.5,22,1,2022-08-02 09:14:05
1659431646179032000,147.5,5,147.0,44,147.5,55,1,2022-08-02 09:14:06
1659431646384430000,147.5,1,147.0,44,147.5,77,1,2022-08-02 09:14:06
1659431646398316000,147.0,2,147.0,42,147.5,77,2,2022-08-02 09:14:06
1659431646400812000,147.0,2,147.0,40,147.5,77,2,2022-08-02 09:14:06
1659431646407070000,147.5,1,147.0,40,147.5,76,1,2022-08-02 09:14:06
1659431646463031000,147.0,3,147.0,42,147.5,76,2,2022-08-02 09:14:06
1659431646478459000,147.0,28,147.0,14,147.5,76,2,2022-08-02 09:14:06
1659431646514084000,147.0,14,146.5,19,147.5,76,2,2022-08-02 09:14:06
1659431646646080000,147.0,1,146.5,19,147.0,18,1,2022-08-02 09:14:06
1659431647110615000,146.5,1,146.5,18,147.0,44,2,2022-08-02 09:14:07
1659431647305940000,147.0,1,146.5,18,147.0,43,1,2022-08-02 09:14:07
1659431647638902000,147.0,3,146.5,18,147.0,44,1,2022-08-02 09:14:07
1659431647975313000,147.0,5,146.5,17,147.0,35,1,2022-08-02 09:14:07
1659431648266812000,147.0,1,146.5,17,147.0,64,1,2022-08-02 09:14:08
1659431648941902000,147.0,1,146.5,17,147.0,63,1,2022-08-02 09:14:08
1659431649343041000,147.0,1,146.5,17,147.0,62,1,2022-08-02 09:14:09
1659431649719237000,147.0,1,146.5,17,147.0,63,1,2022-08-02 09:14:09
1659431650014415000,147.0,1,146.5,17,147.0,62,1,2022-08-02 09:14:10
1659431650036923000,147.0,5,146.5,17,147.0,57,1,2022-08-02 09:14:10
1659431650066390000,146.5,1,146.5,16,147.0,57,2,2022-08-02 09:14:10
1659431651837242000,147.0,1,146.5,22,147.0,59,1,2022-08-02 09:14:11
1659431652294644000,147.0,3,146.5,21,147.0,55,1,2022-08-02 09:14:12
1659431654155151000,147.0,1,146.5,22,147.0,55,1,2022-08-02 09:14:14
1659431656294773000,147.0,1,146.5,23,147.0,55,1,2022-08-02 09:14:16
1659431656610641000,147.0,5,146.5,26,147.0,50,1,2022-08-02 09:14:16
1659431657628036000,147.0,1,146.5,26,147.0,49,1,2022-08-02 09:14:17
1659431658215998000,147.0,1,146.5,29,147.0,48,1,2022-08-02 09:14:18
1659431659247289000,147.0,1,146.5,31,147.0,47,1,2022-08-02 09:14:19
1659431659595159000,147.0,2,146.5,62,147.0,48,1,2022-08-02 09:14:19
1659431660213169000,147.0,1,146.5,68,147.0,46,1,2022-08-02 09:14:20
1659431664068822000,147.0,2,146.5,68,147.0,50,1,2022-08-02 09:14:24
1659431664245876000,147.0,1,146.5,68,147.0,47,1,2022-08-02 09:14:24
1659431664815551000,147.0,1,146.5,69,147.0,46,1,2022-08-02 09:14:24
1659431665868803000,147.0,2,146.5,70,147.0,45,1,2022-08-02 09:14:25
1659431665875233000,147.0,1,146.5,70,147.0,44,1,2022-08-02 09:14:25
1659431667150022000,147.0,2,146.5,70,147.0,46,1,2022-08-02 09:14:27
1659431667416726000,147.0,1,146.5,69,147.0,47,1,2022-08-02 09:14:27
1659431668534948000,147.0,3,146.5,69,147.0,44,1,2022-08-02 09:14:28
1659431668661996000,147.0,1,146.5,69,147.0,44,1,2022-08-02 09:14:28
1659431668881897000,147.0,1,146.5,69,147.0,42,1,2022-08-02 09:14:28
1659431669871947000,147.0,2,146.5,68,147.0,37,1,2022-08-02 09:14:29
1659431670365752000,147.0,1,146.5,68,147.0,36,1,2022-08-02 09:14:30
1659431670442105000,147.0,2,146.5,68,147.0,34,1,2022-08-02 09:14:30
1659431670783697000,147.0,1,146.5,68,147.0,33,1,2022-08-02 09:14:30
1659431671129083000,147.0,1,146.5,68,147.0,33,1,2022-08-02 09:14:31
1659431671737515000,147.0,5,146.5,68,147.0,28,1,2022-08-02 09:14:31
1659431672023108000,147.0,1,146.5,68,147.0,27,1,2022-08-02 09:14:32
1659431672208023000,147.0,1,146.5,70,147.0,26,1,2022-08-02 09:14:32
1659431672388805000,147.0,2,146.5,70,147.0,24,1,2022-08-02 09:14:32
1659431673234578000,147.0,1,146.5,70,147.0,22,1,2022-08-02 09:14:33
1659431673686075000,147.0,1,146.5,70,147.0,21,1,2022-08-02 09:14:33
1659431673945626000,147.0,1,146.5,70,147.0,20,1,2022-08-02 09:14:33
1659431674004823000,147.0,1,146.5,70,147.0,19,1,2022-08-02 09:14:34
1659431674116691000,147.0,1,146.5,70,147.0,18,1,2022-08-02 09:14:34
1659431674265548000,147.0,1,146.5,70,147.0,17,1,2022-08-02 09:14:34
1659431674479564000,147.0,1,146.5,70,147.0,18,1,2022-08-02 09:14:34
1659431674710421000,147.0,1,146.5,70,147.0,16,1,2022-08-02 09:14:34
1659431674717618000,147.0,2,146.5,70,147.0,14,1,2022-08-02 09:14:34
1659431675389013000,147.0,1,146.5,70,147.0,13,1,2022-08-02 09:14:35
1659431675498324000,147.0,1,146.5,70,147.0,13,1,2022-08-02 09:14:35
1659431675746779000,147.0,2,146.5,70,147.0,10,1,2022-08-02 09:14:35
1659431676319816000,147.0,2,146.5,70,147.0,8,1,2022-08-02 09:14:36
1659431676332642000,147.0,1,146.5,70,147.0,7,1,2022-08-02 09:14:36
1659431676402505000,147.0,2,146.5,70,147.0,5,1,2022-08-02 09:14:36
1659431676477503000,147.0,1,146.5,70,147.0,4,1,2022-08-02 09:14:36
1659431676589896000,147.0,2,146.5,70,147.0,2,1,2022-08-02 09:14:36
1659431676600692000,147.0,1,146.5,70,147.0,1,1,2022-08-02 09:14:36
1659431676630834000,147.0,1,146.5,70,147.5,60,1,2022-08-02 09:14:36
1659431676706723000,147.0,1,147.0,1,147.5,60,2,2022-08-02 09:14:36
1659431676706741000,147.0,1,146.5,69,147.5,60,2,2022-08-02 09:14:36
1659431676748042000,147.0,1,147.0,1,147.5,60,2,2022-08-02 09:14:36
1659431676768100000,147.0,1,146.5,69,147.5,60,2,2022-08-02 09:14:36
1659431676940305000,147.0,6,147.0,1,147.5,60,2,2022-08-02 09:14:36
1659431676940380000,147.0,1,146.5,70,147.5,60,2,2022-08-02 09:14:36
1659431677008760000,147.0,1,147.0,2,147.5,60,2,2022-08-02 09:14:37
1659431677029904000,147.0,1,147.0,1,147.5,60,2,2022-08-02 09:14:37
1659431679630012000,147.0,1,147.0,8,147.5,65,2,2022-08-02 09:14:39
1659431681525157000,147.0,13,146.5,64,147.5,67,2,2022-08-02 09:14:41
1659431681990293000,147.5,1,146.5,33,147.5,77,1,2022-08-02 09:14:41
1659431682133376000,147.0,2,146.5,33,147.0,2,1,2022-08-02 09:14:42
1659431683723478000,147.0,1,146.5,31,147.0,13,1,2022-08-02 09:14:43
1659431684058828000,146.5,1,146.5,31,147.0,14,2,2022-08-02 09:14:44
1659431687210789000,147.0,1,146.5,29,147.0,28,1,2022-08-02 09:14:47
1659431688851882000,147.0,1,146.5,29,147.0,28,1,2022-08-02 09:14:48
1659431692268528000,147.0,1,146.5,33,147.0,39,1,2022-08-02 09:14:52
1659431693143082000,147.0,1,146.5,33,147.0,39,1,2022-08-02 09:14:53
1659431694455557000,147.0,1,146.5,33,147.0,39,1,2022-08-02 09:14:54
1659431695642228000,147.0,1,146.5,33,147.0,49,1,2022-08-02 09:14:55
1659431696374245000,147.0,2,146.5,33,147.0,47,1,2022-08-02 09:14:56
1659431697284468000,146.5,3,146.5,30,147.0,47,2,2022-08-02 09:14:57
1659431698365692000,147.0,20,146.5,30,147.0,28,1,2022-08-02 09:14:58
1659431699122388000,146.5,1,146.5,29,147.0,29,2,2022-08-02 09:14:59
1659431699511626000,147.0,2,146.5,29,147.0,28,1,2022-08-02 09:14:59
1659431701095251000,147.0,1,146.5,28,147.0,28,1,2022-08-02 09:15:01
1659431702499446000,147.0,3,146.5,28,147.0,25,1,2022-08-02 09:15:02
1659431702519429000,147.0,1,146.5,28,147.0,26,1,2022-08-02 09:15:02
1659431703117323000,146.5,4,146.5,24,147.0,25,2,2022-08-02 09:15:03
1659431703526380000,147.0,1,146.5,24,147.0,24,1,2022-08-02 09:15:03
1659431703632076000,147.0,1,146.5,24,147.0,23,1,2022-08-02 09:15:03
1659431703639528000,146.5,4,146.5,20,147.0,23,2,2022-08-02 09:15:03
1659431706218090000,147.0,1,146.5,22,147.0,24,1,2022-08-02 09:15:06
1659431706731541000,147.0,1,146.5,22,147.0,25,1,2022-08-02 09:15:06
1659431706897745000,147.0,1,146.5,23,147.0,24,1,2022-08-02 09:15:06
1659431708848370000,147.0,1,146.5,24,147.0,25,1,2022-08-02 09:15:08
1659431711585232000,147.0,1,146.5,30,147.0,25,1,2022-08-02 09:15:11
1659431712357955000,147.0,1,146.5,30,147.0,24,1,2022-08-02 09:15:12
1659431715483123000,147.0,1,146.5,31,147.0,23,1,2022-08-02 09:15:15
1659431715531127000,146.5,4,146.5,27,147.0,23,2,2022-08-02 09:15:15
1659431715588569000,146.5,1,146.5,26,147.0,23,2,2022-08-02 09:15:15
1659431716162022000,147.0,1,146.5,25,147.0,24,1,2022-08-02 09:15:16
1659431720448899000,147.0,1,146.5,33,147.0,28,1,2022-08-02 09:15:20
1659431723924413000,147.0,10,146.5,35,147.0,21,1,2022-08-02 09:15:23
1659431725559548000,147.0,6,146.5,35,147.0,23,1,2022-08-02 09:15:25
1659431726834777000,147.0,1,146.5,35,147.0,16,1,2022-08-02 09:15:26
1659431727278708000,147.0,1,146.5,35,147.0,15,1,2022-08-02 09:15:27
1659431727412102000,147.0,1,146.5,35,147.0,14,1,2022-08-02 09:15:27
1659431729012103000,147.0,1,146.5,36,147.0,13,1,2022-08-02 09:15:29
1659431729204682000,147.0,1,146.5,36,147.0,12,1,2022-08-02 09:15:29
1659431729772341000,147.0,1,146.5,36,147.0,13,1,2022-08-02 09:15:29
1659431729895072000,147.0,1,146.5,37,147.0,13,1,2022-08-02 09:15:29
1659431730569469000,147.0,1,146.5,38,147.0,12,1,2022-08-02 09:15:30
1659431730824837000,147.0,2,146.5,38,147.0,9,1,2022-08-02 09:15:30
1659431731376818000,147.0,1,146.5,39,147.0,8,1,2022-08-02 09:15:31
1659431731693227000,147.0,1,146.5,39,147.0,9,1,2022-08-02 09:15:31
1659431732112068000,147.0,1,146.5,39,147.0,8,1,2022-08-02 09:15:32
1659431732587131000,147.0,1,146.5,40,147.0,8,1,2022-08-02 09:15:32
1659431732967269000,147.0,1,146.5,40,147.0,12,1,2022-08-02 09:15:32
1659431732967818000,147.0,1,146.5,40,147.0,11,1,2022-08-02 09:15:32
1659431733456684000,147.0,1,146.5,42,147.0,10,1,2022-08-02 09:15:33
1659431733574544000,147.0,1,146.5,42,147.0,10,1,2022-08-02 09:15:33
1659431734161030000,147.0,1,146.5,41,147.0,9,1,2022-08-02 09:15:34
1659431734657579000,147.0,1,146.5,41,147.0,7,1,2022-08-02 09:15:34
1659431734825740000,147.0,1,146.5,40,147.0,7,1,2022-08-02 09:15:34
1659431734878253000,147.0,1,146.5,40,147.0,6,1,2022-08-02 09:15:34
1659431735120621000,147.0,1,146.5,40,147.0,5,1,2022-08-02 09:15:35
1659431735862682000,147.0,1,146.5,40,147.0,4,1,2022-08-02 09:15:35
1659431736927245000,147.0,1,146.5,41,147.0,3,1,2022-08-02 09:15:36
1659431737136503000,147.0,2,146.5,41,147.0,1,1,2022-08-02 09:15:37
1659431737148784000,147.0,1,146.5,41,147.5,97,1,2022-08-02 09:15:37
1659431739485397000,147.0,2,147.0,1,147.5,94,1,2022-08-02 09:15:39
1659431739964861000,147.0,1,146.5,43,147.0,1,2,2022-08-02 09:15:39
1659431740643309000,147.0,1,146.5,43,147.5,94,1,2022-08-02 09:15:40
1659431742415195000,147.0,2,146.5,42,147.5,96,2,2022-08-02 09:15:42
1659431745125369000,147.0,1,146.5,42,147.0,19,2,2022-08-02 09:15:45
1659431746533300000,147.0,2,146.5,42,147.0,26,1,2022-08-02 09:15:46
1659431749107199000,147.0,1,146.5,42,147.0,27,1,2022-08-02 09:15:49
1659431750637580000,147.0,1,146.5,42,147.0,28,1,2022-08-02 09:15:50
1659431750819471000,147.0,1,146.5,42,147.0,27,1,2022-08-02 09:15:50
1659431751810118000,147.0,1,146.5,41,147.0,26,1,2022-08-02 09:15:51
1659431753891947000,147.0,4,146.5,41,147.0,29,1,2022-08-02 09:15:53
1659431758064915000,147.0,1,146.5,48,147.0,42,1,2022-08-02 09:15:58
1659431758663030000,147.0,1,146.5,48,147.0,41,1,2022-08-02 09:15:58
1659431759993522000,147.0,1,146.5,48,147.0,41,1,2022-08-02 09:15:59
1659431761863019000,147.0,1,146.5,50,147.0,41,1,2022-08-02 09:16:01
1659431762517632000,147.0,1,146.5,51,147.0,41,1,2022-08-02 09:16:02
1659431763202101000,147.0,1,146.5,51,147.0,39,1,2022-08-02 09:16:03
1659431764043500000,147.0,2,146.5,51,147.0,40,1,2022-08-02 09:16:04
1659431765800000000,147.0,1,146.5,51,147.0,38,1,2022-08-02 09:16:05
1659431768113503000,146.5,1,146.5,51,147.0,38,2,2022-08-02 09:16:08
1659431768882596000,147.0,1,146.5,50,147.0,38,1,2022-08-02 09:16:08
1659431769710336000,146.5,2,146.5,49,147.0,38,2,2022-08-02 09:16:09
1659431770884096000,147.0,1,146.5,49,147.0,37,1,2022-08-02 09:16:10
1659431771219809000,147.0,1,146.5,49,147.0,36,1,2022-08-02 09:16:11
1659431773638439000,147.0,1,146.5,51,147.0,36,1,2022-08-02 09:16:13
1659431778299054000,147.0,1,146.5,52,147.0,34,1,2022-08-02 09:16:18
1659431778643966000,147.0,1,146.5,52,147.0,33,1,2022-08-02 09:16:18
1659431779594135000,147.0,1,146.5,52,147.0,31,1,2022-08-02 09:16:19
1659431783217410000,147.0,10,146.5,53,147.0,21,1,2022-08-02 09:16:23
1659431784274712000,147.0,2,146.5,53,147.0,21,1,2022-08-02 09:16:24
1659431784502754000,147.0,1,146.5,53,147.0,20,1,2022-08-02 09:16:24
1659431785451960000,147.0,1,146.5,53,147.0,20,1,2022-08-02 09:16:25
1659431785890240000,147.0,1,146.5,53,147.0,19,1,2022-08-02 09:16:25
1659431786221605000,147.0,2,146.5,53,147.0,17,1,2022-08-02 09:16:26
1659431787562084000,147.0,1,146.5,53,147.0,16,1,2022-08-02 09:16:27
1659431787906954000,147.0,1,146.5,53,147.0,15,1,2022-08-02 09:16:27
1659431789230056000,147.0,1,146.5,54,147.0,14,1,2022-08-02 09:16:29
1659431789922403000,147.0,1,146.5,55,147.0,15,1,2022-08-02 09:16:29
1659431790692205000,147.0,3,146.5,55,147.0,11,1,2022-08-02 09:16:30
1659431791165287000,147.0,1,146.5,55,147.0,10,1,2022-08-02 09:16:31
1659431791563420000,147.0,1,146.5,55,147.0,10,1,2022-08-02 09:16:31
1659431791826192000,147.0,1,146.5,55,147.0,9,1,2022-08-02 09:16:31
1659431792134325000,147.0,1,146.5,55,147.0,9,1,2022-08-02 09:16:32
1659431792477006000,147.0,1,146.5,55,147.0,7,1,2022-08-02 09:16:32
1659431793052478000,147.0,1,146.5,56,147.0,6,1,2022-08-02 09:16:33
1659431793252256000,147.0,1,146.5,56,147.0,5,1,2022-08-02 09:16:33
1659431793608084000,147.0,1,146.5,56,147.0,5,1,2022-08-02 09:16:33
1659431794959709000,147.0,4,146.5,55,147.5,87,1,2022-08-02 09:16:34
1659431795132915000,147.0,1,147.0,1,147.5,87,2,2022-08-02 09:16:35
1659431795201980000,147.0,6,146.5,55,147.0,6,1,2022-08-02 09:16:35
1659431795208092000,147.0,1,146.5,55,147.0,5,1,2022-08-02 09:16:35
1659431796593627000,147.0,5,146.5,56,147.0,1,1,2022-08-02 09:16:36
1659431796620342000,147.0,1,146.5,56,147.0,6,1,2022-08-02 09:16:36
1659431797303119000,147.5,2,147.0,1,147.5,86,1,2022-08-02 09:16:37
1659431799069494000,147.0,1,147.0,29,147.5,86,2,2022-08-02 09:16:39
1659431799189265000,147.0,1,147.0,28,147.5,86,2,2022-08-02 09:16:39
1659431803316480000,147.0,1,147.0,32,147.5,86,2,2022-08-02 09:16:43
1659431805430644000,147.0,1,147.0,37,147.5,86,2,2022-08-02 09:16:45
1659431817675544000,147.0,1,147.0,41,147.5,88,2,2022-08-02 09:16:57
1659431820992320000,147.0,1,147.0,44,147.5,88,2,2022-08-02 09:17:00
1659431821074816000,147.5,1,147.0,43,147.5,87,1,2022-08-02 09:17:01
1659431822767345000,147.0,2,147.0,41,147.5,82,2,2022-08-02 09:17:02
1659431831659867000,147.0,40,147.0,3,147.5,83,2,2022-08-02 09:17:11
1659431831700414000,147.0,3,146.5,48,147.5,83,2,2022-08-02 09:17:11
1659431834183569000,147.0,1,146.5,49,147.0,7,1,2022-08-02 09:17:14
1659431838914977000,147.0,1,146.5,48,147.0,31,1,2022-08-02 09:17:18
1659431845063771000,147.0,1,146.5,47,147.0,32,1,2022-08-02 09:17:25
1659431845630412000,147.0,7,146.5,48,147.0,24,1,2022-08-02 09:17:25
1659431849363504000,147.0,1,146.5,47,147.0,24,1,2022-08-02 09:17:29
1659431852592451000,147.0,2,146.5,48,147.0,22,1,2022-08-02 09:17:32
1659431852617624000,147.0,1,146.5,48,147.0,21,1,2022-08-02 09:17:32
1659431854011576000,147.0,1,146.5,48,147.0,22,1,2022-08-02 09:17:34
1659431854405129000,146.5,5,146.5,43,147.0,22,2,2022-08-02 09:17:34
1659431854450772000,146.5,1,146.5,42,147.0,20,2,2022-08-02 09:17:34
1659431856384745000,146.5,2,146.5,39,147.0,22,2,2022-08-02 09:17:36
1659431860216876000,146.5,39,146.0,91,146.5,11,2,2022-08-02 09:17:40
1659431860253999000,146.0,1,146.0,90,146.5,11,2,2022-08-02 09:17:40
1659431860255716000,146.0,1,146.0,89,146.5,11,2,2022-08-02 09:17:40
1659431860259698000,146.0,1,146.0,88,146.5,11,2,2022-08-02 09:17:40
1659431860288335000,146.0,1,146.0,87,146.5,11,2,2022-08-02 09:17:40
1659431861298586000,146.0,2,146.0,84,146.5,11,2,2022-08-02 09:17:41
1659431861337303000,146.0,1,146.0,83,146.5,11,2,2022-08-02 09:17:41
1659431862464836000,146.5,1,146.0,83,146.5,10,1,2022-08-02 09:17:42
1659431862565527000,146.5,10,146.0,83,147.0,25,1,2022-08-02 09:17:42
1659431862624697000,146.5,1,146.0,83,147.0,29,1,2022-08-02 09:17:42
1659431863299299000,146.0,1,146.0,82,146.5,6,2,2022-08-02 09:17:43
1659431863508532000,146.0,1,146.0,82,146.5,6,2,2022-08-02 09:17:43
1659431865511959000,146.5,4,146.0,80,146.5,3,1,2022-08-02 09:17:45
1659431865914445000,146.5,1,146.0,80,146.5,3,1,2022-08-02 09:17:45
1659431872096761000,146.5,1,146.0,87,146.5,8,1,2022-08-02 09:17:52
1659431873902798000,146.5,1,146.0,87,146.5,7,1,2022-08-02 09:17:53
1659431886252798000,146.5,1,146.0,86,146.5,11,1,2022-08-02 09:18:06
1659431888567643000,146.5,2,146.0,86,146.5,11,1,2022-08-02 09:18:08
1659431889722175000,146.5,1,146.0,87,146.5,9,1,2022-08-02 09:18:09
1659431890056433000,146.5,1,146.0,87,146.5,7,1,2022-08-02 09:18:10
1659431891991630000,146.5,2,146.0,87,146.5,7,1,2022-08-02 09:18:11
1659431892050416000,146.0,1,146.0,86,146.5,7,2,2022-08-02 09:18:12
1659431892971573000,146.5,1,146.0,86,146.5,6,1,2022-08-02 09:18:12
1659431894156518000,146.5,2,146.0,87,146.5,4,1,2022-08-02 09:18:14
1659431894158584000,146.5,4,146.5,6,147.0,66,1,2022-08-02 09:18:14
1659431894184137000,146.5,1,146.5,5,147.0,67,2,2022-08-02 09:18:14
1659431895556017000,146.5,5,146.0,87,146.5,4,2,2022-08-02 09:18:15
1659431895579413000,146.0,1,146.0,86,146.5,4,2,2022-08-02 09:18:15
1659431895607064000,146.0,1,146.0,85,146.5,4,2,2022-08-02 09:18:15
1659431895619321000,146.5,4,146.5,6,147.0,68,1,2022-08-02 09:18:15
1659431895656708000,146.5,1,146.5,5,147.0,69,2,2022-08-02 09:18:15
1659431902060359000,146.5,1,146.5,14,147.0,44,2,2022-08-02 09:18:22
1659431916041183000,146.5,1,146.5,17,147.0,46,2,2022-08-02 09:18:36
1659431919821981000,146.5,1,146.5,14,147.0,50,2,2022-08-02 09:18:39
1659431921652431000,146.5,1,146.5,14,147.0,50,2,2022-08-02 09:18:41
1659431923523466000,146.5,3,146.5,11,147.0,50,2,2022-08-02 09:18:43
1659431924158807000,146.5,5,146.5,6,147.0,50,2,2022-08-02 09:18:44
1659431926501826000,146.5,1,146.5,5,147.0,49,2,2022-08-02 09:18:46
1659431926536161000,146.5,1,146.5,4,147.0,49,2,2022-08-02 09:18:46
1659431929184485000,146.5,4,146.0,95,146.5,6,2,2022-08-02 09:18:49
1659431929218124000,146.0,1,146.0,94,146.5,6,2,2022-08-02 09:18:49
1659431937324228000,146.5,2,146.0,95,146.5,17,1,2022-08-02 09:18:57
1659431943982465000,146.5,10,146.0,95,146.5,11,1,2022-08-02 09:19:03
1659431944015814000,146.5,11,146.0,95,147.0,44,1,2022-08-02 09:19:04
1659431944048634000,147.0,12,146.5,1,147.0,32,1,2022-08-02 09:19:04
1659431947239681000,146.5,1,146.5,16,147.0,32,2,2022-08-02 09:19:07
1659431952292262000,147.0,4,146.5,19,147.0,27,1,2022-08-02 09:19:12
1659431952292389000,147.0,27,146.5,19,147.0,31,1,2022-08-02 09:19:12
1659431953378469000,147.0,1,147.0,9,147.5,78,2,2022-08-02 09:19:13
1659431960780825000,147.0,5,147.0,16,147.5,71,2,2022-08-02 09:19:20
1659431963770294000,147.0,5,147.0,22,147.5,70,2,2022-08-02 09:19:23
1659431966016727000,147.0,1,147.0,17,147.5,70,2,2022-08-02 09:19:26
1659431966067818000,147.0,2,147.0,15,147.5,70,2,2022-08-02 09:19:26
1659431972393289000,147.0,4,147.0,24,147.5,71,2,2022-08-02 09:19:32
1659431974229796000,147.0,1,147.0,25,147.5,70,2,2022-08-02 09:19:34
1659431976635762000,147.0,1,147.0,25,147.5,70,2,2022-08-02 09:19:36
1659431982612511000,147.0,1,147.0,27,147.5,77,2,2022-08-02 09:19:42
1659431986160516000,147.0,5,147.0,22,147.5,77,2,2022-08-02 09:19:46
1659431988617045000,147.0,1,147.0,39,147.5,77,2,2022-08-02 09:19:48
1659431989020026000,147.5,1,147.0,41,147.5,76,1,2022-08-02 09:19:49
1659431990254475000,147.0,1,147.0,42,147.5,76,2,2022-08-02 09:19:50
1659431991496005000,147.5,1,147.0,48,147.5,75,1,2022-08-02 09:19:51
1659431992414224000,147.5,14,147.0,73,147.5,61,1,2022-08-02 09:19:52
1659431992448865000,147.5,14,147.0,73,147.5,47,1,2022-08-02 09:19:52
1659431992452655000,147.5,12,147.0,73,147.5,35,1,2022-08-02 09:19:52
1659431992481682000,147.5,1,147.0,73,147.5,34,1,2022-08-02 09:19:52
1659431992481715000,147.5,14,147.0,73,147.5,20,1,2022-08-02 09:19:52
1659431992481735000,147.5,14,147.0,73,147.5,6,1,2022-08-02 09:19:52
1659431992481935000,147.5,6,147.0,73,148.0,158,1,2022-08-02 09:19:52
1659431994557274000,148.0,1,147.5,46,148.0,148,1,2022-08-02 09:19:54
1659431994971469000,148.0,1,147.5,49,148.0,147,1,2022-08-02 09:19:54
1659431995125417000,148.0,1,147.5,49,148.0,146,1,2022-08-02 09:19:55
1659431995775494000,148.0,2,147.5,49,148.0,144,1,2022-08-02 09:19:55
1659431995875689000,148.0,1,147.5,58,148.0,143,1,2022-08-02 09:19:55
1659431997199196000,148.0,1,147.5,61,148.0,141,1,2022-08-02 09:19:57
1659431997305231000,148.0,1,147.5,61,148.0,140,1,2022-08-02 09:19:57
1659431997899713000,148.0,1,147.5,67,148.0,139,1,2022-08-02 09:19:57
1659431998008571000,148.0,5,147.5,67,148.0,134,1,2022-08-02 09:19:58
1659431998498483000,148.0,1,147.5,33,148.0,133,1,2022-08-02 09:19:58
1659431999126297000,148.0,1,147.5,29,148.0,132,1,2022-08-02 09:19:59
1659431999132708000,148.0,1,147.5,29,148.0,131,1,2022-08-02 09:19:59
1659431999484118000,148.0,1,147.5,33,148.0,129,1,2022-08-02 09:19:59
1659431999497464000,148.0,1,147.5,33,148.0,128,1,2022-08-02 09:19:59
1659431999695470000,148.0,3,147.5,34,148.0,127,1,2022-08-02 09:19:59
1659431999929623000,148.0,2,147.5,34,148.0,122,1,2022-08-02 09:19:59
1659432000023801000,148.0,4,147.5,34,148.0,118,1,2022-08-02 09:20:00
1659432000132911000,148.0,1,147.5,38,148.0,117,1,2022-08-02 09:20:00
1659432000260951000,148.0,1,147.5,38,148.0,118,1,2022-08-02 09:20:00
1659432000525141000,148.0,1,147.5,37,148.0,115,1,2022-08-02 09:20:00
1659432001520597000,148.0,6,147.5,36,148.0,108,1,2022-08-02 09:20:01
1659432001586145000,148.0,2,147.5,36,148.0,106,1,2022-08-02 09:20:01
1659432001614186000,148.0,3,147.5,36,148.0,103,1,2022-08-02 09:20:01
1659432001729888000,148.0,4,147.5,36,148.0,99,1,2022-08-02 09:20:01
1659432002067448000,148.0,1,147.5,36,148.0,98,1,2022-08-02 09:20:02
1659432002277846000,148.0,1,147.5,36,148.0,97,1,2022-08-02 09:20:02
1659432002465489000,148.0,2,147.5,38,148.0,95,1,2022-08-02 09:20:02
1659432002856461000,148.0,1,147.5,38,148.0,94,1,2022-08-02 09:20:02
1659432003145149000,148.0,20,147.5,38,148.0,74,1,2022-08-02 09:20:03
1659432003310861000,148.0,1,147.5,38,148.0,73,1,2022-08-02 09:20:03
1659432003345139000,148.0,1,147.5,38,148.0,72,1,2022-08-02 09:20:03
1659432003399460000,148.0,2,147.5,38,148.0,70,1,2022-08-02 09:20:03
1659432003431047000,148.0,5,147.5,38,148.0,65,1,2022-08-02 09:20:03
1659432003612145000,148.0,1,147.5,38,148.0,64,1,2022-08-02 09:20:03
1659432003736017000,148.0,2,147.5,38,148.0,62,1,2022-08-02 09:20:03
1659432004095785000,148.0,1,147.5,40,148.0,61,1,2022-08-02 09:20:04
1659432004118318000,148.0,1,147.5,40,148.0,60,1,2022-08-02 09:20:04
1659432004127085000,148.0,1,147.5,40,148.0,59,1,2022-08-02 09:20:04
1659432004522466000,148.0,5,147.5,40,148.0,55,1,2022-08-02 09:20:04
1659432004536122000,148.0,1,147.5,40,148.0,53,1,2022-08-02 09:20:04
1659432004560394000,148.0,53,147.5,40,148.5,117,1,2022-08-02 09:20:04
1659432005482895000,148.0,1,148.0,56,148.5,114,2,2022-08-02 09:20:05
1659432006007282000,148.5,1,148.0,58,148.5,115,1,2022-08-02 09:20:06
1659432006077673000,148.5,1,148.0,59,148.5,114,1,2022-08-02 09:20:06
1659432006107924000,148.5,1,148.0,59,148.5,113,1,2022-08-02 09:20:06
1659432006121122000,148.5,1,148.0,59,148.5,112,1,2022-08-02 09:20:06
1659432006128909000,148.5,1,148.0,59,148.5,111,1,2022-08-02 09:20:06
1659432006133465000,148.5,1,148.0,59,148.5,110,1,2022-08-02 09:20:06
1659432006311481000,148.5,2,148.0,68,148.5,108,1,2022-08-02 09:20:06
1659432006333184000,148.5,1,148.0,68,148.5,107,1,2022-08-02 09:20:06
1659432006336495000,148.5,1,148.0,68,148.5,106,1,2022-08-02 09:20:06
1659432006401163000,148.0,1,148.0,67,148.5,106,2,2022-08-02 09:20:06
1659432006404132000,148.5,1,148.0,67,148.5,105,1,2022-08-02 09:20:06
1659432006718116000,148.5,1,148.0,66,148.5,104,1,2022-08-02 09:20:06
1659432007347118000,148.5,1,148.0,68,148.5,103,1,2022-08-02 09:20:07
1659432009995322000,148.5,1,148.0,72,148.5,100,1,2022-08-02 09:20:09
1659432010248936000,148.5,5,148.0,74,148.5,95,1,2022-08-02 09:20:10
1659432010704782000,148.5,1,148.0,79,148.5,94,1,2022-08-02 09:20:10
1659432010726375000,148.5,1,148.0,79,148.5,93,1,2022-08-02 09:20:10
1659432011230636000,148.5,1,148.0,79,148.5,93,1,2022-08-02 09:20:11
1659432011560855000,148.5,2,148.0,77,148.5,90,1,2022-08-02 09:20:11
1659432011593661000,148.5,5,148.0,77,148.5,85,1,2022-08-02 09:20:11
1659432012046129000,148.5,1,148.0,77,148.5,84,1,2022-08-02 09:20:12
1659432012297233000,148.5,1,148.0,73,148.5,84,1,2022-08-02 09:20:12
1659432012887653000,148.5,3,148.0,74,148.5,78,1,2022-08-02 09:20:12
1659432012939791000,148.5,3,148.0,74,148.5,75,1,2022-08-02 09:20:12
1659432013296740000,148.5,2,148.0,77,148.5,74,1,2022-08-02 09:20:13
1659432013367087000,148.5,1,148.0,77,148.5,76,1,2022-08-02 09:20:13
1659432013880546000,148.5,1,148.0,72,148.5,73,1,2022-08-02 09:20:13
1659432014047224000,148.5,1,148.0,72,148.5,72,1,2022-08-02 09:20:14
1659432014074418000,148.5,10,148.0,72,148.5,62,1,2022-08-02 09:20:14
1659432014103721000,148.5,1,148.0,72,148.5,61,1,2022-08-02 09:20:14
1659432014615080000,148.5,5,148.0,77,148.5,56,1,2022-08-02 09:20:14
1659432014781064000,148.5,1,148.0,77,148.5,55,1,2022-08-02 09:20:14
1659432014796943000,148.5,1,148.0,77,148.5,54,1,2022-08-02 09:20:14
1659432015017897000,148.5,3,148.0,77,148.5,52,1,2022-08-02 09:20:15
1659432015514414000,148.5,1,148.0,77,148.5,53,1,2022-08-02 09:20:15
1659432015527500000,148.5,10,148.0,77,148.5,43,1,2022-08-02 09:20:15
1659432015621532000,148.5,3,148.0,77,148.5,40,1,2022-08-02 09:20:15
1659432015635024000,148.5,1,148.0,77,148.5,39,1,2022-08-02 09:20:15
1659432015831413000,148.5,1,148.0,77,148.5,46,1,2022-08-02 09:20:15
1659432015953036000,148.5,3,148.0,77,148.5,42,1,2022-08-02 09:20:15
1659432016107637000,148.5,1,148.0,77,148.5,41,1,2022-08-02 09:20:16
1659432016111259000,148.5,1,148.0,77,148.5,40,1,2022-08-02 09:20:16
1659432016189283000,148.5,2,148.0,77,148.5,88,1,2022-08-02 09:20:16
1659432016220577000,148.5,4,148.0,77,148.5,85,1,2022-08-02 09:20:16
1659432016258295000,148.5,5,148.0,77,148.5,80,1,2022-08-02 09:20:16
1659432016329634000,148.5,2,148.0,77,148.5,78,1,2022-08-02 09:20:16
1659432016360828000,148.5,1,148.0,77,148.5,89,1,2022-08-02 09:20:16
1659432016493778000,148.5,2,148.0,77,148.5,75,1,2022-08-02 09:20:16
1659432016528274000,148.5,2,148.0,77,148.5,73,1,2022-08-02 09:20:16
1659432016724423000,148.5,1,148.0,77,148.5,72,1,2022-08-02 09:20:16
1659432016731161000,148.5,2,148.0,77,148.5,70,1,2022-08-02 09:20:16
1659432016918465000,148.5,1,148.0,78,148.5,69,1,2022-08-02 09:20:16
1659432016990593000,148.5,10,148.0,78,148.5,64,1,2022-08-02 09:20:16
1659432017163251000,148.5,1,148.0,78,148.5,64,1,2022-08-02 09:20:17
1659432017470700000,148.5,1,148.0,81,148.5,63,1,2022-08-02 09:20:17
