ts,close,volume,bid_price,bid_volume,ask_price,ask_volume,tick_type,datetime
1657270812890876000,28.35,689,28.3,3,28.35,1,1,2022-07-08 09:00:12
1657270812910849000,28.3,3,28.25,1,28.35,1,2,2022-07-08 09:00:12
1657270813276469000,28.35,1,28.25,1,28.4,1052,1,2022-07-08 09:00:13
1657270813276469000,28.4,6,28.25,1,28.4,1052,1,2022-07-08 09:00:13
1657270813363401000,28.4,2,28.25,1,28.4,1050,1,2022-07-08 09:00:13
1657270813548024000,28.25,1,28.2,3,28.3,4,2,2022-07-08 09:00:13
1657270813748016000,28.3,1,28.2,3,28.3,3,1,2022-07-08 09:00:13
1657270814911027000,28.2,1,28.2,2,28.3,3,2,2022-07-08 09:00:14
1657270814941481000,28.2,2,28.15,1,28.3,3,2,2022-07-08 09:00:14
1657270816106708000,28.15,1,28.1,2,28.3,3,2,2022-07-08 09:00:16
1657270816106708000,28.1,1,28.1,2,28.3,3,2,2022-07-08 09:00:16
1657270816142217000,28.1,2,28.05,1,28.3,3,2,2022-07-08 09:00:16
1657270816562892000,28.3,1,28.05,1,28.3,2,1,2022-07-08 09:00:16
1657270818403090000,28.05,1,27.95,1,28.3,2,2,2022-07-08 09:00:18
1657270818403090000,28.0,7,27.95,1,28.3,2,2,2022-07-08 09:00:18
1657270819386551000,28.3,2,27.95,1,28.4,1003,1,2022-07-08 09:00:19
1657270819386551000,28.35,1,27.95,1,28.4,1003,1,2022-07-08 09:00:19
1657270819386551000,28.4,47,27.95,1,28.4,1003,1,2022-07-08 09:00:19
1657270823742180000,28.0,2,27.95,1,28.0,18,2,2022-07-08 09:00:23
1657270825182868000,28.0,1,27.95,1,28.0,17,1,2022-07-08 09:00:25
1657270825361585000,28.0,1,27.95,1,28.0,16,1,2022-07-08 09:00:25
1657270826067750000,27.95,1,27.9,2,28.0,16,2,2022-07-08 09:00:26
1657270826208251000,27.9,1,27.9,1,28.0,16,2,2022-07-08 09:00:26
1657270826424560000,28.0,1,27.9,1,28.0,15,1,2022-07-08 09:00:26
1657270826988786000,28.0,1,27.9,1,28.0,14,1,2022-07-08 09:00:26
1657270827262290000,28.0,1,27.9,1,28.0,13,1,2022-07-08 09:00:27
1657270828259904000,28.0,4,27.9,1,28.0,9,1,2022-07-08 09:00:28
1657270828682856000,27.95,1,27.9,1,28.0,9,2,2022-07-08 09:00:28
1657270829293629000,27.9,1,27.85,3,28.0,9,2,2022-07-08 09:00:29
1657270829409769000,27.85,1,27.85,2,28.0,9,2,2022-07-08 09:00:29
1657270830877198000,28.0,1,27.9,3,28.0,12,1,2022-07-08 09:00:30
1657270831044297000,28.0,1,27.95,1,28.0,10,1,2022-07-08 09:00:31
1657270831386895000,27.95,1,27.95,1,28.0,11,2,2022-07-08 09:00:31
1657270831585525000,27.9,1,27.9,2,28.0,11,2,2022-07-08 09:00:31
1657270831956902000,28.0,1,27.9,2,28.0,10,1,2022-07-08 09:00:31
1657270831999425000,27.9,1,27.9,1,28.0,10,2,2022-07-08 09:00:31
1657270833207570000,27.9,1,27.85,2,28.0,10,2,2022-07-08 09:00:33
1657270833318745000,27.85,2,27.8,50,28.0,10,2,2022-07-08 09:00:33
1657270833318745000,27.8,3,27.8,50,28.0,10,2,2022-07-08 09:00:33
1657270833360997000,27.8,20,27.8,30,28.0,10,2,2022-07-08 09:00:33
1657270833362053000,27.8,20,27.8,10,28.0,10,2,2022-07-08 09:00:33
1657270833362687000,27.8,10,27.75,21,27.8,10,2,2022-07-08 09:00:33
1657270833498592000,27.75,1,27.75,40,27.8,10,2,2022-07-08 09:00:33
1657270833546806000,27.8,10,27.75,40,28.05,10,1,2022-07-08 09:00:33
1657270833546806000,28.0,10,27.75,40,28.05,10,1,2022-07-08 09:00:33
1657270833546806000,28.05,10,27.75,40,28.05,10,1,2022-07-08 09:00:33
1657270834095648000,28.0,1,27.75,39,28.05,10,2,2022-07-08 09:00:34
1657270834095648000,27.75,1,27.75,39,28.05,10,2,2022-07-08 09:00:34
1657270834768846000,27.95,1,27.8,9,28.05,10,2,2022-07-08 09:00:34
1657270834768846000,27.8,1,27.8,9,28.05,10,2,2022-07-08 09:00:34
1657270835990836000,28.0,1,27.95,1,28.05,10,1,2022-07-08 09:00:35
1657270836026349000,27.95,1,27.8,11,28.05,10,2,2022-07-08 09:00:36
1657270836105090000,27.8,1,27.8,10,28.05,10,2,2022-07-08 09:00:36
1657270837273534000,27.85,1,27.85,2,28.05,10,2,2022-07-08 09:00:37
1657270837535865000,27.85,1,27.85,1,28.05,10,2,2022-07-08 09:00:37
1657270838320922000,27.85,1,27.7,2,27.8,8,2,2022-07-08 09:00:38
1657270838320922000,27.8,11,27.7,2,27.8,8,2,2022-07-08 09:00:38
1657270838639912000,27.8,1,27.7,2,27.8,7,1,2022-07-08 09:00:38
1657270839052684000,27.7,2,27.7,2,27.8,12,2,2022-07-08 09:00:39
1657270839052684000,27.65,1,27.7,2,27.8,12,2,2022-07-08 09:00:39
1657270839052684000,27.6,2,27.7,2,27.8,12,2,2022-07-08 09:00:39
1657270840953974000,27.8,1,27.65,2,27.8,11,1,2022-07-08 09:00:40
1657270841125257000,27.8,1,27.65,2,27.8,10,1,2022-07-08 09:00:41
1657270841260740000,27.65,2,27.6,3,27.8,10,2,2022-07-08 09:00:41
1657270841619078000,27.8,1,27.6,3,27.8,9,1,2022-07-08 09:00:41
1657270841931572000,27.8,1,27.6,3,27.8,8,1,2022-07-08 09:00:41
1657270842805082000,27.6,1,27.6,2,27.65,2,2,2022-07-08 09:00:42
1657270843146508000,27.6,2,27.55,2,27.65,2,2,2022-07-08 09:00:43
1657270843538669000,27.65,2,27.55,2,27.8,2,1,2022-07-08 09:00:43
1657270843538669000,27.8,6,27.55,2,27.8,2,1,2022-07-08 09:00:43
1657270844015045000,27.55,1,27.55,1,27.8,2,2,2022-07-08 09:00:44
1657270844996026000,27.65,1,27.55,1,27.8,15,2,2022-07-08 09:00:44
1657270845151979000,27.55,1,27.5,6,27.8,15,2,2022-07-08 09:00:45
1657270845879092000,27.65,1,27.5,6,27.65,5,1,2022-07-08 09:00:45
1657270847554724000,27.65,5,27.6,3,27.8,16,1,2022-07-08 09:00:47
1657270849263370000,27.65,1,27.6,3,27.65,1,1,2022-07-08 09:00:49
1657270849298632000,27.65,1,27.6,3,27.8,16,1,2022-07-08 09:00:49
1657270849776219000,27.6,1,27.6,2,27.65,1,2,2022-07-08 09:00:49
1657270849934398000,27.6,1,27.6,3,27.65,1,2,2022-07-08 09:00:49
1657270851700564000,27.65,1,27.6,1,27.7,1,1,2022-07-08 09:00:51
1657270852025192000,27.6,1,27.5,7,27.55,1,2,2022-07-08 09:00:52
1657270852050395000,27.55,1,27.5,7,27.7,1,1,2022-07-08 09:00:52
1657270852886488000,27.55,1,27.5,7,27.55,1,1,2022-07-08 09:00:52
1657270854082967000,27.6,1,27.5,7,27.6,1,1,2022-07-08 09:00:54
1657270854796614000,27.5,3,27.5,4,27.6,1,2,2022-07-08 09:00:54
1657270854891522000,27.5,4,27.4,9,27.6,1,2,2022-07-08 09:00:54
1657270854891522000,27.45,2,27.4,9,27.6,1,2,2022-07-08 09:00:54
1657270854891522000,27.4,4,27.4,9,27.6,1,2,2022-07-08 09:00:54
1657270855067862000,27.4,6,27.4,3,27.6,1,2,2022-07-08 09:00:55
1657270856468388000,27.6,1,27.5,1,27.65,4,1,2022-07-08 09:00:56
1657270856468388000,27.65,1,27.5,1,27.65,4,1,2022-07-08 09:00:56
1657270858190728000,27.5,1,27.45,1,27.6,1,2,2022-07-08 09:00:58
1657270858396589000,27.45,1,0.0,0,0.0,0,2,2022-07-08 09:00:58
1657270858396589000,27.4,3,0.0,0,0.0,0,2,2022-07-08 09:00:58
1657270978927442000,27.45,176,27.45,43,27.5,13,1,2022-07-08 09:02:58
1657270980681966000,27.5,1,27.45,43,27.5,12,1,2022-07-08 09:03:00
1657270980715770000,27.5,1,27.45,43,27.5,11,1,2022-07-08 09:03:00
1657270981410685000,27.5,2,27.45,43,27.5,9,1,2022-07-08 09:03:01
1657270981467407000,27.5,9,27.5,1,27.55,6,1,2022-07-08 09:03:01
1657270981496480000,27.5,1,27.45,43,27.55,6,2,2022-07-08 09:03:01
1657270981606534000,27.55,6,27.45,43,27.6,19,1,2022-07-08 09:03:01
1657270981606534000,27.6,2,27.45,43,27.6,19,1,2022-07-08 09:03:01
1657270981860722000,27.6,2,27.45,43,27.6,17,1,2022-07-08 09:03:01
1657270982660950000,27.45,3,27.45,40,27.6,17,2,2022-07-08 09:03:02
1657270983564136000,27.6,2,27.45,40,27.6,15,1,2022-07-08 09:03:03
1657270984257954000,27.5,1,27.45,40,27.5,4,1,2022-07-08 09:03:04
1657270984277982000,27.5,4,27.45,40,27.6,15,1,2022-07-08 09:03:04
1657270986125575000,27.6,1,27.5,3,27.6,14,1,2022-07-08 09:03:06
1657270986179758000,27.6,1,27.5,3,27.6,13,1,2022-07-08 09:03:06
1657270987185403000,27.5,3,27.45,34,27.6,13,2,2022-07-08 09:03:07
1657270987185403000,27.45,7,27.45,34,27.6,13,2,2022-07-08 09:03:07
1657270988413719000,27.5,1,27.45,32,27.6,13,2,2022-07-08 09:03:08
1657270988413719000,27.45,2,27.45,32,27.6,13,2,2022-07-08 09:03:08
1657270989655628000,27.6,5,27.5,1,27.6,8,1,2022-07-08 09:03:09
1657270989696914000,27.6,8,27.5,1,27.65,2,1,2022-07-08 09:03:09
1657270990714249000,27.5,1,27.45,28,27.6,10,2,2022-07-08 09:03:10
1657270991833886000,27.6,1,27.55,1,27.6,9,1,2022-07-08 09:03:11
1657270992170970000,27.55,1,27.45,29,27.6,29,2,2022-07-08 09:03:12
1657270992170970000,27.5,1,27.45,29,27.6,29,2,2022-07-08 09:03:12
1657270992221806000,27.6,5,27.45,29,27.6,24,1,2022-07-08 09:03:12
1657270992887844000,27.6,1,27.5,10,27.6,23,1,2022-07-08 09:03:12
1657270993321773000,27.5,1,27.5,9,27.55,20,2,2022-07-08 09:03:13
1657270994809515000,27.5,1,27.5,8,27.55,20,2,2022-07-08 09:03:14
1657270995019603000,27.55,1,27.5,8,27.55,19,1,2022-07-08 09:03:15
1657270995044646000,27.55,1,27.5,8,27.55,18,1,2022-07-08 09:03:15
1657270995484680000,27.5,1,27.5,11,27.55,18,2,2022-07-08 09:03:15
1657270998759697000,27.55,18,27.5,15,27.6,22,1,2022-07-08 09:03:18
1657270998759697000,27.6,2,27.5,15,27.6,22,1,2022-07-08 09:03:18
1657271001478873000,27.6,1,27.55,4,27.6,29,1,2022-07-08 09:03:21
1657271002591947000,27.55,1,27.55,3,27.6,30,2,2022-07-08 09:03:22
1657271002770217000,27.55,3,27.55,3,27.6,30,2,2022-07-08 09:03:22
1657271003633970000,27.55,2,27.55,1,27.6,30,2,2022-07-08 09:03:23
1657271005016083000,27.55,4,27.45,29,27.6,30,2,2022-07-08 09:03:25
1657271005016083000,27.5,21,27.45,29,27.6,30,2,2022-07-08 09:03:25
1657271005016083000,27.45,8,27.45,29,27.6,30,2,2022-07-08 09:03:25
1657271006158073000,27.5,1,27.45,29,27.6,30,1,2022-07-08 09:03:26
1657271008082025000,27.55,1,27.55,2,27.6,30,2,2022-07-08 09:03:28
1657271008876784000,27.6,30,27.6,20,27.65,22,1,2022-07-08 09:03:28
1657271009576939000,27.65,2,27.6,21,27.65,20,1,2022-07-08 09:03:29
1657271011103134000,27.6,5,27.6,21,27.65,20,2,2022-07-08 09:03:31
1657271011568561000,27.65,1,27.6,21,27.65,19,1,2022-07-08 09:03:31
1657271012606762000,27.65,2,27.6,21,27.65,17,1,2022-07-08 09:03:32
1657271013008734000,27.65,3,27.6,21,27.65,14,1,2022-07-08 09:03:33
1657271013214117000,27.65,1,27.6,21,27.65,13,1,2022-07-08 09:03:33
1657271013248940000,27.6,1,27.6,20,27.65,13,2,2022-07-08 09:03:33
1657271013701881000,27.65,1,27.6,20,27.65,13,1,2022-07-08 09:03:33
1657271013965948000,27.65,1,27.6,20,27.65,11,1,2022-07-08 09:03:33
1657271014120329000,27.6,1,27.6,19,27.65,11,2,2022-07-08 09:03:34
1657271015936102000,27.65,4,27.6,19,27.65,10,1,2022-07-08 09:03:35
1657271017054914000,27.6,1,27.6,23,27.65,10,2,2022-07-08 09:03:37
1657271017194684000,27.65,2,27.6,24,27.65,8,1,2022-07-08 09:03:37
1657271017759098000,27.65,4,27.6,24,27.65,4,1,2022-07-08 09:03:37
1657271018485724000,27.65,2,27.6,25,27.65,3,1,2022-07-08 09:03:38
1657271019192824000,27.65,1,27.6,30,27.65,2,1,2022-07-08 09:03:39
1657271019270048000,27.65,2,27.6,30,27.7,21,1,2022-07-08 09:03:39
1657271019313226000,27.6,1,27.6,29,27.7,21,2,2022-07-08 09:03:39
1657271020753152000,27.7,10,27.65,2,27.7,11,1,2022-07-08 09:03:40
1657271020878945000,27.65,2,27.6,30,27.65,3,2,2022-07-08 09:03:40
1657271021234070000,27.6,3,27.6,27,27.65,3,2,2022-07-08 09:03:41
1657271021251904000,27.6,1,27.6,26,27.65,3,2,2022-07-08 09:03:41
1657271021390494000,27.65,1,27.6,26,27.65,2,1,2022-07-08 09:03:41
1657271021498573000,27.6,1,27.6,25,27.65,2,2,2022-07-08 09:03:41
1657271021888146000,27.65,1,27.6,25,27.65,1,1,2022-07-08 09:03:41
1657271024298472000,27.6,5,27.6,22,27.65,1,2,2022-07-08 09:03:44
1657271026004766000,27.65,2,27.6,22,27.65,4,1,2022-07-08 09:03:46
1657271027647213000,27.6,3,27.6,21,27.65,4,2,2022-07-08 09:03:47
1657271028681341000,27.65,1,27.6,21,27.65,3,1,2022-07-08 09:03:48
1657271029378708000,27.65,2,27.6,31,27.65,3,1,2022-07-08 09:03:49
1657271029988280000,27.65,1,27.6,32,27.7,11,1,2022-07-08 09:03:49
1657271031446461000,27.7,5,27.65,5,27.7,6,1,2022-07-08 09:03:51
1657271032825334000,27.7,2,27.65,6,27.7,4,1,2022-07-08 09:03:52
1657271034254019000,27.7,1,27.65,10,27.7,3,1,2022-07-08 09:03:54
1657271034256976000,27.7,3,27.7,2,27.75,20,1,2022-07-08 09:03:54
1657271036401257000,27.7,1,27.7,1,27.75,20,2,2022-07-08 09:03:56
1657271036602198000,27.7,1,27.65,13,27.7,4,2,2022-07-08 09:03:56
1657271037343680000,27.7,4,27.7,1,27.75,20,1,2022-07-08 09:03:57
1657271038283997000,27.75,1,27.7,2,27.75,21,1,2022-07-08 09:03:58
1657271040262518000,27.75,1,27.7,6,27.75,19,1,2022-07-08 09:04:00
1657271041691204000,27.7,1,27.7,10,27.75,19,2,2022-07-08 09:04:01
1657271043475993000,27.7,12,27.65,14,27.7,1,2,2022-07-08 09:04:03
1657271043691386000,27.7,1,27.75,19,27.8,2,1,2022-07-08 09:04:03
1657271043691386000,27.75,19,27.75,19,27.8,2,1,2022-07-08 09:04:03
1657271045174722000,27.75,1,27.75,18,27.8,22,2,2022-07-08 09:04:05
1657271045656257000,27.75,19,27.65,14,27.75,1,2,2022-07-08 09:04:05
1657271047190746000,27.75,1,27.7,1,27.8,22,1,2022-07-08 09:04:07
1657271048793056000,27.75,2,27.75,2,27.8,23,2,2022-07-08 09:04:08
1657271050454746000,27.8,20,27.75,6,27.8,3,1,2022-07-08 09:04:10
1657271051474183000,27.8,3,27.75,8,27.8,3,1,2022-07-08 09:04:11
1657271051474183000,27.85,17,27.75,8,27.8,3,1,2022-07-08 09:04:11
1657271052603953000,27.75,2,27.75,6,27.85,3,2,2022-07-08 09:04:12
1657271053522435000,27.75,6,27.75,2,27.85,3,2,2022-07-08 09:04:13
1657271053552745000,27.75,2,27.7,8,27.85,3,2,2022-07-08 09:04:13
1657271053873361000,27.85,2,27.8,1,27.85,2,1,2022-07-08 09:04:13
1657271054652839000,27.85,1,27.8,1,27.85,41,1,2022-07-08 09:04:14
1657271054905703000,27.8,1,27.7,17,27.85,41,2,2022-07-08 09:04:14
1657271054905703000,27.7,1,27.7,17,27.85,41,2,2022-07-08 09:04:14
1657271055637955000,27.7,2,27.7,15,27.85,41,2,2022-07-08 09:04:15
1657271056942434000,27.75,2,27.75,7,27.85,41,2,2022-07-08 09:04:16
1657271057364627000,27.75,2,27.75,5,27.85,41,2,2022-07-08 09:04:17
1657271057440498000,27.85,1,27.75,5,27.85,40,1,2022-07-08 09:04:17
1657271057513175000,27.85,1,27.8,1,27.85,39,1,2022-07-08 09:04:17
1657271057802067000,27.8,1,27.7,16,27.85,39,2,2022-07-08 09:04:17
1657271057802067000,27.75,1,27.7,16,27.85,39,2,2022-07-08 09:04:17
1657271057817038000,27.85,2,27.7,16,27.85,37,1,2022-07-08 09:04:17
1657271058603507000,27.7,2,27.7,17,27.8,5,2,2022-07-08 09:04:18
1657271058983632000,27.8,1,27.7,15,27.8,4,1,2022-07-08 09:04:18
1657271059275155000,27.7,2,27.7,13,27.8,4,2,2022-07-08 09:04:19
1657271059311881000,27.8,1,27.7,13,27.8,3,1,2022-07-08 09:04:19
1657271059806884000,27.7,2,27.7,11,27.8,3,2,2022-07-08 09:04:19
1657271060816912000,27.7,2,27.7,10,27.8,3,2,2022-07-08 09:04:20
1657271061546903000,27.7,1,27.7,9,27.8,4,2,2022-07-08 09:04:21
1657271061548317000,27.8,1,27.7,9,27.8,3,1,2022-07-08 09:04:21
1657271061587006000,27.7,2,27.7,7,27.8,3,2,2022-07-08 09:04:21
1657271061644133000,27.8,1,27.7,7,27.8,2,1,2022-07-08 09:04:21
1657271061844947000,27.8,1,27.7,7,27.8,2,1,2022-07-08 09:04:21
1657271062191802000,27.7,2,27.7,9,27.8,2,2,2022-07-08 09:04:22
1657271062487328000,27.8,2,27.7,10,27.85,37,1,2022-07-08 09:04:22
1657271062615909000,27.7,1,27.7,9,27.85,37,2,2022-07-08 09:04:22
1657271063136965000,27.7,2,27.7,8,27.85,37,2,2022-07-08 09:04:23
1657271064054157000,27.75,1,27.7,5,27.8,2,2,2022-07-08 09:04:24
1657271064054157000,27.7,1,27.7,5,27.8,2,2,2022-07-08 09:04:24
1657271064065119000,27.7,1,27.7,4,27.8,2,2,2022-07-08 09:04:24
1657271064112812000,27.8,2,27.7,4,27.85,31,1,2022-07-08 09:04:24
1657271064112812000,27.85,6,27.7,4,27.85,31,1,2022-07-08 09:04:24
1657271064172520000,27.85,1,27.7,4,27.85,30,1,2022-07-08 09:04:24
1657271064821294000,27.7,2,27.7,4,27.75,1,2,2022-07-08 09:04:24
1657271065204626000,27.75,1,27.7,2,27.85,29,1,2022-07-08 09:04:25
1657271065204626000,27.85,1,27.7,2,27.85,29,1,2022-07-08 09:04:25
1657271065647593000,27.8,1,27.7,2,27.85,29,2,2022-07-08 09:04:25
1657271065647593000,27.7,1,27.7,2,27.85,29,2,2022-07-08 09:04:25
1657271066537557000,27.75,1,27.75,12,27.85,29,2,2022-07-08 09:04:26
1657271066632768000,27.75,2,27.75,10,27.85,29,2,2022-07-08 09:04:26
1657271067987379000,27.8,1,27.75,10,27.8,4,2,2022-07-08 09:04:27
1657271068268589000,27.75,2,27.8,1,27.85,29,2,2022-07-08 09:04:28
1657271068439916000,27.75,1,27.75,7,27.8,4,2,2022-07-08 09:04:28
1657271068592203000,27.8,3,27.75,7,27.8,2,1,2022-07-08 09:04:28
1657271069203074000,27.75,8,27.75,8,27.8,2,2,2022-07-08 09:04:29
1657271069203074000,27.7,2,27.75,8,27.8,2,2,2022-07-08 09:04:29
1657271069477195000,27.7,2,27.7,11,27.8,2,2,2022-07-08 09:04:29
1657271070999033000,27.75,2,27.7,16,27.8,2,2,2022-07-08 09:04:30
1657271071799436000,27.7,2,27.7,14,27.8,2,2,2022-07-08 09:04:31
1657271072674977000,27.7,2,27.7,17,27.8,2,2,2022-07-08 09:04:32
1657271073680884000,27.7,2,27.7,16,27.8,2,2,2022-07-08 09:04:33
1657271074393761000,27.7,2,27.7,15,27.8,7,2,2022-07-08 09:04:34
1657271075813487000,27.8,6,27.7,18,27.8,2,1,2022-07-08 09:04:35
1657271075837919000,27.8,2,27.7,18,27.8,8,1,2022-07-08 09:04:35
1657271076045736000,27.7,2,27.7,16,27.85,32,2,2022-07-08 09:04:36
1657271076307411000,27.8,1,27.8,7,27.85,32,2,2022-07-08 09:04:36
1657271079551441000,27.85,1,27.8,6,27.85,31,1,2022-07-08 09:04:39
1657271080846097000,27.85,1,27.8,9,27.85,31,1,2022-07-08 09:04:40
1657271081938357000,27.85,1,27.8,13,27.85,29,1,2022-07-08 09:04:41
1657271082282385000,27.8,3,27.8,10,27.85,29,2,2022-07-08 09:04:42
1657271082759950000,27.85,1,27.8,10,27.85,28,1,2022-07-08 09:04:42
1657271082785860000,27.85,1,27.8,10,27.85,27,1,2022-07-08 09:04:42
1657271083645175000,27.85,27,27.85,23,27.9,42,1,2022-07-08 09:04:43
1657271083756286000,27.9,1,27.85,23,27.9,41,1,2022-07-08 09:04:43
1657271084518980000,27.85,1,27.85,22,27.9,41,2,2022-07-08 09:04:44
1657271085483735000,27.9,2,27.85,22,27.9,39,1,2022-07-08 09:04:45
1657271085492888000,27.85,5,27.85,17,27.9,39,2,2022-07-08 09:04:45
1657271085528919000,27.85,10,27.85,7,27.9,39,2,2022-07-08 09:04:45
1657271085553026000,27.85,7,27.8,8,27.9,39,2,2022-07-08 09:04:45
1657271086960490000,27.9,1,27.85,4,27.9,38,1,2022-07-08 09:04:46
1657271088227136000,27.9,2,27.85,4,27.9,36,1,2022-07-08 09:04:48
1657271088867344000,27.85,4,27.85,10,27.9,36,2,2022-07-08 09:04:48
1657271089052421000,27.9,1,27.85,10,27.9,35,1,2022-07-08 09:04:49
1657271092818920000,27.9,2,27.85,10,27.9,38,1,2022-07-08 09:04:52
1657271092901994000,27.9,5,27.85,10,27.9,33,1,2022-07-08 09:04:52
1657271093056547000,27.9,1,27.85,10,27.9,32,1,2022-07-08 09:04:53
1657271094165471000,27.9,2,27.85,10,27.9,31,1,2022-07-08 09:04:54
1657271094315781000,27.9,3,27.85,10,27.9,28,1,2022-07-08 09:04:54
1657271094382087000,27.9,2,27.85,10,27.9,26,1,2022-07-08 09:04:54
1657271094771506000,27.9,5,27.85,10,27.9,21,1,2022-07-08 09:04:54
1657271096011514000,27.9,3,27.85,10,27.9,38,1,2022-07-08 09:04:56
1657271097325390000,27.9,11,27.85,20,27.9,30,1,2022-07-08 09:04:57
1657271100063105000,27.9,1,27.85,26,27.9,30,1,2022-07-08 09:05:00
1657271100415690000,27.9,6,27.85,26,27.9,23,1,2022-07-08 09:05:00
1657271100780421000,27.9,1,27.85,26,27.9,22,1,2022-07-08 09:05:00
1657271101978355000,27.9,3,27.85,26,27.9,19,1,2022-07-08 09:05:01
1657271102461344000,27.85,1,27.85,25,27.9,19,2,2022-07-08 09:05:02
1657271102798780000,27.9,1,27.85,25,27.9,18,1,2022-07-08 09:05:02
1657271102821198000,27.9,1,27.85,25,27.9,17,1,2022-07-08 09:05:02
1657271103174495000,27.9,1,27.85,25,27.9,16,1,2022-07-08 09:05:03
1657271103811560000,27.9,1,27.85,26,27.9,15,1,2022-07-08 09:05:03
1657271104417217000,27.9,3,27.85,26,27.9,12,1,2022-07-08 09:05:04
1657271104731344000,27.9,1,27.85,26,27.9,11,1,2022-07-08 09:05:04
1657271104850574000,27.9,5,27.85,26,27.9,6,1,2022-07-08 09:05:04
1657271105959999000,27.9,1,27.85,26,27.9,5,1,2022-07-08 09:05:05
1657271106345446000,27.9,1,27.85,26,27.9,4,1,2022-07-08 09:05:06
1657271106600887000,27.9,1,27.85,26,27.9,3,1,2022-07-08 09:05:06
1657271107473914000,27.9,1,27.85,26,27.9,2,1,2022-07-08 09:05:07
1657271108057513000,27.9,1,27.85,26,27.9,1,1,2022-07-08 09:05:08
1657271108836026000,27.9,1,27.9,4,27.95,25,1,2022-07-08 09:05:08
1657271108915370000,27.95,25,27.9,4,28.0,110,1,2022-07-08 09:05:08
1657271108915370000,28.0,13,27.9,4,28.0,110,1,2022-07-08 09:05:08
1657271109087653000,27.9,1,27.9,3,28.0,110,2,2022-07-08 09:05:09
1657271110708312000,27.9,1,27.9,22,28.0,110,2,2022-07-08 09:05:10
1657271112711973000,27.9,20,27.9,2,27.95,12,2,2022-07-08 09:05:12
1657271112945097000,27.9,1,27.9,1,27.95,12,2,2022-07-08 09:05:12
1657271112976919000,27.9,1,27.85,27,27.95,12,2,2022-07-08 09:05:12
1657271114614415000,27.9,4,27.85,27,27.9,16,2,2022-07-08 09:05:14
1657271114626165000,27.9,10,27.85,27,27.9,6,1,2022-07-08 09:05:14
1657271115170206000,27.85,1,27.85,26,27.9,6,2,2022-07-08 09:05:15
1657271115350100000,27.9,3,27.85,26,27.9,6,1,2022-07-08 09:05:15
1657271115358272000,27.9,3,27.9,7,27.95,37,1,2022-07-08 09:05:15
1657271116006568000,27.9,1,27.9,7,27.95,42,2,2022-07-08 09:05:16
1657271116715817000,27.95,1,27.9,12,27.95,41,1,2022-07-08 09:05:16
1657271117512316000,27.9,1,27.9,12,27.95,41,2,2022-07-08 09:05:17
1657271118053754000,27.9,1,27.9,16,27.95,41,2,2022-07-08 09:05:18
1657271120087198000,27.9,1,27.9,15,27.95,41,2,2022-07-08 09:05:20
1657271121209747000,27.9,1,27.9,14,27.95,41,2,2022-07-08 09:05:21
1657271121535367000,27.95,1,27.9,14,27.95,40,1,2022-07-08 09:05:21
1657271122014604000,27.9,5,27.9,25,27.95,40,2,2022-07-08 09:05:22
1657271123867146000,27.9,1,27.9,21,27.95,40,2,2022-07-08 09:05:23
1657271124123845000,27.95,20,27.9,21,27.95,20,1,2022-07-08 09:05:24
1657271124550561000,27.9,5,27.9,16,27.95,20,2,2022-07-08 09:05:24
1657271125788722000,27.9,2,27.9,19,27.95,20,2,2022-07-08 09:05:25
1657271130299472000,27.9,1,27.9,23,27.95,20,2,2022-07-08 09:05:30
1657271131216913000,27.95,5,27.9,23,27.95,15,1,2022-07-08 09:05:31
1657271132308407000,27.95,1,27.9,24,27.95,14,1,2022-07-08 09:05:32
1657271133064204000,27.9,1,27.9,23,27.95,14,2,2022-07-08 09:05:33
1657271133423445000,27.95,1,27.9,23,27.95,13,1,2022-07-08 09:05:33
1657271133884957000,27.95,2,27.9,23,27.95,11,1,2022-07-08 09:05:33
1657271135365933000,27.95,1,27.9,23,27.95,10,1,2022-07-08 09:05:35
1657271135753925000,27.95,2,27.9,28,27.95,8,1,2022-07-08 09:05:35
1657271136450266000,27.95,1,27.9,28,27.95,8,1,2022-07-08 09:05:36
1657271136853986000,27.95,1,27.9,28,27.95,7,1,2022-07-08 09:05:36
1657271139437977000,27.95,1,27.9,29,27.95,7,1,2022-07-08 09:05:39
1657271145198977000,27.95,6,27.9,37,27.95,6,1,2022-07-08 09:05:45
1657271145329723000,27.95,2,27.9,37,27.95,4,1,2022-07-08 09:05:45
1657271146271432000,27.95,1,27.9,37,27.95,5,1,2022-07-08 09:05:46
1657271146890179000,27.95,2,27.9,37,27.95,2,1,2022-07-08 09:05:46
1657271147174467000,27.95,1,27.9,38,27.95,1,1,2022-07-08 09:05:47
1657271147532201000,27.95,1,27.95,4,28.0,114,1,2022-07-08 09:05:47
1657271148148437000,27.95,1,27.95,4,28.0,114,2,2022-07-08 09:05:48
1657271148232938000,27.95,14,27.95,14,28.0,114,2,2022-07-08 09:05:48
1657271150331281000,27.95,1,27.9,37,27.95,5,1,2022-07-08 09:05:50
1657271151564930000,27.95,1,27.9,40,27.95,5,1,2022-07-08 09:05:51
1657271152570028000,27.95,4,27.95,1,28.0,115,1,2022-07-08 09:05:52
1657271153663204000,27.95,1,27.9,40,28.0,125,2,2022-07-08 09:05:53
1657271153663204000,27.9,3,27.9,40,28.0,125,2,2022-07-08 09:05:53
1657271153719717000,27.9,20,27.9,20,28.0,125,2,2022-07-08 09:05:53
1657271153720980000,27.9,20,27.9,40,28.0,125,2,2022-07-08 09:05:53
1657271155141950000,27.95,1,27.85,27,28.0,125,2,2022-07-08 09:05:55
1657271157929630000,28.0,1,27.95,1,28.0,126,1,2022-07-08 09:05:57
1657271158207819000,27.95,1,27.85,27,28.0,126,2,2022-07-08 09:05:58
1657271158950660000,28.0,5,27.85,27,28.0,121,1,2022-07-08 09:05:58
1657271163054515000,27.95,2,27.9,1,27.95,18,2,2022-07-08 09:06:03
1657271164273506000,27.95,1,27.9,2,27.95,27,1,2022-07-08 09:06:04
1657271164730236000,27.9,1,27.9,1,27.95,28,2,2022-07-08 09:06:04
1657271166062177000,27.95,1,27.9,1,27.95,27,1,2022-07-08 09:06:06
1657271168635315000,27.95,2,27.9,15,27.95,25,1,2022-07-08 09:06:08
1657271169280691000,27.95,3,27.9,16,27.95,22,1,2022-07-08 09:06:09
1657271171927672000,27.95,2,27.9,17,27.95,43,1,2022-07-08 09:06:11
1657271172461721000,27.9,2,27.9,15,27.95,43,2,2022-07-08 09:06:12
1657271175114071000,27.95,2,27.9,15,27.95,43,1,2022-07-08 09:06:15
1657271175553296000,27.9,1,27.9,14,27.95,43,2,2022-07-08 09:06:15
1657271176196342000,27.9,5,27.9,9,27.95,43,2,2022-07-08 09:06:16
1657271178950976000,27.95,2,27.9,9,27.95,43,1,2022-07-08 09:06:18
1657271179630928000,27.9,1,27.9,8,27.95,44,2,2022-07-08 09:06:19
1657271179657286000,27.95,2,27.9,8,27.95,42,1,2022-07-08 09:06:19
1657271183090767000,27.9,3,27.9,5,27.95,42,2,2022-07-08 09:06:23
1657271184113705000,27.9,1,27.9,4,27.95,42,2,2022-07-08 09:06:24
1657271188345713000,27.95,2,27.9,8,27.95,40,1,2022-07-08 09:06:28
1657271191456480000,27.9,10,27.9,1,27.95,41,2,2022-07-08 09:06:31
1657271191610915000,27.9,1,27.85,28,27.95,41,2,2022-07-08 09:06:31
1657271194694152000,27.85,1,27.85,27,27.9,5,2,2022-07-08 09:06:34
1657271195251247000,27.85,3,27.85,24,27.9,5,2,2022-07-08 09:06:35
1657271195292222000,27.85,24,27.8,37,27.9,5,2,2022-07-08 09:06:35
1657271199295493000,27.9,2,27.85,2,27.9,3,1,2022-07-08 09:06:39
1657271200556797000,27.9,1,27.85,2,27.9,4,1,2022-07-08 09:06:40
1657271200816125000,27.85,1,27.85,1,27.9,4,2,2022-07-08 09:06:40
1657271203652189000,27.85,1,27.8,38,27.9,9,2,2022-07-08 09:06:43
1657271207750340000,27.8,1,27.8,37,27.85,1,2,2022-07-08 09:06:47
1657271208702941000,27.85,1,27.8,37,27.85,1,1,2022-07-08 09:06:48
1657271208972490000,27.8,5,27.8,32,27.85,1,2,2022-07-08 09:06:48
1657271212091197000,27.8,10,27.8,23,27.85,15,2,2022-07-08 09:06:52
1657271213347848000,27.8,1,27.8,23,27.85,16,2,2022-07-08 09:06:53
1657271213811359000,27.85,1,27.8,23,27.85,15,1,2022-07-08 09:06:53
1657271214476376000,27.8,1,27.8,22,27.85,15,2,2022-07-08 09:06:54
1657271218054485000,27.8,1,27.8,11,27.85,16,2,2022-07-08 09:06:58
1657271220856380000,27.8,2,27.8,9,27.85,16,2,2022-07-08 09:07:00
1657271221908142000,27.8,2,27.8,9,27.85,16,2,2022-07-08 09:07:01
1657271223803695000,27.8,1,27.8,9,27.85,16,2,2022-07-08 09:07:03
1657271223841077000,27.8,1,27.8,8,27.85,16,2,2022-07-08 09:07:03
1657271224611846000,27.8,1,27.8,8,27.85,16,2,2022-07-08 09:07:04
1657271224693349000,27.8,8,27.75,205,27.8,2,2,2022-07-08 09:07:04
1657271227848403000,27.75,2,27.75,203,27.8,3,2,2022-07-08 09:07:07
1657271227890088000,27.75,3,27.75,3,27.8,3,2,2022-07-08 09:07:07
1657271228924695000,27.75,10,27.7,21,27.75,7,1,2022-07-08 09:07:08
1657271229954633000,27.7,1,27.7,20,27.75,7,2,2022-07-08 09:07:09
1657271232568298000,27.7,1,27.7,19,27.75,7,2,2022-07-08 09:07:12
1657271234040795000,27.75,1,27.7,19,27.75,6,1,2022-07-08 09:07:14
1657271234127719000,27.7,2,27.7,17,27.75,6,2,2022-07-08 09:07:14
1657271236667367000,27.7,1,27.7,16,27.75,6,2,2022-07-08 09:07:16
1657271237451293000,27.7,16,27.65,16,27.7,4,2,2022-07-08 09:07:17
1657271241293996000,27.65,1,27.65,15,27.7,15,2,2022-07-08 09:07:21
1657271242234747000,27.65,1,27.65,14,27.7,15,2,2022-07-08 09:07:22
1657271243313152000,27.65,1,27.65,13,27.7,15,2,2022-07-08 09:07:23
1657271243348179000,27.65,13,27.6,34,27.7,15,2,2022-07-08 09:07:23
1657271245874364000,27.65,1,27.6,34,27.65,1,1,2022-07-08 09:07:25
1657271248441905000,27.6,2,27.6,32,27.65,1,2,2022-07-08 09:07:28
1657271248469057000,27.6,20,27.6,12,27.65,1,2,2022-07-08 09:07:28
1657271248469642000,27.6,12,27.55,4,27.6,8,2,2022-07-08 09:07:28
1657271248477738000,27.55,4,27.5,28,27.6,28,2,2022-07-08 09:07:28
1657271248477738000,27.5,6,27.5,28,27.6,28,2,2022-07-08 09:07:28
1657271248954596000,27.5,1,27.5,27,27.6,28,2,2022-07-08 09:07:28
1657271250621382000,27.6,1,27.5,27,27.6,32,1,2022-07-08 09:07:30
1657271251554457000,27.6,30,27.5,27,27.6,2,1,2022-07-08 09:07:31
1657271252808939000,27.5,19,27.5,10,27.6,2,2,2022-07-08 09:07:32
1657271253170762000,27.5,1,27.5,9,27.6,2,2,2022-07-08 09:07:33
1657271253725146000,27.5,1,27.5,8,27.6,2,2,2022-07-08 09:07:33
1657271253862974000,27.6,2,27.5,8,27.65,4,1,2022-07-08 09:07:33
1657271255134015000,27.5,8,27.45,25,27.65,6,2,2022-07-08 09:07:35
1657271255134015000,27.45,2,27.45,25,27.65,6,2,2022-07-08 09:07:35
1657271257592150000,27.45,1,27.45,54,27.6,11,2,2022-07-08 09:07:37
1657271258884902000,27.45,17,27.45,37,27.6,11,2,2022-07-08 09:07:38
1657271259335314000,27.45,2,27.45,37,27.6,11,2,2022-07-08 09:07:39
1657271259878506000,27.45,2,27.45,35,27.6,11,2,2022-07-08 09:07:39
1657271260047959000,27.45,1,27.45,34,27.5,5,2,2022-07-08 09:07:40
1657271260097880000,27.45,28,27.45,6,27.5,5,2,2022-07-08 09:07:40
1657271261430925000,27.45,1,27.45,5,27.5,5,2,2022-07-08 09:07:41
1657271262519203000,27.45,5,27.4,101,27.5,5,2,2022-07-08 09:07:42
1657271263049294000,27.4,5,27.4,96,27.5,5,2,2022-07-08 09:07:43
1657271263078745000,27.4,20,27.4,76,27.5,5,2,2022-07-08 09:07:43
1657271263079103000,27.4,20,27.4,56,27.5,5,2,2022-07-08 09:07:43
1657271263079939000,27.4,20,27.4,36,27.5,5,2,2022-07-08 09:07:43
1657271263080784000,27.4,20,27.4,16,27.5,5,2,2022-07-08 09:07:43
1657271263081701000,27.4,16,27.35,34,27.4,4,2,2022-07-08 09:07:43
1657271263155698000,27.35,28,27.35,6,27.4,64,2,2022-07-08 09:07:43
1657271263178733000,27.35,6,27.3,10,27.4,64,2,2022-07-08 09:07:43
1657271263225906000,27.3,1,27.3,9,27.35,60,2,2022-07-08 09:07:43
1657271263227024000,27.3,1,27.3,8,27.35,60,2,2022-07-08 09:07:43
1657271263239068000,27.3,1,27.3,7,27.35,60,2,2022-07-08 09:07:43
1657271263253272000,27.3,6,27.3,1,27.35,60,2,2022-07-08 09:07:43
1657271263266036000,27.3,1,27.25,5,27.35,60,2,2022-07-08 09:07:43
1657271263277620000,27.25,1,27.25,4,27.35,60,2,2022-07-08 09:07:43
1657271263290408000,27.25,1,27.25,3,27.35,60,2,2022-07-08 09:07:43
1657271263306224000,27.25,1,27.3,10,27.35,60,2,2022-07-08 09:07:43
1657271263325852000,27.25,1,27.25,1,27.35,60,2,2022-07-08 09:07:43
1657271263602218000,27.25,1,27.2,2,27.35,60,2,2022-07-08 09:07:43
1657271263616963000,27.35,1,27.2,2,27.35,59,1,2022-07-08 09:07:43
1657271264122806000,27.2,2,27.15,3,27.35,59,2,2022-07-08 09:07:44
1657271264122806000,27.15,3,27.15,3,27.35,59,2,2022-07-08 09:07:44
1657271264409312000,27.15,3,27.1,40,27.35,59,2,2022-07-08 09:07:44
1657271264409366000,27.1,5,27.1,35,27.35,59,2,2022-07-08 09:07:44
1657271264847019000,27.1,5,27.1,30,27.35,59,2,2022-07-08 09:07:44
1657271264904022000,27.35,3,27.1,30,27.35,56,1,2022-07-08 09:07:44
1657271265456233000,27.1,5,27.1,25,27.35,56,2,2022-07-08 09:07:45
1657271265719845000,27.1,5,27.1,20,27.35,56,2,2022-07-08 09:07:45
1657271265937276000,27.1,5,27.1,15,27.35,56,2,2022-07-08 09:07:45
1657271265991823000,27.1,2,27.1,13,27.35,56,2,2022-07-08 09:07:45
1657271266066565000,27.1,1,27.1,12,27.35,56,2,2022-07-08 09:07:46
1657271266260855000,27.1,5,27.1,7,27.35,56,2,2022-07-08 09:07:46
1657271266565955000,27.35,1,27.1,7,27.35,55,1,2022-07-08 09:07:46
1657271266652780000,27.1,1,27.1,6,27.35,55,2,2022-07-08 09:07:46
1657271267243063000,27.1,5,27.1,1,27.35,55,2,2022-07-08 09:07:47
1657271267272253000,27.1,1,27.05,4,27.35,55,2,2022-07-08 09:07:47
1657271268039638000,27.05,1,27.05,3,27.35,55,2,2022-07-08 09:07:48
1657271271411107000,27.05,1,27.05,9,27.35,55,2,2022-07-08 09:07:51
1657271271765774000,27.05,3,27.05,6,27.35,55,2,2022-07-08 09:07:51
1657271271831571000,27.05,1,27.05,5,27.35,55,2,2022-07-08 09:07:51
1657271272925113000,27.1,1,27.1,3,27.35,55,2,2022-07-08 09:07:52
1657271275558895000,27.1,1,27.1,2,27.35,55,2,2022-07-08 09:07:55
1657271275887817000,27.1,2,27.05,4,27.35,55,2,2022-07-08 09:07:55
1657271275887817000,27.05,2,27.05,4,27.35,55,2,2022-07-08 09:07:55
1657271277558644000,27.1,1,27.05,5,27.35,55,2,2022-07-08 09:07:57
1657271277558644000,27.05,1,27.05,5,27.35,55,2,2022-07-08 09:07:57
1657271277777582000,27.05,4,27.05,1,27.1,1,2,2022-07-08 09:07:57
1657271278775987000,27.05,1,27.0,19,27.05,9,2,2022-07-08 09:07:58
1657271279607454000,27.05,1,27.0,19,27.05,8,1,2022-07-08 09:07:59
1657271280513563000,27.0,1,27.0,18,27.05,8,2,2022-07-08 09:08:00
1657271280536272000,27.0,1,27.0,17,27.05,8,2,2022-07-08 09:08:00
1657271280641209000,27.0,2,27.0,15,27.05,8,2,2022-07-08 09:08:00
1657271280863116000,27.0,12,27.0,3,27.05,8,2,2022-07-08 09:08:00
1657271283058985000,27.0,2,27.0,1,27.05,8,2,2022-07-08 09:08:03
1657271283779769000,27.0,1,26.9,4,27.05,8,2,2022-07-08 09:08:03
1657271283779769000,26.95,2,26.9,4,27.05,8,2,2022-07-08 09:08:03
1657271283779769000,26.9,2,26.9,4,27.05,8,2,2022-07-08 09:08:03
1657271283977913000,26.9,4,26.85,11,27.05,8,2,2022-07-08 09:08:03
1657271283977913000,26.85,1,26.85,11,27.05,8,2,2022-07-08 09:08:03
1657271284716365000,26.85,5,26.85,6,27.0,1,2,2022-07-08 09:08:04
1657271284910274000,26.85,5,26.85,1,27.0,1,2,2022-07-08 09:08:04
1657271285253060000,26.85,1,26.8,19,27.0,1,2,2022-07-08 09:08:05
1657271285253060000,26.8,4,26.8,19,27.0,1,2,2022-07-08 09:08:05
1657271285473443000,26.8,5,26.8,14,27.0,1,2,2022-07-08 09:08:05
1657271285829857000,26.8,3,26.8,11,27.0,1,2,2022-07-08 09:08:05
1657271285966787000,26.8,5,26.8,6,27.0,1,2,2022-07-08 09:08:05
1657271286142248000,26.8,5,26.8,1,27.0,1,2,2022-07-08 09:08:06
1657271287150161000,27.0,1,26.8,1,27.05,9,1,2022-07-08 09:08:07
1657271288140469000,26.8,1,26.7,2,27.05,9,2,2022-07-08 09:08:08
1657271288140469000,26.75,3,26.7,2,27.05,9,2,2022-07-08 09:08:08
1657271288140469000,26.7,1,26.7,2,27.05,9,2,2022-07-08 09:08:08
1657271290471136000,26.85,1,26.65,2,27.05,9,2,2022-07-08 09:08:10
1657271290471136000,26.7,2,26.65,2,27.05,9,2,2022-07-08 09:08:10
1657271292258498000,26.7,2,26.65,2,27.05,9,1,2022-07-08 09:08:12
1657271295114692000,26.7,1,26.65,3,27.0,1,2,2022-07-08 09:08:15
1657271295947780000,26.7,1,26.65,3,27.0,1,2,2022-07-08 09:08:15
1657271417452483000,26.8,59,26.8,7,26.85,11,1,2022-07-08 09:10:17
1657271417749656000,26.85,1,26.8,7,26.85,10,1,2022-07-08 09:10:17
1657271419979635000,26.85,5,26.8,10,26.85,5,1,2022-07-08 09:10:19
1657271420760921000,26.85,1,26.8,10,26.85,4,1,2022-07-08 09:10:20
1657271420777560000,26.85,1,26.8,10,26.85,3,1,2022-07-08 09:10:20
1657271421186984000,26.8,10,26.75,45,26.85,3,2,2022-07-08 09:10:21
1657271421813848000,26.8,1,26.75,45,26.85,3,2,2022-07-08 09:10:21
1657271423055444000,26.85,1,26.75,45,26.85,2,1,2022-07-08 09:10:23
1657271423087251000,26.85,2,26.75,45,27.0,6,1,2022-07-08 09:10:23
1657271423893590000,27.0,1,26.95,2,27.0,6,1,2022-07-08 09:10:23
1657271427770011000,27.0,1,26.95,2,27.0,4,1,2022-07-08 09:10:27
1657271428746384000,27.0,1,26.95,2,27.0,3,1,2022-07-08 09:10:28
1657271430013892000,26.95,3,26.85,1,26.95,17,2,2022-07-08 09:10:30
1657271430675688000,26.95,5,26.85,1,26.95,12,1,2022-07-08 09:10:30
1657271431049561000,26.85,1,26.75,45,26.95,12,2,2022-07-08 09:10:31
1657271431049561000,26.8,1,26.75,45,26.95,12,2,2022-07-08 09:10:31
1657271431049561000,26.75,1,26.75,45,26.95,12,2,2022-07-08 09:10:31
1657271432489491000,26.75,6,26.75,39,26.95,14,2,2022-07-08 09:10:32
1657271433346061000,26.9,2,26.75,39,26.95,14,1,2022-07-08 09:10:33
1657271434647426000,26.9,2,26.8,1,26.9,1,1,2022-07-08 09:10:34
1657271435462311000,26.9,1,26.8,1,26.9,1,1,2022-07-08 09:10:35
1657271436203051000,26.95,11,26.8,1,26.95,1,1,2022-07-08 09:10:36
1657271436225282000,26.95,1,26.8,1,27.0,22,1,2022-07-08 09:10:36
1657271437313357000,27.0,20,26.8,1,27.0,2,1,2022-07-08 09:10:37
1657271437337920000,27.0,2,26.8,1,27.05,9,1,2022-07-08 09:10:37
1657271441476218000,26.9,1,26.8,4,26.9,1,1,2022-07-08 09:10:41
1657271441476218000,26.95,3,26.8,4,26.9,1,1,2022-07-08 09:10:41
1657271441841335000,27.05,2,26.8,4,27.05,7,1,2022-07-08 09:10:41
1657271442131561000,27.05,1,26.8,4,27.05,6,1,2022-07-08 09:10:42
1657271442132610000,27.05,1,26.8,4,27.05,5,1,2022-07-08 09:10:42
1657271442136850000,27.05,1,26.8,4,27.05,4,1,2022-07-08 09:10:42
1657271447430021000,27.0,1,26.95,1,27.0,1,1,2022-07-08 09:10:47
1657271447664800000,27.05,7,26.95,1,27.35,52,1,2022-07-08 09:10:47
1657271447664800000,27.35,3,26.95,1,27.35,52,1,2022-07-08 09:10:47
1657271452061208000,27.0,1,26.95,3,27.2,2,2,2022-07-08 09:10:52
1657271458369962000,27.0,5,27.0,19,27.1,2,2,2022-07-08 09:10:58
1657271458902017000,27.1,2,27.0,22,27.1,2,1,2022-07-08 09:10:58
1657271458902017000,27.25,1,27.0,22,27.1,2,1,2022-07-08 09:10:58
1657271459446794000,27.0,5,27.0,17,27.2,2,2,2022-07-08 09:10:59
1657271461739173000,27.0,1,27.0,20,27.2,2,2,2022-07-08 09:11:01
1657271462096764000,27.0,19,27.0,4,27.1,3,2,2022-07-08 09:11:02
1657271465172135000,27.05,5,27.05,2,27.1,1,2,2022-07-08 09:11:05
1657271465997839000,27.1,1,27.05,2,27.1,2,1,2022-07-08 09:11:05
1657271466062402000,27.1,1,27.05,2,27.1,1,1,2022-07-08 09:11:06
1657271476825726000,27.1,1,27.1,2,27.2,2,2,2022-07-08 09:11:16
1657271479247248000,27.1,1,27.05,9,27.2,2,2,2022-07-08 09:11:19
1657271480672732000,27.1,2,27.1,1,27.2,2,2,2022-07-08 09:11:20
1657271481091666000,27.1,4,27.05,9,27.15,7,2,2022-07-08 09:11:21
1657271482118192000,27.1,1,27.0,49,27.05,10,2,2022-07-08 09:11:22
1657271482118192000,27.05,9,27.0,49,27.05,10,2,2022-07-08 09:11:22
1657271482353843000,27.0,15,27.0,34,27.05,10,2,2022-07-08 09:11:22
1657271482411385000,27.05,5,27.0,34,27.05,5,1,2022-07-08 09:11:22
1657271482984715000,27.0,20,27.0,14,27.05,5,2,2022-07-08 09:11:22
1657271483049177000,27.05,1,27.0,34,27.05,5,1,2022-07-08 09:11:23
1657271483143131000,27.0,14,26.95,4,27.0,6,2,2022-07-08 09:11:23
1657271483727545000,26.95,3,26.95,1,27.0,8,2,2022-07-08 09:11:23
1657271485948053000,26.95,1,26.95,1,27.0,8,2,2022-07-08 09:11:25
1657271488675148000,26.9,5,26.85,2,26.95,4,2,2022-07-08 09:11:28
1657271488902871000,26.95,2,26.85,2,26.95,2,1,2022-07-08 09:11:28
1657271489371598000,26.95,1,26.85,2,26.95,1,1,2022-07-08 09:11:29
1657271489530006000,26.9,1,26.85,2,26.95,1,2,2022-07-08 09:11:29
1657271492182953000,26.9,5,26.85,2,26.9,2,1,2022-07-08 09:11:32
1657271492209556000,26.9,2,26.85,2,27.0,8,1,2022-07-08 09:11:32
1657271492666881000,26.85,1,26.85,6,27.0,6,2,2022-07-08 09:11:32
1657271495472051000,27.0,2,26.9,2,27.0,4,1,2022-07-08 09:11:35
1657271496123102000,26.9,2,26.85,6,27.0,4,2,2022-07-08 09:11:36
1657271497847278000,26.9,1,26.85,6,26.9,3,1,2022-07-08 09:11:37
1657271499077293000,26.85,1,26.85,7,26.9,3,2,2022-07-08 09:11:39
1657271504368825000,26.85,5,26.85,4,26.9,3,2,2022-07-08 09:11:44
1657271504666029000,26.85,1,26.85,3,26.9,3,2,2022-07-08 09:11:44
1657271504756620000,26.9,3,26.9,1,26.95,1,1,2022-07-08 09:11:44
1657271506542347000,26.95,1,26.9,1,27.0,14,1,2022-07-08 09:11:46
1657271509457661000,26.9,1,26.85,3,26.9,4,2,2022-07-08 09:11:49
1657271510192730000,26.9,2,26.85,3,26.9,2,1,2022-07-08 09:11:50
1657271512566226000,26.9,2,26.85,3,27.0,12,1,2022-07-08 09:11:52
1657271512566226000,26.95,1,26.85,3,27.0,12,1,2022-07-08 09:11:52
1657271512566226000,27.0,2,26.85,3,27.0,12,1,2022-07-08 09:11:52
1657271514399104000,26.9,1,26.85,3,26.95,1,1,2022-07-08 09:11:54
1657271518260076000,26.9,2,26.85,3,26.9,2,2,2022-07-08 09:11:58
1657271518418765000,26.9,1,26.85,3,26.9,1,1,2022-07-08 09:11:58
1657271518712485000,26.9,1,26.95,48,27.0,11,1,2022-07-08 09:11:58
1657271518712485000,26.95,1,26.95,48,27.0,11,1,2022-07-08 09:11:58
1657271521113911000,26.95,1,26.95,52,27.0,10,2,2022-07-08 09:12:01
1657271522989290000,27.0,2,26.95,52,27.0,8,1,2022-07-08 09:12:02
1657271523288976000,26.95,1,26.95,51,27.0,9,2,2022-07-08 09:12:03
1657271526978544000,26.95,1,26.95,51,27.0,9,2,2022-07-08 09:12:06
1657271528650689000,27.0,2,26.95,51,27.0,7,1,2022-07-08 09:12:08
1657271529241844000,26.95,1,26.95,50,27.0,7,2,2022-07-08 09:12:09
1657271534413407000,27.0,1,26.95,50,27.0,7,1,2022-07-08 09:12:14
1657271540816495000,27.0,3,26.95,53,27.0,4,1,2022-07-08 09:12:20
1657271544690107000,27.0,3,26.95,54,27.0,1,1,2022-07-08 09:12:24
1657271547021809000,27.0,3,26.95,54,27.05,2,1,2022-07-08 09:12:27
1657271547021809000,27.05,2,26.95,54,27.05,2,1,2022-07-08 09:12:27
1657271554043408000,27.05,1,27.0,11,27.05,1,1,2022-07-08 09:12:34
1657271556344259000,27.05,1,27.05,1,27.1,5,1,2022-07-08 09:12:36
1657271556377085000,27.05,1,27.0,11,27.1,5,2,2022-07-08 09:12:36
1657271556844480000,27.05,1,27.0,11,27.05,1,1,2022-07-08 09:12:36
1657271557489490000,27.05,2,27.0,11,27.05,2,1,2022-07-08 09:12:37
1657271562075951000,27.1,2,27.05,3,27.1,3,1,2022-07-08 09:12:42
1657271562744038000,27.1,3,27.1,41,27.15,29,1,2022-07-08 09:12:42
1657271568346407000,27.15,4,27.1,44,27.15,25,1,2022-07-08 09:12:48
1657271569222749000,27.15,25,27.15,16,27.2,20,1,2022-07-08 09:12:49
1657271569707510000,27.2,1,27.15,16,27.2,19,1,2022-07-08 09:12:49
1657271570520350000,27.15,11,27.15,5,27.2,19,2,2022-07-08 09:12:50
1657271573372072000,27.2,5,27.15,8,27.2,14,1,2022-07-08 09:12:53
1657271573559924000,27.2,5,27.15,8,27.2,9,1,2022-07-08 09:12:53
1657271576508587000,27.15,1,27.15,7,27.2,9,2,2022-07-08 09:12:56
1657271577622007000,27.2,4,27.15,3,27.2,5,1,2022-07-08 09:12:57
1657271578939046000,27.2,1,27.15,8,27.2,4,1,2022-07-08 09:12:58
1657271579744133000,27.2,1,27.15,8,27.2,3,1,2022-07-08 09:12:59
1657271580734239000,27.2,1,27.15,8,27.2,2,1,2022-07-08 09:13:00
1657271581613142000,27.15,1,27.15,7,27.2,2,2,2022-07-08 09:13:01
1657271582124664000,27.2,1,27.15,7,27.2,1,1,2022-07-08 09:13:02
1657271582597274000,27.2,1,27.25,1,27.3,2,1,2022-07-08 09:13:02
1657271582597274000,27.25,1,27.25,1,27.3,2,1,2022-07-08 09:13:02
1657271583436510000,27.25,1,27.15,7,27.3,2,2,2022-07-08 09:13:03
1657271590755198000,27.3,1,27.2,3,27.3,2,1,2022-07-08 09:13:10
1657271591192607000,27.3,1,27.2,3,27.3,1,1,2022-07-08 09:13:11
1657271591912157000,27.3,1,27.2,4,27.35,62,1,2022-07-08 09:13:11
1657271595371362000,27.3,2,27.2,10,27.35,62,1,2022-07-08 09:13:15
1657271599525315000,27.3,1,27.2,13,27.3,16,1,2022-07-08 09:13:19
1657271599652465000,27.2,13,27.15,9,27.3,16,2,2022-07-08 09:13:19
1657271600124034000,27.3,1,27.2,1,27.3,15,1,2022-07-08 09:13:20
1657271600314934000,27.3,1,27.2,1,27.3,14,1,2022-07-08 09:13:20
1657271601095088000,27.3,3,27.2,1,27.3,13,1,2022-07-08 09:13:21
1657271603433946000,27.2,1,27.15,9,27.2,1,2,2022-07-08 09:13:23
1657271604063401000,27.2,1,27.15,9,27.3,5,1,2022-07-08 09:13:24
1657271604063401000,27.3,9,27.15,9,27.3,5,1,2022-07-08 09:13:24
1657271604598033000,27.3,5,27.15,9,27.35,61,1,2022-07-08 09:13:24
1657271609727715000,27.2,1,27.1,4,27.15,8,2,2022-07-08 09:13:29
1657271609727715000,27.15,11,27.1,4,27.15,8,2,2022-07-08 09:13:29
1657271615360113000,27.3,2,27.1,4,27.35,13,1,2022-07-08 09:13:35
1657271615360113000,27.35,48,27.1,4,27.35,13,1,2022-07-08 09:13:35
1657271617719978000,27.15,2,27.15,1,27.3,17,2,2022-07-08 09:13:37
1657271620590253000,27.3,1,27.15,4,27.3,16,1,2022-07-08 09:13:40
1657271623517671000,27.3,1,27.15,5,27.3,15,1,2022-07-08 09:13:43
1657271624512176000,27.25,2,27.15,6,27.3,13,1,2022-07-08 09:13:44
1657271624512176000,27.3,5,27.15,6,27.3,13,1,2022-07-08 09:13:44
1657271624628010000,27.15,2,27.15,4,27.3,13,2,2022-07-08 09:13:44
1657271632830764000,27.3,1,27.2,8,27.3,12,1,2022-07-08 09:13:52
1657271634848545000,27.25,1,27.2,8,27.3,14,2,2022-07-08 09:13:54
1657271640948322000,27.3,6,27.2,8,27.3,8,1,2022-07-08 09:14:00
1657271643069404000,27.3,4,27.25,2,27.3,4,1,2022-07-08 09:14:03
1657271644279555000,27.3,1,27.25,2,27.3,3,1,2022-07-08 09:14:04
1657271645946303000,27.25,3,27.15,27,27.2,1,2,2022-07-08 09:14:05
1657271645946303000,27.2,8,27.15,27,27.2,1,2,2022-07-08 09:14:05
1657271647733639000,27.2,1,27.15,27,27.3,1,1,2022-07-08 09:14:07
1657271653604554000,27.2,12,27.25,3,27.3,3,1,2022-07-08 09:14:13
1657271667941889000,27.3,1,27.25,3,27.3,7,1,2022-07-08 09:14:27
1657271669504159000,27.3,1,27.25,3,27.3,6,1,2022-07-08 09:14:29
1657271673569049000,27.3,2,27.25,3,27.3,9,1,2022-07-08 09:14:33
1657271675793618000,27.3,3,27.25,4,27.3,6,1,2022-07-08 09:14:35
1657271676423764000,27.3,1,27.25,5,27.3,6,1,2022-07-08 09:14:36
1657271680663324000,27.3,1,27.25,5,27.3,4,1,2022-07-08 09:14:40
1657271682015033000,27.3,1,27.25,5,27.3,3,1,2022-07-08 09:14:42
1657271687727084000,27.3,1,27.25,5,27.3,4,1,2022-07-08 09:14:47
1657271688519832000,27.3,1,27.25,5,27.3,3,1,2022-07-08 09:14:48
1657271690090787000,27.25,1,27.25,4,27.3,3,2,2022-07-08 09:14:50
1657271697303844000,27.25,4,27.2,19,27.25,1,2,2022-07-08 09:14:57
1657271702944110000,27.25,1,27.2,19,27.25,4,1,2022-07-08 09:15:02
1657271704778745000,27.25,1,27.2,19,27.25,3,1,2022-07-08 09:15:04
1657271706202851000,27.2,1,27.2,18,27.25,3,2,2022-07-08 09:15:06
1657271706235578000,27.25,3,27.25,7,27.3,3,1,2022-07-08 09:15:06
1657271712011912000,27.3,1,27.25,7,27.3,2,1,2022-07-08 09:15:12
1657271714466023000,27.25,1,27.25,6,27.35,14,2,2022-07-08 09:15:14
1657271716165722000,27.3,1,27.25,11,27.3,1,1,2022-07-08 09:15:16
1657271727164797000,27.3,1,27.25,13,27.3,2,1,2022-07-08 09:15:27
1657271727214737000,27.3,1,27.25,13,27.3,1,1,2022-07-08 09:15:27
1657271734378880000,27.3,1,27.25,13,27.35,19,1,2022-07-08 09:15:34
1657271736606889000,27.3,10,27.3,10,27.35,19,2,2022-07-08 09:15:36
1657271746584291000,27.3,1,27.3,10,27.35,19,2,2022-07-08 09:15:46
1657271746616484000,27.3,1,27.3,9,27.35,19,2,2022-07-08 09:15:46
1657271750897701000,27.35,19,27.3,9,27.4,69,1,2022-07-08 09:15:50
1657271752335383000,27.3,3,27.3,6,27.4,69,2,2022-07-08 09:15:52
1657271756943839000,27.3,5,27.3,3,27.35,2,2,2022-07-08 09:15:56
1657271766662768000,27.3,3,27.3,1,27.35,2,2,2022-07-08 09:16:06
1657271768099553000,27.35,2,27.3,3,27.35,3,1,2022-07-08 09:16:08
1657271772746326000,27.35,1,27.3,3,27.35,3,1,2022-07-08 09:16:12
1657271775045956000,27.3,3,27.25,12,27.3,2,2,2022-07-08 09:16:15
1657271775541882000,27.3,1,27.25,12,27.3,3,1,2022-07-08 09:16:15
1657271777743529000,27.3,1,27.25,13,27.3,3,1,2022-07-08 09:16:17
1657271779453999000,27.3,3,27.25,13,27.35,2,1,2022-07-08 09:16:19
1657271779453999000,27.35,1,27.25,13,27.35,2,1,2022-07-08 09:16:19
1657271782531952000,27.3,2,27.25,13,27.35,7,1,2022-07-08 09:16:22
1657271785702554000,27.3,1,27.25,13,27.3,1,2,2022-07-08 09:16:25
1657271786455720000,27.25,5,27.25,8,27.3,3,2,2022-07-08 09:16:26
1657271788557023000,27.3,2,27.25,8,27.3,1,1,2022-07-08 09:16:28
1657271791296243000,27.3,1,27.25,9,27.3,3,1,2022-07-08 09:16:31
1657271793589628000,27.3,2,27.25,9,27.35,10,1,2022-07-08 09:16:33
1657271802768312000,27.35,1,27.3,4,27.35,12,1,2022-07-08 09:16:42
1657271807631565000,27.35,1,27.3,6,27.35,12,1,2022-07-08 09:16:47
1657271809693690000,27.3,1,27.3,4,27.35,12,2,2022-07-08 09:16:49
1657271819155427000,27.3,1,27.3,4,27.35,12,2,2022-07-08 09:16:59
1657271821231194000,27.3,3,27.3,2,27.35,12,2,2022-07-08 09:17:01
1657271829627769000,27.3,1,27.3,3,27.35,12,2,2022-07-08 09:17:09
1657271833701019000,27.3,1,27.3,2,27.35,12,2,2022-07-08 09:17:13
1657271839115945000,27.3,2,27.3,2,27.35,12,2,2022-07-08 09:17:19
1657271840885722000,27.3,2,27.25,13,27.3,3,2,2022-07-08 09:17:20
1657271848754121000,27.3,1,27.25,13,27.3,4,1,2022-07-08 09:17:28
1657271849529128000,27.3,1,27.25,13,27.3,3,1,2022-07-08 09:17:29
1657271851041050000,27.3,1,27.25,13,27.3,6,1,2022-07-08 09:17:31
1657271853844039000,27.3,1,27.25,13,27.3,4,1,2022-07-08 09:17:33
1657271853869568000,27.3,1,27.25,12,27.3,3,1,2022-07-08 09:17:33
1657271854119941000,27.3,2,27.25,12,27.3,1,1,2022-07-08 09:17:34
1657271854213115000,27.25,12,27.2,22,27.25,8,2,2022-07-08 09:17:34
1657271858325171000,27.2,3,27.2,19,27.25,8,2,2022-07-08 09:17:38
1657271860841841000,27.2,3,27.2,16,27.25,10,2,2022-07-08 09:17:40
1657271862423151000,27.25,1,27.2,16,27.25,9,1,2022-07-08 09:17:42
1657271862448663000,27.2,16,27.15,26,27.2,4,2,2022-07-08 09:17:42
1657271864112349000,27.2,1,27.15,25,27.2,15,1,2022-07-08 09:17:44
1657271865163771000,27.2,3,27.15,25,27.2,13,1,2022-07-08 09:17:45
1657271867348011000,27.15,5,27.15,20,27.2,13,2,2022-07-08 09:17:47
1657271870755877000,27.15,5,27.15,15,27.2,14,2,2022-07-08 09:17:50
1657271870987059000,27.15,15,27.1,23,27.2,14,2,2022-07-08 09:17:50
1657271875416774000,27.1,10,27.1,12,27.15,1,2,2022-07-08 09:17:55
1657271880996728000,27.1,12,27.0,10,27.15,7,2,2022-07-08 09:18:00
1657271880996728000,27.05,12,27.0,10,27.15,7,2,2022-07-08 09:18:00
1657271880996728000,27.0,15,27.0,10,27.15,7,2,2022-07-08 09:18:00
1657271882623119000,27.1,3,27.0,10,27.1,2,1,2022-07-08 09:18:02
1657271882964024000,27.0,10,26.95,9,27.1,2,2,2022-07-08 09:18:02
1657271883143778000,26.95,5,26.95,4,27.1,2,2,2022-07-08 09:18:03
1657271886359727000,26.95,1,26.95,3,27.1,24,2,2022-07-08 09:18:06
1657271888067965000,26.95,3,26.9,7,27.1,28,2,2022-07-08 09:18:08
1657271889937970000,26.95,2,26.9,7,27.1,29,1,2022-07-08 09:18:09
1657271889972907000,27.1,1,26.9,7,27.1,28,1,2022-07-08 09:18:09
1657271893951872000,26.9,7,26.85,2,26.95,5,2,2022-07-08 09:18:13
1657271893951872000,26.85,3,26.85,2,26.95,5,2,2022-07-08 09:18:13
1657271898058698000,26.95,5,26.85,4,26.95,3,1,2022-07-08 09:18:18
1657271898088349000,26.95,3,26.85,4,27.0,4,1,2022-07-08 09:18:18
1657271899167179000,26.85,1,26.85,3,26.95,1,2,2022-07-08 09:18:19
1657271899623724000,26.85,3,26.8,25,26.95,1,2,2022-07-08 09:18:19
1657271899623724000,26.8,7,26.8,25,26.95,1,2,2022-07-08 09:18:19
1657271903802990000,26.8,1,26.8,24,26.85,5,2,2022-07-08 09:18:23
1657271904077137000,26.85,1,26.8,24,26.85,4,1,2022-07-08 09:18:24
1657271908103080000,26.85,2,26.8,24,26.85,2,1,2022-07-08 09:18:28
1657271909409248000,26.85,2,26.85,1,26.95,1,1,2022-07-08 09:18:29
1657271909886827000,26.95,1,26.85,3,27.0,4,1,2022-07-08 09:18:29
1657271919479027000,26.85,2,26.85,4,27.0,5,2,2022-07-08 09:18:39
1657271924594006000,27.0,5,26.85,4,27.0,11,1,2022-07-08 09:18:44
1657271924849774000,26.85,1,26.85,3,27.0,11,2,2022-07-08 09:18:44
1657271926095267000,26.85,5,26.8,8,27.0,11,2,2022-07-08 09:18:46
1657271926095267000,26.8,15,26.8,8,27.0,11,2,2022-07-08 09:18:46
1657271926143477000,26.8,8,26.75,36,27.0,11,2,2022-07-08 09:18:46
1657271926143477000,26.75,2,26.75,36,27.0,11,2,2022-07-08 09:18:46
1657271926381241000,26.8,3,26.95,2,27.0,11,1,2022-07-08 09:18:46
1657271926607405000,26.95,2,26.75,36,27.0,13,2,2022-07-08 09:18:46
1657271928967605000,26.85,1,26.8,4,26.85,3,1,2022-07-08 09:18:48
1657271931216377000,26.85,1,26.8,4,26.85,2,1,2022-07-08 09:18:51
1657271931530267000,26.85,1,26.8,4,26.85,1,1,2022-07-08 09:18:51
1657271931564049000,26.85,1,26.8,4,26.95,2,1,2022-07-08 09:18:51
1657271933579396000,26.8,6,26.75,26,26.95,2,2,2022-07-08 09:18:53
1657271933579396000,26.75,10,26.75,26,26.95,2,2,2022-07-08 09:18:53
1657271935598450000,26.75,15,26.75,13,26.95,2,2,2022-07-08 09:18:55
1657271937917463000,26.85,5,26.8,1,26.85,5,1,2022-07-08 09:18:57
1657271937917463000,26.9,1,26.8,1,26.85,5,1,2022-07-08 09:18:57
1657271937917463000,26.95,4,26.8,1,26.85,5,1,2022-07-08 09:18:57
1657271937917463000,27.0,10,26.8,1,26.85,5,1,2022-07-08 09:18:57
1657271938401830000,26.8,3,26.75,11,27.0,2,2,2022-07-08 09:18:58
1657271938876516000,27.0,2,26.85,2,27.0,2,1,2022-07-08 09:18:58
1657271939102514000,27.0,2,27.0,6,27.05,4,2,2022-07-08 09:18:59
1657271940933729000,27.0,1,27.0,5,27.05,4,2,2022-07-08 09:19:00
1657271942391405000,27.0,2,27.0,3,27.05,4,2,2022-07-08 09:19:02
1657271946997341000,27.0,1,27.0,2,27.05,15,2,2022-07-08 09:19:06
1657271948375794000,27.0,2,26.85,3,27.05,15,2,2022-07-08 09:19:08
1657271948375794000,26.85,2,26.85,3,27.05,15,2,2022-07-08 09:19:08
1657271950264658000,27.0,1,26.85,4,27.0,24,1,2022-07-08 09:19:10
1657271950315263000,26.85,2,26.85,2,27.0,24,2,2022-07-08 09:19:10
1657271953714492000,26.85,1,26.85,1,26.95,2,2,2022-07-08 09:19:13
1657271954887448000,26.85,1,26.75,10,26.95,2,2,2022-07-08 09:19:14
1657271954887448000,26.75,1,26.75,10,26.95,2,2,2022-07-08 09:19:14
1657271956292364000,26.85,1,26.75,10,26.85,7,2,2022-07-08 09:19:16
1657271959543439000,26.75,5,26.75,10,26.85,7,2,2022-07-08 09:19:19
1657271960471970000,26.75,5,26.7,44,26.85,7,2,2022-07-08 09:19:20
1657271960471970000,26.7,5,26.7,44,26.85,7,2,2022-07-08 09:19:20
1657271961058146000,26.85,1,26.7,44,26.85,9,1,2022-07-08 09:19:21
1657271962325909000,26.85,1,26.7,44,26.85,5,1,2022-07-08 09:19:22
1657271962465057000,26.85,1,26.7,44,26.85,4,1,2022-07-08 09:19:22
1657271966705097000,26.7,5,26.7,39,26.8,1,2,2022-07-08 09:19:26
1657271967081832000,26.7,12,26.7,28,26.8,1,2,2022-07-08 09:19:27
1657271967464366000,26.8,1,26.7,28,26.85,4,1,2022-07-08 09:19:27
1657271968566772000,26.7,1,26.7,27,26.85,4,2,2022-07-08 09:19:28
1657271968898213000,26.7,1,26.7,26,26.85,6,2,2022-07-08 09:19:28
1657271972731531000,26.7,17,26.7,21,26.8,1,2,2022-07-08 09:19:32
1657271972830216000,26.7,1,26.7,20,26.8,1,2,2022-07-08 09:19:32
1657271973605781000,26.7,1,26.7,19,26.8,1,2,2022-07-08 09:19:33
1657271974290098000,26.7,1,26.7,18,26.8,1,2,2022-07-08 09:19:34
1657271975620100000,26.8,1,26.7,18,26.85,4,1,2022-07-08 09:19:35
1657271976238603000,26.7,17,26.7,1,26.85,4,2,2022-07-08 09:19:36
1657271977128248000,26.7,1,26.65,12,26.85,6,2,2022-07-08 09:19:37
1657271977128248000,26.65,4,26.65,12,26.85,6,2,2022-07-08 09:19:37
1657271978164343000,26.65,10,26.65,2,26.7,1,2,2022-07-08 09:19:38
1657271978277131000,26.65,1,26.65,1,26.7,1,2,2022-07-08 09:19:38
1657271978557902000,26.65,1,26.6,48,26.7,1,2,2022-07-08 09:19:38
1657271978557902000,26.6,4,26.6,48,26.7,1,2,2022-07-08 09:19:38
1657271978806136000,26.6,6,26.6,42,26.7,1,2,2022-07-08 09:19:38
1657271979072902000,26.6,10,26.6,32,26.7,1,2,2022-07-08 09:19:39
1657271979145393000,26.7,1,26.7,2,26.85,6,1,2022-07-08 09:19:39
1657271980487526000,26.7,1,26.7,1,26.8,2,2,2022-07-08 09:19:40
1657271981968206000,26.7,1,26.6,30,26.8,3,2,2022-07-08 09:19:41
1657271981968206000,26.6,2,26.6,30,26.8,3,2,2022-07-08 09:19:41
1657271982559549000,26.7,1,26.6,30,26.8,3,2,2022-07-08 09:19:42
1657271983659711000,26.6,6,26.6,24,26.7,1,2,2022-07-08 09:19:43
1657271984309068000,26.6,4,26.6,20,26.7,1,2,2022-07-08 09:19:44
1657271985567022000,26.6,2,26.6,18,26.7,2,2,2022-07-08 09:19:45
1657271986229692000,26.6,18,26.55,34,26.7,2,2,2022-07-08 09:19:46
1657271986229692000,26.55,2,26.55,34,26.7,2,2,2022-07-08 09:19:46
1657271987604376000,26.7,4,26.55,34,26.8,3,1,2022-07-08 09:19:47
1657271987604376000,26.8,1,26.55,34,26.8,3,1,2022-07-08 09:19:47
1657271991453845000,26.55,3,26.55,31,26.6,5,2,2022-07-08 09:19:51
1657271992004157000,26.55,10,26.55,21,26.6,5,2,2022-07-08 09:19:52
1657271992800114000,26.55,15,26.55,6,26.6,5,2,2022-07-08 09:19:52
1657271993069111000,26.6,1,26.55,6,26.6,4,1,2022-07-08 09:19:53
1657271995758903000,26.55,3,26.55,5,26.6,7,2,2022-07-08 09:19:55
1657271997109720000,26.55,6,26.55,6,26.6,8,2,2022-07-08 09:19:57
1657271997109720000,26.5,9,26.55,6,26.6,8,2,2022-07-08 09:19:57
1657271997510335000,26.5,1,26.5,108,26.6,8,2,2022-07-08 09:19:57
1657271998720705000,26.55,1,26.5,104,26.6,8,2,2022-07-08 09:19:58
1657271998720705000,26.5,4,26.5,104,26.6,8,2,2022-07-08 09:19:58
1657271999235388000,26.5,1,26.5,103,26.55,24,2,2022-07-08 09:19:59
1657271999367033000,26.5,1,26.5,102,26.55,24,2,2022-07-08 09:19:59
1657271999681872000,26.5,5,26.5,97,26.55,24,2,2022-07-08 09:19:59
1657271999894902000,26.5,5,26.5,96,26.55,24,2,2022-07-08 09:19:59
1657272000737080000,26.5,5,26.5,86,26.55,24,2,2022-07-08 09:20:00
1657272000934912000,26.5,5,26.5,81,26.55,24,2,2022-07-08 09:20:00
1657272001197468000,26.5,4,26.5,77,26.55,24,2,2022-07-08 09:20:01
1657272001462221000,26.5,10,26.5,67,26.55,24,2,2022-07-08 09:20:01
1657272001538706000,26.5,5,26.5,81,26.55,24,2,2022-07-08 09:20:01
1657272001744769000,26.5,5,26.5,57,26.55,24,2,2022-07-08 09:20:01
1657272002035465000,26.55,10,26.5,57,26.55,24,1,2022-07-08 09:20:02
1657272002148550000,26.55,1,26.5,57,26.55,13,1,2022-07-08 09:20:02
1657272003114122000,26.5,1,26.5,56,26.55,14,2,2022-07-08 09:20:03
1657272007275461000,26.5,8,26.5,50,26.55,21,2,2022-07-08 09:20:07
1657272008618691000,26.55,1,26.5,50,26.55,20,1,2022-07-08 09:20:08
1657272009023591000,26.55,10,26.5,50,26.55,10,1,2022-07-08 09:20:09
1657272010997755000,26.5,10,26.5,40,26.55,11,2,2022-07-08 09:20:10
1657272011212508000,26.55,2,26.5,40,26.55,9,1,2022-07-08 09:20:11
1657272011551306000,26.5,1,26.5,42,26.55,9,2,2022-07-08 09:20:11
1657272012113289000,26.5,1,26.5,40,26.55,9,2,2022-07-08 09:20:12
1657272014078707000,26.55,9,26.5,42,26.6,9,1,2022-07-08 09:20:14
1657272014655401000,26.5,5,26.5,35,26.6,9,2,2022-07-08 09:20:14
1657272015215148000,26.5,10,26.5,25,26.6,9,2,2022-07-08 09:20:15
1657272015583414000,26.5,2,26.5,23,26.6,9,2,2022-07-08 09:20:15
1657272016113345000,26.5,12,26.5,11,26.6,9,2,2022-07-08 09:20:16
1657272018978341000,26.55,1,26.55,1,26.6,9,2,2022-07-08 09:20:18
1657272019180349000,26.55,1,26.45,13,26.6,9,2,2022-07-08 09:20:19
1657272019180349000,26.5,15,26.45,13,26.6,9,2,2022-07-08 09:20:19
1657272019180349000,26.45,4,26.45,13,26.6,9,2,2022-07-08 09:20:19
1657272020343282000,26.5,2,26.45,13,26.5,2,2,2022-07-08 09:20:20
1657272020971187000,26.5,1,26.45,13,26.5,1,1,2022-07-08 09:20:20
1657272020994525000,26.5,1,26.45,13,26.55,1,1,2022-07-08 09:20:20
1657272022825670000,26.5,1,26.45,4,26.55,1,2,2022-07-08 09:20:22
1657272022825670000,26.45,9,26.45,4,26.55,1,2,2022-07-08 09:20:22
1657272024718739000,26.5,1,26.5,4,26.55,24,1,2022-07-08 09:20:24
1657272025608299000,26.5,2,26.5,2,26.55,24,2,2022-07-08 09:20:25
1657272026227765000,26.5,1,26.5,1,26.55,24,2,2022-07-08 09:20:26
1657272028580913000,26.5,4,26.45,4,26.5,1,2,2022-07-08 09:20:28
1657272029406020000,26.5,1,26.45,4,26.5,1,1,2022-07-08 09:20:29
1657272034235529000,26.45,1,26.45,4,26.5,7,2,2022-07-08 09:20:34
1657272035764300000,26.45,4,26.4,25,26.5,12,2,2022-07-08 09:20:35
1657272035764300000,26.4,1,26.4,25,26.5,12,2,2022-07-08 09:20:35
1657272036672549000,26.5,1,26.4,25,26.5,11,1,2022-07-08 09:20:36
1657272036807404000,26.4,3,26.4,22,26.5,11,2,2022-07-08 09:20:36
1657272037592422000,26.4,20,26.4,2,26.5,11,2,2022-07-08 09:20:37
1657272037855167000,26.4,2,26.35,8,26.5,11,2,2022-07-08 09:20:37
1657272043888854000,26.45,1,26.35,4,26.5,21,2,2022-07-08 09:20:43
1657272043888854000,26.35,4,26.35,4,26.5,21,2,2022-07-08 09:20:43
1657272047461382000,26.35,11,26.35,6,26.45,1,2,2022-07-08 09:20:47
1657272049781003000,26.35,2,26.35,5,26.45,2,2,2022-07-08 09:20:49
1657272050435874000,26.35,1,26.35,4,26.45,2,2,2022-07-08 09:20:50
1657272052099862000,26.35,1,26.35,5,26.45,2,2,2022-07-08 09:20:52
1657272054691280000,26.35,1,26.35,6,26.45,2,2,2022-07-08 09:20:54
1657272057983702000,26.35,1,26.35,11,26.4,9,2,2022-07-08 09:20:57
1657272058912127000,26.4,2,26.35,12,26.4,7,1,2022-07-08 09:20:58
1657272062192643000,26.4,2,26.35,23,26.4,5,1,2022-07-08 09:21:02
1657272062732648000,26.4,1,26.35,23,26.4,4,1,2022-07-08 09:21:02
1657272064807254000,26.4,1,26.35,23,26.4,3,1,2022-07-08 09:21:04
1657272065033582000,26.4,3,26.35,23,26.45,13,1,2022-07-08 09:21:05
1657272065708669000,26.4,2,26.35,5,26.45,13,2,2022-07-08 09:21:05
1657272065708669000,26.35,18,26.35,5,26.45,13,2,2022-07-08 09:21:05
1657272068492710000,26.4,2,26.35,5,26.45,13,1,2022-07-08 09:21:08
1657272072174571000,26.4,1,26.35,5,26.45,13,1,2022-07-08 09:21:12
1657272073672435000,26.35,3,26.35,2,26.45,13,2,2022-07-08 09:21:13
1657272073954276000,26.35,2,26.3,1161,26.45,13,2,2022-07-08 09:21:13
1657272077182853000,26.4,2,26.3,1161,26.35,2,2,2022-07-08 09:21:17
1657272077847112000,26.35,2,26.3,1161,26.45,13,1,2022-07-08 09:21:17
1657272080908489000,26.35,1,26.35,1,26.45,14,2,2022-07-08 09:21:20
1657272082550792000,26.35,1,26.3,1156,26.35,4,2,2022-07-08 09:21:22
1657272082655208000,26.35,4,26.35,1,26.4,1,1,2022-07-08 09:21:22
1657272084192085000,26.4,1,26.35,6,26.4,4,1,2022-07-08 09:21:24
1657272085265206000,26.35,2,26.35,4,26.4,4,2,2022-07-08 09:21:25
1657272085512041000,26.4,2,26.35,4,26.4,2,1,2022-07-08 09:21:25
1657272086504286000,26.35,1,26.35,6,26.4,2,2,2022-07-08 09:21:26
1657272087766811000,26.35,2,26.35,3,26.4,25,2,2022-07-08 09:21:27
1657272089430076000,26.4,2,26.35,3,26.4,25,1,2022-07-08 09:21:29
1657272090400906000,26.35,5,26.3,1159,26.4,25,2,2022-07-08 09:21:30
1657272090400906000,26.3,5,26.3,1159,26.4,25,2,2022-07-08 09:21:30
1657272090777884000,26.4,1,26.35,5,26.4,25,1,2022-07-08 09:21:30
1657272092689067000,26.4,2,26.35,10,26.4,23,1,2022-07-08 09:21:32
1657272096749358000,26.35,1,26.35,15,26.4,23,2,2022-07-08 09:21:36
1657272097061793000,26.4,10,26.35,15,26.4,13,1,2022-07-08 09:21:37
1657272099409400000,26.4,4,26.35,19,26.4,9,1,2022-07-08 09:21:39
1657272099626356000,26.4,2,26.35,19,26.4,7,1,2022-07-08 09:21:39
1657272099650695000,26.4,1,26.35,19,26.4,6,1,2022-07-08 09:21:39
1657272101129685000,26.4,10,26.35,19,26.4,16,1,2022-07-08 09:21:41
1657272102088015000,26.4,5,26.35,19,26.4,12,1,2022-07-08 09:21:42
1657272102317489000,26.4,2,26.35,20,26.4,10,1,2022-07-08 09:21:42
1657272102342960000,26.4,3,26.35,20,26.4,7,1,2022-07-08 09:21:42
1657272104887641000,26.35,1,26.35,20,26.4,7,2,2022-07-08 09:21:44
1657272105095890000,26.4,1,26.35,20,26.4,6,1,2022-07-08 09:21:45
1657272105315065000,26.4,2,26.35,20,26.4,4,1,2022-07-08 09:21:45
1657272105358852000,26.4,2,26.35,20,26.4,2,1,2022-07-08 09:21:45
1657272105384029000,26.4,1,26.35,20,26.4,1,1,2022-07-08 09:21:45
1657272106663778000,26.4,1,26.35,20,26.45,36,1,2022-07-08 09:21:46
1657272109559003000,26.45,1,26.4,2,26.45,35,1,2022-07-08 09:21:49
1657272111329470000,26.45,1,26.4,9,26.45,34,1,2022-07-08 09:21:51
1657272111882318000,26.45,1,26.4,9,26.45,33,1,2022-07-08 09:21:51
1657272113150772000,26.4,3,26.4,6,26.45,33,2,2022-07-08 09:21:53
1657272113462449000,26.4,3,26.4,1,26.45,33,2,2022-07-08 09:21:53
1657272116364074000,26.4,1,26.35,21,26.4,4,2,2022-07-08 09:21:56
1657272119914109000,26.4,1,26.35,21,26.4,9,1,2022-07-08 09:21:59
1657272120154815000,26.4,1,26.35,21,26.4,10,1,2022-07-08 09:22:00
1657272120212139000,26.4,1,26.35,21,26.4,7,1,2022-07-08 09:22:00
1657272121173515000,26.4,1,26.35,22,26.4,6,1,2022-07-08 09:22:01
1657272122116680000,26.4,3,26.35,22,26.4,3,1,2022-07-08 09:22:02
1657272122332270000,26.4,2,26.35,22,26.4,1,1,2022-07-08 09:22:02
1657272122550652000,26.4,1,26.35,22,26.45,33,1,2022-07-08 09:22:02
1657272129996270000,26.4,1,26.4,4,26.45,31,2,2022-07-08 09:22:09
1657272130598332000,26.4,3,26.4,7,26.45,11,2,2022-07-08 09:22:10
1657272142097579000,26.45,3,26.4,5,26.45,8,1,2022-07-08 09:22:22
1657272149018235000,26.45,1,26.4,8,26.45,8,1,2022-07-08 09:22:29
1657272149241718000,26.45,2,26.4,8,26.45,6,1,2022-07-08 09:22:29
1657272150215529000,26.45,2,26.4,9,26.45,6,1,2022-07-08 09:22:30
1657272152210701000,26.4,1,26.4,8,26.45,6,2,2022-07-08 09:22:32
1657272155734948000,26.45,1,26.4,17,26.45,5,1,2022-07-08 09:22:35
1657272159892299000,26.45,1,26.4,18,26.45,4,1,2022-07-08 09:22:39
1657272172659128000,26.45,3,26.4,29,26.45,3,1,2022-07-08 09:22:52
1657272172659128000,26.5,7,26.4,29,26.45,3,1,2022-07-08 09:22:52
1657272174377125000,26.5,1,26.45,1,26.55,3,1,2022-07-08 09:22:54
1657272196489719000,26.55,2,26.5,1,26.55,1,1,2022-07-08 09:23:16
1657272196526883000,26.55,1,26.5,1,26.6,2,1,2022-07-08 09:23:16
1657272200976736000,26.55,1,26.5,2,26.6,2,2,2022-07-08 09:23:20
1657272200976736000,26.5,2,26.5,2,26.6,2,2,2022-07-08 09:23:20
1657272205277676000,26.5,2,26.45,17,26.5,6,2,2022-07-08 09:23:25
1657272205939832000,26.5,1,26.45,17,26.5,5,1,2022-07-08 09:23:25
1657272206212382000,26.5,1,26.45,16,26.5,4,1,2022-07-08 09:23:26
1657272206721565000,26.5,1,26.45,16,26.5,3,1,2022-07-08 09:23:26
1657272207655287000,26.5,1,26.45,16,26.5,2,1,2022-07-08 09:23:27
1657272210437229000,26.5,1,26.45,16,26.5,1,1,2022-07-08 09:23:30
1657272212043323000,26.5,3,26.45,16,26.5,13,1,2022-07-08 09:23:32
1657272212438593000,26.5,1,26.45,16,26.5,12,1,2022-07-08 09:23:32
1657272213433681000,26.45,5,26.45,11,26.5,12,2,2022-07-08 09:23:33
1657272213772832000,26.5,1,26.45,11,26.5,11,1,2022-07-08 09:23:33
1657272214181681000,26.5,1,26.45,11,26.5,10,1,2022-07-08 09:23:34
1657272214332847000,26.5,1,26.45,11,26.5,9,1,2022-07-08 09:23:34
1657272219280326000,26.5,1,26.45,11,26.5,8,1,2022-07-08 09:23:39
1657272220650821000,26.5,2,26.45,11,26.5,6,1,2022-07-08 09:23:40
1657272221240497000,26.5,1,26.45,11,26.5,5,1,2022-07-08 09:23:41
1657272222061623000,26.45,1,26.45,10,26.5,5,2,2022-07-08 09:23:42
1657272222808363000,26.45,12,26.4,12,26.5,5,2,2022-07-08 09:23:42
1657272222808363000,26.4,8,26.4,12,26.5,5,2,2022-07-08 09:23:42
1657272225097083000,26.5,2,26.45,2,26.5,3,1,2022-07-08 09:23:45
1657272229970812000,26.45,1,26.45,4,26.5,3,2,2022-07-08 09:23:49
1657272237206841000,26.45,1,26.45,2,26.5,14,2,2022-07-08 09:23:57
1657272241328200000,26.45,3,26.4,8,26.5,14,2,2022-07-08 09:24:01
1657272241328200000,26.4,4,26.4,8,26.5,14,2,2022-07-08 09:24:01
1657272241796998000,26.5,1,26.4,8,26.5,13,1,2022-07-08 09:24:01
1657272246638795000,26.5,13,26.4,8,26.9,6,1,2022-07-08 09:24:06
1657272246638795000,26.6,8,26.4,8,26.9,6,1,2022-07-08 09:24:06
1657272246638795000,26.8,16,26.4,8,26.9,6,1,2022-07-08 09:24:06
1657272246638795000,26.85,1,26.4,8,26.9,6,1,2022-07-08 09:24:06
1657272246638795000,26.9,2,26.4,8,26.9,6,1,2022-07-08 09:24:06
1657272249840913000,26.45,2,26.4,6,26.5,1,2,2022-07-08 09:24:09
1657272249840913000,26.4,3,26.4,6,26.5,1,2,2022-07-08 09:24:09
1657272257984142000,26.5,1,26.5,1,26.85,1,1,2022-07-08 09:24:17
1657272271047454000,26.5,5,26.5,9,26.75,1,2,2022-07-08 09:24:31
1657272271238914000,26.5,5,26.5,4,26.75,1,2,2022-07-08 09:24:31
1657272273574556000,26.5,1,26.5,3,26.75,16,2,2022-07-08 09:24:33
1657272273816398000,26.7,2,26.5,3,26.7,2,1,2022-07-08 09:24:33
1657272278427362000,26.55,7,26.35,55,26.7,2,2,2022-07-08 09:24:38
1657272278427362000,26.5,3,26.35,55,26.7,2,2,2022-07-08 09:24:38
1657272278427362000,26.45,6,26.35,55,26.7,2,2,2022-07-08 09:24:38
1657272278427362000,26.4,14,26.35,55,26.7,2,2,2022-07-08 09:24:38
1657272278427362000,26.35,10,26.35,55,26.7,2,2,2022-07-08 09:24:38
1657272295852902000,26.55,3,26.55,2,26.65,1,2,2022-07-08 09:24:55
1657272307897841000,26.55,1,26.4,1,26.7,3,2,2022-07-08 09:25:07
1657272307897841000,26.5,6,26.4,1,26.7,3,2,2022-07-08 09:25:07
1657272307897841000,26.45,4,26.4,1,26.7,3,2,2022-07-08 09:25:07
1657272307897841000,26.4,1,26.4,1,26.7,3,2,2022-07-08 09:25:07
1657272310730105000,26.45,2,26.35,68,26.7,3,2,2022-07-08 09:25:10
1657272310730105000,26.4,1,26.35,68,26.7,3,2,2022-07-08 09:25:10
1657272320727690000,26.45,4,26.35,32,26.55,1,2,2022-07-08 09:25:20
1657272320727690000,26.35,36,26.35,32,26.55,1,2,2022-07-08 09:25:20
1657272328804384000,26.5,1,26.4,4,26.55,2,2,2022-07-08 09:25:28
1657272328804384000,26.4,3,26.4,4,26.55,2,2,2022-07-08 09:25:28
1657272331984035000,26.55,2,26.4,4,26.9,15,1,2022-07-08 09:25:31
1657272331984035000,26.7,5,26.4,4,26.9,15,1,2022-07-08 09:25:31
1657272331984035000,26.9,1,26.4,4,26.9,15,1,2022-07-08 09:25:31
1657272333109389000,26.45,1,26.45,1,26.85,2,2,2022-07-08 09:25:33
1657272346325938000,26.75,1,26.5,3,26.75,11,1,2022-07-08 09:25:46
1657272355776189000,26.75,2,26.5,4,26.75,10,1,2022-07-08 09:25:55
1657272356996635000,26.75,1,26.5,4,26.75,9,1,2022-07-08 09:25:56
1657272359872832000,26.75,5,26.5,7,26.75,2,1,2022-07-08 09:25:59
1657272363220186000,26.75,1,26.75,4,26.8,4,2,2022-07-08 09:26:03
1657272363437563000,26.75,2,26.75,2,26.8,2,2,2022-07-08 09:26:03
1657272364008206000,26.75,2,26.75,2,26.8,2,2,2022-07-08 09:26:04
1657272370338172000,26.8,1,26.75,1,26.8,1,1,2022-07-08 09:26:10
1657272376383107000,26.8,1,26.8,1,26.85,1,1,2022-07-08 09:26:16
1657272381681050000,26.8,1,26.8,1,26.85,5,2,2022-07-08 09:26:21
1657272384004964000,26.8,1,26.75,1,26.85,5,2,2022-07-08 09:26:24
1657272384376524000,26.85,1,26.75,1,26.85,6,1,2022-07-08 09:26:24
1657272384584965000,26.85,2,26.75,1,26.85,4,1,2022-07-08 09:26:24
1657272384597256000,26.75,1,26.5,5,26.85,4,2,2022-07-08 09:26:24
1657272384597256000,26.6,1,26.5,5,26.85,4,2,2022-07-08 09:26:24
1657272384597256000,26.55,1,26.5,5,26.85,4,2,2022-07-08 09:26:24
1657272384597256000,26.5,2,26.5,5,26.85,4,2,2022-07-08 09:26:24
1657272392404224000,26.8,8,26.5,8,26.8,12,1,2022-07-08 09:26:32
1657272408335050000,26.8,1,26.7,1,26.9,5,1,2022-07-08 09:26:48
1657272415439381000,26.75,1,26.7,1,26.8,4,1,2022-07-08 09:26:55
1657272416385423000,26.8,2,26.7,1,26.8,2,1,2022-07-08 09:26:56
1657272418307339000,26.8,2,26.8,8,26.85,9,1,2022-07-08 09:26:58
1657272419530452000,26.8,3,26.8,6,26.85,7,2,2022-07-08 09:26:59
1657272426344973000,26.8,5,26.8,1,26.85,5,2,2022-07-08 09:27:06
1657272427705063000,26.85,5,26.8,1,26.9,7,1,2022-07-08 09:27:07
1657272431804077000,26.85,1,26.8,1,26.9,7,2,2022-07-08 09:27:11
1657272432397327000,26.9,1,26.8,1,26.9,8,1,2022-07-08 09:27:12
1657272436206057000,26.9,1,26.8,6,26.9,5,1,2022-07-08 09:27:16
1657272436835628000,26.9,5,26.8,6,27.0,13,1,2022-07-08 09:27:16
1657272436835628000,26.95,19,26.8,6,27.0,13,1,2022-07-08 09:27:16
1657272436835628000,27.0,76,26.8,6,27.0,13,1,2022-07-08 09:27:16
1657272442226497000,27.0,9,26.9,3,27.0,8,1,2022-07-08 09:27:22
1657272447737577000,27.0,1,26.9,3,27.0,10,1,2022-07-08 09:27:27
1657272447892300000,26.9,1,26.9,2,27.0,10,2,2022-07-08 09:27:27
1657272448890823000,27.0,3,26.95,1,27.0,8,1,2022-07-08 09:27:28
1657272450981573000,26.95,1,26.9,4,27.0,8,2,2022-07-08 09:27:30
1657272451056129000,27.0,2,26.9,4,27.0,6,1,2022-07-08 09:27:31
1657272453664810000,27.0,6,27.0,34,27.05,35,1,2022-07-08 09:27:33
1657272454457616000,27.05,3,27.0,34,27.05,32,1,2022-07-08 09:27:34
1657272457513857000,27.05,5,27.0,35,27.05,27,1,2022-07-08 09:27:37
1657272458317904000,27.0,5,27.0,31,27.05,27,2,2022-07-08 09:27:38
1657272464404380000,27.05,1,27.0,41,27.05,26,1,2022-07-08 09:27:44
1657272464734004000,27.05,1,27.0,41,27.05,25,1,2022-07-08 09:27:44
1657272468679441000,27.05,1,27.0,41,27.05,24,1,2022-07-08 09:27:48
1657272474249009000,27.05,1,27.0,46,27.05,23,1,2022-07-08 09:27:54
1657272475479064000,27.05,1,27.0,46,27.05,22,1,2022-07-08 09:27:55
1657272477830322000,27.05,2,27.0,48,27.05,22,1,2022-07-08 09:27:57
1657272478370017000,27.05,1,27.0,48,27.05,19,1,2022-07-08 09:27:58
1657272479182624000,27.05,5,27.0,48,27.05,14,1,2022-07-08 09:27:59
1657272480074752000,27.05,1,27.0,49,27.05,14,1,2022-07-08 09:28:00
1657272480492789000,27.05,14,27.05,15,27.15,1,1,2022-07-08 09:28:00
1657272484335102000,27.15,1,27.05,16,27.15,2,1,2022-07-08 09:28:04
1657272486187263000,27.15,1,27.05,16,27.15,4,1,2022-07-08 09:28:06
1657272490936354000,27.15,2,27.1,6,27.15,6,1,2022-07-08 09:28:10
1657272497124982000,27.15,1,27.1,6,27.15,8,1,2022-07-08 09:28:17
1657272498849603000,27.15,1,27.1,6,27.15,7,1,2022-07-08 09:28:18
1657272499229063000,27.1,1,27.1,5,27.15,8,2,2022-07-08 09:28:19
1657272499412958000,27.15,2,27.1,5,27.15,6,1,2022-07-08 09:28:19
1657272499414747000,27.1,5,27.05,16,27.15,6,2,2022-07-08 09:28:19
1657272509686963000,27.05,2,27.0,17,27.1,6,2,2022-07-08 09:28:29
1657272514078585000,27.1,6,27.1,4,27.15,8,1,2022-07-08 09:28:34
1657272518612217000,27.1,1,27.1,3,27.15,6,2,2022-07-08 09:28:38
1657272519022505000,27.1,2,27.1,1,27.15,6,2,2022-07-08 09:28:39
1657272519076478000,27.1,1,27.0,28,27.1,19,2,2022-07-08 09:28:39
1657272523365748000,27.0,1,27.0,27,27.05,3,2,2022-07-08 09:28:43
1657272530321525000,27.05,1,27.0,29,27.05,2,1,2022-07-08 09:28:50
1657272553648688000,27.05,1,27.0,32,27.05,9,1,2022-07-08 09:29:13
1657272558466458000,27.05,1,27.0,23,27.05,8,1,2022-07-08 09:29:18
1657272561773963000,27.0,10,27.0,18,27.05,8,2,2022-07-08 09:29:21
1657272564483890000,27.05,1,27.0,19,27.05,7,1,2022-07-08 09:29:24
1657272564519877000,27.0,1,27.0,18,27.05,7,2,2022-07-08 09:29:24
1657272566210737000,27.05,1,27.0,18,27.05,6,1,2022-07-08 09:29:26
1657272568276578000,27.0,2,27.0,16,27.05,6,2,2022-07-08 09:29:28
1657272570573695000,27.0,1,27.0,15,27.05,8,2,2022-07-08 09:29:30
1657272570794739000,27.0,2,27.0,13,27.05,8,2,2022-07-08 09:29:30
1657272572427661000,27.0,10,27.0,3,27.05,8,2,2022-07-08 09:29:32
1657272572918804000,27.0,3,26.95,2,27.05,10,2,2022-07-08 09:29:32
1657272572918804000,26.95,1,26.95,2,27.05,10,2,2022-07-08 09:29:32
1657272575010716000,26.95,2,26.9,9,27.05,10,2,2022-07-08 09:29:35
1657272575010716000,26.9,3,26.9,9,27.05,10,2,2022-07-08 09:29:35
1657272582857298000,26.9,2,26.9,8,27.0,30,2,2022-07-08 09:29:42
1657272583228878000,26.95,1,26.9,6,27.0,30,2,2022-07-08 09:29:43
1657272583228878000,26.9,2,26.9,6,27.0,30,2,2022-07-08 09:29:43
1657272594378619000,26.9,5,26.85,14,26.9,5,2,2022-07-08 09:29:54
1657272595766605000,26.9,5,26.9,3,26.95,7,1,2022-07-08 09:29:55
1657272596504488000,26.9,1,26.9,2,26.95,7,2,2022-07-08 09:29:56
1657272598476061000,26.9,1,26.9,1,26.95,7,2,2022-07-08 09:29:58
1657272598981317000,26.9,1,26.85,14,26.9,1,2,2022-07-08 09:29:58
1657272618240669000,26.9,2,26.85,23,26.95,5,1,2022-07-08 09:30:18
1657272618240669000,26.95,3,26.85,23,26.95,5,1,2022-07-08 09:30:18
1657272625524128000,26.9,2,26.9,2,26.95,5,2,2022-07-08 09:30:25
1657272628398094000,26.95,1,26.9,2,26.95,4,1,2022-07-08 09:30:28
1657272629001216000,26.9,1,26.9,1,26.95,4,2,2022-07-08 09:30:29
1657272629390208000,26.95,4,26.9,1,27.0,24,1,2022-07-08 09:30:29
1657272629390208000,27.0,11,26.9,1,27.0,24,1,2022-07-08 09:30:29
1657272632287195000,27.0,1,26.85,16,27.0,23,1,2022-07-08 09:30:32
1657272634647919000,27.0,2,26.9,11,27.0,21,1,2022-07-08 09:30:34
1657272637170662000,27.0,8,26.9,11,27.0,13,1,2022-07-08 09:30:37
1657272641300893000,27.0,5,26.95,4,27.0,8,1,2022-07-08 09:30:41
1657272645925130000,27.0,1,26.95,5,27.0,7,1,2022-07-08 09:30:45
1657272650671315000,27.0,1,26.95,8,27.0,6,1,2022-07-08 09:30:50
1657272653494230000,27.0,6,27.0,4,27.05,8,1,2022-07-08 09:30:53
1657272655490852000,27.0,2,27.0,2,27.05,8,2,2022-07-08 09:30:55
1657272671272330000,27.0,2,27.0,6,27.05,8,2,2022-07-08 09:31:11
1657272679406849000,27.0,1,27.0,5,27.05,8,2,2022-07-08 09:31:19
1657272680788582000,27.0,5,27.0,1,27.05,8,2,2022-07-08 09:31:20
1657272681005504000,27.0,1,26.95,4,27.05,8,2,2022-07-08 09:31:21
1657272684891791000,27.05,1,26.95,4,27.05,9,1,2022-07-08 09:31:24
1657272692274726000,27.05,5,27.0,7,27.05,2,1,2022-07-08 09:31:32
1657272692455433000,27.05,1,27.0,7,27.05,1,1,2022-07-08 09:31:32
1657272706756424000,27.0,7,26.95,4,27.05,5,2,2022-07-08 09:31:46
1657272723356402000,27.0,2,26.95,5,27.0,5,1,2022-07-08 09:32:03
1657272732668146000,27.0,1,26.95,7,27.0,4,1,2022-07-08 09:32:12
1657272740203772000,27.0,1,26.95,7,27.0,3,1,2022-07-08 09:32:20
1657272741051235000,27.0,1,26.95,7,27.0,2,1,2022-07-08 09:32:21
1657272742851883000,27.0,4,26.95,7,27.0,8,1,2022-07-08 09:32:22
1657272743533399000,27.0,1,26.95,7,27.0,7,1,2022-07-08 09:32:23
1657272745259922000,27.0,1,26.95,7,27.0,6,1,2022-07-08 09:32:25
1657272760783848000,27.0,1,26.95,7,27.0,17,1,2022-07-08 09:32:40
1657272763538103000,27.0,3,26.95,7,27.0,14,1,2022-07-08 09:32:43
1657272765619641000,27.0,1,26.95,7,27.0,14,1,2022-07-08 09:32:45
1657272768124533000,27.0,2,26.95,7,27.0,12,1,2022-07-08 09:32:48
1657272768459387000,27.0,5,26.95,7,27.0,7,1,2022-07-08 09:32:48
1657272771649678000,27.0,1,26.95,7,27.0,6,1,2022-07-08 09:32:51
1657272771660848000,27.0,5,26.95,7,27.0,1,1,2022-07-08 09:32:51
1657272774062175000,26.95,2,26.95,5,27.0,1,2,2022-07-08 09:32:54
1657272774495979000,26.95,1,26.95,4,27.0,3,2,2022-07-08 09:32:54
1657272775150343000,27.0,1,26.95,4,27.0,2,1,2022-07-08 09:32:55
1657272793716807000,27.0,3,26.95,4,27.0,4,1,2022-07-08 09:33:13
1657272794122772000,26.95,1,26.95,3,27.0,4,2,2022-07-08 09:33:14
1657272811151235000,27.0,5,26.95,3,27.05,12,1,2022-07-08 09:33:31
1657272811151235000,27.05,15,26.95,3,27.05,12,1,2022-07-08 09:33:31
1657272830501513000,27.0,2,27.0,98,27.05,12,1,2022-07-08 09:33:50
1657272839404914000,27.05,24,27.1,29,27.2,19,1,2022-07-08 09:33:59
1657272839404914000,27.1,45,27.1,29,27.2,19,1,2022-07-08 09:33:59
1657272840600643000,27.1,1,27.1,28,27.2,19,2,2022-07-08 09:34:00
1657272848764828000,27.15,1,27.1,38,27.15,2,1,2022-07-08 09:34:08
1657272851636933000,27.15,1,27.1,38,27.15,1,1,2022-07-08 09:34:11
1657272851762956000,27.15,1,27.15,1,27.2,18,1,2022-07-08 09:34:11
1657272860669112000,27.2,18,27.2,10,27.25,12,1,2022-07-08 09:34:20
1657272862819194000,27.2,1,27.2,9,27.25,12,2,2022-07-08 09:34:22
1657272866114889000,27.2,10,27.2,3,27.25,12,2,2022-07-08 09:34:26
1657272866339631000,27.2,3,27.15,4,27.25,12,2,2022-07-08 09:34:26
1657272873349340000,27.25,5,27.2,32,27.25,7,1,2022-07-08 09:34:33
1657272879546054000,27.25,1,27.2,41,27.25,6,1,2022-07-08 09:34:39
1657272880088608000,27.25,6,27.25,24,27.3,30,1,2022-07-08 09:34:40
1657272884224159000,27.3,14,27.25,35,27.3,16,1,2022-07-08 09:34:44
1657272886951851000,27.3,1,27.25,34,27.3,15,1,2022-07-08 09:34:46
1657272888035426000,27.3,1,27.25,34,27.3,15,1,2022-07-08 09:34:48
1657272890137540000,27.3,1,27.25,34,27.3,13,1,2022-07-08 09:34:50
1657272891602595000,27.3,1,27.25,34,27.3,12,1,2022-07-08 09:34:51
1657272891995501000,27.3,2,27.25,34,27.3,10,1,2022-07-08 09:34:51
1657272893245834000,27.3,1,27.25,34,27.3,9,1,2022-07-08 09:34:53
1657272894742708000,27.25,1,27.25,33,27.3,14,2,2022-07-08 09:34:54
1657272895279108000,27.3,1,27.25,33,27.3,13,1,2022-07-08 09:34:55
1657272895592199000,27.3,1,27.25,33,27.3,12,1,2022-07-08 09:34:55
1657272897507755000,27.3,12,27.25,33,27.35,10,1,2022-07-08 09:34:57
1657272897507755000,27.35,3,27.25,33,27.35,10,1,2022-07-08 09:34:57
1657272900144077000,27.35,1,27.3,11,27.35,9,1,2022-07-08 09:35:00
1657272901277025000,27.35,1,27.3,11,27.35,8,1,2022-07-08 09:35:01
1657272902526549000,27.35,1,27.3,12,27.35,7,1,2022-07-08 09:35:02
1657272904955966000,27.35,1,27.3,12,27.35,6,1,2022-07-08 09:35:04
1657272906474988000,27.35,1,27.3,12,27.35,5,1,2022-07-08 09:35:06
1657272907048082000,27.35,5,27.3,12,27.4,86,1,2022-07-08 09:35:07
1657272909456751000,27.3,1,27.3,11,27.4,86,2,2022-07-08 09:35:09
1657272913598387000,27.35,2,27.3,11,27.4,90,1,2022-07-08 09:35:13
1657272918510805000,27.35,2,27.3,11,27.4,90,2,2022-07-08 09:35:18
1657272920191825000,27.3,1,27.3,10,27.4,90,2,2022-07-08 09:35:20
1657272923327817000,27.35,1,27.3,10,27.4,90,1,2022-07-08 09:35:23
1657272932813960000,27.4,1,27.35,10,27.4,89,1,2022-07-08 09:35:32
1657272944117482000,27.4,2,27.35,10,27.4,87,1,2022-07-08 09:35:44
1657272944784741000,27.35,2,27.35,8,27.4,87,2,2022-07-08 09:35:44
1657272953324450000,27.35,5,27.35,4,27.4,88,2,2022-07-08 09:35:53
1657272954243759000,27.35,3,27.35,2,27.4,90,2,2022-07-08 09:35:54
1657272959254764000,27.4,1,27.35,2,27.4,89,1,2022-07-08 09:35:59
1657272960146254000,27.4,1,27.35,2,27.4,88,1,2022-07-08 09:36:00
1657272964188557000,27.35,1,27.35,1,27.4,90,2,2022-07-08 09:36:04
1657272965818525000,27.35,1,27.3,8,27.4,90,2,2022-07-08 09:36:05
1657272965818525000,27.3,1,27.3,8,27.4,90,2,2022-07-08 09:36:05
1657272966045586000,27.35,2,27.35,5,27.4,90,2,2022-07-08 09:36:06
1657272971859671000,27.35,2,27.35,3,27.4,88,2,2022-07-08 09:36:11
1657272977433961000,27.35,2,27.35,1,27.4,88,2,2022-07-08 09:36:17
1657272981227929000,27.4,1,27.35,1,27.4,87,1,2022-07-08 09:36:21
1657272996300592000,27.35,1,27.35,3,27.4,89,2,2022-07-08 09:36:36
1657273002830755000,27.35,4,27.3,1,27.35,26,2,2022-07-08 09:36:42
1657273018787456000,27.35,2,27.3,1,27.35,25,1,2022-07-08 09:36:58
1657273027894607000,27.3,1,27.25,3,27.35,25,2,2022-07-08 09:37:07
1657273029160677000,27.35,1,27.25,3,27.35,24,1,2022-07-08 09:37:09
1657273040583524000,27.3,2,27.25,3,27.3,2,1,2022-07-08 09:37:20
1657273040679071000,27.3,1,27.25,3,27.3,1,1,2022-07-08 09:37:20
1657273047728928000,27.25,1,27.25,2,27.3,1,2,2022-07-08 09:37:27
1657273072535769000,27.3,1,27.25,6,27.3,2,1,2022-07-08 09:37:52
1657273076036618000,27.25,3,27.25,3,27.3,2,2,2022-07-08 09:37:56
1657273080426731000,27.3,1,27.25,3,27.3,3,1,2022-07-08 09:38:00
1657273091106187000,27.3,1,27.25,8,27.3,4,1,2022-07-08 09:38:11
1657273098772917000,27.3,1,27.25,8,27.3,3,1,2022-07-08 09:38:18
1657273098942777000,27.25,3,27.25,5,27.3,3,2,2022-07-08 09:38:18
1657273103373042000,27.3,1,27.25,5,27.3,2,1,2022-07-08 09:38:23
1657273106285882000,27.3,1,27.25,5,27.3,1,1,2022-07-08 09:38:26
1657273115411884000,27.3,1,27.3,1,27.35,32,1,2022-07-08 09:38:35
1657273125577240000,27.3,1,27.25,2,27.35,33,2,2022-07-08 09:38:45
1657273125577240000,27.25,4,27.25,2,27.35,33,2,2022-07-08 09:38:45
1657273131960664000,27.25,2,27.15,3,27.2,22,2,2022-07-08 09:38:51
1657273131960664000,27.2,6,27.15,3,27.2,22,2,2022-07-08 09:38:51
1657273132346022000,27.2,2,27.15,3,27.2,20,1,2022-07-08 09:38:52
1657273135952830000,27.15,3,27.1,5,27.2,20,2,2022-07-08 09:38:55
1657273158517396000,27.15,1,27.1,5,27.2,20,2,2022-07-08 09:39:18
1657273160561654000,27.2,1,27.1,5,27.2,20,1,2022-07-08 09:39:20
1657273164118903000,27.2,1,27.1,5,27.2,19,1,2022-07-08 09:39:24
1657273181981568000,27.15,1,27.15,2,27.2,21,2,2022-07-08 09:39:41
1657273183424870000,27.15,1,27.15,1,27.2,21,2,2022-07-08 09:39:43
1657273192231659000,27.15,1,27.1,4,27.2,51,2,2022-07-08 09:39:52
1657273192231659000,27.1,1,27.1,4,27.2,51,2,2022-07-08 09:39:52
1657273200169697000,27.15,1,27.1,3,27.2,51,2,2022-07-08 09:40:00
1657273200169697000,27.1,1,27.1,3,27.2,51,2,2022-07-08 09:40:00
1657273200642951000,27.2,4,27.1,3,27.2,47,1,2022-07-08 09:40:00
1657273227974686000,27.2,30,27.15,1,27.2,27,1,2022-07-08 09:40:27
1657273235422528000,27.15,1,27.1,11,27.2,27,2,2022-07-08 09:40:35
1657273243014396000,27.15,1,27.1,12,27.15,1,1,2022-07-08 09:40:43
1657273252614756000,27.15,1,27.1,13,27.2,27,1,2022-07-08 09:40:52
1657273254341546000,27.2,27,27.2,23,27.3,40,1,2022-07-08 09:40:54
1657273254633214000,27.3,1,27.2,23,27.3,39,1,2022-07-08 09:40:54
1657273254662379000,27.3,2,27.2,23,27.3,37,1,2022-07-08 09:40:54
1657273259656560000,27.2,6,27.2,17,27.3,37,2,2022-07-08 09:40:59
1657273260636840000,27.2,10,27.2,7,27.3,35,2,2022-07-08 09:41:00
1657273262954275000,27.3,1,27.2,7,27.3,34,1,2022-07-08 09:41:02
1657273265655335000,27.3,1,27.2,7,27.3,33,1,2022-07-08 09:41:05
1657273266560119000,27.2,2,27.2,5,27.3,33,2,2022-07-08 09:41:06
1657273283868375000,27.2,2,27.2,5,27.3,35,2,2022-07-08 09:41:23
1657273284700717000,27.25,1,27.2,5,27.3,35,1,2022-07-08 09:41:24
1657273286575817000,27.2,2,27.2,3,27.3,35,2,2022-07-08 09:41:26
1657273297807810000,27.25,1,27.2,4,27.3,35,2,2022-07-08 09:41:37
1657273315011849000,27.2,2,27.2,5,27.3,35,2,2022-07-08 09:41:55
1657273327998071000,27.3,2,27.2,6,27.3,35,1,2022-07-08 09:42:07
1657273333395940000,27.2,3,27.2,3,27.3,35,2,2022-07-08 09:42:13
1657273383567626000,27.25,3,27.2,1,27.3,62,2,2022-07-08 09:43:03
1657273402567325000,27.2,1,27.1,20,27.2,2,2,2022-07-08 09:43:22
1657273410838892000,27.2,1,27.1,20,27.2,2,1,2022-07-08 09:43:30
1657273413867413000,27.1,10,27.1,10,27.2,2,2,2022-07-08 09:43:33
1657273413954922000,27.2,1,27.1,11,27.2,1,1,2022-07-08 09:43:33
1657273416921981000,27.1,3,27.1,28,27.2,1,2,2022-07-08 09:43:36
1657273418102932000,27.2,1,27.1,28,27.25,7,1,2022-07-08 09:43:38
1657273421343692000,27.1,1,27.1,27,27.25,7,2,2022-07-08 09:43:41
1657273428372830000,27.25,1,27.1,27,27.25,6,1,2022-07-08 09:43:48
1657273448838172000,27.25,6,27.25,4,27.3,71,1,2022-07-08 09:44:08
1657273453574176000,27.3,5,27.25,4,27.3,66,1,2022-07-08 09:44:13
1657273457324081000,27.25,4,27.1,3,27.3,66,2,2022-07-08 09:44:17
1657273457324081000,27.2,1,27.1,3,27.3,66,2,2022-07-08 09:44:17
1657273457324081000,27.15,1,27.1,3,27.3,66,2,2022-07-08 09:44:17
1657273457324081000,27.1,4,27.1,3,27.3,66,2,2022-07-08 09:44:17
1657273463553904000,27.1,3,27.05,4,27.1,17,2,2022-07-08 09:44:23
1657273465124842000,27.1,1,27.05,4,27.1,16,1,2022-07-08 09:44:25
1657273474539604000,27.05,1,27.05,3,27.1,16,2,2022-07-08 09:44:34
1657273477780049000,27.05,1,27.05,2,27.1,16,2,2022-07-08 09:44:37
1657273485999955000,27.05,2,27.0,6,27.1,16,2,2022-07-08 09:44:45
1657273497480101000,27.0,7,26.85,8,26.9,2,2,2022-07-08 09:44:57
1657273497480101000,26.95,6,26.85,8,26.9,2,2,2022-07-08 09:44:57
1657273497480101000,26.9,8,26.85,8,26.9,2,2,2022-07-08 09:44:57
1657273497697676000,26.9,2,26.85,8,27.05,2,1,2022-07-08 09:44:57
1657273501008101000,26.85,1,26.85,7,27.05,2,2,2022-07-08 09:45:01
1657273516402437000,26.85,1,26.85,6,27.05,1,2,2022-07-08 09:45:16
1657273519108062000,26.85,6,26.85,1,27.05,1,2,2022-07-08 09:45:19
1657273529199265000,27.0,1,26.85,1,27.05,1,1,2022-07-08 09:45:29
1657273542041176000,26.85,2,26.8,21,27.0,1,2,2022-07-08 09:45:42
1657273545199623000,26.8,2,26.8,19,27.0,4,2,2022-07-08 09:45:45
1657273550907320000,27.0,1,26.8,19,27.0,3,1,2022-07-08 09:45:50
1657273555496351000,27.0,1,26.85,3,27.05,1,1,2022-07-08 09:45:55
1657273560809601000,26.85,3,26.8,19,27.05,3,2,2022-07-08 09:46:00
1657273561096381000,26.8,1,26.8,18,27.05,3,2,2022-07-08 09:46:01
1657273588770894000,27.0,2,26.9,2,27.3,3,1,2022-07-08 09:46:28
1657273588770894000,27.05,3,26.9,2,27.3,3,1,2022-07-08 09:46:28
1657273588770894000,27.1,17,26.9,2,27.3,3,1,2022-07-08 09:46:28
1657273588770894000,27.25,4,26.9,2,27.3,3,1,2022-07-08 09:46:28
1657273588770894000,27.3,74,26.9,2,27.3,3,1,2022-07-08 09:46:28
1657273602287686000,27.25,1,26.9,2,27.25,1,1,2022-07-08 09:46:42
1657273618749908000,27.2,1,26.95,3,27.2,2,1,2022-07-08 09:46:58
1657273638556345000,27.2,1,27.0,2,27.2,7,1,2022-07-08 09:47:18
1657273639364544000,27.0,1,27.0,1,27.2,7,2,2022-07-08 09:47:19
1657273640312245000,27.2,2,27.0,1,27.2,5,1,2022-07-08 09:47:20
1657273643717894000,27.2,5,27.2,15,27.3,8,1,2022-07-08 09:47:23
1657273663505185000,27.3,1,27.2,16,27.3,10,1,2022-07-08 09:47:43
1657273678124867000,27.2,16,27.0,6,27.3,10,2,2022-07-08 09:47:58
1657273686571270000,27.0,6,26.95,2,27.3,10,2,2022-07-08 09:48:06
1657273724896944000,27.25,2,27.0,22,27.3,10,1,2022-07-08 09:48:44
1657273731321374000,27.15,1,27.05,3,27.3,10,2,2022-07-08 09:48:51
1657273737440899000,27.3,1,27.05,1,27.3,10,1,2022-07-08 09:48:57
1657273750687341000,27.3,2,27.05,3,27.3,9,1,2022-07-08 09:49:10
1657273776504822000,27.2,1,27.1,1,27.2,2,1,2022-07-08 09:49:36
1657273779840475000,27.2,2,27.2,8,27.3,13,1,2022-07-08 09:49:39
1657273797973489000,27.2,8,27.0,30,27.3,14,2,2022-07-08 09:49:57
1657273797973489000,27.1,3,27.0,30,27.3,14,2,2022-07-08 09:49:57
1657273797973489000,27.05,4,27.0,30,27.3,14,2,2022-07-08 09:49:57
1657273797973489000,27.0,4,27.0,30,27.3,14,2,2022-07-08 09:49:57
1657273903386597000,27.0,4,27.0,19,27.1,2,2,2022-07-08 09:51:43
1657273919384480000,27.0,4,27.0,14,27.05,1,2,2022-07-08 09:51:59
1657273922720142000,27.05,1,27.0,13,27.1,2,1,2022-07-08 09:52:02
1657273947853829000,27.0,1,27.0,14,27.1,2,2,2022-07-08 09:52:27
1657273950563332000,27.1,1,27.0,14,27.1,1,1,2022-07-08 09:52:30
1657273950758207000,27.1,1,27.0,14,27.15,1,1,2022-07-08 09:52:30
1657273959028970000,27.15,1,27.1,2,27.2,9,1,2022-07-08 09:52:39
1657273959028970000,27.2,1,27.1,2,27.2,9,1,2022-07-08 09:52:39
1657273965122977000,27.2,9,27.2,3,27.25,1,1,2022-07-08 09:52:45
1657273971412624000,27.2,2,27.2,1,27.25,1,2,2022-07-08 09:52:51
1657273975560967000,27.2,1,27.1,1,27.2,1,2,2022-07-08 09:52:55
1657273975834666000,27.2,1,27.1,1,27.25,1,1,2022-07-08 09:52:55
1657274048276551000,27.25,1,27.2,4,27.25,2,1,2022-07-08 09:54:08
1657274053206630000,27.25,1,27.2,4,27.25,1,1,2022-07-08 09:54:13
1657274064660286000,27.25,1,27.25,1,27.3,27,1,2022-07-08 09:54:24
1657274066640831000,27.3,18,27.25,1,27.3,9,1,2022-07-08 09:54:26
1657274069074466000,27.25,1,27.2,4,27.25,1,2,2022-07-08 09:54:29
1657274071651112000,27.25,1,27.3,20,27.35,18,1,2022-07-08 09:54:31
1657274071651112000,27.3,9,27.3,20,27.35,18,1,2022-07-08 09:54:31
1657274083834168000,27.35,1,27.3,20,27.35,17,1,2022-07-08 09:54:43
1657274085975215000,27.35,2,27.3,20,27.35,15,1,2022-07-08 09:54:45
1657274088848137000,27.35,1,27.3,20,27.35,14,1,2022-07-08 09:54:48
1657274092881705000,27.35,2,27.3,21,27.35,12,1,2022-07-08 09:54:52
1657274092884776000,27.35,2,27.3,21,27.35,10,1,2022-07-08 09:54:52
1657274096795960000,27.35,5,27.3,21,27.35,6,1,2022-07-08 09:54:56
1657274106228632000,27.35,2,27.3,22,27.35,4,1,2022-07-08 09:55:06
1657274114195840000,27.3,20,27.3,2,27.35,4,2,2022-07-08 09:55:14
1657274117835733000,27.3,1,27.3,1,27.35,3,2,2022-07-08 09:55:17
1657274120728338000,27.3,1,27.25,2,27.3,1,2,2022-07-08 09:55:20
1657274124342084000,27.3,1,27.25,2,27.35,3,1,2022-07-08 09:55:24
1657274126632873000,27.35,1,27.25,2,27.35,2,1,2022-07-08 09:55:26
1657274129452532000,27.35,1,27.25,2,27.35,1,1,2022-07-08 09:55:29
1657274137723908000,27.35,1,27.35,4,27.4,102,1,2022-07-08 09:55:37
1657274145010676000,27.4,3,27.35,14,27.4,99,1,2022-07-08 09:55:45
1657274160715099000,27.4,10,27.35,14,27.4,91,1,2022-07-08 09:56:00
1657274179481463000,27.4,1,27.35,15,27.4,90,1,2022-07-08 09:56:19
1657274181365412000,27.4,1,27.35,15,27.4,89,1,2022-07-08 09:56:21
1657274198645302000,27.4,1,27.35,17,27.4,88,1,2022-07-08 09:56:38
1657274199254231000,27.4,1,27.35,16,27.4,87,1,2022-07-08 09:56:39
1657274200186349000,27.4,1,27.35,16,27.4,86,1,2022-07-08 09:56:40
1657274202135267000,27.4,1,27.35,16,27.4,85,1,2022-07-08 09:56:42
1657274210081030000,27.4,1,27.35,19,27.4,84,1,2022-07-08 09:56:50
1657274210670677000,27.35,3,27.35,16,27.4,84,2,2022-07-08 09:56:50
1657274251227279000,27.35,1,27.35,22,27.4,82,2,2022-07-08 09:57:31
1657274254769315000,27.4,2,27.35,22,27.4,80,1,2022-07-08 09:57:34
1657274256773206000,27.4,1,27.35,21,27.4,79,1,2022-07-08 09:57:36
1657274275549835000,27.4,1,27.35,20,27.4,78,1,2022-07-08 09:57:55
1657274292407072000,27.4,10,27.35,20,27.4,69,1,2022-07-08 09:58:12
1657274295873163000,27.4,10,27.35,20,27.4,59,1,2022-07-08 09:58:15
1657274297079228000,27.35,20,27.3,13,27.4,59,2,2022-07-08 09:58:17
1657274297104812000,27.4,10,27.3,13,27.4,49,1,2022-07-08 09:58:17
1657274298356614000,27.4,1,27.3,13,27.4,48,1,2022-07-08 09:58:18
1657274299599810000,27.4,10,27.3,13,27.4,38,1,2022-07-08 09:58:19
1657274300632491000,27.4,2,27.3,13,27.4,36,1,2022-07-08 09:58:20
1657274302370634000,27.3,1,27.3,12,27.4,35,2,2022-07-08 09:58:22
1657274306280395000,27.4,1,27.3,12,27.4,34,1,2022-07-08 09:58:26
1657274313337377000,27.3,1,27.3,11,27.35,1,2,2022-07-08 09:58:33
1657274327530900000,27.35,1,27.3,11,27.4,34,1,2022-07-08 09:58:47
1657274341574437000,27.4,1,27.35,2,27.4,33,1,2022-07-08 09:59:01
1657274345510115000,27.4,1,27.35,2,27.4,32,1,2022-07-08 09:59:05
1657274368262647000,27.4,4,27.35,2,27.4,30,1,2022-07-08 09:59:28
1657274371130534000,27.4,1,27.35,2,27.4,29,1,2022-07-08 09:59:31
1657274371138810000,27.4,1,27.35,2,27.4,28,1,2022-07-08 09:59:31
1657274372866708000,27.4,2,27.35,2,27.4,26,1,2022-07-08 09:59:32
1657274377334504000,27.4,1,27.35,1,27.4,25,1,2022-07-08 09:59:37
1657274380621957000,27.4,10,27.35,1,27.4,15,1,2022-07-08 09:59:40
1657274381961794000,27.4,5,27.35,1,27.4,10,1,2022-07-08 09:59:41
1657274382253053000,27.4,10,27.35,1,27.45,5,1,2022-07-08 09:59:42
1657274384147395000,27.45,2,27.35,1,27.45,3,1,2022-07-08 09:59:44
1657274404750834000,27.4,1,27.35,4,27.4,2,1,2022-07-08 10:00:04
1657274405434705000,27.4,2,27.4,1,27.45,3,1,2022-07-08 10:00:05
1657274414521019000,27.45,3,27.4,3,27.5,61,1,2022-07-08 10:00:14
1657274415589914000,27.5,5,27.4,3,27.5,56,1,2022-07-08 10:00:15
1657274415715900000,27.5,4,27.4,3,27.5,52,1,2022-07-08 10:00:15
1657274419623076000,27.5,7,27.45,8,27.5,45,1,2022-07-08 10:00:19
1657274433004156000,27.45,8,27.4,1,27.45,12,2,2022-07-08 10:00:33
1657274434178689000,27.45,1,27.4,1,27.45,12,1,2022-07-08 10:00:34
1657274438209443000,27.45,1,27.4,1,27.45,11,1,2022-07-08 10:00:38
1657274449763896000,27.45,1,27.4,1,27.45,10,1,2022-07-08 10:00:49
1657274454677087000,27.45,1,27.4,2,27.45,9,1,2022-07-08 10:00:54
1657274459305622000,27.45,2,27.4,5,27.45,7,1,2022-07-08 10:00:59
1657274459552626000,27.45,3,27.4,5,27.45,4,1,2022-07-08 10:00:59
1657274461000686000,27.45,1,27.4,3,27.45,3,1,2022-07-08 10:01:01
1657274468670293000,27.45,3,27.4,6,27.5,48,1,2022-07-08 10:01:08
1657274472550250000,27.5,1,27.45,1,27.5,47,1,2022-07-08 10:01:12
1657274485936942000,27.5,1,27.45,17,27.5,44,1,2022-07-08 10:01:25
1657274489342388000,27.5,3,27.45,17,27.5,41,1,2022-07-08 10:01:29
1657274494446038000,27.5,1,27.45,17,27.5,40,1,2022-07-08 10:01:34
1657274498908245000,27.45,10,27.45,7,27.5,30,2,2022-07-08 10:01:38
1657274538178534000,27.5,1,27.45,7,27.5,31,1,2022-07-08 10:02:18
1657274547506900000,27.5,2,27.45,7,27.5,24,1,2022-07-08 10:02:27
1657274555094646000,27.45,1,27.45,6,27.5,24,2,2022-07-08 10:02:35
1657274561208646000,27.5,5,27.45,7,27.5,21,1,2022-07-08 10:02:41
1657274567624229000,27.5,3,27.45,7,27.5,18,1,2022-07-08 10:02:47
1657274599262152000,27.5,4,27.45,9,27.5,15,1,2022-07-08 10:03:19
1657274599900356000,27.45,9,27.4,3,27.45,21,2,2022-07-08 10:03:19
1657274614257885000,27.4,2,27.4,1,27.45,21,2,2022-07-08 10:03:34
1657274614378407000,27.4,1,27.35,2,27.45,21,2,2022-07-08 10:03:34
1657274625304544000,27.4,1,27.35,2,27.45,21,2,2022-07-08 10:03:45
1657274646536673000,27.45,1,27.35,4,27.45,23,1,2022-07-08 10:04:06
1657274668447279000,27.35,4,27.3,12,27.35,16,2,2022-07-08 10:04:28
1657274677342827000,27.3,2,27.3,10,27.35,16,2,2022-07-08 10:04:37
1657274686819200000,27.35,1,27.3,10,27.35,15,1,2022-07-08 10:04:46
1657274720309216000,27.3,2,27.3,13,27.35,15,2,2022-07-08 10:05:20
1657274725441221000,27.35,3,27.3,14,27.35,13,1,2022-07-08 10:05:25
1657274740667221000,27.35,1,27.3,14,27.35,13,1,2022-07-08 10:05:40
1657274742088855000,27.3,5,27.3,9,27.35,13,2,2022-07-08 10:05:42
1657274748164745000,27.3,9,27.25,12,27.35,13,2,2022-07-08 10:05:48
1657274803224252000,27.25,3,27.25,8,27.3,2,2,2022-07-08 10:06:43
1657274820376875000,27.3,1,27.25,8,27.3,1,1,2022-07-08 10:07:00
1657274823885187000,27.3,1,27.25,8,27.35,14,1,2022-07-08 10:07:03
1657274834088092000,27.3,1,27.3,2,27.35,12,2,2022-07-08 10:07:14
1657274837200586000,27.3,2,27.25,8,27.3,7,2,2022-07-08 10:07:17
1657274838018478000,27.3,7,27.25,8,27.4,4,1,2022-07-08 10:07:18
1657274838018478000,27.35,12,27.25,8,27.4,4,1,2022-07-08 10:07:18
1657274838018478000,27.4,1,27.25,8,27.4,4,1,2022-07-08 10:07:18
1657274877587327000,27.4,2,27.25,8,27.4,5,1,2022-07-08 10:07:57
1657274882183552000,27.4,1,27.25,8,27.4,4,1,2022-07-08 10:08:02
1657274885637936000,27.4,2,27.25,8,27.4,7,1,2022-07-08 10:08:05
1657274964174028000,27.4,1,27.25,9,27.4,9,1,2022-07-08 10:09:24
1657274994513643000,27.4,1,27.25,9,27.4,8,1,2022-07-08 10:09:54
1657275021489468000,27.4,5,27.25,9,27.4,7,1,2022-07-08 10:10:21
1657275048100168000,27.35,1,27.25,10,27.4,6,1,2022-07-08 10:10:48
1657275084953919000,27.25,1,27.25,11,27.4,9,2,2022-07-08 10:11:24
1657275112448203000,27.3,1,27.25,16,27.3,2,2,2022-07-08 10:11:52
1657275126228688000,27.3,2,27.4,9,27.45,20,1,2022-07-08 10:12:06
1657275126228688000,27.4,9,27.4,9,27.45,20,1,2022-07-08 10:12:06
1657275135720683000,27.45,1,27.4,9,27.45,19,1,2022-07-08 10:12:15
1657275146794506000,27.4,1,27.4,8,27.45,19,2,2022-07-08 10:12:26
1657275168678987000,27.45,1,27.4,8,27.45,18,1,2022-07-08 10:12:48
1657275169112298000,27.4,3,27.4,5,27.45,18,2,2022-07-08 10:12:49
1657275170223022000,27.4,4,27.4,1,27.45,18,2,2022-07-08 10:12:50
1657275175435968000,27.4,1,27.25,16,27.45,18,2,2022-07-08 10:12:55
1657275185628565000,27.25,1,27.25,15,27.45,18,2,2022-07-08 10:13:05
1657275236979498000,27.25,15,27.2,13,27.25,5,2,2022-07-08 10:13:56
1657275325554242000,27.2,3,27.2,10,27.25,12,2,2022-07-08 10:15:25
1657275325959860000,27.2,5,27.2,5,27.25,12,2,2022-07-08 10:15:25
1657275329838165000,27.2,1,27.2,4,27.25,11,2,2022-07-08 10:15:29
1657275332363856000,27.2,1,27.2,3,27.25,11,2,2022-07-08 10:15:32
1657275342423853000,27.2,2,27.2,1,27.25,11,2,2022-07-08 10:15:42
1657275342449803000,27.25,1,27.2,1,27.25,10,1,2022-07-08 10:15:42
1657275379306509000,27.2,1,27.15,10,27.25,10,2,2022-07-08 10:16:19
1657275444373108000,27.15,3,27.15,7,27.2,14,2,2022-07-08 10:17:24
1657275447664500000,27.15,1,27.15,6,27.2,14,2,2022-07-08 10:17:27
1657275455752577000,27.15,6,27.1,13,27.15,4,2,2022-07-08 10:17:35
1657275478578670000,27.1,5,27.1,8,27.15,15,2,2022-07-08 10:17:58
1657275482469635000,27.1,4,27.1,4,27.15,15,2,2022-07-08 10:18:02
1657275493575364000,27.1,1,27.1,3,27.15,15,2,2022-07-08 10:18:13
1657275496474839000,27.1,3,27.05,11,27.15,15,2,2022-07-08 10:18:16
1657275514907870000,27.15,15,27.15,85,27.2,4,1,2022-07-08 10:18:34
1657275516538106000,27.2,1,27.15,85,27.2,3,1,2022-07-08 10:18:36
1657275530655456000,27.2,1,27.15,85,27.2,2,1,2022-07-08 10:18:50
1657275536408265000,27.2,1,27.15,85,27.2,1,1,2022-07-08 10:18:56
1657275542454426000,27.2,1,27.15,85,27.3,5,1,2022-07-08 10:19:02
1657275551571321000,27.15,1,27.15,84,27.25,2,2,2022-07-08 10:19:11
1657275576489700000,27.2,2,27.15,84,27.25,2,1,2022-07-08 10:19:36
1657275593160754000,27.15,60,27.15,24,27.2,1,2,2022-07-08 10:19:53
1657275593803710000,27.2,1,27.2,1,27.25,3,1,2022-07-08 10:19:53
1657275599399773000,27.2,1,27.15,24,27.25,3,2,2022-07-08 10:19:59
1657275611995468000,27.2,6,27.15,24,27.2,3,1,2022-07-08 10:20:11
1657275620423297000,27.2,1,27.15,24,27.2,2,1,2022-07-08 10:20:20
1657275653724731000,27.15,5,27.15,19,27.2,2,2,2022-07-08 10:20:53
1657275658936423000,27.15,1,27.15,18,27.2,2,2,2022-07-08 10:20:58
1657275668982276000,27.15,1,27.15,17,27.2,3,2,2022-07-08 10:21:08
1657275672341698000,27.15,13,27.15,4,27.2,3,2,2022-07-08 10:21:12
1657275676609893000,27.15,1,27.15,3,27.2,3,2,2022-07-08 10:21:16
1657275689981922000,27.15,3,27.05,11,27.2,13,2,2022-07-08 10:21:29
1657275690594117000,27.2,1,27.05,11,27.2,12,1,2022-07-08 10:21:30
1657275707530255000,27.05,2,27.05,19,27.2,12,2,2022-07-08 10:21:47
1657275731484542000,27.05,18,27.05,1,27.2,12,2,2022-07-08 10:22:11
1657275731567379000,27.05,1,27.0,28,27.2,12,2,2022-07-08 10:22:11
1657275740053736000,27.2,1,27.15,1,27.2,11,1,2022-07-08 10:22:20
1657275751992551000,27.2,2,27.15,1,27.2,9,1,2022-07-08 10:22:31
1657275753863538000,27.15,1,27.0,29,27.2,9,2,2022-07-08 10:22:33
1657275778825818000,27.0,3,27.0,32,27.15,1,2,2022-07-08 10:22:58
1657275800998180000,27.0,6,27.0,20,27.15,16,2,2022-07-08 10:23:20
1657275811067754000,27.0,1,27.0,19,27.15,16,2,2022-07-08 10:23:31
1657275818568184000,27.0,5,27.0,14,27.15,12,2,2022-07-08 10:23:38
1657275818671378000,27.0,5,27.0,9,27.15,12,2,2022-07-08 10:23:38
1657275818903767000,27.0,1,27.0,8,27.15,12,2,2022-07-08 10:23:38
1657275820777839000,27.0,8,26.9,19,27.15,12,2,2022-07-08 10:23:40
1657275820777839000,26.95,12,26.9,19,27.15,12,2,2022-07-08 10:23:40
1657275820777839000,26.9,20,26.9,19,27.15,12,2,2022-07-08 10:23:40
1657275831503675000,26.9,1,26.9,18,27.0,3,2,2022-07-08 10:23:51
1657275835944918000,26.9,1,26.9,17,27.0,3,2,2022-07-08 10:23:55
1657275864252805000,27.0,1,26.9,19,27.0,2,1,2022-07-08 10:24:24
1657275891022450000,27.0,1,26.9,19,27.0,3,1,2022-07-08 10:24:51
1657275925634938000,27.0,1,26.9,19,27.0,2,1,2022-07-08 10:25:25
1657275926079517000,27.0,1,26.9,19,27.0,1,1,2022-07-08 10:25:26
1657275950778571000,27.0,2,26.9,19,27.0,15,1,2022-07-08 10:25:50
1657275972986443000,27.0,1,26.9,19,27.0,14,1,2022-07-08 10:26:12
1657275974294387000,26.9,3,26.9,16,27.0,14,2,2022-07-08 10:26:14
1657275989053690000,26.9,1,26.9,15,27.0,14,2,2022-07-08 10:26:29
1657276012671429000,26.9,1,26.9,12,26.95,2,2,2022-07-08 10:26:52
1657276018291720000,26.9,1,26.9,11,26.95,2,2,2022-07-08 10:26:58
1657276023736338000,26.95,2,26.9,11,27.0,16,1,2022-07-08 10:27:03
1657276038466499000,26.95,1,26.9,11,27.0,21,1,2022-07-08 10:27:18
1657276050655011000,26.9,1,26.9,10,27.0,21,2,2022-07-08 10:27:30
1657276086343667000,26.9,5,26.9,5,26.95,2,2,2022-07-08 10:28:06
1657276110010543000,26.95,2,26.9,5,27.0,17,1,2022-07-08 10:28:30
1657276117920265000,26.95,1,26.9,7,27.0,17,1,2022-07-08 10:28:37
1657276120916427000,26.9,7,26.85,18,26.9,13,2,2022-07-08 10:28:40
1657276136083164000,26.85,2,26.85,16,26.9,13,2,2022-07-08 10:28:56
1657276154597430000,26.85,1,26.85,15,26.9,14,2,2022-07-08 10:29:14
1657276172544612000,26.85,15,26.75,14,26.9,14,2,2022-07-08 10:29:32
1657276172544612000,26.8,27,26.75,14,26.9,14,2,2022-07-08 10:29:32
1657276187727938000,26.75,1,26.75,13,26.9,15,2,2022-07-08 10:29:47
1657276190308743000,26.75,1,26.75,12,26.9,15,2,2022-07-08 10:29:50
1657276194431708000,26.75,1,26.75,11,26.9,15,2,2022-07-08 10:29:54
1657276205029239000,26.75,10,26.75,5,26.85,1,2,2022-07-08 10:30:05
1657276212428522000,26.85,1,26.75,4,26.85,1,1,2022-07-08 10:30:12
1657276219837907000,26.85,1,26.75,4,26.9,15,1,2022-07-08 10:30:19
1657276221862644000,26.85,1,26.85,3,26.9,15,1,2022-07-08 10:30:21
1657276228079062000,26.85,2,26.85,1,26.9,15,2,2022-07-08 10:30:28
1657276245365507000,26.85,1,26.75,4,26.85,1,2,2022-07-08 10:30:45
1657276279798032000,26.85,1,26.8,2,26.9,15,1,2022-07-08 10:31:19
1657276320667197000,26.85,1,26.8,2,26.85,1,1,2022-07-08 10:32:00
1657276328320093000,26.85,1,26.8,2,26.9,15,1,2022-07-08 10:32:08
1657276339430136000,26.85,5,26.9,10,27.0,24,1,2022-07-08 10:32:19
1657276339430136000,26.9,15,26.9,10,27.0,24,1,2022-07-08 10:32:19
1657276373789911000,27.0,1,26.95,3,27.0,23,1,2022-07-08 10:32:53
1657276383842080000,26.95,1,26.95,2,27.0,23,2,2022-07-08 10:33:03
1657276386534159000,27.0,1,26.95,2,27.0,22,1,2022-07-08 10:33:06
1657276421916989000,27.0,22,26.95,3,27.05,1,1,2022-07-08 10:33:41
1657276429169818000,27.05,1,27.05,1,27.1,1,1,2022-07-08 10:33:49
1657276433812141000,27.1,1,27.05,1,27.15,1,1,2022-07-08 10:33:53
1657276438125504000,27.15,1,27.05,1,27.2,14,1,2022-07-08 10:33:58
1657276447423540000,27.2,1,26.95,5,27.2,14,1,2022-07-08 10:34:07
1657276447754857000,27.2,8,26.95,5,27.2,6,1,2022-07-08 10:34:07
1657276450980015000,27.2,1,27.0,2,27.2,5,1,2022-07-08 10:34:10
1657276560398032000,27.2,1,27.0,4,27.2,11,1,2022-07-08 10:36:00
1657276715579023000,27.15,1,27.0,15,27.15,1,1,2022-07-08 10:38:35
1657276716338409000,27.15,1,27.0,15,27.2,19,1,2022-07-08 10:38:36
1657276719793706000,27.15,15,27.0,13,27.15,5,1,2022-07-08 10:38:39
1657276734447582000,27.15,1,27.05,4,27.15,5,1,2022-07-08 10:38:54
1657276763968863000,27.15,1,27.05,4,27.15,14,1,2022-07-08 10:39:23
1657276883863329000,27.05,1,27.05,5,27.1,1,2,2022-07-08 10:41:23
1657276908562770000,27.1,1,27.05,5,27.15,16,1,2022-07-08 10:41:48
1657276919052423000,27.15,16,27.05,5,27.25,6,1,2022-07-08 10:41:59
1657276919052423000,27.2,21,27.05,5,27.25,6,1,2022-07-08 10:41:59
