ts,close,volume,bid_price,bid_volume,ask_price,ask_volume,tick_type,datetime
1657270817104817000,61.5,255,61.5,38,61.6,18,1,2022-07-08 09:00:17
1657270818229645000,61.5,1,61.5,38,61.6,12,2,2022-07-08 09:00:18
1657270819272379000,61.6,1,61.5,38,61.6,11,1,2022-07-08 09:00:19
1657270820359187000,61.5,1,61.5,37,61.6,11,2,2022-07-08 09:00:20
1657270822567595000,61.5,1,61.5,39,61.6,11,2,2022-07-08 09:00:22
1657270822886567000,61.5,1,61.5,38,61.6,11,2,2022-07-08 09:00:22
1657270824292197000,61.6,1,61.5,44,61.6,12,1,2022-07-08 09:00:24
1657270824454637000,61.6,1,61.5,44,61.6,10,1,2022-07-08 09:00:24
1657270825661079000,61.6,10,61.5,55,61.6,10,1,2022-07-08 09:00:25
1657270826743237000,61.7,4,61.5,55,61.7,2,1,2022-07-08 09:00:26
1657270827590231000,61.6,1,61.5,57,61.7,2,1,2022-07-08 09:00:27
1657270827882324000,61.7,1,61.6,1,61.7,1,1,2022-07-08 09:00:27
1657270827888044000,61.7,1,61.6,1,61.7,2,1,2022-07-08 09:00:27
1657270827888044000,61.8,9,61.6,1,61.7,2,1,2022-07-08 09:00:27
1657270828086706000,61.6,1,61.5,57,61.8,10,2,2022-07-08 09:00:28
1657270828367004000,61.8,6,61.5,58,61.8,10,1,2022-07-08 09:00:28
1657270828607748000,61.5,1,61.5,57,61.8,4,2,2022-07-08 09:00:28
1657270829027633000,61.7,1,61.5,57,61.7,7,1,2022-07-08 09:00:29
1657270829743715000,61.7,1,61.6,2,61.7,10,1,2022-07-08 09:00:29
1657270830279752000,61.7,1,61.6,4,61.7,8,1,2022-07-08 09:00:30
1657270830309363000,61.7,8,61.6,4,61.8,4,1,2022-07-08 09:00:30
1657270830410454000,61.6,1,61.6,4,61.7,9,2,2022-07-08 09:00:30
1657270830486772000,61.8,1,61.6,3,61.8,3,1,2022-07-08 09:00:30
1657270830670603000,61.6,1,61.6,2,61.8,3,2,2022-07-08 09:00:30
1657270830798845000,61.8,2,61.6,2,61.8,1,1,2022-07-08 09:00:30
1657270831176921000,61.8,1,61.7,10,61.9,44,1,2022-07-08 09:00:31
1657270831176921000,61.9,2,61.7,10,61.9,44,1,2022-07-08 09:00:31
1657270831185993000,61.9,1,61.7,10,61.9,43,1,2022-07-08 09:00:31
1657270831522186000,61.7,3,61.7,8,61.9,43,2,2022-07-08 09:00:31
1657270832206337000,61.8,2,61.8,1,61.9,43,2,2022-07-08 09:00:32
1657270833361454000,61.9,1,61.8,4,61.9,42,1,2022-07-08 09:00:33
1657270833392179000,61.9,42,61.8,4,62.0,13,1,2022-07-08 09:00:33
1657270833422937000,62.0,13,61.8,4,62.1,4,1,2022-07-08 09:00:33
1657270834454901000,62.1,2,61.8,6,62.1,2,1,2022-07-08 09:00:34
1657270834488506000,62.1,2,61.8,6,62.2,6,1,2022-07-08 09:00:34
1657270835350221000,62.2,3,61.8,6,62.2,6,1,2022-07-08 09:00:35
1657270835722599000,61.9,2,61.9,3,62.2,3,2,2022-07-08 09:00:35
1657270836501454000,62.1,2,61.9,1,62.2,3,1,2022-07-08 09:00:36
1657270837702724000,62.1,1,61.9,3,62.1,1,1,2022-07-08 09:00:37
1657270837732769000,62.1,1,61.9,3,62.2,3,1,2022-07-08 09:00:37
1657270838407665000,61.9,1,61.9,2,62.2,3,2,2022-07-08 09:00:38
1657270838836068000,62.2,2,61.9,2,62.2,1,1,2022-07-08 09:00:38
1657270839718668000,62.2,1,62.1,1,62.4,11,1,2022-07-08 09:00:39
1657270839718668000,62.3,4,62.1,1,62.4,11,1,2022-07-08 09:00:39
1657270839812422000,62.4,1,62.1,1,62.4,11,1,2022-07-08 09:00:39
1657270839954517000,62.1,1,61.9,4,62.1,4,2,2022-07-08 09:00:39
1657270839987249000,62.1,4,61.9,4,62.4,10,1,2022-07-08 09:00:39
1657270841941298000,62.2,5,62.1,2,62.2,5,1,2022-07-08 09:00:41
1657270841941298000,62.3,1,62.1,2,62.2,5,1,2022-07-08 09:00:41
1657270841968557000,62.3,4,62.1,2,62.4,11,2,2022-07-08 09:00:41
1657270842119385000,62.1,2,62.0,1,62.4,11,2,2022-07-08 09:00:42
1657270843176510000,62.4,1,62.1,1,62.4,12,1,2022-07-08 09:00:43
1657270845384128000,62.3,1,62.2,4,62.3,4,1,2022-07-08 09:00:45
1657270845796382000,62.3,1,62.2,4,62.3,3,1,2022-07-08 09:00:45
1657270846176790000,62.3,1,62.2,4,62.3,3,1,2022-07-08 09:00:46
1657270846219937000,62.2,4,61.9,10,62.0,3,2,2022-07-08 09:00:46
1657270846219937000,62.1,3,61.9,10,62.0,3,2,2022-07-08 09:00:46
1657270846246146000,62.0,3,61.9,10,62.3,3,1,2022-07-08 09:00:46
1657270846991705000,62.3,1,61.9,10,62.3,1,1,2022-07-08 09:00:46
1657270847477805000,62.4,1,61.9,10,62.4,12,1,2022-07-08 09:00:47
1657270847885765000,62.2,1,62.1,5,62.4,12,1,2022-07-08 09:00:47
1657270848296789000,62.4,3,62.1,5,62.4,9,1,2022-07-08 09:00:48
1657270848408500000,62.1,5,61.9,14,62.4,9,2,2022-07-08 09:00:48
1657270848408500000,61.9,6,61.9,14,62.4,9,2,2022-07-08 09:00:48
1657270848898670000,62.0,5,61.9,14,62.4,9,1,2022-07-08 09:00:48
1657270850074455000,62.4,1,62.0,2,62.4,9,1,2022-07-08 09:00:50
1657270850262761000,62.0,2,61.9,14,62.0,13,2,2022-07-08 09:00:50
1657270850298075000,62.0,5,61.9,14,62.0,8,1,2022-07-08 09:00:50
1657270850298119000,62.0,8,61.9,14,62.4,9,1,2022-07-08 09:00:50
1657270850709165000,62.0,1,62.0,37,62.4,9,2,2022-07-08 09:00:50
1657270851625895000,62.3,4,62.3,1,62.4,9,1,2022-07-08 09:00:51
1657270851658806000,62.3,1,62.0,37,62.4,9,2,2022-07-08 09:00:51
1657270852244711000,62.1,1,62.0,38,62.3,7,1,2022-07-08 09:00:52
1657270852570358000,62.3,5,62.0,38,62.3,2,1,2022-07-08 09:00:52
1657270853024533000,62.3,3,62.2,2,62.4,7,1,2022-07-08 09:00:53
1657270853024533000,62.4,2,62.2,2,62.4,7,1,2022-07-08 09:00:53
1657270853191277000,62.2,1,62.2,1,62.4,7,2,2022-07-08 09:00:53
1657270853348964000,62.4,1,62.2,1,62.4,7,1,2022-07-08 09:00:53
1657270853405397000,62.4,1,62.2,1,62.4,8,1,2022-07-08 09:00:53
1657270853555972000,62.2,1,62.0,38,62.4,6,2,2022-07-08 09:00:53
1657270853587018000,62.0,1,62.0,37,62.4,7,2,2022-07-08 09:00:53
1657270854718348000,62.4,5,62.3,1,62.4,2,1,2022-07-08 09:00:54
1657270855726729000,62.3,1,62.3,1,62.4,1,2,2022-07-08 09:00:55
1657270856166841000,62.3,1,62.2,1,62.4,2,2,2022-07-08 09:00:56
1657270858078436000,62.2,1,62.1,14,62.3,5,2,2022-07-08 09:00:58
1657270858962772000,62.3,1,62.1,14,62.3,5,1,2022-07-08 09:00:58
1657270859453430000,62.3,3,62.2,1,62.3,4,1,2022-07-08 09:00:59
1657270859949896000,62.2,1,62.2,1,62.3,4,2,2022-07-08 09:00:59
1657270860267510000,62.3,1,62.1,16,62.3,3,1,2022-07-08 09:01:00
1657270860318624000,62.3,3,62.3,7,62.4,12,1,2022-07-08 09:01:00
1657270860481010000,62.4,1,62.3,7,62.4,11,1,2022-07-08 09:01:00
1657270860615803000,62.3,3,62.3,4,62.4,11,2,2022-07-08 09:01:00
1657270860622540000,62.4,1,62.3,4,62.4,10,1,2022-07-08 09:01:00
1657270860650953000,62.3,4,62.1,16,62.4,10,2,2022-07-08 09:01:00
1657270860799187000,62.1,4,62.1,12,62.4,10,2,2022-07-08 09:01:00
1657270861267309000,62.2,1,62.1,12,62.4,10,2,2022-07-08 09:01:01
1657270861684356000,62.4,2,62.1,12,62.4,11,1,2022-07-08 09:01:01
1657270861805824000,62.3,1,62.3,2,62.4,11,2,2022-07-08 09:01:01
1657270861831103000,62.4,1,62.3,2,62.4,10,1,2022-07-08 09:01:01
1657270861837501000,62.3,2,62.3,3,62.4,11,2,2022-07-08 09:01:01
1657270862727465000,62.1,1,62.1,11,62.3,5,2,2022-07-08 09:01:02
1657270863159985000,62.3,1,62.1,11,62.3,5,1,2022-07-08 09:01:03
1657270863734374000,62.2,1,62.1,13,62.3,5,1,2022-07-08 09:01:03
1657270863734374000,62.3,2,62.1,13,62.3,5,1,2022-07-08 09:01:03
1657270863883869000,62.3,1,62.1,13,62.2,1,1,2022-07-08 09:01:03
1657270864361587000,62.3,15,62.1,13,62.3,15,1,2022-07-08 09:01:04
1657270864729112000,62.4,6,62.2,2,62.4,20,1,2022-07-08 09:01:04
1657270865104907000,62.3,1,62.3,1,62.4,14,2,2022-07-08 09:01:05
1657270865829896000,62.2,1,62.2,1,62.4,14,2,2022-07-08 09:01:05
1657270866789946000,62.4,5,62.2,2,62.4,9,1,2022-07-08 09:01:06
1657270867003823000,62.3,1,62.3,3,62.4,9,2,2022-07-08 09:01:07
1657270867154783000,62.3,1,62.3,2,62.4,9,2,2022-07-08 09:01:07
1657270867439423000,62.3,2,62.3,2,62.4,10,2,2022-07-08 09:01:07
1657270867658851000,62.2,1,62.2,2,62.3,1,2,2022-07-08 09:01:07
1657270868079136000,62.3,1,62.2,2,62.4,8,1,2022-07-08 09:01:08
1657270868079136000,62.4,2,62.2,2,62.4,8,1,2022-07-08 09:01:08
1657270868956575000,62.2,3,62.2,3,62.3,6,2,2022-07-08 09:01:08
1657270868956575000,62.1,2,62.2,3,62.3,6,2,2022-07-08 09:01:08
1657270869985025000,62.2,1,62.1,13,62.3,6,2,2022-07-08 09:01:09
1657270870740040000,62.3,1,62.1,14,62.3,5,1,2022-07-08 09:01:10
1657270871353915000,62.2,1,62.1,14,62.3,5,2,2022-07-08 09:01:11
1657270871448491000,62.3,1,62.1,14,62.3,4,1,2022-07-08 09:01:11
1657270871944115000,62.3,1,62.1,14,62.3,3,1,2022-07-08 09:01:11
1657270872409458000,62.1,1,62.1,13,62.3,4,2,2022-07-08 09:01:12
1657270873309165000,62.3,2,62.1,16,62.3,2,1,2022-07-08 09:01:13
1657270873454979000,62.3,2,62.1,16,62.3,4,1,2022-07-08 09:01:13
1657270873479538000,62.3,3,62.1,16,62.4,9,2,2022-07-08 09:01:13
1657270874208727000,62.2,2,62.1,16,62.3,1,2,2022-07-08 09:01:14
1657270874680278000,62.2,1,62.1,27,62.3,6,2,2022-07-08 09:01:14
1657270875340644000,62.3,1,62.2,2,62.3,9,1,2022-07-08 09:01:15
1657270875495840000,62.2,2,62.1,27,62.3,9,2,2022-07-08 09:01:15
1657270876016501000,62.3,1,62.1,27,62.3,10,1,2022-07-08 09:01:16
1657270879360647000,62.2,1,62.1,29,62.2,1,1,2022-07-08 09:01:19
1657270879396503000,62.1,1,62.1,28,62.3,14,2,2022-07-08 09:01:19
1657270880463628000,62.1,5,62.1,31,62.2,1,2,2022-07-08 09:01:20
1657270880529464000,62.1,17,62.1,9,62.2,2,2,2022-07-08 09:01:20
1657270880557956000,62.1,9,62.0,59,62.2,3,2,2022-07-08 09:01:20
1657270880632759000,62.1,1,62.0,57,62.1,1,1,2022-07-08 09:01:20
1657270881069220000,62.2,5,62.0,56,62.3,14,1,2022-07-08 09:01:21
1657270881905275000,62.2,1,62.0,56,62.3,16,2,2022-07-08 09:01:21
1657270881996778000,62.0,5,62.0,51,62.3,16,2,2022-07-08 09:01:21
1657270882039522000,62.2,2,62.0,51,62.3,13,1,2022-07-08 09:01:22
1657270882039522000,62.3,3,62.0,51,62.3,13,1,2022-07-08 09:01:22
1657270882548655000,62.2,1,62.1,28,62.2,4,1,2022-07-08 09:01:22
1657270882872168000,62.1,2,62.1,26,62.2,4,2,2022-07-08 09:01:22
1657270882900657000,62.1,13,62.1,13,62.2,4,2,2022-07-08 09:01:22
1657270882901133000,62.1,1,62.1,12,62.2,4,2,2022-07-08 09:01:22
1657270882931510000,62.1,12,62.0,24,62.2,4,2,2022-07-08 09:01:22
1657270883745067000,62.0,1,62.0,23,62.1,4,2,2022-07-08 09:01:23
1657270884083566000,62.1,1,62.0,22,62.1,3,1,2022-07-08 09:01:24
1657270884234434000,62.1,2,62.0,22,62.1,1,1,2022-07-08 09:01:24
1657270884997601000,62.1,1,62.0,22,62.1,5,1,2022-07-08 09:01:24
1657270886294247000,62.0,1,62.0,21,62.1,5,2,2022-07-08 09:01:26
1657270886446495000,62.1,1,62.0,21,62.1,4,1,2022-07-08 09:01:26
1657270886728868000,62.0,5,62.0,16,62.1,4,2,2022-07-08 09:01:26
1657270886832938000,62.1,5,62.0,16,62.2,4,1,2022-07-08 09:01:26
1657270886832938000,62.2,5,62.0,16,62.2,4,1,2022-07-08 09:01:26
1657270886943743000,62.0,1,62.0,15,62.2,5,2,2022-07-08 09:01:26
1657270886968728000,62.0,15,61.9,20,62.2,5,2,2022-07-08 09:01:26
1657270887466379000,62.1,1,62.0,5,62.1,2,1,2022-07-08 09:01:27
1657270887528216000,62.1,1,62.0,5,62.2,6,1,2022-07-08 09:01:27
1657270887695034000,62.1,1,62.0,5,62.2,6,2,2022-07-08 09:01:27
1657270888209243000,62.1,1,62.0,5,62.2,6,1,2022-07-08 09:01:28
1657270888321416000,62.1,1,62.1,1,62.2,6,2,2022-07-08 09:01:28
1657270888350780000,62.1,1,62.1,2,62.2,6,2,2022-07-08 09:01:28
1657270889635855000,62.0,1,62.0,6,62.2,6,2,2022-07-08 09:01:29
1657270889637990000,62.2,1,62.0,6,62.2,5,1,2022-07-08 09:01:29
1657270890773400000,62.1,1,62.0,6,62.1,1,1,2022-07-08 09:01:30
1657270891486332000,62.1,2,62.0,7,62.3,11,1,2022-07-08 09:01:31
1657270891486332000,62.2,4,62.0,7,62.3,11,1,2022-07-08 09:01:31
1657270891486332000,62.3,4,62.0,7,62.3,11,1,2022-07-08 09:01:31
1657270891576070000,62.0,5,62.0,3,62.3,11,2,2022-07-08 09:01:31
1657270891600989000,62.0,3,61.9,21,62.3,11,2,2022-07-08 09:01:31
1657270892766990000,62.0,1,62.0,6,62.1,13,2,2022-07-08 09:01:32
1657270893585119000,62.0,1,62.0,5,62.1,13,2,2022-07-08 09:01:33
1657270894643705000,62.1,5,62.0,5,62.1,8,1,2022-07-08 09:01:34
1657270894673348000,62.1,5,62.0,5,62.1,3,1,2022-07-08 09:01:34
1657270895612390000,62.0,5,62.0,2,62.1,3,2,2022-07-08 09:01:35
1657270895884274000,62.1,4,62.1,6,62.2,3,1,2022-07-08 09:01:35
1657270896318136000,62.1,3,62.1,4,62.2,3,2,2022-07-08 09:01:36
1657270896330461000,62.1,4,62.1,7,62.2,3,2,2022-07-08 09:01:36
1657270898587039000,62.2,2,62.0,2,62.2,2,1,2022-07-08 09:01:38
1657270899606504000,62.0,1,62.0,3,62.2,1,2,2022-07-08 09:01:39
1657270900667123000,62.1,5,61.9,21,62.0,2,2,2022-07-08 09:01:40
1657270900667123000,62.0,3,61.9,21,62.0,2,2,2022-07-08 09:01:40
1657270900696209000,62.0,2,61.9,21,62.2,1,1,2022-07-08 09:01:40
1657270900727256000,62.0,1,61.9,21,62.2,1,1,2022-07-08 09:01:40
1657270901807334000,62.1,1,62.0,7,62.1,1,1,2022-07-08 09:01:41
1657270901830333000,62.0,2,62.0,7,62.1,2,2,2022-07-08 09:01:41
1657270903763157000,62.1,1,62.0,7,62.2,2,1,2022-07-08 09:01:43
1657270903763157000,62.2,1,62.0,7,62.2,2,1,2022-07-08 09:01:43
1657270906055391000,62.0,1,62.0,11,62.2,4,2,2022-07-08 09:01:46
1657270906640957000,62.0,2,62.0,10,62.1,2,2,2022-07-08 09:01:46
1657270906966292000,62.1,2,62.0,25,62.1,2,1,2022-07-08 09:01:46
1657270907813237000,62.0,5,62.0,23,62.2,6,2,2022-07-08 09:01:47
1657270907872071000,62.1,1,62.0,23,62.1,1,1,2022-07-08 09:01:47
1657270908117352000,62.2,1,62.0,24,62.2,5,1,2022-07-08 09:01:48
1657270909183465000,62.1,1,62.0,25,62.2,6,2,2022-07-08 09:01:49
1657270909746163000,62.0,2,62.0,23,62.2,7,2,2022-07-08 09:01:49
1657270911522796000,62.1,1,62.0,23,62.2,9,2,2022-07-08 09:01:51
1657270912125723000,62.0,2,62.0,21,62.2,10,2,2022-07-08 09:01:52
1657270915491799000,62.0,1,62.0,22,62.1,2,2,2022-07-08 09:01:55
1657270915532258000,62.0,1,62.0,21,62.1,2,2,2022-07-08 09:01:55
1657270915570678000,62.0,1,62.0,19,62.1,2,2,2022-07-08 09:01:55
1657270915733222000,62.0,1,62.0,18,62.1,2,2,2022-07-08 09:01:55
1657270917797987000,62.0,1,62.0,17,62.1,6,2,2022-07-08 09:01:57
1657270917955554000,62.0,1,62.0,16,62.1,6,2,2022-07-08 09:01:57
1657270919486844000,62.1,1,62.0,16,62.1,6,1,2022-07-08 09:01:59
1657270919555889000,62.0,16,61.9,20,62.0,7,2,2022-07-08 09:01:59
1657270920531455000,61.9,1,61.9,18,62.0,7,2,2022-07-08 09:02:00
1657270921280111000,62.0,3,61.9,17,62.0,4,1,2022-07-08 09:02:01
1657270921311991000,62.0,4,61.9,17,62.1,7,1,2022-07-08 09:02:01
1657270923232860000,62.0,1,62.0,1,62.1,8,2,2022-07-08 09:02:03
1657270923266268000,62.0,1,61.9,17,62.1,8,2,2022-07-08 09:02:03
1657270923486215000,62.1,5,62.0,2,62.1,3,1,2022-07-08 09:02:03
1657270925071935000,62.1,2,62.0,4,62.2,13,1,2022-07-08 09:02:05
1657270926277277000,62.0,4,61.9,19,62.0,1,2,2022-07-08 09:02:06
1657270926313812000,62.0,1,61.9,19,62.2,13,1,2022-07-08 09:02:06
1657270927624154000,62.0,1,61.9,19,62.1,4,2,2022-07-08 09:02:07
1657270927657978000,62.0,1,61.9,19,62.1,4,1,2022-07-08 09:02:07
1657270929587636000,62.1,2,62.0,2,62.1,2,1,2022-07-08 09:02:09
1657270929703017000,62.0,2,61.9,17,62.1,2,2,2022-07-08 09:02:09
1657270929703017000,61.9,3,61.9,17,62.1,2,2,2022-07-08 09:02:09
1657270929736729000,62.0,2,61.9,17,62.0,2,1,2022-07-08 09:02:09
1657270932070877000,62.0,1,61.9,17,62.1,2,1,2022-07-08 09:02:12
1657270933804693000,62.0,1,62.0,3,62.1,6,2,2022-07-08 09:02:13
1657270935035356000,62.0,2,61.9,17,62.0,3,2,2022-07-08 09:02:15
1657270937048151000,62.0,1,61.9,18,62.0,3,1,2022-07-08 09:02:17
1657270937081586000,62.0,3,61.9,18,62.1,9,1,2022-07-08 09:02:17
1657270937278370000,62.0,1,61.9,19,62.1,8,1,2022-07-08 09:02:17
1657270938330735000,62.1,1,62.0,1,62.1,8,1,2022-07-08 09:02:18
1657270938967735000,62.1,8,62.0,4,62.2,14,1,2022-07-08 09:02:18
1657270939110718000,62.0,1,62.0,8,62.2,13,2,2022-07-08 09:02:19
1657270939743422000,62.0,13,61.9,13,62.2,13,2,2022-07-08 09:02:19
1657270939743422000,61.9,7,61.9,13,62.2,13,2,2022-07-08 09:02:19
1657270939865685000,62.0,1,62.0,6,62.1,1,1,2022-07-08 09:02:19
1657270940290834000,62.0,2,62.0,4,62.1,2,2,2022-07-08 09:02:20
1657270940471012000,62.0,2,62.0,2,62.1,3,2,2022-07-08 09:02:20
1657270940497862000,62.0,2,62.0,4,62.1,3,2,2022-07-08 09:02:20
1657270941534032000,62.0,1,61.9,15,62.1,3,1,2022-07-08 09:02:21
1657270942185890000,61.9,1,61.9,14,62.1,3,2,2022-07-08 09:02:22
1657270943418706000,62.0,1,62.0,1,62.1,5,2,2022-07-08 09:02:23
1657270943453481000,62.0,1,62.0,2,62.1,5,2,2022-07-08 09:02:23
1657270944876474000,62.0,2,62.0,1,62.1,5,1,2022-07-08 09:02:24
1657270944893498000,62.0,1,61.9,15,62.1,5,2,2022-07-08 09:02:24
1657270945736191000,61.9,4,61.9,10,62.1,7,2,2022-07-08 09:02:25
1657270946297302000,61.9,2,61.9,8,62.1,8,2,2022-07-08 09:02:26
1657270946676542000,62.0,3,62.0,2,62.1,8,1,2022-07-08 09:02:26
1657270947621248000,62.0,1,62.0,1,62.1,8,2,2022-07-08 09:02:27
1657270947654737000,62.0,1,61.9,8,62.1,8,2,2022-07-08 09:02:27
1657270947978001000,61.9,1,61.9,7,62.1,8,2,2022-07-08 09:02:27
1657270948745105000,62.0,1,62.0,1,62.1,9,1,2022-07-08 09:02:28
1657270949073209000,62.0,1,61.9,7,62.1,9,2,2022-07-08 09:02:29
1657270950708653000,62.0,1,61.9,5,62.1,9,2,2022-07-08 09:02:30
1657270950708653000,61.9,2,61.9,5,62.1,9,2,2022-07-08 09:02:30
1657270951047360000,62.0,1,61.9,4,62.1,10,2,2022-07-08 09:02:31
1657270951047360000,61.9,1,61.9,4,62.1,10,2,2022-07-08 09:02:31
1657270951474652000,62.0,1,61.9,4,62.1,10,1,2022-07-08 09:02:31
1657270956173221000,62.0,1,61.9,8,62.1,10,2,2022-07-08 09:02:36
1657270957254066000,61.9,2,61.9,7,62.1,10,2,2022-07-08 09:02:37
1657270957808313000,61.9,1,61.9,6,62.0,2,2,2022-07-08 09:02:37
1657270960327922000,61.9,5,61.8,21,61.9,2,2,2022-07-08 09:02:40
1657270960357191000,61.9,2,61.8,21,62.0,2,1,2022-07-08 09:02:40
1657270960359775000,61.8,1,61.8,20,62.0,2,2,2022-07-08 09:02:40
1657270962582113000,61.8,1,61.8,19,62.0,4,2,2022-07-08 09:02:42
1657270965673151000,61.8,1,61.8,17,61.9,3,2,2022-07-08 09:02:45
1657270966506216000,61.8,1,61.8,13,61.9,3,2,2022-07-08 09:02:46
1657270968043194000,61.9,3,61.8,14,62.0,6,1,2022-07-08 09:02:48
1657270969769471000,61.8,4,61.8,10,62.0,7,2,2022-07-08 09:02:49
1657270969799270000,61.8,10,61.7,17,62.0,8,2,2022-07-08 09:02:49
1657270972231318000,61.8,1,61.7,8,61.9,2,2,2022-07-08 09:02:52
1657270972231318000,61.7,9,61.7,8,61.9,2,2,2022-07-08 09:02:52
1657270973313701000,61.9,1,61.7,7,61.9,1,1,2022-07-08 09:02:53
1657270976313467000,61.7,1,61.7,2,61.9,2,2,2022-07-08 09:02:56
1657270978363948000,61.8,1,61.8,5,61.9,6,2,2022-07-08 09:02:58
1657270979126072000,61.9,1,61.8,4,61.9,5,1,2022-07-08 09:02:59
1657270980743092000,61.8,1,61.8,5,61.9,5,2,2022-07-08 09:03:00
1657270980873555000,61.8,2,61.8,3,61.9,6,2,2022-07-08 09:03:00
1657270981038366000,61.8,3,61.8,5,61.9,6,2,2022-07-08 09:03:01
1657270983924607000,61.7,3,61.6,29,61.8,1,2,2022-07-08 09:03:03
1657270984682844000,61.7,1,61.6,28,61.8,3,2,2022-07-08 09:03:04
1657270986031108000,61.8,1,61.7,1,61.8,2,1,2022-07-08 09:03:06
1657270986653768000,61.7,1,61.6,29,61.8,2,2,2022-07-08 09:03:06
1657270987319687000,61.6,1,61.6,28,61.8,3,2,2022-07-08 09:03:07
1657270992204213000,61.7,1,61.6,28,61.7,2,1,2022-07-08 09:03:12
1657270992245743000,61.7,2,61.6,28,61.8,7,1,2022-07-08 09:03:12
1657270993964926000,61.6,2,61.6,26,61.7,1,2,2022-07-08 09:03:13
1657270994994397000,61.7,1,61.6,26,61.8,3,1,2022-07-08 09:03:14
1657270995240698000,61.7,1,61.6,26,61.8,3,1,2022-07-08 09:03:15
1657270995403329000,61.8,3,61.7,1,61.9,5,1,2022-07-08 09:03:15
1657270999093268000,61.8,2,61.7,6,61.9,5,2,2022-07-08 09:03:19
1657271000449272000,61.8,1,61.8,4,61.9,6,2,2022-07-08 09:03:20
1657271000868854000,61.8,3,61.6,29,61.9,6,2,2022-07-08 09:03:20
1657271000868854000,61.7,8,61.6,29,61.9,6,2,2022-07-08 09:03:20
1657271000868854000,61.6,9,61.6,29,61.9,6,2,2022-07-08 09:03:20
1657271002133312000,61.8,1,61.6,29,61.8,2,1,2022-07-08 09:03:22
1657271002167806000,61.8,1,61.6,29,61.8,1,1,2022-07-08 09:03:22
1657271002245576000,61.8,1,61.6,29,61.9,13,1,2022-07-08 09:03:22
1657271008742989000,61.9,1,61.6,32,61.9,10,1,2022-07-08 09:03:28
1657271009002307000,61.7,1,61.6,28,61.9,10,2,2022-07-08 09:03:29
1657271009002307000,61.6,4,61.6,28,61.9,10,2,2022-07-08 09:03:29
1657271011894371000,61.8,2,61.7,1,61.8,1,1,2022-07-08 09:03:31
1657271017149839000,61.8,1,61.7,5,61.9,12,2,2022-07-08 09:03:37
1657271018213435000,61.8,3,61.7,7,61.8,3,1,2022-07-08 09:03:38
1657271018493120000,61.8,1,61.8,6,61.9,12,2,2022-07-08 09:03:38
1657271019196414000,61.8,1,61.8,5,61.9,12,2,2022-07-08 09:03:39
1657271020681439000,61.8,1,61.8,4,61.9,12,2,2022-07-08 09:03:40
1657271022030042000,61.9,1,61.8,5,61.9,11,1,2022-07-08 09:03:42
1657271024123327000,61.8,2,61.8,4,61.9,11,2,2022-07-08 09:03:44
1657271029260303000,61.8,1,61.8,4,61.9,19,2,2022-07-08 09:03:49
1657271029354223000,61.8,1,61.8,3,61.9,19,2,2022-07-08 09:03:49
1657271031472903000,61.8,1,61.8,2,61.9,19,2,2022-07-08 09:03:51
1657271031508920000,61.8,1,61.8,1,61.9,19,2,2022-07-08 09:03:51
1657271036161070000,61.8,1,61.8,1,61.9,19,2,2022-07-08 09:03:56
1657271037069780000,61.8,1,61.8,1,61.9,19,2,2022-07-08 09:03:57
1657271037130061000,61.7,1,61.7,19,61.9,19,2,2022-07-08 09:03:57
1657271037181550000,61.8,1,61.7,19,61.9,19,1,2022-07-08 09:03:57
1657271037777307000,61.8,1,61.7,19,61.9,19,2,2022-07-08 09:03:57
1657271038752358000,61.8,1,61.8,1,61.9,19,2,2022-07-08 09:03:58
1657271039554645000,61.8,4,61.7,19,61.8,1,1,2022-07-08 09:03:59
1657271039584261000,61.7,1,61.7,18,61.9,19,2,2022-07-08 09:03:59
1657271041795121000,61.8,1,61.8,2,61.9,19,1,2022-07-08 09:04:01
1657271042264815000,61.8,3,61.7,17,61.9,19,2,2022-07-08 09:04:02
1657271042264815000,61.7,1,61.7,17,61.9,19,2,2022-07-08 09:04:02
1657271043830555000,61.8,1,61.7,16,61.9,20,1,2022-07-08 09:04:03
1657271054927839000,61.8,3,61.8,23,61.9,20,1,2022-07-08 09:04:14
1657271054961198000,61.9,19,61.8,23,62.0,41,1,2022-07-08 09:04:14
1657271055380762000,61.8,1,61.8,23,62.0,40,2,2022-07-08 09:04:15
1657271056289816000,62.0,12,61.9,3,62.0,28,1,2022-07-08 09:04:16
1657271056331071000,62.0,28,61.9,4,62.1,7,1,2022-07-08 09:04:16
1657271059903935000,61.9,1,61.9,3,62.1,6,2,2022-07-08 09:04:19
1657271062047149000,62.0,3,61.9,3,62.1,6,2,2022-07-08 09:04:22
1657271062469633000,61.9,2,61.9,1,62.1,6,2,2022-07-08 09:04:22
1657271064115843000,62.1,1,62.0,4,62.1,6,1,2022-07-08 09:04:24
1657271064236701000,62.1,6,62.0,4,62.2,16,1,2022-07-08 09:04:24
1657271065477294000,62.0,1,62.0,4,62.2,15,2,2022-07-08 09:04:25
1657271066620173000,62.2,1,62.0,3,62.2,14,1,2022-07-08 09:04:26
1657271068511974000,62.1,1,62.0,4,62.2,14,2,2022-07-08 09:04:28
1657271069033025000,62.0,4,61.9,4,62.0,6,2,2022-07-08 09:04:29
1657271069072431000,62.0,5,61.9,4,62.0,1,1,2022-07-08 09:04:29
1657271069108634000,62.0,1,61.9,4,62.2,15,1,2022-07-08 09:04:29
1657271069189627000,62.0,1,62.0,1,62.2,15,2,2022-07-08 09:04:29
1657271071936627000,62.0,1,61.9,7,62.1,1,2,2022-07-08 09:04:31
1657271075075524000,62.1,2,61.9,6,62.1,1,1,2022-07-08 09:04:35
1657271075594089000,62.1,1,61.9,6,62.1,7,1,2022-07-08 09:04:35
1657271077841153000,62.0,1,62.0,2,62.1,7,2,2022-07-08 09:04:37
1657271080995452000,62.0,1,62.0,3,62.1,15,2,2022-07-08 09:04:40
1657271083537909000,62.1,1,62.0,4,62.1,16,1,2022-07-08 09:04:43
1657271084000320000,62.0,1,62.0,3,62.1,16,2,2022-07-08 09:04:44
1657271085528956000,62.0,1,62.0,1,62.1,15,2,2022-07-08 09:04:45
1657271085794311000,62.0,1,61.9,12,62.0,3,2,2022-07-08 09:04:45
1657271086301094000,62.0,1,61.9,11,62.0,2,1,2022-07-08 09:04:46
1657271086671413000,62.0,1,61.9,11,62.0,1,1,2022-07-08 09:04:46
1657271090330759000,62.0,5,61.9,12,62.0,8,1,2022-07-08 09:04:50
1657271090919308000,61.9,1,61.9,11,62.0,6,2,2022-07-08 09:04:50
1657271091678897000,61.9,11,61.8,35,62.0,12,2,2022-07-08 09:04:51
1657271091762781000,61.9,2,61.8,35,62.0,12,1,2022-07-08 09:04:51
1657271092893697000,61.9,1,61.8,35,62.0,12,2,2022-07-08 09:04:52
1657271092952969000,62.0,5,61.8,35,62.0,7,1,2022-07-08 09:04:52
1657271093975644000,62.0,3,61.8,35,62.0,5,1,2022-07-08 09:04:53
1657271096985937000,61.9,1,61.8,39,61.9,6,1,2022-07-08 09:04:56
1657271097238665000,61.9,1,61.8,39,61.9,5,1,2022-07-08 09:04:57
1657271100228525000,61.9,1,61.8,39,61.9,4,1,2022-07-08 09:05:00
1657271100918367000,61.8,4,61.8,35,61.9,4,2,2022-07-08 09:05:00
1657271103116477000,61.9,1,61.8,35,61.9,5,1,2022-07-08 09:05:03
1657271104756539000,61.9,5,61.8,35,62.0,4,1,2022-07-08 09:05:04
1657271107297516000,61.8,1,61.8,35,61.9,2,2,2022-07-08 09:05:07
1657271108384598000,61.9,1,61.8,34,61.9,3,1,2022-07-08 09:05:08
1657271110964220000,61.9,1,61.8,34,61.9,3,1,2022-07-08 09:05:10
1657271112738796000,61.9,3,61.9,2,62.0,9,1,2022-07-08 09:05:12
1657271113020832000,61.9,2,61.8,34,62.0,9,2,2022-07-08 09:05:13
1657271115845096000,61.8,28,61.8,7,62.0,9,2,2022-07-08 09:05:15
1657271115871570000,61.8,7,61.7,28,61.9,1,2,2022-07-08 09:05:15
1657271116637953000,61.8,1,61.8,2,61.9,2,1,2022-07-08 09:05:16
1657271120584887000,61.9,2,61.9,8,62.0,13,1,2022-07-08 09:05:20
1657271120758999000,61.9,6,61.9,2,62.0,13,2,2022-07-08 09:05:20
1657271120786340000,61.9,2,61.8,2,62.0,13,2,2022-07-08 09:05:20
1657271122488598000,61.8,1,61.8,3,61.9,5,2,2022-07-08 09:05:22
1657271122544270000,61.8,1,61.8,2,61.9,5,2,2022-07-08 09:05:22
1657271122556477000,61.8,1,61.8,1,61.9,5,2,2022-07-08 09:05:22
1657271127513811000,61.8,1,61.7,20,61.9,6,2,2022-07-08 09:05:27
1657271127513811000,61.7,9,61.7,20,61.9,6,2,2022-07-08 09:05:27
1657271134470922000,61.8,1,61.8,5,61.9,7,2,2022-07-08 09:05:34
1657271135819603000,61.9,2,61.8,5,61.9,5,1,2022-07-08 09:05:35
1657271139063905000,61.8,3,61.8,4,61.9,5,2,2022-07-08 09:05:39
1657271139902993000,61.9,2,61.8,4,61.9,3,1,2022-07-08 09:05:39
1657271141915898000,61.9,1,61.8,4,61.9,9,1,2022-07-08 09:05:41
1657271143654604000,61.9,2,61.8,5,61.9,8,1,2022-07-08 09:05:43
1657271145490302000,61.9,1,61.8,5,61.9,7,1,2022-07-08 09:05:45
1657271145757160000,61.9,7,61.8,58,62.0,13,1,2022-07-08 09:05:45
1657271151377930000,61.9,1,61.9,2,62.0,16,2,2022-07-08 09:05:51
1657271152001945000,61.9,1,61.9,2,62.0,16,2,2022-07-08 09:05:52
1657271153215984000,61.9,3,61.9,2,62.0,16,2,2022-07-08 09:05:53
1657271154647179000,61.9,1,61.9,2,62.0,16,2,2022-07-08 09:05:54
1657271155034366000,61.9,2,61.8,59,62.0,16,2,2022-07-08 09:05:55
1657271163301859000,61.9,1,61.9,6,62.0,16,2,2022-07-08 09:06:03
1657271163400477000,61.9,1,61.9,5,62.0,16,2,2022-07-08 09:06:03
1657271173527889000,62.0,2,61.9,8,62.0,13,1,2022-07-08 09:06:13
1657271175349039000,61.9,3,61.9,7,62.0,12,2,2022-07-08 09:06:15
1657271178111412000,61.9,1,61.9,9,62.0,12,2,2022-07-08 09:06:18
1657271194194274000,61.9,1,61.9,29,62.0,18,2,2022-07-08 09:06:34
1657271195479756000,61.9,26,61.9,3,62.0,18,2,2022-07-08 09:06:35
1657271195580904000,61.9,3,61.9,1,62.0,18,2,2022-07-08 09:06:35
1657271198087136000,61.9,1,61.8,74,61.9,2,2,2022-07-08 09:06:38
1657271200497441000,61.9,1,61.8,73,61.9,2,1,2022-07-08 09:06:40
1657271201068753000,61.9,1,61.8,73,61.9,1,1,2022-07-08 09:06:41
1657271204799632000,61.9,1,61.8,73,61.9,1,1,2022-07-08 09:06:44
1657271205173651000,61.9,1,61.9,4,62.0,19,1,2022-07-08 09:06:45
1657271205268568000,61.9,1,61.9,3,62.0,19,2,2022-07-08 09:06:45
1657271205280286000,61.9,3,61.8,74,62.0,19,2,2022-07-08 09:06:45
1657271208837671000,61.9,1,61.8,80,61.9,1,1,2022-07-08 09:06:48
1657271213555210000,61.8,2,61.8,78,61.9,1,2,2022-07-08 09:06:53
1657271213849773000,61.8,10,61.8,68,61.9,1,2,2022-07-08 09:06:53
1657271218554156000,61.8,2,61.8,67,61.9,2,2,2022-07-08 09:06:58
1657271218554178000,61.8,2,61.8,65,61.9,2,2,2022-07-08 09:06:58
1657271218597509000,61.8,1,61.8,64,61.9,3,2,2022-07-08 09:06:58
1657271218610302000,61.8,1,61.8,65,61.9,3,2,2022-07-08 09:06:58
1657271220518585000,61.9,1,61.8,63,61.9,5,1,2022-07-08 09:07:00
1657271220850520000,61.8,5,61.8,58,61.9,5,2,2022-07-08 09:07:00
1657271225561016000,61.9,4,61.9,16,62.0,22,1,2022-07-08 09:07:05
1657271225992362000,61.9,2,61.9,14,62.0,22,2,2022-07-08 09:07:05
1657271226014766000,61.9,2,61.9,12,62.0,22,2,2022-07-08 09:07:06
1657271226249134000,61.9,10,61.9,2,62.0,22,2,2022-07-08 09:07:06
1657271226272439000,61.9,2,61.8,59,62.0,22,2,2022-07-08 09:07:06
1657271231157219000,61.9,2,61.9,1,62.0,22,1,2022-07-08 09:07:11
1657271231186751000,61.9,1,61.8,65,62.0,22,2,2022-07-08 09:07:11
1657271231261955000,61.9,1,61.8,65,62.0,22,1,2022-07-08 09:07:11
1657271231609693000,61.9,1,61.8,65,62.0,22,1,2022-07-08 09:07:11
1657271232654701000,61.9,1,61.8,64,61.9,1,2,2022-07-08 09:07:12
1657271232654720000,61.8,2,61.8,62,61.9,1,2,2022-07-08 09:07:12
1657271234108081000,61.9,1,61.8,63,61.9,2,1,2022-07-08 09:07:14
1657271236957281000,61.9,1,61.8,67,61.9,2,1,2022-07-08 09:07:16
1657271244654942000,61.9,1,61.8,66,61.9,4,1,2022-07-08 09:07:24
1657271246383623000,61.9,1,61.8,67,61.9,3,1,2022-07-08 09:07:26
1657271249135132000,61.8,1,61.8,66,61.9,3,2,2022-07-08 09:07:29
1657271255461904000,61.9,1,61.8,65,61.9,5,1,2022-07-08 09:07:35
1657271260081224000,61.9,2,61.8,66,61.9,3,1,2022-07-08 09:07:40
1657271267883320000,61.9,1,61.8,77,61.9,8,1,2022-07-08 09:07:47
1657271269081532000,61.8,1,61.8,76,61.9,9,2,2022-07-08 09:07:49
1657271272377639000,61.8,7,61.8,69,61.9,9,2,2022-07-08 09:07:52
1657271272404442000,61.8,2,61.8,67,61.9,9,2,2022-07-08 09:07:52
1657271273219467000,61.8,1,61.8,66,61.9,10,2,2022-07-08 09:07:53
1657271274704436000,61.8,1,61.8,65,61.9,10,2,2022-07-08 09:07:54
1657271275116347000,61.9,3,61.8,65,61.9,7,1,2022-07-08 09:07:55
1657271283125697000,61.8,1,61.8,67,61.9,9,2,2022-07-08 09:08:03
1657271283780427000,61.9,3,61.8,68,61.9,9,1,2022-07-08 09:08:03
1657271284640081000,61.9,2,61.8,65,61.9,4,1,2022-07-08 09:08:04
1657271287197497000,61.8,2,61.8,63,61.9,6,2,2022-07-08 09:08:07
1657271288084242000,61.8,2,61.8,61,61.9,6,2,2022-07-08 09:08:08
1657271290831906000,61.8,6,61.8,55,61.9,6,2,2022-07-08 09:08:10
1657271290868821000,61.8,1,61.8,54,61.9,7,2,2022-07-08 09:08:10
1657271294022433000,61.9,1,61.8,54,61.9,6,1,2022-07-08 09:08:14
1657271295980828000,61.9,10,61.8,53,62.0,20,1,2022-07-08 09:08:15
1657271297436283000,61.9,3,61.8,53,62.2,22,1,2022-07-08 09:08:17
1657271297436283000,62.0,19,61.8,53,62.2,22,1,2022-07-08 09:08:17
1657271297436283000,62.1,23,61.8,53,62.2,22,1,2022-07-08 09:08:17
1657271298386016000,61.9,1,61.8,54,61.9,11,2,2022-07-08 09:08:18
1657271298416437000,61.9,11,61.8,54,62.1,1,1,2022-07-08 09:08:18
1657271298487536000,61.9,1,61.8,54,62.1,1,2,2022-07-08 09:08:18
1657271303607532000,62.1,1,61.9,7,62.2,22,1,2022-07-08 09:08:23
1657271315797538000,62.1,2,62.0,6,62.2,27,2,2022-07-08 09:08:35
1657271319126363000,62.1,1,62.0,6,62.2,27,2,2022-07-08 09:08:39
1657271321905988000,62.2,2,62.0,6,62.2,30,1,2022-07-08 09:08:41
1657271323544232000,62.0,1,62.0,5,62.2,28,2,2022-07-08 09:08:43
1657271325957895000,62.1,1,62.1,1,62.2,28,2,2022-07-08 09:08:45
1657271325978373000,62.1,1,62.0,6,62.2,28,2,2022-07-08 09:08:45
1657271328387297000,62.1,1,62.0,7,62.1,1,1,2022-07-08 09:08:48
1657271328691595000,62.0,5,62.0,2,62.1,1,2,2022-07-08 09:08:48
1657271330347125000,62.0,2,61.9,13,62.1,2,2,2022-07-08 09:08:50
1657271330694761000,61.9,3,61.9,9,62.1,7,2,2022-07-08 09:08:50
1657271330812742000,61.9,2,61.9,7,62.1,6,2,2022-07-08 09:08:50
1657271331976351000,62.0,1,61.9,7,62.1,7,2,2022-07-08 09:08:51
1657271335391168000,62.0,5,61.9,7,62.1,7,2,2022-07-08 09:08:55
1657271337260075000,62.1,1,61.9,8,62.1,8,1,2022-07-08 09:08:57
1657271340474817000,62.0,1,62.0,1,62.1,3,2,2022-07-08 09:09:00
1657271342603822000,62.1,2,62.0,3,62.1,1,1,2022-07-08 09:09:02
1657271343887823000,62.0,1,62.0,4,62.1,1,2,2022-07-08 09:09:03
1657271345748917000,62.1,1,62.0,4,62.2,28,1,2022-07-08 09:09:05
1657271349189601000,62.2,1,62.0,7,62.2,27,1,2022-07-08 09:09:09
1657271350567433000,62.1,1,62.0,7,62.2,27,2,2022-07-08 09:09:10
1657271355956613000,62.1,1,61.9,23,62.2,25,2,2022-07-08 09:09:15
1657271355956613000,62.0,8,61.9,23,62.2,25,2,2022-07-08 09:09:15
1657271355956613000,61.9,1,61.9,23,62.2,25,2,2022-07-08 09:09:15
1657271356696442000,62.1,1,62.0,2,62.2,25,1,2022-07-08 09:09:16
1657271364170664000,62.1,2,62.1,5,62.2,25,2,2022-07-08 09:09:24
1657271367245952000,62.2,1,62.1,5,62.2,26,1,2022-07-08 09:09:27
1657271367872769000,62.2,5,62.1,6,62.2,22,1,2022-07-08 09:09:27
1657271367893360000,62.2,22,62.1,6,62.3,24,1,2022-07-08 09:09:27
1657271367941684000,62.3,2,62.2,2,62.3,22,1,2022-07-08 09:09:27
1657271367965087000,62.3,5,62.2,2,62.3,24,1,2022-07-08 09:09:27
1657271372217734000,62.3,1,62.2,2,62.3,16,1,2022-07-08 09:09:32
1657271374319546000,62.3,3,62.2,2,62.3,13,1,2022-07-08 09:09:34
1657271374654833000,62.3,1,62.2,2,62.3,12,1,2022-07-08 09:09:34
1657271374689936000,62.3,1,62.2,2,62.3,11,1,2022-07-08 09:09:34
1657271376830811000,62.3,10,62.2,2,62.3,1,1,2022-07-08 09:09:36
1657271376859803000,62.3,1,62.2,2,62.4,33,1,2022-07-08 09:09:36
1657271377455403000,62.4,3,62.3,1,62.4,33,1,2022-07-08 09:09:37
1657271379741647000,62.4,1,62.3,2,62.4,29,1,2022-07-08 09:09:39
1657271382600528000,62.3,4,62.2,3,62.4,30,2,2022-07-08 09:09:42
1657271383981010000,62.3,1,62.2,3,62.4,30,1,2022-07-08 09:09:43
1657271384914790000,62.4,1,62.2,3,62.4,29,1,2022-07-08 09:09:44
1657271388170768000,62.3,1,62.3,2,62.4,29,2,2022-07-08 09:09:48
1657271388221207000,62.3,2,62.2,3,62.4,29,2,2022-07-08 09:09:48
1657271388804586000,62.2,1,62.2,2,62.4,29,2,2022-07-08 09:09:48
1657271395557233000,62.3,1,62.2,23,62.4,31,1,2022-07-08 09:09:55
1657271399933201000,62.3,1,62.3,1,62.4,31,2,2022-07-08 09:09:59
1657271401793559000,62.3,1,62.2,27,62.4,31,2,2022-07-08 09:10:01
1657271402844204000,62.3,1,62.2,28,62.4,31,2,2022-07-08 09:10:02
1657271404065998000,62.3,1,62.3,1,62.4,31,2,2022-07-08 09:10:04
1657271404380520000,62.3,1,62.2,28,62.4,31,2,2022-07-08 09:10:04
1657271406018440000,62.3,1,62.3,1,62.4,32,2,2022-07-08 09:10:06
1657271407998443000,62.3,1,62.2,29,62.4,32,2,2022-07-08 09:10:07
1657271408803779000,62.3,1,62.2,30,62.4,31,1,2022-07-08 09:10:08
1657271408803779000,62.4,1,62.2,30,62.4,31,1,2022-07-08 09:10:08
1657271409502727000,62.3,1,62.3,3,62.4,31,2,2022-07-08 09:10:09
1657271409613088000,62.3,1,62.3,1,62.4,31,2,2022-07-08 09:10:09
1657271410160602000,62.3,1,62.2,30,62.4,31,2,2022-07-08 09:10:10
1657271411260485000,62.3,1,62.2,30,62.4,31,1,2022-07-08 09:10:11
1657271412414900000,62.3,1,62.2,29,62.3,1,1,2022-07-08 09:10:12
1657271412540508000,62.4,1,62.2,29,62.4,30,1,2022-07-08 09:10:12
1657271412622612000,62.4,1,62.2,29,62.4,29,1,2022-07-08 09:10:12
1657271415422336000,62.3,1,62.3,10,62.4,34,2,2022-07-08 09:10:15
1657271418013778000,62.4,3,62.3,12,62.4,31,1,2022-07-08 09:10:18
1657271422160841000,62.4,1,62.3,15,62.4,30,1,2022-07-08 09:10:22
1657271437493089000,62.3,25,62.2,39,62.4,30,2,2022-07-08 09:10:37
1657271437571964000,62.2,1,62.2,38,62.3,2,2,2022-07-08 09:10:37
1657271437603061000,62.2,1,62.2,37,62.3,2,2,2022-07-08 09:10:37
1657271437641219000,62.2,1,62.2,36,62.3,2,2,2022-07-08 09:10:37
1657271439380601000,62.3,1,62.2,36,62.3,1,1,2022-07-08 09:10:39
1657271439817869000,62.2,4,62.2,32,62.3,2,2,2022-07-08 09:10:39
1657271440040565000,62.2,5,62.2,32,62.3,4,2,2022-07-08 09:10:40
1657271440277645000,62.3,1,62.2,27,62.3,3,1,2022-07-08 09:10:40
1657271440423976000,62.3,1,62.2,27,62.3,5,1,2022-07-08 09:10:40
1657271442139739000,62.2,1,62.2,26,62.3,5,2,2022-07-08 09:10:42
1657271443531321000,62.3,1,62.2,26,62.3,5,1,2022-07-08 09:10:43
1657271444067565000,62.2,1,62.2,24,62.3,15,2,2022-07-08 09:10:44
1657271444514906000,62.3,6,62.2,24,62.3,9,1,2022-07-08 09:10:44
1657271444807032000,62.2,1,62.2,23,62.3,9,2,2022-07-08 09:10:44
1657271445790878000,62.2,1,62.2,22,62.3,10,2,2022-07-08 09:10:45
1657271448056681000,62.3,4,62.2,22,62.3,6,1,2022-07-08 09:10:48
1657271449608354000,62.2,1,62.2,21,62.3,6,2,2022-07-08 09:10:49
1657271449626819000,62.3,1,62.2,21,62.3,5,1,2022-07-08 09:10:49
1657271449803101000,62.3,1,62.2,21,62.3,4,1,2022-07-08 09:10:49
1657271452606499000,62.2,5,62.2,17,62.3,5,2,2022-07-08 09:10:52
1657271452637391000,62.2,4,62.2,13,62.3,5,2,2022-07-08 09:10:52
1657271453052705000,62.3,1,62.2,13,62.3,4,1,2022-07-08 09:10:53
1657271454565985000,62.2,1,62.2,11,62.3,4,2,2022-07-08 09:10:54
1657271459206453000,62.3,1,62.2,11,62.3,8,1,2022-07-08 09:10:59
1657271462374176000,62.3,3,62.2,13,62.3,6,1,2022-07-08 09:11:02
1657271462936218000,62.2,2,62.2,13,62.3,6,2,2022-07-08 09:11:02
1657271462967595000,62.2,2,62.2,11,62.3,6,2,2022-07-08 09:11:02
1657271466465454000,62.3,1,62.2,9,62.3,6,1,2022-07-08 09:11:06
1657271466894627000,62.2,2,62.2,8,62.3,6,2,2022-07-08 09:11:06
1657271469907689000,62.3,3,62.2,7,62.3,6,1,2022-07-08 09:11:09
1657271470746755000,62.2,1,62.2,8,62.3,6,2,2022-07-08 09:11:10
1657271470799082000,62.3,2,62.2,7,62.3,4,1,2022-07-08 09:11:10
1657271480325583000,62.3,1,62.2,15,62.3,8,1,2022-07-08 09:11:20
1657271481251932000,62.2,2,62.2,13,62.3,8,2,2022-07-08 09:11:21
1657271481334353000,62.3,1,62.2,12,62.3,7,1,2022-07-08 09:11:21
1657271482223999000,62.2,1,62.2,11,62.3,7,2,2022-07-08 09:11:22
1657271482224667000,62.3,1,62.2,11,62.3,6,1,2022-07-08 09:11:22
1657271482300012000,62.3,2,62.2,12,62.3,6,1,2022-07-08 09:11:22
1657271485953808000,62.3,1,62.2,12,62.3,4,1,2022-07-08 09:11:25
1657271486551914000,62.3,1,62.2,12,62.3,4,1,2022-07-08 09:11:26
1657271486960896000,62.3,2,62.2,12,62.3,2,1,2022-07-08 09:11:26
1657271487343182000,62.3,1,62.2,12,62.3,1,1,2022-07-08 09:11:27
1657271488152007000,62.3,1,62.2,12,62.3,5,1,2022-07-08 09:11:28
1657271490393306000,62.3,2,62.2,12,62.3,3,1,2022-07-08 09:11:30
1657271490856291000,62.3,1,62.2,12,62.3,2,1,2022-07-08 09:11:30
1657271491477666000,62.3,1,62.2,12,62.3,1,1,2022-07-08 09:11:31
1657271491985689000,62.3,1,62.2,12,62.4,31,1,2022-07-08 09:11:31
1657271494632397000,62.3,2,62.2,11,62.3,1,1,2022-07-08 09:11:34
1657271496954512000,62.3,1,62.3,1,62.4,33,1,2022-07-08 09:11:36
1657271497597055000,62.4,6,62.3,1,62.4,25,1,2022-07-08 09:11:37
1657271498887593000,62.3,1,62.3,3,62.4,25,2,2022-07-08 09:11:38
1657271499457193000,62.4,1,62.3,3,62.4,24,1,2022-07-08 09:11:39
1657271500110978000,62.3,6,62.3,7,62.4,23,2,2022-07-08 09:11:40
1657271505654371000,62.3,1,62.3,8,62.4,23,2,2022-07-08 09:11:45
1657271507745368000,62.4,1,62.3,8,62.4,22,1,2022-07-08 09:11:47
1657271510706204000,62.3,8,62.2,7,62.3,6,2,2022-07-08 09:11:50
1657271516261703000,62.2,3,62.2,4,62.3,6,2,2022-07-08 09:11:56
1657271516967473000,62.3,1,62.2,4,62.3,5,1,2022-07-08 09:11:56
1657271517893260000,62.3,1,62.2,3,62.3,4,1,2022-07-08 09:11:57
1657271517966237000,62.3,1,62.2,3,62.3,3,1,2022-07-08 09:11:57
1657271518259625000,62.3,1,62.2,3,62.3,2,1,2022-07-08 09:11:58
1657271519215849000,62.3,1,62.2,3,62.3,1,1,2022-07-08 09:11:59
1657271519248338000,62.3,1,62.2,3,62.4,26,1,2022-07-08 09:11:59
1657271525503109000,62.3,2,62.2,6,62.3,3,2,2022-07-08 09:12:05
1657271528906045000,62.3,5,62.2,7,62.3,4,1,2022-07-08 09:12:08
1657271528926138000,62.3,1,62.2,7,62.3,3,1,2022-07-08 09:12:08
1657271528926205000,62.3,3,62.2,7,62.4,26,1,2022-07-08 09:12:08
1657271528995097000,62.3,2,62.3,2,62.4,26,2,2022-07-08 09:12:08
1657271530040369000,62.3,1,62.2,7,62.3,2,1,2022-07-08 09:12:10
1657271531670399000,62.2,1,62.2,6,62.3,2,2,2022-07-08 09:12:11
1657271533233924000,62.3,2,62.2,6,62.4,26,1,2022-07-08 09:12:13
1657271535785774000,62.3,1,62.3,1,62.4,26,2,2022-07-08 09:12:15
1657271536073625000,62.4,5,62.3,2,62.4,21,1,2022-07-08 09:12:16
1657271540993685000,62.3,1,62.3,2,62.4,21,2,2022-07-08 09:12:20
1657271544177179000,62.3,1,62.3,4,62.4,23,2,2022-07-08 09:12:24
1657271545717790000,62.3,1,62.3,4,62.4,23,2,2022-07-08 09:12:25
1657271549747663000,62.3,1,62.3,6,62.4,23,2,2022-07-08 09:12:29
1657271552077644000,62.3,1,62.3,5,62.4,25,2,2022-07-08 09:12:32
1657271552728476000,62.3,5,62.2,20,62.4,25,2,2022-07-08 09:12:32
1657271567181303000,62.4,15,62.3,37,62.4,11,1,2022-07-08 09:12:47
1657271567210350000,62.4,5,62.3,37,62.4,6,1,2022-07-08 09:12:47
1657271567210442000,62.4,6,62.3,37,62.5,36,1,2022-07-08 09:12:47
1657271572056365000,62.5,2,62.4,1,62.5,34,1,2022-07-08 09:12:52
1657271572729781000,62.5,1,62.4,1,62.5,33,1,2022-07-08 09:12:52
1657271573933662000,62.5,1,62.4,1,62.5,32,1,2022-07-08 09:12:53
1657271576698396000,62.4,1,62.4,1,62.5,32,2,2022-07-08 09:12:56
1657271577247783000,62.5,1,62.4,1,62.5,31,1,2022-07-08 09:12:57
1657271577777679000,62.5,1,62.4,2,62.5,30,1,2022-07-08 09:12:57
1657271578604218000,62.5,2,62.4,3,62.5,28,1,2022-07-08 09:12:58
1657271580275308000,62.4,1,62.4,2,62.5,29,2,2022-07-08 09:13:00
1657271581865660000,62.4,2,62.3,38,62.4,2,2,2022-07-08 09:13:01
1657271582353200000,62.4,2,62.3,38,62.5,26,1,2022-07-08 09:13:02
1657271582353200000,62.5,3,62.3,38,62.5,26,1,2022-07-08 09:13:02
1657271583154103000,62.5,1,62.4,1,62.5,25,1,2022-07-08 09:13:03
1657271587556339000,62.5,5,62.4,5,62.5,20,1,2022-07-08 09:13:07
1657271591560924000,62.5,1,62.4,7,62.5,19,1,2022-07-08 09:13:11
1657271591640317000,62.5,1,62.4,8,62.5,18,1,2022-07-08 09:13:11
1657271594729886000,62.5,1,62.4,12,62.5,6,1,2022-07-08 09:13:14
1657271594737846000,62.4,5,62.4,7,62.5,6,2,2022-07-08 09:13:14
1657271595031650000,62.5,2,62.4,6,62.5,5,1,2022-07-08 09:13:15
1657271595659774000,62.5,1,62.4,8,62.5,4,1,2022-07-08 09:13:15
1657271596659389000,62.5,4,62.5,1,62.6,33,1,2022-07-08 09:13:16
1657271599112510000,62.5,1,62.4,8,62.6,33,2,2022-07-08 09:13:19
1657271600498665000,62.5,3,62.4,7,62.5,1,1,2022-07-08 09:13:20
1657271601113233000,62.5,1,62.4,8,62.6,33,1,2022-07-08 09:13:21
1657271604966589000,62.5,1,62.4,18,62.5,1,1,2022-07-08 09:13:24
1657271605288095000,62.5,1,62.4,18,62.6,28,1,2022-07-08 09:13:25
1657271605826293000,62.5,1,62.4,18,62.6,28,1,2022-07-08 09:13:25
1657271610319343000,62.5,6,62.4,18,62.6,30,2,2022-07-08 09:13:30
1657271610817212000,62.5,1,62.4,18,62.5,2,1,2022-07-08 09:13:30
1657271610912442000,62.5,1,62.4,18,62.5,1,1,2022-07-08 09:13:30
1657271611011749000,62.5,1,62.5,1,62.6,30,2,2022-07-08 09:13:31
1657271613796083000,62.4,5,62.4,15,62.5,9,2,2022-07-08 09:13:33
1657271613829307000,62.4,15,62.3,46,62.5,9,2,2022-07-08 09:13:33
1657271613995959000,62.4,2,62.3,46,62.4,1,1,2022-07-08 09:13:33
1657271615483450000,62.4,1,62.4,1,62.5,10,2,2022-07-08 09:13:35
1657271618187234000,62.5,1,62.3,46,62.5,13,1,2022-07-08 09:13:38
1657271618426982000,62.5,1,62.4,2,62.5,10,1,2022-07-08 09:13:38
1657271620172175000,62.4,2,62.3,46,62.5,10,2,2022-07-08 09:13:40
1657271621379348000,62.3,2,62.3,44,62.4,2,2,2022-07-08 09:13:41
1657271621447310000,62.3,29,62.3,15,62.4,3,2,2022-07-08 09:13:41
1657271621477674000,62.3,15,62.2,17,62.4,3,2,2022-07-08 09:13:41
1657271621964213000,62.3,2,62.2,16,62.3,2,1,2022-07-08 09:13:41
1657271623247602000,62.3,3,62.2,16,62.3,3,1,2022-07-08 09:13:43
1657271625585976000,62.4,1,62.2,18,62.4,7,1,2022-07-08 09:13:45
1657271625834750000,62.4,1,62.2,18,62.4,6,1,2022-07-08 09:13:45
1657271630335256000,62.3,10,62.2,17,62.4,7,2,2022-07-08 09:13:50
1657271636029703000,62.3,1,62.2,16,62.4,7,2,2022-07-08 09:13:56
1657271640862090000,62.4,5,62.3,2,62.4,2,1,2022-07-08 09:14:00
1657271641279357000,62.3,1,62.3,1,62.4,1,2,2022-07-08 09:14:01
1657271641313842000,62.3,1,62.2,17,62.4,1,2,2022-07-08 09:14:01
1657271641642612000,62.4,1,62.2,17,62.5,18,1,2022-07-08 09:14:01
1657271641642612000,62.5,1,62.2,17,62.5,18,1,2022-07-08 09:14:01
1657271641715334000,62.2,10,62.2,7,62.5,16,2,2022-07-08 09:14:01
1657271643084531000,62.3,1,62.2,8,62.4,9,1,2022-07-08 09:14:03
1657271643084531000,62.4,1,62.2,8,62.4,9,1,2022-07-08 09:14:03
1657271643865485000,62.2,8,62.2,8,62.4,9,2,2022-07-08 09:14:03
1657271649343346000,62.2,1,62.1,27,62.2,1,1,2022-07-08 09:14:09
1657271650973038000,62.2,1,62.1,27,62.2,1,1,2022-07-08 09:14:10
1657271652747833000,62.1,1,62.1,26,62.3,3,2,2022-07-08 09:14:12
1657271653139096000,62.2,1,62.1,26,62.4,7,1,2022-07-08 09:14:13
1657271653139096000,62.3,1,62.1,26,62.4,7,1,2022-07-08 09:14:13
1657271653403384000,62.4,10,62.1,26,62.5,12,1,2022-07-08 09:14:13
1657271654895176000,62.5,1,62.2,1,62.5,12,1,2022-07-08 09:14:14
1657271669042585000,62.4,2,62.3,2,62.5,17,1,2022-07-08 09:14:29
1657271669618698000,62.5,1,62.4,1,62.5,16,1,2022-07-08 09:14:29
1657271671441155000,62.5,1,62.4,1,62.5,15,1,2022-07-08 09:14:31
1657271673136990000,62.4,2,62.3,2,62.4,3,2,2022-07-08 09:14:33
1657271673941142000,62.4,1,62.3,2,62.4,2,1,2022-07-08 09:14:33
1657271676335517000,62.4,1,62.3,2,62.4,1,1,2022-07-08 09:14:36
1657271678569935000,62.4,1,62.3,12,62.5,17,1,2022-07-08 09:14:38
1657271685706687000,62.4,1,62.4,3,62.5,16,2,2022-07-08 09:14:45
1657271689198996000,62.4,1,62.4,5,62.5,17,2,2022-07-08 09:14:49
1657271692795744000,62.4,2,62.4,5,62.5,19,2,2022-07-08 09:14:52
1657271693007145000,62.4,1,62.4,4,62.5,19,2,2022-07-08 09:14:53
1657271695129123000,62.4,4,62.3,16,62.4,1,2,2022-07-08 09:14:55
1657271695154564000,62.4,1,62.3,16,62.5,20,1,2022-07-08 09:14:55
1657271696277637000,62.4,1,62.4,1,62.5,20,2,2022-07-08 09:14:56
1657271696935999000,62.4,1,62.4,2,62.5,20,2,2022-07-08 09:14:56
1657271697097647000,62.4,1,62.4,3,62.5,20,2,2022-07-08 09:14:57
1657271699960219000,62.4,2,62.4,2,62.5,20,2,2022-07-08 09:14:59
1657271702389318000,62.5,1,62.4,3,62.5,20,1,2022-07-08 09:15:02
1657271702996020000,62.4,1,62.4,2,62.5,19,2,2022-07-08 09:15:02
1657271703097023000,62.4,1,62.4,1,62.5,18,2,2022-07-08 09:15:03
1657271707535593000,62.4,1,62.4,2,62.5,18,2,2022-07-08 09:15:07
1657271710203116000,62.4,1,62.3,16,62.4,9,2,2022-07-08 09:15:10
1657271710231783000,62.4,9,62.3,16,62.5,18,1,2022-07-08 09:15:10
1657271713318851000,62.4,1,62.4,1,62.5,19,2,2022-07-08 09:15:13
1657271716820497000,62.4,1,62.3,17,62.4,1,1,2022-07-08 09:15:16
1657271728104584000,62.3,4,62.3,12,62.4,3,2,2022-07-08 09:15:28
1657271728104601000,62.3,5,62.3,7,62.4,3,2,2022-07-08 09:15:28
1657271731770009000,62.3,2,62.3,8,62.4,6,2,2022-07-08 09:15:31
1657271731801264000,62.3,2,62.3,6,62.4,6,2,2022-07-08 09:15:31
1657271734442529000,62.3,1,62.3,5,62.4,8,2,2022-07-08 09:15:34
1657271735179554000,62.3,1,62.3,4,62.4,8,2,2022-07-08 09:15:35
1657271736583565000,62.4,3,62.3,4,62.4,5,1,2022-07-08 09:15:36
1657271742423497000,62.3,4,62.2,15,62.3,7,2,2022-07-08 09:15:42
1657271757374180000,62.2,5,62.2,7,62.3,9,2,2022-07-08 09:15:57
1657271757417914000,62.2,1,62.2,6,62.3,10,2,2022-07-08 09:15:57
1657271759716137000,62.2,1,62.2,5,62.3,11,2,2022-07-08 09:15:59
1657271760319703000,62.2,1,62.2,4,62.3,11,2,2022-07-08 09:16:00
1657271761674338000,62.2,1,62.2,3,62.3,10,2,2022-07-08 09:16:01
1657271763122038000,62.2,3,62.1,20,62.3,9,2,2022-07-08 09:16:03
1657271765938420000,62.1,1,62.1,18,62.2,10,2,2022-07-08 09:16:05
1657271774836466000,62.1,1,62.1,16,62.2,10,2,2022-07-08 09:16:14
1657271774867462000,62.1,1,62.1,15,62.2,10,2,2022-07-08 09:16:14
1657271775333574000,62.1,1,62.1,14,62.2,10,2,2022-07-08 09:16:15
1657271775903519000,62.1,1,62.1,13,62.2,10,2,2022-07-08 09:16:15
1657271777698036000,62.1,1,62.1,12,62.2,10,2,2022-07-08 09:16:17
1657271781036191000,62.1,1,62.1,17,62.2,10,2,2022-07-08 09:16:21
1657271782081250000,62.2,5,62.1,17,62.2,5,1,2022-07-08 09:16:22
1657271782110069000,62.2,5,62.1,17,62.3,11,1,2022-07-08 09:16:22
1657271782145699000,62.2,1,62.2,1,62.3,11,2,2022-07-08 09:16:22
1657271783566473000,62.2,1,62.1,17,62.3,11,2,2022-07-08 09:16:23
1657271786301552000,62.1,5,62.1,12,62.3,11,2,2022-07-08 09:16:26
1657271787084306000,62.2,1,62.1,12,62.3,11,1,2022-07-08 09:16:27
1657271793448769000,62.2,1,62.2,5,62.3,11,2,2022-07-08 09:16:33
1657271797047613000,62.2,1,62.2,3,62.3,12,2,2022-07-08 09:16:37
1657271800787367000,62.2,1,62.2,2,62.3,12,2,2022-07-08 09:16:40
1657271806028665000,62.2,1,62.2,2,62.3,12,2,2022-07-08 09:16:46
1657271808315923000,62.2,3,62.1,16,62.3,12,2,2022-07-08 09:16:48
1657271808315923000,62.1,2,62.1,16,62.3,12,2,2022-07-08 09:16:48
1657271815947620000,62.2,1,62.1,18,62.3,12,1,2022-07-08 09:16:55
1657271817198151000,62.2,1,62.1,18,62.3,12,1,2022-07-08 09:16:57
1657271818545207000,62.3,5,62.1,18,62.3,7,1,2022-07-08 09:16:58
1657271818572797000,62.3,5,62.1,18,62.3,2,1,2022-07-08 09:16:58
1657271820147493000,62.2,2,62.1,18,62.3,2,2,2022-07-08 09:17:00
1657271827123551000,62.3,1,62.2,2,62.4,13,1,2022-07-08 09:17:07
1657271827123551000,62.4,3,62.2,2,62.4,13,1,2022-07-08 09:17:07
1657271841782998000,62.4,10,62.2,8,62.4,12,1,2022-07-08 09:17:21
1657271847464602000,62.4,1,62.2,18,62.4,11,1,2022-07-08 09:17:27
1657271849271724000,62.4,1,62.2,20,62.4,10,1,2022-07-08 09:17:29
1657271851438099000,62.4,1,62.2,20,62.4,9,1,2022-07-08 09:17:31
1657271856141372000,62.4,1,62.3,3,62.4,10,1,2022-07-08 09:17:36
1657271860138595000,62.4,1,62.3,4,62.4,9,1,2022-07-08 09:17:40
1657271860985494000,62.4,9,62.3,14,62.5,22,1,2022-07-08 09:17:40
1657271870893207000,62.3,1,62.3,16,62.5,21,2,2022-07-08 09:17:50
1657271878642169000,62.4,1,62.4,9,62.5,21,1,2022-07-08 09:17:58
1657271888595399000,62.4,1,62.4,9,62.5,20,2,2022-07-08 09:18:08
1657271902591636000,62.5,10,62.4,11,62.5,11,1,2022-07-08 09:18:22
1657271902621503000,62.5,5,62.4,11,62.5,6,1,2022-07-08 09:18:22
1657271902642150000,62.5,1,62.4,11,62.5,5,1,2022-07-08 09:18:22
1657271902642168000,62.5,5,62.4,11,62.6,16,1,2022-07-08 09:18:22
1657271908529056000,62.5,1,62.4,13,62.6,15,2,2022-07-08 09:18:28
1657271917905457000,62.5,1,62.5,3,62.6,15,2,2022-07-08 09:18:37
1657271918484446000,62.5,1,62.5,2,62.6,15,2,2022-07-08 09:18:38
1657271919434632000,62.5,1,62.5,1,62.6,15,2,2022-07-08 09:18:39
1657271920098723000,62.5,1,62.4,17,62.6,15,2,2022-07-08 09:18:40
1657271921533328000,62.6,1,62.4,17,62.6,14,1,2022-07-08 09:18:41
1657271922288652000,62.6,2,62.4,17,62.6,12,1,2022-07-08 09:18:42
1657271923196505000,62.5,1,62.5,2,62.6,12,1,2022-07-08 09:18:43
1657271923817442000,62.6,1,62.5,2,62.6,11,1,2022-07-08 09:18:43
1657271926270256000,62.6,1,62.5,2,62.6,10,1,2022-07-08 09:18:46
1657271926923118000,62.6,5,62.5,2,62.6,5,1,2022-07-08 09:18:46
1657271929158244000,62.6,1,62.5,4,62.6,4,1,2022-07-08 09:18:49
1657271929348997000,62.6,1,62.5,4,62.6,3,1,2022-07-08 09:18:49
1657271929777738000,62.6,1,62.5,4,62.6,2,1,2022-07-08 09:18:49
1657271930360107000,62.6,1,62.5,4,62.6,2,1,2022-07-08 09:18:50
1657271935095187000,62.6,1,62.5,4,62.6,1,1,2022-07-08 09:18:55
1657271940159431000,62.6,1,62.5,5,62.6,2,1,2022-07-08 09:19:00
1657271940393803000,62.6,3,62.6,2,62.7,19,1,2022-07-08 09:19:00
1657271943877707000,62.7,1,62.6,3,62.7,18,1,2022-07-08 09:19:03
1657271944105373000,62.7,1,62.6,3,62.7,17,1,2022-07-08 09:19:04
1657271944613586000,62.7,1,62.6,4,62.7,16,1,2022-07-08 09:19:04
1657271947861970000,62.6,4,62.5,5,62.6,9,2,2022-07-08 09:19:07
1657271949083595000,62.5,5,62.4,14,62.6,15,2,2022-07-08 09:19:09
1657271953229427000,62.5,1,62.4,14,62.5,1,1,2022-07-08 09:19:13
1657271955935698000,62.5,2,62.4,14,62.6,15,1,2022-07-08 09:19:15
1657271957231611000,62.5,1,62.5,1,62.6,15,1,2022-07-08 09:19:17
1657271971260904000,62.5,1,62.5,11,62.6,15,2,2022-07-08 09:19:31
1657271975146796000,62.5,1,62.5,11,62.6,15,2,2022-07-08 09:19:35
1657271983343980000,62.6,3,62.5,14,62.6,12,1,2022-07-08 09:19:43
1657271983525011000,62.5,14,62.4,27,62.6,11,2,2022-07-08 09:19:43
1657271995086356000,62.5,1,62.4,26,62.5,4,1,2022-07-08 09:19:55
1657271999362009000,62.4,1,62.4,14,62.5,4,2,2022-07-08 09:19:59
1657272001675227000,62.5,1,62.4,14,62.5,3,1,2022-07-08 09:20:01
1657272004409168000,62.4,1,62.4,13,62.5,4,2,2022-07-08 09:20:04
1657272027742178000,62.4,3,62.4,11,62.5,5,2,2022-07-08 09:20:27
1657272027767321000,62.5,1,62.4,11,62.5,4,1,2022-07-08 09:20:27
1657272030942225000,62.5,5,62.5,5,62.6,6,1,2022-07-08 09:20:30
1657272032923181000,62.6,1,62.5,6,62.6,5,1,2022-07-08 09:20:32
1657272039501645000,62.6,1,62.5,11,62.6,4,1,2022-07-08 09:20:39
1657272039546042000,62.6,1,62.5,11,62.6,3,1,2022-07-08 09:20:39
1657272039723217000,62.6,3,62.5,15,62.7,14,1,2022-07-08 09:20:39
1657272043698078000,62.6,1,62.5,4,62.7,14,2,2022-07-08 09:20:43
1657272043698078000,62.5,9,62.5,4,62.7,14,2,2022-07-08 09:20:43
1657272050751575000,62.5,1,62.5,3,62.6,2,2,2022-07-08 09:20:50
1657272052464219000,62.5,1,62.5,3,62.6,2,2,2022-07-08 09:20:52
1657272053849131000,62.5,1,62.5,2,62.6,6,2,2022-07-08 09:20:53
1657272053868811000,62.5,2,62.4,25,62.6,6,2,2022-07-08 09:20:53
1657272060587333000,62.5,1,62.4,26,62.6,8,2,2022-07-08 09:21:00
1657272064022488000,62.6,1,62.5,1,62.6,7,1,2022-07-08 09:21:04
1657272067878228000,62.5,2,62.4,27,62.6,7,2,2022-07-08 09:21:07
1657272069152006000,62.6,8,62.6,2,62.7,14,1,2022-07-08 09:21:09
1657272069611138000,62.6,1,62.6,1,62.7,14,2,2022-07-08 09:21:09
1657272069642280000,62.6,1,62.6,2,62.7,14,2,2022-07-08 09:21:09
1657272074425471000,62.5,3,62.4,21,62.7,14,2,2022-07-08 09:21:14
1657272074425471000,62.4,7,62.4,21,62.7,14,2,2022-07-08 09:21:14
1657272081529319000,62.4,2,62.4,18,62.6,3,2,2022-07-08 09:21:21
1657272081563502000,62.4,2,62.4,16,62.6,3,2,2022-07-08 09:21:21
1657272083014686000,62.4,1,62.4,15,62.6,3,2,2022-07-08 09:21:23
1657272105081379000,62.4,1,62.4,17,62.5,3,2,2022-07-08 09:21:45
1657272105895937000,62.4,1,62.4,16,62.5,13,2,2022-07-08 09:21:45
1657272105895942000,62.4,16,62.3,22,62.5,13,2,2022-07-08 09:21:45
1657272105969643000,62.3,16,62.3,6,62.4,5,2,2022-07-08 09:21:45
1657272105969752000,62.3,3,62.3,3,62.4,5,2,2022-07-08 09:21:45
1657272106000549000,62.3,3,62.2,22,62.4,5,2,2022-07-08 09:21:46
1657272115620162000,62.2,1,62.2,20,62.3,1,2,2022-07-08 09:21:55
1657272115658192000,62.2,1,62.2,19,62.3,1,2,2022-07-08 09:21:55
1657272120910365000,62.2,1,62.2,18,62.3,1,2,2022-07-08 09:22:00
1657272124812457000,62.2,1,62.2,16,62.3,1,2,2022-07-08 09:22:04
1657272125030402000,62.2,3,62.2,13,62.3,1,2,2022-07-08 09:22:05
1657272125157666000,62.2,6,62.2,7,62.3,1,2,2022-07-08 09:22:05
1657272127553101000,62.2,3,62.2,4,62.3,5,2,2022-07-08 09:22:07
1657272127589971000,62.2,4,62.1,31,62.3,5,2,2022-07-08 09:22:07
1657272131863964000,62.1,31,62.0,86,62.2,1,2,2022-07-08 09:22:11
1657272131863964000,62.0,19,62.0,86,62.2,1,2,2022-07-08 09:22:11
1657272133336105000,62.0,10,62.0,75,62.1,5,2,2022-07-08 09:22:13
1657272133372426000,62.0,1,62.0,74,62.1,6,2,2022-07-08 09:22:13
1657272134565540000,62.1,1,62.0,65,62.1,5,1,2022-07-08 09:22:14
1657272134632746000,62.0,1,62.0,64,62.1,5,2,2022-07-08 09:22:14
1657272135919497000,62.0,3,62.0,61,62.1,5,2,2022-07-08 09:22:15
1657272136303811000,62.0,1,62.0,60,62.1,6,2,2022-07-08 09:22:16
1657272136410843000,62.1,5,62.0,60,62.1,1,1,2022-07-08 09:22:16
1657272138897010000,62.0,1,62.0,58,62.1,3,2,2022-07-08 09:22:18
1657272140179391000,62.0,1,62.0,57,62.1,3,2,2022-07-08 09:22:20
1657272141912055000,62.0,1,62.0,56,62.1,3,2,2022-07-08 09:22:21
1657272142872830000,62.1,1,62.0,55,62.1,8,1,2022-07-08 09:22:22
1657272144790773000,62.0,1,62.0,54,62.1,8,2,2022-07-08 09:22:24
1657272149806387000,62.0,2,62.0,56,62.1,9,2,2022-07-08 09:22:29
1657272150049877000,62.0,2,62.0,54,62.1,9,2,2022-07-08 09:22:30
1657272151785789000,62.0,2,62.0,50,62.1,9,2,2022-07-08 09:22:31
1657272152708950000,62.0,10,62.0,40,62.1,9,2,2022-07-08 09:22:32
1657272155703609000,62.0,1,62.0,37,62.1,17,2,2022-07-08 09:22:35
1657272155867712000,62.0,1,62.0,36,62.1,17,2,2022-07-08 09:22:35
1657272156524215000,62.0,1,62.0,35,62.1,17,2,2022-07-08 09:22:36
1657272158842284000,62.0,4,62.0,31,62.1,17,2,2022-07-08 09:22:38
1657272159046357000,62.0,1,62.0,30,62.1,17,2,2022-07-08 09:22:39
1657272159781503000,62.1,1,62.0,30,62.1,11,1,2022-07-08 09:22:39
1657272159794130000,62.0,1,62.0,29,62.1,11,2,2022-07-08 09:22:39
1657272161378282000,62.0,1,62.0,27,62.1,13,2,2022-07-08 09:22:41
1657272161408981000,62.0,1,62.0,26,62.1,12,2,2022-07-08 09:22:41
1657272161733389000,62.0,2,62.0,28,62.1,13,2,2022-07-08 09:22:41
1657272162082729000,62.0,1,62.0,23,62.1,12,2,2022-07-08 09:22:42
1657272162663394000,62.0,2,62.0,21,62.1,13,2,2022-07-08 09:22:42
1657272162664666000,62.0,2,62.0,19,62.1,13,2,2022-07-08 09:22:42
1657272163048844000,62.0,2,62.0,17,62.1,13,2,2022-07-08 09:22:43
1657272163800558000,62.0,1,62.0,16,62.1,13,2,2022-07-08 09:22:43
1657272164853800000,62.0,5,62.0,11,62.1,13,2,2022-07-08 09:22:44
1657272166923823000,62.1,1,62.0,11,62.1,12,1,2022-07-08 09:22:46
1657272167479203000,62.0,5,62.0,6,62.1,12,2,2022-07-08 09:22:47
1657272167888241000,62.0,1,62.0,5,62.1,12,2,2022-07-08 09:22:47
1657272167925299000,62.0,4,62.0,1,62.1,12,2,2022-07-08 09:22:47
1657272167940717000,62.0,1,61.9,29,62.0,9,2,2022-07-08 09:22:47
1657272168481012000,62.0,1,61.9,29,62.0,10,1,2022-07-08 09:22:48
1657272174248824000,62.0,1,61.9,29,62.0,24,1,2022-07-08 09:22:54
1657272175350043000,62.0,1,61.9,29,62.0,23,1,2022-07-08 09:22:55
1657272177055443000,62.0,1,61.9,32,62.0,22,1,2022-07-08 09:22:57
1657272177083329000,62.0,21,61.9,32,62.0,1,1,2022-07-08 09:22:57
1657272177114321000,62.0,1,61.9,32,62.0,1,1,2022-07-08 09:22:57
1657272177115502000,62.0,1,61.9,32,62.0,2,1,2022-07-08 09:22:57
1657272179461720000,61.9,10,61.9,23,62.1,11,2,2022-07-08 09:22:59
1657272184089928000,62.0,1,61.9,23,62.1,11,2,2022-07-08 09:23:04
1657272184697628000,62.0,1,61.9,14,62.1,11,2,2022-07-08 09:23:04
1657272184697628000,61.9,9,61.9,14,62.1,11,2,2022-07-08 09:23:04
1657272186475145000,61.9,2,61.9,12,62.0,3,2,2022-07-08 09:23:06
1657272186593397000,61.9,1,61.9,11,62.0,4,2,2022-07-08 09:23:06
1657272192080350000,62.0,1,61.9,11,62.0,6,1,2022-07-08 09:23:12
1657272193440950000,61.9,1,61.9,10,62.0,6,2,2022-07-08 09:23:13
1657272193959843000,62.0,1,61.9,10,62.0,5,1,2022-07-08 09:23:13
1657272194108091000,62.0,1,61.9,10,62.0,4,1,2022-07-08 09:23:14
1657272194527034000,61.9,1,61.9,9,62.0,5,2,2022-07-08 09:23:14
1657272197103941000,61.9,1,61.9,8,62.0,10,2,2022-07-08 09:23:17
1657272198171439000,62.0,1,61.9,8,62.0,10,1,2022-07-08 09:23:18
1657272199043828000,61.9,2,61.9,6,62.0,10,2,2022-07-08 09:23:19
1657272201377142000,62.0,1,61.9,8,62.0,9,1,2022-07-08 09:23:21
1657272203542729000,61.9,1,61.9,8,62.0,9,2,2022-07-08 09:23:23
1657272206679363000,62.0,8,61.9,15,62.1,9,1,2022-07-08 09:23:26
1657272207283115000,61.9,2,61.9,13,62.1,8,2,2022-07-08 09:23:27
1657272211888280000,61.9,1,61.9,12,62.1,8,2,2022-07-08 09:23:31
1657272246394404000,62.0,2,62.0,22,62.1,16,2,2022-07-08 09:24:06
1657272247447997000,62.1,2,62.0,22,62.1,14,1,2022-07-08 09:24:07
1657272254139117000,62.1,1,62.0,22,62.1,14,1,2022-07-08 09:24:14
1657272257019529000,62.1,14,62.0,24,62.2,2,1,2022-07-08 09:24:17
1657272265368256000,62.2,1,62.1,1,62.2,5,1,2022-07-08 09:24:25
1657272270403629000,62.2,1,62.1,3,62.2,5,1,2022-07-08 09:24:30
1657272273901906000,62.2,1,62.1,5,62.2,2,1,2022-07-08 09:24:33
1657272274161526000,62.2,2,62.1,5,62.3,6,1,2022-07-08 09:24:34
1657272281713049000,62.2,1,62.1,8,62.3,6,1,2022-07-08 09:24:41
1657272283974726000,62.3,1,62.1,9,62.3,4,1,2022-07-08 09:24:43
1657272300564208000,62.2,1,62.2,5,62.3,9,2,2022-07-08 09:25:00
1657272300971277000,62.2,2,62.2,3,62.3,9,2,2022-07-08 09:25:00
1657272303119826000,62.3,1,62.2,3,62.3,8,1,2022-07-08 09:25:03
1657272308614143000,62.3,1,62.2,3,62.3,8,1,2022-07-08 09:25:08
1657272318934424000,62.3,1,62.2,4,62.3,8,1,2022-07-08 09:25:18
1657272331299266000,62.2,1,62.2,9,62.3,8,2,2022-07-08 09:25:31
1657272348004510000,62.3,3,62.2,12,62.3,6,1,2022-07-08 09:25:48
1657272353641852000,62.2,1,62.2,12,62.3,5,2,2022-07-08 09:25:53
1657272353646417000,62.3,2,62.2,12,62.3,3,1,2022-07-08 09:25:53
1657272360565660000,62.3,3,62.2,12,62.3,1,1,2022-07-08 09:26:00
1657272364169093000,62.3,1,62.2,12,62.4,12,1,2022-07-08 09:26:04
1657272364169093000,62.4,2,62.2,12,62.4,12,1,2022-07-08 09:26:04
1657272366692921000,62.3,1,62.2,5,62.4,12,2,2022-07-08 09:26:06
1657272366692921000,62.2,9,62.2,5,62.4,12,2,2022-07-08 09:26:06
1657272367902824000,62.3,2,62.2,4,62.4,12,1,2022-07-08 09:26:07
1657272371502147000,62.3,1,62.2,4,62.3,1,1,2022-07-08 09:26:11
1657272380104268000,62.4,4,62.3,5,62.4,7,1,2022-07-08 09:26:20
1657272381879346000,62.4,1,62.3,5,62.4,6,1,2022-07-08 09:26:21
1657272388837892000,62.4,1,62.3,6,62.4,5,1,2022-07-08 09:26:28
1657272391802976000,62.4,1,62.3,6,62.4,10,1,2022-07-08 09:26:31
1657272392855230000,62.4,1,62.3,6,62.4,9,1,2022-07-08 09:26:32
1657272397526168000,62.4,1,62.3,6,62.4,13,1,2022-07-08 09:26:37
1657272398208936000,62.4,3,62.3,6,62.4,10,1,2022-07-08 09:26:38
1657272400904569000,62.4,1,62.3,6,62.4,9,1,2022-07-08 09:26:40
1657272409454247000,62.4,1,62.3,6,62.4,7,1,2022-07-08 09:26:49
1657272412743040000,62.4,1,62.3,10,62.4,6,1,2022-07-08 09:26:52
1657272416182031000,62.4,4,62.3,10,62.4,2,1,2022-07-08 09:26:56
1657272420487751000,62.4,1,62.3,11,62.4,4,1,2022-07-08 09:27:00
1657272420767912000,62.4,1,62.3,11,62.4,3,1,2022-07-08 09:27:00
1657272442275417000,62.4,1,62.3,11,62.4,4,1,2022-07-08 09:27:22
1657272444073821000,62.4,1,62.3,11,62.4,3,1,2022-07-08 09:27:24
1657272446183191000,62.4,1,62.3,11,62.4,2,1,2022-07-08 09:27:26
1657272455744873000,62.3,5,62.3,5,62.4,6,2,2022-07-08 09:27:35
1657272461427297000,62.4,1,62.3,5,62.4,10,1,2022-07-08 09:27:41
1657272466555058000,62.3,5,62.2,7,62.4,10,2,2022-07-08 09:27:46
1657272474063637000,62.3,1,62.3,1,62.4,13,1,2022-07-08 09:27:54
1657272474101488000,62.3,1,62.2,9,62.4,13,2,2022-07-08 09:27:54
1657272476294828000,62.2,8,62.1,10,62.3,1,2,2022-07-08 09:27:56
1657272476294828000,62.1,2,62.1,10,62.3,1,2,2022-07-08 09:27:56
1657272484123812000,62.1,1,62.1,10,62.3,3,2,2022-07-08 09:28:04
1657272486737298000,62.3,1,62.1,9,62.3,2,1,2022-07-08 09:28:06
1657272522192165000,62.3,1,62.2,1,62.3,1,1,2022-07-08 09:28:42
1657272524854717000,62.3,1,62.2,1,62.4,13,1,2022-07-08 09:28:44
1657272533746492000,62.2,1,62.2,3,62.3,1,2,2022-07-08 09:28:53
1657272563588305000,62.2,2,62.2,6,62.3,4,2,2022-07-08 09:29:23
1657272573892023000,62.2,6,62.1,20,62.3,5,2,2022-07-08 09:29:33
1657272573892023000,62.1,4,62.1,20,62.3,5,2,2022-07-08 09:29:33
1657272590548718000,62.1,1,62.1,19,62.2,3,2,2022-07-08 09:29:50
1657272594097160000,62.2,1,62.1,18,62.2,5,1,2022-07-08 09:29:54
1657272594133001000,62.2,5,62.1,18,62.3,4,1,2022-07-08 09:29:54
1657272606262273000,62.2,1,62.2,1,62.3,4,2,2022-07-08 09:30:06
1657272614583823000,62.2,1,62.2,3,62.3,4,2,2022-07-08 09:30:14
1657272620163123000,62.3,4,62.2,3,62.4,9,1,2022-07-08 09:30:20
1657272629153673000,62.3,1,62.2,3,62.4,9,2,2022-07-08 09:30:29
1657272633573766000,62.2,1,62.2,3,62.4,9,2,2022-07-08 09:30:33
1657272653621379000,62.2,5,62.2,3,62.3,2,2,2022-07-08 09:30:53
1657272662523627000,62.2,1,62.2,3,62.3,2,2,2022-07-08 09:31:02
1657272671249085000,62.2,1,62.2,3,62.3,2,2,2022-07-08 09:31:11
1657272671425875000,62.2,1,62.2,2,62.3,2,2,2022-07-08 09:31:11
1657272672331315000,62.2,1,62.2,2,62.3,2,2,2022-07-08 09:31:12
1657272679960907000,62.2,2,62.1,19,62.3,7,2,2022-07-08 09:31:19
1657272694113710000,62.2,1,62.1,19,62.3,10,2,2022-07-08 09:31:34
1657272713008228000,62.1,1,62.1,18,62.2,3,2,2022-07-08 09:31:53
1657272713360901000,62.1,1,62.1,17,62.2,4,2,2022-07-08 09:31:53
1657272725489317000,62.1,1,62.1,19,62.2,4,2,2022-07-08 09:32:05
1657272727608589000,62.1,1,62.1,18,62.2,4,2,2022-07-08 09:32:07
1657272730004439000,62.1,1,62.1,17,62.2,4,2,2022-07-08 09:32:10
1657272736048770000,62.1,1,62.1,16,62.2,4,2,2022-07-08 09:32:16
1657272736117690000,62.1,3,62.1,13,62.2,4,2,2022-07-08 09:32:16
1657272737359290000,62.1,1,62.1,12,62.2,4,2,2022-07-08 09:32:17
1657272737558399000,62.2,4,62.2,5,62.3,13,1,2022-07-08 09:32:17
1657272737590851000,62.2,5,62.1,12,62.3,13,2,2022-07-08 09:32:17
1657272738099134000,62.2,2,62.2,1,62.3,13,1,2022-07-08 09:32:18
1657272738136867000,62.2,1,62.1,12,62.3,13,2,2022-07-08 09:32:18
1657272738300879000,62.1,1,62.1,12,62.2,1,2,2022-07-08 09:32:18
1657272765762010000,62.2,1,62.1,12,62.2,1,1,2022-07-08 09:32:45
1657272772362605000,62.2,1,62.1,12,62.2,1,1,2022-07-08 09:32:52
1657272778427109000,62.2,1,62.1,12,62.3,13,1,2022-07-08 09:32:58
1657272782040301000,62.2,1,62.1,11,62.2,1,1,2022-07-08 09:33:02
1657272782283312000,62.1,5,62.1,6,62.2,2,2,2022-07-08 09:33:02
1657272782283315000,62.1,5,62.1,1,62.2,2,2,2022-07-08 09:33:02
1657272782315508000,62.1,1,62.0,48,62.2,2,2,2022-07-08 09:33:02
1657272783546848000,62.0,1,62.0,47,62.1,1,2,2022-07-08 09:33:03
1657272801134147000,62.0,2,62.0,42,62.1,16,2,2022-07-08 09:33:21
1657272812885719000,62.0,1,62.0,42,62.1,16,2,2022-07-08 09:33:32
1657272820577499000,62.0,1,62.0,36,62.1,16,2,2022-07-08 09:33:40
1657272820851466000,62.0,2,62.0,34,62.1,16,2,2022-07-08 09:33:40
1657272822004526000,62.0,1,62.0,33,62.1,16,2,2022-07-08 09:33:42
1657272828522272000,62.0,2,62.0,31,62.1,16,2,2022-07-08 09:33:48
1657272828852269000,62.0,2,62.0,29,62.1,16,2,2022-07-08 09:33:48
1657272832183591000,62.0,2,62.0,27,62.1,16,2,2022-07-08 09:33:52
1657272841302198000,62.0,1,62.0,27,62.1,16,2,2022-07-08 09:34:01
1657272844078797000,62.0,1,62.0,26,62.1,16,2,2022-07-08 09:34:04
1657272853469620000,62.0,1,62.0,25,62.1,16,2,2022-07-08 09:34:13
1657272860970337000,62.0,3,62.0,22,62.1,16,2,2022-07-08 09:34:20
1657272862738086000,62.1,2,62.0,22,62.1,14,1,2022-07-08 09:34:22
1657272866187383000,62.0,3,62.0,19,62.1,14,2,2022-07-08 09:34:26
1657272866221870000,62.0,1,62.0,18,62.1,14,2,2022-07-08 09:34:26
1657272867008241000,62.1,2,62.0,18,62.1,12,1,2022-07-08 09:34:27
1657272903505674000,62.0,1,62.0,17,62.1,13,2,2022-07-08 09:35:03
1657272907757699000,62.0,1,62.0,15,62.1,13,2,2022-07-08 09:35:07
1657272908998356000,62.1,2,62.0,15,62.1,11,1,2022-07-08 09:35:08
1657272956744811000,62.0,1,62.0,20,62.1,12,2,2022-07-08 09:35:56
1657272960126376000,62.0,1,62.0,19,62.1,12,2,2022-07-08 09:36:00
1657272963467802000,62.0,1,62.0,18,62.1,13,2,2022-07-08 09:36:03
1657272965040809000,62.0,1,62.0,19,62.1,13,2,2022-07-08 09:36:05
1657272967260465000,62.0,2,62.0,17,62.1,13,2,2022-07-08 09:36:07
1657272971396420000,62.0,2,62.0,14,62.1,13,2,2022-07-08 09:36:11
1657272971641676000,62.0,1,62.0,13,62.1,13,2,2022-07-08 09:36:11
1657273017513947000,62.0,3,62.0,22,62.1,14,2,2022-07-08 09:36:57
1657273018852039000,62.0,1,62.0,21,62.1,14,2,2022-07-08 09:36:58
1657273018873288000,62.0,2,62.0,19,62.1,14,2,2022-07-08 09:36:58
1657273021196243000,62.0,1,62.0,18,62.1,15,2,2022-07-08 09:37:01
1657273021724227000,62.0,1,62.0,17,62.1,15,2,2022-07-08 09:37:01
1657273038670241000,62.0,1,62.0,20,62.1,17,2,2022-07-08 09:37:18
1657273039285854000,62.0,1,62.0,19,62.1,17,2,2022-07-08 09:37:19
1657273049426489000,62.0,1,62.0,20,62.1,17,2,2022-07-08 09:37:29
1657273052686289000,62.0,1,62.0,19,62.1,18,2,2022-07-08 09:37:32
1657273054448630000,62.0,1,62.0,18,62.1,18,2,2022-07-08 09:37:34
1657273055530874000,62.0,3,62.0,15,62.1,18,2,2022-07-08 09:37:35
1657273055924627000,62.0,10,62.0,5,62.1,18,2,2022-07-08 09:37:35
1657273055950207000,62.0,5,61.9,33,62.1,18,2,2022-07-08 09:37:35
1657273085658880000,61.9,1,61.9,33,62.0,5,2,2022-07-08 09:38:05
1657273091276312000,62.0,3,61.9,32,62.0,4,1,2022-07-08 09:38:11
1657273095282798000,61.9,1,61.9,31,62.0,5,2,2022-07-08 09:38:15
1657273096152303000,62.0,1,61.9,31,62.0,4,1,2022-07-08 09:38:16
1657273115772346000,61.9,10,61.9,21,62.0,7,2,2022-07-08 09:38:35
1657273116722192000,61.9,2,61.9,19,62.0,9,2,2022-07-08 09:38:36
1657273121011908000,61.9,2,61.9,17,62.0,11,2,2022-07-08 09:38:41
1657273123697598000,61.9,1,61.9,17,62.0,11,2,2022-07-08 09:38:43
1657273123731376000,61.9,1,61.9,16,62.0,11,2,2022-07-08 09:38:43
1657273124528403000,61.9,1,61.9,15,62.0,11,2,2022-07-08 09:38:44
1657273133409262000,61.9,1,61.9,13,62.0,16,2,2022-07-08 09:38:53
1657273133449964000,61.9,1,61.9,12,62.0,16,2,2022-07-08 09:38:53
1657273147314841000,61.9,1,61.9,12,62.0,19,2,2022-07-08 09:39:07
1657273149418719000,61.9,1,61.9,11,62.0,19,2,2022-07-08 09:39:09
1657273150672457000,61.9,11,61.8,31,62.0,20,2,2022-07-08 09:39:10
1657273150672457000,61.8,9,61.8,31,62.0,20,2,2022-07-08 09:39:10
1657273151125039000,61.9,1,61.9,1,62.0,20,1,2022-07-08 09:39:11
1657273151137638000,61.9,1,61.8,27,62.0,20,2,2022-07-08 09:39:11
1657273151137638000,61.8,3,61.8,27,62.0,20,2,2022-07-08 09:39:11
1657273151562622000,61.8,1,61.8,26,61.9,1,2,2022-07-08 09:39:11
1657273151562791000,61.8,4,61.8,22,61.9,1,2,2022-07-08 09:39:11
1657273151563021000,61.8,4,61.8,18,61.9,1,2,2022-07-08 09:39:11
1657273152605919000,61.8,4,61.8,14,61.9,2,2,2022-07-08 09:39:12
1657273152637756000,61.8,1,61.8,13,61.9,2,2,2022-07-08 09:39:12
1657273156475941000,61.8,1,61.8,12,61.9,3,2,2022-07-08 09:39:16
1657273157323248000,61.8,5,61.8,5,61.9,4,2,2022-07-08 09:39:17
1657273157353118000,61.8,5,61.7,38,61.9,4,2,2022-07-08 09:39:17
1657273163691651000,61.7,1,61.7,37,61.8,5,2,2022-07-08 09:39:23
1657273165090181000,61.8,2,61.7,37,61.8,5,1,2022-07-08 09:39:25
1657273169485935000,61.7,1,61.7,34,61.8,13,2,2022-07-08 09:39:29
1657273172712282000,61.7,1,61.7,33,61.8,13,2,2022-07-08 09:39:32
1657273174818122000,61.7,2,61.7,31,61.8,13,2,2022-07-08 09:39:34
1657273174843617000,61.7,1,61.7,30,61.8,13,2,2022-07-08 09:39:34
1657273177869698000,61.8,2,61.7,30,61.8,11,1,2022-07-08 09:39:37
1657273178910978000,61.7,4,61.7,26,61.8,11,2,2022-07-08 09:39:38
1657273180714004000,61.7,1,61.7,25,61.8,11,2,2022-07-08 09:39:40
1657273180903385000,61.7,1,61.7,24,61.8,11,2,2022-07-08 09:39:40
1657273181697468000,61.7,1,61.7,23,61.8,11,2,2022-07-08 09:39:41
1657273184369062000,61.7,5,61.7,37,61.8,9,2,2022-07-08 09:39:44
1657273185097083000,61.8,10,61.7,37,61.9,3,1,2022-07-08 09:39:45
1657273186014280000,61.8,1,61.7,43,61.9,3,2,2022-07-08 09:39:46
1657273186623344000,61.8,1,61.7,43,61.9,3,2,2022-07-08 09:39:46
1657273187330370000,61.7,2,61.7,41,61.9,3,2,2022-07-08 09:39:47
1657273191599497000,61.9,1,61.8,7,61.9,2,1,2022-07-08 09:39:51
1657273194440806000,61.8,2,61.8,5,61.9,2,2,2022-07-08 09:39:54
1657273196916467000,61.8,1,61.8,2,61.9,2,2,2022-07-08 09:39:56
1657273207149461000,61.9,4,61.8,15,62.0,15,1,2022-07-08 09:40:07
1657273207180565000,62.0,14,61.8,15,62.1,16,1,2022-07-08 09:40:07
1657273207926528000,62.0,1,61.9,7,62.1,15,2,2022-07-08 09:40:07
1657273210847808000,62.0,1,61.9,5,62.1,15,2,2022-07-08 09:40:10
1657273210847808000,61.9,2,61.9,5,62.1,15,2,2022-07-08 09:40:10
1657273231444088000,62.0,1,61.9,12,62.1,15,2,2022-07-08 09:40:31
1657273231444088000,61.9,1,61.9,12,62.1,15,2,2022-07-08 09:40:31
1657273257474935000,62.0,1,61.9,13,62.1,15,1,2022-07-08 09:40:57
1657273291138210000,62.0,1,61.9,14,62.1,15,1,2022-07-08 09:41:31
1657273291138210000,62.1,1,61.9,14,62.1,15,1,2022-07-08 09:41:31
1657273295913597000,62.1,1,61.9,14,62.1,14,1,2022-07-08 09:41:35
1657273309660070000,62.0,1,61.9,14,62.1,13,2,2022-07-08 09:41:49
1657273324386065000,62.0,1,62.0,1,62.1,13,1,2022-07-08 09:42:04
1657273340609959000,62.1,1,62.0,1,62.1,12,1,2022-07-08 09:42:20
1657273340759215000,62.1,5,62.0,1,62.1,6,1,2022-07-08 09:42:20
1657273340787222000,62.1,4,62.0,1,62.1,2,1,2022-07-08 09:42:20
1657273340787285000,62.1,2,62.0,1,62.2,1,1,2022-07-08 09:42:20
1657273349106214000,62.2,1,62.0,2,62.2,1,1,2022-07-08 09:42:29
1657273377251307000,62.3,1,62.2,3,62.3,9,1,2022-07-08 09:42:57
1657273379858379000,62.3,10,62.2,15,62.4,20,1,2022-07-08 09:42:59
1657273380836715000,62.4,1,62.3,1,62.4,19,1,2022-07-08 09:43:00
1657273387311992000,62.3,3,62.2,19,62.3,7,2,2022-07-08 09:43:07
1657273393247602000,62.3,1,62.2,14,62.3,6,1,2022-07-08 09:43:13
1657273395623278000,62.3,1,62.2,14,62.3,5,1,2022-07-08 09:43:15
1657273420214032000,62.2,1,62.2,13,62.3,14,2,2022-07-08 09:43:40
1657273429137206000,62.3,2,62.2,15,62.3,17,1,2022-07-08 09:43:49
1657273437266886000,62.3,1,62.2,15,62.3,16,1,2022-07-08 09:43:57
1657273456266337000,62.3,1,62.2,17,62.3,15,1,2022-07-08 09:44:16
1657273458772152000,62.3,1,62.2,17,62.3,23,1,2022-07-08 09:44:18
1657273460901118000,62.3,2,62.2,17,62.3,23,1,2022-07-08 09:44:20
1657273464964676000,62.2,1,62.2,16,62.3,23,2,2022-07-08 09:44:24
1657273470214361000,62.3,10,62.2,16,62.3,13,1,2022-07-08 09:44:30
1657273472737390000,62.2,2,62.2,14,62.3,11,2,2022-07-08 09:44:32
1657273472753983000,62.2,1,62.2,13,62.3,11,2,2022-07-08 09:44:32
1657273489638784000,62.2,3,62.2,2,62.3,15,2,2022-07-08 09:44:49
1657273494382962000,62.3,10,62.2,2,62.3,5,1,2022-07-08 09:44:54
1657273494412408000,62.3,5,62.2,3,62.4,13,1,2022-07-08 09:44:54
1657273499166214000,62.3,1,62.2,8,62.4,12,2,2022-07-08 09:44:59
1657273507641215000,62.3,2,62.2,6,62.3,8,2,2022-07-08 09:45:07
1657273555135801000,62.3,2,62.2,9,62.3,22,1,2022-07-08 09:45:55
1657273573887181000,62.2,5,62.2,4,62.3,28,2,2022-07-08 09:46:13
1657273573924411000,62.2,1,62.2,3,62.3,28,2,2022-07-08 09:46:13
1657273592794135000,62.2,1,62.2,2,62.3,28,2,2022-07-08 09:46:32
1657273600619185000,62.3,2,62.2,2,62.3,26,1,2022-07-08 09:46:40
1657273600932292000,62.2,1,62.2,1,62.3,26,2,2022-07-08 09:46:40
1657273638062607000,62.2,2,62.1,5,62.2,6,1,2022-07-08 09:47:18
1657273644149478000,62.2,1,62.1,9,62.2,6,1,2022-07-08 09:47:24
1657273653877129000,62.2,1,62.1,9,62.2,5,1,2022-07-08 09:47:33
1657273656126700000,62.1,1,62.1,8,62.2,3,2,2022-07-08 09:47:36
1657273662276840000,62.1,1,62.1,7,62.2,8,2,2022-07-08 09:47:42
1657273694530327000,62.2,6,62.1,9,62.2,4,1,2022-07-08 09:48:14
1657273757099676000,62.2,1,62.1,47,62.2,6,1,2022-07-08 09:49:17
1657273757099714000,62.2,6,62.1,47,62.3,17,1,2022-07-08 09:49:17
1657273757130773000,62.3,16,62.2,1,62.4,23,1,2022-07-08 09:49:17
1657273766943687000,62.4,1,62.3,2,62.4,22,1,2022-07-08 09:49:26
1657273800036270000,62.4,3,62.3,3,62.4,21,1,2022-07-08 09:50:00
1657273800842239000,62.3,1,62.3,2,62.4,21,2,2022-07-08 09:50:00
1657273801978639000,62.4,1,62.3,2,62.4,20,1,2022-07-08 09:50:01
1657273801982924000,62.4,1,62.3,2,62.4,19,1,2022-07-08 09:50:01
1657273807855187000,62.4,10,62.3,2,62.4,9,1,2022-07-08 09:50:07
1657273807884581000,62.4,9,62.3,2,62.5,50,1,2022-07-08 09:50:07
1657273815021663000,62.4,1,62.4,3,62.5,50,2,2022-07-08 09:50:15
1657273823577673000,62.4,5,62.4,2,62.5,49,2,2022-07-08 09:50:23
1657273831245829000,62.4,2,62.3,47,62.4,3,2,2022-07-08 09:50:31
1657273846221093000,62.4,4,62.4,6,62.5,51,1,2022-07-08 09:50:46
1657273848351106000,62.5,20,62.4,6,62.5,31,1,2022-07-08 09:50:48
1657273848407360000,62.5,1,62.4,7,62.5,29,1,2022-07-08 09:50:48
1657273848411346000,62.5,1,62.4,7,62.5,28,1,2022-07-08 09:50:48
1657273848413616000,62.5,1,62.4,7,62.5,27,1,2022-07-08 09:50:48
1657273848414487000,62.5,1,62.4,7,62.5,26,1,2022-07-08 09:50:48
1657273848416826000,62.5,1,62.4,7,62.5,25,1,2022-07-08 09:50:48
1657273848421646000,62.5,1,62.4,7,62.5,30,1,2022-07-08 09:50:48
1657273853004075000,62.5,4,62.4,17,62.5,20,1,2022-07-08 09:50:53
1657273855544136000,62.5,2,62.4,17,62.5,18,1,2022-07-08 09:50:55
1657273857706501000,62.5,10,62.4,17,62.5,8,1,2022-07-08 09:50:57
1657273857729888000,62.5,2,62.4,17,62.5,6,1,2022-07-08 09:50:57
1657273857729938000,62.5,6,62.4,17,62.6,32,1,2022-07-08 09:50:57
1657273859142409000,62.5,5,62.5,1,62.6,32,2,2022-07-08 09:50:59
1657273870351783000,62.6,2,62.5,2,62.6,24,1,2022-07-08 09:51:10
1657273870572126000,62.5,5,62.5,7,62.6,24,2,2022-07-08 09:51:10
1657273872215412000,62.6,10,62.5,8,62.6,14,1,2022-07-08 09:51:12
1657273878416024000,62.6,1,62.5,12,62.6,13,1,2022-07-08 09:51:18
1657273882320674000,62.6,1,62.5,20,62.6,11,1,2022-07-08 09:51:22
1657273882679427000,62.6,1,62.5,20,62.6,11,1,2022-07-08 09:51:22
1657273882832258000,62.6,1,62.5,20,62.6,10,1,2022-07-08 09:51:22
1657273883523245000,62.6,10,62.5,20,62.7,44,1,2022-07-08 09:51:23
1657273889644726000,62.7,33,62.6,21,62.7,8,1,2022-07-08 09:51:29
1657273889676832000,62.7,8,62.6,21,62.8,29,1,2022-07-08 09:51:29
1657273890800706000,62.8,2,62.6,22,62.8,26,1,2022-07-08 09:51:30
1657273890835901000,62.8,3,62.6,22,62.8,23,1,2022-07-08 09:51:30
1657273890857828000,62.8,1,62.6,22,62.8,22,1,2022-07-08 09:51:30
1657273891072074000,62.8,1,62.7,1,62.8,21,1,2022-07-08 09:51:31
1657273891802972000,62.8,4,62.7,1,62.8,17,1,2022-07-08 09:51:31
1657273891838719000,62.8,1,62.7,1,62.8,16,1,2022-07-08 09:51:31
1657273891870692000,62.8,2,62.7,1,62.8,14,1,2022-07-08 09:51:31
1657273893377004000,62.8,1,62.7,4,62.8,13,1,2022-07-08 09:51:33
1657273893590686000,62.8,4,62.7,4,62.8,9,1,2022-07-08 09:51:33
1657273893880885000,62.8,1,62.7,4,62.8,8,1,2022-07-08 09:51:33
1657273893910534000,62.8,3,62.7,1,62.8,5,1,2022-07-08 09:51:33
1657273895231138000,62.8,2,62.7,1,62.8,3,1,2022-07-08 09:51:35
1657273895259887000,62.8,3,62.7,1,62.9,16,1,2022-07-08 09:51:35
1657273897267461000,62.9,10,62.8,1,62.9,6,1,2022-07-08 09:51:37
1657273897298709000,62.9,1,62.8,1,62.9,5,1,2022-07-08 09:51:37
1657273897536876000,62.9,1,62.8,1,62.9,3,1,2022-07-08 09:51:37
1657273897565124000,62.9,3,62.8,1,63.0,46,1,2022-07-08 09:51:37
1657273897977809000,63.0,10,62.8,4,63.0,46,1,2022-07-08 09:51:37
1657273900121724000,63.0,1,62.8,8,63.0,34,1,2022-07-08 09:51:40
1657273900322178000,62.8,8,62.7,6,63.0,34,2,2022-07-08 09:51:40
1657273900551436000,63.0,30,62.7,6,63.0,4,1,2022-07-08 09:51:40
1657273900571170000,63.0,4,62.7,6,63.1,2,1,2022-07-08 09:51:40
1657273902806011000,63.1,1,63.0,10,63.1,2,1,2022-07-08 09:51:42
1657273902807741000,63.1,1,63.0,10,63.1,3,1,2022-07-08 09:51:42
1657273904902009000,63.1,1,63.0,11,63.2,8,1,2022-07-08 09:51:44
1657273904902009000,63.2,1,63.0,11,63.2,8,1,2022-07-08 09:51:44
1657273904936063000,63.0,10,63.0,1,63.2,8,2,2022-07-08 09:51:44
1657273904957182000,63.0,1,62.8,2,63.1,1,2,2022-07-08 09:51:44
1657273905776900000,63.1,1,63.0,1,63.2,9,1,2022-07-08 09:51:45
1657273905803878000,63.2,1,63.0,1,63.2,8,1,2022-07-08 09:51:45
1657273906259624000,63.0,1,62.9,1,63.2,8,2,2022-07-08 09:51:46
1657273906369570000,63.1,1,62.9,1,63.2,8,2,2022-07-08 09:51:46
1657273910750494000,63.1,1,63.0,3,63.2,7,2,2022-07-08 09:51:50
1657273914626985000,63.2,1,63.1,1,63.2,18,1,2022-07-08 09:51:54
1657273914881406000,63.2,10,63.1,3,63.2,8,1,2022-07-08 09:51:54
1657273914954410000,63.1,1,63.1,3,63.2,7,2,2022-07-08 09:51:54
1657273915306761000,63.1,1,63.1,1,63.2,7,2,2022-07-08 09:51:55
1657273915329933000,63.2,1,63.1,1,63.2,6,1,2022-07-08 09:51:55
1657273916402035000,63.2,6,63.1,1,63.2,1,1,2022-07-08 09:51:56
1657273917655569000,63.1,1,63.1,3,63.2,1,2,2022-07-08 09:51:57
1657273919221745000,63.1,1,63.1,3,63.2,3,2,2022-07-08 09:51:59
1657273919434920000,63.2,1,63.1,4,63.2,3,1,2022-07-08 09:51:59
1657273919820185000,63.2,2,63.2,1,63.3,13,1,2022-07-08 09:51:59
1657273920007768000,63.2,1,63.2,1,63.3,13,2,2022-07-08 09:52:00
1657273921082719000,63.2,1,63.2,1,63.3,14,1,2022-07-08 09:52:01
1657273925231653000,63.3,3,63.2,12,63.3,11,1,2022-07-08 09:52:05
1657273925381945000,63.3,5,63.2,12,63.3,5,1,2022-07-08 09:52:05
1657273925390233000,63.3,4,63.2,12,63.3,1,1,2022-07-08 09:52:05
1657273926278184000,63.2,1,63.2,12,63.3,1,2,2022-07-08 09:52:06
1657273926740433000,63.3,1,63.2,12,63.3,5,1,2022-07-08 09:52:06
1657273926923743000,63.2,5,63.2,7,63.3,5,2,2022-07-08 09:52:06
1657273928870889000,63.3,1,63.2,7,63.3,5,1,2022-07-08 09:52:08
1657273930779802000,63.3,1,63.2,9,63.3,7,1,2022-07-08 09:52:10
1657273931109558000,63.2,9,63.1,2,63.3,9,2,2022-07-08 09:52:11
1657273931345596000,63.2,1,63.1,2,63.3,10,1,2022-07-08 09:52:11
1657273932933604000,63.2,4,63.2,1,63.3,11,2,2022-07-08 09:52:12
1657273932950824000,63.2,1,63.1,2,63.3,11,2,2022-07-08 09:52:12
1657273933380020000,63.2,1,63.1,2,63.3,11,1,2022-07-08 09:52:13
1657273934425151000,63.2,1,63.1,2,63.2,1,2,2022-07-08 09:52:14
1657273936272095000,63.2,1,63.1,2,63.2,9,1,2022-07-08 09:52:16
1657273936611176000,63.2,1,63.1,2,63.2,8,1,2022-07-08 09:52:16
1657273936900728000,63.2,5,63.1,2,63.2,4,1,2022-07-08 09:52:16
1657273937650917000,63.2,2,63.1,2,63.2,4,1,2022-07-08 09:52:17
1657273939415415000,63.2,1,63.1,2,63.2,3,1,2022-07-08 09:52:19
1657273941140532000,63.2,9,63.2,1,63.3,15,1,2022-07-08 09:52:21
1657273942057980000,63.2,1,63.2,1,63.3,15,2,2022-07-08 09:52:22
1657273942179131000,63.3,2,63.2,1,63.3,13,1,2022-07-08 09:52:22
1657273945449462000,63.2,1,63.2,1,63.3,14,2,2022-07-08 09:52:25
1657273947979897000,63.2,1,63.1,5,63.2,1,2,2022-07-08 09:52:27
1657273948161877000,63.2,5,63.1,5,63.2,2,1,2022-07-08 09:52:28
1657273948547533000,63.2,1,63.1,6,63.2,1,1,2022-07-08 09:52:28
1657273952145760000,63.2,1,63.1,5,63.2,14,1,2022-07-08 09:52:32
1657273953185493000,63.2,2,63.1,5,63.2,12,1,2022-07-08 09:52:33
1657273955540079000,63.2,1,63.1,5,63.2,14,1,2022-07-08 09:52:35
1657273957091703000,63.2,10,63.1,5,63.2,9,1,2022-07-08 09:52:37
1657273957108091000,63.1,2,63.1,3,63.2,9,2,2022-07-08 09:52:37
1657273960149266000,63.1,3,63.0,9,63.2,14,2,2022-07-08 09:52:40
1657273960534936000,63.1,1,63.0,9,63.1,1,1,2022-07-08 09:52:40
1657273960534936000,63.2,1,63.0,9,63.1,1,1,2022-07-08 09:52:40
1657273961545828000,63.1,1,63.0,9,63.2,13,2,2022-07-08 09:52:41
1657273961619200000,63.2,1,63.0,9,63.2,12,1,2022-07-08 09:52:41
1657273962324099000,63.0,1,63.0,9,63.2,12,2,2022-07-08 09:52:42
1657273969639588000,63.1,1,63.0,11,63.2,16,2,2022-07-08 09:52:49
1657273972207630000,63.1,1,63.0,10,63.1,4,1,2022-07-08 09:52:52
1657273977339098000,63.1,3,63.0,10,63.1,3,1,2022-07-08 09:52:57
1657273977755793000,63.1,2,63.0,10,63.1,2,1,2022-07-08 09:52:57
1657273981271496000,63.1,1,63.0,9,63.1,1,1,2022-07-08 09:53:01
1657273985993796000,63.1,1,63.0,9,63.1,4,1,2022-07-08 09:53:05
1657273990485522000,63.1,1,63.0,8,63.1,4,1,2022-07-08 09:53:10
1657273999964027000,63.0,2,63.0,3,63.1,15,2,2022-07-08 09:53:19
1657273999990340000,63.0,1,63.0,2,63.1,15,2,2022-07-08 09:53:19
1657274000015659000,63.0,2,62.9,4,63.1,15,2,2022-07-08 09:53:20
1657274003144197000,63.0,1,62.9,5,63.0,3,1,2022-07-08 09:53:23
1657274003375627000,62.9,1,62.9,5,63.0,3,2,2022-07-08 09:53:23
1657274007720924000,62.9,1,62.9,3,63.0,3,2,2022-07-08 09:53:27
1657274008670710000,62.9,2,62.9,1,63.0,4,2,2022-07-08 09:53:28
1657274008698027000,62.9,1,62.8,21,63.0,4,2,2022-07-08 09:53:28
1657274012252840000,62.9,1,62.8,25,62.9,4,2,2022-07-08 09:53:32
1657274015364539000,62.8,2,62.8,22,62.9,4,2,2022-07-08 09:53:35
1657274021954660000,62.9,6,62.8,24,63.0,5,1,2022-07-08 09:53:41
1657274025404997000,62.9,1,62.9,4,63.0,5,2,2022-07-08 09:53:45
1657274038099522000,62.8,4,62.8,21,63.0,10,2,2022-07-08 09:53:58
1657274040358270000,62.8,3,62.8,13,63.0,13,2,2022-07-08 09:54:00
1657274044007441000,62.8,1,62.8,15,62.9,2,2,2022-07-08 09:54:04
1657274049569208000,62.8,5,62.8,6,62.9,2,2,2022-07-08 09:54:09
1657274049600651000,62.8,6,62.7,8,62.9,2,2,2022-07-08 09:54:09
1657274057112705000,62.8,1,62.7,11,62.9,5,1,2022-07-08 09:54:17
1657274058129005000,62.8,1,62.7,12,62.9,5,1,2022-07-08 09:54:18
1657274058660523000,62.8,1,62.7,12,62.9,3,2,2022-07-08 09:54:18
1657274060501284000,62.8,1,62.8,3,62.9,4,2,2022-07-08 09:54:20
1657274063842249000,62.8,1,62.8,2,62.9,4,2,2022-07-08 09:54:23
1657274067058206000,62.8,2,62.7,13,62.9,5,2,2022-07-08 09:54:27
1657274074382626000,62.8,1,62.8,1,62.9,6,1,2022-07-08 09:54:34
1657274079443328000,62.9,1,62.8,3,62.9,5,1,2022-07-08 09:54:39
1657274093211679000,62.8,1,62.8,3,62.9,10,2,2022-07-08 09:54:53
1657274094698930000,62.8,3,62.7,1,62.9,10,2,2022-07-08 09:54:54
1657274094698930000,62.7,12,62.7,1,62.9,10,2,2022-07-08 09:54:54
1657274105336013000,62.8,1,62.7,1,62.8,3,1,2022-07-08 09:55:05
1657274116487913000,62.7,2,62.6,17,62.7,1,2,2022-07-08 09:55:16
1657274121146308000,62.7,1,62.6,17,62.7,1,1,2022-07-08 09:55:21
1657274132500419000,62.7,2,62.7,3,62.8,3,1,2022-07-08 09:55:32
1657274135227430000,62.7,3,62.7,3,62.8,6,2,2022-07-08 09:55:35
1657274145365542000,62.7,2,62.6,19,62.7,7,1,2022-07-08 09:55:45
1657274154216582000,62.7,3,62.6,10,62.7,7,1,2022-07-08 09:55:54
1657274163736974000,62.7,1,62.6,11,62.7,3,1,2022-07-08 09:56:03
1657274166304220000,62.7,2,62.6,11,62.7,2,1,2022-07-08 09:56:06
1657274167284016000,62.7,1,62.6,11,62.7,1,1,2022-07-08 09:56:07
1657274167314964000,62.7,1,62.6,11,62.8,7,1,2022-07-08 09:56:07
1657274183406880000,62.7,2,62.7,7,62.8,8,2,2022-07-08 09:56:23
1657274202366375000,62.8,5,62.7,8,62.8,3,1,2022-07-08 09:56:42
1657274202386900000,62.8,1,62.7,8,62.8,2,1,2022-07-08 09:56:42
1657274202386927000,62.8,2,62.7,8,62.9,2,1,2022-07-08 09:56:42
1657274211625753000,62.8,1,62.8,1,62.9,2,2,2022-07-08 09:56:51
1657274220977111000,62.9,2,62.9,3,63.0,11,1,2022-07-08 09:57:00
1657274224682747000,62.9,4,62.8,8,63.0,9,2,2022-07-08 09:57:04
1657274224682747000,62.8,1,62.8,8,63.0,9,2,2022-07-08 09:57:04
1657274229572347000,62.9,1,62.8,7,62.9,4,1,2022-07-08 09:57:09
1657274235905196000,62.9,2,62.8,7,62.9,4,1,2022-07-08 09:57:15
1657274237501485000,62.9,1,62.8,7,62.9,2,1,2022-07-08 09:57:17
1657274240176271000,62.9,1,62.8,7,62.9,1,1,2022-07-08 09:57:20
1657274240197283000,62.9,1,62.9,1,63.0,10,1,2022-07-08 09:57:20
1657274250209791000,62.9,3,62.9,4,63.0,10,2,2022-07-08 09:57:30
1657274253090380000,63.0,1,62.9,6,63.0,9,1,2022-07-08 09:57:33
1657274253227028000,62.9,1,62.9,6,63.0,9,2,2022-07-08 09:57:33
1657274255820598000,63.0,2,62.9,5,63.0,7,1,2022-07-08 09:57:35
1657274257289342000,63.0,4,62.9,5,63.0,3,1,2022-07-08 09:57:37
1657274258860929000,62.9,1,62.9,5,63.0,2,2,2022-07-08 09:57:38
1657274262190490000,63.0,3,63.0,2,63.1,11,1,2022-07-08 09:57:42
1657274271866002000,63.1,9,63.1,1,63.2,11,1,2022-07-08 09:57:51
1657274286912438000,63.1,1,63.1,5,63.2,10,2,2022-07-08 09:58:06
1657274286933588000,63.1,5,63.0,5,63.2,10,2,2022-07-08 09:58:06
1657274288955043000,63.0,5,62.9,7,63.1,2,2,2022-07-08 09:58:08
1657274289166997000,63.0,1,62.9,7,63.1,2,1,2022-07-08 09:58:09
1657274292779675000,63.0,1,62.9,7,63.0,5,1,2022-07-08 09:58:12
1657274293873441000,63.0,1,62.9,7,63.0,4,1,2022-07-08 09:58:13
1657274299702308000,63.0,3,62.9,7,63.0,2,1,2022-07-08 09:58:19
1657274302051955000,63.0,1,62.9,7,63.1,4,1,2022-07-08 09:58:22
1657274305194308000,63.0,1,62.9,7,63.1,8,2,2022-07-08 09:58:25
1657274306089093000,63.0,2,62.9,7,63.1,8,2,2022-07-08 09:58:26
1657274313018932000,63.0,1,62.9,17,63.0,1,1,2022-07-08 09:58:33
1657274313561045000,63.0,1,63.0,1,63.1,8,1,2022-07-08 09:58:33
1657274319268709000,63.1,5,63.0,2,63.1,4,1,2022-07-08 09:58:39
1657274327643378000,63.0,1,63.0,1,63.1,6,2,2022-07-08 09:58:47
1657274327670687000,63.0,1,62.9,17,63.1,6,2,2022-07-08 09:58:47
1657274332423623000,63.0,1,62.9,17,63.1,7,2,2022-07-08 09:58:52
1657274332488544000,63.0,1,62.9,17,63.0,1,1,2022-07-08 09:58:52
1657274336620722000,63.0,1,62.9,17,63.0,6,1,2022-07-08 09:58:56
1657274337591017000,62.9,1,62.9,16,63.0,5,2,2022-07-08 09:58:57
1657274337614643000,62.9,1,62.9,15,63.0,6,2,2022-07-08 09:58:57
1657274337631342000,62.9,15,62.8,12,63.0,6,2,2022-07-08 09:58:57
1657274338004506000,62.9,1,62.8,12,63.0,9,1,2022-07-08 09:58:58
1657274338593555000,63.0,1,62.8,12,63.0,9,1,2022-07-08 09:58:58
1657274340737651000,63.0,9,63.0,1,63.1,7,1,2022-07-08 09:59:00
1657274340762739000,63.0,1,62.8,12,63.1,7,2,2022-07-08 09:59:00
1657274348185553000,63.0,1,63.0,9,63.1,8,1,2022-07-08 09:59:08
1657274355527672000,63.0,1,63.0,9,63.1,7,2,2022-07-08 09:59:15
1657274358219428000,63.1,1,63.0,9,63.1,6,1,2022-07-08 09:59:18
1657274371961261000,63.1,1,63.0,11,63.1,8,1,2022-07-08 09:59:31
1657274374473312000,63.0,1,63.0,10,63.1,7,2,2022-07-08 09:59:34
1657274392682840000,63.1,1,63.0,13,63.1,7,1,2022-07-08 09:59:52
1657274413689675000,63.0,1,63.0,13,63.1,13,2,2022-07-08 10:00:13
1657274423165092000,63.0,1,63.0,12,63.1,13,2,2022-07-08 10:00:23
1657274425154335000,63.0,5,63.0,7,63.1,13,2,2022-07-08 10:00:25
1657274426489007000,63.0,3,63.0,4,63.1,13,2,2022-07-08 10:00:26
1657274427537901000,63.0,1,63.0,3,63.1,24,2,2022-07-08 10:00:27
1657274428275427000,63.0,1,63.0,2,63.1,24,2,2022-07-08 10:00:28
1657274428410258000,63.0,1,63.0,1,63.1,24,2,2022-07-08 10:00:28
1657274428595769000,63.0,1,62.9,19,63.1,24,2,2022-07-08 10:00:28
1657274435438343000,63.0,1,62.9,19,63.1,25,1,2022-07-08 10:00:35
1657274446125175000,63.0,1,62.9,19,63.0,10,1,2022-07-08 10:00:46
1657274450690817000,62.9,3,62.9,16,63.0,10,2,2022-07-08 10:00:50
1657274452065427000,63.0,1,62.9,16,63.0,12,1,2022-07-08 10:00:52
1657274460639842000,63.0,1,62.9,16,63.0,11,1,2022-07-08 10:01:00
1657274460671434000,63.0,5,62.9,16,63.0,6,1,2022-07-08 10:01:00
1657274460702136000,63.0,6,62.9,16,63.1,14,1,2022-07-08 10:01:00
1657274461872511000,63.0,1,63.0,5,63.1,13,2,2022-07-08 10:01:01
1657274481156652000,63.1,1,63.0,5,63.1,12,1,2022-07-08 10:01:21
1657274491030979000,63.0,1,63.0,5,63.1,9,2,2022-07-08 10:01:31
1657274491447229000,63.1,9,63.1,6,63.2,12,1,2022-07-08 10:01:31
1657274501973362000,63.2,5,63.1,9,63.2,7,1,2022-07-08 10:01:41
1657274504175020000,63.2,3,63.1,9,63.2,4,1,2022-07-08 10:01:44
1657274508186203000,63.2,1,63.1,9,63.2,3,1,2022-07-08 10:01:48
1657274508461211000,63.2,1,63.1,9,63.2,2,1,2022-07-08 10:01:48
1657274508528434000,63.2,1,63.1,8,63.2,1,1,2022-07-08 10:01:48
1657274513629575000,63.2,1,63.2,1,63.3,20,1,2022-07-08 10:01:53
1657274523650556000,63.2,3,63.2,1,63.3,19,2,2022-07-08 10:02:03
1657274527473941000,63.2,2,63.1,10,63.3,20,2,2022-07-08 10:02:07
1657274530658559000,63.3,1,63.1,9,63.3,19,1,2022-07-08 10:02:10
1657274533898668000,63.1,2,63.1,7,63.3,19,2,2022-07-08 10:02:13
1657274534988311000,63.3,1,63.1,7,63.3,18,1,2022-07-08 10:02:14
1657274544201203000,63.3,5,63.1,8,63.3,14,1,2022-07-08 10:02:24
1657274552324049000,63.2,1,63.2,13,63.3,14,2,2022-07-08 10:02:32
1657274564777277000,63.2,2,63.2,4,63.3,15,2,2022-07-08 10:02:44
1657274569346487000,63.2,1,63.2,13,63.3,17,2,2022-07-08 10:02:49
1657274577265704000,63.2,1,63.2,12,63.3,18,2,2022-07-08 10:02:57
1657274583549466000,63.3,10,63.2,12,63.3,8,1,2022-07-08 10:03:03
1657274592105807000,63.2,1,63.2,11,63.3,8,2,2022-07-08 10:03:12
1657274598711666000,63.3,10,63.2,11,63.3,4,1,2022-07-08 10:03:18
1657274608086040000,63.3,2,63.2,25,63.3,2,1,2022-07-08 10:03:28
1657274608548301000,63.2,4,63.2,22,63.3,2,2,2022-07-08 10:03:28
1657274609416172000,63.3,1,63.2,22,63.3,1,1,2022-07-08 10:03:29
1657274610720521000,63.3,1,63.2,22,63.3,3,1,2022-07-08 10:03:30
1657274618233080000,63.3,5,63.2,24,63.4,16,1,2022-07-08 10:03:38
1657274620170767000,63.3,1,63.2,24,63.4,16,2,2022-07-08 10:03:40
1657274622794028000,63.3,1,63.2,24,63.4,15,1,2022-07-08 10:03:42
1657274622794028000,63.4,1,63.2,24,63.4,15,1,2022-07-08 10:03:42
1657274623294866000,63.3,1,63.2,24,63.4,15,2,2022-07-08 10:03:43
1657274627506713000,63.3,1,63.2,24,63.4,15,1,2022-07-08 10:03:47
1657274629995876000,63.3,1,63.2,25,63.3,4,1,2022-07-08 10:03:49
1657274630517427000,63.3,1,63.2,25,63.3,3,1,2022-07-08 10:03:50
1657274632764210000,63.3,1,63.2,12,63.3,1,1,2022-07-08 10:03:52
1657274635042413000,63.3,1,63.2,12,63.4,14,1,2022-07-08 10:03:55
1657274635042413000,63.4,1,63.2,12,63.4,14,1,2022-07-08 10:03:55
1657274638632229000,63.3,1,63.2,12,63.4,15,2,2022-07-08 10:03:58
1657274638783399000,63.3,1,63.2,11,63.4,15,1,2022-07-08 10:03:58
1657274640719331000,63.3,1,63.2,10,63.4,15,1,2022-07-08 10:04:00
1657274642933335000,63.3,1,63.2,10,63.4,15,1,2022-07-08 10:04:02
1657274645216734000,63.3,6,63.3,1,63.4,17,1,2022-07-08 10:04:05
1657274645245442000,63.3,1,63.2,10,63.4,17,2,2022-07-08 10:04:05
1657274649190977000,63.3,1,63.2,10,63.4,16,2,2022-07-08 10:04:09
1657274649323918000,63.3,1,63.3,1,63.4,16,2,2022-07-08 10:04:09
1657274651311143000,63.3,3,63.2,10,63.4,16,2,2022-07-08 10:04:11
1657274653212374000,63.3,1,63.2,10,63.4,17,2,2022-07-08 10:04:13
1657274655762679000,63.3,3,63.2,10,63.4,16,2,2022-07-08 10:04:15
1657274659489817000,63.3,1,63.3,2,63.4,16,1,2022-07-08 10:04:19
1657274659513472000,63.3,2,63.2,10,63.4,16,2,2022-07-08 10:04:19
1657274662771102000,63.3,1,63.2,10,63.4,18,2,2022-07-08 10:04:22
1657274664397238000,63.2,10,63.1,13,63.3,3,2,2022-07-08 10:04:24
1657274684751099000,63.1,1,63.1,12,63.2,2,2,2022-07-08 10:04:44
1657274684779384000,63.1,12,63.0,15,63.2,3,2,2022-07-08 10:04:44
1657274685455240000,63.1,1,63.0,15,63.1,1,1,2022-07-08 10:04:45
1657274692395299000,63.0,1,63.0,14,63.1,2,2,2022-07-08 10:04:52
1657274709427602000,63.0,1,63.0,11,63.1,4,2,2022-07-08 10:05:09
1657274717294454000,63.0,11,62.8,7,63.1,6,2,2022-07-08 10:05:17
1657274717294454000,62.9,15,62.8,7,63.1,6,2,2022-07-08 10:05:17
1657274717294454000,62.8,19,62.8,7,63.1,6,2,2022-07-08 10:05:17
1657274717371642000,62.8,1,62.8,6,63.0,2,2,2022-07-08 10:05:17
1657274724357533000,62.8,3,62.8,3,62.9,2,2,2022-07-08 10:05:24
1657274726461568000,62.8,2,62.8,5,63.0,6,2,2022-07-08 10:05:26
1657274740049986000,62.8,1,62.8,4,63.0,7,2,2022-07-08 10:05:40
1657274740608034000,62.8,1,62.8,3,63.0,8,2,2022-07-08 10:05:40
1657274743396653000,62.8,2,62.8,1,63.0,8,2,2022-07-08 10:05:43
1657274743419718000,62.8,1,62.7,8,62.9,2,2,2022-07-08 10:05:43
1657274747849686000,62.8,1,62.7,8,62.9,2,1,2022-07-08 10:05:47
1657274748374807000,62.8,1,62.7,7,62.9,2,2,2022-07-08 10:05:48
1657274748374807000,62.7,1,62.7,7,62.9,2,2,2022-07-08 10:05:48
1657274749775147000,62.9,2,62.7,6,62.9,2,1,2022-07-08 10:05:49
1657274764371239000,62.9,1,62.7,6,62.9,2,1,2022-07-08 10:06:04
1657274767736825000,62.9,1,62.7,6,62.9,1,1,2022-07-08 10:06:07
1657274774983275000,62.9,1,62.7,22,62.9,1,1,2022-07-08 10:06:14
1657274777751084000,62.9,1,62.8,2,63.0,9,1,2022-07-08 10:06:17
1657274797676527000,62.9,1,62.8,4,63.0,9,2,2022-07-08 10:06:37
1657274801780281000,62.8,1,62.8,3,62.9,2,2,2022-07-08 10:06:41
1657274827245719000,62.8,1,62.8,4,62.9,8,2,2022-07-08 10:07:07
1657274835198422000,62.8,3,62.8,1,62.9,9,2,2022-07-08 10:07:15
1657274836023079000,62.8,1,62.7,20,62.9,8,2,2022-07-08 10:07:16
1657274844699098000,62.9,1,62.7,19,62.9,8,1,2022-07-08 10:07:24
1657274863200981000,62.8,1,62.7,17,62.9,8,1,2022-07-08 10:07:43
1657274868233220000,62.7,1,62.7,16,62.9,9,2,2022-07-08 10:07:48
1657274879057646000,62.7,1,62.7,15,62.9,8,2,2022-07-08 10:07:59
1657274886847497000,62.8,1,62.7,17,62.9,7,2,2022-07-08 10:08:06
1657274894343884000,62.8,1,62.7,15,62.9,8,2,2022-07-08 10:08:14
1657274908849451000,62.8,1,62.8,2,62.9,8,2,2022-07-08 10:08:28
1657274915958717000,62.8,1,62.8,1,62.9,8,2,2022-07-08 10:08:35
1657274918347621000,62.8,1,62.7,16,62.9,7,2,2022-07-08 10:08:38
1657274929575323000,62.8,2,62.7,18,62.8,10,1,2022-07-08 10:08:49
1657274945526440000,62.7,1,62.7,17,62.8,11,2,2022-07-08 10:09:05
1657274945989403000,62.7,1,62.7,16,62.8,11,2,2022-07-08 10:09:05
1657274981893741000,62.8,1,62.7,18,62.8,10,1,2022-07-08 10:09:41
1657274984869269000,62.7,1,62.7,17,62.8,10,2,2022-07-08 10:09:44
1657274984920203000,62.7,1,62.7,16,62.8,10,2,2022-07-08 10:09:44
1657274984976447000,62.7,1,62.7,15,62.8,10,2,2022-07-08 10:09:44
1657274984976504000,62.7,1,62.7,14,62.8,10,2,2022-07-08 10:09:44
1657275002125332000,62.7,1,62.7,14,62.8,33,2,2022-07-08 10:10:02
1657275007910208000,62.7,1,62.7,13,62.8,32,2,2022-07-08 10:10:07
1657275010575103000,62.7,3,62.7,10,62.8,32,2,2022-07-08 10:10:10
1657275011953064000,62.7,3,62.7,8,62.8,32,2,2022-07-08 10:10:11
1657275014842801000,62.7,1,62.7,7,62.8,32,2,2022-07-08 10:10:14
1657275015015341000,62.7,1,62.7,6,62.8,32,2,2022-07-08 10:10:15
1657275017497722000,62.7,1,62.7,9,62.8,32,2,2022-07-08 10:10:17
1657275031460593000,62.7,1,62.7,7,62.8,32,2,2022-07-08 10:10:31
1657275036940317000,62.7,1,62.7,6,62.8,32,2,2022-07-08 10:10:36
1657275049131716000,62.7,1,62.7,6,62.8,35,2,2022-07-08 10:10:49
1657275050966054000,62.7,5,62.7,1,62.8,35,2,2022-07-08 10:10:50
1657275061374316000,62.7,2,62.7,10,62.8,32,2,2022-07-08 10:11:01
1657275064759036000,62.7,1,62.7,10,62.8,32,2,2022-07-08 10:11:04
1657275069265394000,62.7,1,62.7,9,62.8,32,2,2022-07-08 10:11:09
1657275069522732000,62.7,3,62.7,6,62.8,32,2,2022-07-08 10:11:09
1657275090697735000,62.7,8,62.6,14,62.7,2,2,2022-07-08 10:11:30
1657275105169005000,62.7,1,62.6,14,62.7,3,1,2022-07-08 10:11:45
1657275129363660000,62.6,7,62.6,6,62.7,8,2,2022-07-08 10:12:09
1657275138098221000,62.6,7,62.5,9,62.7,9,2,2022-07-08 10:12:18
1657275138098221000,62.5,3,62.5,9,62.7,9,2,2022-07-08 10:12:18
1657275150470674000,62.6,1,62.5,8,62.6,1,1,2022-07-08 10:12:30
1657275152657791000,62.6,1,62.5,9,62.6,1,1,2022-07-08 10:12:32
1657275155394160000,62.6,1,62.5,9,62.7,9,1,2022-07-08 10:12:35
1657275155599109000,62.5,1,62.5,8,62.7,9,2,2022-07-08 10:12:35
1657275156740113000,62.5,8,62.4,24,62.5,2,2,2022-07-08 10:12:36
1657275156785357000,62.5,2,62.4,24,62.7,10,1,2022-07-08 10:12:36
1657275157570805000,62.5,2,62.4,16,62.7,9,2,2022-07-08 10:12:37
1657275157570805000,62.4,8,62.4,16,62.7,9,2,2022-07-08 10:12:37
1657275157599155000,62.4,6,62.4,10,62.7,9,2,2022-07-08 10:12:37
1657275157925076000,62.4,1,62.4,10,62.5,2,2,2022-07-08 10:12:37
1657275159917633000,62.4,9,62.3,10,62.5,2,2,2022-07-08 10:12:39
1657275159917633000,62.3,1,62.3,10,62.5,2,2,2022-07-08 10:12:39
1657275161771767000,62.5,1,62.3,10,62.5,2,1,2022-07-08 10:12:41
1657275161801695000,62.5,1,62.3,10,62.6,1,1,2022-07-08 10:12:41
1657275162347924000,62.3,9,62.2,15,62.5,12,2,2022-07-08 10:12:42
1657275162347924000,62.2,1,62.2,15,62.5,12,2,2022-07-08 10:12:42
1657275164804341000,62.2,10,62.2,3,62.4,1,2,2022-07-08 10:12:44
1657275164833676000,62.2,3,62.1,15,62.3,1,2,2022-07-08 10:12:44
1657275164865080000,62.3,1,62.1,15,62.4,1,1,2022-07-08 10:12:44
1657275165961128000,62.2,2,62.1,15,62.4,1,1,2022-07-08 10:12:45
1657275182758306000,62.3,2,62.1,15,62.5,23,2,2022-07-08 10:13:02
1657275182758306000,62.2,3,62.1,15,62.5,23,2,2022-07-08 10:13:02
1657275182758306000,62.1,1,62.1,15,62.5,23,2,2022-07-08 10:13:02
1657275186831470000,62.1,1,62.1,14,62.4,3,2,2022-07-08 10:13:06
1657275195744399000,62.4,3,62.2,3,62.5,24,1,2022-07-08 10:13:15
1657275202041940000,62.5,23,62.3,2,62.6,1,1,2022-07-08 10:13:22
1657275205567714000,62.7,1,62.4,2,62.7,10,1,2022-07-08 10:13:25
1657275211389408000,62.6,1,62.5,1,62.7,11,1,2022-07-08 10:13:31
1657275224576374000,62.6,1,62.5,2,62.6,2,1,2022-07-08 10:13:44
1657275249139016000,62.6,1,62.5,5,62.6,11,1,2022-07-08 10:14:09
1657275250892700000,62.6,1,62.5,5,62.6,10,1,2022-07-08 10:14:10
1657275254636454000,62.6,1,62.5,4,62.6,10,1,2022-07-08 10:14:14
1657275259518079000,62.6,1,62.5,4,62.6,10,1,2022-07-08 10:14:19
1657275266165074000,62.5,1,62.5,3,62.6,10,2,2022-07-08 10:14:26
1657275276109800000,62.5,1,62.5,2,62.6,12,2,2022-07-08 10:14:36
1657275276950505000,62.5,2,62.4,1,62.6,12,2,2022-07-08 10:14:36
1657275302636303000,62.3,1,62.3,5,62.4,41,2,2022-07-08 10:15:02
1657275309548374000,62.3,1,62.3,5,62.4,41,2,2022-07-08 10:15:09
1657275316888432000,62.3,5,62.2,8,62.3,5,2,2022-07-08 10:15:16
1657275338183970000,62.2,2,62.2,3,62.3,10,2,2022-07-08 10:15:38
1657275338733842000,62.2,3,62.1,115,62.2,5,2,2022-07-08 10:15:38
1657275343446969000,62.2,1,62.1,114,62.2,8,1,2022-07-08 10:15:43
1657275343466445000,62.2,8,62.1,114,62.3,10,1,2022-07-08 10:15:43
1657275350429644000,62.2,1,62.1,104,62.2,2,1,2022-07-08 10:15:50
1657275354164982000,62.2,1,62.1,104,62.2,10,1,2022-07-08 10:15:54
1657275363578694000,62.1,10,62.1,93,62.2,11,2,2022-07-08 10:16:03
1657275363601590000,62.1,7,62.1,86,62.2,11,2,2022-07-08 10:16:03
1657275364475875000,62.1,10,62.1,76,62.2,1,2,2022-07-08 10:16:04
1657275366388941000,62.1,3,62.1,74,62.2,1,2,2022-07-08 10:16:06
1657275369373710000,62.1,10,62.1,64,62.2,1,2,2022-07-08 10:16:09
1657275372732329000,62.1,2,62.1,62,62.2,1,2,2022-07-08 10:16:12
1657275375584197000,62.2,2,62.1,61,62.3,9,1,2022-07-08 10:16:15
1657275375866507000,62.1,10,62.1,51,62.2,1,2,2022-07-08 10:16:15
1657275375880986000,62.2,1,62.1,51,62.3,10,1,2022-07-08 10:16:15
1657275375932108000,62.2,1,62.1,51,62.3,9,1,2022-07-08 10:16:15
1657275380623955000,62.1,1,62.1,50,62.3,10,2,2022-07-08 10:16:20
1657275381649444000,62.2,1,62.1,50,62.3,10,1,2022-07-08 10:16:21
1657275381718810000,62.1,10,62.1,40,62.3,10,2,2022-07-08 10:16:21
1657275381740901000,62.1,15,62.1,25,62.3,10,2,2022-07-08 10:16:21
1657275384965112000,62.1,2,62.1,23,62.3,10,2,2022-07-08 10:16:24
1657275385461040000,62.2,2,62.1,23,62.3,10,1,2022-07-08 10:16:25
1657275392001275000,62.2,1,62.1,23,62.3,9,1,2022-07-08 10:16:32
1657275406075772000,62.2,1,62.1,23,62.2,4,1,2022-07-08 10:16:46
1657275406095146000,62.2,4,62.1,23,62.3,10,1,2022-07-08 10:16:46
1657275408840570000,62.2,1,62.1,23,62.3,8,1,2022-07-08 10:16:48
1657275408840570000,62.3,1,62.1,23,62.3,8,1,2022-07-08 10:16:48
1657275412251023000,62.3,1,62.2,1,62.3,7,1,2022-07-08 10:16:52
1657275442082555000,62.2,1,62.2,12,62.3,7,2,2022-07-08 10:17:22
1657275450525812000,62.2,1,62.2,11,62.3,7,2,2022-07-08 10:17:30
1657275461102624000,62.2,1,62.2,10,62.3,7,2,2022-07-08 10:17:41
1657275472584778000,62.2,1,62.2,10,62.3,7,2,2022-07-08 10:17:52
1657275482193182000,62.2,3,62.2,8,62.3,7,2,2022-07-08 10:18:02
1657275483654837000,62.2,1,62.2,7,62.3,7,2,2022-07-08 10:18:03
1657275484790877000,62.2,3,62.2,4,62.3,7,2,2022-07-08 10:18:04
1657275491979149000,62.3,5,62.2,15,62.3,2,1,2022-07-08 10:18:11
1657275492009779000,62.3,2,62.2,15,62.4,2,1,2022-07-08 10:18:12
1657275504707373000,62.3,1,62.2,15,62.4,2,2,2022-07-08 10:18:24
1657275561797440000,62.3,14,62.0,39,62.1,5,2,2022-07-08 10:19:21
1657275561797440000,62.2,16,62.0,39,62.1,5,2,2022-07-08 10:19:21
1657275561797440000,62.1,25,62.0,39,62.1,5,2,2022-07-08 10:19:21
1657275562488145000,62.1,1,62.0,39,62.1,4,1,2022-07-08 10:19:22
1657275568337607000,62.1,4,62.1,1,62.3,6,1,2022-07-08 10:19:28
1657275582193773000,62.1,1,62.0,41,62.2,1,2,2022-07-08 10:19:42
1657275587179194000,62.1,1,62.1,2,62.2,1,2,2022-07-08 10:19:47
1657275590955851000,62.1,1,62.1,3,62.2,1,2,2022-07-08 10:19:50
1657275594861107000,62.2,1,62.1,24,62.3,1,1,2022-07-08 10:19:54
1657275610976817000,62.1,1,62.1,23,62.2,2,2,2022-07-08 10:20:10
1657275612497456000,62.2,2,62.1,23,62.3,2,1,2022-07-08 10:20:12
1657275637523746000,62.2,1,62.1,6,62.3,2,1,2022-07-08 10:20:37
1657275643877253000,62.1,2,62.1,4,62.3,3,2,2022-07-08 10:20:43
1657275654352663000,62.1,1,62.1,4,62.3,3,2,2022-07-08 10:20:54
1657275667562627000,62.1,5,62.0,38,62.2,5,2,2022-07-08 10:21:07
1657275679616896000,62.0,2,62.0,36,62.1,4,2,2022-07-08 10:21:19
1657275680333088000,62.0,1,62.0,35,62.1,4,2,2022-07-08 10:21:20
1657275684746424000,62.0,10,62.0,25,62.1,4,2,2022-07-08 10:21:24
1657275691689114000,62.0,3,62.0,21,62.1,2,2,2022-07-08 10:21:31
1657275696658900000,62.0,1,62.0,20,62.1,2,2,2022-07-08 10:21:36
