ts,close,volume,bid_price,bid_volume,ask_price,ask_volume,tick_type,datetime
1649667609938997000,28.8,458,28.7,3,28.8,29,1,2022-04-11 09:00:09
1649667609996436000,28.8,1,28.7,3,28.8,28,1,2022-04-11 09:00:09
1649667611126636000,28.8,3,28.75,12,28.8,25,1,2022-04-11 09:00:11
1649667614495315000,28.75,2,28.75,10,28.8,25,2,2022-04-11 09:00:14
1649667614545938000,28.8,1,28.75,10,28.8,24,1,2022-04-11 09:00:14
1649667616594963000,28.8,1,28.75,10,28.8,23,1,2022-04-11 09:00:16
1649667616704176000,28.8,1,28.75,10,28.8,22,1,2022-04-11 09:00:16
1649667616932829000,28.8,1,28.75,10,28.8,21,1,2022-04-11 09:00:16
1649667617045115000,28.8,1,28.75,10,28.8,20,1,2022-04-11 09:00:17
1649667617282214000,28.75,1,28.75,9,28.8,20,2,2022-04-11 09:00:17
1649667617900936000,28.8,3,28.75,9,28.8,19,1,2022-04-11 09:00:17
1649667619059206000,28.8,1,28.75,9,28.8,18,1,2022-04-11 09:00:19
1649667619558483000,28.8,1,28.75,9,28.8,17,1,2022-04-11 09:00:19
1649667619767595000,28.75,1,28.75,8,28.8,17,2,2022-04-11 09:00:19
1649667622044544000,28.8,3,28.75,8,28.8,15,1,2022-04-11 09:00:22
1649667622064219000,28.8,10,28.75,8,28.8,10,1,2022-04-11 09:00:22
1649667622328369000,28.75,1,28.75,7,28.8,10,2,2022-04-11 09:00:22
1649667623193759000,28.75,1,28.75,6,28.8,10,2,2022-04-11 09:00:23
1649667623458006000,28.8,3,28.75,6,28.8,7,1,2022-04-11 09:00:23
1649667624334271000,28.8,1,28.75,6,28.8,6,1,2022-04-11 09:00:24
1649667625502107000,28.8,1,28.75,6,28.8,7,1,2022-04-11 09:00:25
1649667625700670000,28.8,1,28.75,6,28.8,6,1,2022-04-11 09:00:25
1649667625821129000,28.75,6,28.7,8,28.75,9,2,2022-04-11 09:00:25
1649667626164379000,28.75,1,28.7,8,28.75,8,1,2022-04-11 09:00:26
1649667626227385000,28.75,1,28.7,8,28.75,7,1,2022-04-11 09:00:26
1649667626338075000,28.75,2,28.7,8,28.75,6,1,2022-04-11 09:00:26
1649667626689673000,28.75,1,28.7,8,28.75,5,1,2022-04-11 09:00:26
1649667626846902000,28.75,3,28.7,8,28.75,2,1,2022-04-11 09:00:26
1649667627080044000,28.75,1,28.7,8,28.75,1,1,2022-04-11 09:00:27
1649667627339465000,28.75,1,28.75,2,28.8,6,1,2022-04-11 09:00:27
1649667627419265000,28.8,1,28.75,2,28.8,5,1,2022-04-11 09:00:27
1649667627704681000,28.75,2,28.65,1,28.7,5,2,2022-04-11 09:00:27
1649667627704681000,28.7,8,28.65,1,28.7,5,2,2022-04-11 09:00:27
1649667629155840000,28.7,1,28.65,1,28.7,4,1,2022-04-11 09:00:29
1649667629345584000,28.7,1,28.65,1,28.7,3,1,2022-04-11 09:00:29
1649667630106258000,28.65,1,28.55,1,28.7,3,2,2022-04-11 09:00:30
1649667633402351000,28.7,4,28.7,6,28.75,2,1,2022-04-11 09:00:33
1649667633434491000,28.7,2,28.7,4,28.75,2,2,2022-04-11 09:00:33
1649667633463732000,28.7,1,28.7,3,28.75,2,2,2022-04-11 09:00:33
1649667634003615000,28.7,1,28.7,2,28.75,2,2,2022-04-11 09:00:34
1649667634038685000,28.7,2,28.55,1,28.75,2,2,2022-04-11 09:00:34
1649667634094727000,28.55,1,28.5,25,28.75,7,2,2022-04-11 09:00:34
1649667634094727000,28.5,9,28.5,25,28.75,7,2,2022-04-11 09:00:34
1649667636327620000,28.6,1,28.55,1,28.6,1,1,2022-04-11 09:00:36
1649667636360616000,28.6,1,28.55,1,28.65,6,1,2022-04-11 09:00:36
1649667636747445000,28.55,1,28.5,25,28.65,6,2,2022-04-11 09:00:36
1649667637969752000,28.6,3,28.5,26,28.65,6,2,2022-04-11 09:00:37
1649667638936692000,28.5,1,28.5,25,28.65,6,2,2022-04-11 09:00:38
1649667641416953000,28.65,1,28.55,3,28.65,6,1,2022-04-11 09:00:41
1649667641820933000,28.65,3,28.55,3,28.65,3,1,2022-04-11 09:00:41
1649667641832223000,28.65,3,28.55,3,28.8,12,1,2022-04-11 09:00:41
1649667641832223000,28.7,6,28.55,3,28.8,12,1,2022-04-11 09:00:41
1649667641832223000,28.75,3,28.55,3,28.8,12,1,2022-04-11 09:00:41
1649667642708294000,28.8,5,28.6,1,28.8,7,1,2022-04-11 09:00:42
1649667642886108000,28.8,5,28.6,1,28.8,2,1,2022-04-11 09:00:42
1649667644164871000,28.6,1,28.55,3,28.8,2,2,2022-04-11 09:00:44
1649667644801364000,28.65,1,28.65,1,28.8,2,2,2022-04-11 09:00:44
1649667645951172000,28.65,2,28.55,3,28.6,1,2,2022-04-11 09:00:45
1649667645990920000,28.6,1,28.55,3,28.75,1,1,2022-04-11 09:00:45
1649667649303208000,28.75,1,28.6,5,28.75,2,1,2022-04-11 09:00:49
1649667649523993000,28.6,6,28.5,32,28.75,2,2,2022-04-11 09:00:49
1649667649523993000,28.55,5,28.5,32,28.75,2,2,2022-04-11 09:00:49
1649667649523993000,28.5,4,28.5,32,28.75,2,2,2022-04-11 09:00:49
1649667650808916000,28.75,1,28.6,8,28.75,6,1,2022-04-11 09:00:50
1649667650983232000,28.6,8,28.5,32,28.55,7,2,2022-04-11 09:00:50
1649667651014967000,28.55,7,28.5,32,28.75,6,1,2022-04-11 09:00:51
1649667651859318000,28.75,2,28.6,2,28.75,4,1,2022-04-11 09:00:51
1649667652413122000,28.65,1,28.5,32,28.55,5,2,2022-04-11 09:00:52
1649667652413122000,28.6,2,28.5,32,28.55,5,2,2022-04-11 09:00:52
1649667652413122000,28.55,7,28.5,32,28.55,5,2,2022-04-11 09:00:52
1649667652439458000,28.55,5,28.5,32,28.8,8,1,2022-04-11 09:00:52
1649667652640596000,28.8,6,28.5,32,28.8,2,1,2022-04-11 09:00:52
1649667653726551000,28.6,1,28.6,1,28.8,3,2,2022-04-11 09:00:53
1649667653904307000,28.8,1,28.6,1,28.8,2,1,2022-04-11 09:00:53
1649667654210077000,28.8,2,28.65,1,28.85,12,1,2022-04-11 09:00:54
1649667654210077000,28.85,3,28.65,1,28.85,12,1,2022-04-11 09:00:54
1649667655098581000,28.65,2,28.55,1,28.85,10,2,2022-04-11 09:00:55
1649667655098581000,28.6,2,28.55,1,28.85,10,2,2022-04-11 09:00:55
1649667655098581000,28.55,1,28.55,1,28.85,10,2,2022-04-11 09:00:55
1649667656022997000,28.85,1,28.55,4,28.85,9,1,2022-04-11 09:00:56
1649667656937156000,28.8,1,28.6,6,28.85,9,2,2022-04-11 09:00:56
1649667658484788000,28.75,1,28.6,6,28.85,6,1,2022-04-11 09:00:58
1649667658484788000,28.8,1,28.6,6,28.85,6,1,2022-04-11 09:00:58
1649667658484788000,28.85,3,28.6,6,28.85,6,1,2022-04-11 09:00:58
1649667660228855000,28.65,1,28.6,6,28.8,1,2,2022-04-11 09:01:00
1649667662944460000,28.8,1,28.7,1,28.8,1,1,2022-04-11 09:01:02
1649667664098491000,28.8,1,28.7,1,28.85,6,1,2022-04-11 09:01:04
1649667665414753000,28.75,1,28.7,1,28.85,6,2,2022-04-11 09:01:05
1649667667936990000,28.8,1,28.7,1,28.8,2,1,2022-04-11 09:01:07
1649667669387817000,28.8,2,28.7,1,28.85,6,1,2022-04-11 09:01:09
1649667669812468000,28.8,2,28.7,1,28.85,6,2,2022-04-11 09:01:09
1649667670454029000,28.75,1,28.7,3,28.8,3,1,2022-04-11 09:01:10
1649667671054913000,28.75,1,28.7,3,28.75,9,1,2022-04-11 09:01:11
1649667671188075000,28.75,1,28.7,3,28.75,8,1,2022-04-11 09:01:11
1649667671528283000,28.7,1,28.7,2,28.75,8,2,2022-04-11 09:01:11
1649667673462664000,28.75,4,28.7,7,28.75,4,1,2022-04-11 09:01:13
1649667673894426000,28.7,1,28.7,6,28.75,4,2,2022-04-11 09:01:13
1649667675016760000,28.7,3,28.7,3,28.75,4,2,2022-04-11 09:01:15
1649667675017700000,28.75,1,28.7,3,28.75,3,1,2022-04-11 09:01:15
1649667675125037000,28.7,2,28.7,1,28.75,3,2,2022-04-11 09:01:15
1649667676258439000,28.75,1,28.7,1,28.75,2,1,2022-04-11 09:01:16
1649667676539571000,28.7,1,28.65,6,28.75,2,2,2022-04-11 09:01:16
1649667677721811000,28.75,2,28.7,1,28.85,8,1,2022-04-11 09:01:17
1649667677721811000,28.8,7,28.7,1,28.85,8,1,2022-04-11 09:01:17
1649667677721811000,28.85,1,28.7,1,28.85,8,1,2022-04-11 09:01:17
1649667680493914000,28.7,1,28.7,1,28.75,1,2,2022-04-11 09:01:20
1649667683245628000,28.75,2,28.7,8,28.8,2,1,2022-04-11 09:01:23
1649667685077836000,28.75,1,28.7,9,28.8,3,2,2022-04-11 09:01:25
1649667685077836000,28.7,4,28.7,9,28.8,3,2,2022-04-11 09:01:25
1649667685984266000,28.8,2,28.7,10,28.8,1,1,2022-04-11 09:01:25
1649667686684840000,28.8,4,28.7,10,28.85,7,1,2022-04-11 09:01:26
1649667686684840000,28.85,6,28.7,10,28.85,7,1,2022-04-11 09:01:26
1649667687553031000,28.75,1,28.7,5,28.85,7,2,2022-04-11 09:01:27
1649667687553031000,28.7,5,28.7,5,28.85,7,2,2022-04-11 09:01:27
1649667692643587000,28.7,1,28.7,7,28.8,3,2,2022-04-11 09:01:32
1649667692982332000,28.8,3,28.7,7,28.85,7,1,2022-04-11 09:01:32
1649667692982332000,28.85,2,28.7,7,28.85,7,1,2022-04-11 09:01:32
1649667696684920000,28.85,5,28.75,1,28.85,3,1,2022-04-11 09:01:36
1649667696793151000,28.75,1,28.7,11,28.85,3,2,2022-04-11 09:01:36
1649667699388257000,28.7,1,28.7,11,28.8,1,2,2022-04-11 09:01:39
1649667700778561000,28.8,1,28.75,2,28.85,5,1,2022-04-11 09:01:40
1649667701510838000,28.8,1,28.75,2,28.8,4,1,2022-04-11 09:01:41
1649667701991035000,28.8,2,28.75,2,28.8,2,1,2022-04-11 09:01:41
1649667702025090000,28.8,2,28.75,2,28.85,5,1,2022-04-11 09:01:42
1649667702151744000,28.75,2,28.7,33,28.75,2,2,2022-04-11 09:01:42
1649667702186449000,28.75,2,28.7,33,28.85,5,1,2022-04-11 09:01:42
1649667702295128000,28.85,1,28.7,33,28.85,4,1,2022-04-11 09:01:42
1649667705039651000,28.8,2,28.7,43,28.85,10,1,2022-04-11 09:01:45
1649667706081195000,28.8,1,28.75,2,28.85,10,1,2022-04-11 09:01:46
1649667710211422000,28.85,4,28.8,3,28.85,12,1,2022-04-11 09:01:50
1649667711264641000,28.85,2,28.8,6,28.85,10,1,2022-04-11 09:01:51
1649667713667990000,28.85,5,28.8,7,28.85,5,1,2022-04-11 09:01:53
1649667713690690000,28.85,5,28.8,7,28.9,23,1,2022-04-11 09:01:53
1649667714134653000,28.8,1,28.8,6,28.85,4,2,2022-04-11 09:01:54
1649667714785064000,28.8,2,28.8,8,28.85,4,2,2022-04-11 09:01:54
1649667716052718000,28.85,2,28.8,11,28.85,2,1,2022-04-11 09:01:56
1649667716158959000,28.85,2,28.8,11,28.9,23,1,2022-04-11 09:01:56
1649667716300760000,28.9,10,28.8,11,28.9,13,1,2022-04-11 09:01:56
1649667717076743000,28.9,1,28.8,11,28.9,12,1,2022-04-11 09:01:57
1649667717814611000,28.9,1,28.8,11,28.9,11,1,2022-04-11 09:01:57
1649667718174981000,28.85,2,28.8,11,28.85,4,2,2022-04-11 09:01:58
1649667718253663000,28.85,2,28.8,11,28.85,2,1,2022-04-11 09:01:58
1649667718274805000,28.85,2,28.8,11,28.9,11,1,2022-04-11 09:01:58
1649667719150446000,28.9,3,28.85,1,28.9,8,1,2022-04-11 09:01:59
1649667719169448000,28.9,8,28.85,1,28.95,12,1,2022-04-11 09:01:59
1649667722541338000,28.95,1,28.85,1,28.95,11,1,2022-04-11 09:02:02
1649667723584274000,28.9,1,28.85,1,28.95,11,1,2022-04-11 09:02:03
1649667723597016000,28.95,5,28.85,1,28.95,6,1,2022-04-11 09:02:03
1649667724350761000,28.95,1,28.85,2,28.95,5,1,2022-04-11 09:02:04
1649667727991436000,28.9,3,28.9,3,28.95,5,2,2022-04-11 09:02:07
1649667729144071000,28.95,5,28.95,5,29.0,58,1,2022-04-11 09:02:09
1649667729910136000,28.95,1,28.95,5,29.0,58,2,2022-04-11 09:02:09
1649667730163195000,28.95,2,28.95,3,29.0,58,2,2022-04-11 09:02:10
1649667731136763000,28.95,1,28.95,3,29.0,58,2,2022-04-11 09:02:11
1649667731603329000,28.95,1,28.95,3,29.0,58,2,2022-04-11 09:02:11
1649667733358860000,29.0,5,28.95,4,29.0,53,1,2022-04-11 09:02:13
1649667734124428000,28.95,5,28.9,6,28.95,5,2,2022-04-11 09:02:14
1649667734192047000,28.95,1,28.9,6,28.95,4,1,2022-04-11 09:02:14
1649667734342570000,28.95,1,28.9,6,28.95,3,1,2022-04-11 09:02:14
1649667734668612000,28.95,2,28.9,6,28.95,4,1,2022-04-11 09:02:14
1649667734892774000,28.95,4,28.9,6,28.95,3,1,2022-04-11 09:02:14
1649667736027516000,28.95,1,28.9,6,28.95,2,1,2022-04-11 09:02:16
1649667736974838000,28.95,1,28.9,7,28.95,4,1,2022-04-11 09:02:16
1649667737780302000,28.95,4,28.9,13,29.0,47,1,2022-04-11 09:02:17
1649667737780302000,29.0,6,28.9,13,29.0,47,1,2022-04-11 09:02:17
1649667738744560000,29.0,1,28.9,13,29.0,46,1,2022-04-11 09:02:18
1649667742990465000,29.0,10,28.95,9,29.0,36,1,2022-04-11 09:02:22
1649667743024038000,28.95,1,28.95,8,29.0,36,2,2022-04-11 09:02:23
1649667743062734000,28.95,1,28.95,7,29.0,36,2,2022-04-11 09:02:23
1649667743178802000,29.0,1,28.95,7,29.0,35,1,2022-04-11 09:02:23
1649667743571098000,28.95,7,28.9,21,29.0,35,2,2022-04-11 09:02:23
1649667743571098000,28.9,3,28.9,21,29.0,35,2,2022-04-11 09:02:23
1649667744009663000,28.95,3,28.9,21,28.95,7,2,2022-04-11 09:02:24
1649667744519272000,28.95,3,28.9,21,28.95,4,1,2022-04-11 09:02:24
1649667745433387000,28.95,2,28.9,21,28.95,2,1,2022-04-11 09:02:25
1649667745626861000,28.95,4,28.9,21,29.0,29,1,2022-04-11 09:02:25
1649667745626861000,29.0,6,28.9,21,29.0,29,1,2022-04-11 09:02:25
1649667746837813000,29.0,2,28.9,21,29.0,27,1,2022-04-11 09:02:26
1649667747634565000,29.0,1,28.95,1,29.0,26,1,2022-04-11 09:02:27
1649667748857182000,29.0,3,28.95,5,29.0,23,1,2022-04-11 09:02:28
1649667750310919000,29.0,1,28.95,14,29.0,22,1,2022-04-11 09:02:30
1649667750716856000,29.0,10,28.95,14,29.0,12,1,2022-04-11 09:02:30
1649667750739661000,29.0,12,28.95,14,29.05,12,1,2022-04-11 09:02:30
1649667751533165000,29.0,1,28.95,15,29.0,1,1,2022-04-11 09:02:31
1649667753223252000,29.0,1,29.0,2,29.05,12,1,2022-04-11 09:02:33
1649667753707114000,29.05,1,29.0,4,29.05,11,1,2022-04-11 09:02:33
1649667753892042000,29.05,3,29.0,4,29.05,8,1,2022-04-11 09:02:33
1649667754255419000,29.05,3,29.0,4,29.05,5,1,2022-04-11 09:02:34
1649667754544019000,29.05,1,29.0,4,29.05,4,1,2022-04-11 09:02:34
1649667756078407000,29.0,1,29.0,6,29.05,4,2,2022-04-11 09:02:36
1649667756268440000,29.05,1,29.0,6,29.05,3,1,2022-04-11 09:02:36
1649667757419206000,29.0,7,28.95,21,29.0,1,2,2022-04-11 09:02:37
1649667758150278000,29.0,1,28.95,22,29.05,4,1,2022-04-11 09:02:38
1649667759071705000,29.05,1,29.0,10,29.05,3,1,2022-04-11 09:02:39
1649667759423710000,29.05,2,29.0,10,29.05,1,1,2022-04-11 09:02:39
1649667762636124000,29.05,2,29.0,11,29.05,30,1,2022-04-11 09:02:42
1649667763705212000,29.05,10,29.0,11,29.05,21,1,2022-04-11 09:02:43
1649667763863809000,29.05,1,29.0,33,29.05,20,1,2022-04-11 09:02:43
1649667764088416000,29.05,3,29.0,34,29.05,17,1,2022-04-11 09:02:44
1649667764383148000,29.05,1,29.0,34,29.05,16,1,2022-04-11 09:02:44
1649667766455615000,29.0,3,29.0,33,29.05,16,2,2022-04-11 09:02:46
1649667766678774000,29.05,1,29.0,33,29.05,15,1,2022-04-11 09:02:46
1649667766887456000,29.05,1,29.0,33,29.05,14,1,2022-04-11 09:02:46
1649667767311726000,29.05,5,29.0,33,29.05,9,1,2022-04-11 09:02:47
1649667767410769000,29.05,1,29.0,33,29.05,8,1,2022-04-11 09:02:47
1649667768517984000,29.05,8,29.05,7,29.1,20,1,2022-04-11 09:02:48
1649667770748278000,29.05,1,29.05,27,29.1,20,2,2022-04-11 09:02:50
1649667771537710000,29.05,1,29.05,21,29.1,20,2,2022-04-11 09:02:51
1649667771589529000,29.1,2,29.05,21,29.1,18,1,2022-04-11 09:02:51
1649667773346763000,29.1,1,29.05,27,29.1,17,1,2022-04-11 09:02:53
1649667773368505000,29.1,1,29.05,27,29.1,16,1,2022-04-11 09:02:53
1649667773604350000,29.1,5,29.05,27,29.1,10,1,2022-04-11 09:02:53
1649667774467504000,29.05,1,29.05,26,29.1,10,2,2022-04-11 09:02:54
1649667775475463000,29.1,2,29.05,27,29.1,8,1,2022-04-11 09:02:55
1649667775751956000,29.1,1,29.05,27,29.1,7,1,2022-04-11 09:02:55
1649667776043936000,29.1,1,29.05,27,29.1,6,1,2022-04-11 09:02:56
1649667776739105000,29.1,8,29.1,2,29.15,15,1,2022-04-11 09:02:56
1649667778537879000,29.1,2,29.1,1,29.15,15,2,2022-04-11 09:02:58
1649667778564801000,29.1,1,29.05,44,29.15,15,2,2022-04-11 09:02:58
1649667779574877000,29.15,6,29.1,1,29.15,9,1,2022-04-11 09:02:59
1649667779628022000,29.1,1,29.05,44,29.1,2,2,2022-04-11 09:02:59
1649667779961866000,29.1,3,29.05,44,29.15,6,1,2022-04-11 09:02:59
1649667779961866000,29.15,3,29.05,44,29.15,6,1,2022-04-11 09:02:59
1649667781961029000,29.15,1,29.1,1,29.15,5,1,2022-04-11 09:03:01
1649667783379222000,29.15,6,29.1,2,29.2,25,1,2022-04-11 09:03:03
1649667783379222000,29.2,3,29.1,2,29.2,25,1,2022-04-11 09:03:03
1649667783452420000,29.2,1,29.1,2,29.2,24,1,2022-04-11 09:03:03
1649667783467919000,29.2,6,29.1,2,29.2,18,1,2022-04-11 09:03:03
1649667785889666000,29.2,1,29.15,9,29.2,17,1,2022-04-11 09:03:05
1649667787201312000,29.2,1,29.15,9,29.2,16,1,2022-04-11 09:03:07
1649667787367419000,29.2,1,29.15,9,29.2,15,1,2022-04-11 09:03:07
1649667787593081000,29.15,9,29.1,12,29.2,15,2,2022-04-11 09:03:07
1649667787645373000,29.2,1,29.1,12,29.2,14,1,2022-04-11 09:03:07
1649667788581314000,29.2,14,29.2,7,29.25,9,1,2022-04-11 09:03:08
1649667789664103000,29.2,1,29.2,8,29.25,9,2,2022-04-11 09:03:09
1649667789976253000,29.25,3,29.2,8,29.25,6,1,2022-04-11 09:03:09
1649667790055774000,29.2,5,29.2,4,29.25,6,2,2022-04-11 09:03:10
1649667791471274000,29.2,3,29.2,1,29.25,6,2,2022-04-11 09:03:11
1649667792254611000,29.25,1,29.2,5,29.25,5,1,2022-04-11 09:03:12
1649667792700344000,29.2,1,29.2,12,29.25,5,2,2022-04-11 09:03:12
1649667793072737000,29.25,6,29.2,12,29.35,4,1,2022-04-11 09:03:13
1649667793072737000,29.3,14,29.2,12,29.35,4,1,2022-04-11 09:03:13
1649667793463871000,29.35,2,29.2,12,29.35,2,1,2022-04-11 09:03:13
1649667793885116000,29.2,5,29.2,7,29.35,2,2,2022-04-11 09:03:13
1649667796396768000,29.3,1,29.25,4,29.4,18,1,2022-04-11 09:03:16
1649667796396768000,29.35,2,29.25,4,29.4,18,1,2022-04-11 09:03:16
1649667796396768000,29.4,7,29.25,4,29.4,18,1,2022-04-11 09:03:16
1649667796571357000,29.3,1,29.25,4,29.3,2,1,2022-04-11 09:03:16
1649667797058342000,29.25,4,29.15,6,29.2,27,2,2022-04-11 09:03:17
1649667797058342000,29.2,11,29.15,6,29.2,27,2,2022-04-11 09:03:17
1649667797499549000,29.2,1,29.15,6,29.2,26,1,2022-04-11 09:03:17
1649667798535663000,29.2,1,29.15,6,29.2,25,1,2022-04-11 09:03:18
1649667799416954000,29.2,5,29.15,6,29.2,20,1,2022-04-11 09:03:19
1649667799601051000,29.15,3,29.15,3,29.2,20,2,2022-04-11 09:03:19
1649667799822745000,29.2,1,29.15,3,29.2,20,1,2022-04-11 09:03:19
1649667800365196000,29.2,4,29.15,3,29.2,16,1,2022-04-11 09:03:20
1649667801438672000,29.2,1,29.15,4,29.2,15,1,2022-04-11 09:03:21
1649667802574914000,29.2,15,29.15,4,29.4,7,1,2022-04-11 09:03:22
1649667802574914000,29.25,1,29.15,4,29.4,7,1,2022-04-11 09:03:22
1649667802574914000,29.3,2,29.15,4,29.4,7,1,2022-04-11 09:03:22
1649667802574914000,29.35,1,29.15,4,29.4,7,1,2022-04-11 09:03:22
1649667802574914000,29.4,11,29.15,4,29.4,7,1,2022-04-11 09:03:22
1649667804653168000,29.3,1,29.2,11,29.35,10,1,2022-04-11 09:03:24
1649667807413862000,29.3,5,29.25,1,29.35,10,1,2022-04-11 09:03:27
1649667808129577000,29.35,5,29.25,1,29.35,5,1,2022-04-11 09:03:28
1649667809575737000,29.3,1,29.25,1,29.3,3,1,2022-04-11 09:03:29
1649667810390641000,29.3,2,29.25,1,29.3,1,1,2022-04-11 09:03:30
1649667810539551000,29.3,1,29.25,1,29.35,5,1,2022-04-11 09:03:30
1649667811710237000,29.3,1,29.2,19,29.35,5,1,2022-04-11 09:03:31
1649667812091975000,29.3,1,29.3,11,29.35,5,2,2022-04-11 09:03:32
1649667812118582000,29.3,11,29.2,21,29.35,5,2,2022-04-11 09:03:32
1649667813308303000,29.3,1,29.3,1,29.35,7,2,2022-04-11 09:03:33
1649667814292495000,29.3,1,29.3,6,29.35,7,2,2022-04-11 09:03:34
1649667814443675000,29.35,1,29.3,6,29.35,6,1,2022-04-11 09:03:34
1649667815257326000,29.35,6,29.3,6,29.4,7,1,2022-04-11 09:03:35
1649667815257326000,29.4,4,29.3,6,29.4,7,1,2022-04-11 09:03:35
1649667818218353000,29.3,8,29.25,9,29.4,7,2,2022-04-11 09:03:38
1649667818218353000,29.25,2,29.25,9,29.4,7,2,2022-04-11 09:03:38
1649667818249908000,29.25,2,29.25,7,29.4,7,2,2022-04-11 09:03:38
1649667818249976000,29.25,7,29.2,25,29.4,7,2,2022-04-11 09:03:38
1649667818879572000,29.4,1,29.2,25,29.4,6,1,2022-04-11 09:03:38
1649667819826716000,29.3,2,29.25,1,29.3,1,1,2022-04-11 09:03:39
1649667819957466000,29.3,1,29.25,1,29.4,5,1,2022-04-11 09:03:39
1649667819957466000,29.35,1,29.25,1,29.4,5,1,2022-04-11 09:03:39
1649667819957466000,29.4,1,29.25,1,29.4,5,1,2022-04-11 09:03:39
1649667820513668000,29.4,4,29.25,6,29.4,1,1,2022-04-11 09:03:40
1649667822363658000,29.35,1,29.25,2,29.4,1,1,2022-04-11 09:03:42
1649667823060245000,29.3,3,29.3,17,29.4,1,1,2022-04-11 09:03:43
1649667823853376000,29.3,5,29.3,12,29.4,5,2,2022-04-11 09:03:43
1649667823879089000,29.3,12,29.25,3,29.4,5,2,2022-04-11 09:03:43
1649667823919796000,29.35,2,29.35,1,29.4,5,2,2022-04-11 09:03:43
1649667823949010000,29.35,1,29.25,3,29.4,5,2,2022-04-11 09:03:43
1649667826233945000,29.35,2,29.3,5,29.4,2,1,2022-04-11 09:03:46
1649667826233945000,29.4,4,29.3,5,29.4,2,1,2022-04-11 09:03:46
1649667826567603000,29.4,2,29.3,5,29.45,50,1,2022-04-11 09:03:46
1649667826567603000,29.45,8,29.3,5,29.45,50,1,2022-04-11 09:03:46
1649667827547541000,29.3,1,29.3,4,29.4,1,2,2022-04-11 09:03:47
1649667829686800000,29.4,1,29.3,7,29.4,1,1,2022-04-11 09:03:49
1649667829748051000,29.4,1,29.3,7,29.45,51,1,2022-04-11 09:03:49
1649667829748051000,29.45,1,29.3,7,29.45,51,1,2022-04-11 09:03:49
1649667830102715000,29.4,2,29.3,8,29.4,3,1,2022-04-11 09:03:50
1649667831764725000,29.4,1,29.3,11,29.4,6,1,2022-04-11 09:03:51
1649667833253652000,29.35,1,29.3,21,29.4,6,1,2022-04-11 09:03:53
1649667833819801000,29.4,1,29.3,21,29.4,5,1,2022-04-11 09:03:53
1649667834087722000,29.4,2,29.3,21,29.4,3,1,2022-04-11 09:03:54
1649667834145572000,29.4,1,29.3,21,29.4,2,1,2022-04-11 09:03:54
1649667835507671000,29.4,1,29.3,24,29.4,1,1,2022-04-11 09:03:55
1649667836115797000,29.4,1,29.4,4,29.45,57,1,2022-04-11 09:03:56
1649667836132836000,29.4,4,29.35,2,29.45,57,2,2022-04-11 09:03:56
1649667837663070000,29.4,3,29.35,2,29.45,56,1,2022-04-11 09:03:57
1649667837663070000,29.45,2,29.35,2,29.45,56,1,2022-04-11 09:03:57
1649667838535650000,29.4,1,29.4,9,29.45,58,2,2022-04-11 09:03:58
1649667839578218000,29.4,1,29.4,8,29.45,58,2,2022-04-11 09:03:59
1649667839809486000,29.4,1,29.4,7,29.45,58,2,2022-04-11 09:03:59
1649667839828713000,29.4,2,29.4,5,29.45,58,2,2022-04-11 09:03:59
1649667839857952000,29.4,1,29.4,4,29.45,58,2,2022-04-11 09:03:59
1649667839893174000,29.4,2,29.4,2,29.45,58,2,2022-04-11 09:03:59
1649667839913572000,29.4,2,29.35,12,29.45,58,2,2022-04-11 09:03:59
1649667840109498000,29.45,2,29.35,12,29.45,56,1,2022-04-11 09:04:00
1649667841378882000,29.4,2,29.4,3,29.45,57,2,2022-04-11 09:04:01
1649667841408083000,29.4,1,29.4,2,29.45,57,2,2022-04-11 09:04:01
1649667841454035000,29.4,2,29.35,12,29.45,57,2,2022-04-11 09:04:01
1649667841468841000,29.35,1,29.35,11,29.45,57,2,2022-04-11 09:04:01
1649667841482641000,29.35,2,29.35,9,29.45,57,2,2022-04-11 09:04:01
1649667841998114000,29.45,10,29.35,9,29.45,47,1,2022-04-11 09:04:01
1649667842244338000,29.45,1,29.35,9,29.45,46,1,2022-04-11 09:04:02
1649667842799254000,29.4,1,29.35,9,29.4,3,1,2022-04-11 09:04:02
1649667843587880000,29.35,1,29.35,8,29.4,7,2,2022-04-11 09:04:03
1649667843837135000,29.35,3,29.35,5,29.4,7,2,2022-04-11 09:04:03
1649667844128074000,29.4,1,29.35,5,29.4,6,1,2022-04-11 09:04:04
1649667844189775000,29.4,6,29.35,5,29.45,43,1,2022-04-11 09:04:04
1649667844189775000,29.45,4,29.35,5,29.45,43,1,2022-04-11 09:04:04
1649667844341984000,29.45,2,29.35,5,29.45,41,1,2022-04-11 09:04:04
1649667844498144000,29.35,1,29.35,4,29.45,41,2,2022-04-11 09:04:04
1649667845555663000,29.35,4,29.3,22,29.45,41,2,2022-04-11 09:04:05
1649667845555663000,29.3,1,29.3,22,29.45,41,2,2022-04-11 09:04:05
1649667847865109000,29.4,1,29.35,5,29.4,10,1,2022-04-11 09:04:07
1649667848825607000,29.4,1,29.35,5,29.4,9,1,2022-04-11 09:04:08
1649667851615365000,29.4,1,29.35,12,29.4,19,1,2022-04-11 09:04:11
1649667851988625000,29.35,2,29.35,10,29.4,19,2,2022-04-11 09:04:11
1649667852024726000,29.35,10,29.3,26,29.4,19,2,2022-04-11 09:04:12
1649667853339944000,29.35,1,29.3,26,29.35,2,1,2022-04-11 09:04:13
1649667854971544000,29.35,1,29.3,36,29.35,1,1,2022-04-11 09:04:14
1649667857440008000,29.3,1,29.3,37,29.35,12,2,2022-04-11 09:04:17
1649667857988611000,29.3,37,29.25,4,29.35,12,2,2022-04-11 09:04:17
1649667858039926000,29.35,1,29.25,4,29.35,11,1,2022-04-11 09:04:18
1649667858660358000,29.25,1,29.25,3,29.3,10,2,2022-04-11 09:04:18
1649667858679373000,29.25,3,29.2,15,29.3,10,2,2022-04-11 09:04:18
1649667859756616000,29.25,1,29.2,15,29.25,1,1,2022-04-11 09:04:19
1649667863832330000,29.25,3,29.2,15,29.25,2,1,2022-04-11 09:04:23
1649667865654969000,29.2,5,29.2,10,29.25,2,2,2022-04-11 09:04:25
1649667866353308000,29.2,10,29.15,6,29.25,4,2,2022-04-11 09:04:26
1649667866529854000,29.15,1,29.15,5,29.25,4,2,2022-04-11 09:04:26
1649667867132779000,29.25,1,29.15,5,29.25,3,1,2022-04-11 09:04:27
1649667868745076000,29.15,1,29.15,4,29.25,13,2,2022-04-11 09:04:28
1649667873862189000,29.2,1,29.15,11,29.25,5,1,2022-04-11 09:04:33
1649667873938872000,29.15,5,29.15,6,29.25,5,2,2022-04-11 09:04:33
1649667877003124000,29.15,1,29.15,7,29.25,6,2,2022-04-11 09:04:37
1649667877375162000,29.15,6,29.15,1,29.25,6,2,2022-04-11 09:04:37
1649667877400582000,29.15,1,29.15,1,29.25,6,2,2022-04-11 09:04:37
1649667877400786000,29.15,1,29.1,4,29.25,6,2,2022-04-11 09:04:37
1649667879755741000,29.2,1,29.1,4,29.25,16,1,2022-04-11 09:04:39
1649667884300124000,29.2,2,29.1,4,29.2,4,1,2022-04-11 09:04:44
1649667886969692000,29.15,5,29.1,3,29.2,4,2,2022-04-11 09:04:46
1649667887721271000,29.2,1,29.1,3,29.2,3,1,2022-04-11 09:04:47
1649667888805215000,29.15,1,29.15,1,29.2,3,2,2022-04-11 09:04:48
1649667890922447000,29.15,1,29.1,9,29.2,8,2,2022-04-11 09:04:50
1649667893907765000,29.15,1,29.1,11,29.2,8,2,2022-04-11 09:04:53
1649667894664430000,29.15,1,29.1,11,29.15,9,2,2022-04-11 09:04:54
1649667896604785000,29.15,9,29.15,1,29.2,9,1,2022-04-11 09:04:56
1649667896781677000,29.15,1,29.1,11,29.2,9,2,2022-04-11 09:04:56
1649667897199631000,29.1,1,29.1,10,29.2,9,2,2022-04-11 09:04:57
1649667898995840000,29.2,1,29.15,1,29.2,8,1,2022-04-11 09:04:58
1649667904376733000,29.2,1,29.15,3,29.2,9,1,2022-04-11 09:05:04
1649667904839363000,29.2,8,29.15,3,29.2,1,1,2022-04-11 09:05:04
1649667904877841000,29.2,1,29.15,3,29.25,6,1,2022-04-11 09:05:04
1649667905337568000,29.15,3,29.1,16,29.25,7,2,2022-04-11 09:05:05
1649667908541655000,29.25,5,29.1,11,29.25,2,1,2022-04-11 09:05:08
1649667913851138000,29.2,1,29.15,5,29.2,4,1,2022-04-11 09:05:13
1649667917057297000,29.2,1,29.15,10,29.2,3,1,2022-04-11 09:05:17
1649667917396448000,29.2,1,29.15,10,29.2,2,1,2022-04-11 09:05:17
1649667919752289000,29.2,1,29.15,11,29.2,1,1,2022-04-11 09:05:19
1649667920314101000,29.2,1,29.15,11,29.2,4,1,2022-04-11 09:05:20
1649667920396546000,29.2,4,29.2,1,29.25,5,1,2022-04-11 09:05:20
1649667922557557000,29.2,1,29.2,5,29.25,5,2,2022-04-11 09:05:22
1649667925462578000,29.2,1,29.2,5,29.25,6,2,2022-04-11 09:05:25
1649667926190033000,29.25,5,29.2,6,29.25,1,1,2022-04-11 09:05:26
1649667929637181000,29.25,2,29.2,6,29.25,5,1,2022-04-11 09:05:29
1649667934417392000,29.25,5,29.2,9,29.25,5,1,2022-04-11 09:05:34
1649667936019169000,29.2,2,29.2,7,29.25,6,2,2022-04-11 09:05:36
1649667936237263000,29.25,1,29.2,7,29.25,5,1,2022-04-11 09:05:36
1649667937823783000,29.2,2,29.2,5,29.25,5,2,2022-04-11 09:05:37
1649667941172959000,29.2,1,29.2,4,29.25,5,2,2022-04-11 09:05:41
1649667945797973000,29.2,1,29.2,4,29.25,6,2,2022-04-11 09:05:45
1649667948358148000,29.25,6,29.25,4,29.3,4,1,2022-04-11 09:05:48
1649667948364913000,29.25,1,29.25,3,29.3,4,2,2022-04-11 09:05:48
1649667948388800000,29.25,3,29.2,4,29.3,4,2,2022-04-11 09:05:48
1649667949616204000,29.2,1,29.2,3,29.3,4,2,2022-04-11 09:05:49
1649667952971334000,29.2,1,29.2,3,29.3,4,2,2022-04-11 09:05:52
1649667958107733000,29.2,6,29.15,11,29.2,14,2,2022-04-11 09:05:58
1649667959508277000,29.2,2,29.15,21,29.2,13,1,2022-04-11 09:05:59
1649667959890126000,29.2,1,29.15,21,29.2,12,1,2022-04-11 09:05:59
1649667965065616000,29.2,10,29.15,23,29.2,3,1,2022-04-11 09:06:05
1649667967048891000,29.2,2,29.15,24,29.2,1,1,2022-04-11 09:06:07
1649667967605209000,29.2,1,29.15,24,29.25,25,1,2022-04-11 09:06:07
1649667968925726000,29.15,10,29.15,14,29.25,25,2,2022-04-11 09:06:08
1649667971186856000,29.2,6,29.2,4,29.25,25,1,2022-04-11 09:06:11
1649667973065215000,29.2,5,29.15,15,29.25,25,2,2022-04-11 09:06:13
1649667973479104000,29.15,13,29.15,2,29.2,7,2,2022-04-11 09:06:13
1649667973511788000,29.2,2,29.15,2,29.2,5,1,2022-04-11 09:06:13
1649667973514004000,29.15,2,29.1,17,29.2,5,2,2022-04-11 09:06:13
1649667974855935000,29.1,2,29.1,15,29.2,8,2,2022-04-11 09:06:14
1649667975608378000,29.1,2,29.1,13,29.15,1,2,2022-04-11 09:06:15
1649667976309982000,29.15,2,29.1,13,29.15,1,1,2022-04-11 09:06:16
1649667978417947000,29.15,1,29.15,9,29.2,25,1,2022-04-11 09:06:18
1649667981621084000,29.15,1,29.15,8,29.2,25,2,2022-04-11 09:06:21
1649667981637177000,29.15,8,29.1,14,29.2,25,2,2022-04-11 09:06:21
1649667982334085000,29.15,1,29.1,14,29.15,2,1,2022-04-11 09:06:22
1649667985880598000,29.15,1,29.1,15,29.15,8,1,2022-04-11 09:06:25
1649667985976971000,29.1,10,29.1,5,29.15,8,2,2022-04-11 09:06:25
1649667986108353000,29.15,1,29.1,5,29.15,7,1,2022-04-11 09:06:26
1649667986238868000,29.1,5,29.05,15,29.15,7,2,2022-04-11 09:06:26
1649667986670152000,29.1,2,29.15,9,29.2,25,1,2022-04-11 09:06:26
1649667986670152000,29.15,9,29.15,9,29.2,25,1,2022-04-11 09:06:26
1649667986686890000,29.15,1,29.15,8,29.2,25,2,2022-04-11 09:06:26
1649667986902353000,29.15,8,29.05,15,29.2,25,2,2022-04-11 09:06:26
1649667988176113000,29.05,1,29.05,14,29.1,3,2,2022-04-11 09:06:28
1649667988207559000,29.05,5,29.05,9,29.1,3,2,2022-04-11 09:06:28
1649667990294578000,29.05,10,29.0,26,29.1,4,2,2022-04-11 09:06:30
1649667992802434000,29.05,1,29.0,26,29.1,7,1,2022-04-11 09:06:32
1649667992955449000,29.0,5,29.0,21,29.1,7,2,2022-04-11 09:06:32
1649667992970818000,29.0,2,29.0,19,29.1,7,2,2022-04-11 09:06:32
1649667994981767000,29.0,4,29.0,15,29.05,2,2,2022-04-11 09:06:34
1649667995757032000,29.0,1,29.0,14,29.05,2,2,2022-04-11 09:06:35
1649667997415335000,29.05,1,29.0,16,29.05,1,1,2022-04-11 09:06:37
1649668001765929000,29.0,15,28.95,11,29.0,5,2,2022-04-11 09:06:41
1649668002234015000,28.95,6,28.95,5,29.0,5,2,2022-04-11 09:06:42
1649668003674477000,28.95,5,28.9,18,29.0,5,2,2022-04-11 09:06:43
1649668003674477000,28.9,3,28.9,18,29.0,5,2,2022-04-11 09:06:43
1649668014714665000,28.9,1,28.9,17,29.0,10,2,2022-04-11 09:06:54
1649668016601528000,28.9,8,28.9,9,29.0,10,2,2022-04-11 09:06:56
1649668017335513000,28.9,1,28.9,8,28.95,2,2,2022-04-11 09:06:57
1649668019971141000,28.9,1,28.9,7,28.95,5,2,2022-04-11 09:06:59
1649668020010490000,28.9,5,28.9,2,28.95,5,2,2022-04-11 09:07:00
1649668020042531000,28.9,2,28.85,2,28.95,5,2,2022-04-11 09:07:00
1649668020945669000,28.9,1,28.85,2,28.95,5,1,2022-04-11 09:07:00
1649668026166480000,28.9,1,28.8,2,28.95,5,2,2022-04-11 09:07:06
1649668026166480000,28.85,2,28.8,2,28.95,5,2,2022-04-11 09:07:06
1649668026166480000,28.8,2,28.8,2,28.95,5,2,2022-04-11 09:07:06
1649668028715946000,28.8,1,28.8,1,28.9,1,2,2022-04-11 09:07:08
1649668031437631000,28.9,5,28.8,1,28.9,48,1,2022-04-11 09:07:11
1649668032328704000,28.85,1,28.8,1,28.85,1,1,2022-04-11 09:07:12
1649668033767271000,28.8,1,28.75,3,28.85,1,2,2022-04-11 09:07:13
1649668033767271000,28.75,1,28.75,3,28.85,1,2,2022-04-11 09:07:13
1649668037976360000,28.75,1,28.75,2,28.85,4,2,2022-04-11 09:07:17
1649668042214022000,28.8,1,28.75,2,28.85,4,2,2022-04-11 09:07:22
1649668045967783000,28.8,1,28.8,1,28.85,4,2,2022-04-11 09:07:25
1649668047680355000,28.8,1,28.75,5,28.85,4,2,2022-04-11 09:07:27
1649668052106544000,28.8,1,28.75,5,28.85,4,2,2022-04-11 09:07:32
1649668052106544000,28.75,1,28.75,5,28.85,4,2,2022-04-11 09:07:32
1649668052525224000,28.8,1,28.75,5,28.85,4,1,2022-04-11 09:07:32
1649668058350329000,28.75,1,28.75,4,28.8,6,2,2022-04-11 09:07:38
1649668059482184000,28.8,1,28.75,4,28.8,5,1,2022-04-11 09:07:39
1649668062167485000,28.8,2,28.75,4,28.8,5,1,2022-04-11 09:07:42
1649668062230745000,28.8,1,28.75,4,28.8,4,1,2022-04-11 09:07:42
1649668063207886000,28.75,1,28.75,3,28.8,4,2,2022-04-11 09:07:43
1649668066278545000,28.75,2,28.75,1,28.8,5,2,2022-04-11 09:07:46
1649668069265600000,28.75,1,28.75,1,28.8,6,2,2022-04-11 09:07:49
1649668071886644000,28.75,1,28.7,2,28.8,6,2,2022-04-11 09:07:51
1649668071886644000,28.7,11,28.7,2,28.8,6,2,2022-04-11 09:07:51
1649668072349718000,28.75,1,28.7,2,28.8,6,1,2022-04-11 09:07:52
1649668075164143000,28.75,2,28.75,1,28.8,6,2,2022-04-11 09:07:55
1649668077804392000,28.75,1,28.7,3,28.8,6,2,2022-04-11 09:07:57
1649668080323640000,28.75,1,28.7,5,28.75,1,1,2022-04-11 09:08:00
1649668080351614000,28.75,1,28.7,5,28.8,5,1,2022-04-11 09:08:00
1649668081028490000,28.7,1,28.7,4,28.8,5,2,2022-04-11 09:08:01
1649668081261002000,28.7,4,28.65,9,28.8,5,2,2022-04-11 09:08:01
1649668081261002000,28.65,3,28.65,9,28.8,5,2,2022-04-11 09:08:01
1649668084037139000,28.7,1,28.65,10,28.7,4,2,2022-04-11 09:08:04
1649668084071340000,28.7,4,28.65,10,28.75,1,1,2022-04-11 09:08:04
1649668084783680000,28.7,1,28.65,10,28.8,2,1,2022-04-11 09:08:04
1649668084783680000,28.75,1,28.65,10,28.8,2,1,2022-04-11 09:08:04
1649668084783680000,28.8,3,28.65,10,28.8,2,1,2022-04-11 09:08:04
1649668088421603000,28.7,2,28.7,1,28.75,2,2,2022-04-11 09:08:08
1649668093983409000,28.75,4,28.75,1,28.8,2,1,2022-04-11 09:08:13
1649668100609484000,28.75,1,28.75,11,28.8,3,2,2022-04-11 09:08:20
1649668101766672000,28.75,1,28.75,10,28.8,3,2,2022-04-11 09:08:21
1649668104005608000,28.8,1,28.75,10,28.8,2,1,2022-04-11 09:08:24
1649668104035711000,28.8,1,28.75,10,28.8,1,1,2022-04-11 09:08:24
1649668104060940000,28.8,1,28.75,10,28.85,10,1,2022-04-11 09:08:24
1649668104131265000,28.8,1,28.75,10,28.85,10,1,2022-04-11 09:08:24
1649668104813654000,28.75,1,28.75,9,28.85,10,2,2022-04-11 09:08:24
1649668105560085000,28.75,1,28.75,9,28.85,10,2,2022-04-11 09:08:25
1649668109737808000,28.8,1,28.75,10,28.8,5,1,2022-04-11 09:08:29
1649668110707025000,28.8,1,28.75,10,28.8,4,1,2022-04-11 09:08:30
1649668121193833000,28.75,10,28.75,7,28.8,41,2,2022-04-11 09:08:41
1649668121382557000,28.75,5,28.75,2,28.8,42,2,2022-04-11 09:08:41
1649668121441067000,28.75,2,28.7,12,28.8,42,2,2022-04-11 09:08:41
1649668122256484000,28.8,1,28.7,12,28.8,41,1,2022-04-11 09:08:42
1649668129566958000,28.7,1,28.7,11,28.75,2,2,2022-04-11 09:08:49
1649668133818409000,28.7,12,28.6,18,28.75,3,2,2022-04-11 09:08:53
1649668133818409000,28.65,18,28.6,18,28.75,3,2,2022-04-11 09:08:53
1649668133818409000,28.6,18,28.6,18,28.75,3,2,2022-04-11 09:08:53
1649668134677337000,28.6,10,28.6,8,28.65,2,2,2022-04-11 09:08:54
1649668134692436000,28.6,8,28.55,26,28.65,2,2,2022-04-11 09:08:54
1649668134692436000,28.55,2,28.55,26,28.65,2,2,2022-04-11 09:08:54
1649668134722962000,28.55,10,28.55,16,28.6,1,2,2022-04-11 09:08:54
1649668134735468000,28.55,10,28.55,6,28.6,1,2,2022-04-11 09:08:54
1649668134859072000,28.55,6,28.5,28,28.6,3,2,2022-04-11 09:08:54
1649668134859072000,28.5,4,28.5,28,28.6,3,2,2022-04-11 09:08:54
1649668134878178000,28.5,10,28.5,18,28.6,3,2,2022-04-11 09:08:54
1649668134904775000,28.5,10,28.5,8,28.55,1,2,2022-04-11 09:08:54
1649668134936864000,28.5,1,28.5,7,28.55,3,2,2022-04-11 09:08:54
1649668134971574000,28.5,1,28.5,6,28.55,3,2,2022-04-11 09:08:54
1649668135038389000,28.5,3,28.5,3,28.55,3,2,2022-04-11 09:08:55
1649668135047484000,28.5,3,28.4,20,28.55,3,2,2022-04-11 09:08:55
1649668135047484000,28.45,3,28.4,20,28.55,3,2,2022-04-11 09:08:55
1649668135047484000,28.4,4,28.4,20,28.55,3,2,2022-04-11 09:08:55
1649668135080620000,28.4,10,28.4,10,28.55,3,2,2022-04-11 09:08:55
1649668135091257000,28.4,10,28.35,1,28.55,3,2,2022-04-11 09:08:55
1649668135203173000,28.35,1,28.3,19,28.5,2,2,2022-04-11 09:08:55
1649668135203173000,28.3,2,28.3,19,28.5,2,2,2022-04-11 09:08:55
1649668135216246000,28.3,10,28.3,9,28.5,2,2,2022-04-11 09:08:55
1649668135246690000,28.3,9,28.25,5,28.45,1,2,2022-04-11 09:08:55
1649668135246690000,28.25,1,28.25,5,28.45,1,2,2022-04-11 09:08:55
1649668135294247000,28.4,2,28.25,5,28.55,4,1,2022-04-11 09:08:55
1649668135294247000,28.45,4,28.25,5,28.55,4,1,2022-04-11 09:08:55
1649668135294247000,28.5,3,28.25,5,28.55,4,1,2022-04-11 09:08:55
1649668135294247000,28.55,1,28.25,5,28.55,4,1,2022-04-11 09:08:55
1649668135550132000,28.3,4,28.1,17,28.55,4,2,2022-04-11 09:08:55
1649668135550132000,28.25,5,28.1,17,28.55,4,2,2022-04-11 09:08:55
1649668135550132000,28.2,14,28.1,17,28.55,4,2,2022-04-11 09:08:55
1649668135550132000,28.15,3,28.1,17,28.55,4,2,2022-04-11 09:08:55
1649668135550132000,28.1,4,28.1,17,28.55,4,2,2022-04-11 09:08:55
1649668140935238000,28.3,3,28.25,1,28.45,1,1,2022-04-11 09:09:00
1649668142201170000,28.3,2,28.3,5,28.45,1,2,2022-04-11 09:09:02
1649668143224768000,28.3,1,28.3,4,28.45,1,2,2022-04-11 09:09:03
1649668153247720000,28.3,2,28.3,28,28.45,1,2,2022-04-11 09:09:13
1649668153327860000,28.4,1,28.3,28,28.45,1,1,2022-04-11 09:09:13
1649668153348173000,28.45,1,28.3,28,28.5,5,1,2022-04-11 09:09:13
1649668157374455000,28.45,1,28.45,3,28.5,5,2,2022-04-11 09:09:17
1649668157742866000,28.5,1,28.45,3,28.5,4,1,2022-04-11 09:09:17
1649668158876717000,28.5,3,28.45,3,28.5,1,1,2022-04-11 09:09:18
1649668158906552000,28.5,1,28.45,3,28.55,2,1,2022-04-11 09:09:18
1649668160772210000,28.5,1,28.45,3,28.5,1,2,2022-04-11 09:09:20
1649668160805204000,28.5,1,28.45,3,28.55,2,1,2022-04-11 09:09:20
1649668161477969000,28.55,2,28.45,3,28.6,3,1,2022-04-11 09:09:21
1649668162711493000,28.6,1,28.45,3,28.6,2,1,2022-04-11 09:09:22
1649668163605258000,28.6,2,28.45,3,28.7,7,1,2022-04-11 09:09:23
1649668168385599000,28.6,1,28.65,1,28.7,7,1,2022-04-11 09:09:28
1649668168405253000,28.65,1,28.45,5,28.7,7,2,2022-04-11 09:09:28
1649668168425561000,28.65,1,28.65,1,28.7,7,2,2022-04-11 09:09:28
1649668168474535000,28.65,1,28.65,2,28.7,7,2,2022-04-11 09:09:28
1649668168497518000,28.65,2,28.65,2,28.7,7,2,2022-04-11 09:09:28
1649668168637311000,28.65,2,28.5,1,28.7,9,2,2022-04-11 09:09:28
1649668170902000000,28.6,1,28.6,1,28.7,7,2,2022-04-11 09:09:30
1649668170921761000,28.6,1,28.5,1,28.7,7,2,2022-04-11 09:09:30
1649668173483657000,28.5,1,28.45,2,28.7,9,2,2022-04-11 09:09:33
1649668176723741000,28.65,2,28.6,5,28.65,1,1,2022-04-11 09:09:36
1649668177073057000,28.65,1,28.65,1,28.7,7,1,2022-04-11 09:09:37
1649668177102951000,28.65,1,28.6,5,28.7,7,2,2022-04-11 09:09:37
1649668178064060000,28.7,1,28.6,6,28.7,8,1,2022-04-11 09:09:38
1649668181746203000,28.7,3,28.6,6,28.7,3,1,2022-04-11 09:09:41
1649668184509460000,28.7,3,28.65,1,28.75,8,1,2022-04-11 09:09:44
1649668185349746000,28.7,1,28.65,1,28.75,8,2,2022-04-11 09:09:45
1649668185648138000,28.65,1,28.6,1,28.75,10,2,2022-04-11 09:09:45
1649668185648138000,28.6,4,28.6,1,28.75,10,2,2022-04-11 09:09:45
1649668198067588000,28.65,1,28.6,5,28.7,2,1,2022-04-11 09:09:58
1649668199111004000,28.7,1,28.6,5,28.7,5,1,2022-04-11 09:09:59
1649668199138317000,28.6,2,28.6,3,28.7,5,2,2022-04-11 09:09:59
1649668206053873000,28.6,1,28.6,2,28.65,3,2,2022-04-11 09:10:06
1649668206552700000,28.6,1,28.6,1,28.65,3,2,2022-04-11 09:10:06
1649668214628983000,28.6,2,28.5,7,28.65,3,2,2022-04-11 09:10:14
1649668224992620000,28.55,1,28.5,8,28.6,10,2,2022-04-11 09:10:24
1649668228074410000,28.55,2,28.5,8,28.6,9,1,2022-04-11 09:10:28
1649668228074410000,28.6,2,28.5,8,28.6,9,1,2022-04-11 09:10:28
1649668228730199000,28.6,1,28.5,8,28.6,8,1,2022-04-11 09:10:28
1649668231031009000,28.55,1,28.5,1,28.6,8,2,2022-04-11 09:10:31
1649668231031009000,28.5,7,28.5,1,28.6,8,2,2022-04-11 09:10:31
1649668234322811000,28.55,1,28.5,1,28.55,1,1,2022-04-11 09:10:34
1649668234364201000,28.55,1,28.5,1,28.6,9,1,2022-04-11 09:10:34
1649668242970411000,28.55,2,28.45,4,28.6,10,2,2022-04-11 09:10:42
1649668242970411000,28.5,4,28.45,4,28.6,10,2,2022-04-11 09:10:42
1649668242970411000,28.45,13,28.45,4,28.6,10,2,2022-04-11 09:10:42
1649668246624373000,28.55,2,28.5,2,28.55,1,1,2022-04-11 09:10:46
1649668246656497000,28.55,1,28.5,2,28.6,10,1,2022-04-11 09:10:46
1649668249487790000,28.55,1,28.5,2,28.55,1,1,2022-04-11 09:10:49
1649668249519681000,28.55,1,28.5,2,28.6,11,1,2022-04-11 09:10:49
1649668257860275000,28.55,1,28.5,5,28.55,6,1,2022-04-11 09:10:57
1649668259184368000,28.5,2,28.5,3,28.55,6,2,2022-04-11 09:10:59
1649668263413803000,28.5,5,28.45,10,28.55,14,2,2022-04-11 09:11:03
1649668269656432000,28.5,2,28.45,11,28.55,12,1,2022-04-11 09:11:09
1649668269656432000,28.55,3,28.45,11,28.55,12,1,2022-04-11 09:11:09
1649668278148496000,28.55,10,28.5,5,28.55,3,1,2022-04-11 09:11:18
1649668278172342000,28.55,3,28.5,5,28.6,2,1,2022-04-11 09:11:18
1649668282680073000,28.55,1,28.55,4,28.6,2,2,2022-04-11 09:11:22
1649668283411936000,28.6,1,28.55,4,28.6,1,1,2022-04-11 09:11:23
1649668284260616000,28.55,2,28.55,2,28.6,1,2,2022-04-11 09:11:24
1649668284312777000,28.55,1,28.55,1,28.6,1,2,2022-04-11 09:11:24
1649668284919148000,28.55,1,28.5,7,28.6,1,2,2022-04-11 09:11:24
1649668284919148000,28.5,1,28.5,7,28.6,1,2,2022-04-11 09:11:24
1649668285803931000,28.6,1,28.5,7,28.65,7,1,2022-04-11 09:11:25
1649668286096724000,28.65,1,28.5,7,28.65,6,1,2022-04-11 09:11:26
1649668291912216000,28.55,1,28.5,10,28.65,6,2,2022-04-11 09:11:31
1649668297352243000,28.55,1,28.5,10,28.55,2,2,2022-04-11 09:11:37
1649668297385712000,28.55,2,28.5,10,28.6,2,1,2022-04-11 09:11:37
1649668298155415000,28.5,1,28.5,9,28.6,2,2,2022-04-11 09:11:38
1649668301157294000,28.6,3,28.6,2,28.65,6,1,2022-04-11 09:11:41
1649668301379786000,28.6,1,28.6,1,28.65,6,2,2022-04-11 09:11:41
1649668301439490000,28.6,1,28.5,10,28.65,6,2,2022-04-11 09:11:41
1649668309985673000,28.6,2,28.6,8,28.65,6,2,2022-04-11 09:11:49
1649668311517739000,28.6,1,28.6,7,28.65,6,2,2022-04-11 09:11:51
1649668313803971000,28.65,1,28.6,7,28.65,6,1,2022-04-11 09:11:53
1649668322331919000,28.6,1,28.6,6,28.65,6,2,2022-04-11 09:12:02
1649668327616972000,28.6,2,28.6,4,28.65,6,2,2022-04-11 09:12:07
1649668332050848000,28.6,2,28.6,2,28.65,6,2,2022-04-11 09:12:12
1649668333514120000,28.6,2,28.55,2,28.65,6,2,2022-04-11 09:12:13
1649668335011520000,28.55,2,28.45,12,28.5,2,2,2022-04-11 09:12:15
1649668335011520000,28.5,11,28.45,12,28.5,2,2,2022-04-11 09:12:15
1649668335044810000,28.5,2,28.45,12,28.65,6,1,2022-04-11 09:12:15
1649668345193545000,28.5,1,28.5,4,28.6,5,2,2022-04-11 09:12:25
1649668360356381000,28.5,6,28.5,3,28.55,4,2,2022-04-11 09:12:40
1649668361462740000,28.55,1,28.5,3,28.55,3,1,2022-04-11 09:12:41
1649668371752776000,28.5,2,28.5,2,28.55,7,2,2022-04-11 09:12:51
1649668374238320000,28.5,1,28.5,3,28.55,7,2,2022-04-11 09:12:54
1649668374821263000,28.55,2,28.5,3,28.55,5,1,2022-04-11 09:12:54
1649668375410415000,28.55,3,28.5,3,28.55,3,1,2022-04-11 09:12:55
1649668376280667000,28.55,1,28.5,3,28.55,2,1,2022-04-11 09:12:56
1649668389291596000,28.5,4,28.5,3,28.55,3,2,2022-04-11 09:13:09
1649668393541841000,28.5,15,28.45,13,28.5,5,2,2022-04-11 09:13:13
1649668393783417000,28.45,2,28.45,11,28.5,5,2,2022-04-11 09:13:13
1649668401642570000,28.45,1,28.45,10,28.5,8,2,2022-04-11 09:13:21
1649668401883515000,28.45,2,28.45,8,28.5,8,2,2022-04-11 09:13:21
1649668402172078000,28.45,1,28.45,7,28.5,8,2,2022-04-11 09:13:22
1649668403676127000,28.45,1,28.45,6,28.5,8,2,2022-04-11 09:13:23
1649668413813854000,28.45,5,28.45,2,28.5,3,2,2022-04-11 09:13:33
1649668417097814000,28.45,1,28.45,1,28.5,3,2,2022-04-11 09:13:37
1649668420621296000,28.45,2,28.4,9,28.5,4,2,2022-04-11 09:13:40
1649668420621296000,28.4,2,28.4,9,28.5,4,2,2022-04-11 09:13:40
1649668420698938000,28.45,1,28.4,9,28.5,4,1,2022-04-11 09:13:40
1649668430265031000,28.4,9,28.3,41,28.35,2,2,2022-04-11 09:13:50
1649668430265031000,28.35,25,28.3,41,28.35,2,2,2022-04-11 09:13:50
1649668430294304000,28.35,2,28.3,41,28.5,6,1,2022-04-11 09:13:50
1649668430321188000,28.3,1,28.3,40,28.5,6,2,2022-04-11 09:13:50
1649668440507699000,28.4,1,28.4,5,28.5,6,2,2022-04-11 09:14:00
1649668440606654000,28.4,5,28.3,39,28.5,6,2,2022-04-11 09:14:00
1649668442175950000,28.3,1,28.3,38,28.5,8,2,2022-04-11 09:14:02
1649668447016254000,28.3,1,28.3,39,28.4,4,2,2022-04-11 09:14:07
1649668448456441000,28.4,1,28.35,3,28.4,1,1,2022-04-11 09:14:08
1649668455105632000,28.35,1,28.35,2,28.4,1,2,2022-04-11 09:14:15
1649668460222017000,28.35,15,28.3,5,28.4,7,2,2022-04-11 09:14:20
1649668460222017000,28.3,45,28.3,5,28.4,7,2,2022-04-11 09:14:20
1649668460821426000,28.3,4,28.3,1,28.35,2,2,2022-04-11 09:14:20
1649668468296316000,28.3,1,28.3,1,28.35,8,2,2022-04-11 09:14:28
1649668470450971000,28.3,2,28.25,5,28.35,9,2,2022-04-11 09:14:30
1649668473161398000,28.25,2,28.25,1,28.3,1,2,2022-04-11 09:14:33
1649668475817073000,28.3,1,28.25,1,28.3,2,1,2022-04-11 09:14:35
1649668476505278000,28.25,1,28.2,36,28.3,2,2,2022-04-11 09:14:36
1649668476505278000,28.2,19,28.2,36,28.3,2,2,2022-04-11 09:14:36
1649668476507840000,28.3,2,28.3,4,28.35,9,1,2022-04-11 09:14:36
1649668476533812000,28.3,1,28.3,3,28.35,9,2,2022-04-11 09:14:36
1649668476557335000,28.3,1,28.3,2,28.35,9,2,2022-04-11 09:14:36
1649668476557753000,28.3,1,28.3,1,28.35,9,2,2022-04-11 09:14:36
1649668476742999000,28.3,1,28.2,36,28.3,1,2,2022-04-11 09:14:36
1649668476909062000,28.25,1,28.2,36,28.3,1,1,2022-04-11 09:14:36
1649668483122416000,28.25,1,28.25,2,28.35,10,2,2022-04-11 09:14:43
1649668486027234000,28.3,1,28.25,2,28.35,10,2,2022-04-11 09:14:46
1649668486027234000,28.25,1,28.25,2,28.35,10,2,2022-04-11 09:14:46
1649668491424203000,28.3,1,28.25,4,28.3,4,2,2022-04-11 09:14:51
1649668497136621000,28.25,4,28.2,35,28.3,4,2,2022-04-11 09:14:57
1649668497136621000,28.2,1,28.2,35,28.3,4,2,2022-04-11 09:14:57
1649668499455929000,28.3,4,28.2,35,28.35,10,1,2022-04-11 09:14:59
1649668499455929000,28.35,1,28.2,35,28.35,10,1,2022-04-11 09:14:59
1649668506028159000,28.25,1,28.2,35,28.35,13,2,2022-04-11 09:15:06
1649668509437189000,28.35,1,28.25,15,28.35,10,1,2022-04-11 09:15:09
1649668510010593000,28.35,1,28.25,16,28.35,9,1,2022-04-11 09:15:10
1649668514224586000,28.25,1,28.25,15,28.35,9,2,2022-04-11 09:15:14
1649668515474364000,28.3,2,28.3,1,28.35,10,2,2022-04-11 09:15:15
1649668516633304000,28.35,10,28.3,1,28.4,1,1,2022-04-11 09:15:16
1649668523832210000,28.35,2,28.3,5,28.4,1,1,2022-04-11 09:15:23
1649668527954837000,28.35,1,28.3,6,28.4,2,1,2022-04-11 09:15:27
1649668537483080000,28.4,2,28.35,3,28.45,1,1,2022-04-11 09:15:37
1649668539805710000,28.35,2,28.35,1,28.4,3,2,2022-04-11 09:15:39
1649668540275797000,28.4,2,28.35,1,28.4,1,1,2022-04-11 09:15:40
1649668544380481000,28.35,1,28.35,1,28.4,3,2,2022-04-11 09:15:44
1649668547335252000,28.35,1,28.3,9,28.35,1,2,2022-04-11 09:15:47
1649668553042598000,28.35,4,28.35,1,28.45,1,1,2022-04-11 09:15:53
1649668565311950000,28.4,3,28.35,2,28.45,9,1,2022-04-11 09:16:05
1649668567379734000,28.35,2,28.3,11,28.35,6,2,2022-04-11 09:16:07
1649668567735632000,28.35,1,28.3,10,28.35,5,1,2022-04-11 09:16:07
1649668571117994000,28.35,5,28.3,9,28.35,3,1,2022-04-11 09:16:11
1649668572683958000,28.35,1,28.3,9,28.35,2,1,2022-04-11 09:16:12
1649668586004419000,28.3,2,28.3,7,28.35,5,2,2022-04-11 09:16:26
1649668586257004000,28.3,7,28.25,28,28.35,5,2,2022-04-11 09:16:26
1649668588052448000,28.35,3,28.3,2,28.4,1,1,2022-04-11 09:16:28
1649668589549155000,28.4,1,28.3,2,28.45,11,1,2022-04-11 09:16:29
1649668589549155000,28.45,2,28.3,2,28.45,11,1,2022-04-11 09:16:29
1649668594332204000,28.35,1,28.25,28,28.3,6,2,2022-04-11 09:16:34
1649668594332204000,28.3,3,28.25,28,28.3,6,2,2022-04-11 09:16:34
1649668595755902000,28.3,1,28.25,28,28.3,5,1,2022-04-11 09:16:35
1649668599261770000,28.3,6,28.3,4,28.4,1,1,2022-04-11 09:16:39
1649668602048541000,28.4,1,28.3,4,28.45,2,1,2022-04-11 09:16:42
1649668602048541000,28.45,9,28.3,4,28.45,2,1,2022-04-11 09:16:42
1649668617278727000,28.4,2,28.35,3,28.4,2,1,2022-04-11 09:16:57
1649668622876051000,28.35,3,28.3,10,28.4,8,2,2022-04-11 09:17:02
1649668622896567000,28.4,2,28.3,10,28.4,6,1,2022-04-11 09:17:02
1649668625275659000,28.4,1,28.3,10,28.4,5,1,2022-04-11 09:17:05
1649668630410052000,28.4,4,28.3,10,28.4,1,1,2022-04-11 09:17:10
1649668637268990000,28.4,1,28.3,10,28.45,12,1,2022-04-11 09:17:17
1649668637781355000,28.3,4,28.3,6,28.45,12,2,2022-04-11 09:17:17
1649668640874584000,28.3,1,28.3,5,28.4,3,2,2022-04-11 09:17:20
1649668674140909000,28.35,1,28.35,4,28.4,8,1,2022-04-11 09:17:54
1649668680624746000,28.35,4,28.3,14,28.4,8,2,2022-04-11 09:18:00
1649668682579246000,28.35,2,28.3,14,28.4,8,2,2022-04-11 09:18:02
1649668691206044000,28.35,3,28.35,2,28.4,7,2,2022-04-11 09:18:11
1649668691455132000,28.35,2,28.3,14,28.4,7,2,2022-04-11 09:18:11
1649668702493405000,28.35,1,28.3,17,28.4,7,2,2022-04-11 09:18:22
1649668714116568000,28.35,2,28.3,24,28.4,7,1,2022-04-11 09:18:34
1649668720072624000,28.35,2,28.3,24,28.35,2,1,2022-04-11 09:18:40
1649668739348931000,28.35,1,28.3,24,28.35,1,1,2022-04-11 09:18:59
1649668741020499000,28.35,1,28.3,24,28.4,4,1,2022-04-11 09:19:01
1649668761295577000,28.35,2,28.3,24,28.4,7,2,2022-04-11 09:19:21
1649668767069172000,28.35,1,28.3,24,28.4,7,2,2022-04-11 09:19:27
1649668771093613000,28.3,5,28.3,19,28.4,7,2,2022-04-11 09:19:31
1649668775554884000,28.3,19,28.3,1,28.35,4,2,2022-04-11 09:19:35
1649668775585223000,28.3,1,28.25,37,28.35,4,2,2022-04-11 09:19:35
1649668777220430000,28.25,13,28.25,24,28.3,1,2,2022-04-11 09:19:37
1649668777253050000,28.25,24,28.2,35,28.3,1,2,2022-04-11 09:19:37
1649668777765500000,28.3,1,28.2,35,28.3,2,1,2022-04-11 09:19:37
1649668782092267000,28.3,4,28.3,6,28.4,5,1,2022-04-11 09:19:42
1649668783948265000,28.3,3,28.3,3,28.4,5,2,2022-04-11 09:19:43
1649668783968171000,28.3,3,28.2,35,28.4,5,2,2022-04-11 09:19:43
1649668787990758000,28.3,1,28.3,1,28.4,5,1,2022-04-11 09:19:47
1649668788235227000,28.3,1,28.2,35,28.4,5,2,2022-04-11 09:19:48
1649668791362751000,28.3,1,28.3,4,28.4,5,2,2022-04-11 09:19:51
1649668792483574000,28.3,1,28.3,3,28.4,5,2,2022-04-11 09:19:52
1649668793243707000,28.3,2,28.3,1,28.4,5,2,2022-04-11 09:19:53
1649668793275837000,28.3,1,28.25,10,28.4,5,2,2022-04-11 09:19:53
1649668794566367000,28.4,5,28.25,10,28.45,10,1,2022-04-11 09:19:54
1649668799675299000,28.25,2,28.25,8,28.45,10,2,2022-04-11 09:19:59
1649668802280568000,28.25,1,28.25,7,28.4,2,2,2022-04-11 09:20:02
1649668814692208000,28.25,1,28.25,6,28.4,17,2,2022-04-11 09:20:14
1649668822462430000,28.25,2,28.25,4,28.4,17,2,2022-04-11 09:20:22
1649668824284109000,28.3,5,28.2,28,28.4,15,2,2022-04-11 09:20:24
1649668824284109000,28.25,4,28.2,28,28.4,15,2,2022-04-11 09:20:24
1649668824284109000,28.2,1,28.2,28,28.4,15,2,2022-04-11 09:20:24
1649668831251049000,28.3,10,28.2,28,28.35,5,2,2022-04-11 09:20:31
1649668845485584000,28.3,1,28.25,1,28.35,5,2,2022-04-11 09:20:45
1649668854693671000,28.35,5,28.25,7,28.35,1,1,2022-04-11 09:20:54
1649668854715467000,28.35,1,28.25,7,28.4,5,1,2022-04-11 09:20:54
1649668869075912000,28.3,6,28.3,4,28.4,6,2,2022-04-11 09:21:09
1649668894514000000,28.35,1,28.3,9,28.4,8,1,2022-04-11 09:21:34
1649668912539389000,28.4,5,28.3,7,28.4,2,1,2022-04-11 09:21:52
1649668924620679000,28.4,1,28.35,1,28.4,1,1,2022-04-11 09:22:04
1649668929518637000,28.4,1,28.35,1,28.4,1,1,2022-04-11 09:22:09
1649668940858898000,28.35,1,28.3,7,28.4,1,2,2022-04-11 09:22:20
1649668958935378000,28.35,2,28.3,9,28.35,3,2,2022-04-11 09:22:38
1649668959985947000,28.35,3,28.35,16,28.4,1,1,2022-04-11 09:22:39
1649669007313642000,28.4,3,28.35,18,28.45,19,1,2022-04-11 09:23:27
1649669021045739000,28.4,1,28.4,14,28.45,19,2,2022-04-11 09:23:41
1649669025480082000,28.45,10,28.4,15,28.45,9,1,2022-04-11 09:23:45
1649669025507396000,28.45,9,28.4,15,28.5,29,1,2022-04-11 09:23:45
1649669027693104000,28.5,1,28.45,2,28.5,28,1,2022-04-11 09:23:47
1649669029800453000,28.5,1,28.45,2,28.5,27,1,2022-04-11 09:23:49
1649669030624848000,28.4,1,28.4,14,28.5,27,2,2022-04-11 09:23:50
1649669052121813000,28.5,22,28.45,4,28.6,4,1,2022-04-11 09:24:12
1649669052121813000,28.55,2,28.45,4,28.6,4,1,2022-04-11 09:24:12
1649669052121813000,28.6,3,28.45,4,28.6,4,1,2022-04-11 09:24:12
1649669058606580000,28.55,1,28.45,5,28.6,2,1,2022-04-11 09:24:18
1649669058606580000,28.6,2,28.45,5,28.6,2,1,2022-04-11 09:24:18
1649669065685072000,28.6,2,28.5,2,28.65,12,1,2022-04-11 09:24:25
1649669067988827000,28.65,1,28.5,2,28.65,11,1,2022-04-11 09:24:27
1649669069731216000,28.5,2,28.45,8,28.65,11,2,2022-04-11 09:24:29
1649669070313353000,28.65,1,28.45,8,28.65,10,1,2022-04-11 09:24:30
1649669073222570000,28.65,8,28.45,8,28.65,2,1,2022-04-11 09:24:33
1649669073245613000,28.65,1,28.45,8,28.65,1,1,2022-04-11 09:24:33
1649669073294557000,28.65,1,28.5,1,28.7,7,1,2022-04-11 09:24:33
1649669077611831000,28.65,3,28.65,7,28.7,7,2,2022-04-11 09:24:37
1649669077642783000,28.65,7,28.5,1,28.7,7,2,2022-04-11 09:24:37
1649669077970092000,28.7,7,28.7,3,28.75,6,1,2022-04-11 09:24:37
1649669077993283000,28.7,3,28.5,1,28.75,6,2,2022-04-11 09:24:37
1649669080065480000,28.65,1,28.5,1,28.7,5,2,2022-04-11 09:24:40
1649669081432258000,28.65,1,28.5,7,28.7,5,1,2022-04-11 09:24:41
1649669083034538000,28.7,1,28.55,1,28.7,4,1,2022-04-11 09:24:43
1649669090427453000,28.7,1,28.6,2,28.7,4,1,2022-04-11 09:24:50
1649669090797420000,28.7,4,28.7,1,28.75,6,1,2022-04-11 09:24:50
1649669092937763000,28.7,1,28.7,4,28.75,6,2,2022-04-11 09:24:52
1649669095187505000,28.75,1,28.7,4,28.75,5,1,2022-04-11 09:24:55
1649669095732429000,28.7,2,28.7,2,28.75,5,2,2022-04-11 09:24:55
1649669097909706000,28.75,5,28.7,2,28.8,4,1,2022-04-11 09:24:57
1649669102497787000,28.75,1,28.75,1,28.8,4,1,2022-04-11 09:25:02
1649669102538783000,28.75,1,28.7,5,28.8,4,2,2022-04-11 09:25:02
1649669104657890000,28.8,1,28.75,1,28.8,3,1,2022-04-11 09:25:04
1649669109095601000,28.75,5,28.7,5,28.8,3,2,2022-04-11 09:25:09
1649669109317221000,28.8,1,28.7,5,28.8,2,1,2022-04-11 09:25:09
1649669109597345000,28.8,2,28.7,5,28.85,15,1,2022-04-11 09:25:09
1649669110833465000,28.8,1,28.7,5,28.85,9,1,2022-04-11 09:25:10
1649669110833465000,28.85,6,28.7,5,28.85,9,1,2022-04-11 09:25:10
1649669113120579000,28.75,1,28.7,5,28.75,4,1,2022-04-11 09:25:13
1649669113618946000,28.75,2,28.7,5,28.75,2,1,2022-04-11 09:25:13
1649669113906276000,28.75,1,28.7,5,28.75,1,1,2022-04-11 09:25:13
1649669113991951000,28.75,1,28.7,5,28.8,2,1,2022-04-11 09:25:13
1649669117057741000,28.8,1,28.75,2,28.8,1,1,2022-04-11 09:25:17
1649669119268186000,28.8,1,28.75,2,28.85,19,1,2022-04-11 09:25:19
1649669123444134000,28.85,2,28.75,3,28.85,18,1,2022-04-11 09:25:23
1649669124367127000,28.85,11,28.75,3,28.85,7,1,2022-04-11 09:25:24
1649669125276120000,28.85,1,28.75,3,28.85,6,1,2022-04-11 09:25:25
1649669125737199000,28.85,2,28.75,3,28.85,4,1,2022-04-11 09:25:25
1649669130053313000,28.8,2,28.75,3,28.85,3,1,2022-04-11 09:25:30
1649669130053313000,28.85,1,28.75,3,28.85,3,1,2022-04-11 09:25:30
1649669130600620000,28.75,3,28.7,4,28.85,3,2,2022-04-11 09:25:30
1649669131232258000,28.85,1,28.7,4,28.85,2,1,2022-04-11 09:25:31
1649669131898365000,28.85,1,28.7,4,28.85,1,1,2022-04-11 09:25:31
1649669133154326000,28.8,1,28.7,4,28.9,6,1,2022-04-11 09:25:33
1649669133154326000,28.85,1,28.7,4,28.9,6,1,2022-04-11 09:25:33
1649669133154326000,28.9,48,28.7,4,28.9,6,1,2022-04-11 09:25:33
1649669134182428000,28.75,1,28.7,4,28.8,10,1,2022-04-11 09:25:34
1649669137781591000,28.8,2,28.7,4,28.8,10,1,2022-04-11 09:25:37
1649669141835120000,28.75,6,28.75,4,28.8,10,1,2022-04-11 09:25:41
1649669143611878000,28.8,3,28.75,13,28.8,9,1,2022-04-11 09:25:43
1649669144450273000,28.8,1,28.75,13,28.8,8,1,2022-04-11 09:25:44
1649669145654090000,28.8,5,28.75,13,28.8,3,1,2022-04-11 09:25:45
1649669146316943000,28.8,1,28.75,13,28.8,2,1,2022-04-11 09:25:46
1649669146775763000,28.8,2,28.75,13,28.85,9,1,2022-04-11 09:25:46
1649669146775763000,28.85,3,28.75,13,28.85,9,1,2022-04-11 09:25:46
1649669152329080000,28.85,3,28.8,25,28.85,6,1,2022-04-11 09:25:52
1649669153442696000,28.85,5,28.8,25,28.85,1,1,2022-04-11 09:25:53
1649669153472634000,28.85,1,28.8,25,28.9,6,1,2022-04-11 09:25:53
1649669153806433000,28.8,2,28.8,23,28.9,6,2,2022-04-11 09:25:53
1649669156934919000,28.9,1,28.8,28,28.9,5,1,2022-04-11 09:25:56
1649669159372838000,28.9,1,28.8,28,28.9,5,1,2022-04-11 09:25:59
1649669163759830000,28.9,1,28.8,28,28.9,5,1,2022-04-11 09:26:03
1649669166313725000,28.9,3,28.8,27,28.9,3,1,2022-04-11 09:26:06
1649669169514831000,28.9,3,28.9,17,28.95,9,1,2022-04-11 09:26:09
1649669176179575000,28.95,2,28.9,19,28.95,7,1,2022-04-11 09:26:16
1649669178351502000,28.95,2,28.9,19,28.95,6,1,2022-04-11 09:26:18
1649669179818074000,28.9,4,28.9,16,28.95,8,2,2022-04-11 09:26:19
1649669182153191000,28.9,1,28.9,15,28.95,9,2,2022-04-11 09:26:22
1649669185631187000,28.95,1,28.9,14,28.95,8,1,2022-04-11 09:26:25
1649669187522524000,28.9,5,28.9,9,28.95,15,2,2022-04-11 09:26:27
1649669187558069000,28.9,9,28.85,4,28.95,15,2,2022-04-11 09:26:27
1649669188710170000,28.9,1,28.85,4,28.95,15,1,2022-04-11 09:26:28
1649669190515430000,28.85,1,28.85,3,28.9,2,2,2022-04-11 09:26:30
1649669190535912000,28.9,1,28.85,3,28.9,1,1,2022-04-11 09:26:30
1649669190751499000,28.85,1,28.85,2,28.9,2,2,2022-04-11 09:26:30
1649669193367477000,28.85,1,28.85,2,28.9,7,2,2022-04-11 09:26:33
1649669193390713000,28.85,2,28.8,20,28.9,7,2,2022-04-11 09:26:33
1649669195127288000,28.85,1,28.8,20,28.85,2,1,2022-04-11 09:26:35
1649669197481642000,28.8,1,28.8,19,28.85,3,2,2022-04-11 09:26:37
1649669199031472000,28.85,1,28.8,20,28.85,2,1,2022-04-11 09:26:39
1649669199505740000,28.85,2,28.85,1,28.9,10,1,2022-04-11 09:26:39
1649669199546301000,28.85,1,28.8,20,28.9,11,2,2022-04-11 09:26:39
1649669200484555000,28.8,20,28.75,6,28.9,11,2,2022-04-11 09:26:40
1649669200484555000,28.75,8,28.75,6,28.9,11,2,2022-04-11 09:26:40
1649669211466524000,28.75,2,28.75,1,28.8,2,2,2022-04-11 09:26:51
1649669211496775000,28.75,1,28.7,2,28.8,2,2,2022-04-11 09:26:51
1649669217837091000,28.8,2,28.8,1,28.85,3,1,2022-04-11 09:26:57
1649669221602426000,28.8,1,28.7,1,28.85,3,2,2022-04-11 09:27:01
1649669233839678000,28.8,1,28.7,11,28.8,6,1,2022-04-11 09:27:13
1649669241475678000,28.75,1,28.75,9,28.8,8,2,2022-04-11 09:27:21
1649669243298626000,28.75,9,28.7,11,28.75,1,2,2022-04-11 09:27:23
1649669246929335000,28.7,1,28.7,10,28.75,9,2,2022-04-11 09:27:26
1649669248761382000,28.7,1,28.7,9,28.75,9,2,2022-04-11 09:27:28
1649669249948730000,28.7,1,28.7,8,28.75,9,2,2022-04-11 09:27:29
1649669251839834000,28.7,1,28.7,7,28.75,18,2,2022-04-11 09:27:31
1649669256796906000,28.7,6,28.7,2,28.75,18,2,2022-04-11 09:27:36
1649669256834019000,28.7,2,28.65,6,28.75,18,2,2022-04-11 09:27:36
1649669260811399000,28.65,2,28.65,4,28.7,1,2,2022-04-11 09:27:40
1649669262938511000,28.7,1,28.65,4,28.7,1,1,2022-04-11 09:27:42
1649669264757155000,28.65,2,28.65,2,28.7,3,2,2022-04-11 09:27:44
1649669268051649000,28.65,1,28.65,1,28.7,3,2,2022-04-11 09:27:48
1649669277488644000,28.65,1,28.65,1,28.7,2,2,2022-04-11 09:27:57
1649669281774439000,28.65,1,28.65,2,28.7,3,2,2022-04-11 09:28:01
1649669282489110000,28.65,1,28.65,1,28.7,3,2,2022-04-11 09:28:02
1649669282990001000,28.65,1,28.65,1,28.7,3,2,2022-04-11 09:28:02
1649669283814736000,28.65,1,28.6,12,28.7,3,2,2022-04-11 09:28:03
1649669291787532000,28.6,1,28.6,11,28.65,1,2,2022-04-11 09:28:11
1649669296469000000,28.65,1,28.6,11,28.7,3,1,2022-04-11 09:28:16
1649669298021714000,28.6,6,28.6,5,28.65,1,2,2022-04-11 09:28:18
1649669307689391000,28.65,1,28.6,5,28.65,1,1,2022-04-11 09:28:27
1649669309004329000,28.6,1,28.6,4,28.65,1,2,2022-04-11 09:28:29
1649669309954387000,28.65,1,28.6,4,28.7,3,1,2022-04-11 09:28:29
1649669311240324000,28.6,4,28.55,6,28.7,3,2,2022-04-11 09:28:31
1649669311240324000,28.55,6,28.55,6,28.7,3,2,2022-04-11 09:28:31
1649669311958032000,28.55,1,28.55,5,28.7,3,2,2022-04-11 09:28:31
1649669313471981000,28.6,1,28.55,5,28.6,7,1,2022-04-11 09:28:33
1649669317516982000,28.6,1,28.55,5,28.6,6,1,2022-04-11 09:28:37
1649669317887913000,28.55,1,28.55,4,28.6,7,2,2022-04-11 09:28:37
1649669345787350000,28.55,3,28.55,3,28.6,7,2,2022-04-11 09:29:05
1649669350745711000,28.55,1,28.55,2,28.6,7,2,2022-04-11 09:29:10
1649669350848595000,28.55,2,28.5,10,28.55,2,2,2022-04-11 09:29:10
1649669352156002000,28.5,1,28.5,10,28.55,2,2,2022-04-11 09:29:12
1649669359660344000,28.5,1,28.5,9,28.55,6,2,2022-04-11 09:29:19
1649669360004061000,28.55,4,28.5,9,28.55,2,1,2022-04-11 09:29:20
1649669361805541000,28.55,2,28.5,7,28.6,7,1,2022-04-11 09:29:21
1649669363324823000,28.55,1,28.5,6,28.6,7,2,2022-04-11 09:29:23
1649669363324823000,28.5,1,28.5,6,28.6,7,2,2022-04-11 09:29:23
1649669380394775000,28.6,8,28.6,2,28.65,5,1,2022-04-11 09:29:40
1649669381221755000,28.65,5,28.6,2,28.75,12,1,2022-04-11 09:29:41
1649669381221755000,28.7,4,28.6,2,28.75,12,1,2022-04-11 09:29:41
1649669381221755000,28.75,1,28.6,2,28.75,12,1,2022-04-11 09:29:41
1649669385021181000,28.75,1,28.6,2,28.75,11,1,2022-04-11 09:29:45
1649669387006338000,28.6,1,28.6,1,28.75,11,2,2022-04-11 09:29:47
1649669388588768000,28.75,1,28.65,2,28.75,10,1,2022-04-11 09:29:48
1649669392671782000,28.65,2,28.6,1,28.75,10,2,2022-04-11 09:29:52
1649669405366437000,28.75,10,28.7,1,28.8,3,1,2022-04-11 09:30:05
1649669405399462000,28.7,1,28.6,3,28.8,3,2,2022-04-11 09:30:05
1649669409001920000,28.8,1,28.6,3,28.8,4,1,2022-04-11 09:30:09
1649669415912431000,28.75,2,28.7,1,28.8,3,1,2022-04-11 09:30:15
1649669415912431000,28.8,1,28.7,1,28.8,3,1,2022-04-11 09:30:15
1649669419292540000,28.8,1,28.7,1,28.8,2,1,2022-04-11 09:30:19
1649669420035588000,28.8,1,28.7,1,28.8,1,1,2022-04-11 09:30:20
1649669426908161000,28.75,1,28.7,1,28.75,2,1,2022-04-11 09:30:26
1649669431741059000,28.75,2,28.75,1,28.8,2,1,2022-04-11 09:30:31
1649669433178342000,28.75,2,28.7,2,28.8,11,2,2022-04-11 09:30:33
1649669435888921000,28.8,1,28.7,2,28.8,10,1,2022-04-11 09:30:35
1649669446055155000,28.75,1,28.7,3,28.8,10,1,2022-04-11 09:30:46
1649669453421447000,28.75,1,28.75,2,28.8,13,2,2022-04-11 09:30:53
1649669453706918000,28.75,1,28.75,2,28.8,13,2,2022-04-11 09:30:53
1649669455879330000,28.75,2,28.7,2,28.8,13,2,2022-04-11 09:30:55
1649669457622362000,28.75,1,28.75,1,28.8,13,1,2022-04-11 09:30:57
1649669464584324000,28.75,1,28.7,3,28.75,1,2,2022-04-11 09:31:04
1649669476180491000,28.75,1,28.7,8,28.75,5,1,2022-04-11 09:31:16
1649669490492782000,28.7,2,28.7,6,28.75,6,2,2022-04-11 09:31:30
1649669492862366000,28.7,1,28.7,5,28.75,6,2,2022-04-11 09:31:32
1649669499820654000,28.7,1,28.7,4,28.75,6,2,2022-04-11 09:31:39
1649669502434451000,28.7,1,28.7,3,28.75,6,2,2022-04-11 09:31:42
1649669505353694000,28.75,1,28.7,3,28.75,5,1,2022-04-11 09:31:45
1649669514589060000,28.7,3,28.65,3,28.75,5,2,2022-04-11 09:31:54
1649669514636085000,28.75,1,28.65,3,28.75,4,1,2022-04-11 09:31:54
1649669518406520000,28.75,3,28.65,3,28.75,2,1,2022-04-11 09:31:58
1649669528926975000,28.7,5,28.65,3,28.75,8,1,2022-04-11 09:32:08
1649669528926975000,28.75,5,28.65,3,28.75,8,1,2022-04-11 09:32:08
1649669538013558000,28.7,1,28.65,3,28.7,1,1,2022-04-11 09:32:18
1649669538520659000,28.65,2,28.65,1,28.7,1,2,2022-04-11 09:32:18
1649669550870686000,28.65,1,28.65,10,28.7,6,2,2022-04-11 09:32:30
1649669561017863000,28.65,5,28.65,5,28.7,8,2,2022-04-11 09:32:41
1649669561041171000,28.65,1,28.65,4,28.7,8,2,2022-04-11 09:32:41
1649669568497776000,28.65,1,28.65,3,28.7,7,2,2022-04-11 09:32:48
1649669568532550000,28.65,3,28.6,4,28.7,7,2,2022-04-11 09:32:48
1649669578036656000,28.7,4,28.6,4,28.7,4,1,2022-04-11 09:32:58
1649669591159255000,28.65,1,28.6,6,28.7,10,2,2022-04-11 09:33:11
1649669599322645000,28.65,2,28.65,1,28.7,10,2,2022-04-11 09:33:19
1649669606197392000,28.65,1,28.65,1,28.7,10,2,2022-04-11 09:33:26
1649669609524763000,28.7,2,28.65,1,28.7,8,1,2022-04-11 09:33:29
1649669620738580000,28.7,9,28.7,1,28.75,13,1,2022-04-11 09:33:40
1649669625590059000,28.75,10,28.7,6,28.75,3,1,2022-04-11 09:33:45
1649669625659959000,28.75,3,28.7,6,28.8,40,1,2022-04-11 09:33:45
1649669627182466000,28.75,2,28.7,3,28.8,40,2,2022-04-11 09:33:47
1649669627182466000,28.7,3,28.7,3,28.8,40,2,2022-04-11 09:33:47
1649669637253227000,28.75,2,28.7,7,28.75,3,2,2022-04-11 09:33:57
1649669641039264000,28.75,3,28.7,5,28.75,2,1,2022-04-11 09:34:01
1649669648678036000,28.7,5,28.7,2,28.75,2,2,2022-04-11 09:34:08
1649669648859863000,28.75,2,28.7,2,28.8,40,1,2022-04-11 09:34:08
1649669657211185000,28.75,2,28.7,2,28.8,40,2,2022-04-11 09:34:17
1649669673837004000,28.8,4,28.7,7,28.8,36,1,2022-04-11 09:34:33
1649669679481028000,28.8,2,28.75,2,28.8,34,1,2022-04-11 09:34:39
1649669690173488000,28.8,1,28.75,3,28.8,35,1,2022-04-11 09:34:50
1649669690324426000,28.8,1,28.75,3,28.8,34,1,2022-04-11 09:34:50
1649669691901787000,28.8,1,28.75,3,28.8,33,1,2022-04-11 09:34:51
1649669692141563000,28.8,2,28.75,3,28.8,31,1,2022-04-11 09:34:52
1649669693020164000,28.8,1,28.75,3,28.8,30,1,2022-04-11 09:34:53
1649669698303588000,28.8,1,28.75,5,28.8,27,1,2022-04-11 09:34:58
1649669699296371000,28.8,1,28.75,5,28.8,26,1,2022-04-11 09:34:59
1649669707544726000,28.8,20,28.75,5,28.8,6,1,2022-04-11 09:35:07
1649669707571095000,28.8,6,28.75,5,28.85,29,1,2022-04-11 09:35:07
1649669708188429000,28.8,2,28.75,5,28.8,1,2,2022-04-11 09:35:08
1649669708789684000,28.8,1,28.8,2,28.85,29,1,2022-04-11 09:35:08
1649669710871886000,28.85,5,28.8,2,28.85,24,1,2022-04-11 09:35:10
1649669711112970000,28.85,2,28.8,4,28.85,22,1,2022-04-11 09:35:11
1649669713242213000,28.85,4,28.8,35,28.85,18,1,2022-04-11 09:35:13
1649669713271243000,28.85,18,28.8,35,28.9,35,1,2022-04-11 09:35:13
1649669714151427000,28.9,1,28.85,5,28.9,34,1,2022-04-11 09:35:14
1649669714176589000,28.9,2,28.85,3,28.9,32,1,2022-04-11 09:35:14
1649669716397060000,28.9,1,28.85,3,28.9,31,1,2022-04-11 09:35:16
1649669718455021000,28.9,3,28.85,6,28.9,28,1,2022-04-11 09:35:18
1649669719194470000,28.9,3,28.85,6,28.9,25,1,2022-04-11 09:35:19
1649669719217353000,28.9,23,28.85,6,28.9,2,1,2022-04-11 09:35:19
1649669719232516000,28.9,1,28.85,6,28.9,1,1,2022-04-11 09:35:19
1649669719247889000,28.9,1,28.85,6,28.95,16,1,2022-04-11 09:35:19
1649669720678428000,28.95,3,28.9,3,28.95,13,1,2022-04-11 09:35:20
1649669721712324000,28.95,2,28.9,7,28.95,11,1,2022-04-11 09:35:21
1649669721809609000,28.95,1,28.9,7,28.95,10,1,2022-04-11 09:35:21
1649669721830320000,28.95,6,28.9,7,28.95,4,1,2022-04-11 09:35:21
1649669722190610000,28.95,3,28.9,7,28.95,1,1,2022-04-11 09:35:22
1649669722222634000,28.95,1,28.9,7,29.0,42,1,2022-04-11 09:35:22
1649669723567787000,29.0,3,28.95,3,29.0,41,1,2022-04-11 09:35:23
1649669723735810000,29.0,1,28.95,3,29.0,40,1,2022-04-11 09:35:23
1649669725510839000,29.0,1,28.95,4,29.0,40,1,2022-04-11 09:35:25
1649669726780581000,29.0,10,28.95,4,29.0,30,1,2022-04-11 09:35:26
1649669727248410000,28.95,2,28.95,2,29.0,30,2,2022-04-11 09:35:27
1649669729908029000,29.0,1,28.95,4,29.0,29,1,2022-04-11 09:35:29
1649669730512205000,29.0,2,28.95,6,29.0,27,1,2022-04-11 09:35:30
1649669731450236000,29.0,1,28.95,6,29.0,24,1,2022-04-11 09:35:31
1649669732088695000,29.0,1,28.95,6,29.0,23,1,2022-04-11 09:35:32
1649669732122828000,29.0,1,28.95,6,29.0,22,1,2022-04-11 09:35:32
1649669732270601000,29.0,1,28.95,6,29.0,21,1,2022-04-11 09:35:32
1649669732503328000,29.0,1,28.95,6,29.0,20,1,2022-04-11 09:35:32
1649669732624843000,29.0,1,28.95,6,29.0,19,1,2022-04-11 09:35:32
1649669732780563000,29.0,1,28.95,11,29.0,18,1,2022-04-11 09:35:32
1649669732923939000,29.0,2,28.95,11,29.0,16,1,2022-04-11 09:35:32
1649669733530613000,29.0,10,28.95,11,29.0,6,1,2022-04-11 09:35:33
1649669733563274000,29.0,4,28.95,11,29.0,2,1,2022-04-11 09:35:33
1649669733713963000,29.0,1,28.95,11,29.0,1,1,2022-04-11 09:35:33
1649669733739109000,29.0,1,28.95,11,29.05,3,1,2022-04-11 09:35:33
1649669737935682000,29.05,3,29.0,16,29.05,5,1,2022-04-11 09:35:37
1649669738070131000,29.05,5,29.0,16,29.1,22,1,2022-04-11 09:35:38
1649669738070131000,29.1,1,29.0,16,29.1,22,1,2022-04-11 09:35:38
1649669738116652000,29.1,10,29.0,16,29.1,12,1,2022-04-11 09:35:38
1649669738117625000,29.1,1,29.0,16,29.1,11,1,2022-04-11 09:35:38
1649669740008341000,29.1,1,29.05,3,29.1,10,1,2022-04-11 09:35:40
1649669740758911000,29.1,1,29.05,3,29.1,9,1,2022-04-11 09:35:40
1649669741105589000,29.1,1,29.05,3,29.1,8,1,2022-04-11 09:35:41
1649669743771343000,29.1,2,29.05,3,29.1,6,1,2022-04-11 09:35:43
1649669744697399000,29.1,2,29.05,3,29.1,4,1,2022-04-11 09:35:44
1649669745747037000,29.1,3,29.05,3,29.1,3,1,2022-04-11 09:35:45
1649669746185181000,29.1,1,29.05,3,29.1,2,1,2022-04-11 09:35:46
1649669746282653000,29.1,2,29.1,3,29.15,8,1,2022-04-11 09:35:46
1649669747237623000,29.15,5,29.1,4,29.15,3,1,2022-04-11 09:35:47
1649669747582981000,29.15,1,29.1,4,29.15,2,1,2022-04-11 09:35:47
1649669749049609000,29.15,1,29.1,7,29.15,1,1,2022-04-11 09:35:49
1649669750754691000,29.15,1,29.1,6,29.15,1,1,2022-04-11 09:35:50
1649669751136951000,29.15,1,29.15,4,29.2,34,1,2022-04-11 09:35:51
1649669751773519000,29.15,4,29.1,6,29.15,1,2,2022-04-11 09:35:51
1649669752261994000,29.15,1,29.1,7,29.2,34,1,2022-04-11 09:35:52
1649669752602804000,29.15,1,29.1,7,29.2,34,2,2022-04-11 09:35:52
1649669753941597000,29.15,1,29.1,7,29.2,36,2,2022-04-11 09:35:53
1649669754608448000,29.2,5,29.15,2,29.2,16,1,2022-04-11 09:35:54
1649669755860759000,29.2,3,29.15,2,29.2,13,1,2022-04-11 09:35:55
1649669756163361000,29.15,2,29.1,7,29.15,2,2,2022-04-11 09:35:56
1649669756780671000,29.15,1,29.1,7,29.15,1,1,2022-04-11 09:35:56
1649669757868492000,29.15,1,29.1,7,29.2,13,1,2022-04-11 09:35:57
1649669758026013000,29.2,2,29.1,7,29.2,11,1,2022-04-11 09:35:58
1649669758792787000,29.15,3,29.15,7,29.2,13,2,2022-04-11 09:35:58
1649669760651251000,29.2,10,29.15,7,29.2,23,1,2022-04-11 09:36:00
1649669761701773000,29.2,1,29.15,7,29.2,22,1,2022-04-11 09:36:01
1649669761709217000,29.2,1,29.15,7,29.2,21,1,2022-04-11 09:36:01
1649669761731125000,29.15,1,29.15,6,29.2,21,2,2022-04-11 09:36:01
1649669761780803000,29.2,3,29.15,6,29.2,18,1,2022-04-11 09:36:01
1649669761798962000,29.15,1,29.15,5,29.2,18,2,2022-04-11 09:36:01
1649669762123097000,29.15,1,29.15,4,29.2,28,2,2022-04-11 09:36:02
1649669762273572000,29.2,1,29.15,4,29.2,27,1,2022-04-11 09:36:02
1649669762330937000,29.15,1,29.15,3,29.2,27,2,2022-04-11 09:36:02
1649669762522440000,29.2,1,29.15,3,29.2,26,1,2022-04-11 09:36:02
1649669764657586000,29.2,1,29.15,8,29.2,25,1,2022-04-11 09:36:04
1649669765391882000,29.15,10,29.1,7,29.2,25,2,2022-04-11 09:36:05
1649669767673441000,29.15,1,29.1,5,29.15,4,1,2022-04-11 09:36:07
1649669768609102000,29.1,1,29.1,4,29.15,4,2,2022-04-11 09:36:08
1649669770623591000,29.1,1,29.1,5,29.15,8,2,2022-04-11 09:36:10
1649669772080187000,29.1,3,29.1,2,29.15,8,2,2022-04-11 09:36:12
1649669772101058000,29.1,2,29.05,9,29.15,8,2,2022-04-11 09:36:12
1649669775065557000,29.1,2,29.05,9,29.15,7,2,2022-04-11 09:36:15
1649669777055702000,29.1,2,29.05,6,29.15,9,2,2022-04-11 09:36:17
1649669782590812000,29.05,3,29.05,3,29.1,13,2,2022-04-11 09:36:22
1649669782625499000,29.05,3,29.0,3,29.1,13,2,2022-04-11 09:36:22
1649669782820737000,29.0,3,28.95,8,29.0,2,2,2022-04-11 09:36:22
1649669784229950000,29.0,1,28.95,8,29.0,1,1,2022-04-11 09:36:24
1649669784560591000,29.0,1,28.95,8,29.1,13,1,2022-04-11 09:36:24
1649669784560591000,29.1,1,28.95,8,29.1,13,1,2022-04-11 09:36:24
1649669784732901000,29.1,1,28.95,8,29.1,12,1,2022-04-11 09:36:24
1649669790914500000,29.1,4,28.95,8,29.1,9,1,2022-04-11 09:36:30
1649669791721387000,29.1,1,29.0,1,29.1,9,1,2022-04-11 09:36:31
1649669793620138000,29.1,1,29.0,1,29.1,8,1,2022-04-11 09:36:33
1649669794755243000,29.1,9,29.0,1,29.15,12,1,2022-04-11 09:36:34
1649669794755243000,29.15,1,29.0,1,29.15,12,1,2022-04-11 09:36:34
1649669803641525000,29.1,1,29.0,2,29.1,1,1,2022-04-11 09:36:43
1649669804476568000,29.1,1,29.0,2,29.15,9,1,2022-04-11 09:36:44
1649669804476568000,29.15,1,29.0,2,29.15,9,1,2022-04-11 09:36:44
1649669810255266000,29.05,2,29.0,2,29.1,5,2,2022-04-11 09:36:50
1649669810255266000,29.0,4,29.0,2,29.1,5,2,2022-04-11 09:36:50
1649669811463708000,29.1,5,29.0,2,29.15,8,1,2022-04-11 09:36:51
1649669811463708000,29.15,5,29.0,2,29.15,8,1,2022-04-11 09:36:51
1649669811674651000,29.15,5,29.0,2,29.15,3,1,2022-04-11 09:36:51
1649669825225028000,29.1,1,29.05,5,29.1,2,1,2022-04-11 09:37:05
1649669833377287000,29.05,2,29.05,7,29.1,8,2,2022-04-11 09:37:13
1649669834733821000,29.05,1,29.05,6,29.1,7,2,2022-04-11 09:37:14
1649669841560315000,29.05,1,29.05,6,29.1,7,2,2022-04-11 09:37:21
1649669845712691000,29.05,2,29.05,4,29.1,7,2,2022-04-11 09:37:25
1649669845743701000,29.05,4,29.0,4,29.1,7,2,2022-04-11 09:37:25
1649669850446846000,29.05,1,29.05,49,29.1,7,1,2022-04-11 09:37:30
1649669851715001000,29.05,1,29.05,48,29.1,7,2,2022-04-11 09:37:31
1649669852583076000,29.05,3,29.05,45,29.1,4,2,2022-04-11 09:37:32
1649669857741407000,29.1,4,29.1,1,29.15,18,1,2022-04-11 09:37:37
1649669858607548000,29.1,1,29.05,55,29.15,18,2,2022-04-11 09:37:38
1649669860616107000,29.1,1,29.1,31,29.15,18,2,2022-04-11 09:37:40
1649669861438819000,29.15,2,29.1,31,29.15,16,1,2022-04-11 09:37:41
1649669863603983000,29.1,1,29.1,30,29.15,16,2,2022-04-11 09:37:43
1649669864686075000,29.15,2,29.1,31,29.15,11,1,2022-04-11 09:37:44
1649669865252715000,29.15,1,29.1,31,29.15,10,1,2022-04-11 09:37:45
1649669865498284000,29.15,2,29.1,31,29.15,8,1,2022-04-11 09:37:45
1649669866664811000,29.1,3,29.1,28,29.15,11,2,2022-04-11 09:37:46
1649669866981673000,29.15,11,29.15,19,29.2,51,1,2022-04-11 09:37:46
1649669869752609000,29.2,1,29.15,25,29.2,50,1,2022-04-11 09:37:49
1649669869777170000,29.2,34,29.15,25,29.2,16,1,2022-04-11 09:37:49
1649669869808301000,29.2,2,29.15,25,29.2,14,1,2022-04-11 09:37:49
1649669870019554000,29.2,2,29.15,25,29.2,12,1,2022-04-11 09:37:50
1649669870056125000,29.2,2,29.15,25,29.2,10,1,2022-04-11 09:37:50
1649669870458907000,29.2,10,29.15,26,29.25,11,1,2022-04-11 09:37:50
1649669871635801000,29.25,1,29.2,7,29.25,10,1,2022-04-11 09:37:51
1649669871738876000,29.25,1,29.2,7,29.25,9,1,2022-04-11 09:37:51
1649669872677081000,29.25,1,29.2,7,29.25,8,1,2022-04-11 09:37:52
1649669875738362000,29.25,11,29.2,7,29.3,18,1,2022-04-11 09:37:55
1649669875738362000,29.3,5,29.2,7,29.3,18,1,2022-04-11 09:37:55
1649669877354604000,29.3,1,29.25,3,29.3,17,1,2022-04-11 09:37:57
1649669879078401000,29.25,1,29.25,8,29.3,25,2,2022-04-11 09:37:59
1649669879909196000,29.3,10,29.25,8,29.3,15,1,2022-04-11 09:37:59
1649669881631199000,29.3,2,29.25,9,29.3,13,1,2022-04-11 09:38:01
1649669881828323000,29.3,1,29.25,9,29.3,12,1,2022-04-11 09:38:01
1649669882018415000,29.3,2,29.25,11,29.3,11,1,2022-04-11 09:38:02
1649669885970871000,29.3,5,29.25,18,29.3,14,1,2022-04-11 09:38:05
1649669888528474000,29.3,5,29.25,19,29.3,9,1,2022-04-11 09:38:08
1649669888782755000,29.3,1,29.25,19,29.3,8,1,2022-04-11 09:38:08
1649669889603199000,29.3,1,29.25,19,29.3,7,1,2022-04-11 09:38:09
1649669889942510000,29.3,7,29.3,3,29.35,46,1,2022-04-11 09:38:09
1649669890562425000,29.3,1,29.3,2,29.35,46,2,2022-04-11 09:38:10
1649669891933201000,29.35,1,29.3,3,29.35,48,1,2022-04-11 09:38:11
1649669892000112000,29.35,1,29.3,5,29.35,47,1,2022-04-11 09:38:12
1649669893447766000,29.3,6,29.25,18,29.3,4,2,2022-04-11 09:38:13
1649669894144688000,29.3,1,29.25,18,29.3,3,1,2022-04-11 09:38:14
1649669894196804000,29.3,3,29.25,18,29.35,47,1,2022-04-11 09:38:14
1649669894445397000,29.3,1,29.3,9,29.35,47,1,2022-04-11 09:38:14
1649669897304058000,29.35,1,29.3,17,29.35,46,1,2022-04-11 09:38:17
1649669898660951000,29.35,2,29.3,17,29.35,44,1,2022-04-11 09:38:18
1649669900985600000,29.35,1,29.3,27,29.35,53,1,2022-04-11 09:38:20
1649669901944639000,29.35,2,29.3,27,29.35,51,1,2022-04-11 09:38:21
1649669902580808000,29.35,1,29.3,27,29.35,50,1,2022-04-11 09:38:22
1649669902615892000,29.35,2,29.3,27,29.35,48,1,2022-04-11 09:38:22
1649669905526926000,29.3,5,29.3,28,29.35,48,2,2022-04-11 09:38:25
1649669906752986000,29.35,10,29.3,18,29.35,38,1,2022-04-11 09:38:26
1649669908260817000,29.3,1,29.3,18,29.35,38,2,2022-04-11 09:38:28
1649669909913106000,29.3,1,29.3,17,29.35,38,2,2022-04-11 09:38:29
1649669910312278000,29.3,1,29.3,16,29.35,38,2,2022-04-11 09:38:30
1649669910825723000,29.3,1,29.3,15,29.35,38,2,2022-04-11 09:38:30
1649669911226052000,29.3,4,29.3,9,29.35,38,2,2022-04-11 09:38:31
1649669911235229000,29.3,1,29.3,8,29.35,38,2,2022-04-11 09:38:31
1649669912122559000,29.3,1,29.3,8,29.35,38,2,2022-04-11 09:38:32
1649669912403431000,29.3,1,29.3,7,29.35,38,2,2022-04-11 09:38:32
1649669913793438000,29.3,2,29.3,5,29.35,38,2,2022-04-11 09:38:33
1649669913815836000,29.3,5,29.25,8,29.35,38,2,2022-04-11 09:38:33
1649669914025916000,29.25,4,29.25,4,29.35,38,2,2022-04-11 09:38:34
1649669915081030000,29.3,2,29.3,28,29.35,40,1,2022-04-11 09:38:35
1649669915401723000,29.3,5,29.3,23,29.35,40,2,2022-04-11 09:38:35
1649669920090071000,29.3,1,29.3,28,29.35,51,2,2022-04-11 09:38:40
1649669921310595000,29.3,1,29.3,28,29.35,52,2,2022-04-11 09:38:41
1649669921993894000,29.35,10,29.3,28,29.35,45,1,2022-04-11 09:38:41
1649669922257889000,29.35,8,29.3,28,29.35,37,1,2022-04-11 09:38:42
1649669922712635000,29.35,3,29.3,28,29.35,34,1,2022-04-11 09:38:42
1649669922878891000,29.3,5,29.3,23,29.35,34,2,2022-04-11 09:38:42
1649669922980552000,29.35,2,29.3,23,29.35,32,1,2022-04-11 09:38:42
1649669923759983000,29.35,1,29.3,24,29.35,31,1,2022-04-11 09:38:43
1649669924522902000,29.35,1,29.3,24,29.35,30,1,2022-04-11 09:38:44
1649669930791403000,29.3,8,29.25,4,29.3,3,2,2022-04-11 09:38:50
1649669932630437000,29.25,1,29.25,3,29.3,6,2,2022-04-11 09:38:52
1649669932661803000,29.25,3,29.2,15,29.3,6,2,2022-04-11 09:38:52
1649669933555612000,29.25,1,29.2,15,29.25,1,1,2022-04-11 09:38:53
1649669935136488000,29.25,1,29.2,15,29.3,17,1,2022-04-11 09:38:55
1649669951875751000,29.2,10,29.2,9,29.25,5,2,2022-04-11 09:39:11
1649669951909836000,29.2,4,29.2,5,29.25,5,2,2022-04-11 09:39:11
1649669952377018000,29.2,2,29.2,4,29.25,6,2,2022-04-11 09:39:12
1649669952627117000,29.2,1,29.2,3,29.25,6,2,2022-04-11 09:39:12
1649669952654021000,29.2,3,29.15,2,29.25,6,2,2022-04-11 09:39:12
1649669958967899000,29.2,2,29.15,4,29.25,16,1,2022-04-11 09:39:18
1649669960366439000,29.15,1,29.15,8,29.25,16,2,2022-04-11 09:39:20
1649669966927419000,29.15,4,29.15,4,29.2,1,2,2022-04-11 09:39:26
1649669969616735000,29.15,2,29.15,2,29.2,12,2,2022-04-11 09:39:29
1649669971202078000,29.15,1,29.15,1,29.2,12,2,2022-04-11 09:39:31
1649669971231449000,29.15,1,29.1,6,29.2,12,2,2022-04-11 09:39:31
1649669980319842000,29.15,2,29.1,6,29.15,2,1,2022-04-11 09:39:40
1649669991953088000,29.1,1,29.1,5,29.15,8,2,2022-04-11 09:39:51
1649669991983648000,29.1,5,29.05,11,29.15,8,2,2022-04-11 09:39:51
1649669992791705000,29.1,1,29.05,11,29.1,2,1,2022-04-11 09:39:52
1649669997072389000,29.05,1,29.05,10,29.1,2,2,2022-04-11 09:39:57
1649670008181262000,29.05,10,29.0,10,29.1,4,2,2022-04-11 09:40:08
1649670018372006000,29.05,2,29.0,24,29.1,4,2,2022-04-11 09:40:18
1649670020086270000,29.05,2,29.0,25,29.05,8,2,2022-04-11 09:40:20
1649670028211720000,29.0,10,29.0,15,29.05,13,2,2022-04-11 09:40:28
1649670029846272000,29.0,2,29.0,13,29.05,13,2,2022-04-11 09:40:29
1649670030419690000,29.0,2,29.0,11,29.05,13,2,2022-04-11 09:40:30
1649670030455930000,29.0,11,28.95,5,29.05,13,2,2022-04-11 09:40:30
1649670032032089000,29.05,4,28.95,7,29.05,9,1,2022-04-11 09:40:32
1649670036901413000,29.0,1,29.0,1,29.05,9,2,2022-04-11 09:40:36
1649670038540967000,29.0,1,28.95,8,29.05,9,2,2022-04-11 09:40:38
1649670045310479000,29.0,2,28.95,6,29.0,13,1,2022-04-11 09:40:45
1649670047237804000,29.0,1,28.95,8,29.0,12,1,2022-04-11 09:40:47
1649670048469020000,29.0,1,28.95,8,29.0,11,1,2022-04-11 09:40:48
1649670060652539000,29.0,1,28.95,8,29.0,15,1,2022-04-11 09:41:00
1649670060917882000,28.95,4,28.95,4,29.0,15,2,2022-04-11 09:41:00
1649670060971493000,28.95,4,28.9,7,29.0,15,2,2022-04-11 09:41:00
1649670060971493000,28.9,6,28.9,7,29.0,15,2,2022-04-11 09:41:00
1649670070127833000,28.95,2,28.85,34,29.0,15,2,2022-04-11 09:41:10
1649670070127833000,28.9,7,28.85,34,29.0,15,2,2022-04-11 09:41:10
1649670070127833000,28.85,1,28.85,34,29.0,15,2,2022-04-11 09:41:10
1649670082139026000,28.95,5,28.9,3,28.95,9,1,2022-04-11 09:41:22
1649670089984038000,28.95,1,28.9,7,28.95,8,1,2022-04-11 09:41:29
1649670090240102000,28.95,2,28.9,7,28.95,6,1,2022-04-11 09:41:30
1649670095539879000,28.9,1,28.9,5,28.95,6,2,2022-04-11 09:41:35
1649670100916341000,28.95,3,28.9,6,28.95,3,1,2022-04-11 09:41:40
1649670100952370000,28.95,3,28.9,6,29.0,16,1,2022-04-11 09:41:40
1649670105887589000,28.95,1,28.9,16,28.95,9,2,2022-04-11 09:41:45
1649670114036663000,28.95,5,28.9,16,28.95,6,1,2022-04-11 09:41:54
1649670114429715000,28.95,6,28.9,16,29.0,23,1,2022-04-11 09:41:54
1649670114429715000,29.0,2,28.9,16,29.0,23,1,2022-04-11 09:41:54
1649670128116260000,29.0,5,28.95,1,29.0,26,1,2022-04-11 09:42:08
1649670131364007000,29.0,2,28.95,13,29.0,24,1,2022-04-11 09:42:11
1649670135148443000,29.0,1,28.95,13,29.0,26,1,2022-04-11 09:42:15
1649670140511748000,29.0,6,28.95,7,29.0,21,1,2022-04-11 09:42:20
1649670144077138000,29.0,1,28.95,7,29.0,20,1,2022-04-11 09:42:24
1649670146641815000,28.95,7,28.9,16,28.95,3,2,2022-04-11 09:42:26
1649670147695201000,28.95,1,28.9,16,28.95,2,1,2022-04-11 09:42:27
1649670161169121000,28.9,2,28.9,14,28.95,2,2,2022-04-11 09:42:41
1649670174892658000,28.9,3,28.9,13,28.95,6,2,2022-04-11 09:42:54
1649670185874405000,28.9,10,28.9,3,28.95,5,2,2022-04-11 09:43:05
1649670185906717000,28.9,1,28.9,2,28.95,5,2,2022-04-11 09:43:05
1649670185907431000,28.9,2,28.85,16,28.95,5,2,2022-04-11 09:43:05
1649670200292560000,28.9,3,28.9,7,28.95,6,1,2022-04-11 09:43:20
1649670206439124000,28.9,7,28.85,22,28.9,3,2,2022-04-11 09:43:26
1649670210490930000,28.9,2,28.85,22,28.9,4,1,2022-04-11 09:43:30
1649670212794848000,28.9,4,28.9,1,28.95,6,1,2022-04-11 09:43:32
1649670217773713000,28.9,2,28.85,22,28.95,6,2,2022-04-11 09:43:37
1649670218975930000,28.9,1,28.9,9,28.95,5,2,2022-04-11 09:43:38
1649670220041033000,28.9,1,28.9,8,28.95,5,2,2022-04-11 09:43:40
1649670222009894000,28.95,5,28.9,8,29.0,13,1,2022-04-11 09:43:42
1649670222009894000,29.0,5,28.9,8,29.0,13,1,2022-04-11 09:43:42
1649670235758308000,29.0,1,28.95,1,29.0,14,1,2022-04-11 09:43:55
1649670243737263000,28.95,2,28.95,1,29.0,14,2,2022-04-11 09:44:03
1649670247512806000,29.0,2,28.95,1,29.0,12,1,2022-04-11 09:44:07
1649670247682638000,28.95,1,28.9,10,29.0,12,2,2022-04-11 09:44:07
1649670261373553000,29.0,1,28.95,2,29.0,11,1,2022-04-11 09:44:21
1649670277847522000,28.95,2,28.9,11,29.0,11,2,2022-04-11 09:44:37
1649670283296376000,28.9,1,28.9,10,29.0,11,2,2022-04-11 09:44:43
1649670290696001000,28.95,1,28.9,10,29.0,12,1,2022-04-11 09:44:50
1649670294850149000,28.9,2,28.9,8,28.95,20,2,2022-04-11 09:44:54
1649670298076166000,28.9,1,28.9,7,28.95,20,2,2022-04-11 09:44:58
1649670308367206000,28.9,2,28.9,5,28.95,20,2,2022-04-11 09:45:08
1649670311111817000,28.9,5,28.8,53,28.85,3,2,2022-04-11 09:45:11
1649670311111817000,28.85,22,28.8,53,28.85,3,2,2022-04-11 09:45:11
1649670315017965000,28.85,1,28.8,53,28.85,2,1,2022-04-11 09:45:15
1649670326201530000,28.85,2,28.85,8,28.95,20,1,2022-04-11 09:45:26
1649670364250675000,28.85,1,28.85,15,28.9,16,2,2022-04-11 09:46:04
1649670375643736000,28.9,1,28.85,17,28.9,15,1,2022-04-11 09:46:15
1649670377916088000,28.9,1,28.85,17,28.9,16,1,2022-04-11 09:46:17
1649670386759177000,28.9,1,28.85,17,28.9,16,1,2022-04-11 09:46:26
1649670398406339000,28.9,1,28.85,23,28.9,15,1,2022-04-11 09:46:38
1649670449568882000,28.85,10,28.85,14,28.9,15,2,2022-04-11 09:47:29
1649670449598235000,28.85,1,28.85,13,28.9,15,2,2022-04-11 09:47:29
1649670451348182000,28.9,1,28.85,13,28.9,14,1,2022-04-11 09:47:31
1649670467469497000,28.85,13,28.8,55,28.9,21,2,2022-04-11 09:47:47
1649670483033024000,28.85,2,28.85,8,28.9,20,1,2022-04-11 09:48:03
1649670487645487000,28.85,1,28.85,7,28.9,20,2,2022-04-11 09:48:07
1649670497565775000,28.9,1,28.85,9,28.9,19,1,2022-04-11 09:48:17
1649670503887071000,28.85,9,28.8,53,28.85,6,2,2022-04-11 09:48:23
1649670524519523000,28.8,1,28.8,52,28.85,7,2,2022-04-11 09:48:44
1649670531526553000,28.8,5,28.8,47,28.85,7,2,2022-04-11 09:48:51
1649670533982503000,28.8,3,28.8,45,28.85,7,2,2022-04-11 09:48:53
1649670547205005000,28.8,46,28.75,9,28.8,4,2,2022-04-11 09:49:07
1649670565365250000,28.75,6,28.75,7,28.8,9,2,2022-04-11 09:49:25
1649670565412066000,28.75,2,28.75,5,28.8,9,2,2022-04-11 09:49:25
1649670565953534000,28.8,2,28.75,15,28.8,17,1,2022-04-11 09:49:25
1649670566506620000,28.75,1,28.75,14,28.8,15,2,2022-04-11 09:49:26
1649670577272438000,28.75,1,28.75,13,28.8,17,2,2022-04-11 09:49:37
1649670577770445000,28.8,1,28.75,13,28.8,16,1,2022-04-11 09:49:37
1649670591835043000,28.75,5,28.75,10,28.8,17,2,2022-04-11 09:49:51
1649670602612840000,28.75,1,28.75,9,28.8,17,2,2022-04-11 09:50:02
1649670602824852000,28.75,1,28.75,8,28.8,17,2,2022-04-11 09:50:02
1649670604098570000,28.75,1,28.75,7,28.8,17,2,2022-04-11 09:50:04
1649670608071431000,28.75,7,28.7,34,28.75,3,2,2022-04-11 09:50:08
1649670609378624000,28.75,1,28.7,34,28.75,2,1,2022-04-11 09:50:09
1649670610247997000,28.75,2,28.75,3,28.8,17,1,2022-04-11 09:50:10
1649670620825809000,28.75,1,28.75,3,28.8,17,2,2022-04-11 09:50:20
1649670626739762000,28.75,3,28.7,23,28.8,17,2,2022-04-11 09:50:26
1649670626739762000,28.7,16,28.7,23,28.8,17,2,2022-04-11 09:50:26
1649670639312268000,28.7,11,28.6,28,28.75,7,2,2022-04-11 09:50:39
1649670639312268000,28.65,8,28.6,28,28.75,7,2,2022-04-11 09:50:39
1649670639312268000,28.6,1,28.6,28,28.75,7,2,2022-04-11 09:50:39
1649670639451345000,28.6,3,28.6,25,28.75,7,2,2022-04-11 09:50:39
1649670639551331000,28.6,3,28.6,22,28.75,7,2,2022-04-11 09:50:39
1649670645396290000,28.6,1,28.6,21,28.7,10,2,2022-04-11 09:50:45
1649670665558834000,28.6,1,28.6,9,28.65,12,2,2022-04-11 09:51:05
1649670672723027000,28.65,2,28.6,9,28.65,10,1,2022-04-11 09:51:12
1649670673686735000,28.6,11,28.55,11,28.6,16,2,2022-04-11 09:51:13
1649670676720464000,28.55,5,28.55,8,28.6,16,2,2022-04-11 09:51:16
1649670683872542000,28.55,5,28.55,3,28.6,16,2,2022-04-11 09:51:23
1649670685322828000,28.55,3,28.5,35,28.55,7,2,2022-04-11 09:51:25
1649670685564018000,28.55,7,28.5,35,28.6,16,1,2022-04-11 09:51:25
1649670689265573000,28.55,1,28.55,6,28.6,16,2,2022-04-11 09:51:29
1649670689478658000,28.6,1,28.55,6,28.6,15,1,2022-04-11 09:51:29
1649670690356476000,28.6,1,28.55,6,28.6,14,1,2022-04-11 09:51:30
1649670690388997000,28.6,14,28.55,6,28.7,10,1,2022-04-11 09:51:30
1649670695221480000,28.6,3,28.55,5,28.7,10,2,2022-04-11 09:51:35
1649670695221480000,28.55,7,28.55,5,28.7,10,2,2022-04-11 09:51:35
1649670702912638000,28.55,1,28.55,6,28.7,10,2,2022-04-11 09:51:42
1649670711698024000,28.6,1,28.6,4,28.65,2,2,2022-04-11 09:51:51
1649670713484674000,28.6,1,28.6,3,28.65,2,2,2022-04-11 09:51:53
1649670721051106000,28.6,1,28.6,5,28.65,2,2,2022-04-11 09:52:01
1649670779472156000,28.65,5,28.6,11,28.65,1,1,2022-04-11 09:52:59
1649670779506446000,28.65,1,28.6,11,28.75,9,1,2022-04-11 09:52:59
1649670796760211000,28.65,1,28.65,11,28.7,6,2,2022-04-11 09:53:16
1649670805664790000,28.7,2,28.65,12,28.7,4,1,2022-04-11 09:53:25
1649670818664211000,28.7,4,28.7,1,28.75,9,1,2022-04-11 09:53:38
1649670820833485000,28.7,1,28.65,9,28.75,9,2,2022-04-11 09:53:40
1649670824303863000,28.75,1,28.7,7,28.75,8,1,2022-04-11 09:53:44
1649670824840546000,28.75,1,28.7,7,28.75,7,1,2022-04-11 09:53:44
1649670829352271000,28.75,3,28.7,7,28.75,4,1,2022-04-11 09:53:49
1649670830349020000,28.75,1,28.7,7,28.75,3,1,2022-04-11 09:53:50
1649670830450607000,28.75,3,28.75,5,28.8,11,1,2022-04-11 09:53:50
1649670839548206000,28.8,2,28.75,5,28.8,9,1,2022-04-11 09:53:59
1649670842279885000,28.8,5,28.75,5,28.8,4,1,2022-04-11 09:54:02
1649670845118896000,28.8,1,28.75,5,28.8,3,1,2022-04-11 09:54:05
1649670845800812000,28.8,1,28.75,5,28.8,2,1,2022-04-11 09:54:05
1649670862441985000,28.8,1,28.75,5,28.8,3,1,2022-04-11 09:54:22
1649670868309839000,28.8,1,28.75,5,28.8,2,1,2022-04-11 09:54:28
1649670875981854000,28.8,2,28.75,5,28.85,18,1,2022-04-11 09:54:35
1649670876415001000,28.75,5,28.7,8,28.8,5,2,2022-04-11 09:54:36
1649670885426811000,28.8,5,28.7,8,28.85,18,1,2022-04-11 09:54:45
1649670894602635000,28.85,10,28.7,8,28.85,8,1,2022-04-11 09:54:54
1649670921693920000,28.85,8,28.85,2,28.9,31,1,2022-04-11 09:55:21
1649670923423383000,28.85,2,28.8,4,28.9,31,2,2022-04-11 09:55:23
1649670927881234000,28.8,4,28.75,1,28.85,17,2,2022-04-11 09:55:27
1649670941217378000,28.75,1,28.7,8,28.8,6,2,2022-04-11 09:55:41
1649670943408452000,28.75,1,28.7,8,28.75,1,1,2022-04-11 09:55:43
1649670945911381000,28.8,5,28.7,8,28.8,1,1,2022-04-11 09:55:45
1649670951602857000,28.7,2,28.7,6,28.8,2,2,2022-04-11 09:55:51
1649670982273683000,28.7,1,28.7,5,28.8,14,2,2022-04-11 09:56:22
1649670985669990000,28.7,5,28.65,8,28.8,14,2,2022-04-11 09:56:25
1649671014481354000,28.7,3,28.7,2,28.75,5,2,2022-04-11 09:56:54
1649671014512128000,28.7,2,28.65,8,28.75,5,2,2022-04-11 09:56:54
1649671056410793000,28.75,1,28.65,11,28.75,4,1,2022-04-11 09:57:36
1649671069605068000,28.75,2,28.65,23,28.75,1,1,2022-04-11 09:57:49
1649671076480141000,28.75,1,28.65,23,28.8,12,1,2022-04-11 09:57:56
1649671081724998000,28.65,20,28.65,3,28.8,13,2,2022-04-11 09:58:01
1649671081753743000,28.65,3,28.6,9,28.8,13,2,2022-04-11 09:58:01
1649671093587625000,28.7,1,28.6,9,28.75,3,2,2022-04-11 09:58:13
1649671093613634000,28.6,1,28.6,8,28.75,3,2,2022-04-11 09:58:13
1649671108865586000,28.65,1,28.65,4,28.7,1,2,2022-04-11 09:58:28
1649671109420501000,28.65,2,28.65,2,28.7,1,2,2022-04-11 09:58:29
1649671111145732000,28.65,1,28.65,1,28.75,2,2,2022-04-11 09:58:31
1649671123200181000,28.75,2,28.75,2,28.8,13,1,2022-04-11 09:58:43
1649671123230827000,28.75,2,28.65,1,28.8,13,2,2022-04-11 09:58:43
1649671143051113000,28.7,2,28.75,1,28.8,12,1,2022-04-11 09:59:03
1649671143051113000,28.75,1,28.75,1,28.8,12,1,2022-04-11 09:59:03
1649671159041900000,28.8,1,28.75,1,28.8,11,1,2022-04-11 09:59:19
1649671171249321000,28.75,1,28.7,2,28.8,10,2,2022-04-11 09:59:31
1649671171906882000,28.8,3,28.7,3,28.8,7,1,2022-04-11 09:59:31
1649671174636946000,28.8,7,28.8,3,28.85,26,1,2022-04-11 09:59:34
1649671181161000000,28.8,1,28.8,2,28.85,26,2,2022-04-11 09:59:41
1649671181348671000,28.85,1,28.8,2,28.85,25,1,2022-04-11 09:59:41
1649671192231083000,28.85,10,28.8,7,28.85,15,1,2022-04-11 09:59:52
1649671198867910000,28.85,5,28.8,7,28.9,29,1,2022-04-11 09:59:58
1649671238701406000,28.9,1,28.85,10,28.9,28,1,2022-04-11 10:00:38
1649671243856488000,28.9,1,28.85,10,28.9,27,1,2022-04-11 10:00:43
1649671251811813000,28.9,5,28.85,10,28.9,22,1,2022-04-11 10:00:51
1649671251814728000,28.9,5,28.85,10,28.9,17,1,2022-04-11 10:00:51
1649671251842174000,28.9,15,28.85,10,28.9,2,1,2022-04-11 10:00:51
1649671251872228000,28.9,2,28.85,10,28.95,34,1,2022-04-11 10:00:51
1649671269526932000,28.9,1,28.85,6,28.9,29,1,2022-04-11 10:01:09
1649671272112751000,28.9,10,28.85,6,28.9,19,1,2022-04-11 10:01:12
1649671272951549000,28.9,19,28.9,1,28.95,44,1,2022-04-11 10:01:12
1649671283160620000,28.9,1,28.9,2,28.95,44,2,2022-04-11 10:01:23
1649671292072474000,28.9,5,28.9,2,28.95,24,2,2022-04-11 10:01:32
1649671296569703000,28.9,1,28.9,1,28.95,24,2,2022-04-11 10:01:36
1649671298180094000,28.9,1,28.85,6,28.95,24,2,2022-04-11 10:01:38
1649671301462938000,28.9,5,28.85,6,28.95,24,1,2022-04-11 10:01:41
1649671317677261000,28.95,4,28.85,6,28.95,20,1,2022-04-11 10:01:57
1649671326602053000,28.85,6,28.8,23,28.85,4,2,2022-04-11 10:02:06
1649671331625238000,28.85,1,28.8,23,28.85,3,1,2022-04-11 10:02:11
1649671332455252000,28.85,3,28.8,23,28.95,23,1,2022-04-11 10:02:12
1649671332455252000,28.95,2,28.8,23,28.95,23,1,2022-04-11 10:02:12
1649671341617950000,28.9,1,28.8,23,28.95,23,1,2022-04-11 10:02:21
1649671352351663000,28.9,1,28.8,23,28.95,24,2,2022-04-11 10:02:32
1649671354445932000,28.95,10,28.8,23,28.95,14,1,2022-04-11 10:02:34
1649671369917127000,28.95,5,28.9,7,28.95,10,1,2022-04-11 10:02:49
1649671371048134000,28.95,2,28.9,7,28.95,8,1,2022-04-11 10:02:51
1649671377479049000,28.95,3,28.9,7,28.95,7,1,2022-04-11 10:02:57
1649671384140690000,28.95,2,28.9,7,28.95,5,1,2022-04-11 10:03:04
1649671385164094000,28.95,6,28.95,4,29.0,73,1,2022-04-11 10:03:05
1649671385195912000,28.95,1,28.95,3,29.0,73,2,2022-04-11 10:03:05
1649671387304081000,29.0,2,28.95,3,29.0,71,1,2022-04-11 10:03:07
1649671389734347000,29.0,1,28.95,3,29.0,70,1,2022-04-11 10:03:09
1649671391996748000,29.0,2,28.95,3,29.0,68,1,2022-04-11 10:03:11
1649671397348905000,29.0,1,28.95,3,29.0,67,1,2022-04-11 10:03:17
1649671397732558000,29.0,6,28.95,3,29.0,61,1,2022-04-11 10:03:17
1649671399058331000,29.0,1,28.95,3,29.0,60,1,2022-04-11 10:03:19
1649671407782962000,29.0,2,28.95,3,29.0,58,1,2022-04-11 10:03:27
1649671411766090000,29.0,1,28.95,3,29.0,57,1,2022-04-11 10:03:31
1649671414178608000,28.95,4,28.8,23,28.95,6,2,2022-04-11 10:03:34
1649671420518009000,28.9,1,28.85,1,28.95,7,1,2022-04-11 10:03:40
1649671437721726000,28.9,1,28.9,1,28.95,7,2,2022-04-11 10:03:57
1649671440786923000,28.95,5,28.9,1,28.95,2,1,2022-04-11 10:04:00
1649671473357350000,28.95,3,28.9,1,28.95,9,1,2022-04-11 10:04:33
1649671484399834000,28.95,9,28.9,1,29.0,10,1,2022-04-11 10:04:44
1649671484399834000,29.0,51,28.9,1,29.0,10,1,2022-04-11 10:04:44
1649671487574124000,28.9,2,28.85,2,28.9,1,2,2022-04-11 10:04:47
1649671487884779000,28.9,1,28.85,2,29.0,11,1,2022-04-11 10:04:47
1649671488042049000,29.0,1,28.85,2,29.0,10,1,2022-04-11 10:04:48
1649671493682439000,28.95,1,28.85,4,28.95,5,1,2022-04-11 10:04:53
1649671498130874000,28.95,1,28.85,4,28.95,4,1,2022-04-11 10:04:58
1649671498191670000,28.95,4,28.85,4,29.0,11,1,2022-04-11 10:04:58
1649671502100113000,29.0,2,28.85,4,29.0,9,1,2022-04-11 10:05:02
1649671505493606000,29.0,2,28.85,4,29.0,8,1,2022-04-11 10:05:05
1649671506621934000,29.0,8,29.0,2,29.05,14,1,2022-04-11 10:05:06
1649671511780214000,29.0,2,28.85,4,29.0,3,2,2022-04-11 10:05:11
1649671516541479000,29.0,5,28.85,4,29.0,1,1,2022-04-11 10:05:16
1649671525731391000,29.0,1,28.85,4,29.05,15,1,2022-04-11 10:05:25
1649671528894484000,29.0,1,28.85,4,29.0,2,2,2022-04-11 10:05:28
1649671529650072000,29.0,1,28.85,4,29.0,1,1,2022-04-11 10:05:29
1649671531770173000,29.0,1,28.85,4,29.0,1,1,2022-04-11 10:05:31
1649671533683251000,29.0,2,28.85,4,29.0,1,2,2022-04-11 10:05:33
1649671549704818000,29.0,1,28.85,5,29.0,10,1,2022-04-11 10:05:49
1649671553759916000,29.0,1,28.85,5,29.0,10,1,2022-04-11 10:05:53
1649671554155841000,29.0,5,28.9,4,29.0,5,1,2022-04-11 10:05:54
1649671555692041000,29.0,1,28.9,4,29.0,4,1,2022-04-11 10:05:55
1649671566033838000,28.95,1,28.9,4,29.0,5,2,2022-04-11 10:06:06
1649671590288177000,28.9,4,28.85,8,29.0,17,2,2022-04-11 10:06:30
1649671612105212000,28.95,5,28.85,9,29.0,3,1,2022-04-11 10:06:52
1649671612105212000,29.0,15,28.85,9,29.0,3,1,2022-04-11 10:06:52
1649671633259578000,29.0,5,28.9,1,29.0,2,1,2022-04-11 10:07:13
1649671638593109000,29.0,2,28.9,1,29.05,24,1,2022-04-11 10:07:18
1649671639252741000,29.05,10,28.9,1,29.05,14,1,2022-04-11 10:07:19
1649671639367989000,29.05,3,28.9,1,29.05,11,1,2022-04-11 10:07:19
1649671639442060000,29.05,1,28.9,3,29.05,10,1,2022-04-11 10:07:19
1649671639448281000,29.05,2,28.9,3,29.05,8,1,2022-04-11 10:07:19
1649671639581464000,29.05,1,28.9,3,29.05,7,1,2022-04-11 10:07:19
1649671646343678000,29.0,1,28.9,1,29.05,7,1,2022-04-11 10:07:26
1649671647090836000,28.9,1,28.85,6,29.05,7,2,2022-04-11 10:07:27
1649671647090836000,28.85,3,28.85,6,29.05,7,2,2022-04-11 10:07:27
1649671661922501000,29.05,1,28.85,7,29.05,17,1,2022-04-11 10:07:41
1649671672384837000,29.05,1,28.85,7,29.05,16,1,2022-04-11 10:07:52
1649671696078524000,29.0,1,28.9,2,29.0,9,1,2022-04-11 10:08:16
1649671699746416000,29.0,9,29.0,11,29.05,19,1,2022-04-11 10:08:19
1649671709732096000,29.0,10,29.0,1,29.05,22,2,2022-04-11 10:08:29
1649671709763327000,29.0,1,28.9,2,29.05,22,2,2022-04-11 10:08:29
1649671716403693000,29.0,1,28.9,2,29.05,22,2,2022-04-11 10:08:36
1649671723686467000,29.0,1,28.9,2,29.0,9,1,2022-04-11 10:08:43
1649671731087858000,29.0,2,28.9,2,29.0,7,1,2022-04-11 10:08:51
1649671756554551000,29.0,7,28.9,2,29.1,20,1,2022-04-11 10:09:16
1649671756554551000,29.05,24,28.9,2,29.1,20,1,2022-04-11 10:09:16
1649671756554551000,29.1,9,28.9,2,29.1,20,1,2022-04-11 10:09:16
1649671763913267000,29.1,1,28.9,6,29.1,19,1,2022-04-11 10:09:23
1649671764196387000,29.1,2,28.95,2,29.1,17,1,2022-04-11 10:09:24
1649671783649488000,29.1,20,29.0,2,29.1,1,1,2022-04-11 10:09:43
1649671783679115000,29.1,1,29.0,2,29.15,50,1,2022-04-11 10:09:43
1649671784439646000,29.1,1,29.0,4,29.15,50,1,2022-04-11 10:09:44
1649671787275684000,29.15,5,29.1,6,29.15,45,1,2022-04-11 10:09:47
1649671787461698000,29.15,1,29.1,6,29.15,44,1,2022-04-11 10:09:47
1649671787734198000,29.15,1,29.1,6,29.15,43,1,2022-04-11 10:09:47
1649671787735064000,29.15,2,29.1,6,29.15,41,1,2022-04-11 10:09:47
1649671793492493000,29.15,3,29.1,6,29.15,38,1,2022-04-11 10:09:53
1649671793725288000,29.15,2,29.1,6,29.15,36,1,2022-04-11 10:09:53
1649671794609126000,29.15,1,29.1,6,29.15,35,1,2022-04-11 10:09:54
1649671795429507000,29.15,1,29.1,6,29.15,34,1,2022-04-11 10:09:55
1649671797096620000,29.15,4,29.1,6,29.15,30,1,2022-04-11 10:09:57
1649671799713194000,29.15,1,29.1,6,29.15,29,1,2022-04-11 10:09:59
1649671799771060000,29.15,2,29.1,6,29.15,27,1,2022-04-11 10:09:59
1649671799808552000,29.15,2,29.1,6,29.15,25,1,2022-04-11 10:09:59
1649671813005024000,29.15,1,29.1,6,29.15,26,1,2022-04-11 10:10:13
1649671821787273000,29.15,20,29.1,6,29.15,7,1,2022-04-11 10:10:21
1649671822723388000,29.15,4,29.1,6,29.15,3,1,2022-04-11 10:10:22
1649671823245939000,29.15,3,29.15,1,29.2,55,1,2022-04-11 10:10:23
1649671825021972000,29.15,2,29.1,3,29.2,55,2,2022-04-11 10:10:25
1649671825021972000,29.1,3,29.1,3,29.2,55,2,2022-04-11 10:10:25
1649671826854118000,29.2,4,29.1,3,29.2,51,1,2022-04-11 10:10:26
1649671829669284000,29.2,20,29.15,4,29.2,31,1,2022-04-11 10:10:29
1649671829678195000,29.15,4,29.1,3,29.2,31,2,2022-04-11 10:10:29
1649671832259477000,29.15,1,29.1,3,29.15,7,1,2022-04-11 10:10:32
1649671843698394000,29.15,3,29.1,10,29.15,6,1,2022-04-11 10:10:43
1649671844554309000,29.15,1,29.1,10,29.15,5,1,2022-04-11 10:10:44
1649671845697762000,29.15,2,29.1,10,29.15,3,1,2022-04-11 10:10:45
1649671846588980000,29.15,1,29.1,10,29.15,2,1,2022-04-11 10:10:46
1649671849189582000,29.15,1,29.1,10,29.15,1,1,2022-04-11 10:10:49
1649671850593595000,29.15,1,29.1,10,29.15,1,1,2022-04-11 10:10:50
1649671860809752000,29.15,1,29.1,10,29.15,7,1,2022-04-11 10:11:00
1649671861101921000,29.15,1,29.1,10,29.15,6,1,2022-04-11 10:11:01
1649671869043112000,29.15,1,29.1,12,29.15,7,1,2022-04-11 10:11:09
1649671877916597000,29.1,3,29.1,10,29.15,10,2,2022-04-11 10:11:17
1649671880843985000,29.15,1,29.1,9,29.15,9,1,2022-04-11 10:11:20
1649671885351171000,29.1,1,29.1,8,29.15,10,2,2022-04-11 10:11:25
1649671886065096000,29.1,3,29.1,5,29.15,10,2,2022-04-11 10:11:26
1649671889539916000,29.1,4,29.1,1,29.15,11,2,2022-04-11 10:11:29
1649671890435062000,29.1,1,29.05,4,29.15,11,2,2022-04-11 10:11:30
1649671900249495000,29.05,4,29.0,15,29.05,1,2,2022-04-11 10:11:40
1649671912392368000,29.0,1,29.0,11,29.05,6,2,2022-04-11 10:11:52
1649671917049408000,29.0,1,29.0,10,29.05,6,2,2022-04-11 10:11:57
1649671917077340000,29.0,10,28.95,1,29.05,6,2,2022-04-11 10:11:57
1649671918701555000,28.95,1,28.9,2,29.0,2,2,2022-04-11 10:11:58
1649671928282256000,29.0,1,28.9,2,29.0,1,1,2022-04-11 10:12:08
1649671943874773000,28.9,4,28.85,6,29.0,3,2,2022-04-11 10:12:23
1649671943874773000,28.85,6,28.85,6,29.0,3,2,2022-04-11 10:12:23
1649671945002785000,29.0,1,28.85,6,29.0,2,1,2022-04-11 10:12:25
1649671961173276000,29.0,5,28.9,1,29.0,5,1,2022-04-11 10:12:41
1649672004749447000,28.95,1,28.9,2,29.0,2,1,2022-04-11 10:13:24
1649672004749447000,29.0,19,28.9,2,29.0,2,1,2022-04-11 10:13:24
1649672012919413000,29.0,2,28.9,2,29.05,21,1,2022-04-11 10:13:32
1649672031002915000,29.0,1,28.9,2,29.05,17,2,2022-04-11 10:13:51
1649672057355201000,28.9,1,28.9,1,29.0,4,2,2022-04-11 10:14:17
1649672063026909000,28.9,1,28.8,33,29.0,15,2,2022-04-11 10:14:23
1649672063026909000,28.85,7,28.8,33,29.0,15,2,2022-04-11 10:14:23
1649672063777048000,28.95,1,28.8,33,29.05,13,1,2022-04-11 10:14:23
1649672063777048000,29.0,15,28.8,33,29.05,13,1,2022-04-11 10:14:23
1649672063777048000,29.05,4,28.8,33,29.05,13,1,2022-04-11 10:14:23
1649672083683890000,28.9,1,28.9,2,29.05,13,2,2022-04-11 10:14:43
1649672101304585000,29.05,1,29.0,10,29.05,14,1,2022-04-11 10:15:01
1649672104340576000,29.0,5,29.0,5,29.05,14,2,2022-04-11 10:15:04
1649672118147835000,29.05,12,29.0,16,29.05,2,1,2022-04-11 10:15:18
1649672119106912000,29.05,2,29.0,16,29.1,14,1,2022-04-11 10:15:19
1649672122517734000,29.0,3,29.0,13,29.1,12,2,2022-04-11 10:15:22
1649672131635665000,29.1,12,29.05,6,29.15,11,1,2022-04-11 10:15:31
1649672135889904000,29.05,2,29.05,6,29.15,11,2,2022-04-11 10:15:35
1649672140277044000,29.15,11,29.15,89,29.2,54,1,2022-04-11 10:15:40
1649672140583995000,29.2,5,29.15,89,29.2,49,1,2022-04-11 10:15:40
1649672140759058000,29.2,2,29.15,89,29.2,47,1,2022-04-11 10:15:40
1649672142589607000,29.2,20,29.15,89,29.2,27,1,2022-04-11 10:15:42
1649672142610946000,29.2,25,29.15,89,29.2,2,1,2022-04-11 10:15:42
1649672142631208000,29.2,2,29.15,89,29.25,17,1,2022-04-11 10:15:42
1649672143190914000,29.25,6,29.2,4,29.25,11,1,2022-04-11 10:15:43
1649672143320476000,29.25,4,29.2,4,29.25,7,1,2022-04-11 10:15:43
1649672143511946000,29.25,1,29.2,4,29.25,6,1,2022-04-11 10:15:43
1649672144495825000,29.2,4,29.15,83,29.25,6,2,2022-04-11 10:15:44
1649672144495825000,29.15,6,29.15,83,29.25,6,2,2022-04-11 10:15:44
1649672147466583000,29.25,1,29.15,83,29.25,1,1,2022-04-11 10:15:47
1649672147717196000,29.25,1,29.15,83,29.3,27,1,2022-04-11 10:15:47
1649672152507003000,29.25,1,29.2,4,29.25,2,1,2022-04-11 10:15:52
1649672153656487000,29.25,1,29.2,4,29.25,1,1,2022-04-11 10:15:53
1649672153929539000,29.2,2,29.2,2,29.25,1,2,2022-04-11 10:15:53
1649672155284142000,29.2,1,29.05,6,29.25,1,1,2022-04-11 10:15:55
1649672155602384000,29.25,1,29.1,1,29.3,26,1,2022-04-11 10:15:55
1649672159663426000,29.2,1,29.05,7,29.2,1,1,2022-04-11 10:15:59
1649672160868038000,29.2,5,29.05,7,29.25,3,1,2022-04-11 10:16:00
1649672165046114000,29.25,3,29.3,25,29.35,24,1,2022-04-11 10:16:05
1649672165046114000,29.3,22,29.3,25,29.35,24,1,2022-04-11 10:16:05
1649672172468514000,29.35,5,29.3,26,29.35,17,1,2022-04-11 10:16:12
1649672172502593000,29.35,1,29.3,26,29.35,16,1,2022-04-11 10:16:12
1649672172585905000,29.35,16,29.35,4,29.4,56,1,2022-04-11 10:16:12
1649672173286079000,29.4,3,29.35,4,29.4,53,1,2022-04-11 10:16:13
