ts,close,volume,bid_price,bid_volume,ask_price,ask_volume,tick_type,datetime
1649667601133462000,114.5,160,114.0,22,114.5,15,2,2022-04-11 09:00:01
1649667601748529000,114.0,2,114.0,20,114.5,15,2,2022-04-11 09:00:01
1649667601773006000,114.0,12,114.0,8,114.5,15,2,2022-04-11 09:00:01
1649667601799375000,114.0,1,114.0,7,114.5,20,2,2022-04-11 09:00:01
1649667601819559000,114.0,3,114.0,4,114.5,20,2,2022-04-11 09:00:01
1649667602526986000,114.0,4,113.5,11,114.5,20,2,2022-04-11 09:00:02
1649667609552674000,113.5,3,113.5,13,114.0,2,2,2022-04-11 09:00:09
1649667609667052000,114.0,1,113.5,13,114.0,1,1,2022-04-11 09:00:09
1649667609685309000,114.0,1,113.5,13,114.5,8,1,2022-04-11 09:00:09
1649667613822796000,114.0,2,113.5,13,114.5,4,1,2022-04-11 09:00:13
1649667614374918000,114.0,1,113.5,13,114.5,4,2,2022-04-11 09:00:14
1649667618290556000,114.0,1,113.5,8,114.0,3,1,2022-04-11 09:00:18
1649667620346733000,114.0,1,113.5,8,114.0,3,1,2022-04-11 09:00:20
1649667620380626000,114.0,3,113.5,8,114.5,4,1,2022-04-11 09:00:20
1649667620869476000,113.5,1,113.5,8,114.5,4,2,2022-04-11 09:00:20
1649667621300176000,114.0,3,113.5,8,114.0,6,1,2022-04-11 09:00:21
1649667622480204000,114.0,1,113.5,8,114.0,5,1,2022-04-11 09:00:22
1649667623696909000,114.0,1,113.5,8,114.0,4,1,2022-04-11 09:00:23
1649667623726779000,114.0,4,113.5,8,114.5,9,1,2022-04-11 09:00:23
1649667623817869000,113.5,8,113.0,47,114.5,9,2,2022-04-11 09:00:23
1649667626495887000,113.5,2,113.0,47,113.5,8,2,2022-04-11 09:00:26
1649667626536557000,113.5,8,113.0,47,114.0,5,1,2022-04-11 09:00:26
1649667627387520000,114.0,3,113.5,1,114.0,8,1,2022-04-11 09:00:27
1649667627644771000,113.5,1,113.0,47,113.5,1,2,2022-04-11 09:00:27
1649667627675350000,113.5,1,113.0,47,114.0,8,1,2022-04-11 09:00:27
1649667629557965000,113.5,1,113.5,2,114.0,9,1,2022-04-11 09:00:29
1649667630804243000,114.0,1,113.5,2,114.0,3,1,2022-04-11 09:00:30
1649667631536968000,114.0,1,113.5,3,114.0,2,1,2022-04-11 09:00:31
1649667633785592000,113.5,4,113.0,49,114.0,2,2,2022-04-11 09:00:33
1649667638223086000,113.5,2,113.0,48,114.0,13,2,2022-04-11 09:00:38
1649667640308442000,113.0,1,113.0,47,114.0,14,2,2022-04-11 09:00:40
1649667642680650000,113.5,1,113.5,4,114.0,14,2,2022-04-11 09:00:42
1649667642770399000,113.5,1,113.5,3,114.0,14,2,2022-04-11 09:00:42
1649667642806785000,113.5,3,113.0,47,114.0,14,2,2022-04-11 09:00:42
1649667643558883000,114.0,1,113.0,47,114.0,13,1,2022-04-11 09:00:43
1649667647533727000,113.0,1,113.0,59,113.5,4,2,2022-04-11 09:00:47
1649667647742602000,113.5,4,113.5,6,114.0,18,1,2022-04-11 09:00:47
1649667647783568000,113.5,6,113.0,59,114.0,18,2,2022-04-11 09:00:47
1649667648525817000,113.0,1,113.0,58,113.5,4,2,2022-04-11 09:00:48
1649667651138258000,113.0,2,113.0,58,113.5,18,2,2022-04-11 09:00:51
1649667653521085000,113.5,3,113.0,59,113.5,16,1,2022-04-11 09:00:53
1649667655844202000,113.5,1,113.0,71,113.5,10,1,2022-04-11 09:00:55
1649667655873969000,113.5,1,113.0,71,113.5,9,1,2022-04-11 09:00:55
1649667660267808000,113.5,1,113.0,71,113.5,16,1,2022-04-11 09:01:00
1649667660757257000,113.5,1,113.0,71,113.5,15,1,2022-04-11 09:01:00
1649667661024136000,113.5,1,113.0,71,113.5,14,1,2022-04-11 09:01:01
1649667662644970000,113.5,1,113.0,72,113.5,13,1,2022-04-11 09:01:02
1649667664992360000,113.5,1,113.0,72,113.5,12,1,2022-04-11 09:01:04
1649667665859907000,113.5,6,113.0,72,113.5,6,1,2022-04-11 09:01:05
1649667666125668000,113.0,2,113.0,70,113.5,7,2,2022-04-11 09:01:06
1649667667083107000,113.5,1,113.0,70,113.5,6,1,2022-04-11 09:01:07
1649667667284825000,113.5,1,113.0,70,113.5,5,1,2022-04-11 09:01:07
1649667667961528000,113.0,9,113.0,61,113.5,10,2,2022-04-11 09:01:07
1649667669325068000,113.5,1,113.0,63,113.5,10,1,2022-04-11 09:01:09
1649667670334794000,113.5,1,113.0,68,113.5,3,1,2022-04-11 09:01:10
1649667670534941000,113.5,1,113.0,68,113.5,2,1,2022-04-11 09:01:10
1649667672608115000,113.5,1,113.0,70,113.5,1,1,2022-04-11 09:01:12
1649667674394270000,113.5,10,113.0,70,113.5,2,1,2022-04-11 09:01:14
1649667674430509000,113.5,1,113.0,70,113.5,1,1,2022-04-11 09:01:14
1649667674808989000,113.0,6,113.0,64,113.5,8,2,2022-04-11 09:01:14
1649667675008598000,113.5,2,113.0,64,113.5,7,1,2022-04-11 09:01:15
1649667675693599000,113.5,1,113.0,64,113.5,5,1,2022-04-11 09:01:15
1649667676128833000,113.0,1,113.0,63,113.5,5,2,2022-04-11 09:01:16
1649667676161737000,113.0,1,113.0,62,113.5,5,2,2022-04-11 09:01:16
1649667677622372000,113.5,1,113.0,62,113.5,5,1,2022-04-11 09:01:17
1649667678694005000,113.5,1,113.0,62,113.5,4,1,2022-04-11 09:01:18
1649667678894991000,113.0,4,113.0,58,113.5,3,2,2022-04-11 09:01:18
1649667678933886000,113.0,1,113.0,57,113.5,5,2,2022-04-11 09:01:18
1649667681281335000,113.0,1,113.0,55,113.5,5,2,2022-04-11 09:01:21
1649667681623406000,113.5,1,113.0,55,113.5,4,1,2022-04-11 09:01:21
1649667683138208000,113.5,1,113.0,55,113.5,10,1,2022-04-11 09:01:23
1649667683165768000,113.0,1,113.0,54,113.5,10,2,2022-04-11 09:01:23
1649667690403115000,113.0,1,113.0,56,113.5,13,2,2022-04-11 09:01:30
1649667690552657000,113.0,25,113.0,31,113.5,13,2,2022-04-11 09:01:30
1649667690588962000,113.0,1,113.0,30,113.5,14,2,2022-04-11 09:01:30
1649667690713641000,113.0,2,113.0,28,113.5,14,2,2022-04-11 09:01:30
1649667690754479000,113.0,1,113.0,27,113.5,14,2,2022-04-11 09:01:30
1649667691557212000,113.0,1,113.0,26,113.5,14,2,2022-04-11 09:01:31
1649667692531457000,113.0,1,113.0,25,113.5,14,2,2022-04-11 09:01:32
1649667692895029000,113.0,10,113.0,15,113.5,15,2,2022-04-11 09:01:32
1649667692933351000,113.0,15,112.5,9,113.5,15,2,2022-04-11 09:01:32
1649667696043578000,112.5,1,112.5,9,113.0,10,2,2022-04-11 09:01:36
1649667697576665000,113.0,2,112.5,9,113.0,8,1,2022-04-11 09:01:37
1649667700482089000,112.5,2,112.5,7,113.0,7,2,2022-04-11 09:01:40
1649667701160037000,112.5,1,112.5,6,113.0,7,2,2022-04-11 09:01:41
1649667701214226000,112.5,1,112.5,5,113.0,7,2,2022-04-11 09:01:41
1649667701513009000,112.5,1,112.5,4,113.0,7,2,2022-04-11 09:01:41
1649667702343922000,112.5,1,112.5,3,113.0,7,2,2022-04-11 09:01:42
1649667702377393000,112.5,1,112.5,2,113.0,8,2,2022-04-11 09:01:42
1649667702378196000,112.5,1,112.5,1,113.0,8,2,2022-04-11 09:01:42
1649667702899541000,113.0,1,112.5,1,113.0,7,1,2022-04-11 09:01:42
1649667702932205000,112.5,1,112.5,1,113.0,7,2,2022-04-11 09:01:42
1649667703367091000,112.5,1,112.0,65,113.0,6,1,2022-04-11 09:01:43
1649667703433972000,112.5,1,112.0,65,113.0,6,1,2022-04-11 09:01:43
1649667703479747000,112.5,1,112.0,65,112.5,1,1,2022-04-11 09:01:43
1649667703500656000,112.5,1,112.0,65,113.0,6,1,2022-04-11 09:01:43
1649667704972758000,112.5,1,112.5,9,113.0,7,2,2022-04-11 09:01:44
1649667705009061000,112.5,1,112.5,8,113.0,7,2,2022-04-11 09:01:45
1649667705043906000,112.5,1,112.5,7,113.0,7,2,2022-04-11 09:01:45
1649667705072038000,112.5,1,112.5,6,113.0,7,2,2022-04-11 09:01:45
1649667705108735000,112.5,1,112.5,5,113.0,7,2,2022-04-11 09:01:45
1649667708168413000,112.5,2,112.5,3,113.0,7,2,2022-04-11 09:01:48
1649667708800902000,112.5,1,112.5,8,113.0,6,2,2022-04-11 09:01:48
1649667709348420000,112.5,1,112.5,7,113.0,7,2,2022-04-11 09:01:49
1649667710964247000,112.5,3,112.5,4,113.0,7,2,2022-04-11 09:01:50
1649667713242903000,112.5,1,112.5,3,113.0,7,2,2022-04-11 09:01:53
1649667714008031000,112.5,3,112.0,64,113.0,7,2,2022-04-11 09:01:54
1649667714073826000,112.5,1,112.0,64,113.0,7,1,2022-04-11 09:01:54
1649667715733401000,112.5,2,112.5,6,113.0,7,2,2022-04-11 09:01:55
1649667716210631000,113.0,1,112.5,6,113.0,6,1,2022-04-11 09:01:56
1649667720871550000,113.0,10,112.5,9,113.5,10,1,2022-04-11 09:02:00
1649667721057860000,113.5,1,112.5,12,113.5,8,1,2022-04-11 09:02:01
1649667726193243000,113.5,1,113.0,12,113.5,11,1,2022-04-11 09:02:06
1649667727393810000,113.0,1,113.0,12,113.5,11,2,2022-04-11 09:02:07
1649667729464371000,113.0,4,113.0,4,113.5,11,2,2022-04-11 09:02:09
1649667729499146000,113.0,4,112.5,13,113.5,11,2,2022-04-11 09:02:09
1649667733834971000,113.0,1,113.0,1,113.5,15,2,2022-04-11 09:02:13
1649667733935111000,113.0,1,112.5,15,113.5,15,2,2022-04-11 09:02:13
1649667734799492000,112.5,1,112.5,10,113.5,15,2,2022-04-11 09:02:14
1649667735242674000,113.0,1,112.5,10,113.5,15,1,2022-04-11 09:02:15
1649667738646515000,113.0,1,112.5,20,113.5,15,1,2022-04-11 09:02:18
1649667742642245000,113.5,1,113.0,5,113.5,15,1,2022-04-11 09:02:22
1649667745300231000,113.0,1,113.0,5,113.5,16,2,2022-04-11 09:02:25
1649667749314580000,113.0,2,113.0,5,113.5,16,2,2022-04-11 09:02:29
1649667756685683000,113.0,1,113.0,6,113.5,16,2,2022-04-11 09:02:36
1649667761789040000,113.0,1,113.0,13,113.5,13,2,2022-04-11 09:02:41
1649667766892265000,113.0,1,113.0,16,113.5,10,2,2022-04-11 09:02:46
1649667769840515000,113.5,1,113.0,16,113.5,9,1,2022-04-11 09:02:49
1649667771750761000,113.5,1,113.0,16,113.5,8,1,2022-04-11 09:02:51
1649667771984611000,113.0,1,113.0,15,113.5,8,2,2022-04-11 09:02:51
1649667772480331000,113.5,8,113.0,15,114.0,9,1,2022-04-11 09:02:52
1649667777568952000,113.5,1,113.0,17,114.0,19,2,2022-04-11 09:02:57
1649667780192992000,113.5,1,113.0,23,113.5,5,1,2022-04-11 09:03:00
1649667780867152000,113.0,6,113.0,17,113.5,5,2,2022-04-11 09:03:00
1649667780908652000,113.0,1,113.0,16,113.5,5,2,2022-04-11 09:03:00
1649667780975227000,113.0,8,113.0,8,113.5,5,2,2022-04-11 09:03:00
1649667782825338000,113.0,3,113.0,5,113.5,10,2,2022-04-11 09:03:02
1649667782860813000,113.0,5,112.5,28,113.5,10,2,2022-04-11 09:03:02
1649667782999477000,112.5,2,112.5,26,113.0,8,2,2022-04-11 09:03:02
1649667783141353000,113.0,1,112.5,26,113.0,7,1,2022-04-11 09:03:03
1649667788864088000,113.0,5,112.5,26,113.0,9,1,2022-04-11 09:03:08
1649667790047076000,113.0,1,112.5,26,113.0,11,1,2022-04-11 09:03:10
1649667792629944000,113.0,10,112.5,26,113.0,3,1,2022-04-11 09:03:12
1649667794120583000,113.0,1,112.5,27,113.0,8,1,2022-04-11 09:03:14
1649667795721957000,113.0,1,112.5,27,113.0,9,1,2022-04-11 09:03:15
1649667798464677000,113.0,1,112.5,27,113.0,10,1,2022-04-11 09:03:18
1649667798561966000,112.5,1,112.5,26,113.0,10,2,2022-04-11 09:03:18
1649667798606461000,112.5,1,112.5,25,113.0,10,2,2022-04-11 09:03:18
1649667801155698000,113.0,1,112.5,25,113.0,13,1,2022-04-11 09:03:21
1649667802113617000,113.0,1,112.5,25,113.0,12,1,2022-04-11 09:03:22
1649667802515423000,113.0,12,113.0,8,113.5,11,1,2022-04-11 09:03:22
1649667807708830000,113.5,1,113.0,28,113.5,17,1,2022-04-11 09:03:27
1649667818505070000,113.5,2,113.0,32,113.5,24,1,2022-04-11 09:03:38
1649667821952985000,113.5,1,113.0,33,113.5,27,1,2022-04-11 09:03:41
1649667826725665000,113.5,6,113.0,33,113.5,21,1,2022-04-11 09:03:46
1649667828668653000,113.5,2,113.0,34,113.5,25,1,2022-04-11 09:03:48
1649667830945648000,113.5,1,113.0,34,113.5,24,1,2022-04-11 09:03:50
1649667833223252000,113.0,1,113.0,33,113.5,26,2,2022-04-11 09:03:53
1649667833540099000,113.5,5,113.0,33,113.5,21,1,2022-04-11 09:03:53
1649667838252186000,113.5,1,113.0,35,113.5,26,1,2022-04-11 09:03:58
1649667839366413000,113.5,2,113.0,37,113.5,24,1,2022-04-11 09:03:59
1649667840130815000,113.0,3,113.0,34,113.5,26,2,2022-04-11 09:04:00
1649667840671506000,113.0,12,113.0,22,113.5,29,2,2022-04-11 09:04:00
1649667843441189000,113.0,1,113.0,21,113.5,31,2,2022-04-11 09:04:03
1649667843472845000,113.0,6,113.0,15,113.5,31,2,2022-04-11 09:04:03
1649667843507804000,113.0,15,112.5,25,113.5,31,2,2022-04-11 09:04:03
1649667847086015000,113.0,1,112.5,25,113.0,12,1,2022-04-11 09:04:07
1649667847118028000,112.5,1,112.5,24,113.0,11,2,2022-04-11 09:04:07
1649667849207692000,112.5,8,112.5,16,113.0,15,2,2022-04-11 09:04:09
1649667849298343000,112.5,16,112.0,57,113.0,15,2,2022-04-11 09:04:09
1649667849405038000,112.0,7,112.0,50,112.5,9,2,2022-04-11 09:04:09
1649667849458906000,112.0,1,112.0,49,112.5,9,2,2022-04-11 09:04:09
1649667849581759000,112.0,1,112.0,48,112.5,9,2,2022-04-11 09:04:09
1649667853632118000,112.0,2,112.0,45,112.5,12,2,2022-04-11 09:04:13
1649667853670613000,112.0,1,112.0,44,112.5,12,2,2022-04-11 09:04:13
1649667854692874000,112.0,1,112.0,43,112.5,12,2,2022-04-11 09:04:14
1649667856496586000,112.5,2,112.0,43,112.5,12,1,2022-04-11 09:04:16
1649667856521828000,112.0,1,112.0,42,112.5,12,2,2022-04-11 09:04:16
1649667858570206000,112.0,1,112.0,41,112.5,14,2,2022-04-11 09:04:18
1649667858776642000,112.0,41,111.5,16,112.0,7,2,2022-04-11 09:04:18
1649667858809612000,111.5,1,111.5,18,112.0,8,2,2022-04-11 09:04:18
1649667858810724000,111.5,1,111.5,17,112.0,9,2,2022-04-11 09:04:18
1649667858810814000,111.5,1,111.5,16,112.0,9,2,2022-04-11 09:04:18
1649667858811523000,111.5,1,111.5,15,112.0,9,2,2022-04-11 09:04:18
1649667858817601000,111.5,1,111.5,14,112.0,9,2,2022-04-11 09:04:18
1649667858823489000,111.5,1,111.5,13,112.0,9,2,2022-04-11 09:04:18
1649667858830810000,111.5,1,111.5,12,112.0,9,2,2022-04-11 09:04:18
1649667858839821000,111.5,1,111.5,11,112.0,9,2,2022-04-11 09:04:18
1649667858840137000,111.5,1,111.5,10,112.0,9,2,2022-04-11 09:04:18
1649667858847257000,111.5,1,111.5,9,112.0,9,2,2022-04-11 09:04:18
1649667858926890000,111.5,1,111.5,8,112.0,9,2,2022-04-11 09:04:18
1649667858929862000,111.5,1,111.5,7,112.0,9,2,2022-04-11 09:04:18
1649667859230961000,111.5,1,111.5,6,112.0,9,2,2022-04-11 09:04:19
1649667859647260000,112.0,1,111.5,6,112.0,8,1,2022-04-11 09:04:19
1649667866501415000,111.5,1,111.5,2,112.0,20,2,2022-04-11 09:04:26
1649667867258607000,112.0,1,111.5,2,112.0,21,1,2022-04-11 09:04:27
1649667871119352000,112.0,1,111.5,7,112.0,22,1,2022-04-11 09:04:31
1649667873070739000,112.0,1,111.5,15,112.0,23,1,2022-04-11 09:04:33
1649667876091284000,112.0,1,111.5,21,112.0,25,1,2022-04-11 09:04:36
1649667877010093000,111.5,1,111.5,20,112.0,25,2,2022-04-11 09:04:37
1649667878389778000,111.5,1,111.5,19,112.0,25,2,2022-04-11 09:04:38
1649667885045855000,111.5,2,111.5,19,112.0,59,2,2022-04-11 09:04:45
1649667885075518000,111.5,1,111.5,18,112.0,59,2,2022-04-11 09:04:45
1649667885075956000,111.5,1,111.5,17,112.0,59,2,2022-04-11 09:04:45
1649667885104291000,111.5,4,111.5,11,112.0,59,2,2022-04-11 09:04:45
1649667885131391000,111.5,1,111.5,10,112.0,59,2,2022-04-11 09:04:45
1649667886377987000,111.5,1,111.5,10,112.0,59,2,2022-04-11 09:04:46
1649667887072962000,111.5,1,111.5,9,112.0,59,2,2022-04-11 09:04:47
1649667887101600000,111.5,1,111.5,8,112.0,59,2,2022-04-11 09:04:47
1649667887131990000,111.5,1,111.5,7,112.0,59,2,2022-04-11 09:04:47
1649667887155412000,111.5,1,111.5,11,112.0,59,2,2022-04-11 09:04:47
1649667887478398000,111.5,5,111.5,1,112.0,59,2,2022-04-11 09:04:47
1649667887538189000,111.5,1,111.0,56,112.0,59,2,2022-04-11 09:04:47
1649667887826742000,111.5,1,111.0,61,112.0,59,1,2022-04-11 09:04:47
1649667889026409000,111.5,1,111.0,60,111.5,1,1,2022-04-11 09:04:49
1649667889050979000,111.5,1,111.0,60,112.0,60,1,2022-04-11 09:04:49
1649667890054708000,111.5,2,111.5,4,112.0,62,2,2022-04-11 09:04:50
1649667890078333000,111.5,1,111.5,3,112.0,62,2,2022-04-11 09:04:50
1649667894129449000,111.5,1,111.5,6,112.0,66,2,2022-04-11 09:04:54
1649667899391266000,111.5,8,111.0,61,112.0,69,2,2022-04-11 09:04:59
1649667900223222000,111.5,2,111.5,3,112.0,70,2,2022-04-11 09:05:00
1649667900262366000,111.5,3,111.5,1,112.0,70,2,2022-04-11 09:05:00
1649667901402820000,111.0,1,111.0,63,112.0,72,2,2022-04-11 09:05:01
1649667905133537000,111.5,1,111.5,12,112.0,73,2,2022-04-11 09:05:05
1649667907364786000,111.5,1,111.5,14,112.0,75,2,2022-04-11 09:05:07
1649667907850285000,111.5,2,111.5,13,112.0,70,2,2022-04-11 09:05:07
1649667910465710000,111.5,5,111.5,10,112.0,73,2,2022-04-11 09:05:10
1649667913632821000,111.5,1,111.5,20,112.0,74,2,2022-04-11 09:05:13
1649667921830902000,111.5,1,111.5,24,112.0,75,2,2022-04-11 09:05:21
1649667922114210000,111.5,3,111.5,21,112.0,54,2,2022-04-11 09:05:22
1649667925218893000,111.5,1,111.5,21,112.0,56,2,2022-04-11 09:05:25
1649667926797600000,111.5,3,111.5,18,112.0,56,2,2022-04-11 09:05:26
1649667930026519000,111.5,2,111.5,17,112.0,56,2,2022-04-11 09:05:30
1649667930635734000,111.5,4,111.5,13,112.0,56,2,2022-04-11 09:05:30
1649667932667988000,111.5,1,111.5,13,112.0,56,2,2022-04-11 09:05:32
1649667933309405000,111.5,1,111.5,12,112.0,56,2,2022-04-11 09:05:33
1649667935984273000,112.0,1,111.5,12,112.0,55,1,2022-04-11 09:05:35
1649667936406744000,111.5,1,111.5,17,112.0,55,2,2022-04-11 09:05:36
1649667948334478000,111.5,1,111.5,32,112.0,59,2,2022-04-11 09:05:48
1649667948568806000,111.5,1,111.5,31,112.0,58,2,2022-04-11 09:05:48
1649667948618440000,111.5,1,111.5,30,112.0,58,2,2022-04-11 09:05:48
1649667949419531000,112.0,1,111.5,30,112.0,57,1,2022-04-11 09:05:49
1649667955951171000,111.5,1,111.5,29,112.0,57,2,2022-04-11 09:05:55
1649667956054542000,111.5,1,111.5,28,112.0,57,2,2022-04-11 09:05:56
1649667960271855000,111.5,2,111.5,30,112.0,57,2,2022-04-11 09:06:00
1649667967754064000,112.0,3,111.5,34,112.0,57,1,2022-04-11 09:06:07
1649667971059909000,112.0,50,111.5,34,112.0,10,1,2022-04-11 09:06:11
1649667971096921000,112.0,10,111.5,34,112.5,15,1,2022-04-11 09:06:11
1649667976583122000,112.5,1,112.0,31,112.5,18,1,2022-04-11 09:06:16
1649667977467604000,112.5,1,112.0,31,112.5,17,1,2022-04-11 09:06:17
1649667977808748000,112.5,1,112.0,31,112.5,16,1,2022-04-11 09:06:17
1649667980685236000,112.5,1,112.0,30,112.5,15,1,2022-04-11 09:06:20
1649667980825104000,112.0,2,112.0,28,112.5,15,2,2022-04-11 09:06:20
1649667985439161000,112.5,2,112.0,53,112.5,13,1,2022-04-11 09:06:25
1649667992104893000,112.5,1,112.0,54,112.5,17,1,2022-04-11 09:06:32
1649667995521666000,112.5,3,112.0,60,112.5,15,1,2022-04-11 09:06:35
1649667996162418000,112.5,1,112.0,60,112.5,14,1,2022-04-11 09:06:36
1649667997657932000,112.5,1,112.0,64,112.5,13,1,2022-04-11 09:06:37
1649667997682334000,112.5,2,112.0,64,112.5,11,1,2022-04-11 09:06:37
1649668001939486000,112.5,6,112.0,65,112.5,3,1,2022-04-11 09:06:41
1649668001971042000,112.5,3,112.0,69,112.5,10,1,2022-04-11 09:06:41
1649668002179988000,112.5,1,112.0,69,112.5,9,1,2022-04-11 09:06:42
1649668003226538000,112.5,1,112.0,65,112.5,13,1,2022-04-11 09:06:43
1649668003776107000,112.5,1,112.0,65,112.5,12,1,2022-04-11 09:06:43
1649668004131863000,112.5,3,112.0,65,112.5,9,1,2022-04-11 09:06:44
1649668006686624000,112.5,1,112.0,65,112.5,11,1,2022-04-11 09:06:46
1649668006939914000,112.5,1,112.0,65,112.5,10,1,2022-04-11 09:06:46
1649668008521492000,112.5,11,112.5,4,113.0,21,1,2022-04-11 09:06:48
1649668025729867000,112.5,1,112.5,18,113.0,29,2,2022-04-11 09:07:05
1649668035218392000,112.5,1,112.5,20,113.0,30,2,2022-04-11 09:07:15
1649668035838698000,112.5,2,112.5,18,113.0,30,2,2022-04-11 09:07:15
1649668036665898000,112.5,1,112.5,17,113.0,30,2,2022-04-11 09:07:16
1649668039236748000,112.5,3,112.5,16,113.0,30,2,2022-04-11 09:07:19
1649668039263794000,112.5,2,112.5,14,113.0,32,2,2022-04-11 09:07:19
1649668040738486000,112.5,5,112.5,10,113.0,32,2,2022-04-11 09:07:20
1649668040769641000,112.5,10,112.0,32,113.0,32,2,2022-04-11 09:07:20
1649668043371786000,112.0,1,112.0,34,112.5,2,2,2022-04-11 09:07:23
1649668067220624000,112.0,1,112.0,56,112.5,15,2,2022-04-11 09:07:47
1649668067252846000,112.0,1,112.0,55,112.5,15,2,2022-04-11 09:07:47
1649668067390334000,112.5,14,112.0,55,112.5,1,1,2022-04-11 09:07:47
1649668068746579000,112.5,1,112.5,2,113.0,33,1,2022-04-11 09:07:48
1649668069792364000,112.5,1,112.5,1,113.0,31,2,2022-04-11 09:07:49
1649668086930393000,112.5,5,112.5,3,113.0,29,2,2022-04-11 09:08:06
1649668103728194000,112.5,2,112.5,6,113.0,35,2,2022-04-11 09:08:23
1649668112247141000,112.5,1,112.5,6,113.0,40,2,2022-04-11 09:08:32
1649668126437005000,112.5,1,112.5,9,113.0,41,2,2022-04-11 09:08:46
1649668131941331000,112.5,1,112.5,10,113.0,43,2,2022-04-11 09:08:51
1649668135715577000,112.5,1,112.5,10,113.0,43,2,2022-04-11 09:08:55
1649668136701372000,112.5,3,112.5,7,113.0,43,2,2022-04-11 09:08:56
1649668142065043000,112.5,1,112.5,8,113.0,43,2,2022-04-11 09:09:02
1649668143948643000,112.5,1,112.5,7,113.0,43,2,2022-04-11 09:09:03
1649668150226425000,112.5,5,112.5,6,113.0,46,2,2022-04-11 09:09:10
1649668151135271000,112.5,6,112.0,156,113.0,46,2,2022-04-11 09:09:11
1649668151198649000,112.5,1,112.5,9,113.0,46,2,2022-04-11 09:09:11
1649668158370102000,112.5,1,112.5,9,113.0,43,2,2022-04-11 09:09:18
1649668160600738000,112.5,1,112.5,8,113.0,43,2,2022-04-11 09:09:20
1649668171489647000,112.5,1,112.5,8,113.0,42,2,2022-04-11 09:09:31
1649668173382514000,112.5,1,112.5,7,113.0,42,2,2022-04-11 09:09:33
1649668174066448000,112.5,1,112.5,6,113.0,43,2,2022-04-11 09:09:34
1649668180022352000,112.5,1,112.5,6,113.0,43,2,2022-04-11 09:09:40
1649668181145831000,112.5,1,112.5,5,113.0,43,2,2022-04-11 09:09:41
1649668181246682000,112.5,5,112.0,157,113.0,43,2,2022-04-11 09:09:41
1649668183719202000,112.5,1,112.0,158,113.0,43,1,2022-04-11 09:09:43
1649668186665055000,112.5,1,112.0,158,112.5,5,1,2022-04-11 09:09:46
1649668192168312000,112.5,1,112.0,157,112.5,5,1,2022-04-11 09:09:52
1649668201801228000,112.5,2,112.0,54,112.5,10,1,2022-04-11 09:10:01
1649668225851790000,112.5,5,112.0,60,112.5,3,1,2022-04-11 09:10:25
1649668233835378000,112.5,1,112.0,60,112.5,2,1,2022-04-11 09:10:33
1649668235331949000,112.5,1,112.0,60,112.5,1,1,2022-04-11 09:10:35
1649668243567949000,112.5,1,112.0,60,112.5,7,1,2022-04-11 09:10:43
1649668266009623000,112.5,1,112.0,56,112.5,12,1,2022-04-11 09:11:06
1649668273435579000,112.5,1,112.0,55,112.5,11,1,2022-04-11 09:11:13
1649668279723068000,112.5,1,112.0,54,112.5,10,1,2022-04-11 09:11:19
1649668281604320000,112.5,4,112.0,54,112.5,8,1,2022-04-11 09:11:21
1649668304403589000,112.5,1,112.0,55,112.5,12,1,2022-04-11 09:11:44
1649668309245163000,112.5,1,112.0,55,112.5,12,1,2022-04-11 09:11:49
1649668324299926000,112.0,2,112.0,51,112.5,14,2,2022-04-11 09:12:04
1649668326945071000,112.5,1,112.0,52,112.5,13,1,2022-04-11 09:12:06
1649668331914275000,112.5,1,112.0,53,112.5,12,1,2022-04-11 09:12:11
1649668342749138000,112.5,1,112.0,53,112.5,11,1,2022-04-11 09:12:22
1649668355670887000,112.5,1,112.0,55,112.5,11,1,2022-04-11 09:12:35
1649668362857198000,112.5,1,112.0,55,112.5,13,1,2022-04-11 09:12:42
1649668363673930000,112.5,1,112.0,55,112.5,12,1,2022-04-11 09:12:43
1649668366669135000,112.5,1,112.0,55,112.5,11,1,2022-04-11 09:12:46
1649668376565889000,112.5,1,112.0,55,112.5,10,1,2022-04-11 09:12:56
1649668387862452000,112.5,1,112.0,53,112.5,9,1,2022-04-11 09:13:07
1649668391269762000,112.5,1,112.0,53,112.5,12,1,2022-04-11 09:13:11
1649668396679461000,112.5,1,112.0,58,112.5,11,1,2022-04-11 09:13:16
1649668397220600000,112.5,1,112.0,58,112.5,10,1,2022-04-11 09:13:17
1649668422345444000,112.5,2,112.0,58,112.5,14,1,2022-04-11 09:13:42
1649668428875601000,112.5,2,112.0,58,112.5,12,1,2022-04-11 09:13:48
1649668433777133000,112.0,1,112.0,57,112.5,14,2,2022-04-11 09:13:53
1649668440629421000,112.5,5,112.0,57,112.5,9,1,2022-04-11 09:14:00
1649668447017137000,112.5,1,112.0,58,112.5,11,1,2022-04-11 09:14:07
1649668461239117000,112.5,10,112.0,59,112.5,5,1,2022-04-11 09:14:21
1649668467920289000,112.5,10,112.5,10,113.0,29,1,2022-04-11 09:14:27
1649668467949635000,112.5,3,112.5,7,113.0,29,2,2022-04-11 09:14:27
1649668468011380000,112.5,1,112.5,6,113.0,35,2,2022-04-11 09:14:28
1649668473163810000,113.0,1,112.5,26,113.0,35,1,2022-04-11 09:14:33
1649668473738930000,112.5,2,112.5,24,113.0,32,2,2022-04-11 09:14:33
1649668478868386000,113.0,30,112.5,25,113.0,2,1,2022-04-11 09:14:38
1649668478896154000,113.0,2,112.5,26,113.5,31,1,2022-04-11 09:14:38
1649668482979708000,113.5,2,112.5,28,113.5,36,1,2022-04-11 09:14:42
1649668486334988000,113.5,1,112.5,28,113.5,33,1,2022-04-11 09:14:46
1649668495088133000,113.5,1,113.0,2,113.5,47,1,2022-04-11 09:14:55
1649668497657875000,113.5,1,113.0,12,113.5,46,1,2022-04-11 09:14:57
1649668500977701000,113.5,2,113.0,15,113.5,44,1,2022-04-11 09:15:00
1649668510956397000,113.5,1,113.0,23,113.5,43,1,2022-04-11 09:15:10
1649668512327899000,113.5,1,113.0,23,113.5,42,1,2022-04-11 09:15:12
1649668513637745000,113.5,1,113.0,23,113.5,41,1,2022-04-11 09:15:13
1649668525489756000,113.5,2,113.0,31,113.5,41,1,2022-04-11 09:15:25
1649668533538973000,113.5,1,113.0,34,113.5,42,1,2022-04-11 09:15:33
1649668537524174000,113.5,1,113.0,34,113.5,42,1,2022-04-11 09:15:37
1649668541660896000,113.5,1,113.0,46,113.5,40,1,2022-04-11 09:15:41
1649668542098552000,113.5,3,113.0,46,113.5,37,1,2022-04-11 09:15:42
1649668543719565000,113.5,10,113.0,46,113.5,27,1,2022-04-11 09:15:43
1649668544415708000,113.5,1,113.0,46,113.5,26,1,2022-04-11 09:15:44
1649668545626491000,113.5,10,113.0,46,113.5,16,1,2022-04-11 09:15:45
1649668545653439000,113.5,8,113.0,46,113.5,8,1,2022-04-11 09:15:45
1649668545683943000,113.5,2,113.0,46,113.5,6,1,2022-04-11 09:15:45
1649668545684673000,113.5,3,113.0,46,113.5,3,1,2022-04-11 09:15:45
1649668546242670000,113.5,3,113.0,46,114.0,36,1,2022-04-11 09:15:46
1649668549259203000,113.5,1,113.5,6,114.0,42,2,2022-04-11 09:15:49
1649668551110179000,113.5,7,113.0,49,114.0,42,2,2022-04-11 09:15:51
1649668551916977000,113.5,2,113.0,49,114.0,42,2,2022-04-11 09:15:51
1649668554060523000,114.0,2,113.5,1,114.0,40,1,2022-04-11 09:15:54
1649668556639407000,114.0,1,113.5,12,114.0,36,1,2022-04-11 09:15:56
1649668561675051000,114.0,1,113.5,13,114.0,35,1,2022-04-11 09:16:01
1649668563341740000,114.0,1,113.5,14,114.0,34,1,2022-04-11 09:16:03
1649668565569615000,114.0,1,113.5,14,114.0,32,1,2022-04-11 09:16:05
1649668566590185000,114.0,10,113.5,7,114.0,22,1,2022-04-11 09:16:06
1649668569114610000,114.0,1,113.5,24,114.0,22,1,2022-04-11 09:16:09
1649668571508240000,114.0,1,113.5,26,114.0,21,1,2022-04-11 09:16:11
1649668571508568000,114.0,4,113.5,26,114.0,17,1,2022-04-11 09:16:11
1649668571654315000,114.0,1,113.5,26,114.0,16,1,2022-04-11 09:16:11
1649668571801541000,114.0,1,113.5,26,114.0,15,1,2022-04-11 09:16:11
1649668572755255000,114.0,1,113.5,26,114.0,15,1,2022-04-11 09:16:12
1649668573342944000,114.0,5,113.5,36,114.0,10,1,2022-04-11 09:16:13
1649668573898562000,114.0,1,113.5,37,114.0,9,1,2022-04-11 09:16:13
1649668574257360000,114.0,8,113.5,39,114.0,1,1,2022-04-11 09:16:14
1649668574279515000,114.0,1,113.5,39,114.5,56,1,2022-04-11 09:16:14
1649668579721604000,114.5,4,114.0,7,114.5,52,1,2022-04-11 09:16:19
1649668579770609000,114.5,1,114.0,7,114.5,51,1,2022-04-11 09:16:19
1649668583265340000,114.0,1,114.0,8,114.5,53,2,2022-04-11 09:16:23
1649668585936909000,114.0,1,114.0,15,114.5,53,2,2022-04-11 09:16:25
1649668587386904000,114.5,1,114.0,15,114.5,52,1,2022-04-11 09:16:27
1649668591190403000,114.5,5,114.0,17,114.5,46,1,2022-04-11 09:16:31
1649668594375923000,114.5,1,114.0,24,114.5,45,1,2022-04-11 09:16:34
1649668594701849000,114.5,40,114.0,25,114.5,5,1,2022-04-11 09:16:34
1649668594730175000,114.5,5,114.0,25,115.0,27,1,2022-04-11 09:16:34
1649668594981735000,115.0,3,114.0,28,115.0,24,1,2022-04-11 09:16:34
1649668595014791000,115.0,1,114.5,4,115.0,23,1,2022-04-11 09:16:35
1649668599997461000,115.0,1,114.5,18,115.0,21,1,2022-04-11 09:16:39
1649668601204530000,115.0,1,114.5,19,115.0,20,1,2022-04-11 09:16:41
1649668603065438000,115.0,1,114.5,20,115.0,24,1,2022-04-11 09:16:43
1649668603556225000,115.0,2,114.5,20,115.0,22,1,2022-04-11 09:16:43
1649668604698544000,115.0,1,114.5,21,115.0,21,1,2022-04-11 09:16:44
1649668604993781000,115.0,1,114.5,21,115.0,20,1,2022-04-11 09:16:44
1649668606719711000,115.0,1,114.5,22,115.0,18,1,2022-04-11 09:16:46
1649668607191680000,115.0,5,114.5,27,115.0,12,1,2022-04-11 09:16:47
1649668607214061000,115.0,5,114.5,27,115.0,7,1,2022-04-11 09:16:47
1649668608405206000,115.0,2,114.5,33,115.0,5,1,2022-04-11 09:16:48
1649668609323523000,115.0,1,114.5,28,115.0,4,1,2022-04-11 09:16:49
1649668609421575000,115.0,1,114.5,28,115.0,3,1,2022-04-11 09:16:49
1649668610181155000,115.0,1,114.5,28,115.0,2,1,2022-04-11 09:16:50
1649668610390745000,115.0,1,114.5,28,115.0,1,1,2022-04-11 09:16:50
1649668610601528000,115.0,1,114.5,28,115.5,35,1,2022-04-11 09:16:50
1649668611837627000,115.5,1,115.0,4,115.5,36,1,2022-04-11 09:16:51
1649668614487109000,115.5,2,115.0,13,115.5,34,1,2022-04-11 09:16:54
1649668616400659000,115.5,3,115.0,15,115.5,32,1,2022-04-11 09:16:56
1649668616706916000,115.5,2,115.0,16,115.5,30,1,2022-04-11 09:16:56
1649668618554016000,115.5,5,115.0,17,115.5,27,1,2022-04-11 09:16:58
1649668618638836000,115.5,3,115.0,17,115.5,24,1,2022-04-11 09:16:58
1649668618659857000,115.0,1,115.0,16,115.5,24,2,2022-04-11 09:16:58
1649668618733763000,115.0,1,115.0,15,115.5,22,2,2022-04-11 09:16:58
1649668619333557000,115.5,1,115.0,15,115.5,21,1,2022-04-11 09:16:59
1649668621947950000,115.5,1,115.0,16,115.5,20,1,2022-04-11 09:17:01
1649668621974136000,115.5,1,115.0,16,115.5,22,1,2022-04-11 09:17:01
1649668622265912000,115.0,1,115.0,65,115.5,24,2,2022-04-11 09:17:02
1649668622320298000,115.0,1,115.0,65,115.5,24,2,2022-04-11 09:17:02
1649668622674471000,115.0,5,115.0,11,115.5,29,2,2022-04-11 09:17:02
1649668623247350000,115.5,1,115.0,19,115.5,31,1,2022-04-11 09:17:03
1649668625257549000,115.5,2,115.0,20,115.5,38,1,2022-04-11 09:17:05
1649668625913040000,115.0,1,115.0,19,115.5,38,2,2022-04-11 09:17:05
1649668626156928000,115.5,1,115.0,19,115.5,38,1,2022-04-11 09:17:06
1649668626386567000,115.5,1,115.0,19,115.5,37,1,2022-04-11 09:17:06
1649668629156532000,115.0,20,114.5,77,115.0,30,2,2022-04-11 09:17:09
1649668629198284000,114.5,1,114.5,73,115.0,30,2,2022-04-11 09:17:09
1649668629243831000,114.5,1,114.5,72,115.0,30,2,2022-04-11 09:17:09
1649668629899769000,115.0,1,114.5,72,115.0,32,1,2022-04-11 09:17:09
1649668631270253000,115.0,1,114.5,22,115.0,35,1,2022-04-11 09:17:11
1649668636484104000,115.0,1,114.5,22,115.0,53,1,2022-04-11 09:17:16
1649668637739951000,114.5,2,114.5,20,115.0,53,2,2022-04-11 09:17:17
1649668638879883000,114.5,1,114.5,20,115.0,53,2,2022-04-11 09:17:18
1649668639015424000,114.5,1,114.5,19,115.0,53,2,2022-04-11 09:17:19
1649668640781182000,114.5,10,114.5,8,115.0,54,2,2022-04-11 09:17:20
1649668640810950000,114.5,8,114.0,21,115.0,54,2,2022-04-11 09:17:20
1649668641494655000,114.5,2,114.0,18,114.5,5,1,2022-04-11 09:17:21
1649668642787492000,114.5,1,114.0,18,114.5,4,1,2022-04-11 09:17:22
1649668651138040000,114.5,1,114.0,27,114.5,12,1,2022-04-11 09:17:31
1649668661787844000,114.5,1,114.0,26,114.5,19,1,2022-04-11 09:17:41
1649668661951258000,114.5,1,114.0,26,114.5,18,1,2022-04-11 09:17:41
1649668665232361000,114.5,1,114.0,26,114.5,19,1,2022-04-11 09:17:45
1649668677378876000,114.5,3,114.0,25,114.5,27,1,2022-04-11 09:17:57
1649668698103532000,114.5,2,114.0,25,114.5,37,1,2022-04-11 09:18:18
1649668709699765000,114.5,15,114.0,27,114.5,22,1,2022-04-11 09:18:29
1649668711987287000,114.5,1,114.0,27,114.5,27,1,2022-04-11 09:18:31
1649668719532751000,114.5,1,114.0,27,114.5,26,1,2022-04-11 09:18:39
1649668720744344000,114.5,1,114.0,27,114.5,25,1,2022-04-11 09:18:40
1649668720782879000,114.5,1,114.0,27,114.5,24,1,2022-04-11 09:18:40
1649668721612733000,114.5,1,114.0,27,114.5,23,1,2022-04-11 09:18:41
1649668722310480000,114.5,2,114.0,27,114.5,24,1,2022-04-11 09:18:42
1649668722936276000,114.5,2,114.0,26,114.5,22,1,2022-04-11 09:18:42
1649668723227719000,114.5,2,114.0,26,114.5,20,1,2022-04-11 09:18:43
1649668723953855000,114.5,1,114.0,26,114.5,18,1,2022-04-11 09:18:43
1649668724308961000,114.5,1,114.0,26,114.5,17,1,2022-04-11 09:18:44
1649668724650706000,114.5,1,114.0,26,114.5,16,1,2022-04-11 09:18:44
1649668727132534000,114.5,5,114.0,26,114.5,11,1,2022-04-11 09:18:47
1649668729043131000,114.5,1,114.0,26,114.5,10,1,2022-04-11 09:18:49
1649668732668522000,114.5,2,114.0,25,114.5,8,1,2022-04-11 09:18:52
1649668733668802000,114.5,2,114.0,25,114.5,6,1,2022-04-11 09:18:53
1649668735707106000,114.5,1,114.0,25,114.5,5,1,2022-04-11 09:18:55
1649668736637137000,114.5,1,114.0,25,114.5,4,1,2022-04-11 09:18:56
1649668736845144000,114.5,1,114.0,25,115.0,68,2,2022-04-11 09:18:56
1649668739157534000,114.5,1,114.0,25,115.0,68,2,2022-04-11 09:18:59
1649668739497939000,114.5,1,114.0,25,114.5,3,1,2022-04-11 09:18:59
1649668739959572000,114.5,1,114.0,25,114.5,2,1,2022-04-11 09:18:59
1649668742577846000,114.5,1,114.0,25,115.0,64,1,2022-04-11 09:19:02
1649668744206753000,114.5,1,114.5,1,115.0,66,2,2022-04-11 09:19:04
1649668744243924000,114.5,1,114.0,23,115.0,66,2,2022-04-11 09:19:04
1649668744277872000,114.0,1,114.0,22,115.0,66,2,2022-04-11 09:19:04
1649668745880407000,114.5,1,114.0,22,115.0,66,2,2022-04-11 09:19:05
1649668747422107000,114.5,1,114.0,21,115.0,69,2,2022-04-11 09:19:07
1649668749987674000,114.5,1,114.0,21,114.5,4,1,2022-04-11 09:19:09
1649668750772030000,114.5,4,114.5,16,115.0,72,1,2022-04-11 09:19:10
1649668758381456000,114.5,1,114.5,16,115.0,72,2,2022-04-11 09:19:18
1649668758442183000,114.5,9,114.5,7,115.0,72,2,2022-04-11 09:19:18
1649668758476974000,114.5,7,114.0,23,115.0,72,2,2022-04-11 09:19:18
1649668762096750000,114.5,3,114.0,23,115.0,72,2,2022-04-11 09:19:22
1649668763909960000,114.5,1,114.0,23,115.0,72,2,2022-04-11 09:19:23
1649668774369426000,114.5,13,114.5,7,115.0,68,1,2022-04-11 09:19:34
1649668775262227000,114.5,2,114.5,5,115.0,68,2,2022-04-11 09:19:35
1649668775290783000,114.5,5,114.0,24,115.0,68,2,2022-04-11 09:19:35
1649668801070093000,114.5,1,114.0,28,114.5,18,1,2022-04-11 09:20:01
1649668801788804000,114.0,1,114.0,28,114.5,18,2,2022-04-11 09:20:01
1649668809831078000,114.0,10,114.0,20,114.5,18,2,2022-04-11 09:20:09
1649668810670758000,114.5,1,114.0,20,114.5,17,1,2022-04-11 09:20:10
1649668810908361000,114.5,10,114.0,20,114.5,7,1,2022-04-11 09:20:10
1649668811011739000,114.5,2,114.0,20,114.5,5,1,2022-04-11 09:20:11
1649668814540981000,114.5,10,114.0,17,114.5,4,1,2022-04-11 09:20:14
1649668814581103000,114.0,1,114.0,16,114.5,4,2,2022-04-11 09:20:14
1649668814619792000,114.0,1,114.0,15,114.5,4,2,2022-04-11 09:20:14
1649668814679837000,114.5,1,114.0,15,114.5,3,1,2022-04-11 09:20:14
1649668814706821000,114.5,1,114.0,15,114.5,2,1,2022-04-11 09:20:14
1649668814891609000,114.5,2,114.0,15,115.0,70,1,2022-04-11 09:20:14
1649668816626797000,114.5,1,114.0,20,115.0,67,2,2022-04-11 09:20:16
1649668816733672000,115.0,1,114.0,16,115.0,66,1,2022-04-11 09:20:16
1649668821816783000,114.5,1,114.5,1,115.0,66,2,2022-04-11 09:20:21
1649668824157070000,114.5,1,114.0,21,115.0,66,2,2022-04-11 09:20:24
1649668833546187000,114.5,1,114.5,5,115.0,63,2,2022-04-11 09:20:33
1649668839955521000,114.5,5,114.0,27,115.0,57,2,2022-04-11 09:20:39
1649668840044576000,115.0,1,114.0,27,115.0,56,1,2022-04-11 09:20:40
1649668842917911000,114.5,2,114.5,3,115.0,67,2,2022-04-11 09:20:42
1649668849277183000,114.5,3,114.5,5,115.0,66,2,2022-04-11 09:20:49
1649668854264816000,114.5,1,114.5,3,115.0,67,2,2022-04-11 09:20:54
1649668854513724000,114.5,1,114.5,2,115.0,67,2,2022-04-11 09:20:54
1649668855089473000,114.5,2,114.0,25,115.0,67,2,2022-04-11 09:20:55
1649668855089473000,114.0,2,114.0,25,115.0,67,2,2022-04-11 09:20:55
1649668856861527000,114.5,1,114.0,26,115.0,67,1,2022-04-11 09:20:56
1649668856981489000,115.0,1,114.0,25,115.0,66,1,2022-04-11 09:20:56
1649668864209936000,115.0,1,114.0,24,115.0,66,1,2022-04-11 09:21:04
1649668866763563000,114.5,1,114.0,25,115.0,66,1,2022-04-11 09:21:06
1649668873019599000,114.5,1,114.5,3,115.0,66,2,2022-04-11 09:21:13
1649668873056610000,114.5,1,114.5,2,115.0,66,2,2022-04-11 09:21:13
1649668877001024000,115.0,1,114.5,3,115.0,67,1,2022-04-11 09:21:17
1649668879725310000,115.0,5,114.5,4,115.0,62,1,2022-04-11 09:21:19
1649668879818726000,115.0,1,114.5,9,115.0,61,1,2022-04-11 09:21:19
1649668882614991000,115.0,5,114.5,11,115.0,55,1,2022-04-11 09:21:22
1649668882651538000,115.0,12,114.5,11,115.0,43,1,2022-04-11 09:21:22
1649668882681147000,115.0,3,114.5,11,115.0,40,1,2022-04-11 09:21:22
1649668882708242000,114.5,1,114.5,10,115.0,40,2,2022-04-11 09:21:22
1649668882712219000,115.0,1,114.5,10,115.0,39,1,2022-04-11 09:21:22
1649668882756322000,115.0,2,114.5,13,115.0,37,1,2022-04-11 09:21:22
1649668882782797000,115.0,4,114.5,13,115.0,33,1,2022-04-11 09:21:22
1649668882812800000,115.0,1,114.5,13,115.0,32,1,2022-04-11 09:21:22
1649668882830492000,115.0,1,114.5,13,115.0,31,1,2022-04-11 09:21:22
1649668882862345000,115.0,24,114.5,13,115.0,7,1,2022-04-11 09:21:22
1649668882888657000,115.0,7,114.5,13,115.5,34,1,2022-04-11 09:21:22
1649668882890911000,115.5,1,114.5,13,115.5,33,1,2022-04-11 09:21:22
1649668882979326000,115.0,1,115.0,1,115.5,30,2,2022-04-11 09:21:22
1649668882986604000,115.5,3,115.0,1,115.5,27,1,2022-04-11 09:21:22
1649668883019096000,115.5,2,115.0,1,115.5,25,1,2022-04-11 09:21:23
1649668883160417000,115.5,1,115.0,1,115.5,24,1,2022-04-11 09:21:23
1649668883261553000,115.5,1,115.0,1,115.5,23,1,2022-04-11 09:21:23
1649668884281334000,115.0,1,115.0,4,115.5,23,2,2022-04-11 09:21:24
1649668890612131000,115.0,1,115.0,12,115.5,22,2,2022-04-11 09:21:30
1649668901074752000,115.0,1,115.0,22,115.5,20,2,2022-04-11 09:21:41
1649668910082512000,115.0,1,115.0,22,115.5,19,2,2022-04-11 09:21:50
1649668918288977000,115.5,1,115.0,27,115.5,18,1,2022-04-11 09:21:58
1649668918333966000,115.5,1,115.0,27,115.5,17,1,2022-04-11 09:21:58
1649668924067612000,115.5,1,115.0,29,115.5,17,1,2022-04-11 09:22:04
1649668924476783000,115.5,1,115.0,29,115.5,16,1,2022-04-11 09:22:04
1649668924638189000,115.5,1,115.0,29,115.5,15,1,2022-04-11 09:22:04
1649668924743389000,115.5,1,115.0,29,115.5,14,1,2022-04-11 09:22:04
1649668927330035000,115.5,1,115.0,39,115.5,13,1,2022-04-11 09:22:07
1649668927496499000,115.5,3,115.0,39,115.5,10,1,2022-04-11 09:22:07
1649668927955045000,115.5,1,115.0,39,115.5,9,1,2022-04-11 09:22:07
1649668928342308000,115.5,1,115.0,39,115.5,8,1,2022-04-11 09:22:08
1649668928422147000,115.5,1,115.0,39,115.5,7,1,2022-04-11 09:22:08
1649668928444821000,115.5,1,115.0,39,115.5,6,1,2022-04-11 09:22:08
1649668929076711000,115.5,2,115.0,37,115.5,4,1,2022-04-11 09:22:09
1649668929643917000,115.5,2,115.0,41,115.5,2,1,2022-04-11 09:22:09
1649668929785870000,115.5,1,115.0,41,115.5,1,1,2022-04-11 09:22:09
1649668930040278000,115.5,1,115.0,41,116.0,56,1,2022-04-11 09:22:10
1649668936128492000,116.0,2,115.5,21,116.0,54,1,2022-04-11 09:22:16
1649668936160546000,116.0,1,115.5,21,116.0,53,1,2022-04-11 09:22:16
1649668936160672000,116.0,1,115.5,21,116.0,52,1,2022-04-11 09:22:16
1649668936161999000,116.0,1,115.5,21,116.0,51,1,2022-04-11 09:22:16
1649668936168733000,116.0,1,115.5,21,116.0,50,1,2022-04-11 09:22:16
1649668936171070000,116.0,1,115.5,21,116.0,49,1,2022-04-11 09:22:16
1649668936175724000,116.0,1,115.5,21,116.0,48,1,2022-04-11 09:22:16
1649668936175862000,116.0,1,115.5,21,116.0,47,1,2022-04-11 09:22:16
1649668936178899000,116.0,1,115.5,21,116.0,46,1,2022-04-11 09:22:16
1649668936184336000,116.0,1,115.5,21,116.0,45,1,2022-04-11 09:22:16
1649668936185995000,116.0,1,115.5,21,116.0,44,1,2022-04-11 09:22:16
1649668936187163000,116.0,1,115.5,21,116.0,43,1,2022-04-11 09:22:16
1649668936266240000,116.0,1,115.5,21,116.0,42,1,2022-04-11 09:22:16
1649668936294878000,116.0,1,115.5,21,116.0,41,1,2022-04-11 09:22:16
1649668938063310000,116.0,1,115.5,24,116.0,40,1,2022-04-11 09:22:18
1649668940414765000,116.0,5,115.5,24,116.0,31,1,2022-04-11 09:22:20
1649668940513337000,116.0,1,115.5,24,116.0,30,1,2022-04-11 09:22:20
1649668942389959000,115.5,1,115.5,23,116.0,30,2,2022-04-11 09:22:22
1649668942955835000,116.0,2,115.5,23,116.0,28,1,2022-04-11 09:22:22
1649668943056904000,116.0,1,115.5,23,116.0,27,1,2022-04-11 09:22:23
1649668943065959000,116.0,6,115.5,17,116.0,21,1,2022-04-11 09:22:23
1649668943175607000,116.0,1,115.5,17,116.0,20,1,2022-04-11 09:22:23
1649668943241644000,116.0,1,115.5,17,116.0,19,1,2022-04-11 09:22:23
1649668944149876000,115.5,1,115.5,20,116.0,18,2,2022-04-11 09:22:24
1649668944710845000,116.0,10,115.5,20,116.0,8,1,2022-04-11 09:22:24
1649668944823550000,116.0,2,115.5,20,116.0,6,1,2022-04-11 09:22:24
1649668945844455000,116.0,2,115.5,20,116.0,4,1,2022-04-11 09:22:25
1649668945943789000,116.0,1,115.5,19,116.0,3,1,2022-04-11 09:22:25
1649668945955504000,116.0,1,115.5,19,116.0,2,1,2022-04-11 09:22:25
1649668946177785000,116.0,1,115.5,19,116.0,1,1,2022-04-11 09:22:26
1649668946291465000,116.0,1,115.5,21,116.5,63,1,2022-04-11 09:22:26
1649668947293676000,116.5,1,116.0,5,116.5,66,1,2022-04-11 09:22:27
1649668947503918000,116.0,1,116.0,10,116.5,62,2,2022-04-11 09:22:27
1649668947542213000,116.0,1,116.0,9,116.5,62,2,2022-04-11 09:22:27
1649668948334152000,116.5,1,116.0,10,116.5,61,1,2022-04-11 09:22:28
1649668948752479000,116.5,4,116.0,9,116.5,57,1,2022-04-11 09:22:28
1649668948869063000,116.5,1,116.0,9,116.5,56,1,2022-04-11 09:22:28
1649668951135604000,116.0,17,116.0,1,116.5,66,2,2022-04-11 09:22:31
1649668951168292000,116.0,1,115.5,23,116.5,66,2,2022-04-11 09:22:31
1649668951255158000,116.0,3,115.5,23,116.0,2,1,2022-04-11 09:22:31
1649668951893589000,116.0,1,115.5,20,116.0,4,1,2022-04-11 09:22:31
1649668952494837000,116.0,1,115.5,20,116.0,6,1,2022-04-11 09:22:32
1649668952597171000,116.0,1,115.5,20,116.0,5,1,2022-04-11 09:22:32
1649668952720066000,116.0,1,115.5,20,116.0,4,1,2022-04-11 09:22:32
1649668954620245000,115.5,1,115.5,19,116.0,8,2,2022-04-11 09:22:34
1649668955863050000,116.0,3,115.5,19,116.0,8,1,2022-04-11 09:22:35
1649668956492410000,116.0,1,115.5,19,116.0,7,1,2022-04-11 09:22:36
1649668956579343000,116.0,1,115.5,19,116.0,6,1,2022-04-11 09:22:36
1649668956827112000,116.0,1,115.5,19,116.0,9,1,2022-04-11 09:22:36
1649668958078590000,116.0,4,115.5,21,116.0,9,1,2022-04-11 09:22:38
1649668958122328000,116.0,2,115.5,21,116.0,11,1,2022-04-11 09:22:38
1649668958144298000,115.5,1,115.5,20,116.0,11,2,2022-04-11 09:22:38
1649668958192150000,116.0,1,115.5,20,116.0,10,1,2022-04-11 09:22:38
1649668959371243000,116.0,4,115.5,20,116.0,9,1,2022-04-11 09:22:39
1649668959499184000,116.0,1,115.5,20,116.0,8,1,2022-04-11 09:22:39
1649668961637805000,116.0,1,115.5,21,116.0,8,1,2022-04-11 09:22:41
1649668965178913000,116.0,3,115.5,22,116.0,5,1,2022-04-11 09:22:45
1649668966647352000,116.0,1,115.5,22,116.0,7,1,2022-04-11 09:22:46
1649668966772982000,116.0,1,115.5,22,116.0,6,1,2022-04-11 09:22:46
1649668966871098000,116.0,1,115.5,22,116.0,6,1,2022-04-11 09:22:46
1649668970653657000,116.0,1,115.5,22,116.0,9,1,2022-04-11 09:22:50
1649668972755968000,116.0,1,115.5,23,116.0,10,1,2022-04-11 09:22:52
1649668973208460000,116.0,10,115.5,23,116.5,71,1,2022-04-11 09:22:53
1649668973301633000,116.0,2,115.5,23,116.0,1,1,2022-04-11 09:22:53
1649668973961149000,116.5,1,116.0,4,116.5,74,1,2022-04-11 09:22:53
1649668976054304000,116.0,10,116.0,2,116.5,69,2,2022-04-11 09:22:56
1649668976075593000,116.0,2,115.5,21,116.5,69,2,2022-04-11 09:22:56
1649668976159209000,116.0,2,115.5,21,116.0,2,1,2022-04-11 09:22:56
1649668976611883000,116.0,1,115.5,21,116.0,1,1,2022-04-11 09:22:56
1649668979512352000,116.0,3,115.5,21,116.5,69,2,2022-04-11 09:22:59
1649668979669102000,116.5,1,115.5,21,116.5,69,1,2022-04-11 09:22:59
1649668984500173000,116.0,3,115.5,22,116.0,2,2,2022-04-11 09:23:04
1649668984531338000,115.5,1,115.5,21,116.0,2,2,2022-04-11 09:23:04
1649668984541576000,116.0,1,115.5,21,116.0,1,1,2022-04-11 09:23:04
1649668985308956000,116.0,1,116.0,2,116.5,72,1,2022-04-11 09:23:05
1649668985349521000,116.0,2,115.5,21,116.5,72,2,2022-04-11 09:23:05
1649668985672741000,116.5,1,115.5,24,116.5,75,1,2022-04-11 09:23:05
1649668986232848000,116.0,1,115.5,24,116.0,5,1,2022-04-11 09:23:06
1649668987083655000,116.0,1,115.5,25,116.0,6,1,2022-04-11 09:23:07
1649668988073054000,116.0,5,115.5,25,116.5,75,1,2022-04-11 09:23:08
1649668988156217000,116.5,1,115.5,25,116.5,75,1,2022-04-11 09:23:08
1649668988231024000,115.5,1,115.5,24,116.5,75,2,2022-04-11 09:23:08
1649668991087385000,116.0,1,115.5,25,116.0,2,1,2022-04-11 09:23:11
1649668993449438000,116.0,1,115.5,26,116.0,1,1,2022-04-11 09:23:13
1649668995033097000,116.0,1,115.5,26,116.0,4,1,2022-04-11 09:23:15
1649668995070711000,116.0,2,115.5,26,116.0,1,1,2022-04-11 09:23:15
1649668995473064000,116.0,1,115.5,26,116.5,74,1,2022-04-11 09:23:15
1649668996051223000,116.0,1,115.5,26,116.5,75,1,2022-04-11 09:23:16
1649668996165043000,116.5,1,115.5,26,116.5,74,1,2022-04-11 09:23:16
1649669000293902000,116.0,1,116.0,6,116.5,70,2,2022-04-11 09:23:20
1649669001289702000,116.5,10,116.0,7,116.5,60,1,2022-04-11 09:23:21
1649669001389473000,116.5,1,116.0,7,116.5,59,1,2022-04-11 09:23:21
1649669001501194000,116.5,1,116.0,8,116.5,58,1,2022-04-11 09:23:21
1649669003810867000,116.0,1,116.0,8,116.5,59,2,2022-04-11 09:23:23
1649669003944099000,116.0,1,116.0,7,116.5,59,2,2022-04-11 09:23:23
1649669003988789000,116.5,2,116.0,7,116.5,57,1,2022-04-11 09:23:23
1649669004003299000,116.5,5,116.0,7,116.5,52,1,2022-04-11 09:23:24
1649669004124519000,116.5,1,116.0,8,116.5,51,1,2022-04-11 09:23:24
1649669005165587000,116.5,5,116.0,11,116.5,46,1,2022-04-11 09:23:25
1649669005299591000,116.5,1,116.0,12,116.5,45,1,2022-04-11 09:23:25
1649669006538081000,116.5,1,116.0,14,116.5,44,1,2022-04-11 09:23:26
1649669010193527000,116.5,1,116.0,17,116.5,45,1,2022-04-11 09:23:30
1649669012416982000,116.5,1,116.0,16,116.5,46,1,2022-04-11 09:23:32
1649669012489312000,116.0,1,116.0,15,116.5,46,2,2022-04-11 09:23:32
1649669012543872000,116.5,1,116.0,15,116.5,45,1,2022-04-11 09:23:32
1649669013415846000,116.5,1,116.0,16,116.5,44,1,2022-04-11 09:23:33
1649669021241733000,116.5,1,116.0,22,116.5,51,1,2022-04-11 09:23:41
1649669025748820000,116.0,1,116.0,23,116.5,58,2,2022-04-11 09:23:45
1649669025786079000,116.0,1,116.0,22,116.5,58,2,2022-04-11 09:23:45
1649669028785655000,116.5,1,116.0,22,116.5,58,1,2022-04-11 09:23:48
1649669028880366000,116.5,1,116.0,22,116.5,60,1,2022-04-11 09:23:48
1649669029592144000,116.0,1,116.0,21,116.5,60,2,2022-04-11 09:23:49
1649669030764406000,116.0,1,116.0,21,116.5,61,2,2022-04-11 09:23:50
1649669035546690000,116.0,5,116.0,16,116.5,61,2,2022-04-11 09:23:55
1649669035578217000,116.0,16,115.5,21,116.5,61,2,2022-04-11 09:23:55
1649669035652797000,116.0,1,115.5,21,116.0,1,1,2022-04-11 09:23:55
1649669035683157000,116.0,2,115.5,21,116.5,63,1,2022-04-11 09:23:55
1649669035803173000,116.0,1,115.5,21,116.0,4,1,2022-04-11 09:23:55
1649669036825955000,116.0,1,115.5,21,116.0,4,1,2022-04-11 09:23:56
1649669036887203000,116.0,1,115.5,21,116.0,3,1,2022-04-11 09:23:56
1649669039718650000,116.0,1,115.5,21,116.0,8,1,2022-04-11 09:23:59
1649669040138756000,116.0,1,115.5,21,116.0,7,1,2022-04-11 09:24:00
1649669040551620000,116.0,1,115.5,21,116.0,7,1,2022-04-11 09:24:00
1649669040671051000,116.0,1,115.5,21,116.0,7,1,2022-04-11 09:24:00
1649669041233664000,116.0,1,115.5,23,116.0,7,1,2022-04-11 09:24:01
1649669045935435000,116.0,1,115.5,23,116.0,13,1,2022-04-11 09:24:05
1649669047412197000,116.0,10,115.5,23,116.0,9,1,2022-04-11 09:24:07
1649669047504549000,116.0,1,115.5,23,116.0,8,1,2022-04-11 09:24:07
1649669047657612000,116.0,1,115.5,23,116.0,7,1,2022-04-11 09:24:07
1649669053019060000,116.0,1,115.5,26,116.0,6,1,2022-04-11 09:24:13
1649669054679529000,116.0,1,115.5,26,116.0,5,1,2022-04-11 09:24:14
1649669056904688000,116.0,1,115.5,26,116.0,2,1,2022-04-11 09:24:16
1649669057118033000,116.0,1,115.5,26,116.0,4,1,2022-04-11 09:24:17
1649669057547578000,116.0,1,116.0,2,116.5,63,1,2022-04-11 09:24:17
1649669057577638000,116.0,2,115.5,26,116.5,63,2,2022-04-11 09:24:17
1649669057636662000,116.5,1,115.5,26,116.5,62,1,2022-04-11 09:24:17
1649669066219180000,116.5,3,116.0,7,116.5,58,1,2022-04-11 09:24:26
1649669067057724000,116.5,1,116.0,7,116.5,57,1,2022-04-11 09:24:27
1649669067173985000,116.5,1,116.0,7,116.5,56,1,2022-04-11 09:24:27
1649669078103151000,116.5,1,116.0,17,116.5,55,1,2022-04-11 09:24:38
1649669078654757000,116.0,1,116.0,16,116.5,55,2,2022-04-11 09:24:38
1649669081935197000,116.5,2,116.0,15,116.5,53,1,2022-04-11 09:24:41
1649669086069350000,116.5,2,116.0,47,116.5,52,1,2022-04-11 09:24:46
1649669086174887000,116.5,1,116.0,47,116.5,51,1,2022-04-11 09:24:46
1649669091215733000,116.5,1,116.0,47,116.5,53,1,2022-04-11 09:24:51
1649669092057372000,116.0,1,116.0,47,116.5,53,2,2022-04-11 09:24:52
1649669097215863000,116.5,1,116.0,49,116.5,52,1,2022-04-11 09:24:57
1649669102229351000,116.0,1,116.0,52,116.5,50,2,2022-04-11 09:25:02
1649669102436542000,116.5,1,116.0,52,116.5,49,1,2022-04-11 09:25:02
1649669103146782000,116.5,1,116.0,54,116.5,49,1,2022-04-11 09:25:03
1649669103305265000,116.5,2,116.0,54,116.5,47,1,2022-04-11 09:25:03
1649669105943348000,116.5,1,116.0,54,116.5,46,1,2022-04-11 09:25:05
1649669109063129000,116.5,1,116.0,53,116.5,71,1,2022-04-11 09:25:09
1649669109182197000,116.5,1,116.0,54,116.5,67,1,2022-04-11 09:25:09
1649669111867236000,116.0,4,116.0,52,116.5,67,2,2022-04-11 09:25:11
1649669113971313000,116.0,40,116.0,12,116.5,72,2,2022-04-11 09:25:13
1649669114005989000,116.0,10,116.0,2,116.5,72,2,2022-04-11 09:25:14
1649669114006137000,116.0,2,115.5,26,116.5,72,2,2022-04-11 09:25:14
1649669114076422000,116.0,6,115.5,26,116.5,73,1,2022-04-11 09:25:14
1649669114203645000,116.5,2,115.5,26,116.5,75,1,2022-04-11 09:25:14
1649669114219155000,116.5,1,115.5,26,116.5,74,1,2022-04-11 09:25:14
1649669115446063000,116.0,1,115.5,27,116.0,1,1,2022-04-11 09:25:15
1649669115554241000,116.0,1,115.5,27,116.5,75,1,2022-04-11 09:25:15
1649669115906668000,116.5,1,115.5,26,116.5,74,1,2022-04-11 09:25:15
1649669127468962000,116.0,9,116.0,7,116.5,73,2,2022-04-11 09:25:27
1649669127495024000,116.0,4,116.0,3,116.5,72,2,2022-04-11 09:25:27
1649669127579911000,116.5,1,116.0,3,116.5,71,1,2022-04-11 09:25:27
1649669127609971000,116.5,1,116.0,3,116.5,70,1,2022-04-11 09:25:27
1649669127807461000,116.0,1,116.0,2,116.5,70,2,2022-04-11 09:25:27
1649669127837216000,116.0,2,115.5,32,116.5,70,2,2022-04-11 09:25:27
1649669127932724000,116.5,1,115.5,35,116.5,69,1,2022-04-11 09:25:27
1649669129607059000,115.5,1,115.5,35,116.0,4,2,2022-04-11 09:25:29
1649669135212266000,116.0,1,115.5,45,116.0,12,1,2022-04-11 09:25:35
1649669144275345000,116.0,1,115.5,53,116.0,13,1,2022-04-11 09:25:44
1649669145918678000,116.0,1,115.5,53,116.0,16,1,2022-04-11 09:25:45
1649669163596397000,116.0,1,115.5,49,116.0,32,1,2022-04-11 09:26:03
1649669163698139000,116.0,1,115.5,49,116.0,31,1,2022-04-11 09:26:03
1649669163739689000,115.5,1,115.5,48,116.0,31,2,2022-04-11 09:26:03
1649669164498050000,115.5,1,115.5,47,116.0,32,2,2022-04-11 09:26:04
1649669166952801000,115.5,2,115.5,45,116.0,29,2,2022-04-11 09:26:06
1649669168404573000,115.5,1,115.5,44,116.0,32,2,2022-04-11 09:26:08
1649669169360383000,115.5,1,115.5,43,116.0,32,2,2022-04-11 09:26:09
1649669169469370000,116.0,1,115.5,43,116.0,31,1,2022-04-11 09:26:09
1649669183220237000,116.0,1,115.5,44,116.0,36,1,2022-04-11 09:26:23
1649669185578682000,116.0,1,115.5,44,116.0,35,1,2022-04-11 09:26:25
1649669187227142000,115.5,1,115.5,43,116.0,37,2,2022-04-11 09:26:27
1649669202425488000,115.5,1,115.5,43,116.0,39,2,2022-04-11 09:26:42
1649669205380639000,116.0,2,115.5,43,116.0,37,1,2022-04-11 09:26:45
1649669205509790000,116.0,1,115.5,43,116.0,36,1,2022-04-11 09:26:45
1649669214926647000,116.0,1,115.5,42,116.0,44,1,2022-04-11 09:26:54
1649669220703641000,115.5,1,115.5,41,116.0,50,2,2022-04-11 09:27:00
1649669222705513000,115.5,1,115.5,40,116.0,51,2,2022-04-11 09:27:02
1649669226142658000,115.5,1,115.5,39,116.0,52,2,2022-04-11 09:27:06
1649669232136214000,115.5,5,115.5,34,116.0,62,2,2022-04-11 09:27:12
1649669232171245000,115.5,20,115.5,14,116.0,62,2,2022-04-11 09:27:12
1649669232172042000,115.5,14,115.0,49,116.0,62,2,2022-04-11 09:27:12
1649669232248656000,115.5,1,115.0,46,115.5,10,1,2022-04-11 09:27:12
1649669232278541000,115.5,3,115.0,46,115.5,7,1,2022-04-11 09:27:12
1649669232290650000,115.0,1,115.0,45,115.5,7,2,2022-04-11 09:27:12
1649669232313992000,115.5,2,115.0,45,115.5,5,1,2022-04-11 09:27:12
1649669232440471000,115.5,1,115.0,45,115.5,9,1,2022-04-11 09:27:12
1649669233192905000,115.0,4,115.0,41,115.5,5,2,2022-04-11 09:27:13
1649669233233659000,115.0,1,115.0,40,115.5,10,2,2022-04-11 09:27:13
1649669233296256000,115.5,1,115.0,40,115.5,9,1,2022-04-11 09:27:13
1649669236697510000,115.0,1,115.0,38,115.5,16,2,2022-04-11 09:27:16
1649669242200353000,115.0,1,115.0,36,115.5,31,2,2022-04-11 09:27:22
1649669242294479000,115.5,1,115.0,36,115.5,30,1,2022-04-11 09:27:22
1649669252649992000,115.0,1,115.0,35,115.5,34,2,2022-04-11 09:27:32
1649669254832131000,115.0,1,115.0,34,115.5,35,2,2022-04-11 09:27:34
1649669257753103000,115.0,1,115.0,34,115.5,39,2,2022-04-11 09:27:37
1649669262089405000,115.0,2,115.0,29,115.5,41,2,2022-04-11 09:27:42
1649669262213733000,115.5,1,115.0,29,115.5,41,1,2022-04-11 09:27:42
1649669262744530000,115.0,1,115.0,28,115.5,41,2,2022-04-11 09:27:42
1649669262855981000,115.0,1,115.0,27,115.5,41,2,2022-04-11 09:27:42
1649669267184264000,115.0,5,115.0,23,115.5,40,2,2022-04-11 09:27:47
1649669267216899000,115.0,1,115.0,22,115.5,40,2,2022-04-11 09:27:47
1649669267288340000,115.5,1,115.0,22,115.5,39,1,2022-04-11 09:27:47
1649669267574517000,115.0,1,115.0,21,115.5,40,2,2022-04-11 09:27:47
1649669267825406000,115.0,4,115.0,17,115.5,61,2,2022-04-11 09:27:47
1649669267864622000,115.0,2,115.0,15,115.5,61,2,2022-04-11 09:27:47
1649669267960349000,115.0,1,115.0,14,115.5,61,2,2022-04-11 09:27:47
1649669267975626000,115.5,1,115.0,14,115.5,60,1,2022-04-11 09:27:47
1649669267998855000,115.0,2,115.0,12,115.5,60,2,2022-04-11 09:27:47
1649669268106676000,115.5,1,115.0,12,115.5,59,1,2022-04-11 09:27:48
1649669268448036000,115.0,1,115.0,11,115.5,59,2,2022-04-11 09:27:48
1649669268769843000,115.0,1,115.0,10,115.5,59,2,2022-04-11 09:27:48
1649669268980430000,115.0,1,115.0,9,115.5,59,2,2022-04-11 09:27:48
1649669269147166000,115.0,9,114.5,22,115.0,1,2,2022-04-11 09:27:49
1649669269249011000,115.0,1,114.5,22,115.5,58,1,2022-04-11 09:27:49
1649669269249011000,115.5,1,114.5,22,115.5,58,1,2022-04-11 09:27:49
1649669270312360000,115.0,1,114.5,23,115.5,59,1,2022-04-11 09:27:50
1649669270612833000,115.0,1,114.5,21,115.5,59,2,2022-04-11 09:27:50
1649669270612833000,114.5,2,114.5,21,115.5,59,2,2022-04-11 09:27:50
1649669270714738000,115.0,1,114.5,21,115.0,10,1,2022-04-11 09:27:50
1649669275761980000,114.5,1,114.5,15,115.0,20,2,2022-04-11 09:27:55
1649669280865505000,114.5,1,114.5,18,115.0,22,2,2022-04-11 09:28:00
1649669284495490000,114.5,2,114.5,14,115.0,27,2,2022-04-11 09:28:04
1649669284711722000,114.5,1,114.5,13,115.0,28,2,2022-04-11 09:28:04
1649669285968905000,114.5,1,114.5,12,115.0,28,2,2022-04-11 09:28:05
1649669286076337000,115.0,1,114.5,12,115.0,27,1,2022-04-11 09:28:06
1649669288372114000,114.5,1,114.5,11,115.0,27,2,2022-04-11 09:28:08
1649669288400836000,114.5,1,114.5,10,115.0,27,2,2022-04-11 09:28:08
1649669288433813000,114.5,1,114.5,9,115.0,27,2,2022-04-11 09:28:08
1649669291055101000,114.5,1,114.5,8,115.0,27,2,2022-04-11 09:28:11
1649669291058023000,114.5,1,114.5,7,115.0,27,2,2022-04-11 09:28:11
1649669291500584000,114.5,2,114.5,7,115.0,28,2,2022-04-11 09:28:11
1649669291590691000,115.0,1,114.5,7,115.0,27,1,2022-04-11 09:28:11
1649669291619223000,114.5,1,114.5,6,115.0,27,2,2022-04-11 09:28:11
1649669292671340000,114.5,1,114.5,5,115.0,27,2,2022-04-11 09:28:12
1649669294084096000,114.5,1,114.5,8,115.0,26,2,2022-04-11 09:28:14
1649669296106964000,114.5,1,114.5,7,115.0,26,2,2022-04-11 09:28:16
1649669296117542000,114.5,1,114.5,6,115.0,26,2,2022-04-11 09:28:16
1649669296212666000,115.0,1,114.5,6,115.0,25,1,2022-04-11 09:28:16
1649669296249332000,114.5,1,114.5,5,115.0,25,2,2022-04-11 09:28:16
1649669296414569000,114.5,1,114.5,4,115.0,25,2,2022-04-11 09:28:16
1649669296921810000,114.5,1,114.0,46,115.0,28,1,2022-04-11 09:28:16
1649669296993847000,114.5,1,114.0,46,115.0,28,1,2022-04-11 09:28:16
1649669297044910000,114.5,1,114.0,46,115.0,28,1,2022-04-11 09:28:17
1649669297128980000,115.0,1,114.0,46,115.0,27,1,2022-04-11 09:28:17
1649669301561595000,114.5,1,114.5,8,115.0,26,2,2022-04-11 09:28:21
1649669306071043000,114.5,1,114.5,10,115.0,30,2,2022-04-11 09:28:26
1649669307973341000,114.5,1,114.5,9,115.0,30,2,2022-04-11 09:28:27
1649669308077215000,114.5,1,114.5,8,115.0,30,2,2022-04-11 09:28:28
1649669310521182000,114.5,1,114.5,7,115.0,31,2,2022-04-11 09:28:30
1649669314705018000,114.5,1,114.5,5,115.0,32,2,2022-04-11 09:28:34
1649669314827305000,115.0,1,114.5,5,115.0,31,1,2022-04-11 09:28:34
1649669315325266000,114.5,1,114.5,4,115.0,31,2,2022-04-11 09:28:35
1649669318788691000,114.5,1,114.5,13,115.0,31,2,2022-04-11 09:28:38
1649669332578821000,114.5,1,114.5,17,115.0,31,2,2022-04-11 09:28:52
1649669345020354000,114.5,1,114.5,12,115.0,31,2,2022-04-11 09:29:05
1649669346562545000,114.5,1,114.5,11,115.0,31,2,2022-04-11 09:29:06
1649669346646899000,115.0,1,114.5,11,115.0,30,1,2022-04-11 09:29:06
1649669349107921000,114.5,1,114.5,10,115.0,30,2,2022-04-11 09:29:09
1649669353059072000,115.0,30,114.5,24,115.0,1,1,2022-04-11 09:29:13
1649669353080460000,115.0,1,114.5,24,115.5,47,1,2022-04-11 09:29:13
1649669353538610000,115.5,4,114.5,24,115.5,40,1,2022-04-11 09:29:13
1649669353890077000,115.5,1,115.0,6,115.5,39,1,2022-04-11 09:29:13
1649669358670215000,115.0,1,115.0,6,115.5,39,2,2022-04-11 09:29:18
1649669361958423000,115.0,6,115.0,4,115.5,38,2,2022-04-11 09:29:21
1649669362037285000,115.0,1,114.5,30,115.5,38,2,2022-04-11 09:29:22
1649669362079816000,115.5,1,114.5,30,115.5,37,1,2022-04-11 09:29:22
1649669365817456000,115.0,1,114.5,30,115.5,36,1,2022-04-11 09:29:25
1649669382280415000,115.0,1,115.0,9,115.5,36,2,2022-04-11 09:29:42
1649669384081424000,115.0,1,115.0,3,115.5,36,2,2022-04-11 09:29:44
1649669384546243000,115.0,1,115.0,2,115.5,36,2,2022-04-11 09:29:44
1649669387474075000,115.0,1,115.0,1,115.5,36,2,2022-04-11 09:29:47
1649669388086596000,115.0,1,114.5,34,115.5,36,2,2022-04-11 09:29:48
1649669389029555000,115.0,1,115.0,1,115.5,36,2,2022-04-11 09:29:49
1649669389116146000,115.5,1,115.0,1,115.5,35,1,2022-04-11 09:29:49
1649669398094251000,115.0,2,115.0,2,115.5,36,2,2022-04-11 09:29:58
1649669398674701000,115.0,1,115.0,1,115.5,36,2,2022-04-11 09:29:58
1649669398704106000,115.0,1,114.5,36,115.5,37,2,2022-04-11 09:29:58
1649669410711027000,114.5,4,114.5,27,115.5,36,2,2022-04-11 09:30:10
1649669410803293000,115.0,1,114.5,27,115.0,5,1,2022-04-11 09:30:10
1649669414177893000,115.0,1,114.5,26,115.0,5,1,2022-04-11 09:30:14
1649669417065889000,115.0,2,114.5,26,115.0,5,1,2022-04-11 09:30:17
1649669417253252000,115.0,1,114.5,26,115.0,1,1,2022-04-11 09:30:17
1649669417762566000,114.5,1,114.5,25,115.0,2,2,2022-04-11 09:30:17
1649669419155162000,114.5,1,114.5,24,115.0,2,2,2022-04-11 09:30:19
1649669419163880000,115.0,2,114.5,24,115.5,42,1,2022-04-11 09:30:19
1649669424320420000,115.0,1,114.5,24,115.0,3,1,2022-04-11 09:30:24
1649669424989320000,115.0,1,114.5,24,115.5,45,2,2022-04-11 09:30:24
1649669425089658000,115.5,1,114.5,24,115.5,41,1,2022-04-11 09:30:25
1649669431840733000,115.0,1,114.5,24,115.5,41,1,2022-04-11 09:30:31
1649669458347822000,115.0,1,115.0,4,115.5,38,2,2022-04-11 09:30:58
1649669469021682000,115.0,1,115.0,4,115.5,41,2,2022-04-11 09:31:09
1649669469048857000,115.0,4,114.5,22,115.5,41,2,2022-04-11 09:31:09
1649669469081852000,114.5,2,114.5,20,115.5,41,2,2022-04-11 09:31:09
1649669469171912000,115.5,1,114.5,23,115.5,40,1,2022-04-11 09:31:09
1649669474525107000,115.5,1,114.5,23,115.5,39,1,2022-04-11 09:31:14
1649669489078614000,115.0,2,114.5,22,115.5,41,2,2022-04-11 09:31:29
1649669489210598000,115.5,1,114.5,22,115.5,40,1,2022-04-11 09:31:29
1649669495610346000,115.0,2,114.5,23,115.0,4,2,2022-04-11 09:31:35
1649669496100891000,115.0,4,115.0,6,115.5,41,1,2022-04-11 09:31:36
1649669496208723000,115.5,1,115.0,6,115.5,40,1,2022-04-11 09:31:36
1649669507343894000,115.0,1,115.0,6,115.5,41,2,2022-04-11 09:31:47
1649669511170589000,115.0,1,115.0,5,115.5,41,2,2022-04-11 09:31:51
1649669522114853000,115.0,1,115.0,5,115.5,44,2,2022-04-11 09:32:02
1649669522147881000,115.0,1,115.0,4,115.5,44,2,2022-04-11 09:32:02
1649669525566794000,115.0,1,115.0,4,115.5,45,2,2022-04-11 09:32:05
1649669545068089000,115.0,1,115.0,3,115.5,45,2,2022-04-11 09:32:25
1649669545269141000,115.0,1,115.0,2,115.5,45,2,2022-04-11 09:32:25
1649669546931426000,115.0,2,114.5,23,115.5,45,2,2022-04-11 09:32:26
1649669557882079000,115.0,1,114.5,32,115.0,3,1,2022-04-11 09:32:37
1649669558831089000,114.5,1,114.5,31,115.0,4,2,2022-04-11 09:32:38
1649669563711918000,115.0,4,115.0,14,115.5,45,1,2022-04-11 09:32:43
1649669563832484000,115.5,1,115.0,14,115.5,44,1,2022-04-11 09:32:43
1649669567823199000,115.0,1,115.0,19,115.5,43,2,2022-04-11 09:32:47
1649669570287524000,115.0,3,115.0,16,115.5,42,2,2022-04-11 09:32:50
1649669579147173000,115.0,1,115.0,16,115.5,43,2,2022-04-11 09:32:59
1649669581927967000,115.5,12,115.0,27,115.5,31,1,2022-04-11 09:33:01
1649669581958083000,115.5,20,115.0,27,115.5,11,1,2022-04-11 09:33:01
1649669581958946000,115.5,11,115.0,27,116.0,66,1,2022-04-11 09:33:01
1649669582060004000,116.0,2,115.5,5,116.0,61,1,2022-04-11 09:33:02
1649669582078314000,116.0,2,115.5,5,116.0,59,1,2022-04-11 09:33:02
1649669582111930000,116.0,1,115.5,5,116.0,58,1,2022-04-11 09:33:02
1649669582342719000,116.0,3,115.5,5,116.0,55,1,2022-04-11 09:33:02
1649669582386680000,116.0,4,115.5,5,116.0,51,1,2022-04-11 09:33:02
1649669582430820000,116.0,12,115.5,5,116.0,39,1,2022-04-11 09:33:02
1649669582480512000,116.0,1,115.5,5,116.0,38,1,2022-04-11 09:33:02
1649669582524216000,116.0,1,115.5,5,116.0,37,1,2022-04-11 09:33:02
1649669583203061000,116.0,6,115.5,5,116.0,31,1,2022-04-11 09:33:03
1649669583320594000,116.0,1,115.5,5,116.0,30,1,2022-04-11 09:33:03
1649669583420100000,116.0,6,115.5,5,116.0,24,1,2022-04-11 09:33:03
1649669583586040000,116.0,1,115.5,5,116.0,23,1,2022-04-11 09:33:03
1649669588309826000,116.0,1,115.5,5,116.0,24,1,2022-04-11 09:33:08
1649669590540826000,116.0,1,115.5,9,116.0,23,1,2022-04-11 09:33:10
1649669591581313000,116.0,15,115.5,9,116.0,8,1,2022-04-11 09:33:11
1649669591611023000,116.0,8,115.5,9,116.5,83,1,2022-04-11 09:33:11
1649669591702266000,116.5,1,115.5,9,116.5,82,1,2022-04-11 09:33:11
1649669591733274000,116.5,1,115.5,9,116.5,81,1,2022-04-11 09:33:11
1649669594896744000,116.5,1,116.0,6,116.5,79,1,2022-04-11 09:33:14
1649669595016424000,116.5,1,116.0,6,116.5,78,1,2022-04-11 09:33:15
1649669600101837000,116.0,1,116.0,3,116.5,78,2,2022-04-11 09:33:20
1649669600142672000,116.0,1,116.0,2,116.5,78,2,2022-04-11 09:33:20
1649669600639641000,116.0,1,116.0,1,116.5,78,2,2022-04-11 09:33:20
1649669605674654000,116.5,2,116.0,3,116.5,74,1,2022-04-11 09:33:25
1649669606046519000,116.0,1,116.0,3,116.5,74,2,2022-04-11 09:33:26
1649669610683075000,116.0,1,116.0,3,116.5,76,2,2022-04-11 09:33:30
1649669611695295000,116.0,1,116.0,2,116.5,76,2,2022-04-11 09:33:31
1649669611715860000,116.0,1,116.0,1,116.5,76,2,2022-04-11 09:33:31
1649669611848224000,116.5,1,116.0,2,116.5,75,1,2022-04-11 09:33:31
1649669615067622000,116.5,1,116.0,3,116.5,74,1,2022-04-11 09:33:35
1649669615604601000,116.0,1,116.0,2,116.5,74,2,2022-04-11 09:33:35
1649669618512650000,116.0,1,116.0,2,116.5,78,2,2022-04-11 09:33:38
1649669623516677000,116.0,1,116.0,3,116.5,83,2,2022-04-11 09:33:43
1649669623891447000,116.0,1,116.0,2,116.5,83,2,2022-04-11 09:33:43
1649669630180901000,116.0,1,116.0,3,116.5,83,2,2022-04-11 09:33:50
1649669631349549000,116.0,1,116.0,2,116.5,84,2,2022-04-11 09:33:51
1649669631380549000,116.0,2,115.5,16,116.5,84,2,2022-04-11 09:33:51
1649669631513149000,116.5,1,115.5,12,116.5,83,1,2022-04-11 09:33:51
1649669643107121000,116.0,1,115.5,19,116.0,15,1,2022-04-11 09:34:03
1649669644753895000,116.0,1,115.5,19,116.0,14,1,2022-04-11 09:34:04
1649669645280992000,116.0,1,115.5,19,116.0,36,1,2022-04-11 09:34:05
1649669648607663000,116.0,10,115.5,28,116.0,27,1,2022-04-11 09:34:08
1649669648727800000,116.0,1,115.5,28,116.0,26,1,2022-04-11 09:34:08
1649669668248885000,115.5,1,115.5,17,116.0,29,2,2022-04-11 09:34:28
1649669669038965000,116.0,1,115.5,18,116.0,28,1,2022-04-11 09:34:29
1649669680711033000,116.0,1,115.5,31,116.0,30,1,2022-04-11 09:34:40
1649669684891863000,116.0,1,115.5,31,116.0,30,1,2022-04-11 09:34:44
1649669691021167000,116.0,1,115.5,32,116.0,29,1,2022-04-11 09:34:51
1649669691126166000,116.0,1,115.5,32,116.0,28,1,2022-04-11 09:34:51
1649669694569253000,116.0,2,115.5,32,116.0,27,1,2022-04-11 09:34:54
1649669694600165000,115.5,1,115.5,31,116.0,27,2,2022-04-11 09:34:54
1649669696413791000,116.0,10,115.5,31,116.0,17,1,2022-04-11 09:34:56
1649669696455054000,116.0,1,115.5,31,116.0,16,1,2022-04-11 09:34:56
1649669696508702000,116.0,1,115.5,31,116.0,15,1,2022-04-11 09:34:56
1649669698356426000,116.0,1,115.5,31,116.0,14,1,2022-04-11 09:34:58
1649669700078725000,116.0,1,115.5,31,116.0,14,1,2022-04-11 09:35:00
1649669700948074000,116.0,2,115.5,31,116.0,12,1,2022-04-11 09:35:00
1649669701094529000,116.0,1,115.5,31,116.0,11,1,2022-04-11 09:35:01
1649669703878985000,116.0,10,115.5,31,116.0,1,1,2022-04-11 09:35:03
1649669703917875000,116.0,1,115.5,31,116.5,97,1,2022-04-11 09:35:03
1649669704001426000,116.5,1,115.5,34,116.5,96,1,2022-04-11 09:35:04
1649669705898102000,116.0,1,115.5,35,116.0,4,1,2022-04-11 09:35:05
1649669706775400000,116.0,1,115.5,35,116.0,3,1,2022-04-11 09:35:06
1649669707236523000,116.0,1,115.5,35,116.0,2,1,2022-04-11 09:35:07
1649669707872230000,116.0,1,115.5,35,116.0,1,1,2022-04-11 09:35:07
1649669708391975000,116.0,1,115.5,35,116.5,96,1,2022-04-11 09:35:08
1649669713343953000,116.0,4,115.5,37,116.0,1,2,2022-04-11 09:35:13
1649669713432973000,116.0,1,115.5,37,116.0,1,1,2022-04-11 09:35:13
1649669719696067000,116.0,1,116.0,2,116.5,96,2,2022-04-11 09:35:19
1649669728752893000,116.0,1,116.0,4,116.5,95,2,2022-04-11 09:35:28
1649669729004362000,116.0,1,116.0,13,116.5,95,2,2022-04-11 09:35:29
1649669730379153000,116.0,1,116.0,12,116.5,95,2,2022-04-11 09:35:30
1649669733101221000,116.5,1,116.0,15,116.5,93,1,2022-04-11 09:35:33
1649669738142343000,116.0,1,116.0,19,116.5,93,2,2022-04-11 09:35:38
1649669755342456000,116.0,1,116.0,25,116.5,95,2,2022-04-11 09:35:55
1649669757113815000,116.0,1,116.0,24,116.5,96,2,2022-04-11 09:35:57
1649669771687124000,116.0,1,116.0,25,116.5,97,2,2022-04-11 09:36:11
1649669773257288000,116.0,1,116.0,24,116.5,96,2,2022-04-11 09:36:13
1649669779101823000,116.0,1,116.0,19,116.5,99,2,2022-04-11 09:36:19
1649669783266776000,116.0,10,116.0,9,116.5,102,2,2022-04-11 09:36:23
1649669783372292000,116.5,1,116.0,9,116.5,101,1,2022-04-11 09:36:23
1649669786128947000,116.0,2,116.0,7,116.5,101,2,2022-04-11 09:36:26
1649669786842212000,116.0,1,116.0,6,116.5,101,2,2022-04-11 09:36:26
1649669788363117000,116.0,2,116.0,5,116.5,101,2,2022-04-11 09:36:28
1649669788494967000,116.5,1,116.0,5,116.5,100,1,2022-04-11 09:36:28
1649669789905184000,116.5,1,116.0,5,116.5,99,1,2022-04-11 09:36:29
1649669790095215000,116.0,1,116.0,4,116.5,99,2,2022-04-11 09:36:30
1649669790659788000,116.0,1,116.0,3,116.5,99,2,2022-04-11 09:36:30
1649669796280544000,116.0,1,116.0,4,116.5,105,2,2022-04-11 09:36:36
1649669806997611000,116.0,1,116.0,5,116.5,110,2,2022-04-11 09:36:46
1649669807529852000,116.0,1,116.0,4,116.5,110,2,2022-04-11 09:36:47
1649669810301951000,116.0,1,116.0,3,116.5,114,2,2022-04-11 09:36:50
1649669811610711000,116.0,1,116.0,2,116.5,114,2,2022-04-11 09:36:51
1649669812182778000,116.0,1,116.0,1,116.5,114,2,2022-04-11 09:36:52
1649669812224095000,116.0,1,115.5,33,116.5,114,2,2022-04-11 09:36:52
1649669830171917000,116.0,1,115.5,32,116.0,14,1,2022-04-11 09:37:10
1649669834177984000,115.5,11,115.5,18,116.0,15,2,2022-04-11 09:37:14
1649669834201825000,115.5,1,115.5,17,116.0,15,2,2022-04-11 09:37:14
1649669834264026000,116.0,1,115.5,17,116.0,14,1,2022-04-11 09:37:14
1649669834363064000,116.0,1,115.5,17,116.0,13,1,2022-04-11 09:37:14
1649669842901134000,116.0,1,115.5,17,116.0,16,1,2022-04-11 09:37:22
1649669849289103000,116.0,1,115.5,16,116.0,15,1,2022-04-11 09:37:29
1649669850253069000,116.0,1,115.5,15,116.0,14,1,2022-04-11 09:37:30
1649669851270905000,116.0,1,115.5,15,116.0,13,1,2022-04-11 09:37:31
1649669853279025000,116.0,1,115.5,15,116.0,12,1,2022-04-11 09:37:33
1649669860276056000,116.0,1,115.5,14,116.0,17,1,2022-04-11 09:37:40
1649669886548360000,116.0,1,115.5,16,116.0,19,1,2022-04-11 09:38:06
1649669887639320000,116.0,1,115.5,16,116.0,14,1,2022-04-11 09:38:07
1649669889027574000,115.5,1,115.5,15,116.0,14,2,2022-04-11 09:38:09
1649669889129956000,116.0,1,115.5,15,116.0,13,1,2022-04-11 09:38:09
1649669919946505000,116.0,1,115.5,18,116.0,17,1,2022-04-11 09:38:39
1649669921166895000,116.0,1,115.5,18,116.0,16,1,2022-04-11 09:38:41
1649669930151986000,116.0,1,115.5,17,116.0,15,1,2022-04-11 09:38:50
1649669933365549000,116.0,1,115.5,17,116.0,15,1,2022-04-11 09:38:53
1649669935576497000,116.0,3,115.5,17,116.0,13,1,2022-04-11 09:38:55
1649669941827392000,116.0,1,115.5,17,116.0,19,1,2022-04-11 09:39:01
1649669967222767000,115.5,4,115.5,14,116.0,26,2,2022-04-11 09:39:27
1649669967254415000,115.5,14,115.0,48,116.0,26,2,2022-04-11 09:39:27
1649669967343766000,115.5,1,115.0,48,115.5,4,1,2022-04-11 09:39:27
1649669967355855000,115.5,1,115.0,48,115.5,3,1,2022-04-11 09:39:27
1649669968176663000,115.5,1,115.0,49,115.5,2,1,2022-04-11 09:39:28
1649669968453072000,115.5,1,115.0,49,116.0,26,2,2022-04-11 09:39:28
1649669968539926000,116.0,1,115.0,49,116.0,25,1,2022-04-11 09:39:28
1649669984723315000,115.0,4,115.0,42,116.0,70,2,2022-04-11 09:39:44
1649670004851905000,115.0,1,115.0,43,115.5,30,2,2022-04-11 09:40:04
1649670008745346000,115.0,10,115.0,34,115.5,30,2,2022-04-11 09:40:08
1649670008781866000,115.0,20,115.0,14,115.5,30,2,2022-04-11 09:40:08
1649670008782738000,115.0,14,114.5,37,115.5,30,2,2022-04-11 09:40:08
1649670008859738000,115.0,1,114.5,37,115.0,11,1,2022-04-11 09:40:08
1649670008888424000,115.0,2,114.5,37,115.0,9,1,2022-04-11 09:40:08
1649670008916507000,115.0,2,114.5,37,115.0,7,1,2022-04-11 09:40:08
1649670012578267000,114.5,5,114.5,33,115.0,9,2,2022-04-11 09:40:12
1649670012691254000,115.0,1,114.5,33,115.0,8,1,2022-04-11 09:40:12
1649670036177092000,115.0,2,114.5,29,115.0,15,1,2022-04-11 09:40:36
1649670047015896000,115.0,1,114.5,31,115.0,5,1,2022-04-11 09:40:47
1649670047257731000,115.0,2,114.5,31,115.0,3,1,2022-04-11 09:40:47
1649670053961136000,115.0,1,114.5,29,115.0,2,1,2022-04-11 09:40:53
1649670054130697000,115.0,1,114.5,29,115.0,1,1,2022-04-11 09:40:54
1649670062189470000,115.0,1,114.5,29,115.5,34,1,2022-04-11 09:41:02
1649670068227262000,115.0,1,114.5,31,115.5,31,2,2022-04-11 09:41:08
1649670077104402000,115.0,2,115.0,28,115.5,32,1,2022-04-11 09:41:17
1649670097859674000,115.0,1,115.0,34,115.5,33,2,2022-04-11 09:41:37
1649670097885869000,115.0,1,115.0,33,115.5,33,2,2022-04-11 09:41:37
1649670100367709000,115.0,3,115.0,30,115.5,33,2,2022-04-11 09:41:40
1649670101200917000,115.0,1,115.0,29,115.5,33,2,2022-04-11 09:41:41
1649670113673719000,115.0,1,115.0,28,115.5,33,2,2022-04-11 09:41:53
1649670126347140000,115.0,1,115.0,30,115.5,33,2,2022-04-11 09:42:06
1649670126688010000,115.0,1,115.0,29,115.5,33,2,2022-04-11 09:42:06
1649670126721416000,115.0,17,115.0,12,115.5,33,2,2022-04-11 09:42:06
1649670126750792000,115.0,2,115.0,10,115.5,33,2,2022-04-11 09:42:06
1649670126823541000,115.5,1,115.0,10,115.5,31,1,2022-04-11 09:42:06
1649670126911337000,115.5,1,115.0,10,115.5,30,1,2022-04-11 09:42:06
1649670134420703000,115.0,1,115.0,9,115.5,31,2,2022-04-11 09:42:14
1649670135540133000,115.5,1,115.0,9,115.5,30,1,2022-04-11 09:42:15
1649670136086168000,115.0,2,115.0,7,115.5,30,2,2022-04-11 09:42:16
1649670139649407000,115.0,2,115.0,7,115.5,31,2,2022-04-11 09:42:19
1649670141407455000,115.0,1,115.0,6,115.5,31,2,2022-04-11 09:42:21
1649670141498787000,115.5,1,115.0,6,115.5,30,1,2022-04-11 09:42:21
1649670141568615000,115.0,2,115.0,4,115.5,30,2,2022-04-11 09:42:21
1649670142389648000,115.0,3,115.0,1,115.5,30,2,2022-04-11 09:42:22
1649670143160619000,115.0,1,114.5,30,115.5,29,2,2022-04-11 09:42:23
1649670147961811000,115.0,1,114.5,29,115.0,1,1,2022-04-11 09:42:27
1649670148984797000,115.0,1,114.5,29,115.0,1,1,2022-04-11 09:42:28
1649670184901872000,115.0,1,115.0,4,115.5,26,2,2022-04-11 09:43:04
1649670185018257000,115.5,1,115.0,4,115.5,25,1,2022-04-11 09:43:05
1649670185706666000,115.5,1,115.0,4,115.5,24,1,2022-04-11 09:43:05
1649670195428938000,115.0,1,115.0,9,115.5,22,2,2022-04-11 09:43:15
1649670210566352000,115.0,1,115.0,13,115.5,22,2,2022-04-11 09:43:30
1649670221888697000,115.5,2,115.0,13,115.5,6,1,2022-04-11 09:43:41
1649670228697266000,115.5,1,115.0,14,115.5,7,1,2022-04-11 09:43:48
1649670229718431000,115.5,1,115.0,14,115.5,6,1,2022-04-11 09:43:49
1649670230741009000,115.5,1,115.0,14,115.5,5,1,2022-04-11 09:43:50
1649670230775114000,115.5,5,115.0,14,116.0,86,1,2022-04-11 09:43:50
1649670230879667000,116.0,1,115.0,17,116.0,85,1,2022-04-11 09:43:50
1649670231762321000,116.0,1,115.0,17,116.0,84,1,2022-04-11 09:43:51
1649670232782952000,116.0,1,115.5,4,116.0,81,1,2022-04-11 09:43:52
1649670233805341000,116.0,1,115.5,4,116.0,80,1,2022-04-11 09:43:53
1649670237279875000,116.0,1,115.5,4,116.0,79,1,2022-04-11 09:43:57
1649670240298129000,115.5,1,115.5,3,116.0,79,2,2022-04-11 09:44:00
1649670244706565000,115.5,1,115.5,2,116.0,79,2,2022-04-11 09:44:04
1649670244708632000,115.5,1,115.5,1,116.0,79,2,2022-04-11 09:44:04
1649670244741279000,115.5,1,115.0,18,116.0,79,2,2022-04-11 09:44:04
1649670244833133000,116.0,1,115.5,5,116.0,78,1,2022-04-11 09:44:04
1649670249871961000,115.5,1,115.5,4,116.0,77,2,2022-04-11 09:44:09
1649670286412409000,115.5,1,115.0,21,115.5,10,1,2022-04-11 09:44:46
1649670290272916000,115.5,10,115.5,4,116.0,83,1,2022-04-11 09:44:50
1649670290381686000,116.0,1,115.5,9,116.0,82,1,2022-04-11 09:44:50
1649670292697426000,115.5,5,115.5,4,116.0,82,2,2022-04-11 09:44:52
1649670302190523000,115.5,1,115.5,9,116.0,83,2,2022-04-11 09:45:02
1649670302196067000,115.5,1,115.5,8,116.0,83,2,2022-04-11 09:45:02
1649670302334213000,116.0,1,115.5,8,116.0,82,1,2022-04-11 09:45:02
1649670305965703000,115.5,1,115.5,9,116.0,84,2,2022-04-11 09:45:05
1649670308784551000,116.0,1,115.5,10,116.0,83,1,2022-04-11 09:45:08
1649670317226599000,116.0,2,115.5,10,116.0,82,1,2022-04-11 09:45:17
1649670330769056000,115.5,1,115.5,7,116.0,82,2,2022-04-11 09:45:30
1649670362049907000,115.5,1,115.5,19,116.0,89,2,2022-04-11 09:46:02
1649670382239638000,115.5,1,115.5,21,116.0,89,2,2022-04-11 09:46:22
1649670384474871000,115.5,10,115.5,12,116.0,89,2,2022-04-11 09:46:24
1649670384571333000,116.0,1,115.5,12,116.0,88,1,2022-04-11 09:46:24
1649670391930179000,116.0,2,115.5,11,116.0,84,1,2022-04-11 09:46:31
1649670411939936000,115.5,1,115.5,18,116.0,85,2,2022-04-11 09:46:51
1649670413425563000,115.5,1,115.5,17,116.0,85,2,2022-04-11 09:46:53
1649670415343381000,116.0,30,115.5,17,116.0,57,1,2022-04-11 09:46:55
1649670415368572000,116.0,11,115.5,17,116.0,46,1,2022-04-11 09:46:55
1649670415397806000,116.0,5,115.5,17,116.0,41,1,2022-04-11 09:46:55
1649670415428590000,116.0,3,115.5,17,116.0,38,1,2022-04-11 09:46:55
1649670415431678000,116.0,20,115.5,17,116.0,18,1,2022-04-11 09:46:55
1649670415454834000,116.0,18,115.5,17,116.5,127,1,2022-04-11 09:46:55
1649670415497851000,116.5,1,115.5,17,116.5,126,1,2022-04-11 09:46:55
1649670415537832000,116.5,1,116.0,4,116.5,125,1,2022-04-11 09:46:55
1649670415560898000,116.5,2,116.0,4,116.5,123,1,2022-04-11 09:46:55
1649670415589595000,116.5,1,116.0,4,116.5,122,1,2022-04-11 09:46:55
1649670415660566000,116.5,1,116.0,4,116.5,121,1,2022-04-11 09:46:55
1649670416291155000,116.5,1,116.0,4,116.5,120,1,2022-04-11 09:46:56
1649670416533731000,116.5,1,116.0,4,116.5,119,1,2022-04-11 09:46:56
1649670417554578000,116.5,1,116.0,6,116.5,118,1,2022-04-11 09:46:57
1649670417898839000,116.0,2,116.0,4,116.5,118,2,2022-04-11 09:46:57
1649670418011393000,116.5,1,116.0,4,116.5,117,1,2022-04-11 09:46:58
1649670418576164000,116.5,1,116.0,4,116.5,116,1,2022-04-11 09:46:58
1649670421641439000,116.5,1,116.0,5,116.5,113,1,2022-04-11 09:47:01
1649670425353137000,116.5,1,116.0,14,116.5,112,1,2022-04-11 09:47:05
1649670426746673000,116.5,1,116.0,21,116.5,111,1,2022-04-11 09:47:06
1649670427767402000,116.5,1,116.0,21,116.5,110,1,2022-04-11 09:47:07
1649670429541618000,116.5,2,116.0,21,116.5,108,1,2022-04-11 09:47:09
1649670434972730000,116.5,2,116.0,25,116.5,106,1,2022-04-11 09:47:14
1649670435071500000,116.5,1,116.0,25,116.5,105,1,2022-04-11 09:47:15
1649670435772930000,116.5,1,116.0,27,116.5,104,1,2022-04-11 09:47:15
1649670438382174000,116.5,2,116.0,30,116.5,102,1,2022-04-11 09:47:18
1649670440074345000,116.5,50,116.0,30,116.5,52,1,2022-04-11 09:47:20
1649670440106973000,116.5,9,116.0,30,116.5,43,1,2022-04-11 09:47:20
1649670440111480000,116.5,11,116.0,30,116.5,32,1,2022-04-11 09:47:20
1649670440212472000,116.5,5,116.0,30,116.5,27,1,2022-04-11 09:47:20
1649670440240105000,116.5,8,116.0,30,116.5,19,1,2022-04-11 09:47:20
1649670440245279000,116.5,11,116.0,30,116.5,8,1,2022-04-11 09:47:20
1649670440248802000,116.5,1,116.0,30,116.5,7,1,2022-04-11 09:47:20
1649670440282630000,116.5,7,116.0,30,117.0,170,1,2022-04-11 09:47:20
1649670440341913000,117.0,1,116.5,6,117.0,169,1,2022-04-11 09:47:20
1649670440382619000,117.0,1,116.5,12,117.0,168,1,2022-04-11 09:47:20
1649670440422774000,117.0,1,116.5,15,117.0,167,1,2022-04-11 09:47:20
1649670440449848000,117.0,1,116.5,15,117.0,166,1,2022-04-11 09:47:20
1649670440473743000,117.0,1,116.5,15,117.0,165,1,2022-04-11 09:47:20
1649670440554723000,117.0,1,116.5,15,117.0,164,1,2022-04-11 09:47:20
1649670441044013000,117.0,1,116.5,15,117.0,163,1,2022-04-11 09:47:21
1649670442064902000,117.0,1,116.5,19,117.0,166,1,2022-04-11 09:47:22
1649670447926789000,117.0,8,116.5,28,117.0,158,1,2022-04-11 09:47:27
1649670448117490000,117.0,1,116.5,28,117.0,157,1,2022-04-11 09:47:28
1649670448232000000,117.0,5,116.5,28,117.0,152,1,2022-04-11 09:47:28
1649670449948771000,117.0,1,116.5,33,117.0,151,1,2022-04-11 09:47:29
1649670450905925000,117.0,2,116.5,34,117.0,150,1,2022-04-11 09:47:30
1649670451697398000,117.0,1,116.5,36,117.0,149,1,2022-04-11 09:47:31
1649670451897825000,117.0,1,116.5,36,117.0,148,1,2022-04-11 09:47:31
1649670452784677000,117.0,2,116.5,36,117.0,141,1,2022-04-11 09:47:32
1649670454089513000,117.0,2,116.5,37,117.0,139,1,2022-04-11 09:47:34
1649670454319488000,117.0,1,116.5,37,117.0,138,1,2022-04-11 09:47:34
1649670454620146000,117.0,40,116.5,37,117.0,99,1,2022-04-11 09:47:34
1649670455196255000,116.5,10,116.5,27,117.0,99,2,2022-04-11 09:47:35
1649670455238508000,116.5,1,116.5,26,117.0,99,2,2022-04-11 09:47:35
1649670455332776000,117.0,1,116.5,27,117.0,98,1,2022-04-11 09:47:35
1649670455545683000,117.0,1,116.5,27,117.0,97,1,2022-04-11 09:47:35
1649670455644955000,117.0,1,116.5,27,117.0,96,1,2022-04-11 09:47:35
1649670455704228000,117.0,20,116.5,27,117.0,76,1,2022-04-11 09:47:35
1649670455914023000,117.0,5,116.5,41,117.0,71,1,2022-04-11 09:47:35
1649670456620727000,117.0,4,116.5,41,117.0,67,1,2022-04-11 09:47:36
1649670456649099000,117.0,1,116.5,40,117.0,66,1,2022-04-11 09:47:36
1649670456665416000,117.0,5,116.5,40,117.0,61,1,2022-04-11 09:47:36
1649670456806258000,117.0,1,116.5,40,117.0,60,1,2022-04-11 09:47:36
1649670457126858000,117.0,1,116.5,41,117.0,59,1,2022-04-11 09:47:37
1649670457282444000,117.0,2,116.5,41,117.0,57,1,2022-04-11 09:47:37
1649670457302401000,117.0,1,116.5,41,117.0,56,1,2022-04-11 09:47:37
1649670457317906000,117.0,10,116.5,41,117.0,46,1,2022-04-11 09:47:37
1649670457481403000,117.0,2,116.5,41,117.0,44,1,2022-04-11 09:47:37
1649670457686907000,117.0,10,116.5,41,117.0,34,1,2022-04-11 09:47:37
1649670457892797000,117.0,5,116.5,41,117.0,29,1,2022-04-11 09:47:37
1649670458013315000,117.0,2,116.5,41,117.0,27,1,2022-04-11 09:47:38
1649670458107517000,117.0,2,116.5,41,117.0,25,1,2022-04-11 09:47:38
1649670458294838000,117.0,1,116.5,41,117.0,24,1,2022-04-11 09:47:38
1649670458480137000,117.0,2,116.5,41,117.0,22,1,2022-04-11 09:47:38
1649670458534586000,117.0,1,116.5,41,117.0,21,1,2022-04-11 09:47:38
1649670458554844000,117.0,1,116.5,41,117.0,20,1,2022-04-11 09:47:38
1649670459102415000,117.0,1,116.5,41,117.0,19,1,2022-04-11 09:47:39
1649670459258897000,117.0,1,116.5,41,117.0,18,1,2022-04-11 09:47:39
1649670459280858000,117.0,1,116.5,41,117.0,17,1,2022-04-11 09:47:39
1649670459306724000,117.0,2,116.5,41,117.0,15,1,2022-04-11 09:47:39
1649670459565372000,117.0,15,116.5,41,117.5,89,1,2022-04-11 09:47:39
1649670459634197000,117.0,1,117.0,29,117.5,89,2,2022-04-11 09:47:39
1649670460730383000,117.0,1,117.0,50,117.5,92,2,2022-04-11 09:47:40
1649670461855214000,117.0,13,117.0,39,117.5,91,2,2022-04-11 09:47:41
1649670462158912000,117.5,2,117.0,39,117.5,89,1,2022-04-11 09:47:42
1649670462187996000,117.5,1,117.0,39,117.5,88,1,2022-04-11 09:47:42
1649670462188412000,117.5,1,117.0,39,117.5,87,1,2022-04-11 09:47:42
1649670462190135000,117.5,1,117.0,39,117.5,86,1,2022-04-11 09:47:42
1649670462194862000,117.5,1,117.0,39,117.5,85,1,2022-04-11 09:47:42
1649670462268881000,117.5,1,117.0,39,117.5,84,1,2022-04-11 09:47:42
1649670462377007000,117.5,1,117.0,59,117.5,84,1,2022-04-11 09:47:42
1649670462475832000,117.5,1,117.0,59,117.5,83,1,2022-04-11 09:47:42
1649670462574414000,117.0,20,117.0,39,117.5,83,2,2022-04-11 09:47:42
1649670464059428000,117.5,1,117.0,46,117.5,85,1,2022-04-11 09:47:44
1649670464108187000,117.5,2,117.0,46,117.5,83,1,2022-04-11 09:47:44
1649670464261106000,117.0,2,117.0,44,117.5,83,2,2022-04-11 09:47:44
1649670466047381000,117.5,2,117.0,50,117.5,82,1,2022-04-11 09:47:46
1649670467403607000,117.0,1,117.0,50,117.5,88,2,2022-04-11 09:47:47
1649670467557815000,117.5,2,117.0,50,117.5,86,1,2022-04-11 09:47:47
1649670468042326000,117.5,2,117.0,50,117.5,84,1,2022-04-11 09:47:48
1649670468688555000,117.5,2,117.0,49,117.5,82,1,2022-04-11 09:47:48
1649670469828256000,117.5,1,117.0,50,117.5,81,1,2022-04-11 09:47:49
1649670470077247000,117.5,2,117.0,50,117.5,79,1,2022-04-11 09:47:50
1649670471047124000,117.0,2,117.0,47,117.5,79,2,2022-04-11 09:47:51
1649670471485963000,117.5,1,117.0,47,117.5,78,1,2022-04-11 09:47:51
1649670472167802000,117.5,1,117.0,47,117.5,77,1,2022-04-11 09:47:52
1649670472482975000,117.5,5,117.0,47,117.5,72,1,2022-04-11 09:47:52
1649670472785512000,117.5,1,117.0,47,117.5,71,1,2022-04-11 09:47:52
1649670472944331000,117.5,1,117.0,47,117.5,70,1,2022-04-11 09:47:52
1649670473158326000,117.5,2,117.0,47,117.5,69,1,2022-04-11 09:47:53
1649670473691582000,117.5,1,117.0,47,117.5,70,1,2022-04-11 09:47:53
1649670473719858000,117.5,1,117.0,47,117.5,69,1,2022-04-11 09:47:53
1649670474404735000,117.5,5,117.0,47,117.5,64,1,2022-04-11 09:47:54
1649670474445588000,117.5,1,117.0,47,117.5,63,1,2022-04-11 09:47:54
1649670474832868000,117.5,2,117.0,47,117.5,61,1,2022-04-11 09:47:54
1649670475302405000,117.5,1,117.0,47,117.5,60,1,2022-04-11 09:47:55
1649670475682429000,117.5,1,117.0,47,117.5,60,1,2022-04-11 09:47:55
1649670476733600000,117.5,50,117.0,47,117.5,12,1,2022-04-11 09:47:56
1649670476776776000,117.5,2,117.0,47,117.5,10,1,2022-04-11 09:47:56
1649670477710856000,117.5,1,117.0,47,117.5,11,1,2022-04-11 09:47:57
1649670477998470000,117.5,3,117.0,47,117.5,8,1,2022-04-11 09:47:57
1649670478061943000,117.5,1,117.0,47,117.5,7,1,2022-04-11 09:47:58
1649670478258940000,117.5,1,117.0,47,117.5,6,1,2022-04-11 09:47:58
1649670478317012000,117.5,4,117.0,47,117.5,2,1,2022-04-11 09:47:58
1649670478473179000,117.5,2,117.5,48,118.0,108,1,2022-04-11 09:47:58
1649670478493835000,118.0,1,117.5,48,118.0,107,1,2022-04-11 09:47:58
1649670478533505000,118.0,1,117.5,48,118.0,106,1,2022-04-11 09:47:58
1649670478533832000,118.0,1,117.5,48,118.0,105,1,2022-04-11 09:47:58
1649670478534244000,118.0,1,117.5,48,118.0,104,1,2022-04-11 09:47:58
1649670478534748000,118.0,1,117.5,48,118.0,103,1,2022-04-11 09:47:58
1649670478536901000,118.0,1,117.5,48,118.0,102,1,2022-04-11 09:47:58
1649670478537676000,118.0,1,117.5,48,118.0,101,1,2022-04-11 09:47:58
1649670478539792000,118.0,1,117.5,48,118.0,100,1,2022-04-11 09:47:58
1649670478544637000,118.0,1,117.5,48,118.0,99,1,2022-04-11 09:47:58
1649670478546624000,118.0,1,117.5,48,118.0,98,1,2022-04-11 09:47:58
1649670479009452000,118.0,2,117.5,60,118.0,116,1,2022-04-11 09:47:59
1649670479346829000,117.5,15,117.5,45,118.0,116,2,2022-04-11 09:47:59
1649670479603858000,117.5,5,117.5,40,118.0,115,2,2022-04-11 09:47:59
1649670481040854000,118.0,1,117.5,50,118.0,111,1,2022-04-11 09:48:01
1649670481879341000,117.5,1,117.5,50,118.0,109,2,2022-04-11 09:48:01
1649670481901790000,117.5,1,117.5,49,118.0,109,2,2022-04-11 09:48:01
1649670482477261000,117.5,1,117.5,50,118.0,109,2,2022-04-11 09:48:02
1649670484691697000,118.0,1,117.5,47,118.0,109,1,2022-04-11 09:48:04
1649670485350303000,117.5,5,117.5,43,118.0,109,2,2022-04-11 09:48:05
1649670485637761000,118.0,3,117.5,41,118.0,106,1,2022-04-11 09:48:05
1649670486242805000,117.5,4,117.5,37,118.0,106,2,2022-04-11 09:48:06
1649670487392062000,117.5,2,117.5,35,118.0,106,2,2022-04-11 09:48:07
1649670489050327000,117.5,2,117.5,35,118.0,106,2,2022-04-11 09:48:09
1649670489385279000,117.5,10,117.5,25,118.0,106,2,2022-04-11 09:48:09
1649670489405090000,117.5,20,117.5,5,118.0,106,2,2022-04-11 09:48:09
1649670489405935000,117.5,5,117.0,49,118.0,106,2,2022-04-11 09:48:09
1649670489976055000,117.5,1,117.0,49,117.5,31,1,2022-04-11 09:48:09
1649670492946020000,117.5,1,117.0,49,117.5,53,1,2022-04-11 09:48:12
1649670493058876000,117.5,10,117.0,49,117.5,44,1,2022-04-11 09:48:13
1649670495800918000,117.5,1,117.0,48,117.5,49,1,2022-04-11 09:48:15
1649670496077760000,117.5,1,117.0,48,117.5,48,1,2022-04-11 09:48:16
1649670497480390000,117.5,2,117.0,49,117.5,66,1,2022-04-11 09:48:17
1649670497554199000,117.5,12,117.0,49,117.5,54,1,2022-04-11 09:48:17
1649670497605889000,117.5,4,117.0,49,117.5,50,1,2022-04-11 09:48:17
1649670497622177000,117.5,2,117.0,49,117.5,48,1,2022-04-11 09:48:17
1649670497627782000,117.5,4,117.0,49,117.5,44,1,2022-04-11 09:48:17
1649670498590842000,117.5,2,117.0,50,117.5,43,1,2022-04-11 09:48:18
1649670498598031000,117.5,2,117.0,50,117.5,41,1,2022-04-11 09:48:18
1649670498598051000,117.5,4,117.0,50,117.5,37,1,2022-04-11 09:48:18
1649670499248136000,117.5,10,117.0,50,117.5,27,1,2022-04-11 09:48:19
1649670499366360000,117.5,24,117.5,6,118.0,110,1,2022-04-11 09:48:19
1649670499482880000,117.5,1,117.5,6,118.0,107,2,2022-04-11 09:48:19
1649670499578016000,117.5,6,117.0,50,118.0,107,2,2022-04-11 09:48:19
1649670500522292000,117.5,3,117.0,51,117.5,7,2,2022-04-11 09:48:20
1649670501054016000,117.5,7,117.5,3,118.0,107,1,2022-04-11 09:48:21
1649670501522627000,117.5,9,117.0,52,117.5,1,2,2022-04-11 09:48:21
1649670501726126000,117.5,1,117.5,1,118.0,107,1,2022-04-11 09:48:21
1649670502127896000,117.5,1,117.5,13,118.0,107,2,2022-04-11 09:48:22
1649670502458730000,117.5,1,117.5,12,118.0,107,2,2022-04-11 09:48:22
1649670502538658000,117.5,1,117.5,11,118.0,107,2,2022-04-11 09:48:22
1649670502628995000,117.5,1,117.5,10,118.0,107,2,2022-04-11 09:48:22
1649670502901837000,117.5,10,117.0,53,118.0,107,2,2022-04-11 09:48:22
1649670504000565000,117.5,5,117.0,53,118.0,110,1,2022-04-11 09:48:24
1649670504540897000,117.5,2,117.0,53,117.5,17,1,2022-04-11 09:48:24
1649670506013694000,117.5,1,117.0,54,117.5,21,1,2022-04-11 09:48:26
1649670509908932000,117.5,1,117.0,43,117.5,30,1,2022-04-11 09:48:29
1649670512684095000,117.0,1,117.0,42,117.5,33,2,2022-04-11 09:48:32
1649670519143331000,117.5,1,117.0,48,117.5,55,1,2022-04-11 09:48:39
1649670519586975000,117.0,1,117.0,47,117.5,55,2,2022-04-11 09:48:39
1649670521128299000,117.5,15,117.0,47,117.5,40,1,2022-04-11 09:48:41
1649670522381980000,117.0,1,117.0,46,117.5,53,2,2022-04-11 09:48:42
1649670522967777000,117.5,5,117.0,47,117.5,48,1,2022-04-11 09:48:42
1649670526445361000,117.5,30,117.0,48,117.5,20,1,2022-04-11 09:48:46
1649670528676489000,117.5,1,117.0,48,117.5,18,1,2022-04-11 09:48:48
1649670528704137000,117.5,1,117.0,48,117.5,17,1,2022-04-11 09:48:48
1649670529108329000,117.5,1,117.0,48,117.5,16,1,2022-04-11 09:48:49
1649670529148254000,117.5,1,117.0,48,117.5,15,1,2022-04-11 09:48:49
1649670529498083000,117.5,1,117.0,49,117.5,14,1,2022-04-11 09:48:49
1649670530238301000,117.5,1,117.0,49,117.5,16,1,2022-04-11 09:48:50
1649670531070082000,117.5,5,117.0,49,117.5,16,1,2022-04-11 09:48:51
1649670531438042000,117.5,2,117.0,49,117.5,14,1,2022-04-11 09:48:51
1649670531657807000,117.5,1,117.0,49,117.5,13,1,2022-04-11 09:48:51
1649670532060653000,117.5,1,117.0,49,117.5,12,1,2022-04-11 09:48:52
1649670534577090000,117.5,1,117.0,50,117.5,29,1,2022-04-11 09:48:54
1649670536606332000,117.5,2,117.0,52,117.5,28,1,2022-04-11 09:48:56
1649670537223551000,117.5,1,117.0,52,117.5,27,1,2022-04-11 09:48:57
1649670539058089000,117.5,1,117.0,52,117.5,30,1,2022-04-11 09:48:59
1649670539893384000,117.0,1,117.0,51,117.5,30,2,2022-04-11 09:48:59
1649670540693426000,117.5,5,117.0,51,117.5,36,1,2022-04-11 09:49:00
1649670540849491000,117.5,5,117.0,51,117.5,31,1,2022-04-11 09:49:00
1649670541241386000,117.5,1,117.0,51,117.5,45,1,2022-04-11 09:49:01
1649670541377578000,117.5,1,117.0,51,117.5,44,1,2022-04-11 09:49:01
1649670543194302000,117.5,2,117.0,52,117.5,45,1,2022-04-11 09:49:03
1649670547172516000,117.5,15,117.0,54,117.5,39,1,2022-04-11 09:49:07
1649670550201213000,117.5,20,117.0,54,117.5,30,1,2022-04-11 09:49:10
1649670550242006000,117.5,1,117.0,54,117.5,29,1,2022-04-11 09:49:10
1649670550965313000,117.5,1,117.0,53,117.5,42,1,2022-04-11 09:49:10
1649670551595379000,117.5,1,117.0,53,117.5,41,1,2022-04-11 09:49:11
1649670552061936000,117.5,20,117.0,53,117.5,21,1,2022-04-11 09:49:12
1649670553542266000,117.5,6,117.0,54,117.5,23,1,2022-04-11 09:49:13
1649670553556818000,117.5,1,117.0,54,117.5,22,1,2022-04-11 09:49:13
1649670554004644000,117.5,5,117.0,54,117.5,17,1,2022-04-11 09:49:14
1649670554211844000,117.5,17,117.5,23,118.0,123,1,2022-04-11 09:49:14
1649670555014972000,118.0,1,117.5,27,118.0,122,1,2022-04-11 09:49:15
1649670556163869000,117.5,5,117.5,23,118.0,123,2,2022-04-11 09:49:16
1649670557427291000,117.5,10,117.5,18,118.0,123,2,2022-04-11 09:49:17
1649670558603885000,118.0,1,117.5,18,118.0,122,1,2022-04-11 09:49:18
1649670559949387000,117.5,2,117.5,17,118.0,120,2,2022-04-11 09:49:19
1649670562407166000,117.5,1,117.5,17,118.0,123,2,2022-04-11 09:49:22
1649670563411838000,117.5,1,117.5,16,118.0,121,2,2022-04-11 09:49:23
1649670564010473000,117.5,10,117.5,6,118.0,121,2,2022-04-11 09:49:24
1649670564048433000,117.5,6,117.0,62,118.0,121,2,2022-04-11 09:49:24
1649670564353424000,117.5,1,117.0,62,118.0,125,2,2022-04-11 09:49:24
1649670567180361000,117.5,1,117.0,62,117.5,27,1,2022-04-11 09:49:27
1649670567812675000,117.5,10,117.0,62,117.5,17,1,2022-04-11 09:49:27
1649670570737070000,117.5,1,117.0,63,117.5,45,1,2022-04-11 09:49:30
1649670572293030000,117.5,1,117.0,63,117.5,47,1,2022-04-11 09:49:32
1649670572371800000,117.5,47,117.5,3,118.0,124,1,2022-04-11 09:49:32
1649670572385408000,117.5,1,117.5,2,118.0,123,2,2022-04-11 09:49:32
1649670572390905000,117.5,2,117.0,63,118.0,123,2,2022-04-11 09:49:32
1649670572691834000,117.5,1,117.0,63,118.0,119,2,2022-04-11 09:49:32
1649670572806308000,118.0,1,117.0,63,118.0,118,1,2022-04-11 09:49:32
1649670574082567000,117.5,1,117.0,63,118.0,118,2,2022-04-11 09:49:34
1649670575498204000,117.5,2,117.0,63,117.5,8,1,2022-04-11 09:49:35
1649670577420411000,117.0,2,117.0,61,117.5,21,2,2022-04-11 09:49:37
1649670579274856000,117.5,1,117.0,62,117.5,22,1,2022-04-11 09:49:39
1649670580691971000,117.5,1,117.0,63,117.5,22,1,2022-04-11 09:49:40
1649670583762523000,117.5,1,117.0,65,117.5,23,1,2022-04-11 09:49:43
1649670585994097000,117.5,1,117.0,66,117.5,28,1,2022-04-11 09:49:45
1649670588435763000,117.5,1,117.0,61,117.5,28,1,2022-04-11 09:49:48
1649670590298634000,117.5,1,117.0,61,117.5,30,1,2022-04-11 09:49:50
1649670594832623000,117.5,4,117.0,62,117.5,26,1,2022-04-11 09:49:54
1649670595641740000,117.5,1,117.0,62,117.5,25,1,2022-04-11 09:49:55
1649670596535236000,117.5,2,117.0,62,117.5,24,1,2022-04-11 09:49:56
1649670597613504000,117.5,1,117.0,62,117.5,33,1,2022-04-11 09:49:57
1649670598495294000,117.5,1,117.0,62,117.5,32,1,2022-04-11 09:49:58
1649670599055512000,117.5,10,117.0,62,117.5,23,1,2022-04-11 09:49:59
1649670599599759000,117.5,3,117.0,62,117.5,24,1,2022-04-11 09:49:59
1649670600238809000,117.5,6,117.0,62,117.5,18,1,2022-04-11 09:50:00
1649670600764207000,117.0,5,117.0,57,117.5,18,2,2022-04-11 09:50:00
1649670601217695000,117.5,4,117.0,57,117.5,15,1,2022-04-11 09:50:01
1649670601377099000,117.5,2,117.0,57,117.5,13,1,2022-04-11 09:50:01
1649670601476925000,117.5,1,117.0,57,117.5,12,1,2022-04-11 09:50:01
1649670602268094000,117.5,2,117.0,57,117.5,10,1,2022-04-11 09:50:02
1649670602920229000,117.5,5,117.0,57,117.5,5,1,2022-04-11 09:50:02
1649670602941029000,117.5,5,117.5,5,118.0,120,1,2022-04-11 09:50:02
1649670602976637000,117.5,5,117.0,57,118.0,120,2,2022-04-11 09:50:02
1649670603843972000,117.5,2,117.5,1,118.0,120,2,2022-04-11 09:50:03
1649670603873222000,117.5,1,117.0,57,118.0,120,2,2022-04-11 09:50:03
1649670605511841000,117.5,1,117.5,2,118.0,123,2,2022-04-11 09:50:05
1649670607528112000,117.5,3,117.0,64,117.5,7,2,2022-04-11 09:50:07
1649670607619495000,117.5,1,117.0,64,117.5,10,1,2022-04-11 09:50:07
1649670617694623000,117.0,1,117.0,58,117.5,33,2,2022-04-11 09:50:17
1649670619164497000,117.0,20,117.0,38,117.5,35,2,2022-04-11 09:50:19
1649670619196858000,117.0,11,117.0,27,117.5,35,2,2022-04-11 09:50:19
1649670619197241000,117.0,11,117.0,16,117.5,35,2,2022-04-11 09:50:19
1649670619201703000,117.0,1,117.0,15,117.5,35,2,2022-04-11 09:50:19
1649670619227717000,117.0,14,117.0,1,117.5,35,2,2022-04-11 09:50:19
1649670619232639000,117.0,1,116.5,21,117.5,39,2,2022-04-11 09:50:19
1649670622194651000,116.5,1,116.5,17,117.0,7,2,2022-04-11 09:50:22
1649670630434751000,116.5,5,116.5,12,117.0,55,2,2022-04-11 09:50:30
1649670630467427000,116.5,1,116.5,11,117.0,56,2,2022-04-11 09:50:30
1649670632038894000,116.5,1,116.5,9,117.0,55,2,2022-04-11 09:50:32
1649670632806802000,116.5,2,116.5,7,117.0,55,2,2022-04-11 09:50:32
1649670633312974000,116.5,1,116.5,6,117.0,55,2,2022-04-11 09:50:33
1649670633688115000,116.5,1,116.5,5,117.0,55,2,2022-04-11 09:50:33
1649670634180817000,116.5,1,116.5,4,117.0,55,2,2022-04-11 09:50:34
1649670634440218000,116.5,4,116.0,49,116.5,6,2,2022-04-11 09:50:34
1649670634981572000,116.0,4,116.0,46,116.5,7,2,2022-04-11 09:50:34
1649670635071190000,116.5,4,116.0,46,116.5,3,1,2022-04-11 09:50:35
1649670638186062000,116.5,1,116.0,46,116.5,3,1,2022-04-11 09:50:38
1649670642924986000,116.5,4,116.0,46,116.5,2,1,2022-04-11 09:50:42
1649670643883236000,116.5,2,116.5,3,117.0,41,1,2022-04-11 09:50:43
1649670653120589000,116.5,1,116.5,20,117.0,51,2,2022-04-11 09:50:53
1649670654014663000,116.5,1,116.5,24,117.0,51,2,2022-04-11 09:50:54
1649670656771846000,116.5,1,116.5,23,117.0,51,2,2022-04-11 09:50:56
1649670663514409000,116.5,1,116.5,23,117.0,53,2,2022-04-11 09:51:03
1649670667657086000,116.5,1,116.5,24,117.0,53,2,2022-04-11 09:51:07
1649670669176961000,116.5,1,116.5,23,117.0,53,2,2022-04-11 09:51:09
1649670674695062000,116.5,2,116.5,23,117.0,58,2,2022-04-11 09:51:14
1649670681301770000,116.5,2,116.5,21,117.0,57,2,2022-04-11 09:51:21
1649670683107663000,116.5,1,116.5,21,117.0,57,2,2022-04-11 09:51:23
1649670690783616000,116.5,1,116.5,21,117.0,57,2,2022-04-11 09:51:30
1649670692397223000,116.5,1,116.5,20,117.0,57,2,2022-04-11 09:51:32
1649670706500190000,116.5,4,116.5,21,117.0,57,2,2022-04-11 09:51:46
1649670712147255000,116.5,1,116.5,21,117.0,66,2,2022-04-11 09:51:52
1649670712804162000,116.5,1,116.5,20,117.0,66,2,2022-04-11 09:51:52
1649670714326707000,116.5,2,116.5,17,117.0,66,2,2022-04-11 09:51:54
1649670714917818000,116.5,1,116.5,16,117.0,66,2,2022-04-11 09:51:54
1649670717429984000,116.5,1,116.5,15,117.0,66,2,2022-04-11 09:51:57
1649670717495589000,116.5,1,116.5,14,117.0,66,2,2022-04-11 09:51:57
1649670718265302000,116.5,1,116.5,13,117.0,64,2,2022-04-11 09:51:58
1649670722498875000,116.5,1,116.5,12,117.0,65,2,2022-04-11 09:52:02
1649670722826568000,116.5,12,116.0,42,116.5,13,2,2022-04-11 09:52:02
1649670723534105000,116.5,1,116.0,42,116.5,36,1,2022-04-11 09:52:03
1649670750765565000,116.5,1,116.0,51,116.5,41,1,2022-04-11 09:52:30
1649670758045174000,116.5,8,116.0,51,116.5,43,1,2022-04-11 09:52:38
1649670760008231000,116.0,3,116.0,48,116.5,43,2,2022-04-11 09:52:40
1649670770037582000,116.0,8,116.0,40,116.5,44,2,2022-04-11 09:52:50
1649670771476163000,116.0,1,116.0,39,116.5,44,2,2022-04-11 09:52:51
1649670771505530000,116.0,1,116.0,38,116.5,44,2,2022-04-11 09:52:51
1649670774633573000,116.0,1,116.0,37,116.5,49,2,2022-04-11 09:52:54
1649670775051921000,116.0,1,116.0,36,116.5,49,2,2022-04-11 09:52:55
1649670780866842000,116.0,1,116.0,29,116.5,49,2,2022-04-11 09:53:00
1649670783907889000,116.0,1,116.0,29,116.5,49,2,2022-04-11 09:53:03
1649670806796419000,116.0,1,116.0,28,116.5,51,2,2022-04-11 09:53:26
1649670809825840000,116.5,1,116.0,34,116.5,50,1,2022-04-11 09:53:29
1649670812393650000,116.0,1,116.0,34,116.5,51,2,2022-04-11 09:53:32
1649670812430019000,116.0,13,116.0,21,116.5,51,2,2022-04-11 09:53:32
1649670812450872000,116.0,1,116.0,20,116.5,51,2,2022-04-11 09:53:32
1649670814544426000,116.5,5,116.0,28,116.5,49,1,2022-04-11 09:53:34
1649670818626904000,116.5,1,116.0,29,116.5,48,1,2022-04-11 09:53:38
1649670822495288000,116.0,2,116.0,30,116.5,50,2,2022-04-11 09:53:42
1649670848474155000,116.5,2,116.0,37,116.5,50,1,2022-04-11 09:54:08
1649670849427959000,116.0,1,116.0,36,116.5,50,2,2022-04-11 09:54:09
1649670850212932000,116.0,1,116.0,35,116.5,50,2,2022-04-11 09:54:10
1649670852815275000,116.0,10,116.0,25,116.5,51,2,2022-04-11 09:54:12
1649670854503151000,116.0,20,116.0,5,116.5,50,2,2022-04-11 09:54:14
1649670854542988000,116.0,3,116.0,2,116.5,50,2,2022-04-11 09:54:14
1649670856048925000,116.0,1,116.0,1,116.5,50,2,2022-04-11 09:54:16
1649670857053470000,116.0,1,115.5,31,116.5,50,2,2022-04-11 09:54:17
1649670857054543000,115.5,1,115.5,30,116.5,50,2,2022-04-11 09:54:17
1649670863764653000,116.0,2,115.5,30,116.0,10,1,2022-04-11 09:54:23
1649670866029231000,116.0,1,115.5,30,116.0,10,1,2022-04-11 09:54:26
1649670869822052000,116.0,2,115.5,30,116.0,4,1,2022-04-11 09:54:29
1649670890216179000,115.5,3,115.5,24,116.0,10,2,2022-04-11 09:54:50
1649670895195784000,115.5,10,115.5,14,116.0,17,2,2022-04-11 09:54:55
1649670895302206000,115.5,14,115.0,37,116.0,17,2,2022-04-11 09:54:55
1649670902791999000,115.5,1,115.0,37,115.5,8,1,2022-04-11 09:55:02
1649670910776931000,115.5,1,115.0,39,115.5,11,1,2022-04-11 09:55:10
1649670915014826000,115.5,1,115.0,39,115.5,13,1,2022-04-11 09:55:15
1649670922706780000,115.0,2,115.0,37,115.5,12,2,2022-04-11 09:55:22
1649670922787477000,115.0,1,115.0,36,115.5,22,2,2022-04-11 09:55:22
1649670929914061000,115.0,1,115.0,34,115.5,26,2,2022-04-11 09:55:29
1649670931891272000,115.0,3,115.0,26,115.5,27,2,2022-04-11 09:55:31
1649670932682213000,115.0,1,115.0,25,115.5,26,2,2022-04-11 09:55:32
1649670933414794000,115.0,1,115.0,24,115.5,26,2,2022-04-11 09:55:33
1649670933701525000,115.0,1,115.0,23,115.5,26,2,2022-04-11 09:55:33
1649670934224984000,115.0,2,115.0,26,115.5,26,2,2022-04-11 09:55:34
1649670935335516000,115.0,1,115.0,25,115.5,26,2,2022-04-11 09:55:35
1649670939601878000,115.0,1,115.0,25,115.5,26,2,2022-04-11 09:55:39
1649670940429414000,115.0,1,115.0,24,115.5,26,2,2022-04-11 09:55:40
1649670940467494000,115.0,1,115.0,23,115.5,26,2,2022-04-11 09:55:40
1649670944536198000,115.0,1,115.0,21,115.5,27,2,2022-04-11 09:55:44
1649670954262723000,115.0,3,115.0,18,115.5,29,2,2022-04-11 09:55:54
1649670955525468000,115.0,1,115.0,18,115.5,28,2,2022-04-11 09:55:55
1649670956347795000,115.0,1,115.0,17,115.5,28,2,2022-04-11 09:55:56
1649670956392451000,115.0,1,115.0,16,115.5,28,2,2022-04-11 09:55:56
1649670958102730000,115.0,1,115.0,15,115.5,29,2,2022-04-11 09:55:58
1649670961579580000,115.0,1,115.0,15,115.5,27,2,2022-04-11 09:56:01
1649670971584154000,115.0,1,115.0,15,115.5,28,2,2022-04-11 09:56:11
1649670976558232000,115.0,3,115.0,12,115.5,28,2,2022-04-11 09:56:16
1649670978632858000,115.0,1,115.0,11,115.5,28,2,2022-04-11 09:56:18
1649670978800512000,115.0,2,115.0,9,115.5,28,2,2022-04-11 09:56:18
1649670980069915000,115.0,1,115.0,8,115.5,28,2,2022-04-11 09:56:20
1649670980645526000,115.0,1,115.0,7,115.5,28,2,2022-04-11 09:56:20
1649670983123058000,115.0,4,115.0,3,115.5,29,2,2022-04-11 09:56:23
1649670983831512000,115.0,2,114.5,35,115.0,4,2,2022-04-11 09:56:23
1649670995007877000,114.5,1,114.5,37,115.0,6,2,2022-04-11 09:56:35
1649671000112123000,115.0,3,114.5,37,115.0,4,1,2022-04-11 09:56:40
1649671008998926000,115.0,1,114.5,39,115.0,6,1,2022-04-11 09:56:48
1649671010052860000,115.0,1,114.5,39,115.0,6,1,2022-04-11 09:56:50
1649671011964024000,115.0,1,114.5,40,115.0,5,1,2022-04-11 09:56:51
1649671011999755000,115.0,5,114.5,40,115.5,22,1,2022-04-11 09:56:51
1649671017112381000,115.5,2,115.0,16,115.5,21,1,2022-04-11 09:56:57
1649671033007252000,115.5,5,115.0,21,115.5,14,1,2022-04-11 09:57:13
1649671038147319000,115.5,1,115.0,24,115.5,15,1,2022-04-11 09:57:18
1649671048234306000,115.5,2,115.0,28,115.5,17,1,2022-04-11 09:57:28
1649671058948706000,115.5,3,115.0,31,115.5,14,1,2022-04-11 09:57:38
