ts,close,volume,bid_price,bid_volume,ask_price,ask_volume,tick_type,datetime
1649667736194683000,16.15,277,16.15,15,16.2,3,2,2022-04-11 09:02:16
1649667736307109000,16.2,2,16.15,15,16.2,1,1,2022-04-11 09:02:16
1649667737862963000,16.15,15,16.1,17,16.2,1,2,2022-04-11 09:02:17
1649667737862963000,16.1,10,16.1,17,16.2,1,2,2022-04-11 09:02:17
1649667746782106000,16.2,1,16.1,22,16.25,3,1,2022-04-11 09:02:26
1649667748087129000,16.1,5,16.1,17,16.25,6,2,2022-04-11 09:02:28
1649667748101403000,16.1,17,16.05,14,16.25,6,2,2022-04-11 09:02:28
1649667748287530000,16.2,24,16.2,6,16.25,6,2,2022-04-11 09:02:28
1649667748287546000,16.2,6,16.05,14,16.25,6,2,2022-04-11 09:02:28
1649667751757088000,16.2,1,16.1,2,16.25,6,2,2022-04-11 09:02:31
1649667753086165000,16.25,6,16.25,1,16.3,16,1,2022-04-11 09:02:33
1649667753118180000,16.25,1,16.1,2,16.3,16,2,2022-04-11 09:02:33
1649667755032216000,16.2,1,16.1,2,16.25,3,2,2022-04-11 09:02:35
1649667755410986000,16.1,2,16.05,1,16.25,3,2,2022-04-11 09:02:35
1649667755410986000,16.05,13,16.05,1,16.25,3,2,2022-04-11 09:02:35
1649667756622994000,16.25,3,16.1,5,16.3,16,1,2022-04-11 09:02:36
1649667756622994000,16.3,3,16.1,5,16.3,16,1,2022-04-11 09:02:36
1649667757126725000,16.25,2,16.1,5,16.25,1,1,2022-04-11 09:02:37
1649667762998561000,16.25,5,16.25,2,16.3,13,2,2022-04-11 09:02:42
1649667763032435000,16.25,2,16.2,3,16.3,13,2,2022-04-11 09:02:43
1649667763319148000,16.25,5,16.2,3,16.25,5,1,2022-04-11 09:02:43
1649667764842604000,16.25,2,16.2,3,16.25,3,1,2022-04-11 09:02:44
1649667767470813000,16.2,5,16.15,30,16.2,1,2,2022-04-11 09:02:47
1649667767499389000,16.2,1,16.15,30,16.25,4,1,2022-04-11 09:02:47
1649667771817930000,16.25,4,16.25,1,16.3,15,1,2022-04-11 09:02:51
1649667772391663000,16.25,1,16.2,2,16.3,15,2,2022-04-11 09:02:52
1649667776320432000,16.2,2,16.2,1,16.25,20,2,2022-04-11 09:02:56
1649667776357231000,16.2,1,16.15,30,16.25,20,2,2022-04-11 09:02:56
1649667777921741000,16.15,20,16.15,10,16.2,8,2,2022-04-11 09:02:57
1649667777943378000,16.15,1,16.15,9,16.2,8,2,2022-04-11 09:02:57
1649667777943661000,16.15,9,16.1,5,16.2,8,2,2022-04-11 09:02:57
1649667778700596000,16.2,3,16.1,5,16.25,18,1,2022-04-11 09:02:58
1649667779216815000,16.1,5,16.05,1,16.1,15,2,2022-04-11 09:02:59
1649667780127488000,16.05,1,16.0,42,16.05,4,2,2022-04-11 09:03:00
1649667780337097000,16.05,4,16.0,42,16.1,17,1,2022-04-11 09:03:00
1649667781263684000,16.0,40,16.0,2,16.1,20,2,2022-04-11 09:03:01
1649667781302780000,16.0,2,15.95,8,16.05,5,2,2022-04-11 09:03:01
1649667782657492000,15.95,9,15.9,1,16.05,3,2,2022-04-11 09:03:02
1649667782657492000,15.9,1,15.9,1,16.05,3,2,2022-04-11 09:03:02
1649667785299323000,15.9,1,15.8,5,16.05,3,2,2022-04-11 09:03:05
1649667785299323000,15.8,12,15.8,5,16.05,3,2,2022-04-11 09:03:05
1649667786318883000,15.95,1,15.8,5,16.0,3,1,2022-04-11 09:03:06
1649667787595428000,15.85,2,15.8,13,16.0,3,1,2022-04-11 09:03:07
1649667788333261000,15.85,3,15.8,12,16.1,15,2,2022-04-11 09:03:08
1649667788333261000,15.8,2,15.8,12,16.1,15,2,2022-04-11 09:03:08
1649667788359261000,15.8,2,15.8,10,16.1,15,2,2022-04-11 09:03:08
1649667788490385000,15.9,1,15.8,6,16.05,3,2,2022-04-11 09:03:08
1649667788490385000,15.8,4,15.8,6,16.05,3,2,2022-04-11 09:03:08
1649667791674865000,15.85,1,15.85,5,16.1,15,2,2022-04-11 09:03:11
1649667792171809000,15.85,1,15.85,4,16.05,3,2,2022-04-11 09:03:12
1649667792183546000,15.85,1,15.85,3,16.05,3,2,2022-04-11 09:03:12
1649667792208266000,16.0,1,15.85,3,16.05,3,1,2022-04-11 09:03:12
1649667798968080000,16.05,1,15.85,6,16.1,15,2,2022-04-11 09:03:18
1649667798968080000,15.95,3,15.85,6,16.1,15,2,2022-04-11 09:03:18
1649667798968080000,15.9,5,15.85,6,16.1,15,2,2022-04-11 09:03:18
1649667798968080000,15.85,1,15.85,6,16.1,15,2,2022-04-11 09:03:18
1649667801059544000,15.9,1,15.9,2,16.05,3,2,2022-04-11 09:03:21
1649667803007870000,16.0,2,16.0,8,16.1,15,2,2022-04-11 09:03:23
1649667803051169000,16.0,8,15.85,5,16.1,15,2,2022-04-11 09:03:23
1649667803051169000,15.85,12,15.85,5,16.1,15,2,2022-04-11 09:03:23
1649667803207076000,15.85,3,15.8,21,16.05,3,2,2022-04-11 09:03:23
1649667803207076000,15.8,2,15.8,21,16.05,3,2,2022-04-11 09:03:23
1649667804314844000,15.9,1,15.85,4,16.05,3,2,2022-04-11 09:03:24
1649667804314844000,15.85,1,15.85,4,16.05,3,2,2022-04-11 09:03:24
1649667804447469000,15.85,1,15.8,20,16.05,3,2,2022-04-11 09:03:24
1649667804447469000,15.8,4,15.8,20,16.05,3,2,2022-04-11 09:03:24
1649667805754534000,15.9,4,15.8,18,16.0,7,1,2022-04-11 09:03:25
1649667806115425000,16.1,15,15.8,18,16.4,92,1,2022-04-11 09:03:26
1649667806115425000,16.15,2,15.8,18,16.4,92,1,2022-04-11 09:03:26
1649667806115425000,16.2,7,15.8,18,16.4,92,1,2022-04-11 09:03:26
1649667806115425000,16.25,10,15.8,18,16.4,92,1,2022-04-11 09:03:26
1649667806115425000,16.3,9,15.8,18,16.4,92,1,2022-04-11 09:03:26
1649667806115425000,16.35,7,15.8,18,16.4,92,1,2022-04-11 09:03:26
1649667806251725000,16.05,2,15.8,18,16.05,1,1,2022-04-11 09:03:26
1649667806252569000,16.05,1,15.8,18,16.4,92,1,2022-04-11 09:03:26
1649667807647443000,16.0,1,15.8,17,16.35,3,2,2022-04-11 09:03:27
1649667807647443000,15.85,2,15.8,17,16.35,3,2,2022-04-11 09:03:27
1649667807647443000,15.8,2,15.8,17,16.35,3,2,2022-04-11 09:03:27
1649667812487262000,16.0,5,15.95,4,16.25,18,1,2022-04-11 09:03:32
1649667815253978000,16.05,1,15.95,16,16.25,16,2,2022-04-11 09:03:35
1649667815253978000,15.95,1,15.95,16,16.25,16,2,2022-04-11 09:03:35
1649667823075785000,16.0,10,16.0,2,16.2,5,2,2022-04-11 09:03:43
1649667825794786000,16.2,5,16.0,2,16.2,3,1,2022-04-11 09:03:45
1649667827817584000,16.2,2,16.05,1,16.25,15,1,2022-04-11 09:03:47
1649667830398054000,16.2,1,16.05,1,16.2,9,1,2022-04-11 09:03:50
1649667837723992000,16.15,1,16.1,2,16.2,10,1,2022-04-11 09:03:57
1649667837723992000,16.2,1,16.1,2,16.2,10,1,2022-04-11 09:03:57
1649667843126761000,16.2,5,16.15,3,16.2,5,1,2022-04-11 09:04:03
1649667843156691000,16.2,2,16.15,3,16.2,3,1,2022-04-11 09:04:03
1649667843156707000,16.2,2,16.15,3,16.2,1,1,2022-04-11 09:04:03
1649667843157530000,16.2,1,16.15,3,16.25,6,1,2022-04-11 09:04:03
1649667846995327000,16.2,1,16.2,2,16.25,6,2,2022-04-11 09:04:06
1649667847030291000,16.2,1,16.2,1,16.25,6,2,2022-04-11 09:04:07
1649667847060906000,16.2,1,16.15,6,16.25,6,2,2022-04-11 09:04:07
1649667850139516000,16.25,2,16.15,6,16.25,4,1,2022-04-11 09:04:10
1649667852527854000,16.25,1,16.2,1,16.25,3,1,2022-04-11 09:04:12
1649667855196165000,16.25,2,16.2,3,16.25,2,1,2022-04-11 09:04:15
1649667857071917000,16.25,1,16.2,4,16.25,1,1,2022-04-11 09:04:17
1649667859535271000,16.25,1,16.2,4,16.3,11,1,2022-04-11 09:04:19
1649667859669469000,16.3,1,16.2,4,16.3,10,1,2022-04-11 09:04:19
1649667860192254000,16.25,1,16.2,7,16.3,10,2,2022-04-11 09:04:20
1649667860565111000,16.2,2,16.2,5,16.3,10,2,2022-04-11 09:04:20
1649667860835008000,16.2,3,16.2,2,16.25,10,2,2022-04-11 09:04:20
1649667860868976000,16.2,2,16.15,7,16.25,10,2,2022-04-11 09:04:20
1649667860934697000,16.25,1,16.15,7,16.25,9,1,2022-04-11 09:04:20
1649667861934573000,16.25,1,16.15,6,16.25,8,1,2022-04-11 09:04:21
1649667862331952000,16.25,1,16.15,6,16.25,10,1,2022-04-11 09:04:22
1649667862409436000,16.15,6,16.1,3,16.15,2,2,2022-04-11 09:04:22
1649667866826981000,16.15,2,16.15,2,16.25,7,1,2022-04-11 09:04:26
1649667872942801000,16.15,3,16.15,2,16.2,1,2,2022-04-11 09:04:32
1649667872951357000,16.15,2,16.1,3,16.2,1,2,2022-04-11 09:04:32
1649667874337661000,16.1,3,16.05,6,16.15,5,2,2022-04-11 09:04:34
1649667880877086000,16.15,8,16.15,12,16.2,4,1,2022-04-11 09:04:40
1649667881113730000,16.15,12,16.05,16,16.2,1,2,2022-04-11 09:04:41
1649667883597400000,16.05,2,16.05,14,16.2,2,2,2022-04-11 09:04:43
1649667885028448000,16.2,1,16.05,14,16.2,4,1,2022-04-11 09:04:45
1649667895360064000,16.05,3,16.05,11,16.1,2,2,2022-04-11 09:04:55
1649667895579143000,16.1,2,16.1,3,16.15,7,1,2022-04-11 09:04:55
1649667895607897000,16.1,2,16.1,1,16.15,7,2,2022-04-11 09:04:55
1649667895638932000,16.1,1,16.05,11,16.15,7,2,2022-04-11 09:04:55
1649667898526802000,16.05,1,16.05,20,16.15,7,2,2022-04-11 09:04:58
1649667899772407000,16.1,3,16.05,20,16.15,7,2,2022-04-11 09:04:59
1649667899935240000,16.15,1,16.05,20,16.15,6,1,2022-04-11 09:04:59
1649667904548279000,16.15,2,16.05,25,16.15,11,1,2022-04-11 09:05:04
1649667911165410000,16.1,2,16.1,18,16.15,11,1,2022-04-11 09:05:11
1649667912514056000,16.1,1,16.1,17,16.15,11,2,2022-04-11 09:05:12
1649667919527769000,16.1,3,16.1,16,16.15,9,2,2022-04-11 09:05:19
1649667931422742000,16.1,29,16.05,26,16.15,10,2,2022-04-11 09:05:31
1649667931422742000,16.05,1,16.05,26,16.15,10,2,2022-04-11 09:05:31
1649667931790922000,16.15,2,16.05,26,16.15,8,1,2022-04-11 09:05:31
1649667936548484000,16.05,2,16.05,24,16.15,8,2,2022-04-11 09:05:36
1649667941653096000,16.05,4,16.05,20,16.15,8,2,2022-04-11 09:05:41
1649667945013642000,16.1,1,16.05,12,16.15,8,2,2022-04-11 09:05:45
1649667945013642000,16.05,9,16.05,12,16.15,8,2,2022-04-11 09:05:45
1649667950985218000,16.1,1,16.05,12,16.1,6,1,2022-04-11 09:05:50
1649667951022702000,16.05,12,16.0,35,16.1,6,2,2022-04-11 09:05:51
1649667953212541000,16.0,2,16.0,33,16.1,6,2,2022-04-11 09:05:53
1649667963662824000,16.05,1,16.05,2,16.1,6,2,2022-04-11 09:06:03
1649667972208715000,16.1,2,16.05,2,16.1,4,1,2022-04-11 09:06:12
1649667972482323000,16.05,1,16.05,2,16.1,4,2,2022-04-11 09:06:12
1649667975655610000,16.05,2,16.0,7,16.1,4,2,2022-04-11 09:06:15
1649667975655610000,16.0,28,16.0,7,16.1,4,2,2022-04-11 09:06:15
1649667982582925000,16.05,2,16.0,8,16.1,4,2,2022-04-11 09:06:22
1649667983707107000,16.0,2,16.0,6,16.1,4,2,2022-04-11 09:06:23
1649667985781598000,16.1,1,16.0,7,16.1,4,1,2022-04-11 09:06:25
1649667986078998000,16.05,8,16.05,2,16.1,3,2,2022-04-11 09:06:26
1649667986110547000,16.05,2,16.0,7,16.1,3,2,2022-04-11 09:06:26
1649668011622248000,16.05,1,16.0,15,16.1,3,1,2022-04-11 09:06:51
1649668020807220000,16.0,5,16.0,11,16.05,1,2,2022-04-11 09:07:00
1649668021993447000,16.05,1,16.0,11,16.1,3,1,2022-04-11 09:07:01
1649668026995334000,16.0,10,16.0,13,16.1,3,2,2022-04-11 09:07:06
1649668030370160000,16.1,2,16.05,1,16.1,2,1,2022-04-11 09:07:10
1649668036008682000,16.05,1,16.0,11,16.1,3,2,2022-04-11 09:07:16
1649668036008682000,16.0,2,16.0,11,16.1,3,2,2022-04-11 09:07:16
1649668038103415000,16.0,1,16.0,10,16.1,3,2,2022-04-11 09:07:18
1649668039025148000,16.1,1,16.0,10,16.1,2,1,2022-04-11 09:07:19
1649668047110639000,16.05,5,16.0,13,16.1,2,2,2022-04-11 09:07:27
1649668047110639000,16.0,1,16.0,13,16.1,2,2,2022-04-11 09:07:27
1649668050380209000,16.1,1,16.0,13,16.1,1,1,2022-04-11 09:07:30
1649668075037201000,16.1,2,16.0,14,16.1,3,1,2022-04-11 09:07:55
1649668086959340000,16.05,1,16.05,19,16.1,9,2,2022-04-11 09:08:06
1649668088499556000,16.1,1,16.05,28,16.1,8,1,2022-04-11 09:08:08
1649668091912857000,16.05,10,16.05,18,16.1,8,2,2022-04-11 09:08:11
1649668095196509000,16.1,8,16.1,2,16.15,6,1,2022-04-11 09:08:15
1649668109213776000,16.1,1,16.1,1,16.15,6,2,2022-04-11 09:08:29
1649668110614051000,16.1,1,16.05,18,16.15,6,2,2022-04-11 09:08:30
1649668120450746000,16.1,1,16.05,18,16.15,6,2,2022-04-11 09:08:40
1649668124842927000,16.05,18,16.0,17,16.15,6,2,2022-04-11 09:08:44
1649668134632897000,16.05,1,16.0,16,16.15,7,2,2022-04-11 09:08:54
1649668145579524000,16.0,1,16.0,17,16.1,5,2,2022-04-11 09:09:05
1649668161027136000,16.1,5,16.1,5,16.15,12,1,2022-04-11 09:09:21
1649668161045922000,16.1,2,16.1,3,16.15,12,2,2022-04-11 09:09:21
1649668161045944000,16.1,2,16.1,1,16.15,12,2,2022-04-11 09:09:21
1649668161046336000,16.1,1,16.0,18,16.1,4,2,2022-04-11 09:09:21
1649668162153693000,16.0,1,16.0,17,16.1,4,2,2022-04-11 09:09:22
1649668169454539000,16.15,1,16.0,17,16.15,13,1,2022-04-11 09:09:29
1649668173493759000,16.0,2,16.0,17,16.15,13,2,2022-04-11 09:09:33
1649668173924259000,16.15,1,16.0,17,16.15,12,1,2022-04-11 09:09:33
1649668184399735000,16.0,1,16.0,17,16.15,12,2,2022-04-11 09:09:44
1649668185151775000,16.15,10,16.0,17,16.15,2,1,2022-04-11 09:09:45
1649668200512682000,16.15,1,16.05,6,16.15,1,1,2022-04-11 09:10:00
1649668201732722000,16.05,5,16.05,1,16.15,1,2,2022-04-11 09:10:01
1649668210811958000,16.1,1,16.1,1,16.15,1,2,2022-04-11 09:10:10
1649668210834446000,16.1,1,16.0,23,16.15,1,2,2022-04-11 09:10:10
1649668215736422000,16.15,2,16.15,8,16.2,20,1,2022-04-11 09:10:15
1649668215769302000,16.15,3,16.15,5,16.2,20,2,2022-04-11 09:10:15
1649668215770026000,16.15,5,16.05,1,16.2,20,2,2022-04-11 09:10:15
1649668223515710000,16.1,1,16.0,15,16.2,20,2,2022-04-11 09:10:23
1649668223515710000,16.05,1,16.0,15,16.2,20,2,2022-04-11 09:10:23
1649668223515710000,16.0,8,16.0,15,16.2,20,2,2022-04-11 09:10:23
1649668224410896000,16.1,1,16.0,16,16.05,1,2,2022-04-11 09:10:24
1649668224410896000,16.05,1,16.0,16,16.05,1,2,2022-04-11 09:10:24
1649668224445525000,16.05,1,16.0,16,16.2,20,1,2022-04-11 09:10:24
1649668232109633000,16.1,1,16.1,2,16.15,12,2,2022-04-11 09:10:32
1649668232135902000,16.1,2,16.0,16,16.15,12,2,2022-04-11 09:10:32
1649668240656229000,16.0,2,16.0,13,16.1,4,2,2022-04-11 09:10:40
1649668245698824000,16.05,2,16.0,13,16.1,8,2,2022-04-11 09:10:45
1649668250472563000,16.0,13,15.95,15,16.0,3,2,2022-04-11 09:10:50
1649668250983176000,16.0,1,15.95,15,16.0,2,1,2022-04-11 09:10:50
1649668251787499000,16.0,2,15.95,15,16.05,6,1,2022-04-11 09:10:51
1649668278235117000,16.0,1,16.0,2,16.05,6,2,2022-04-11 09:11:18
1649668287486465000,16.05,1,16.0,2,16.05,5,1,2022-04-11 09:11:27
1649668288381361000,16.0,2,15.95,7,16.05,5,2,2022-04-11 09:11:28
1649668288381361000,15.95,8,15.95,7,16.05,5,2,2022-04-11 09:11:28
1649668291994886000,16.0,1,15.95,7,16.05,5,2,2022-04-11 09:11:31
1649668299227165000,16.0,2,15.95,9,16.05,5,2,2022-04-11 09:11:39
1649668311728177000,16.0,6,15.95,27,16.0,9,2,2022-04-11 09:11:51
1649668311977234000,16.0,9,15.95,27,16.05,6,1,2022-04-11 09:11:51
1649668313794505000,16.05,1,15.95,29,16.05,5,1,2022-04-11 09:11:53
1649668314034423000,16.05,5,15.95,29,16.1,3,1,2022-04-11 09:11:54
1649668325008103000,16.1,3,16.05,1,16.15,15,1,2022-04-11 09:12:05
1649668328702876000,16.15,14,16.05,4,16.2,27,1,2022-04-11 09:12:08
1649668328756042000,16.2,3,16.1,1,16.2,24,1,2022-04-11 09:12:08
1649668328793204000,16.2,15,16.1,1,16.2,9,1,2022-04-11 09:12:08
1649668329035177000,16.2,9,16.1,4,16.25,11,1,2022-04-11 09:12:09
1649668330029665000,16.25,2,16.2,10,16.25,9,1,2022-04-11 09:12:10
1649668330054619000,16.25,9,16.2,10,16.3,15,1,2022-04-11 09:12:10
1649668331510960000,16.3,15,16.2,13,16.35,28,1,2022-04-11 09:12:11
1649668338242809000,16.35,1,16.2,11,16.35,27,1,2022-04-11 09:12:18
1649668340882859000,16.35,1,16.2,11,16.35,26,1,2022-04-11 09:12:20
1649668341194001000,16.35,1,16.25,1,16.35,25,1,2022-04-11 09:12:21
1649668342086895000,16.35,2,16.25,4,16.35,23,1,2022-04-11 09:12:22
1649668342122099000,16.35,17,16.25,4,16.35,6,1,2022-04-11 09:12:22
1649668342152814000,16.35,1,16.25,4,16.35,5,1,2022-04-11 09:12:22
1649668342238816000,16.35,1,16.25,5,16.35,4,1,2022-04-11 09:12:22
1649668342455762000,16.35,4,16.25,5,16.4,73,1,2022-04-11 09:12:22
1649668342455762000,16.4,16,16.25,5,16.4,73,1,2022-04-11 09:12:22
1649668342561795000,16.4,5,16.25,5,16.4,68,1,2022-04-11 09:12:22
1649668345652445000,16.35,1,16.25,4,16.4,68,1,2022-04-11 09:12:25
1649668346756080000,16.4,5,16.3,4,16.4,63,1,2022-04-11 09:12:26
1649668349181942000,16.4,1,16.35,6,16.4,62,1,2022-04-11 09:12:29
1649668349459187000,16.4,10,16.35,6,16.4,52,1,2022-04-11 09:12:29
1649668352873941000,16.35,1,16.35,5,16.4,52,2,2022-04-11 09:12:32
1649668352974972000,16.4,5,16.35,5,16.4,47,1,2022-04-11 09:12:32
1649668353064402000,16.4,5,16.35,5,16.4,42,1,2022-04-11 09:12:33
1649668353309619000,16.4,5,16.35,5,16.4,37,1,2022-04-11 09:12:33
1649668354088519000,16.35,1,16.35,4,16.4,37,2,2022-04-11 09:12:34
1649668354758496000,16.4,1,16.35,4,16.4,39,1,2022-04-11 09:12:34
1649668355079246000,16.4,1,16.35,4,16.4,38,1,2022-04-11 09:12:35
1649668355175429000,16.35,2,16.35,2,16.4,38,2,2022-04-11 09:12:35
1649668356743425000,16.4,1,16.35,2,16.4,37,1,2022-04-11 09:12:36
1649668359100369000,16.35,2,16.25,6,16.35,1,2,2022-04-11 09:12:39
1649668361144181000,16.35,1,16.25,2,16.4,38,1,2022-04-11 09:12:41
1649668368048765000,16.35,10,16.25,4,16.4,28,1,2022-04-11 09:12:48
1649668374549916000,16.4,10,16.25,5,16.4,18,1,2022-04-11 09:12:54
1649668376238287000,16.35,1,16.35,4,16.4,18,1,2022-04-11 09:12:56
1649668377595556000,16.4,4,16.35,4,16.4,14,1,2022-04-11 09:12:57
1649668379190309000,16.35,2,16.35,2,16.4,15,2,2022-04-11 09:12:59
1649668380649997000,16.35,2,16.3,1,16.4,15,2,2022-04-11 09:13:00
1649668382537740000,16.4,3,16.3,6,16.4,14,1,2022-04-11 09:13:02
1649668385787959000,16.4,14,16.3,6,16.45,15,1,2022-04-11 09:13:05
1649668385787959000,16.45,6,16.3,6,16.45,15,1,2022-04-11 09:13:05
1649668387074190000,16.45,1,16.4,10,16.45,14,1,2022-04-11 09:13:07
1649668387295218000,16.45,12,16.4,10,16.45,2,1,2022-04-11 09:13:07
1649668387318800000,16.45,2,16.4,10,16.5,17,1,2022-04-11 09:13:07
1649668394331272000,16.4,1,16.4,17,16.5,17,2,2022-04-11 09:13:14
1649668394490878000,16.5,1,16.4,17,16.5,16,1,2022-04-11 09:13:14
1649668394623103000,16.5,5,16.4,17,16.5,11,1,2022-04-11 09:13:14
1649668397668940000,16.5,5,16.45,2,16.5,6,1,2022-04-11 09:13:17
1649668397927798000,16.5,1,16.45,2,16.5,5,1,2022-04-11 09:13:17
1649668397951297000,16.5,3,16.45,2,16.5,2,1,2022-04-11 09:13:17
1649668398674829000,16.5,2,16.45,2,16.55,19,1,2022-04-11 09:13:18
1649668398836780000,16.55,1,16.45,2,16.55,18,1,2022-04-11 09:13:18
1649668398936752000,16.55,3,16.45,2,16.55,15,1,2022-04-11 09:13:18
1649668399937258000,16.55,10,16.45,2,16.55,5,1,2022-04-11 09:13:19
1649668399967994000,16.55,5,16.45,2,16.6,23,1,2022-04-11 09:13:19
1649668403652840000,16.6,5,16.5,6,16.6,13,1,2022-04-11 09:13:23
1649668405296324000,16.6,14,16.6,3,16.65,3,1,2022-04-11 09:13:25
1649668405539573000,16.65,1,16.6,3,16.65,2,1,2022-04-11 09:13:25
1649668405605259000,16.65,1,16.6,3,16.65,1,1,2022-04-11 09:13:25
1649668405891460000,16.6,4,16.55,6,16.65,1,2,2022-04-11 09:13:25
1649668405891460000,16.55,1,16.55,6,16.65,1,2,2022-04-11 09:13:25
1649668407003600000,16.65,2,16.6,1,16.7,28,1,2022-04-11 09:13:27
1649668407003600000,16.7,2,16.6,1,16.7,28,1,2022-04-11 09:13:27
1649668407681591000,16.65,1,16.65,1,16.7,28,1,2022-04-11 09:13:27
1649668407703907000,16.65,1,16.6,1,16.7,28,2,2022-04-11 09:13:27
1649668410534986000,16.65,5,16.6,1,16.7,28,2,2022-04-11 09:13:30
1649668410868367000,16.7,1,16.6,1,16.7,27,1,2022-04-11 09:13:30
1649668411211347000,16.6,1,16.55,8,16.7,27,2,2022-04-11 09:13:31
1649668412007906000,16.7,5,16.6,1,16.7,22,1,2022-04-11 09:13:32
1649668412334226000,16.65,1,16.6,1,16.7,22,2,2022-04-11 09:13:32
1649668414129527000,16.6,1,16.55,4,16.65,7,2,2022-04-11 09:13:34
1649668414279152000,16.65,1,16.55,3,16.65,7,1,2022-04-11 09:13:34
1649668414579891000,16.6,1,16.55,3,16.65,10,2,2022-04-11 09:13:34
1649668416317802000,16.6,2,16.55,3,16.65,19,2,2022-04-11 09:13:36
1649668417075808000,16.6,1,16.55,3,16.6,6,1,2022-04-11 09:13:37
1649668417456934000,16.6,2,16.55,3,16.6,4,1,2022-04-11 09:13:37
1649668417497533000,16.6,1,16.55,3,16.6,3,1,2022-04-11 09:13:37
1649668417522927000,16.55,2,16.55,1,16.6,3,2,2022-04-11 09:13:37
1649668418367085000,16.6,2,16.55,1,16.6,1,1,2022-04-11 09:13:38
1649668420257782000,16.6,1,16.55,1,16.65,22,1,2022-04-11 09:13:40
1649668422099894000,16.6,1,16.55,3,16.65,23,1,2022-04-11 09:13:42
1649668423090296000,16.6,1,16.55,3,16.65,23,2,2022-04-11 09:13:43
1649668423121277000,16.55,1,16.55,2,16.6,1,2,2022-04-11 09:13:43
1649668423187076000,16.6,1,16.6,4,16.65,22,1,2022-04-11 09:13:43
1649668423213176000,16.6,2,16.6,2,16.65,22,2,2022-04-11 09:13:43
1649668423214194000,16.6,2,16.55,2,16.65,22,2,2022-04-11 09:13:43
1649668423502006000,16.6,1,16.55,2,16.6,2,1,2022-04-11 09:13:43
1649668423771729000,16.6,1,16.55,2,16.6,1,1,2022-04-11 09:13:43
1649668424285794000,16.55,2,16.5,10,16.6,6,2,2022-04-11 09:13:44
1649668424294366000,16.6,1,16.5,10,16.6,5,1,2022-04-11 09:13:44
1649668425281896000,16.5,2,16.5,8,16.6,6,2,2022-04-11 09:13:45
1649668427112795000,16.5,7,16.5,1,16.6,15,2,2022-04-11 09:13:47
1649668427141975000,16.5,1,16.45,2,16.6,15,2,2022-04-11 09:13:47
1649668427725322000,16.5,2,16.45,1,16.5,2,1,2022-04-11 09:13:47
1649668431543048000,16.5,5,16.45,1,16.5,9,1,2022-04-11 09:13:51
1649668431776649000,16.5,1,16.45,1,16.5,8,1,2022-04-11 09:13:51
1649668431933496000,16.5,1,16.45,1,16.5,7,1,2022-04-11 09:13:51
1649668432404578000,16.45,1,16.4,9,16.5,7,2,2022-04-11 09:13:52
1649668432404578000,16.4,1,16.4,9,16.5,7,2,2022-04-11 09:13:52
1649668437304803000,16.5,8,16.5,2,16.55,11,1,2022-04-11 09:13:57
1649668437341663000,16.5,2,16.4,11,16.55,11,2,2022-04-11 09:13:57
1649668447618208000,16.5,1,16.45,1,16.5,6,1,2022-04-11 09:14:07
1649668448253100000,16.5,1,16.45,1,16.5,7,1,2022-04-11 09:14:08
1649668465459108000,16.45,1,16.3,9,16.5,10,2,2022-04-11 09:14:25
1649668465459108000,16.4,23,16.3,9,16.5,10,2,2022-04-11 09:14:25
1649668465863173000,16.45,1,16.35,1,16.5,13,1,2022-04-11 09:14:25
1649668486035054000,16.4,2,16.35,2,16.4,4,1,2022-04-11 09:14:46
1649668486640769000,16.4,3,16.35,2,16.4,1,1,2022-04-11 09:14:46
1649668491185942000,16.35,1,16.35,1,16.4,1,2,2022-04-11 09:14:51
1649668491246287000,16.35,1,16.3,11,16.4,1,2,2022-04-11 09:14:51
1649668491283307000,16.4,1,16.4,9,16.45,38,1,2022-04-11 09:14:51
1649668491307978000,16.4,2,16.4,7,16.45,38,2,2022-04-11 09:14:51
1649668491308014000,16.4,2,16.4,5,16.45,38,2,2022-04-11 09:14:51
1649668491308055000,16.4,2,16.4,3,16.45,38,2,2022-04-11 09:14:51
1649668491308071000,16.4,2,16.4,1,16.45,38,2,2022-04-11 09:14:51
1649668491308881000,16.4,1,16.3,10,16.45,38,2,2022-04-11 09:14:51
1649668493102291000,16.45,10,16.3,10,16.45,25,1,2022-04-11 09:14:53
1649668499070583000,16.4,2,16.35,2,16.45,10,2,2022-04-11 09:14:59
1649668499070583000,16.35,3,16.35,2,16.45,10,2,2022-04-11 09:14:59
1649668501057118000,16.4,1,16.35,3,16.45,10,2,2022-04-11 09:15:01
1649668502181347000,16.4,1,16.35,3,16.4,4,1,2022-04-11 09:15:02
1649668511106982000,16.4,5,16.35,3,16.4,1,1,2022-04-11 09:15:11
1649668511999234000,16.4,1,16.4,1,16.45,10,1,2022-04-11 09:15:11
1649668512024861000,16.4,1,16.35,4,16.45,10,2,2022-04-11 09:15:12
1649668512860766000,16.4,1,16.35,4,16.45,10,2,2022-04-11 09:15:12
1649668515584514000,16.4,1,16.35,4,16.45,10,2,2022-04-11 09:15:15
1649668516576051000,16.45,1,16.35,3,16.45,9,1,2022-04-11 09:15:16
1649668521180857000,16.45,2,16.35,3,16.45,7,1,2022-04-11 09:15:21
1649668527159475000,16.35,4,16.3,10,16.35,9,2,2022-04-11 09:15:27
1649668530375909000,16.35,5,16.3,10,16.35,4,1,2022-04-11 09:15:30
1649668530410526000,16.35,2,16.3,10,16.35,2,1,2022-04-11 09:15:30
1649668530411367000,16.35,2,16.3,10,16.5,24,1,2022-04-11 09:15:30
1649668542540137000,16.35,1,16.35,6,16.45,1,2,2022-04-11 09:15:42
1649668553485780000,16.45,1,16.4,5,16.5,24,1,2022-04-11 09:15:53
1649668553485780000,16.5,1,16.4,5,16.5,24,1,2022-04-11 09:15:53
1649668568830149000,16.45,2,16.4,6,16.5,23,1,2022-04-11 09:16:08
1649668576371078000,16.45,1,16.4,6,16.45,10,1,2022-04-11 09:16:16
1649668576784577000,16.45,4,16.4,6,16.45,6,1,2022-04-11 09:16:16
1649668581770115000,16.45,1,16.4,16,16.45,5,1,2022-04-11 09:16:21
1649668584120694000,16.45,3,16.4,20,16.45,1,1,2022-04-11 09:16:24
1649668585507385000,16.45,1,16.4,20,16.5,23,1,2022-04-11 09:16:25
1649668589015449000,16.45,3,16.45,18,16.5,34,2,2022-04-11 09:16:29
1649668599255229000,16.5,5,16.45,21,16.5,19,1,2022-04-11 09:16:39
1649668608865929000,16.5,10,16.45,23,16.5,9,1,2022-04-11 09:16:48
1649668608891451000,16.5,2,16.45,23,16.5,7,1,2022-04-11 09:16:48
1649668610317553000,16.5,1,16.45,23,16.5,6,1,2022-04-11 09:16:50
1649668611385804000,16.5,1,16.45,23,16.5,5,1,2022-04-11 09:16:51
1649668613512962000,16.5,5,16.45,23,16.55,22,1,2022-04-11 09:16:53
1649668614222439000,16.45,2,16.45,21,16.55,21,2,2022-04-11 09:16:54
1649668625763145000,16.5,1,16.45,23,16.55,21,2,2022-04-11 09:17:05
1649668632756252000,16.5,1,16.5,9,16.55,26,1,2022-04-11 09:17:12
1649668632782959000,16.5,9,16.45,13,16.55,26,2,2022-04-11 09:17:12
1649668632782959000,16.45,11,16.45,13,16.55,26,2,2022-04-11 09:17:12
1649668633538469000,16.45,13,16.4,19,16.5,3,2,2022-04-11 09:17:13
1649668639579671000,16.4,2,16.4,19,16.45,4,2,2022-04-11 09:17:19
1649668639620325000,16.4,19,16.35,13,16.45,4,2,2022-04-11 09:17:19
1649668639686967000,16.45,1,16.35,13,16.45,3,1,2022-04-11 09:17:19
1649668640932384000,16.35,1,16.35,12,16.45,3,2,2022-04-11 09:17:20
1649668648423529000,16.4,3,16.4,2,16.45,5,2,2022-04-11 09:17:28
1649668648431253000,16.4,2,16.35,4,16.45,5,2,2022-04-11 09:17:28
1649668648431253000,16.35,8,16.35,4,16.45,5,2,2022-04-11 09:17:28
1649668649841513000,16.35,1,16.35,3,16.45,5,2,2022-04-11 09:17:29
1649668655106212000,16.45,9,16.35,5,16.45,1,1,2022-04-11 09:17:35
1649668655701440000,16.35,6,16.25,22,16.3,19,2,2022-04-11 09:17:35
1649668655701440000,16.3,11,16.25,22,16.3,19,2,2022-04-11 09:17:35
1649668655733778000,16.3,2,16.25,22,16.3,17,1,2022-04-11 09:17:35
1649668655733795000,16.3,2,16.25,22,16.3,15,1,2022-04-11 09:17:35
1649668655733818000,16.3,2,16.25,22,16.3,13,1,2022-04-11 09:17:35
1649668655733835000,16.3,2,16.25,22,16.3,11,1,2022-04-11 09:17:35
1649668655733857000,16.3,2,16.25,22,16.3,9,1,2022-04-11 09:17:35
1649668655733922000,16.3,2,16.25,22,16.3,7,1,2022-04-11 09:17:35
1649668655733925000,16.3,2,16.25,22,16.3,5,1,2022-04-11 09:17:35
1649668655733927000,16.3,2,16.25,22,16.3,3,1,2022-04-11 09:17:35
1649668655733928000,16.3,2,16.25,22,16.3,1,1,2022-04-11 09:17:35
1649668655734775000,16.3,1,16.25,22,16.45,5,1,2022-04-11 09:17:35
1649668663205707000,16.35,1,16.35,8,16.45,5,1,2022-04-11 09:17:43
1649668678069980000,16.4,7,16.4,7,16.45,4,2,2022-04-11 09:17:58
1649668678100518000,16.4,1,16.4,6,16.45,4,2,2022-04-11 09:17:58
1649668678100599000,16.4,6,16.35,8,16.45,4,2,2022-04-11 09:17:58
1649668687921210000,16.45,5,16.35,13,16.45,1,1,2022-04-11 09:18:07
1649668688209183000,16.45,1,16.35,13,16.5,17,1,2022-04-11 09:18:08
1649668689559821000,16.4,1,16.35,13,16.5,18,1,2022-04-11 09:18:09
1649668703651314000,16.4,1,16.35,13,16.4,9,2,2022-04-11 09:18:23
1649668724516353000,16.4,8,16.35,8,16.4,1,1,2022-04-11 09:18:44
1649668725969684000,16.4,1,16.4,1,16.5,17,1,2022-04-11 09:18:45
1649668744783496000,16.4,2,16.4,6,16.5,20,2,2022-04-11 09:19:04
1649668754347503000,16.4,2,16.4,4,16.45,1,2,2022-04-11 09:19:14
1649668756388129000,16.45,1,16.45,1,16.5,20,1,2022-04-11 09:19:16
1649668756419683000,16.45,1,16.4,4,16.5,20,2,2022-04-11 09:19:16
1649668761196894000,16.4,1,16.4,3,16.45,1,2,2022-04-11 09:19:21
1649668762066750000,16.45,1,16.4,3,16.5,21,1,2022-04-11 09:19:22
1649668768110792000,16.5,5,16.4,3,16.5,16,1,2022-04-11 09:19:28
1649668776229734000,16.4,3,16.35,7,16.5,16,2,2022-04-11 09:19:36
1649668776229734000,16.35,2,16.35,7,16.5,16,2,2022-04-11 09:19:36
1649668805717188000,16.4,1,16.35,7,16.45,10,2,2022-04-11 09:20:05
1649668843458957000,16.4,1,16.35,18,16.4,1,1,2022-04-11 09:20:43
1649668843487561000,16.4,1,16.35,18,16.45,5,1,2022-04-11 09:20:43
1649668854672073000,16.35,19,16.3,5,16.45,5,2,2022-04-11 09:20:54
1649668854672073000,16.3,11,16.3,5,16.45,5,2,2022-04-11 09:20:54
1649668872277797000,16.35,1,16.3,5,16.4,1,1,2022-04-11 09:21:12
1649668876479562000,16.35,2,16.35,3,16.4,1,2,2022-04-11 09:21:16
1649668877231829000,16.35,1,16.35,2,16.4,4,2,2022-04-11 09:21:17
1649668877246249000,16.35,2,16.3,4,16.4,4,2,2022-04-11 09:21:17
1649668877246249000,16.3,1,16.3,4,16.4,4,2,2022-04-11 09:21:17
1649668877344121000,16.3,1,16.3,3,16.4,5,2,2022-04-11 09:21:17
1649668877369758000,16.3,3,16.25,31,16.4,5,2,2022-04-11 09:21:17
1649668880307438000,16.25,4,16.25,27,16.4,5,2,2022-04-11 09:21:20
1649668886436964000,16.25,1,16.25,26,16.4,6,2,2022-04-11 09:21:26
1649668931605901000,16.25,3,16.25,30,16.4,12,2,2022-04-11 09:22:11
1649668938242912000,16.25,1,16.25,34,16.4,12,2,2022-04-11 09:22:18
1649668939649289000,16.25,1,16.25,33,16.3,5,2,2022-04-11 09:22:19
1649668955165335000,16.3,5,16.25,34,16.4,12,1,2022-04-11 09:22:35
1649668958486813000,16.25,1,16.25,33,16.4,12,2,2022-04-11 09:22:38
1649668969727014000,16.3,1,16.3,3,16.4,12,2,2022-04-11 09:22:49
1649668973567457000,16.3,2,16.3,1,16.4,12,2,2022-04-11 09:22:53
1649668975725088000,16.3,1,16.25,33,16.3,1,2,2022-04-11 09:22:55
1649668990780671000,16.3,3,16.3,2,16.4,12,1,2022-04-11 09:23:10
1649668998749957000,16.3,2,16.25,35,16.4,12,2,2022-04-11 09:23:18
1649669000843209000,16.3,2,16.25,33,16.4,12,2,2022-04-11 09:23:20
1649669012397308000,16.3,2,16.25,33,16.3,6,1,2022-04-11 09:23:32
1649669013498428000,16.3,6,16.3,4,16.4,12,1,2022-04-11 09:23:33
1649669014525418000,16.3,2,16.3,2,16.4,12,2,2022-04-11 09:23:34
1649669014560749000,16.3,2,16.25,33,16.4,12,2,2022-04-11 09:23:34
1649669037920399000,16.3,2,16.25,35,16.4,12,2,2022-04-11 09:23:57
1649669050484498000,16.3,2,16.25,35,16.3,8,1,2022-04-11 09:24:10
1649669069294718000,16.3,1,16.25,35,16.3,12,1,2022-04-11 09:24:29
1649669071653980000,16.3,1,16.25,38,16.3,11,1,2022-04-11 09:24:31
1649669094744173000,16.3,11,16.3,7,16.35,1,1,2022-04-11 09:24:54
1649669095438787000,16.35,1,16.3,7,16.4,14,1,2022-04-11 09:24:55
1649669121584340000,16.35,1,16.3,7,16.35,4,1,2022-04-11 09:25:21
1649669131315546000,16.35,4,16.3,9,16.35,1,1,2022-04-11 09:25:31
1649669151085268000,16.35,1,16.35,2,16.4,14,2,2022-04-11 09:25:51
1649669151116227000,16.35,1,16.35,1,16.4,14,2,2022-04-11 09:25:51
1649669151116232000,16.35,1,16.3,10,16.4,14,2,2022-04-11 09:25:51
1649669155033729000,16.35,4,16.3,10,16.4,14,2,2022-04-11 09:25:55
1649669174316420000,16.35,3,16.3,10,16.4,16,2,2022-04-11 09:26:14
1649669191530305000,16.35,1,16.35,5,16.4,15,2,2022-04-11 09:26:31
1649669199620531000,16.35,3,16.35,2,16.4,20,2,2022-04-11 09:26:39
1649669199660714000,16.35,2,16.3,10,16.4,20,2,2022-04-11 09:26:39
1649669219550302000,16.35,1,16.35,2,16.4,20,1,2022-04-11 09:26:59
1649669219587014000,16.35,2,16.3,10,16.4,20,2,2022-04-11 09:26:59
1649669227616633000,16.35,1,16.3,10,16.4,20,2,2022-04-11 09:27:07
1649669243182515000,16.3,3,16.3,9,16.35,1,2,2022-04-11 09:27:23
1649669246573290000,16.35,1,16.3,9,16.35,1,1,2022-04-11 09:27:26
1649669286831687000,16.3,10,16.25,35,16.35,5,2,2022-04-11 09:28:06
1649669287897847000,16.35,1,16.25,35,16.35,4,1,2022-04-11 09:28:07
1649669312291611000,16.35,1,16.25,36,16.35,2,1,2022-04-11 09:28:32
1649669327233544000,16.35,1,16.3,1,16.35,1,1,2022-04-11 09:28:47
1649669355331555000,16.3,2,16.3,5,16.35,2,2,2022-04-11 09:29:15
1649669364973174000,16.35,2,16.3,5,16.4,15,1,2022-04-11 09:29:24
1649669372478421000,16.35,1,16.3,10,16.4,15,2,2022-04-11 09:29:32
1649669399807527000,16.35,1,16.3,13,16.35,1,2,2022-04-11 09:29:59
1649669406813732000,16.35,1,16.3,13,16.4,15,1,2022-04-11 09:30:06
1649669416684592000,16.3,5,16.3,8,16.35,9,2,2022-04-11 09:30:16
1649669439967309000,16.35,1,16.3,10,16.35,8,1,2022-04-11 09:30:39
1649669453358024000,16.35,1,16.3,10,16.35,10,1,2022-04-11 09:30:53
1649669494591188000,16.3,10,16.3,12,16.35,13,2,2022-04-11 09:31:34
1649669507579855000,16.3,1,16.3,11,16.35,13,2,2022-04-11 09:31:47
1649669511731066000,16.3,3,16.3,8,16.35,13,2,2022-04-11 09:31:51
1649669513663369000,16.3,5,16.3,3,16.35,13,2,2022-04-11 09:31:53
1649669513690417000,16.3,2,16.3,1,16.35,13,2,2022-04-11 09:31:53
1649669513690637000,16.3,1,16.25,34,16.35,13,2,2022-04-11 09:31:53
1649669527541612000,16.3,1,16.25,34,16.35,13,2,2022-04-11 09:32:07
1649669535340232000,16.25,34,16.2,7,16.35,13,2,2022-04-11 09:32:15
1649669535340232000,16.2,116,16.2,7,16.35,13,2,2022-04-11 09:32:15
1649669535372587000,16.2,7,16.15,13,16.3,8,2,2022-04-11 09:32:15
1649669535448567000,16.15,3,16.15,11,16.3,8,2,2022-04-11 09:32:15
1649669535460719000,16.15,5,16.15,6,16.3,8,2,2022-04-11 09:32:15
1649669541015649000,16.15,1,16.15,5,16.3,12,2,2022-04-11 09:32:21
1649669545143543000,16.25,2,16.15,4,16.25,3,1,2022-04-11 09:32:25
1649669547815517000,16.15,1,16.15,3,16.25,3,2,2022-04-11 09:32:27
1649669551253430000,16.15,2,16.15,1,16.25,23,2,2022-04-11 09:32:31
1649669551254327000,16.15,1,16.1,5,16.25,23,2,2022-04-11 09:32:31
1649669558838281000,16.15,1,16.15,1,16.25,23,2,2022-04-11 09:32:38
1649669561643978000,16.15,1,16.15,1,16.25,23,2,2022-04-11 09:32:41
1649669562336842000,16.15,1,16.1,5,16.15,1,2,2022-04-11 09:32:42
1649669562368353000,16.1,5,16.05,36,16.15,1,2,2022-04-11 09:32:42
1649669565466805000,16.1,1,16.05,40,16.15,1,1,2022-04-11 09:32:45
1649669578136803000,16.1,5,16.1,2,16.15,4,2,2022-04-11 09:32:58
1649669581361190000,16.05,2,16.05,37,16.15,4,2,2022-04-11 09:33:01
1649669582540041000,16.1,5,16.05,37,16.15,4,1,2022-04-11 09:33:02
1649669591061673000,16.1,5,16.1,2,16.15,4,2,2022-04-11 09:33:11
1649669595722611000,16.15,1,16.1,9,16.15,3,1,2022-04-11 09:33:15
1649669595764815000,16.15,3,16.1,9,16.2,1,1,2022-04-11 09:33:15
1649669596124909000,16.1,1,16.1,10,16.2,1,2,2022-04-11 09:33:16
1649669596659885000,16.1,1,16.1,9,16.2,1,2,2022-04-11 09:33:16
1649669597911571000,16.1,1,16.1,8,16.2,1,2,2022-04-11 09:33:17
1649669600500522000,16.1,9,16.05,39,16.2,1,2,2022-04-11 09:33:20
1649669600500522000,16.05,1,16.05,39,16.2,1,2,2022-04-11 09:33:20
1649669615416709000,16.1,1,16.1,25,16.2,2,2,2022-04-11 09:33:35
1649669616582255000,16.1,8,16.1,17,16.2,2,2,2022-04-11 09:33:36
1649669618660533000,16.1,1,16.1,19,16.2,2,2,2022-04-11 09:33:38
1649669618933684000,16.15,3,16.1,17,16.2,2,2,2022-04-11 09:33:38
1649669618933684000,16.1,2,16.1,17,16.2,2,2,2022-04-11 09:33:38
1649669619749143000,16.1,1,16.1,16,16.2,2,2,2022-04-11 09:33:39
1649669633557358000,16.1,6,16.1,21,16.2,2,2,2022-04-11 09:33:53
1649669637738351000,16.15,1,16.1,21,16.2,2,1,2022-04-11 09:33:57
1649669637738985000,16.1,17,16.1,4,16.2,2,2,2022-04-11 09:33:57
1649669637768213000,16.1,4,16.05,41,16.2,2,2,2022-04-11 09:33:57
1649669653789954000,16.2,3,16.15,4,16.25,2,1,2022-04-11 09:34:13
1649669654611542000,16.15,4,16.05,43,16.1,12,2,2022-04-11 09:34:14
1649669654611542000,16.1,4,16.05,43,16.1,12,2,2022-04-11 09:34:14
1649669654638471000,16.1,2,16.05,43,16.1,10,1,2022-04-11 09:34:14
1649669654638505000,16.1,2,16.05,43,16.1,8,1,2022-04-11 09:34:14
1649669654638528000,16.1,2,16.05,43,16.1,6,1,2022-04-11 09:34:14
1649669654638551000,16.1,2,16.05,43,16.1,4,1,2022-04-11 09:34:14
1649669654638554000,16.1,2,16.05,43,16.1,2,1,2022-04-11 09:34:14
1649669654639282000,16.1,2,16.05,43,16.25,2,1,2022-04-11 09:34:14
1649669672896661000,16.1,1,16.1,21,16.2,1,2,2022-04-11 09:34:32
1649669705792172000,16.25,3,16.15,25,16.3,11,1,2022-04-11 09:35:05
1649669707075656000,16.25,2,16.2,5,16.3,9,1,2022-04-11 09:35:07
1649669725304521000,16.25,14,16.2,6,16.3,9,1,2022-04-11 09:35:25
1649669741720129000,16.3,6,16.2,11,16.35,9,1,2022-04-11 09:35:41
1649669757700957000,16.3,5,16.25,15,16.35,8,1,2022-04-11 09:35:57
1649669780187418000,16.35,3,16.3,1,16.35,7,1,2022-04-11 09:36:20
1649669794367408000,16.35,1,16.3,1,16.35,6,1,2022-04-11 09:36:34
1649669795386024000,16.35,1,16.3,1,16.35,5,1,2022-04-11 09:36:35
1649669817397832000,16.35,1,16.3,1,16.35,4,1,2022-04-11 09:36:57
1649669822086524000,16.35,4,16.35,1,16.4,17,1,2022-04-11 09:37:02
1649669826180915000,16.35,1,16.3,14,16.35,4,2,2022-04-11 09:37:06
1649669834664747000,16.35,1,16.3,14,16.35,3,1,2022-04-11 09:37:14
1649669841521741000,16.35,1,16.3,14,16.35,2,1,2022-04-11 09:37:21
1649669847799698000,16.35,1,16.3,14,16.35,7,1,2022-04-11 09:37:27
1649669855841551000,16.35,3,16.3,14,16.35,4,1,2022-04-11 09:37:35
1649669858453381000,16.35,2,16.3,14,16.35,2,1,2022-04-11 09:37:38
1649669860893341000,16.35,1,16.3,14,16.35,1,1,2022-04-11 09:37:40
1649669860985413000,16.35,1,16.3,14,16.4,17,1,2022-04-11 09:37:40
1649669876930443000,16.35,1,16.3,14,16.4,17,2,2022-04-11 09:37:56
1649669892580137000,16.35,1,16.25,14,16.4,17,2,2022-04-11 09:38:12
1649669892580137000,16.3,15,16.25,14,16.4,17,2,2022-04-11 09:38:12
1649669907546637000,16.25,5,16.25,9,16.35,8,2,2022-04-11 09:38:27
1649669949085502000,16.25,1,16.25,8,16.3,4,2,2022-04-11 09:39:09
1649669949107740000,16.25,2,16.25,6,16.3,4,2,2022-04-11 09:39:09
1649669970981249000,16.3,3,16.25,56,16.35,8,1,2022-04-11 09:39:30
1649669972556840000,16.35,7,16.3,4,16.4,17,1,2022-04-11 09:39:32
1649669983085018000,16.4,3,16.35,3,16.4,14,1,2022-04-11 09:39:43
1649669985178726000,16.4,1,16.35,3,16.4,13,1,2022-04-11 09:39:45
1649670015895691000,16.35,3,16.25,68,16.3,43,2,2022-04-11 09:40:15
1649670031802795000,16.3,1,16.25,68,16.3,42,1,2022-04-11 09:40:31
1649670045796487000,16.3,1,16.25,68,16.3,41,1,2022-04-11 09:40:45
1649670045827099000,16.3,2,16.25,68,16.3,39,1,2022-04-11 09:40:45
1649670045857788000,16.3,5,16.25,68,16.3,34,1,2022-04-11 09:40:45
1649670049664350000,16.3,2,16.25,66,16.3,32,1,2022-04-11 09:40:49
1649670060357021000,16.3,1,16.25,66,16.3,31,1,2022-04-11 09:41:00
1649670060385296000,16.3,1,16.25,66,16.3,30,1,2022-04-11 09:41:00
1649670060596322000,16.3,16,16.25,66,16.3,14,1,2022-04-11 09:41:00
1649670060620621000,16.3,13,16.25,66,16.3,1,1,2022-04-11 09:41:00
1649670060641673000,16.3,1,16.25,66,16.4,14,1,2022-04-11 09:41:00
1649670083618901000,16.3,15,16.25,66,16.4,14,2,2022-04-11 09:41:23
1649670099505056000,16.3,2,16.3,6,16.4,13,2,2022-04-11 09:41:39
1649670115498546000,16.3,5,16.3,1,16.4,14,2,2022-04-11 09:41:55
1649670136973407000,16.3,2,16.25,69,16.4,14,1,2022-04-11 09:42:16
1649670170795587000,16.3,1,16.3,1,16.4,15,2,2022-04-11 09:42:50
1649670188956574000,16.3,1,16.25,66,16.4,15,2,2022-04-11 09:43:08
1649670268456865000,16.3,1,16.25,66,16.3,14,1,2022-04-11 09:44:28
1649670269624349000,16.3,1,16.25,66,16.3,13,1,2022-04-11 09:44:29
1649670290056894000,16.3,13,16.3,17,16.35,1,1,2022-04-11 09:44:50
1649670319356221000,16.3,2,16.3,15,16.4,15,2,2022-04-11 09:45:19
1649670336447973000,16.3,9,16.3,9,16.4,15,2,2022-04-11 09:45:36
1649670336470107000,16.3,9,16.25,66,16.4,15,2,2022-04-11 09:45:36
1649670373284893000,16.3,1,16.3,1,16.35,3,2,2022-04-11 09:46:13
1649670398727705000,16.3,1,16.25,66,16.3,2,2,2022-04-11 09:46:38
1649670412116368000,16.3,2,16.3,13,16.35,4,1,2022-04-11 09:46:52
1649670463350863000,16.3,1,16.3,22,16.35,5,2,2022-04-11 09:47:43
1649670471188768000,16.3,2,16.3,30,16.35,5,2,2022-04-11 09:47:51
1649670476523584000,16.3,5,16.3,25,16.35,5,2,2022-04-11 09:47:56
1649670479869861000,16.35,2,16.3,25,16.35,3,1,2022-04-11 09:47:59
1649670508037678000,16.3,5,16.3,20,16.35,3,2,2022-04-11 09:48:28
1649670519211315000,16.35,6,16.3,20,16.35,2,1,2022-04-11 09:48:39
1649670519229884000,16.35,1,16.3,20,16.35,1,1,2022-04-11 09:48:39
1649670520822623000,16.3,1,16.3,19,16.35,1,2,2022-04-11 09:48:40
1649670565487736000,16.3,2,16.3,17,16.35,1,2,2022-04-11 09:49:25
1649670579719969000,16.35,1,16.35,1,16.4,15,1,2022-04-11 09:49:39
1649670581684945000,16.35,1,16.3,12,16.4,14,2,2022-04-11 09:49:41
1649670581684945000,16.3,9,16.3,12,16.4,14,2,2022-04-11 09:49:41
1649670622343050000,16.3,3,16.3,5,16.4,15,2,2022-04-11 09:50:22
1649670636200634000,16.3,1,16.3,4,16.35,1,2,2022-04-11 09:50:36
1649670655841576000,16.3,1,16.3,3,16.35,10,2,2022-04-11 09:50:55
1649670662651982000,16.3,1,16.3,4,16.35,9,2,2022-04-11 09:51:02
1649670705101441000,16.3,3,16.3,4,16.35,9,2,2022-04-11 09:51:45
1649670721108004000,16.3,2,16.3,2,16.4,14,2,2022-04-11 09:52:01
1649670754352975000,16.3,4,16.25,70,16.3,1,2,2022-04-11 09:52:34
1649670754372219000,16.3,1,16.25,70,16.35,2,1,2022-04-11 09:52:34
1649670786618731000,16.35,1,16.3,13,16.35,1,1,2022-04-11 09:53:06
1649670786639538000,16.35,1,16.3,13,16.4,14,1,2022-04-11 09:53:06
1649670842665271000,16.4,14,16.35,4,16.45,8,1,2022-04-11 09:54:02
1649670845165210000,16.4,1,16.35,8,16.45,8,1,2022-04-11 09:54:05
1649670852937288000,16.45,1,16.4,4,16.45,7,1,2022-04-11 09:54:12
1649670863521557000,16.45,4,16.3,21,16.45,3,1,2022-04-11 09:54:23
1649670864537779000,16.45,3,16.45,5,16.5,26,1,2022-04-11 09:54:24
1649670864566590000,16.45,2,16.45,3,16.5,26,2,2022-04-11 09:54:24
1649670864566607000,16.45,2,16.45,1,16.5,26,2,2022-04-11 09:54:24
1649670864567459000,16.45,1,16.3,22,16.5,26,2,2022-04-11 09:54:24
1649670867737849000,16.45,1,16.3,22,16.45,1,1,2022-04-11 09:54:27
1649670872470767000,16.45,1,16.45,1,16.5,26,1,2022-04-11 09:54:32
1649670872493692000,16.45,1,16.3,22,16.5,26,2,2022-04-11 09:54:32
1649670888163710000,16.45,3,16.3,20,16.45,9,1,2022-04-11 09:54:48
1649670889816885000,16.45,5,16.3,20,16.45,4,1,2022-04-11 09:54:49
1649670893156012000,16.45,1,16.3,21,16.45,4,1,2022-04-11 09:54:53
1649670896992847000,16.45,1,16.35,1,16.45,3,1,2022-04-11 09:54:56
1649670897793195000,16.45,3,16.35,1,16.5,27,1,2022-04-11 09:54:57
1649670900858438000,16.45,1,16.35,1,16.5,28,2,2022-04-11 09:55:00
1649670924702861000,16.5,29,16.4,3,16.55,33,1,2022-04-11 09:55:24
1649670938384612000,16.55,5,16.45,1,16.55,28,1,2022-04-11 09:55:38
1649670938724343000,16.55,1,16.45,1,16.55,27,1,2022-04-11 09:55:38
1649670940757126000,16.55,27,16.55,2,16.6,29,1,2022-04-11 09:55:40
1649670940798806000,16.6,2,16.55,2,16.6,27,1,2022-04-11 09:55:40
1649670940989445000,16.6,1,16.55,2,16.6,26,1,2022-04-11 09:55:40
1649670941046476000,16.6,16,16.55,2,16.6,10,1,2022-04-11 09:55:41
1649670941071842000,16.6,10,16.55,2,16.65,26,1,2022-04-11 09:55:41
1649670944184070000,16.65,1,16.55,6,16.65,25,1,2022-04-11 09:55:44
1649670946581119000,16.65,1,16.55,6,16.65,24,1,2022-04-11 09:55:46
1649670950937323000,16.65,3,16.6,3,16.65,21,1,2022-04-11 09:55:50
1649670952025953000,16.65,1,16.6,3,16.65,20,1,2022-04-11 09:55:52
1649670952953131000,16.65,3,16.6,3,16.65,17,1,2022-04-11 09:55:52
1649670955207093000,16.6,3,16.55,2,16.65,18,2,2022-04-11 09:55:55
1649670956305304000,16.65,5,16.55,2,16.65,13,1,2022-04-11 09:55:56
1649670960493854000,16.6,1,16.55,2,16.65,19,2,2022-04-11 09:56:00
1649670961125167000,16.65,1,16.55,2,16.65,19,1,2022-04-11 09:56:01
1649670963020363000,16.65,5,16.55,2,16.65,14,1,2022-04-11 09:56:03
1649670966282718000,16.65,1,16.55,2,16.65,14,1,2022-04-11 09:56:06
1649670973696919000,16.6,1,16.6,2,16.65,18,1,2022-04-11 09:56:13
1649670973714518000,16.6,2,16.55,2,16.65,18,2,2022-04-11 09:56:13
1649670975405355000,16.6,1,16.55,2,16.65,18,1,2022-04-11 09:56:15
1649670983115383000,16.55,2,16.45,1,16.6,15,2,2022-04-11 09:56:23
1649670983992940000,16.45,1,16.45,1,16.6,15,2,2022-04-11 09:56:23
1649671008892242000,16.5,1,16.45,7,16.55,2,1,2022-04-11 09:56:48
1649671009940213000,16.45,6,16.45,1,16.55,2,2,2022-04-11 09:56:49
1649671009971623000,16.45,1,16.4,29,16.55,3,2,2022-04-11 09:56:49
1649671012957954000,16.4,10,16.4,19,16.55,3,2,2022-04-11 09:56:52
1649671015285621000,16.55,1,16.4,19,16.55,2,1,2022-04-11 09:56:55
1649671018830490000,16.55,1,16.4,24,16.55,1,1,2022-04-11 09:56:58
1649671032948667000,16.5,1,16.45,13,16.55,11,1,2022-04-11 09:57:12
1649671040575816000,16.5,5,16.45,13,16.5,9,2,2022-04-11 09:57:20
1649671045396978000,16.5,1,16.45,14,16.5,11,1,2022-04-11 09:57:25
1649671048405118000,16.5,1,16.45,17,16.5,10,1,2022-04-11 09:57:28
1649671060120177000,16.5,1,16.45,19,16.5,11,1,2022-04-11 09:57:40
1649671060156277000,16.5,3,16.45,29,16.5,8,1,2022-04-11 09:57:40
1649671060299127000,16.5,3,16.45,29,16.5,5,1,2022-04-11 09:57:40
1649671069383072000,16.5,1,16.45,30,16.5,4,1,2022-04-11 09:57:49
1649671070614305000,16.5,3,16.45,30,16.5,1,1,2022-04-11 09:57:50
1649671070641373000,16.5,1,16.45,30,16.55,21,1,2022-04-11 09:57:50
1649671077426820000,16.55,3,16.5,1,16.55,18,1,2022-04-11 09:57:57
1649671084301027000,16.55,1,16.5,2,16.55,17,1,2022-04-11 09:58:04
1649671092449338000,16.55,3,16.5,8,16.55,14,1,2022-04-11 09:58:12
1649671093277728000,16.55,2,16.5,8,16.55,12,1,2022-04-11 09:58:13
1649671093516637000,16.55,4,16.5,8,16.55,8,1,2022-04-11 09:58:13
1649671093541779000,16.55,7,16.5,8,16.55,1,1,2022-04-11 09:58:13
1649671093572761000,16.55,1,16.5,8,16.6,10,1,2022-04-11 09:58:13
1649671095768826000,16.6,9,16.5,14,16.65,13,1,2022-04-11 09:58:15
1649671095768826000,16.65,2,16.5,14,16.65,13,1,2022-04-11 09:58:15
1649671096645126000,16.65,2,16.55,5,16.65,11,1,2022-04-11 09:58:16
1649671096673324000,16.65,11,16.55,5,16.7,47,1,2022-04-11 09:58:16
1649671097306165000,16.65,2,16.65,3,16.7,47,2,2022-04-11 09:58:17
1649671097306209000,16.65,2,16.65,1,16.7,47,2,2022-04-11 09:58:17
1649671097307188000,16.65,1,16.55,4,16.7,47,2,2022-04-11 09:58:17
1649671097554033000,16.65,2,16.65,2,16.7,47,2,2022-04-11 09:58:17
1649671097554947000,16.65,2,16.55,4,16.7,47,2,2022-04-11 09:58:17
1649671109105059000,16.65,3,16.65,8,16.7,47,2,2022-04-11 09:58:29
1649671111945955000,16.65,2,16.65,6,16.7,47,2,2022-04-11 09:58:31
1649671111979685000,16.65,2,16.65,4,16.7,47,2,2022-04-11 09:58:31
1649671111979701000,16.65,2,16.65,2,16.7,47,2,2022-04-11 09:58:31
1649671111980542000,16.65,2,16.6,2,16.7,47,2,2022-04-11 09:58:31
1649671112840121000,16.65,1,16.6,2,16.7,47,1,2022-04-11 09:58:32
1649671114069914000,16.65,1,16.6,8,16.7,47,2,2022-04-11 09:58:34
1649671119789747000,16.65,1,16.65,1,16.7,47,2,2022-04-11 09:58:39
1649671119830833000,16.65,1,16.6,8,16.7,47,2,2022-04-11 09:58:39
1649671125398785000,16.65,6,16.6,11,16.7,47,1,2022-04-11 09:58:45
1649671127434032000,16.7,2,16.65,1,16.7,45,1,2022-04-11 09:58:47
1649671136673223000,16.7,4,16.65,6,16.7,41,1,2022-04-11 09:58:56
1649671136938171000,16.7,5,16.65,10,16.7,36,1,2022-04-11 09:58:56
1649671137899483000,16.7,5,16.65,10,16.7,31,1,2022-04-11 09:58:57
1649671139216020000,16.7,10,16.65,10,16.7,21,1,2022-04-11 09:58:59
1649671139282246000,16.7,2,16.65,10,16.7,19,1,2022-04-11 09:58:59
1649671139302884000,16.7,1,16.65,10,16.7,18,1,2022-04-11 09:58:59
1649671139453125000,16.7,4,16.65,10,16.7,14,1,2022-04-11 09:58:59
1649671139487211000,16.7,14,16.65,10,16.75,17,1,2022-04-11 09:58:59
1649671140708519000,16.75,4,16.7,17,16.75,13,1,2022-04-11 09:59:00
1649671140820788000,16.75,3,16.7,17,16.75,10,1,2022-04-11 09:59:00
1649671140932655000,16.75,1,16.7,17,16.75,9,1,2022-04-11 09:59:00
1649671140949605000,16.75,1,16.7,17,16.75,8,1,2022-04-11 09:59:00
1649671141644217000,16.75,1,16.7,18,16.75,7,1,2022-04-11 09:59:01
1649671142611309000,16.75,1,16.7,21,16.75,6,1,2022-04-11 09:59:02
1649671142908724000,16.75,1,16.7,21,16.75,5,1,2022-04-11 09:59:02
1649671143361201000,16.75,1,16.7,21,16.75,4,1,2022-04-11 09:59:03
1649671143389354000,16.75,2,16.7,21,16.75,2,1,2022-04-11 09:59:03
1649671143390216000,16.75,2,16.7,21,16.8,6,1,2022-04-11 09:59:03
1649671143817052000,16.8,2,16.7,21,16.8,4,1,2022-04-11 09:59:03
1649671143966105000,16.8,3,16.7,18,16.8,1,1,2022-04-11 09:59:03
1649671144021392000,16.8,1,16.7,18,16.85,11,1,2022-04-11 09:59:04
1649671144021392000,16.85,1,16.7,18,16.85,11,1,2022-04-11 09:59:04
1649671146385187000,16.85,1,16.75,5,16.85,10,1,2022-04-11 09:59:06
1649671146606975000,16.75,2,16.75,4,16.85,10,2,2022-04-11 09:59:06
1649671147748854000,16.85,1,16.8,4,16.85,9,1,2022-04-11 09:59:07
1649671148884992000,16.85,1,16.8,6,16.85,11,1,2022-04-11 09:59:08
1649671150542491000,16.85,1,16.8,6,16.85,11,1,2022-04-11 09:59:10
1649671150573675000,16.85,2,16.8,6,16.85,9,1,2022-04-11 09:59:10
1649671151414352000,16.85,2,16.8,6,16.85,7,1,2022-04-11 09:59:11
1649671151711462000,16.85,1,16.8,6,16.85,6,1,2022-04-11 09:59:11
1649671151962824000,16.85,1,16.8,6,16.85,5,1,2022-04-11 09:59:11
1649671151989625000,16.85,5,16.8,6,16.9,30,1,2022-04-11 09:59:11
1649671152886504000,16.85,1,16.8,5,16.85,2,1,2022-04-11 09:59:12
1649671153896246000,16.85,2,16.85,1,16.9,30,1,2022-04-11 09:59:13
1649671154997447000,16.9,1,16.85,1,16.9,29,1,2022-04-11 09:59:14
1649671157055404000,16.9,5,16.85,4,16.9,24,1,2022-04-11 09:59:17
1649671157092038000,16.85,1,16.85,3,16.9,24,2,2022-04-11 09:59:17
1649671158244808000,16.9,2,16.85,3,16.9,25,1,2022-04-11 09:59:18
1649671158551379000,16.9,6,16.85,3,16.9,19,1,2022-04-11 09:59:18
1649671159735864000,16.9,1,16.85,5,16.9,19,1,2022-04-11 09:59:19
1649671160064905000,16.85,1,16.85,5,16.9,19,2,2022-04-11 09:59:20
1649671160335039000,16.9,5,16.85,6,16.9,15,1,2022-04-11 09:59:20
1649671160597876000,16.9,1,16.85,7,16.9,14,1,2022-04-11 09:59:20
1649671161332028000,16.9,5,16.85,7,16.9,9,1,2022-04-11 09:59:21
1649671161598200000,16.9,3,16.85,7,16.9,6,1,2022-04-11 09:59:21
1649671161627118000,16.9,6,16.85,7,16.95,20,1,2022-04-11 09:59:21
1649671161995094000,16.85,3,16.85,4,16.9,1,2,2022-04-11 09:59:21
1649671162100864000,16.9,1,16.85,4,16.95,20,1,2022-04-11 09:59:22
1649671162528297000,16.85,2,16.85,2,16.95,24,2,2022-04-11 09:59:22
1649671163743797000,16.9,1,16.85,4,16.95,21,1,2022-04-11 09:59:23
1649671164117790000,16.95,1,16.9,2,16.95,19,1,2022-04-11 09:59:24
1649671164718844000,16.95,1,16.9,2,16.95,18,1,2022-04-11 09:59:24
1649671166143264000,16.9,2,16.85,5,16.95,19,2,2022-04-11 09:59:26
1649671166177901000,16.95,2,16.85,5,16.95,17,1,2022-04-11 09:59:26
1649671166357229000,16.95,5,16.85,5,16.95,12,1,2022-04-11 09:59:26
1649671166405076000,16.85,4,16.85,1,16.95,15,2,2022-04-11 09:59:26
1649671166892389000,16.95,16,16.85,4,17.0,141,1,2022-04-11 09:59:26
1649671166892389000,17.0,4,16.85,4,17.0,141,1,2022-04-11 09:59:26
1649671166991170000,16.85,1,16.85,3,17.0,141,2,2022-04-11 09:59:26
1649671167204892000,17.0,4,16.85,3,17.0,137,1,2022-04-11 09:59:27
1649671167822115000,17.0,1,16.9,5,17.0,69,1,2022-04-11 09:59:27
1649671168159227000,17.0,1,16.9,5,17.0,68,1,2022-04-11 09:59:28
1649671169628878000,17.0,2,16.9,5,17.0,66,1,2022-04-11 09:59:29
1649671169859358000,17.0,1,16.95,10,17.0,65,1,2022-04-11 09:59:29
1649671171589483000,17.0,50,16.95,10,17.0,16,1,2022-04-11 09:59:31
1649671171617162000,17.0,16,16.95,10,17.1,28,1,2022-04-11 09:59:31
1649671171934014000,17.1,3,17.0,1,17.1,23,1,2022-04-11 09:59:31
1649671172060937000,17.1,2,17.0,1,17.1,21,1,2022-04-11 09:59:32
1649671172685341000,17.0,1,17.0,11,17.1,21,2,2022-04-11 09:59:32
1649671172872600000,17.1,10,17.0,22,17.1,11,1,2022-04-11 09:59:32
1649671173667978000,17.1,2,17.0,42,17.1,9,1,2022-04-11 09:59:33
1649671174569948000,17.05,1,17.05,4,17.1,9,2,2022-04-11 09:59:34
1649671174798449000,17.1,2,17.05,4,17.1,7,1,2022-04-11 09:59:34
1649671175122900000,17.1,1,17.05,4,17.1,6,1,2022-04-11 09:59:35
1649671176515247000,17.1,2,17.05,4,17.1,5,1,2022-04-11 09:59:36
1649671176739078000,17.05,1,17.05,3,17.1,5,2,2022-04-11 09:59:36
1649671177998634000,17.1,1,17.05,3,17.1,7,1,2022-04-11 09:59:37
1649671178149996000,17.05,1,17.05,2,17.1,7,2,2022-04-11 09:59:38
1649671178879758000,17.05,1,17.0,37,17.05,6,1,2022-04-11 09:59:38
1649671179679922000,17.05,1,17.0,37,17.05,6,1,2022-04-11 09:59:39
1649671179997622000,17.05,1,17.0,37,17.05,5,1,2022-04-11 09:59:39
1649671180025714000,17.05,1,17.0,37,17.05,9,1,2022-04-11 09:59:40
1649671180815676000,17.05,1,17.0,27,17.05,9,1,2022-04-11 09:59:40
1649671181430257000,17.05,3,17.0,27,17.05,6,1,2022-04-11 09:59:41
1649671181808191000,17.0,11,17.0,16,17.05,6,2,2022-04-11 09:59:41
1649671182037159000,17.05,1,17.0,16,17.05,5,1,2022-04-11 09:59:42
1649671182246736000,17.0,1,17.0,15,17.05,6,2,2022-04-11 09:59:42
1649671182419134000,17.05,1,17.0,15,17.05,8,1,2022-04-11 09:59:42
1649671182827780000,17.05,2,17.0,15,17.05,8,1,2022-04-11 09:59:42
1649671182852056000,17.0,1,17.0,14,17.05,8,2,2022-04-11 09:59:42
1649671183345447000,17.05,1,17.0,14,17.05,7,1,2022-04-11 09:59:43
1649671184044795000,17.05,1,17.0,13,17.05,8,1,2022-04-11 09:59:44
1649671184173027000,17.05,2,17.0,13,17.05,7,1,2022-04-11 09:59:44
1649671184288794000,17.05,1,17.0,13,17.05,6,1,2022-04-11 09:59:44
1649671184850844000,17.0,1,17.0,12,17.05,6,2,2022-04-11 09:59:44
1649671184879789000,17.0,1,17.0,11,17.05,6,2,2022-04-11 09:59:44
1649671185433017000,17.0,1,17.0,10,17.05,7,2,2022-04-11 09:59:45
1649671185462536000,17.05,3,17.0,10,17.05,4,1,2022-04-11 09:59:45
1649671185592625000,17.05,1,17.0,10,17.05,3,1,2022-04-11 09:59:45
1649671185675268000,17.0,10,16.95,10,17.05,3,2,2022-04-11 09:59:45
1649671187000617000,16.95,3,16.95,7,17.0,4,2,2022-04-11 09:59:47
1649671187037442000,16.95,7,16.9,15,17.0,4,2,2022-04-11 09:59:47
1649671188617261000,17.0,1,16.9,15,17.0,3,1,2022-04-11 09:59:48
1649671189451273000,17.0,2,16.9,15,17.0,2,1,2022-04-11 09:59:49
1649671190349275000,16.9,1,16.9,15,17.0,4,2,2022-04-11 09:59:50
1649671193274879000,16.95,1,16.9,15,17.0,6,1,2022-04-11 09:59:53
1649671193274879000,17.0,1,16.9,15,17.0,6,1,2022-04-11 09:59:53
1649671194435843000,17.0,9,16.9,15,17.05,19,1,2022-04-11 09:59:54
1649671194435843000,17.05,1,16.9,15,17.05,19,1,2022-04-11 09:59:54
1649671195371429000,17.05,2,16.95,6,17.05,17,1,2022-04-11 09:59:55
1649671199519108000,17.0,1,16.95,3,17.05,17,1,2022-04-11 09:59:59
1649671199917767000,17.05,2,16.95,3,17.05,15,1,2022-04-11 09:59:59
1649671202614602000,17.0,1,16.95,4,17.05,17,1,2022-04-11 10:00:02
1649671206223875000,17.0,2,16.95,4,17.05,15,1,2022-04-11 10:00:06
1649671206223875000,17.05,3,16.95,4,17.05,15,1,2022-04-11 10:00:06
1649671207386036000,17.0,2,17.0,3,17.05,15,1,2022-04-11 10:00:07
1649671213042066000,17.0,1,17.0,2,17.05,17,2,2022-04-11 10:00:13
1649671213410575000,17.0,1,17.0,1,17.05,16,2,2022-04-11 10:00:13
1649671213499679000,17.05,1,17.0,1,17.05,15,1,2022-04-11 10:00:13
1649671216606652000,17.05,15,17.0,7,17.1,11,1,2022-04-11 10:00:16
1649671216744101000,17.0,1,17.0,6,17.1,12,2,2022-04-11 10:00:16
1649671217044580000,17.0,1,17.0,15,17.1,12,2,2022-04-11 10:00:17
1649671217355584000,17.05,1,17.0,15,17.1,12,2,2022-04-11 10:00:17
1649671217401370000,17.1,2,17.0,15,17.1,10,1,2022-04-11 10:00:17
1649671217881942000,17.1,2,17.05,3,17.1,8,1,2022-04-11 10:00:17
1649671218727417000,17.1,5,17.05,8,17.1,2,1,2022-04-11 10:00:18
1649671219138518000,17.1,1,17.05,8,17.1,1,1,2022-04-11 10:00:19
1649671219419862000,17.05,1,17.05,7,17.1,1,2,2022-04-11 10:00:19
1649671219678984000,17.1,1,17.1,1,17.15,7,1,2022-04-11 10:00:19
1649671220353338000,17.1,1,17.05,6,17.15,7,2,2022-04-11 10:00:20
1649671220353338000,17.05,1,17.05,6,17.15,7,2,2022-04-11 10:00:20
1649671221569173000,17.1,1,17.05,5,17.15,7,1,2022-04-11 10:00:21
1649671222324045000,17.1,1,17.05,5,17.15,7,1,2022-04-11 10:00:22
1649671223125450000,17.1,1,17.05,5,17.1,2,2,2022-04-11 10:00:23
1649671227169680000,17.1,1,17.0,18,17.1,6,1,2022-04-11 10:00:27
1649671227510722000,17.1,2,17.0,18,17.1,4,1,2022-04-11 10:00:27
1649671228431176000,17.1,1,17.05,1,17.1,5,1,2022-04-11 10:00:28
1649671228973301000,17.05,2,17.0,16,17.1,5,2,2022-04-11 10:00:28
1649671228973301000,17.0,3,17.0,16,17.1,5,2,2022-04-11 10:00:28
1649671229058767000,17.1,1,17.05,3,17.1,4,1,2022-04-11 10:00:29
1649671229336921000,17.1,2,17.05,4,17.1,2,1,2022-04-11 10:00:29
1649671231600471000,17.1,2,17.05,9,17.2,8,1,2022-04-11 10:00:31
1649671231600471000,17.15,7,17.05,9,17.2,8,1,2022-04-11 10:00:31
1649671231600471000,17.2,9,17.05,9,17.2,8,1,2022-04-11 10:00:31
1649671232373667000,17.2,3,17.1,1,17.2,5,1,2022-04-11 10:00:32
1649671233822628000,17.2,1,17.1,2,17.2,4,1,2022-04-11 10:00:33
1649671236046850000,17.2,1,17.1,3,17.2,4,1,2022-04-11 10:00:36
1649671236670464000,17.2,1,17.1,3,17.2,3,1,2022-04-11 10:00:36
1649671238450534000,17.2,3,17.1,13,17.25,8,1,2022-04-11 10:00:38
1649671242829558000,17.25,1,17.2,3,17.25,3,1,2022-04-11 10:00:42
1649671243612076000,17.2,3,17.15,1,17.25,15,2,2022-04-11 10:00:43
1649671243846621000,17.25,15,17.1,13,17.25,2,1,2022-04-11 10:00:43
1649671248117210000,17.2,1,17.15,2,17.25,7,2,2022-04-11 10:00:48
1649671248828767000,17.25,1,17.15,3,17.25,6,1,2022-04-11 10:00:48
1649671249707018000,17.25,6,17.15,3,17.3,78,1,2022-04-11 10:00:49
1649671249707018000,17.3,4,17.15,3,17.3,78,1,2022-04-11 10:00:49
1649671251012466000,17.25,2,17.15,4,17.25,2,1,2022-04-11 10:00:51
1649671251917792000,17.25,2,17.15,4,17.3,75,1,2022-04-11 10:00:51
1649671251968484000,17.3,1,17.15,4,17.3,74,1,2022-04-11 10:00:51
1649671252016972000,17.25,2,17.15,4,17.3,74,2,2022-04-11 10:00:52
1649671252097345000,17.3,1,17.15,4,17.3,73,1,2022-04-11 10:00:52
1649671252457695000,17.25,1,17.15,4,17.25,2,1,2022-04-11 10:00:52
1649671252963748000,17.25,1,17.15,4,17.25,1,1,2022-04-11 10:00:52
1649671254791609000,17.25,1,17.2,1,17.25,7,1,2022-04-11 10:00:54
1649671254852329000,17.25,1,17.2,1,17.25,6,1,2022-04-11 10:00:54
1649671255653287000,17.25,1,17.2,3,17.25,5,1,2022-04-11 10:00:55
1649671258920853000,17.25,6,17.25,4,17.3,74,1,2022-04-11 10:00:58
1649671259363764000,17.25,4,17.2,3,17.25,6,2,2022-04-11 10:00:59
1649671259463086000,17.2,1,17.2,2,17.25,6,2,2022-04-11 10:00:59
1649671259489893000,17.2,2,17.15,6,17.25,6,2,2022-04-11 10:00:59
1649671259763651000,17.2,1,17.15,6,17.2,4,1,2022-04-11 10:00:59
1649671260517620000,17.2,1,17.15,6,17.2,3,1,2022-04-11 10:01:00
1649671260861578000,17.2,1,17.15,6,17.2,2,1,2022-04-11 10:01:00
1649671264979949000,17.2,1,17.15,4,17.2,9,1,2022-04-11 10:01:04
1649671265666306000,17.2,1,17.15,4,17.2,8,1,2022-04-11 10:01:05
1649671266033433000,17.2,1,17.15,6,17.2,7,1,2022-04-11 10:01:06
1649671266068653000,17.15,1,17.15,5,17.2,7,2,2022-04-11 10:01:06
1649671266097634000,17.2,5,17.15,5,17.2,2,1,2022-04-11 10:01:06
1649671269265401000,17.2,2,17.15,5,17.2,5,1,2022-04-11 10:01:09
1649671272810149000,17.2,3,17.15,6,17.2,5,1,2022-04-11 10:01:12
1649671273605100000,17.15,5,17.15,1,17.2,5,2,2022-04-11 10:01:13
1649671273848382000,17.15,1,17.1,15,17.2,5,2,2022-04-11 10:01:13
1649671274556973000,17.2,1,17.1,14,17.2,17,1,2022-04-11 10:01:14
1649671277859254000,17.15,4,17.1,14,17.15,2,1,2022-04-11 10:01:17
1649671278537837000,17.1,5,17.1,9,17.15,1,2,2022-04-11 10:01:18
1649671278564164000,17.1,9,17.0,23,17.15,1,2,2022-04-11 10:01:18
1649671281061155000,17.1,1,17.0,13,17.15,8,2,2022-04-11 10:01:21
1649671282966922000,17.15,1,17.0,13,17.15,7,1,2022-04-11 10:01:22
1649671283785872000,17.1,1,17.0,13,17.15,7,2,2022-04-11 10:01:23
1649671284846102000,17.1,1,17.0,18,17.15,7,2,2022-04-11 10:01:24
1649671285149094000,17.0,1,17.0,17,17.15,6,2,2022-04-11 10:01:25
1649671285710698000,17.15,1,17.0,17,17.15,12,1,2022-04-11 10:01:25
1649671288577811000,17.0,1,17.0,22,17.1,2,2,2022-04-11 10:01:28
1649671289448127000,17.1,1,17.0,22,17.1,1,1,2022-04-11 10:01:29
1649671289747575000,17.1,1,17.0,22,17.15,18,1,2022-04-11 10:01:29
1649671292371768000,17.1,1,17.05,1,17.15,18,2,2022-04-11 10:01:32
1649671294036256000,17.05,4,17.0,21,17.1,1,2,2022-04-11 10:01:34
1649671294036256000,17.0,1,17.0,21,17.1,1,2,2022-04-11 10:01:34
1649671296827827000,17.0,2,17.0,19,17.1,3,2,2022-04-11 10:01:36
1649671299777184000,17.1,2,17.0,18,17.1,1,1,2022-04-11 10:01:39
1649671300330783000,17.0,3,17.0,19,17.1,1,2,2022-04-11 10:01:40
1649671301230884000,17.05,1,17.0,15,17.1,1,2,2022-04-11 10:01:41
1649671306029660000,17.05,3,17.0,13,17.05,2,1,2022-04-11 10:01:46
1649671306617425000,17.0,2,17.0,11,17.05,2,2,2022-04-11 10:01:46
1649671307829541000,17.05,1,17.0,12,17.05,1,1,2022-04-11 10:01:47
1649671307961497000,17.05,1,17.0,12,17.1,9,1,2022-04-11 10:01:47
1649671311354643000,17.0,1,17.0,11,17.05,5,2,2022-04-11 10:01:51
1649671311381364000,17.0,11,16.95,13,17.05,5,2,2022-04-11 10:01:51
1649671311560824000,16.95,2,16.95,11,17.05,5,2,2022-04-11 10:01:51
1649671318023020000,17.05,2,17.0,3,17.05,6,1,2022-04-11 10:01:58
1649671318104531000,17.0,1,17.0,2,17.05,6,2,2022-04-11 10:01:58
1649671318297952000,17.05,1,17.0,2,17.05,5,1,2022-04-11 10:01:58
1649671318861072000,17.05,5,17.0,2,17.1,9,1,2022-04-11 10:01:58
1649671322708071000,17.0,1,17.0,3,17.1,8,2,2022-04-11 10:02:02
1649671324098835000,17.0,10,17.0,38,17.1,8,2,2022-04-11 10:02:04
1649671326769331000,17.1,3,17.0,38,17.1,7,1,2022-04-11 10:02:06
1649671327433629000,17.05,1,17.0,39,17.1,9,1,2022-04-11 10:02:07
1649671328165380000,17.0,1,17.0,38,17.05,1,2,2022-04-11 10:02:08
1649671330666826000,17.0,1,17.0,37,17.05,1,2,2022-04-11 10:02:10
1649671331794923000,17.05,1,17.0,37,17.1,9,1,2022-04-11 10:02:11
1649671333915021000,17.0,1,17.0,36,17.1,10,2,2022-04-11 10:02:13
1649671334522175000,17.05,1,17.05,5,17.1,9,2,2022-04-11 10:02:14
1649671334600393000,17.05,1,17.05,4,17.1,9,2,2022-04-11 10:02:14
1649671335333017000,17.1,2,17.05,4,17.1,7,1,2022-04-11 10:02:15
1649671336008053000,17.1,2,17.05,4,17.1,5,1,2022-04-11 10:02:16
1649671338829704000,17.05,4,17.0,41,17.05,1,2,2022-04-11 10:02:18
1649671341195953000,17.05,1,17.05,3,17.1,4,1,2022-04-11 10:02:21
1649671341202029000,17.1,1,17.05,3,17.1,3,1,2022-04-11 10:02:21
1649671348381788000,17.1,1,17.05,3,17.1,5,1,2022-04-11 10:02:28
1649671350590959000,17.05,2,17.05,2,17.1,5,2,2022-04-11 10:02:30
1649671350689731000,17.05,2,17.0,49,17.05,6,2,2022-04-11 10:02:30
1649671350797756000,17.05,1,17.0,49,17.05,5,1,2022-04-11 10:02:30
1649671354244513000,17.05,3,17.0,49,17.05,2,1,2022-04-11 10:02:34
1649671359045237000,17.05,4,17.0,49,17.1,6,1,2022-04-11 10:02:39
1649671361364404000,17.05,5,17.05,5,17.1,7,2,2022-04-11 10:02:41
1649671361402297000,17.05,5,17.0,49,17.1,7,2,2022-04-11 10:02:41
1649671365904486000,17.05,2,17.0,49,17.05,3,2,2022-04-11 10:02:45
1649671378007231000,17.05,5,17.0,50,17.05,2,1,2022-04-11 10:02:58
1649671378850690000,17.0,5,17.0,45,17.05,2,2,2022-04-11 10:02:58
1649671379901798000,17.05,1,17.0,45,17.05,2,1,2022-04-11 10:02:59
1649671380302401000,17.05,1,17.0,45,17.05,1,1,2022-04-11 10:03:00
1649671382810940000,17.05,1,17.0,45,17.1,6,1,2022-04-11 10:03:02
1649671385519189000,17.05,3,17.0,45,17.05,2,2,2022-04-11 10:03:05
1649671386015570000,17.05,2,17.05,1,17.1,6,1,2022-04-11 10:03:06
1649671386251322000,17.05,1,17.0,46,17.1,6,2,2022-04-11 10:03:06
1649671387087570000,17.05,1,17.0,46,17.1,6,1,2022-04-11 10:03:07
1649671390907314000,17.05,1,17.05,9,17.1,6,1,2022-04-11 10:03:10
1649671393142474000,17.1,1,17.05,10,17.1,5,1,2022-04-11 10:03:13
1649671395473840000,17.05,2,17.05,8,17.1,5,2,2022-04-11 10:03:15
1649671396665295000,17.05,3,17.05,6,17.1,5,2,2022-04-11 10:03:16
1649671408834982000,17.05,1,17.05,9,17.1,20,2,2022-04-11 10:03:28
1649671414105434000,17.05,1,17.05,8,17.1,20,2,2022-04-11 10:03:34
1649671414139804000,17.05,8,17.0,47,17.1,20,2,2022-04-11 10:03:34
1649671416227732000,17.05,1,17.0,47,17.1,20,2,2022-04-11 10:03:36
1649671430506464000,17.0,12,17.0,35,17.05,13,2,2022-04-11 10:03:50
1649671430541613000,17.0,35,16.95,17,17.05,13,2,2022-04-11 10:03:50
1649671433053846000,16.95,1,16.95,16,17.05,19,2,2022-04-11 10:03:53
1649671433078904000,16.95,3,16.95,13,17.05,19,2,2022-04-11 10:03:53
1649671433877747000,16.95,5,16.95,8,17.05,19,2,2022-04-11 10:03:53
1649671433913700000,16.95,2,16.95,6,17.05,19,2,2022-04-11 10:03:53
1649671433913737000,16.95,2,16.95,4,17.05,19,2,2022-04-11 10:03:53
1649671433913770000,16.95,2,16.95,2,17.05,19,2,2022-04-11 10:03:53
1649671433914441000,16.95,2,16.9,26,17.05,19,2,2022-04-11 10:03:53
1649671435165165000,16.95,1,16.9,26,17.05,19,1,2022-04-11 10:03:55
1649671435336357000,17.0,1,16.9,26,17.05,19,2,2022-04-11 10:03:55
1649671436202261000,17.0,2,17.0,1,17.05,17,2,2022-04-11 10:03:56
1649671436203196000,17.0,1,16.9,26,17.05,17,2,2022-04-11 10:03:56
1649671437043339000,16.9,13,16.9,13,17.05,17,2,2022-04-11 10:03:57
1649671437072291000,16.9,2,16.9,11,17.05,17,2,2022-04-11 10:03:57
1649671437072345000,16.9,2,16.9,9,17.05,17,2,2022-04-11 10:03:57
1649671437072370000,16.9,2,16.9,7,17.05,17,2,2022-04-11 10:03:57
1649671437072445000,16.9,2,16.9,5,17.05,17,2,2022-04-11 10:03:57
1649671437072448000,16.9,2,16.9,3,17.05,17,2,2022-04-11 10:03:57
1649671437072450000,16.9,2,16.9,1,17.05,17,2,2022-04-11 10:03:57
1649671437073281000,16.9,1,16.8,11,17.05,17,2,2022-04-11 10:03:57
1649671441506003000,16.8,12,16.7,5,16.9,15,2,2022-04-11 10:04:01
1649671441506003000,16.75,3,16.7,5,16.9,15,2,2022-04-11 10:04:01
1649671441506003000,16.7,3,16.7,5,16.9,15,2,2022-04-11 10:04:01
1649671441752581000,16.85,1,16.75,4,16.85,2,1,2022-04-11 10:04:01
1649671446134613000,16.8,1,16.55,7,16.9,15,2,2022-04-11 10:04:06
1649671446134613000,16.75,5,16.55,7,16.9,15,2,2022-04-11 10:04:06
1649671446134613000,16.7,9,16.55,7,16.9,15,2,2022-04-11 10:04:06
1649671446134613000,16.65,6,16.55,7,16.9,15,2,2022-04-11 10:04:06
1649671446134613000,16.6,3,16.55,7,16.9,15,2,2022-04-11 10:04:06
1649671446134613000,16.55,6,16.55,7,16.9,15,2,2022-04-11 10:04:06
1649671454298721000,16.7,1,16.7,4,16.85,1,2,2022-04-11 10:04:14
1649671464726978000,16.75,6,16.75,1,16.85,1,2,2022-04-11 10:04:24
1649671482549512000,16.8,3,16.75,6,16.8,1,2,2022-04-11 10:04:42
1649671487052756000,16.8,1,16.75,6,16.85,2,1,2022-04-11 10:04:47
1649671489888138000,16.8,2,16.75,7,16.85,2,1,2022-04-11 10:04:49
1649671491727844000,16.85,2,16.8,1,16.9,11,1,2022-04-11 10:04:51
1649671491727844000,16.9,4,16.8,1,16.9,11,1,2022-04-11 10:04:51
1649671493495581000,16.8,2,16.75,8,16.9,15,2,2022-04-11 10:04:53
1649671503043900000,16.8,4,16.75,7,16.8,1,2,2022-04-11 10:05:03
1649671503076638000,16.8,1,16.75,7,16.9,11,1,2022-04-11 10:05:03
1649671503433740000,16.9,2,16.75,7,16.9,13,1,2022-04-11 10:05:03
1649671504637446000,16.75,2,16.75,5,16.9,13,2,2022-04-11 10:05:04
1649671514301519000,16.8,1,16.8,1,16.95,9,2,2022-04-11 10:05:14
1649671514648816000,16.9,2,16.75,5,16.9,2,1,2022-04-11 10:05:14
1649671521367800000,16.85,1,16.75,7,16.85,4,1,2022-04-11 10:05:21
1649671527788583000,16.8,2,16.8,18,16.85,1,2,2022-04-11 10:05:27
1649671531953583000,16.85,1,16.8,18,16.9,7,1,2022-04-11 10:05:31
1649671538291487000,16.85,1,16.8,22,16.9,13,2,2022-04-11 10:05:38
1649671538291487000,16.8,1,16.8,22,16.9,13,2,2022-04-11 10:05:38
1649671538525326000,16.8,12,16.8,10,16.9,13,2,2022-04-11 10:05:38
1649671538548373000,16.8,10,16.75,7,16.9,13,2,2022-04-11 10:05:38
1649671541827330000,16.85,1,16.75,7,16.9,14,2,2022-04-11 10:05:41
1649671546016320000,16.8,1,16.75,7,16.85,3,2,2022-04-11 10:05:46
1649671557153494000,16.8,1,16.75,6,16.8,1,2,2022-04-11 10:05:57
1649671565728074000,16.75,1,16.75,5,16.8,4,2,2022-04-11 10:06:05
1649671565862253000,16.8,1,16.75,5,16.8,3,1,2022-04-11 10:06:05
1649671566803319000,16.8,1,16.75,5,16.8,2,1,2022-04-11 10:06:06
1649671572815353000,16.8,1,16.75,5,16.8,6,1,2022-04-11 10:06:12
1649671572959984000,16.8,1,16.75,5,16.8,5,1,2022-04-11 10:06:12
1649671579196288000,16.8,2,16.75,5,16.8,3,1,2022-04-11 10:06:19
1649671580649136000,16.8,3,16.8,7,16.85,6,1,2022-04-11 10:06:20
1649671586727961000,16.85,6,16.8,8,16.95,11,1,2022-04-11 10:06:26
1649671586727961000,16.9,8,16.8,8,16.95,11,1,2022-04-11 10:06:26
1649671586727961000,16.95,1,16.8,8,16.95,11,1,2022-04-11 10:06:26
1649671591297806000,16.85,1,16.8,8,16.9,9,2,2022-04-11 10:06:31
1649671591836900000,16.9,1,16.8,9,16.9,8,1,2022-04-11 10:06:31
1649671594125668000,16.85,2,16.8,9,16.9,8,2,2022-04-11 10:06:34
1649671594813522000,16.8,1,16.8,8,16.9,8,2,2022-04-11 10:06:34
1649671600317761000,16.8,6,16.8,2,16.85,1,2,2022-04-11 10:06:40
1649671600418464000,16.8,2,16.75,5,16.85,1,2,2022-04-11 10:06:40
1649671600817824000,16.85,3,16.75,6,16.85,1,1,2022-04-11 10:06:40
1649671608529073000,16.85,1,16.8,6,16.85,4,1,2022-04-11 10:06:48
1649671608830344000,16.85,4,16.8,6,17.0,52,1,2022-04-11 10:06:48
1649671608830344000,16.9,9,16.8,6,17.0,52,1,2022-04-11 10:06:48
1649671608830344000,16.95,17,16.8,6,17.0,52,1,2022-04-11 10:06:48
1649671610098547000,16.85,1,16.85,2,17.0,52,2,2022-04-11 10:06:50
1649671626408618000,16.95,2,16.9,2,16.95,3,1,2022-04-11 10:07:06
1649671636706768000,16.95,4,16.9,2,17.0,52,1,2022-04-11 10:07:16
1649671638642132000,16.95,1,16.9,2,17.0,52,2,2022-04-11 10:07:18
1649671639107282000,16.95,5,16.9,2,17.0,52,2,2022-04-11 10:07:19
1649671647465489000,16.9,4,16.85,7,16.95,5,2,2022-04-11 10:07:27
1649671648872630000,16.95,3,16.85,6,16.95,2,1,2022-04-11 10:07:28
1649671653087901000,16.95,1,16.85,6,16.95,2,1,2022-04-11 10:07:33
1649671657250838000,16.85,1,16.85,5,16.9,5,2,2022-04-11 10:07:37
1649671657282548000,16.85,5,16.8,3,16.9,5,2,2022-04-11 10:07:37
1649671674920874000,16.85,1,16.8,3,16.9,6,2,2022-04-11 10:07:54
1649671687653967000,16.8,1,16.75,10,16.85,3,2,2022-04-11 10:08:07
1649671689435280000,16.85,1,16.75,10,16.9,8,1,2022-04-11 10:08:09
1649671703298639000,16.85,1,16.75,15,16.9,8,2,2022-04-11 10:08:23
1649671705226206000,16.9,1,16.75,15,16.9,7,1,2022-04-11 10:08:25
1649671715579080000,16.9,1,16.8,5,16.9,4,1,2022-04-11 10:08:35
1649671720142833000,16.9,1,16.8,9,16.9,3,1,2022-04-11 10:08:40
1649671732003181000,16.85,1,16.8,10,16.9,8,2,2022-04-11 10:08:52
1649671742963569000,16.8,13,16.75,3,16.9,9,2,2022-04-11 10:09:02
1649671742963569000,16.75,17,16.75,3,16.9,9,2,2022-04-11 10:09:02
1649671752016532000,16.85,3,16.75,3,16.9,12,2,2022-04-11 10:09:12
1649671768568761000,16.8,1,16.8,1,16.85,10,1,2022-04-11 10:09:28
1649671768605843000,16.8,1,16.75,8,16.85,10,2,2022-04-11 10:09:28
1649671775010689000,16.75,10,16.7,4,16.85,6,2,2022-04-11 10:09:35
1649671775010689000,16.7,20,16.7,4,16.85,6,2,2022-04-11 10:09:35
1649671778984325000,16.7,1,16.7,3,16.85,9,2,2022-04-11 10:09:38
1649671790020686000,16.7,1,16.7,4,16.85,7,2,2022-04-11 10:09:50
1649671797067423000,16.7,1,16.7,5,16.85,5,2,2022-04-11 10:09:57
1649671809911014000,16.8,1,16.7,5,16.8,4,1,2022-04-11 10:10:09
1649671813508526000,16.7,5,16.6,3,16.8,4,2,2022-04-11 10:10:13
1649671813508526000,16.65,4,16.6,3,16.8,4,2,2022-04-11 10:10:13
1649671813508526000,16.6,1,16.6,3,16.8,4,2,2022-04-11 10:10:13
1649671815545863000,16.7,1,16.6,6,16.7,1,2,2022-04-11 10:10:15
1649671833923569000,16.7,1,16.65,4,16.7,7,1,2022-04-11 10:10:33
1649671833953812000,16.7,7,16.65,4,16.8,4,1,2022-04-11 10:10:33
1649671840898693000,16.7,1,16.7,1,16.8,4,1,2022-04-11 10:10:40
1649671851005826000,16.75,1,16.7,5,16.8,4,1,2022-04-11 10:10:51
1649671854912187000,16.7,2,16.7,3,16.8,4,2,2022-04-11 10:10:54
1649671865309440000,16.7,1,16.7,8,16.8,4,2,2022-04-11 10:11:05
1649671878658048000,16.7,4,16.65,5,16.8,2,2,2022-04-11 10:11:18
1649671895129736000,16.7,3,16.65,4,16.7,2,1,2022-04-11 10:11:35
1649671895164414000,16.7,2,16.65,4,16.85,7,1,2022-04-11 10:11:35
1649671921913277000,16.75,3,16.7,10,16.8,10,2,2022-04-11 10:12:01
1649671929393459000,16.75,1,16.7,10,16.8,10,2,2022-04-11 10:12:09
1649671943686216000,16.7,1,16.7,9,16.8,14,2,2022-04-11 10:12:23
1649671947755720000,16.7,8,16.7,1,16.8,14,2,2022-04-11 10:12:27
1649671947785481000,16.7,1,16.65,12,16.8,14,2,2022-04-11 10:12:27
1649671968211084000,16.7,11,16.65,11,16.7,3,2,2022-04-11 10:12:48
1649671975900461000,16.65,11,16.6,12,16.65,4,2,2022-04-11 10:12:55
1649671982988161000,16.65,4,16.6,11,16.7,11,1,2022-04-11 10:13:02
1649671984020593000,16.6,1,16.6,10,16.7,11,2,2022-04-11 10:13:04
1649671985407682000,16.65,1,16.6,10,16.7,11,2,2022-04-11 10:13:05
1649671995050175000,16.6,1,16.6,11,16.65,4,2,2022-04-11 10:13:15
1649671996590100000,16.65,1,16.6,11,16.65,3,1,2022-04-11 10:13:16
1649672003025695000,16.65,1,16.6,11,16.65,2,1,2022-04-11 10:13:23
1649672005391063000,16.65,2,16.6,11,16.7,17,1,2022-04-11 10:13:25
1649672006200011000,16.65,1,16.6,11,16.7,17,2,2022-04-11 10:13:26
1649672010445131000,16.6,5,16.6,6,16.65,1,2,2022-04-11 10:13:30
1649672016420932000,16.6,11,16.45,10,16.5,22,2,2022-04-11 10:13:36
1649672016420932000,16.55,18,16.45,10,16.5,22,2,2022-04-11 10:13:36
1649672016420932000,16.5,33,16.45,10,16.5,22,2,2022-04-11 10:13:36
1649672024865143000,16.5,1,16.5,4,16.55,4,2,2022-04-11 10:13:44
1649672026227671000,16.5,1,16.5,4,16.55,4,2,2022-04-11 10:13:46
1649672028659115000,16.5,7,16.4,11,16.55,4,2,2022-04-11 10:13:48
1649672028659115000,16.45,11,16.4,11,16.55,4,2,2022-04-11 10:13:48
1649672028659115000,16.4,12,16.4,11,16.55,4,2,2022-04-11 10:13:48
1649672029118562000,16.5,1,16.5,1,16.55,6,1,2022-04-11 10:13:49
1649672029156595000,16.5,1,16.4,12,16.45,2,2,2022-04-11 10:13:49
1649672029170509000,16.45,1,16.4,12,16.45,1,1,2022-04-11 10:13:49
1649672030417410000,16.5,2,16.5,1,16.55,4,1,2022-04-11 10:13:50
1649672030438220000,16.5,1,16.4,12,16.55,4,2,2022-04-11 10:13:50
1649672032002029000,16.5,1,16.4,12,16.55,4,1,2022-04-11 10:13:52
1649672034380481000,16.5,2,16.45,4,16.55,4,2,2022-04-11 10:13:54
1649672034380481000,16.45,1,16.45,4,16.55,4,2,2022-04-11 10:13:54
1649672040506225000,16.5,1,16.45,5,16.5,1,2,2022-04-11 10:14:00
1649672046587606000,16.5,1,16.45,15,16.55,4,1,2022-04-11 10:14:06
1649672048635775000,16.45,10,16.45,6,16.55,4,2,2022-04-11 10:14:08
1649672049350868000,16.5,1,16.45,6,16.55,5,2,2022-04-11 10:14:09
1649672053300441000,16.5,1,16.5,2,16.55,5,2,2022-04-11 10:14:13
1649672056450838000,16.55,3,16.5,3,16.55,2,1,2022-04-11 10:14:16
1649672058766195000,16.55,1,16.5,3,16.55,1,1,2022-04-11 10:14:18
1649672059742350000,16.55,1,16.5,3,16.6,12,1,2022-04-11 10:14:19
1649672069620714000,16.55,1,16.5,5,16.55,2,2,2022-04-11 10:14:29
1649672082341370000,16.5,1,16.5,6,16.55,2,2,2022-04-11 10:14:42
1649672093343803000,16.55,2,16.5,11,16.6,15,1,2022-04-11 10:14:53
1649672111908319000,16.6,1,16.5,12,16.6,14,1,2022-04-11 10:15:11
1649672123311018000,16.6,1,16.55,1,16.6,16,1,2022-04-11 10:15:23
1649672124569367000,16.55,1,16.5,19,16.6,16,2,2022-04-11 10:15:24
1649672142147806000,16.55,1,16.55,2,16.6,16,2,2022-04-11 10:15:42
1649672145166035000,16.55,1,16.55,1,16.6,16,2,2022-04-11 10:15:45
1649672158428992000,16.6,5,16.55,4,16.6,11,1,2022-04-11 10:15:58
1649672170540689000,16.6,1,16.55,15,16.6,11,1,2022-04-11 10:16:10
1649672170791122000,16.55,11,16.55,4,16.6,11,2,2022-04-11 10:16:10
1649672170826490000,16.55,4,16.5,23,16.6,13,2,2022-04-11 10:16:10
1649672173160375000,16.6,2,16.5,23,16.6,9,1,2022-04-11 10:16:13
1649672174356046000,16.6,1,16.5,23,16.6,8,1,2022-04-11 10:16:14
1649672175078375000,16.5,3,16.5,20,16.6,8,2,2022-04-11 10:16:15
1649672189647952000,16.55,1,16.5,21,16.6,8,1,2022-04-11 10:16:29
1649672196269202000,16.55,1,16.5,21,16.6,10,2,2022-04-11 10:16:36
1649672199685274000,16.55,1,16.5,24,16.6,10,2,2022-04-11 10:16:39
1649672239378372000,16.55,1,16.55,6,16.6,8,2,2022-04-11 10:17:19
1649672265755379000,16.55,2,16.55,4,16.6,10,2,2022-04-11 10:17:45
1649672265793156000,16.55,4,16.5,26,16.6,10,2,2022-04-11 10:17:45
1649672274226455000,16.5,11,16.5,15,16.55,3,2,2022-04-11 10:17:54
1649672274253836000,16.5,15,16.45,16,16.55,3,2,2022-04-11 10:17:54
1649672287257394000,16.5,2,16.5,1,16.55,6,1,2022-04-11 10:18:07
1649672287291566000,16.5,1,16.45,16,16.55,6,2,2022-04-11 10:18:07
1649672305770142000,16.5,2,16.45,20,16.5,1,1,2022-04-11 10:18:25
1649672306312819000,16.45,1,16.45,19,16.55,6,2,2022-04-11 10:18:26
1649672309348654000,16.45,8,16.45,11,16.55,4,2,2022-04-11 10:18:29
1649672313966422000,16.45,1,16.45,10,16.55,4,2,2022-04-11 10:18:33
1649672319399913000,16.45,5,16.45,5,16.5,2,2,2022-04-11 10:18:39
1649672326547659000,16.45,1,16.45,5,16.5,2,2,2022-04-11 10:18:46
1649672330522321000,16.45,1,16.45,4,16.5,2,2,2022-04-11 10:18:50
1649672331934664000,16.45,1,16.45,3,16.5,2,2,2022-04-11 10:18:51
1649672334151675000,16.5,2,16.45,3,16.55,3,1,2022-04-11 10:18:54
1649672334151675000,16.55,1,16.45,3,16.55,3,1,2022-04-11 10:18:54
1649672345041409000,16.55,1,16.45,6,16.55,2,1,2022-04-11 10:19:05
1649672357592886000,16.55,1,16.45,16,16.55,8,1,2022-04-11 10:19:17
1649672369597394000,16.55,5,16.5,2,16.55,3,1,2022-04-11 10:19:29
1649672374192915000,16.55,1,16.5,4,16.55,4,1,2022-04-11 10:19:34
1649672407104024000,16.55,3,16.5,4,16.55,1,1,2022-04-11 10:20:07
1649672430999135000,16.6,1,16.55,5,16.6,6,1,2022-04-11 10:20:30
1649672444447458000,16.6,1,16.55,5,16.6,5,1,2022-04-11 10:20:44
1649672445429313000,16.55,5,16.5,6,16.55,3,2,2022-04-11 10:20:45
1649672470331924000,16.55,1,16.5,6,16.55,2,1,2022-04-11 10:21:10
1649672530341930000,16.5,8,16.45,26,16.55,4,2,2022-04-11 10:22:10
1649672554426682000,16.5,2,16.45,26,16.5,1,1,2022-04-11 10:22:34
1649672563822978000,16.45,2,16.45,24,16.5,3,2,2022-04-11 10:22:43
1649672563832983000,16.5,1,16.45,24,16.5,2,1,2022-04-11 10:22:43
1649672563857583000,16.45,24,16.4,22,16.5,2,2,2022-04-11 10:22:43
1649672566282512000,16.45,1,16.4,21,16.5,3,2,2022-04-11 10:22:46
1649672582793133000,16.4,1,16.4,20,16.5,4,2,2022-04-11 10:23:02
1649672585885792000,16.4,1,16.4,19,16.5,4,2,2022-04-11 10:23:05
1649672597117396000,16.4,12,16.4,7,16.5,4,2,2022-04-11 10:23:17
1649672597143741000,16.4,7,16.35,5,16.5,4,2,2022-04-11 10:23:17
1649672606779698000,16.4,1,16.35,6,16.45,1,2,2022-04-11 10:23:26
1649672617609262000,16.35,3,16.35,4,16.5,9,2,2022-04-11 10:23:37
1649672624456036000,16.35,1,16.35,3,16.4,1,2,2022-04-11 10:23:44
1649672625687765000,16.4,1,16.35,3,16.45,1,1,2022-04-11 10:23:45
1649672633575089000,16.35,1,16.35,7,16.5,9,2,2022-04-11 10:23:53
1649672659561618000,16.4,1,16.3,13,16.45,1,2,2022-04-11 10:24:19
1649672659561618000,16.35,19,16.3,13,16.45,1,2,2022-04-11 10:24:19
1649672659561618000,16.3,10,16.3,13,16.45,1,2,2022-04-11 10:24:19
1649672672206282000,16.4,1,16.35,6,16.4,4,2,2022-04-11 10:24:32
1649672672655462000,16.35,2,16.35,4,16.4,4,2,2022-04-11 10:24:32
1649672673642052000,16.35,1,16.35,3,16.4,4,2,2022-04-11 10:24:33
1649672683647335000,16.35,2,16.35,1,16.4,4,2,2022-04-11 10:24:43
1649672685383384000,16.35,1,16.3,17,16.4,5,2,2022-04-11 10:24:45
1649672689689812000,16.3,1,16.3,16,16.4,5,2,2022-04-11 10:24:49
1649672695092504000,16.35,1,16.3,16,16.4,5,2,2022-04-11 10:24:55
1649672696349080000,16.3,4,16.3,12,16.4,5,2,2022-04-11 10:24:56
1649672705647404000,16.35,1,16.3,14,16.4,5,1,2022-04-11 10:25:05
1649672716957043000,16.3,1,16.3,16,16.4,5,2,2022-04-11 10:25:16
1649672721962142000,16.35,1,16.3,16,16.4,5,1,2022-04-11 10:25:21
1649672722047618000,16.4,1,16.3,16,16.4,4,1,2022-04-11 10:25:22
1649672740955345000,16.4,3,16.35,9,16.4,2,1,2022-04-11 10:25:40
1649672740989953000,16.4,1,16.35,9,16.4,1,1,2022-04-11 10:25:40
1649672741012578000,16.4,1,16.35,9,16.45,1,1,2022-04-11 10:25:41
1649672747689528000,16.45,1,16.4,3,16.5,10,1,2022-04-11 10:25:47
1649672756420060000,16.5,10,16.4,4,16.55,6,1,2022-04-11 10:25:56
1649672765454547000,16.55,1,16.5,1,16.55,7,1,2022-04-11 10:26:05
1649672769312393000,16.55,1,16.5,2,16.55,6,1,2022-04-11 10:26:09
1649672770605001000,16.55,1,16.5,2,16.55,3,1,2022-04-11 10:26:10
1649672775128035000,16.55,1,16.5,2,16.55,4,1,2022-04-11 10:26:15
1649672776846170000,16.5,2,16.45,1,16.5,1,2,2022-04-11 10:26:16
1649672794252317000,16.5,1,16.45,1,16.5,2,1,2022-04-11 10:26:34
1649672804307913000,16.5,9,16.45,1,16.55,6,2,2022-04-11 10:26:44
1649672807896568000,16.45,1,16.4,3,16.55,6,2,2022-04-11 10:26:47
1649672812126280000,16.5,1,16.4,3,16.55,6,2,2022-04-11 10:26:52
1649672812497205000,16.5,1,16.4,3,16.55,7,2,2022-04-11 10:26:52
1649672820296956000,16.55,2,16.45,1,16.55,5,1,2022-04-11 10:27:00
1649672836780256000,16.55,3,16.5,1,16.55,2,1,2022-04-11 10:27:16
1649672842808194000,16.55,3,16.55,2,16.6,15,1,2022-04-11 10:27:22
1649672842836018000,16.55,2,16.5,1,16.6,15,2,2022-04-11 10:27:22
1649672850253994000,16.6,10,16.5,1,16.6,6,1,2022-04-11 10:27:30
1649672853335047000,16.6,3,16.5,2,16.6,2,1,2022-04-11 10:27:33
1649672856284044000,16.6,1,16.5,2,16.65,7,2,2022-04-11 10:27:36
1649672863759211000,16.6,1,16.5,3,16.65,8,2,2022-04-11 10:27:43
1649672885436785000,16.5,3,16.4,5,16.6,7,2,2022-04-11 10:28:05
1649672885436785000,16.45,7,16.4,5,16.6,7,2,2022-04-11 10:28:05
1649673116003427000,16.5,8,16.45,25,16.6,8,2,2022-04-11 10:31:56
1649673176163517000,16.6,8,16.55,10,16.65,9,1,2022-04-11 10:32:56
1649673176272151000,16.55,2,16.55,8,16.65,9,2,2022-04-11 10:32:56
1649673178975184000,16.65,2,16.55,8,16.65,7,1,2022-04-11 10:32:58
1649673189582617000,16.65,2,16.6,5,16.65,4,1,2022-04-11 10:33:09
1649673196051445000,16.65,1,16.6,5,16.65,3,1,2022-04-11 10:33:16
1649673199965351000,16.65,2,16.6,5,16.65,1,1,2022-04-11 10:33:19
1649673210038907000,16.65,4,16.6,5,16.7,30,1,2022-04-11 10:33:30
1649673233173201000,16.6,11,16.6,3,16.7,21,2,2022-04-11 10:33:53
1649673233210587000,16.6,3,16.55,8,16.7,21,2,2022-04-11 10:33:53
1649673242691406000,16.6,2,16.55,9,16.65,5,2,2022-04-11 10:34:02
1649673243580165000,16.65,1,16.55,8,16.65,1,1,2022-04-11 10:34:03
1649673246528377000,16.55,3,16.55,5,16.65,2,2,2022-04-11 10:34:06
1649673281923155000,16.65,1,16.55,15,16.65,3,1,2022-04-11 10:34:41
1649673311450828000,16.65,1,16.55,15,16.65,2,1,2022-04-11 10:35:11
1649673321316157000,16.65,5,16.55,15,16.7,22,2,2022-04-11 10:35:21
1649673340211336000,16.65,3,16.6,1,16.65,1,1,2022-04-11 10:35:40
1649673342645982000,16.65,1,16.6,1,16.65,1,1,2022-04-11 10:35:42
1649673353548013000,16.65,1,16.6,1,16.7,24,1,2022-04-11 10:35:53
1649673360728821000,16.6,1,16.55,15,16.65,6,2,2022-04-11 10:36:00
1649673368468006000,16.6,4,16.55,15,16.65,8,2,2022-04-11 10:36:08
1649673374649667000,16.6,8,16.6,1,16.65,8,2,2022-04-11 10:36:14
1649673374669502000,16.6,1,16.55,6,16.65,8,2,2022-04-11 10:36:14
1649673375292994000,16.6,1,16.55,6,16.6,2,1,2022-04-11 10:36:15
1649673389484569000,16.55,5,16.55,2,16.65,9,2,2022-04-11 10:36:29
1649673400407852000,16.55,1,16.55,1,16.65,12,2,2022-04-11 10:36:40
1649673423055057000,16.65,1,16.55,3,16.65,11,1,2022-04-11 10:37:03
1649673441037597000,16.6,1,16.6,2,16.65,12,2,2022-04-11 10:37:21
1649673466028506000,16.6,5,16.6,2,16.65,12,2,2022-04-11 10:37:46
1649673466059127000,16.6,2,16.55,3,16.65,12,2,2022-04-11 10:37:46
1649673474002259000,16.55,3,16.5,5,16.6,20,2,2022-04-11 10:37:54
1649673474002259000,16.5,27,16.5,5,16.6,20,2,2022-04-11 10:37:54
1649673494424548000,16.55,1,16.5,8,16.6,20,2,2022-04-11 10:38:14
1649673541920410000,16.55,1,16.55,6,16.6,24,2,2022-04-11 10:39:01
1649673541946474000,16.55,6,16.5,7,16.6,24,2,2022-04-11 10:39:01
1649673550557276000,16.5,7,16.45,20,16.6,24,2,2022-04-11 10:39:10
1649673550557276000,16.45,3,16.45,20,16.6,24,2,2022-04-11 10:39:10
1649673565147470000,16.45,1,16.45,21,16.6,24,2,2022-04-11 10:39:25
1649673580198568000,16.55,1,16.45,21,16.6,26,1,2022-04-11 10:39:40
1649673585046452000,16.55,2,16.55,8,16.6,27,2,2022-04-11 10:39:45
1649673585046456000,16.55,2,16.55,6,16.6,27,2,2022-04-11 10:39:45
1649673585046490000,16.55,2,16.55,4,16.6,27,2,2022-04-11 10:39:45
1649673585046493000,16.55,2,16.55,2,16.6,27,2,2022-04-11 10:39:45
1649673585047399000,16.55,2,16.45,21,16.6,26,2,2022-04-11 10:39:45
1649673639938275000,16.55,1,16.5,3,16.55,2,1,2022-04-11 10:40:39
1649673672622326000,16.55,2,16.5,2,16.6,28,1,2022-04-11 10:41:12
1649673684681269000,16.5,2,16.45,20,16.6,27,2,2022-04-11 10:41:24
1649673711443997000,16.5,2,16.45,20,16.6,28,1,2022-04-11 10:41:51
1649673746810870000,16.6,2,16.5,1,16.6,25,1,2022-04-11 10:42:26
1649673769656979000,16.55,1,16.5,1,16.6,24,1,2022-04-11 10:42:49
1649673842324232000,16.55,1,16.45,29,16.6,25,1,2022-04-11 10:44:02
1649673922138932000,16.55,1,16.5,2,16.55,4,1,2022-04-11 10:45:22
1649673940356324000,16.55,1,16.5,2,16.55,3,1,2022-04-11 10:45:40
1649673960618037000,16.55,1,16.5,2,16.55,2,1,2022-04-11 10:46:00
1649673991012777000,16.55,2,16.55,3,16.6,25,1,2022-04-11 10:46:31
1649674007759318000,16.6,4,16.55,3,16.6,21,1,2022-04-11 10:46:47
1649674052931323000,16.6,1,16.55,3,16.6,23,1,2022-04-11 10:47:32
1649674070679074000,16.6,2,16.55,3,16.6,25,1,2022-04-11 10:47:50
1649674070933490000,16.6,1,16.55,3,16.6,24,1,2022-04-11 10:47:50
1649674082423984000,16.6,5,16.55,3,16.6,19,1,2022-04-11 10:48:02
1649674121373674000,16.6,1,16.5,3,16.6,18,1,2022-04-11 10:48:41
1649674139320287000,16.6,1,16.5,5,16.6,17,1,2022-04-11 10:48:59
1649674174514531000,16.6,3,16.55,1,16.6,14,1,2022-04-11 10:49:34
1649674176733117000,16.6,1,16.55,6,16.6,13,1,2022-04-11 10:49:36
1649674179706281000,16.55,7,16.5,8,16.6,13,2,2022-04-11 10:49:39
1649674179706281000,16.5,3,16.5,8,16.6,13,2,2022-04-11 10:49:39
1649674218929220000,16.6,1,16.5,9,16.6,12,1,2022-04-11 10:50:18
1649674263848502000,16.6,1,16.5,8,16.6,11,1,2022-04-11 10:51:03
1649674335490406000,16.6,5,16.5,9,16.6,9,1,2022-04-11 10:52:15
1649674336172564000,16.6,1,16.5,9,16.6,6,1,2022-04-11 10:52:16
1649674341996510000,16.5,1,16.5,8,16.6,6,2,2022-04-11 10:52:21
1649674510311370000,16.55,2,16.55,1,16.6,13,2,2022-04-11 10:55:10
1649674517225061000,16.55,1,16.5,12,16.6,13,2,2022-04-11 10:55:17
1649674540846507000,16.55,1,16.5,11,16.6,13,1,2022-04-11 10:55:40
1649674547240053000,16.6,13,16.6,7,16.65,15,1,2022-04-11 10:55:47
1649674547276883000,16.65,15,16.6,7,16.7,23,1,2022-04-11 10:55:47
1649674553466327000,16.7,20,16.6,7,16.7,1,1,2022-04-11 10:55:53
1649674553491602000,16.7,1,16.6,8,16.75,12,1,2022-04-11 10:55:53
1649674554153393000,16.65,2,16.6,8,16.65,1,1,2022-04-11 10:55:54
1649674554154274000,16.65,1,16.6,8,16.75,12,1,2022-04-11 10:55:54
1649674564775221000,16.65,2,16.6,8,16.7,3,1,2022-04-11 10:56:04
1649674576739512000,16.7,2,16.65,16,16.7,1,1,2022-04-11 10:56:16
1649674576776080000,16.7,1,16.65,16,16.75,12,1,2022-04-11 10:56:16
1649674596849271000,16.7,1,16.7,4,16.75,12,2,2022-04-11 10:56:36
1649674598957956000,16.7,1,16.7,3,16.75,12,2,2022-04-11 10:56:38
1649674619959747000,16.7,4,16.65,21,16.7,1,2,2022-04-11 10:56:59
1649674624577868000,16.7,1,16.65,21,16.7,4,1,2022-04-11 10:57:04
1649674628861411000,16.7,2,16.65,21,16.7,2,1,2022-04-11 10:57:08
1649674642625795000,16.7,1,16.65,21,16.7,1,2,2022-04-11 10:57:22
1649674642873034000,16.65,11,16.65,10,16.7,1,2,2022-04-11 10:57:22
1649674642905332000,16.65,2,16.65,8,16.7,1,2,2022-04-11 10:57:22
1649674642905349000,16.65,2,16.65,6,16.7,1,2,2022-04-11 10:57:22
1649674642905366000,16.65,2,16.65,4,16.7,1,2,2022-04-11 10:57:22
1649674642905382000,16.65,2,16.65,2,16.7,1,2,2022-04-11 10:57:22
1649674642906190000,16.65,2,16.5,23,16.7,1,2,2022-04-11 10:57:22
1649674642997296000,16.6,1,16.5,24,16.65,2,1,2022-04-11 10:57:22
1649674685474036000,16.6,2,16.55,5,16.65,3,2,2022-04-11 10:58:05
1649674736825524000,16.6,1,16.55,5,16.65,1,2,2022-04-11 10:58:56
1649674764373207000,16.6,2,16.6,18,16.65,1,1,2022-04-11 10:59:24
1649674774086224000,16.6,1,16.6,17,16.7,5,2,2022-04-11 10:59:34
1649674820372287000,16.6,1,16.6,18,16.65,6,2,2022-04-11 11:00:20
1649674820607220000,16.6,11,16.6,7,16.65,6,2,2022-04-11 11:00:20
1649674820631871000,16.6,2,16.6,5,16.65,8,2,2022-04-11 11:00:20
1649674820631875000,16.6,2,16.6,3,16.65,8,2,2022-04-11 11:00:20
1649674820631896000,16.6,2,16.6,1,16.65,8,2,2022-04-11 11:00:20
1649674820632079000,16.6,1,16.55,5,16.65,8,2,2022-04-11 11:00:20
1649674844316324000,16.55,1,16.55,4,16.6,10,2,2022-04-11 11:00:44
1649674844543394000,16.55,4,16.5,23,16.6,10,2,2022-04-11 11:00:44
1649674850217274000,16.5,22,16.45,25,16.6,17,2,2022-04-11 11:00:50
1649674850217274000,16.45,8,16.45,25,16.6,17,2,2022-04-11 11:00:50
1649674865491392000,16.55,1,16.45,24,16.55,3,1,2022-04-11 11:01:05
1649674867212223000,16.45,1,16.45,23,16.55,3,2,2022-04-11 11:01:07
1649674904514280000,16.55,1,16.55,9,16.6,8,1,2022-04-11 11:01:44
1649674932044494000,16.55,2,16.55,7,16.6,5,2,2022-04-11 11:02:12
1649674932072524000,16.55,2,16.55,5,16.6,5,2,2022-04-11 11:02:12
1649674932314621000,16.55,5,16.5,2,16.6,5,2,2022-04-11 11:02:12
1649674969641264000,16.55,1,16.5,5,16.6,5,1,2022-04-11 11:02:49
1649675021476432000,16.6,1,16.55,7,16.6,9,1,2022-04-11 11:03:41
1649675033721913000,16.55,1,16.55,6,16.6,9,2,2022-04-11 11:03:53
1649675037295408000,16.6,1,16.55,6,16.6,8,1,2022-04-11 11:03:57
1649675131154975000,16.55,1,16.55,5,16.6,8,2,2022-04-11 11:05:31
1649675143430893000,16.55,1,16.55,4,16.6,7,2,2022-04-11 11:05:43
1649675174877047000,16.55,1,16.55,3,16.6,12,2,2022-04-11 11:06:14
1649675333484660000,16.55,1,16.55,5,16.6,12,2,2022-04-11 11:08:53
1649675486211682000,16.55,1,16.55,6,16.6,22,2,2022-04-11 11:11:26
1649675513906255000,16.6,2,16.55,4,16.6,20,1,2022-04-11 11:11:53
1649675548810308000,16.6,1,16.55,4,16.6,19,1,2022-04-11 11:12:28
1649675672382382000,16.6,2,16.55,5,16.6,19,1,2022-04-11 11:14:32
1649675711371000000,16.6,1,16.55,5,16.6,19,1,2022-04-11 11:15:11
1649675727798313000,16.6,1,16.55,5,16.6,18,1,2022-04-11 11:15:27
1649675732102668000,16.6,1,16.55,5,16.6,17,1,2022-04-11 11:15:32
1649675773715541000,16.6,1,16.55,6,16.6,16,1,2022-04-11 11:16:13
1649675856585132000,16.6,1,16.55,8,16.6,16,1,2022-04-11 11:17:36
1649675927330157000,16.6,10,16.55,8,16.6,8,1,2022-04-11 11:18:47
1649675947151310000,16.6,1,16.55,9,16.6,7,1,2022-04-11 11:19:07
1649675955772597000,16.6,2,16.55,9,16.6,5,1,2022-04-11 11:19:15
1649675959066754000,16.6,4,16.55,9,16.6,1,1,2022-04-11 11:19:19
1649675959091490000,16.6,1,16.55,9,16.7,16,1,2022-04-11 11:19:19
1649676022465130000,16.6,5,16.6,3,16.65,2,2,2022-04-11 11:20:22
1649676039010634000,16.65,5,16.6,3,16.7,15,1,2022-04-11 11:20:39
1649676048562905000,16.65,1,16.6,3,16.7,16,1,2022-04-11 11:20:48
1649676058450357000,16.7,1,16.65,1,16.7,15,1,2022-04-11 11:20:58
1649676061190510000,16.7,5,16.65,2,16.7,10,1,2022-04-11 11:21:01
1649676065639439000,16.7,2,16.65,2,16.7,8,1,2022-04-11 11:21:05
1649676077496724000,16.7,1,16.65,3,16.7,7,1,2022-04-11 11:21:17
1649676096044700000,16.7,1,16.65,4,16.7,11,1,2022-04-11 11:21:36
1649676114649353000,16.7,1,16.65,5,16.7,11,1,2022-04-11 11:21:54
1649676116734341000,16.7,2,16.65,5,16.7,9,1,2022-04-11 11:21:56
1649676125514253000,16.7,2,16.65,5,16.7,7,1,2022-04-11 11:22:05
1649676139425802000,16.7,2,16.65,5,16.7,5,1,2022-04-11 11:22:19
1649676141080101000,16.7,1,16.65,5,16.7,4,1,2022-04-11 11:22:21
1649676158468528000,16.7,2,16.65,5,16.7,4,1,2022-04-11 11:22:38
1649676187802081000,16.7,7,16.7,3,16.75,19,1,2022-04-11 11:23:07
1649676216242461000,16.7,1,16.7,6,16.75,19,2,2022-04-11 11:23:36
1649676216484436000,16.7,6,16.65,3,16.75,19,2,2022-04-11 11:23:36
1649676224537257000,16.7,1,16.65,3,16.75,19,1,2022-04-11 11:23:44
1649676228819285000,16.7,1,16.65,3,16.75,19,2,2022-04-11 11:23:48
1649676232185292000,16.7,1,16.65,3,16.75,18,1,2022-04-11 11:23:52
1649676239450661000,16.7,1,16.65,3,16.7,4,2,2022-04-11 11:23:59
1649676257992542000,16.7,1,16.65,6,16.7,4,1,2022-04-11 11:24:17
1649676267690220000,16.7,1,16.65,6,16.7,3,1,2022-04-11 11:24:27
1649676305840967000,16.65,8,16.6,2,16.7,3,2,2022-04-11 11:25:05
1649676305840967000,16.6,2,16.6,2,16.7,3,2,2022-04-11 11:25:05
1649676327127818000,16.6,3,16.55,9,16.7,11,2,2022-04-11 11:25:27
1649676335235880000,16.6,3,16.55,8,16.65,2,2,2022-04-11 11:25:35
1649676359949819000,16.6,1,16.6,3,16.65,4,2,2022-04-11 11:25:59
1649676359970909000,16.6,3,16.55,8,16.65,4,2,2022-04-11 11:25:59
1649676360053877000,16.6,1,16.55,8,16.65,5,2,2022-04-11 11:26:00
1649676394089077000,16.6,1,16.55,7,16.65,5,2,2022-04-11 11:26:34
1649676412745068000,16.6,1,16.55,9,16.65,4,2,2022-04-11 11:26:52
1649676447676159000,16.65,2,16.65,1,16.7,24,1,2022-04-11 11:27:27
1649676473866480000,16.7,1,16.6,6,16.7,23,1,2022-04-11 11:27:53
1649676514980233000,16.6,7,16.55,11,16.65,2,2,2022-04-11 11:28:34
1649676552124351000,16.6,1,16.6,1,16.65,5,2,2022-04-11 11:29:12
1649676552163414000,16.6,1,16.55,11,16.65,5,2,2022-04-11 11:29:12
1649676592285771000,16.55,9,16.5,25,16.55,1,2,2022-04-11 11:29:52
1649676625762199000,16.55,1,16.55,9,16.65,9,1,2022-04-11 11:30:25
1649676653132628000,16.6,2,16.55,12,16.6,1,1,2022-04-11 11:30:53
1649676653863612000,16.55,1,16.55,12,16.65,11,2,2022-04-11 11:30:53
1649676664080251000,16.55,5,16.55,7,16.65,11,2,2022-04-11 11:31:04
1649676676424627000,16.55,7,16.5,22,16.65,11,2,2022-04-11 11:31:16
1649676676424627000,16.5,23,16.5,22,16.65,11,2,2022-04-11 11:31:16
1649676704863769000,16.5,22,16.45,8,16.6,15,2,2022-04-11 11:31:44
1649676704863769000,16.45,8,16.45,8,16.6,15,2,2022-04-11 11:31:44
1649676706405916000,16.5,1,16.5,2,16.55,3,2,2022-04-11 11:31:46
1649676706407375000,16.5,2,16.45,8,16.55,3,2,2022-04-11 11:31:46
1649676707944547000,16.45,3,16.45,5,16.55,3,2,2022-04-11 11:31:47
1649676708715438000,16.5,3,16.45,5,16.55,3,2,2022-04-11 11:31:48
1649676710053151000,16.45,5,16.3,21,16.55,3,2,2022-04-11 11:31:50
1649676710053151000,16.4,20,16.3,21,16.55,3,2,2022-04-11 11:31:50
1649676710053151000,16.35,14,16.3,21,16.55,3,2,2022-04-11 11:31:50
1649676710053151000,16.3,11,16.3,21,16.55,3,2,2022-04-11 11:31:50
1649676710270809000,16.3,5,16.3,16,16.55,3,2,2022-04-11 11:31:50
1649676710930564000,16.3,6,16.3,10,16.5,3,2,2022-04-11 11:31:50
1649676711485823000,16.3,10,16.25,70,16.4,2,2,2022-04-11 11:31:51
1649676788772643000,16.4,1,16.35,8,16.4,2,1,2022-04-11 11:33:08
1649676789677295000,16.35,1,16.35,7,16.45,5,2,2022-04-11 11:33:09
1649676795060862000,16.45,5,16.35,7,16.5,7,1,2022-04-11 11:33:15
1649676807714367000,16.35,2,16.35,13,16.5,5,2,2022-04-11 11:33:27
1649676807967484000,16.45,1,16.35,13,16.5,5,2,2022-04-11 11:33:27
1649676809748742000,16.45,2,16.35,18,16.5,4,1,2022-04-11 11:33:29
1649676809748742000,16.5,1,16.35,18,16.5,4,1,2022-04-11 11:33:29
1649676826471467000,16.4,2,16.4,3,16.5,4,2,2022-04-11 11:33:46
1649676834669628000,16.4,5,16.35,13,16.5,8,2,2022-04-11 11:33:54
1649676944499542000,16.4,1,16.4,6,16.5,9,2,2022-04-11 11:35:44
1649676955193600000,16.5,2,16.4,6,16.5,7,1,2022-04-11 11:35:55
1649676962297051000,16.5,9,16.5,1,16.55,12,1,2022-04-11 11:36:02
1649676962316265000,16.5,1,16.4,8,16.55,12,2,2022-04-11 11:36:02
1649676965596896000,16.5,1,16.4,9,16.55,12,2,2022-04-11 11:36:05
1649676996130672000,16.5,2,16.45,1,16.5,4,1,2022-04-11 11:36:36
1649676996767072000,16.5,2,16.45,1,16.5,2,1,2022-04-11 11:36:36
1649677022554396000,16.5,1,16.45,1,16.5,1,1,2022-04-11 11:37:02
1649677025467028000,16.45,1,16.4,9,16.5,7,2,2022-04-11 11:37:05
1649677056138145000,16.45,1,16.4,13,16.5,7,2,2022-04-11 11:37:36
1649677064370753000,16.4,11,16.4,2,16.5,17,2,2022-04-11 11:37:44
1649677064396663000,16.4,2,16.35,14,16.45,3,2,2022-04-11 11:37:44
1649677075149509000,16.35,1,16.35,12,16.5,17,2,2022-04-11 11:37:55
1649677083373548000,16.35,1,16.35,11,16.5,17,2,2022-04-11 11:38:03
1649677114051178000,16.35,2,16.35,9,16.45,5,2,2022-04-11 11:38:34
1649677147587810000,16.4,1,16.35,29,16.45,4,1,2022-04-11 11:39:07
1649677159967888000,16.4,3,16.35,29,16.4,3,2,2022-04-11 11:39:19
1649677172589039000,16.4,1,16.35,29,16.4,2,1,2022-04-11 11:39:32
1649677182513595000,16.4,2,16.4,3,16.45,6,1,2022-04-11 11:39:42
1649677191114173000,16.4,3,16.35,29,16.45,6,2,2022-04-11 11:39:51
1649677213311182000,16.4,1,16.35,29,16.45,6,1,2022-04-11 11:40:13
1649677222977480000,16.45,1,16.35,29,16.45,5,1,2022-04-11 11:40:22
1649677283114098000,16.35,1,16.35,28,16.4,20,2,2022-04-11 11:41:23
1649677331868173000,16.4,2,16.35,29,16.4,19,1,2022-04-11 11:42:11
1649677343247150000,16.4,2,16.35,30,16.4,17,1,2022-04-11 11:42:23
1649677348718955000,16.4,1,16.35,30,16.4,18,1,2022-04-11 11:42:28
1649677362933811000,16.4,18,16.4,2,16.45,9,1,2022-04-11 11:42:42
1649677373899308000,16.4,2,16.35,30,16.45,11,2,2022-04-11 11:42:53
1649677415879317000,16.4,6,16.35,37,16.45,11,2,2022-04-11 11:43:35
1649677415879317000,16.35,4,16.35,37,16.45,11,2,2022-04-11 11:43:35
1649677425616090000,16.4,1,16.35,37,16.45,11,2,2022-04-11 11:43:45
1649677505533095000,16.4,3,16.35,40,16.45,11,1,2022-04-11 11:45:05
1649677512593243000,16.35,11,16.35,28,16.4,3,2,2022-04-11 11:45:12
1649677512611626000,16.35,6,16.35,22,16.4,3,2,2022-04-11 11:45:12
1649677512632134000,16.35,4,16.35,18,16.4,3,2,2022-04-11 11:45:12
1649677512653221000,16.35,15,16.35,3,16.4,3,2,2022-04-11 11:45:12
1649677512673330000,16.35,3,16.3,46,16.4,3,2,2022-04-11 11:45:12
1649677524383676000,16.3,11,16.3,35,16.35,1,2,2022-04-11 11:45:24
1649677529640120000,16.3,4,16.3,30,16.35,3,2,2022-04-11 11:45:29
1649677535174337000,16.3,1,16.3,29,16.4,3,2,2022-04-11 11:45:35
1649677541324422000,16.3,2,16.3,26,16.4,3,2,2022-04-11 11:45:41
1649677547695730000,16.35,10,16.3,26,16.4,2,2,2022-04-11 11:45:47
1649677561831596000,16.3,1,16.3,27,16.4,6,2,2022-04-11 11:46:01
1649677607646518000,16.3,2,16.3,34,16.4,3,2,2022-04-11 11:46:47
1649677631391954000,16.3,1,16.3,39,16.4,9,2,2022-04-11 11:47:11
1649677636751793000,16.4,1,16.3,44,16.4,8,1,2022-04-11 11:47:16
1649677657856441000,16.4,1,16.35,1,16.4,8,1,2022-04-11 11:47:37
1649677669568623000,16.4,1,16.35,3,16.4,8,1,2022-04-11 11:47:49
1649677673426747000,16.4,3,16.35,3,16.4,5,1,2022-04-11 11:47:53
1649677726241397000,16.4,5,16.4,5,16.45,8,1,2022-04-11 11:48:46
1649677766711261000,16.45,4,16.4,16,16.45,4,1,2022-04-11 11:49:26
1649677772983897000,16.4,1,16.4,15,16.45,4,2,2022-04-11 11:49:32
1649677833442303000,16.4,1,16.4,14,16.45,4,2,2022-04-11 11:50:33
1649677865525026000,16.4,2,16.4,18,16.45,4,2,2022-04-11 11:51:05
1649678077407961000,16.45,4,16.45,1,16.5,9,1,2022-04-11 11:54:37
1649678274278213000,16.5,5,16.45,10,16.5,3,1,2022-04-11 11:57:54
1649678280626661000,16.5,1,16.45,10,16.5,2,1,2022-04-11 11:58:00
1649678281390389000,16.5,1,16.45,10,16.5,1,1,2022-04-11 11:58:01
1649678281413423000,16.5,1,16.45,10,16.55,11,1,2022-04-11 11:58:01
1649678367951384000,16.5,7,16.5,9,16.55,17,2,2022-04-11 11:59:27
1649678426544226000,16.5,3,16.5,5,16.55,17,2,2022-04-11 12:00:26
1649678450505010000,16.55,17,16.5,19,16.6,32,1,2022-04-11 12:00:50
1649678480863881000,16.55,1,16.5,22,16.55,2,1,2022-04-11 12:01:20
1649678480877186000,16.55,2,16.5,22,16.6,31,1,2022-04-11 12:01:20
1649678485528021000,16.6,3,16.5,21,16.6,28,1,2022-04-11 12:01:25
1649678499056428000,16.6,3,16.55,1,16.6,29,1,2022-04-11 12:01:39
1649678516040067000,16.55,2,16.55,1,16.6,29,2,2022-04-11 12:01:56
1649678530726355000,16.6,1,16.55,4,16.6,28,1,2022-04-11 12:02:10
1649678572313887000,16.6,1,16.55,6,16.6,27,1,2022-04-11 12:02:52
1649678590101424000,16.6,1,16.55,6,16.6,26,1,2022-04-11 12:03:10
1649678608574791000,16.6,2,16.55,6,16.6,24,1,2022-04-11 12:03:28
1649678626690395000,16.55,6,16.5,22,16.55,16,2,2022-04-11 12:03:46
1649678643474011000,16.5,1,16.5,20,16.55,16,2,2022-04-11 12:04:03
1649678672118185000,16.55,2,16.5,23,16.55,14,1,2022-04-11 12:04:32
1649678681954229000,16.55,5,16.5,24,16.55,9,1,2022-04-11 12:04:41
1649678692498949000,16.55,1,16.5,24,16.55,8,1,2022-04-11 12:04:52
1649678700979435000,16.5,1,16.5,23,16.55,8,2,2022-04-11 12:05:00
1649678724368815000,16.55,4,16.5,23,16.55,4,1,2022-04-11 12:05:24
1649678750558272000,16.55,2,16.5,23,16.55,2,1,2022-04-11 12:05:50
1649678787454499000,16.55,1,16.5,23,16.55,6,1,2022-04-11 12:06:27
1649678814251579000,16.55,5,16.5,23,16.55,1,1,2022-04-11 12:06:54
1649678899147221000,16.55,1,16.5,25,16.6,24,1,2022-04-11 12:08:19
1649678922697182000,16.5,1,16.5,24,16.6,22,2,2022-04-11 12:08:42
1649678950247066000,16.55,1,16.5,26,16.55,9,1,2022-04-11 12:09:10
1649678988805367000,16.55,1,16.5,29,16.55,8,1,2022-04-11 12:09:48
1649679010634029000,16.55,1,16.5,29,16.55,10,1,2022-04-11 12:10:10
1649679016218825000,16.55,1,16.5,29,16.55,9,1,2022-04-11 12:10:16
1649679035880027000,16.5,15,16.5,10,16.55,9,2,2022-04-11 12:10:35
1649679035913049000,16.5,10,16.45,20,16.55,9,2,2022-04-11 12:10:35
1649679104790022000,16.45,2,16.45,17,16.5,14,2,2022-04-11 12:11:44
1649679149610016000,16.45,19,16.4,21,16.5,14,2,2022-04-11 12:12:29
1649679158151744000,16.4,5,16.4,16,16.45,4,2,2022-04-11 12:12:38
1649679161835702000,16.45,3,16.4,16,16.45,1,1,2022-04-11 12:12:41
1649679162118733000,16.4,2,16.4,14,16.45,1,2,2022-04-11 12:12:42
1649679172843516000,16.4,10,16.4,4,16.45,1,2,2022-04-11 12:12:52
1649679179904629000,16.4,3,16.4,12,16.45,1,2,2022-04-11 12:12:59
1649679206677715000,16.45,1,16.5,3,16.55,17,1,2022-04-11 12:13:26
1649679206677715000,16.5,16,16.5,3,16.55,17,1,2022-04-11 12:13:26
1649679206964598000,16.5,3,16.4,2,16.55,17,2,2022-04-11 12:13:26
1649679240806645000,16.55,17,16.55,3,16.6,34,1,2022-04-11 12:14:00
1649679296485449000,16.55,3,16.5,1,16.6,33,2,2022-04-11 12:14:56
1649679321958563000,16.5,1,16.45,3,16.6,33,2,2022-04-11 12:15:21
1649679405703624000,16.5,1,16.5,5,16.55,7,2,2022-04-11 12:16:45
1649679574141360000,16.5,2,16.5,1,16.55,8,2,2022-04-11 12:19:34
1649679636176005000,16.5,1,16.5,3,16.55,8,2,2022-04-11 12:20:36
1649679661332773000,16.5,3,16.45,9,16.5,2,2,2022-04-11 12:21:01
1649679698920186000,16.5,1,16.45,6,16.5,4,1,2022-04-11 12:21:38
1649679714886861000,16.45,1,16.45,5,16.5,4,2,2022-04-11 12:21:54
1649679730396905000,16.45,5,16.4,15,16.5,10,2,2022-04-11 12:22:10
1649679753073201000,16.45,5,16.4,14,16.45,6,2,2022-04-11 12:22:33
1649679782115413000,16.45,3,16.4,15,16.45,6,1,2022-04-11 12:23:02
1649679788182750000,16.4,1,16.4,14,16.45,6,2,2022-04-11 12:23:08
1649679801434729000,16.4,1,16.4,13,16.45,5,2,2022-04-11 12:23:21
1649679828767957000,16.45,2,16.4,14,16.45,3,1,2022-04-11 12:23:48
1649679950352037000,16.45,1,16.4,18,16.45,2,1,2022-04-11 12:25:50
1649679954484690000,16.45,2,16.45,1,16.5,11,1,2022-04-11 12:25:54
1649680008853913000,16.45,1,16.4,23,16.5,15,2,2022-04-11 12:26:48
1649680081111464000,16.45,1,16.4,22,16.45,3,1,2022-04-11 12:28:01
1649680140017704000,16.4,1,16.4,21,16.45,10,2,2022-04-11 12:29:00
1649680141943744000,16.45,2,16.4,21,16.45,8,1,2022-04-11 12:29:01
1649680156367561000,16.45,2,16.4,21,16.45,6,1,2022-04-11 12:29:16
1649680231999758000,16.45,9,16.45,6,16.5,11,1,2022-04-11 12:30:31
1649680374649256000,16.45,9,16.4,25,16.5,20,2,2022-04-11 12:32:54
1649680374803379000,16.5,1,16.4,25,16.5,19,1,2022-04-11 12:32:54
1649680419597358000,16.45,1,16.45,9,16.5,20,2,2022-04-11 12:33:39
1649680448409778000,16.45,4,16.45,6,16.5,20,2,2022-04-11 12:34:08
1649680483029794000,16.5,1,16.45,7,16.5,19,1,2022-04-11 12:34:43
1649680543433086000,16.45,1,16.45,6,16.5,19,2,2022-04-11 12:35:43
1649680550233368000,16.5,5,16.45,6,16.5,14,1,2022-04-11 12:35:50
1649680583699564000,16.5,2,16.45,7,16.5,18,1,2022-04-11 12:36:23
1649680602120989000,16.5,1,16.45,7,16.5,27,1,2022-04-11 12:36:42
1649680616681938000,16.5,4,16.45,17,16.5,23,1,2022-04-11 12:36:56
1649680645803444000,16.5,1,16.45,17,16.5,27,1,2022-04-11 12:37:25
1649680691378182000,16.5,2,16.45,17,16.5,27,1,2022-04-11 12:38:11
