ts,close,volume,bid_price,bid_volume,ask_price,ask_volume,tick_type,datetime
1649667739102320000,195.0,246,194.5,35,195.0,7,1,2022-04-11 09:02:19
1649667739132947000,195.0,1,194.5,35,195.0,6,1,2022-04-11 09:02:19
1649667739133348000,195.0,6,194.5,35,195.5,4,1,2022-04-11 09:02:19
1649667739170608000,195.5,4,194.5,35,195.5,2,1,2022-04-11 09:02:19
1649667739175249000,194.5,8,194.5,27,195.5,2,2,2022-04-11 09:02:19
1649667739198276000,195.0,1,194.5,27,195.5,1,1,2022-04-11 09:02:19
1649667739198276000,195.5,1,194.5,27,195.5,1,1,2022-04-11 09:02:19
1649667739232623000,195.0,1,194.5,27,195.0,4,1,2022-04-11 09:02:19
1649667739255472000,195.0,1,194.5,27,195.0,4,1,2022-04-11 09:02:19
1649667739289574000,195.0,4,194.5,27,195.5,2,1,2022-04-11 09:02:19
1649667739425489000,194.5,1,194.5,26,195.0,6,2,2022-04-11 09:02:19
1649667739991791000,194.5,10,194.5,16,195.0,6,2,2022-04-11 09:02:19
1649667740031084000,194.5,16,194.0,71,195.0,6,2,2022-04-11 09:02:20
1649667740031403000,195.0,6,194.0,71,195.5,1,1,2022-04-11 09:02:20
1649667740065051000,194.5,1,194.0,71,195.5,2,1,2022-04-11 09:02:20
1649667740100184000,194.5,3,194.0,71,195.0,2,1,2022-04-11 09:02:20
1649667740148382000,194.0,1,194.0,70,195.0,2,2,2022-04-11 09:02:20
1649667740507958000,195.0,2,194.0,70,195.5,3,1,2022-04-11 09:02:20
1649667740797934000,195.0,1,194.0,70,195.5,3,2,2022-04-11 09:02:20
1649667741168868000,195.0,1,194.0,70,195.5,18,1,2022-04-11 09:02:21
1649667744008779000,194.5,1,194.0,70,194.5,9,1,2022-04-11 09:02:24
1649667744051792000,194.5,9,194.0,70,195.0,25,1,2022-04-11 09:02:24
1649667744054864000,194.0,1,194.0,69,195.0,25,2,2022-04-11 09:02:24
1649667744286635000,194.0,46,194.0,23,195.0,42,2,2022-04-11 09:02:24
1649667744306632000,194.0,3,194.0,20,194.5,3,2,2022-04-11 09:02:24
1649667744307105000,194.0,20,193.5,25,194.5,3,2,2022-04-11 09:02:24
1649667744368124000,194.0,1,193.5,25,194.0,11,1,2022-04-11 09:02:24
1649667744400160000,193.5,1,193.5,24,194.0,11,2,2022-04-11 09:02:24
1649667744404460000,193.5,1,193.5,23,194.0,11,2,2022-04-11 09:02:24
1649667745244992000,193.5,10,193.5,13,194.0,17,2,2022-04-11 09:02:25
1649667745279113000,193.5,13,193.0,37,194.0,17,2,2022-04-11 09:02:25
1649667745607132000,193.0,30,193.0,7,193.5,7,2,2022-04-11 09:02:25
1649667745634837000,193.0,1,193.0,6,193.5,7,2,2022-04-11 09:02:25
1649667745636028000,193.0,4,193.0,2,193.5,7,2,2022-04-11 09:02:25
1649667745636385000,193.0,2,192.5,44,193.5,7,2,2022-04-11 09:02:25
1649667745698903000,192.5,3,192.5,41,193.0,1,2,2022-04-11 09:02:25
1649667745815243000,192.5,1,192.5,40,193.0,1,2,2022-04-11 09:02:25
1649667746168161000,192.5,30,192.5,10,193.0,7,2,2022-04-11 09:02:26
1649667746189104000,192.5,10,192.0,11,193.0,7,2,2022-04-11 09:02:26
1649667746551007000,192.0,11,191.5,1,192.0,19,2,2022-04-11 09:02:26
1649667746585719000,191.5,1,191.0,3,192.0,22,2,2022-04-11 09:02:26
1649667747487721000,191.5,1,191.0,3,191.5,1,1,2022-04-11 09:02:27
1649667747520177000,191.0,1,191.0,2,191.5,1,2,2022-04-11 09:02:27
1649667747539995000,191.0,1,191.0,1,191.5,1,2,2022-04-11 09:02:27
1649667748223477000,191.0,1,190.5,35,191.5,2,2,2022-04-11 09:02:28
1649667748635217000,191.0,1,190.5,35,191.5,2,1,2022-04-11 09:02:28
1649667750686720000,191.0,5,190.5,35,191.0,20,1,2022-04-11 09:02:30
1649667750706203000,190.5,5,190.5,30,191.0,20,2,2022-04-11 09:02:30
1649667750720643000,191.0,20,190.5,30,191.5,2,1,2022-04-11 09:02:30
1649667750724299000,190.5,1,190.5,29,191.5,2,2,2022-04-11 09:02:30
1649667750725114000,190.5,1,190.5,28,191.5,2,2,2022-04-11 09:02:30
1649667752273730000,190.5,1,190.5,27,191.0,3,2,2022-04-11 09:02:32
1649667754380581000,190.5,1,190.5,27,191.0,4,2,2022-04-11 09:02:34
1649667754414754000,191.0,4,190.5,27,191.5,4,1,2022-04-11 09:02:34
1649667754415755000,191.5,1,190.5,27,191.5,3,1,2022-04-11 09:02:34
1649667755279931000,190.5,1,190.5,26,191.5,3,2,2022-04-11 09:02:35
1649667756502861000,190.5,1,190.5,25,191.5,4,2,2022-04-11 09:02:36
1649667756530499000,191.5,1,190.5,25,191.5,3,1,2022-04-11 09:02:36
1649667760231046000,191.0,6,190.5,23,191.0,4,2,2022-04-11 09:02:40
1649667760269183000,191.0,4,190.5,23,191.5,8,1,2022-04-11 09:02:40
1649667760315495000,191.5,1,190.5,23,191.5,7,1,2022-04-11 09:02:40
1649667760367992000,190.5,1,190.5,22,191.5,7,2,2022-04-11 09:02:40
1649667762433360000,191.5,1,191.0,3,191.5,10,1,2022-04-11 09:02:42
1649667763003855000,191.5,1,191.0,3,191.5,9,1,2022-04-11 09:02:43
1649667764660893000,191.0,1,191.0,3,191.5,9,2,2022-04-11 09:02:44
1649667766399999000,191.5,9,191.0,6,191.5,2,1,2022-04-11 09:02:46
1649667766432499000,191.5,2,191.0,6,192.0,19,1,2022-04-11 09:02:46
1649667766662316000,191.0,1,191.0,5,192.0,19,2,2022-04-11 09:02:46
1649667769012394000,191.5,1,191.0,8,191.5,1,1,2022-04-11 09:02:49
1649667769048394000,191.5,1,191.0,8,192.0,19,1,2022-04-11 09:02:49
1649667769254070000,191.5,1,191.0,4,192.0,19,2,2022-04-11 09:02:49
1649667769254070000,191.0,4,191.0,4,192.0,19,2,2022-04-11 09:02:49
1649667770503398000,191.5,2,191.0,5,192.0,16,1,2022-04-11 09:02:50
1649667770503398000,192.0,3,191.0,5,192.0,16,1,2022-04-11 09:02:50
1649667770900273000,191.0,2,191.0,5,192.0,16,2,2022-04-11 09:02:50
1649667771201692000,191.5,1,191.0,14,192.0,16,1,2022-04-11 09:02:51
1649667772183217000,192.0,1,191.5,2,192.0,20,1,2022-04-11 09:02:52
1649667772945930000,192.0,1,191.5,2,192.0,21,1,2022-04-11 09:02:52
1649667773079489000,191.5,1,191.5,1,192.0,21,2,2022-04-11 09:02:53
1649667774551172000,191.5,1,191.0,18,192.0,21,2,2022-04-11 09:02:54
1649667776230262000,191.5,2,191.5,1,192.0,21,2,2022-04-11 09:02:56
1649667777237954000,191.5,1,191.5,4,192.0,21,2,2022-04-11 09:02:57
1649667778146365000,191.5,1,191.5,3,192.0,21,2,2022-04-11 09:02:58
1649667779641553000,191.5,4,191.5,1,192.0,25,2,2022-04-11 09:02:59
1649667779674738000,191.5,1,191.0,22,192.0,25,2,2022-04-11 09:02:59
1649667779864502000,192.0,1,191.0,22,192.0,24,1,2022-04-11 09:02:59
1649667780199784000,192.0,2,191.0,22,192.0,22,1,2022-04-11 09:03:00
1649667780363724000,191.5,1,191.5,2,192.0,22,2,2022-04-11 09:03:00
1649667781292992000,191.5,1,191.5,3,192.0,22,2,2022-04-11 09:03:01
1649667781567871000,191.5,1,191.5,2,192.0,22,2,2022-04-11 09:03:01
1649667782414702000,192.0,3,191.5,3,192.0,19,1,2022-04-11 09:03:02
1649667785511385000,192.0,1,191.5,12,192.0,18,1,2022-04-11 09:03:05
1649667785538815000,192.0,1,191.5,12,192.0,17,1,2022-04-11 09:03:05
1649667785579386000,192.0,17,191.5,27,192.5,5,1,2022-04-11 09:03:05
1649667785607413000,191.5,2,191.5,25,192.5,7,2,2022-04-11 09:03:05
1649667786292951000,192.0,1,192.0,1,192.5,7,1,2022-04-11 09:03:06
1649667791979745000,192.0,4,191.5,36,192.0,1,2,2022-04-11 09:03:11
1649667792086225000,192.0,1,192.0,2,192.5,12,1,2022-04-11 09:03:12
1649667794083377000,192.5,2,192.0,5,192.5,10,1,2022-04-11 09:03:14
1649667795862547000,192.5,1,192.0,8,192.5,9,1,2022-04-11 09:03:15
1649667797005595000,192.5,1,192.0,12,192.5,8,1,2022-04-11 09:03:17
1649667798389125000,192.5,2,192.0,13,192.5,6,1,2022-04-11 09:03:18
1649667799703208000,192.0,5,192.0,9,192.5,8,2,2022-04-11 09:03:19
1649667799728304000,192.5,2,192.0,9,192.5,6,1,2022-04-11 09:03:19
1649667800068064000,192.5,1,192.0,12,192.5,5,1,2022-04-11 09:03:20
1649667800234478000,192.5,1,192.0,12,192.5,4,1,2022-04-11 09:03:20
1649667801075161000,192.5,4,192.5,1,193.0,9,1,2022-04-11 09:03:21
1649667801170611000,192.5,2,192.5,2,193.0,12,2,2022-04-11 09:03:21
1649667801301851000,192.5,2,192.0,11,193.0,28,2,2022-04-11 09:03:21
1649667801532526000,192.5,1,192.5,1,193.0,28,2,2022-04-11 09:03:21
1649667801668043000,192.5,1,192.0,15,193.0,28,2,2022-04-11 09:03:21
1649667802037739000,192.5,2,192.5,1,193.0,28,2,2022-04-11 09:03:22
1649667802357281000,192.5,2,192.0,16,193.0,28,2,2022-04-11 09:03:22
1649667803198813000,192.5,1,192.0,16,192.5,15,1,2022-04-11 09:03:23
1649667803275608000,192.5,1,192.0,16,192.5,15,1,2022-04-11 09:03:23
1649667803309083000,192.5,1,192.0,16,192.5,14,1,2022-04-11 09:03:23
1649667803861172000,192.5,1,192.0,16,192.5,14,1,2022-04-11 09:03:23
1649667804614007000,192.5,1,192.0,16,192.5,15,1,2022-04-11 09:03:24
1649667805684906000,192.0,1,192.0,15,192.5,14,2,2022-04-11 09:03:25
1649667805685534000,192.5,1,192.0,15,192.5,13,1,2022-04-11 09:03:25
1649667806441976000,192.0,5,192.0,11,192.5,14,2,2022-04-11 09:03:26
1649667806472604000,192.0,11,191.5,44,192.5,14,2,2022-04-11 09:03:26
1649667807527707000,192.0,1,191.5,43,192.0,1,1,2022-04-11 09:03:27
1649667808091826000,192.0,1,191.5,43,192.5,14,1,2022-04-11 09:03:28
1649667809120962000,192.0,1,191.5,42,192.0,4,1,2022-04-11 09:03:29
1649667810015203000,192.0,1,191.5,41,192.0,15,1,2022-04-11 09:03:30
1649667810139505000,192.0,1,191.5,41,192.0,14,1,2022-04-11 09:03:30
1649667813468722000,192.0,1,191.5,41,192.0,14,1,2022-04-11 09:03:33
1649667814472380000,192.0,1,191.5,42,192.0,13,1,2022-04-11 09:03:34
1649667814664014000,192.0,5,191.5,43,192.0,8,1,2022-04-11 09:03:34
1649667814739900000,192.0,1,191.5,42,192.0,7,1,2022-04-11 09:03:34
1649667816342531000,192.0,1,191.5,42,192.0,13,1,2022-04-11 09:03:36
1649667816368601000,192.0,1,191.5,42,192.0,12,1,2022-04-11 09:03:36
1649667817018565000,192.0,1,191.5,42,192.0,11,1,2022-04-11 09:03:37
1649667817269409000,192.0,1,191.5,42,192.0,10,1,2022-04-11 09:03:37
1649667817572890000,192.0,2,191.5,42,192.0,8,1,2022-04-11 09:03:37
1649667818908725000,191.5,3,191.5,39,192.0,8,2,2022-04-11 09:03:38
1649667819139652000,192.0,1,191.5,38,192.0,8,1,2022-04-11 09:03:39
1649667820004177000,192.0,8,192.0,8,192.5,16,1,2022-04-11 09:03:40
1649667820067391000,192.0,8,191.5,39,192.5,21,2,2022-04-11 09:03:40
1649667820814280000,192.0,2,191.5,38,192.5,21,2,2022-04-11 09:03:40
1649667822464526000,192.0,1,191.5,38,192.5,21,2,2022-04-11 09:03:42
1649667825308265000,192.0,1,191.5,39,192.0,2,1,2022-04-11 09:03:45
1649667826629106000,192.0,1,191.5,39,192.0,1,1,2022-04-11 09:03:46
1649667826984786000,191.5,1,191.5,38,192.0,1,2,2022-04-11 09:03:46
1649667827234967000,192.0,1,191.5,38,192.5,21,1,2022-04-11 09:03:47
1649667828081835000,192.0,1,191.5,38,192.5,21,1,2022-04-11 09:03:48
1649667829236905000,192.0,1,192.0,4,192.5,21,1,2022-04-11 09:03:49
1649667829267833000,192.0,4,191.5,24,192.5,21,2,2022-04-11 09:03:49
1649667830828225000,192.0,1,191.5,24,192.0,3,1,2022-04-11 09:03:50
1649667830929593000,191.5,1,191.5,23,192.0,2,2,2022-04-11 09:03:50
1649667831199813000,192.0,1,191.5,23,192.0,1,1,2022-04-11 09:03:51
1649667833577491000,192.0,1,191.5,23,192.0,2,1,2022-04-11 09:03:53
1649667834942509000,192.0,1,191.5,22,192.0,3,1,2022-04-11 09:03:54
1649667835385215000,191.5,3,191.5,19,192.0,10,2,2022-04-11 09:03:55
1649667835414448000,191.5,3,191.5,16,192.0,10,2,2022-04-11 09:03:55
1649667835442843000,191.5,14,191.5,2,192.0,10,2,2022-04-11 09:03:55
1649667835465660000,191.5,2,191.0,34,192.0,10,2,2022-04-11 09:03:55
1649667837563413000,191.0,4,191.0,29,191.5,4,2,2022-04-11 09:03:57
1649667842094901000,191.0,1,191.0,28,191.5,10,2,2022-04-11 09:04:02
1649667842133411000,191.5,10,191.0,28,192.0,6,1,2022-04-11 09:04:02
1649667842133411000,192.0,5,191.0,28,192.0,6,1,2022-04-11 09:04:02
1649667842190584000,191.0,1,191.0,28,192.0,6,2,2022-04-11 09:04:02
1649667847953528000,191.5,1,191.0,33,191.5,6,1,2022-04-11 09:04:07
1649667852723361000,191.5,1,191.0,37,191.5,5,1,2022-04-11 09:04:12
1649667855061786000,191.5,1,191.0,37,191.5,9,1,2022-04-11 09:04:15
1649667856435447000,191.5,1,191.0,37,191.5,8,1,2022-04-11 09:04:16
1649667858471333000,191.5,1,191.0,37,191.5,7,1,2022-04-11 09:04:18
1649667858534992000,191.5,1,191.0,37,191.5,6,1,2022-04-11 09:04:18
1649667859715579000,191.5,1,191.0,36,191.5,6,1,2022-04-11 09:04:19
1649667862012039000,191.0,3,191.0,33,191.5,10,2,2022-04-11 09:04:22
1649667862045378000,191.0,1,191.0,31,191.5,11,2,2022-04-11 09:04:22
1649667862929765000,191.5,2,191.0,31,191.5,9,1,2022-04-11 09:04:22
1649667863122695000,191.5,1,191.0,31,191.5,9,1,2022-04-11 09:04:23
1649667866299009000,191.5,1,191.0,37,191.5,9,1,2022-04-11 09:04:26
1649667867943291000,191.5,2,191.0,37,191.5,7,1,2022-04-11 09:04:27
1649667870553586000,191.5,2,191.0,37,191.5,8,1,2022-04-11 09:04:30
1649667871461844000,191.5,1,191.0,37,191.5,7,1,2022-04-11 09:04:31
1649667874076735000,191.5,5,191.0,38,191.5,2,1,2022-04-11 09:04:34
1649667875256776000,191.5,1,191.0,38,191.5,4,1,2022-04-11 09:04:35
1649667875583709000,191.5,1,191.0,38,191.5,3,1,2022-04-11 09:04:35
1649667877949370000,191.5,1,191.0,43,191.5,2,1,2022-04-11 09:04:37
1649667878610543000,191.5,1,191.0,43,191.5,1,1,2022-04-11 09:04:38
1649667878832537000,191.5,1,191.0,43,192.0,11,1,2022-04-11 09:04:38
1649667879462401000,192.0,2,191.5,3,192.0,9,1,2022-04-11 09:04:39
1649667879560555000,191.5,1,191.5,2,192.0,9,2,2022-04-11 09:04:39
1649667887164993000,191.5,1,191.5,3,192.0,12,2,2022-04-11 09:04:47
1649667897988155000,191.5,1,191.5,4,192.0,12,2,2022-04-11 09:04:57
1649667898095620000,192.0,10,191.5,4,192.0,2,1,2022-04-11 09:04:58
1649667899054669000,191.5,1,191.5,3,192.0,3,2,2022-04-11 09:04:59
1649667900976841000,191.5,1,191.5,2,192.0,3,2,2022-04-11 09:05:00
1649667915077035000,192.0,1,191.5,7,192.0,2,1,2022-04-11 09:05:15
1649667917155509000,191.5,1,191.5,7,192.0,2,2,2022-04-11 09:05:17
1649667918689724000,192.0,2,191.5,8,192.5,19,1,2022-04-11 09:05:18
1649667922043802000,192.0,1,191.5,11,192.0,2,1,2022-04-11 09:05:22
1649667925667204000,192.0,2,191.5,11,192.5,17,1,2022-04-11 09:05:25
1649667926146136000,192.0,2,191.5,11,192.5,17,1,2022-04-11 09:05:26
1649667926681295000,191.5,3,191.5,9,192.0,1,2,2022-04-11 09:05:26
1649667928567951000,192.0,1,191.5,7,192.5,17,1,2022-04-11 09:05:28
1649667930021410000,192.0,1,191.5,1,192.5,17,2,2022-04-11 09:05:30
1649667930021410000,191.5,5,191.5,1,192.5,17,2,2022-04-11 09:05:30
1649667930799284000,192.0,1,191.5,2,192.0,1,1,2022-04-11 09:05:30
1649667932795465000,192.0,1,191.5,5,192.0,2,1,2022-04-11 09:05:32
1649667936113727000,192.0,1,191.5,11,192.0,2,1,2022-04-11 09:05:36
1649667936143036000,192.0,2,191.5,11,192.5,17,1,2022-04-11 09:05:36
1649667937296221000,192.0,1,191.5,12,192.0,2,1,2022-04-11 09:05:37
1649667937896371000,192.0,2,192.0,1,192.5,17,1,2022-04-11 09:05:37
1649667941539318000,192.5,1,192.0,7,192.5,16,1,2022-04-11 09:05:41
1649667942141676000,192.0,1,192.0,6,192.5,16,2,2022-04-11 09:05:42
1649667942491070000,192.5,2,192.0,6,192.5,14,1,2022-04-11 09:05:42
1649667945185242000,192.0,8,191.5,14,192.0,2,2,2022-04-11 09:05:45
1649667945214689000,192.0,2,191.5,14,192.5,14,1,2022-04-11 09:05:45
1649667945791631000,192.5,1,191.5,15,192.5,13,1,2022-04-11 09:05:45
1649667946699613000,192.5,1,192.0,2,192.5,13,1,2022-04-11 09:05:46
1649667948195001000,192.5,2,192.0,4,192.5,11,1,2022-04-11 09:05:48
1649667949584538000,192.5,1,192.0,4,192.5,11,1,2022-04-11 09:05:49
1649667951932789000,192.5,1,192.0,5,192.5,10,1,2022-04-11 09:05:51
1649667953138416000,192.5,2,192.0,6,192.5,8,1,2022-04-11 09:05:53
1649667953186486000,192.5,1,192.0,6,192.5,7,1,2022-04-11 09:05:53
1649667953926302000,192.5,7,192.5,3,193.0,8,1,2022-04-11 09:05:53
1649667955907665000,193.0,1,192.0,9,193.0,8,1,2022-04-11 09:05:55
1649667956188680000,193.0,7,192.5,1,193.5,7,1,2022-04-11 09:05:56
1649667965289230000,193.0,1,193.0,3,193.5,10,2,2022-04-11 09:06:05
1649667965650670000,193.0,1,193.0,2,193.5,10,2,2022-04-11 09:06:05
1649667965685264000,193.0,2,192.5,16,193.5,10,2,2022-04-11 09:06:05
1649667965836295000,192.5,1,192.5,14,193.5,10,2,2022-04-11 09:06:05
1649667967872944000,193.0,4,192.5,15,193.0,1,2,2022-04-11 09:06:07
1649667967913408000,193.0,1,192.5,15,193.5,10,1,2022-04-11 09:06:07
1649667968128360000,193.0,1,192.5,15,193.5,9,1,2022-04-11 09:06:08
1649667968278592000,193.5,3,192.5,15,193.5,6,1,2022-04-11 09:06:08
1649667971684346000,193.5,4,193.0,1,193.5,2,1,2022-04-11 09:06:11
1649667971825157000,193.5,1,193.0,15,193.5,1,1,2022-04-11 09:06:11
1649667971825174000,193.5,1,193.0,15,194.0,8,1,2022-04-11 09:06:11
1649667973924759000,193.5,1,193.5,7,194.0,8,2,2022-04-11 09:06:13
1649667976208709000,193.5,1,193.5,7,194.0,10,2,2022-04-11 09:06:16
1649667976240388000,193.5,7,193.0,5,194.0,10,2,2022-04-11 09:06:16
1649667976860888000,194.0,1,193.0,21,194.0,8,1,2022-04-11 09:06:16
1649667976894616000,194.0,1,193.0,21,194.0,6,1,2022-04-11 09:06:16
1649667976984937000,193.0,1,193.0,20,194.0,6,2,2022-04-11 09:06:16
1649667977364631000,193.5,1,193.0,20,194.0,6,1,2022-04-11 09:06:17
1649667978201136000,193.5,1,193.0,22,194.0,6,2,2022-04-11 09:06:18
1649667978764342000,193.5,1,193.5,10,194.0,6,2,2022-04-11 09:06:18
1649667979036332000,193.5,1,193.5,9,194.0,6,2,2022-04-11 09:06:19
1649667979387000000,193.5,1,193.5,7,194.0,6,2,2022-04-11 09:06:19
1649667979578749000,194.0,1,193.5,7,194.0,10,1,2022-04-11 09:06:19
1649667981839796000,194.0,1,193.5,10,194.0,4,1,2022-04-11 09:06:21
1649667982001488000,194.0,1,193.5,10,194.0,3,1,2022-04-11 09:06:22
1649667982675899000,194.0,1,193.5,10,194.0,3,1,2022-04-11 09:06:22
1649667983363204000,194.0,1,193.5,10,194.0,2,1,2022-04-11 09:06:23
1649667983465189000,194.0,2,194.0,1,194.5,3,1,2022-04-11 09:06:23
1649667983561776000,194.0,1,193.5,22,194.5,4,2,2022-04-11 09:06:23
1649667984164487000,194.0,2,194.0,2,194.5,4,2,2022-04-11 09:06:24
1649667987757069000,194.5,1,194.0,8,194.5,9,1,2022-04-11 09:06:27
1649667989279270000,194.5,2,194.0,12,194.5,3,1,2022-04-11 09:06:29
1649667989693782000,194.5,3,194.0,13,195.0,7,1,2022-04-11 09:06:29
1649667989693782000,195.0,7,194.0,13,195.0,7,1,2022-04-11 09:06:29
1649667989832055000,195.0,1,194.5,14,195.0,6,1,2022-04-11 09:06:29
1649667989832076000,195.0,6,194.5,14,195.5,9,1,2022-04-11 09:06:29
1649667991975057000,195.0,1,195.0,10,195.5,9,2,2022-04-11 09:06:31
1649667992111609000,195.0,1,195.0,9,195.5,9,2,2022-04-11 09:06:32
1649667992142171000,195.0,9,194.5,5,195.5,10,2,2022-04-11 09:06:32
1649667995070849000,195.0,1,195.0,10,195.5,11,2,2022-04-11 09:06:35
1649667996020296000,195.0,1,195.0,9,195.5,11,2,2022-04-11 09:06:36
1649667996061073000,195.0,9,194.5,8,195.5,11,2,2022-04-11 09:06:36
1649667996654578000,195.0,1,194.5,8,195.0,8,1,2022-04-11 09:06:36
1649667996702277000,195.0,1,194.5,8,195.0,7,1,2022-04-11 09:06:36
1649667996818074000,195.0,1,194.5,8,195.0,5,1,2022-04-11 09:06:36
1649667996863874000,194.5,1,194.5,7,195.0,5,2,2022-04-11 09:06:36
1649667997720133000,195.0,2,194.5,7,195.0,7,1,2022-04-11 09:06:37
1649667997930865000,195.0,1,194.5,7,195.0,5,1,2022-04-11 09:06:37
1649667998342443000,195.0,1,194.5,7,195.0,4,1,2022-04-11 09:06:38
1649667999009038000,195.0,2,194.5,6,195.0,3,1,2022-04-11 09:06:39
1649667999699013000,195.0,1,194.5,7,195.0,8,1,2022-04-11 09:06:39
1649667999776079000,195.0,1,194.5,7,195.0,2,1,2022-04-11 09:06:39
1649667999887841000,195.0,1,194.5,7,195.0,4,1,2022-04-11 09:06:39
1649668000005251000,195.0,4,195.0,1,195.5,10,1,2022-04-11 09:06:40
1649668000005268000,195.5,1,195.0,1,195.5,9,1,2022-04-11 09:06:40
1649668000264009000,195.5,2,195.0,3,195.5,8,1,2022-04-11 09:06:40
1649668001178950000,195.0,1,195.0,9,195.5,7,2,2022-04-11 09:06:41
1649668002248181000,195.5,1,195.0,9,195.5,6,1,2022-04-11 09:06:42
1649668002357381000,195.0,1,195.0,8,195.5,6,2,2022-04-11 09:06:42
1649668003460819000,195.0,1,195.0,9,195.5,7,2,2022-04-11 09:06:43
1649668005116364000,195.5,1,195.0,29,195.5,6,1,2022-04-11 09:06:45
1649668005282011000,195.5,1,195.0,29,195.5,5,1,2022-04-11 09:06:45
1649668006108613000,195.0,1,195.0,30,195.5,5,2,2022-04-11 09:06:46
1649668006490569000,195.5,3,195.0,31,195.5,2,1,2022-04-11 09:06:46
1649668006518192000,195.5,2,195.0,31,196.0,10,1,2022-04-11 09:06:46
1649668007186182000,196.0,1,195.5,9,196.0,10,1,2022-04-11 09:06:47
1649668007258101000,196.0,1,195.5,10,196.0,9,1,2022-04-11 09:06:47
1649668007807256000,195.5,3,195.5,11,196.0,9,2,2022-04-11 09:06:47
1649668008559702000,196.0,1,195.5,12,196.0,9,1,2022-04-11 09:06:48
1649668008592266000,195.5,12,195.0,32,196.0,9,2,2022-04-11 09:06:48
1649668008687363000,195.5,1,195.0,32,195.5,1,1,2022-04-11 09:06:48
1649668009136256000,195.5,1,195.0,32,195.5,2,1,2022-04-11 09:06:49
1649668009290116000,195.5,1,195.0,33,195.5,1,1,2022-04-11 09:06:49
1649668010321723000,195.5,1,195.0,36,196.0,9,1,2022-04-11 09:06:50
1649668010360492000,196.0,1,195.0,36,196.0,8,1,2022-04-11 09:06:50
1649668011123946000,196.0,2,195.0,37,196.0,6,1,2022-04-11 09:06:51
1649668012326779000,195.5,1,195.5,1,196.0,13,2,2022-04-11 09:06:52
1649668012361446000,195.5,1,195.0,37,196.0,13,2,2022-04-11 09:06:52
1649668013019310000,196.0,1,195.5,8,196.0,10,1,2022-04-11 09:06:53
1649668013076220000,196.0,1,195.5,8,196.0,9,1,2022-04-11 09:06:53
1649668013080434000,196.0,1,195.5,8,196.0,8,1,2022-04-11 09:06:53
1649668013792148000,196.0,2,195.5,8,196.0,5,1,2022-04-11 09:06:53
1649668013866293000,195.5,8,195.0,38,195.5,2,2,2022-04-11 09:06:53
1649668013971324000,195.5,1,195.0,38,195.5,2,1,2022-04-11 09:06:53
1649668014477665000,195.5,1,195.0,38,195.5,1,1,2022-04-11 09:06:54
1649668014633576000,195.5,1,195.0,37,196.0,4,1,2022-04-11 09:06:54
1649668015058077000,195.5,1,195.0,37,196.0,11,2,2022-04-11 09:06:55
1649668015454102000,196.0,1,195.0,36,196.0,10,1,2022-04-11 09:06:55
1649668015678822000,195.5,1,195.0,36,195.5,3,1,2022-04-11 09:06:55
1649668016063532000,195.5,1,195.0,37,195.5,2,1,2022-04-11 09:06:56
1649668016546706000,195.5,1,195.0,37,195.5,1,1,2022-04-11 09:06:56
1649668016866612000,195.5,1,195.0,38,196.0,27,1,2022-04-11 09:06:56
1649668017039521000,195.5,1,195.0,38,196.0,27,2,2022-04-11 09:06:57
1649668017149583000,195.5,1,195.0,38,196.0,26,1,2022-04-11 09:06:57
1649668018382646000,196.0,1,195.5,10,196.0,26,1,2022-04-11 09:06:58
1649668018738321000,195.5,1,195.5,9,196.0,27,2,2022-04-11 09:06:58
1649668018805554000,195.5,1,195.5,18,196.0,27,2,2022-04-11 09:06:58
1649668019360454000,196.0,1,195.5,20,196.0,28,1,2022-04-11 09:06:59
1649668020091258000,196.0,1,195.5,20,196.0,27,1,2022-04-11 09:07:00
1649668020375384000,195.5,1,195.5,19,196.0,27,2,2022-04-11 09:07:00
1649668020668064000,196.0,1,195.5,19,196.0,26,1,2022-04-11 09:07:00
1649668020776999000,195.5,1,195.5,18,196.0,26,2,2022-04-11 09:07:00
1649668020790090000,196.0,1,195.5,18,196.0,25,1,2022-04-11 09:07:00
1649668021073568000,196.0,8,195.5,19,196.0,17,1,2022-04-11 09:07:01
1649668021102589000,196.0,1,195.5,19,196.0,16,1,2022-04-11 09:07:01
1649668021211364000,196.0,16,195.5,19,196.5,6,1,2022-04-11 09:07:01
1649668021211364000,196.5,4,195.5,19,196.5,6,1,2022-04-11 09:07:01
1649668021847491000,196.0,1,196.0,2,196.5,8,2,2022-04-11 09:07:01
1649668022437344000,196.0,1,196.0,4,196.5,8,2,2022-04-11 09:07:02
1649668022799707000,196.0,5,195.5,29,196.5,8,2,2022-04-11 09:07:02
1649668023067257000,196.5,1,195.5,29,196.5,7,1,2022-04-11 09:07:03
1649668023099948000,196.5,2,195.5,29,196.5,5,1,2022-04-11 09:07:03
1649668023208565000,195.5,1,195.5,28,196.5,5,2,2022-04-11 09:07:03
1649668023424231000,196.0,1,195.5,28,196.0,2,1,2022-04-11 09:07:03
1649668023716219000,196.0,1,195.5,28,196.0,21,1,2022-04-11 09:07:03
1649668024442324000,196.0,1,195.5,28,196.0,20,1,2022-04-11 09:07:04
1649668024541414000,196.0,3,195.5,28,196.0,17,1,2022-04-11 09:07:04
1649668025332248000,196.0,2,195.5,28,196.0,15,1,2022-04-11 09:07:05
1649668025363004000,196.0,1,195.5,28,196.0,14,1,2022-04-11 09:07:05
1649668025407150000,196.0,1,195.5,28,196.0,15,1,2022-04-11 09:07:05
1649668025627748000,195.5,1,195.5,27,196.0,15,2,2022-04-11 09:07:05
1649668025963580000,196.0,2,195.5,27,196.0,13,1,2022-04-11 09:07:05
1649668026068736000,196.0,1,195.5,27,196.0,12,1,2022-04-11 09:07:06
1649668026235847000,196.0,1,195.5,27,196.0,11,1,2022-04-11 09:07:06
1649668026430575000,196.0,1,195.5,27,196.0,10,1,2022-04-11 09:07:06
1649668026593633000,196.0,1,195.5,29,196.0,10,1,2022-04-11 09:07:06
1649668026609109000,196.0,1,195.5,29,196.0,9,1,2022-04-11 09:07:06
1649668026786264000,195.5,1,195.5,28,196.0,9,2,2022-04-11 09:07:06
1649668026946186000,196.0,2,195.5,28,196.0,7,1,2022-04-11 09:07:06
1649668027520448000,196.0,1,195.5,28,196.0,7,1,2022-04-11 09:07:07
1649668027692412000,196.0,1,195.5,28,196.0,6,1,2022-04-11 09:07:07
1649668028480151000,196.0,1,195.5,29,196.0,5,1,2022-04-11 09:07:08
1649668028498252000,196.0,1,195.5,29,196.0,4,1,2022-04-11 09:07:08
1649668028703926000,196.0,1,195.5,29,196.0,3,1,2022-04-11 09:07:08
1649668028729684000,196.0,1,195.5,29,196.0,2,1,2022-04-11 09:07:08
1649668028752692000,196.0,2,195.5,29,196.5,6,1,2022-04-11 09:07:08
1649668029114012000,196.0,1,196.0,1,196.5,11,1,2022-04-11 09:07:09
1649668029154794000,196.0,1,195.5,29,196.5,12,2,2022-04-11 09:07:09
1649668029686216000,196.5,1,196.0,1,196.5,11,1,2022-04-11 09:07:09
1649668030372788000,196.0,1,196.0,10,196.5,5,2,2022-04-11 09:07:10
1649668030546692000,196.5,4,196.0,10,196.5,1,1,2022-04-11 09:07:10
1649668030599277000,196.5,1,196.0,10,197.0,10,1,2022-04-11 09:07:10
1649668031056427000,196.0,1,196.0,12,197.0,16,2,2022-04-11 09:07:11
1649668031198378000,196.0,1,196.0,11,196.5,1,2,2022-04-11 09:07:11
1649668031253830000,196.0,1,196.0,10,196.5,6,2,2022-04-11 09:07:11
1649668031735324000,196.5,1,196.0,13,196.5,7,1,2022-04-11 09:07:11
1649668032331969000,196.0,14,195.5,32,196.5,2,2,2022-04-11 09:07:12
1649668032885188000,196.0,1,195.5,32,196.0,1,2,2022-04-11 09:07:12
1649668033147117000,195.5,1,195.5,31,196.0,6,2,2022-04-11 09:07:13
1649668033697615000,196.0,1,195.5,31,196.0,5,1,2022-04-11 09:07:13
1649668034042367000,196.5,3,195.5,31,196.5,5,1,2022-04-11 09:07:14
1649668034320255000,195.5,4,195.5,27,196.5,7,2,2022-04-11 09:07:14
1649668034369610000,196.0,1,195.5,27,196.5,9,2,2022-04-11 09:07:14
1649668034551003000,196.0,1,195.5,27,196.0,5,1,2022-04-11 09:07:14
1649668035086851000,196.0,1,195.5,20,196.0,5,1,2022-04-11 09:07:15
1649668035445207000,196.0,1,195.5,20,196.5,10,2,2022-04-11 09:07:15
1649668035592544000,196.0,1,195.5,20,196.5,10,2,2022-04-11 09:07:15
1649668036383852000,196.0,5,195.5,21,196.5,10,2,2022-04-11 09:07:16
1649668036807596000,195.5,1,195.5,20,196.5,11,2,2022-04-11 09:07:16
1649668037693992000,196.0,1,196.0,1,196.5,11,2,2022-04-11 09:07:17
1649668037694147000,196.0,1,195.5,20,196.5,11,2,2022-04-11 09:07:17
1649668038026758000,196.0,1,195.5,20,196.0,5,1,2022-04-11 09:07:18
1649668038335739000,196.0,1,195.5,20,196.0,8,1,2022-04-11 09:07:18
1649668038341042000,195.5,11,195.5,9,196.0,8,2,2022-04-11 09:07:18
1649668038384309000,195.5,9,195.0,22,196.0,8,2,2022-04-11 09:07:18
1649668038523934000,195.5,1,195.0,22,196.0,7,1,2022-04-11 09:07:18
1649668038848145000,196.0,1,195.0,22,196.0,17,1,2022-04-11 09:07:18
1649668039116108000,195.5,1,195.0,22,196.0,17,2,2022-04-11 09:07:19
1649668039338995000,195.0,10,195.0,12,196.0,17,2,2022-04-11 09:07:19
1649668039436561000,195.0,12,194.5,7,195.5,10,2,2022-04-11 09:07:19
1649668040334304000,195.0,1,194.5,8,195.0,5,1,2022-04-11 09:07:20
1649668040378951000,194.5,1,194.5,7,195.0,5,2,2022-04-11 09:07:20
1649668040526342000,195.0,1,194.5,7,195.0,4,1,2022-04-11 09:07:20
1649668040633737000,195.0,1,194.5,7,195.0,3,1,2022-04-11 09:07:20
1649668040659514000,194.5,1,194.5,6,195.0,3,2,2022-04-11 09:07:20
1649668041083697000,195.0,1,194.5,6,195.0,2,1,2022-04-11 09:07:21
1649668042429176000,195.0,1,194.5,5,195.0,1,1,2022-04-11 09:07:22
1649668043180003000,194.5,3,194.5,2,195.0,10,2,2022-04-11 09:07:23
1649668043182391000,194.5,2,194.0,8,195.0,10,2,2022-04-11 09:07:23
1649668043513980000,195.0,4,194.0,8,195.0,7,1,2022-04-11 09:07:23
1649668044021357000,194.0,1,194.0,8,195.0,6,2,2022-04-11 09:07:24
1649668045327351000,195.0,1,194.0,7,195.0,16,1,2022-04-11 09:07:25
1649668045778730000,195.0,1,194.0,7,195.0,10,1,2022-04-11 09:07:25
1649668046186491000,195.0,1,194.0,7,195.0,9,1,2022-04-11 09:07:26
1649668048398404000,194.0,8,193.5,6,194.5,20,2,2022-04-11 09:07:28
1649668049111228000,194.0,3,194.0,1,194.5,20,1,2022-04-11 09:07:29
1649668049120388000,194.0,1,193.5,5,194.0,2,2,2022-04-11 09:07:29
1649668053228212000,193.5,1,193.5,5,194.0,4,2,2022-04-11 09:07:33
1649668053506151000,194.0,1,193.5,5,194.0,8,1,2022-04-11 09:07:33
1649668053594341000,194.0,2,193.5,5,194.0,6,1,2022-04-11 09:07:33
1649668054272563000,194.0,1,193.5,5,194.0,5,1,2022-04-11 09:07:34
1649668054306475000,193.5,1,193.5,4,194.0,5,2,2022-04-11 09:07:34
1649668054324863000,193.5,1,193.5,3,194.0,5,2,2022-04-11 09:07:34
1649668058096378000,193.5,3,193.5,2,194.0,8,2,2022-04-11 09:07:38
1649668058742329000,193.5,1,193.5,1,194.0,9,2,2022-04-11 09:07:38
1649668059144937000,193.5,1,193.0,74,194.0,9,2,2022-04-11 09:07:39
1649668059797024000,193.5,1,193.0,74,193.5,2,2,2022-04-11 09:07:39
1649668062740214000,193.0,1,193.0,74,193.5,3,2,2022-04-11 09:07:42
1649668062993333000,193.5,1,193.0,74,193.5,8,1,2022-04-11 09:07:42
1649668063364658000,193.0,60,193.0,14,193.5,8,2,2022-04-11 09:07:43
1649668063389412000,193.0,1,193.0,13,193.5,8,2,2022-04-11 09:07:43
1649668063389432000,193.0,13,192.5,9,193.5,9,2,2022-04-11 09:07:43
1649668063449707000,192.5,1,192.5,8,193.0,9,2,2022-04-11 09:07:43
1649668063512476000,192.5,1,192.5,7,193.0,9,2,2022-04-11 09:07:43
1649668064134037000,192.5,1,192.5,6,193.0,9,2,2022-04-11 09:07:44
1649668065979961000,192.5,4,192.0,12,193.0,10,2,2022-04-11 09:07:45
1649668067708488000,192.5,1,192.0,13,193.0,9,1,2022-04-11 09:07:47
1649668068223721000,192.0,13,191.5,28,192.5,1,2,2022-04-11 09:07:48
1649668068796888000,192.0,1,191.5,27,192.5,1,1,2022-04-11 09:07:48
1649668071177653000,192.5,1,191.5,32,193.0,9,1,2022-04-11 09:07:51
1649668074624317000,192.0,3,191.5,25,192.5,3,2,2022-04-11 09:07:54
1649668074624317000,191.5,2,191.5,25,192.5,3,2,2022-04-11 09:07:54
1649668079778557000,192.0,5,192.0,1,192.5,4,2,2022-04-11 09:07:59
1649668079811868000,192.0,1,191.5,32,192.0,2,2,2022-04-11 09:07:59
1649668079846824000,192.0,2,191.5,27,192.5,4,1,2022-04-11 09:07:59
1649668079936831000,192.0,1,191.5,27,192.5,4,1,2022-04-11 09:07:59
1649668080440342000,192.5,1,191.5,29,192.5,4,1,2022-04-11 09:08:00
1649668080741410000,192.0,1,191.5,29,192.5,4,1,2022-04-11 09:08:00
1649668080851449000,192.5,1,191.5,29,192.5,3,1,2022-04-11 09:08:00
1649668087031073000,192.0,1,192.0,2,192.5,5,2,2022-04-11 09:08:07
1649668092325234000,192.0,1,192.0,10,192.5,9,2,2022-04-11 09:08:12
1649668093639284000,192.5,1,192.0,11,192.5,8,1,2022-04-11 09:08:13
1649668096154880000,192.5,1,192.0,13,192.5,6,1,2022-04-11 09:08:16
1649668096188867000,192.5,6,192.0,13,193.0,13,1,2022-04-11 09:08:16
1649668096256890000,192.5,1,192.0,18,193.0,12,1,2022-04-11 09:08:16
1649668101395941000,193.0,1,192.5,7,193.0,17,1,2022-04-11 09:08:21
1649668105776140000,193.0,1,192.5,10,193.0,18,1,2022-04-11 09:08:25
1649668107403210000,193.0,1,192.5,27,193.0,17,1,2022-04-11 09:08:27
1649668110654714000,193.0,3,192.5,28,193.0,14,1,2022-04-11 09:08:30
1649668110665275000,193.0,1,192.5,28,193.0,13,1,2022-04-11 09:08:30
1649668110690129000,193.0,13,193.0,1,193.5,7,1,2022-04-11 09:08:30
1649668112057855000,193.0,1,193.0,3,193.5,7,2,2022-04-11 09:08:32
1649668112579618000,193.5,1,193.0,3,193.5,6,1,2022-04-11 09:08:32
1649668113217842000,193.0,3,192.5,31,193.0,8,2,2022-04-11 09:08:33
1649668114568570000,193.0,5,192.5,30,193.0,5,1,2022-04-11 09:08:34
1649668114741207000,193.0,1,192.5,30,193.0,4,1,2022-04-11 09:08:34
1649668116930561000,193.0,1,192.5,31,193.0,7,1,2022-04-11 09:08:36
1649668117725007000,193.0,2,192.5,31,193.0,5,1,2022-04-11 09:08:37
1649668119672103000,193.0,1,192.5,32,193.0,5,1,2022-04-11 09:08:39
1649668120106517000,193.0,1,192.5,32,193.0,4,1,2022-04-11 09:08:40
1649668120496998000,193.0,1,192.5,32,193.0,3,1,2022-04-11 09:08:40
1649668120767033000,193.0,2,193.0,14,193.5,9,1,2022-04-11 09:08:40
1649668120864157000,193.0,5,193.0,9,193.5,9,2,2022-04-11 09:08:40
1649668120908140000,193.0,9,192.5,16,193.5,10,2,2022-04-11 09:08:40
1649668121199429000,193.0,1,192.5,16,193.0,3,1,2022-04-11 09:08:41
1649668122446906000,193.0,1,192.5,21,193.0,2,1,2022-04-11 09:08:42
1649668124119541000,193.0,1,192.5,21,193.0,4,1,2022-04-11 09:08:44
1649668124987287000,193.0,1,192.5,25,193.0,3,1,2022-04-11 09:08:44
1649668125758248000,193.0,1,192.5,25,193.0,6,1,2022-04-11 09:08:45
1649668126964301000,193.0,1,192.5,25,193.0,5,1,2022-04-11 09:08:46
1649668128560052000,193.0,1,192.5,25,193.0,4,1,2022-04-11 09:08:48
1649668129093712000,193.0,1,192.5,25,193.0,4,1,2022-04-11 09:08:49
1649668129657623000,193.0,2,192.5,25,193.5,10,2,2022-04-11 09:08:49
1649668130446247000,193.0,1,192.5,25,193.5,10,2,2022-04-11 09:08:50
1649668134116732000,193.0,1,192.5,25,193.5,13,2,2022-04-11 09:08:54
1649668134462419000,193.0,1,192.5,25,193.5,13,2,2022-04-11 09:08:54
1649668135946299000,193.5,1,192.5,28,193.5,12,1,2022-04-11 09:08:55
1649668138433208000,193.0,1,192.5,28,193.5,12,2,2022-04-11 09:08:58
1649668141205486000,193.0,18,192.5,28,193.0,3,2,2022-04-11 09:09:01
1649668141281427000,193.0,1,192.5,28,193.0,8,1,2022-04-11 09:09:01
1649668141316755000,192.5,1,192.5,27,193.0,8,2,2022-04-11 09:09:01
1649668142177213000,193.0,1,192.5,31,193.0,7,1,2022-04-11 09:09:02
1649668142863286000,193.0,1,192.5,31,193.0,6,1,2022-04-11 09:09:02
1649668142967692000,192.5,1,192.5,30,193.0,6,2,2022-04-11 09:09:02
1649668143957622000,193.0,1,192.5,31,193.0,5,1,2022-04-11 09:09:03
1649668144768298000,193.0,1,192.5,30,193.0,4,1,2022-04-11 09:09:04
1649668145556440000,193.5,1,192.5,29,193.5,9,1,2022-04-11 09:09:05
1649668145947373000,192.5,3,192.5,26,193.5,8,2,2022-04-11 09:09:05
1649668146613706000,193.5,1,192.5,27,193.5,9,1,2022-04-11 09:09:06
1649668149776881000,193.0,2,192.5,28,193.0,4,1,2022-04-11 09:09:09
1649668150420146000,193.0,2,192.5,28,193.0,3,1,2022-04-11 09:09:10
1649668150979738000,193.0,1,192.5,29,193.0,3,1,2022-04-11 09:09:10
1649668153633011000,193.0,1,192.5,29,193.0,4,1,2022-04-11 09:09:13
1649668153979216000,193.0,1,193.0,1,193.5,12,2,2022-04-11 09:09:13
1649668154012369000,193.0,1,192.5,29,193.5,12,2,2022-04-11 09:09:14
1649668157921282000,192.5,1,192.5,28,193.0,11,2,2022-04-11 09:09:17
1649668158414203000,193.0,1,192.5,28,193.0,10,1,2022-04-11 09:09:18
1649668160631190000,193.0,1,192.5,28,193.0,11,1,2022-04-11 09:09:20
1649668164360432000,193.0,1,192.5,33,193.0,10,1,2022-04-11 09:09:24
1649668164657678000,193.0,1,192.5,33,193.0,9,1,2022-04-11 09:09:24
1649668170044439000,193.0,1,192.5,34,193.0,9,1,2022-04-11 09:09:30
1649668173668778000,192.5,2,192.5,32,193.0,10,2,2022-04-11 09:09:33
1649668176443968000,193.0,1,192.5,33,193.0,12,1,2022-04-11 09:09:36
1649668177676870000,193.0,1,192.5,34,193.0,11,1,2022-04-11 09:09:37
1649668179849376000,193.0,1,192.5,34,193.0,11,1,2022-04-11 09:09:39
1649668187199558000,193.0,1,192.5,38,193.0,16,1,2022-04-11 09:09:47
1649668190505107000,193.0,1,192.5,39,193.0,16,1,2022-04-11 09:09:50
1649668196915977000,193.0,2,192.5,40,193.0,14,1,2022-04-11 09:09:56
1649668199518274000,192.5,1,192.5,40,193.0,17,2,2022-04-11 09:09:59
1649668202207883000,192.5,1,192.5,40,193.0,17,2,2022-04-11 09:10:02
1649668206209402000,192.5,1,192.5,40,193.0,17,2,2022-04-11 09:10:06
1649668209071515000,193.0,1,192.5,39,193.0,17,1,2022-04-11 09:10:09
1649668210121295000,192.5,1,192.5,38,193.0,17,2,2022-04-11 09:10:10
1649668212319391000,192.5,1,192.5,37,193.0,17,2,2022-04-11 09:10:12
1649668215193820000,192.5,11,192.5,26,193.0,17,2,2022-04-11 09:10:15
1649668215220763000,192.5,26,192.0,48,193.0,18,2,2022-04-11 09:10:15
1649668216021063000,192.5,1,192.0,47,192.5,13,1,2022-04-11 09:10:16
1649668218870965000,192.5,1,192.0,47,192.5,18,1,2022-04-11 09:10:18
1649668222716681000,192.5,3,192.0,46,192.5,20,1,2022-04-11 09:10:22
1649668222780085000,192.0,1,192.0,45,192.5,20,2,2022-04-11 09:10:22
1649668222848165000,192.0,11,192.0,34,192.5,20,2,2022-04-11 09:10:22
1649668222880161000,192.0,1,192.0,33,192.5,20,2,2022-04-11 09:10:22
1649668224956729000,192.0,5,192.0,28,192.5,22,2,2022-04-11 09:10:24
1649668224989601000,192.0,1,192.0,27,192.5,22,2,2022-04-11 09:10:24
1649668225582726000,192.0,1,192.0,27,192.5,22,2,2022-04-11 09:10:25
1649668225607683000,192.0,1,192.0,26,192.5,22,2,2022-04-11 09:10:25
1649668226950527000,192.0,11,192.0,14,192.5,22,2,2022-04-11 09:10:26
1649668226984421000,192.0,14,191.5,53,192.5,22,2,2022-04-11 09:10:26
1649668232295849000,191.5,1,191.5,51,192.0,5,2,2022-04-11 09:10:32
1649668234255981000,192.0,1,191.5,51,192.0,7,1,2022-04-11 09:10:34
1649668234328759000,192.0,1,191.5,51,192.0,3,1,2022-04-11 09:10:34
1649668235742576000,192.0,5,191.5,52,192.5,24,1,2022-04-11 09:10:35
1649668239855597000,191.5,1,191.5,51,192.0,3,2,2022-04-11 09:10:39
1649668239917373000,191.5,1,191.5,50,192.0,4,2,2022-04-11 09:10:39
1649668240213147000,192.0,1,191.5,50,192.0,3,1,2022-04-11 09:10:40
1649668240510242000,191.5,3,191.5,47,192.0,3,2,2022-04-11 09:10:40
1649668243402952000,192.0,1,191.5,47,192.0,8,1,2022-04-11 09:10:43
1649668248891928000,191.5,1,191.5,45,192.0,11,2,2022-04-11 09:10:48
1649668250339238000,191.5,3,191.5,43,192.0,23,2,2022-04-11 09:10:50
1649668250395248000,191.5,4,191.5,39,192.0,23,2,2022-04-11 09:10:50
1649668253840237000,191.5,2,191.5,37,192.0,30,2,2022-04-11 09:10:53
1649668256492689000,191.5,5,191.5,32,192.0,29,2,2022-04-11 09:10:56
1649668256532973000,191.5,1,191.5,31,192.0,29,2,2022-04-11 09:10:56
1649668256535654000,191.5,1,191.5,30,192.0,29,2,2022-04-11 09:10:56
1649668257532731000,191.5,1,191.5,29,192.0,27,2,2022-04-11 09:10:57
1649668263452121000,191.5,5,191.5,24,192.0,29,2,2022-04-11 09:11:03
1649668266165216000,191.5,1,191.5,25,192.0,30,2,2022-04-11 09:11:06
1649668266735644000,191.5,1,191.5,24,192.0,30,2,2022-04-11 09:11:06
1649668266775120000,191.5,1,191.5,23,192.0,30,2,2022-04-11 09:11:06
1649668266827715000,191.5,1,191.5,22,192.0,30,2,2022-04-11 09:11:06
1649668266844045000,191.5,1,191.5,21,192.0,30,2,2022-04-11 09:11:06
1649668266905877000,191.5,1,191.5,20,192.0,30,2,2022-04-11 09:11:06
1649668268941929000,191.5,2,191.5,19,192.0,30,2,2022-04-11 09:11:08
1649668269622104000,191.5,1,191.5,18,192.0,30,2,2022-04-11 09:11:09
1649668270822744000,191.5,1,191.5,17,192.0,30,2,2022-04-11 09:11:10
1649668271295413000,192.0,5,191.5,17,192.0,26,1,2022-04-11 09:11:11
1649668271391956000,191.5,1,191.5,16,192.0,26,2,2022-04-11 09:11:11
1649668271723922000,191.5,2,191.5,14,192.0,24,2,2022-04-11 09:11:11
1649668272238316000,191.5,1,191.5,14,192.0,24,2,2022-04-11 09:11:12
1649668272292008000,191.5,2,191.5,12,192.0,24,2,2022-04-11 09:11:12
1649668274218532000,191.5,1,191.5,12,192.0,25,2,2022-04-11 09:11:14
1649668276298428000,191.5,1,191.5,11,192.0,25,2,2022-04-11 09:11:16
1649668276325814000,191.5,3,191.5,8,192.0,25,2,2022-04-11 09:11:16
1649668278892285000,191.5,1,191.5,7,192.0,25,2,2022-04-11 09:11:18
1649668279095377000,191.5,4,191.5,3,192.0,25,2,2022-04-11 09:11:19
1649668279134070000,191.5,1,191.5,2,192.0,25,2,2022-04-11 09:11:19
1649668280048359000,191.5,1,191.5,1,192.0,25,2,2022-04-11 09:11:20
1649668280499882000,191.5,1,191.5,1,192.0,25,2,2022-04-11 09:11:20
1649668281318035000,191.5,1,191.0,66,192.0,25,2,2022-04-11 09:11:21
1649668282193869000,191.5,1,191.0,66,192.0,25,1,2022-04-11 09:11:22
1649668282390582000,191.5,2,191.0,67,192.0,25,1,2022-04-11 09:11:22
1649668282457643000,191.5,1,191.0,67,192.0,25,1,2022-04-11 09:11:22
1649668285062731000,191.5,2,191.0,67,191.5,3,2,2022-04-11 09:11:25
1649668285097585000,191.5,3,191.0,67,192.0,25,1,2022-04-11 09:11:25
1649668288141278000,191.5,1,191.0,66,192.0,25,2,2022-04-11 09:11:28
1649668289195028000,191.0,1,191.0,65,192.0,25,2,2022-04-11 09:11:29
1649668291895209000,191.5,1,191.5,1,192.0,26,2,2022-04-11 09:11:31
1649668293465633000,191.5,1,191.0,60,192.0,27,2,2022-04-11 09:11:33
1649668293465633000,191.0,4,191.0,60,192.0,27,2,2022-04-11 09:11:33
1649668293556711000,191.5,2,191.5,1,192.0,27,1,2022-04-11 09:11:33
1649668293597507000,191.5,1,191.0,60,192.0,27,2,2022-04-11 09:11:33
1649668294908084000,191.5,1,191.0,60,192.0,27,1,2022-04-11 09:11:34
1649668301040923000,191.5,1,191.5,7,192.0,26,2,2022-04-11 09:11:41
1649668304582224000,191.5,1,191.5,5,192.0,26,2,2022-04-11 09:11:44
1649668309207146000,191.5,1,191.5,4,192.0,26,2,2022-04-11 09:11:49
1649668309242079000,191.5,1,191.5,3,192.0,26,2,2022-04-11 09:11:49
1649668325398989000,192.0,2,191.5,7,192.0,24,1,2022-04-11 09:12:05
1649668325432654000,192.0,24,191.5,7,192.5,18,1,2022-04-11 09:12:05
1649668334159264000,192.0,1,192.0,5,192.5,15,2,2022-04-11 09:12:14
1649668339935173000,192.5,1,192.0,2,192.5,14,1,2022-04-11 09:12:19
1649668345841232000,192.5,1,192.0,6,192.5,13,1,2022-04-11 09:12:25
1649668348800133000,192.5,1,192.0,6,192.5,12,1,2022-04-11 09:12:28
1649668350606596000,192.5,2,192.0,7,192.5,10,1,2022-04-11 09:12:30
1649668350642147000,192.5,1,192.0,7,192.5,9,1,2022-04-11 09:12:30
1649668350642244000,192.5,8,192.0,7,192.5,1,1,2022-04-11 09:12:30
1649668350642273000,192.5,1,192.0,7,193.0,7,1,2022-04-11 09:12:30
1649668363961806000,193.0,9,192.5,1,193.5,12,1,2022-04-11 09:12:43
1649668369194665000,193.5,5,192.5,6,193.5,9,1,2022-04-11 09:12:49
1649668371585066000,193.5,1,193.0,2,193.5,3,1,2022-04-11 09:12:51
1649668376547699000,193.5,2,193.0,4,194.0,17,1,2022-04-11 09:12:56
1649668377663202000,193.5,1,193.0,6,194.0,16,2,2022-04-11 09:12:57
1649668382862966000,193.5,1,193.0,6,193.5,1,1,2022-04-11 09:13:02
1649668384061601000,193.5,1,193.0,17,194.0,26,1,2022-04-11 09:13:04
1649668385633607000,193.0,2,193.0,14,194.0,25,2,2022-04-11 09:13:05
1649668387533945000,193.5,1,193.0,14,194.0,25,2,2022-04-11 09:13:07
1649668389781990000,193.5,3,193.0,14,194.0,24,2,2022-04-11 09:13:09
1649668391400854000,193.5,1,193.0,15,194.0,24,2,2022-04-11 09:13:11
1649668392106638000,193.5,1,193.0,14,194.0,28,2,2022-04-11 09:13:12
1649668395146725000,193.5,1,193.0,21,194.0,24,2,2022-04-11 09:13:15
1649668396405681000,193.5,1,193.0,21,194.0,24,2,2022-04-11 09:13:16
1649668397621829000,194.0,12,193.0,22,194.0,13,1,2022-04-11 09:13:17
1649668399356237000,193.5,1,193.0,22,193.5,3,1,2022-04-11 09:13:19
1649668402167051000,193.5,1,193.0,22,193.5,2,1,2022-04-11 09:13:22
1649668402912645000,193.5,2,193.5,1,194.0,14,1,2022-04-11 09:13:22
1649668403993434000,193.5,1,193.0,22,194.0,18,2,2022-04-11 09:13:23
1649668407455632000,194.0,1,193.5,2,194.0,13,1,2022-04-11 09:13:27
1649668408789797000,193.5,1,193.5,7,194.0,13,2,2022-04-11 09:13:28
1649668408993337000,193.5,1,193.5,6,194.0,13,2,2022-04-11 09:13:28
1649668409582690000,193.5,1,193.5,5,194.0,13,2,2022-04-11 09:13:29
1649668412820627000,193.5,1,193.5,4,194.0,13,2,2022-04-11 09:13:32
1649668433629045000,194.0,1,193.5,27,194.0,13,1,2022-04-11 09:13:53
1649668440191293000,194.0,1,193.5,30,194.0,18,1,2022-04-11 09:14:00
1649668441187373000,194.0,2,193.5,30,194.0,16,1,2022-04-11 09:14:01
1649668442953550000,194.0,1,193.5,30,194.0,19,1,2022-04-11 09:14:02
1649668444812243000,194.0,1,193.5,29,194.0,19,1,2022-04-11 09:14:04
1649668445281126000,194.0,1,193.5,29,194.0,18,1,2022-04-11 09:14:05
1649668448002672000,194.0,1,193.5,29,194.0,17,1,2022-04-11 09:14:08
1649668448301195000,194.0,8,193.5,130,194.0,9,1,2022-04-11 09:14:08
1649668448302410000,194.0,9,193.5,130,194.5,29,1,2022-04-11 09:14:08
1649668449069186000,194.5,1,193.5,129,194.5,28,1,2022-04-11 09:14:09
1649668453106898000,194.5,1,194.0,7,194.5,26,1,2022-04-11 09:14:13
1649668453277815000,194.5,2,194.0,13,194.5,24,1,2022-04-11 09:14:13
1649668453957780000,194.5,1,194.0,17,194.5,23,1,2022-04-11 09:14:13
1649668454076727000,194.0,1,194.0,16,194.5,23,2,2022-04-11 09:14:14
1649668456114068000,194.5,2,194.0,16,194.5,21,1,2022-04-11 09:14:16
1649668459410347000,194.0,1,194.0,16,194.5,21,2,2022-04-11 09:14:19
1649668462462801000,194.5,6,194.0,12,194.5,15,1,2022-04-11 09:14:22
1649668464189063000,194.5,1,194.0,13,194.5,14,1,2022-04-11 09:14:24
1649668466653628000,194.5,2,194.0,14,194.5,12,1,2022-04-11 09:14:26
1649668469082887000,194.5,1,194.0,14,194.5,11,1,2022-04-11 09:14:29
1649668469381706000,194.5,1,194.0,14,194.5,10,1,2022-04-11 09:14:29
1649668469422655000,194.5,1,194.0,14,194.5,9,1,2022-04-11 09:14:29
1649668470239903000,194.5,1,194.0,14,194.5,8,1,2022-04-11 09:14:30
1649668470261891000,194.5,2,194.0,14,194.5,6,1,2022-04-11 09:14:30
1649668470402678000,194.5,1,194.0,14,194.5,5,1,2022-04-11 09:14:30
1649668470427481000,194.5,4,194.0,14,194.5,1,1,2022-04-11 09:14:30
1649668470533564000,194.0,1,194.0,13,194.5,1,2,2022-04-11 09:14:30
1649668471168304000,194.5,1,194.0,12,195.0,19,1,2022-04-11 09:14:31
1649668475116590000,194.5,1,194.0,15,194.5,5,1,2022-04-11 09:14:35
1649668477254316000,194.5,1,194.0,15,194.5,5,1,2022-04-11 09:14:37
1649668478775034000,194.5,1,194.0,15,194.5,5,1,2022-04-11 09:14:38
1649668478854094000,194.5,1,194.0,15,194.5,4,1,2022-04-11 09:14:38
1649668480418618000,194.5,1,194.0,15,194.5,3,1,2022-04-11 09:14:40
1649668483896150000,194.5,2,194.0,15,194.5,1,1,2022-04-11 09:14:43
1649668484250894000,194.5,1,194.0,15,195.0,23,1,2022-04-11 09:14:44
1649668484790647000,194.5,1,194.0,15,195.0,23,2,2022-04-11 09:14:44
1649668487372168000,194.5,2,194.0,15,194.5,4,1,2022-04-11 09:14:47
1649668488447257000,195.0,5,194.0,16,195.0,12,1,2022-04-11 09:14:48
1649668489672586000,194.5,1,194.0,16,194.5,2,1,2022-04-11 09:14:49
1649668489957881000,194.5,1,194.0,16,194.5,1,1,2022-04-11 09:14:49
1649668490173474000,194.5,1,194.0,16,195.0,13,1,2022-04-11 09:14:50
1649668494131685000,195.0,1,194.5,2,195.0,12,1,2022-04-11 09:14:54
1649668495116625000,195.0,1,194.5,3,195.0,11,1,2022-04-11 09:14:55
1649668497212688000,194.5,1,194.5,7,195.0,10,2,2022-04-11 09:14:57
1649668499089822000,194.5,1,194.5,6,195.0,10,2,2022-04-11 09:14:59
1649668499090164000,194.5,1,194.5,5,195.0,10,2,2022-04-11 09:14:59
1649668501979688000,194.5,3,194.5,4,195.0,10,2,2022-04-11 09:15:01
1649668502440742000,195.0,1,194.5,4,195.0,9,1,2022-04-11 09:15:02
1649668503848285000,194.5,1,194.5,3,195.0,9,2,2022-04-11 09:15:03
1649668503929954000,194.5,1,194.5,2,195.0,9,2,2022-04-11 09:15:03
1649668507430033000,194.5,2,194.5,1,195.0,9,2,2022-04-11 09:15:07
1649668509090335000,194.5,1,194.5,3,195.0,9,2,2022-04-11 09:15:09
1649668515355761000,194.5,1,194.5,5,195.0,13,2,2022-04-11 09:15:15
1649668519365390000,194.5,2,194.5,6,195.0,12,2,2022-04-11 09:15:19
1649668522230918000,195.0,2,194.5,6,195.0,10,1,2022-04-11 09:15:22
1649668522258910000,194.5,1,194.5,5,195.0,10,2,2022-04-11 09:15:22
1649668522282612000,194.5,1,194.5,4,195.0,10,2,2022-04-11 09:15:22
1649668522806034000,194.5,1,194.5,3,195.0,10,2,2022-04-11 09:15:22
1649668524551876000,194.5,1,194.5,2,195.0,10,2,2022-04-11 09:15:24
1649668526290251000,194.5,1,194.5,1,195.0,11,2,2022-04-11 09:15:26
1649668526566035000,194.5,1,194.0,19,195.0,11,2,2022-04-11 09:15:26
1649668527142971000,194.5,1,194.0,19,195.0,11,1,2022-04-11 09:15:27
1649668529996441000,194.5,1,194.0,19,194.5,2,1,2022-04-11 09:15:29
1649668531677237000,194.5,1,194.0,19,194.5,3,1,2022-04-11 09:15:31
1649668531710160000,194.5,3,194.0,19,195.0,10,1,2022-04-11 09:15:31
1649668534436958000,194.5,1,194.0,21,195.0,11,1,2022-04-11 09:15:34
1649668537817947000,194.5,1,194.0,21,195.0,11,1,2022-04-11 09:15:37
1649668538456810000,194.5,1,194.0,21,194.5,1,1,2022-04-11 09:15:38
1649668539881088000,194.5,1,194.0,21,195.0,13,1,2022-04-11 09:15:39
1649668543434742000,194.5,1,194.0,21,194.5,2,1,2022-04-11 09:15:43
1649668545892023000,194.5,1,194.0,20,194.5,4,1,2022-04-11 09:15:45
1649668550183629000,194.5,2,194.0,23,194.5,3,1,2022-04-11 09:15:50
1649668550205089000,194.5,1,194.0,22,194.5,2,1,2022-04-11 09:15:50
1649668560979922000,194.5,1,194.0,23,194.5,7,1,2022-04-11 09:16:00
1649668569351702000,194.5,1,194.0,23,194.5,2,1,2022-04-11 09:16:09
1649668571285554000,194.5,1,194.0,23,194.5,1,1,2022-04-11 09:16:11
1649668574787090000,194.5,1,194.0,24,195.0,13,1,2022-04-11 09:16:14
1649668587092653000,194.5,2,194.0,24,195.0,16,2,2022-04-11 09:16:27
1649668597523384000,194.5,1,194.5,2,195.0,15,2,2022-04-11 09:16:37
1649668599290072000,194.5,1,194.5,3,195.0,15,2,2022-04-11 09:16:39
1649668600194763000,194.5,1,194.5,2,195.0,15,2,2022-04-11 09:16:40
1649668600987008000,194.5,1,194.5,1,195.0,15,2,2022-04-11 09:16:40
1649668601169930000,194.5,1,194.0,34,194.5,2,2,2022-04-11 09:16:41
1649668602011155000,194.5,2,194.0,34,195.0,12,1,2022-04-11 09:16:42
1649668602011155000,195.0,3,194.0,34,195.0,12,1,2022-04-11 09:16:42
1649668605203756000,194.5,1,194.0,34,195.0,15,1,2022-04-11 09:16:45
1649668605696148000,195.0,1,194.0,34,195.0,14,1,2022-04-11 09:16:45
1649668612554681000,194.5,1,194.5,1,195.0,17,2,2022-04-11 09:16:52
1649668615521481000,195.0,1,194.5,1,195.0,17,1,2022-04-11 09:16:55
1649668617543711000,195.0,1,194.5,1,195.0,16,1,2022-04-11 09:16:57
1649668618413386000,195.0,1,194.5,1,195.0,15,1,2022-04-11 09:16:58
1649668623702179000,194.5,1,194.5,5,195.0,16,2,2022-04-11 09:17:03
1649668624848998000,195.0,1,194.5,5,195.0,15,1,2022-04-11 09:17:04
1649668628877917000,195.0,1,194.5,7,195.0,16,1,2022-04-11 09:17:08
1649668630516826000,195.0,17,194.5,57,195.5,25,1,2022-04-11 09:17:10
1649668630648393000,195.5,6,194.5,57,195.5,19,1,2022-04-11 09:17:10
1649668630777591000,195.5,1,195.0,1,195.5,18,1,2022-04-11 09:17:10
1649668632214540000,195.0,1,195.0,5,195.5,18,2,2022-04-11 09:17:12
1649668632500118000,195.5,4,195.0,1,195.5,14,1,2022-04-11 09:17:12
1649668636680505000,195.0,1,194.5,13,195.5,13,2,2022-04-11 09:17:16
1649668638979413000,195.0,1,195.0,1,195.5,13,2,2022-04-11 09:17:18
1649668645612595000,195.0,7,194.5,7,195.5,13,2,2022-04-11 09:17:25
1649668645612595000,194.5,9,194.5,7,195.5,13,2,2022-04-11 09:17:25
1649668645737294000,195.0,1,194.5,7,195.5,14,1,2022-04-11 09:17:25
1649668649690443000,195.0,1,194.5,7,195.5,14,1,2022-04-11 09:17:29
1649668651546606000,195.0,1,194.5,8,195.5,14,1,2022-04-11 09:17:31
1649668653929671000,195.0,1,194.5,6,195.5,14,2,2022-04-11 09:17:33
1649668663692559000,195.5,1,195.0,6,195.5,16,1,2022-04-11 09:17:43
1649668667696040000,195.0,2,195.0,5,195.5,17,2,2022-04-11 09:17:47
1649668668019213000,195.5,1,195.0,5,195.5,16,1,2022-04-11 09:17:48
1649668671995274000,195.0,1,195.0,5,195.5,17,2,2022-04-11 09:17:51
1649668672525306000,195.5,1,195.0,5,195.5,16,1,2022-04-11 09:17:52
1649668674071976000,195.0,1,195.0,5,195.5,16,2,2022-04-11 09:17:54
1649668674466105000,195.0,1,195.0,4,195.5,16,2,2022-04-11 09:17:54
1649668676143489000,195.5,1,195.0,4,195.5,15,1,2022-04-11 09:17:56
1649668679574506000,195.0,1,195.0,4,195.5,16,2,2022-04-11 09:17:59
1649668686410093000,195.0,4,195.0,3,195.5,17,2,2022-04-11 09:18:06
1649668697143436000,195.5,19,195.0,12,196.0,24,1,2022-04-11 09:18:17
1649668697207467000,196.0,24,195.5,4,196.5,17,1,2022-04-11 09:18:17
1649668697348440000,196.0,1,196.0,3,196.5,17,2,2022-04-11 09:18:17
1649668699461848000,195.5,1,195.5,4,196.5,17,2,2022-04-11 09:18:19
1649668700490244000,196.0,1,196.0,4,196.5,17,2,2022-04-11 09:18:20
1649668700816856000,195.5,2,195.5,3,196.5,17,2,2022-04-11 09:18:20
1649668704479936000,196.5,1,195.5,4,196.5,18,1,2022-04-11 09:18:24
1649668708537945000,196.5,1,196.0,8,196.5,16,1,2022-04-11 09:18:28
1649668708937265000,196.5,1,196.0,8,196.5,15,1,2022-04-11 09:18:28
1649668708973074000,196.5,15,196.0,8,197.0,21,1,2022-04-11 09:18:28
1649668710295681000,197.0,1,196.5,5,197.0,20,1,2022-04-11 09:18:30
1649668710696971000,197.0,4,196.5,10,197.0,16,1,2022-04-11 09:18:30
1649668710866799000,197.0,4,196.5,13,197.0,12,1,2022-04-11 09:18:30
1649668711218192000,197.0,1,196.5,13,197.0,11,1,2022-04-11 09:18:31
1649668711489204000,197.0,10,196.5,13,197.0,1,1,2022-04-11 09:18:31
1649668711521859000,197.0,1,196.5,13,197.5,20,1,2022-04-11 09:18:31
1649668717952165000,197.5,1,197.0,18,197.5,19,1,2022-04-11 09:18:37
1649668718065578000,197.5,3,197.0,18,197.5,16,1,2022-04-11 09:18:38
1649668718236468000,197.5,1,197.0,18,197.5,15,1,2022-04-11 09:18:38
1649668718998166000,197.5,1,197.0,17,197.5,14,1,2022-04-11 09:18:38
1649668719039478000,197.5,1,197.0,17,197.5,13,1,2022-04-11 09:18:39
1649668719388655000,197.0,1,197.0,17,197.5,14,2,2022-04-11 09:18:39
1649668719759293000,197.5,1,197.0,17,197.5,13,1,2022-04-11 09:18:39
1649668719809899000,197.5,1,197.0,17,197.5,12,1,2022-04-11 09:18:39
1649668719912196000,197.5,1,197.0,17,197.5,11,1,2022-04-11 09:18:39
1649668719914590000,197.5,1,197.0,16,197.5,10,1,2022-04-11 09:18:39
1649668720036664000,197.5,4,197.0,16,197.5,6,1,2022-04-11 09:18:40
1649668720049131000,197.5,1,197.0,16,197.5,5,1,2022-04-11 09:18:40
1649668720066481000,197.5,1,197.0,16,197.5,4,1,2022-04-11 09:18:40
1649668720170342000,197.5,4,197.0,16,198.0,47,1,2022-04-11 09:18:40
1649668720170342000,198.0,3,197.0,16,198.0,47,1,2022-04-11 09:18:40
1649668720270706000,197.5,1,197.5,2,198.0,47,2,2022-04-11 09:18:40
1649668720702921000,198.0,1,197.5,2,198.0,46,1,2022-04-11 09:18:40
1649668720982959000,197.5,2,197.0,20,197.5,3,2,2022-04-11 09:18:40
1649668721115002000,197.5,3,197.5,7,198.0,46,1,2022-04-11 09:18:41
1649668722220076000,197.5,5,197.5,4,198.0,45,2,2022-04-11 09:18:42
1649668722240628000,197.5,1,197.5,3,198.0,45,2,2022-04-11 09:18:42
1649668722256690000,198.0,1,197.5,3,198.0,44,1,2022-04-11 09:18:42
1649668722641547000,197.5,1,197.5,3,198.0,44,2,2022-04-11 09:18:42
1649668723059672000,198.0,1,197.5,3,198.0,43,1,2022-04-11 09:18:43
1649668723669921000,198.0,1,197.5,4,198.0,42,1,2022-04-11 09:18:43
1649668724842464000,198.0,1,197.5,4,198.0,41,1,2022-04-11 09:18:44
1649668725002283000,198.0,1,197.5,4,198.0,39,1,2022-04-11 09:18:45
1649668725093010000,197.5,1,197.5,3,198.0,39,2,2022-04-11 09:18:45
1649668725722194000,197.5,10,196.5,15,197.0,9,2,2022-04-11 09:18:45
1649668725722194000,197.0,11,196.5,15,197.0,9,2,2022-04-11 09:18:45
1649668725757535000,197.0,9,196.5,15,198.0,39,1,2022-04-11 09:18:45
1649668725765192000,197.0,1,196.5,11,197.5,1,2,2022-04-11 09:18:45
1649668726044662000,197.5,3,197.0,1,198.0,34,1,2022-04-11 09:18:46
1649668726044662000,198.0,7,197.0,1,198.0,34,1,2022-04-11 09:18:46
1649668727028229000,198.0,1,197.5,1,198.0,33,1,2022-04-11 09:18:47
1649668727321940000,198.0,1,197.5,1,198.0,31,1,2022-04-11 09:18:47
1649668728522002000,197.5,1,197.5,3,198.0,31,2,2022-04-11 09:18:48
1649668728896189000,198.0,1,197.5,3,198.0,30,1,2022-04-11 09:18:48
1649668729569799000,198.0,1,197.5,3,198.0,30,1,2022-04-11 09:18:49
1649668729856654000,198.0,4,197.5,3,198.0,26,1,2022-04-11 09:18:49
1649668730581053000,198.0,1,197.5,3,198.0,29,1,2022-04-11 09:18:50
1649668730671505000,197.5,1,197.5,2,198.0,28,2,2022-04-11 09:18:50
1649668730824558000,198.0,1,197.5,2,198.0,27,1,2022-04-11 09:18:50
1649668731294222000,197.5,3,197.0,4,197.5,7,2,2022-04-11 09:18:51
1649668731572632000,197.5,5,197.0,4,197.5,2,1,2022-04-11 09:18:51
1649668731616421000,197.5,1,197.0,4,197.5,1,1,2022-04-11 09:18:51
1649668731638316000,197.5,1,197.0,4,198.0,29,1,2022-04-11 09:18:51
1649668731698722000,198.0,1,197.0,4,198.0,28,1,2022-04-11 09:18:51
1649668731708172000,198.0,1,197.0,4,198.0,27,1,2022-04-11 09:18:51
1649668731818498000,198.0,1,197.0,4,198.0,25,1,2022-04-11 09:18:51
1649668731880569000,197.5,1,197.0,8,198.0,25,2,2022-04-11 09:18:51
1649668732075145000,197.5,2,197.0,4,198.0,23,1,2022-04-11 09:18:52
1649668732075145000,198.0,2,197.0,4,198.0,23,1,2022-04-11 09:18:52
1649668732793655000,198.0,3,197.5,2,198.0,21,1,2022-04-11 09:18:52
1649668733090845000,197.5,1,197.5,1,198.0,21,2,2022-04-11 09:18:53
1649668733639728000,198.0,2,197.5,1,198.0,20,1,2022-04-11 09:18:53
1649668733959061000,198.0,1,197.5,1,198.0,31,1,2022-04-11 09:18:53
1649668734042362000,197.5,1,197.0,5,197.5,3,2,2022-04-11 09:18:54
1649668734363023000,197.5,1,197.0,6,197.5,4,1,2022-04-11 09:18:54
1649668734918014000,197.5,1,197.0,7,197.5,4,1,2022-04-11 09:18:54
1649668735589905000,197.5,1,197.0,8,197.5,3,1,2022-04-11 09:18:55
1649668736057696000,197.5,1,197.0,8,197.5,2,1,2022-04-11 09:18:56
1649668736367300000,197.5,1,197.0,8,197.5,1,1,2022-04-11 09:18:56
1649668736961567000,197.5,1,197.0,8,197.5,2,1,2022-04-11 09:18:56
1649668736980465000,197.5,1,197.0,7,197.5,1,1,2022-04-11 09:18:56
1649668737833246000,197.5,1,197.0,7,198.0,32,1,2022-04-11 09:18:57
1649668738249517000,197.5,1,197.0,7,198.0,32,1,2022-04-11 09:18:58
1649668738940108000,197.5,1,197.0,9,198.0,34,2,2022-04-11 09:18:58
1649668738955578000,197.5,1,197.0,9,198.0,33,1,2022-04-11 09:18:58
1649668738955578000,198.0,1,197.0,9,198.0,33,1,2022-04-11 09:18:58
1649668739005509000,197.5,1,197.0,9,198.0,33,2,2022-04-11 09:18:59
1649668739104926000,197.0,1,197.0,7,198.0,33,2,2022-04-11 09:18:59
1649668739715916000,197.5,1,197.0,8,197.5,1,1,2022-04-11 09:18:59
1649668739776249000,197.5,1,197.0,8,198.0,33,1,2022-04-11 09:18:59
1649668740096684000,197.0,1,197.0,9,198.0,33,2,2022-04-11 09:19:00
1649668740237517000,197.5,1,197.0,9,198.0,33,2,2022-04-11 09:19:00
1649668740449721000,198.0,1,197.5,3,198.0,31,1,2022-04-11 09:19:00
1649668740862620000,197.5,1,197.5,2,198.0,30,2,2022-04-11 09:19:00
1649668741272184000,197.5,1,197.5,2,198.0,31,2,2022-04-11 09:19:01
1649668741304899000,197.5,1,197.5,1,198.0,31,2,2022-04-11 09:19:01
1649668741335925000,197.5,1,197.0,10,198.0,31,2,2022-04-11 09:19:01
1649668741633263000,197.5,1,197.0,10,198.0,31,2,2022-04-11 09:19:01
1649668742708880000,197.5,1,197.5,1,198.0,32,2,2022-04-11 09:19:02
1649668742725894000,197.5,1,197.0,9,198.0,32,2,2022-04-11 09:19:02
1649668743319391000,198.0,1,197.0,10,198.0,32,1,2022-04-11 09:19:03
1649668743672546000,197.0,1,197.0,9,198.0,33,2,2022-04-11 09:19:03
1649668744441685000,197.5,1,197.0,9,197.5,9,1,2022-04-11 09:19:04
1649668744507200000,197.5,1,197.0,9,197.5,8,1,2022-04-11 09:19:04
1649668744679114000,197.5,1,197.0,9,197.5,7,1,2022-04-11 09:19:04
1649668746262256000,197.5,1,197.0,11,197.5,1,1,2022-04-11 09:19:06
1649668746802539000,197.5,1,197.0,11,198.0,31,1,2022-04-11 09:19:06
1649668746961800000,197.0,11,196.5,13,197.5,26,2,2022-04-11 09:19:06
1649668747099904000,196.5,7,196.5,4,197.0,5,2,2022-04-11 09:19:07
1649668747109766000,197.0,1,196.5,4,197.0,4,1,2022-04-11 09:19:07
1649668747133793000,196.5,4,196.0,3,197.0,5,2,2022-04-11 09:19:07
1649668747245508000,196.5,1,196.0,2,197.0,5,1,2022-04-11 09:19:07
1649668747418322000,197.0,1,196.0,2,197.0,6,1,2022-04-11 09:19:07
1649668748707687000,196.5,3,196.0,2,196.5,17,1,2022-04-11 09:19:08
1649668751177920000,196.5,1,196.0,3,196.5,16,1,2022-04-11 09:19:11
1649668751221985000,196.0,1,196.0,2,196.5,16,2,2022-04-11 09:19:11
1649668752358856000,196.5,1,196.0,2,196.5,15,1,2022-04-11 09:19:12
1649668752742052000,196.5,1,196.0,2,196.5,14,1,2022-04-11 09:19:12
1649668753979399000,196.0,1,196.0,1,196.5,14,2,2022-04-11 09:19:13
1649668754203959000,196.0,2,195.5,11,196.0,13,2,2022-04-11 09:19:14
1649668754776911000,196.0,1,195.5,9,196.0,12,1,2022-04-11 09:19:14
1649668754821107000,196.0,1,195.5,9,196.0,11,1,2022-04-11 09:19:14
1649668755569772000,195.5,1,195.5,7,196.0,11,2,2022-04-11 09:19:15
1649668755615418000,195.5,1,195.5,7,196.0,11,2,2022-04-11 09:19:15
1649668757544171000,196.0,1,195.5,12,196.0,11,1,2022-04-11 09:19:17
1649668759957717000,196.0,1,195.5,13,196.0,10,1,2022-04-11 09:19:19
1649668762186503000,196.0,1,195.5,13,196.0,9,1,2022-04-11 09:19:22
1649668762489849000,196.0,9,196.0,1,196.5,15,1,2022-04-11 09:19:22
1649668762535624000,196.0,1,195.5,13,196.5,15,2,2022-04-11 09:19:22
1649668762568636000,196.0,1,195.5,15,196.5,15,1,2022-04-11 09:19:22
1649668762990217000,196.0,1,195.5,15,196.0,1,2,2022-04-11 09:19:22
1649668763582089000,196.0,1,195.5,16,196.5,15,1,2022-04-11 09:19:23
1649668765528459000,196.0,1,195.5,18,196.5,15,1,2022-04-11 09:19:25
1649668766392431000,196.0,1,195.5,18,196.5,15,1,2022-04-11 09:19:26
1649668766866503000,196.0,1,195.5,18,196.5,15,1,2022-04-11 09:19:26
1649668767027629000,196.0,1,195.5,19,196.5,15,1,2022-04-11 09:19:27
1649668770903176000,196.0,1,196.0,5,196.5,15,2,2022-04-11 09:19:30
1649668771808632000,196.0,1,196.0,5,196.5,16,2,2022-04-11 09:19:31
1649668774119650000,196.0,1,196.0,6,196.5,15,2,2022-04-11 09:19:34
1649668777730075000,196.0,1,196.0,5,196.5,16,2,2022-04-11 09:19:37
1649668777830470000,196.0,3,196.0,2,196.5,16,2,2022-04-11 09:19:37
1649668777971722000,196.0,1,196.0,1,196.5,16,2,2022-04-11 09:19:37
1649668777995644000,196.0,1,195.5,18,196.5,16,2,2022-04-11 09:19:37
1649668778450793000,196.0,1,196.0,1,196.5,18,2,2022-04-11 09:19:38
1649668779419220000,196.0,1,196.0,1,196.5,18,2,2022-04-11 09:19:39
1649668779508907000,196.0,1,195.5,18,196.5,18,2,2022-04-11 09:19:39
1649668780140290000,196.0,1,196.0,1,196.5,6,1,2022-04-11 09:19:40
1649668780934768000,196.0,2,195.5,16,196.0,1,2,2022-04-11 09:19:40
1649668781057924000,196.0,1,196.0,1,196.5,15,1,2022-04-11 09:19:41
1649668782059198000,196.0,1,195.5,16,196.5,17,2,2022-04-11 09:19:42
1649668783625264000,196.0,1,195.5,16,196.0,3,1,2022-04-11 09:19:43
1649668786493763000,196.0,1,195.5,16,196.0,4,1,2022-04-11 09:19:46
1649668788057873000,195.5,1,195.5,15,196.0,5,2,2022-04-11 09:19:48
1649668789392694000,195.5,15,195.0,16,196.0,29,2,2022-04-11 09:19:49
1649668791078419000,195.5,1,195.0,15,195.5,3,1,2022-04-11 09:19:51
1649668793705140000,195.5,4,195.0,15,195.5,5,1,2022-04-11 09:19:53
1649668793744427000,195.0,8,195.0,7,195.5,15,2,2022-04-11 09:19:53
1649668793778505000,195.0,7,194.5,10,195.5,16,2,2022-04-11 09:19:53
1649668793902731000,194.5,7,194.5,3,195.0,3,2,2022-04-11 09:19:53
1649668801517954000,195.0,1,194.5,4,195.0,3,1,2022-04-11 09:20:01
1649668803446157000,194.5,1,194.5,12,195.0,3,2,2022-04-11 09:20:03
1649668807931733000,195.0,2,194.5,13,195.0,1,1,2022-04-11 09:20:07
1649668807966011000,195.0,1,194.5,13,196.0,9,1,2022-04-11 09:20:07
1649668810296380000,195.5,2,195.0,2,195.5,10,1,2022-04-11 09:20:10
1649668813586209000,195.5,1,195.0,4,195.5,4,1,2022-04-11 09:20:13
1649668818089195000,195.5,1,195.0,6,195.5,3,1,2022-04-11 09:20:18
1649668821020490000,195.5,1,195.0,7,195.5,2,1,2022-04-11 09:20:21
1649668822275501000,195.5,1,195.0,8,195.5,1,1,2022-04-11 09:20:22
1649668822301287000,195.5,1,195.0,8,196.0,9,1,2022-04-11 09:20:22
1649668824340491000,195.0,2,195.0,6,196.0,12,2,2022-04-11 09:20:24
1649668824987055000,195.5,1,195.0,5,196.0,12,2,2022-04-11 09:20:24
1649668836221683000,195.5,1,195.5,1,196.0,9,2,2022-04-11 09:20:36
1649668841235798000,196.0,2,195.5,1,196.0,12,1,2022-04-11 09:20:41
1649668843191185000,195.5,1,195.5,5,196.0,8,2,2022-04-11 09:20:43
1649668847047357000,195.5,5,195.0,12,196.0,10,2,2022-04-11 09:20:47
1649668847353365000,195.5,1,195.0,12,196.0,14,2,2022-04-11 09:20:47
1649668851110499000,195.5,1,195.0,13,196.0,10,2,2022-04-11 09:20:51
1649668853920149000,195.5,2,195.0,12,196.0,10,2,2022-04-11 09:20:53
1649668856472176000,195.5,5,195.0,13,196.5,4,1,2022-04-11 09:20:56
1649668856472176000,196.0,8,195.0,13,196.5,4,1,2022-04-11 09:20:56
1649668856472176000,196.5,2,195.0,13,196.5,4,1,2022-04-11 09:20:56
1649668857245784000,195.5,1,195.0,15,196.5,11,2,2022-04-11 09:20:57
1649668859221277000,195.5,1,195.0,14,196.5,10,1,2022-04-11 09:20:59
1649668867666900000,196.0,1,195.5,5,196.0,1,1,2022-04-11 09:21:07
1649668874959185000,196.0,1,195.5,5,196.0,5,1,2022-04-11 09:21:14
1649668884730998000,196.0,4,195.5,9,196.0,1,1,2022-04-11 09:21:24
1649668884832433000,195.5,1,195.5,8,196.5,7,2,2022-04-11 09:21:24
1649668886355938000,196.0,1,195.5,8,196.5,7,2,2022-04-11 09:21:26
1649668892363645000,196.0,1,195.5,15,196.5,6,1,2022-04-11 09:21:32
1649668899034024000,196.5,2,196.0,1,196.5,6,1,2022-04-11 09:21:39
1649668900527893000,196.0,1,195.5,15,196.5,1,2,2022-04-11 09:21:40
1649668918005784000,196.0,4,196.0,7,196.5,8,2,2022-04-11 09:21:58
1649668918034681000,196.0,7,195.5,17,196.5,13,2,2022-04-11 09:21:58
1649668918315917000,196.0,1,195.5,16,196.0,3,1,2022-04-11 09:21:58
1649668918544955000,196.0,3,196.0,27,196.5,9,1,2022-04-11 09:21:58
1649668920022041000,196.5,1,195.5,11,196.5,7,1,2022-04-11 09:22:00
1649668920444507000,195.5,5,195.5,7,196.5,7,2,2022-04-11 09:22:00
1649668920930757000,196.0,2,195.5,6,196.5,9,2,2022-04-11 09:22:00
1649668925292572000,196.0,1,195.5,7,196.0,2,1,2022-04-11 09:22:05
1649668929761772000,195.5,2,195.5,6,196.0,4,2,2022-04-11 09:22:09
1649668933803940000,195.5,1,195.5,7,196.0,6,2,2022-04-11 09:22:13
1649668936612502000,196.0,1,195.5,7,196.0,4,1,2022-04-11 09:22:16
1649668937601075000,196.0,5,195.5,18,196.5,9,1,2022-04-11 09:22:17
1649668947295466000,196.5,1,196.0,2,196.5,8,1,2022-04-11 09:22:27
1649668954332198000,196.0,1,196.0,2,196.5,9,2,2022-04-11 09:22:34
1649668962052104000,196.0,1,196.0,8,196.5,9,2,2022-04-11 09:22:42
1649668973105285000,196.5,1,196.0,10,196.5,10,1,2022-04-11 09:22:53
1649668976483001000,196.0,1,196.0,9,196.5,10,2,2022-04-11 09:22:56
1649668980770407000,196.0,1,196.0,10,196.5,10,2,2022-04-11 09:23:00
1649668984520129000,196.5,1,196.0,10,196.5,9,1,2022-04-11 09:23:04
1649668984936929000,196.0,1,196.0,9,196.5,9,2,2022-04-11 09:23:04
1649668989075551000,196.0,1,196.0,9,196.5,10,2,2022-04-11 09:23:09
1649668989121587000,196.0,1,196.0,8,196.5,10,2,2022-04-11 09:23:09
1649668992574851000,196.0,1,196.0,12,196.5,10,2,2022-04-11 09:23:12
1649669010465052000,196.0,1,196.0,12,196.5,9,2,2022-04-11 09:23:30
1649669013989366000,196.5,1,196.0,13,196.5,8,1,2022-04-11 09:23:33
1649669014023461000,196.5,8,196.0,13,197.0,10,1,2022-04-11 09:23:34
1649669014398302000,197.0,1,196.0,14,197.0,9,1,2022-04-11 09:23:34
1649669020487995000,197.0,1,196.0,15,197.0,10,1,2022-04-11 09:23:40
1649669021485432000,196.5,1,196.5,1,197.0,10,2,2022-04-11 09:23:41
1649669021987439000,197.0,1,196.5,2,197.0,9,1,2022-04-11 09:23:41
1649669027335330000,197.0,1,196.5,5,197.0,8,1,2022-04-11 09:23:47
1649669028724570000,197.0,1,196.5,5,197.0,8,1,2022-04-11 09:23:48
1649669028810897000,197.0,1,196.5,5,197.0,7,1,2022-04-11 09:23:48
1649669041214206000,197.0,1,196.5,6,197.0,25,1,2022-04-11 09:24:01
1649669041908469000,196.5,6,196.0,19,196.5,5,2,2022-04-11 09:24:01
1649669043544770000,196.5,2,196.0,18,196.5,11,1,2022-04-11 09:24:03
1649669043721373000,196.5,1,196.0,18,196.5,10,1,2022-04-11 09:24:03
1649669049481449000,196.0,11,196.0,7,196.5,51,2,2022-04-11 09:24:09
1649669049510536000,196.0,7,195.5,25,196.5,51,2,2022-04-11 09:24:09
1649669050839071000,195.5,1,195.5,24,196.0,6,2,2022-04-11 09:24:10
1649669052901851000,195.5,4,195.5,20,196.0,10,2,2022-04-11 09:24:12
1649669054827927000,195.5,1,195.5,19,196.0,10,2,2022-04-11 09:24:14
1649669055180379000,196.0,1,195.5,18,196.0,9,1,2022-04-11 09:24:15
1649669055713719000,196.0,1,195.5,18,196.0,8,1,2022-04-11 09:24:15
1649669056651655000,195.5,1,195.5,17,196.0,7,2,2022-04-11 09:24:16
1649669056791669000,195.5,1,195.5,16,196.0,7,2,2022-04-11 09:24:16
1649669057272274000,195.5,5,195.5,11,196.0,11,2,2022-04-11 09:24:17
1649669057307985000,195.5,3,195.5,8,196.0,11,2,2022-04-11 09:24:17
1649669057311378000,195.5,4,195.5,4,196.0,11,2,2022-04-11 09:24:17
1649669057330681000,195.5,1,195.5,3,196.0,11,2,2022-04-11 09:24:17
1649669057330704000,195.5,3,195.0,27,196.0,11,2,2022-04-11 09:24:17
1649669059560532000,195.0,1,195.0,26,195.5,11,2,2022-04-11 09:24:19
1649669073464052000,195.5,1,195.0,25,195.5,11,1,2022-04-11 09:24:33
1649669078495535000,195.5,10,195.0,25,195.5,1,1,2022-04-11 09:24:38
1649669078519549000,195.5,1,195.0,25,196.0,9,1,2022-04-11 09:24:38
1649669084225129000,195.5,1,195.0,31,196.0,9,2,2022-04-11 09:24:44
1649669084225129000,195.0,2,195.0,31,196.0,9,2,2022-04-11 09:24:44
1649669085885451000,196.0,5,195.5,1,196.0,4,1,2022-04-11 09:24:45
1649669085887888000,196.0,4,196.0,1,196.5,43,1,2022-04-11 09:24:45
1649669085909992000,196.0,1,195.5,1,196.5,43,2,2022-04-11 09:24:45
1649669115105934000,196.0,1,195.5,13,196.0,8,1,2022-04-11 09:25:15
1649669117687926000,196.0,1,195.5,14,196.0,7,1,2022-04-11 09:25:17
1649669127125984000,196.0,1,195.5,14,196.0,9,1,2022-04-11 09:25:27
1649669129957181000,195.5,1,195.5,13,196.0,11,2,2022-04-11 09:25:29
1649669130801623000,195.5,1,195.5,12,196.0,11,2,2022-04-11 09:25:30
1649669130825516000,195.5,10,195.5,2,196.0,11,2,2022-04-11 09:25:30
1649669130829847000,195.5,2,195.0,26,196.0,11,2,2022-04-11 09:25:30
1649669138834230000,195.5,1,195.0,39,196.0,27,1,2022-04-11 09:25:38
1649669143187706000,195.5,1,195.0,39,195.5,2,1,2022-04-11 09:25:43
1649669148130025000,195.0,1,195.0,38,195.5,2,2,2022-04-11 09:25:48
1649669154166391000,195.5,1,195.0,38,195.5,8,1,2022-04-11 09:25:54
1649669154819320000,195.5,2,195.0,43,195.5,6,1,2022-04-11 09:25:54
1649669161520568000,195.5,1,195.0,44,195.5,4,1,2022-04-11 09:26:01
1649669169692962000,195.5,1,195.0,44,195.5,9,1,2022-04-11 09:26:09
1649669172798767000,195.5,1,195.0,43,195.5,9,1,2022-04-11 09:26:12
1649669174783788000,195.5,9,195.5,6,196.0,65,1,2022-04-11 09:26:14
1649669174820866000,195.5,1,195.5,5,196.0,65,2,2022-04-11 09:26:14
1649669175083934000,196.0,10,195.5,6,196.0,55,1,2022-04-11 09:26:15
1649669175123580000,196.0,34,195.5,6,196.0,21,1,2022-04-11 09:26:15
1649669175158167000,196.0,5,195.5,8,196.0,16,1,2022-04-11 09:26:15
1649669175183159000,195.5,1,195.5,7,196.0,16,2,2022-04-11 09:26:15
1649669175189833000,196.0,16,195.5,7,196.5,1,1,2022-04-11 09:26:15
1649669180438836000,196.5,1,196.0,22,196.5,1,1,2022-04-11 09:26:20
1649669181724865000,196.0,1,196.0,21,196.5,1,2,2022-04-11 09:26:21
1649669183098835000,196.5,1,196.0,21,197.0,22,1,2022-04-11 09:26:23
1649669183098835000,197.0,9,196.0,21,197.0,22,1,2022-04-11 09:26:23
1649669183131576000,197.0,4,196.0,21,197.0,18,1,2022-04-11 09:26:23
1649669183170040000,197.0,11,196.5,3,197.0,7,1,2022-04-11 09:26:23
1649669183197683000,197.0,3,196.5,4,197.0,4,1,2022-04-11 09:26:23
1649669183245878000,197.0,1,196.5,4,197.0,3,1,2022-04-11 09:26:23
1649669183245922000,197.0,3,196.5,4,197.5,27,1,2022-04-11 09:26:23
1649669188372513000,197.0,1,197.0,5,197.5,28,2,2022-04-11 09:26:28
1649669188374376000,197.5,1,197.0,5,197.5,27,1,2022-04-11 09:26:28
1649669188575195000,197.5,1,197.0,5,197.5,26,1,2022-04-11 09:26:28
1649669188602196000,197.5,2,197.0,5,197.5,24,1,2022-04-11 09:26:28
1649669195869862000,197.5,1,197.0,4,197.5,26,1,2022-04-11 09:26:35
1649669197100131000,197.5,1,197.0,7,197.5,25,1,2022-04-11 09:26:37
1649669200021468000,197.5,1,197.0,5,197.5,25,1,2022-04-11 09:26:40
1649669200354685000,197.0,1,197.0,4,197.5,26,2,2022-04-11 09:26:40
1649669202471472000,197.0,4,196.5,23,197.5,27,2,2022-04-11 09:26:42
1649669219899743000,197.0,1,196.5,19,197.0,14,1,2022-04-11 09:26:59
1649669219999399000,197.0,1,196.5,19,197.0,13,1,2022-04-11 09:26:59
1649669220789471000,197.0,1,196.5,19,197.0,12,1,2022-04-11 09:27:00
1649669221294141000,196.5,2,196.5,17,197.0,12,2,2022-04-11 09:27:01
1649669225923385000,196.5,2,196.5,16,197.0,16,2,2022-04-11 09:27:05
1649669227392157000,196.5,1,196.0,10,197.0,23,2,2022-04-11 09:27:07
1649669227595581000,196.0,2,196.0,8,196.5,4,2,2022-04-11 09:27:07
1649669227629723000,196.0,1,196.0,7,196.5,4,2,2022-04-11 09:27:07
1649669231885743000,196.5,1,196.0,7,196.5,8,1,2022-04-11 09:27:11
1649669233465054000,196.5,1,196.0,7,196.5,8,1,2022-04-11 09:27:13
1649669246030727000,196.0,2,196.0,2,196.5,8,2,2022-04-11 09:27:26
1649669246984682000,196.5,2,196.0,2,196.5,6,1,2022-04-11 09:27:26
1649669247948841000,196.0,2,195.5,13,196.5,10,2,2022-04-11 09:27:27
1649669250535080000,196.0,6,196.0,3,196.5,19,1,2022-04-11 09:27:30
1649669250562190000,196.0,1,196.0,2,196.5,19,2,2022-04-11 09:27:30
1649669251570906000,196.0,1,196.0,1,196.5,19,2,2022-04-11 09:27:31
1649669259187745000,196.0,2,195.5,11,196.5,21,2,2022-04-11 09:27:39
1649669261557438000,195.5,1,195.5,10,196.5,22,2,2022-04-11 09:27:41
1649669262315867000,196.0,1,195.5,10,196.5,22,2,2022-04-11 09:27:42
1649669266183907000,196.0,1,195.5,11,196.0,5,1,2022-04-11 09:27:46
1649669267158311000,195.5,3,195.5,8,196.0,5,2,2022-04-11 09:27:47
1649669269939983000,195.5,8,195.5,1,196.0,6,2,2022-04-11 09:27:49
1649669269967938000,195.5,1,195.0,33,196.0,6,2,2022-04-11 09:27:49
1649669278485242000,195.5,1,195.0,35,196.0,10,2,2022-04-11 09:27:58
1649669282981597000,196.0,1,195.0,36,196.0,8,1,2022-04-11 09:28:02
1649669305800097000,195.0,1,195.0,35,195.5,6,2,2022-04-11 09:28:25
1649669310084803000,195.5,3,195.0,35,195.5,4,1,2022-04-11 09:28:30
1649669310117378000,195.0,1,195.0,34,195.5,4,2,2022-04-11 09:28:30
1649669312726568000,195.5,2,195.0,34,195.5,2,1,2022-04-11 09:28:32
1649669316219561000,195.0,3,195.0,31,195.5,7,2,2022-04-11 09:28:36
1649669317063943000,195.5,1,195.0,31,195.5,7,1,2022-04-11 09:28:37
1649669330730867000,195.5,1,195.0,31,195.5,15,1,2022-04-11 09:28:50
1649669333903622000,195.0,1,195.0,30,195.5,14,2,2022-04-11 09:28:53
1649669334401343000,195.5,1,195.0,30,195.5,14,1,2022-04-11 09:28:54
1649669340229350000,195.5,2,195.0,30,195.5,12,1,2022-04-11 09:29:00
1649669340262948000,195.0,1,195.0,29,195.5,12,2,2022-04-11 09:29:00
1649669347398425000,195.0,1,195.0,29,195.5,13,2,2022-04-11 09:29:07
1649669350127630000,195.0,2,195.0,27,195.5,16,2,2022-04-11 09:29:10
1649669353783150000,195.0,1,195.0,23,195.5,15,2,2022-04-11 09:29:13
1649669354567059000,195.0,1,195.0,22,195.5,15,2,2022-04-11 09:29:14
1649669354743083000,195.0,1,195.0,21,195.5,15,2,2022-04-11 09:29:14
1649669356794102000,195.0,3,195.0,18,195.5,19,2,2022-04-11 09:29:16
1649669357816992000,195.0,1,195.0,17,195.5,19,2,2022-04-11 09:29:17
1649669359275848000,195.0,1,195.0,14,195.5,19,2,2022-04-11 09:29:19
1649669359284793000,195.0,2,195.0,12,195.5,19,2,2022-04-11 09:29:19
1649669359734078000,195.0,12,194.5,24,195.5,19,2,2022-04-11 09:29:19
1649669359734078000,194.5,8,194.5,24,195.5,19,2,2022-04-11 09:29:19
1649669359832837000,194.5,1,194.5,23,195.0,2,2,2022-04-11 09:29:19
1649669360111998000,195.0,1,194.5,23,195.0,1,1,2022-04-11 09:29:20
1649669374903571000,195.0,1,194.5,25,195.0,6,1,2022-04-11 09:29:34
1649669384481383000,194.5,1,194.5,29,195.0,9,2,2022-04-11 09:29:44
1649669384995429000,194.5,4,194.5,25,195.0,9,2,2022-04-11 09:29:44
1649669387476289000,195.0,1,194.5,22,195.0,19,1,2022-04-11 09:29:47
1649669399219757000,194.5,1,194.5,29,195.0,45,2,2022-04-11 09:29:59
1649669403034358000,194.5,1,194.5,25,195.0,49,2,2022-04-11 09:30:03
1649669403505453000,194.5,1,194.5,24,195.0,49,2,2022-04-11 09:30:03
1649669403530501000,194.5,2,194.5,22,195.0,49,2,2022-04-11 09:30:03
1649669405236543000,194.5,1,194.5,21,195.0,50,2,2022-04-11 09:30:05
1649669408828425000,194.5,11,194.5,10,195.0,50,2,2022-04-11 09:30:08
1649669408871861000,194.5,1,194.5,9,195.0,50,2,2022-04-11 09:30:08
1649669409614696000,194.5,1,194.5,8,195.0,50,2,2022-04-11 09:30:09
1649669409618913000,194.5,8,194.0,30,195.0,30,2,2022-04-11 09:30:09
1649669409618913000,194.0,12,194.0,30,195.0,30,2,2022-04-11 09:30:09
1649669410370456000,194.0,3,194.0,29,194.5,5,2,2022-04-11 09:30:10
1649669410405554000,194.0,2,194.0,27,194.5,5,2,2022-04-11 09:30:10
1649669410547400000,194.0,3,194.0,25,194.5,6,2,2022-04-11 09:30:10
1649669415181765000,194.0,2,194.0,25,194.5,13,2,2022-04-11 09:30:15
1649669415650499000,194.0,1,194.0,24,194.5,13,2,2022-04-11 09:30:15
1649669415775323000,194.0,2,194.0,22,194.5,13,2,2022-04-11 09:30:15
1649669415952799000,194.0,2,194.0,20,194.5,13,2,2022-04-11 09:30:15
1649669415989130000,194.0,1,194.0,19,194.5,13,2,2022-04-11 09:30:15
1649669416331042000,194.0,1,194.0,18,194.5,13,2,2022-04-11 09:30:16
1649669417710045000,194.0,1,194.0,17,194.5,13,2,2022-04-11 09:30:17
1649669417917451000,194.0,2,194.0,15,194.5,13,2,2022-04-11 09:30:17
1649669418209734000,194.0,2,194.0,13,194.5,13,2,2022-04-11 09:30:18
1649669418236993000,194.0,1,194.0,12,194.5,13,2,2022-04-11 09:30:18
1649669418456962000,194.0,1,194.0,11,194.5,13,2,2022-04-11 09:30:18
1649669419403884000,194.0,2,194.0,9,194.5,14,2,2022-04-11 09:30:19
1649669419548570000,194.0,1,194.0,8,194.5,14,2,2022-04-11 09:30:19
1649669419754176000,194.0,1,194.0,7,194.5,14,2,2022-04-11 09:30:19
1649669419786193000,194.0,1,194.0,6,194.5,14,2,2022-04-11 09:30:19
1649669420345142000,194.0,1,194.0,5,194.5,14,2,2022-04-11 09:30:20
1649669420383133000,194.0,1,194.0,4,194.5,14,2,2022-04-11 09:30:20
1649669421710743000,194.0,1,194.0,3,194.5,14,2,2022-04-11 09:30:21
1649669421891426000,194.0,2,194.0,1,194.5,14,2,2022-04-11 09:30:21
1649669421912493000,194.0,1,193.5,28,194.5,14,2,2022-04-11 09:30:21
1649669422338212000,194.0,1,194.0,12,194.5,13,2,2022-04-11 09:30:22
1649669422505297000,194.0,1,194.0,11,194.5,13,2,2022-04-11 09:30:22
1649669422520954000,194.0,1,194.0,10,194.5,13,2,2022-04-11 09:30:22
1649669423010671000,194.0,1,194.0,9,194.5,13,2,2022-04-11 09:30:23
1649669423936836000,194.0,1,194.0,8,194.5,13,2,2022-04-11 09:30:23
1649669424142274000,194.0,1,194.0,7,194.5,13,2,2022-04-11 09:30:24
1649669425010496000,194.0,2,194.0,5,194.5,13,2,2022-04-11 09:30:25
1649669425045117000,194.0,1,194.0,4,194.5,13,2,2022-04-11 09:30:25
1649669425433127000,194.0,4,193.5,30,194.0,1,2,2022-04-11 09:30:25
1649669425459306000,194.0,1,193.5,30,194.5,13,1,2022-04-11 09:30:25
1649669425763138000,193.5,1,193.5,29,194.5,11,2,2022-04-11 09:30:25
1649669426793135000,194.0,1,194.0,15,194.5,12,1,2022-04-11 09:30:26
1649669427760732000,194.0,1,194.0,14,194.5,14,2,2022-04-11 09:30:27
1649669432781578000,194.0,1,194.0,22,194.5,14,2,2022-04-11 09:30:32
1649669434073606000,194.0,1,194.0,21,194.5,14,2,2022-04-11 09:30:34
1649669434100475000,194.5,14,194.0,21,195.0,22,1,2022-04-11 09:30:34
1649669434513819000,194.0,27,193.5,31,194.0,3,2,2022-04-11 09:30:34
1649669434540995000,194.0,3,194.0,1,195.0,22,1,2022-04-11 09:30:34
1649669434549072000,194.0,1,193.5,31,195.0,22,2,2022-04-11 09:30:34
1649669438831696000,194.0,3,193.5,31,194.0,2,1,2022-04-11 09:30:38
1649669438868575000,194.0,2,193.5,31,194.5,1,1,2022-04-11 09:30:38
1649669438875109000,193.5,1,193.5,30,194.5,1,2,2022-04-11 09:30:38
1649669439394488000,193.5,2,193.5,28,194.0,1,2,2022-04-11 09:30:39
1649669440292677000,194.0,1,193.5,28,194.0,1,1,2022-04-11 09:30:40
1649669441149124000,194.0,1,193.5,28,194.0,1,1,2022-04-11 09:30:41
1649669441416155000,193.5,20,193.5,8,194.0,1,2,2022-04-11 09:30:41
1649669441852528000,194.0,2,193.5,5,194.0,2,1,2022-04-11 09:30:41
1649669442650648000,193.5,1,193.5,4,194.0,2,2,2022-04-11 09:30:42
1649669442653684000,193.5,2,193.5,2,194.0,2,2,2022-04-11 09:30:42
1649669447475915000,194.0,1,193.5,3,194.0,7,1,2022-04-11 09:30:47
1649669448185655000,193.5,1,193.5,2,194.0,6,2,2022-04-11 09:30:48
1649669458012719000,193.5,9,193.0,60,193.5,21,2,2022-04-11 09:30:58
1649669458043243000,193.0,1,193.0,58,193.5,21,2,2022-04-11 09:30:58
1649669459822711000,193.5,1,193.0,58,193.5,24,1,2022-04-11 09:30:59
1649669461988500000,193.5,1,193.0,61,193.5,29,1,2022-04-11 09:31:01
1649669466333970000,193.0,1,193.0,57,193.5,29,2,2022-04-11 09:31:06
1649669467022395000,193.0,1,193.0,52,193.5,29,2,2022-04-11 09:31:07
1649669467353315000,193.0,1,193.0,51,193.5,29,2,2022-04-11 09:31:07
1649669468575534000,193.5,1,193.0,47,193.5,29,1,2022-04-11 09:31:08
1649669468918884000,193.5,1,193.0,47,193.5,28,1,2022-04-11 09:31:08
1649669469249299000,193.5,1,193.0,47,193.5,27,1,2022-04-11 09:31:09
1649669470749620000,193.5,1,193.0,47,193.5,26,1,2022-04-11 09:31:10
1649669470770297000,193.0,1,193.0,46,193.5,26,2,2022-04-11 09:31:10
1649669470786571000,193.5,26,193.0,46,194.0,19,1,2022-04-11 09:31:10
1649669472013333000,193.5,1,193.0,51,194.0,19,1,2022-04-11 09:31:12
1649669473807221000,194.0,19,193.5,8,194.5,2,1,2022-04-11 09:31:13
1649669473934532000,193.5,1,193.5,9,194.5,2,2,2022-04-11 09:31:13
1649669474540817000,193.5,1,193.5,10,194.5,2,2,2022-04-11 09:31:14
1649669477507449000,194.0,1,193.5,24,194.5,3,1,2022-04-11 09:31:17
1649669478941565000,194.0,1,194.0,4,194.5,3,2,2022-04-11 09:31:18
1649669494307075000,194.0,1,193.5,35,194.5,11,2,2022-04-11 09:31:34
1649669505760950000,194.5,5,194.0,5,194.5,6,1,2022-04-11 09:31:45
1649669511667952000,194.5,1,194.0,10,194.5,5,1,2022-04-11 09:31:51
1649669512235776000,194.0,1,194.0,11,194.5,6,2,2022-04-11 09:31:52
1649669513055197000,194.5,3,194.0,11,194.5,3,1,2022-04-11 09:31:53
1649669515869987000,194.5,2,194.0,11,194.5,1,1,2022-04-11 09:31:55
1649669515895461000,194.5,1,194.0,11,195.0,10,1,2022-04-11 09:31:55
1649669523366166000,194.5,1,194.0,15,195.0,11,1,2022-04-11 09:32:03
1649669527581771000,195.0,1,194.5,1,195.0,11,1,2022-04-11 09:32:07
1649669547224543000,195.0,1,194.5,6,195.0,11,1,2022-04-11 09:32:27
1649669547611788000,195.0,1,194.5,6,195.0,10,1,2022-04-11 09:32:27
1649669553812015000,195.0,1,194.5,5,195.0,10,1,2022-04-11 09:32:33
1649669558106504000,194.5,4,194.0,15,195.0,11,2,2022-04-11 09:32:38
1649669558410002000,195.0,1,194.0,15,195.0,10,1,2022-04-11 09:32:38
1649669563509691000,194.0,1,194.0,21,195.0,10,2,2022-04-11 09:32:43
1649669574859341000,194.5,1,194.0,18,194.5,1,1,2022-04-11 09:32:54
1649669586950519000,194.5,1,194.0,16,194.5,1,1,2022-04-11 09:33:06
1649669587448287000,194.0,1,194.0,15,194.5,1,2,2022-04-11 09:33:07
1649669587474782000,194.5,1,194.0,15,195.0,16,1,2022-04-11 09:33:07
1649669616811097000,194.5,1,194.0,15,195.0,21,1,2022-04-11 09:33:36
1649669627998679000,194.5,2,194.5,2,195.0,20,2,2022-04-11 09:33:47
1649669631147794000,194.5,1,194.5,2,195.0,21,2,2022-04-11 09:33:51
1649669634824994000,194.5,1,194.5,1,195.0,21,2,2022-04-11 09:33:54
1649669636740506000,194.5,1,194.0,17,195.0,21,2,2022-04-11 09:33:56
1649669640554468000,194.5,1,194.5,1,195.0,22,1,2022-04-11 09:34:00
1649669645781527000,194.5,2,194.0,17,194.5,1,2,2022-04-11 09:34:05
1649669657326081000,194.5,1,194.0,15,194.5,5,1,2022-04-11 09:34:17
1649669669861178000,194.5,1,194.0,16,194.5,4,1,2022-04-11 09:34:29
1649669672453359000,194.5,4,194.0,18,195.0,20,1,2022-04-11 09:34:32
1649669676158683000,194.5,1,194.5,5,195.0,20,2,2022-04-11 09:34:36
1649669676804290000,194.5,1,194.5,4,195.0,20,2,2022-04-11 09:34:36
1649669683861839000,194.5,1,194.5,3,195.0,21,2,2022-04-11 09:34:43
1649669684042471000,194.5,3,194.0,13,195.0,21,2,2022-04-11 09:34:44
1649669691963197000,194.5,1,194.5,4,195.0,21,2,2022-04-11 09:34:51
1649669708047334000,194.5,5,194.5,5,195.0,29,2,2022-04-11 09:35:08
1649669709779456000,194.5,1,194.5,4,195.0,29,2,2022-04-11 09:35:09
1649669716416994000,194.5,1,194.5,3,195.0,29,2,2022-04-11 09:35:16
1649669724581982000,194.5,2,194.5,13,195.0,29,2,2022-04-11 09:35:24
1649669726206365000,194.5,2,194.5,11,195.0,29,2,2022-04-11 09:35:26
1649669731566711000,194.5,1,194.5,10,195.0,29,2,2022-04-11 09:35:31
1649669758953608000,194.5,1,194.5,9,195.0,30,2,2022-04-11 09:35:58
1649669761235394000,194.5,1,194.5,9,195.0,30,2,2022-04-11 09:36:01
1649669767909788000,194.5,1,194.5,3,195.0,31,2,2022-04-11 09:36:07
1649669769541402000,194.5,1,194.5,2,195.0,31,2,2022-04-11 09:36:09
1649669771320351000,194.5,1,194.5,1,195.0,31,2,2022-04-11 09:36:11
1649669778056686000,194.5,1,194.0,18,195.0,31,2,2022-04-11 09:36:18
1649669781616419000,194.5,1,194.0,19,195.0,31,1,2022-04-11 09:36:21
1649669792513518000,195.0,2,194.0,27,195.0,29,1,2022-04-11 09:36:32
1649669792541925000,195.0,3,194.5,1,195.0,26,1,2022-04-11 09:36:32
1649669792592845000,195.0,8,194.5,7,195.0,18,1,2022-04-11 09:36:32
1649669792593387000,195.0,18,194.5,7,195.5,19,1,2022-04-11 09:36:32
1649669793147517000,195.5,6,195.0,7,195.5,13,1,2022-04-11 09:36:33
1649669793192331000,195.5,3,195.0,7,195.5,10,1,2022-04-11 09:36:33
1649669793225801000,195.5,7,195.0,7,195.5,3,1,2022-04-11 09:36:33
1649669793263962000,195.5,3,195.0,7,196.0,23,1,2022-04-11 09:36:33
1649669814965176000,195.5,2,195.5,1,196.0,28,2,2022-04-11 09:36:54
1649669814991093000,195.5,1,195.0,12,196.0,28,2,2022-04-11 09:36:54
1649669828006441000,195.5,1,195.0,8,195.5,1,1,2022-04-11 09:37:08
1649669829873532000,195.5,1,195.0,8,196.0,28,1,2022-04-11 09:37:09
1649669850571952000,195.5,1,195.0,5,195.5,6,1,2022-04-11 09:37:30
1649669854765275000,195.5,2,195.0,5,195.5,4,1,2022-04-11 09:37:34
1649669855506391000,195.5,2,195.0,7,195.5,2,1,2022-04-11 09:37:35
1649669855538351000,195.5,1,195.0,7,195.5,1,1,2022-04-11 09:37:35
1649669856201345000,195.5,1,195.0,10,196.0,26,1,2022-04-11 09:37:36
1649669861682328000,195.5,1,195.5,1,196.0,26,2,2022-04-11 09:37:41
1649669864847797000,195.5,1,195.0,9,196.0,28,2,2022-04-11 09:37:44
1649669882957450000,195.5,1,195.0,10,196.0,28,1,2022-04-11 09:38:02
1649669915338963000,195.5,2,195.0,8,196.0,29,1,2022-04-11 09:38:35
1649669924126055000,195.5,1,195.0,8,196.0,29,2,2022-04-11 09:38:44
1649669933254382000,195.5,2,195.0,10,196.0,30,2,2022-04-11 09:38:53
1649669943486161000,195.5,1,195.0,8,195.5,2,1,2022-04-11 09:39:03
1649669949689677000,195.5,1,195.0,8,195.5,1,1,2022-04-11 09:39:09
1649669966635521000,195.5,1,195.0,9,195.5,1,1,2022-04-11 09:39:26
1649669970818032000,195.5,1,195.0,9,195.5,2,1,2022-04-11 09:39:30
1649669971450921000,195.5,1,195.0,9,195.5,1,1,2022-04-11 09:39:31
1649669972345392000,195.5,1,195.5,2,196.0,29,1,2022-04-11 09:39:32
1649669972371506000,195.5,2,195.0,9,196.0,29,2,2022-04-11 09:39:32
1649670020447892000,195.5,5,195.0,11,195.5,3,1,2022-04-11 09:40:20
1649670046151387000,195.5,1,195.0,10,195.5,6,1,2022-04-11 09:40:46
1649670057560495000,195.0,6,195.0,6,195.5,12,2,2022-04-11 09:40:57
1649670058344985000,195.0,1,195.0,5,195.5,12,2,2022-04-11 09:40:58
1649670058379221000,195.0,3,195.0,2,195.5,12,2,2022-04-11 09:40:58
1649670058525770000,195.0,1,195.0,1,195.5,12,2,2022-04-11 09:40:58
1649670058564561000,195.0,1,194.5,10,195.5,12,2,2022-04-11 09:40:58
1649670061534181000,195.0,1,194.5,6,195.5,14,1,2022-04-11 09:41:01
1649670069780743000,195.5,1,194.5,9,195.5,11,1,2022-04-11 09:41:09
1649670077680839000,195.5,1,195.0,6,195.5,9,1,2022-04-11 09:41:17
1649670077712943000,195.5,4,195.0,6,195.5,5,1,2022-04-11 09:41:17
1649670077716892000,195.5,5,195.0,6,196.0,28,1,2022-04-11 09:41:17
1649670085856286000,195.5,1,195.5,3,196.0,28,2,2022-04-11 09:41:25
1649670087309320000,196.0,2,195.5,4,196.0,26,1,2022-04-11 09:41:27
1649670087349177000,196.0,11,195.5,5,196.0,15,1,2022-04-11 09:41:27
1649670087379694000,196.0,8,195.5,5,196.0,7,1,2022-04-11 09:41:27
1649670087380012000,196.0,7,195.5,5,196.5,35,1,2022-04-11 09:41:27
1649670087573726000,196.5,6,196.0,4,196.5,29,1,2022-04-11 09:41:27
1649670087618993000,196.5,11,196.0,4,196.5,18,1,2022-04-11 09:41:27
1649670087648370000,196.5,2,196.0,4,196.5,16,1,2022-04-11 09:41:27
1649670087666641000,196.5,11,196.0,4,196.5,5,1,2022-04-11 09:41:27
1649670087700456000,196.5,5,196.0,4,197.0,33,1,2022-04-11 09:41:27
1649670088169355000,197.0,4,196.5,4,197.0,29,1,2022-04-11 09:41:28
1649670088366634000,197.0,1,196.5,4,197.0,28,1,2022-04-11 09:41:28
1649670091769780000,197.0,1,196.5,4,197.0,27,1,2022-04-11 09:41:31
1649670092532719000,197.0,10,196.5,7,197.0,17,1,2022-04-11 09:41:32
1649670097969087000,197.0,1,196.5,4,197.0,21,1,2022-04-11 09:41:37
1649670098229660000,196.5,1,196.5,3,197.0,21,2,2022-04-11 09:41:38
1649670098557847000,197.0,10,196.5,3,197.0,11,1,2022-04-11 09:41:38
1649670101930372000,197.0,4,196.5,3,197.0,8,1,2022-04-11 09:41:41
1649670103435110000,197.0,1,196.5,3,197.0,7,1,2022-04-11 09:41:43
1649670104236374000,197.0,1,196.5,3,197.0,7,1,2022-04-11 09:41:44
1649670104360283000,197.0,2,196.5,3,197.0,5,1,2022-04-11 09:41:44
1649670105603469000,197.0,1,196.5,3,197.0,4,1,2022-04-11 09:41:45
1649670105869290000,197.0,1,196.5,3,197.0,3,1,2022-04-11 09:41:45
1649670106175413000,197.0,1,196.5,3,197.0,2,1,2022-04-11 09:41:46
1649670107326253000,196.5,1,196.5,2,197.0,3,2,2022-04-11 09:41:47
1649670107929241000,197.0,1,196.5,2,197.0,3,1,2022-04-11 09:41:47
1649670107988733000,197.0,3,197.0,2,197.5,34,1,2022-04-11 09:41:47
1649670108019723000,197.0,2,196.5,2,197.5,34,2,2022-04-11 09:41:48
1649670110943731000,196.5,1,196.5,1,197.5,47,2,2022-04-11 09:41:50
1649670112687987000,196.5,3,196.0,9,197.0,2,2,2022-04-11 09:41:52
1649670114062548000,196.5,1,196.0,5,197.0,5,2,2022-04-11 09:41:54
1649670117224437000,196.5,1,196.0,6,197.0,9,2,2022-04-11 09:41:57
1649670121190825000,196.5,1,196.0,5,196.5,2,1,2022-04-11 09:42:01
1649670124218029000,196.0,3,196.0,2,196.5,5,2,2022-04-11 09:42:04
1649670124620495000,196.0,2,195.5,5,196.5,8,2,2022-04-11 09:42:04
1649670124784241000,196.0,1,196.0,2,196.5,13,2,2022-04-11 09:42:04
1649670124819260000,196.0,2,195.5,4,196.5,13,2,2022-04-11 09:42:04
1649670130703360000,196.0,1,195.5,2,196.0,1,1,2022-04-11 09:42:10
1649670137210626000,196.0,1,195.5,2,196.0,1,1,2022-04-11 09:42:17
1649670140564912000,196.0,1,195.5,2,196.5,9,1,2022-04-11 09:42:20
1649670141644888000,195.5,1,195.5,1,196.5,13,2,2022-04-11 09:42:21
1649670142754921000,196.5,1,195.5,1,196.5,12,1,2022-04-11 09:42:22
1649670145633186000,196.0,1,195.5,1,196.5,8,1,2022-04-11 09:42:25
1649670153639204000,196.0,1,195.5,1,196.0,1,1,2022-04-11 09:42:33
1649670172764100000,196.0,1,195.5,4,196.0,1,1,2022-04-11 09:42:52
1649670184488390000,196.0,1,195.5,9,196.0,4,1,2022-04-11 09:43:04
1649670185100918000,196.0,1,195.5,9,196.0,3,1,2022-04-11 09:43:05
1649670186089325000,196.0,1,195.5,9,196.0,3,1,2022-04-11 09:43:06
1649670189957616000,196.0,1,195.5,9,196.0,2,1,2022-04-11 09:43:09
1649670190270242000,196.0,1,195.5,9,196.0,1,1,2022-04-11 09:43:10
1649670190844655000,196.0,1,195.5,9,196.5,12,1,2022-04-11 09:43:10
1649670194149963000,196.0,1,195.5,9,196.0,6,2,2022-04-11 09:43:14
1649670194369225000,196.0,1,195.5,9,196.0,5,1,2022-04-11 09:43:14
1649670199600773000,195.5,1,195.5,8,196.0,5,2,2022-04-11 09:43:19
1649670218285040000,195.5,1,195.5,6,196.0,5,2,2022-04-11 09:43:38
1649670219781750000,195.5,1,195.5,5,196.0,5,2,2022-04-11 09:43:39
1649670220999121000,195.5,5,195.0,10,196.0,8,2,2022-04-11 09:43:40
1649670277312723000,195.5,1,195.0,11,195.5,7,1,2022-04-11 09:44:37
1649670278731763000,195.0,5,195.0,6,195.5,7,2,2022-04-11 09:44:38
1649670283339076000,195.0,4,195.0,3,195.5,7,2,2022-04-11 09:44:43
1649670284989004000,195.0,2,195.0,1,195.5,8,2,2022-04-11 09:44:44
1649670285015086000,195.0,1,194.5,13,195.5,8,2,2022-04-11 09:44:45
1649670294286387000,195.0,6,194.5,19,195.5,10,1,2022-04-11 09:44:54
1649670299445451000,195.0,1,195.0,1,195.5,9,2,2022-04-11 09:44:59
1649670299448168000,195.0,1,194.5,19,195.5,9,2,2022-04-11 09:44:59
1649670318291625000,195.0,2,194.5,15,195.5,6,1,2022-04-11 09:45:18
1649670322284283000,195.0,1,195.0,1,195.5,6,2,2022-04-11 09:45:22
1649670322499927000,195.0,1,194.5,14,195.5,6,2,2022-04-11 09:45:22
1649670327230101000,195.0,1,194.5,26,195.5,6,1,2022-04-11 09:45:27
1649670345996434000,195.5,1,195.0,33,195.5,10,1,2022-04-11 09:45:45
1649670354362919000,195.5,1,195.0,33,195.5,9,1,2022-04-11 09:45:54
1649670355628879000,195.5,9,195.5,1,196.0,10,1,2022-04-11 09:45:55
1649670355827250000,195.5,1,195.0,24,196.0,10,2,2022-04-11 09:45:55
1649670363329335000,195.5,1,195.5,1,196.0,10,2,2022-04-11 09:46:03
1649670387888584000,195.5,1,195.5,15,196.0,15,2,2022-04-11 09:46:27
1649670394815367000,195.5,1,195.5,15,196.0,15,2,2022-04-11 09:46:34
1649670413273747000,195.5,14,195.5,3,196.0,15,2,2022-04-11 09:46:53
1649670413460598000,195.5,3,195.0,15,196.0,15,2,2022-04-11 09:46:53
1649670423471583000,195.5,1,195.0,15,196.0,15,1,2022-04-11 09:47:03
1649670433930517000,195.5,1,195.0,20,195.5,1,1,2022-04-11 09:47:13
1649670452507577000,195.5,1,195.0,22,195.5,13,1,2022-04-11 09:47:32
1649670463349320000,195.5,1,195.0,22,195.5,12,1,2022-04-11 09:47:43
1649670477838707000,195.5,1,195.0,24,195.5,12,1,2022-04-11 09:47:57
1649670481858462000,195.5,1,195.0,24,195.5,11,1,2022-04-11 09:48:01
1649670542717844000,195.5,1,195.0,25,195.5,15,1,2022-04-11 09:49:02
1649670566577147000,195.5,1,195.0,25,195.5,15,1,2022-04-11 09:49:26
1649670583834744000,195.5,1,195.0,25,195.5,15,1,2022-04-11 09:49:43
1649670591975991000,195.0,1,195.0,24,195.5,21,2,2022-04-11 09:49:51
1649670595310846000,195.5,1,195.0,24,195.5,20,1,2022-04-11 09:49:55
1649670598603718000,195.0,1,195.0,23,195.5,20,2,2022-04-11 09:49:58
1649670602461405000,195.0,1,195.0,22,195.5,20,2,2022-04-11 09:50:02
1649670606939057000,195.0,1,195.0,21,195.5,20,2,2022-04-11 09:50:06
1649670610113171000,195.0,1,195.0,20,195.5,20,2,2022-04-11 09:50:10
1649670613884316000,195.0,1,195.0,19,195.5,21,2,2022-04-11 09:50:13
1649670617693041000,195.0,10,195.0,9,195.5,20,2,2022-04-11 09:50:17
1649670617731649000,195.0,3,195.0,6,195.5,21,2,2022-04-11 09:50:17
1649670617872192000,195.0,1,195.0,5,195.5,20,2,2022-04-11 09:50:17
1649670617907421000,195.0,4,195.0,1,195.5,20,2,2022-04-11 09:50:17
1649670617938909000,195.0,1,194.5,16,195.0,1,2,2022-04-11 09:50:17
1649670619680989000,194.5,1,194.5,13,195.0,6,2,2022-04-11 09:50:19
1649670621932246000,194.5,1,194.5,12,195.0,7,2,2022-04-11 09:50:21
1649670621934060000,194.5,4,194.5,8,195.0,7,2,2022-04-11 09:50:21
1649670623838791000,195.0,1,194.5,7,195.0,6,1,2022-04-11 09:50:23
1649670625641118000,194.5,1,194.5,6,195.0,6,2,2022-04-11 09:50:25
1649670628038217000,194.5,1,194.5,5,195.0,6,2,2022-04-11 09:50:28
1649670629103287000,194.5,4,194.5,1,195.0,8,2,2022-04-11 09:50:29
1649670630976464000,194.5,1,194.0,21,195.0,11,2,2022-04-11 09:50:30
1649670631461015000,194.0,4,194.0,17,195.0,9,2,2022-04-11 09:50:31
1649670632027616000,194.0,1,194.0,16,195.0,12,2,2022-04-11 09:50:32
1649670633460895000,194.0,5,194.0,11,194.5,4,2,2022-04-11 09:50:33
1649670638675494000,194.0,1,194.0,9,194.5,5,2,2022-04-11 09:50:38
1649670640650118000,194.0,1,194.0,8,194.5,5,2,2022-04-11 09:50:40
1649670640715316000,194.0,7,194.0,1,194.5,5,2,2022-04-11 09:50:40
1649670642057582000,194.0,1,194.0,1,194.5,5,2,2022-04-11 09:50:42
1649670648667014000,194.0,1,194.0,2,194.5,4,2,2022-04-11 09:50:48
1649670653698580000,194.0,1,194.0,1,194.5,4,2,2022-04-11 09:50:53
1649670655639442000,194.0,1,193.5,14,194.0,1,2,2022-04-11 09:50:55
1649670656782588000,194.0,1,193.5,14,194.0,2,1,2022-04-11 09:50:56
1649670656816570000,194.0,2,193.5,14,194.5,3,1,2022-04-11 09:50:56
1649670656881487000,194.0,1,193.5,16,194.5,3,1,2022-04-11 09:50:56
1649670662693238000,194.0,1,193.5,14,194.0,2,1,2022-04-11 09:51:02
1649670663612791000,193.5,1,193.5,14,194.0,2,2,2022-04-11 09:51:03
1649670670375475000,194.0,1,193.5,17,194.0,2,1,2022-04-11 09:51:10
1649670672162752000,194.0,2,193.5,17,194.5,3,1,2022-04-11 09:51:12
1649670672229026000,194.5,3,194.0,5,195.0,12,1,2022-04-11 09:51:12
1649670697905646000,194.5,1,194.5,5,195.0,12,2,2022-04-11 09:51:37
1649670698313314000,194.5,2,194.5,3,195.0,12,2,2022-04-11 09:51:38
1649670698474567000,194.5,2,194.5,1,195.0,12,2,2022-04-11 09:51:38
1649670700587130000,194.5,1,194.0,12,195.0,13,2,2022-04-11 09:51:40
1649670708291995000,194.5,1,194.0,25,195.0,12,1,2022-04-11 09:51:48
1649670708291995000,195.0,2,194.0,25,195.0,12,1,2022-04-11 09:51:48
1649670709643546000,194.5,1,194.0,25,195.0,12,1,2022-04-11 09:51:49
1649670717950851000,194.5,1,194.5,6,195.0,15,2,2022-04-11 09:51:57
1649670718350508000,194.5,1,194.5,5,195.0,14,2,2022-04-11 09:51:58
1649670731888121000,194.5,1,194.5,7,195.0,14,2,2022-04-11 09:52:11
1649670821494342000,194.5,1,194.5,6,195.0,15,2,2022-04-11 09:53:41
1649670839145541000,194.5,1,194.5,4,195.0,18,2,2022-04-11 09:53:59
1649670841274196000,194.5,1,194.5,3,195.0,18,2,2022-04-11 09:54:01
1649670846475825000,194.5,1,194.5,2,195.0,18,2,2022-04-11 09:54:06
1649670846645077000,194.5,2,194.0,12,195.0,18,2,2022-04-11 09:54:06
1649670916292011000,194.5,2,194.0,13,195.0,15,1,2022-04-11 09:55:16
1649670942972703000,194.0,1,194.0,12,194.5,4,2,2022-04-11 09:55:42
1649670949499963000,194.0,1,194.0,11,194.5,4,2,2022-04-11 09:55:49
1649670964392695000,194.0,1,194.0,8,194.5,9,2,2022-04-11 09:56:04
1649670968542035000,194.0,1,194.0,8,194.5,9,2,2022-04-11 09:56:08
1649670982375682000,194.0,1,194.0,7,194.5,9,2,2022-04-11 09:56:22
1649670983145450000,194.0,1,194.0,6,194.5,10,2,2022-04-11 09:56:23
1649670987289893000,194.0,1,194.0,5,194.5,12,2,2022-04-11 09:56:27
1649670987944149000,194.0,1,194.0,4,194.5,12,2,2022-04-11 09:56:27
1649670988765286000,194.0,1,194.0,3,194.5,12,2,2022-04-11 09:56:28
1649671019291108000,194.0,1,194.0,15,194.5,11,2,2022-04-11 09:56:59
1649671024740678000,194.0,5,194.0,9,194.5,12,2,2022-04-11 09:57:04
1649671030283284000,194.0,1,194.0,6,194.5,13,2,2022-04-11 09:57:10
1649671030934131000,194.0,1,194.0,5,194.5,18,2,2022-04-11 09:57:10
1649671031338413000,194.0,2,194.0,3,194.5,18,2,2022-04-11 09:57:11
1649671032494285000,194.0,3,193.5,25,194.0,11,2,2022-04-11 09:57:12
1649671056428287000,193.5,4,193.5,18,194.0,36,2,2022-04-11 09:57:36
1649671056452360000,193.5,18,193.0,42,194.0,36,2,2022-04-11 09:57:36
1649671061044340000,193.0,1,193.0,41,194.0,37,2,2022-04-11 09:57:41
1649671062740573000,194.0,23,193.0,41,194.0,11,1,2022-04-11 09:57:42
1649671063782606000,193.5,1,193.0,42,194.0,11,1,2022-04-11 09:57:43
1649671079281427000,193.5,1,193.5,11,194.0,14,2,2022-04-11 09:57:59
1649671085520399000,193.5,1,193.5,11,194.0,14,2,2022-04-11 09:58:05
1649671089911931000,193.5,1,193.5,11,194.0,15,2,2022-04-11 09:58:09
1649671090953654000,193.5,2,193.5,10,194.0,15,2,2022-04-11 09:58:10
1649671097871860000,193.5,3,193.5,7,194.0,16,2,2022-04-11 09:58:17
1649671100153708000,193.5,3,193.5,4,194.0,17,2,2022-04-11 09:58:20
1649671100974352000,193.5,1,193.5,8,194.0,17,2,2022-04-11 09:58:20
1649671102121889000,193.5,1,193.5,7,194.0,16,2,2022-04-11 09:58:22
1649671106820079000,193.5,1,193.5,6,194.0,16,2,2022-04-11 09:58:26
1649671107339495000,193.5,1,193.5,5,194.0,16,2,2022-04-11 09:58:27
1649671107369533000,193.5,1,193.5,4,194.0,16,2,2022-04-11 09:58:27
1649671107988497000,193.5,1,193.5,3,194.0,16,2,2022-04-11 09:58:27
1649671112052038000,193.5,1,193.5,2,194.0,15,2,2022-04-11 09:58:32
1649671113450986000,193.5,1,193.5,2,194.0,15,2,2022-04-11 09:58:33
1649671119919666000,193.5,2,193.0,34,194.0,15,2,2022-04-11 09:58:39
1649671119919666000,193.0,3,193.0,34,194.0,15,2,2022-04-11 09:58:39
1649671120408322000,193.0,1,193.0,33,193.5,1,2,2022-04-11 09:58:40
1649671124653353000,193.0,1,193.0,33,193.5,1,2,2022-04-11 09:58:44
1649671126771870000,193.0,1,193.0,31,193.5,1,2,2022-04-11 09:58:46
1649671132888323000,193.0,1,193.0,29,193.5,2,2,2022-04-11 09:58:52
1649671143653723000,193.0,1,193.0,32,193.5,7,2,2022-04-11 09:59:03
1649671149143866000,193.0,1,193.0,30,193.5,8,2,2022-04-11 09:59:09
1649671152305152000,193.0,1,193.0,29,193.5,9,2,2022-04-11 09:59:12
1649671154576385000,193.0,1,193.0,28,193.5,9,2,2022-04-11 09:59:14
1649671158387313000,193.0,1,193.0,27,193.5,10,2,2022-04-11 09:59:18
1649671160983623000,193.0,2,193.0,24,193.5,16,2,2022-04-11 09:59:20
1649671164864953000,193.0,2,193.0,22,193.5,19,2,2022-04-11 09:59:24
1649671166842749000,193.0,1,193.0,21,193.5,19,2,2022-04-11 09:59:26
1649671169088880000,193.0,1,193.0,20,193.5,19,2,2022-04-11 09:59:29
1649671169384871000,193.0,1,193.0,19,193.5,19,2,2022-04-11 09:59:29
1649671171291406000,193.0,1,193.0,18,193.5,18,2,2022-04-11 09:59:31
1649671173338411000,193.0,2,193.0,17,193.5,18,2,2022-04-11 09:59:33
1649671174837397000,193.0,1,193.0,15,193.5,18,2,2022-04-11 09:59:34
1649671174866890000,193.0,1,193.0,14,193.5,18,2,2022-04-11 09:59:34
1649671176484836000,193.0,5,193.0,14,193.5,18,2,2022-04-11 09:59:36
1649671176775351000,193.0,1,193.0,15,193.5,19,2,2022-04-11 09:59:36
1649671176798082000,193.0,1,193.0,14,193.5,19,2,2022-04-11 09:59:36
1649671178927454000,193.0,1,193.0,14,193.5,23,2,2022-04-11 09:59:38
1649671179590358000,193.0,2,193.0,12,193.5,22,2,2022-04-11 09:59:39
1649671179948372000,193.0,1,193.0,11,193.5,22,2,2022-04-11 09:59:39
1649671180607583000,193.0,1,193.0,10,193.5,22,2,2022-04-11 09:59:40
1649671181247281000,193.0,2,193.0,8,193.5,22,2,2022-04-11 09:59:41
1649671181514368000,193.0,1,193.0,7,193.5,21,2,2022-04-11 09:59:41
1649671181782973000,193.0,1,193.0,6,193.5,22,2,2022-04-11 09:59:41
1649671181812577000,193.0,1,193.0,5,193.5,22,2,2022-04-11 09:59:41
1649671182620329000,193.0,2,193.0,3,193.5,21,2,2022-04-11 09:59:42
1649671182644500000,193.0,2,193.0,1,193.5,21,2,2022-04-11 09:59:42
1649671182805780000,193.0,1,192.5,38,193.5,21,2,2022-04-11 09:59:42
1649671185070920000,193.0,1,193.0,2,193.5,20,2,2022-04-11 09:59:45
1649671185270132000,193.0,1,193.0,1,193.5,20,2,2022-04-11 09:59:45
1649671186562177000,193.0,1,192.5,28,193.5,21,2,2022-04-11 09:59:46
1649671187570335000,193.0,1,193.0,1,193.5,21,2,2022-04-11 09:59:47
1649671190233458000,193.0,1,192.5,28,193.5,22,2,2022-04-11 09:59:50
1649671201651258000,192.5,1,192.5,26,193.0,16,2,2022-04-11 10:00:01
1649671201689104000,192.5,1,192.5,25,193.0,16,2,2022-04-11 10:00:01
1649671202759581000,192.5,1,192.5,24,193.0,18,2,2022-04-11 10:00:02
1649671208987893000,192.5,1,192.5,23,193.0,19,2,2022-04-11 10:00:08
1649671214645290000,192.5,1,192.5,25,193.0,17,2,2022-04-11 10:00:14
1649671216839312000,193.0,10,192.5,25,193.0,7,1,2022-04-11 10:00:16
1649671216870182000,193.0,7,192.5,23,193.5,18,1,2022-04-11 10:00:16
1649671218595413000,193.0,1,193.0,3,193.5,15,2,2022-04-11 10:00:18
1649671222601898000,193.5,1,193.0,16,193.5,14,1,2022-04-11 10:00:22
1649671223281346000,193.0,10,193.0,7,193.5,14,2,2022-04-11 10:00:23
1649671227515616000,193.0,2,193.0,11,193.5,14,2,2022-04-11 10:00:27
1649671233346242000,193.0,2,193.0,16,193.5,14,2,2022-04-11 10:00:33
1649671235731960000,193.0,1,193.0,15,193.5,14,2,2022-04-11 10:00:35
1649671238558776000,193.0,1,193.0,21,193.5,14,2,2022-04-11 10:00:38
1649671240360357000,193.0,4,193.0,17,193.5,10,2,2022-04-11 10:00:40
1649671240848272000,193.0,1,193.0,16,193.5,10,2,2022-04-11 10:00:40
1649671242270163000,193.0,1,193.0,16,193.5,10,2,2022-04-11 10:00:42
