ts,close,volume,bid_price,bid_volume,ask_price,ask_volume,tick_type,datetime
1649667617121352000,67.5,717,67.3,27,67.5,16,1,2022-04-11 09:00:17
1649667617239569000,67.3,4,67.3,23,67.5,16,2,2022-04-11 09:00:17
1649667617431193000,67.5,5,67.3,23,67.5,11,1,2022-04-11 09:00:17
1649667617534070000,67.5,1,67.3,23,67.5,10,1,2022-04-11 09:00:17
1649667617679612000,67.3,4,67.3,19,67.5,10,2,2022-04-11 09:00:17
1649667617769944000,67.5,1,67.3,19,67.5,9,1,2022-04-11 09:00:17
1649667617946523000,67.5,1,67.3,19,67.5,8,1,2022-04-11 09:00:17
1649667617955499000,67.3,1,67.3,18,67.5,8,2,2022-04-11 09:00:17
1649667618177117000,67.3,18,67.1,17,67.5,8,2,2022-04-11 09:00:18
1649667618177117000,67.2,11,67.1,17,67.5,8,2,2022-04-11 09:00:18
1649667618947945000,67.3,1,67.1,17,67.5,9,1,2022-04-11 09:00:18
1649667619051421000,67.5,5,67.1,17,67.5,4,1,2022-04-11 09:00:19
1649667620164916000,67.5,1,67.2,1,67.5,3,1,2022-04-11 09:00:20
1649667621029216000,67.5,3,67.2,1,67.6,2,1,2022-04-11 09:00:21
1649667621029216000,67.6,2,67.2,1,67.6,2,1,2022-04-11 09:00:21
1649667621083276000,67.2,1,67.1,17,67.6,2,2,2022-04-11 09:00:21
1649667621139666000,67.5,1,67.1,17,67.6,2,1,2022-04-11 09:00:21
1649667621712019000,67.4,1,67.2,1,67.6,2,1,2022-04-11 09:00:21
1649667621805170000,67.5,1,67.2,1,67.6,2,2,2022-04-11 09:00:21
1649667622041844000,67.5,1,67.5,1,67.6,2,2,2022-04-11 09:00:22
1649667622041907000,67.5,1,67.2,1,67.6,2,2,2022-04-11 09:00:22
1649667622230521000,67.5,1,67.5,1,67.6,2,1,2022-04-11 09:00:22
1649667622387253000,67.5,1,67.1,22,67.6,2,2,2022-04-11 09:00:22
1649667622387253000,67.3,1,67.1,22,67.6,2,2,2022-04-11 09:00:22
1649667622387253000,67.2,1,67.1,22,67.6,2,2,2022-04-11 09:00:22
1649667622905989000,67.6,1,67.5,2,67.6,1,1,2022-04-11 09:00:22
1649667623775500000,67.5,3,67.3,2,67.5,2,2,2022-04-11 09:00:23
1649667623804254000,67.5,2,67.3,2,67.6,1,1,2022-04-11 09:00:23
1649667623877262000,67.3,2,67.1,23,67.6,1,2,2022-04-11 09:00:23
1649667623877262000,67.1,1,67.1,23,67.6,1,2,2022-04-11 09:00:23
1649667623962439000,67.5,2,67.2,1,67.7,21,1,2022-04-11 09:00:23
1649667623962439000,67.6,1,67.2,1,67.7,21,1,2022-04-11 09:00:23
1649667623962439000,67.7,2,67.2,1,67.7,21,1,2022-04-11 09:00:23
1649667624490698000,67.7,5,67.2,2,67.7,17,1,2022-04-11 09:00:24
1649667625364085000,67.2,1,67.2,1,67.7,17,2,2022-04-11 09:00:25
1649667626485768000,67.6,1,67.3,1,67.7,17,1,2022-04-11 09:00:26
1649667626770913000,67.6,2,67.3,3,67.6,8,1,2022-04-11 09:00:26
1649667626842138000,67.6,1,67.3,3,67.6,7,1,2022-04-11 09:00:26
1649667627535126000,67.5,1,67.4,1,67.6,7,1,2022-04-11 09:00:27
1649667627702335000,67.6,1,67.4,1,67.6,7,1,2022-04-11 09:00:27
1649667627948783000,67.5,1,67.4,1,67.6,7,2,2022-04-11 09:00:27
1649667628258679000,67.4,1,67.3,2,67.6,7,2,2022-04-11 09:00:28
1649667628258679000,67.3,1,67.3,2,67.6,7,2,2022-04-11 09:00:28
1649667628919701000,67.3,1,67.3,2,67.6,7,2,2022-04-11 09:00:28
1649667629076726000,67.6,1,67.3,2,67.6,6,1,2022-04-11 09:00:29
1649667629196668000,67.5,1,67.3,2,67.6,6,1,2022-04-11 09:00:29
1649667629302372000,67.6,1,67.5,10,67.6,5,1,2022-04-11 09:00:29
1649667630028971000,67.6,2,67.5,15,67.6,3,1,2022-04-11 09:00:30
1649667630064913000,67.6,1,67.5,15,67.6,2,1,2022-04-11 09:00:30
1649667630065704000,67.6,2,67.5,15,67.7,18,1,2022-04-11 09:00:30
1649667630568597000,67.7,2,67.6,1,67.7,16,1,2022-04-11 09:00:30
1649667631228277000,67.6,2,67.6,1,67.7,17,2,2022-04-11 09:00:31
1649667631426552000,67.7,2,67.6,1,67.7,15,1,2022-04-11 09:00:31
1649667631841493000,67.6,1,67.4,8,67.5,23,2,2022-04-11 09:00:31
1649667631841493000,67.5,16,67.4,8,67.5,23,2,2022-04-11 09:00:31
1649667631875733000,67.5,11,67.4,8,67.5,12,1,2022-04-11 09:00:31
1649667631876097000,67.5,12,67.4,8,67.7,15,1,2022-04-11 09:00:31
1649667632024596000,67.7,1,67.4,8,67.7,14,1,2022-04-11 09:00:32
1649667632102223000,67.4,1,67.4,7,67.7,14,2,2022-04-11 09:00:32
1649667633008582000,67.7,2,67.6,5,67.7,13,1,2022-04-11 09:00:33
1649667633097858000,67.6,1,67.6,4,67.7,13,2,2022-04-11 09:00:33
1649667633489718000,67.6,1,67.6,3,67.7,13,2,2022-04-11 09:00:33
1649667633919359000,67.6,3,67.4,7,67.7,13,2,2022-04-11 09:00:33
1649667634221435000,67.7,1,67.5,1,67.7,12,1,2022-04-11 09:00:34
1649667634619116000,67.7,4,67.5,4,67.7,9,1,2022-04-11 09:00:34
1649667634890094000,67.7,1,67.6,1,67.7,8,1,2022-04-11 09:00:34
1649667635379431000,67.7,5,67.6,1,67.7,3,1,2022-04-11 09:00:35
1649667635530186000,67.6,2,67.4,4,67.7,3,2,2022-04-11 09:00:35
1649667635530186000,67.5,5,67.4,4,67.7,3,2,2022-04-11 09:00:35
1649667635530186000,67.4,3,67.4,4,67.7,3,2,2022-04-11 09:00:35
1649667635634682000,67.4,1,67.4,3,67.7,3,2,2022-04-11 09:00:35
1649667635825439000,67.6,1,67.5,2,67.7,3,1,2022-04-11 09:00:35
1649667636006660000,67.5,1,67.5,1,67.6,2,2,2022-04-11 09:00:36
1649667636190292000,67.6,2,67.5,1,67.7,3,1,2022-04-11 09:00:36
1649667636445597000,67.6,1,67.5,1,67.7,2,1,2022-04-11 09:00:36
1649667636445597000,67.7,1,67.5,1,67.7,2,1,2022-04-11 09:00:36
1649667636848648000,67.7,1,67.5,8,67.7,1,1,2022-04-11 09:00:36
1649667637115487000,67.7,1,67.5,8,67.8,65,1,2022-04-11 09:00:37
1649667637182901000,67.8,1,67.5,8,67.8,64,1,2022-04-11 09:00:37
1649667637864110000,67.7,1,67.5,8,67.7,4,1,2022-04-11 09:00:37
1649667638084799000,67.7,1,67.5,8,67.7,3,1,2022-04-11 09:00:38
1649667638449866000,67.6,2,67.5,14,67.6,23,1,2022-04-11 09:00:38
1649667639108931000,67.5,10,67.5,5,67.6,23,2,2022-04-11 09:00:39
1649667639141858000,67.5,5,67.4,4,67.6,23,2,2022-04-11 09:00:39
1649667639593720000,67.6,1,67.5,3,67.6,22,1,2022-04-11 09:00:39
1649667639820831000,67.6,1,67.5,5,67.6,21,1,2022-04-11 09:00:39
1649667640224103000,67.6,5,67.5,5,67.6,18,1,2022-04-11 09:00:40
1649667640226947000,67.6,7,67.5,5,67.6,11,1,2022-04-11 09:00:40
1649667640259480000,67.6,11,67.5,5,67.7,4,1,2022-04-11 09:00:40
1649667640394258000,67.7,4,67.5,5,67.8,64,1,2022-04-11 09:00:40
1649667640394258000,67.8,1,67.5,5,67.8,64,1,2022-04-11 09:00:40
1649667640791638000,67.6,1,67.6,7,67.8,64,2,2022-04-11 09:00:40
1649667640868014000,67.6,1,67.6,7,67.8,64,2,2022-04-11 09:00:40
1649667641016946000,67.6,4,67.6,3,67.8,64,2,2022-04-11 09:00:41
1649667641366802000,67.8,3,67.6,2,67.8,61,1,2022-04-11 09:00:41
1649667641478089000,67.8,2,67.7,12,67.8,59,1,2022-04-11 09:00:41
1649667641498070000,67.7,10,67.7,3,67.8,59,2,2022-04-11 09:00:41
1649667641528633000,67.7,2,67.6,2,67.8,59,2,2022-04-11 09:00:41
1649667641900120000,67.7,1,67.7,1,67.8,59,2,2022-04-11 09:00:41
1649667641912537000,67.7,1,67.6,3,67.7,1,2,2022-04-11 09:00:41
1649667642179715000,67.7,1,67.6,4,67.8,59,1,2022-04-11 09:00:42
1649667642274367000,67.6,6,67.5,9,67.8,59,2,2022-04-11 09:00:42
1649667642274367000,67.5,4,67.5,9,67.8,59,2,2022-04-11 09:00:42
1649667642622425000,67.7,2,67.7,48,67.8,59,2,2022-04-11 09:00:42
1649667643122247000,67.7,1,67.7,47,67.8,59,2,2022-04-11 09:00:43
1649667643375532000,67.8,1,67.7,47,67.8,69,1,2022-04-11 09:00:43
1649667643388443000,67.7,10,67.7,37,67.8,69,2,2022-04-11 09:00:43
1649667643444363000,67.8,2,67.7,37,67.8,67,1,2022-04-11 09:00:43
1649667643752246000,67.8,1,67.7,37,67.8,67,1,2022-04-11 09:00:43
1649667644291262000,67.7,10,67.7,27,67.8,67,2,2022-04-11 09:00:44
1649667644509299000,67.8,5,67.7,27,67.8,62,1,2022-04-11 09:00:44
1649667644789083000,67.8,1,67.7,27,67.8,61,1,2022-04-11 09:00:44
1649667645498647000,67.8,5,67.7,27,67.8,56,1,2022-04-11 09:00:45
1649667646082412000,67.7,5,67.7,22,67.8,57,2,2022-04-11 09:00:46
1649667646623390000,67.8,1,67.7,22,67.8,56,1,2022-04-11 09:00:46
1649667646677374000,67.8,1,67.7,22,67.8,55,1,2022-04-11 09:00:46
1649667646702668000,67.8,1,67.7,22,67.8,54,1,2022-04-11 09:00:46
1649667646798946000,67.7,1,67.7,21,67.8,54,2,2022-04-11 09:00:46
1649667647064830000,67.7,1,67.7,20,67.8,56,2,2022-04-11 09:00:47
1649667647084785000,67.8,1,67.7,20,67.8,55,1,2022-04-11 09:00:47
1649667647389911000,67.8,1,67.7,21,67.8,64,1,2022-04-11 09:00:47
1649667647409342000,67.8,10,67.7,21,67.8,54,1,2022-04-11 09:00:47
1649667647595305000,67.8,3,67.7,21,67.8,51,1,2022-04-11 09:00:47
1649667647846103000,67.8,1,67.7,22,67.8,50,1,2022-04-11 09:00:47
1649667648023903000,67.8,2,67.7,22,67.8,48,1,2022-04-11 09:00:48
1649667648034129000,67.7,1,67.7,21,67.8,48,2,2022-04-11 09:00:48
1649667648657771000,67.8,1,67.7,22,67.8,49,1,2022-04-11 09:00:48
1649667648919915000,67.8,2,67.7,22,67.8,47,1,2022-04-11 09:00:48
1649667649082987000,67.8,5,67.7,22,67.8,42,1,2022-04-11 09:00:49
1649667649561309000,67.8,20,67.7,24,67.8,22,1,2022-04-11 09:00:49
1649667649593785000,67.8,22,67.7,24,67.9,120,1,2022-04-11 09:00:49
1649667649690186000,67.9,1,67.7,24,67.9,119,1,2022-04-11 09:00:49
1649667649936747000,67.8,1,67.7,24,67.9,119,1,2022-04-11 09:00:49
1649667650214180000,67.8,1,67.7,29,67.8,14,2,2022-04-11 09:00:50
1649667650449798000,67.7,1,67.7,29,67.8,14,2,2022-04-11 09:00:50
1649667651067567000,67.8,5,67.7,29,67.8,9,1,2022-04-11 09:00:51
1649667651097133000,67.8,3,67.7,29,67.8,6,1,2022-04-11 09:00:51
1649667651260876000,67.8,2,67.7,30,67.8,4,1,2022-04-11 09:00:51
1649667651291779000,67.8,3,67.7,30,67.8,1,1,2022-04-11 09:00:51
1649667651440456000,67.8,3,67.7,30,67.9,119,1,2022-04-11 09:00:51
1649667651610174000,67.7,1,67.7,29,67.9,119,2,2022-04-11 09:00:51
1649667651668379000,67.7,5,67.7,24,67.9,119,2,2022-04-11 09:00:51
1649667651763930000,67.8,1,67.7,24,67.8,1,2,2022-04-11 09:00:51
1649667652059464000,67.8,1,67.7,24,67.9,118,1,2022-04-11 09:00:52
1649667652059464000,67.9,1,67.7,24,67.9,118,1,2022-04-11 09:00:52
1649667652365009000,67.9,1,67.7,24,67.9,117,1,2022-04-11 09:00:52
1649667653909647000,67.9,2,67.8,28,67.9,115,1,2022-04-11 09:00:53
1649667653972152000,67.9,1,67.8,28,67.9,114,1,2022-04-11 09:00:53
1649667654243924000,67.8,1,67.8,27,67.9,114,2,2022-04-11 09:00:54
1649667654277002000,67.9,1,67.8,27,67.9,113,1,2022-04-11 09:00:54
1649667654328475000,67.9,2,67.8,27,67.9,111,1,2022-04-11 09:00:54
1649667654560037000,67.9,10,67.8,29,67.9,102,1,2022-04-11 09:00:54
1649667654828458000,67.9,2,67.8,32,67.9,100,1,2022-04-11 09:00:54
1649667655514499000,67.9,1,67.8,32,67.9,99,1,2022-04-11 09:00:55
1649667655748865000,67.9,5,67.8,33,67.9,94,1,2022-04-11 09:00:55
1649667655934645000,67.9,1,67.8,33,67.9,93,1,2022-04-11 09:00:55
1649667655937822000,67.8,5,67.8,28,67.9,93,2,2022-04-11 09:00:55
1649667656392112000,67.9,2,67.8,30,67.9,92,1,2022-04-11 09:00:56
1649667656510273000,67.9,1,67.8,30,67.9,91,1,2022-04-11 09:00:56
1649667656744087000,67.9,1,67.8,30,67.9,90,1,2022-04-11 09:00:56
1649667657040870000,67.9,1,67.8,30,67.9,89,1,2022-04-11 09:00:57
1649667657127476000,67.9,1,67.8,30,67.9,88,1,2022-04-11 09:00:57
1649667657186010000,67.9,2,67.8,30,67.9,86,1,2022-04-11 09:00:57
1649667657268698000,67.9,1,67.8,30,67.9,85,1,2022-04-11 09:00:57
1649667657292605000,67.9,5,67.8,30,67.9,80,1,2022-04-11 09:00:57
1649667657586848000,67.8,11,67.8,19,67.9,81,2,2022-04-11 09:00:57
1649667657727400000,67.8,1,67.8,18,67.9,81,2,2022-04-11 09:00:57
1649667657875940000,67.9,1,67.8,18,67.9,80,1,2022-04-11 09:00:57
1649667658091790000,67.9,1,67.8,18,67.9,79,1,2022-04-11 09:00:58
1649667658225965000,67.9,1,67.8,18,67.9,78,1,2022-04-11 09:00:58
1649667658253842000,67.9,4,67.8,18,67.9,74,1,2022-04-11 09:00:58
1649667658334527000,67.9,1,67.8,18,67.9,73,1,2022-04-11 09:00:58
1649667658427476000,67.9,5,67.8,18,67.9,68,1,2022-04-11 09:00:58
1649667658714142000,67.9,3,67.8,19,67.9,65,1,2022-04-11 09:00:58
1649667658955446000,67.9,1,67.8,19,67.9,64,1,2022-04-11 09:00:58
1649667659419757000,67.8,2,67.8,22,67.9,64,2,2022-04-11 09:00:59
1649667659466539000,67.9,5,67.8,22,67.9,59,1,2022-04-11 09:00:59
1649667659506546000,67.9,10,67.8,22,67.9,49,1,2022-04-11 09:00:59
1649667659568539000,67.9,1,67.8,22,67.9,48,1,2022-04-11 09:00:59
1649667659604532000,67.9,5,67.8,22,67.9,43,1,2022-04-11 09:00:59
1649667659635141000,67.9,4,67.8,22,67.9,39,1,2022-04-11 09:00:59
1649667659664055000,67.9,5,67.8,22,67.9,34,1,2022-04-11 09:00:59
1649667659689280000,67.9,1,67.8,22,67.9,33,1,2022-04-11 09:00:59
1649667659695758000,67.9,33,67.8,22,68.0,44,1,2022-04-11 09:00:59
1649667659728583000,67.8,1,67.8,21,68.0,44,2,2022-04-11 09:00:59
1649667660169679000,67.9,2,67.8,23,68.0,44,2,2022-04-11 09:01:00
1649667660177398000,67.8,8,67.8,15,68.0,44,2,2022-04-11 09:01:00
1649667660410308000,68.0,2,67.9,5,68.0,42,1,2022-04-11 09:01:00
1649667660436658000,67.9,5,67.8,15,68.0,42,2,2022-04-11 09:01:00
1649667660561467000,67.9,6,67.8,15,68.0,42,2,2022-04-11 09:01:00
1649667660648255000,68.0,1,67.8,14,68.0,41,1,2022-04-11 09:01:00
1649667660813508000,68.0,1,67.9,2,68.0,40,1,2022-04-11 09:01:00
1649667661117474000,67.9,1,67.9,13,68.0,40,2,2022-04-11 09:01:01
1649667661430058000,67.9,1,67.9,18,68.0,40,2,2022-04-11 09:01:01
1649667661737321000,67.9,2,67.9,16,68.0,38,2,2022-04-11 09:01:01
1649667662579469000,67.9,2,67.9,34,68.0,41,2,2022-04-11 09:01:02
1649667662991948000,67.9,1,67.9,38,68.0,41,2,2022-04-11 09:01:02
1649667663250825000,68.0,3,67.9,41,68.0,38,1,2022-04-11 09:01:03
1649667663434644000,68.0,1,67.9,41,68.0,37,1,2022-04-11 09:01:03
1649667663739632000,68.0,2,67.9,42,68.0,35,1,2022-04-11 09:01:03
1649667664066923000,68.0,13,67.9,42,68.0,22,1,2022-04-11 09:01:04
1649667664096311000,68.0,6,67.9,42,68.0,16,1,2022-04-11 09:01:04
1649667664097815000,68.0,3,67.9,42,68.0,13,1,2022-04-11 09:01:04
1649667664130579000,68.0,5,67.9,42,68.0,8,1,2022-04-11 09:01:04
1649667664161111000,68.0,8,67.9,42,68.1,4,1,2022-04-11 09:01:04
1649667664286729000,68.1,2,68.0,2,68.1,5,1,2022-04-11 09:01:04
1649667664831416000,68.1,1,68.0,6,68.1,4,1,2022-04-11 09:01:04
1649667665000583000,68.1,4,68.0,6,68.2,3,1,2022-04-11 09:01:05
1649667665000583000,68.2,2,68.0,6,68.2,3,1,2022-04-11 09:01:05
1649667666190160000,68.2,1,68.0,25,68.2,5,1,2022-04-11 09:01:06
1649667666281118000,68.2,2,68.0,25,68.2,3,1,2022-04-11 09:01:06
1649667666548384000,68.2,1,68.0,26,68.2,7,1,2022-04-11 09:01:06
1649667666559326000,68.0,1,68.0,25,68.2,7,2,2022-04-11 09:01:06
1649667667023622000,68.0,1,68.0,24,68.2,8,2,2022-04-11 09:01:07
1649667667261932000,68.2,1,68.0,24,68.2,7,1,2022-04-11 09:01:07
1649667668267454000,68.1,1,68.0,26,68.1,4,1,2022-04-11 09:01:08
1649667669095585000,68.1,1,68.0,26,68.1,3,1,2022-04-11 09:01:09
1649667669519328000,68.1,1,68.0,34,68.1,2,1,2022-04-11 09:01:09
1649667669587187000,68.1,1,68.0,34,68.1,1,1,2022-04-11 09:01:09
1649667669672463000,68.1,1,68.0,34,68.2,2,1,2022-04-11 09:01:09
1649667669672463000,68.2,4,68.0,34,68.2,2,1,2022-04-11 09:01:09
1649667669880069000,68.0,1,68.0,33,68.2,2,2,2022-04-11 09:01:09
1649667669881354000,68.2,1,68.0,33,68.2,1,1,2022-04-11 09:01:09
1649667670007885000,68.2,1,68.0,37,68.2,11,1,2022-04-11 09:01:10
1649667670033056000,68.2,1,68.0,37,68.2,10,1,2022-04-11 09:01:10
1649667670331070000,68.1,7,68.0,39,68.2,13,2,2022-04-11 09:01:10
1649667670344064000,68.2,1,68.0,39,68.2,12,1,2022-04-11 09:01:10
1649667670377080000,68.2,1,68.0,39,68.2,11,1,2022-04-11 09:01:10
1649667670474478000,68.2,3,68.0,39,68.2,8,1,2022-04-11 09:01:10
1649667670980567000,68.2,4,68.1,1,68.2,5,1,2022-04-11 09:01:10
1649667671283859000,68.2,5,68.1,1,68.2,1,1,2022-04-11 09:01:11
1649667671327469000,68.1,2,68.0,40,68.3,18,2,2022-04-11 09:01:11
1649667671512425000,68.3,1,68.1,1,68.3,17,1,2022-04-11 09:01:11
1649667671970984000,68.2,1,68.1,2,68.3,17,2,2022-04-11 09:01:11
1649667672027265000,68.1,2,68.0,34,68.3,17,2,2022-04-11 09:01:12
1649667672027265000,68.0,8,68.0,34,68.3,17,2,2022-04-11 09:01:12
1649667672134351000,68.2,2,68.1,1,68.2,1,1,2022-04-11 09:01:12
1649667672303489000,68.2,1,68.1,1,68.3,17,2,2022-04-11 09:01:12
1649667672561617000,68.2,1,68.1,2,68.2,1,1,2022-04-11 09:01:12
1649667672569258000,68.1,2,68.0,34,68.2,1,2,2022-04-11 09:01:12
1649667672587447000,68.2,1,68.0,34,68.2,6,1,2022-04-11 09:01:12
1649667672704953000,68.2,2,68.1,2,68.2,5,1,2022-04-11 09:01:12
1649667672749246000,68.2,5,68.2,5,68.3,18,1,2022-04-11 09:01:12
1649667672778346000,68.2,5,68.1,2,68.3,18,2,2022-04-11 09:01:12
1649667673048731000,68.2,1,68.1,2,68.3,18,2,2022-04-11 09:01:13
1649667673347307000,68.2,5,68.1,7,68.3,18,2,2022-04-11 09:01:13
1649667673417409000,68.3,1,68.1,7,68.3,17,1,2022-04-11 09:01:13
1649667673533607000,68.2,1,68.1,7,68.3,17,2,2022-04-11 09:01:13
1649667673720258000,68.3,2,68.1,7,68.3,15,1,2022-04-11 09:01:13
1649667673835705000,68.1,2,68.1,15,68.3,15,2,2022-04-11 09:01:13
1649667674047787000,68.2,1,68.1,16,68.2,1,1,2022-04-11 09:01:14
1649667674129663000,68.1,1,68.1,16,68.2,1,2,2022-04-11 09:01:14
1649667674180536000,68.2,1,68.1,16,68.3,15,1,2022-04-11 09:01:14
1649667674566381000,68.2,2,68.1,16,68.2,2,1,2022-04-11 09:01:14
1649667674860986000,68.1,2,68.1,14,68.2,2,2,2022-04-11 09:01:14
1649667674870525000,68.2,1,68.1,14,68.2,1,1,2022-04-11 09:01:14
1649667674924081000,68.2,1,68.1,14,68.3,13,1,2022-04-11 09:01:14
1649667674924081000,68.3,2,68.1,14,68.3,13,1,2022-04-11 09:01:14
1649667674976676000,68.3,1,68.1,14,68.3,12,1,2022-04-11 09:01:14
1649667675055518000,68.3,2,68.1,14,68.3,10,1,2022-04-11 09:01:15
1649667675124946000,68.3,1,68.1,14,68.3,9,1,2022-04-11 09:01:15
1649667675183546000,68.3,2,68.1,14,68.3,7,1,2022-04-11 09:01:15
1649667675452663000,68.3,3,68.1,14,68.3,4,1,2022-04-11 09:01:15
1649667675476628000,68.1,5,68.1,9,68.3,4,2,2022-04-11 09:01:15
1649667675492124000,68.3,3,68.1,9,68.3,1,1,2022-04-11 09:01:15
1649667675678436000,68.2,1,68.1,1,68.3,1,2,2022-04-11 09:01:15
1649667675678436000,68.1,9,68.1,1,68.3,1,2,2022-04-11 09:01:15
1649667675719807000,68.1,1,68.1,1,68.3,1,2,2022-04-11 09:01:15
1649667675783144000,68.2,1,68.1,1,68.3,1,1,2022-04-11 09:01:15
1649667675809398000,68.3,1,68.1,1,68.4,20,1,2022-04-11 09:01:15
1649667675809398000,68.4,9,68.1,1,68.4,20,1,2022-04-11 09:01:15
1649667675876982000,68.4,2,68.1,2,68.4,18,1,2022-04-11 09:01:15
1649667676018295000,68.1,2,68.1,1,68.4,18,2,2022-04-11 09:01:16
1649667676035026000,68.1,1,68.0,41,68.4,18,2,2022-04-11 09:01:16
1649667676295941000,68.2,1,68.0,42,68.4,18,2,2022-04-11 09:01:16
1649667676936718000,68.2,1,68.2,19,68.4,23,1,2022-04-11 09:01:16
1649667677102338000,68.2,1,68.2,18,68.4,23,2,2022-04-11 09:01:17
1649667677253864000,68.3,1,68.2,18,68.4,24,2,2022-04-11 09:01:17
1649667677262321000,68.3,1,68.3,1,68.4,24,1,2022-04-11 09:01:17
1649667677264638000,68.3,1,68.2,18,68.4,24,2,2022-04-11 09:01:17
1649667677512159000,68.2,18,68.1,4,68.3,1,2,2022-04-11 09:01:17
1649667677657802000,68.2,1,68.1,4,68.3,1,2,2022-04-11 09:01:17
1649667677682624000,68.3,1,68.1,4,68.4,24,1,2022-04-11 09:01:17
1649667677831105000,68.2,1,68.1,5,68.3,12,2,2022-04-11 09:01:17
1649667678023125000,68.1,2,68.1,4,68.3,13,2,2022-04-11 09:01:18
1649667678130455000,68.2,1,68.1,4,68.3,13,1,2022-04-11 09:01:18
1649667678273670000,68.2,1,68.1,5,68.3,11,1,2022-04-11 09:01:18
1649667678273670000,68.3,1,68.1,5,68.3,11,1,2022-04-11 09:01:18
1649667678332583000,68.2,3,68.1,5,68.3,12,2,2022-04-11 09:01:18
1649667678492645000,68.1,6,68.0,49,68.3,11,2,2022-04-11 09:01:18
1649667678492645000,68.0,4,68.0,49,68.3,11,2,2022-04-11 09:01:18
1649667678549507000,68.2,1,68.0,48,68.3,12,2,2022-04-11 09:01:18
1649667678583949000,68.0,1,68.0,48,68.2,1,2,2022-04-11 09:01:18
1649667678591812000,68.0,14,68.0,34,68.2,1,2,2022-04-11 09:01:18
1649667678818378000,68.1,1,68.0,32,68.1,1,1,2022-04-11 09:01:18
1649667679078366000,68.1,1,68.0,31,68.2,4,1,2022-04-11 09:01:19
1649667679831396000,68.1,1,68.0,32,68.2,13,2,2022-04-11 09:01:19
1649667680075126000,68.1,1,68.0,32,68.2,13,2,2022-04-11 09:01:20
1649667680969915000,68.2,1,68.1,3,68.2,13,1,2022-04-11 09:01:20
1649667681002406000,68.1,3,68.0,28,68.2,13,2,2022-04-11 09:01:21
1649667681095706000,68.0,1,68.0,28,68.1,1,2,2022-04-11 09:01:21
1649667681301348000,68.1,1,68.0,38,68.2,5,1,2022-04-11 09:01:21
1649667681301348000,68.2,9,68.0,38,68.2,5,1,2022-04-11 09:01:21
1649667681308679000,68.0,1,68.0,37,68.2,5,2,2022-04-11 09:01:21
1649667682631909000,68.0,1,68.0,38,68.1,4,2,2022-04-11 09:01:22
1649667682653696000,68.1,1,68.0,38,68.1,3,1,2022-04-11 09:01:22
1649667682670665000,68.0,1,68.0,38,68.1,3,2,2022-04-11 09:01:22
1649667682872708000,68.1,2,68.0,38,68.1,1,1,2022-04-11 09:01:22
1649667682903255000,68.1,1,68.1,7,68.2,12,1,2022-04-11 09:01:22
1649667682938708000,68.1,7,68.0,38,68.2,9,2,2022-04-11 09:01:22
1649667682946262000,68.2,4,68.0,38,68.2,5,1,2022-04-11 09:01:22
1649667682976010000,68.1,1,68.0,38,68.2,5,2,2022-04-11 09:01:22
1649667683176509000,68.1,1,68.0,38,68.2,5,1,2022-04-11 09:01:23
1649667683244885000,68.2,2,68.0,38,68.2,3,1,2022-04-11 09:01:23
1649667684626570000,68.1,2,68.0,40,68.2,3,2,2022-04-11 09:01:24
1649667685406484000,68.0,1,68.0,40,68.2,3,2,2022-04-11 09:01:25
1649667685894184000,68.1,1,68.0,40,68.2,22,1,2022-04-11 09:01:25
1649667685894184000,68.2,1,68.0,40,68.2,22,1,2022-04-11 09:01:25
1649667685938283000,68.2,1,68.0,39,68.2,21,1,2022-04-11 09:01:25
1649667686035757000,68.0,42,67.9,41,68.2,21,2,2022-04-11 09:01:26
1649667686121961000,68.1,1,67.9,40,68.1,3,1,2022-04-11 09:01:26
1649667686123512000,68.1,1,67.9,40,68.1,2,1,2022-04-11 09:01:26
1649667686138405000,67.9,20,67.9,20,68.1,2,2,2022-04-11 09:01:26
1649667686168599000,67.9,20,67.8,40,68.1,3,2,2022-04-11 09:01:26
1649667686291560000,68.0,1,67.8,39,68.0,4,1,2022-04-11 09:01:26
1649667686381681000,68.0,1,67.8,39,68.0,3,1,2022-04-11 09:01:26
1649667686747637000,68.0,5,67.8,34,68.0,6,1,2022-04-11 09:01:26
1649667687110798000,67.9,1,67.8,34,67.9,1,1,2022-04-11 09:01:27
1649667687125234000,67.9,1,67.8,34,68.0,6,1,2022-04-11 09:01:27
1649667687237575000,68.0,1,67.8,34,68.0,6,1,2022-04-11 09:01:27
1649667687238726000,68.0,1,67.8,34,68.0,5,1,2022-04-11 09:01:27
1649667687442337000,67.9,1,67.8,34,67.9,7,1,2022-04-11 09:01:27
1649667687614814000,67.9,1,67.8,33,67.9,6,1,2022-04-11 09:01:27
1649667687806459000,67.9,1,67.8,33,67.9,5,1,2022-04-11 09:01:27
1649667687902365000,67.9,3,67.8,33,67.9,2,1,2022-04-11 09:01:27
1649667687936467000,67.8,1,67.8,32,67.9,2,2,2022-04-11 09:01:27
1649667688125665000,67.9,1,67.8,32,67.9,1,1,2022-04-11 09:01:28
1649667688164592000,67.8,1,67.8,31,67.9,1,2,2022-04-11 09:01:28
1649667688829766000,67.8,1,67.8,30,67.9,1,2,2022-04-11 09:01:28
1649667689046591000,67.9,1,67.8,30,68.0,4,1,2022-04-11 09:01:29
1649667689355886000,68.0,1,67.8,30,68.0,3,1,2022-04-11 09:01:29
1649667689684084000,68.0,2,67.8,30,68.0,1,1,2022-04-11 09:01:29
1649667689891294000,68.0,1,67.8,30,68.1,17,1,2022-04-11 09:01:29
1649667689979239000,67.9,5,67.8,30,68.1,20,1,2022-04-11 09:01:29
1649667690292356000,67.9,1,67.8,29,67.9,49,1,2022-04-11 09:01:30
1649667690329451000,67.8,1,67.8,28,67.9,49,2,2022-04-11 09:01:30
1649667690334595000,67.9,5,67.8,28,67.9,44,1,2022-04-11 09:01:30
1649667690507720000,67.8,10,67.8,18,67.9,44,2,2022-04-11 09:01:30
1649667690534785000,67.8,1,67.8,17,67.9,44,2,2022-04-11 09:01:30
1649667690534876000,67.8,1,67.8,16,67.9,44,2,2022-04-11 09:01:30
1649667690535297000,67.8,1,67.8,15,67.9,44,2,2022-04-11 09:01:30
1649667690536648000,67.8,1,67.8,14,67.9,44,2,2022-04-11 09:01:30
1649667690562593000,67.8,4,67.8,10,67.9,44,2,2022-04-11 09:01:30
1649667690594034000,67.8,4,67.8,6,67.9,44,2,2022-04-11 09:01:30
1649667690626027000,67.8,4,67.8,2,67.9,44,2,2022-04-11 09:01:30
1649667690630366000,67.8,1,67.8,1,67.9,44,2,2022-04-11 09:01:30
1649667690656072000,67.8,2,67.7,33,67.9,44,2,2022-04-11 09:01:30
1649667691198060000,67.9,1,67.7,32,67.9,44,1,2022-04-11 09:01:31
1649667691207293000,67.9,1,67.7,32,67.9,43,1,2022-04-11 09:01:31
1649667691213732000,67.9,1,67.7,32,67.9,42,1,2022-04-11 09:01:31
1649667691557829000,67.8,1,67.7,32,67.9,42,1,2022-04-11 09:01:31
1649667691581141000,67.9,1,67.7,32,67.9,41,1,2022-04-11 09:01:31
1649667691680376000,67.9,10,67.7,32,67.9,32,1,2022-04-11 09:01:31
1649667691951642000,67.9,2,67.7,33,67.9,30,1,2022-04-11 09:01:31
1649667692633792000,67.9,1,67.7,33,67.9,29,1,2022-04-11 09:01:32
1649667693207414000,67.7,1,67.7,31,67.8,3,2,2022-04-11 09:01:33
1649667693214223000,67.8,1,67.7,31,67.8,2,1,2022-04-11 09:01:33
1649667693605109000,67.8,1,67.7,31,67.8,1,1,2022-04-11 09:01:33
1649667693968915000,67.8,1,67.7,31,67.9,28,1,2022-04-11 09:01:33
1649667693968915000,67.9,1,67.7,31,67.9,28,1,2022-04-11 09:01:33
1649667694169198000,67.9,1,67.7,31,67.9,27,1,2022-04-11 09:01:34
1649667694302951000,67.7,1,67.7,31,67.9,27,2,2022-04-11 09:01:34
1649667695164274000,67.9,3,67.7,30,67.9,24,1,2022-04-11 09:01:35
1649667695490185000,67.9,1,67.7,30,67.9,24,1,2022-04-11 09:01:35
1649667695595092000,67.8,2,67.8,18,67.9,24,1,2022-04-11 09:01:35
1649667695632835000,67.8,1,67.8,17,67.9,24,2,2022-04-11 09:01:35
1649667695867629000,67.8,2,67.8,15,67.9,24,2,2022-04-11 09:01:35
1649667695912635000,67.8,1,67.8,14,67.9,24,2,2022-04-11 09:01:35
1649667695954117000,67.9,1,67.8,14,67.9,23,1,2022-04-11 09:01:35
1649667696022982000,67.8,14,67.7,31,67.9,24,2,2022-04-11 09:01:36
1649667696688040000,67.7,31,67.6,40,67.8,2,2,2022-04-11 09:01:36
1649667697165227000,67.7,3,67.6,39,67.7,1,1,2022-04-11 09:01:37
1649667697193575000,67.6,1,67.6,38,67.7,1,2,2022-04-11 09:01:37
1649667697231643000,67.7,1,67.6,38,67.8,5,1,2022-04-11 09:01:37
1649667697465250000,67.8,1,67.6,38,67.8,5,1,2022-04-11 09:01:37
1649667697743650000,67.6,1,67.6,37,67.8,5,2,2022-04-11 09:01:37
1649667697761981000,67.8,2,67.6,37,67.8,3,1,2022-04-11 09:01:37
1649667697889851000,67.6,2,67.6,35,67.8,3,2,2022-04-11 09:01:37
1649667697964461000,67.8,4,67.8,6,67.9,27,1,2022-04-11 09:01:37
1649667697995384000,67.8,1,67.8,5,67.9,27,2,2022-04-11 09:01:37
1649667697995406000,67.8,1,67.8,4,67.9,27,2,2022-04-11 09:01:37
1649667698000381000,67.8,4,67.7,2,67.9,27,2,2022-04-11 09:01:38
1649667698073142000,67.8,1,67.8,1,67.9,28,1,2022-04-11 09:01:38
1649667698105161000,67.8,1,67.7,1,67.9,28,2,2022-04-11 09:01:38
1649667698485630000,67.8,1,67.7,4,67.9,27,2,2022-04-11 09:01:38
1649667698654505000,67.9,1,67.7,4,67.9,27,1,2022-04-11 09:01:38
1649667699031347000,67.8,1,67.8,10,67.9,26,2,2022-04-11 09:01:39
1649667699200105000,67.8,10,67.7,4,67.9,26,2,2022-04-11 09:01:39
1649667699565217000,67.8,5,67.7,4,67.8,5,1,2022-04-11 09:01:39
1649667699598094000,67.8,5,67.7,4,67.9,26,1,2022-04-11 09:01:39
1649667699879470000,67.7,5,67.7,2,67.9,26,2,2022-04-11 09:01:39
1649667700682816000,67.8,1,67.7,2,67.9,26,2,2022-04-11 09:01:40
1649667700913796000,67.9,26,67.7,2,68.1,2,1,2022-04-11 09:01:40
1649667700913796000,68.0,5,67.7,2,68.1,2,1,2022-04-11 09:01:40
1649667700913796000,68.1,19,67.7,2,68.1,2,1,2022-04-11 09:01:40
1649667701245849000,67.9,1,67.9,1,68.0,1,2,2022-04-11 09:01:41
1649667701406584000,67.9,1,67.8,3,68.0,1,2,2022-04-11 09:01:41
1649667701861263000,67.8,2,67.8,1,68.0,1,2,2022-04-11 09:01:41
1649667701992222000,67.9,1,67.8,2,68.0,2,1,2022-04-11 09:01:41
1649667702063182000,68.0,1,67.8,2,68.0,1,1,2022-04-11 09:01:42
1649667702473948000,67.8,1,67.8,1,68.0,1,2,2022-04-11 09:01:42
1649667702829935000,67.9,1,67.8,1,68.0,1,1,2022-04-11 09:01:42
1649667703188306000,67.8,1,67.7,34,68.0,1,2,2022-04-11 09:01:43
1649667703188306000,67.7,9,67.7,34,68.0,1,2,2022-04-11 09:01:43
1649667705559039000,67.8,2,67.7,41,68.0,3,2,2022-04-11 09:01:45
1649667705711665000,68.0,1,67.7,42,68.0,2,1,2022-04-11 09:01:45
1649667705728709000,68.0,1,67.7,42,68.0,1,1,2022-04-11 09:01:45
1649667705773795000,67.8,3,67.7,43,68.0,1,2,2022-04-11 09:01:45
1649667706592163000,68.0,2,67.7,44,68.0,4,1,2022-04-11 09:01:46
1649667707123393000,67.8,1,67.8,14,68.0,5,2,2022-04-11 09:01:47
1649667707637079000,67.8,15,67.7,44,67.8,1,2,2022-04-11 09:01:47
1649667707667055000,67.8,1,67.7,44,68.0,5,1,2022-04-11 09:01:47
1649667707707643000,67.9,1,67.7,43,68.0,6,2,2022-04-11 09:01:47
1649667708465607000,67.8,1,67.7,44,68.0,3,2,2022-04-11 09:01:48
1649667708877899000,67.8,2,67.7,43,67.8,5,1,2022-04-11 09:01:48
1649667709248821000,67.8,1,67.7,45,67.8,4,1,2022-04-11 09:01:49
1649667709277716000,67.8,1,67.7,45,67.8,3,1,2022-04-11 09:01:49
1649667709331152000,67.8,3,67.7,46,68.0,16,1,2022-04-11 09:01:49
1649667710430053000,67.9,1,67.8,18,68.0,22,1,2022-04-11 09:01:50
1649667710448840000,68.0,1,67.8,18,68.0,21,1,2022-04-11 09:01:50
1649667711013496000,67.9,1,67.8,23,67.9,1,1,2022-04-11 09:01:51
1649667712217571000,67.9,1,67.8,29,67.9,2,1,2022-04-11 09:01:52
1649667712536390000,67.9,1,67.8,29,67.9,1,1,2022-04-11 09:01:52
1649667713174973000,67.9,1,67.8,32,68.0,22,1,2022-04-11 09:01:53
1649667713174973000,68.0,9,67.8,32,68.0,22,1,2022-04-11 09:01:53
1649667713228508000,68.0,1,67.8,32,68.0,21,1,2022-04-11 09:01:53
1649667713460508000,67.9,1,67.8,32,67.9,4,2,2022-04-11 09:01:53
1649667714622687000,67.8,2,67.8,48,67.9,4,2,2022-04-11 09:01:54
1649667714745283000,67.8,20,67.8,28,67.9,4,2,2022-04-11 09:01:54
1649667714797649000,67.9,1,67.8,28,67.9,4,1,2022-04-11 09:01:54
1649667716254578000,67.9,1,67.8,28,67.9,4,1,2022-04-11 09:01:56
1649667716479905000,67.8,1,67.8,26,67.9,4,2,2022-04-11 09:01:56
1649667716671520000,67.9,1,67.8,26,67.9,3,1,2022-04-11 09:01:56
1649667716825201000,67.9,1,67.8,27,67.9,7,1,2022-04-11 09:01:56
1649667717164581000,67.9,1,67.8,27,67.9,6,1,2022-04-11 09:01:57
1649667717214733000,67.8,1,67.8,26,67.9,6,2,2022-04-11 09:01:57
1649667717241934000,67.9,1,67.8,26,67.9,5,1,2022-04-11 09:01:57
1649667717291197000,67.8,1,67.8,25,67.9,5,2,2022-04-11 09:01:57
1649667717697770000,67.8,1,67.8,25,67.9,5,2,2022-04-11 09:01:57
1649667718045270000,67.9,1,67.8,31,67.9,4,1,2022-04-11 09:01:58
1649667718106312000,67.9,1,67.8,31,67.9,3,1,2022-04-11 09:01:58
1649667718362087000,67.9,1,67.8,31,67.9,2,1,2022-04-11 09:01:58
1649667718696481000,67.8,1,67.8,32,67.9,2,2,2022-04-11 09:01:58
1649667719346743000,67.9,1,67.8,33,67.9,1,1,2022-04-11 09:01:59
1649667719382023000,67.8,1,67.8,32,67.9,1,2,2022-04-11 09:01:59
1649667719659210000,67.9,1,67.8,33,68.0,27,1,2022-04-11 09:01:59
1649667719800499000,67.8,1,67.8,32,67.9,1,2,2022-04-11 09:01:59
1649667720135129000,67.8,2,67.8,30,67.9,1,2,2022-04-11 09:02:00
1649667720327926000,67.8,1,67.8,29,67.9,1,2,2022-04-11 09:02:00
1649667720402841000,67.9,1,67.8,29,68.0,27,1,2022-04-11 09:02:00
1649667720440629000,67.8,1,67.8,28,68.0,27,2,2022-04-11 09:02:00
1649667720528034000,67.8,1,67.8,27,67.9,1,2,2022-04-11 09:02:00
1649667720649491000,67.9,1,67.9,9,68.0,27,1,2022-04-11 09:02:00
1649667720819272000,67.9,1,67.9,8,68.0,27,2,2022-04-11 09:02:00
1649667721018411000,68.0,5,67.9,10,68.0,22,1,2022-04-11 09:02:01
1649667721332132000,68.0,1,67.9,10,68.0,21,1,2022-04-11 09:02:01
1649667721817857000,67.9,10,67.8,25,68.0,21,2,2022-04-11 09:02:01
1649667721817857000,67.8,5,67.8,25,68.0,21,2,2022-04-11 09:02:01
1649667721947151000,68.0,20,67.9,1,68.0,1,1,2022-04-11 09:02:01
1649667721969064000,68.0,1,67.9,1,68.1,18,1,2022-04-11 09:02:01
1649667723275262000,68.1,4,67.9,3,68.1,14,1,2022-04-11 09:02:03
1649667723789886000,68.1,3,67.9,4,68.1,11,1,2022-04-11 09:02:03
1649667724007063000,68.0,1,68.0,1,68.1,11,2,2022-04-11 09:02:04
1649667724052774000,68.0,1,67.9,4,68.1,11,2,2022-04-11 09:02:04
1649667724213537000,67.9,1,67.9,2,68.1,11,2,2022-04-11 09:02:04
1649667724681637000,68.1,1,67.9,2,68.1,10,1,2022-04-11 09:02:04
1649667725033779000,68.1,5,67.9,2,68.1,5,1,2022-04-11 09:02:05
1649667726017717000,68.0,1,67.9,16,68.1,5,2,2022-04-11 09:02:06
1649667726723384000,68.0,1,67.9,24,68.0,4,1,2022-04-11 09:02:06
1649667726945185000,67.9,2,67.9,22,68.0,4,2,2022-04-11 09:02:06
1649667727333816000,68.0,1,67.9,22,68.0,3,1,2022-04-11 09:02:07
1649667727490502000,68.0,1,67.9,22,68.0,2,1,2022-04-11 09:02:07
1649667727549929000,68.0,2,67.9,22,68.1,8,1,2022-04-11 09:02:07
1649667727549929000,68.1,8,67.9,22,68.1,8,1,2022-04-11 09:02:07
1649667728106033000,68.0,1,67.9,22,68.0,4,2,2022-04-11 09:02:08
1649667728797084000,68.0,4,68.0,6,68.1,18,1,2022-04-11 09:02:08
1649667729899778000,68.0,1,68.0,11,68.1,18,2,2022-04-11 09:02:09
1649667730068934000,68.1,5,68.0,11,68.1,13,1,2022-04-11 09:02:10
1649667731169295000,68.1,1,68.0,17,68.1,13,1,2022-04-11 09:02:11
1649667731331964000,68.1,1,68.0,17,68.1,12,1,2022-04-11 09:02:11
1649667731638519000,68.1,2,68.0,19,68.1,10,1,2022-04-11 09:02:11
1649667732657348000,68.1,8,68.0,23,68.1,7,1,2022-04-11 09:02:12
1649667732700918000,68.1,1,68.0,23,68.1,6,1,2022-04-11 09:02:12
1649667732918516000,68.1,1,68.0,24,68.1,5,1,2022-04-11 09:02:12
1649667733551081000,68.1,5,68.0,26,68.2,40,1,2022-04-11 09:02:13
1649667733597826000,68.0,6,68.0,20,68.2,40,2,2022-04-11 09:02:13
1649667733808719000,68.0,2,68.0,19,68.1,1,2,2022-04-11 09:02:13
1649667733913120000,68.1,1,68.1,3,68.2,40,1,2022-04-11 09:02:13
1649667733944725000,68.1,3,68.0,12,68.2,40,2,2022-04-11 09:02:13
1649667733944725000,68.0,7,68.0,12,68.2,40,2,2022-04-11 09:02:13
1649667734480610000,68.1,1,68.0,12,68.2,41,1,2022-04-11 09:02:14
1649667734771044000,68.0,1,68.0,12,68.1,5,2,2022-04-11 09:02:14
1649667734883451000,68.1,1,68.0,12,68.1,5,1,2022-04-11 09:02:14
1649667734886475000,68.1,1,68.0,12,68.1,4,1,2022-04-11 09:02:14
1649667735008249000,68.1,2,68.0,12,68.1,2,1,2022-04-11 09:02:15
1649667735196712000,68.1,1,68.0,12,68.1,1,1,2022-04-11 09:02:15
1649667735358966000,68.1,1,68.0,13,68.2,32,1,2022-04-11 09:02:15
1649667735358966000,68.2,9,68.0,13,68.2,32,1,2022-04-11 09:02:15
1649667735373736000,68.2,2,68.0,13,68.2,30,1,2022-04-11 09:02:15
1649667735418194000,68.0,10,68.0,3,68.2,29,2,2022-04-11 09:02:15
1649667735435851000,68.0,3,67.9,26,68.2,30,2,2022-04-11 09:02:15
1649667735439487000,67.9,1,67.9,25,68.2,32,2,2022-04-11 09:02:15
1649667735497198000,68.1,3,67.9,25,68.2,32,1,2022-04-11 09:02:15
1649667735642257000,68.1,1,68.0,2,68.2,32,2,2022-04-11 09:02:15
1649667735703746000,68.1,1,68.0,2,68.2,32,2,2022-04-11 09:02:15
1649667737193974000,68.0,14,67.9,25,68.1,2,2,2022-04-11 09:02:17
1649667737265775000,68.0,1,67.9,25,68.1,4,2,2022-04-11 09:02:17
1649667737676423000,68.1,2,67.9,25,68.1,2,1,2022-04-11 09:02:17
1649667737711492000,68.1,2,68.1,2,68.2,32,1,2022-04-11 09:02:17
1649667737746915000,68.1,2,67.9,25,68.2,32,2,2022-04-11 09:02:17
1649667737891548000,68.2,5,67.9,25,68.2,25,1,2022-04-11 09:02:17
1649667738374770000,68.0,2,67.9,26,68.2,25,2,2022-04-11 09:02:18
1649667739419830000,68.0,2,68.0,2,68.1,11,2,2022-04-11 09:02:19
1649667739665483000,68.1,1,68.0,2,68.1,10,1,2022-04-11 09:02:19
1649667739686302000,68.1,1,68.0,2,68.1,9,1,2022-04-11 09:02:19
1649667740823151000,68.0,1,68.0,4,68.1,13,2,2022-04-11 09:02:20
1649667740925082000,68.1,1,68.0,4,68.1,12,1,2022-04-11 09:02:20
1649667741726529000,68.1,1,68.0,9,68.1,12,1,2022-04-11 09:02:21
1649667742892290000,68.1,1,68.0,19,68.1,23,1,2022-04-11 09:02:22
1649667742916014000,68.1,20,68.0,19,68.1,3,1,2022-04-11 09:02:22
1649667743458316000,68.0,10,68.0,11,68.1,5,2,2022-04-11 09:02:23
1649667743761512000,68.1,1,68.0,11,68.1,5,1,2022-04-11 09:02:23
1649667743836575000,68.0,1,68.0,10,68.1,5,2,2022-04-11 09:02:23
1649667743971555000,68.0,1,68.0,9,68.1,5,2,2022-04-11 09:02:23
1649667744062926000,68.1,1,68.0,9,68.1,4,1,2022-04-11 09:02:24
1649667744458860000,68.0,9,68.0,2,68.1,6,2,2022-04-11 09:02:24
1649667744464250000,68.0,1,68.0,1,68.1,7,2,2022-04-11 09:02:24
1649667744489558000,68.0,1,67.9,22,68.1,7,2,2022-04-11 09:02:24
1649667745305603000,68.0,2,67.9,22,68.1,4,1,2022-04-11 09:02:25
1649667745305603000,68.1,3,67.9,22,68.1,4,1,2022-04-11 09:02:25
1649667746172786000,68.0,2,67.9,42,68.1,6,2,2022-04-11 09:02:26
1649667746523575000,68.1,1,68.0,1,68.1,5,1,2022-04-11 09:02:26
1649667747472058000,68.0,2,67.9,43,68.1,10,2,2022-04-11 09:02:27
1649667747871733000,68.0,1,67.9,43,68.1,12,2,2022-04-11 09:02:27
1649667748153548000,68.0,1,67.9,43,68.1,12,1,2022-04-11 09:02:28
1649667748379411000,68.0,1,67.9,43,68.1,12,2,2022-04-11 09:02:28
1649667748486065000,68.1,1,67.9,43,68.1,11,1,2022-04-11 09:02:28
1649667748954690000,67.9,20,67.9,23,68.1,11,2,2022-04-11 09:02:28
1649667748982105000,67.9,9,67.9,14,68.0,1,2,2022-04-11 09:02:28
1649667749012014000,67.9,3,67.9,11,68.0,5,2,2022-04-11 09:02:29
1649667749016016000,67.9,1,67.9,10,68.0,5,2,2022-04-11 09:02:29
1649667749042655000,68.0,1,67.9,10,68.0,5,1,2022-04-11 09:02:29
1649667749273428000,68.0,3,67.9,10,68.0,3,1,2022-04-11 09:02:29
1649667749704449000,68.0,1,67.9,10,68.0,2,1,2022-04-11 09:02:29
1649667749815537000,68.0,1,67.9,10,68.0,2,1,2022-04-11 09:02:29
1649667750234729000,68.0,1,67.9,10,68.0,3,1,2022-04-11 09:02:30
1649667750891086000,68.0,1,67.9,14,68.0,4,1,2022-04-11 09:02:30
1649667751045159000,68.0,6,67.9,14,68.1,13,1,2022-04-11 09:02:31
1649667751045159000,68.1,4,67.9,14,68.1,13,1,2022-04-11 09:02:31
1649667751291630000,68.1,1,67.9,14,68.1,13,1,2022-04-11 09:02:31
1649667752121380000,67.9,14,67.8,88,68.0,10,2,2022-04-11 09:02:32
1649667752121380000,67.8,6,67.8,88,68.0,10,2,2022-04-11 09:02:32
1649667752121520000,67.8,20,67.8,68,68.0,10,2,2022-04-11 09:02:32
1649667752340967000,67.8,40,67.8,28,67.9,6,2,2022-04-11 09:02:32
1649667752341188000,67.8,20,67.8,8,67.9,6,2,2022-04-11 09:02:32
1649667752378767000,67.8,8,67.7,19,67.9,6,2,2022-04-11 09:02:32
1649667753238174000,67.8,4,67.7,19,67.9,9,1,2022-04-11 09:02:33
1649667753336743000,67.9,1,67.7,19,67.9,8,1,2022-04-11 09:02:33
1649667753410649000,67.9,2,67.7,19,67.9,6,1,2022-04-11 09:02:33
1649667753849212000,67.8,1,67.7,19,67.9,6,2,2022-04-11 09:02:33
1649667754226937000,67.8,1,67.8,1,67.9,6,1,2022-04-11 09:02:34
1649667754254306000,67.8,1,67.7,19,67.9,6,2,2022-04-11 09:02:34
1649667754748066000,67.9,5,67.7,19,67.9,1,1,2022-04-11 09:02:34
1649667754822803000,67.9,1,67.7,19,68.0,16,1,2022-04-11 09:02:34
1649667754847413000,67.9,2,67.7,19,67.8,1,2,2022-04-11 09:02:34
1649667755150448000,67.8,1,67.7,19,68.0,15,1,2022-04-11 09:02:35
1649667755150448000,68.0,1,67.7,19,68.0,15,1,2022-04-11 09:02:35
1649667755982355000,67.8,1,67.7,19,68.0,17,2,2022-04-11 09:02:35
1649667756239740000,67.7,20,67.6,54,67.9,11,2,2022-04-11 09:02:36
1649667756348432000,67.6,5,67.6,49,67.8,2,2,2022-04-11 09:02:36
1649667756365333000,67.6,20,67.6,29,67.8,2,2,2022-04-11 09:02:36
1649667756407484000,67.7,1,67.6,29,67.7,2,1,2022-04-11 09:02:36
1649667756424348000,67.6,20,67.6,9,67.7,2,2,2022-04-11 09:02:36
1649667756425221000,67.6,9,67.5,18,67.7,2,2,2022-04-11 09:02:36
1649667756425221000,67.5,31,67.5,18,67.7,2,2,2022-04-11 09:02:36
1649667756771438000,67.6,1,67.5,18,67.6,1,1,2022-04-11 09:02:36
1649667757002264000,67.6,1,67.5,24,67.7,6,1,2022-04-11 09:02:37
1649667757200854000,67.5,2,67.5,22,67.7,5,2,2022-04-11 09:02:37
1649667757426785000,67.5,2,67.5,20,67.7,5,2,2022-04-11 09:02:37
1649667758238990000,67.6,1,67.5,20,67.7,1,1,2022-04-11 09:02:38
1649667758238990000,67.7,4,67.5,20,67.7,1,1,2022-04-11 09:02:38
1649667759032338000,67.7,1,67.5,20,67.8,5,1,2022-04-11 09:02:39
1649667759919400000,67.7,1,67.5,20,67.8,5,1,2022-04-11 09:02:39
1649667760439728000,67.5,1,67.5,19,67.7,10,2,2022-04-11 09:02:40
1649667760549233000,67.7,1,67.5,20,67.7,9,1,2022-04-11 09:02:40
1649667762096440000,67.5,1,67.5,21,67.7,9,2,2022-04-11 09:02:42
1649667762620372000,67.7,1,67.5,22,67.7,9,1,2022-04-11 09:02:42
1649667763048857000,67.7,5,67.6,1,67.7,4,1,2022-04-11 09:02:43
1649667763877654000,67.6,2,67.5,18,67.7,4,2,2022-04-11 09:02:43
1649667763877654000,67.5,8,67.5,18,67.7,4,2,2022-04-11 09:02:43
1649667764200040000,67.6,1,67.5,27,67.7,7,1,2022-04-11 09:02:44
1649667764920607000,67.6,1,67.5,18,67.7,7,2,2022-04-11 09:02:44
1649667764920607000,67.5,9,67.5,18,67.7,7,2,2022-04-11 09:02:44
1649667765540648000,67.5,10,67.5,13,67.7,7,2,2022-04-11 09:02:45
1649667765606269000,67.6,2,67.5,13,67.8,4,1,2022-04-11 09:02:45
1649667765606269000,67.7,8,67.5,13,67.8,4,1,2022-04-11 09:02:45
1649667765606269000,67.8,10,67.5,13,67.8,4,1,2022-04-11 09:02:45
1649667765685856000,67.7,1,67.5,15,67.8,5,2,2022-04-11 09:02:45
1649667766330751000,67.8,2,67.6,1,67.8,3,1,2022-04-11 09:02:46
1649667766878586000,67.8,1,67.6,1,67.8,1,1,2022-04-11 09:02:46
1649667769941824000,67.6,2,67.6,13,67.8,1,2,2022-04-11 09:02:49
1649667770832726000,67.8,1,67.6,14,67.9,11,1,2022-04-11 09:02:50
1649667770892937000,67.6,2,67.6,12,67.9,11,2,2022-04-11 09:02:50
1649667771862201000,67.6,1,67.6,12,67.7,3,2,2022-04-11 09:02:51
1649667773137316000,67.6,1,67.6,13,67.7,4,2,2022-04-11 09:02:53
1649667773573846000,67.7,1,67.6,13,67.7,3,1,2022-04-11 09:02:53
1649667774000952000,67.7,1,67.6,13,67.7,2,1,2022-04-11 09:02:54
1649667774220637000,67.7,1,67.6,13,67.7,1,1,2022-04-11 09:02:54
1649667774244850000,67.7,1,67.6,14,67.8,12,1,2022-04-11 09:02:54
1649667774858729000,67.8,2,67.6,16,67.8,15,1,2022-04-11 09:02:54
1649667775634887000,67.6,1,67.6,16,67.8,16,2,2022-04-11 09:02:55
1649667775953867000,67.6,5,67.6,10,67.8,16,2,2022-04-11 09:02:55
1649667776061770000,67.6,1,67.6,9,67.7,1,2,2022-04-11 09:02:56
1649667777813881000,67.6,5,67.6,4,67.7,1,2,2022-04-11 09:02:57
1649667778115150000,67.7,1,67.6,4,67.8,16,1,2022-04-11 09:02:58
1649667778172188000,67.8,1,67.6,4,67.8,15,1,2022-04-11 09:02:58
1649667778495472000,67.7,1,67.6,4,67.8,15,1,2022-04-11 09:02:58
1649667779179358000,67.8,10,67.6,4,67.8,5,1,2022-04-11 09:02:59
1649667779761682000,67.7,1,67.6,10,67.8,5,1,2022-04-11 09:02:59
1649667780676573000,67.7,4,67.6,9,67.9,13,1,2022-04-11 09:03:00
1649667780676573000,67.8,5,67.6,9,67.9,13,1,2022-04-11 09:03:00
1649667780676573000,67.9,1,67.6,9,67.9,13,1,2022-04-11 09:03:00
1649667783816718000,67.8,1,67.7,13,67.9,14,1,2022-04-11 09:03:03
1649667783891931000,67.9,1,67.7,13,67.9,11,1,2022-04-11 09:03:03
1649667783965196000,67.7,1,67.7,13,67.9,11,2,2022-04-11 09:03:03
1649667784908967000,67.9,3,67.7,12,67.9,8,1,2022-04-11 09:03:04
1649667785027944000,67.9,1,67.7,13,67.9,7,1,2022-04-11 09:03:05
1649667785301719000,67.7,2,67.7,12,67.9,7,2,2022-04-11 09:03:05
1649667786922424000,67.7,1,67.7,13,67.9,10,2,2022-04-11 09:03:06
1649667787034355000,67.9,3,67.7,12,67.9,7,1,2022-04-11 09:03:07
1649667787052318000,67.9,7,67.7,12,68.0,33,1,2022-04-11 09:03:07
1649667787052318000,68.0,3,67.7,12,68.0,33,1,2022-04-11 09:03:07
1649667788064039000,67.8,1,67.8,5,68.0,32,2,2022-04-11 09:03:08
1649667788490401000,67.8,3,67.8,2,68.0,33,2,2022-04-11 09:03:08
1649667789257788000,67.9,1,67.8,5,68.0,33,2,2022-04-11 09:03:09
1649667789320607000,68.0,1,67.8,5,68.0,31,1,2022-04-11 09:03:09
1649667790370519000,67.9,2,67.8,6,67.9,8,1,2022-04-11 09:03:10
1649667791229414000,67.9,5,67.8,7,67.9,3,1,2022-04-11 09:03:11
1649667791267312000,67.9,2,67.8,8,67.9,1,1,2022-04-11 09:03:11
1649667791303583000,67.8,1,67.8,7,67.9,1,2,2022-04-11 09:03:11
1649667791470718000,67.9,1,67.8,7,68.0,32,1,2022-04-11 09:03:11
1649667792236463000,68.0,6,67.9,5,68.0,28,1,2022-04-11 09:03:12
1649667792889040000,67.9,1,67.9,4,68.0,28,2,2022-04-11 09:03:12
1649667793043068000,67.9,1,67.9,3,68.0,28,2,2022-04-11 09:03:13
1649667793601713000,67.9,1,67.9,3,68.0,28,2,2022-04-11 09:03:13
1649667794873517000,67.9,1,67.9,8,68.0,28,2,2022-04-11 09:03:14
1649667794886810000,67.9,3,67.9,5,68.0,28,2,2022-04-11 09:03:14
1649667795037867000,68.0,1,67.9,5,68.0,27,1,2022-04-11 09:03:15
1649667795462500000,68.0,1,67.9,5,68.0,26,1,2022-04-11 09:03:15
1649667795518434000,68.0,1,67.9,5,68.0,25,1,2022-04-11 09:03:15
1649667795921751000,68.0,1,67.9,5,68.0,24,1,2022-04-11 09:03:15
1649667795936509000,68.0,10,67.9,5,68.0,14,1,2022-04-11 09:03:15
1649667796622090000,68.0,1,67.9,5,68.0,15,1,2022-04-11 09:03:16
1649667797894698000,67.9,1,67.9,5,68.0,17,2,2022-04-11 09:03:17
1649667798593065000,68.0,1,67.9,5,68.0,21,1,2022-04-11 09:03:18
1649667799997319000,68.0,1,67.9,5,68.0,21,1,2022-04-11 09:03:19
1649667800007387000,67.9,1,67.9,4,68.0,21,2,2022-04-11 09:03:20
1649667800383327000,67.9,5,67.8,11,68.0,22,2,2022-04-11 09:03:20
1649667800407120000,68.0,2,67.8,11,68.0,20,1,2022-04-11 09:03:20
1649667801717612000,68.0,2,67.9,4,68.0,29,1,2022-04-11 09:03:21
1649667802831806000,68.0,5,67.9,11,68.0,26,1,2022-04-11 09:03:22
1649667803126316000,68.0,2,67.9,11,68.0,24,1,2022-04-11 09:03:23
1649667803453314000,67.9,2,67.9,9,68.0,24,2,2022-04-11 09:03:23
1649667803777154000,67.9,1,67.9,8,68.0,24,2,2022-04-11 09:03:23
1649667803847192000,68.0,1,67.9,8,68.0,23,1,2022-04-11 09:03:23
1649667804705637000,68.0,10,67.9,8,68.0,14,1,2022-04-11 09:03:24
1649667804721286000,68.0,2,67.9,8,68.0,12,1,2022-04-11 09:03:24
1649667804773461000,68.0,5,67.9,9,68.0,7,1,2022-04-11 09:03:24
1649667804786736000,68.0,1,67.9,9,68.0,6,1,2022-04-11 09:03:24
1649667804918665000,68.0,1,67.9,9,68.0,5,1,2022-04-11 09:03:24
1649667805250784000,68.0,3,67.9,9,68.0,2,1,2022-04-11 09:03:25
1649667805517524000,68.0,1,67.9,10,68.0,1,1,2022-04-11 09:03:25
1649667805547987000,68.0,1,67.9,10,68.1,26,1,2022-04-11 09:03:25
1649667806462706000,68.1,1,68.0,2,68.1,23,1,2022-04-11 09:03:26
1649667806476674000,68.0,1,68.0,1,68.1,23,2,2022-04-11 09:03:26
1649667806513127000,68.1,1,68.0,1,68.1,22,1,2022-04-11 09:03:26
1649667807042188000,68.0,1,68.0,3,68.1,22,2,2022-04-11 09:03:27
1649667807050393000,68.0,2,68.0,1,68.1,22,2,2022-04-11 09:03:27
1649667807608387000,68.0,1,67.9,13,68.0,4,2,2022-04-11 09:03:27
1649667808336518000,68.0,1,67.9,14,68.0,3,1,2022-04-11 09:03:28
1649667808461290000,68.0,1,67.9,14,68.0,2,1,2022-04-11 09:03:28
1649667808489748000,68.0,1,67.9,14,68.0,1,1,2022-04-11 09:03:28
1649667808602931000,67.9,1,67.9,13,68.0,1,2,2022-04-11 09:03:28
1649667808645353000,68.0,1,68.0,27,68.1,22,1,2022-04-11 09:03:28
1649667809976222000,68.1,2,68.0,27,68.1,20,1,2022-04-11 09:03:29
1649667810389077000,68.0,1,68.0,28,68.1,30,2,2022-04-11 09:03:30
1649667810626529000,68.0,2,68.0,28,68.1,30,2,2022-04-11 09:03:30
1649667810893696000,68.1,2,68.0,28,68.1,28,1,2022-04-11 09:03:30
1649667811967484000,68.1,1,68.0,28,68.1,28,1,2022-04-11 09:03:31
1649667812772713000,68.0,1,68.0,27,68.1,28,2,2022-04-11 09:03:32
1649667812774422000,68.0,2,68.0,25,68.1,28,2,2022-04-11 09:03:32
1649667812823418000,68.0,25,67.9,14,68.1,28,2,2022-04-11 09:03:32
1649667812877503000,68.1,1,67.9,14,68.1,27,1,2022-04-11 09:03:32
1649667814278655000,68.0,2,67.9,15,68.0,6,1,2022-04-11 09:03:34
1649667814711968000,67.9,11,67.9,4,68.0,6,2,2022-04-11 09:03:34
1649667814751403000,67.9,4,67.8,8,68.0,6,2,2022-04-11 09:03:34
1649667814799857000,67.9,1,67.8,8,68.0,7,1,2022-04-11 09:03:34
1649667814799857000,68.0,1,67.8,8,68.0,7,1,2022-04-11 09:03:34
1649667816648265000,67.9,1,67.8,10,68.0,14,1,2022-04-11 09:03:36
1649667817839756000,67.8,1,67.8,9,67.9,3,2,2022-04-11 09:03:37
1649667817938850000,67.9,2,67.8,9,67.9,1,1,2022-04-11 09:03:37
1649667819623027000,67.9,1,67.8,10,68.0,14,1,2022-04-11 09:03:39
1649667819679775000,68.0,1,67.8,10,68.0,13,1,2022-04-11 09:03:39
1649667819910279000,67.8,1,67.8,9,68.0,13,2,2022-04-11 09:03:39
1649667820299928000,67.9,1,67.8,9,68.0,20,1,2022-04-11 09:03:40
1649667820639619000,67.9,2,67.9,8,68.0,19,2,2022-04-11 09:03:40
1649667822132776000,67.9,2,67.9,7,68.0,19,2,2022-04-11 09:03:42
1649667822169064000,67.9,1,67.9,6,68.0,19,2,2022-04-11 09:03:42
1649667823002903000,68.0,5,67.9,6,68.0,16,1,2022-04-11 09:03:43
1649667823365558000,68.0,1,67.9,6,68.0,15,1,2022-04-11 09:03:43
1649667823380300000,67.9,1,67.9,5,68.0,15,2,2022-04-11 09:03:43
1649667824152323000,68.0,5,67.9,6,68.0,21,1,2022-04-11 09:03:44
1649667825406288000,68.0,1,67.9,6,68.0,20,1,2022-04-11 09:03:45
1649667825406849000,67.9,1,67.9,5,68.0,20,2,2022-04-11 09:03:45
1649667825467631000,67.9,1,67.9,4,68.0,30,2,2022-04-11 09:03:45
1649667826600599000,67.9,4,67.9,3,68.0,50,2,2022-04-11 09:03:46
1649667826633547000,67.9,1,67.9,2,68.0,50,2,2022-04-11 09:03:46
1649667826634392000,67.9,1,67.9,1,68.0,50,2,2022-04-11 09:03:46
1649667826669211000,67.9,1,67.8,38,68.0,50,2,2022-04-11 09:03:46
1649667826853493000,67.9,1,67.8,38,68.0,50,2,2022-04-11 09:03:46
1649667827078631000,67.9,1,67.8,38,67.9,1,1,2022-04-11 09:03:47
1649667827184106000,67.9,1,67.8,38,68.0,49,1,2022-04-11 09:03:47
1649667827184106000,68.0,1,67.8,38,68.0,49,1,2022-04-11 09:03:47
1649667827211990000,68.0,1,67.8,38,68.0,48,1,2022-04-11 09:03:47
1649667827458151000,67.8,10,67.8,28,67.9,1,2,2022-04-11 09:03:47
1649667827657518000,67.8,26,67.8,2,67.9,6,2,2022-04-11 09:03:47
1649667827676846000,67.9,1,67.8,2,67.9,5,1,2022-04-11 09:03:47
1649667827677956000,67.8,2,67.7,49,67.9,6,2,2022-04-11 09:03:47
1649667827696284000,67.8,1,67.7,49,67.9,8,1,2022-04-11 09:03:47
1649667827841211000,67.8,1,67.7,49,67.9,4,1,2022-04-11 09:03:47
1649667827841211000,67.9,4,67.7,49,67.9,4,1,2022-04-11 09:03:47
1649667828392065000,67.9,3,67.8,1,67.9,2,1,2022-04-11 09:03:48
1649667829846318000,67.9,1,67.8,2,67.9,13,1,2022-04-11 09:03:49
1649667831582404000,67.9,1,67.8,7,67.9,21,1,2022-04-11 09:03:51
1649667831649489000,67.9,1,67.8,7,67.9,20,1,2022-04-11 09:03:51
1649667831667252000,67.9,1,67.8,7,67.9,19,1,2022-04-11 09:03:51
1649667832506466000,67.9,1,67.8,7,67.9,18,1,2022-04-11 09:03:52
1649667832803658000,67.8,7,67.7,55,67.8,3,2,2022-04-11 09:03:52
1649667832869037000,67.8,1,67.7,55,67.8,2,1,2022-04-11 09:03:52
1649667833268490000,67.8,1,67.7,55,67.8,1,1,2022-04-11 09:03:53
1649667833784032000,67.8,1,67.8,9,67.9,18,1,2022-04-11 09:03:53
1649667834057074000,67.9,1,67.8,9,67.9,17,1,2022-04-11 09:03:54
1649667834081057000,67.9,1,67.8,10,67.9,16,1,2022-04-11 09:03:54
1649667834431751000,67.9,10,67.8,10,67.9,6,1,2022-04-11 09:03:54
1649667834577840000,67.9,1,67.8,10,67.9,5,1,2022-04-11 09:03:54
1649667835390048000,67.9,1,67.8,11,67.9,4,1,2022-04-11 09:03:55
1649667835879119000,67.8,5,67.8,6,67.9,4,2,2022-04-11 09:03:55
1649667837442206000,67.9,1,67.8,13,67.9,3,1,2022-04-11 09:03:57
1649667838012664000,67.8,8,67.8,6,67.9,3,2,2022-04-11 09:03:58
1649667838047249000,67.8,1,67.8,5,67.9,3,2,2022-04-11 09:03:58
1649667838900402000,67.9,1,67.8,5,67.9,4,1,2022-04-11 09:03:58
1649667839009149000,67.9,1,67.8,5,67.9,3,1,2022-04-11 09:03:59
1649667843089141000,67.8,2,67.8,10,67.9,11,2,2022-04-11 09:04:03
1649667843425745000,67.9,1,67.8,10,67.9,10,1,2022-04-11 09:04:03
1649667843879061000,67.9,1,67.8,16,67.9,11,1,2022-04-11 09:04:03
1649667843996577000,67.9,1,67.8,16,67.9,10,1,2022-04-11 09:04:03
1649667845316901000,67.9,1,67.8,20,67.9,17,1,2022-04-11 09:04:05
1649667845616489000,67.9,1,67.8,20,67.9,16,1,2022-04-11 09:04:05
1649667845818762000,67.9,1,67.8,20,67.9,15,1,2022-04-11 09:04:05
1649667846479011000,67.9,1,67.8,22,67.9,14,1,2022-04-11 09:04:06
1649667846971300000,67.8,5,67.8,17,67.9,17,2,2022-04-11 09:04:06
1649667847358360000,67.9,1,67.8,17,67.9,16,1,2022-04-11 09:04:07
1649667847442711000,67.9,2,67.8,17,67.9,14,1,2022-04-11 09:04:07
1649667848518056000,67.8,2,67.8,17,67.9,14,2,2022-04-11 09:04:08
1649667849094738000,67.9,1,67.8,19,67.9,13,1,2022-04-11 09:04:09
1649667849831329000,67.8,2,67.8,17,67.9,13,2,2022-04-11 09:04:09
1649667851034397000,67.9,1,67.8,18,67.9,14,1,2022-04-11 09:04:11
1649667851209757000,67.9,1,67.8,18,67.9,13,1,2022-04-11 09:04:11
1649667852110375000,67.9,2,67.8,18,67.9,11,1,2022-04-11 09:04:12
1649667852489394000,67.9,1,67.8,18,67.9,10,1,2022-04-11 09:04:12
1649667852573267000,67.9,5,67.8,18,67.9,5,1,2022-04-11 09:04:12
1649667852882482000,67.9,1,67.8,18,67.9,4,1,2022-04-11 09:04:12
1649667853739357000,67.9,1,67.8,23,67.9,3,1,2022-04-11 09:04:13
1649667854191777000,67.9,1,67.8,23,67.9,3,1,2022-04-11 09:04:14
1649667855291559000,67.9,1,67.8,24,67.9,12,1,2022-04-11 09:04:15
1649667855416241000,67.9,1,67.8,25,67.9,21,1,2022-04-11 09:04:15
1649667855630661000,67.9,1,67.8,25,67.9,20,1,2022-04-11 09:04:15
1649667856839562000,67.8,5,67.8,19,67.9,20,2,2022-04-11 09:04:16
1649667856967046000,67.9,1,67.8,19,67.9,19,1,2022-04-11 09:04:16
1649667857231139000,67.9,1,67.8,19,67.9,19,1,2022-04-11 09:04:17
1649667857801662000,67.8,1,67.8,18,67.9,21,2,2022-04-11 09:04:17
1649667857831008000,67.8,18,67.7,69,67.9,21,2,2022-04-11 09:04:17
1649667858750623000,67.9,1,67.7,69,67.9,30,1,2022-04-11 09:04:18
1649667858845855000,67.9,2,67.7,69,67.9,29,1,2022-04-11 09:04:18
1649667859329971000,67.9,2,67.7,69,67.9,27,1,2022-04-11 09:04:19
1649667859864583000,67.9,1,67.7,69,67.9,32,1,2022-04-11 09:04:19
1649667860715651000,67.9,5,67.7,69,67.9,31,1,2022-04-11 09:04:20
1649667861149518000,67.9,5,67.8,1,67.9,26,1,2022-04-11 09:04:21
1649667861155271000,67.8,1,67.7,69,67.9,26,2,2022-04-11 09:04:21
1649667861228311000,67.8,1,67.7,69,67.9,26,1,2022-04-11 09:04:21
1649667861421757000,67.9,1,67.7,69,67.9,24,1,2022-04-11 09:04:21
1649667862947281000,67.7,20,67.7,50,67.9,27,2,2022-04-11 09:04:22
1649667862975528000,67.7,10,67.7,40,67.9,27,2,2022-04-11 09:04:22
1649667862985764000,67.7,20,67.7,20,67.9,27,2,2022-04-11 09:04:22
1649667862986468000,67.7,20,67.6,21,67.9,27,2,2022-04-11 09:04:22
1649667862987644000,67.6,21,67.5,39,67.9,27,2,2022-04-11 09:04:22
1649667862987644000,67.5,19,67.5,39,67.9,27,2,2022-04-11 09:04:22
1649667863048564000,67.7,1,67.6,3,67.8,9,1,2022-04-11 09:04:23
1649667863048564000,67.8,4,67.6,3,67.8,9,1,2022-04-11 09:04:23
1649667863059063000,67.6,3,67.5,39,67.8,10,2,2022-04-11 09:04:23
1649667863066407000,67.8,1,67.5,39,67.8,9,1,2022-04-11 09:04:23
1649667863100205000,67.5,1,67.5,38,67.7,2,2,2022-04-11 09:04:23
1649667865326710000,67.7,1,67.6,1,67.7,5,1,2022-04-11 09:04:25
1649667867413642000,67.6,3,67.5,11,67.7,4,2,2022-04-11 09:04:27
1649667867413642000,67.5,27,67.5,11,67.7,4,2,2022-04-11 09:04:27
1649667870090876000,67.6,3,67.6,2,67.7,6,1,2022-04-11 09:04:30
1649667870339570000,67.6,1,67.6,1,67.7,6,2,2022-04-11 09:04:30
1649667870367247000,67.6,1,67.5,13,67.7,6,2,2022-04-11 09:04:30
1649667872272570000,67.6,4,67.5,12,67.7,25,2,2022-04-11 09:04:32
1649667872272570000,67.5,6,67.5,12,67.7,25,2,2022-04-11 09:04:32
1649667872428997000,67.5,1,67.5,11,67.7,25,2,2022-04-11 09:04:32
1649667873343763000,67.6,1,67.5,13,67.7,25,1,2022-04-11 09:04:33
1649667873399977000,67.7,1,67.5,13,67.7,24,1,2022-04-11 09:04:33
1649667873400143000,67.5,1,67.5,12,67.7,24,2,2022-04-11 09:04:33
1649667874023730000,67.5,2,67.5,10,67.7,24,2,2022-04-11 09:04:34
1649667875132487000,67.5,1,67.5,10,67.6,1,2,2022-04-11 09:04:35
1649667875651106000,67.5,6,67.5,4,67.6,2,2,2022-04-11 09:04:35
1649667875658394000,67.6,1,67.5,4,67.6,1,1,2022-04-11 09:04:35
1649667877128268000,67.6,1,67.5,4,67.6,4,1,2022-04-11 09:04:37
1649667877647075000,67.5,1,67.5,3,67.6,5,2,2022-04-11 09:04:37
1649667878479708000,67.6,1,67.5,8,67.6,6,1,2022-04-11 09:04:38
1649667878896905000,67.5,1,67.5,7,67.6,6,2,2022-04-11 09:04:38
1649667880034848000,67.5,1,67.5,9,67.6,6,2,2022-04-11 09:04:40
1649667881868499000,67.5,4,67.5,9,67.6,6,2,2022-04-11 09:04:41
1649667882247583000,67.6,2,67.5,11,67.6,4,1,2022-04-11 09:04:42
1649667882843781000,67.6,1,67.5,11,67.6,3,1,2022-04-11 09:04:42
1649667883886611000,67.5,11,67.4,39,67.5,9,2,2022-04-11 09:04:43
1649667883920718000,67.5,9,67.4,38,67.6,3,1,2022-04-11 09:04:43
1649667884352095000,67.5,2,67.4,38,67.5,3,1,2022-04-11 09:04:44
1649667884385309000,67.5,3,67.4,38,67.6,3,1,2022-04-11 09:04:44
1649667884453331000,67.6,1,67.4,38,67.6,2,1,2022-04-11 09:04:44
1649667884971911000,67.5,2,67.4,38,67.5,2,1,2022-04-11 09:04:44
1649667885001349000,67.4,1,67.4,37,67.5,2,2,2022-04-11 09:04:45
1649667885204430000,67.5,2,67.6,1,67.7,27,1,2022-04-11 09:04:45
1649667885204430000,67.6,2,67.6,1,67.7,27,1,2022-04-11 09:04:45
1649667885213147000,67.6,1,67.4,8,67.7,27,2,2022-04-11 09:04:45
1649667885213147000,67.4,29,67.4,8,67.7,27,2,2022-04-11 09:04:45
1649667887258658000,67.5,4,67.5,12,67.6,4,2,2022-04-11 09:04:47
1649667887394621000,67.5,1,67.5,16,67.6,4,2,2022-04-11 09:04:47
1649667887840231000,67.5,3,67.5,14,67.6,6,2,2022-04-11 09:04:47
1649667888121651000,67.5,10,67.5,4,67.6,8,2,2022-04-11 09:04:48
1649667888156914000,67.5,4,67.4,11,67.6,8,2,2022-04-11 09:04:48
1649667889025444000,67.5,1,67.4,9,67.5,9,1,2022-04-11 09:04:49
1649667889485275000,67.5,9,67.4,9,67.6,8,1,2022-04-11 09:04:49
1649667889485275000,67.6,1,67.4,9,67.6,8,1,2022-04-11 09:04:49
1649667890425379000,67.5,1,67.5,4,67.6,15,2,2022-04-11 09:04:50
1649667890447527000,67.5,4,67.4,9,67.6,15,2,2022-04-11 09:04:50
1649667891908389000,67.4,1,67.4,8,67.5,10,2,2022-04-11 09:04:51
1649667894507018000,67.4,4,67.4,21,67.5,12,2,2022-04-11 09:04:54
1649667894546553000,67.4,1,67.4,20,67.5,12,2,2022-04-11 09:04:54
1649667894573583000,67.5,2,67.4,20,67.5,10,1,2022-04-11 09:04:54
1649667894753450000,67.4,1,67.4,19,67.5,10,2,2022-04-11 09:04:54
1649667895064852000,67.4,1,67.4,19,67.5,20,2,2022-04-11 09:04:55
1649667896124244000,67.5,1,67.4,18,67.5,25,1,2022-04-11 09:04:56
1649667896181025000,67.4,2,67.4,16,67.5,25,2,2022-04-11 09:04:56
1649667896372674000,67.5,1,67.4,16,67.5,24,1,2022-04-11 09:04:56
1649667897300687000,67.4,1,67.4,15,67.5,29,2,2022-04-11 09:04:57
1649667897441138000,67.4,3,67.4,12,67.5,30,2,2022-04-11 09:04:57
1649667898526331000,67.4,1,67.4,11,67.5,31,2,2022-04-11 09:04:58
1649667899005727000,67.4,3,67.4,8,67.5,31,2,2022-04-11 09:04:59
1649667899032039000,67.4,1,67.4,7,67.5,31,2,2022-04-11 09:04:59
1649667899061204000,67.4,1,67.4,6,67.5,31,2,2022-04-11 09:04:59
1649667899075081000,67.4,1,67.4,5,67.5,31,2,2022-04-11 09:04:59
1649667899486794000,67.4,2,67.4,3,67.5,31,2,2022-04-11 09:04:59
1649667899489006000,67.4,2,67.4,1,67.5,31,2,2022-04-11 09:04:59
1649667899509835000,67.4,1,67.3,18,67.5,31,2,2022-04-11 09:04:59
1649667901963155000,67.4,1,67.3,18,67.4,3,1,2022-04-11 09:05:01
1649667902160530000,67.3,1,67.3,17,67.4,3,2,2022-04-11 09:05:02
1649667902270758000,67.4,2,67.3,17,67.4,3,1,2022-04-11 09:05:02
1649667902459477000,67.3,3,67.3,14,67.4,3,2,2022-04-11 09:05:02
1649667902870209000,67.3,5,67.3,10,67.4,4,2,2022-04-11 09:05:02
1649667903069596000,67.3,2,67.3,8,67.4,10,2,2022-04-11 09:05:03
1649667903105505000,67.3,1,67.3,7,67.4,11,2,2022-04-11 09:05:03
1649667903546489000,67.3,2,67.3,5,67.4,11,2,2022-04-11 09:05:03
1649667904009885000,67.3,2,67.3,3,67.4,11,2,2022-04-11 09:05:04
1649667904150809000,67.3,3,67.2,30,67.3,7,2,2022-04-11 09:05:04
1649667904557141000,67.3,5,67.2,30,67.3,14,1,2022-04-11 09:05:04
1649667904747605000,67.2,2,67.2,28,67.3,16,2,2022-04-11 09:05:04
1649667904929442000,67.3,1,67.2,28,67.3,15,1,2022-04-11 09:05:04
1649667905041157000,67.3,1,67.2,28,67.3,34,1,2022-04-11 09:05:05
1649667905712545000,67.2,28,67.1,40,67.3,35,2,2022-04-11 09:05:05
1649667905979226000,67.1,1,67.1,39,67.2,4,2,2022-04-11 09:05:05
1649667906004443000,67.2,2,67.1,39,67.2,2,1,2022-04-11 09:05:06
1649667906047198000,67.1,1,67.1,38,67.2,2,2,2022-04-11 09:05:06
1649667906300294000,67.2,1,67.1,38,67.2,1,1,2022-04-11 09:05:06
1649667907752545000,67.1,2,67.1,36,67.2,1,2,2022-04-11 09:05:07
1649667908167682000,67.2,1,67.1,36,67.3,32,1,2022-04-11 09:05:08
1649667908167682000,67.3,2,67.1,36,67.3,32,1,2022-04-11 09:05:08
1649667908288536000,67.1,13,67.1,23,67.3,32,2,2022-04-11 09:05:08
1649667908318031000,67.1,11,67.1,12,67.3,32,2,2022-04-11 09:05:08
1649667908994001000,67.1,1,67.1,11,67.2,14,2,2022-04-11 09:05:08
1649667909418338000,67.1,12,67.0,87,67.2,15,2,2022-04-11 09:05:09
1649667909677412000,67.1,2,67.0,86,67.1,8,2,2022-04-11 09:05:09
1649667909876417000,67.1,5,67.0,88,67.1,3,1,2022-04-11 09:05:09
1649667910016846000,67.0,1,67.0,87,67.1,13,2,2022-04-11 09:05:10
1649667910394480000,67.1,1,67.0,87,67.1,13,1,2022-04-11 09:05:10
1649667910654063000,67.0,10,67.0,77,67.1,13,2,2022-04-11 09:05:10
1649667911300266000,67.0,4,67.0,73,67.1,23,2,2022-04-11 09:05:11
1649667911390565000,67.1,1,67.0,73,67.1,22,1,2022-04-11 09:05:11
1649667911407325000,67.1,1,67.0,73,67.1,21,1,2022-04-11 09:05:11
1649667911413590000,67.0,3,67.0,70,67.1,21,2,2022-04-11 09:05:11
1649667911521900000,67.1,1,67.0,70,67.1,20,1,2022-04-11 09:05:11
1649667912222308000,67.0,2,67.0,68,67.1,22,2,2022-04-11 09:05:12
1649667913445221000,67.0,1,67.0,77,67.1,29,2,2022-04-11 09:05:13
1649667913470781000,67.0,1,67.0,76,67.1,29,2,2022-04-11 09:05:13
1649667913747196000,67.0,2,67.0,74,67.1,30,2,2022-04-11 09:05:13
1649667914896647000,67.0,1,67.0,79,67.1,32,2,2022-04-11 09:05:14
1649667914916328000,67.0,1,67.0,78,67.1,32,2,2022-04-11 09:05:14
1649667915295713000,67.1,1,67.0,80,67.1,31,1,2022-04-11 09:05:15
1649667915302395000,67.0,5,67.0,75,67.1,31,2,2022-04-11 09:05:15
1649667915807586000,67.0,10,67.0,65,67.1,31,2,2022-04-11 09:05:15
1649667915918702000,67.1,10,67.0,65,67.1,21,1,2022-04-11 09:05:15
1649667915987466000,67.0,10,67.0,55,67.1,21,2,2022-04-11 09:05:15
1649667916457228000,67.0,10,67.0,45,67.1,22,2,2022-04-11 09:05:16
1649667916466195000,67.0,10,67.0,35,67.1,22,2,2022-04-11 09:05:16
1649667916486216000,67.0,1,67.0,34,67.1,22,2,2022-04-11 09:05:16
1649667916496904000,67.0,1,67.0,33,67.1,22,2,2022-04-11 09:05:16
1649667916531059000,67.0,1,67.0,32,67.1,22,2,2022-04-11 09:05:16
1649667916592787000,67.0,10,67.0,22,67.1,22,2,2022-04-11 09:05:16
1649667916620515000,67.0,1,67.0,21,67.1,22,2,2022-04-11 09:05:16
1649667916746533000,67.0,5,67.0,17,67.1,22,2,2022-04-11 09:05:16
1649667916824035000,67.0,2,67.0,15,67.1,22,2,2022-04-11 09:05:16
1649667916943564000,67.0,2,67.0,14,67.1,22,2,2022-04-11 09:05:16
1649667917046637000,67.0,3,67.0,16,67.1,22,2,2022-04-11 09:05:17
1649667917098400000,67.0,2,67.0,14,67.1,22,2,2022-04-11 09:05:17
1649667917190477000,67.0,5,67.0,10,67.1,22,2,2022-04-11 09:05:17
1649667917280545000,67.0,10,66.9,18,67.1,22,2,2022-04-11 09:05:17
1649667917334993000,66.9,1,66.9,19,67.0,21,2,2022-04-11 09:05:17
1649667917478369000,66.9,3,66.9,16,67.0,25,2,2022-04-11 09:05:17
1649667918659244000,66.9,1,66.9,13,67.0,48,2,2022-04-11 09:05:18
1649667918689783000,66.9,1,66.9,12,67.0,48,2,2022-04-11 09:05:18
1649667918775307000,66.9,1,66.9,11,67.0,48,2,2022-04-11 09:05:18
1649667919001103000,66.9,1,66.9,10,67.0,48,2,2022-04-11 09:05:19
1649667919424132000,66.9,10,66.8,6,67.0,49,2,2022-04-11 09:05:19
1649667919424132000,66.8,10,66.8,6,67.0,49,2,2022-04-11 09:05:19
1649667919481804000,66.8,1,66.8,5,66.9,3,2,2022-04-11 09:05:19
1649667919483928000,66.8,1,66.8,4,66.9,3,2,2022-04-11 09:05:19
1649667920191671000,66.8,4,66.7,3,66.9,2,2,2022-04-11 09:05:20
1649667920191671000,66.7,1,66.7,3,66.9,2,2,2022-04-11 09:05:20
1649667920202223000,66.7,3,66.6,20,66.9,2,2,2022-04-11 09:05:20
1649667920202223000,66.6,2,66.6,20,66.9,2,2,2022-04-11 09:05:20
1649667920232925000,66.6,5,66.6,15,66.9,2,2,2022-04-11 09:05:20
1649667920255977000,66.6,1,66.6,14,66.9,3,2,2022-04-11 09:05:20
1649667920256423000,66.9,2,66.6,14,66.9,1,1,2022-04-11 09:05:20
1649667920259772000,66.9,1,66.6,14,67.0,38,1,2022-04-11 09:05:20
1649667920259772000,67.0,3,66.6,14,67.0,38,1,2022-04-11 09:05:20
1649667920278126000,66.6,5,66.6,8,66.8,2,2,2022-04-11 09:05:20
1649667920357420000,66.6,5,66.6,4,66.8,2,2,2022-04-11 09:05:20
1649667920369738000,66.6,4,66.5,78,66.8,2,2,2022-04-11 09:05:20
1649667920369738000,66.5,1,66.5,78,66.8,2,2,2022-04-11 09:05:20
1649667920400260000,66.6,2,66.5,75,66.8,2,2,2022-04-11 09:05:20
1649667920400260000,66.5,3,66.5,75,66.8,2,2,2022-04-11 09:05:20
1649667920418967000,66.5,5,66.5,70,66.8,2,2,2022-04-11 09:05:20
1649667920469787000,66.5,5,66.5,65,66.7,1,2,2022-04-11 09:05:20
1649667920512548000,66.5,5,66.5,60,66.7,1,2,2022-04-11 09:05:20
1649667920527531000,66.5,1,66.5,59,66.7,1,2,2022-04-11 09:05:20
1649667920528840000,66.5,3,66.5,56,66.7,1,2,2022-04-11 09:05:20
1649667920542113000,66.5,5,66.5,51,66.6,1,2,2022-04-11 09:05:20
1649667920553028000,66.5,5,66.5,46,66.6,1,2,2022-04-11 09:05:20
1649667920563916000,66.6,1,66.5,46,66.7,1,1,2022-04-11 09:05:20
1649667920590427000,66.5,3,66.5,42,66.7,1,2,2022-04-11 09:05:20
1649667920623551000,66.5,5,66.5,37,66.7,1,2,2022-04-11 09:05:20
1649667920656741000,66.5,5,66.5,32,66.7,1,2,2022-04-11 09:05:20
1649667920665443000,66.5,5,66.5,27,66.7,1,2,2022-04-11 09:05:20
1649667920849345000,66.5,2,66.5,25,66.7,1,2,2022-04-11 09:05:20
1649667920879260000,66.7,1,66.5,25,66.8,3,1,2022-04-11 09:05:20
1649667920885226000,66.5,1,66.5,24,66.8,3,2,2022-04-11 09:05:20
1649667921017704000,66.5,2,66.5,22,66.8,5,2,2022-04-11 09:05:21
1649667921187283000,66.5,5,66.5,17,66.8,5,2,2022-04-11 09:05:21
1649667921279478000,66.5,3,66.5,14,66.7,1,2,2022-04-11 09:05:21
1649667921547797000,66.5,2,66.5,12,66.7,1,2,2022-04-11 09:05:21
1649667921618008000,66.5,5,66.5,7,66.7,1,2,2022-04-11 09:05:21
1649667922013178000,66.5,4,66.5,3,66.7,1,2,2022-04-11 09:05:22
1649667922122549000,66.7,1,66.5,5,66.8,4,1,2022-04-11 09:05:22
1649667922710487000,66.5,1,66.5,5,66.8,5,2,2022-04-11 09:05:22
1649667923235194000,66.5,5,66.4,7,66.8,5,2,2022-04-11 09:05:23
1649667923373547000,66.8,1,66.6,1,66.8,4,1,2022-04-11 09:05:23
1649667923415784000,66.6,4,66.6,1,66.8,4,2,2022-04-11 09:05:23
1649667923877045000,66.6,1,66.6,1,66.8,3,2,2022-04-11 09:05:23
1649667923909675000,66.6,1,66.5,3,66.8,3,2,2022-04-11 09:05:23
1649667924034586000,66.6,1,66.5,5,66.8,3,1,2022-04-11 09:05:24
1649667924662019000,66.5,4,66.5,10,66.8,4,2,2022-04-11 09:05:24
1649667926473639000,66.6,3,66.6,9,66.8,4,2,2022-04-11 09:05:26
1649667926666299000,66.6,5,66.6,3,66.8,4,2,2022-04-11 09:05:26
1649667926975159000,66.7,3,66.5,9,66.8,4,2,2022-04-11 09:05:26
1649667926975159000,66.6,3,66.5,9,66.8,4,2,2022-04-11 09:05:26
1649667926975159000,66.5,2,66.5,9,66.8,4,2,2022-04-11 09:05:26
1649667927099794000,66.6,1,66.5,9,66.6,1,1,2022-04-11 09:05:27
1649667927109942000,66.6,1,66.5,9,66.7,2,1,2022-04-11 09:05:27
1649667927323754000,66.5,2,66.5,8,66.7,2,2,2022-04-11 09:05:27
1649667928116751000,66.7,1,66.6,1,66.7,1,1,2022-04-11 09:05:28
1649667928472040000,66.7,1,66.6,1,66.8,3,1,2022-04-11 09:05:28
1649667928472040000,66.8,3,66.6,1,66.8,3,1,2022-04-11 09:05:28
1649667929047730000,66.6,9,66.5,13,66.8,4,2,2022-04-11 09:05:29
1649667929047730000,66.5,1,66.5,13,66.8,4,2,2022-04-11 09:05:29
1649667930424197000,66.6,1,66.6,4,66.8,4,2,2022-04-11 09:05:30
1649667930872161000,66.6,1,66.6,7,66.8,4,2,2022-04-11 09:05:30
1649667930887853000,66.6,7,66.5,7,66.8,4,2,2022-04-11 09:05:30
1649667930887853000,66.5,8,66.5,7,66.8,4,2,2022-04-11 09:05:30
1649667931692962000,66.6,1,66.5,12,66.6,1,1,2022-04-11 09:05:31
1649667931727807000,66.6,1,66.5,13,66.7,10,1,2022-04-11 09:05:31
1649667931901389000,66.5,1,66.5,11,66.7,10,2,2022-04-11 09:05:31
1649667932130708000,66.5,12,66.3,25,66.7,10,2,2022-04-11 09:05:32
1649667932130708000,66.4,8,66.3,25,66.7,10,2,2022-04-11 09:05:32
1649667932130708000,66.3,10,66.3,25,66.7,10,2,2022-04-11 09:05:32
1649667932297983000,66.3,2,66.3,23,66.6,3,2,2022-04-11 09:05:32
1649667932323965000,66.6,1,66.3,23,66.6,2,1,2022-04-11 09:05:32
1649667933152721000,66.3,2,66.3,21,66.6,2,2,2022-04-11 09:05:33
1649667933428243000,66.6,1,66.3,21,66.6,2,1,2022-04-11 09:05:33
1649667933701196000,66.6,1,66.5,2,66.6,2,1,2022-04-11 09:05:33
1649667933785018000,66.5,2,66.5,2,66.6,2,2,2022-04-11 09:05:33
1649667933791900000,66.5,2,66.3,8,66.6,2,2,2022-04-11 09:05:33
1649667933791900000,66.3,13,66.3,8,66.6,2,2,2022-04-11 09:05:33
1649667934512684000,66.6,1,66.5,1,66.6,4,1,2022-04-11 09:05:34
1649667934603649000,66.5,1,66.3,7,66.6,4,2,2022-04-11 09:05:34
1649667934947282000,66.3,2,66.3,8,66.6,3,2,2022-04-11 09:05:34
1649667935109246000,66.5,2,66.3,6,66.6,4,2,2022-04-11 09:05:35
1649667935109246000,66.3,3,66.3,6,66.6,4,2,2022-04-11 09:05:35
1649667935178255000,66.6,2,66.3,5,66.6,2,1,2022-04-11 09:05:35
1649667935205375000,66.3,1,66.3,4,66.6,2,2,2022-04-11 09:05:35
1649667935209656000,66.6,2,66.3,5,66.7,11,1,2022-04-11 09:05:35
1649667936529672000,66.3,2,66.3,6,66.6,3,2,2022-04-11 09:05:36
1649667936997028000,66.6,1,66.3,8,66.6,2,1,2022-04-11 09:05:36
1649667937630826000,66.6,1,66.4,4,66.6,3,1,2022-04-11 09:05:37
1649667938270570000,66.5,1,66.5,1,66.6,10,2,2022-04-11 09:05:38
1649667938705391000,66.5,1,66.4,4,66.6,13,2,2022-04-11 09:05:38
1649667938758251000,66.4,1,66.4,3,66.6,13,2,2022-04-11 09:05:38
1649667939842987000,66.5,1,66.4,4,66.6,17,1,2022-04-11 09:05:39
1649667939842987000,66.6,1,66.4,4,66.6,17,1,2022-04-11 09:05:39
1649667941009294000,66.5,1,66.4,5,66.5,1,2,2022-04-11 09:05:41
1649667941068973000,66.5,1,66.5,2,66.6,21,1,2022-04-11 09:05:41
1649667941721796000,66.6,1,66.5,2,66.6,21,1,2022-04-11 09:05:41
1649667942732779000,66.5,2,66.4,7,66.6,22,2,2022-04-11 09:05:42
1649667942732779000,66.4,8,66.4,7,66.6,22,2,2022-04-11 09:05:42
1649667943295702000,66.5,1,66.4,10,66.6,22,1,2022-04-11 09:05:43
1649667943669827000,66.5,1,66.5,1,66.6,22,2,2022-04-11 09:05:43
1649667944258050000,66.5,1,66.4,11,66.6,26,2,2022-04-11 09:05:44
1649667945031960000,66.6,1,66.5,3,66.6,25,1,2022-04-11 09:05:45
1649667945038303000,66.5,1,66.5,2,66.6,25,2,2022-04-11 09:05:45
1649667945119072000,66.5,2,66.4,19,66.5,1,2,2022-04-11 09:05:45
1649667945155338000,66.5,1,66.4,19,66.6,26,1,2022-04-11 09:05:45
1649667945747790000,66.5,1,66.4,20,66.6,31,2,2022-04-11 09:05:45
1649667946146724000,66.5,2,66.5,8,66.6,31,2,2022-04-11 09:05:46
1649667946175859000,66.5,1,66.5,7,66.6,31,2,2022-04-11 09:05:46
1649667946354727000,66.5,1,66.5,6,66.6,31,2,2022-04-11 09:05:46
1649667946585955000,66.5,1,66.5,5,66.6,31,2,2022-04-11 09:05:46
1649667946803354000,66.5,1,66.5,9,66.6,32,2,2022-04-11 09:05:46
1649667947281076000,66.5,1,66.5,11,66.6,32,2,2022-04-11 09:05:47
1649667948061100000,66.5,4,66.5,20,66.6,32,2,2022-04-11 09:05:48
1649667948200880000,66.6,10,66.5,20,66.6,22,1,2022-04-11 09:05:48
1649667948222480000,66.6,22,66.5,20,66.7,12,1,2022-04-11 09:05:48
1649667948263584000,66.7,3,66.5,22,66.7,9,1,2022-04-11 09:05:48
1649667948283826000,66.7,9,66.6,1,66.8,13,1,2022-04-11 09:05:48
1649667948539068000,66.8,2,66.6,2,66.8,11,1,2022-04-11 09:05:48
1649667949223787000,66.8,11,66.6,2,67.0,19,1,2022-04-11 09:05:49
1649667949223787000,66.9,24,66.6,2,67.0,19,1,2022-04-11 09:05:49
1649667949223787000,67.0,15,66.6,2,67.0,19,1,2022-04-11 09:05:49
1649667949335097000,67.0,1,66.8,2,67.0,17,1,2022-04-11 09:05:49
1649667949335177000,67.0,1,66.8,2,67.0,16,1,2022-04-11 09:05:49
1649667950897745000,67.0,1,66.8,2,67.0,15,1,2022-04-11 09:05:50
1649667952648197000,66.9,3,66.8,1,67.0,14,1,2022-04-11 09:05:52
1649667952941273000,67.0,5,66.8,2,67.0,9,1,2022-04-11 09:05:52
1649667953272145000,67.0,1,66.8,2,67.0,8,1,2022-04-11 09:05:53
1649667956487173000,67.0,1,66.8,5,67.0,14,1,2022-04-11 09:05:56
1649667957165296000,67.0,1,66.8,6,67.0,13,1,2022-04-11 09:05:57
1649667957228475000,67.0,1,66.8,6,67.0,12,1,2022-04-11 09:05:57
1649667957521809000,66.9,1,66.9,3,67.0,12,2,2022-04-11 09:05:57
1649667958619270000,66.9,2,66.9,6,67.0,32,2,2022-04-11 09:05:58
1649667958892234000,66.9,6,66.8,9,66.9,1,2,2022-04-11 09:05:58
1649667959304980000,66.9,1,66.8,7,66.9,1,1,2022-04-11 09:05:59
1649667959791026000,66.9,3,66.8,7,67.0,25,1,2022-04-11 09:05:59
1649667959791026000,67.0,7,66.8,7,67.0,25,1,2022-04-11 09:05:59
1649667960835676000,66.9,1,66.8,7,66.9,1,1,2022-04-11 09:06:00
1649667961416743000,66.9,1,66.8,7,67.0,32,1,2022-04-11 09:06:01
1649667961807243000,66.8,1,66.8,6,66.9,2,2,2022-04-11 09:06:01
1649667962028087000,66.9,1,66.8,6,66.9,1,1,2022-04-11 09:06:02
1649667963740051000,66.9,1,66.8,6,66.9,12,1,2022-04-11 09:06:03
1649667964266592000,66.8,1,66.8,5,66.9,13,2,2022-04-11 09:06:04
1649667964401101000,66.8,2,66.8,3,66.9,13,2,2022-04-11 09:06:04
1649667964424558000,66.8,3,66.7,1,66.9,13,2,2022-04-11 09:06:04
1649667964452784000,66.8,2,66.7,2,66.9,13,1,2022-04-11 09:06:04
1649667964506210000,66.8,1,66.7,2,66.9,13,1,2022-04-11 09:06:04
1649667965198177000,66.8,1,66.5,58,66.9,13,2,2022-04-11 09:06:05
1649667965198177000,66.7,2,66.5,58,66.9,13,2,2022-04-11 09:06:05
1649667965198177000,66.6,18,66.5,58,66.9,13,2,2022-04-11 09:06:05
1649667965198177000,66.5,9,66.5,58,66.9,13,2,2022-04-11 09:06:05
1649667965579140000,66.8,1,66.5,57,66.8,3,1,2022-04-11 09:06:05
1649667965954509000,66.8,1,66.5,57,66.8,14,1,2022-04-11 09:06:05
1649667966063954000,66.8,1,66.5,57,66.8,13,1,2022-04-11 09:06:06
1649667966122324000,66.8,1,66.5,57,66.8,12,1,2022-04-11 09:06:06
1649667966332563000,66.5,5,66.5,52,66.8,12,2,2022-04-11 09:06:06
1649667966773998000,66.7,1,66.5,52,66.8,12,1,2022-04-11 09:06:06
1649667966773998000,66.8,1,66.5,52,66.8,12,1,2022-04-11 09:06:06
1649667967029071000,66.8,1,66.5,52,66.8,11,1,2022-04-11 09:06:07
1649667967630868000,66.8,10,66.6,10,66.8,1,1,2022-04-11 09:06:07
1649667968732081000,66.7,1,66.6,10,66.7,1,1,2022-04-11 09:06:08
1649667968814010000,66.7,1,66.6,10,66.8,9,1,2022-04-11 09:06:08
1649667970928911000,66.7,1,66.6,7,66.8,14,1,2022-04-11 09:06:10
1649667971138377000,66.6,8,66.5,53,66.7,1,2,2022-04-11 09:06:11
1649667971138377000,66.5,2,66.5,53,66.7,1,2,2022-04-11 09:06:11
1649667971338774000,66.7,1,66.5,53,66.8,13,1,2022-04-11 09:06:11
1649667971338774000,66.8,1,66.5,53,66.8,13,1,2022-04-11 09:06:11
1649667974252597000,66.7,2,66.6,9,66.8,14,2,2022-04-11 09:06:14
1649667974252597000,66.6,1,66.6,9,66.8,14,2,2022-04-11 09:06:14
1649667975321772000,66.7,1,66.6,9,66.8,19,2,2022-04-11 09:06:15
1649667975885965000,66.7,1,66.6,12,66.8,19,2,2022-04-11 09:06:15
1649667977040069000,66.6,1,66.6,15,66.8,19,2,2022-04-11 09:06:17
1649667977457880000,66.7,1,66.7,1,66.8,19,1,2022-04-11 09:06:17
1649667979154776000,66.7,1,66.6,19,66.7,9,2,2022-04-11 09:06:19
1649667979949540000,66.7,1,66.6,19,66.7,8,1,2022-04-11 09:06:19
1649667980053727000,66.6,5,66.6,14,66.7,8,2,2022-04-11 09:06:20
1649667980614180000,66.7,1,66.6,16,66.7,7,1,2022-04-11 09:06:20
1649667980643677000,66.6,1,66.6,15,66.7,7,2,2022-04-11 09:06:20
1649667980701826000,66.6,1,66.6,14,66.7,7,2,2022-04-11 09:06:20
1649667982520203000,66.7,1,66.6,15,66.7,6,1,2022-04-11 09:06:22
1649667982896997000,66.7,1,66.6,15,66.7,6,1,2022-04-11 09:06:22
1649667983786914000,66.7,5,66.6,15,66.7,1,1,2022-04-11 09:06:23
1649667984134719000,66.7,1,66.7,13,66.8,24,1,2022-04-11 09:06:24
1649667984937509000,66.7,10,66.7,4,66.8,24,2,2022-04-11 09:06:24
1649667989234903000,66.8,10,66.7,10,66.8,14,1,2022-04-11 09:06:29
1649667989280562000,66.8,6,66.7,12,66.8,8,1,2022-04-11 09:06:29
1649667989281074000,66.8,8,66.7,12,66.9,26,1,2022-04-11 09:06:29
1649667989483470000,66.8,2,66.7,12,66.9,24,1,2022-04-11 09:06:29
1649667991153347000,66.8,10,66.7,13,66.8,2,1,2022-04-11 09:06:31
1649667991826285000,66.7,1,66.7,13,66.8,2,2,2022-04-11 09:06:31
1649667991952360000,66.8,2,66.8,3,66.9,24,1,2022-04-11 09:06:31
1649667992603116000,66.9,4,66.8,3,66.9,20,1,2022-04-11 09:06:32
1649667993437007000,66.9,2,66.8,8,66.9,18,1,2022-04-11 09:06:33
1649667994743387000,66.9,4,66.8,10,66.9,14,1,2022-04-11 09:06:34
1649667995891108000,66.9,1,66.8,13,66.9,13,1,2022-04-11 09:06:35
1649667996989690000,66.9,3,66.8,14,67.0,53,1,2022-04-11 09:06:36
1649667997036505000,66.8,2,66.8,12,67.0,53,2,2022-04-11 09:06:37
1649667997367182000,66.8,3,66.8,8,67.0,53,2,2022-04-11 09:06:37
1649667997863899000,66.8,1,66.8,7,67.0,53,2,2022-04-11 09:06:37
1649667997959567000,66.8,1,66.8,6,67.0,53,2,2022-04-11 09:06:37
1649667999265361000,66.9,1,66.8,6,66.9,2,1,2022-04-11 09:06:39
1649668000057261000,66.8,7,66.7,40,66.9,24,2,2022-04-11 09:06:40
1649668000106018000,66.9,1,66.7,40,66.9,23,1,2022-04-11 09:06:40
1649668000229370000,66.9,1,66.7,40,66.9,22,1,2022-04-11 09:06:40
1649668001846907000,66.9,2,66.8,2,66.9,20,1,2022-04-11 09:06:41
1649668002311348000,66.9,1,66.8,2,66.9,19,1,2022-04-11 09:06:42
1649668002825629000,66.9,2,66.8,2,66.9,17,1,2022-04-11 09:06:42
1649668002854765000,66.9,1,66.8,2,66.9,16,1,2022-04-11 09:06:42
1649668003340667000,66.8,2,66.7,40,66.8,3,2,2022-04-11 09:06:43
1649668003860976000,66.8,2,66.7,40,66.8,1,1,2022-04-11 09:06:43
1649668004901747000,66.7,10,66.7,30,66.8,5,2,2022-04-11 09:06:44
1649668005246090000,66.8,1,66.7,30,66.8,5,1,2022-04-11 09:06:45
1649668009878670000,66.8,7,66.7,30,66.9,16,1,2022-04-11 09:06:49
1649668009878670000,66.9,3,66.7,30,66.9,16,1,2022-04-11 09:06:49
1649668010774883000,66.8,1,66.8,1,66.9,16,1,2022-04-11 09:06:50
1649668010971519000,66.9,2,66.8,1,66.9,14,1,2022-04-11 09:06:50
1649668012536081000,66.8,1,66.8,24,66.9,14,2,2022-04-11 09:06:52
1649668013061789000,66.8,2,66.8,22,66.9,14,2,2022-04-11 09:06:53
1649668015780747000,66.8,1,66.8,23,66.9,14,2,2022-04-11 09:06:55
1649668018035527000,66.8,1,66.8,31,66.9,14,2,2022-04-11 09:06:58
1649668018692370000,66.8,1,66.8,32,66.9,14,2,2022-04-11 09:06:58
1649668019288669000,66.9,1,66.8,32,66.9,15,1,2022-04-11 09:06:59
1649668021524518000,66.9,4,66.8,34,66.9,11,1,2022-04-11 09:07:01
1649668022746328000,66.9,1,66.8,37,66.9,10,1,2022-04-11 09:07:02
1649668023974542000,66.9,1,66.8,37,66.9,10,1,2022-04-11 09:07:03
1649668024050832000,66.8,1,66.8,36,66.9,10,2,2022-04-11 09:07:04
1649668024405116000,66.8,1,66.8,35,66.9,10,2,2022-04-11 09:07:04
1649668025531356000,66.9,1,66.8,35,66.9,11,1,2022-04-11 09:07:05
1649668025586207000,66.9,1,66.8,35,66.9,10,1,2022-04-11 09:07:05
1649668025995860000,66.9,2,66.8,36,66.9,8,1,2022-04-11 09:07:05
1649668026036963000,66.9,1,66.8,36,66.9,7,1,2022-04-11 09:07:06
1649668028451709000,66.9,7,66.9,3,67.0,55,1,2022-04-11 09:07:08
1649668028999523000,66.9,1,66.9,3,67.0,55,2,2022-04-11 09:07:08
1649668029611120000,67.0,2,66.9,5,67.0,53,1,2022-04-11 09:07:09
1649668030799714000,66.9,2,66.9,4,67.0,53,2,2022-04-11 09:07:10
1649668031141579000,67.0,1,66.9,6,67.0,52,1,2022-04-11 09:07:11
1649668033163020000,66.9,1,66.9,5,67.0,58,2,2022-04-11 09:07:13
1649668033902038000,66.9,1,66.9,4,67.0,59,2,2022-04-11 09:07:13
1649668035177863000,66.9,2,66.9,4,67.0,59,2,2022-04-11 09:07:15
1649668035350003000,66.9,2,66.9,2,67.0,59,2,2022-04-11 09:07:15
1649668037216714000,66.9,2,66.9,1,67.0,59,2,2022-04-11 09:07:17
1649668037426481000,66.9,1,66.8,70,67.0,59,2,2022-04-11 09:07:17
1649668039414362000,66.9,1,66.8,74,66.9,1,2,2022-04-11 09:07:19
1649668039640560000,66.8,1,66.8,73,66.9,1,2,2022-04-11 09:07:19
1649668039652057000,66.9,1,66.8,73,67.0,40,1,2022-04-11 09:07:19
1649668039652057000,67.0,19,66.8,73,67.0,40,1,2022-04-11 09:07:19
1649668039674984000,66.8,1,66.8,72,67.0,40,2,2022-04-11 09:07:19
1649668041043010000,66.9,3,66.9,2,67.0,40,1,2022-04-11 09:07:21
1649668041895716000,66.9,3,66.8,73,66.9,7,2,2022-04-11 09:07:21
1649668042305960000,66.9,1,66.8,73,66.9,6,1,2022-04-11 09:07:22
1649668043072373000,66.9,3,66.8,74,66.9,3,1,2022-04-11 09:07:23
1649668043105369000,66.9,1,66.8,74,66.9,2,1,2022-04-11 09:07:23
1649668043545617000,66.8,1,66.8,73,66.9,4,2,2022-04-11 09:07:23
1649668043618827000,66.9,4,66.8,69,67.0,40,1,2022-04-11 09:07:23
1649668044539276000,66.9,2,66.9,6,67.0,42,2,2022-04-11 09:07:24
1649668044902424000,66.9,2,66.9,4,67.0,42,2,2022-04-11 09:07:24
1649668046400504000,66.9,9,66.8,60,66.9,1,2,2022-04-11 09:07:26
1649668046831128000,66.9,3,66.8,60,67.0,42,1,2022-04-11 09:07:26
1649668047504054000,66.9,1,66.8,61,66.9,4,2,2022-04-11 09:07:27
1649668048237002000,66.9,1,66.8,60,66.9,3,1,2022-04-11 09:07:28
1649668048637213000,66.9,3,66.9,2,67.0,42,1,2022-04-11 09:07:28
1649668048745627000,66.9,1,66.9,1,67.0,42,2,2022-04-11 09:07:28
1649668050378886000,66.9,1,66.8,62,67.0,42,2,2022-04-11 09:07:30
1649668051072606000,66.8,1,66.8,62,67.0,42,2,2022-04-11 09:07:31
1649668052263104000,66.9,1,66.8,63,66.9,3,1,2022-04-11 09:07:32
1649668052294669000,66.8,1,66.8,62,66.9,3,2,2022-04-11 09:07:32
1649668053083689000,66.9,1,66.8,62,66.9,2,1,2022-04-11 09:07:33
1649668053769261000,66.9,1,66.8,62,66.9,1,1,2022-04-11 09:07:33
1649668053867002000,66.9,1,66.8,62,66.9,4,1,2022-04-11 09:07:33
1649668054621170000,66.9,4,66.9,1,67.0,42,1,2022-04-11 09:07:34
1649668054839849000,66.9,1,66.8,62,67.0,42,2,2022-04-11 09:07:34
1649668055946042000,66.9,1,66.9,1,67.0,42,2,2022-04-11 09:07:35
1649668056570987000,66.9,1,66.8,61,67.0,42,2,2022-04-11 09:07:36
1649668060381657000,67.0,1,66.9,2,67.0,41,1,2022-04-11 09:07:40
1649668060987943000,66.9,1,66.9,1,67.0,41,2,2022-04-11 09:07:40
1649668063395195000,66.9,1,66.9,5,67.0,41,2,2022-04-11 09:07:43
1649668066160638000,66.9,1,66.9,7,67.0,41,2,2022-04-11 09:07:46
1649668067329596000,66.9,1,66.9,9,67.0,41,2,2022-04-11 09:07:47
1649668070036852000,66.9,1,66.9,11,67.0,41,2,2022-04-11 09:07:50
1649668072584405000,67.0,40,66.9,12,67.0,3,1,2022-04-11 09:07:52
1649668072607849000,67.0,3,66.9,12,67.1,5,1,2022-04-11 09:07:52
1649668076121133000,67.0,1,67.0,4,67.1,5,2,2022-04-11 09:07:56
1649668077353609000,67.1,1,67.0,3,67.1,5,1,2022-04-11 09:07:57
1649668078258234000,67.1,2,67.0,4,67.1,3,1,2022-04-11 09:07:58
1649668078605711000,67.1,1,67.0,4,67.1,1,1,2022-04-11 09:07:58
1649668078972528000,67.0,1,67.0,3,67.1,1,2,2022-04-11 09:07:58
1649668080244577000,67.1,1,67.0,3,67.2,9,1,2022-04-11 09:08:00
1649668080612735000,67.0,1,67.0,2,67.1,4,2,2022-04-11 09:08:00
1649668080617214000,67.0,2,66.9,20,67.1,4,2,2022-04-11 09:08:00
1649668081495464000,67.1,1,66.9,20,67.1,4,1,2022-04-11 09:08:01
1649668082102431000,67.1,1,66.9,20,67.1,3,1,2022-04-11 09:08:02
1649668084405303000,67.0,5,67.0,7,67.1,3,2,2022-04-11 09:08:04
1649668088638503000,67.0,6,66.9,24,67.1,4,2,2022-04-11 09:08:08
1649668089046728000,67.1,1,66.9,24,67.1,10,1,2022-04-11 09:08:09
1649668092752183000,67.1,2,67.0,15,67.1,1,1,2022-04-11 09:08:12
1649668093674080000,67.0,10,67.0,5,67.1,1,2,2022-04-11 09:08:13
1649668093747237000,67.0,5,66.9,25,67.1,2,2,2022-04-11 09:08:13
1649668094166294000,67.1,1,66.9,25,67.1,8,1,2022-04-11 09:08:14
1649668094958162000,67.0,1,66.9,27,67.0,2,1,2022-04-11 09:08:14
1649668095276816000,66.9,11,66.9,16,67.0,2,2,2022-04-11 09:08:15
1649668095642944000,67.0,7,66.9,16,67.0,3,1,2022-04-11 09:08:15
1649668095769292000,66.9,10,66.9,6,67.0,1,2,2022-04-11 09:08:15
1649668096054303000,66.9,6,66.8,67,67.0,6,2,2022-04-11 09:08:16
1649668096440990000,66.9,1,66.8,67,67.0,7,1,2022-04-11 09:08:16
1649668096440990000,67.0,1,66.8,67,67.0,7,1,2022-04-11 09:08:16
1649668096792747000,66.8,61,66.8,6,66.9,8,2,2022-04-11 09:08:16
1649668096813182000,66.8,6,66.7,38,66.9,8,2,2022-04-11 09:08:16
1649668096926767000,66.7,26,66.7,12,66.8,15,2,2022-04-11 09:08:16
1649668096926802000,66.7,12,66.6,38,66.8,15,2,2022-04-11 09:08:16
1649668096926805000,66.6,2,66.6,36,66.8,15,2,2022-04-11 09:08:16
1649668096963531000,66.7,1,66.6,36,66.7,3,1,2022-04-11 09:08:16
1649668096965727000,66.6,5,66.6,31,66.7,3,2,2022-04-11 09:08:16
1649668097247409000,66.6,1,66.6,30,66.7,6,2,2022-04-11 09:08:17
1649668097256482000,66.7,3,66.6,30,66.7,3,1,2022-04-11 09:08:17
1649668097264784000,66.7,1,66.6,30,66.7,2,1,2022-04-11 09:08:17
1649668097286584000,66.6,1,66.6,29,66.7,2,2,2022-04-11 09:08:17
1649668097394556000,66.6,7,66.6,22,66.8,15,2,2022-04-11 09:08:17
1649668097429321000,66.6,22,66.5,95,66.8,15,2,2022-04-11 09:08:17
1649668099016995000,66.7,1,66.5,93,66.7,6,1,2022-04-11 09:08:19
1649668099245751000,66.5,6,66.5,87,66.7,6,2,2022-04-11 09:08:19
1649668099744538000,66.7,5,66.5,87,66.7,9,1,2022-04-11 09:08:19
1649668100405387000,66.5,30,66.5,57,66.7,8,2,2022-04-11 09:08:20
1649668100431378000,66.5,16,66.5,41,66.7,12,2,2022-04-11 09:08:20
1649668100530469000,66.6,2,66.5,41,66.6,7,1,2022-04-11 09:08:20
1649668100996570000,66.5,6,66.5,35,66.6,5,2,2022-04-11 09:08:20
1649668102067726000,66.5,6,66.5,29,66.6,5,2,2022-04-11 09:08:22
1649668102129215000,66.5,1,66.5,28,66.6,5,2,2022-04-11 09:08:22
1649668102351130000,66.5,1,66.5,27,66.6,5,2,2022-04-11 09:08:22
1649668102950650000,66.6,1,66.5,27,66.6,4,1,2022-04-11 09:08:22
1649668103098456000,66.5,6,66.5,21,66.6,4,2,2022-04-11 09:08:23
1649668103517942000,66.5,2,66.5,19,66.6,9,2,2022-04-11 09:08:23
1649668103539409000,66.5,3,66.5,16,66.6,9,2,2022-04-11 09:08:23
1649668103539963000,66.5,3,66.5,13,66.6,11,2,2022-04-11 09:08:23
1649668103766950000,66.6,1,66.5,13,66.6,10,1,2022-04-11 09:08:23
1649668104003645000,66.5,6,66.5,7,66.6,5,2,2022-04-11 09:08:24
1649668104040676000,66.5,7,66.4,39,66.6,5,2,2022-04-11 09:08:24
1649668106180906000,66.4,4,66.4,33,66.5,2,2,2022-04-11 09:08:26
1649668106450970000,66.4,2,66.4,31,66.5,3,2,2022-04-11 09:08:26
1649668106999089000,66.4,1,66.4,31,66.5,10,2,2022-04-11 09:08:26
1649668108270935000,66.4,1,66.4,30,66.5,10,2,2022-04-11 09:08:28
1649668108306635000,66.4,1,66.4,29,66.5,10,2,2022-04-11 09:08:28
1649668109073542000,66.4,1,66.4,28,66.5,10,2,2022-04-11 09:08:29
1649668109401095000,66.4,1,66.4,27,66.5,10,2,2022-04-11 09:08:29
1649668109774629000,66.5,4,66.4,27,66.5,6,1,2022-04-11 09:08:29
1649668109799356000,66.4,1,66.4,26,66.5,6,2,2022-04-11 09:08:29
1649668109858680000,66.5,1,66.4,26,66.5,5,1,2022-04-11 09:08:29
1649668109859312000,66.4,10,66.4,16,66.5,5,2,2022-04-11 09:08:29
1649668109899960000,66.4,1,66.4,15,66.5,6,2,2022-04-11 09:08:29
1649668109900070000,66.4,1,66.4,14,66.5,6,2,2022-04-11 09:08:29
1649668109928755000,66.4,1,66.4,13,66.5,6,2,2022-04-11 09:08:29
1649668109928985000,66.4,1,66.4,12,66.5,6,2,2022-04-11 09:08:29
1649668110611736000,66.5,10,66.4,12,66.5,3,1,2022-04-11 09:08:30
1649668110710262000,66.4,6,66.4,6,66.5,3,2,2022-04-11 09:08:30
1649668110752158000,66.4,1,66.4,5,66.5,4,2,2022-04-11 09:08:30
1649668111486399000,66.4,5,66.3,63,66.4,1,2,2022-04-11 09:08:31
1649668114108581000,66.4,1,66.3,62,66.4,3,1,2022-04-11 09:08:34
1649668114203336000,66.4,1,66.3,62,66.4,2,1,2022-04-11 09:08:34
1649668117588465000,66.3,1,66.3,37,66.4,8,2,2022-04-11 09:08:37
1649668117685504000,66.3,1,66.3,36,66.4,8,2,2022-04-11 09:08:37
1649668118140122000,66.4,2,66.3,36,66.4,6,1,2022-04-11 09:08:38
1649668119154729000,66.4,3,66.3,36,66.4,3,1,2022-04-11 09:08:39
1649668119626419000,66.3,5,66.3,31,66.4,3,2,2022-04-11 09:08:39
1649668119663267000,66.3,1,66.3,30,66.4,3,2,2022-04-11 09:08:39
1649668119698175000,66.3,1,66.3,29,66.4,3,2,2022-04-11 09:08:39
1649668119778627000,66.3,5,66.3,24,66.4,3,2,2022-04-11 09:08:39
1649668120052182000,66.3,6,66.3,18,66.4,4,2,2022-04-11 09:08:40
1649668120080982000,66.3,1,66.3,17,66.4,4,2,2022-04-11 09:08:40
1649668120498082000,66.3,1,66.3,17,66.4,8,2,2022-04-11 09:08:40
1649668120534941000,66.3,1,66.3,16,66.4,8,2,2022-04-11 09:08:40
1649668120916600000,66.3,10,66.3,6,66.4,9,2,2022-04-11 09:08:40
1649668120947123000,66.3,1,66.3,5,66.4,9,2,2022-04-11 09:08:40
1649668121159357000,66.3,5,66.2,30,66.4,9,2,2022-04-11 09:08:41
1649668121217869000,66.4,1,66.2,30,66.4,8,1,2022-04-11 09:08:41
1649668121236884000,66.2,5,66.2,25,66.4,8,2,2022-04-11 09:08:41
1649668121446095000,66.2,3,66.2,22,66.4,12,2,2022-04-11 09:08:41
1649668121487977000,66.2,1,66.2,21,66.4,12,2,2022-04-11 09:08:41
1649668121516439000,66.2,1,66.2,20,66.4,12,2,2022-04-11 09:08:41
1649668121517390000,66.2,1,66.2,19,66.4,12,2,2022-04-11 09:08:41
1649668121537566000,66.2,1,66.2,18,66.4,12,2,2022-04-11 09:08:41
1649668121580968000,66.2,1,66.2,17,66.4,12,2,2022-04-11 09:08:41
1649668121616801000,66.2,1,66.2,16,66.4,12,2,2022-04-11 09:08:41
1649668123549035000,66.2,5,66.2,11,66.3,17,2,2022-04-11 09:08:43
1649668123586387000,66.2,1,66.2,10,66.3,17,2,2022-04-11 09:08:43
1649668123614311000,66.2,5,66.2,5,66.3,17,2,2022-04-11 09:08:43
1649668123666230000,66.2,1,66.2,4,66.3,17,2,2022-04-11 09:08:43
1649668123755897000,66.3,1,66.2,4,66.3,16,1,2022-04-11 09:08:43
1649668123795983000,66.2,4,66.1,38,66.3,17,2,2022-04-11 09:08:43
1649668125068525000,66.1,5,66.1,33,66.3,17,2,2022-04-11 09:08:45
1649668125072862000,66.1,10,66.1,23,66.3,17,2,2022-04-11 09:08:45
1649668125220649000,66.1,1,66.1,22,66.2,2,2,2022-04-11 09:08:45
1649668127536682000,66.1,1,66.1,22,66.2,3,2,2022-04-11 09:08:47
1649668127867308000,66.1,5,66.1,16,66.2,3,2,2022-04-11 09:08:47
1649668128002372000,66.2,1,66.1,16,66.2,2,1,2022-04-11 09:08:48
1649668128261149000,66.1,1,66.1,15,66.2,2,2,2022-04-11 09:08:48
1649668128299505000,66.1,1,66.1,14,66.2,2,2,2022-04-11 09:08:48
1649668128333946000,66.1,1,66.1,13,66.2,2,2,2022-04-11 09:08:48
1649668128617607000,66.2,1,66.1,13,66.2,1,1,2022-04-11 09:08:48
1649668129371475000,66.1,1,66.1,19,66.2,2,2,2022-04-11 09:08:49
1649668129419251000,66.1,1,66.1,18,66.2,2,2,2022-04-11 09:08:49
1649668129627259000,66.1,1,66.1,19,66.2,2,2,2022-04-11 09:08:49
1649668130230100000,66.1,5,66.1,16,66.2,2,2,2022-04-11 09:08:50
1649668130638328000,66.2,1,66.1,16,66.2,2,1,2022-04-11 09:08:50
1649668130798943000,66.1,2,66.1,14,66.2,2,2,2022-04-11 09:08:50
1649668131304084000,66.2,2,66.2,3,66.3,21,1,2022-04-11 09:08:51
1649668131346796000,66.2,3,66.1,14,66.2,7,2,2022-04-11 09:08:51
1649668131698682000,66.1,1,66.1,13,66.2,7,2,2022-04-11 09:08:51
1649668132519745000,66.2,1,66.1,13,66.2,6,1,2022-04-11 09:08:52
1649668132968388000,66.1,1,66.1,12,66.2,6,2,2022-04-11 09:08:52
1649668134056727000,66.1,1,66.1,18,66.2,16,2,2022-04-11 09:08:54
1649668134082339000,66.1,1,66.1,17,66.2,16,2,2022-04-11 09:08:54
1649668136202963000,66.1,1,66.1,18,66.2,18,2,2022-04-11 09:08:56
1649668136577916000,66.1,1,66.1,17,66.2,23,2,2022-04-11 09:08:56
1649668138084841000,66.2,1,66.1,18,66.2,22,1,2022-04-11 09:08:58
1649668138161409000,66.1,1,66.1,17,66.2,22,2,2022-04-11 09:08:58
1649668138501235000,66.2,2,66.1,27,66.2,20,1,2022-04-11 09:08:58
1649668138555990000,66.1,1,66.1,26,66.2,20,2,2022-04-11 09:08:58
1649668139119231000,66.1,3,66.1,24,66.2,20,2,2022-04-11 09:08:59
1649668139306822000,66.2,3,66.1,24,66.2,17,1,2022-04-11 09:08:59
1649668139899382000,66.1,10,66.1,15,66.2,17,2,2022-04-11 09:08:59
1649668139940005000,66.1,1,66.1,14,66.2,20,2,2022-04-11 09:08:59
1649668139944140000,66.1,1,66.1,13,66.2,20,2,2022-04-11 09:08:59
1649668139999419000,66.1,1,66.1,12,66.2,20,2,2022-04-11 09:08:59
1649668140122927000,66.1,7,66.1,5,66.2,20,2,2022-04-11 09:09:00
1649668141465615000,66.1,5,66.1,9,66.2,20,2,2022-04-11 09:09:01
1649668141489060000,66.1,1,66.1,8,66.2,20,2,2022-04-11 09:09:01
1649668142728673000,66.1,1,66.1,8,66.2,20,2,2022-04-11 09:09:02
1649668143245152000,66.1,1,66.1,13,66.2,20,2,2022-04-11 09:09:03
1649668143877846000,66.1,1,66.1,14,66.2,20,2,2022-04-11 09:09:03
1649668144143167000,66.1,1,66.1,14,66.2,20,2,2022-04-11 09:09:04
1649668145021054000,66.1,1,66.1,14,66.2,20,2,2022-04-11 09:09:05
1649668145262151000,66.1,1,66.1,15,66.2,20,2,2022-04-11 09:09:05
1649668145328446000,66.1,1,66.1,14,66.2,20,2,2022-04-11 09:09:05
1649668145559898000,66.2,1,66.1,14,66.2,19,1,2022-04-11 09:09:05
1649668146500549000,66.1,1,66.1,14,66.2,20,2,2022-04-11 09:09:06
1649668146539010000,66.2,1,66.1,14,66.2,19,1,2022-04-11 09:09:06
1649668147149590000,66.1,1,66.1,14,66.2,19,2,2022-04-11 09:09:07
1649668150166827000,66.2,1,66.1,16,66.2,19,1,2022-04-11 09:09:10
1649668150692110000,66.2,10,66.1,17,66.2,9,1,2022-04-11 09:09:10
1649668151274368000,66.1,4,66.1,14,66.2,9,2,2022-04-11 09:09:11
1649668151540770000,66.2,2,66.1,16,66.2,7,1,2022-04-11 09:09:11
1649668151581439000,66.2,7,66.1,17,66.3,16,1,2022-04-11 09:09:11
1649668151966542000,66.3,1,66.2,5,66.3,15,1,2022-04-11 09:09:11
1649668151969692000,66.2,5,66.1,26,66.3,15,2,2022-04-11 09:09:11
1649668151969692000,66.1,1,66.1,26,66.3,15,2,2022-04-11 09:09:11
1649668152540797000,66.3,11,66.2,6,66.3,4,1,2022-04-11 09:09:12
1649668152573303000,66.3,4,66.2,3,66.4,7,1,2022-04-11 09:09:12
1649668153570579000,66.4,5,66.2,11,66.5,34,1,2022-04-11 09:09:13
1649668153657488000,66.2,2,66.2,12,66.5,34,2,2022-04-11 09:09:13
1649668155728632000,66.5,1,66.3,4,66.5,35,1,2022-04-11 09:09:15
1649668155945019000,66.3,1,66.3,4,66.5,33,2,2022-04-11 09:09:15
1649668160630269000,66.3,6,66.2,17,66.4,4,2,2022-04-11 09:09:20
1649668160630269000,66.2,4,66.2,17,66.4,4,2,2022-04-11 09:09:20
1649668162977044000,66.4,4,66.3,10,66.5,32,1,2022-04-11 09:09:22
1649668166728791000,66.4,5,66.3,8,66.4,14,1,2022-04-11 09:09:26
1649668167235963000,66.4,1,66.3,12,66.4,16,1,2022-04-11 09:09:27
1649668168394623000,66.4,1,66.3,12,66.4,15,1,2022-04-11 09:09:28
1649668168682605000,66.4,1,66.3,12,66.4,14,1,2022-04-11 09:09:28
1649668168999652000,66.4,4,66.3,32,66.4,10,1,2022-04-11 09:09:28
1649668169843116000,66.4,1,66.3,34,66.4,10,1,2022-04-11 09:09:29
1649668169866198000,66.4,10,66.3,34,66.5,30,1,2022-04-11 09:09:29
1649668170460227000,66.4,3,66.4,4,66.5,30,2,2022-04-11 09:09:30
1649668174080588000,66.5,4,66.4,38,66.5,26,1,2022-04-11 09:09:34
1649668174111541000,66.4,10,66.4,28,66.5,26,2,2022-04-11 09:09:34
1649668174117068000,66.5,11,66.4,28,66.5,15,1,2022-04-11 09:09:34
1649668175726106000,66.5,1,66.4,28,66.5,14,1,2022-04-11 09:09:35
1649668175817662000,66.4,1,66.4,27,66.5,14,2,2022-04-11 09:09:35
1649668177356033000,66.5,5,66.4,28,66.5,13,1,2022-04-11 09:09:37
1649668177431372000,66.5,1,66.4,28,66.5,12,1,2022-04-11 09:09:37
1649668178588669000,66.4,2,66.4,26,66.5,12,2,2022-04-11 09:09:38
1649668179491400000,66.5,1,66.4,27,66.5,11,1,2022-04-11 09:09:39
1649668182420166000,66.5,1,66.4,29,66.5,10,1,2022-04-11 09:09:42
1649668182595641000,66.5,10,66.4,29,66.6,23,1,2022-04-11 09:09:42
1649668183038828000,66.5,1,66.4,29,66.6,23,1,2022-04-11 09:09:43
1649668183897413000,66.4,1,66.4,29,66.6,23,2,2022-04-11 09:09:43
1649668184050728000,66.4,1,66.4,28,66.5,1,2,2022-04-11 09:09:44
1649668184974653000,66.4,3,66.4,25,66.5,4,2,2022-04-11 09:09:44
1649668185590737000,66.4,1,66.4,24,66.5,4,2,2022-04-11 09:09:45
1649668186434317000,66.5,1,66.4,24,66.5,9,1,2022-04-11 09:09:46
1649668187881134000,66.5,1,66.4,26,66.5,9,1,2022-04-11 09:09:47
1649668189023256000,66.5,9,66.5,41,66.6,23,1,2022-04-11 09:09:49
1649668189953358000,66.5,1,66.5,40,66.6,23,2,2022-04-11 09:09:49
1649668190137744000,66.5,2,66.5,38,66.6,23,2,2022-04-11 09:09:50
1649668191038316000,66.6,1,66.5,38,66.6,22,1,2022-04-11 09:09:51
1649668192791430000,66.5,10,66.5,40,66.6,23,2,2022-04-11 09:09:52
1649668194692066000,66.5,2,66.5,44,66.6,25,2,2022-04-11 09:09:54
1649668195589816000,66.6,20,66.5,44,66.6,5,1,2022-04-11 09:09:55
1649668195690485000,66.6,1,66.5,44,66.6,4,1,2022-04-11 09:09:55
1649668196963679000,66.6,1,66.5,44,66.6,3,1,2022-04-11 09:09:56
1649668198086731000,66.6,2,66.5,46,66.6,1,1,2022-04-11 09:09:58
1649668198106367000,66.5,2,66.5,44,66.6,1,2,2022-04-11 09:09:58
1649668199254163000,66.6,1,66.5,49,66.6,5,1,2022-04-11 09:09:59
1649668202057827000,66.6,1,66.5,49,66.6,5,1,2022-04-11 09:10:02
1649668202677678000,66.6,1,66.5,49,66.6,4,1,2022-04-11 09:10:02
1649668202797236000,66.6,1,66.5,49,66.6,3,1,2022-04-11 09:10:02
1649668203405434000,66.6,1,66.5,49,66.6,2,1,2022-04-11 09:10:03
1649668203817739000,66.6,2,66.5,50,66.7,12,1,2022-04-11 09:10:03
1649668205589872000,66.7,5,66.6,11,66.7,6,1,2022-04-11 09:10:05
1649668208634613000,66.7,2,66.6,17,66.7,4,1,2022-04-11 09:10:08
1649668208659733000,66.7,1,66.6,17,66.7,3,1,2022-04-11 09:10:08
1649668208820193000,66.7,1,66.6,17,66.7,2,1,2022-04-11 09:10:08
1649668208853598000,66.7,2,66.6,17,66.8,21,1,2022-04-11 09:10:08
1649668209141486000,66.7,1,66.7,1,66.8,19,2,2022-04-11 09:10:09
1649668209234194000,66.8,10,66.6,17,66.8,9,1,2022-04-11 09:10:09
1649668211750012000,66.7,2,66.7,2,66.8,9,2,2022-04-11 09:10:11
1649668213155605000,66.8,1,66.7,5,66.8,4,1,2022-04-11 09:10:13
1649668214074481000,66.8,1,66.7,10,66.8,4,1,2022-04-11 09:10:14
1649668214106431000,66.8,3,66.7,10,66.8,1,1,2022-04-11 09:10:14
1649668214354049000,66.8,1,66.7,10,66.9,31,1,2022-04-11 09:10:14
1649668214814037000,66.8,2,66.7,10,66.9,33,2,2022-04-11 09:10:14
1649668216962400000,66.9,10,66.8,12,66.9,23,1,2022-04-11 09:10:16
1649668217664273000,66.9,5,66.8,18,66.9,16,1,2022-04-11 09:10:17
1649668219041243000,66.9,2,66.8,20,66.9,14,1,2022-04-11 09:10:19
1649668219071855000,66.9,2,66.8,20,66.9,12,1,2022-04-11 09:10:19
1649668219181775000,66.9,2,66.8,20,66.9,10,1,2022-04-11 09:10:19
1649668219216733000,66.9,7,66.8,20,66.9,3,1,2022-04-11 09:10:19
1649668219247060000,66.9,2,66.8,20,66.9,1,1,2022-04-11 09:10:19
1649668219278289000,66.9,1,66.8,20,67.0,68,1,2022-04-11 09:10:19
1649668219399572000,66.8,10,66.8,10,67.0,68,2,2022-04-11 09:10:19
1649668219431414000,66.8,2,66.8,8,67.0,68,2,2022-04-11 09:10:19
1649668219971801000,66.9,1,66.8,8,67.0,68,2,2022-04-11 09:10:19
1649668221788529000,66.9,1,66.8,8,66.9,2,1,2022-04-11 09:10:21
1649668221974678000,66.8,1,66.8,7,66.9,2,2,2022-04-11 09:10:21
1649668222178585000,66.9,1,66.8,7,66.9,1,1,2022-04-11 09:10:22
1649668222931526000,66.9,1,66.8,9,66.9,1,1,2022-04-11 09:10:22
1649668224521681000,66.9,1,66.8,9,66.9,7,1,2022-04-11 09:10:24
1649668225269800000,66.9,1,66.8,10,66.9,20,1,2022-04-11 09:10:25
1649668226289507000,66.9,1,66.8,10,66.9,17,1,2022-04-11 09:10:26
1649668227332212000,66.9,1,66.8,13,66.9,16,1,2022-04-11 09:10:27
1649668227614022000,66.9,3,66.8,13,66.9,13,1,2022-04-11 09:10:27
1649668228689867000,66.9,1,66.8,13,66.9,13,1,2022-04-11 09:10:28
1649668229760390000,66.9,1,66.8,13,66.9,18,1,2022-04-11 09:10:29
1649668230379121000,66.9,1,66.8,13,66.9,17,1,2022-04-11 09:10:30
1649668231033599000,66.9,1,66.8,13,66.9,16,1,2022-04-11 09:10:31
1649668231204464000,66.9,2,66.8,13,66.9,14,1,2022-04-11 09:10:31
1649668231604353000,66.8,6,66.8,7,66.9,9,2,2022-04-11 09:10:31
1649668231670810000,66.9,1,66.8,7,66.9,11,1,2022-04-11 09:10:31
1649668232917413000,66.8,6,66.8,3,66.9,11,2,2022-04-11 09:10:32
1649668232947725000,66.8,3,66.7,14,66.9,12,2,2022-04-11 09:10:32
1649668233233700000,66.7,11,66.7,2,66.8,10,2,2022-04-11 09:10:33
1649668233264373000,66.7,2,66.6,19,66.8,10,2,2022-04-11 09:10:33
1649668233388863000,66.7,1,66.6,18,66.7,1,1,2022-04-11 09:10:33
1649668233498204000,66.7,1,66.6,18,66.8,10,1,2022-04-11 09:10:33
1649668233816754000,66.6,2,66.6,16,66.8,1,2,2022-04-11 09:10:33
1649668233819720000,66.8,1,66.6,16,66.9,11,1,2022-04-11 09:10:33
1649668234896718000,66.8,1,66.6,16,66.8,4,1,2022-04-11 09:10:34
1649668236645546000,66.8,1,66.6,16,66.8,4,1,2022-04-11 09:10:36
1649668241387317000,66.6,8,66.6,9,66.8,9,2,2022-04-11 09:10:41
1649668241407339000,66.6,9,66.5,55,66.8,10,2,2022-04-11 09:10:41
1649668242366657000,66.5,6,66.5,49,66.7,6,2,2022-04-11 09:10:42
1649668242846324000,66.5,6,66.5,43,66.7,7,2,2022-04-11 09:10:42
1649668247089629000,66.5,30,66.5,13,66.6,7,2,2022-04-11 09:10:47
1649668247127069000,66.5,13,66.4,17,66.6,8,2,2022-04-11 09:10:47
1649668250416769000,66.4,1,66.4,18,66.5,6,2,2022-04-11 09:10:50
1649668250421615000,66.4,3,66.4,15,66.5,6,2,2022-04-11 09:10:50
1649668250461358000,66.5,5,66.4,15,66.5,1,1,2022-04-11 09:10:50
1649668250480128000,66.4,1,66.4,14,66.5,1,2,2022-04-11 09:10:50
1649668251157925000,66.4,1,66.4,13,66.5,2,2,2022-04-11 09:10:51
1649668253822167000,66.5,1,66.4,15,66.5,6,1,2022-04-11 09:10:53
1649668254285448000,66.4,2,66.4,14,66.5,6,2,2022-04-11 09:10:54
1649668254521908000,66.4,1,66.4,13,66.5,6,2,2022-04-11 09:10:54
1649668254555112000,66.4,2,66.4,11,66.5,6,2,2022-04-11 09:10:54
1649668255740696000,66.5,5,66.4,11,66.5,1,1,2022-04-11 09:10:55
1649668258185446000,66.4,1,66.4,12,66.5,1,2,2022-04-11 09:10:58
1649668258222273000,66.4,1,66.4,11,66.5,1,2,2022-04-11 09:10:58
1649668259942222000,66.5,2,66.4,14,66.5,4,1,2022-04-11 09:10:59
1649668260429032000,66.5,1,66.4,14,66.5,3,1,2022-04-11 09:11:00
1649668261368323000,66.4,1,66.4,13,66.5,3,2,2022-04-11 09:11:01
1649668262775927000,66.4,1,66.4,13,66.5,3,2,2022-04-11 09:11:02
1649668264642933000,66.5,2,66.4,13,66.5,2,1,2022-04-11 09:11:04
1649668268701389000,66.5,2,66.4,16,66.7,12,1,2022-04-11 09:11:08
1649668268701389000,66.6,3,66.4,16,66.7,12,1,2022-04-11 09:11:08
1649668270586370000,66.5,1,66.5,1,66.6,2,2,2022-04-11 09:11:10
1649668271369123000,66.6,1,66.5,1,66.6,1,1,2022-04-11 09:11:11
1649668274288247000,66.6,2,66.5,3,66.6,2,1,2022-04-11 09:11:14
1649668274692612000,66.5,3,66.3,63,66.6,2,2,2022-04-11 09:11:14
1649668274692612000,66.4,23,66.3,63,66.6,2,2,2022-04-11 09:11:14
1649668274692612000,66.3,4,66.3,63,66.6,2,2,2022-04-11 09:11:14
1649668277249069000,66.5,1,66.5,3,66.6,3,2,2022-04-11 09:11:17
1649668279495493000,66.5,2,66.5,1,66.6,7,2,2022-04-11 09:11:19
1649668279525352000,66.5,1,66.4,2,66.6,7,2,2022-04-11 09:11:19
1649668282434572000,66.5,1,66.4,11,66.6,6,1,2022-04-11 09:11:22
1649668282434572000,66.6,1,66.4,11,66.6,6,1,2022-04-11 09:11:22
1649668284361913000,66.5,4,66.5,46,66.6,6,1,2022-04-11 09:11:24
1649668287464340000,66.6,2,66.5,47,66.6,4,1,2022-04-11 09:11:27
1649668288167949000,66.6,1,66.5,52,66.6,3,1,2022-04-11 09:11:28
1649668288202687000,66.6,1,66.5,52,66.6,2,1,2022-04-11 09:11:28
1649668289081478000,66.6,2,66.5,53,66.7,12,1,2022-04-11 09:11:29
1649668289407828000,66.7,2,66.5,53,66.7,9,1,2022-04-11 09:11:29
1649668289416532000,66.7,1,66.5,53,66.7,8,1,2022-04-11 09:11:29
1649668289638337000,66.5,1,66.5,52,66.7,6,2,2022-04-11 09:11:29
1649668290558688000,66.7,1,66.6,4,66.7,5,1,2022-04-11 09:11:30
1649668290951086000,66.6,1,66.6,3,66.7,5,2,2022-04-11 09:11:30
1649668291352784000,66.7,3,66.6,3,66.7,2,1,2022-04-11 09:11:31
1649668298050072000,66.6,5,66.6,5,66.7,2,2,2022-04-11 09:11:38
1649668299132701000,66.7,1,66.6,5,66.7,1,1,2022-04-11 09:11:39
1649668299466896000,66.7,1,66.6,5,66.8,17,1,2022-04-11 09:11:39
1649668303143114000,66.8,11,66.7,10,66.8,1,1,2022-04-11 09:11:43
1649668303175262000,66.8,1,66.7,11,66.9,21,1,2022-04-11 09:11:43
1649668308388534000,66.8,2,66.7,12,66.9,21,1,2022-04-11 09:11:48
1649668310779730000,66.8,1,66.8,1,66.9,21,2,2022-04-11 09:11:50
1649668311003051000,66.9,3,66.8,1,66.9,18,1,2022-04-11 09:11:51
1649668315182057000,66.8,1,66.7,9,66.9,18,2,2022-04-11 09:11:55
1649668317467401000,66.8,1,66.7,5,66.8,1,1,2022-04-11 09:11:57
1649668317750932000,66.8,1,66.7,5,66.9,18,1,2022-04-11 09:11:57
1649668320086829000,66.9,1,66.8,3,66.9,17,1,2022-04-11 09:12:00
1649668320146363000,66.8,3,66.7,5,66.8,5,2,2022-04-11 09:12:00
1649668320738644000,66.8,1,66.7,6,66.8,4,1,2022-04-11 09:12:00
1649668321469886000,66.8,1,66.7,9,66.8,3,1,2022-04-11 09:12:01
1649668321781844000,66.8,3,66.7,9,66.8,2,1,2022-04-11 09:12:01
