ts,close,volume,bid_price,bid_volume,ask_price,ask_volume,tick_type,datetime
1653642124895758000,62.5,698,62.4,2,62.5,1,1,2022-05-27 09:02:04
1653642125010329000,62.4,1,62.4,1,62.5,3,2,2022-05-27 09:02:05
1653642125105723000,62.4,1,62.3,15,62.5,3,2,2022-05-27 09:02:05
1653642125105723000,62.3,1,62.3,15,62.5,3,2,2022-05-27 09:02:05
1653642125294610000,62.4,1,62.3,15,62.5,3,1,2022-05-27 09:02:05
1653642125502940000,62.3,3,62.3,12,62.5,3,2,2022-05-27 09:02:05
1653642125593741000,62.5,1,62.3,12,62.5,2,1,2022-05-27 09:02:05
1653642125729561000,62.5,1,62.3,12,62.5,1,1,2022-05-27 09:02:05
1653642126059326000,62.3,4,62.3,8,62.5,1,2,2022-05-27 09:02:06
1653642126066639000,62.3,4,62.3,4,62.5,1,2,2022-05-27 09:02:06
1653642126069416000,62.3,4,62.1,39,62.2,38,2,2022-05-27 09:02:06
1653642126069416000,62.2,6,62.1,39,62.2,38,2,2022-05-27 09:02:06
1653642126926118000,62.2,1,62.1,39,62.2,47,1,2022-05-27 09:02:06
1653642127060239000,62.1,1,62.1,38,62.2,47,2,2022-05-27 09:02:07
1653642127599112000,62.2,5,62.1,38,62.2,42,1,2022-05-27 09:02:07
1653642127669791000,62.1,9,62.1,29,62.2,42,2,2022-05-27 09:02:07
1653642128175004000,62.2,1,62.1,29,62.2,31,1,2022-05-27 09:02:08
1653642128394107000,62.1,1,62.1,28,62.2,31,2,2022-05-27 09:02:08
1653642128526549000,62.2,1,62.1,28,62.2,30,1,2022-05-27 09:02:08
1653642128702949000,62.2,1,62.1,28,62.2,29,1,2022-05-27 09:02:08
1653642128823535000,62.2,1,62.1,28,62.2,28,1,2022-05-27 09:02:08
1653642129120448000,62.2,1,62.1,28,62.2,27,1,2022-05-27 09:02:09
1653642129268200000,62.2,1,62.1,28,62.2,26,1,2022-05-27 09:02:09
1653642129649703000,62.2,1,62.1,28,62.2,25,1,2022-05-27 09:02:09
1653642130118220000,62.2,2,62.1,28,62.2,23,1,2022-05-27 09:02:10
1653642130135220000,62.1,19,62.1,9,62.2,23,2,2022-05-27 09:02:10
1653642130138118000,62.1,9,62.0,78,62.2,23,2,2022-05-27 09:02:10
1653642130369396000,62.1,1,62.0,78,62.1,5,1,2022-05-27 09:02:10
1653642130395498000,62.0,78,61.9,2,62.1,5,2,2022-05-27 09:02:10
1653642130444028000,62.0,5,61.9,2,62.0,1,1,2022-05-27 09:02:10
1653642130564579000,62.0,3,61.9,2,62.2,23,1,2022-05-27 09:02:10
1653642130564579000,62.1,5,61.9,2,62.2,23,1,2022-05-27 09:02:10
1653642130564579000,62.2,2,61.9,2,62.2,23,1,2022-05-27 09:02:10
1653642130934715000,62.1,4,61.9,3,62.1,22,1,2022-05-27 09:02:10
1653642130989233000,61.9,3,61.8,65,61.9,1,2,2022-05-27 09:02:10
1653642131106234000,61.9,7,61.8,65,61.9,10,1,2022-05-27 09:02:11
1653642131319923000,61.9,5,61.8,65,61.9,5,1,2022-05-27 09:02:11
1653642131397120000,61.9,1,61.8,65,61.9,14,1,2022-05-27 09:02:11
1653642131661556000,61.8,10,61.8,55,61.9,14,2,2022-05-27 09:02:11
1653642131688365000,61.9,1,61.8,55,61.9,13,1,2022-05-27 09:02:11
1653642131701619000,61.9,1,61.8,55,61.9,12,1,2022-05-27 09:02:11
1653642131701957000,61.8,1,61.8,54,61.9,12,2,2022-05-27 09:02:11
1653642131729588000,61.8,1,61.8,53,61.9,12,2,2022-05-27 09:02:11
1653642131729962000,61.8,1,61.8,52,61.9,12,2,2022-05-27 09:02:11
1653642132402626000,61.9,1,61.8,52,61.9,3,1,2022-05-27 09:02:12
1653642132417684000,61.9,2,61.8,52,61.9,1,1,2022-05-27 09:02:12
1653642132457982000,61.8,1,61.8,51,61.9,1,2,2022-05-27 09:02:12
1653642132971888000,61.9,1,61.8,51,62.0,18,1,2022-05-27 09:02:12
1653642133125773000,61.8,1,61.8,50,62.0,16,2,2022-05-27 09:02:13
1653642133823311000,62.0,1,61.8,50,62.0,9,1,2022-05-27 09:02:13
1653642134476226000,62.0,1,61.8,50,62.0,8,1,2022-05-27 09:02:14
1653642134968049000,62.0,8,61.8,50,62.2,34,1,2022-05-27 09:02:14
1653642134968049000,62.1,3,61.8,50,62.2,34,1,2022-05-27 09:02:14
1653642134968049000,62.2,145,61.8,50,62.2,34,1,2022-05-27 09:02:14
1653642135485813000,62.2,2,61.9,12,62.2,32,1,2022-05-27 09:02:15
1653642135661749000,62.2,10,61.9,14,62.2,22,1,2022-05-27 09:02:15
1653642135728945000,61.9,1,61.9,18,62.2,22,2,2022-05-27 09:02:15
1653642135829526000,62.2,5,61.9,18,62.2,17,1,2022-05-27 09:02:15
1653642135978107000,62.2,1,61.9,21,62.2,16,1,2022-05-27 09:02:15
1653642136727784000,62.2,5,62.0,16,62.2,11,1,2022-05-27 09:02:16
1653642136936825000,62.0,1,62.0,14,62.2,11,2,2022-05-27 09:02:16
1653642137056005000,62.2,1,62.0,16,62.2,10,1,2022-05-27 09:02:17
1653642137128333000,62.2,10,62.0,16,62.3,10,1,2022-05-27 09:02:17
1653642137211048000,62.3,10,62.0,17,62.4,1,1,2022-05-27 09:02:17
1653642137420028000,62.2,1,62.2,1,62.4,1,2,2022-05-27 09:02:17
1653642137884203000,62.4,1,62.2,18,62.5,9,1,2022-05-27 09:02:17
1653642137889674000,62.2,3,62.2,15,62.5,9,2,2022-05-27 09:02:17
1653642138387735000,62.4,6,62.4,4,62.5,9,2,2022-05-27 09:02:18
1653642138441616000,62.5,9,62.5,1,62.6,13,1,2022-05-27 09:02:18
1653642138844060000,62.6,10,62.5,1,62.6,3,1,2022-05-27 09:02:18
1653642138890839000,62.6,1,62.5,11,62.6,2,1,2022-05-27 09:02:18
1653642139518973000,62.6,1,62.5,11,62.6,1,1,2022-05-27 09:02:19
1653642139593996000,62.6,1,62.5,11,62.7,15,1,2022-05-27 09:02:19
1653642139593996000,62.7,2,62.5,11,62.7,15,1,2022-05-27 09:02:19
1653642139614402000,62.7,1,62.5,11,62.7,14,1,2022-05-27 09:02:19
1653642139666336000,62.7,1,62.5,11,62.7,13,1,2022-05-27 09:02:19
1653642140000019000,62.7,2,62.5,10,62.7,11,1,2022-05-27 09:02:20
1653642140103531000,62.7,1,62.5,10,62.7,10,1,2022-05-27 09:02:20
1653642140220602000,62.7,5,62.5,10,62.7,5,1,2022-05-27 09:02:20
1653642140413117000,62.7,1,62.5,10,62.7,4,1,2022-05-27 09:02:20
1653642140464378000,62.7,3,62.5,10,62.7,1,1,2022-05-27 09:02:20
1653642140480089000,62.5,1,62.5,9,62.7,1,2,2022-05-27 09:02:20
1653642140549031000,62.7,1,62.5,9,62.8,7,1,2022-05-27 09:02:20
1653642140583424000,62.8,1,62.5,9,62.8,6,1,2022-05-27 09:02:20
1653642140677231000,62.8,2,62.5,9,62.8,4,1,2022-05-27 09:02:20
1653642140928754000,62.8,1,62.7,20,62.8,3,1,2022-05-27 09:02:20
1653642141308599000,62.7,1,62.7,19,62.8,3,2,2022-05-27 09:02:21
1653642141423019000,62.8,1,62.7,19,62.8,2,1,2022-05-27 09:02:21
1653642141503618000,62.8,2,62.7,19,62.9,22,1,2022-05-27 09:02:21
1653642141503618000,62.9,1,62.7,19,62.9,22,1,2022-05-27 09:02:21
1653642141582137000,62.8,1,62.8,1,62.9,22,2,2022-05-27 09:02:21
1653642141651829000,62.9,1,62.8,1,62.9,21,1,2022-05-27 09:02:21
1653642141697633000,62.9,2,62.8,1,62.9,19,1,2022-05-27 09:02:21
1653642141989372000,62.9,10,62.8,3,62.9,9,1,2022-05-27 09:02:21
1653642142082700000,62.9,5,62.8,3,62.9,4,1,2022-05-27 09:02:22
1653642142116294000,62.9,1,62.8,3,62.9,3,1,2022-05-27 09:02:22
1653642142116297000,62.9,1,62.8,3,62.9,2,1,2022-05-27 09:02:22
1653642142116315000,62.9,1,62.8,3,62.9,1,1,2022-05-27 09:02:22
1653642142117164000,62.9,1,62.8,3,63.0,5,1,2022-05-27 09:02:22
1653642142183660000,63.0,5,63.0,11,63.2,2,1,2022-05-27 09:02:22
1653642142222991000,63.0,1,63.0,10,63.2,2,2,2022-05-27 09:02:22
1653642142261806000,63.2,1,63.0,10,63.2,1,1,2022-05-27 09:02:22
1653642142340802000,63.2,1,63.0,10,63.5,15,1,2022-05-27 09:02:22
1653642142953717000,63.5,2,63.2,1,63.5,13,1,2022-05-27 09:02:22
1653642143090178000,63.2,1,63.1,9,63.5,13,2,2022-05-27 09:02:23
1653642143222661000,63.1,1,63.1,8,63.4,5,2,2022-05-27 09:02:23
1653642143450040000,63.3,1,63.1,6,63.4,5,1,2022-05-27 09:02:23
1653642144078335000,63.4,6,63.1,9,63.5,4,1,2022-05-27 09:02:24
1653642144078335000,63.5,9,63.1,9,63.5,4,1,2022-05-27 09:02:24
1653642144087276000,63.1,1,63.1,8,63.5,4,2,2022-05-27 09:02:24
1653642144281914000,63.2,1,63.2,4,63.4,2,2,2022-05-27 09:02:24
1653642144332389000,63.2,4,63.0,10,63.1,28,2,2022-05-27 09:02:24
1653642144332389000,63.1,6,63.0,10,63.1,28,2,2022-05-27 09:02:24
1653642144778325000,63.1,2,63.0,10,63.1,26,1,2022-05-27 09:02:24
1653642144929905000,63.1,1,63.0,10,63.1,35,1,2022-05-27 09:02:24
1653642144941873000,63.1,1,63.0,10,63.1,34,1,2022-05-27 09:02:24
1653642144967713000,63.0,5,63.0,5,63.1,34,2,2022-05-27 09:02:24
1653642145000732000,63.0,1,63.0,4,63.1,34,2,2022-05-27 09:02:25
1653642145000753000,63.0,1,63.0,3,63.1,34,2,2022-05-27 09:02:25
1653642145000811000,63.0,1,63.0,2,63.1,34,2,2022-05-27 09:02:25
1653642145000815000,63.0,1,63.0,1,63.1,34,2,2022-05-27 09:02:25
1653642145001159000,63.0,1,62.8,15,63.1,34,2,2022-05-27 09:02:25
1653642145352732000,62.8,2,62.8,13,63.0,23,2,2022-05-27 09:02:25
1653642145487592000,63.0,2,62.8,16,63.0,21,1,2022-05-27 09:02:25
1653642145508181000,63.0,1,62.8,16,63.0,20,1,2022-05-27 09:02:25
1653642145555759000,63.0,1,62.8,16,63.0,24,1,2022-05-27 09:02:25
1653642145700077000,62.9,1,62.8,16,62.9,5,1,2022-05-27 09:02:25
1653642145750481000,62.8,1,62.8,15,62.9,5,2,2022-05-27 09:02:25
1653642145925562000,62.9,1,62.8,15,62.9,5,1,2022-05-27 09:02:25
1653642145948772000,62.9,5,62.8,15,63.0,39,1,2022-05-27 09:02:25
1653642145948772000,63.0,5,62.8,15,63.0,39,1,2022-05-27 09:02:25
1653642145968232000,62.8,3,62.8,12,63.0,39,2,2022-05-27 09:02:25
1653642145999485000,62.8,12,62.7,2,63.0,39,2,2022-05-27 09:02:25
1653642146087096000,62.9,2,62.7,2,62.9,2,1,2022-05-27 09:02:26
1653642146147368000,62.8,1,62.7,2,62.8,2,1,2022-05-27 09:02:26
1653642146227435000,62.7,1,62.7,1,62.8,2,2,2022-05-27 09:02:26
1653642146297306000,62.8,2,62.7,1,62.9,5,1,2022-05-27 09:02:26
1653642146432921000,62.9,1,62.7,1,62.9,4,1,2022-05-27 09:02:26
1653642146637433000,62.9,6,62.7,1,63.0,37,1,2022-05-27 09:02:26
1653642146637433000,63.0,4,62.7,1,63.0,37,1,2022-05-27 09:02:26
1653642146788995000,62.7,1,62.6,22,62.7,13,2,2022-05-27 09:02:26
1653642146844094000,62.7,3,62.6,22,62.7,10,1,2022-05-27 09:02:26
1653642146864988000,62.6,1,62.6,21,62.7,10,2,2022-05-27 09:02:26
1653642146885696000,62.6,1,62.6,20,62.7,10,2,2022-05-27 09:02:26
1653642146908355000,62.6,1,62.6,19,62.7,10,2,2022-05-27 09:02:26
1653642146982371000,62.7,1,62.6,19,62.7,9,1,2022-05-27 09:02:26
1653642147327740000,62.7,1,62.6,19,62.7,8,1,2022-05-27 09:02:27
1653642147382097000,62.7,1,62.6,19,62.7,7,1,2022-05-27 09:02:27
1653642147411086000,62.6,1,62.6,21,62.7,7,2,2022-05-27 09:02:27
1653642147484028000,62.7,1,62.6,21,62.7,6,1,2022-05-27 09:02:27
1653642147644421000,62.6,10,62.6,11,62.7,6,2,2022-05-27 09:02:27
1653642147676229000,62.6,11,62.5,4,62.7,6,2,2022-05-27 09:02:27
1653642147957770000,62.5,4,62.2,12,62.6,6,2,2022-05-27 09:02:27
1653642147957770000,62.2,1,62.2,12,62.6,6,2,2022-05-27 09:02:27
1653642147981850000,62.6,2,62.2,12,62.6,14,1,2022-05-27 09:02:27
1653642147995042000,62.5,1,62.2,12,62.6,14,1,2022-05-27 09:02:27
1653642148052011000,62.2,1,62.2,11,62.5,1,2,2022-05-27 09:02:28
1653642148091822000,62.5,1,62.2,11,62.6,14,1,2022-05-27 09:02:28
1653642148093564000,62.6,1,62.2,11,62.6,13,1,2022-05-27 09:02:28
1653642148206164000,62.6,3,62.2,11,62.6,20,1,2022-05-27 09:02:28
1653642148308408000,62.6,2,62.2,11,62.6,18,1,2022-05-27 09:02:28
1653642148486431000,62.6,1,62.2,10,62.6,17,1,2022-05-27 09:02:28
1653642148661197000,62.4,3,62.2,10,62.4,3,1,2022-05-27 09:02:28
1653642148691355000,62.4,1,62.3,1,62.4,2,1,2022-05-27 09:02:28
1653642148781922000,62.3,3,62.2,10,62.3,2,2,2022-05-27 09:02:28
1653642148798778000,62.3,2,62.2,10,62.4,2,1,2022-05-27 09:02:28
1653642149305517000,62.4,1,62.2,10,62.4,1,1,2022-05-27 09:02:29
1653642149457772000,62.4,1,62.2,10,62.5,2,1,2022-05-27 09:02:29
1653642149457772000,62.5,2,62.2,10,62.5,2,1,2022-05-27 09:02:29
1653642150363180000,62.4,1,62.3,2,62.4,3,1,2022-05-27 09:02:30
1653642150365273000,62.4,2,62.3,2,62.4,1,1,2022-05-27 09:02:30
1653642150499240000,62.4,1,62.3,2,62.6,16,1,2022-05-27 09:02:30
1653642150499240000,62.5,2,62.3,2,62.6,16,1,2022-05-27 09:02:30
1653642150499240000,62.6,2,62.3,2,62.6,16,1,2022-05-27 09:02:30
1653642150520377000,62.6,5,62.3,2,62.6,11,1,2022-05-27 09:02:30
1653642150553713000,62.5,1,62.2,7,62.6,11,2,2022-05-27 09:02:30
1653642150553713000,62.3,2,62.2,7,62.6,11,2,2022-05-27 09:02:30
1653642150553713000,62.2,3,62.2,7,62.6,11,2,2022-05-27 09:02:30
1653642150736648000,62.6,1,62.2,7,62.6,10,1,2022-05-27 09:02:30
1653642151021716000,62.3,1,62.2,7,62.3,9,1,2022-05-27 09:02:31
1653642151392397000,62.3,2,62.2,7,62.3,7,1,2022-05-27 09:02:31
1653642151720438000,62.3,1,62.2,11,62.3,6,1,2022-05-27 09:02:31
1653642151750776000,62.2,1,62.2,10,62.3,6,2,2022-05-27 09:02:31
1653642151906338000,62.3,6,62.3,4,62.5,2,1,2022-05-27 09:02:31
1653642151914635000,62.5,1,62.3,4,62.5,1,1,2022-05-27 09:02:31
1653642152113840000,62.4,1,62.3,4,62.5,1,1,2022-05-27 09:02:32
1653642152206253000,62.3,1,62.3,3,62.5,1,2,2022-05-27 09:02:32
1653642152312663000,62.5,1,62.3,3,62.6,3,1,2022-05-27 09:02:32
1653642152475377000,62.3,2,62.3,1,62.4,1,2,2022-05-27 09:02:32
1653642152584246000,62.4,1,62.3,2,62.6,3,1,2022-05-27 09:02:32
1653642152765354000,62.3,2,62.2,13,62.5,2,2,2022-05-27 09:02:32
1653642152765354000,62.2,1,62.2,13,62.5,2,2,2022-05-27 09:02:32
1653642152937208000,62.3,1,62.2,13,62.5,2,2,2022-05-27 09:02:32
1653642152937296000,62.5,2,62.5,8,62.6,3,1,2022-05-27 09:02:32
1653642152940003000,62.5,1,62.5,7,62.6,3,2,2022-05-27 09:02:32
1653642153289465000,62.6,3,62.5,7,62.7,9,1,2022-05-27 09:02:33
1653642153289465000,62.7,1,62.5,7,62.7,9,1,2022-05-27 09:02:33
1653642153428418000,62.7,1,62.5,7,62.7,8,1,2022-05-27 09:02:33
1653642154077241000,62.6,1,62.6,2,62.7,8,1,2022-05-27 09:02:34
1653642154108653000,62.6,1,62.6,1,62.7,8,2,2022-05-27 09:02:34
1653642154432269000,62.7,7,62.6,2,62.9,5,1,2022-05-27 09:02:34
1653642154432269000,62.8,3,62.6,2,62.9,5,1,2022-05-27 09:02:34
1653642154790300000,62.8,1,62.6,2,62.9,6,1,2022-05-27 09:02:34
1653642155538035000,62.9,4,62.7,8,62.9,8,1,2022-05-27 09:02:35
1653642155720090000,62.7,1,62.7,7,62.9,8,2,2022-05-27 09:02:35
1653642155720135000,62.7,1,62.7,6,62.9,8,2,2022-05-27 09:02:35
1653642155720139000,62.7,4,62.7,2,62.9,8,2,2022-05-27 09:02:35
1653642155768169000,62.7,2,62.6,12,62.9,8,2,2022-05-27 09:02:35
1653642155768169000,62.6,2,62.6,12,62.9,8,2,2022-05-27 09:02:35
1653642155958779000,62.9,2,62.6,15,62.9,6,1,2022-05-27 09:02:35
1653642156034152000,62.9,1,62.6,15,62.9,5,1,2022-05-27 09:02:36
1653642156752974000,62.9,8,62.8,6,63.2,26,1,2022-05-27 09:02:36
1653642156752974000,63.0,14,62.8,6,63.2,26,1,2022-05-27 09:02:36
1653642156752974000,63.1,3,62.8,6,63.2,26,1,2022-05-27 09:02:36
1653642156752974000,63.2,131,62.8,6,63.2,26,1,2022-05-27 09:02:36
1653642157223954000,63.2,1,62.9,8,63.2,25,1,2022-05-27 09:02:37
1653642157485012000,63.0,1,63.0,4,63.2,25,2,2022-05-27 09:02:37
1653642157911426000,63.2,10,63.0,4,63.2,15,1,2022-05-27 09:02:37
1653642158434640000,63.0,3,63.0,4,63.1,1,2,2022-05-27 09:02:38
1653642158507549000,63.0,1,63.0,3,63.1,1,2,2022-05-27 09:02:38
1653642158548161000,63.1,1,63.0,3,63.2,14,1,2022-05-27 09:02:38
1653642158548161000,63.2,1,63.0,3,63.2,14,1,2022-05-27 09:02:38
1653642158721472000,63.0,1,63.0,2,63.2,14,2,2022-05-27 09:02:38
1653642159146280000,63.1,1,63.0,1,63.1,2,1,2022-05-27 09:02:39
1653642159238527000,63.1,3,62.9,4,63.1,4,1,2022-05-27 09:02:39
1653642159380187000,63.1,1,62.9,4,63.1,3,1,2022-05-27 09:02:39
1653642159478417000,63.1,2,62.9,4,63.1,1,1,2022-05-27 09:02:39
1653642159610712000,63.1,1,62.9,4,63.2,11,1,2022-05-27 09:02:39
1653642159610712000,63.2,3,62.9,4,63.2,11,1,2022-05-27 09:02:39
1653642159667791000,63.2,1,62.9,11,63.2,10,1,2022-05-27 09:02:39
1653642159786191000,63.0,1,62.9,12,63.2,10,1,2022-05-27 09:02:39
1653642159982346000,63.2,10,63.1,2,63.5,27,1,2022-05-27 09:02:39
1653642159982346000,63.3,10,63.1,2,63.5,27,1,2022-05-27 09:02:39
1653642159982346000,63.4,2,63.1,2,63.5,27,1,2022-05-27 09:02:39
1653642159982346000,63.5,134,63.1,2,63.5,27,1,2022-05-27 09:02:39
1653642160284773000,63.5,3,63.1,2,63.5,24,1,2022-05-27 09:02:40
1653642160750695000,63.2,1,63.1,1,63.5,24,2,2022-05-27 09:02:40
1653642160750695000,63.1,1,63.1,1,63.5,24,2,2022-05-27 09:02:40
1653642160823727000,63.2,1,63.1,1,63.5,24,1,2022-05-27 09:02:40
1653642160947883000,63.1,1,63.0,10,63.5,24,2,2022-05-27 09:02:40
1653642160971648000,63.0,1,63.0,9,63.3,1,2,2022-05-27 09:02:40
1653642161231976000,63.3,1,63.2,1,63.4,2,1,2022-05-27 09:02:41
1653642161292213000,63.4,2,63.2,1,63.5,10,1,2022-05-27 09:02:41
1653642161292213000,63.5,14,63.2,1,63.5,10,1,2022-05-27 09:02:41
1653642161509289000,63.2,1,63.2,1,63.4,1,2,2022-05-27 09:02:41
1653642161546551000,63.2,1,63.1,11,63.4,1,2,2022-05-27 09:02:41
1653642161583925000,63.3,1,63.1,4,63.5,10,1,2022-05-27 09:02:41
1653642161583925000,63.4,1,63.1,4,63.5,10,1,2022-05-27 09:02:41
1653642161704529000,63.5,3,63.1,5,63.5,7,1,2022-05-27 09:02:41
1653642162263104000,63.5,7,63.1,13,63.6,6,1,2022-05-27 09:02:42
1653642162263104000,63.6,3,63.1,13,63.6,6,1,2022-05-27 09:02:42
1653642162363896000,63.2,2,63.2,9,63.6,6,2,2022-05-27 09:02:42
1653642162738395000,63.5,1,63.2,11,63.5,2,1,2022-05-27 09:02:42
1653642162799236000,63.5,2,63.5,3,63.6,6,1,2022-05-27 09:02:42
1653642162831632000,63.5,1,63.5,2,63.6,6,2,2022-05-27 09:02:42
1653642162862249000,63.5,1,63.5,1,63.6,6,2,2022-05-27 09:02:42
1653642162999593000,63.6,2,63.5,1,63.6,4,1,2022-05-27 09:02:42
1653642163313554000,63.6,2,63.5,1,63.6,2,1,2022-05-27 09:02:43
1653642163538807000,63.5,1,63.0,11,63.6,2,2,2022-05-27 09:02:43
1653642163538807000,63.3,10,63.0,11,63.6,2,2,2022-05-27 09:02:43
1653642163538807000,63.2,7,63.0,11,63.6,2,2,2022-05-27 09:02:43
1653642163538807000,63.1,8,63.0,11,63.6,2,2,2022-05-27 09:02:43
1653642163538807000,63.0,4,63.0,11,63.6,2,2,2022-05-27 09:02:43
1653642163693603000,63.5,1,63.4,1,63.5,11,1,2022-05-27 09:02:43
1653642164029367000,63.4,1,63.0,10,63.5,11,2,2022-05-27 09:02:44
1653642164029367000,63.0,4,63.0,10,63.5,11,2,2022-05-27 09:02:44
1653642164086240000,63.5,1,63.2,1,63.5,10,1,2022-05-27 09:02:44
1653642164137909000,63.5,1,63.2,1,63.5,9,1,2022-05-27 09:02:44
1653642164369805000,63.5,1,63.2,1,63.5,11,1,2022-05-27 09:02:44
1653642164619957000,63.4,2,63.6,2,63.7,2,1,2022-05-27 09:02:44
1653642164619957000,63.5,11,63.6,2,63.7,2,1,2022-05-27 09:02:44
1653642164651439000,63.6,2,63.2,1,63.7,2,2,2022-05-27 09:02:44
1653642164653889000,63.7,1,63.2,1,63.7,1,1,2022-05-27 09:02:44
1653642164710300000,63.4,1,63.4,8,63.7,1,2,2022-05-27 09:02:44
1653642164836712000,63.5,1,63.4,8,63.8,1,1,2022-05-27 09:02:44
1653642164836712000,63.7,1,63.4,8,63.8,1,1,2022-05-27 09:02:44
1653642164836712000,63.8,5,63.4,8,63.8,1,1,2022-05-27 09:02:44
1653642164861957000,63.5,1,63.5,6,63.8,1,2,2022-05-27 09:02:44
1653642164871256000,63.8,1,63.5,6,63.9,4,1,2022-05-27 09:02:44
1653642164914418000,63.5,1,63.5,5,63.8,1,2,2022-05-27 09:02:44
1653642164937868000,63.5,5,63.4,8,63.8,1,2,2022-05-27 09:02:44
1653642165110477000,63.5,1,63.5,1,63.7,2,2,2022-05-27 09:02:45
1653642165117119000,63.7,1,63.5,1,63.7,1,1,2022-05-27 09:02:45
1653642165132385000,63.5,1,63.4,8,63.7,1,2,2022-05-27 09:02:45
1653642165154938000,63.4,1,63.4,7,63.7,4,2,2022-05-27 09:02:45
1653642165681411000,63.5,1,63.4,7,63.6,3,1,2022-05-27 09:02:45
1653642166196424000,63.5,1,63.4,8,63.5,2,1,2022-05-27 09:02:46
1653642166251575000,63.4,1,63.4,7,63.5,8,2,2022-05-27 09:02:46
1653642166396122000,63.5,1,63.4,7,63.5,7,1,2022-05-27 09:02:46
1653642166634051000,63.5,1,63.4,7,63.5,13,1,2022-05-27 09:02:46
1653642166659726000,63.5,13,63.5,37,63.6,8,1,2022-05-27 09:02:46
1653642166695347000,63.5,1,63.5,36,63.6,8,2,2022-05-27 09:02:46
1653642166749243000,63.5,5,63.5,31,63.6,8,2,2022-05-27 09:02:46
1653642166782639000,63.6,8,63.6,7,63.7,4,1,2022-05-27 09:02:46
1653642166808818000,63.6,3,63.6,4,63.7,4,2,2022-05-27 09:02:46
1653642166815935000,63.7,4,63.6,4,63.8,4,1,2022-05-27 09:02:46
1653642166815935000,63.8,3,63.6,4,63.8,4,1,2022-05-27 09:02:46
1653642166839349000,63.6,4,63.5,31,63.8,4,2,2022-05-27 09:02:46
1653642166923823000,63.5,16,63.5,16,63.7,7,2,2022-05-27 09:02:46
1653642166952144000,63.5,16,63.4,7,63.7,7,2,2022-05-27 09:02:46
1653642167230845000,63.5,1,63.5,7,63.6,1,2,2022-05-27 09:02:47
1653642167321590000,63.6,1,63.5,7,63.6,3,1,2022-05-27 09:02:47
1653642168029988000,63.6,5,63.5,8,63.6,3,1,2022-05-27 09:02:48
1653642168178655000,63.5,5,63.5,3,63.6,3,2,2022-05-27 09:02:48
1653642168356585000,63.6,1,63.5,4,63.6,2,1,2022-05-27 09:02:48
1653642168363179000,63.6,1,63.5,4,63.6,1,1,2022-05-27 09:02:48
1653642168371015000,63.5,4,63.4,8,63.5,6,2,2022-05-27 09:02:48
1653642168793540000,63.5,1,63.4,9,63.5,16,1,2022-05-27 09:02:48
1653642168794436000,63.4,1,63.4,8,63.5,16,2,2022-05-27 09:02:48
1653642168842494000,63.5,2,63.4,8,63.5,14,1,2022-05-27 09:02:48
1653642168844294000,63.5,1,63.4,8,63.5,13,1,2022-05-27 09:02:48
1653642168921884000,63.5,2,63.4,8,63.5,11,1,2022-05-27 09:02:48
1653642168931860000,63.4,2,63.4,6,63.5,11,2,2022-05-27 09:02:48
1653642169144577000,63.5,1,63.4,6,63.5,13,1,2022-05-27 09:02:49
1653642169152017000,63.4,1,63.4,5,63.5,13,2,2022-05-27 09:02:49
1653642169226532000,63.5,3,63.4,5,63.5,12,1,2022-05-27 09:02:49
1653642169470033000,63.4,2,63.4,3,63.5,12,2,2022-05-27 09:02:49
1653642169525568000,63.5,10,63.4,3,63.6,1,1,2022-05-27 09:02:49
1653642169649813000,63.4,1,63.4,2,63.6,1,2,2022-05-27 09:02:49
1653642169684289000,63.4,2,63.2,14,63.6,1,2,2022-05-27 09:02:49
1653642169785407000,63.4,1,63.2,14,63.4,1,1,2022-05-27 09:02:49
1653642169929203000,63.4,6,63.2,14,63.5,6,1,2022-05-27 09:02:49
1653642170036029000,63.4,2,63.2,14,63.4,4,1,2022-05-27 09:02:50
1653642170158952000,63.3,1,63.2,14,63.4,4,1,2022-05-27 09:02:50
1653642170158952000,63.4,4,63.2,14,63.4,4,1,2022-05-27 09:02:50
1653642170174887000,63.4,1,63.2,14,63.4,3,1,2022-05-27 09:02:50
1653642170186194000,63.4,1,63.2,14,63.4,2,1,2022-05-27 09:02:50
1653642170260205000,63.4,1,63.2,14,63.4,1,1,2022-05-27 09:02:50
1653642170389607000,63.4,1,63.2,14,63.5,12,1,2022-05-27 09:02:50
1653642170751024000,63.4,1,63.2,11,63.4,1,1,2022-05-27 09:02:50
1653642170762731000,63.4,1,63.2,11,63.5,13,1,2022-05-27 09:02:50
1653642170911787000,63.5,2,63.2,11,63.5,11,1,2022-05-27 09:02:50
1653642171164231000,63.4,1,63.2,11,63.4,4,1,2022-05-27 09:02:51
1653642171174529000,63.4,4,63.2,11,63.5,16,1,2022-05-27 09:02:51
1653642171174529000,63.5,1,63.2,11,63.5,16,1,2022-05-27 09:02:51
1653642171361064000,63.2,3,63.2,8,63.4,20,2,2022-05-27 09:02:51
1653642171399594000,63.2,8,63.1,7,63.4,22,2,2022-05-27 09:02:51
1653642171404517000,63.4,1,63.1,7,63.4,21,1,2022-05-27 09:02:51
1653642171523889000,63.1,1,63.1,6,63.3,1,2,2022-05-27 09:02:51
1653642171553016000,63.1,6,63.0,24,63.3,1,2,2022-05-27 09:02:51
1653642171650518000,63.2,1,63.0,26,63.3,1,1,2022-05-27 09:02:51
1653642171679195000,63.0,2,63.0,24,63.3,1,2,2022-05-27 09:02:51
1653642171929576000,63.2,1,63.0,24,63.4,20,1,2022-05-27 09:02:51
1653642171929576000,63.3,1,63.0,24,63.4,20,1,2022-05-27 09:02:51
1653642171929576000,63.4,1,63.0,24,63.4,20,1,2022-05-27 09:02:51
1653642171954787000,63.4,1,63.0,24,63.4,19,1,2022-05-27 09:02:51
1653642172038378000,63.2,2,63.0,62,63.2,2,2,2022-05-27 09:02:52
1653642172374801000,63.1,2,63.0,62,63.1,2,1,2022-05-27 09:02:52
1653642172377083000,63.1,2,63.0,62,63.2,2,1,2022-05-27 09:02:52
1653642172424935000,63.0,1,63.0,61,63.2,3,2,2022-05-27 09:02:52
1653642172608410000,63.2,1,63.0,62,63.2,2,1,2022-05-27 09:02:52
1653642172917898000,63.2,1,63.0,24,63.2,20,1,2022-05-27 09:02:52
1653642173126888000,63.1,1,63.0,24,63.2,24,1,2022-05-27 09:02:53
1653642173301480000,63.2,1,63.0,24,63.2,30,1,2022-05-27 09:02:53
1653642173310146000,63.0,3,63.0,21,63.2,30,2,2022-05-27 09:02:53
1653642173411568000,63.1,1,63.0,21,63.2,32,1,2022-05-27 09:02:53
1653642173411568000,63.2,1,63.0,21,63.2,32,1,2022-05-27 09:02:53
1653642173436672000,63.2,1,63.0,21,63.2,32,1,2022-05-27 09:02:53
1653642173682920000,63.1,1,63.0,26,63.1,6,1,2022-05-27 09:02:53
1653642173725127000,63.1,1,63.0,26,63.1,5,1,2022-05-27 09:02:53
1653642173805865000,63.0,3,63.0,23,63.1,5,2,2022-05-27 09:02:53
1653642173815865000,63.0,4,63.0,19,63.1,5,2,2022-05-27 09:02:53
1653642174126609000,63.0,19,62.9,5,63.0,19,2,2022-05-27 09:02:54
1653642174162826000,62.9,1,62.9,4,63.0,19,2,2022-05-27 09:02:54
1653642174163089000,62.9,1,62.9,3,63.0,19,2,2022-05-27 09:02:54
1653642174166048000,62.9,1,62.9,2,63.0,19,2,2022-05-27 09:02:54
1653642174172333000,62.9,1,62.9,1,63.0,19,2,2022-05-27 09:02:54
1653642174250442000,63.0,1,62.9,1,63.0,18,1,2022-05-27 09:02:54
1653642174502729000,63.0,4,62.9,1,63.0,14,1,2022-05-27 09:02:54
1653642174564816000,63.0,1,62.9,1,63.0,13,1,2022-05-27 09:02:54
1653642174642143000,62.9,1,62.8,3,63.0,13,2,2022-05-27 09:02:54
1653642174642143000,62.8,4,62.8,3,63.0,13,2,2022-05-27 09:02:54
1653642175219454000,62.9,1,62.8,3,62.9,6,1,2022-05-27 09:02:55
1653642175278960000,62.9,6,62.8,3,63.0,14,1,2022-05-27 09:02:55
1653642175354473000,62.8,2,62.8,1,63.0,14,2,2022-05-27 09:02:55
1653642175384997000,62.8,1,62.7,7,62.9,1,2,2022-05-27 09:02:55
1653642175420684000,62.9,1,62.7,7,63.0,10,1,2022-05-27 09:02:55
1653642175420684000,63.0,4,62.7,7,63.0,10,1,2022-05-27 09:02:55
1653642175519430000,63.0,1,62.7,6,63.0,9,1,2022-05-27 09:02:55
1653642175525981000,63.0,3,62.7,6,63.0,6,1,2022-05-27 09:02:55
1653642175578391000,62.7,2,62.7,4,63.0,6,2,2022-05-27 09:02:55
1653642175872540000,63.0,1,62.7,4,63.0,5,1,2022-05-27 09:02:55
1653642176727429000,62.7,4,62.7,4,62.9,17,2,2022-05-27 09:02:56
1653642176758394000,62.7,1,62.7,3,62.9,17,2,2022-05-27 09:02:56
1653642177026531000,62.8,1,62.7,3,62.8,1,1,2022-05-27 09:02:57
1653642177160662000,62.8,1,62.7,3,62.9,16,1,2022-05-27 09:02:57
1653642177160662000,62.9,1,62.7,3,62.9,16,1,2022-05-27 09:02:57
1653642177466032000,62.9,3,62.8,1,62.9,13,1,2022-05-27 09:02:57
1653642177500987000,62.9,2,62.8,1,62.9,11,1,2022-05-27 09:02:57
1653642177523172000,62.8,1,62.7,3,62.9,11,2,2022-05-27 09:02:57
1653642177577927000,62.9,1,62.8,5,62.9,10,1,2022-05-27 09:02:57
1653642177801595000,62.9,10,62.8,5,63.0,18,1,2022-05-27 09:02:57
1653642177809935000,63.0,1,62.8,5,63.0,17,1,2022-05-27 09:02:57
1653642178123599000,63.0,1,62.8,5,63.0,22,1,2022-05-27 09:02:58
1653642178328843000,62.8,3,62.8,2,62.9,1,2,2022-05-27 09:02:58
1653642178371124000,62.8,1,62.8,1,62.9,1,2,2022-05-27 09:02:58
1653642178452686000,62.9,1,62.9,4,63.0,22,1,2022-05-27 09:02:58
1653642178706056000,62.9,1,62.9,3,63.0,22,2,2022-05-27 09:02:58
1653642178714186000,63.0,10,62.9,3,63.0,12,1,2022-05-27 09:02:58
1653642178780714000,63.0,1,62.9,3,63.0,11,1,2022-05-27 09:02:58
1653642178824538000,63.0,1,62.9,3,63.0,10,1,2022-05-27 09:02:58
1653642179627429000,63.0,1,62.9,3,63.0,9,1,2022-05-27 09:02:59
1653642179651962000,63.0,1,62.9,3,63.0,8,1,2022-05-27 09:02:59
1653642179668056000,63.0,8,62.9,3,63.1,8,1,2022-05-27 09:02:59
1653642179705266000,63.1,1,62.9,3,63.1,7,1,2022-05-27 09:02:59
1653642180650488000,63.0,1,63.0,2,63.1,7,2,2022-05-27 09:03:00
1653642180872264000,63.1,2,63.0,2,63.1,5,1,2022-05-27 09:03:00
1653642181022851000,63.0,1,63.0,1,63.1,9,2,2022-05-27 09:03:01
1653642181047681000,63.0,1,62.8,8,62.9,1,2,2022-05-27 09:03:01
1653642181047681000,62.9,10,62.8,8,62.9,1,2,2022-05-27 09:03:01
1653642181085649000,62.8,1,62.8,7,62.9,1,2,2022-05-27 09:03:01
1653642181638250000,62.8,8,62.7,11,62.9,1,2,2022-05-27 09:03:01
1653642181638250000,62.7,1,62.7,11,62.9,1,2,2022-05-27 09:03:01
1653642181829105000,62.8,1,62.7,11,62.9,1,1,2022-05-27 09:03:01
1653642181923565000,62.7,11,62.6,11,62.7,3,2,2022-05-27 09:03:01
1653642181936973000,62.7,1,62.6,11,62.7,2,1,2022-05-27 09:03:01
1653642182103271000,62.7,2,62.6,9,62.9,4,1,2022-05-27 09:03:02
1653642182103271000,62.9,1,62.6,9,62.9,4,1,2022-05-27 09:03:02
1653642182146227000,62.8,1,62.6,9,62.9,4,1,2022-05-27 09:03:02
1653642182272182000,62.6,9,62.5,14,62.9,4,2,2022-05-27 09:03:02
1653642182272182000,62.5,11,62.5,14,62.9,4,2,2022-05-27 09:03:02
1653642182707421000,62.9,3,62.5,14,62.9,1,1,2022-05-27 09:03:02
1653642183102256000,62.7,1,62.7,2,62.8,1,2,2022-05-27 09:03:03
1653642183215595000,62.8,1,62.7,2,62.9,1,1,2022-05-27 09:03:03
1653642183288079000,62.9,1,62.7,2,63.0,14,1,2022-05-27 09:03:03
1653642183288079000,63.0,4,62.7,2,63.0,14,1,2022-05-27 09:03:03
1653642183392159000,62.7,1,62.7,1,62.9,2,2,2022-05-27 09:03:03
1653642183533171000,62.9,1,62.7,1,62.9,1,1,2022-05-27 09:03:03
1653642183602144000,62.7,1,62.6,3,62.8,3,2,2022-05-27 09:03:03
1653642184323232000,62.8,1,62.6,3,62.8,3,1,2022-05-27 09:03:04
1653642184328179000,62.6,1,62.6,2,62.8,3,2,2022-05-27 09:03:04
1653642184607100000,62.8,1,62.6,4,62.8,2,1,2022-05-27 09:03:04
1653642184677571000,62.8,1,62.6,4,62.8,1,1,2022-05-27 09:03:04
1653642184959047000,62.8,1,62.7,1,62.9,7,1,2022-05-27 09:03:04
1653642185637405000,62.7,1,62.6,9,62.8,5,2,2022-05-27 09:03:05
1653642185913053000,62.8,5,62.6,9,62.9,4,1,2022-05-27 09:03:05
1653642185913053000,62.9,5,62.6,9,62.9,4,1,2022-05-27 09:03:05
1653642186498929000,62.9,2,62.7,5,62.9,5,1,2022-05-27 09:03:06
1653642186755856000,62.9,5,62.7,5,62.9,1,1,2022-05-27 09:03:06
1653642187854820000,62.8,4,62.7,4,62.9,3,2,2022-05-27 09:03:07
1653642187854820000,62.7,4,62.7,4,62.9,3,2,2022-05-27 09:03:07
1653642188427574000,62.9,1,62.8,1,63.0,29,1,2022-05-27 09:03:08
1653642188610579000,62.9,1,62.8,1,62.9,3,1,2022-05-27 09:03:08
1653642188684384000,62.8,1,62.7,24,62.9,4,2,2022-05-27 09:03:08
1653642189663895000,62.8,1,62.8,6,62.9,5,2,2022-05-27 09:03:09
1653642190405973000,62.9,2,62.8,6,62.9,3,1,2022-05-27 09:03:10
1653642190738471000,62.8,1,62.8,5,62.9,3,2,2022-05-27 09:03:10
1653642190752543000,62.8,5,62.7,46,62.9,3,2,2022-05-27 09:03:10
1653642191127134000,62.8,1,62.8,1,62.9,3,2,2022-05-27 09:03:11
1653642191339583000,62.8,10,62.8,11,62.9,3,2,2022-05-27 09:03:11
1653642191378257000,62.8,1,62.8,10,62.9,3,2,2022-05-27 09:03:11
1653642191502161000,62.9,1,62.8,11,62.9,2,1,2022-05-27 09:03:11
1653642191775430000,62.9,2,62.8,14,62.9,1,1,2022-05-27 09:03:11
1653642191785878000,62.9,1,62.8,14,63.0,29,1,2022-05-27 09:03:11
1653642191785878000,63.0,4,62.8,14,63.0,29,1,2022-05-27 09:03:11
1653642192131417000,62.8,1,62.8,14,63.0,33,2,2022-05-27 09:03:12
1653642192508406000,62.9,1,62.8,19,63.0,33,1,2022-05-27 09:03:12
1653642192721349000,62.8,4,62.8,26,63.0,33,2,2022-05-27 09:03:12
1653642192851230000,62.8,1,62.8,26,63.0,33,2,2022-05-27 09:03:12
1653642192994212000,62.8,1,62.8,25,63.0,33,2,2022-05-27 09:03:12
1653642193255311000,62.9,1,62.9,2,63.0,33,2,2022-05-27 09:03:13
1653642193551171000,62.9,2,62.9,9,63.0,33,2,2022-05-27 09:03:13
1653642194049545000,63.0,10,62.9,9,63.0,23,1,2022-05-27 09:03:14
1653642194082369000,63.0,13,62.9,9,63.0,10,1,2022-05-27 09:03:14
1653642194085334000,63.0,1,62.9,9,63.0,9,1,2022-05-27 09:03:14
1653642194130827000,62.9,9,62.8,30,62.9,18,2,2022-05-27 09:03:14
1653642194198545000,62.8,6,62.8,24,62.9,18,2,2022-05-27 09:03:14
1653642194843369000,62.9,1,62.8,23,62.9,17,1,2022-05-27 09:03:14
1653642194895827000,62.9,1,62.8,23,62.9,16,1,2022-05-27 09:03:14
1653642195014568000,62.9,14,62.8,23,62.9,2,1,2022-05-27 09:03:15
1653642195043578000,62.9,2,62.8,23,63.0,9,1,2022-05-27 09:03:15
1653642195261600000,63.0,2,62.9,5,63.0,7,1,2022-05-27 09:03:15
1653642195842335000,62.9,1,62.9,4,63.0,8,2,2022-05-27 09:03:15
1653642195960571000,63.0,1,62.9,4,63.0,7,1,2022-05-27 09:03:15
1653642196053536000,63.0,2,62.9,4,63.0,5,1,2022-05-27 09:03:16
1653642196493368000,63.0,2,62.9,5,63.0,3,1,2022-05-27 09:03:16
1653642196529665000,63.0,3,62.9,5,63.1,13,1,2022-05-27 09:03:16
1653642196755355000,62.9,5,62.8,34,63.0,1,2,2022-05-27 09:03:16
1653642197022178000,63.0,1,62.9,1,63.1,13,1,2022-05-27 09:03:17
1653642197152364000,63.1,4,62.9,1,63.1,9,1,2022-05-27 09:03:17
1653642197199588000,62.9,1,62.8,36,62.9,4,2,2022-05-27 09:03:17
1653642197323402000,62.9,4,62.8,36,63.1,13,1,2022-05-27 09:03:17
1653642197692657000,62.9,1,62.8,38,63.0,1,2,2022-05-27 09:03:17
1653642197725694000,63.0,1,62.8,38,63.1,13,1,2022-05-27 09:03:17
1653642197904801000,63.1,2,62.8,38,63.1,11,1,2022-05-27 09:03:17
1653642197974438000,62.9,2,62.8,38,62.9,1,1,2022-05-27 09:03:17
1653642198010215000,62.9,1,62.8,38,63.1,11,1,2022-05-27 09:03:18
1653642198534976000,63.0,1,63.0,4,63.1,11,1,2022-05-27 09:03:18
1653642198927955000,63.1,4,63.0,5,63.1,7,1,2022-05-27 09:03:18
1653642199054510000,63.0,4,63.0,23,63.1,7,2,2022-05-27 09:03:19
1653642199284082000,63.1,1,63.0,23,63.1,6,1,2022-05-27 09:03:19
1653642199375379000,63.1,2,63.0,23,63.1,4,1,2022-05-27 09:03:19
1653642199456737000,63.1,2,63.0,23,63.1,2,1,2022-05-27 09:03:19
1653642199491954000,63.1,1,63.0,23,63.1,1,1,2022-05-27 09:03:19
1653642199910431000,63.1,1,63.0,24,63.3,2,1,2022-05-27 09:03:19
1653642199910431000,63.2,8,63.0,24,63.3,2,1,2022-05-27 09:03:19
1653642199910431000,63.3,1,63.0,24,63.3,2,1,2022-05-27 09:03:19
1653642200268993000,63.0,5,63.0,20,63.3,3,2,2022-05-27 09:03:20
1653642200329592000,63.3,3,63.0,20,63.4,11,1,2022-05-27 09:03:20
1653642200329592000,63.4,1,63.0,20,63.4,11,1,2022-05-27 09:03:20
1653642200411030000,63.4,3,63.1,7,63.4,8,1,2022-05-27 09:03:20
1653642200449793000,63.4,4,63.1,7,63.4,4,1,2022-05-27 09:03:20
1653642200715825000,63.4,1,63.1,9,63.4,3,1,2022-05-27 09:03:20
1653642201133092000,63.2,2,63.1,10,63.4,3,2,2022-05-27 09:03:21
1653642201559464000,63.4,2,63.2,5,63.4,3,1,2022-05-27 09:03:21
1653642201989506000,63.4,3,63.2,5,63.5,4,1,2022-05-27 09:03:21
1653642201989506000,63.5,7,63.2,5,63.5,4,1,2022-05-27 09:03:21
1653642202094520000,63.2,14,63.0,29,63.1,3,2,2022-05-27 09:03:22
1653642202094520000,63.1,10,63.0,29,63.1,3,2,2022-05-27 09:03:22
1653642202114693000,63.1,1,63.0,29,63.1,2,1,2022-05-27 09:03:22
1653642202114710000,63.1,1,63.0,29,63.1,1,1,2022-05-27 09:03:22
1653642202115526000,63.1,1,63.0,29,63.5,4,1,2022-05-27 09:03:22
1653642202375622000,63.1,2,63.0,26,63.4,7,2,2022-05-27 09:03:22
1653642202375622000,63.0,3,63.0,26,63.4,7,2,2022-05-27 09:03:22
1653642202405343000,63.0,1,63.0,25,63.4,7,2,2022-05-27 09:03:22
1653642202922319000,63.3,2,63.0,26,63.4,7,1,2022-05-27 09:03:22
1653642202922319000,63.4,1,63.0,26,63.4,7,1,2022-05-27 09:03:22
1653642203019333000,63.4,1,63.0,26,63.4,6,1,2022-05-27 09:03:23
1653642203970678000,63.1,1,63.0,27,63.3,8,2,2022-05-27 09:03:23
1653642204137839000,63.3,1,63.0,27,63.3,10,1,2022-05-27 09:03:24
1653642204299147000,63.3,4,63.1,1,63.3,6,1,2022-05-27 09:03:24
1653642204354127000,63.1,1,63.0,24,63.3,6,2,2022-05-27 09:03:24
1653642204354127000,63.0,4,63.0,24,63.3,6,2,2022-05-27 09:03:24
1653642204494891000,63.3,3,63.0,24,63.3,3,1,2022-05-27 09:03:24
1653642204555435000,63.0,1,63.0,23,63.3,3,2,2022-05-27 09:03:24
1653642205034088000,63.3,3,63.0,24,63.4,6,1,2022-05-27 09:03:25
1653642205034088000,63.4,3,63.0,24,63.4,6,1,2022-05-27 09:03:25
1653642205071736000,63.0,5,63.0,19,63.4,6,2,2022-05-27 09:03:25
1653642205249793000,63.3,1,63.0,19,63.3,1,1,2022-05-27 09:03:25
1653642205799593000,63.3,1,63.1,1,63.3,1,1,2022-05-27 09:03:25
1653642206394566000,63.3,1,63.1,1,63.3,2,1,2022-05-27 09:03:26
1653642206703015000,63.3,1,63.1,2,63.3,1,1,2022-05-27 09:03:26
1653642206740236000,63.3,1,63.1,2,63.4,9,1,2022-05-27 09:03:26
1653642206740236000,63.4,1,63.1,2,63.4,9,1,2022-05-27 09:03:26
1653642206929165000,63.3,1,63.1,3,63.4,14,1,2022-05-27 09:03:26
1653642207143337000,63.1,1,63.1,3,63.4,14,2,2022-05-27 09:03:27
1653642207492405000,63.3,1,63.2,1,63.4,15,1,2022-05-27 09:03:27
1653642207698547000,63.3,1,63.2,1,63.3,12,1,2022-05-27 09:03:27
1653642207826129000,63.2,1,63.1,5,63.3,12,2,2022-05-27 09:03:27
1653642207876276000,63.3,2,63.1,5,63.3,10,1,2022-05-27 09:03:27
1653642208029484000,63.3,1,63.1,5,63.3,9,1,2022-05-27 09:03:28
1653642208320477000,63.3,6,63.1,10,63.3,7,1,2022-05-27 09:03:28
1653642208512393000,63.1,6,63.1,4,63.2,1,2,2022-05-27 09:03:28
1653642208616262000,63.2,1,63.1,4,63.4,11,1,2022-05-27 09:03:28
1653642208616262000,63.3,10,63.1,4,63.4,11,1,2022-05-27 09:03:28
1653642208616262000,63.4,4,63.1,4,63.4,11,1,2022-05-27 09:03:28
1653642209367008000,63.2,1,63.1,10,63.2,4,1,2022-05-27 09:03:29
1653642209824567000,63.2,1,63.1,11,63.2,3,1,2022-05-27 09:03:29
1653642209850008000,63.2,2,63.1,11,63.2,1,1,2022-05-27 09:03:29
1653642210149566000,63.2,1,63.1,11,63.3,7,1,2022-05-27 09:03:30
1653642210165477000,63.3,3,63.1,11,63.3,4,1,2022-05-27 09:03:30
1653642210450065000,63.1,13,63.0,35,63.1,14,2,2022-05-27 09:03:30
1653642210549159000,63.1,1,63.0,36,63.1,13,1,2022-05-27 09:03:30
1653642210552381000,63.1,1,63.0,36,63.1,12,1,2022-05-27 09:03:30
1653642210823638000,63.1,1,63.0,38,63.1,11,1,2022-05-27 09:03:30
1653642210841360000,63.1,1,63.0,38,63.1,10,1,2022-05-27 09:03:30
1653642210896938000,63.1,3,63.0,38,63.1,7,1,2022-05-27 09:03:30
1653642210897465000,63.1,1,63.0,38,63.1,6,1,2022-05-27 09:03:30
1653642210921245000,63.1,1,63.0,38,63.1,5,1,2022-05-27 09:03:30
1653642210964533000,63.1,1,63.0,38,63.1,4,1,2022-05-27 09:03:30
1653642210985261000,63.1,1,63.0,38,63.1,3,1,2022-05-27 09:03:30
1653642210992918000,63.1,1,63.0,38,63.1,2,1,2022-05-27 09:03:30
1653642210995934000,63.1,1,63.0,38,63.1,1,1,2022-05-27 09:03:30
1653642211017162000,63.1,1,63.0,38,63.3,7,1,2022-05-27 09:03:31
1653642211022348000,63.0,20,63.0,18,63.3,7,2,2022-05-27 09:03:31
1653642211288170000,63.2,1,63.0,20,63.2,2,1,2022-05-27 09:03:31
1653642211314289000,63.2,1,63.0,20,63.2,1,1,2022-05-27 09:03:31
1653642211426910000,63.2,1,63.0,20,63.3,12,1,2022-05-27 09:03:31
1653642211426910000,63.3,2,63.0,20,63.3,12,1,2022-05-27 09:03:31
1653642211907129000,63.3,1,63.0,20,63.3,12,1,2022-05-27 09:03:31
1653642211943760000,63.2,5,63.2,5,63.3,12,2,2022-05-27 09:03:31
1653642211984492000,63.2,1,63.2,4,63.3,12,2,2022-05-27 09:03:31
1653642211984648000,63.2,1,63.2,3,63.3,12,2,2022-05-27 09:03:31
1653642211984654000,63.2,1,63.2,2,63.3,12,2,2022-05-27 09:03:31
1653642212015263000,63.2,2,63.0,20,63.3,12,2,2022-05-27 09:03:32
1653642212209709000,63.0,1,63.0,20,63.3,13,2,2022-05-27 09:03:32
1653642212341424000,63.1,1,63.0,20,63.1,1,1,2022-05-27 09:03:32
1653642212579297000,63.1,1,63.1,1,63.2,5,1,2022-05-27 09:03:32
1653642212591730000,63.2,1,63.1,1,63.2,4,1,2022-05-27 09:03:32
1653642213184639000,63.2,1,63.1,1,63.2,30,1,2022-05-27 09:03:33
1653642213652282000,63.2,2,63.1,1,63.2,28,1,2022-05-27 09:03:33
1653642213876417000,63.1,1,63.0,28,63.2,28,2,2022-05-27 09:03:33
1653642214632411000,63.0,4,63.0,31,63.1,27,2,2022-05-27 09:03:34
1653642214865864000,63.0,1,63.0,30,63.1,29,2,2022-05-27 09:03:34
1653642214878944000,63.0,10,63.0,20,63.1,29,2,2022-05-27 09:03:34
1653642214919094000,63.0,20,62.9,13,63.1,29,2,2022-05-27 09:03:34
1653642215246341000,63.0,2,62.9,13,63.0,1,1,2022-05-27 09:03:35
1653642215440711000,63.0,1,62.9,13,63.1,50,1,2022-05-27 09:03:35
1653642215529803000,63.0,1,62.9,13,63.0,4,1,2022-05-27 09:03:35
1653642215751929000,63.0,1,62.9,13,63.0,11,1,2022-05-27 09:03:35
1653642215859700000,63.0,1,62.9,13,63.0,15,1,2022-05-27 09:03:35
1653642215892085000,63.0,2,62.9,13,63.0,13,1,2022-05-27 09:03:35
1653642215898253000,63.0,1,62.9,13,63.0,12,1,2022-05-27 09:03:35
1653642216105887000,62.9,6,62.9,7,63.0,16,2,2022-05-27 09:03:36
1653642216119755000,62.9,7,62.8,51,63.0,16,2,2022-05-27 09:03:36
1653642216119755000,62.8,3,62.8,51,63.0,16,2,2022-05-27 09:03:36
1653642216233665000,63.0,10,62.8,53,63.0,6,1,2022-05-27 09:03:36
1653642216466143000,62.9,3,62.8,55,62.9,1,1,2022-05-27 09:03:36
1653642216962489000,62.9,1,62.8,55,63.0,5,1,2022-05-27 09:03:36
1653642216962489000,63.0,1,62.8,55,63.0,5,1,2022-05-27 09:03:36
1653642216972071000,63.0,2,62.8,55,63.0,3,1,2022-05-27 09:03:36
1653642217232798000,62.9,1,62.8,55,62.9,1,1,2022-05-27 09:03:37
1653642217314312000,62.9,1,62.8,55,63.0,3,1,2022-05-27 09:03:37
1653642217362684000,63.0,1,62.9,4,63.0,2,1,2022-05-27 09:03:37
1653642217506443000,63.0,2,62.9,4,63.1,36,1,2022-05-27 09:03:37
1653642217673106000,63.0,1,62.9,4,63.1,36,1,2022-05-27 09:03:37
1653642218392277000,63.1,2,63.0,2,63.1,16,1,2022-05-27 09:03:38
1653642218509717000,63.1,5,63.0,2,63.1,11,1,2022-05-27 09:03:38
1653642218530411000,63.0,1,63.0,1,63.1,11,2,2022-05-27 09:03:38
1653642218788596000,63.0,1,62.8,51,63.1,9,2,2022-05-27 09:03:38
1653642218788596000,62.9,4,62.8,51,63.1,9,2,2022-05-27 09:03:38
1653642218788596000,62.8,5,62.8,51,63.1,9,2,2022-05-27 09:03:38
1653642218991663000,63.0,1,63.0,3,63.1,9,1,2022-05-27 09:03:38
1653642219406158000,63.1,3,63.0,24,63.1,6,1,2022-05-27 09:03:39
1653642219453394000,63.0,24,62.7,93,63.1,6,2,2022-05-27 09:03:39
1653642219453394000,62.9,3,62.7,93,63.1,6,2,2022-05-27 09:03:39
1653642219453394000,62.8,51,62.7,93,63.1,6,2,2022-05-27 09:03:39
1653642219453394000,62.7,78,62.7,93,63.1,6,2,2022-05-27 09:03:39
1653642219552731000,63.0,1,62.7,93,63.0,1,1,2022-05-27 09:03:39
1653642219573813000,63.0,1,62.7,93,63.1,2,1,2022-05-27 09:03:39
1653642219573813000,63.1,4,62.7,93,63.1,2,1,2022-05-27 09:03:39
1653642219723076000,62.8,5,62.8,2,63.1,2,2,2022-05-27 09:03:39
1653642219749984000,62.8,1,62.8,1,63.1,2,2,2022-05-27 09:03:39
1653642220122407000,62.9,2,62.9,3,63.0,8,2,2022-05-27 09:03:40
1653642220196900000,63.0,1,62.9,3,63.0,7,1,2022-05-27 09:03:40
1653642220589534000,63.0,7,63.0,4,63.1,2,1,2022-05-27 09:03:40
1653642220633041000,63.1,1,63.0,4,63.1,6,1,2022-05-27 09:03:40
1653642221118605000,63.0,2,63.0,7,63.1,6,2,2022-05-27 09:03:41
1653642221536277000,63.0,8,62.9,3,63.0,92,2,2022-05-27 09:03:41
1653642221741878000,63.0,1,62.9,3,63.0,92,1,2022-05-27 09:03:41
1653642221797399000,62.9,1,62.9,2,63.0,92,2,2022-05-27 09:03:41
1653642221890474000,62.9,2,62.8,8,63.0,92,2,2022-05-27 09:03:41
1653642222265884000,62.9,1,62.8,10,63.0,92,2,2022-05-27 09:03:42
1653642222610498000,62.8,1,62.8,9,62.9,13,2,2022-05-27 09:03:42
1653642222895723000,62.8,3,62.8,6,62.9,13,2,2022-05-27 09:03:42
1653642222931205000,62.8,5,62.8,1,62.9,13,2,2022-05-27 09:03:42
1653642223236942000,62.8,3,62.6,13,62.7,59,2,2022-05-27 09:03:43
1653642223236942000,62.7,94,62.6,13,62.7,59,2,2022-05-27 09:03:43
1653642223256765000,62.7,2,62.6,13,62.7,57,1,2022-05-27 09:03:43
1653642223277427000,62.6,1,62.6,12,62.7,57,2,2022-05-27 09:03:43
1653642223664143000,62.7,2,62.6,12,62.7,55,1,2022-05-27 09:03:43
1653642223831936000,62.7,4,62.6,12,62.7,51,1,2022-05-27 09:03:43
1653642224000327000,62.6,10,62.6,2,62.8,1,2,2022-05-27 09:03:44
1653642224120689000,62.7,1,62.6,2,62.8,7,1,2022-05-27 09:03:44
1653642224180435000,62.6,1,62.6,1,62.8,7,2,2022-05-27 09:03:44
1653642224435887000,62.8,1,62.6,1,62.8,6,1,2022-05-27 09:03:44
1653642224971898000,62.8,2,62.6,2,62.8,6,1,2022-05-27 09:03:44
1653642225039124000,62.8,1,62.6,2,62.8,5,1,2022-05-27 09:03:45
1653642225273947000,62.6,1,62.6,1,62.8,6,2,2022-05-27 09:03:45
1653642225340461000,62.8,1,62.6,1,62.8,5,1,2022-05-27 09:03:45
1653642225393314000,62.8,1,62.6,1,62.8,4,1,2022-05-27 09:03:45
1653642225394472000,62.8,1,62.6,1,62.8,3,1,2022-05-27 09:03:45
1653642226253850000,62.6,1,62.6,1,62.8,4,2,2022-05-27 09:03:46
1653642226862571000,62.7,1,62.6,1,62.8,6,1,2022-05-27 09:03:46
1653642226875649000,62.8,6,62.9,3,63.0,12,1,2022-05-27 09:03:46
1653642226875649000,62.9,1,62.9,3,63.0,12,1,2022-05-27 09:03:46
1653642227112910000,62.9,1,62.9,2,63.0,11,2,2022-05-27 09:03:47
1653642227363218000,63.0,10,62.9,2,63.0,2,1,2022-05-27 09:03:47
1653642227560189000,62.9,2,62.6,10,63.0,2,2,2022-05-27 09:03:47
1653642227796936000,62.6,3,62.6,7,63.0,2,2,2022-05-27 09:03:47
1653642227801404000,63.0,2,62.6,7,63.2,2,1,2022-05-27 09:03:47
1653642227801404000,63.1,6,62.6,7,63.2,2,1,2022-05-27 09:03:47
1653642227801404000,63.2,2,62.6,7,63.2,2,1,2022-05-27 09:03:47
1653642227874998000,63.1,2,62.7,1,63.2,1,1,2022-05-27 09:03:47
1653642227874998000,63.2,1,62.7,1,63.2,1,1,2022-05-27 09:03:47
1653642228197981000,62.7,1,62.6,5,62.9,1,2,2022-05-27 09:03:48
1653642229098714000,62.9,2,62.8,6,63.0,1,1,2022-05-27 09:03:49
1653642229566333000,63.0,1,62.8,6,63.2,4,1,2022-05-27 09:03:49
1653642229566333000,63.1,1,62.8,6,63.2,4,1,2022-05-27 09:03:49
1653642229566333000,63.2,3,62.8,6,63.2,4,1,2022-05-27 09:03:49
1653642230223077000,62.8,1,62.8,10,63.2,5,2,2022-05-27 09:03:50
1653642230436255000,63.0,1,62.9,2,63.0,2,2,2022-05-27 09:03:50
1653642230591482000,62.9,6,62.6,19,63.0,2,2,2022-05-27 09:03:50
1653642230591482000,62.8,3,62.6,19,63.0,2,2,2022-05-27 09:03:50
1653642230591482000,62.7,11,62.6,19,63.0,2,2,2022-05-27 09:03:50
1653642230888741000,63.0,2,63.0,8,63.2,5,1,2022-05-27 09:03:50
1653642231228613000,63.0,1,63.0,7,63.2,5,2,2022-05-27 09:03:51
1653642231958651000,63.0,2,63.0,5,63.1,1,2,2022-05-27 09:03:51
1653642232249436000,63.0,1,63.0,4,63.1,3,2,2022-05-27 09:03:52
1653642232387337000,63.0,2,63.0,2,63.1,3,2,2022-05-27 09:03:52
1653642232564983000,63.1,1,63.0,2,63.1,2,1,2022-05-27 09:03:52
1653642235409555000,63.0,1,63.0,3,63.1,10,2,2022-05-27 09:03:55
1653642235496844000,63.0,1,63.0,2,63.1,10,2,2022-05-27 09:03:55
1653642236025185000,63.0,3,62.9,2,63.1,10,2,2022-05-27 09:03:56
1653642236226562000,63.0,3,63.0,1,63.1,10,1,2022-05-27 09:03:56
1653642236265716000,63.1,1,63.0,1,63.1,9,1,2022-05-27 09:03:56
1653642236714130000,63.0,1,63.0,2,63.1,10,2,2022-05-27 09:03:56
1653642236757063000,63.1,2,63.0,2,63.1,8,1,2022-05-27 09:03:56
1653642237039163000,63.0,1,63.0,1,63.1,8,2,2022-05-27 09:03:57
1653642237249545000,63.0,1,62.9,3,63.0,9,2,2022-05-27 09:03:57
1653642237790045000,63.0,1,62.9,3,63.0,28,1,2022-05-27 09:03:57
1653642238265211000,63.0,2,62.9,3,63.0,27,1,2022-05-27 09:03:58
1653642238623584000,63.0,1,62.9,3,63.0,26,1,2022-05-27 09:03:58
1653642238675900000,63.0,2,62.9,3,63.0,24,1,2022-05-27 09:03:58
1653642238789855000,63.0,1,62.9,3,63.0,23,1,2022-05-27 09:03:58
1653642239439866000,63.0,1,62.9,6,63.0,24,1,2022-05-27 09:03:59
1653642239890239000,63.0,5,62.9,6,63.0,21,1,2022-05-27 09:03:59
1653642239930163000,63.0,4,62.9,6,63.0,17,1,2022-05-27 09:03:59
1653642240956235000,62.9,1,62.9,5,63.0,22,2,2022-05-27 09:04:00
1653642241798766000,62.9,1,62.9,4,63.0,53,2,2022-05-27 09:04:01
1653642241989103000,62.9,1,62.9,3,63.0,53,2,2022-05-27 09:04:01
1653642242003600000,63.0,1,62.9,3,63.0,52,1,2022-05-27 09:04:02
1653642242107639000,63.0,1,62.9,3,63.0,51,1,2022-05-27 09:04:02
1653642242210196000,63.0,2,62.9,3,63.0,49,1,2022-05-27 09:04:02
1653642242274778000,63.0,1,62.9,3,63.0,48,1,2022-05-27 09:04:02
1653642242476538000,63.0,1,62.9,3,63.0,47,1,2022-05-27 09:04:02
1653642243204450000,63.0,1,62.9,3,63.0,46,1,2022-05-27 09:04:03
1653642243726033000,63.0,5,62.9,3,63.0,44,1,2022-05-27 09:04:03
1653642243752554000,63.0,5,62.9,3,63.0,39,1,2022-05-27 09:04:03
1653642246137926000,63.0,1,62.9,5,63.0,38,1,2022-05-27 09:04:06
1653642246949764000,63.0,1,62.9,9,63.0,37,1,2022-05-27 09:04:06
1653642246983724000,63.0,1,62.9,9,63.0,36,1,2022-05-27 09:04:06
1653642247397911000,63.0,2,62.9,9,63.0,35,1,2022-05-27 09:04:07
1653642247644578000,63.0,1,62.9,10,63.0,35,1,2022-05-27 09:04:07
1653642248834083000,63.0,10,62.9,11,63.0,26,1,2022-05-27 09:04:08
1653642248943914000,63.0,2,62.9,11,63.0,24,1,2022-05-27 09:04:08
1653642249538500000,63.0,1,62.9,11,63.0,23,1,2022-05-27 09:04:09
1653642249691187000,63.0,10,62.9,11,63.0,14,1,2022-05-27 09:04:09
1653642249703873000,63.0,1,62.9,11,63.0,13,1,2022-05-27 09:04:09
1653642250252121000,63.0,1,62.9,11,63.0,12,1,2022-05-27 09:04:10
1653642250277773000,63.0,4,62.9,11,63.0,8,1,2022-05-27 09:04:10
1653642250310064000,63.0,1,62.9,11,63.0,7,1,2022-05-27 09:04:10
1653642250400541000,63.0,4,62.9,11,63.0,3,1,2022-05-27 09:04:10
1653642250426643000,63.0,3,62.9,11,63.1,20,1,2022-05-27 09:04:10
1653642250736006000,63.1,8,63.0,1,63.1,12,1,2022-05-27 09:04:10
1653642251644719000,63.0,2,63.0,4,63.1,14,2,2022-05-27 09:04:11
1653642252378930000,63.0,5,63.0,11,63.1,14,2,2022-05-27 09:04:12
1653642252699867000,63.1,1,63.0,12,63.1,13,1,2022-05-27 09:04:12
1653642252707390000,63.1,2,63.0,12,63.1,11,1,2022-05-27 09:04:12
1653642252794075000,63.0,1,63.0,11,63.1,11,2,2022-05-27 09:04:12
1653642255150633000,63.1,1,63.0,18,63.1,10,1,2022-05-27 09:04:15
1653642255509636000,63.1,1,63.0,18,63.1,9,1,2022-05-27 09:04:15
1653642255636809000,63.0,1,63.0,17,63.1,9,2,2022-05-27 09:04:15
1653642256000235000,63.1,3,63.0,17,63.1,6,1,2022-05-27 09:04:16
1653642256133357000,63.0,1,63.0,18,63.1,6,2,2022-05-27 09:04:16
1653642256395311000,63.1,6,63.0,18,63.2,18,1,2022-05-27 09:04:16
1653642256395311000,63.2,4,63.0,18,63.2,18,1,2022-05-27 09:04:16
1653642257019403000,63.2,1,63.1,3,63.2,17,1,2022-05-27 09:04:17
1653642257797124000,63.2,4,63.1,18,63.2,13,1,2022-05-27 09:04:17
1653642257839219000,63.2,3,63.1,18,63.2,10,1,2022-05-27 09:04:17
1653642257845037000,63.1,15,63.1,3,63.2,10,2,2022-05-27 09:04:17
1653642257882330000,63.1,1,63.1,2,63.2,10,2,2022-05-27 09:04:17
1653642257961255000,63.2,4,63.1,2,63.2,6,1,2022-05-27 09:04:17
1653642258005458000,63.2,6,63.1,2,63.3,26,1,2022-05-27 09:04:18
1653642258005458000,63.3,4,63.1,2,63.3,26,1,2022-05-27 09:04:18
1653642258204209000,63.1,1,63.1,1,63.3,26,2,2022-05-27 09:04:18
1653642258433504000,63.3,5,63.1,1,63.3,21,1,2022-05-27 09:04:18
1653642258447813000,63.3,7,63.1,1,63.3,14,1,2022-05-27 09:04:18
1653642258483761000,63.3,5,63.1,1,63.3,9,1,2022-05-27 09:04:18
1653642258554651000,63.3,2,63.1,1,63.3,7,1,2022-05-27 09:04:18
1653642258660518000,63.3,7,63.2,2,63.4,17,1,2022-05-27 09:04:18
1653642258696036000,63.4,2,63.2,2,63.4,15,1,2022-05-27 09:04:18
1653642259676248000,63.4,1,63.2,2,63.4,13,1,2022-05-27 09:04:19
1653642260155392000,63.4,1,63.2,2,63.4,12,1,2022-05-27 09:04:20
1653642260316347000,63.4,10,63.2,2,63.4,2,1,2022-05-27 09:04:20
1653642260341412000,63.4,2,63.2,2,63.5,26,1,2022-05-27 09:04:20
1653642260918605000,63.5,1,63.2,2,63.5,25,1,2022-05-27 09:04:20
1653642261366369000,63.5,3,63.2,11,63.5,25,1,2022-05-27 09:04:21
1653642262659914000,63.5,2,63.4,3,63.5,23,1,2022-05-27 09:04:22
1653642262698554000,63.5,2,63.4,3,63.5,21,1,2022-05-27 09:04:22
1653642263399353000,63.4,3,63.3,4,63.5,21,2,2022-05-27 09:04:23
1653642264275137000,63.4,1,63.3,4,63.5,24,1,2022-05-27 09:04:24
1653642264753251000,63.5,5,63.4,2,63.5,19,1,2022-05-27 09:04:24
1653642265022523000,63.5,19,63.4,2,63.7,41,1,2022-05-27 09:04:25
1653642265022523000,63.6,11,63.4,2,63.7,41,1,2022-05-27 09:04:25
1653642265022523000,63.7,126,63.4,2,63.7,41,1,2022-05-27 09:04:25
1653642265386515000,63.6,3,63.4,5,63.7,44,1,2022-05-27 09:04:25
1653642265595917000,63.4,1,63.4,11,63.7,44,2,2022-05-27 09:04:25
1653642265699987000,63.5,1,63.5,2,63.7,44,2,2022-05-27 09:04:25
1653642266026434000,63.7,1,63.5,2,63.7,43,1,2022-05-27 09:04:26
1653642266279188000,63.7,3,63.5,3,63.7,40,1,2022-05-27 09:04:26
1653642266375330000,63.7,2,63.5,3,63.7,38,1,2022-05-27 09:04:26
1653642266511534000,63.7,1,63.5,3,63.7,37,1,2022-05-27 09:04:26
1653642266579031000,63.5,7,63.4,11,63.5,3,2,2022-05-27 09:04:26
1653642266631738000,63.5,1,63.4,11,63.5,2,1,2022-05-27 09:04:26
1653642266652484000,63.5,1,63.4,11,63.5,1,1,2022-05-27 09:04:26
1653642266687108000,63.5,1,63.4,11,63.7,37,1,2022-05-27 09:04:26
1653642266784270000,63.7,2,63.4,11,63.7,35,1,2022-05-27 09:04:26
1653642267291255000,63.7,1,63.4,8,63.7,34,1,2022-05-27 09:04:27
1653642267494504000,63.7,2,63.4,8,63.7,32,1,2022-05-27 09:04:27
1653642267708259000,63.5,1,63.5,1,63.7,32,1,2022-05-27 09:04:27
1653642267915112000,63.7,1,63.5,1,63.7,31,1,2022-05-27 09:04:27
1653642268029326000,63.7,1,63.6,5,63.7,30,1,2022-05-27 09:04:28
1653642268035626000,63.7,10,63.6,5,63.7,20,1,2022-05-27 09:04:28
1653642268038054000,63.6,2,63.6,3,63.7,20,2,2022-05-27 09:04:28
1653642268132737000,63.6,2,63.6,1,63.7,20,2,2022-05-27 09:04:28
1653642268182421000,63.6,1,63.5,6,63.6,2,2,2022-05-27 09:04:28
1653642268555847000,63.6,1,63.5,6,63.6,1,1,2022-05-27 09:04:28
1653642268588621000,63.5,1,63.5,5,63.6,1,2,2022-05-27 09:04:28
1653642268724645000,63.6,2,63.5,10,63.7,19,1,2022-05-27 09:04:28
1653642268724645000,63.7,1,63.5,10,63.7,19,1,2022-05-27 09:04:28
1653642268770502000,63.7,1,63.5,10,63.7,18,1,2022-05-27 09:04:28
1653642269204847000,63.7,1,63.5,13,63.7,17,1,2022-05-27 09:04:29
1653642269920632000,63.7,1,63.5,9,63.7,16,1,2022-05-27 09:04:29
1653642269980970000,63.7,1,63.5,9,63.7,15,1,2022-05-27 09:04:29
1653642270328757000,63.7,1,63.5,9,63.7,15,1,2022-05-27 09:04:30
1653642270518769000,63.6,1,63.5,9,63.6,6,1,2022-05-27 09:04:30
1653642270760116000,63.5,1,63.5,8,63.6,16,2,2022-05-27 09:04:30
1653642271257834000,63.5,5,63.5,9,63.6,17,2,2022-05-27 09:04:31
1653642271468621000,63.5,5,63.5,4,63.6,18,2,2022-05-27 09:04:31
1653642271508920000,63.5,1,63.5,3,63.6,18,2,2022-05-27 09:04:31
1653642271508992000,63.5,3,63.4,8,63.6,18,2,2022-05-27 09:04:31
1653642271605171000,63.5,1,63.4,8,63.6,18,1,2022-05-27 09:04:31
1653642271752982000,63.5,1,63.4,8,63.5,3,2,2022-05-27 09:04:31
1653642271986251000,63.5,1,63.4,12,63.5,2,1,2022-05-27 09:04:31
1653642272127511000,63.5,1,63.4,12,63.5,1,1,2022-05-27 09:04:32
1653642272133936000,63.5,6,63.4,12,63.6,14,1,2022-05-27 09:04:32
1653642272133936000,63.6,4,63.4,12,63.6,14,1,2022-05-27 09:04:32
1653642272199047000,63.5,1,63.4,12,63.6,14,1,2022-05-27 09:04:32
1653642272250351000,63.4,2,63.4,10,63.6,14,2,2022-05-27 09:04:32
1653642272550433000,63.5,1,63.4,10,63.6,24,1,2022-05-27 09:04:32
1653642272624017000,63.6,1,63.4,10,63.6,23,1,2022-05-27 09:04:32
1653642273109410000,63.5,6,63.4,10,63.6,19,1,2022-05-27 09:04:33
1653642273109410000,63.6,4,63.4,10,63.6,19,1,2022-05-27 09:04:33
1653642273258449000,63.6,1,63.4,12,63.6,18,1,2022-05-27 09:04:33
1653642273356886000,63.6,1,63.4,12,63.6,12,1,2022-05-27 09:04:33
1653642273448180000,63.6,1,63.4,12,63.6,11,1,2022-05-27 09:04:33
1653642273473605000,63.6,1,63.5,3,63.6,10,1,2022-05-27 09:04:33
1653642273511321000,63.5,3,63.4,12,63.5,2,2,2022-05-27 09:04:33
1653642273907769000,63.4,1,63.4,11,63.5,4,2,2022-05-27 09:04:33
1653642273942206000,63.4,11,63.3,2,63.5,4,2,2022-05-27 09:04:33
1653642274116155000,63.5,1,63.3,2,63.5,3,1,2022-05-27 09:04:34
1653642274347624000,63.5,1,63.3,2,63.5,4,1,2022-05-27 09:04:34
1653642274399660000,63.5,4,63.3,2,63.6,10,1,2022-05-27 09:04:34
1653642274399660000,63.6,6,63.3,2,63.6,10,1,2022-05-27 09:04:34
1653642274577608000,63.4,5,63.3,2,63.9,51,1,2022-05-27 09:04:34
1653642274577608000,63.5,5,63.3,2,63.9,51,1,2022-05-27 09:04:34
1653642274577608000,63.6,10,63.3,2,63.9,51,1,2022-05-27 09:04:34
1653642274577608000,63.7,8,63.3,2,63.9,51,1,2022-05-27 09:04:34
1653642274577608000,63.8,20,63.3,2,63.9,51,1,2022-05-27 09:04:34
1653642274577608000,63.9,219,63.3,2,63.9,51,1,2022-05-27 09:04:34
1653642274626297000,63.4,1,63.3,10,63.8,3,2,2022-05-27 09:04:34
1653642274665875000,63.8,1,63.3,11,63.8,2,1,2022-05-27 09:04:34
1653642274763695000,63.7,1,63.3,11,63.8,2,1,2022-05-27 09:04:34
1653642274893970000,63.8,2,63.6,1,63.9,54,1,2022-05-27 09:04:34
1653642274904771000,63.6,1,63.3,11,63.5,3,2,2022-05-27 09:04:34
1653642274906136000,63.5,2,63.3,11,63.5,1,1,2022-05-27 09:04:34
1653642274938752000,63.5,1,63.3,11,63.9,54,1,2022-05-27 09:04:34
1653642275654435000,63.6,2,63.6,2,63.9,54,1,2022-05-27 09:04:35
1653642275683328000,63.9,2,63.6,7,63.9,52,1,2022-05-27 09:04:35
1653642275950949000,63.6,1,63.6,6,63.9,52,2,2022-05-27 09:04:35
1653642276003133000,63.9,2,63.6,7,63.9,50,1,2022-05-27 09:04:36
1653642276182577000,63.7,1,63.7,2,63.9,50,2,2022-05-27 09:04:36
1653642276282879000,63.7,1,63.7,1,63.9,50,2,2022-05-27 09:04:36
1653642276494317000,63.9,2,63.7,2,63.9,48,1,2022-05-27 09:04:36
1653642276539471000,63.7,1,63.7,1,63.9,48,2,2022-05-27 09:04:36
1653642276608939000,63.7,1,63.6,9,63.8,1,2,2022-05-27 09:04:36
1653642276965476000,63.6,1,63.6,9,63.8,1,2,2022-05-27 09:04:36
1653642277814521000,63.8,1,63.7,1,63.8,5,1,2022-05-27 09:04:37
1653642278048583000,63.8,5,63.7,2,63.9,38,1,2022-05-27 09:04:38
1653642278048583000,63.9,10,63.7,2,63.9,38,1,2022-05-27 09:04:38
1653642278641260000,63.7,1,63.7,1,64.0,31,2,2022-05-27 09:04:38
1653642278858745000,63.7,1,63.6,3,64.0,31,2,2022-05-27 09:04:38
1653642278896157000,64.0,1,63.6,3,64.0,30,1,2022-05-27 09:04:38
1653642279000233000,64.0,1,63.6,10,64.0,30,1,2022-05-27 09:04:39
1653642279028823000,64.0,1,63.6,10,64.0,29,1,2022-05-27 09:04:39
1653642279157321000,64.0,20,63.6,10,64.0,9,1,2022-05-27 09:04:39
1653642279176132000,64.0,2,63.6,10,64.0,7,1,2022-05-27 09:04:39
1653642279185590000,64.0,7,63.6,10,64.1,2,1,2022-05-27 09:04:39
1653642279309057000,64.1,1,63.7,10,64.1,1,1,2022-05-27 09:04:39
1653642279337691000,64.1,1,63.9,5,64.2,48,1,2022-05-27 09:04:39
1653642279369522000,64.2,3,63.9,5,64.2,45,1,2022-05-27 09:04:39
1653642279461258000,64.2,5,63.9,14,64.2,40,1,2022-05-27 09:04:39
1653642279488411000,64.2,5,63.9,7,64.2,35,1,2022-05-27 09:04:39
1653642279588007000,64.2,2,63.9,7,64.2,33,1,2022-05-27 09:04:39
1653642279659988000,64.2,5,63.9,7,64.2,28,1,2022-05-27 09:04:39
1653642279773954000,64.2,16,63.9,7,64.2,12,1,2022-05-27 09:04:39
1653642279810008000,64.2,12,63.9,7,64.3,13,1,2022-05-27 09:04:39
1653642280074510000,64.2,1,64.2,9,64.3,13,1,2022-05-27 09:04:40
1653642280235515000,64.3,5,64.2,9,64.3,8,1,2022-05-27 09:04:40
1653642280942067000,64.3,1,64.2,10,64.3,9,1,2022-05-27 09:04:40
1653642281254875000,64.3,1,64.2,10,64.3,8,1,2022-05-27 09:04:41
1653642281342482000,64.2,10,64.0,11,64.2,17,2,2022-05-27 09:04:41
1653642281550298000,64.2,5,64.0,11,64.2,12,1,2022-05-27 09:04:41
1653642282205130000,64.1,1,64.0,3,64.1,20,1,2022-05-27 09:04:42
1653642282287401000,64.1,3,64.0,3,64.1,17,1,2022-05-27 09:04:42
1653642282421617000,64.1,1,64.0,5,64.1,16,1,2022-05-27 09:04:42
1653642282468537000,64.0,3,64.0,2,64.1,16,2,2022-05-27 09:04:42
1653642282485522000,64.0,1,64.0,1,64.1,16,2,2022-05-27 09:04:42
1653642282503500000,64.0,1,63.9,4,64.1,16,2,2022-05-27 09:04:42
1653642282544169000,64.1,1,63.9,4,64.1,15,1,2022-05-27 09:04:42
1653642283031412000,64.0,1,63.9,4,64.0,21,1,2022-05-27 09:04:43
1653642283043506000,64.0,1,63.9,4,64.0,20,1,2022-05-27 09:04:43
1653642283099609000,63.9,2,63.9,2,64.0,20,2,2022-05-27 09:04:43
1653642283319725000,63.9,1,63.8,12,64.0,20,2,2022-05-27 09:04:43
1653642283319725000,63.8,1,63.8,12,64.0,20,2,2022-05-27 09:04:43
1653642283449774000,63.9,2,63.8,12,63.9,1,1,2022-05-27 09:04:43
1653642283595789000,63.8,7,63.8,5,63.9,5,2,2022-05-27 09:04:43
1653642283714444000,63.9,1,63.8,5,63.9,4,1,2022-05-27 09:04:43
1653642283867459000,63.9,2,63.8,5,63.9,3,1,2022-05-27 09:04:43
1653642283914748000,63.9,2,63.8,5,63.9,1,1,2022-05-27 09:04:43
1653642284094739000,63.9,3,63.8,5,63.9,9,1,2022-05-27 09:04:44
1653642284275446000,63.9,1,63.8,5,63.9,8,1,2022-05-27 09:04:44
1653642284289513000,63.8,5,63.7,10,63.8,2,2,2022-05-27 09:04:44
1653642284361399000,63.8,2,63.7,10,63.9,8,1,2022-05-27 09:04:44
1653642284391827000,63.9,5,63.7,10,63.9,3,1,2022-05-27 09:04:44
1653642284607923000,63.7,10,63.6,6,63.7,17,2,2022-05-27 09:04:44
1653642284763853000,63.7,1,63.6,6,63.7,16,1,2022-05-27 09:04:44
1653642284834086000,63.7,7,63.6,8,63.7,9,1,2022-05-27 09:04:44
1653642285222199000,63.6,1,63.6,7,63.7,14,2,2022-05-27 09:04:45
1653642286016567000,63.7,1,63.6,7,63.7,13,1,2022-05-27 09:04:46
1653642286035841000,63.6,1,63.6,6,63.7,13,2,2022-05-27 09:04:46
1653642286123544000,63.7,1,63.6,6,63.7,12,1,2022-05-27 09:04:46
1653642286424954000,63.6,4,63.6,2,63.7,12,2,2022-05-27 09:04:46
1653642286819617000,63.7,1,63.6,11,63.7,11,1,2022-05-27 09:04:46
1653642286990716000,63.6,11,63.5,15,63.7,11,2,2022-05-27 09:04:46
1653642286990716000,63.5,16,63.5,15,63.7,11,2,2022-05-27 09:04:46
1653642287037073000,63.7,1,63.5,15,63.7,10,1,2022-05-27 09:04:47
1653642287079265000,63.5,1,63.5,14,63.7,10,2,2022-05-27 09:04:47
1653642287184136000,63.7,5,63.5,14,63.7,5,1,2022-05-27 09:04:47
1653642287663832000,63.7,1,63.6,1,63.7,4,1,2022-05-27 09:04:47
1653642287772857000,63.7,1,63.6,1,63.7,3,1,2022-05-27 09:04:47
1653642287938739000,63.7,2,63.6,1,63.7,1,1,2022-05-27 09:04:47
1653642287973870000,63.7,1,63.7,3,63.9,15,1,2022-05-27 09:04:47
1653642288123814000,63.7,13,63.5,1,63.9,15,2,2022-05-27 09:04:48
1653642288123814000,63.6,1,63.5,1,63.9,15,2,2022-05-27 09:04:48
1653642288123814000,63.5,13,63.5,1,63.9,15,2,2022-05-27 09:04:48
1653642288139049000,63.9,1,63.5,1,63.9,14,1,2022-05-27 09:04:48
1653642288495398000,63.8,1,63.6,10,63.9,11,1,2022-05-27 09:04:48
1653642288495398000,63.9,3,63.6,10,63.9,11,1,2022-05-27 09:04:48
1653642288966192000,63.7,1,63.6,15,63.7,1,1,2022-05-27 09:04:48
1653642288999228000,63.7,1,63.6,15,63.8,2,1,2022-05-27 09:04:48
1653642288999228000,63.8,1,63.6,15,63.8,2,1,2022-05-27 09:04:48
1653642289135908000,63.6,1,63.6,14,63.8,2,2,2022-05-27 09:04:49
1653642289186226000,63.6,1,63.6,13,63.8,2,2,2022-05-27 09:04:49
1653642289266397000,63.7,1,63.7,1,63.8,2,2,2022-05-27 09:04:49
1653642289317145000,63.7,1,63.5,14,63.6,12,2,2022-05-27 09:04:49
1653642289317145000,63.6,14,63.5,14,63.6,12,2,2022-05-27 09:04:49
1653642289842316000,63.6,1,63.5,13,63.6,12,1,2022-05-27 09:04:49
1653642289886951000,63.6,5,63.5,18,63.6,7,1,2022-05-27 09:04:49
1653642289890375000,63.6,1,63.5,18,63.6,6,1,2022-05-27 09:04:49
1653642289935437000,63.6,1,63.5,18,63.6,5,1,2022-05-27 09:04:49
1653642289943290000,63.6,1,63.5,18,63.6,4,1,2022-05-27 09:04:49
1653642290201351000,63.6,3,63.5,18,63.6,1,1,2022-05-27 09:04:50
1653642290231130000,63.6,1,63.5,18,63.8,2,1,2022-05-27 09:04:50
1653642290393857000,63.8,2,63.5,18,63.9,13,1,2022-05-27 09:04:50
1653642290393857000,63.9,3,63.5,18,63.9,13,1,2022-05-27 09:04:50
1653642290552287000,63.7,1,63.6,7,63.7,2,2,2022-05-27 09:04:50
1653642290591022000,63.7,2,63.7,1,63.9,13,1,2022-05-27 09:04:50
1653642291087697000,63.7,1,63.6,8,63.9,13,2,2022-05-27 09:04:51
1653642291262786000,63.9,1,63.7,1,63.9,12,1,2022-05-27 09:04:51
1653642291385037000,63.7,2,63.6,7,63.9,13,2,2022-05-27 09:04:51
1653642291385037000,63.6,3,63.6,7,63.9,13,2,2022-05-27 09:04:51
1653642291589501000,63.9,5,63.6,9,63.9,8,1,2022-05-27 09:04:51
1653642292034684000,63.7,2,63.7,3,63.8,1,1,2022-05-27 09:04:52
1653642292635242000,63.8,1,63.7,3,63.8,5,1,2022-05-27 09:04:52
1653642292657007000,63.8,5,63.7,3,63.9,10,1,2022-05-27 09:04:52
1653642292755046000,63.7,3,63.6,32,63.7,24,2,2022-05-27 09:04:52
1653642292934306000,63.7,1,63.6,32,63.7,23,1,2022-05-27 09:04:52
1653642293090625000,63.7,2,63.6,32,63.7,21,1,2022-05-27 09:04:53
1653642293275032000,63.7,1,63.6,32,63.7,20,1,2022-05-27 09:04:53
1653642293402353000,63.6,2,63.6,30,63.7,20,2,2022-05-27 09:04:53
1653642293513239000,63.7,1,63.6,30,63.7,19,1,2022-05-27 09:04:53
1653642293554353000,63.6,27,63.6,4,63.7,20,2,2022-05-27 09:04:53
1653642293588567000,63.6,4,63.5,30,63.7,20,2,2022-05-27 09:04:53
1653642294076001000,63.6,4,63.6,2,63.7,20,2,2022-05-27 09:04:54
1653642294079169000,63.6,2,63.5,28,63.6,3,2,2022-05-27 09:04:54
1653642294188499000,63.6,1,63.5,28,63.6,2,1,2022-05-27 09:04:54
1653642294225693000,63.6,1,63.5,28,63.6,1,1,2022-05-27 09:04:54
1653642294358250000,63.6,3,63.5,42,63.6,6,1,2022-05-27 09:04:54
1653642294417088000,63.6,2,63.5,42,63.6,4,1,2022-05-27 09:04:54
1653642294809407000,63.6,1,63.5,46,63.6,9,1,2022-05-27 09:04:54
1653642294835186000,63.6,1,63.5,46,63.6,8,1,2022-05-27 09:04:54
1653642294843480000,63.6,1,63.5,46,63.6,7,1,2022-05-27 09:04:54
1653642294999108000,63.6,2,63.5,46,63.6,9,1,2022-05-27 09:04:54
1653642295070417000,63.6,2,63.5,46,63.6,8,1,2022-05-27 09:04:55
1653642295133226000,63.5,5,63.5,41,63.6,8,2,2022-05-27 09:04:55
1653642295266444000,63.6,1,63.5,41,63.6,10,1,2022-05-27 09:04:55
1653642295291839000,63.6,1,63.5,41,63.6,9,1,2022-05-27 09:04:55
1653642295762444000,63.5,1,63.5,40,63.6,12,2,2022-05-27 09:04:55
1653642296043014000,63.6,1,63.5,44,63.6,11,1,2022-05-27 09:04:56
1653642296194486000,63.6,2,63.5,71,63.6,9,1,2022-05-27 09:04:56
1653642296473076000,63.6,1,63.5,99,63.6,8,1,2022-05-27 09:04:56
1653642296648903000,63.6,1,63.5,126,63.6,7,1,2022-05-27 09:04:56
1653642297079755000,63.6,1,63.5,153,63.6,12,1,2022-05-27 09:04:57
1653642297269753000,63.6,1,63.5,153,63.6,13,1,2022-05-27 09:04:57
1653642297559418000,63.6,2,63.5,153,63.6,12,1,2022-05-27 09:04:57
1653642297588329000,63.6,1,63.5,153,63.6,11,1,2022-05-27 09:04:57
1653642297596778000,63.5,2,63.5,151,63.6,11,2,2022-05-27 09:04:57
1653642297596888000,63.6,3,63.5,151,63.6,8,1,2022-05-27 09:04:57
1653642297638576000,63.6,1,63.5,151,63.6,7,1,2022-05-27 09:04:57
1653642297824667000,63.5,11,63.5,33,63.6,9,2,2022-05-27 09:04:57
1653642297938775000,63.6,1,63.5,33,63.6,8,1,2022-05-27 09:04:57
1653642298046708000,63.5,5,63.5,28,63.6,8,2,2022-05-27 09:04:58
1653642298158855000,63.5,27,63.5,1,63.6,8,2,2022-05-27 09:04:58
1653642298192032000,63.5,1,63.4,8,63.6,12,2,2022-05-27 09:04:58
1653642298288810000,63.6,12,63.6,4,63.7,35,1,2022-05-27 09:04:58
1653642298310835000,63.6,1,63.6,3,63.7,35,2,2022-05-27 09:04:58
1653642298345847000,63.6,3,63.4,8,63.7,35,2,2022-05-27 09:04:58
1653642298404787000,63.4,1,63.4,7,63.6,1,2,2022-05-27 09:04:58
1653642298786942000,63.5,1,63.4,7,63.5,51,1,2022-05-27 09:04:58
1653642299658129000,63.5,1,63.4,9,63.5,67,1,2022-05-27 09:04:59
1653642299683771000,63.4,6,63.4,3,63.5,67,2,2022-05-27 09:04:59
1653642299715341000,63.4,3,63.3,11,63.5,67,2,2022-05-27 09:04:59
1653642300047768000,63.4,2,63.3,11,63.4,8,1,2022-05-27 09:05:00
1653642300081057000,63.3,2,63.3,9,63.4,8,2,2022-05-27 09:05:00
1653642300213845000,63.3,9,63.2,13,63.3,5,2,2022-05-27 09:05:00
1653642300359456000,63.2,4,63.2,9,63.3,15,2,2022-05-27 09:05:00
1653642300394022000,63.2,9,63.1,19,63.3,24,2,2022-05-27 09:05:00
1653642300434898000,63.3,1,63.1,19,63.3,23,1,2022-05-27 09:05:00
1653642300699962000,63.1,5,63.1,14,63.3,27,2,2022-05-27 09:05:00
1653642300907024000,63.1,2,63.1,12,63.2,1,2,2022-05-27 09:05:00
1653642300926069000,63.1,5,63.1,7,63.2,1,2,2022-05-27 09:05:00
1653642301320010000,63.2,1,63.1,7,63.3,27,1,2022-05-27 09:05:01
1653642301773151000,63.3,1,63.1,9,63.3,26,1,2022-05-27 09:05:01
1653642301819983000,63.3,1,63.1,9,63.3,25,1,2022-05-27 09:05:01
1653642302359092000,63.2,7,62.8,32,62.9,54,2,2022-05-27 09:05:02
1653642302359092000,63.1,9,62.8,32,62.9,54,2,2022-05-27 09:05:02
1653642302359092000,63.0,75,62.8,32,62.9,54,2,2022-05-27 09:05:02
1653642302359092000,62.9,11,62.8,32,62.9,54,2,2022-05-27 09:05:02
1653642302389325000,62.9,2,62.8,32,62.9,52,1,2022-05-27 09:05:02
1653642302445373000,62.8,1,62.8,31,62.9,52,2,2022-05-27 09:05:02
1653642302495365000,62.9,4,62.8,31,62.9,48,1,2022-05-27 09:05:02
1653642302708979000,62.9,3,62.8,31,62.9,45,1,2022-05-27 09:05:02
1653642302722033000,62.9,1,62.8,31,62.9,44,1,2022-05-27 09:05:02
1653642302750560000,62.9,1,62.8,31,62.9,43,1,2022-05-27 09:05:02
1653642303141692000,62.8,5,62.8,26,62.9,43,2,2022-05-27 09:05:03
1653642303187698000,62.8,1,62.8,25,62.9,43,2,2022-05-27 09:05:03
1653642303205524000,62.8,4,62.8,21,62.9,43,2,2022-05-27 09:05:03
1653642303233225000,62.9,3,62.8,21,62.9,40,1,2022-05-27 09:05:03
1653642303288494000,62.9,1,62.8,21,62.9,39,1,2022-05-27 09:05:03
1653642303990205000,63.0,1,62.8,24,63.2,15,1,2022-05-27 09:05:03
1653642305006135000,63.2,1,63.0,1,63.2,14,1,2022-05-27 09:05:05
1653642305760996000,63.0,5,63.0,1,63.2,14,2,2022-05-27 09:05:05
1653642305798754000,63.2,1,63.0,1,63.2,13,1,2022-05-27 09:05:05
1653642306024967000,63.2,1,63.0,6,63.2,9,1,2022-05-27 09:05:06
1653642307122200000,63.1,1,63.0,9,63.2,15,1,2022-05-27 09:05:07
1653642307233654000,63.2,1,63.0,9,63.2,14,1,2022-05-27 09:05:07
1653642308226202000,63.1,2,63.0,19,63.2,14,2,2022-05-27 09:05:08
1653642308226202000,63.0,3,63.0,19,63.2,14,2,2022-05-27 09:05:08
1653642308951729000,63.2,1,63.0,21,63.2,13,1,2022-05-27 09:05:08
1653642309255750000,63.2,1,63.0,21,63.2,12,1,2022-05-27 09:05:09
1653642309740005000,63.1,1,63.0,26,63.1,1,1,2022-05-27 09:05:09
1653642309765812000,63.1,1,63.0,26,63.2,12,1,2022-05-27 09:05:09
1653642310123435000,63.1,1,63.1,1,63.2,12,2,2022-05-27 09:05:10
1653642310187228000,63.1,1,63.0,28,63.2,12,2,2022-05-27 09:05:10
1653642310447184000,63.1,1,63.0,28,63.2,13,2,2022-05-27 09:05:10
1653642310628490000,63.2,1,63.0,28,63.2,12,1,2022-05-27 09:05:10
1653642310688760000,63.0,27,63.0,1,63.2,12,2,2022-05-27 09:05:10
1653642311033000000,63.0,4,62.9,24,63.2,12,2,2022-05-27 09:05:11
1653642311033000000,62.9,1,62.9,24,63.2,12,2,2022-05-27 09:05:11
1653642311126869000,63.2,1,63.1,4,63.2,11,1,2022-05-27 09:05:11
1653642311280161000,63.1,1,63.1,3,63.2,11,2,2022-05-27 09:05:11
1653642311401814000,63.1,2,63.1,1,63.2,11,2,2022-05-27 09:05:11
1653642311440479000,63.2,1,63.1,1,63.2,10,1,2022-05-27 09:05:11
1653642311572381000,63.1,1,63.0,6,63.2,10,2,2022-05-27 09:05:11
1653642312154063000,63.0,2,63.0,4,63.2,10,2,2022-05-27 09:05:12
1653642312691421000,63.2,2,63.1,11,63.2,8,1,2022-05-27 09:05:12
1653642313031279000,63.1,11,62.9,24,63.0,11,2,2022-05-27 09:05:13
1653642313031279000,63.0,5,62.9,24,63.0,11,2,2022-05-27 09:05:13
1653642313289605000,63.0,1,62.9,24,63.0,10,1,2022-05-27 09:05:13
1653642313703395000,63.0,2,62.9,24,63.0,8,1,2022-05-27 09:05:13
1653642313737241000,63.0,3,62.9,24,63.0,5,1,2022-05-27 09:05:13
1653642313774847000,63.0,1,62.9,23,63.0,4,1,2022-05-27 09:05:13
1653642313808866000,63.0,4,62.9,23,63.2,9,1,2022-05-27 09:05:13
1653642313892010000,63.2,1,63.0,1,63.2,13,1,2022-05-27 09:05:13
1653642313906323000,63.2,4,63.0,2,63.2,9,1,2022-05-27 09:05:13
1653642313943176000,63.0,2,62.9,20,63.2,9,2,2022-05-27 09:05:13
1653642313943176000,62.9,3,62.9,20,63.2,9,2,2022-05-27 09:05:13
1653642313956706000,63.2,1,62.9,20,63.2,8,1,2022-05-27 09:05:13
1653642314666652000,63.0,5,62.9,20,63.0,2,1,2022-05-27 09:05:14
1653642315249285000,63.0,2,63.0,18,63.1,32,1,2022-05-27 09:05:15
1653642315862764000,63.1,1,63.0,22,63.1,4,1,2022-05-27 09:05:15
1653642316261231000,63.0,24,62.9,18,63.0,3,2,2022-05-27 09:05:16
1653642316719355000,63.0,1,62.9,19,63.0,3,1,2022-05-27 09:05:16
1653642316719553000,62.9,5,62.9,14,63.0,3,2,2022-05-27 09:05:16
1653642316766026000,63.0,3,62.9,14,63.0,5,1,2022-05-27 09:05:16
1653642316789567000,63.0,1,62.9,14,63.0,4,1,2022-05-27 09:05:16
1653642317113333000,63.0,1,62.9,15,63.0,3,1,2022-05-27 09:05:17
1653642317177045000,63.0,1,62.9,15,63.0,2,1,2022-05-27 09:05:17
1653642317180421000,63.0,2,62.9,15,63.1,4,1,2022-05-27 09:05:17
1653642317757432000,63.0,2,62.9,17,63.1,1,1,2022-05-27 09:05:17
1653642317757432000,63.1,8,62.9,17,63.1,1,1,2022-05-27 09:05:17
1653642318269543000,63.0,1,62.9,17,63.1,1,2,2022-05-27 09:05:18
1653642319459759000,63.0,2,62.9,29,63.1,2,2,2022-05-27 09:05:19
1653642319459759000,62.9,3,62.9,29,63.1,2,2,2022-05-27 09:05:19
1653642319659969000,63.1,1,63.0,10,63.1,1,1,2022-05-27 09:05:19
1653642319764352000,63.0,1,63.0,11,63.1,1,2,2022-05-27 09:05:19
1653642320435212000,63.0,3,63.0,8,63.1,1,2,2022-05-27 09:05:20
1653642320473960000,63.1,1,63.0,8,63.2,9,1,2022-05-27 09:05:20
1653642321457794000,63.2,3,63.1,1,63.2,6,1,2022-05-27 09:05:21
1653642322066899000,63.1,11,63.0,14,63.1,16,2,2022-05-27 09:05:22
1653642322376213000,63.0,5,63.0,11,63.1,16,2,2022-05-27 09:05:22
1653642322623783000,63.1,1,63.0,11,63.1,15,1,2022-05-27 09:05:22
1653642322954119000,63.1,1,63.0,9,63.1,14,1,2022-05-27 09:05:22
1653642323275821000,63.1,2,63.0,9,63.1,12,1,2022-05-27 09:05:23
1653642323820823000,63.0,2,63.0,12,63.1,13,2,2022-05-27 09:05:23
1653642325082342000,63.1,1,63.0,104,63.1,14,1,2022-05-27 09:05:25
1653642325529355000,63.1,1,63.0,137,63.1,13,1,2022-05-27 09:05:25
1653642325564072000,63.1,1,63.0,137,63.1,12,1,2022-05-27 09:05:25
1653642325896610000,63.1,5,63.0,137,63.1,7,1,2022-05-27 09:05:25
1653642325934864000,63.1,7,63.0,137,63.2,8,1,2022-05-27 09:05:25
1653642326060951000,63.1,3,63.1,2,63.2,8,1,2022-05-27 09:05:26
1653642326195745000,63.2,1,63.1,2,63.2,8,1,2022-05-27 09:05:26
1653642326339999000,63.1,1,63.1,1,63.2,8,2,2022-05-27 09:05:26
1653642326630732000,63.1,1,63.1,3,63.2,8,2,2022-05-27 09:05:26
1653642326751998000,63.2,2,63.1,3,63.2,6,1,2022-05-27 09:05:26
1653642327216479000,63.2,6,63.2,1,63.3,36,1,2022-05-27 09:05:27
1653642328927420000,63.2,1,63.1,38,63.2,26,2,2022-05-27 09:05:28
1653642329242623000,63.2,5,63.1,38,63.2,21,1,2022-05-27 09:05:29
1653642329996566000,63.2,2,63.1,38,63.2,19,1,2022-05-27 09:05:29
1653642330805553000,63.2,1,63.1,65,63.2,18,1,2022-05-27 09:05:30
1653642331395341000,63.2,2,63.1,67,63.2,16,1,2022-05-27 09:05:31
1653642331745588000,63.2,1,63.1,70,63.2,16,1,2022-05-27 09:05:31
1653642331864728000,63.2,2,63.1,71,63.2,14,1,2022-05-27 09:05:31
1653642332166987000,63.2,1,63.1,71,63.3,32,1,2022-05-27 09:05:32
1653642332166987000,63.3,4,63.1,71,63.3,32,1,2022-05-27 09:05:32
1653642332224706000,63.3,1,63.1,71,63.3,31,1,2022-05-27 09:05:32
1653642332822309000,63.1,2,63.1,70,63.3,31,2,2022-05-27 09:05:32
1653642333566070000,63.2,2,63.2,32,63.3,31,2,2022-05-27 09:05:33
1653642333885122000,63.2,27,63.2,6,63.3,31,2,2022-05-27 09:05:33
1653642334613991000,63.2,11,63.1,61,63.2,16,2,2022-05-27 09:05:34
1653642334742929000,63.2,2,63.1,61,63.2,14,1,2022-05-27 09:05:34
1653642334975859000,63.2,1,63.1,61,63.2,13,1,2022-05-27 09:05:34
1653642335253637000,63.2,1,63.1,61,63.2,12,1,2022-05-27 09:05:35
1653642335265226000,63.2,1,63.1,60,63.2,11,1,2022-05-27 09:05:35
1653642335701532000,63.1,20,63.1,39,63.2,11,2,2022-05-27 09:05:35
1653642336622692000,63.1,10,63.1,30,63.2,13,2,2022-05-27 09:05:36
1653642337148303000,63.2,3,63.1,30,63.2,15,1,2022-05-27 09:05:37
1653642337632337000,63.1,1,63.1,8,63.2,18,2,2022-05-27 09:05:37
1653642337680002000,63.2,1,63.1,8,63.2,17,1,2022-05-27 09:05:37
1653642337689036000,63.1,4,63.1,4,63.2,18,2,2022-05-27 09:05:37
1653642337766113000,63.1,1,63.1,3,63.2,18,2,2022-05-27 09:05:37
1653642337792630000,63.1,2,63.1,1,63.2,18,2,2022-05-27 09:05:37
1653642337811740000,63.1,1,63.0,162,63.2,18,2,2022-05-27 09:05:37
1653642337905262000,63.0,1,63.0,161,63.2,18,2,2022-05-27 09:05:37
1653642338275163000,63.1,3,63.0,53,63.1,14,1,2022-05-27 09:05:38
1653642338352044000,63.1,5,63.0,53,63.1,9,1,2022-05-27 09:05:38
1653642338362080000,63.0,10,63.0,43,63.1,9,2,2022-05-27 09:05:38
1653642338430511000,63.0,1,63.0,43,63.1,9,2,2022-05-27 09:05:38
1653642338530627000,63.1,1,63.0,43,63.1,14,1,2022-05-27 09:05:38
1653642338550474000,63.0,4,63.0,39,63.1,14,2,2022-05-27 09:05:38
1653642338583192000,63.0,10,63.0,29,63.1,14,2,2022-05-27 09:05:38
1653642338648975000,63.1,1,63.0,29,63.1,13,1,2022-05-27 09:05:38
1653642338687078000,63.0,1,63.0,28,63.1,13,2,2022-05-27 09:05:38
1653642338698380000,63.0,5,63.0,23,63.1,13,2,2022-05-27 09:05:38
1653642338712237000,63.0,1,63.0,22,63.1,13,2,2022-05-27 09:05:38
1653642338737074000,63.0,10,63.0,12,63.1,13,2,2022-05-27 09:05:38
1653642338759538000,63.0,12,62.9,18,63.1,13,2,2022-05-27 09:05:38
1653642339258960000,63.0,1,62.9,18,63.0,13,1,2022-05-27 09:05:39
1653642339265276000,62.9,4,62.9,14,63.0,13,2,2022-05-27 09:05:39
1653642339298484000,63.0,1,62.9,14,63.0,12,1,2022-05-27 09:05:39
1653642339438769000,62.9,2,62.9,12,63.0,39,2,2022-05-27 09:05:39
1653642339546746000,63.0,1,62.9,12,63.0,38,1,2022-05-27 09:05:39
1653642339615698000,63.0,1,62.9,12,63.0,37,1,2022-05-27 09:05:39
1653642339992065000,62.9,12,62.8,141,62.9,1,2,2022-05-27 09:05:39
1653642340026791000,62.9,1,62.8,141,63.0,39,1,2022-05-27 09:05:40
1653642340473712000,62.8,5,62.8,136,62.9,10,2,2022-05-27 09:05:40
1653642341290803000,62.8,1,62.8,135,62.9,13,2,2022-05-27 09:05:41
1653642341387092000,62.9,1,62.8,135,62.9,10,1,2022-05-27 09:05:41
1653642341661852000,62.8,2,62.8,133,62.9,10,2,2022-05-27 09:05:41
1653642341782999000,62.9,2,62.8,133,62.9,8,1,2022-05-27 09:05:41
1653642342250276000,62.8,20,62.8,59,62.9,8,2,2022-05-27 09:05:42
1653642342289722000,62.8,10,62.8,49,62.9,8,2,2022-05-27 09:05:42
1653642342894716000,62.8,20,62.8,29,62.9,9,2,2022-05-27 09:05:42
1653642342964266000,62.8,1,62.8,28,62.9,9,2,2022-05-27 09:05:42
1653642343067584000,62.8,2,62.8,26,62.9,9,2,2022-05-27 09:05:43
1653642343240240000,62.8,2,62.8,24,62.9,9,2,2022-05-27 09:05:43
1653642343432707000,62.8,10,62.8,14,62.9,9,2,2022-05-27 09:05:43
1653642343462010000,62.8,1,62.8,13,62.9,9,2,2022-05-27 09:05:43
1653642343462027000,62.8,1,62.8,12,62.9,9,2,2022-05-27 09:05:43
1653642343462043000,62.8,1,62.8,11,62.9,9,2,2022-05-27 09:05:43
1653642343462106000,62.8,1,62.8,10,62.9,9,2,2022-05-27 09:05:43
1653642343462111000,62.8,1,62.8,9,62.9,9,2,2022-05-27 09:05:43
1653642343462138000,62.8,1,62.8,8,62.9,9,2,2022-05-27 09:05:43
1653642343462140000,62.8,1,62.8,7,62.9,9,2,2022-05-27 09:05:43
1653642343462172000,62.8,1,62.8,6,62.9,9,2,2022-05-27 09:05:43
1653642343462175000,62.8,1,62.8,5,62.9,9,2,2022-05-27 09:05:43
1653642343462176000,62.8,1,62.8,4,62.9,9,2,2022-05-27 09:05:43
1653642343503894000,62.8,1,62.8,3,62.9,9,2,2022-05-27 09:05:43
1653642343503918000,62.8,1,62.8,2,62.9,9,2,2022-05-27 09:05:43
1653642343503921000,62.8,1,62.8,1,62.9,9,2,2022-05-27 09:05:43
1653642343503937000,62.8,1,62.7,28,62.9,9,2,2022-05-27 09:05:43
1653642343529084000,62.7,1,62.7,27,62.8,1,2,2022-05-27 09:05:43
1653642343563838000,62.8,1,62.7,27,62.9,9,1,2022-05-27 09:05:43
1653642343612109000,62.7,1,62.7,26,62.9,10,2,2022-05-27 09:05:43
1653642343643796000,62.9,6,62.7,26,62.9,4,1,2022-05-27 09:05:43
1653642344095523000,62.8,1,62.7,26,62.9,7,1,2022-05-27 09:05:44
1653642344095523000,62.9,2,62.7,26,62.9,7,1,2022-05-27 09:05:44
1653642344458441000,62.7,24,62.7,2,62.8,2,2,2022-05-27 09:05:44
1653642344519754000,62.7,2,62.5,130,62.6,115,2,2022-05-27 09:05:44
1653642344519754000,62.6,39,62.5,130,62.6,115,2,2022-05-27 09:05:44
1653642344580469000,62.5,1,62.5,129,62.6,115,2,2022-05-27 09:05:44
1653642344779534000,62.5,1,62.5,128,62.6,115,2,2022-05-27 09:05:44
1653642344958938000,62.5,2,62.5,126,62.6,115,2,2022-05-27 09:05:44
1653642345341740000,62.6,5,62.5,126,62.6,110,1,2022-05-27 09:05:45
1653642345417161000,62.6,1,62.5,126,62.6,109,1,2022-05-27 09:05:45
1653642345648955000,62.6,1,62.5,126,62.6,108,1,2022-05-27 09:05:45
1653642345805042000,62.6,1,62.5,126,62.6,107,1,2022-05-27 09:05:45
1653642346013512000,62.6,10,62.5,119,62.8,2,2,2022-05-27 09:05:46
1653642346013512000,62.5,7,62.5,119,62.8,2,2,2022-05-27 09:05:46
1653642346236332000,62.6,1,62.5,118,62.8,2,2,2022-05-27 09:05:46
1653642346236332000,62.5,1,62.5,118,62.8,2,2,2022-05-27 09:05:46
1653642346444441000,62.6,4,62.4,12,62.5,34,2,2022-05-27 09:05:46
1653642346444441000,62.5,118,62.4,12,62.5,34,2,2022-05-27 09:05:46
1653642346480975000,62.5,1,62.4,12,62.5,33,1,2022-05-27 09:05:46
1653642346481997000,62.4,1,62.4,11,62.5,33,2,2022-05-27 09:05:46
1653642346503976000,62.4,1,62.4,10,62.5,33,2,2022-05-27 09:05:46
1653642346565217000,62.5,1,62.4,10,62.5,32,1,2022-05-27 09:05:46
1653642346613286000,62.4,1,62.4,9,62.5,32,2,2022-05-27 09:05:46
1653642346650792000,62.5,1,62.4,9,62.5,31,1,2022-05-27 09:05:46
1653642346756098000,62.5,1,62.4,9,62.5,30,1,2022-05-27 09:05:46
1653642346830188000,62.4,2,62.4,7,62.5,30,2,2022-05-27 09:05:46
1653642346849877000,62.5,5,62.4,7,62.5,25,1,2022-05-27 09:05:46
1653642346899309000,62.4,1,62.4,6,62.5,25,2,2022-05-27 09:05:46
1653642346993257000,62.4,1,62.4,5,62.5,25,2,2022-05-27 09:05:46
1653642347054324000,62.5,2,62.4,5,62.5,23,1,2022-05-27 09:05:47
1653642347196640000,62.4,1,62.4,4,62.5,23,2,2022-05-27 09:05:47
1653642347354170000,62.4,1,62.4,3,62.5,23,2,2022-05-27 09:05:47
1653642347684513000,62.5,2,62.4,8,62.5,21,1,2022-05-27 09:05:47
1653642347932103000,62.5,5,62.4,8,62.5,16,1,2022-05-27 09:05:47
1653642348812791000,62.8,2,62.5,13,62.9,8,1,2022-05-27 09:05:48
1653642349449650000,62.7,3,62.7,2,62.9,8,2,2022-05-27 09:05:49
1653642349507238000,62.8,1,62.6,7,62.9,8,2,2022-05-27 09:05:49
1653642349507238000,62.7,2,62.6,7,62.9,8,2,2022-05-27 09:05:49
1653642349507238000,62.6,2,62.6,7,62.9,8,2,2022-05-27 09:05:49
1653642349701656000,62.7,2,62.6,9,62.9,8,2,2022-05-27 09:05:49
1653642349701656000,62.6,3,62.6,9,62.9,8,2,2022-05-27 09:05:49
1653642350427557000,62.6,1,62.6,23,62.8,1,2,2022-05-27 09:05:50
1653642351852095000,62.7,1,62.7,5,62.8,1,2,2022-05-27 09:05:51
1653642352297112000,62.7,5,62.6,20,62.8,2,2,2022-05-27 09:05:52
1653642352429645000,62.8,2,62.6,20,62.9,8,1,2022-05-27 09:05:52
1653642352953330000,62.6,1,62.6,20,62.9,8,2,2022-05-27 09:05:52
1653642353258213000,62.7,1,62.7,4,62.9,8,2,2022-05-27 09:05:53
1653642353383062000,62.7,5,62.7,3,62.9,8,2,2022-05-27 09:05:53
1653642353830507000,62.7,3,62.6,22,62.8,4,2,2022-05-27 09:05:53
1653642353830507000,62.6,4,62.6,22,62.8,4,2,2022-05-27 09:05:53
1653642354250073000,62.7,1,62.6,22,62.8,4,2,2022-05-27 09:05:54
1653642354973618000,62.6,5,62.6,19,62.8,4,2,2022-05-27 09:05:54
1653642355443687000,62.7,1,62.6,21,62.8,14,2,2022-05-27 09:05:55
1653642355443687000,62.6,3,62.6,21,62.8,14,2,2022-05-27 09:05:55
1653642355615781000,62.8,1,62.6,21,62.8,13,1,2022-05-27 09:05:55
1653642355706075000,62.6,1,62.6,20,62.8,13,2,2022-05-27 09:05:55
1653642358340472000,62.6,1,62.6,30,62.7,2,2,2022-05-27 09:05:58
1653642358690320000,62.6,1,62.6,29,62.7,2,2,2022-05-27 09:05:58
1653642358946655000,62.6,1,62.6,29,62.7,2,2,2022-05-27 09:05:58
1653642358997211000,62.7,1,62.6,29,62.7,1,1,2022-05-27 09:05:58
1653642359234581000,62.6,1,62.6,28,62.7,1,2,2022-05-27 09:05:59
1653642359439050000,62.7,1,62.6,28,62.8,20,1,2022-05-27 09:05:59
1653642359497945000,62.6,1,62.6,27,62.8,20,2,2022-05-27 09:05:59
1653642359756812000,62.6,1,62.6,26,62.8,20,2,2022-05-27 09:05:59
1653642359975264000,62.6,1,62.6,25,62.7,5,2,2022-05-27 09:05:59
1653642360177152000,62.6,1,62.6,24,62.7,5,2,2022-05-27 09:06:00
1653642360307021000,62.7,5,62.6,24,62.9,6,1,2022-05-27 09:06:00
1653642360307021000,62.8,20,62.6,24,62.9,6,1,2022-05-27 09:06:00
1653642360307021000,62.9,5,62.6,24,62.9,6,1,2022-05-27 09:06:00
1653642360604542000,62.6,1,62.6,23,62.9,6,2,2022-05-27 09:06:00
1653642360968403000,62.7,1,62.7,8,62.9,2,2,2022-05-27 09:06:00
1653642361127931000,62.7,1,62.7,8,62.9,2,2,2022-05-27 09:06:01
1653642361244806000,62.7,1,62.7,7,62.9,2,2,2022-05-27 09:06:01
1653642361400005000,62.7,3,62.7,4,62.9,5,2,2022-05-27 09:06:01
1653642363963064000,62.8,20,62.7,14,62.8,7,2,2022-05-27 09:06:03
1653642364086372000,62.8,5,62.7,14,62.8,2,1,2022-05-27 09:06:04
1653642364126509000,62.8,2,62.7,14,62.9,8,1,2022-05-27 09:06:04
1653642364309975000,62.8,1,62.8,4,62.9,8,1,2022-05-27 09:06:04
1653642365149737000,62.8,4,62.7,17,62.8,23,2,2022-05-27 09:06:05
1653642365395673000,62.8,1,62.7,17,62.8,23,1,2022-05-27 09:06:05
1653642365538947000,62.8,1,62.7,17,62.8,22,1,2022-05-27 09:06:05
1653642366179806000,62.7,2,62.7,15,62.8,23,2,2022-05-27 09:06:06
1653642366200589000,62.7,3,62.7,12,62.8,23,2,2022-05-27 09:06:06
1653642366474263000,62.7,1,62.7,12,62.8,23,2,2022-05-27 09:06:06
1653642367122521000,62.8,1,62.7,22,62.8,22,1,2022-05-27 09:06:07
1653642367216698000,62.8,1,62.7,22,62.8,21,1,2022-05-27 09:06:07
1653642367783739000,62.8,1,62.7,23,62.8,20,1,2022-05-27 09:06:07
1653642368395938000,62.7,1,62.7,24,62.8,20,2,2022-05-27 09:06:08
1653642368705946000,62.8,1,62.7,25,62.8,19,1,2022-05-27 09:06:08
1653642368778239000,62.8,10,62.7,25,62.8,9,1,2022-05-27 09:06:08
1653642368801977000,62.8,9,62.7,25,62.9,11,1,2022-05-27 09:06:08
1653642369199948000,62.9,1,62.7,25,62.9,10,1,2022-05-27 09:06:09
1653642369309584000,62.9,5,62.7,25,62.9,5,1,2022-05-27 09:06:09
1653642370110452000,62.8,1,62.7,25,62.9,8,2,2022-05-27 09:06:10
1653642370729967000,62.7,1,62.7,30,62.9,11,2,2022-05-27 09:06:10
1653642370970441000,62.9,1,62.8,10,62.9,10,1,2022-05-27 09:06:10
1653642371628286000,62.9,2,62.8,10,62.9,8,1,2022-05-27 09:06:11
1653642372296587000,62.8,1,62.8,12,62.9,8,2,2022-05-27 09:06:12
1653642372412923000,62.9,5,62.8,12,63.0,8,1,2022-05-27 09:06:12
1653642372618302000,62.9,1,62.8,12,62.9,2,2,2022-05-27 09:06:12
1653642373064722000,62.9,2,62.9,8,63.0,8,1,2022-05-27 09:06:13
1653642373433144000,62.9,3,62.9,6,63.0,8,2,2022-05-27 09:06:13
1653642373476414000,62.9,3,62.9,3,63.0,8,2,2022-05-27 09:06:13
1653642373599874000,62.9,1,62.9,2,63.0,8,2,2022-05-27 09:06:13
1653642374904409000,62.9,2,62.8,54,62.9,25,2,2022-05-27 09:06:14
1653642375472195000,62.8,1,62.8,53,62.9,25,2,2022-05-27 09:06:15
1653642375576191000,62.9,1,62.8,58,62.9,24,1,2022-05-27 09:06:15
1653642377138922000,62.8,2,62.8,56,62.9,24,2,2022-05-27 09:06:17
1653642377960922000,62.8,50,62.8,7,62.9,24,2,2022-05-27 09:06:17
1653642377990659000,62.8,1,62.8,6,62.9,24,2,2022-05-27 09:06:17
1653642378011416000,62.8,1,62.8,5,62.9,24,2,2022-05-27 09:06:18
1653642378021707000,62.8,5,62.7,50,62.9,24,2,2022-05-27 09:06:18
1653642378080826000,62.9,2,62.7,50,62.9,22,1,2022-05-27 09:06:18
1653642378949595000,62.8,1,62.8,2,62.9,27,2,2022-05-27 09:06:18
1653642379109301000,62.8,1,62.8,1,62.9,28,2,2022-05-27 09:06:19
1653642379174607000,62.9,10,62.8,1,62.9,18,1,2022-05-27 09:06:19
1653642379324193000,62.9,1,62.8,1,62.9,17,1,2022-05-27 09:06:19
1653642379543827000,62.8,1,62.7,51,62.9,17,2,2022-05-27 09:06:19
1653642380125501000,62.9,3,62.8,1,62.9,15,1,2022-05-27 09:06:20
1653642380226303000,62.9,2,62.8,1,62.9,13,1,2022-05-27 09:06:20
1653642380447623000,62.8,1,62.7,51,62.9,13,2,2022-05-27 09:06:20
1653642380570620000,62.9,1,62.7,51,62.9,12,1,2022-05-27 09:06:20
1653642381205299000,62.9,1,62.8,5,62.9,11,1,2022-05-27 09:06:21
1653642382133293000,62.9,3,62.8,10,62.9,8,1,2022-05-27 09:06:22
1653642382469955000,62.9,2,62.8,10,62.9,7,1,2022-05-27 09:06:22
1653642382764011000,62.9,1,62.8,12,62.9,6,1,2022-05-27 09:06:22
1653642382788114000,62.9,1,62.8,12,62.9,5,1,2022-05-27 09:06:22
1653642383043632000,62.9,5,62.8,12,63.1,8,1,2022-05-27 09:06:23
1653642383043632000,63.0,12,62.8,12,63.1,8,1,2022-05-27 09:06:23
1653642383043632000,63.1,3,62.8,12,63.1,8,1,2022-05-27 09:06:23
1653642384052309000,63.1,2,62.9,2,63.1,6,1,2022-05-27 09:06:24
1653642384281284000,63.1,1,62.9,2,63.1,5,1,2022-05-27 09:06:24
1653642384314289000,63.1,5,62.9,2,63.2,18,1,2022-05-27 09:06:24
1653642385255972000,63.2,5,62.9,13,63.2,13,1,2022-05-27 09:06:25
1653642385397050000,63.2,1,62.9,13,63.2,12,1,2022-05-27 09:06:25
1653642386746278000,63.1,1,62.9,15,63.1,26,2,2022-05-27 09:06:26
1653642386911860000,63.1,2,62.9,15,63.1,24,1,2022-05-27 09:06:26
1653642386970826000,63.1,1,62.9,15,63.1,23,1,2022-05-27 09:06:26
1653642388776956000,63.1,1,62.9,9,63.1,22,1,2022-05-27 09:06:28
1653642391223661000,63.1,2,63.0,1,63.1,23,1,2022-05-27 09:06:31
1653642391710277000,63.0,1,62.9,20,63.0,9,2,2022-05-27 09:06:31
1653642393077099000,63.0,1,62.9,39,63.0,13,1,2022-05-27 09:06:33
1653642393853157000,63.0,1,62.9,40,63.0,18,1,2022-05-27 09:06:33
1653642395261685000,63.0,1,62.9,43,63.0,17,1,2022-05-27 09:06:35
1653642395326822000,63.0,1,62.9,43,63.0,16,1,2022-05-27 09:06:35
1653642395345171000,63.0,10,62.9,43,63.0,6,1,2022-05-27 09:06:35
1653642395365670000,63.0,6,62.9,43,63.1,24,1,2022-05-27 09:06:35
1653642396398442000,63.0,5,62.9,7,63.1,24,2,2022-05-27 09:06:36
1653642396398442000,62.9,37,62.9,7,63.1,24,2,2022-05-27 09:06:36
1653642397055824000,62.9,7,62.8,22,62.9,3,2,2022-05-27 09:06:37
1653642397146702000,62.9,1,62.8,22,62.9,2,1,2022-05-27 09:06:37
1653642397405120000,62.9,1,62.8,22,62.9,1,1,2022-05-27 09:06:37
1653642397409802000,62.9,1,62.8,22,63.0,3,1,2022-05-27 09:06:37
1653642397625194000,63.0,1,62.8,22,63.0,4,1,2022-05-27 09:06:37
1653642397793396000,63.0,1,62.8,22,63.0,4,1,2022-05-27 09:06:37
1653642397801287000,63.0,1,62.8,22,63.0,3,1,2022-05-27 09:06:37
1653642398585827000,63.0,4,62.8,23,63.0,10,1,2022-05-27 09:06:38
1653642399181660000,63.0,1,62.9,3,63.0,9,1,2022-05-27 09:06:39
1653642399219178000,63.0,2,62.9,3,63.0,7,1,2022-05-27 09:06:39
1653642399289478000,62.9,1,62.9,2,63.0,7,2,2022-05-27 09:06:39
1653642399412877000,62.9,2,62.7,48,62.8,17,2,2022-05-27 09:06:39
1653642399412877000,62.8,23,62.7,48,62.8,17,2,2022-05-27 09:06:39
1653642399480804000,62.7,1,62.7,47,62.8,17,2,2022-05-27 09:06:39
1653642399515882000,62.8,1,62.7,47,62.8,16,1,2022-05-27 09:06:39
1653642399553126000,62.7,1,62.7,46,62.8,16,2,2022-05-27 09:06:39
1653642399596689000,62.7,1,62.7,45,62.8,16,2,2022-05-27 09:06:39
1653642400009220000,63.0,7,63.0,3,63.1,5,1,2022-05-27 09:06:40
1653642400117783000,63.0,2,63.0,1,63.1,5,2,2022-05-27 09:06:40
1653642400146602000,63.0,1,62.7,46,63.1,6,2,2022-05-27 09:06:40
1653642400457818000,62.9,1,62.7,45,62.9,1,1,2022-05-27 09:06:40
1653642400946105000,62.9,1,62.7,45,63.0,5,1,2022-05-27 09:06:40
1653642400946105000,63.0,1,62.7,45,63.0,5,1,2022-05-27 09:06:40
1653642401591125000,62.9,1,62.7,47,63.0,6,2,2022-05-27 09:06:41
1653642401614405000,62.7,2,62.7,45,63.0,6,2,2022-05-27 09:06:41
1653642402264913000,62.7,1,62.7,43,62.9,4,2,2022-05-27 09:06:42
1653642403103054000,63.0,1,62.7,53,63.0,8,1,2022-05-27 09:06:43
1653642403794028000,63.0,2,62.7,55,63.0,6,1,2022-05-27 09:06:43
1653642404122345000,62.7,1,62.7,54,63.0,6,2,2022-05-27 09:06:44
1653642405735291000,62.9,1,62.7,57,62.8,4,2,2022-05-27 09:06:45
1653642406858985000,62.8,1,62.7,66,62.8,3,1,2022-05-27 09:06:46
1653642407551602000,62.7,1,62.7,55,62.8,3,2,2022-05-27 09:06:47
1653642409007387000,62.7,1,62.7,57,62.8,6,2,2022-05-27 09:06:49
1653642409100390000,62.8,2,62.7,57,62.8,4,1,2022-05-27 09:06:49
1653642409210607000,62.7,1,62.7,56,62.8,4,2,2022-05-27 09:06:49
1653642409241760000,62.7,1,62.7,55,62.8,4,2,2022-05-27 09:06:49
1653642409835709000,62.8,4,62.7,56,63.0,97,1,2022-05-27 09:06:49
1653642409835709000,62.9,5,62.7,56,63.0,97,1,2022-05-27 09:06:49
1653642409835709000,63.0,1,62.7,56,63.0,97,1,2022-05-27 09:06:49
1653642410069437000,62.9,1,62.7,57,62.9,1,1,2022-05-27 09:06:50
1653642410268017000,62.9,1,62.7,62,63.0,99,1,2022-05-27 09:06:50
1653642411121429000,62.9,1,62.9,3,63.0,99,2,2022-05-27 09:06:51
1653642411186976000,62.9,2,62.9,1,63.0,99,2,2022-05-27 09:06:51
1653642411224646000,62.9,1,62.8,4,63.0,99,2,2022-05-27 09:06:51
1653642412218518000,62.8,1,62.8,5,62.9,1,2,2022-05-27 09:06:52
1653642412909268000,62.9,2,62.8,6,63.0,72,1,2022-05-27 09:06:52
1653642412909268000,63.0,28,62.8,6,63.0,72,1,2022-05-27 09:06:52
1653642414336448000,62.9,1,62.8,6,62.9,4,1,2022-05-27 09:06:54
1653642414350125000,62.9,4,62.8,6,63.0,69,1,2022-05-27 09:06:54
1653642414350125000,63.0,6,62.8,6,63.0,69,1,2022-05-27 09:06:54
1653642415030592000,62.9,1,62.8,8,63.0,69,1,2022-05-27 09:06:55
1653642415769439000,62.8,1,62.8,7,62.9,2,2,2022-05-27 09:06:55
1653642415800846000,62.8,1,62.8,6,62.9,2,2,2022-05-27 09:06:55
1653642416537961000,62.9,1,62.8,6,62.9,7,1,2022-05-27 09:06:56
1653642416614850000,62.8,1,62.8,5,62.9,7,2,2022-05-27 09:06:56
1653642416708493000,62.9,1,62.8,5,62.9,6,1,2022-05-27 09:06:56
1653642416717672000,62.9,1,62.8,5,62.9,5,1,2022-05-27 09:06:56
1653642417099170000,62.9,1,62.8,5,62.9,5,1,2022-05-27 09:06:57
1653642417307129000,62.9,3,62.8,5,62.9,2,1,2022-05-27 09:06:57
1653642418214467000,62.9,1,62.8,6,62.9,4,1,2022-05-27 09:06:58
1653642418415328000,62.9,1,62.8,7,62.9,3,1,2022-05-27 09:06:58
1653642419064665000,62.9,3,62.8,18,63.0,66,1,2022-05-27 09:06:59
1653642419064665000,63.0,7,62.8,18,63.0,66,1,2022-05-27 09:06:59
1653642419142892000,62.8,1,62.8,17,62.9,1,2,2022-05-27 09:06:59
1653642421062881000,62.9,1,62.8,27,62.9,1,1,2022-05-27 09:07:01
1653642422341074000,62.9,1,62.8,27,63.0,76,1,2022-05-27 09:07:02
1653642424928644000,62.9,3,62.8,86,62.9,24,2,2022-05-27 09:07:04
1653642425105227000,62.9,24,62.8,86,63.0,70,1,2022-05-27 09:07:05
1653642425105227000,63.0,6,62.8,86,63.0,70,1,2022-05-27 09:07:05
1653642425810673000,62.9,1,62.8,91,63.0,71,2,2022-05-27 09:07:05
1653642426458598000,62.9,1,62.8,87,63.0,71,2,2022-05-27 09:07:06
1653642426458598000,62.8,4,62.8,87,63.0,71,2,2022-05-27 09:07:06
1653642426571434000,63.0,3,62.8,87,63.0,68,1,2022-05-27 09:07:06
1653642427960716000,62.9,1,62.8,88,62.9,27,1,2022-05-27 09:07:07
1653642428371088000,62.9,1,62.8,115,62.9,26,1,2022-05-27 09:07:08
1653642432316830000,62.9,1,62.8,120,62.9,26,1,2022-05-27 09:07:12
1653642433236521000,62.9,1,62.8,119,62.9,25,1,2022-05-27 09:07:13
1653642435559097000,62.9,1,62.8,120,62.9,24,1,2022-05-27 09:07:15
1653642435949208000,62.9,1,62.8,120,62.9,23,1,2022-05-27 09:07:15
1653642436727569000,62.9,1,62.8,121,62.9,37,1,2022-05-27 09:07:16
1653642436739258000,62.9,1,62.8,121,62.9,36,1,2022-05-27 09:07:16
1653642437066199000,62.8,1,62.8,120,62.9,36,2,2022-05-27 09:07:17
1653642437245730000,62.9,13,62.8,120,62.9,23,1,2022-05-27 09:07:17
1653642437276865000,62.8,1,62.8,119,62.9,23,2,2022-05-27 09:07:17
1653642437306157000,62.9,5,62.8,119,62.9,18,1,2022-05-27 09:07:17
1653642438553589000,62.9,3,62.8,119,62.9,16,1,2022-05-27 09:07:18
1653642438595377000,62.8,1,62.8,118,62.9,16,2,2022-05-27 09:07:18
1653642438614877000,62.9,1,62.8,118,62.9,15,1,2022-05-27 09:07:18
1653642438750192000,62.9,15,62.9,55,63.0,69,1,2022-05-27 09:07:18
1653642439602907000,63.0,10,62.9,56,63.0,59,1,2022-05-27 09:07:19
1653642439882242000,63.0,1,62.9,56,63.0,58,1,2022-05-27 09:07:19
1653642440052163000,62.9,15,62.9,42,63.0,58,2,2022-05-27 09:07:20
1653642444651561000,63.0,10,62.9,106,63.0,52,1,2022-05-27 09:07:24
1653642445462613000,63.0,2,62.9,106,63.0,51,1,2022-05-27 09:07:25
1653642445827028000,63.0,1,62.9,106,63.0,50,1,2022-05-27 09:07:25
1653642446294622000,63.0,1,62.9,106,63.0,49,1,2022-05-27 09:07:26
1653642446490086000,63.0,1,62.9,106,63.0,48,1,2022-05-27 09:07:26
1653642446631625000,63.0,5,62.9,106,63.0,43,1,2022-05-27 09:07:26
1653642446858724000,63.0,1,62.9,106,63.0,42,1,2022-05-27 09:07:26
1653642446885183000,63.0,1,62.9,106,63.0,41,1,2022-05-27 09:07:26
1653642446999996000,63.0,3,62.9,106,63.0,38,1,2022-05-27 09:07:26
1653642447220366000,63.0,1,62.9,106,63.0,37,1,2022-05-27 09:07:27
1653642447327186000,63.0,13,62.9,106,63.0,24,1,2022-05-27 09:07:27
1653642447494647000,63.0,1,62.9,106,63.0,25,1,2022-05-27 09:07:27
1653642447563090000,63.0,2,62.9,106,63.0,23,1,2022-05-27 09:07:27
1653642447566761000,63.0,5,62.9,106,63.0,18,1,2022-05-27 09:07:27
1653642447782367000,63.0,1,62.9,107,63.0,17,1,2022-05-27 09:07:27
1653642447891359000,63.0,4,62.9,107,63.0,13,1,2022-05-27 09:07:27
1653642447902886000,63.0,5,62.9,107,63.0,8,1,2022-05-27 09:07:27
1653642447920484000,63.0,1,62.9,107,63.0,7,1,2022-05-27 09:07:27
1653642447996028000,63.0,5,62.9,107,63.0,2,1,2022-05-27 09:07:27
1653642448012709000,63.0,2,62.9,107,63.1,9,1,2022-05-27 09:07:28
1653642448151911000,63.1,9,62.9,107,63.3,33,1,2022-05-27 09:07:28
1653642448151911000,63.2,11,62.9,107,63.3,33,1,2022-05-27 09:07:28
1653642448336854000,63.2,1,63.0,3,63.2,1,1,2022-05-27 09:07:28
1653642448355132000,63.2,1,63.0,3,63.3,33,1,2022-05-27 09:07:28
1653642451044776000,63.3,1,63.0,25,63.3,32,1,2022-05-27 09:07:31
1653642451791280000,63.3,1,63.0,27,63.3,32,1,2022-05-27 09:07:31
1653642452146695000,63.0,1,63.0,26,63.3,32,2,2022-05-27 09:07:32
1653642452586992000,63.1,1,63.1,4,63.3,32,2,2022-05-27 09:07:32
1653642453367873000,63.3,2,63.1,9,63.3,30,1,2022-05-27 09:07:33
1653642455180593000,63.2,1,63.1,12,63.3,31,1,2022-05-27 09:07:35
1653642455583612000,63.1,12,63.0,40,63.1,47,2,2022-05-27 09:07:35
1653642457208314000,63.0,1,63.0,62,63.2,20,2,2022-05-27 09:07:37
1653642457437634000,63.2,1,63.1,2,63.2,19,1,2022-05-27 09:07:37
1653642457592048000,63.1,1,63.1,1,63.2,19,2,2022-05-27 09:07:37
1653642457783210000,63.1,1,63.0,56,63.2,21,2,2022-05-27 09:07:37
1653642457783210000,63.0,4,63.0,56,63.2,21,2,2022-05-27 09:07:37
1653642459121539000,63.0,1,63.0,57,63.1,24,2,2022-05-27 09:07:39
1653642459340537000,63.0,10,63.0,47,63.1,24,2,2022-05-27 09:07:39
1653642459428824000,63.1,1,63.0,47,63.1,23,1,2022-05-27 09:07:39
1653642459657473000,63.0,5,63.0,42,63.1,23,2,2022-05-27 09:07:39
1653642459772594000,63.1,3,63.0,42,63.1,21,1,2022-05-27 09:07:39
1653642459799966000,63.1,4,63.0,42,63.1,17,1,2022-05-27 09:07:39
1653642460055861000,63.0,1,63.0,43,63.1,17,2,2022-05-27 09:07:40
1653642460222916000,63.0,4,63.0,39,63.1,17,2,2022-05-27 09:07:40
1653642460347770000,63.0,39,62.9,55,63.0,20,2,2022-05-27 09:07:40
1653642460375924000,62.9,1,62.9,54,63.0,24,2,2022-05-27 09:07:40
1653642460395069000,62.9,1,62.9,53,63.0,24,2,2022-05-27 09:07:40
1653642460452224000,63.0,1,62.9,53,63.0,23,1,2022-05-27 09:07:40
1653642460712650000,62.9,4,62.9,49,63.0,27,2,2022-05-27 09:07:40
1653642460782774000,63.0,1,62.9,49,63.0,36,1,2022-05-27 09:07:40
1653642460878498000,62.9,49,62.8,122,62.9,10,2,2022-05-27 09:07:40
1653642460907513000,62.8,1,62.8,121,62.9,10,2,2022-05-27 09:07:40
1653642460908784000,62.8,1,62.8,120,62.9,10,2,2022-05-27 09:07:40
1653642460917933000,62.8,1,62.8,119,62.9,10,2,2022-05-27 09:07:40
1653642460926230000,62.8,1,62.8,118,62.9,10,2,2022-05-27 09:07:40
1653642460926608000,62.8,1,62.8,117,62.9,10,2,2022-05-27 09:07:40
1653642460960910000,62.8,1,62.8,116,62.9,10,2,2022-05-27 09:07:40
1653642460998207000,62.8,4,62.8,112,62.9,14,2,2022-05-27 09:07:40
1653642461125872000,62.9,2,62.8,112,62.9,22,1,2022-05-27 09:07:41
1653642461303341000,62.8,4,62.8,108,62.9,37,2,2022-05-27 09:07:41
1653642461371875000,62.9,1,62.8,108,62.9,36,1,2022-05-27 09:07:41
1653642461411198000,62.8,10,62.8,98,62.9,36,2,2022-05-27 09:07:41
1653642461439404000,62.8,20,62.8,78,62.9,36,2,2022-05-27 09:07:41
1653642461447734000,62.8,1,62.8,77,62.9,36,2,2022-05-27 09:07:41
1653642461474000000,62.8,1,62.8,76,62.9,36,2,2022-05-27 09:07:41
1653642461503734000,62.8,1,62.8,75,62.9,36,2,2022-05-27 09:07:41
1653642461527268000,62.8,4,62.8,71,62.9,36,2,2022-05-27 09:07:41
1653642461557360000,62.8,1,62.8,70,62.9,40,2,2022-05-27 09:07:41
1653642461558025000,62.8,1,62.8,69,62.9,40,2,2022-05-27 09:07:41
1653642461604111000,62.8,10,62.8,59,62.9,40,2,2022-05-27 09:07:41
1653642461691029000,62.9,1,62.8,29,62.9,39,1,2022-05-27 09:07:41
1653642461732985000,62.8,1,62.8,28,62.9,39,2,2022-05-27 09:07:41
1653642461909599000,62.9,2,62.8,28,62.9,47,1,2022-05-27 09:07:41
1653642462124257000,62.9,8,62.8,28,62.9,39,1,2022-05-27 09:07:42
1653642462244347000,62.8,10,62.8,18,62.9,43,2,2022-05-27 09:07:42
1653642462251894000,62.9,1,62.8,18,62.9,42,1,2022-05-27 09:07:42
1653642462279281000,62.8,4,62.8,14,62.9,42,2,2022-05-27 09:07:42
1653642462293436000,62.8,2,62.8,12,62.9,42,2,2022-05-27 09:07:42
1653642462304219000,62.8,1,62.8,11,62.9,42,2,2022-05-27 09:07:42
1653642462364499000,62.8,1,62.8,10,62.9,23,2,2022-05-27 09:07:42
1653642462427885000,62.8,5,62.8,5,62.9,23,2,2022-05-27 09:07:42
1653642462433085000,62.8,5,62.7,63,62.9,23,2,2022-05-27 09:07:42
1653642462433085000,62.7,5,62.7,63,62.9,23,2,2022-05-27 09:07:42
1653642463150997000,62.8,2,62.7,63,62.8,7,1,2022-05-27 09:07:43
1653642463710997000,62.7,10,62.7,53,62.8,9,2,2022-05-27 09:07:43
1653642463751743000,62.7,1,62.7,52,62.8,9,2,2022-05-27 09:07:43
1653642464008260000,62.7,1,62.7,51,62.8,9,2,2022-05-27 09:07:44
1653642464326196000,62.7,50,62.6,22,62.8,9,2,2022-05-27 09:07:44
1653642464326196000,62.6,9,62.6,22,62.8,9,2,2022-05-27 09:07:44
1653642465512858000,62.6,2,62.6,21,62.7,4,2,2022-05-27 09:07:45
1653642465991426000,62.6,3,62.6,18,62.7,5,2,2022-05-27 09:07:45
1653642466024515000,62.6,1,62.6,17,62.7,5,2,2022-05-27 09:07:46
1653642466052486000,62.6,1,62.6,16,62.7,5,2,2022-05-27 09:07:46
1653642467219798000,62.7,1,62.6,27,62.7,4,1,2022-05-27 09:07:47
1653642468441092000,62.6,2,62.6,26,62.7,4,2,2022-05-27 09:07:48
1653642469050688000,62.7,1,62.6,16,62.7,3,1,2022-05-27 09:07:49
1653642469276469000,62.6,2,62.6,14,62.7,3,2,2022-05-27 09:07:49
1653642469321472000,62.6,1,62.6,13,62.7,3,2,2022-05-27 09:07:49
1653642470913253000,62.7,1,62.6,14,62.7,3,1,2022-05-27 09:07:50
1653642471338084000,62.7,3,62.6,16,62.7,1,1,2022-05-27 09:07:51
1653642471358353000,62.7,1,62.6,16,62.8,6,1,2022-05-27 09:07:51
1653642471362757000,62.6,1,62.6,15,62.8,6,2,2022-05-27 09:07:51
1653642471399477000,62.6,1,62.6,14,62.8,6,2,2022-05-27 09:07:51
1653642472145949000,62.7,1,62.6,14,62.8,6,1,2022-05-27 09:07:52
1653642472493623000,62.6,1,62.6,13,62.8,6,2,2022-05-27 09:07:52
1653642473091340000,62.6,13,62.5,79,62.8,6,2,2022-05-27 09:07:53
1653642473281532000,62.7,2,62.7,8,62.8,6,1,2022-05-27 09:07:53
1653642473754920000,62.7,9,62.4,17,62.5,23,2,2022-05-27 09:07:53
1653642473754920000,62.6,3,62.4,17,62.5,23,2,2022-05-27 09:07:53
1653642473754920000,62.5,79,62.4,17,62.5,23,2,2022-05-27 09:07:53
1653642473783224000,62.4,1,62.4,16,62.5,23,2,2022-05-27 09:07:53
1653642473786581000,62.4,1,62.4,15,62.5,23,2,2022-05-27 09:07:53
1653642473793282000,62.4,1,62.4,14,62.5,23,2,2022-05-27 09:07:53
1653642473807566000,62.4,1,62.4,13,62.5,23,2,2022-05-27 09:07:53
1653642473807687000,62.4,1,62.4,12,62.5,23,2,2022-05-27 09:07:53
1653642473815361000,62.4,1,62.4,11,62.5,23,2,2022-05-27 09:07:53
1653642473907385000,62.5,4,62.4,11,62.5,19,1,2022-05-27 09:07:53
1653642474182409000,62.5,10,62.4,11,62.5,9,1,2022-05-27 09:07:54
1653642474763384000,62.5,1,62.4,12,62.5,8,1,2022-05-27 09:07:54
1653642474787957000,62.5,8,62.4,12,62.6,3,1,2022-05-27 09:07:54
1653642474796666000,62.4,1,62.4,11,62.6,3,2,2022-05-27 09:07:54
1653642475584076000,62.5,1,62.4,14,62.5,1,1,2022-05-27 09:07:55
1653642475608486000,62.5,1,62.4,14,62.6,3,1,2022-05-27 09:07:55
1653642475923589000,62.5,3,62.5,3,62.6,3,2,2022-05-27 09:07:55
1653642475949309000,62.5,3,62.4,10,62.6,3,2,2022-05-27 09:07:55
1653642475949309000,62.4,5,62.4,10,62.6,3,2,2022-05-27 09:07:55
1653642476013819000,62.4,1,62.4,9,62.6,3,2,2022-05-27 09:07:56
1653642476300446000,62.4,1,62.4,8,62.6,3,2,2022-05-27 09:07:56
1653642476332338000,62.4,1,62.4,7,62.5,4,2,2022-05-27 09:07:56
1653642477405913000,62.5,2,62.4,15,62.5,3,1,2022-05-27 09:07:57
1653642477602106000,62.5,3,62.4,20,62.6,3,1,2022-05-27 09:07:57
1653642477807260000,62.6,1,62.4,20,62.6,2,1,2022-05-27 09:07:57
1653642478079480000,62.4,1,62.4,19,62.6,2,2,2022-05-27 09:07:58
1653642479178566000,62.4,5,62.4,14,62.5,8,2,2022-05-27 09:07:59
1653642479481624000,62.5,4,62.4,14,62.5,4,1,2022-05-27 09:07:59
1653642479643374000,62.4,5,62.4,9,62.5,4,2,2022-05-27 09:07:59
1653642479700426000,62.4,1,62.4,8,62.5,4,2,2022-05-27 09:07:59
